1963 3084
14 104 86 135 737

615 104 759 135 HOMILIA
777 106 812 134 IN
831 105 880 135 SS.

899 102 1127 135 INNOCENTES.
1661 107 1718 139 738

14 165 132 194 δίδωσι
144 166 224 202 λόγον
239 165 263 193 ἓν
289 165 384 199 άνοίξει
407 169 453 193 τοῦ
482 169 622 204 στόματος,
646 170 691 194 καὶ
705 171 756 204 μοῡ
776 177 837 195 κατ⁴

931 168 952 196 is
967 167 1038 202 mei,
1050 169 1078 196 et
1088 166 1173 202 erigit
1186 167 1278 203 pedes
1290 176 1375 197 meos
1388 169 1428 198 ad
1451 170 1717 206 evangelizandum

13 212 132 248 αρτίξει
164 213 226 242 τοὺς
262 209 344 242 πόδας
382 211 613 248 εὐαγγελιζομένου
651 212 754 250 εἰρήνην
791 215 836 239 καὶ

15 256 127 293 ἀγαθὼ
145 258 193 282 καὶ
217 256 260 282 ἐπὶ
292 258 321 282 τὸ
354 255 453 292 ὑψηλὸν
483 260 558 283 τοῦτο
593 257 653 293 ἰστᾴ
687 257 836 294 ξυλολόφιον

16 305 138 339 κήρυκα
149 300 280 332 εὐσεϐείας
291 303 336 328 καὶ
365 299 528 328 διδάσκαλον
545 301 621 339 αρετῆ
628 312 647 333 ς.
683 304 733 329 Καὶ
761 302 837 329 πάλιν

15 346 111 377 αὐτὸς
125 348 160 377 ὡς
181 348 284 382 σημαία
297 345 340 372 ἐπὶ
354 345 461 382 βουνοῦ,
481 349 524 373 καὶ
539 347 572 378 ὡς
597 347 668 378 ἱστὸς
687 346 725 373 ἐπ’
750 348 836 383 ὅρους,

16 391 211 427 συναθροίζων
227 392 255 416 τὸ
272 391 339 427 ἱερὸν
354 391 549 427 στρατολογιον.
581 391 618 418 Ον
646 393 697 428 γὰρ
723 391 753 417 ἂν
778 391 837 418 τολ-

16 438 109 470 μήσω
122 435 202 461 εἰπείν
215 435 302 464 ὃτιὼς
327 434 396 465 πόλις
425 433 509 461 ἐπάνω
536 435 622 472 ὅρους,
651 438 696 462 καὶ
730 436 765 467 ὡς
793 435 836 462 λύ-

14 489 94 516 χνος
109 481 152 506 ἐπὶ
179 479 302 515 λυχνίας·
336 483 420 506 ταῦτα
447 481 498 517 γὰρ
528 484 578 506 τῶι
611 479 748 511 ἀναϐάσεις
779 484 835 512 ταῖς

16 528 101 560 σφῶν
135 522 260 560 καρδίαις
291 524 427 560 τιθεμένων
452 527 497 550 καὶ
525 526 570 554 τὰς
600 528 651 551 τῶν
681 523 835 561 ἀναϐαθμῶν

13 568 177 604 ψαλλόντων
192 566 276 604 ᾠδὰς,
296 568 330 593 ὧν
357 571 403 595 καὶ
428 569 457 595 τὸ
482 572 533 604 φῶς
565 572 615 594 τῶν
639 570 719 605 ἔργων
742 570 835 606 ἔμπρο-

20 614 88 639 σθεν
121 617 173 639 τῶν
205 611 345 649 ἀνθρώπων
373 612 479 649 λάμπει,
514 614 581 639 κατὰ
608 615 638 639 τὸ
667 613 834 649 Erice/7374011.

20 660 89 695 φέρε
103 660 192 684 τοίνυν
207 657 235 688 ἓξ
260 657 348 693 ἑορτῆς
374 657 586 694 μιτελευσώμεθα
613 657 649 689 εἰς
675 658 765 694 ἑορτὴν
791 662 837 689 τῆς

24 704 234 740 παρῳχημένης
271 704 317 730 τὴν
355 701 506 738 μέλλουσον,
541 701 569 729 ἐκ
599 706 647 733 τῆς
679 705 838 734 Δεσποτικῆς

19 748 97 773 κατὰ
133 748 221 783 σάρκα
245 748 388 782 γεννήσεως
417 745 459 773 ἐπὶ
484 748 530 776 τὴν
557 750 608 772 τῶν
635 745 734 773 δούλων
764 748 837 783 ἡμῶν

21 791 212 828 ὼαγέννησιν·
229 792 257 818 ἐκ
271 795 318 817 τοῦ
338 790 443 829 ἀστέροβ
467 793 530 828 πρὸς
555 793 597 818 τὸν
626 794 706 828 μέγαν
729 791 837 828 λύχνον,

892 220 1000 250 pacem
1015 215 1044 241 et
1056 212 1147 247 bona;
1162 214 1190 240 et
1200 220 1248 241 me
1263 221 1353 250 super
1366 213 1446 242 hanc
1458 214 1606 243 excelsam
1621 216 1719 244 cathe-

892 258 980 286 dram
995 257 1097 286 statuit
1115 257 1233 293 pietatis
1249 265 1420 294 praeconem
1437 261 1464 288 et
1484 260 1600 289 virtutis
1622 259 1719 295 magi-

892 305 996 330 strum.
1013 303 1045 330 Et
1058 310 1178 330 rursum
1193 301 1257 338 ipse
1273 304 1419 339 tanquam
1446 303 1587 332 vexillum
1600 303 1632 332 in
1647 303 1719 332 colle

892 348 921 374 et
935 349 1080 383 tanquam
1095 345 1193 375 malus
1209 346 1240 374 in
1255 350 1366 381 monte,
1384 355 1573 383 congregans
1599 356 1720 376 sacrum

891 391 1064 420 exercitum.
1080 392 1143 419 Non
1155 390 1236 419 enim
1252 391 1372 420 audebo
1388 392 1486 421 dicere
1503 401 1549 420 me
1562 401 1630 421 esse
1658 394 1721 421 tan-

891 443 985 472 quam
999 435 1104 464 urbem
1118 444 1211 472 supra
1226 438 1360 464 montem
1373 439 1425 465 aut
1438 439 1583 473 tanquam
1606 437 1720 473 lampa.

890 480 961 508 dem
976 488 1067 516 supra
1079 480 1296 508 candelabrum
1309 489 1315 509 :
1329 481 1394 509 hac
1410 481 1491 510 enim
1518 490 1622 510 eorum
1649 483 1721 509 sunt

890 524 982 560 quiin
996 524 1103 553 vestris
1121 525 1263 553 cordibus
1271 533 1448 561 progressus
1460 528 1598 563 statuere,
1614 529 1643 554 et
1655 534 1721 562 gra-

891 570 986 598 duum
1001 569 1193 606 psallentium
1204 572 1310 598 cantus
1326 578 1466 606 posuere,
1475 579 1606 607 quorum
1619 571 1671 599 lux
1682 579 1719 599 ex

892 614 1033 650 operibus
1044 622 1148 642 coram
1161 614 1335 642 hominibus
1349 614 1426 643 lucet
1449 615 1616 644 secundum
1626 616 1720 644 Evan-

892 659 1014 694 gelium.
1027 658 1078 687 Eia
1092 658 1181 694 igitur
1190 667 1205 686 e
1213 658 1291 687 festo
1306 661 1494 688 transeamus
1501 660 1540 688 ad
1549 659 1670 695 festum,
1683 668 1720 688 ex

893 702 1044 730 celebrato
1059 702 1096 730 ad
1111 703 1256 737 futurum,
1268 711 1304 731 ex
1318 703 1436 731 Domini
1462 704 1629 732 secundum
1654 712 1720 733 car-

892 755 962 775 nem
976 747 1167 782 generatione
1180 747 1219 776 ad
1231 750 1365 776 nostram
1381 756 1537 776 servorum
1565 756 1721 784 regenera-

891 791 1025 826 tionem;
1042 799 1079 820 ex
1094 791 1178 820 stella
1191 791 1230 820 ad
1243 800 1387 827 magnam
1402 792 1586 829 lampadem,
1599 801 1636 821 ex
1652 793 1720 822 stel-

17 840 73 863 τοὺ
107 834 262 874 προρδόμου
297 840 346 862 τῶν
366 835 548 874 ἀστρολατρῶν
582 838 624 863 ἐπὶ
651 838 694 863 τὸν
725 835 838 874 προδροο

931 844 989 864 'um
1004 836 1198 865 adoratorum
1211 836 1314 865 itinere
1330 837 1369 865 ad
1385 837 1473 866 totius
1496 838 1619 873 justitiaa
1645 837 1720 866 Solis

20 891 80 917 μον
98 885 144 908 τοῦ
160 881 248 908 Ἠλίου
267 885 314 911 τῆς
342 879 521 916 δικαιοσύνης,
548 881 577 908 οὐ
605 882 698 919 τριττὰ
727 883 840 918 προσφέ-

20 935 116 963 ροντες
133 925 219 962 δῶρα,
234 927 324 952 πίστιν
338 923 368 951 δε
400 925 494 962 μᾶλλον
523 928 570 955 τὴν
599 926 635 956 εἰς
661 928 765 964 Πατέρα
793 926 837 952 καὶ

20 972 91 997 Tibi;
103 973 148 997 καὶ
161 970 238 1006 ἅγιον
252 973 357 1006 Πνεῦμα
372 971 402 999 ἣν
417 969 602 1008 ἓπισφραγίζει
627 972 658 996 τὸ
682 970 835 1007 βάπτισμα,

26 1015 100 1042 Μετ’
136 1014 253 1051 ἀγγέλων
284 1012 445 1050 ἓδοξάσαμεν
477 1017 606 1052 προτριτα
635 1017 681 1044 τὴν
715 1015 839 1053 ἐνανθρώ-

18 1069 59 1089 πη
68 1069 108 1086 σιν
124 1063 172 1086 τοῦ
187 1062 268 1093 Θεοῦ,
284 1061 330 1085 καὶ
346 1059 410 1096 ὑπὲρ
435 1059 561 1095 ἀγγέλους
588 1058 766 1096 ἓὸοξάσθημπ
793 1058 840 1086 διὰ

19 1106 137 1133 ταύτην·
156 1115 171 1129 ‹‹
192 1103 230 1130 Οὐ
258 1105 309 1140 γὰρ
339 1103 454 1140 ἀγγέλων
484 1103 630 1138 ἐπελάϐετο,
660 1105 745 1135 καθὼς
770 1105 800 1131 οἶν
826 1105 839 1131 ὁ

24 1149 131 1180 Παῦλος
162 1148 224 1186 ἐρεῑι
260 1147 325 1174 ἀλλὰ
352 1151 504 1185 σπέρματος
530 1148 660 1186 Ἀϐραὰμ,
690 1150 746 1176 ὅθεν
774 1150 841 1176 κατά

27 1195 121 1220 πάντα
132 1195 198 1230 ἡμῖν
217 1194 339 1229 ὡμοιώθη
359 1196 445 1231 χωρὶς
465 1192 605 1231 ἁμαρτίας,
626 1205 640 1218 η
661 1195 734 1220 Μετὰ
752 1196 841 1230 ποιμέ-

28 1250 80 1265 νων
115 1236 344 1275 περιελάμφθημεν
373 1241 404 1274 τῇ
436 1235 499 1274 δόξῃ
529 1242 574 1264 τοῦ
598 1239 766 1274 γεννηθέντος,
796 1241 841 1265 καὶ

28 1284 93 1320 ὁπὲρ
131 1285 260 1319 ποιμένας
292 1284 321 1308 τὸ
354 1281 502 1318 αφάταστον
535 1287 582 1314 τῆς
615 1286 768 1320 σαρκώσεως
799 1283 841 1310 έπ-

29 1331 186 1364 ιγνώκειμιν
223 1327 270 1354 οὐκ
303 1326 443 1363 ὀφθαλμοῖς
471 1329 549 1363 μόνον
574 1327 763 1364 παραλαϐόντες
790 1331 842 1354 κεί-

29 1383 105 1408 μςνον
121 1372 146 1399 ἐν
163 1373 247 1408 φάτνῃ
263 1375 294 1408 τῇ
311 1376 439 1408 μυστικῇ,
474 1371 539 1399 ἀλλὰ
569 1375 614 1399 καὶ
643 1375 756 1409 στόματι
783 1371 841 1399 δια-

28 1418 239 1454 -ᾇηλαφήσαντῑς
268 1418 312 1442 τὸν
340 1416 458 1453 οὐράνιον
491 1417 568 1453 ἄρτον
601 1417 637 1448 εἱς
671 1417 840 1455 βεϐαιοτέραν

28 1466 76 1492 τήν
90 1464 238 1489 πίστωσιν.
251 1461 406 1498 Ὀφθαλμῶν
421 1463 466 1498 μεν
493 1463 543 1498 γὰρ
572 1462 653 1489 ὠτίων
679 1465 839 1501 πιστότεροι,

30 1507 170 1543 ὀφθαλμῶν
184 1504 214 1532 δι
234 1506 285 1542 ἁφὴ
311 1505 476 1542 βιϐαιοτερα,
506 1508 591 1543 στόμα
620 1505 649 1533 δὲ
677 1510 722 1534 καὶ
757 1507 839 1544 ἀμφο-

29 1554 110 1589 τέρων
124 1553 292 1588 πιστότερον.

66 1597 100 1624 Β’.
122 1597 232 1623 Πάντων
251 1593 295 1622 οὖν
321 1599 371 1622 τῶν
400 1595 425 1622 ἐν
451 1595 566 1633 Βηθλεὲμ
591 1597 746 1634 ἱεροπρεπῶς
773 1597 840 1624 τελε-

31 1642 144 1668 σθέντων
175 1641 345 1678 χαρμοναῶν
378 1642 454 1667 ὀντων
488 1643 533 1667 καὶ
564 1641 697 1678 τερπωλῆς
725 1641 838 1680 ἰμφορη⁴

854 1529 874 1556 C

29 1692 109 1712 ταὼν
129 1684 324 1716 διαϐαινούσης
340 1685 373 1716 εἰς
385 1687 433 1714 τὴν
448 1685 552 1722 ψυχὴν,
574 1685 598 1712 ἓν
618 1684 649 1715 ἧν
672 1688 701 1713 τὸ
730 1688 839 1713 ἁνιάσαν

29 1734 74 1757 καὶ
91 1732 214 1767 συγχέαν
229 1731 276 1761 τὰς
302 1728 421 1760 διανοίας
448 1734 499 1756 τῶν
533 1730 721 1768 φιλοχρίστων,
751 1733 765 1761 ἠ
794 1736 840 1763 τῆς

30 1775 209 1813 ἁπειροκάκου
222 1774 337 1805 νεολαίας
365 1774 508 1812 ἀναίρεσις.
530 1775 542 1801 ό
569 1776 691 1812 θερισμος
717 1780 763 1806 τῆς
789 1776 839 1802 ἀὼς

29 1830 73 1856 ρον
88 1820 177 1856 χλόης
196 1821 242 1845 καὶ
261 1818 412 1855 ἀρτιφυοῦς.
445 1818 516 1848 Πλὴν
547 1821 592 1845 καὶ
621 1821 680 1846 τότε
712 1824 766 1851 τοῖς
794 1823 839 1856 μὲν

30 1865 169 1902 Θερίζουσι
180 1863 276 1900 μᾶλλον
305 1861 530 1900 ἐπεδακρύσαμεν,
561 1867 614 1894 τοῖς
648 1863 678 1890 δὲ
703 1865 838 1902 θεριζομέ-

29 1919 81 1940 νοις
94 1907 280 1945 ἕῳηὸύνθημεν
296 1906 457 1945 δράγμασιν-
483 1909 523 1934 ὅτι
551 1908 576 1934 ἐν
591 1908 694 1945 μαλακῇ
727 1914 758 1946 τῇ
786 1919 839 1946 ποᾳ

29 1957 75 1980 καὶ
90 1953 209 1980 νεοθαλεῖ
227 1951 309 1990 ἁδρὸν
334 1954 377 1979 τὸν
403 1953 506 1988 στάχυν
532 1951 746 1987 ἀποδεδωκασιν,
774 1953 838 1980 ἀπο-

31 2000 118 2028 θηκῶν
134 2002 186 2024 τῶν
206 1998 260 2023 οἶνω
285 1997 401 2029 ἐπάξιον.
437 2000 488 2024 Καὶ
514 1997 561 2024 οὐκ
590 1999 701 2034 εἴπομεν,
728 1998 839 2034 Εὐλογία

32 2046 132 2081 Κυρίου
147 2043 192 2070 ἐπὶ
208 2045 268 2074 τοὺς
289 2043 445 2080 θερίζοντας·
471 2042 535 2069 ἀλλὰ
562 2045 609 2072 τὴν
640 2043 760 2081 εὐφορίαν
788 2048 837 2070 τῶν

32 2087 196 2126 δραγμάτων
229 2087 434 2124 ἔμακαρίσοιμῦ.
473 2087 503 2114 Εἰ
539 2089 589 2124 γὰρ
618 2090 664 2114 καὶ
696 2087 838 2125 παραπλη-

32 2136 97 2164 σίως
111 2137 169 2163 τοῖς
181 2132 224 2158 ἐπί
239 2136 288 2158 τῶν
305 2130 432 2168 δωμάτων
452 2131 589 2167 ἐσχήκασι
614 2134 643 2158 τὸ
669 2132 837 2170 εὐμάραντον,

32 2177 54 2203 ἐν
66 2178 147 2214 ολίγῳ
164 2177 316 2206 ἀνθήσαντα
330 2187 358 2203 τε
390 2180 435 2203 καί
466 2176 664 2206 ἀπανθήσαντα·
699 2177 763 2204 ἀλλὰ
794 2180 838 2205 τὸν

30 2222 128 2248 κόλπον
163 2221 318 2258 ἐπλήρωσαν
332 2225 379 2247 τοῦ
395 2220 514 2258 ’Λϐραὰμ
526 2226 572 2247 τοῦ
591 2223 625 2248 τὰ
644 2226 754 2248 τοιαῦτα
779 2222 839 2249 συλ-

31 2266 150 2298 λέξαντος
164 2264 308 2303 δράγματα
331 2268 376 2292 καὶ
403 2265 615 2301 συγκλείσαντος.
647 2266 724 2293 Ἀλλὰ
751 2267 838 2293 ἔλαθεν

33 2311 154 2338 ἐπιατόνό
179 2313 302 2346 μεμηνὼς
335 2309 447 2348 Ηρώὃης
478 2313 524 2337 καὶ
552 2312 648 2345 ἔκνους,
679 2311 691 2337 ό
721 2315 755 2344 τῷ
784 2314 839 2338 ὄντι

32 2357 203 2394 δειῖμάτινος,
231 2355 275 2386 Εἰς
312 2359 386 2382 τοῦτο
413 2356 464 2391 γὰρ
490 2356 504 2384 ἡ
544 2355 637 2386 κλῆσις
661 2356 742 2382 αὑτοῦ
779 2366 838 2392 μετ-

31 2401 220 2429 ηλώττισται.
256 2399 347 2426 Ἔλαϐε
382 2402 411 2426 τὸ
462 2399 708 2429 ἡρυθροδανωμένον
759 2400 839 2428 ἐκεῖνο

33 2446 120 2482 ἒές-μα
132 2445 159 2477 ἐξ
171 2444 262 2471 ἁθὼων
285 2446 413 2481 αἱμάτων,
440 2446 470 2471 τὸ
496 2444 630 2470 συντελοῦν
656 2445 693 2476 εἰς
713 2447 746 2471 τὰ
776 2455 840 2475 σκη-

462 2398 708 2437 ἡρυθροδανωμένον

31 2495 142 2527 ἰάματα
161 2493 208 2520 τῆς
223 2487 326 2526 Κηὸἁρ,
342 2490 401 2516 ἔνθα
429 2490 442 2515 ὁ
468 2494 514 2515 τοῦ
540 2492 649 2520 σκάτους
674 2491 765 2526 ἄρχων
793 2493 839 2516 καὶ.

33 2537 76 2561 αἱ
93 2535 184 2573 ἀρχῆς
197 2532 406 2571 ἀνθρωποκτόνος
430 2535 632 2563 ὲπαναπανεται.
660 2537 709 2560 Καί
730 2544 760 2570 γε
784 2539 838 2566 πῶς

34 2578 139 2610 ὐπξδος
173 2578 283 2615 ἐσφάλη,
317 2581 362 2605 καὶ
394 2579 457 2616 ὑπὲρ
483 2578 535 2609 ἐνὸς
573 2576 668 2610 δεδιὼς
699 2578 837 2615 βασιλέως,

33 2625 142 2655 πολλοὺς
162 2623 238 2653 αὐτὸς
267 2622 424 2658 ἀπετελεσεν,
451 2622 493 2654 οὓς
518 2625 564 2652 τήν
596 2623 622 2655 ἐξ
649 2624 765 2660 αἱμάτων
789 2623 837 2660 ἡμ-

35 2673 111 2707 piam
123 2666 289 2705 πορφυρίδα.
304 2669 337 2695 Οἱ
351 2667 380 2696 δι
401 2667 625 2705 συμϐασιλεύουσι
652 2672 689 2704 τῷ
718 2667 838 2706 ἀθανάτῳ

68 2776 80 2796 ε
99 2775 194 2807 Eebr.
215 2783 235 2803 ιι
254 2778 293 2805 16.

855 2207 877 2233 D

893 888 1096 917 progressum,
1113 888 1175 909 non
1186 881 1241 909 tria
1255 881 1412 909 afferentes
1426 882 1517 917 dona,
1544 881 1597 910 sed
1621 883 1720 918 potius

892 925 985 954 ﬁdem
999 925 1030 953 in
1046 927 1162 953 Patrem
1183 928 1212 954 et
1234 925 1337 954 Filium
1362 928 1389 954 et
1419 926 1560 962 Spiritum
1583 929 1720 955 sanctum

893 978 986 1006 quam
1001 970 1159 1004 consignat
1170 969 1332 1006 baptisma.
1349 970 1456 998 Triduo
1471 973 1540 999 ante
1553 979 1621 999 cum
1632 978 1721 1006 ange-

892 1012 928 1042 lis
941 1014 1176 1050 gloriﬁcavimus
1190 1014 1240 1043 Dei
1251 1014 1499 1048 incarnationem,
1517 1022 1552 1043 ac
1573 1023 1627 1051 per
1652 1023 1720 1043 eam

894 1066 986 1095 super
999 1059 1123 1094 angelos
1139 1066 1244 1087 sumus
1258 1058 1426 1094 gloriﬁcati.
1443 1071 1454 1084 ι
1467 1061 1531 1088 Non
1541 1060 1621 1087 enim
1631 1068 1722 1095 ange-

893 1103 939 1132 los
954 1103 1094 1140 suscepit,
1111 1106 1144 1132 ut
1155 1103 1252 1140 inquit
1267 1103 1390 1137 Paulus,
1405 1103 1458 1132 sed
1474 1112 1577 1132 semen
1593 1104 1720 1133 Abrahae

894 1149 975 1177 unde
985 1148 1016 1176 in
1026 1148 1170 1177 omnibus
1183 1148 1271 1176 nobis
1287 1148 1391 1176 similis
1411 1148 1508 1177 factus
1534 1151 1579 1177 est
1605 1149 1722 1185 absque

895 1196 1018 1230 peccato
1029 1194 1048 1211 "
1065 1205 1079 1219 ››
1096 1195 1169 1222 Cum
1182 1193 1355 1230 pastoribus
1370 1193 1465 1229 gloria
1479 1194 1541 1222 nati
1562 1193 1722 1222 Salvatoris

896 1238 1053 1275 splendide
1060 1237 1236 1266 circumdati
1242 1246 1360 1273 sumus,
1370 1241 1398 1266 et
1408 1239 1504 1274 magis
1515 1246 1610 1274 quam
1620 1241 1721 1275 pasto-

894 1291 943 1311 res
959 1283 1083 1319 quodin
1098 1283 1306 1312 incarnatione
1321 1283 1467 1312 invisibile
1491 1285 1554 1312 erat
1583 1283 1722 1317 cognovi-

898 1336 974 1362 mus,
988 1335 1050 1356 non
1060 1328 1155 1356 oculis
1166 1328 1257 1356 modo
1268 1336 1338 1356 eum
1350 1328 1403 1364 qui
1415 1328 1445 1356 in
1460 1328 1588 1364 mystico
1603 1327 1721 1356 stabulo

892 1372 1014 1408 jacebat
1028 1373 1235 1409 percipientes.
1248 1373 1300 1401 sed
1311 1375 1340 1401 et
1356 1381 1407 1401 ore
1422 1375 1641 1402 contrectantes
1662 1381 1722 1401 cce-

894 1417 1000 1445 lestem
1014 1424 1125 1453 panem
1140 1417 1172 1445 in
1185 1416 1350 1445 ﬁrmiorem
1360 1417 1463 1446 ﬁdem.
1478 1417 1561 1445 Oculi
1576 1417 1657 1445 enim
1670 1425 1722 1446 au-

894 1461 977 1489 ribus
987 1460 1134 1489 ﬁdeliores
1150 1463 1228 1496 sunt,
1245 1461 1339 1489 oculis
1354 1462 1457 1489 autem
1472 1463 1568 1490 tactus
1579 1461 1722 1490 sincerior

895 1514 929 1535 os
945 1514 1015 1535 vero
1030 1507 1059 1534 et
1075 1505 1226 1534 ambobus
1240 1505 1369 1534 ﬁdelius.

931 1595 964 1622 ll.
980 1593 1086 1623 Omnia
1101 1594 1191 1630 igitur
1205 1602 1273 1630 quae
1298 1593 1449 1623 Bethleem
1476 1594 1577 1623 divine
1599 1596 1721 1631 peracta

895 1643 975 1670 sunt.
987 1638 1125 1675 jucunda
1139 1641 1209 1667 sunt
1223 1639 1373 1675 plenaque
1384 1639 1486 1668 laetitia
1499 1647 1566 1676 quae
1589 1641 1720 1668 mentem

894 1685 1157 1720 penetrat;unum
1172 1685 1272 1712 autem
1295 1683 1350 1712 fuit
1372 1683 1456 1720 quod
1485 1684 1721 1713 Christianorum

895 1729 1011 1757 animas
1025 1736 1154 1756 maerore
1162 1727 1254 1756 afﬁcit
1262 1736 1297 1756 ac
1309 1729 1417 1764 turbat,
1432 1728 1637 1757 innocentium
1648 1736 1720 1765 par-

893 1773 1032 1801 vulorum
1039 1772 1160 1807 ablatio,
1174 1772 1343 1801 immaturas
1357 1773 1515 1801 etrecentis
1524 1773 1626 1801 herba:
1641 1781 1719 1801 mes-

894 1818 945 1846 sis.
963 1818 1143 1853 Quanquam
1154 1820 1182 1845 et
1194 1819 1265 1845 tunc
1278 1817 1459 1846 metentibus
1485 1818 1585 1855 potius
1600 1818 1721 1854 illacry-

893 1861 1316 1896 mavimus,demessisautem
1324 1861 1414 1890 laetati
1427 1870 1532 1890 sumus
1547 1862 1718 1898 manipulis.

894 1909 925 1935 In
940 1909 1041 1935 tenera
1055 1907 1135 1935 enim
1147 1909 1175 1934 et
1188 1906 1313 1935 ﬂorente
1338 1907 1434 1935 herba
1457 1907 1578 1943 plenam
1604 1907 1721 1944 spicam

893 1951 1087 1984 tradiderunt,
1100 1951 1215 1979 horreis
1230 1951 1403 1979 coelestibus
1415 1951 1549 1987 dignam.
1562 1953 1595 1980 Et
1603 1960 1665 1981 non
1676 1952 1720 1980 di-

892 1995 1008 2023 ximus:
1025 1995 1195 2023 Benedictio
1208 1995 1326 2024 Domini
1353 2004 1444 2032 super
1467 1999 1611 2024 metentes
1633 2005 1640 2030 ;
1667 1996 1720 2025 sed

893 2040 1120 2076 manipulorum
1126 2039 1294 2068 ubertatem
1300 2040 1419 2069 beatam
1426 2040 1562 2069 diximus.
1571 2042 1602 2069 Et
1609 2041 1633 2068 si
1643 2041 1720 2069 enim

895 2084 1155 2121 quemadmodum
1168 2086 1196 2112 et
1209 2084 1229 2112 ii
1243 2085 1296 2121 qui
1309 2085 1340 2112 in
1356 2085 1498 2113 domibus
1511 2088 1582 2114 sunt
1605 2093 1720 2114 marce-

894 2137 975 2158 scere
985 2132 1117 2165 possent,
1134 2129 1217 2157 brevi
1230 2128 1370 2158 tlorentes
1385 2137 1420 2158 ac
1435 2129 1612 2158 deﬂorentes
1627 2138 1633 2157 :
1665 2129 1720 2158 sed

895 2173 1123 2202 sinumAbrahw
1132 2173 1396 2210 impleverunt,qui
1406 2174 1479 2202 tales
1490 2174 1683 2210 congregavit
1693 2176 1722 2203 et

894 2219 1042 2247 conclusit
1053 2218 1237 2254 manipulos.
1249 2218 1308 2246 Sed
1319 2219 1453 2255 seipsum
1461 2218 1546 2248 latuit
1555 2219 1657 2247 furens
1664 2219 1720 2248 He-

893 2264 982 2292 rodes
997 2266 1024 2292 et
1034 2263 1159 2291 demens
1170 2271 1204 2291 ac
1214 2271 1319 2291 revera
1333 2263 1495 2292 coriaceus.
1507 2264 1553 2293 Sic
1563 2264 1643 2292 enim
1656 2264 1720 2300 ejus

894 2316 1005 2337 nomen
1018 2308 1200 2344 interpretati
1215 2310 1294 2336 sunt.
1310 2308 1430 2344 Accepit
1442 2307 1515 2337 illud
1527 2308 1655 2337 rubrum
1668 2317 1720 2337 co-

893 2353 972 2382 rium
985 2353 1136 2381 innocenti
1152 2352 1299 2387 sanguine
1323 2353 1471 2386 etfectum,
1500 2353 1653 2389 pertinens
1680 2353 1721 2382 ad

894 2397 1090 2427 tabernacula
1100 2397 1258 2432 Cedar,ubi
1267 2398 1407 2434 princeps
1423 2397 1614 2427 tenebrarum
1630 2400 1658 2427 et
1667 2399 1720 2435 qui

894 2443 933 2471 ab
947 2442 1031 2470 initio
1045 2442 1198 2471 homicida
1222 2445 1276 2477 est,
1287 2442 1454 2478 requiescit.
1487 2443 1544 2471 Sed
1568 2451 1623 2471 sua
1650 2451 1720 2471 eum

894 2496 962 2524 spes
968 2486 1079 2521 fefellit,
1086 2486 1208 2514 etunius
1215 2494 1308 2515 causa
1315 2487 1423 2515 timens
1433 2486 1521 2522 regis,
1534 2487 1645 2515 multos
1655 2487 1720 2523 ipse

891 2531 1045 2565 interfecit,
1056 2539 1133 2567 quos
1149 2531 1315 2567 sanguinea
1329 2531 1426 2559 induit
1439 2539 1583 2567 purpura.
1596 2531 1638 2558 Illi
1649 2539 1719 2559 cum

892 2576 1054 2605 immortali
1063 2583 1133 2610 rege
1144 2578 1272 2611 regnant
1288 2578 1378 2612 atque
1392 2575 1422 2603 in
1437 2577 1582 2603 aeternum
1604 2575 1717 2604 vivunt.

892 2623 1077 2650 lnsecutores
1084 2623 1196 2655 autem,
1206 2623 1328 2657 propter
1334 2627 1405 2648 suas
1425 2619 1569 2648 adversus
1577 2619 1720 2648 innocen-

892 2669 935 2696 tes
955 2665 1090 2702 injurias,
1106 2665 1281 2695 occidentur
1297 2667 1344 2701 ;et
1363 2664 1442 2694 zelus
1463 2663 1568 2701 perdet
1595 2663 1716 2701 impios,
