1963 3084
243 111 296 137 739

811 107 967 135 GERMANI
987 105 1011 134 Π
1031 106 1082 134 GP.
1103 103 1349 135 PATRIARCHE.

1873 106 1926 135 740

242 183 273 208 ut
284 180 396 216 optime
411 177 483 205 dicit
497 176 639 205 Salomon
655 179 686 214 3;
699 176 828 206 violenta
846 179 954 206 etenim
974 186 1017 205 mc

1151 169 1230 195 ισιλιῐ
1243 172 1288 195 καὶ
1304 170 1420 200 συζῶσιν
1439 170 1539 197 αἰώνια.
1557 171 1590 196 Οἱ
1606 168 1635 196 δὲ
1654 168 1777 204 διῶκται,
1805 169 1863 196 ἀνθ’
1895 171 1926 195 ὧν

242 224 393 252 crudelem
400 225 428 250 et
436 221 620 250 homicidam
628 223 761 250 animam
770 224 866 259 erupit
873 223 984 258 impius
991 225 1069 259 post-

241 277 285 296 ea.
301 270 332 296 Et
348 266 504 302 utlargius
517 265 548 293 in
568 275 657 294 scena
681 275 751 295 eum
778 268 946 302 cohibeam,
974 267 1067 294 coria-

241 322 310 340 ceus
325 312 371 340 ille
387 314 451 339 uter
464 315 492 338 et
507 314 592 338 vetus
606 315 738 347 tempore
759 321 793 340 ac
810 313 933 340 malitia.
958 314 987 339 ut
1013 320 1067 338 no-

240 365 312 384 vum
324 357 438 389 vinum,
460 358 593 383 recenter
606 356 734 384 etl‘usum
748 356 908 384 infantium
943 356 1066 391 sangui-

240 409 309 429 nem
322 401 482 436 accipiens,
494 399 636 427 discissus
647 403 690 428 est
703 409 738 428 ac
759 401 930 430 distractus.
945 404 973 428 et
987 403 1065 436 post-

239 454 332 482 quam
345 444 586 472 hasimmaturas
594 453 667 472 uvas
676 445 815 479 comedit,
824 445 917 481 ipsius
927 445 1066 472 immani-

240 492 330 518 tatem
356 489 474 516 subiere
500 489 609 524 proprii
634 488 693 524 ﬁlii,
712 489 750 517 ab
761 490 827 525 ipso
848 489 1002 521 interfecti,
1032 491 1064 517 ut

239 536 340 562 narrat
354 533 510 569 Josephus.
526 533 686 561 Videbatur
702 534 782 561 enim
793 534 893 561 furens
904 533 950 561 ille
976 542 1011 560 ac
1032 534 1063 561 in

240 581 333 606 Deum
351 586 491 614 pugnans
507 577 697 605 Hebraeorum
712 578 869 606 dementiae
887 578 1061 614 prieludere,

238 631 290 650 rex
306 622 453 650 malorum
465 621 678 656 subjectorum,
695 630 730 650 ac
745 622 819 649 illud
834 623 969 650 ommino
986 622 1064 649 voci-

239 667 334 695 ferare
348 666 385 694 de
400 666 621 701 innocentibus,
635 667 718 702 quod
732 670 836 702 postea
846 667 884 695 ab
911 675 945 694 eo
955 667 1062 694 consti-

239 714 318 739 tutus
334 711 463 747 populus
478 710 515 738 de
528 710 660 738 Christo:
679 722 692 735 ‹‹
710 711 837 746 Sanguis
854 719 957 738 eorum
974 719 1065 747 super

240 764 295 784 n0s
310 759 434 792 etsuper
448 754 525 783 ﬁlios
539 758 656 783 nostros
669 757 706 788 ‘;n
719 757 760 783 sic
775 755 899 783 rabidus
914 755 960 783 ille
971 764 1006 784 ac
1022 756 1064 783 in-

239 799 382 828 satiabilis
393 800 494 835 lupus,
508 803 645 827 assuetus
658 800 687 827 in
705 802 820 828 teneros
834 804 929 835 agnos
941 801 1061 835 irruere,

239 845 305 873 etin
317 845 453 881 proprios
463 844 577 872 catulos
584 845 672 880 quasi
683 844 783 872 furens
797 844 878 872 rabie
890 846 1059 873 excanduit.

240 889 296 918 Sed
304 890 414 924 gratias
421 889 479 917 Deo
487 889 584 925 quiinj
590 893 671 916 ustos
679 897 737 917 non
746 890 827 925 sinitj
834 889 938 917 ustitize
954 896 1062 916 manus

238 934 348 962 diutius
359 934 499 968 effugere,
516 933 568 961 sed
584 933 766 968 gloriﬁcatur
776 934 806 961 in
834 934 1001 967 Pharaone,
1035 935 1063 960 et

237 980 267 1006 in
282 979 318 1006 iis
334 978 395 1015 qui,
412 977 671 1014 quemadmodum
685 977 742 1009 ille,
752 980 944 1005 contumaces
955 979 1025 1005 sunt
1035 979 1064 1004 et

238 1023 341 1051 divina
355 1022 499 1050 mandata
514 1024 711 1050 contemnunt
726 1024 753 1050 et
764 1022 913 1049 humilem
942 1021 1061 1057 plebem

238 1068 415 1103 despiciunt.
431 1066 488 1094 Sed
503 1069 531 1094 et
545 1075 625 1094 nunc
641 1067 745 1094 audire
760 1066 832 1093 mihi
848 1066 951 1094 videor
967 1067 1060 1093 Deum

239 1111 406 1139 dicentem:
424 1122 437 1134 «ί
448 1111 579 1146 Loquere
592 1110 660 1137 ﬁliis
671 1109 740 1138 novi
756 1109 856 1143 Israel,
871 1112 899 1137 et
914 1112 1019 1145 parent
1032 1118 1063 1137 se

239 1163 300 1182 non
316 1163 352 1182 ex
371 1156 497 1190 (Egypto
512 1154 550 1182 ad
566 1162 649 1182 mare
665 1154 808 1186 Rubrum,
826 1154 878 1181 sed
894 1162 929 1182 ex
945 1154 1063 1188 sangui-

239 1200 286 1226 nis
303 1207 437 1235 purpura
451 1206 518 1234 qua:
534 1206 647 1225 novum
662 1198 847 1226 Pharaonem
862 1200 890 1226 et
903 1206 1064 1234 puerorum

239 1244 407 1271 occisorum
440 1242 568 1278 perdidit
593 1243 768 1276 (innocentis
801 1243 880 1270 enim
909 1243 1064 1277 sanguinis

239 1287 345 1315 effusio
361 1295 442 1314 mors
458 1289 502 1314 est
517 1286 543 1314 ei
558 1287 610 1323 qui
625 1294 693 1314 eum
710 1287 836 1321 effudit),
852 1287 890 1315 ad
906 1287 1065 1323 pulchrum

238 1332 410 1365 Jordanem,
421 1331 537 1358 facilem
553 1331 634 1358 illam
650 1334 677 1359 et
693 1331 805 1359 laboris
822 1334 972 1368 expertem
983 1331 1064 1367 puri-

239 1376 419 1404 ﬁcationem.
433 1377 508 1402 Dum
523 1375 602 1403 enim
615 1375 669 1403 tria
679 1378 748 1403 sunt
757 1384 825 1412 quin
841 1376 1000 1412 puriﬁcant
1009 1384 1061 1403 eos

239 1420 290 1456 qui
303 1419 466 1455 procedunt
482 1419 520 1446 ad
535 1419 720 1447 ablutionem
740 1423 767 1447 et
784 1420 1002 1447 abstersionem
1017 1426 1065 1447 ve-

239 1468 335 1492 terum
354 1463 553 1499 macularum,
577 1472 683 1500 nempe
699 1465 863 1500 baptisma,
881 1465 1024 1501 lacrymee
1039 1467 1068 1492 et

239 1517 292 1545 per
298 1509 474 1544 sanguinem
483 1509 804 1544 martyrium,ostendit
811 1510 983 1537 incarnatus
991 1511 1066 1537 Deus

239 1554 277 1581 ab
290 1553 373 1581 initio
387 1553 432 1580 sui
447 1553 593 1580 adventus
607 1553 662 1580 has
682 1561 783 1581 sacras
800 1553 968 1584 oblationes
988 1553 1067 1581 victi-

238 1606 376 1633 masque,
391 1597 540 1633 accipiens
552 1597 743 1625 excelsiorem
764 1606 827 1625 esse
843 1606 910 1626 eam
929 1606 996 1634 quae
1010 1606 1063 1634 per

239 1643 415 1677 sanguinem
427 1645 480 1677 est,
492 1642 740 1677 puriﬁcationem,
756 1650 815 1670 non
829 1642 919 1669 modo
933 1643 1004 1678 quia
1021 1650 1065 1669 se-

238 1687 344 1715 cundis
360 1685 484 1713 maculis
498 1694 559 1713 non
572 1686 755 1722 inquinatur,
768 1686 821 1713 sed
835 1687 907 1722 quia
917 1692 945 1714 et
967 1686 1063 1723 lacry-

239 1731 296 1758 mis
306 1730 377 1765 ipsis
391 1730 628 1765 perseverantior
641 1733 693 1757 est.
708 1730 874 1758 Puriticatio
904 1731 984 1758 enim
1011 1739 1064 1767 per

239 1774 422 1809 baptismum
438 1773 495 1800 alia
506 1775 560 1804 est,
575 1781 642 1800 cum
659 1774 762 1808 gratiae
773 1776 801 1801 et
817 1774 942 1809 Spiritus
968 1775 1061 1802 sancti

239 1818 371 1846 muneris
388 1817 435 1844 sit.
447 1816 601 1844 Charitatis
614 1820 715 1845 autem
728 1818 758 1845 in
786 1819 878 1845 Deum
906 1818 1062 1846 immensa:

239 1862 515 1890 manifestissimum
523 1861 726 1889 testimonium
733 1870 793 1889 non
800 1861 881 1890 aliud
893 1865 1008 1890 tantum
1019 1865 1064 1891 est

237 1909 386 1942 quantum
405 1914 458 1941 pro
474 1913 509 1933 eo
522 1906 573 1941 qui
589 1913 644 1933 nos
672 1905 767 1940 diligit
781 1906 890 1942 proprii
907 1908 1062 1942 sanguinis

238 1951 343 1978 eﬁusio
372 1962 384 1975 «
402 1951 544 1986 Majorem
564 1951 643 1978 enim
671 1951 728 1978 hac
754 1950 944 1979 dilectionem
974 1960 1063 1980 nemo

238 1995 328 2023 habet
342 2003 435 2031 quam
449 1997 480 2022 ut
495 1995 519 2022 si
534 1995 603 2030 quis
623 1995 756 2023 animam
775 2004 862 2023 suam
888 1999 980 2032 ponat
1009 2005 1062 2032 pro

239 2040 344 2068 amicis
359 2040 420 2067 suis
431 2040 460 2072 5;
477 2048 491 2065 ›
507 2040 531 2066 si
550 2047 606 2075 pro
620 2040 724 2067 amicis
741 2048 821 2073 vero,
837 2044 951 2076 quanto
967 2042 1063 2076 magis

237 2097 292 2126 pro
308 2089 435 2116 Domino
455 2096 490 2115 ac
501 2089 637 2116 Creatore
648 2089 662 2116 ἱ)
675 2089 802 2124 Sanguis
816 2089 896 2117 enim
908 2090 1061 2118 ardentem

237 2133 428 2161 dilectionem
442 2132 555 2161 indicat
569 2142 575 2166 ;
590 2132 732 2169 lacrymae
744 2136 855 2166 autem,
866 2137 894 2161 ut
904 2134 978 2162 solet
987 2134 1061 2166 ﬁeri,

237 2178 277 2205 ob
284 2185 443 2214 poenarum
450 2177 586 2205 timorem
593 2177 798 2206 effunduntur.
808 2180 972 2206 Paucorum
981 2179 1061 2206 enim

238 2224 265 2249 et
278 2222 383 2249 virtute
398 2221 597 2258 perfectorum
609 2225 654 2250 est
666 2231 702 2250 ex
725 2222 882 2250 dilectione
909 2223 1060 2258 lacrymas

236 2266 388 2294 effundere
402 2276 409 2300 ;
424 2267 476 2303 qui
492 2267 542 2294 Dei
557 2266 704 2294 desiderio
718 2266 856 2302 ﬂagrant,
868 2275 1058 2304 quorumque

235 2310 343 2338 animae
359 2319 452 2348 quam
467 2311 608 2338 citissime
632 2319 700 2338 cum
719 2311 828 2338 dilecto
843 2312 1012 2339 conversari
1031 2315 1059 2340 et

238 2355 313 2383 uniri
328 2358 497 2392 peroptant.
513 2355 614 2388 Qualis
631 2357 693 2383 erat
706 2355 752 2382 ille
764 2355 850 2382 dulce
863 2363 976 2383 sonans
990 2364 1058 2393 pro-

235 2400 386 2436 topsaltes,
400 2400 520 2428 citharae
534 2399 662 2427 chordas
673 2399 743 2427 scite
756 2395 943 2427 contrectans
955 2403 1057 2429 etcan-

234 2447 298 2472 tum
304 2444 451 2472 blandum
459 2444 599 2472 accinens
605 2446 633 2471 et
647 2451 749 2471 amore
760 2442 893 2479 plenum.
908 2455 921 2468 ιι
930 2445 1057 2477 Quando

233 2489 363 2521 veniam,
380 2490 429 2524 ait,
447 2491 474 2517 et
489 2488 644 2524 apparebo
659 2490 726 2515 ante
741 2488 848 2516 faciem
862 2489 939 2517 Dei?
962 2491 1057 2518 Factae

234 2537 304 2562 sunt
318 2533 392 2562 mihi
405 2534 548 2569 lacrymaz
560 2540 634 2560 meae
648 2540 744 2568 panes
754 2532 802 2561 die
821 2541 856 2561 ac
875 2537 971 2569 nocte,
984 2534 1057 2562 dum

234 2579 340 2606 dicitur
347 2577 573 2614 mihiquotidie:
590 2577 777 2605 UbiestDeus
792 2580 860 2606 tuus
873 2579 922 2606 θεὶς(
933 2579 1058 2607 Perinde

234 2631 268 2651 ac
280 2623 304 2651 si
318 2623 444 2659 quidam
463 2623 674 2650 obtrectatores
687 2623 867 2651 venerandae
884 2631 918 2651 ac
931 2624 1058 2659 sapienti

234 2668 319 2695 uxori
333 2675 402 2704 quas
411 2667 503 2695 modo
519 2667 623 2703 sponsi
643 2668 815 2696 societatem
845 2669 985 2703 gustavit,
1007 2668 1058 2697 ab-

295 2771 381 2798 Prov.
396 2777 434 2798 v1.
450 2771 498 2798 34.
557 2770 568 2787 ⁸
581 2769 680 2798 Matth.
693 2777 780 2804 xxvu,
795 2771 844 2797 25.

902 2770 914 2787 ⁵
925 2770 1012 2798 Joan.
1026 2778 1073 2806 xv,
1090 2772 1137 2801 £3.

1123 212 1232 242 ἠδίκουν
1247 217 1365 247 νηπίους,
1396 216 1608 251 φονευθήσονται-
1630 218 1674 241 καὶ
1700 215 1813 251 ἐτασμὸς
1842 215 1927 241 ὀλέσει

1217 258 1327 291 ἀσεϐεῖς,

1123 302 1202 338 βιαίῳ
1216 306 1260 329 καὶ
1283 305 1333 339 γὰρ
1363 305 1464 339 θανάτῳ
1488 306 1534 332 τὴν
1564 303 1687 340 ἀνήμερον
1713 306 1757 330 καὶ
1786 307 1928 339 μιαιφόνον

1123 260 1180 288 τοὺς
1217 259 1327 291 ἀσεϐεῖς,
1367 259 1508 295 ἐπικαίρως
1545 260 1623 294 φάναι
1660 261 1688 284 τὸ
1727 259 1926 295 Σολομώντειοτ

1121 346 1213 382 ψυχὴν
1233 347 1362 384 ἐξέρρηξεν
1382 349 1394 373 ὁ
1409 347 1510 378 ἀνόσιος
1529 348 1645 386 ὕστερον.
1669 351 1727 382 Καὶ⁷
1757 349 1799 374 ἰνα
1827 349 1929 374 πλατύ-

1121 401 1191 427 τερον
1206 391 1362 428 κωμῳδησω
1386 394 1429 418 τὸν
1454 397 1499 422 τῆς
1514 391 1665 429 τραγῳδίας
1691 393 1790 423 ταύτης
1820 391 1927 429 δραμα-

1119 438 1237 472 τουργὸν,
1273 437 1285 462 ό
1319 435 1474 473 ὃερμάτινος
1502 436 1593 466 ἐκεῖνος
1623 436 1703 468 ἀσκός
1736 439 1780 462 καὶ
1814 437 1927 467 παλαιὸς

1119 484 1154 515 τῷ
1171 483 1258 517 χρονῳ
1271 483 1359 517 καὶ
1388 484 1477 517 κακία,
1507 482 1539 511 ὡς
1568 480 1633 507 οἶνον
1659 483 1713 507 νέον
1738 484 1768 507 τὸ
1797 482 1928 513 venalis;

1119 529 1168 550 τῶν
1183 529 1289 560 νεογνῶν
1310 523 1448 561 δεξάμενος
1473 527 1540 561 αἷμα
1568 524 1726 561 διέσχισται
1747 528 1792 552 καὶ
1821 525 1927 564 δι.έρρη-

1120 579 1189 604 κται,
1207 572 1251 595 καὶ
1267 571 1386 605 inpacta;
1399 572 1506 600 τούτους
1533 572 1657 606 φαγόντος
1684 571 1776 601 αὐτοῦ,
1806 573 1842 597 τὰ
1869 571 1925 597 ἶδια

1118 615 1195 639 τέκνα
1229 612 1359 649 αὶμωδίαν
1393 615 1557 647 ὑπέστησαν,
1584 614 1628 640 ὑπ’
1661 614 1739 640 αὐτοῦ
1773 618 1820 640 καὶ
1846 620 1926 641 ταῦτα

1121 657 1294 694 ἀναιρεθέντα,
1329 659 1414 688 καθὼς
1447 658 1595 688 Ἱώσηππος
1622 659 1730 695 ἱστορεῖ.
1761 659 1852 686 "Eous
1877 662 1926 697 γὰρ

1120 704 1133 728 ὁ
1164 703 1276 738 ἐκμανὴς
1304 703 1398 733 ἐκεῖνος
1431 706 1475 729 καὶ
1509 704 1641 739 θεομαχος
1672 704 1867 740 προλαμϐάνειν
1882 708 1928 734 τὴν

1122 747 1311 784 τῶνἘϐραίων
1332 747 1491 783 sinovum-1,6
1525 747 1653 784 βασεϐεὺς
1684 753 1735 774 τῶν
1764 754 1852 780 κακῶς
1881 749 1927 786 βα-

1121 792 1417 828 σι).ευομένων,κάκεῖνο
1443 793 1600 828 φθέγγεσθαι
1633 792 1752 830 ἄντικρυς
1782 797 1844 830 πιρὶ
1877 800 1926 821 τῶν

1085 845 1103 871 Β
1120 835 1230 873 βρεφῶν,
1259 837 1319 873 ὅπερ
1342 837 1450 873 ὓστερον
1478 838 1491 862 ὁ
1514 837 1558 863 ὑπ’
1587 837 1665 862 αὐτὸν
1698 838 1758 868 λαός
1790 841 1854 875 περί
1881 849 1925 865 τον

1120 885 1246 916 Χριστοῦ,
1264 892 1276 906 ι(
1294 883 1328 907 Τὸ
1345 882 1411 917 αἷμα
1426 882 1506 907 αὑτοῦ
1521 881 1550 916 ἐφ
1581 883 1659 917 ἡμᾶς,
1682 892 1726 908 και
1755 881 1799 908 ἐπί
1824 885 1859 909 τὰ
1888 887 1922 909 τέ»

1116 935 1165 951 κνα
1180 927 1262 962 ἡμῶν·
1283 937 1296 950 ιι
1321 926 1403 956 οὑτως
1430 927 1442 951 ό
1471 924 1616 956 λυσσώδης
1640 925 1737 956 ἐκεῖνος
1761 937 1808 953 και
1838 928 1922 957 ἀπλη-

1118 979 1179 1000 crto;
1214 969 1291 1000 λύκος
1327 969 1463 1000 ένεθισθείς
1500 970 1609 1001 ἁπαλοῖς
1646 970 1744 1006 ἀρνίοις
1777 971 1922 1008 ἐπιπηδᾲν,

1116 1024 1160 1040 και
1175 1018 1230 1045 τοῖς
1250 1015 1352 1045 οἰκείοις
1375 1013 1509 1041 λυκιδίσιν
1536 1017 1568 1045 ὡς
1593 1018 1711 1051 μεμηνὼς
1738 1016 1921 1047 ἑπελὺττησεν.

1117 1059 1195 1085 Ἀλλὰ
1209 1060 1288 1097 χάρις
1303 1063 1339 1095 τῷ
1359 1063 1425 1094 Θεῷ,
1455 1064 1491 1094 τῷ
1526 1062 1562 1095 μὴ
1592 1065 1777 1098 συγχωροῦντι
1789 1064 1852 1092 τοὺς
1866 1061 1923 1088 ἁδι-

1117 1108 1226 1135 κουντας
1259 1106 1304 1134 τὰς
1327 1109 1375 1136 τῆς
1404 1103 1483 1135 δίκης
1512 1108 1602 1142 χεῖρας
1637 1104 1850 1143 ἀποδιδράσκειν
1883 1107 1923 1134 ἐπὶ

1117 1148 1193 1182 πολὺ,
1210 1148 1262 1174 ἀλλ’
1283 1147 1475 1184 ἑνδοξαζομένῳ
1504 1148 1528 1174 ἐν
1555 1152 1658 1186 Φαραὼ,
1687 1160 1731 1176 χαι
1751 1153 1774 1177 ιῖ
1793 1161 1836 1182 τις
1866 1153 1923 1178 κατ’

1118 1190 1211 1219 ἐκεῖνον
1228 1192 1447 1230 σχληροκάρδιος,
1479 1203 1524 1219 και
1555 1195 1628 1220 θείων
1659 1195 1845 1233 κατολιγωρῶν
1878 1207 1920 1224 κε-

1118 1237 1280 1274 λευσμάτων,
1319 1248 1364 1264 και
1413 1242 1628 1276 κατογρυώμενος
1673 1238 1736 1266 λαοῦ
1788 1247 1922 1271 ταπεινοὺ,

1120 1282 1186 1309 Ἀλλ’
1201 1282 1297 1309 ἐπαΐειν
1312 1284 1373 1319 ἄρτι
1393 1281 1463 1309 δοκὼ
1493 1284 1611 1318 λέγοντος
1644 1289 1690 1310 τοῦ
1722 1289 1801 1312 Θεοῦ·
1839 1287 1923 1316 Ain:-

1121 1336 1165 1352 σον
1175 1331 1227 1357 τοῖς
1240 1329 1306 1358 υἱοῖς
1321 1331 1366 1353 τοῦ
1389 1330 1446 1354 νέου
1472 1327 1587 1365 Ἰσραὴλ,
1617 1331 1661 1355 καὶ
1692 1328 1921 1362 ἀναζευξάτωσαν,

1119 1372 1166 1397 οὐκ
1179 1372 1207 1403 ἐξ
1222 1372 1355 1407 Αἰγύπτου
1379 1374 1441 1409 πρὸς
1453 1374 1498 1401 τὴν
1514 1372 1650 1409 Ἐρυθρὰν,
1665 1373 1718 1400 ἀλλ’
1743 1374 1771 1400 ἑκ
1798 1380 1848 1406 τῆς
1875 1381 1921 1402 τῶν

1120 1417 1236 1452 αἱμάτῳν
1256 1416 1363 1454 ἐρυθρᾶς
1381 1418 1438 1447 ἣτις
1472 1419 1516 1443 τὸν
1543 1419 1598 1444 νέον
1628 1421 1721 1454 Φαραὼ
1753 1428 1800 1445 και
1827 1420 1921 1447 παιδος

1120 1463 1206 1486 κτὸνον
1235 1461 1353 1492 ἐξώλεσεν
1378 1461 1478 1497 (ἀθώου
1509 1464 1560 1500 ’γὰρ
1594 1463 1704 1498 αἵματος
1736 1466 1820 1499 χύσις
1847 1467 1919 1491 Θών-

1120 1515 1161 1536 τος
1185 1510 1221 1532 τῶ
1249 1505 1381 1542 ἐκχέαντι)
1413 1509 1478 1542 πρός
1513 1508 1557 1532 τόν
1582 1507 1659 1533 καλόν
1685 1507 1833 1545 Ἰορδάνην,
1877 1514 1919 1539 τὴν

1098 1550 1104 1558 ¹
1121 1551 1214 1576 οἰπονον
1229 1551 1358 1587 κάθαρσιν
1370 1555 1420 1576 τῶν
1440 1550 1579 1587 ἀνθρώπων
1606 1562 1651 1578 και
1675 1554 1807 1589 ᾶμοχϐον.
1838 1558 1920 1591 Τριῶν

1120 1596 1171 1632 γὰρ
1187 1597 1264 1620 ὄντων
1283 1596 1465 1632 καθαρτηρίων
1491 1600 1541 1621 τῶν
1569 1594 1777 1627 διαϐιϐαζόντων
1806 1599 1843 1630 εἰς
1877 1603 1920 1628 τὴν

1120 1638 1266 1673 ἔκπλουσιν,
1295 1648 1340 1664 και
1368 1640 1400 1664 τὰ
1423 1638 1602 1676 ἐπιτρίμματα
1625 1645 1673 1666 τῶν
1701 1642 1819 1668 παλαιῶν
1845 1644 1921 1679 μολυ-

1121 1688 1192 1719 σμῶν
1221 1683 1303 1709 τέλεον
1333 1683 1533 1717 ἀπονιπτόντων,
1562 1684 1758 1721 βαπτίσματος,
1787 1685 1920 1725 δακρύων,

1118 1738 1162 1754 και
1177 1732 1222 1754 τοῦ
1239 1726 1275 1754 δι’
1290 1729 1397 1764 αἵματος
1417 1731 1571 1765 μαρτυρίου,
1600 1728 1694 1761 ἔδειξεν
1719 1732 1732 1756 ό
1757 1733 1919 1770 ἄνανθρωπή-

1119 1782 1167 1804 σας
1182 1775 1246 1803 Θεὸς
1261 1772 1288 1798 ἐκ
1307 1776 1451 1810 προοιμίων
1479 1773 1562 1799 αὐτῶν
1585 1779 1633 1804 τῆς
1662 1776 1742 1802 αὐτοῦ
1771 1781 1919 1813 παρουσίας

1116 1816 1322 1855 προσδεξάμενος
1336 1819 1368 1843 τὰ
1384 1818 1439 1854 ἱερὰ
1462 1821 1544 1844 ταῦτα
1561 1820 1736 1856 προσθύματα
1763 1831 1809 1847 και
1840 1831 1920 1859 xpec-

1118 1864 1236 1898 φάγιατό
1250 1861 1287 1888 δι’
1314 1864 1422 1899 αἵματος
1454 1861 1519 1889 εἶναι
1551 1873 1580 1890 το
1617 1865 1854 1904 ὑπεροχαώτερον,
1891 1867 1915 1892 οὗ

1117 1910 1192 1943 μόνον
1212 1907 1252 1933 ὃτι
1282 1906 1411 1943 δευτέροις
1436 1908 1527 1945 ῥύποις
1551 1909 1580 1934 οὗ
1613 1909 1758 1945 μολύνεται,
1794 1910 1848 1936 il)‘
1881 1913 1917 1937 ὅτι

1117 1957 1220 1978 καιτὼν
1237 1950 1357 1988 δακρύων
1385 1952 1469 1977 αὐτῶν
1498 1952 1602 1984 πολλοῖς
1637 1957 1691 1984 τοῖς
1718 1958 1805 1990 μετοῖς
1831 1955 1918 1992 ὶπίμο-

1117 2001 1232 2035 νὼς-ερον.
1282 2000 1316 2023 Τό
1346 1999 1397 2034 γὰρ
1435 1995 1481 2023 διὰ
1522 1997 1708 2034 βαπτίσματος
1739 2001 1918 2036 καθαρτὴσιον

1117 2042 1200 2073 ἄλλως
1215 2045 1282 2079 ἔχει,
1294 2042 1351 2068 ὅλον
1363 2046 1409 2072 τῆς
1429 2043 1538 2079 χάριτος
1557 2042 1584 2068 ὃν
1603 2052 1647 2068 και
1681 2048 1726 2074 τῆς
1758 2042 1857 2081 δωρεᾶς
1874 2048 1917 2071 τοῦ

1119 2089 1266 2124 Πνεύματος
1286 2093 1333 2115 τοῦ
1366 2089 1453 2125 ἁγίου.
1481 2089 1597 2125 Ἀγοὲπης
1627 2087 1657 2114 δὲ
1685 2089 1843 2126 ἀκραιφνοῦς
1871 2094 1916 2120 τῆς

1116 2135 1182 2168 πρὸς
1211 2135 1272 2160 Θεὸν
1305 2137 1443 2172 τεκμήριον
1477 2132 1660 2168 ἐκδαλότατον,
1694 2133 1747 2169 οὐχ
1778 2134 1864 2170 ἕτερον
1892 2143 1914 2159 τι

1117 2178 1195 2207 οὕτως
1210 2180 1242 2208 ὡς
1255 2180 1284 2204 τὸ
1301 2179 1363 2215 ὑπὲρ
1380 2183 1425 2204 τοῦ
1452 2178 1602 2214 ἀγαπῶντος
1629 2181 1674 2203 τοῦ
1709 2175 1780 2204 ἰδίου
1810 2180 1914 2214 stipato;

1115 2221 1270 2258 ἀφειόῇσαι,
1298 2235 1309 2248 ι
1344 2224 1460 2254 Μείζονα
1491 2225 1542 2259 γὰρ
1573 2224 1671 2253 ταύτης
1695 2221 1800 2257 ἀγάπην
1830 2221 1914 2254 οὐδεὶς

1114 2268 1180 2302 ἔχει,
1196 2268 1236 2293 ἵνα
1261 2277 1300 2298 τις
1315 2270 1361 2296 τὴν
1380 2267 1473 2304 ψυχὴν
1507 2267 1588 2294 αὐτοῦ
1674 2268 1738 2303 ὑπὲρ
1753 2271 1805 2292 τῶν
1838 2268 1912 2303 φίλων

1113 2312 1203 2338 αὐτοῦ’
1231 2313 1270 2339 »εἰ
1295 2311 1324 2339 δὲ
1353 2312 1440 2348 φίλων,
1472 2311 1556 2348 πολλῷ
1584 2311 1679 2348 μᾶλλον
1710 2314 1845 2349 Αεσπότου
1872 2314 1911 2337 καὶ

1113 2360 1236 2385 Ποιητοῡ.
1252 2359 1287 2383 Τὸ
1300 2358 1345 2393 μὲν
1363 2358 1414 2394 γὰρ
1441 2357 1516 2393 aﬂuat,
1545 2356 1650 2392 ἀγάπης
1675 2355 1800 2393 ἂνθέρμου
1834 2355 1912 2385 δηλω-

1112 2404 1194 2436 τικὸν,
1206 2405 1235 2428 τὸ
1250 2401 1279 2428 δὲ
1295 2401 1419 2439 δάκρυον,
1437 2404 1469 2432 ὡς
1484 2401 1526 2428 ἐπὶ
1537 2403 1565 2428 τὸ
1585 2401 1649 2428 πολὺ
1679 2399 1727 2427 διὰ
1756 2403 1813 2435 τὸν,
1841 2400 1911 2437 φοϐον

1112 2450 1306 2483 τῆςτιμωρίας·
1329 2447 1420 2483 ὀλίγων
1440 2448 1489 2483 γὰρ
1516 2447 1561 2472 κάὶ
1587 2447 1684 2472 τούτων
1713 2450 1763 2471 τῶν
1792 2446 1911 2472 ultioni-

1113 2500 1158 2520 την
1179 2494 1225 2521 τὴν
1238 2494 1267 2517 τὸ
1288 2491 1314 2523 ἐξ
1345 2491 1437 2529 ἀρετὴν
1464 2492 1569 2527 ἀγάπης
1598 2489 1731 2527 δακρύειν,
1759 2493 1806 2517 καὶ
1836 2492 1910 2517 πόθον

1112 2540 1158 2562 τοῦ
1173 2538 1238 2573 πρὸς
1253 2539 1328 2571 Θεὸν,
1354 2536 1525 2573 ὀριγνωμένης
1552 2540 1601 2567 τῆς
1629 2535 1724 2571 ψυχῆς
1754 2539 1792 2570 τῷ
1824 2536 1909 2562 ποθοψ

1112 2583 1179 2617 μένῳ
1216 2583 1310 2617 τάχιον
1348 2581 1546 2618 προσομιλῆσαι
1576 2582 1621 2606 καὶ
1652 2581 1851 2617 προστνωθῆναι
1878 2582 1909 2613 τῷ

1113 2625 1240 2662 ἐρωμένῳ.
1269 2625 1332 2657 Οἶος
1364 2624 1395 2655 ἦν
1430 2625 1521 2656 ἐκεῖνος
1551 2627 1564 2652 ὁ
1593 2623 1778 2655 καλλικέλαδος
1812 2633 1908 2662 πρωτο-

1111 2670 1212 2705 ψάλτης
1232 2671 1330 2707 εὐφυῶς
1356 2672 1520 2707 ἐπαφώμενος
1552 2674 1600 2701 τῆς
1631 2672 1723 2706 νευρᾶς
1754 2673 1802 2700 τῆς
1832 2669 1908 2695 κιγνύ-

1197 2772 1208 2789 ⁶
1223 2770 1303 2805 Psal,
1323 2779 1382 2800 xu.
1397 2773 1425 2806 2,
1439 2773 1466 2806 3,
