1963 3084
263 93 315 125 743

260 158 380 194 propter
389 165 457 186 eam
469 164 557 186 ovem
569 164 637 193 quae
643 156 730 193 aquis
738 155 898 185 submersa
905 157 962 184 est.
974 155 1089 184 Invenit

260 202 344 239 quod
358 204 520 237 erraverat,
530 204 559 231 et
573 202 672 230 statim
687 201 929 237 ccelestesjanuze
949 201 1087 236 aperiun-

260 249 318 282 tnr,
335 247 397 276 imo
414 255 492 282 vero,
508 249 541 275 ut
552 246 711 282 Scriptum
721 245 815 274 verbo
826 245 1086 281 utar”,patefactw

261 293 494 320 suntcataractae
510 291 586 326 coeli,
598 291 678 319 unde
689 292 717 319 et
728 290 811 326 prius
822 291 986 326 eruperunt
1000 290 1086 318 inun-

259 335 365 365 dantes
379 336 500 373 pluvize,
511 338 540 364 et
549 335 705 364 hominem
718 343 771 371 per
798 343 894 371 aquas
923 334 1084 368 salvatum,

259 381 312 417 qui
326 381 408 417 prius
423 389 477 418 per
491 388 588 417 aquas
602 379 740 416 perierat,
768 379 947 415 suscipiunt,
959 386 1020 407 non
1034 387 1086 407 au-

259 428 329 462 tem,
346 433 399 462 per
413 434 510 462 aquas
523 428 650 459 tantum,
671 425 725 453 sed
739 426 768 453 et
781 432 834 461 per
844 423 981 452 divinum
995 423 1084 460 Spiri-

259 472 335 498 tum.
348 472 442 507 Atque
453 470 484 498 id
495 478 548 507 per
560 469 748 505 ingeniosam
757 468 1014 505 consequentiam.
1024 470 1084 496 Au-

258 514 322 549 diit;
338 515 419 544 enim
430 517 498 543 ante
510 513 615 542 diluvii
629 513 850 541 immissionem
864 512 1023 541 hominum
1033 520 1084 547 ge-

259 567 346 587 nusz»
361 559 425 588 Non
439 558 606 588 remanebit
617 558 741 594 Spiritus
755 566 840 586 meus
856 558 886 586 in
903 557 960 585 illis
988 556 1084 585 homi-

257 603 358 639 nibus,
372 604 444 640 quia.
459 611 529 632 caro
542 605 613 631 sunt
628 604 679 635 ¹³;ι)
693 602 774 630 unde
787 602 813 631 ei
833 604 997 638 postquam
1020 601 1082 637 Spi-

257 648 331 676 ritus
343 647 401 682 ille,
418 651 563 685 tanquam
582 647 734 680 columba,
759 646 885 675 evolavit
904 647 977 682 (non
1002 646 1083 674 enim

258 694 373 721 tantam
388 695 598 729 corruptorum
618 692 776 721 hominum
788 690 987 728 pestilentiam
998 690 1083 718 susti-

257 737 369 773 nebat),
385 737 506 774 spiritus
519 736 658 774 procellm
673 737 737 772 ejus
751 736 782 765 in
810 735 910 764 locum
933 735 1082 764 adductus

258 784 313 814 est,
330 784 357 810 et
372 789 424 818 per
435 789 532 818 aquas
543 780 714 815 destructio;
729 783 818 816 atque
833 779 874 808 ita
891 781 949 808 Deo
971 778 1082 807 odibile

257 826 353 855 scelus
363 826 523 854 hominum
534 825 644 854 diluvio
659 825 843 862 perditorum
859 827 932 857 erat,
948 826 981 852 ut
995 831 1082 851 rena-

257 874 387 899 sceretur
401 879 456 908 pro
471 879 557 906 aqum
569 872 686 898 natura.
699 870 765 898 Non
775 869 855 897 enim
866 871 937 897 tunc
957 868 1082 905 Spiritus

257 915 308 944 Dei
323 923 413 952 super
425 923 522 951 aquas
537 915 698 943 ferebatur.
710 915 786 942 Dum
797 914 878 942 enim
886 913 986 942 adhuc
995 921 1082 950 aqua;

256 961 464 992 tumescerent,
478 959 686 995 cadaveraque
693 961 726 986 ut
738 958 897 986 verisimile
904 960 957 991 est,
965 957 1081 985 innata-

257 1006 332 1038 rent,
346 1012 453 1032 corvus
468 1003 592 1040 quidem
608 1011 644 1031 ex
657 1011 693 1031 ea
705 1011 772 1040 quae
783 1002 885 1030 omnia
899 1001 1080 1035 continebat,

256 1056 327 1077 arca
337 1047 571 1082 evolans,redire
584 1048 688 1082 noluit,
704 1047 830 1076 mortuis
845 1046 1022 1082 corporibus
1035 1046 1080 1074 in-

256 1093 368 1128 sidens,
386 1096 415 1122 et
434 1093 582 1129 corruptis
597 1092 742 1128 gaudens,
760 1091 934 1128 symbolum
958 1090 1080 1118 effectus

255 1138 402 1166 daemonis
416 1138 469 1174 qui
480 1137 638 1165 hominum
657 1136 776 1165 casibus
796 1136 922 1168 laetatur,
933 1135 1080 1171 sanguine

255 1182 368 1217 gaudet
375 1182 522 1218 nobisque
528 1181 697 1217 jacentibus
705 1181 816 1209 irridet.
824 1180 971 1209 Columba
980 1183 1080 1208 autem

258 1235 319 1255 non
334 1227 485 1263 reperiens
492 1226 542 1254 ubi
558 1226 648 1262 pedes
659 1226 781 1259 sisteret,
793 1226 832 1254 ad
857 1234 927 1253 eum
949 1225 1002 1261 qui
1026 1225 1080 1253 mi-

257 1273 335 1300 serat
345 1271 440 1300 rediit.
460 1272 585 1299 Sanctus
598 1271 678 1298 enim
695 1270 820 1306 Spiritus
844 1278 906 1298 non
932 1269 1080 1298 habitabit

253 1316 284 1343 in
295 1323 419 1351 corpore
434 1314 564 1351 peccatis
585 1314 890 1343 serviente.Columba
904 1322 993 1351 porro
1006 1314 1080 1342 solet

253 1359 388 1387 adhiberi
402 1361 433 1388 ut
449 1359 574 1395 Spiritus
596 1360 689 1387 sancti
705 1359 889 1395 symbolum.
917 1360 959 1387 ita
984 1367 1032 1387 res
1048 1367 1079 1387 se

253 1403 626 1437 tunchabebant,etvitalis
638 1412 720 1440 aqua
729 1404 903 1432 hominibus
916 1403 1078 1440 perniciem

254 1448 360 1477 attulit.
377 1448 461 1477 Nunc
472 1451 583 1484 autem,
601 1448 744 1483 secunda,
761 1451 793 1476 ut
807 1449 901 1483 aiunt,
914 1448 1076 1483 navigatio,

253 1496 281 1522 et
295 1493 424 1530 puppim
439 1496 547 1522 nostrae
560 1496 674 1521 naturae
690 1493 846 1529 impellens
859 1492 1027 1521 substantia
1038 1493 1077 1521 ab

252 1546 288 1567 eo
303 1538 356 1575 qui
366 1538 454 1567 nobis
465 1538 600 1573 invigilat
611 1541 774 1574 nostraque
788 1540 881 1574 curat,
889 1538 1018 1566 refluens
1031 1546 1076 1566 ve-

253 1584 295 1612 nit
310 1586 338 1612 et
353 1584 402 1612 via.
414 1584 469 1611 viae
481 1583 573 1620 priori
586 1583 734 1612 contraria
745 1582 863 1611 incedit.
888 1584 927 1611 lix
944 1583 1031 1618 aquis
1045 1582 1077 1611 in

254 1628 406 1663 Spiritum,
417 1636 436 1656 ιι
450 1628 560 1664 Spiritu
576 1628 606 1655 in
621 1628 740 1662 coelum,
757 1630 784 1655 et
803 1627 1003 1656 desideratam
1018 1627 1077 1655 dei-

252 1672 434 1701 ficationem.
447 1674 543 1705 Quam
558 1671 766 1708 intempestive
781 1672 852 1700 olim
870 1672 1010 1700 invadere
1029 1680 1077 1700 co-

250 1718 321 1744 nata
334 1717 451 1749 mulier,
466 1717 638 1745 extensione
656 1717 796 1750 dexterae,
810 1716 941 1752 perdidit
966 1719 993 1744 et
1008 1725 1075 1753 quae

250 1759 280 1788 in
296 1761 438 1789 manibus
450 1761 592 1793 habebat,
610 1764 638 1789 et
662 1769 730 1789 cum
761 1762 838 1789 Deus
853 1761 916 1789 fieri
940 1763 1073 1790 tentaret

250 1805 356 1841 homo,
368 1814 476 1842 parum
491 1805 588 1834 abfuit
601 1806 674 1842 quin
686 1808 714 1834 et
727 1806 820 1834 homo
834 1814 898 1833 esse
926 1806 1076 1836 desineret

250 1851 346 1878 Homo
362 1850 443 1878 enim
450 1853 564 1879 constat
575 1851 676 1878 anima
687 1853 854 1886 etcorpore;
869 1858 959 1886 quem
969 1852 1074 1880 mortis

250 1893 368 1929 gladius
397 1893 515 1929 scindit,
551 1894 752 1930 unionemque
776 1893 920 1930 dissolvit,
941 1903 1076 1931 quacum

249 1938 373 1967 solvitur
383 1941 411 1967 et
419 1938 589 1975 appellatio,
600 1941 628 1967 et
639 1941 715 1967 terra
726 1938 824 1967 solum
835 1939 927 1967 modo
937 1940 1076 1969 nomina-

250 1986 305 2012 tur.
323 1983 368 2012 Ait
383 1984 463 2012 enim
480 1993 486 2012 :
502 1994 516 2009 ››
536 1985 624 2012 Terra
651 1992 692 2019 es,
713 1985 742 2012 et
767 1984 797 2011 in
813 1986 921 2012 terram
947 1988 1075 2014 reverte-

246 2027 331 2056 ris“.
348 2040 363 2053 »
377 2029 451 2056 Cum
467 2028 547 2056 enim
571 2036 631 2056 uno
659 2029 774 2064 impetu
801 2031 829 2057 et
853 2029 1012 2057 confestim
1042 2031 1073 2058 in

247 2072 357 2102 ccelum
363 2072 524 2102 ascendere
533 2073 685 2108 cogitaret,
693 2073 798 2102 fraude
807 2073 949 2102 seductus
968 2074 1073 2110 lapsus

246 2119 300 2151 est,
315 2120 344 2146 et
359 2117 478 2153 decidit,
491 2120 520 2146 et
533 2120 676 2154 tanquam
687 2118 775 2153 gleba
802 2121 909 2155 ruptus
924 2121 967 2147 est
981 2127 1072 2155 super

246 2164 368 2197 terram,
385 2165 413 2190 et
427 2162 457 2190 in
471 2162 620 2191 infernum
627 2162 774 2199 dissipata.
781 2171 852 2192 ossa
866 2164 940 2198 ejus.
949 2164 1071 2192 Accinat

245 2206 326 2234 enim
339 2206 433 2235 David
444 2215 531 2235 suum
549 2208 570 2225 ¹⁵
587 2208 684 2243 primo
695 2207 810 2236 homini
821 2207 937 2244 dejecto
961 2216 1070 2244 oppor-

246 2253 352 2279 tunum
366 2251 560 2288 epitaphium.
571 2251 734 2288 Oportebat
743 2255 844 2281 autem
868 2260 929 2280 non
954 2252 1003 2287 ita,
1018 2253 1071 2281 sed

244 2295 379 2332 quodam
390 2296 493 2324 ordine
507 2299 535 2324 et
549 2297 763 2333 consequentia
777 2305 848 2325 eum
863 2297 1069 2326 ascensionem

245 2348 333 2368 suam
356 2349 460 2370 curare
475 2341 629 2370 excellenti
642 2341 809 2370 humilitate
825 2344 970 2378 tanquam
993 2342 1069 2370 duce

244 2388 388 2414 utentem.

242 2434 292 2466 γῆς
310 2429 406 2468 ἐρράγη
427 2430 468 2458 ἐπὶ
484 2435 542 2465 τῆς,
562 2435 613 2467 γῆς
641 2428 832 2467 διεσκορπίσθη
849 2431 882 2457 τὰ
901 2430 967 2457 ὀστᾶ
993 2431 1071 2458 αὑτοῦ

241 2485 279 2512 χῃ
295 2478 402 2512 κειμένῳ
427 2477 470 2502 τὸν
495 2475 630 2512 ἐπιτάφιον
654 2478 800 2513 πρόσφορον
827 2484 833 2490 ·

241 2520 383 2556 μελετῆσαι
396 2519 487 2557 ὁδηγῷ
503 2520 597 2558 ἀρίστῃ
615 2521 835 2558 ταπεινοφροσύνῃ
856 2523 1001 2558 χρώμενον.

277 2566 321 2594 IV.
332 2566 389 2594 Sed
405 2565 536 2602 agedum
547 2567 575 2593 et
587 2564 765 2593 conabimur
777 2565 1006 2601 explicationem
1017 2574 1067 2602 ag-

241 2610 491 2645 grediverborum
506 2609 657 2647 Evangelii
669 2617 738 2646 quae
751 2609 840 2638 hodie
852 2609 978 2646 legenda
987 2613 1066 2640 sunt.

242 2652 311 2686 Quae
320 2655 445 2691 quidem
458 2654 682 2684 divinissimum
688 2656 818 2684 Marcum
833 2654 986 2692 extollunt,
1000 2664 1068 2692 par-

251 2771 257 2777 ⁴
274 2763 300 2801 _"
315 2763 386 2795 Gen.
403 2771 453 2800 vn,
467 2763 511 2794 tt.
549 2765 572 2784 ³³
585 2764 658 2794 Gen.
671 2770 708 2800 vx,
723 2765 748 2793 3.
788 2762 811 2783 ”
827 2764 942 2797 Genui,
958 2765 999 2793 19.

861 92 1019 122 GERMANI
1039 93 1062 121 ll
1083 89 1367 122 CP.PATRIAHCHE

1903 94 1945 125 τις

1103 157 1126 184 Α
1142 156 1268 189 κάτεισιν,
1287 155 1327 182 ἰπὶ
1354 159 1405 191 γῆς
1431 157 1548 192 ἔρχεται,
1578 155 1705 186 σπήλαιον
1722 155 1894 194 εἰσέρχεται,
1925 167 1945 184 τι

1141 200 1332 237 πεπλανημένον
1363 199 1508 234 ἀναζητῶν,
1546 202 1593 232 τὰς
1622 202 1717 237 φάτνας
1743 199 1874 238 διερευνᾲ
1907 200 1945 228 διὰ

1140 247 1184 271 τόν
1213 244 1411 282 παραϐληθέντα
1429 249 1484 276 τοῖς
1512 248 1633 275 κτήνεσιν
1665 256 1671 263 ·
1701 246 1737 276 εἰς
1763 244 1841 282 ὕδωρ
1872 256 1945 272 κατιι

1140 289 1222 316 ϐαίνει
1260 291 1386 326 ποτάμιον
1417 288 1464 316 διὰ
1496 292 1525 316 τό
1563 290 1740 317 κατακλυσθὲν
1767 294 1824 321 τοῖς
1866 290 1945 318 ὖὸατι

1139 334 1268 372 πρόϐατον
1285 345 1292 352 ·
1309 336 1423 370 εὑρίσκει
1435 336 1464 361 τό
1491 335 1628 371 «tmen,
1647 338 1693 362 καὶ
1721 335 1794 366 εὐθύς
1823 336 1855 362 αἱ
1874 336 1945 373 οὐράς

1138 389 1192 405 νιαι
1210 381 1310 416 πτύχες
1335 378 1534 416 ἀναζυγοῡνται,
1558 380 1653 417 μᾶλλον
1669 379 1698 407 δὲ
1731 381 1812 416 φάναι
1841 382 1876 407 ’τὸ
1905 385 1945 411 7i;

1139 426 1251 460 Γραφῆς,
1285 423 1432 460 ἀνοίγονται
1467 425 1492 451 οἰ
1529 425 1709 463 καταρρακται
1731 429 1776 451 τοῦ
1821 425 1945 463 οὐρα-ιον,

1139 470 1195 496 ὅθεν
1214 471 1259 495 καὶ
1287 469 1300 495 ὁ
1319 468 1486 500 κατακλύσας
1520 470 1592 502 ὑετὸς
1623 472 1746 508 πρότερον
1779 470 1945 508 κατερράγη,

1138 516 1184 540 καὶ
1198 512 1234 540 δι’
1247 512 1345 545 ὕδατος
1363 514 1520 550 σωζόμινον,
1538 516 1582 541 τὸν
1610 514 1636 546 ἐξ
1664 513 1761 546 ὕδατος
1789 514 1945 541 ἀπολωλότι

1138 561 1227 596 πρώην
1249 559 1383 595 ἄνθρωπον
1408 555 1597 595 ὑποδέχονται,
1624 559 1691 588 πλὴν
1718 559 1748 585 ού
1776 557 1818 586 δι’
1851 558 1945 589 ὓδατος

1138 606 1226 639 μόνον,
1253 602 1317 629 ἀλλὰ
1341 605 1385 629 καὶ
1414 605 1559 640 Πνεύματος
1590 604 1668 630 θείου.
1701 606 1751 630 Καὶ
1780 608 1865 630 τοῦτο
1890 604 1944 630 κατ’

1138 647 1291 674 ἀκολουθίαν
1320 648 1470 684 εὐμήχανον
1485 659 1490 664 ·
1511 650 1608 678 ἤκουσε
1622 650 1672 686 γὰρ
1703 651 1754 686 πρὸ
1782 653 1834 679 τῆς
1857 648 1943 685 frug».

1137 696 1184 729 ρᾶς
1200 696 1246 719 τοῦ
1271 692 1457 729 κατακλυσμοῦ
1492 695 1536 719 τὸν
1566 692 1723 731 ἀνθρώπινον
1748 694 1781 724 ὡς
1810 705 1821 718 ι
1848 693 1889 720 Οὐ
1909 697 1941 730 μή

1137 739 1276 774 καταμείνῃ
1292 738 1321 764 τό
1338 739 1441 774 Πνεῦμα
1458 747 1508 773 μου
1533 737 1557 764 ἐν
1582 741 1638 769 τοῖς
1666 737 1816 774 ἀνθρωποις
1841 739 1943 768 τούτοις

1138 779 1184 808 διὰ
1199 784 1228 808 τὸ
1241 781 1305 808 εἶναι
1319 782 1413 812 αὐτοὺς
1433 783 1519 819 σάρκα
1533 793 1539 798 ·
1559 794 1570 807 ι
1590 782 1646 810 ὅθεν
1658 785 1703 808 καὶ
1718 786 1764 809 τοῦ
1793 784 1942 819 Haut-351.13;

1100 835 1119 862 Β
1137 829 1195 853 τότε
1225 825 1302 855 δίκην
1328 830 1482 864 περιστερᾶς
1505 826 1668 858 ἀποπτάντος
1693 831 1701 860 (
1729 827 1776 853 οὐκ
1794 828 1871 863 ἔφερε
1893 830 1941 864 γάρ

1137 873 1183 900 τὴν
1213 869 1324 900 τοσήνδε
1352 876 1402 897 τῶν
1438 871 1605 908 ἀκαθαρσιὼν
1636 869 1773 898 δυσωδίαν
1804 873 1814 906 )
1841 877 1941 908 πνεῦμα

1137 913 1291 951 καταιγίδος
1313 915 1504 951 ἀντεπηνέχθη,
1533 919 1577 942 καὶ
1603 917 1617 945 ἡ
1639 915 1666 947 ἐξ
1698 914 1804 942 ὑδάτων
1828 916 1940 942 πανωλε-

1138 960 1199 996 θρία
1213 962 1256 985 καὶ
1269 960 1336 985 οὕτω
1352 961 1489 995 θεοστυγες
1512 961 1540 986 τὸ
1567 964 1651 996 μῦσος
1674 958 1705 988 ἦν
1730 964 1781 986 τῶν
1813 960 1940 986 κατακλυ-

1138 1004 1247 1030 σθέντων
1265 1003 1405 1040 ἀνθρώπων
1429 1005 1462 1034 ὡς
1491 1003 1684 1034 ἀναϐλαστήναι
1714 1008 1791 1030 τοῦτο
1818 1007 1865 1030 καὶ
1895 1008 1939 1033 τὴν

1137 1051 1213 1085 φύσιν
1241 1054 1286 1076 τοῦ
1315 1047 1474 1080 ὓδατος.οὗ
1504 1051 1554 1088 γὰρ
1589 1049 1720 1086 ἐπεφέρετο
1748 1053 1808 1076 τότε
1836 1054 1939 1086 Πνενμα

1136 1098 1202 1120 Θεοῦ
1218 1093 1302 1120 ἐπάνω
1315 1098 1360 1120 τοῦ
1378 1092 1476 1124 ὓδατος
1492 1105 1498 1110 -
1516 1097 1654 1131 τεκμήριον
1681 1093 1720 1124 δὲ.
1747 1097 1794 1121 καὶ
1820 1095 1873 1132 γὰρ
1902 1096 1939 1120 ἔτι

1135 1139 1227 1164 τούτου
1251 1138 1463 1175 ἐπικνμαίνοντος
1489 1141 1534 1165 καὶ
1560 1143 1610 1164 τῶν
1640 1140 1787 1175 πτωμάτων
1814 1141 1847 1169 ὡς
1872 1139 1938 1169 εἰκὸς

1135 1182 1340 1219 ἐπινηχομίνων,
1368 1184 1381 1209 ὁ
1416 1185 1461 1220 μὲν
1498 1183 1579 1221 κόραξ
1619 1182 1860 1221 ἀποπτερυξλμενος
1894 1188 1936 1214 τῆς

1134 1226 1343 1264 παντοδέγμονος
1365 1227 1477 1254 κιϐωτον
1506 1230 1552 1257 τὴν
1583 1229 1747 1265 ὑποστροφὴν
1775 1227 1934 1265 ἀπηνῄνατο,

1135 1272 1259 1309 ὲφιζὼίων
1276 1277 1328 1303 τοῖς
1352 1277 1450 1309 νεκροῖς
1478 1275 1584 1309 σώμασι
1609 1276 1654 1299 καὶ
1683 1277 1738 1304 τοίς
1772 1274 1936 1310 θνησιμαίοις

1134 1316 1304 1354 ἐπεντρυφὼν,
1330 1317 1458 1354 σύμϐολον
1474 1318 1507 1343 ὠν
1526 1322 1572 1344 τοῦ
1595 1320 1735 1354 χαίροντος
1755 1322 1811 1349 τοῖς
1838 1318 1936 1351 ἀνθρω-

1133 1364 1216 1393 πίνοις
1236 1365 1361 1398 πτώμασι
1390 1360 1512 1398 ὃαίμονος
1543 1365 1588 1388 καὶ
1608 1363 1772 1400 αίμοχαροῦς
1796 1365 1842 1389 καὶ
1866 1362 1936 1398 ἐπεγ-

1133 1407 1257 1442 γελῶντος
1270 1409 1396 1442 κειμένοις
1413 1407 1475 1443 ἡμῖν
1489 1418 1494 1423 -
1513 1407 1528 1436 ἢ
1548 1416 1578 1443 γε
1602 1409 1653 1444 μὴν
1674 1409 1816 1445 περιστερά
1839 1410 1875 1443 μὴ
1899 1417 1935 1433 εἰ-

1133 1455 1217 1488 ροῠσα
1230 1455 1282 1481 τοῖς
1297 1454 1374 1477 ποσὶν
1398 1451 1480 1482 αὐτῆς
1502 1451 1648 1478 ἀνάπαυσιν
1675 1452 1855 1488 παλίμπτερος
1876 1452 1933 1478 ἀνθ-

1133 1498 1289 1532 υποστρέφει
1313 1500 1348 1531 τῷ
1384 1495 1577 1524 ἀποστείλαντι.
1611 1499 1714 1532 Πνεῦμα
1742 1498 1792 1533 γὰρ
1811 1497 1885 1533 ἅγιον
1904 1498 1930 1523 ον

1133 1543 1284 1569 κατοικήσει
1299 1540 1323 1566 ἐν
1346 1543 1449 1576 σώματι
1477 1541 1618 1578 κατάχρεῳ
1645 1540 1786 1577 ἁμαρτίαις
1803 1552 1810 1558 ο
1830 1541 1930 1579 ἐπείπερ

1133 1584 1353 1622 συμϐολογραφεῖν
1369 1583 1424 1611 οἶδε
1453 1587 1593 1623 περιστερά
1619 1587 1647 1611 τό
1678 1589 1782 1621 Πνεὺμα
1805 1588 1834 1612 τὸ
1850 1587 1933 1622 ἅγιον.

1132 1629 1179 1655 Ἠν
1194 1631 1238 1666 μὲν
1252 1634 1334 1656 ταῦτα
1352 1632 1380 1656 τὸ
1395 1629 1530 1664 τηνικάδι,
1544 1633 1589 1656 καὶ
1604 1632 1633 1656 τὸ
1649 1631 1759 1660 ζωτικὸν
1778 1629 1850 1669 ὕδωρ
1883 1631 1932 1657 ὀλέ-

1133 1675 1203 1711 θριον
1215 1677 1303 1710 γέγονε
1323 1679 1378 1705 τοῖς
1404 1674 1557 1712 ἀνθρώποις.
1580 1676 1618 1701 Τά
1643 1679 1687 1700 νῦν
1715 1673 1745 1701 δὲ
1771 1673 1932 1712 δεύτερος,ο

1132 1729 1206 1755 φασι,
1236 1719 1322 1754 πλοῦς,
1351 1722 1396 1745 καὶ
1424 1721 1541 1756 πρύμναν
1582 1722 1746 1757 κρουσαμένη
1786 1724 1833 1750 τῆς
1863 1722 1931 1756 ἡμων

1131 1765 1232 1799 φύσεως
1261 1764 1276 1792 ἡ
1310 1764 1456 1794 ὑπόστασις
1495 1764 1566 1801 ποιρά
1608 1768 1654 1790 τοῦ
1682 1766 1857 1802 συμφερόντος
1889 1767 1930 1790 καὶ

1130 1808 1300 1845 κυϐερνῶντος
1341 1809 1370 1834 τὰ
1395 1808 1454 1834 καθ’
1484 1809 1553 1844 ἡμᾶς
1584 1807 1709 1845 ἀνάρρους
1731 1810 1788 1838 ἣκει
1818 1809 1864 1835 καὶ
1887 1813 1929 1839 τὴν

1132 1852 1246 1879 ἐναντίαν
1270 1857 1300 1889 τῇ
1327 1854 1438 1890 προτέρᾳ
1466 1852 1610 1879 καταϐάσει
1639 1855 1787 1890 πορεύεται,
1816 1854 1842 1884 ἐξ
1870 1853 1929 1880 ῧὸαξ

1132 1907 1175 1928 τος
1189 1897 1265 1927 εἰςτὸ
1282 1901 1386 1932 Πνεῦμα
1404 1896 1454 1923 ἀπὸ
1480 1902 1526 1923 τοῦ
1551 1899 1700 1934 Πνεύματος
1725 1898 1761 1929 εἰς
1785 1908 1830 1924 τον
1857 1899 1929 1936 οὖρα·

1131 1944 1173 1968 νὸν
1201 1944 1246 1968 καὶ
1278 1944 1324 1971 τὴν
1356 1941 1562 1978 ὶπιθυμουμένην
1593 1943 1696 1970 θέωσιν.
1730 1943 1779 1974 Ἧς
1819 1942 1929 1979 ἀκαίρως

1131 1989 1219 2024 πρώην
1243 1984 1437 2022 ἐπιδράξασθαι
1461 1987 1615 2023 πιιραθεῖσα
1638 1991 1669 2023 τῇ
1693 1986 1798 2013 ἐκτάσει
1824 1991 1870 2018 τῆς
1893 1986 1929 2014 δε-

1130 2030 1187 2062 ξιᾶς
1205 2030 1319 2056 ἀπώλεσε
1349 2033 1394 2057 καὶ
1411 2032 1443 2057 τὰ
1469 2030 1493 2056 ἐν
1520 2034 1612 2068 χερσὶ,
1646 2033 1691 2058 καὶ
1719 2033 1783 2062 Θεὸς
1811 2033 1928 2068 γενέσθαι

1128 2073 1345 2112 προσδοκήσαςό
1369 2076 1502 2112 ἄνθρωπος
1527 2074 1707 2103 κεκινδύνευκε
1735 2074 1801 2112 μηδ’
1832 2077 1915 2112 οῖνθρω

1088 2142 1108 2168 D
1126 2129 1174 2150 πος
1190 2118 1264 2147 εἶναι.
1279 2119 1429 2157 Ἀνθρωπος
1455 2121 1505 2157 γὰρ
1532 2122 1561 2146 τό
1590 2121 1712 2147 σύνθετον
1733 2120 1760 2146 ἐκ
1787 2120 1878 2158 ψυχῆς
1899 2131 1925 2149 τε

1126 2167 1170 2190 καὶ
1191 2167 1310 2200 σώματος
1325 2175 1330 2181 ·
1348 2166 1391 2190 τὸν
1406 2162 1435 2190 δὲ
1451 2167 1479 2190 τό
1495 2169 1541 2191 τον
1557 2166 1668 2191 θανάτου
1684 2165 1756 2201 ξίφος
1776 2164 1920 2202 διχοτομεῐ,

1126 2211 1171 2235 καὶ
1192 2211 1239 2238 τὴν
1265 2209 1417 2245 συμπλοκὴν
1446 2208 1559 2242 ἀναλύει,
1583 2212 1628 2236 καὶ
1654 2211 1668 2239 ὴ
1696 2210 1790 2240 κλῆσις
1817 2220 1921 2237 συνανα-

1125 2253 1221 2287 λύεται,
1237 2256 1282 2280 καὶ
1293 2258 1327 2290 γῆ
1344 2253 1496 2290 ὀνομάζεται
1511 2257 1597 2290 μόνον.
1614 2265 1628 2278 ‹‹
1653 2258 1688 2283 Γῆ
1714 2255 1764 2292 γὰρ
1788 2254 1820 2287 εἰ,
1847 2257 1918 2291 φησὶ,

1125 2301 1169 2325 καὶ
1191 2299 1224 2329 εἰς
1249 2302 1298 2334 γῆν
1322 2298 1462 2335 ἀπελεύσῃ.
1494 2310 1508 2324 »
1541 2300 1611 2326 Ἐπεὶ
1639 2301 1690 2336 γὰρ
1723 2300 1759 2326 ἐνὶ
1785 2299 1919 2336 πηδήματι

1124 2346 1169 2370 καὶ
1184 2343 1276 2380 ἀθρόον
1300 2345 1365 2381 πρὸς
1390 2343 1496 2380 οὐρανὸν
1521 2343 1649 2374 ἀναϐῆναν
1676 2347 1739 2380 ᾤετο
1756 2355 1762 2361 ⁸
1778 2349 1808 2381 τῇ
1837 2344 1916 2380 ἀπάτῃ

1114 2390 1297 2425 συναρπαγεὶς
1324 2388 1469 2419 ὀλισθήσας
1501 2391 1636 2424 κατέπεσι,
1678 2392 1723 2415 καὶ
1751 2390 1814 2416 ὡσεὶ
1838 2391 1919 2425 πάχος

1111 2434 1182 2471 παρά
1205 2434 1248 2459 τὸν
1262 2431 1341 2468 ᾅδην.
1365 2433 1542 2469 Ἐπί-ψαλλέτω
1566 2435 1615 2471 γὰρ
1634 2434 1647 2460 ὁ
1667 2432 1750 2460 Δαϐίδ
1777 2438 1812 2469 τῷ
1837 2435 1917 2471 pracip-

863 2473 916 2502 ἔδει
942 2474 971 2502 δὲ
1000 2476 1052 2513 οὐχ
1077 2478 1170 2512 οὕτως,
1208 2477 1272 2504 ἀλλὰ
1302 2477 1374 2509 τάξει
1405 2480 1456 2504 τινὶ
1479 2481 1523 2505 καὶ
1559 2478 1702 2515 ἀκολουθίᾳ
1723 2481 1771 2508 τήν
1801 2478 1916 2505 ἀνάϐασιν

1157 2567 1193 2595 Δ⁷.
1222 2566 1300 2594 Ἀλλὰ
1323 2569 1380 2604 φέρε
1402 2570 1446 2594 καὶ
1469 2569 1648 2604 πειρασόμεθα
1668 2572 1700 2604 τῇ
1726 2567 1849 2604 ἐξηγήσει
1867 2567 1915 2594 ἐπι-

1121 2611 1246 2639 ϐαλέσθαι
1258 2617 1306 2639 τῶν
1321 2616 1367 2639 τοῦ
1398 2613 1556 2649 Εὖαγιρελίου
1575 2613 1700 2650 ῥημάτων
1731 2617 1780 2639 τῶν
1813 2616 1913 2650 σήμερον

1121 2656 1404 2694 ἀναγνωσθησομὲνων.
1431 2660 1469 2685 TI).
1500 2656 1529 2685 δὲ
1548 2660 1703 2695 συγγραφέα
1731 2660 1775 2685 τὸν
1795 2659 1911 2685 θειότατον

1038 2763 1062 2784 ¹⁵
1077 2763 1144 2794 Psal
1156 2770 1201 2798 LII,
1216 2766 1242 2793 6.
