1963 3084
229 115 280 142 747

803 109 959 137 GERMANI
979 108 1002 135 ll
1020 108 1071 136 CP.
1092 107 1338 136 PATRIARCHIE.

1870 105 1919 132 ⁸148
1944 101 1945 107 “

230 173 338 211 Aquila
352 175 453 201 autem
470 171 535 200 sola
549 179 586 199 ex
605 172 748 199 omnibus
762 171 945 200 animalibus
961 178 1002 206 po

1143 169 1208 196 λιον·
1224 172 1352 206 εὔστοχος
1362 170 1412 207 γὰρ
1428 170 1443 198 ἡ
1460 169 1621 206 παρεικασία
1634 167 1664 193 οὑ
1692 169 1769 203 μόνον
1797 165 1849 193 διὰ
1874 169 1918 195 τὴν

228 218 349 247 intentis
361 217 455 246 oculis
465 219 493 244 et
508 216 624 252 absque
638 216 741 244 dolore
750 215 819 244 solis
828 215 930 244 radios
940 215 1056 243 intueri.

230 261 364 292 Ostendit
375 261 546 296 evangelica
559 261 660 297 aquila
671 263 700 289 et
724 261 755 288 in
781 260 904 288 ﬂumine
930 259 1059 287 Jordane

231 307 414 336 celebratum
429 305 566 333 divinum
582 305 769 341 mysterium.
794 304 1057 337 Quemadmodum

230 352 310 380 enim
320 351 456 379 humana
463 349 554 378 facies
560 349 710 384 Evangelii
718 349 885 377 secundum
893 349 917 376 Μ
921 349 1057 376 atthseum

230 396 397 424 festivitatis
411 394 589 430 mysterium
604 393 784 428 designavit,
800 394 840 421 ita
855 395 884 421 et
908 391 1059 427 Evangelii

231 439 398 468 secundum
408 440 539 467 Marcum
549 438 651 474 aquila
657 438 835 475 mysterium
846 437 957 465 revelat
966 436 1059 464 divini

230 483 422 521 baptismatis
428 491 489 519 quo
495 485 702 516 renovatur,ut
709 483 828 519 aquilze,
834 482 942 509 veteris
951 481 1059 508 Adami

230 529 385 565 juventus,
403 527 508 556 abluta.
522 526 611 555 hodie
627 527 658 554 in
672 527 804 554 Jordane
816 530 844 554 et
857 534 924 554 eam
939 534 1008 562 quae
1021 533 1057 552 ex

233 572 468 608 transgressione
477 571 643 608 prodierat,
659 571 881 607 corruptionem
897 570 1056 598 excutiens.

234 620 268 646 Et
279 617 400 645 aliunde
412 616 513 652 aquila
523 615 588 644 sola
602 616 678 643 inter
692 615 828 643 volucres
839 623 875 642 ex
893 615 980 651 aquis
1009 622 1057 649 ge—

234 662 421 690 nerationem
431 660 536 689 habuit
555 661 700 688 Creatoris
713 660 856 688 mandato
871 668 878 692 ;
895 662 923 687 et
933 659 990 687 hoc
1015 667 1059 686 se-

234 706 368 734 cundum
384 706 515 733 Marcum
526 704 721 739 Evangelium
737 704 864 732 adivino
879 703 1058 739 baptismate

234 750 346 786 incipit,
362 749 430 777 etin
442 748 536 776 altum
548 748 756 776 conscendens
771 748 801 776 in
826 747 901 775 coelo
930 747 1058 783 requies-

235 793 452 829 cit,Dominicae
468 792 666 828 asumptionis
686 792 812 820 modum
827 792 967 825 edocens,
978 791 1059 819 vola-

236 841 359 874 tumque
367 837 549 866 concludens
561 845 614 872 per
628 837 787 865 Salvatoris
799 836 902 864 Christi
917 836 955 864 ad
967 837 1058 863 Deum

235 885 264 912 et
277 885 393 912 Patrem
408 882 625 911 ascensionem.
641 884 682 909 Ac
698 882 753 909 nisi
767 882 885 917 longior
899 881 992 909 videri
1007 881 1059 908 de-

235 929 348 961 berem,
355 928 385 956 in
392 927 526 955 medium
532 935 653 963 quoque
660 926 797 955 aﬂ‘errem
804 926 860 954 aeti
864 928 921 954 tem
928 925 1060 962 lapidem

236 973 310 1000 mire
325 971 430 1008 aquile
440 971 510 999 huic
520 971 551 999 in
570 970 668 1007 pullos
694 970 808 999 utilem.
837 971 940 998 Petrus
959 974 1060 998 autem

235 1018 314 1046 hanc
321 1017 426 1045 faciem
434 1016 542 1052 aquilae
548 1016 686 1052 praebens
693 1015 885 1050 Evangelium
897 1014 1060 1050 plurimum

232 1062 310 1098 juvit
315 1061 466 1095 dictando,
474 1060 550 1088 bene
557 1060 596 1088 ad
602 1060 732 1088 volandu
738 1068 767 1087 m
773 1067 898 1087 movens
907 1059 1060 1087 historiam

237 1105 275 1135 ad
282 1106 363 1134 hunc
374 1105 535 1133 salutarem
555 1107 708 1132 conatum.
726 1103 783 1132 Sed
793 1104 856 1131 haec
872 1104 1061 1132 ambitiosius

235 1150 316 1178 dicta
353 1151 432 1183 sunt,
467 1157 537 1176 cum
575 1151 692 1176 erectus
728 1148 801 1176 mihi
834 1156 932 1176 sermo
957 1149 992 1176 sit
1020 1149 1059 1177 ad

236 1201 381 1228 magnam
391 1194 467 1221 hanc
480 1192 623 1228 aquilam.
645 1193 737 1227 Hujus
757 1192 845 1227 igitur
871 1192 988 1220 initium
1015 1196 1060 1221 est

234 1238 434 1266 evolvendum
440 1237 655 1265 abundantius.
663 1237 725 1264 [niti
731 1245 781 1264 um
788 1237 920 1273 corporis
937 1238 983 1272 cuj
989 1237 1057 1265 usli—

233 1282 414 1311 betomnino
421 1284 465 1309 est
479 1283 579 1317 caput.
597 1282 691 1317 Caput
698 1284 798 1309 autem
809 1281 988 1316 evangelicae
1003 1282 1058 1309 hu-

230 1327 281 1362 jus
294 1325 472 1353 narrationis
482 1326 526 1352 est
541 1324 679 1357 Christus,
697 1325 751 1353 etsi
764 1327 855 1361 caput
874 1325 905 1353 in
931 1325 1057 1354 modum

233 1370 311 1398 servi
321 1372 390 1398 ante
403 1369 565 1405 Baptistam
580 1368 712 1397 inclinet.

236 1414 398 1452 ἐγχείρησιν.

235 1457 313 1494 ἀετῷ.
353 1461 405 1488 Τὴν
444 1457 531 1495 ἀρχὴν
570 1461 654 1484 τοίνυν
693 1460 785 1484 τούτου
811 1461 1010 1495 περιεργαστέον
1040 1459 1270 1497 ἐξηγητικὼτιρον.

384 1502 485 1539 Κεφαλὴ
514 1500 543 1529 δὲ
573 1506 622 1534 τῆς
648 1503 820 1538 εὖαγγελικῶς
838 1506 951 1531 ταυτησὶ
970 1508 1151 1540 πραγματείας
1195 1509 1321 1542 Χριστος,
1352 1504 1400 1530 κᾶν
1435 1507 1482 1534 τὴν
1523 1504 1635 1540 κεφαλὴν
1677 1502 1808 1534 δουλικῶς
1850 1513 1914 1529 υπο-

233 1503 341 1540 κεφαλή.

231 1547 304 1584 κλίνῃ
320 1551 356 1582 τῷ
375 1551 509 1583 Βαπτιστῇ
517 1569 524 1575 .

1113 218 1271 250 προφητείαν
1306 215 1434 248 Ἰωάννου,
1468 213 1522 239 ἀλλ’
1555 214 1594 239 ὃτι
1628 215 1672 238 καὶ
1710 214 1738 238 τὸ
1777 214 1919 248 πρόσωπον

1114 259 1187 289 εὐθὺς
1199 263 1243 285 τοῦ
1255 259 1333 295 λόγον
1355 259 1468 285 κατευθὺ
1491 262 1538 284 τοῦ
1565 255 1698 294 Ἰορδάνου
1723 257 1782 293 ὁρᾷ,
1811 257 1881 282 ὅπου
1908 257 1919 281 ο

1114 307 1161 334 τῆς
1174 302 1347 334 δικαιοσύνης
1368 304 1440 334 ἣλιος
1464 304 1524 339 ἄρτι
1548 301 1664 337 ἀνία-χεν
1686 301 1761 327 ἀετοῦ
1791 299 1824 327 δὲ
1843 310 1919 336 μονον

1113 352 1162 373 τῶν
1182 348 1302 374 ἁπάντων
1333 349 1406 378 ζώων
1437 349 1466 373 τὸ
1496 346 1683 383 επιντρανίξειν
1710 343 1919 381 ἀσκαρδαμυκτὶ

1113 394 1158 418 καὶ
1173 391 1243 428 δίχα
1257 394 1428 428 καταμύσεως
1456 395 1511 422 τοῖς
1536 391 1656 421 ἠλιακὸῖς
1679 389 1918 425 ἂκτινοϐολήμασι.

1114 437 1191 466 Δηλοῖ
1206 436 1236 464 δὲ
1249 439 1262 463 ό
1278 438 1441 473 εὐαγγελικὸς
1461 436 1533 467 ἀετὸς
1552 439 1597 462 καὶ
1623 437 1652 461 τὸ
1678 435 1702 461 ἐν
1732 432 1856 471 Ἰορδάνῃ
1885 438 1919 468 τῷ

1112 486 1221 518 ποταμῷ
1242 483 1452 519 ίερουργούμενον
1467 482 1533 507 θεῖον
1548 483 1702 516 μυστήριον.
1733 479 1775 509 Ὠς
1806 481 1862 516 γὰρ
1891 481 1919 504 τὸ

1113 526 1332 563 ἀνθρωπόμορφον
1364 529 1408 552 τοῦ
1441 527 1508 552 κατὰ
1537 526 1672 552 Ματθσιῖον
1702 523 1866 559 Εὐαγγελίου
1891 525 1919 549 τὸ

1112 575 1160 600 τῆς
1184 571 1273 607 ἑορτῆς
1305 573 1452 606 μυστήριον
1480 571 1654 605 ὑπεσήμαινε,
1682 572 1729 594 τοῦ
1755 571 1823 595 Θεοῦ
1854 568 1919 603 λέγω

1112 618 1158 643 τήν
1178 614 1382 652 ὲνανθρὼπησιν·
1412 615 1480 640 οὕτω
1508 617 1553 640 καὶ
1579 615 1591 639 ό
1619 615 1688 639 κατὰ
1712 614 1823 649 Μάρκον
1851 611 1919 642 ἀετός

1113 661 1160 688 τήν
1178 659 1278 688 τελετήν
1298 660 1451 695 ὑπεμφαίνει
1475 663 1521 684 τοῦ
1555 659 1624 685 θείου
1653 657 1851 693 βαπτίσματοςε
1884 655 1918 682 δι’

1113 703 1143 729 οὗ
1159 702 1352 734 ἀνακαινίςεται
1383 705 1415 734 ὡς
1447 705 1522 729 ὀιστοῦ
1555 703 1571 731 ἡ
1603 705 1693 733 νεότης
1725 706 1771 728 τοῦ
1805 701 1919 728 παλαιοῠ

1114 746 1351 784 ’Δδὰμ,)ουομένη
1371 750 1484 784 σήμερον
1515 747 1538 773 ὶν
1571 751 1608 782 τῷ
1635 745 1768 783 Ίορδάνη,
1798 748 1845 772 καὶ
1873 749 1918 774 τὴν

1113 791 1141 818 ἐκ
1159 792 1329 829 παραϐάσεως
1352 791 1523 828 ἀποσειομένη
1556 793 1662 828 φθοράν.
1696 793 1746 817 Καὶ
1775 790 1862 820 ἄλλως
1890 788 1918 816 δὲ

1078 846 1099 872 Β
1114 838 1127 863 ὁ
1140 837 1214 868 ἀετός
1233 838 1276 862 οἶα
1288 835 1322 866 δὴ
1343 839 1438 865 πτηνὸν
1467 836 1493 868 ἐξ
1520 835 1623 862 ὑδάτων
1650 837 1715 872 ἔσχε
1745 837 1793 864 τήν
1817 837 1917 870 γένεσιν

1114 881 1269 917 κελεύσματι
1297 879 1490 918 δημιουργικῷ·
1512 883 1557 907 καὶ
1575 883 1604 906 τὸ
1624 881 1692 906 κατὰ
1715 881 1824 916 Μάρκον
1847 882 1918 905 τουτὶ

1115 927 1310 962 Εὐαγγίλιονέχ
1338 931 1383 953 τοῦ
1413 928 1481 953 θείου
1511 926 1694 963 βαπτίσματος
1717 925 1842 962 ἄρχεται,
1873 927 1917 951 καὶ

1114 973 1204 1008 προῑὸν
1223 972 1257 1002 εἰς
1272 973 1301 997 τὸ
1321 971 1387 1006 ὕψος
1406 971 1547 1006 καταλήγει
1574 974 1619 996 τοῦ
1647 970 1767 1008 οὐρανοῦ,
1800 973 1848 999 τῆς
1877 973 1917 995 Δε-

1116 1021 1243 1046 σποτικῆς
1281 1015 1431 1051 ἀναλήψεως
1463 1013 1624 1041 ὶιιδιδάσκον
1656 1017 1700 1041 τόν
1745 1017 1843 1050 τρόπον
1873 1016 1918 1039 καὶ

1116 1064 1289 1096 ωμπεραίνον
1302 1063 1349 1089 τήν
1364 1064 1460 1090 πτῆσιν
1491 1064 1522 1095 τῇ
1550 1061 1616 1095 πρὸς
1642 1061 1685 1085 τὸν
1714 1060 1780 1085 Θεὸν
1790 1062 1837 1084 καὶ
1866 1062 1916 1084 Πα-

1114 1107 1175 1141 τέρα
1187 1104 1312 1131 ἀναϐάσει
1329 1109 1375 1131 τοὺ
1395 1108 1513 1140 Σωτῆρος
1529 1107 1657 1141 Χριστοῦ.
1687 1103 1716 1129 Εἰ
1746 1101 1776 1129 δὲ
1806 1105 1843 1138 μή
1874 1112 1917 1129 πε-

1113 1152 1274 1186 ριεργότερος
1289 1149 1389 1185 ἔμελλον
1409 1147 1486 1180 δόξαι
1505 1148 1578 1174 πλέον
1592 1152 1638 1174 τοῦ
1654 1147 1766 1181 δέοντος,
1797 1150 1844 1173 καὶ
1875 1149 1917 1173 τὸν

1115 1192 1218 1222 ἀετὶτην
1237 1193 1307 1220 λίθον
1327 1194 1361 1223 εἰς
1379 1196 1458 1229 μέσον
1477 1193 1507 1218 ἂν
1540 1202 1694 1230 παρήγαγον
1727 1191 1849 1222 immo;
1882 1196 1916 1226 τῷ

1113 1242 1202 1273 πτηνῷ
1227 1240 1310 1274 τούτῳ
1342 1240 1407 1274 πρὸς
1435 1240 1495 1268 τοὺς
1523 1240 1614 1267 τόκους
1629 1239 1804 1273 συμφέροντα.
1819 1238 1916 1271 Πέτρος

1114 1281 1143 1309 δὲ
1175 1287 1211 1318 τῷ
1244 1283 1393 1319 ἀπομόρφῳ
1425 1284 1508 1318 τούτῳ
1542 1281 1688 1317 Εὗαγγελίῳ
1720 1284 1749 1307 το
1794 1281 1916 1307 πλιῐστον

1114 1327 1466 1363 συνιϐάλετο,ὑπαγορευτης
1486 1326 1566 1352 αὑτοῦ
1593 1328 1716 1362 γεγονὼς,
1747 1323 1774 1351 εὖ
1804 1324 1915 1351 ἀναπτε-

1113 1374 1200 1408 ρώσας
1219 1382 1261 1398 τον
1283 1373 1434 1407 συγγραφέα
1459 1374 1523 1408 προς
1551 1373 1598 1400 τὴν
1628 1368 1784 1406 σωηριὼδη
1818 1372 1915 1399 ταυτην

441 1413 518 1440 Ἀλλὰ
540 1416 625 1439 ταῦτα
649 1415 694 1449 μεν
724 1413 917 1450 φιλοτιμότερον
946 1415 1046 1448 εἴρηται
1076 1417 1345 1454 συμμετιωρισθέντος
1376 1425 1422 1452 μοι
1453 1420 1499 1442 τοῦ
1530 1415 1608 1451 λόγου
1639 1419 1675 1450 τῷ
1701 1414 1806 1451 μεγάλῳ
1834 1417 1915 1449 τούτῳ

1316 1461 1402 1497 Ἀρχὴ
1437 1459 1467 1486 δὲ
1499 1463 1620 1496 σώματος
1651 1460 1736 1488 πάντη
1767 1460 1874 1490 πάντως
1899 1460 1912 1487 ἡ

266 1593 297 1619 V.
317 1602 328 1616 ι
346 1591 464 1619 Initium
478 1591 628 1626 Evangelii
639 1592 708 1619 Iesu
724 1591 840 1623 Christi,
865 1591 925 1619 Filii
941 1591 1001 1625 Dei,
1027 1600 1041 1619 u

1149 1596 1184 1620 E.
1201 1605 1212 1618 «
1233 1595 1319 1630 Ἀρχὴ
1335 1597 1381 1619 τοῦ
1401 1592 1560 1628 Εὐαγγελίου
1579 1593 1668 1621 Ἰησοῦ
1698 1595 1828 1628 Χριστοῦ,
1854 1593 1913 1618 Υἱον

232 1636 377 1672 scriptum
388 1639 433 1664 est
441 1636 471 1663 in
481 1636 633 1672 prophetis
646 1645 652 1663 :
665 1637 737 1663 Ecce
748 1643 803 1670 ego
815 1635 899 1663 mitto
915 1635 1056 1671 angelum

230 1688 333 1708 meum
340 1682 408 1708 ante
418 1679 524 1707 faciem
534 1683 617 1708 tuam
625 1680 675 1716 qui
687 1680 869 1715 praeparabit
883 1680 962 1708 viam
975 1683 1057 1708 tuam

232 1727 301 1752 ante
319 1727 359 1753 te.
374 1725 437 1752 Vox
452 1724 587 1752 clamatis
621 1725 651 1751 in
678 1724 795 1752 deserto
813 1733 819 1752 :
853 1726 953 1752 I’arate
976 1724 1057 1753 viam

233 1769 351 1796 Domini
365 1769 397 1804 ”,
409 1780 422 1793 »
434 1771 463 1796 et
471 1768 596 1804 reliqua.
614 1769 746 1796 Granum
760 1768 900 1796 frumenti
917 1769 947 1796 in
974 1772 1057 1797 terrae

232 1813 301 1840 sinu
313 1812 525 1840 absconditum
537 1812 892 1848 etsolutumprincipium
904 1814 936 1840 tit
964 1813 1057 1841 abun-

231 1857 331 1885 dantis
345 1857 449 1884 messis
464 1859 492 1884 et
504 1857 618 1893 spicam
651 1857 763 1893 profert
791 1857 891 1884 multis
915 1865 969 1893 pro
999 1866 1059 1885 uno

232 1901 333 1937 granis
340 1900 490 1929 refertam.
502 1901 595 1929 Veteri
605 1901 670 1937 lege
687 1901 813 1929 nimium
829 1904 911 1930 arcta
923 1903 985 1937 jam
998 1911 1058 1930 ces-

232 1947 316 1974 sante
325 1948 353 1973 et
361 1944 583 1979 soluta(omnes
593 1946 672 1973 enim
688 1946 841 1982 propheta
852 1948 879 1974 et
904 1946 949 1974 lex
963 1955 1059 1983 usque

231 1989 271 2018 ad
285 1989 434 2017 Joannem
458 1989 732 2026 prophetaverunt),
758 1990 875 2018 initium
903 1991 1059 2027 quoddam

231 2033 493 2062 alterumetaltera
506 2034 682 2068 germinatio
692 2034 761 2062 inde
781 2039 915 2071 apparet,
936 2036 993 2063 vita
1018 2044 1060 2063 se-

231 2079 365 2107 cundum
381 2079 530 2107 Christum
550 2081 578 2106 et
590 2079 782 2114 Evangelium
809 2080 902 2115 regni.
913 2080 1060 2113 Quemad-

230 2123 355 2152 modum
368 2123 457 2160 igitur
465 2123 495 2151 in
507 2126 617 2152 terram
628 2124 772 2160 injectum
781 2124 965 2152 frumentum
990 2124 1060 2153 ﬁnis

231 2169 354 2205 quidem
370 2171 414 2196 est
427 2169 578 2205 spicarum
593 2169 673 2197 unde
687 2172 786 2197 ortum
800 2172 853 2201 est,
867 2170 983 2198 initium
1011 2179 1061 2197 au-

231 2212 291 2241 te'm
308 2213 341 2241 ﬁt
354 2213 481 2241 aliarum
491 2221 557 2250 quae
574 2214 644 2242 inde
659 2214 741 2242 nasci
756 2214 867 2242 debent
888 2215 1040 2251 spicarum
1053 2223 1059 2248 ;

232 2258 273 2286 sic
287 2260 315 2286 et
328 2258 538 2295 tibibaptisma
551 2262 579 2287 et
592 2260 760 2287 Praecursor
770 2260 1060 2296 vcnitutsitquidem
1079 2271 1099 2298 ι)

231 2302 299 2331 ﬁnis
315 2302 388 2338 legis
403 2306 432 2331 et
448 2304 662 2340 prophetarum
704 2304 835 2339 sigillum
864 2304 1059 2339 concludens,

232 2347 412 2383 principium
424 2350 524 2375 autem
535 2350 562 2375 et
573 2347 659 2375 radix
671 2348 932 2375 NoviTestamenti
952 2350 980 2376 et
995 2357 1060 2383 gra-

231 2391 277 2420 tia:
292 2391 497 2428 plenitudinis.
517 2393 550 2420 Et
564 2395 729 2428 postquam
746 2393 925 2428 princlpium
946 2392 1018 2420 illud
1032 2396 1060 2421 et

231 2444 332 2465 semen
348 2440 523 2473 corruptum
539 2439 594 2471 est,
606 2436 654 2464 ille
668 2436 721 2472 qui
732 2444 835 2464 semen
847 2437 975 2465 Abrahze
996 2446 1059 2465 sus-

229 2481 306 2517 cepit
321 2482 474 2516 Dominus,
492 2482 607 2516 spicam
623 2480 720 2508 emisit
743 2481 821 2512 vitse,
852 2482 1058 2516 evangelicum

229 2526 297 2554 dico
306 2525 500 2562 praeconium,
517 2525 595 2552 unde
611 2524 766 2552 coniicitur
777 2533 870 2560 purus
882 2526 1057 2562 angelorum

230 2570 326 2606 panis,
339 2570 427 2606 panis
436 2570 570 2605 quidem,
583 2569 633 2597 sed
642 2570 855 2603 immaterialis,
867 2579 920 2606 per
928 2580 996 2599 eum
1006 2573 1057 2607 qui

230 2615 260 2642 in
273 2614 350 2649 ignis
361 2614 457 2648 ﬁgura
465 2616 570 2649 sponte
577 2613 743 2646 descendit,
751 2615 977 2642 sanctissimum
995 2616 1057 2651 Spi-

230 2658 320 2687 ritum
334 2667 343 2694 ;
359 2666 468 2694 panem
488 2657 665 2694 angelorum
681 2659 760 2691 dico,
775 2659 942 2695 angelicam
966 2660 1057 2688 vitam

267 2765 291 2781 ⁸⁷
303 2765 389 2792 Marc.
411 2773 433 2800 ι,
450 2766 478 2794 1.

1112 1641 1158 1663 τοῦ
1182 1641 1259 1671 ΘεοῦΥ
1285 1639 1317 1668 ὡς
1345 1640 1492 1674 γέγραπται
1519 1636 1544 1662 ἐν
1570 1641 1624 1668 τοῖς
1653 1637 1809 1673 προφήτάις”
1845 1635 1913 1662 Ἰδοὺ

1113 1681 1162 1717 ἐγώ
1177 1681 1325 1708 ἀποστέλλω
1339 1684 1382 1708 τὸν
1402 1682 1510 1718 ἄγγελον
1524 1691 1574 1717 μου
1601 1683 1650 1718 πρὸ
1678 1683 1821 1718 προσώπου
1856 1690 1913 1714 σου,

1113 1727 1140 1756 ὃς
1159 1728 1352 1753 κατασκευάσει
1368 1729 1411 1756 τήν
1431 1725 1493 1753 ὁδον
1515 1735 1562 1752 σου
1588 1726 1732 1762 ἔμπροσθὰ
1753 1735 1811 1752 σου.
1842 1727 1912 1753 Φωνὴ

1113 1770 1227 1807 βοῶντος
1257 1771 1281 1796 ἐν
1308 1775 1339 1807 τῇ
1368 1773 1464 1808 ἐρήμῳ·
1496 1771 1667 1806 Ἑτοιμάσατε
1692 1773 1739 1799 τήν
1767 1767 1830 1796 ὁδον
1864 1773 1912 1796 Κυ-

1111 1825 1180 1852 ριου,
1200 1826 1213 1839 ››
1241 1818 1286 1841 καὶ
1318 1817 1352 1841 τὰ
1375 1815 1440 1847 ἑξῆς.
1475 1819 1505 1840 Ὀ
1529 1818 1622 1845 κόκκος
1654 1818 1698 1840 τοῦ
1727 1816 1812 1848 σίτου,
1841 1813 1913 1850 ἐγκα-

1113 1859 1250 1897 τακρνϐεἱς
1270 1864 1329 1890 ταῖς
1354 1860 1449 1895 λαγόσι
1474 1865 1521 1890 τῆς
1544 1864 1592 1894 γῆς
1617 1861 1661 1885 καὶ
1683 1859 1817 1894 λυομςνος⁷
1843 1858 1910 1895 ἁρχὴ

1111 1907 1211 1940 γίνεται
1234 1904 1381 1942 πολυφόρου
1411 1903 1571 1937 σιτοδοσιας,
1601 1907 1645 1930 καὶ
1668 1905 1770 1939 στάχυν
1796 1907 1912 1940 προφέρει

1113 1949 1216 1980 πολλοῖς
1230 1949 1284 1975 ἀνθ’
1300 1949 1353 1980 ἑνος
1374 1948 1501 1986 βρίθοντα
1528 1951 1643 1982 κόκκοις,
1671 1952 1722 1974 Τοῦ
1749 1951 1836 1974 τοίνυν
1869 1958 1912 1974 πα-

1113 1993 1187 2019 λαιοῦ
1201 1997 1281 2030 νόμου
1297 1996 1342 2020 καὶ
1357 1994 1413 2020 λίαν
1433 1993 1604 2029 ἐστενωμένου
1635 1991 1688 2022 ἤδη
1722 1992 1849 2028 λήγοντος
1874 1995 1913 2018 καὶ

1114 2038 1237 2073 λυομένου
1253 2039 1357 2073 (πάντες
1372 2040 1422 2075 γὰρ
1440 2039 1464 2064 οἱ
1496 2042 1629 2075 προφῆται
1657 2040 1702 2063 καὶ
1727 2038 1740 2062 ὀ
1765 2040 1845 2074 νόμος
1873 2039 1912 2067 ἕως

1122 2084 1230 2109 Ιωαννου
1250 2083 1454 2120 προεφήτευσαν)
1471 2081 1542 2118 ἀρχή
1564 2092 1602 2112 τις
1634 2082 1708 2119 ἑτέρα
1737 2084 1783 2108 καὶ
1813 2081 1910 2118 βλάστη

1115 2126 1208 2153 ἐκεῖθεν
1223 2128 1420 2163 προφαίνεταιή
1441 2128 1508 2152 κατά
1527 2128 1642 2163 Χριστὸν
1671 2126 1787 2152 πολιτεία
1814 2129 1861 2152 καὶ
1887 2127 1910 2152 τὸ

1117 2171 1270 2206 Εὔαγγίλιον
1298 2176 1344 2202 τῆς
1374 2171 1519 2207 βασιλείας.
1549 2170 1650 2208 Ὠσπερ
1679 2174 1764 2197 τοίνυν
1797 2171 1809 2196 ὀ
1836 2181 1909 2197 κατα-

1116 2215 1269 2250 ϐαλλόμενος
1284 2215 1309 2241 ἐν
1325 2220 1355 2252 τῇ
1376 2219 1410 2252 γῇ
1441 2219 1513 2246 σῖτος
1546 2215 1616 2246 τεἿος
1723 2219 1773 2241 τῶν
1791 2217 1909 2252 σταχύων

1116 2260 1171 2285 ὅθεν
1186 2259 1270 2295 ἐξέφυ,
1291 2259 1363 2297 ἀρχή
1398 2258 1428 2286 δὲ
1458 2262 1553 2295 γίνεται
1587 2257 1662 2290 αὖθις
1693 2263 1742 2285 τῶν
1775 2259 1803 2290 ἐξ
1837 2261 1908 2285 αὑτοῦ

1116 2303 1332 2340 ἀναφυησομένων
1364 2303 1507 2340 ἀσταχύων
1538 2305 1639 2341 ἐτέρων·
1673 2304 1742 2329 οὕτω
1775 2313 1818 2330 σοι
1852 2314 1908 2330 συν-

1114 2348 1176 2378 ῆλθε
1188 2348 1253 2374 κάπὶ
1267 2353 1312 2374 τοῦ
1328 2348 1511 2385 βαπτίσματος
1522 2350 1568 2374 καὶ
1585 2346 1752 2385 Προδρόμου,
1784 2349 1819 2378 ὡς
1852 2349 1907 2374 εἶναι

1114 2394 1191 2420 αὑτὸν
1206 2396 1286 2431 πέρας
1304 2395 1349 2429 μὲν
1368 2397 1413 2420 τοῦ
1432 2396 1510 2430 νόμον
1544 2395 1590 2419 καὶ
1623 2397 1673 2419 τῶν
1705 2397 1847 2430 προφητῶν
1862 2392 1906 2419 ἐπι·

1115 2440 1279 2476 σφράγισμα,
1298 2438 1386 2476 ἀρχὴν
1401 2437 1431 2465 δὲ
1443 2441 1487 2465 καὶ
1509 2439 1586 2475 ῥίζαν
1615 2442 1660 2468 τῆς
1689 2440 1756 2468 Νέας
1786 2439 1907 2466 Διαθήκης

1113 2486 1158 2509 καὶ
1183 2487 1228 2510 του
1260 2487 1308 2514 τῆς
1325 2485 1437 2520 χάριτος
1465 2483 1658 2520 πληρώματοςι
1674 2485 1719 2508 καὶ
1747 2484 1844 2512 ταύτης
1868 2487 1906 2511 τῆς

1113 2527 1201 2564 ἀρχῆς
1215 2530 1260 2554 καὶ
1279 2532 1324 2554 τοῦ
1354 2531 1501 2565 σπέρματος
1534 2529 1627 2554 τούτου
1661 2528 1801 2563 φθινόντων
1831 2528 1844 2553 ὀ
1869 2528 1905 2552 τον

1113 2575 1262 2608 σπέρματος
1289 2572 1407 2610 Ἀϐραὰμ
1433 2572 1614 2608 ἐπιλαϐόμενος
1650 2573 1754 2608 Κύριος,
1784 2574 1828 2598 τὸν
1853 2571 1905 2597 trra"

1111 2627 1164 2652 χυν
1176 2617 1301 2648 ἐξήνθησε
1313 2622 1357 2648 τῆς
1375 2618 1455 2650 ζωῆς,
1470 2619 1499 2643 τὸ
1528 2616 1693 2653 εὐαγγελικον
1722 2626 1791 2652 φημι
1819 2619 1904 2653 κήρυτ-

1111 2671 1158 2698 μα,
1202 2662 1257 2688 ὃθεν
1295 2664 1473 2699 ὰρτοποιεῖται
1514 2662 1527 2687 ὁ
1566 2662 1680 2697 καθαρὸς
1708 2665 1759 2687 τῶν
1803 2660 1903 2697 ἀγγέλων
