1963 3084
46 132 95 175 749

633 126 782 157 HOMILIA
802 125 836 153 IN
856 124 906 152 SS.

927 123 1154 151 INNOCENTES.
1681 126 1735 153 750

46 192 130 229 ᾱρτος,
147 202 192 218 και
202 192 280 229 ἄρτος
299 203 343 218 και
369 192 447 222 ἄῡλος
477 190 524 218 διά
547 196 593 218 τοὺ
630 193 655 218 s'v
681 189 746 217 εῖδει
769 189 851 223 πυρὸς

927 185 1061 213 tvirtutis
1076 186 1206 214 amicam
1225 184 1496 218 conversationem,
1511 193 1604 221 quam
1615 189 1644 214 et
1656 187 1735 215 Deus

47 237 220 268 αὐτεξουσίως
270 237 472 268 κατεληλυθότος
523 239 666 273 Πνεόματος
710 236 850 269 «mw/iw.

46 283 122 319 ἄρτον
138 279 168 308 δέ
188 281 303 318 ἀγγέλων
329 292 396 318 φημι
428 292 471 308 τον
495 281 632 318 ἀγγελιχὸν
663 281 720 318 βίον
739 282 784 306 καί
804 281 852 308 τὴν

47 326 177 363 ᾳιλάρετον
198 325 343 362 διαγωγήν,
373 327 403 356 ἦν
427 329 473 352 καί
491 327 518 357 ός
544 327 596 356 Θὸς
621 329 705 361 πεινᾷ,
734 327 779 350 καί
801 321 853 353 τοῖς

47 374 78 407 μή
96 373 261 408 παρέχουσιν
277 371 512 408 ἐπεμϐριμωμενος.
534 382 548 396 (ί
568 373 709 402 Επείνοισα,
739 380 752 393 ›)
773 369 851 408 λέγει,

47 418 107 440 υχαί
121 417 167 441 οὐκ
192 414 307 442 ἐδώκατέ
322 426 366 452 μοι
389 420 522 452 φαγεῖν.»
555 419 635 451 Πεινᾲ
662 416 713 452 γάρ
743 416 855 441 πὰντοτε

47 463 90 488 τὴν
106 463 237 497 σωτηρίαν
257 461 340 496 ἡμῶν.
362 463 393 496 4ῐί
407 458 437 486 δέ
459 463 579 498 σωτηρία
601 460 660 496 βίος
691 462 747 486 ἐστί
773 460 855 485 καθα-

47 507 90 541 ρὸς
105 508 150 531 καί
163 506 177 534 ἡ
195 507 261 542 πρὸς
274 508 320 531 τὸυ
336 505 446 534 πλησίον
463 504 562 541 ἁγὰπη.
585 508 667 542 Ὀπερ
687 503 730 530 οὖν
758 504 854 539 ἔλεγον,

49 551 147 586 σπόρον
178 551 259 575 τύπον
296 549 384 585 ἐπεῖχε
416 553 462 575 τοῦ
503 549 620 576 Ἰωάννου
652 553 698 575 τοῦ
708 551 855 574 Βαπτιστοῦ

47 604 171 631 κῃρνγμοι
197 597 242 620 καί
261 596 291 620 τὸ
319 593 470 630 βάπτισμα.
498 597 548 620 Καί
570 595 652 620 αὐτοῦ
673 593 794 623 λυθέντος
811 601 856 624 καί

47 638 264 676 νποῤῥςᾶσαντος,
297 638 468 670 ἐξήνθησενὸ
497 642 543 668 τῆς
576 640 686 675 χάριτος
720 637 852 673 ἀσταχυς.

49 686 97 710 Καί
121 685 208 709 τοίνυν
239 686 285 712 τήν
329 683 422 709 ἑαυτοῦ
445 685 489 719 μὲν
521 685 630 720 μείωσιν
663 684 676 709 ὃ
705 685 854 712 Βαπτιστὴς

49 733 173 765 σννορών,
195 730 330 764 προκοπήν
353 726 383 754 δὲ
407 738 452 753 χαι
478 727 589 759 αυξησιν
609 731 655 754 τοῦ
675 731 723 759 τῆς
747 727 858 764 χάριτον

51 771 178 808 στάχυος,
194 771 257 798 ἐϐόα
274 772 410 810 παρρησιᾳ
428 774 493 808 πρὸς
523 774 583 803 τούς
609 774 755 805 συνιόντας,
781 773 859 810 «Ἐμέ

50 816 89 843 ὁ*ίί
114 817 298 851 ἐλαττοῦσθαι,
317 816 410 843 ἐκεῖνον
424 815 454 843 δὲ
470 816 599 850 αὗξάνειν,
615 828 628 842 ›ι
645 819 705 854 περί
718 820 764 843 τοῦ
791 820 859 853 Χρι-

53 865 113 888 στοῦ
128 861 223 897 λέγων,
237 862 284 888 οὐκ
312 861 482 898 ἀλγυνόμενος
508 861 550 888 ἐπί
576 863 679 895 τούτου,
711 861 764 887 ἀλλ’
783 861 858 897 ἀγαλ-
881 864 900 891 Β

50 907 208 942 λιὼμῖνοςοῆ
225 916 252 932 τε
277 907 325 943 γάρ
351 907 438 942 eam;
467 908 560 932 τοὺτου
589 909 633 932 καί
658 907 673 935 ἡ
701 910 747 932 τοῦ
776 906 861 942 Εὐαγ-

52 951 135 986 γελίου
166 952 245 987 φύσις
283 952 364 976 εἰτουν
403 949 551 986 βλάστησις
587 952 624 981 εὶς
657 951 682 976 ἓν
712 950 860 976 συνέϐαινον

55 998 96 1021 καί
110 996 279 1032 συνέτρεχον,
302 996 332 1021 τὸ
348 995 479 1021 συνθεῖναι
503 996 547 1021 τὸν
573 995 718 1033 ἄνθρωπον.
739 997 789 1021 Καί
817 995 861 1021 ἄλ-

54 1035 101 1066 λως
123 1034 154 1062 δὲ
178 1037 208 1061 τὸ
238 1039 284 1061 τοῦ
307 1037 385 1071 νόμον
426 1035 593 1071 ἐστενωμένον
632 1037 729 1061 κόκκου
784 1035 860 1071 λόγον

55 1079 141 1116 ἐπεῖχε
159 1078 207 1106 διὰ
216 1081 246 1106 τό
267 1083 312 1106 τοῦ
331 1081 417 1110 ἔθνους
428 1080 475 1105 τοῦ
488 1079 539 1106 ὐπὸ
555 1081 598 1106 τὸν
616 1082 694 1116 νόμον
719 1078 859 1116 μονοειδές·

54 1126 170 1160 γνωστὸς
184 1126 237 1160 γὰρ
253 1124 320 1154 ἐντῆ
339 1123 459 1160 ,Ιουδαίᾳ
485 1125 498 1150 ὁ
524 1126 599 1158 Θεὸς,
620 1127 664 1150 καί
691 1125 720 1150 οὐ
744 1127 860 1162 περαιτέ-

53 1180 98 1206 ρω·
119 1169 133 1198 ἠ
153 1167 183 1195 δέ
199 1169 282 1206 χὰρις
310 1170 357 1198 τήν
385 1173 435 1194 τῶν
468 1168 545 1194 ἐθνῶν
580 1171 711 1205 συνήγαγε
731 1179 862 1205 πανσπερ-

54 1217 115 1250 μίαν
135 1216 181 1239 καί
202 1214 238 1243 εἰς
248 1213 338 1239 ἑκατὸν
353 1215 398 1239 καί
413 1223 448 1244 εις
463 1213 589 1244 ἐξήκοντα
613 1217 657 1239 καί
681 1214 717 1245 εἰς
744 1216 860 1248 τριάκον-

54 1269 86 1284 τα
112 1259 226 1295 ἐμςάορία
271 1259 398 1295 [εὑφορία]
431 1263 482 1284 τῶν
509 1257 613 1293 ἀγαθῶν
642 1258 724 1289 αὐτῆς
744 1259 860 1296 πράξεων

55 1298 216 1328 ὲπληθὺνθη·
243 1300 332 1329 Οὕτως
351 1298 422 1335 ἀρχῆ
448 1302 495 1324 τοῦ
518 1298 675 1334 Εὗαγγελίου
700 1303 817 1336 Χριστοῦ
844 1300 858 1328 ἠ

54 1348 99 1369 τοῦ
126 1343 249 1370 Ἰωάννου
286 1345 351 1378 πρὸς
374 1344 433 1373 τούς
458 1342 609 1379 ἀνθρώπους
637 1346 790 1380 φανέρωσις.
818 1345 861 1369 Διὸ

54 1391 99 1414 καί
118 1397 196 1424 φησι,
216 1399 226 1413 ι
242 1387 287 1418 ’ος
298 1390 446 1424 γέγραπται
471 1387 496 1414 ἐν
523 1392 576 1418 τοῖς
605 1392 759 1426 προφήταις·
791 1387 861 1415 Ἰδού

55 1436 103 1468 ὲγὼ
119 1431 269 1458 ἀποστέλλω
284 1434 328 1458 τὸν
351 1432 460 1468 ἄγγελόν
493 1442 543 1468 μου
572 1435 622 1470 πρὸ
649 1436 791 1470 προσώπου
803 1443 862 1466 σου,

56 1480 80 1507 o';
94 1477 290 1503 κατασκευάσει
311 1479 357 1506 τήν
383 1475 444 1503 ὀδόν
474 1486 522 1503 σου
543 1478 686 1514 ἔμπροσθέν
707 1488 764 1505 σου.
784 1489 794 1503 ι
817 1479 864 1509 Ὠς

57 1532 83 1549 εκ
115 1526 162 1548 τοῦ
204 1522 305 1558 ῌατρὸς
328 1520 398 1547 ἐστιν
431 1520 444 1547 ὀ
473 1521 548 1557 λόγος
576 1524 620 1548 τόν
648 1521 674 1553 ἐξ
702 1522 782 1548 αὐτοῦ
809 1526 863 1549 Μο-

55 1570 142 1602 νογενῆ
167 1553 327 1602 λελεγμένος,
345 1568 389 1591 καί
416 1553 524 1601 ἄγγελον
550 1566 683 1602 ὀνομάζων
707 1569 750 1592 τὸν
784 1566 863 1602 ἁγγε-
883 1553 902 1581 C

55 1611 140 1637 λὸϐιον
159 1609 294 1643 ’Ῑωὰννην,
310 1611 353 1636 ἶνα
367 1612 402 1646 μή
420 1613 497 1646 μόνον
517 1615 565 1641 τῆς
596 1613 625 1637 ἐκ
647 1612 779 1647 Παρθένου
807 1620 863 1647 γεν-

53 1657 149 1686 νὶισεως
163 1654 274 1691 air/7:10;
295 1655 426 1692 προτρέχῃ
460 1656 473 1680 ὁ
501 1654 626 1692 Γαϐριὴλ,
660 1655 723 1681 ἀλλά
749 1659 793 1682 καί
815 1661 863 1687 τῆς

54 1701 78 1726 ἐν
92 1698 217 1738 Ἰορδάνῃ
240 1699 442 1735 ἀναγεννήσεως,
473 1701 503 1729 ἠν
533 1701 595 1736 ὑπέρ
618 1700 681 1736 ἐμοῦ
709 1700 860 1736 ἀνεγεννήθη

54 1748 111 1781 (ἐμὴ
140 1746 194 1782 γὰρ
226 1745 241 1773 ἠ
272 1748 318 1770 τοῦ
350 1748 468 1780 Χριστοῦ
501 1743 691 1780 ἀναγέγνησις),
715 1745 822 1781 ἅγγελος
849 1745 862 1771 ὁ

54 1791 173 1819 Ἰωάννης
204 1790 406 1826 προεισάγηται.
429 1788 508 1815 Ἀλλὰ
535 1790 592 1815 τότε
625 1790 671 1825 μὲν
709 1789 784 1820 ἄυλος
817 1792 862 1815 καί

55 1836 165 1872 ἀόρατος
204 1831 253 1859 διὰ
279 1834 308 1858 τὸ
333 1834 372 1859 Eri
402 1834 545 1870 κεκρύφθαι
566 1834 614 1862 τὴν
641 1838 688 1865 τῆς
706 1837 862 1871 σαρκώσεως

53 1880 214 1914 οἰκονομίαν,
241 1879 286 1903 καί
314 1877 380 1906 πλήν
408 1881 454 1908 τῆς
477 1879 608 1915 Παρθέοου
642 1879 774 1914 ἄγνωστον
797 1877 861 1904 sive".

54 1927 120 1950 πᾶσι
134 1927 184 1949 τοῦ
197 1924 346 1960 μνστηρὶου
362 1925 408 1952 τὴν
423 1921 548 1959 ὃύναμιψ
562 1924 595 1948 τά
617 1927 660 1949 νῦν
676 1921 706 1949 δέ
730 1925 743 1949 ὁ
769 1925 858 1960 ἔνσαρ-

53 1979 98 1999 κος
110 1967 223 2004 ἄγγελος
237 1971 282 1997 τῆς
305 1971 350 1993 τοῦ
375 1969 507 1993 Δεσπότου
536 1971 683 2005 παρουσὶας
707 1970 857 2005 πρὸτρὲχει,

54 2016 166 2051 χάριτος
210 2014 256 2048 μέν
287 2012 428 2047 άγγελιχῆς
457 2011 581 2048 ἔμπλεως,
611 2015 694 2048 φωνὴν
725 2012 754 2039 δέ
776 2015 859 2048 ἀφιείς

53 2067 188 2094 γεμουσαν
231 2056 388 2093 παρρησὶας.
435 2059 546 2093 Βροντήν
573 2057 652 2087 ἀλλην
676 2061 739 2094 φαίη
767 2068 805 2088 τις
828 2058 858 2083 οἶν

54 2112 114 2132 τους
145 2102 336 2137 χεντροφὸρους
367 2104 509 2137 σκορπὶους
538 2105 788 2136 καταπτήσσουσαν,
813 2104 858 2128 καί

54 2147 172 2176 ὶοϐὸλους
189 2147 257 2181 ὄφεις
270 2144 469 2180 φοϐοῡσαν,χαί
498 2148 575 2182 μόνον
603 2147 668 2182 οὐχί
693 2145 780 2173 ὃὺνενν
809 2148 858 2173 ὑπό

52 2195 101 2227 γῆν
131 2191 293 2226 εὐχομὶνονς
318 2194 354 2225 τῷ
376 2190 455 2226 φόϐῳ.
484 2194 516 2217 Ti
539 2192 589 2229 γάρ
621 2193 704 2228 ἕτερον
737 2191 859 2228 βουλεται

53 2239 81 2262 τό
108 2238 260 2272 γεννήματα
282 2233 395 2270 ἐχιδνῶν
427 2237 533 2267 τοὺτους
563 2235 765 2273 ὀνομαζομὲνους
781 2240 858 2273 σιγᾷν
876 2233 897 2259 D

54 2283 98 2307 καί
124 2280 273 2315 ἁνὲχεσθαι
294 2283 345 2304 τῶν
376 2279 513 2317 αὖα-τηρῶν
537 2283 646 2307 τουτωνὶ
659 2282 794 2318 ῥημάτων,
814 2284 859 2308 καί

54 2326 135 2355 bson;
169 2324 305 2352 éa'rnx'svau
343 2324 377 2354 ὠς
398 2323 586 2360 ἐμϐροντήτους
613 2336 620 2359 ς
645 2325 789 2363 Ἒνσαρκος
815 2327 859 2352 οὗν

53 2370 176 2405 ἄγγελος,
191 2368 285 2404 μᾶλλον
301 2367 331 2394 δέ
353 2368 505 2404 ἀγγελὸϐιος
530 2370 674 2407 ὥνθρωπος,
698 2375 745 2401 τῆς
770 2372 860 2407 θεσφα-

54 2417 123 2444 νεὶας
138 2414 282 2450 προτρὲχει
296 2417 424 2450 Χριστοῦ,
438 2413 496 2450 ἀλλ’⁸
522 2414 587 2450 οὐχί
614 2415 692 2446 οἶῠλος
719 2418 764 2442 καί
789 2415 858 2442 ἀσώ-

54 2468 138 2494 ματος
172 2457 272 2484 πολλῶν
298 2459 377 2484 ἶνεκεν
405 2461 517 2496 τρόπων.
542 2457 612 2485 Ἐδει
639 2461 690 2497 γάρ
719 2459 859 2496 ἀντεμὲτω-

53 2513 100 2530 πον
126 2504 265 2538 ἱστάμςνον
291 2506 346 2533 τοῖς
369 2501 509 2534 Ἰονδαὶοις
534 2503 614 2540 λεγειν
629 2514 656 2530 τε
681 2507 726 2531 καί
755 2504 858 2532 ἀκούειν

52 2550 98 2574 καί
119 2551 176 2573 οἷον
203 2545 472 2574 δαχτυλοδιικτοῦντα
495 2547 672 2575 ὑποδεικνύειν
704 2554 756 2580 τοῖς
779 2548 857 2585 ἀγνο-

53 2597 113 2619 οῦσι
129 2594 175 2618 τὸν
189 2593 298 2627 φανέντα
310 2594 437 2629 Χριστὸν.
458 2593 487 2618 Εἰ
498 2591 528 2619 δέ
547 2595 623 2629 φύσει
650 2592 757 2629 ἅγγελος
785 2593 815 2623 ἦν
844 2595 857 2620 ό

52 2639 85 2663 τὰ
97 2640 211 2663 τοιαῦτα
223 2635 339 2670 τελέσων,
360 2637 454 2663 ἔπαθον
471 2638 502 2663 ἄν
514 2640 559 2663 καί
573 2640 630 2664 τότε
644 2641 673 2664 τό
693 2642 738 2664 τοῦ
765 2641 858 2665 Μανωέ

53 2681 78 2708 οἱ
91 2684 213 2718 ὁρῶντες,
231 2680 445 2718 ι’Δπολώλαμεν,
466 2693 481 2707 γι
502 2685 620 2718 γεγοντες
643 2694 657 2708 α
684 2686 749 2710 Θεον
773 2683 856 2721 impac-

92 2794 117 2811 ¹⁸
131 2792 236 2822 Matth.
254 2801 319 2830 xxv,
334 2795 381 2829 42,
421 2795 445 2813 ¹⁰
458 2795 545 2825 Joan.
560 2802 600 2828 ιιι,
617 2797 660 2824 30.

699 2795 724 2814 ²⁰
738 2796 819 2824 Psal.
834 2803 922 2832 Lxxv,
935 2797 964 2823 2-

907 230 1007 263 esurit,
1028 232 1056 258 et
1079 238 1141 258 non
1166 239 1233 258 eam
1264 231 1439 266 praestantes
1468 229 1556 257 valde
1577 230 1734 267 increpat;

909 285 920 299 ‹
939 274 1063 308 Esurivi,
1090 275 1196 310 inquit,
1225 278 1253 303 et
1279 282 1341 302 non
1373 273 1497 301 dedistis
1512 274 1586 302 mihi
1607 275 1736 303 mandu-

907 327 975 347 care
990 319 1021 346 ’⁸.
1040 330 1054 344 ›ι
1071 320 1168 347 Esurit
1182 320 1262 348 enim
1277 319 1403 347 omnino
1426 322 1562 347 nostram
1588 320 1714 348 salutem
1729 331 1735 355 ;

909 364 992 391 salus
1001 366 1101 392 autem
1114 364 1173 392 vita
1187 373 1264 400 pura
1279 366 1362 392 estet
1374 364 1403 391 in
1421 364 1594 399 proximum
1607 364 1737 393 dilectio.

909 408 1173 440 Quemadmodum
1185 409 1273 443 igitur
1279 409 1351 443 dixi,
1359 409 1537 436 seminantis
1550 411 1655 445 typum
1664 417 1738 445 prae-

908 453 974 480 buit
983 453 1105 480 Joannis
1117 453 1254 489 Baptistae
1265 453 1450 489 praconium
1461 455 1489 480 et
1499 453 1663 489 baptisma.
1675 455 1738 486 Quo

910 497 1009 525 soluto
1019 500 1047 525 et
1059 497 1392 533 subterlapso,eﬂloruit
1409 497 1510 532 gratiae
1521 497 1614 534 spica.
1627 501 1659 526 Et
1669 506 1738 534 pro-

908 542 1007 577 priam
1015 542 1139 577 quidem
1149 542 1379 570 diminutionem
1395 542 1582 577 conspiciens
1596 543 1736 579 Baptista,

910 595 1107 622 progressum
1123 589 1223 615 autem
1238 590 1266 614 et
1279 587 1498 614 incrementum
1529 588 1633 622 gratiae
1661 587 1738 615 illius

911 631 1010 668 spicae,
1026 631 1141 659 sincere
1156 632 1195 659 ad
1210 640 1261 659 eos
1272 631 1324 667 qui
1345 639 1377 659 se
1402 631 1527 659 adibant
1554 632 1705 660 clamabat
1730 641 1737 660 :

913 687 924 700 ι
942 677 984 703 Me
999 678 1112 711 oportet
1123 675 1227 709 minui,
1244 675 1328 703 illum
1344 677 1445 703 autem
1460 683 1591 703 crescere
1608 677 1641 710 19,
1666 688 1676 700 ι
1701 676 1740 704 de

912 719 1027 748 Christo
1039 719 1154 754 dicens,
1170 727 1232 748 non
1246 720 1283 747 de
1297 719 1355 748 hoc
1370 720 1569 753 contristatus,
1593 721 1646 749 sed
1661 721 1741 749 laeta-

912 767 973 792 tus.
994 765 1086 800 Hujus
1101 765 1179 792 enim
1193 765 1344 800 corruptio
1357 767 1386 792 et
1410 764 1559 799 Evangelii
1582 765 1740 793 seminatio

913 812 942 837 et
954 809 1132 845 germinatio
1142 810 1173 837 in
1186 817 1280 837 unum
1314 809 1435 837 coibant
1454 811 1482 836 et
1510 809 1739 845 concurrebant,

914 853 1045 882 hominis
1058 861 1168 890 nempe
1182 853 1454 881 concinnationem.
1471 855 1504 882 Et
1522 854 1644 882 aliunde
1665 854 1741 889 legis

915 898 1076 926 coarctatio
1092 905 1220 933 granum
1235 905 1331 925 unum
1344 898 1497 926 emittebat
1512 901 1633 934 propter
1647 899 1742 926 unita-

915 945 975 970 tem
990 942 1086 978 gentis
1100 950 1168 979 quas
1180 943 1236 970 sub
1251 942 1315 977 lege
1328 945 1391 970 erat
1411 951 1443 969 τα
1451 944 1543 970 Notus
1559 943 1638 970 enim
1648 943 1678 970 in
1691 943 1742 970 Ju-

915 987 982 1016 dzea
996 989 1073 1015 Deus
1083 988 1118 1022 ²⁰,
1133 999 1147 1012 ››
1162 995 1260 1024 neque
1274 987 1361 1015 ultra.
1385 987 1484 1015 Gratia
1515 995 1586 1015 vero
1606 987 1741 1023 gentium

915 1032 1128 1061 omnimodum
1141 1040 1244 1060 semen
1252 1032 1447 1067 congregavit
1461 1034 1490 1060 et
1509 1032 1540 1060 in
1564 1035 1685 1060 centum
1713 1034 1742 1060 et

914 1077 945 1105 in
959 1077 1115 1112 sexaginta
1134 1079 1163 1105 et
1181 1077 1212 1104 in
1231 1077 1351 1112 triginta
1362 1076 1514 1104 bonorum
1528 1077 1595 1112 ejus
1619 1079 1743 1105 actuum

915 1122 1072 1158 productio
1085 1121 1282 1157 multiplicata
1304 1123 1358 1149 est.
1379 1123 1422 1149 lia
1445 1121 1563 1149 initium
1591 1121 1744 1156 Evangelii

915 1167 1020 1195 Christi
1033 1169 1077 1194 est
1090 1166 1212 1194 Joannis
1228 1166 1267 1194 ad
1280 1166 1418 1194 homines
1433 1166 1587 1194 revelatio.
1613 1166 1682 1194 Ideo
1715 1168 1745 1194 et

915 1211 1030 1248 inquit:
1047 1222 1058 1236 ι
1075 1212 1113 1238 Ut
1125 1211 1270 1246 scriptum
1286 1213 1330 1238 est
1343 1211 1373 1238 in
1383 1211 1537 1247 prophetis
1559 1219 1565 1240 :
1590 1212 1662 1238 Ecce
1687 1218 1744 1246 ego

915 1256 999 1284 mitto
1011 1255 1152 1290 angelum
1163 1263 1266 1283 meum
1276 1257 1345 1283 ante
1353 1255 1461 1284 faciem
1477 1257 1559 1283 tuam
1567 1256 1619 1292 qui
1629 1263 1744 1292 praepa—

915 1301 993 1328 rabit
1005 1301 1083 1328 viam
1098 1303 1182 1328 tuam
1197 1302 1266 1328 ante
1276 1303 1314 1328 te.
1329 1311 1339 1324 ι
1359 1301 1393 1328 Ut
1407 1308 1443 1328 ex
1471 1302 1552 1328 Patre
1578 1300 1659 1328 venit
1685 1308 1746 1328 vox

916 1345 954 1373 ad
971 1345 1160 1380 Unigenitum
1175 1344 1295 1379 directa,
1313 1345 1456 1379 angelum
1474 1345 1637 1373 nominans
1662 1345 1745 1373 hunc

915 1390 968 1426 qui
978 1390 1071 1418 vitam
1086 1389 1264 1424 angelorum
1285 1389 1367 1417 ducit
1380 1391 1538 1422 Joannem,
1566 1397 1604 1418 ne
1633 1390 1745 1418 solum-

916 1434 1008 1462 modo
1043 1433 1191 1461 nativitati
1218 1441 1255 1461 ex
1277 1433 1393 1469 Virgine
1420 1436 1583 1469 praecurrat
1615 1435 1743 1470 Gabriel,

918 1478 971 1506 sed
980 1478 1072 1513 hujus
1085 1478 1116 1505 in
1137 1477 1267 1505 Iordane
1287 1477 1533 1512 regenerationis,
1547 1486 1610 1514 qua
1627 1486 1682 1514 pro
1695 1487 1745 1507 me

916 1524 1109 1558 regeneratus
1119 1524 1164 1549 est
1177 1522 1258 1556 (mea
1268 1521 1348 1549 enim
1360 1524 1404 1549 est
1419 1522 1524 1550 Christi
1535 1523 1745 1558 regeneratio),

917 1567 1043 1603 angelus
1049 1568 1179 1595 Joannes
1187 1566 1397 1594 adduceretur.
1407 1566 1465 1594 Sed
1473 1568 1543 1594 tunc
1555 1566 1678 1602 quidem
1691 1567 1745 1594 im-

917 1611 1080 1640 materialis
1091 1610 1292 1644 etinvisibilis,
1307 1611 1379 1646 quia
1389 1610 1489 1638 adhuc
1500 1610 1745 1640 abscondebatur

916 1655 1315 1689 incarnationisceconomia,
1324 1663 1359 1683 ac
1365 1655 1477 1683 nemini
1486 1655 1660 1691 nisiVirgini
1672 1659 1746 1685 nota

916 1702 980 1728 erat
991 1700 1082 1736 hujus
1097 1700 1142 1726 vis
1151 1699 1294 1734 mysterii.
1308 1700 1392 1727 Nunc
1404 1702 1505 1727 autem
1518 1699 1642 1728 indutus
1655 1707 1745 1729 carne

916 1745 1043 1780 angelus
1056 1744 1174 1772 Domini
1184 1744 1348 1780 praesentiae
1361 1745 1525 1780 praecurrit,
1541 1745 1637 1780 gratia
1652 1753 1745 1780 ange-

915 1790 973 1819 lica
984 1789 1103 1826 plenus,
1115 1797 1220 1817 vocem
1235 1791 1337 1817 autem
1349 1789 1516 1817 sinceritate
1531 1789 1652 1825 plenam
1662 1790 1745 1818 emit-

915 1836 990 1862 tens.
1005 1835 1121 1862 Diceres
1132 1834 1244 1862 tonitru
1256 1834 1428 1870 scorpiones
1439 1834 1594 1862 stimulum
1607 1837 1744 1870 gerentes

915 1883 1036 1915 stupore
1050 1879 1215 1915 percellens
1229 1881 1454 1915 venenatosquc
1471 1882 1623 1915 serpentes
1633 1882 1744 1908 terrore

914 1923 1044 1960 implens
1057 1925 1140 1952 tanto
1151 1926 1184 1951 ut
1193 1923 1254 1951 fere
1263 1923 1320 1951 sub
1344 1925 1454 1952 terram
1481 1923 1666 1952 descendere
1693 1933 1745 1953 cu-

914 1970 1007 2005 piant.
1023 1969 1098 2001 Quid
1112 1968 1192 1996 enim
1205 1968 1261 1995 sibi
1271 1967 1334 1996 vult
1348 1968 1432 2002 illud,
1447 1969 1530 2004 quod
1540 1969 1693 2004 genimina
1702 1970 1744 1997 vi—

913 2021 1056 2049 perarum
1065 2013 1212 2041 nominati
1226 2012 1311 2040 silent
1322 2015 1351 2041 et
1363 2015 1483 2040 austera
1492 2013 1557 2041 haec
1569 2013 1664 2042 verba
1675 2014 1743 2041 reti-

912 2060 996 2093 nent,
1010 2060 1038 2086 et
1048 2057 1206 2094 stupefacti
1221 2059 1310 2093 stant,
1328 2057 1415 2093 quasi
1427 2057 1550 2085 fulmine
1565 2059 1699 2094 percussi
1724 2059 1738 2086 ?

913 2103 1037 2131 Indutus
1050 2102 1140 2137 igitur
1150 2109 1240 2130 carne
1256 2101 1391 2137 angelus,
1407 2101 1469 2130 imo
1483 2110 1555 2130 vero
1579 2102 1671 2130 vitam
1691 2110 1744 2130 an-

913 2147 1049 2183 gelorum
1067 2147 1182 2175 ducens
1202 2146 1294 2174 homo
1312 2146 1420 2174 Christi
1441 2146 1492 2175 Dei
1511 2147 1743 2176 manifestationi

912 2192 1078 2228 praecurrit,
1094 2191 1147 2219 sed
1163 2198 1226 2218 non
1250 2191 1457 2219 immaterialis
1482 2193 1510 2219 et
1532 2191 1741 2228 incorporeus,

913 2236 1023 2264 multas
1029 2236 1069 2264 ob
1082 2235 1225 2264 rationes.
1244 2235 1406 2271 Oportebat
1420 2235 1500 2265 enim
1511 2244 1615 2264 coram
1630 2237 1742 2265 Judaeis

914 2283 1041 2310 stantem
1056 2281 1153 2308 dicere
1164 2282 1192 2308 et
1202 2279 1306 2308 audire
1317 2283 1345 2308 et
1357 2283 1503 2316 tanquam
1527 2280 1621 2315 digito
1640 2282 1683 2320 eis
1695 2282 1737 2310 in-

913 2326 1014 2354 dicare
1024 2334 1059 2353 ac
1072 2324 1228 2353 ostendere
1240 2325 1389 2353 Christum
1413 2325 1638 2354 manifestatum
1649 2335 1742 2363 quem

913 2371 1104 2406 ignorabant.
1122 2369 1149 2397 Si
1161 2370 1242 2398 enim
1264 2372 1372 2398 natura
1393 2370 1498 2398 fuisset
1525 2370 1663 2406 angelus,
1685 2372 1739 2407 qui

913 2423 983 2443 eum
993 2415 1146 2447 vidissent,
1161 2414 1192 2441 id
1207 2414 1289 2449 passi
1307 2414 1497 2450 essentquod
1510 2416 1624 2448 Manue,
1643 2415 1743 2444 dicen-

912 2463 958 2488 tes
974 2469 981 2487 :
995 2470 1006 2484 ι
1024 2459 1165 2491 Perimus,
1177 2460 1271 2486 Deum
1283 2459 1413 2487 vidimus
1424 2460 1459 2493 ²¹,
1476 2470 1490 2484 ››
1510 2459 1642 2487 formam
1661 2461 1743 2488 hanc

912 2504 1076 2532 nusitatam
1085 2511 1146 2531 non
1161 2503 1299 2532 ferentes.
1312 2503 1369 2532 Sed
1379 2504 1485 2539 etquia
1498 2503 1537 2531 ad
1550 2503 1742 2539 baptismatis

911 2548 1109 2577 ministerium
1121 2556 1244 2576 necesse
1257 2551 1320 2576 erat
1338 2551 1370 2575 ut
1385 2548 1432 2575 ille
1448 2550 1662 2580 assumeretur,
1691 2557 1743 2576 ne-

912 2601 993 2621 cesse
1008 2595 1072 2621 erat
1084 2595 1117 2621 ut
1129 2593 1271 2621 manibus
1285 2592 1446 2620 Dominum
1460 2594 1607 2626 tractaret,
1625 2593 1744 2622 humili-

911 2639 1049 2675 itatisque
1064 2638 1217 2674 exemplar
1227 2646 1262 2666 eo
1274 2638 1343 2674 ipso
1356 2637 1536 2674 baptismate
1551 2637 1743 2674 praeberetur,

911 2683 1032 2712 Domini
1044 2683 1142 2720 capite
1150 2683 1304 2718 inclinato,
1322 2685 1401 2711 tacto
1413 2685 1440 2711 et
1455 2683 1495 2711 ad
1510 2691 1608 2720 aquas
1622 2683 1746 2715 descen-

1015 2795 1039 2813 ιι
1052 2793 1149 2823 ludio.
1161 2800 1224 2830 xm,
1237 2795 1283 2823 21.
