1963 3084
210 92 261 117 755

831 87 986 114 GERMANI
1000 86 1024 112 II
1039 85 1094 113 (ΖΡ.
1111 85 1318 116 PATRIARCIE

1845 87 1896 116 756

207 150 279 178 ritas
296 147 427 176 Christus
443 147 599 183 praedixit:
616 159 630 172 (ι
646 149 719 176 Ecce
733 148 910 184 relinquitur
925 147 1035 175 domus

1098 153 1189 186 (ripam
1205 150 1293 185 ὑμῶν;
1308 160 1322 174 ››
1339 150 1410 176 Καὶὸ
1427 148 1522 185 Δαϐίδ,
1534 161 1547 174 ι(
1564 151 1667 176 Θυσίαν
1680 152 1725 176 καὶ
1738 152 1899 188 προσφορὰν

206 196 306 222 vestra
317 193 434 220 deserta
450 193 484 220 ³ο.
512 204 525 217 ››
555 193 585 220 Et
599 193 673 220 dum
690 196 767 221 esset
781 193 811 220 in
823 201 910 220 cruce
925 194 953 220 et
967 200 1036 229 pas-

208 239 291 267 sione
305 240 333 266 et
347 237 543 265 descenderet
559 237 596 265 ad
613 237 735 270 inferos,
753 241 832 266 terra
844 240 927 265 mota
941 240 994 272 est,
1008 239 1037 265 et

208 285 299 320 petrae
312 282 411 310 scissae
428 286 508 312 sunt.
524 285 553 310 ct
568 282 635 310 cmli
655 282 872 310 distillaverunt
886 282 1037 317 lacrymas

208 336 264 364 pro
277 335 352 355 rore.

1091 193 1138 219 οὐκ
1152 193 1293 224 ἠθέλησας.
1317 206 1332 220 υ
1348 195 1385 220 Οὔ
1398 197 1474 231 μόνον
1500 193 1529 221 δὲ
1550 193 1595 220 διὰ
1621 197 1668 224 τὴν
1693 194 1830 231 ἀκαρπίαν
1852 200 1902 221 τῶν

1092 237 1214 273 ἔναρέτων
1252 239 1367 276 πράξεων
1408 241 1503 276 ἔρημος
1530 241 1543 268 ἡ
1578 237 1695 265 Ἰουδαία
1739 239 1903 275 ὠνομάσθη,

1092 281 1155 308 ἀλλὰ
1169 285 1214 308 καὶ
1231 281 1278 309 διὰ
1293 286 1339 312 τὴν
1354 286 1461 321 χρόνιον
1489 286 1670 321 καταστροφὴν
1685 286 1731 309 καὶ
1766 285 1905 320 ἐκπορθε-

1093 336 1145 353 σιν.
1161 330 1243 353 Τοῦτο
1262 329 1312 365 γὰρ
1329 331 1374 354 καὶ
1391 330 1404 358 ἱ]
1431 328 1603 358 αὑτοαλὴθεια
1630 332 1737 365 προεῖπε
1768 332 1905 365 Χριστος·

244 383 258 398 ‹‹
278 371 347 399 Ἰδοὺ
364 371 465 408 ἀφίεται
478 372 491 397 ὁ
507 369 576 402 οἶκος
591 372 664 407 ἡμῶν
690 373 792 409 ἕρημος.
809 382 823 396 ››
842 374 892 397 Καὶ
907 370 931 396 ἐν
957 375 993 406 τῷ
1014 369 1157 397 διαϐαίνειν
1173 371 1199 397 ἐκ
1214 375 1260 397 τοῦ
1285 382 1313 398 τε
1346 371 1393 398 διὰ
1423 377 1536 411 σταῦρου
1568 376 1612 399 καὶ
1645 378 1691 399 τοῦ
1723 374 1830 404 πάθους
1858 370 1909 398 καὶ

209 416 373 443 καταϐαίνειν
401 418 468 454 πρὸς
493 414 571 451 ᾅδην,
597 420 629 452 γῆ
659 415 777 450 ἐσείσθη,
799 418 844 442 καὶ
873 418 966 452 πέτραι
999 413 1188 452 ὂιεῤῥάγησαν,
1215 419 1260 443 καὶ
1288 419 1312 443 οί
1338 418 1442 455 οὐρανοὶ
1468 419 1576 449 ἕσταξαν
1602 417 1715 456 δάκρυον
1745 417 1803 444 ἀντὶ
1834 416 1910 454 ὅρο-

211 472 270 489 σου.

245 507 313 533 VIII.
334 517 344 530 ι
362 507 468 533 Rectas
484 505 570 533 facite
587 505 708 533 semitas
725 505 801 541 ejus.
820 516 833 530 »
848 505 880 533 Si
899 505 978 532 enim
992 512 1038 532 re-

209 551 334 587 jecerint
348 549 576 578 similitudinem
590 558 659 577 cum
675 550 782 585 genitis
797 549 918 586 viperis,
936 552 964 577 et
987 549 1038 586 qui

211 595 339 631 decepit,
347 595 493 631 serpentis
506 595 570 622 vias
585 595 748 629 omiserint,
757 596 853 623 rectas
863 594 984 622 semitas
997 594 1040 622 fa-

214 641 301 668 cient.
317 640 362 668 Sic
373 640 453 667 enim
465 639 499 667 iis
512 640 765 675 transgressiones
774 639 921 674 corrigere
928 639 1037 674 licebit,

214 688 243 713 et
250 693 302 712 eos
310 692 377 721 quae
386 684 416 712 in
427 684 545 720 cantico
554 684 694 712 laudatur
700 684 816 720 justitia
825 684 949 718 amabit,
959 685 987 712 et
995 692 1039 712 re-

214 728 438 764 generationem
449 737 517 765 qum
524 737 578 765 per
594 728 779 764 baptismum
794 731 838 756 est
848 728 1036 763 obtinebunt,

1129 505 1160 531 H.
1250 506 1256 513 ς
1294 509 1298 515 ,
1415 511 1440 522 __
1501 508 1506 514 .
1549 517 1562 522 _
1585 510 1590 515 ,
1696 507 1720 522 ,_
1743 511 1753 514 _
1842 507 1850 515 ς
1882 508 1887 513 .

1165 517 1200 532 .‹‹
1224 507 1331 537 Ευθειας
1356 517 1452 533 ποιει.ε
1479 517 1526 539 τας
1552 507 1654 545 ιριϐους
1672 517 1764 533 αυιου.
1795 519 1808 532 n
1853 510 1911 533 Εαν

1092 550 1142 587 γὰρ
1168 553 1214 580 τὴν
1238 553 1303 588 πρὸς
1331 553 1379 582 τὰς
1403 555 1585 587 glas-numiui;
1613 550 1724 587 ἐχίδνας
1754 553 1911 588 ὁμοιότητα

1094 592 1266 621 διαπτύσαιεν
1293 598 1338 622 καὶ
1367 600 1412 622 τοῦ
1444 595 1627 627 ἀπατήσαντος
1654 599 1734 632 ὄφεως
1759 596 1909 622 ἐκκλίνοιεν

1092 639 1138 669 τὰς
1170 637 1257 674 ὁδούς,
1291 640 1388 670 εὐθείας
1415 642 1459 671 τὰς
1487 640 1591 676 τριϐούς
1618 644 1791 669 ποιήσουσιν.
1825 641 1910 666 Οὗτοι

1091 684 1142 720 γὰρ
1156 684 1243 715 αὐτοῖς
1264 687 1309 711 καὶ
1338 686 1371 711 τὰ
1400 683 1554 721 διαϐἠματα
1581 686 1792 715 κατευθυνθῆναι
1819 695 1912 722 προσ-

1091 731 1176 764 έσται,
1192 732 1236 755 καὶ
1247 731 1261 758 ἡ
1277 730 1302 755 έν
1317 734 1353 765 τῷ
1365 730 1375 736 ”
1392 734 1496 766 ᾼσματι
1511 730 1619 761 εὐθύτης
1632 730 1728 761 αὐτοὺς
1740 729 1909 766 ἀγαπήσειε,

215 775 244 801 et
259 773 351 801 Patris
366 773 492 800 ccelestis
509 781 575 800 vere
590 773 642 800 ﬁlii
657 775 750 801 erunt.
769 773 796 801 Si
809 781 881 801 vero
896 773 927 801 in
939 773 1037 809 priore

1098 776 1135 799 ιαὶ
1151 778 1198 804 τῆς
1222 772 1268 799 διὰ
1294 773 1479 810 βαπτίσματος
1511 777 1680 805 νεοποιήσεως
1710 774 1910 809 ἐπιτεύξοντςιιι⁷

214 818 265 845 via
278 817 910 854 permanserintrursumqueinveterationis
922 819 950 844 et
957 816 1038 844 clau-

216 861 531 889 dicationisincessum
542 863 688 897 tanquam
697 862 829 898 perversi
839 863 868 889 et
884 860 1039 897 depravati

215 905 278 939 ﬁlii,
297 906 479 942 serpentium
504 914 587 934 more
611 906 839 940 circumvolunt,
864 909 983 943 pectore
1011 908 1040 933 et

215 952 318 979 ventre
345 950 526 986 incedentes,
561 951 775 987 cupiditatibus
808 954 835 979 et
858 951 1039 979 helluatione

217 995 358 1028 fruentes,
379 995 511 1024 futuram
527 997 602 1023 iram
615 1003 676 1023 non
689 995 848 1030 effugient:
865 995 947 1023 furor
959 995 1039 1023 enim

213 1039 280 1075 illis,
299 1041 330 1068 ut
353 1040 394 1067 ait
410 1039 515 1074 David,
532 1040 700 1068 secundum
729 1039 953 1068 similitudinem
982 1047 1040 1067 ser-

213 1084 311 1121 pentis
323 1085 376 1120 qui
391 1084 430 1112 ab
450 1084 533 1112 initio
546 1084 699 1112 homicida
719 1086 782 1118 est;
800 1085 908 1112 ventris
938 1086 1040 1112 autem

214 1129 375 1165 cupiditate
400 1132 428 1157 et
453 1131 589 1157 cetaceos
607 1131 726 1157 ventres
752 1129 1039 1165 supergrediuntur:

214 1174 322 1201 domos
331 1174 412 1201 enim
418 1174 578 1201 viduarum
587 1173 790 1206 comederunt,
799 1176 827 1201 et
835 1174 1041 1209 orphanorum

212 1218 342 1246 miseriis
359 1218 451 1247 laetati
467 1220 537 1246 sunt
555 1218 818 1246 immisericordes.

248 1353 310 1380 IX.«
319 1352 403 1379 Venit
414 1352 544 1379 Joannes
555 1351 713 1388 baptizans
722 1351 753 1379 in
764 1351 881 1380 deserto
894 1354 923 1380 et
935 1351 1042 1388 praedi-

213 1403 286 1424 cans
295 1395 481 1432 baptismum
492 1395 674 1432 poenitentiae
683 1397 714 1423 in
730 1396 939 1425 remissionem
951 1405 1041 1433 peca-

1092 821 1136 843 καὶ
1150 820 1226 844 τέκνα
1239 821 1335 853 γνήσια
1350 823 1395 844 τοῦ
1420 819 1572 856 ἐπουρανίου
1598 820 1699 853 Πατρὸς
1720 820 1839 846 ἔσονται.
1876 820 1911 844 Εἰ

1094 861 1119 888 δ’
1135 861 1176 888 ἐπὶ
1195 866 1241 893 τῆς
1269 865 1395 900 προτέρας
1414 867 1532 900 μενοῦσι,
1561 866 1606 889 καὶ
1632 861 1705 893 αὖθις
1730 863 1911 893 παλαιώσειης

1093 908 1137 932 καὶ
1149 906 1317 942 χωλάνσεως,
1333 909 1367 938 ὼς
1383 907 1511 944 ἀλλότριοι
1535 909 1589 934 υἱοὶ
1615 910 1660 933 καὶ
1693 909 1727 938 ὡς
1751 909 1830 944 γενεὰ
1845 917 1912 933 σκο-

1093 951 1137 977 λιά
1151 954 1196 977 καὶ
1212 950 1415 989 διεστραμμένη,
1443 951 1559 985 ὀφιωδῶς
1575 952 1690 984 ἑλιξουσι
1704 955 1752 982 τὴν
1781 955 1910 990 πορείαν,

1095 996 1136 1022 ἐπὶ
1149 1001 1185 1032 τῷ
1201 997 1292 1025 στήθει
1318 1000 1362 1023 καὶ
1386 1001 1416 1033 τῇ
1435 997 1520 1033 κοιλίᾳ
1546 1001 1723 1034 πορευομενοι,
1756 998 1833 1034 θυμῷ
1861 1000 1911 1022 καὶ

1094 1050 1294 1078 ’γαστριμαργίᾳ
1313 1043 1448 1079 χαίροντες
1465 1053 1471 1058 ·
1503 1041 1553 1068 ἀπὸ
1588 1046 1636 1072 τῆς
1651 1042 1796 1078 μελλούσης
1823 1042 1911 1079 ὀργῆς

1095 1085 1124 1111 οὐ
1152 1084 1351 1122 διαφευξοῦνται
1376 1096 1383 1103 ·
1404 1087 1417 1112 ὁ
1444 1088 1489 1122 μὲν
1508 1088 1557 1122 γὰρ
1585 1088 1664 1123 θυμός
1692 1087 1793 1116 αὐτοῖς,
1812 1087 1911 1117 καθώς

1097 1140 1175 1166 φησιν
1190 1131 1203 1155 ὁ
1218 1129 1309 1165 Δαϐὶδ,
1326 1131 1394 1157 κατά
1408 1133 1456 1160 τὴν
1476 1132 1599 1167 ὁμοίωσιν
1615 1135 1661 1157 τοῦ
1680 1133 1757 1167 ὄφεως
1777 1135 1825 1157 τοῦ
1861 1130 1909 1157 ἀπ’

1097 1174 1183 1211 ἀρχῆς
1208 1174 1420 1212 ἀνθρωποκτόνου
1447 1187 1453 1192 ·
1479 1180 1509 1212 τῇ
1539 1174 1568 1202 δὲ
1594 1176 1759 1213 κοιλιομανίᾳ
1779 1178 1825 1202 καὶ
1858 1186 1910 1205 κη-

1098 1222 1162 1249 τὼας
1188 1221 1276 1250 πάσας
1316 1222 1446 1255 γαστέρας
1494 1221 1715 1258 ὑπερπεπαίκασι,
1757 1222 1812 1251 Τὰς
1851 1222 1907 1257 γὰρ

1098 1263 1182 1294 οἰκίας
1198 1268 1247 1290 τῶν
1275 1269 1367 1301 χηρῶν
1383 1266 1560 1296 κατεσθίοντες
1585 1263 1662 1300 ἦσαν,
1692 1268 1737 1291 καὶ
1765 1269 1826 1296 ταῖς
1854 1269 1908 1290 τῶν

1098 1308 1213 1344 ὀρφανῶν
1225 1313 1370 1346 συμφοραῖς
1385 1314 1555 1346 εντρυφῶδτες
1570 1311 1595 1336 οἱ
1622 1309 1797 1346 ἁνελεὴμονες.

1134 1353 1175 1380 Θ’,
1204 1364 1217 1376 u
1246 1354 1361 1389 Ἐγένετο
1393 1354 1512 1385 Ἰωάννης
1536 1353 1673 1391 βαπτίζων
1701 1354 1724 1380 ἐν
1753 1359 1785 1391 τῇ
1813 1354 1908 1392 ἐρήμῳ

1097 1400 1141 1424 καὶ
1164 1399 1306 1435 κηρύσσων
1322 1397 1463 1435 βάπτισμα
1486 1401 1620 1435 μετανοίας
1639 1399 1674 1429 εἰς
1700 1400 1794 1435 ἄφεσιν
1820 1399 1909 1435 ἁμαρ-

214 1442 325 1468 torum.
337 1441 370 1468 Et
382 1440 566 1468 accedebant
591 1441 630 1468 ad
643 1448 713 1468 eum
727 1441 826 1468 omnis
837 1442 849 1468 ,1
854 1441 948 1469 ubeece
959 1442 1039 1476 regio

1098 1447 1168 1470 τιών.
1187 1445 1236 1469 Καὶ
1256 1442 1432 1480 ἐξεπορεύοντο
1451 1445 1517 1480 πρὸς
1543 1444 1620 1470 αὐτὸν
1634 1447 1709 1470 πᾶσα
1735 1445 1750 1473 ἡ
1782 1442 1909 1470 Ἰουδαία

213 1486 243 1512 et
255 1484 507 1520 Jcrosolymitani,
523 1487 552 1512 et
566 1485 799 1521 baptizabantur
813 1493 920 1513 omnes
933 1485 965 1513 in
976 1486 1041 1513 Jor-

213 1529 303 1563 dane,
318 1528 493 1557 confitentes
505 1531 628 1565 peccata
638 1537 693 1557 sua
703 1530 738 1558 3'.
755 1541 769 1554 υ
786 1531 915 1558 Rursum
927 1531 1041 1558 Marcus

213 1581 267 1610 per
280 1573 448 1601 breviorem
460 1574 542 1601 viam
563 1573 706 1610 procedit,
724 1576 752 1602 et
767 1573 908 1602 distantia
931 1574 1042 1610 colligit

213 1620 242 1645 et
254 1618 284 1645 in
295 1625 387 1646 unam
398 1618 507 1646 vallem
513 1618 650 1646 derivare
656 1618 772 1646 videtur
784 1619 845 1646 duo
855 1619 1041 1655 baptismate.

214 1663 242 1689 et
250 1662 313 1697 pari
324 1662 458 1689 efficacia
465 1662 716 1690 introductorium
727 1665 756 1690 et
765 1663 931 1698 perfectum
942 1666 1041 1691 osten-

214 1706 292 1733 dere.
301 1707 405 1734 Forsan
414 1706 518 1741 aliquis
527 1707 627 1734 credot
635 1707 687 1733 Eva
693 1706 844 1742 ngelistam
852 1707 947 1735 dicere
953 1709 1041 1736 Joan-

215 1750 262 1776 nis
273 1749 460 1784 baptismum
469 1752 662 1785 peccatorum
670 1750 878 1779 remissionem
888 1755 1039 1787 praestare.

217 1793 274 1820 Sed
281 1794 388 1820 nonita
399 1797 452 1826 est,
465 1801 527 1821 non
537 1794 591 1821 ita.
602 1795 702 1821 Tantm
709 1794 789 1822 enim
801 1795 867 1822 fons
877 1797 979 1830 gratiae
991 1805 1041 1825 so—

214 1836 261 1864 lus
268 1839 312 1864 est
318 1837 431 1865 domini
438 1837 715 1873 baptismus.Verba
721 1841 820 1866 autem
830 1840 872 1867 sic
881 1840 1040 1869 cohaerent:

219 1881 317 1909 «Venit
328 1883 459 1909 Joannes
469 1882 630 1918 baptizans
640 1883 670 1910 in
684 1883 828 1911 deserto.»
840 1885 872 1912 Et
882 1885 929 1913 hic
940 1886 1042 1914 distin-

216 1925 346 1954 ctionem
358 1926 501 1962 interjice,
510 1925 611 1960 lector,
622 1929 766 1964 tanquam
774 1927 947 1964 baptismati
956 1931 1043 1958 Joan-

216 1971 263 1998 nis
276 1969 405 1998 solidum
425 1979 545 1999 murum
561 1979 699 2007 opponas
712 1972 844 2009 illudque
859 1982 877 2002 a
891 1974 1043 2003 dominico

214 2015 396 2052 baptismate
408 2016 559 2051 sejungas.
576 2017 684 2044 deinde
698 2017 769 2045 dicit
783 2027 789 2045 :
807 2029 821 2042 »
834 2020 866 2046 Et
874 2020 1042 2055 praedicans

216 2059 403 2096 baptismum
432 2061 614 2096 poenitentiae
639 2060 669 2089 in
685 2062 892 2091 remissionem
911 2067 1042 2100 peccato-

1095 1491 1174 1523 χώρα
1186 1489 1230 1513 καὶ
1251 1489 1275 1513 οἱ
1298 1487 1512 1524 Ἱεροσολυμῖται,
1535 1491 1580 1514 καὶ
1606 1488 1778 1519 ἐϐαπτίζοντο
1808 1491 1908 1519 πάντες

1096 1531 1120 1557 ἐν
1155 1536 1191 1567 τῷ
1219 1530 1349 1568 Ἰορδάνῃ,
1377 1532 1603 1570 ἐξομολογούμενοι
1629 1534 1676 1564 τὰς
1699 1533 1831 1571 ἁμαρτίας
1860 1534 1908 1559 ιτ.)-

1095 1580 1155 1603 τῶν.
1184 1587 1199 1602 ››
1228 1576 1309 1602 Πάλιν
1336 1578 1348 1603 ὁ
1373 1578 1480 1614 Μάρκος
1503 1579 1549 1606 τὴν
1577 1577 1769 1614 ἐπιτομωτέραν
1792 1577 1907 1614 βαδίζει

1095 1622 1187 1647 καὶτὰ
1213 1619 1372 1650 διεστηκότα
1397 1623 1531 1653 συνάπτει,
1566 1625 1611 1648 καὶ
1639 1622 1672 1652 εἰς
1692 1625 1755 1658 μίαν
1783 1624 1905 1659 μισγάγ-

1095 1675 1166 1691 κειαν
1191 1663 1265 1691 δοκεῖ
1292 1667 1470 1702 μετοχετεύειν
1492 1668 1524 1692 τα
1561 1665 1609 1692 δύο
1638 1666 1826 1703 βαπτίσματα,
1857 1670 1904 1693 καὶ

1097 1708 1256 1746 ἱσοόύναμον
1280 1712 1376 1746 φαίνειν
1404 1712 1433 1736 τὸ
1458 1710 1630 1747 εἰσαγωγικὸν
1655 1715 1692 1747 τῷ
1711 1711 1867 1747 τελειωτικῷ
1895 1723 1902 1728 ·

1095 1757 1161 1784 ἶσως
1184 1756 1234 1791 γὰρ
1260 1757 1300 1785 τίς
1335 1755 1489 1784 οἰηθήσεται
1525 1755 1606 1791 λέγειν
1631 1757 1674 1782 τὸν
1712 1756 1904 1792 εὖαγγελιοτὴν

1096 1800 1187 1835 ἄφεσιν
1214 1799 1346 1837 αμαρτιῶν
1375 1802 1500 1837 παρέχειν
1526 1802 1555 1826 τὸ
1576 1804 1622 1826 τοῦ
1651 1800 1771 1827 Ἰωάννου
1803 1800 1903 1836 βάπτι-

1098 1853 1162 1880 σμα.
1183 1843 1252 1870 Ἀλλ’
1268 1843 1314 1870 οὐκ
1329 1845 1385 1870 ἔστι
1412 1849 1500 1879 τοῦτο,
1515 1845 1561 1870 οὐκ
1590 1845 1673 1874 ἔστιν,
1697 1849 1751 1876 Τῆς
1773 1847 1826 1882 γὰρ
1850 1856 1904 1872 τοι·

1097 1890 1178 1919 αυτης
1208 1891 1373 1925 πηγαστικὸν
1417 1890 1536 1926 χάριτος,
1569 1891 1645 1925 μόνον
1674 1890 1702 1914 τὸ
1730 1893 1904 1918 Δεσποτιχον.

1097 1931 1175 1968 Ἐχει
1191 1931 1220 1958 δε
1242 1933 1323 1963 οὕτως
1350 1934 1364 1961 ἡ
1382 1937 1427 1959 τοῦ
1453 1933 1529 1969 λόγου
1546 1933 1686 1960 ἀκολουθία
1703 1944 1709 1949 -
1727 1944 1741 1957 u
1758 1934 1873 1969 Ἐγένετο
1890 1936 1903 1960 ο

1097 1976 1218 2007 Ἰωάννης
1239 1977 1374 2013 βαπτίζων
1388 1979 1412 2004 ἐν
1425 1982 1454 2014 τῇ
1470 1978 1557 2015 ἐρήμῳ
1575 1989 1580 1994 ·
1600 1989 1614 2002 ›)
1637 1980 1682 2003 καὶ
1695 1977 1783 2009 στίξον
1813 1977 1876 2013 ὦδε,
1890 1981 1902 2005 ὁ

1098 2020 1292 2057 ἀναγινώσκων,
1322 2024 1369 2051 τὴν
1413 2025 1526 2058 στιγμὴν
1552 2024 1584 2052 ὡς
1611 2024 1693 2060 ξουμα
1716 2025 1842 2059 κραταιὸν
1867 2029 1903 2059 τῷ

1098 2070 1143 2091 τοῦ
1161 2067 1277 2092 Ἰωάννου
1307 2066 1453 2097 ἐπιστήσας
1487 2066 1663 2103 βαπτίσματι,
1689 2069 1734 2093 καὶ
1763 2068 1902 2104 ἀποτειχί-

216 2112 300 2136 rum;
312 2115 326 2129 η
341 2105 425 2140 quod
433 2107 477 2132 est
488 2105 590 2133 Christi
602 2105 763 2142 baptisma.
778 2108 1039 2143 Etpatetaliunde;

1099 2120 1144 2140 σας
1158 2114 1204 2136 τοῦ
1220 2114 1379 2137 Δεσποτικοῦ
1396 2122 1402 2128 ’
1420 2110 1475 2138 εἶτα
1489 2112 1566 2148 λέγει,
1585 2124 1599 2137 ‹‹
1612 2115 1661 2138 Καί
1685 2114 1829 2149 κηρύσσων
1853 2113 1900 2150 βά-

215 2148 273 2176 illic
285 2149 365 2176 enim
376 2149 489 2176 dictum
501 2152 554 2182 est.
565 2151 730 2186 Baptizans,
743 2151 774 2178 id
784 2155 830 2179 est
839 2155 939 2180 actum
951 2153 1042 2189 bapti-

215 2192 302 2220 zandi
315 2200 444 2228 operans
457 2201 464 2226 ;
477 2193 525 2221 hic
541 2201 612 2222 vero
628 2194 679 2222 ubi
693 2195 830 2223 remissio
850 2199 893 2224 est
908 2200 1042 2233 peccato-

215 2245 294 2270 rum,
307 2237 483 2270 Prtedicans,
496 2241 528 2266 ut
537 2238 573 2266 de
582 2238 681 2266 futuro
691 2239 784 2268 altero
792 2240 982 2276 baptismate,
992 2250 1041 2270 cu-

214 2282 263 2316 jus
279 2289 378 2317 praeco
400 2285 472 2314 erat.
501 2291 563 2311 non
583 2286 730 2319 operator.
754 2286 932 2321 Praeparatio
959 2287 1039 2314 enim

215 2329 279 2354 erat
292 2328 414 2355 Joannis
428 2328 580 2364 baptisma
602 2329 741 2357 Dominici
760 2330 948 2365 baptismatis
965 2334 993 2359 et
1009 2335 1039 2360 ut

215 2372 351 2408 quietiam
378 2374 560 2409 praecursio;
586 2376 619 2402 ut
640 2381 701 2402 non
728 2375 821 2402 modo
837 2383 895 2403 vox
910 2383 1038 2412 praecur-

214 2418 292 2445 reret
306 2417 409 2449 Verbo,
429 2418 481 2445 sed
498 2421 527 2446 et
546 2418 721 2453 baptismati
738 2419 903 2454 baptisma.

213 2463 258 2488 κὸν
286 2465 331 2488 καὶ
360 2463 413 2488 οἷον
441 2473 482 2493 τις
506 2461 714 2500 προοδοποίησις
743 2473 749 2479 ·

215 2517 280 2543 σμα.

247 2554 276 2580 Χ.
291 2563 305 2578 ‹‹
321 2553 388 2580 Erat
403 2554 504 2580 autem
514 2553 643 2580 Joannes
667 2552 793 2581 vestitus
808 2553 875 2590 pilis
891 2555 998 2583 cameli
1012 2558 1039 2584 et

212 2604 289 2625 zona
299 2596 423 2633 pellicea
436 2596 513 2624 circa
524 2596 645 2624 lumbos
658 2597 722 2633 ejus
733 2598 768 2626 ³².
781 2608 795 2622 ››
807 2598 953 2627 Volebam
961 2600 1037 2628 bene

213 2641 343 2669 cinctum
362 2641 446 2669 illum
463 2643 491 2669 et
510 2642 688 2669 instructum
708 2643 853 2671 viatorem
879 2644 1035 2679 paululum

249 2747 273 2765 ³ο
287 2749 356 2777 Luc.
372 2751 432 2785 xm,
446 2752 490 2778 35.
536 2751 559 2769 ³¹
576 2751 664 2780 Marc.
676 2758 697 2786 ι,
710 2751 737 2784 4,
753 2753 779 2794 5_.
827 2751 850 2768 ³³
866 2750 942 2786 Ibid,
956 2753 984 2785 6,

1096 2165 1200 2191 πτισμα
1213 2159 1349 2192 μετανοίας
1373 2156 1408 2187 εἰς
1437 2158 1528 2193 ἄφεσιν
1554 2157 1698 2195 ἁμαρτιῶν,
1713 2166 1728 2183 ›
1745 2158 1758 2182 ὅ
1784 2157 1843 2184 ἐστι
1870 2161 1898 2184 τὸ

1095 2204 1141 2226 τοῦ
1155 2204 1282 2237 Χριστοῦ.
1297 2201 1376 2230 Δῆλον
1393 2199 1422 2228 δὲ
1432 2204 1476 2228 καὶ
1496 2202 1588 2236 ἄλλως⁷
1618 2203 1659 2228 ὁτι
1682 2201 1734 2227 ἐκεῖ
1757 2204 1803 2238 μὲν
1829 2205 1899 2240 εἴρη-

1096 2253 1138 2270 ται
1166 2247 1194 2270 τὸ
1224 2245 1371 2282 βαπτίζων,
1395 2248 1539 2280 ’τουτέστιν⁷
1564 2247 1670 2283 ἐνεργῶν
1691 2248 1720 2272 τὸ
1747 2245 1896 2282 βαπτιζειν,

1094 2288 1204 2315 ἐνταῦθα
1220 2288 1249 2315 δὲ
1263 2290 1327 2316 ὅπου
1344 2291 1358 2319 ἡ
1388 2295 1438 2316 τῶν
1462 2291 1594 2327 αμαρτιῶν
1619 2291 1709 2327 ἄφεσις
1740 2293 1769 2316 τὸ
1793 2294 1897 2329 κηρύσ-

1095 2343 1145 2360 σων
1161 2335 1193 2364 ὡς
1208 2334 1250 2360 ἐπὶ
1264 2334 1399 2370 μέλλοντος
1418 2335 1505 2372 ἑτέρον
1535 2334 1731 2371 βαπτίσματος,
1760 2345 1790 2361 ου
1816 2337 1898 2374 κῆρυξ

1094 2377 1134 2411 ἦν,
1148 2379 1211 2414 οὐχὶ
1226 2379 1356 2410 τελεστὴς.
1390 2383 1571 2416 Προτοιμασία
1585 2382 1635 2417 γὰρ
1665 2378 1695 2408 ἦν
1733 2383 1778 2406 καὶ
1798 2391 1896 2417 προπομ

1092 2426 1207 2460 ρασκευὴ
1229 2425 1257 2449 τὸ
1277 2428 1322 2450 τοῦ
1339 2424 1456 2450 Ἰωάννου
1482 2424 1623 2461 βάπτισμα
1637 2426 1702 2462 πρὸς
1718 2426 1745 2450 τό
1770 2428 1895 2452 Aemon-

779 2465 821 2489 ἵνα
850 2467 886 2500 μὴ
916 2467 992 2501 μόνον
1013 2470 1080 2503 φωνὴ
1098 2470 1231 2505 προτρέχη
1261 2473 1306 2494 τοῦ
1321 2471 1418 2505 Λόγου,
1437 2469 1501 2495 ἀλλὰ
1524 2472 1568 2495 καὶ
1584 2469 1770 2506 βαπτίσματος
1802 2469 1895 2506 βάπτι-

1130 2558 1160 2584 Γ.
1179 2569 1189 2581 κ
1205 2557 1252 2583 Ἦν
1270 2556 1299 2584 δὲ
1313 2559 1326 2583 ὁ
1343 2558 1459 2588 Ἰωάννης
1479 2557 1647 2595 ἐνδεδυμένος
1674 2560 1770 2595 τρίχας
1807 2563 1893 2596 καμή-

1091 2601 1136 2627 λου
1152 2605 1196 2628 καὶ
1213 2603 1295 2632 ζώνην
1319 2601 1475 2639 δερματίνην
1503 2606 1562 2640 περί
1586 2606 1633 2632 τὴν
1658 2603 1739 2639 ὀσφὺν
1771 2604 1862 2633 αὐτοῦ,
1881 2616 1890 2629 ν

1091 2646 1248 2682 Ἐϐουλόμην
1264 2649 1306 2673 τὸν
1323 2649 1431 2679 εὔζωνον
1459 2658 1550 2674 τουτον
1571 2650 1616 2674 καί
1643 2646 1755 2676 εὐσταλή
1788 2646 1891 2675 ὁδοιπο-
