1963 3084
55 109 128 135 757

688 110 834 138 HOMILIA
852 109 890 137 IN
909 109 958 138 SS.
980 110 1209 140 INNOCENTES.

1706 115 1758 142 758

56 178 113 205 ρον
133 173 181 199 τῆς
203 173 295 199 στινῆς
318 179 345 196 τε
371 172 416 196 καὶ
442 170 611 206 τιθλιμμὲνης
638 172 731 206 μικρὸν
756 170 831 206 ὶπίσ)

982 171 1039 199 hac
1053 174 1136 200 arcta
1151 175 1179 200 et
1192 173 1352 202 constricta
1367 173 1418 200 via
1432 173 1551 201 tardare
1567 173 1691 210 ejusque
1710 183 1757 203 ve—

56 217 114 239 κοιὶ
134 215 163 239 τὸ
179 213 260 239 αὐτοῦ
276 215 500 251 περιεργάσασθαι
514 213 624 250 ἔνδυμα,
649 217 693 240 καὶ
708 217 751 240 τὸν
771 216 878 251 ἱστουρ-

56 261 96 293 γή
104 268 194 284 σαντα
208 258 356 288 ἂζητῆσαι
373 262 419 285 καὶ
434 258 481 285 διὰ
495 261 521 284 τί
546 264 647 296 τριχῶν
674 260 793 295 καμήλου
821 259 878 290 ἐξυ-

57 303 156 337 φάνθὴ
175 303 245 332 ζῴου
261 302 421 340 ἀκαθάρτου,
437 306 481 329 καὶ
508 303 571 339 οὐχὶ
596 303 691 339 μᾶλλον
720 303 789 340 ἐρίου
817 313 879 340 προ-

56 345 221 380 ϐατικοῡ,ἠ
246 347 367 383 μηλωτῆς
384 347 536 384 ὁλοκλήρου,
563 348 616 374 οἷον
642 346 672 377 ἧν
701 350 746 374 καὶ
775 349 803 373 τὸ
832 351 877 374 τοῦ

56 390 206 420 Θεσϐῆθεν
223 391 322 419 Ἠλιοῦ.
350 391 417 418 Ἀλλ’
444 390 534 421 ἐπειδὴ
552 389 682 428 διακορεῖς
707 393 805 428 ὁρῶμεν
831 396 877 418 τοῦ

54 435 148 471 λόγου
164 438 304 471 γεγονότας
318 437 383 472 ὑμᾶς
396 439 441 462 καὶ
455 438 520 474 πρὸς
535 438 564 462 τὸ
577 441 658 472 μῆκος
680 440 727 466 τῆς
743 434 876 462 διδασκα-

53 479 119 510 λίας
139 480 350 516 ὶλιγγιάσαντας,
365 480 476 507 ἐνταῦθα
489 482 554 507 ὅπου
574 483 603 506 τὸ
630 480 773 510 ἀσκητικὸν
797 479 875 507 ἔνδυ-

52 535 97 561 μα
113 529 165 552 τοῦ
181 526 313 560 Ἰωάννου,
326 529 374 555 τὴν
400 527 466 562 ὑφὴν
480 524 682 563 διοπερανοῡμεν
712 530 758 551 τού
782 525 872 562 λόγον.

55 572 113 596 Καὶ
130 569 187 605 οὐχ
206 571 412 606 ὑπωπτεύσαμει
437 570 471 600 εἰς
498 574 557 596 νοῦν
580 571 647 606 ὑμᾶς
671 570 812 606 συμϐαλεῖν
839 572 873 601 ὡς

53 614 82 645 εξ
112 615 233 651 ἀπορίας
257 613 442 652 ἀνερμήνευτον
471 616 500 640 τὸ
529 619 575 641 τοῦ
600 615 718 640 Ἰωάννου
741 613 873 652 παρεδρά-

50 669 145 694 μομεν
162 657 273 695 ἧδυμα,
297 661 363 695 μονα
378 660 410 685 τὰ
425 662 479 690 τοῖς
505 662 585 685 πᾶσιν
614 658 729 688 εῦληπτα
757 657 872 685 διαλύειν

53 702 252 740 διδυνημένοι,
281 706 327 729 καὶ
360 705 605 740 χαριεντιζομένους
629 703 721 739 λέγειν,
750 704 790 729 ὅτι
818 705 871 732 Τὴν

50 747 179 783 κάμηλον
198 750 329 781 κατέπιες,
363 750 425 778 τοὺς
455 752 503 778 τῆς
528 751 667 783 ἀναγωγῆς
694 749 753 785 περὶ
788 747 871 778 αὐτῆς

50 795 88 829 μή
104 795 274 829 προενεγκών
290 796 336 818 τοῦ
353 795 481 828 πόματος
495 792 598 828 λόγους,
629 790 752 822 διῢλισας
780 789 810 818 δί
837 793 871 818 τὰ

935 215 1107 244 stimentum
1122 216 1292 251 observare,
1308 219 1413 245 eteum
1427 217 1479 252 qui
1487 217 1559 245 illud
1568 221 1758 247 contexuerat

933 259 1126 295 interrogare,
1141 269 1194 289 cur
1213 269 1249 289 ex
1269 261 1336 298 pilis
1358 261 1464 289 cameli
1487 264 1660 290 contextum
1682 266 1756 298 erat,

933 305 1072 332 animalis
1084 305 1244 340 immundi,
1259 314 1311 333 nec
1325 306 1426 342 potius
1442 313 1478 333 ex
1492 305 1563 334 lana
1583 306 1682 340 ovina,
1706 310 1757 335 aut

931 349 1048 384 integra
1061 350 1151 378 ovina
1159 349 1245 386 pelle,
1259 350 1519 386 quemadmodum
1534 353 1598 378 erat
1611 351 1756 379 Thesbitaa

932 393 1001 421 Eliae
1016 394 1119 422 vestis.
1133 395 1189 422 Sed
1205 395 1350 430 quoniam
1361 394 1497 422 videmus
1507 403 1561 423 vos
1577 396 1686 424 nostris
1704 403 1757 424 ver

931 437 977 465 bis
989 438 1122 473 satiatos,
1144 439 1235 474 hujus
1257 438 1480 474 praedicationis
1509 440 1684 468 extensione
1713 439 1755 468 Ia-

930 482 1048 517 tigatos,
1065 483 1112 510 hic
1124 483 1172 510 ubi
1181 483 1218 510 de
1229 483 1358 511 ascetico
1370 484 1492 511 Joannis
1505 484 1683 512 vestimento
1691 485 1753 520 agi-

929 529 987 561 tur,
1000 527 1157 561 sermonis,
1168 527 1264 555 ordini
1275 527 1366 555 ﬁnem
1374 528 1578 564 imponemus.
1591 529 1691 565 Neque
1700 537 1754 557 no-

928 570 974 598 bis
984 571 1115 607 suspicio
1144 574 1188 599 est
1203 579 1257 599 vos
1272 572 1303 599 in
1314 574 1446 600 mentem
1460 572 1545 600 vobis
1557 573 1677 608 injicere
1695 581 1752 601 nos

927 623 964 642 ex
972 614 1137 650 indigentia
1146 623 1208 643 non
1218 615 1399 652 explicatum
1408 616 1532 644 Joannis
1539 617 1752 645 vestimentum

926 660 1162 695 praetermisisse,
1173 663 1319 696 tanquam
1332 668 1368 689 ea
1384 662 1501 688 tantum
1519 669 1588 697 quin
1599 661 1638 689 ab
1653 662 1751 689 omni-

926 704 983 732 bus
993 704 1080 732 facile
1090 704 1260 740 capiuntur,
1271 705 1458 741 interpretari
1469 705 1621 741 possimus
1629 715 1638 741 ;
1651 713 1750 742 neque

926 748 1082 776 irridentes
1096 748 1211 776 dicere:
1228 749 1383 777 Camelum
1397 749 1570 784 deglutiisti,
1582 749 1699 777 nullum
1715 757 1750 778 ea

925 792 963 820 de
973 800 1004 820 re
1019 792 1211 821 institutionis
1224 793 1350 821 verbum
1366 801 1418 821 ore
1446 793 1612 829 proferens,
1640 794 1750 830 despu—

51 838 125 862 κατά
152 839 282 868 κώνωπας
307 840 487 874 σμιχροπρεπῆ
517 839 562 862 χαὶ
589 836 698 864 εὐνόητα
724 838 825 872 νοήματ

974 837 1013 864 sti
1027 839 1129 865 autem
1140 837 1272 871 sordida,
1286 840 1319 865 ut
1332 837 1451 871 culices,
1468 840 1496 866 et
1507 837 1609 866 faciles
1619 839 1749 873 cogitatu

53 883 187 917 οὔμενουν
214 882 280 908 οὕτω
306 883 476 917 ταχύποπτος
582 883 627 906 καὶ
651 879 870 911 εὐσκανδάλιστος

52 927 88 957 ὡς
109 926 148 956 εἰς
163 930 225 952 νοῦν
253 930 330 952 τοῦτο
347 929 526 962 περιαγαγεῖν.
546 926 662 952 Πέποιθα
677 923 706 951 δὲ
720 926 752 956 ὡς
780 926 795 954 ἡ
822 929 868 951 τοῦ

54 975 125 997 Θεοῦ
156 972 240 1008 χάρις
266 971 412 1007 χαρίσαιτο
452 972 515 1007 ἡμῖν
547 970 628 1006 ἰσχὺν
658 972 788 1006 γνώσεως,
822 972 868 996 καὶ

52 1015 140 1050 λόγων
155 1017 262 1052 εὔροιαν
286 1015 322 1046 εἰς
348 1015 468 1050 ὼφίλειαν
498 1019 547 1045 τῆς
573 1014 678 1050 ἀγάπης
708 1014 792 1050 ὑμῶν,
824 1017 868 1040 καὶ

53 1062 100 1090 τὰς
131 1061 268 1096 Γραφικὰς
301 1059 412 1097 ἀπορίας
439 1061 499 1096 ὑμῖν
529 1058 686 1095 διαλύσομεν
712 1059 774 1085 ὅσαι
806 1060 868 1089 τέως

53 1103 185 1140 ὃιέσρυσγον
207 1106 269 1135 τοὺς
296 1105 480 1134 θεοπνεύστους
520 1105 637 1140 Πατέρας
663 1105 707 1129 καὶ
735 1101 867 1129 διδασκά-

51 1150 110 1180 λους
128 1160 135 1166 ·
161 1151 241 1185 μόνον
261 1150 297 1185 μή
328 1147 519 1185 διαλιμπάνητε
544 1150 642 1178 πάσαις
668 1152 725 1180 ταῖς
741 1150 867 1184 κυριωνύ-

53 1204 113 1229 μοις
154 1198 209 1220 τῶν
238 1194 341 1230 ἡμερῶν
370 1193 482 1220 ἐνταῦθα
512 1192 744 1229 ἐκκλησιαζόμενοι
768 1195 812 1218 καὶ
841 1193 866 1219 ἐν

53 1241 116 1274 οἴκῳ
144 1240 234 1274 τούτῳ
260 1242 308 1269 τῆς
344 1242 389 1264 τοῦ
431 1242 498 1265 Θεοῦ
531 1240 623 1274 σοφίας
638 1237 803 1273 αὐλιζόμενοι
821 1241 866 1264 καὶ

56 1287 106 1308 τῶν
137 1284 265 1319 θυμάτων
295 1282 374 1312 αὐτῆς
401 1287 626 1319 χατατρυφώντες,
653 1284 698 1308 καὶ
721 1285 767 1308 τοῦ
803 1291 866 1318 κρα-

53 1333 133 1364 τῆρος
157 1328 317 1359 ἐκπίνοντες.
334 1330 385 1354 Καὶ
411 1329 462 1364 γὰρ
489 1327 545 1363 μεθ’
573 1327 676 1362 ὑψηλοῦ
704 1330 749 1352 τοῦ
766 1328 866 1363 κηρύγ-

55 1382 137 1408 ματος
171 1382 186 1398 ο
212 1371 320 1408 ἀχρεῖος
346 1372 428 1402 αὐτῆς
467 1370 560 1402 δοῦλος
586 1370 635 1406 ἐγὼ
666 1371 725 1397 χα6“
752 1370 864 1399 ἑκάστην

58 1419 198 1454 Κυριακήν
227 1417 380 1452 συγκαλέσω
405 1417 470 1452 ὑμᾶς
501 1415 543 1442 ἐπὶ
576 1418 619 1444 τὴν
658 1415 786 1442 ἑστίασιν.
815 1417 865 1442 Καὶ

57 1460 115 1490 δοίη
142 1463 241 1498 Κύριος
275 1471 288 1486 ο
311 1463 375 1491 Θεὸς
390 1461 456 1497 ὑμᾶς
477 1463 524 1486 σὺν
551 1459 604 1496 ἐμοὶ
625 1458 783 1496 ὃαιτυμονας
799 1462 866 1494 γινέ-

924 888 1124 914 sensus;non
1139 881 1216 909 adeo
1230 881 1308 910 male
1329 883 1476 918 suspicor,
1496 890 1552 910 nec
1573 885 1635 911 tam
1661 883 1748 911 facile

924 925 1110 953 scaudalizor
1125 928 1158 953 ut
1172 926 1241 954 idin
1258 926 1394 954 animum
1404 926 1560 954 inducam.
1582 927 1675 963 Spero
1685 927 1747 956 imo

922 969 985 998 {ore
1001 973 1032 997 ut
1043 970 1092 998 Dei
1105 970 1202 1004 gratia
1215 970 1359 1005 largiatur
1368 970 1456 998 nobis
1469 971 1528 998 vim
1542 972 1747 1006 cognoscendi

922 1017 951 1043 et
963 1014 1124 1050 eloquendi
1134 1014 1305 1043 facultatem
1317 1015 1348 1043 in
1363 1017 1467 1043 vestrae
1492 1015 1644 1043 charitatis
1668 1016 1746 1044 utili~

922 1060 1024 1089 tatem,
1040 1059 1239 1094 etScriptura
1256 1058 1447 1087 diiﬁcultates
1471 1059 1557 1087 vobis
1581 1059 1744 1096 solvemus,

921 1111 990 1139 quae
1001 1111 1096 1139 usque
1105 1103 1197 1131 modo
1209 1111 1227 1131 a
1241 1105 1299 1131 Deo
1314 1103 1478 1139 inspiratos
1492 1103 1593 1131 Patres
1607 1105 1635 1132 et
1649 1104 1745 1140 magi-

921 1149 998 1175 stros
1013 1147 1174 1175 latuerunt.
1190 1147 1318 1175 Tantum
1335 1155 1372 1175 ne
1388 1147 1510 1175 cessetis
1524 1147 1666 1176 omnibus
1691 1149 1745 1176 Do»

922 1191 1040 1219 minicis
1049 1191 1156 1219 diebus
1169 1192 1228 1219 huc
1240 1192 1409 1223 convenire,
1417 1191 1580 1220 etinhacce
1590 1192 1743 1228 sapientiae
1783 1213 1786 1215 .

921 1236 972 1264 Dei
983 1236 1076 1264 domo
1095 1236 1288 1271 commorari,
1315 1239 1344 1264 et
1358 1237 1423 1271 ejus
1449 1236 1575 1264 victimis
1603 1236 1745 1265 delectari

920 1280 1046 1316 ejusque
1059 1280 1202 1316 poculum
1209 1281 1312 1309 bibere
1319 1302 1326 1308 .
1342 1282 1402 1316 Ego
1413 1281 1494 1309 enim
1503 1281 1621 1309 excelso
1631 1289 1743 1318 praeco-

920 1325 970 1352 nio
981 1324 1092 1352 inutilis
1102 1325 1166 1360 ejus
1173 1333 1277 1353 servus
1286 1325 1411 1361 singulis
1420 1325 1582 1354 Dominicis
1594 1325 1634 1354 ad
1646 1326 1743 1354 convi-

920 1369 1001 1396 vium
1016 1377 1069 1396 vos
1084 1369 1287 1404 congregabo.
1314 1371 1366 1398 Det
1387 1372 1489 1398 autem
1519 1371 1663 1398 Dominus
1687 1378 1741 1398 vos

920 1421 1039 1441 mecum
1049 1413 1175 1441 ccelestis
1187 1416 1215 1442 et
1229 1416 1347 1442 aeterna:
1362 1422 1475 1442 mensae
1486 1415 1627 1443 convivas
1638 1415 1702 1443 ﬁeri
1714 1418 1743 1444 et

919 1458 1001 1493 regni
1022 1458 1165 1486 caelorum
1182 1458 1290 1493 dignos
1307 1466 1372 1486 esse
1384 1467 1391 1491 ;
1402 1459 1486 1494 quod
1498 1459 1615 1487 utinam
1634 1468 1741 1488 omnes

56 1507 117 1532 σθαι
132 1510 185 1536 τῆς
206 1505 327 1542 οὐρανίου
341 1508 387 1531 καὶ
416 1503 569 1541 ἀδιαδόχου
588 1504 719 1541 τραπέζης
745 1507 789 1530 καὶ
817 1514 831 1530 τ

965 1511 972 1529 s
985 1502 1191 1539 assequamini
1207 1502 1302 1538 gratia
1316 1505 1344 1531 et
1360 1503 1494 1531 bonitate
1505 1503 1599 1531 Patris
1623 1505 1652 1531 et
1679 1504 1740 1532 Filii

57 1550 196 1586 βασιλείας
220 1550 363 1581 ἀξιωθῆναι
382 1553 431 1576 τῶν
449 1550 563 1587 οὐρανῶν
588 1560 594 1566 ·
623 1549 655 1579 ἧς
672 1551 771 1584 γένοιτο
800 1550 862 1575 πὰν-

56 1605 98 1625 ta;
140 1596 215 1631 ὑμᾶς
244 1594 379 1630 ἐπιτυχεῖν
419 1595 514 1630 χάριτι
541 1596 586 1620 καὶ
612 1593 793 1630 φιλανθρωπία
816 1597 862 1619 τοῦ

57 1641 169 1676 Πατρὸς,
184 1641 232 1665 καὶ
249 1642 295 1666 τοῦ
309 1640 380 1674 ﬁmi,
399 1641 444 1665 καὶ
458 1642 504 1664 τοῦ
534 1638 611 1674 ἁγίου
640 1639 789 1673 Πνεύματος
815 1641 863 1668 τῆς

919 1550 948 1575 et
963 1547 1089 1583 Spiritus
1110 1547 1215 1580 sancti,
1232 1547 1341 1582 quibus
1358 1554 1419 1575 una
1432 1547 1574 1575 Divinitas
1589 1549 1618 1575 et
1633 1555 1741 1576 unum-

918 1600 1056 1626 reguum.
1072 1591 1119 1619 cui
1133 1592 1270 1619 convenit
1284 1592 1382 1620 omnis
1398 1592 1503 1627 gloria,
1515 1592 1612 1620 honor
1624 1595 1653 1621 et
1666 1593 1739 1621 ado-

917 1637 992 1664 ratio
1006 1644 1088 1664 nunc
1100 1638 1129 1664 et
1137 1637 1168 1664 in
1178 1636 1294 1665 inﬁnita
1304 1636 1424 1665 saecula.
1439 1638 1543 1664 Amen.

55 1688 110 1719 μιᾶς
140 1685 272 1714 alarm-6;
301 1693 327 1710 τε
345 1686 390 1709 καὶ
424 1682 569 1719 βασιλείας,
617 1684 709 1718 πρέπιι
742 1685 816 1708 πᾶσα
835 1681 912 1717 δόξα,
937 1683 1000 1717 τιμή
1031 1683 1076 1707 καὶ
1100 1682 1278 1718 προσκύνησις
1293 1685 1337 1707 νῦν
1361 1683 1407 1708 καὶ
1429 1681 1466 1712 εἰς
1500 1683 1562 1712 τοὺς
1604 1681 1740 1712 ἀτελευτή-

56 1738 112 1760 τους
127 1729 238 1759 αἰῶνας.
255 1729 347 1764 Ἀμήν.

318 1936 462 1965 Germani
473 1936 593 1965 decreta
605 1936 741 1971 quaedam
754 1936 913 1971 synodalia
928 1936 996 1964 vide
1008 1936 1039 1963 in
1055 1938 1132 1964 tomo
1147 1935 1256 1969 CXIX,
1273 1935 1331 1963 σοι.
1351 1937 1403 1963 795
1417 1941 1480 1970 sqq.

666 2207 765 2232 ANNO
788 2207 918 2232 DOMINI
942 2207 1125 2232 MCCXLVIII

160 2361 602 2437 MANUEL
641 2361 715 2436 II
757 2360 902 2440 GP.
945 2359 1629 2436 PATRIARCHA

61 2523 152 2573 Pater
180 2527 224 2557 Le
250 2528 351 2566 Quien
379 2528 409 2558 in
445 2527 576 2558 Orientis
598 2526 767 2557 Christiani
793 2530 869 2557 tom.
899 2526 922 2558 Ι.
947 2536 977 2565 p.
999 2527 1072 2561 286.
1096 2527 1167 2557 huic
1198 2527 1339 2558 Manueli
1368 2527 1497 2557 decreta
1523 2526 1633 2557 tribuit
1659 2535 1731 2566 quae

513 2576 724 2607 Leunclavius
746 2575 888 2606 Manueli
912 2575 1118 2615 Charitopulo
1141 2576 1281 2606 ascribit.
