1963 3084
3 93 52 120 765

649 92 694 120 DE
705 91 837 122 DIVINIS
852 93 1055 134 NOMINIBUS.

1645 97 1698 124 766

3 154 141 190 λομνήμων
166 157 218 181 καὶ
242 154 444 192 πεπαιδευμένος
477 156 624 194 φιλοσοφίᾳ,
654 158 722 193 εἴπερ
758 155 778 181 ἐι

921 156 1073 191 imerabit,
1100 157 1272 186 mundanas
1305 158 1471 186 activitates
1500 158 1696 186 recensendo.

7 203 136 230 στατικώς
161 201 199 224 τὰ
222 199 244 225 ἐν
272 202 363 236 κόσμῳ
395 200 553 238 ἐξερευνὴσει
580 201 748 238 ἐνεργήματα·
766 199 816 235 ἐγὼ

8 242 33 269 δὲ
65 245 118 269 εἴτε
146 245 198 279 μὲν
226 244 361 282 ἐρευνήσας
389 247 503 283 εὑρήσω,
539 248 588 272 εἴτε
621 245 650 272 δὲ
676 246 743 271 κατά
769 247 815 274 τὴν

8 288 98 313 ἐκείνου
116 286 239 324 δύναμιν
263 289 286 315 ἐν
322 289 416 321 ἀνοίξει
449 294 493 316 τοῦ
525 292 655 326 στόματός
676 300 735 327 μουε
751 290 816 316 κατὰ

6 335 46 358 τὸν
67 332 173 358 Παῦλον
202 335 237 359 τὰ
263 335 298 365 ὡς
323 334 390 365 εἰκὸς
417 334 554 372 ἐρεύξομαι
573 335 694 369 εὐσεϐῶς,
718 335 747 361 οὐ
779 338 815 369 τῷ

8 377 106 414 ἀριθμῷ
125 378 271 414 μεγαλύνω
299 381 345 409 τὴν
370 380 481 416 εὕρεσιν,
507 382 564 407 οὔτε
592 382 637 416 μεν
663 384 697 416 τῷ
722 379 818 407 ἐλλιπεῖ

9 421 141 456 ὄειλιάσω,
167 425 217 449 καὶ
250 425 294 450 τὸν
326 426 398 450 ὄκνον
428 425 482 456 οἷξω
508 424 643 461 ἐμπόδιον,
680 425 743 451 ἀλλά
769 427 816 454 τήν

8 467 103 503 ἀγαθὴν
119 469 167 493 καὶ
184 469 350 504 μεσαιτάτην
376 467 438 495 ὁδόν
461 468 588 505 βαδίσας,
612 471 645 500 ὼς
673 469 723 503 δεῖ,
748 471 816 496 κατά

8 514 50 540 την
69 511 183 538 ἐνοῦσάν
202 523 250 549 μοι
264 515 346 550 χάριν
361 516 408 543 τὴν
424 514 451 546 ἐξ
477 513 583 548 ἐκείνου,
608 516 671 541 ὡσεὶ
692 513 814 551 δύναμις,

8 556 31 581 i7.
49 557 138 588 πάσης
159 562 299 595 γραφικῆς
322 563 411 594 πηγῆς
436 563 483 590 τῆς
511 559 581 590 ἐντός
603 570 631 586 τε
653 562 698 585 καὶ
717 563 763 588 τῆν
777 559 815 585 ἐκ·

8 610 54 633 τος,
89 601 103 631 ἦ
131 604 180 627 καὶ
213 604 247 628 τα
273 602 351 629 πλείω
382 603 514 640 ἐπιστήμῃ
542 604 653 634 εὐσεϐῶς
668 605 816 640 συντιθέμε-

9 655 53 678 νος,
69 647 117 676 τὰς
128 645 248 683 ῥανίδας
277 649 385 683 σπόῃῳ
413 650 560 684 Πνεύματος
584 650 652 675 θείου
681 648 814 685 ἀνιμησά-

10 698 87 724 μενος,
120 691 320 723 κατασταλάξω
349 690 396 717 διὰ
416 692 534 728 γλώττης
558 695 586 719 τό
607 693 713 729 γλύκιον
742 704 747 710 ·
770 696 815 719 καὶ

11 734 227 769 ὁνοματοθετήσω
251 737 295 761 τὸν
319 735 477 773 ἀθεώρητον,
504 739 547 763 τόν
578 739 662 767 πάντη
689 737 757 769 ξένον
774 737 814 763 ἀν-

13 779 124 815 θρωπίνῳ
137 783 177 814 τῷ
190 779 322 816 λογισμῷ,
355 783 398 806 τόν
423 779 524 807 ἀνίδεον
553 786 583 818 τῇ
610 782 744 815 αἰσθήσει,
771 784 814 808 τόν

12 822 152 852 ἀνεννόητον
179 825 272 860 φύσει,
301 826 344 850 τόν
376 826 504 862 ὑπερφυῆ,
533 827 576 852 τὸν
604 827 725 863 ὑπέρθεον
745 837 751 842 -
769 829 814 852 καί

13 877 78 893 τουτο
98 869 203 899 πάντως
221 869 260 899 εἰς
274 870 316 895 τόν
330 869 410 895 αὑτοῦ
437 868 569 906 ὃοξασμόν
604 880 610 887 ·
637 870 749 896 ἐντεῦθεν
767 873 813 900 τὴν

12 915 49 948 μὲν
63 912 160 949 τόλμαν
194 912 328 949 ἀμϐλύνας
348 912 394 940 διὰ
413 919 459 940 τοῦ
476 914 594 952 θάρρους,
617 917 646 941 τό
670 913 700 942 δὲ
720 916 814 953 θάρρος

14 960 191 993 mgni-nica;
222 957 255 987 τῆ
293 961 444 995 προαιρέσει
480 962 538 996 περὶ
569 961 707 996 θεωννμίας
747 960 814 986 οὕτω

15 1001 68 1037 βοῶ,
90 1004 134 1028 τὸν
162 1006 212 1032 τῆς
253 1003 380 1033 εὐσεϐείας
406 1005 505 1041 καρπὸν
536 1007 590 1035 τοῖς
618 1003 749 1030 εὐσεϐέσιν
780 1006 814 1035 ὡς

15 1045 112 1082 ἀρίστην
142 1045 311 1073 πανδαισίαν
342 1049 507 1085 προθέμενος.
535 1049 582 1074 Διά
611 1052 686 1075 τοῦτο
715 1051 752 1085 μὴ
781 1054 813 1086 τῇ

15 1089 68 1120 λέξει
85 1093 162 1126 μόνον
194 1092 208 1116 6
235 1091 420 1127 ἀναγινώσκων
444 1096 489 1118 τοῦ
513 1095 570 1124 νοὸς
598 1093 708 1130 ἀργήσει
742 1096 789 1123 τὴν
816 1092 938 1130 δύναμιν,
973 1091 1027 1118 ἀλλ’
1052 1092 1177 1129 ἐρευνάτω

17 1136 74 1160 κατά
95 1133 212 1172 δύναμιν

16 1178 118 1215 ὁνοματα
150 1181 294 1216 ἓγκεινται,

245 1147 251 1152 ·
278 1137 334 1172 ἔχει
355 1134 389 1171 θὲ¹
411 1138 425 1166 ἠ
457 1142 506 1163 τῶν
535 1137 666 1174 ὀνομάτων
697 1140 817 1175 σημασία
834 1139 921 1175 ἑτέραν
945 1138 1004 1163 τινὰ
1027 1138 1162 1165 θειοτάτην

343 1181 398 1207 ἀλλ’
435 1181 563 1218 ἐνεργείας
597 1181 776 1211 ὑποδηλοῦσιν
817 1181 1003 1213 ὑποδεικτικὸς
1029 1186 1075 1212 τῆς
1111 1183 1181 1212 θείας
1207 1181 1404 1217 μεγαλειότητος
1430 1190 1436 1196 ·

870 201 1016 236 Equidem
1031 205 1082 230 aut
1095 211 1163 230 cum
1176 202 1255 230 illius
1270 202 1408 236 facultate
1423 204 1474 230 aut
1489 202 1519 230 in
1539 203 1598 230 oris
1612 210 1698 238 aper-

870 245 959 278 tione,
974 246 1049 274 sicut
1059 247 1178 281 Paulus,
1189 247 1294 275 laudes
1308 247 1428 275 meritas
1444 246 1657 282 pronuntiabo,
1671 249 1699 274 et

870 289 1091 326 impedimentis
1115 292 1229 320 evitatis
1258 291 1401 326 mediam,
1431 291 1558 327 ideoque
1584 291 1698 318 bonam

871 334 949 362 viam
963 343 1081 371 sequar,
1098 336 1263 364 secundum
1280 335 1498 363 inhabitantem
1513 335 1654 369 gratiam,
1668 336 1698 362 et

871 387 957 408 sacra
977 381 1128 417 Scriptura
1143 380 1219 409 duce
1234 383 1261 409 et
1283 380 1406 408 scientia
1433 381 1565 416 auspice,
1599 388 1697 408 rorem

871 427 898 452 et
911 426 1009 459 guttas
1021 425 1145 461 Spiritus
1157 425 1250 454 divini
1260 433 1318 461 ope
1329 425 1523 461 perlinguam
1531 423 1696 457 distillabo,

870 471 898 498 et
911 469 1027 497 vocabo
1041 477 1109 496 eum
1121 470 1172 506 qui
1188 469 1342 497 invisibilis
1355 472 1400 497 est
1412 471 1440 497 et
1463 468 1623 496 intellectui
1645 469 1698 496 hu-

869 514 1170 550 manoiuaccessum,
1189 523 1206 542 a
1219 514 1356 542 sensibus
1380 513 1522 547 alienum,
1553 521 1699 549 suprana-

869 558 1006 591 turalem,
1024 567 1088 590 vere
1106 559 1307 594 [)eum,idque
1322 558 1454 586 unicead
1465 559 1529 593 ejus
1548 558 1673 593 gloriam
1689 566 1696 592 ;

869 606 898 631 et
912 603 954 631 sic
968 603 1138 631 divinorum
1149 603 1304 631 nominum
1314 603 1490 630 celsitudine
1502 603 1575 630 ﬁsus
1588 610 1693 630 vocem

869 655 969 676 meam
983 647 1063 683 tollo,
1079 650 1107 675 et
1120 648 1235 684 pietatis
1259 647 1387 675 fructum
1400 647 1457 683 piis
1480 647 1574 683 dapes
1595 646 1693 674 lautas

870 692 972 720 offero.
988 693 1068 720 Hanc
1084 692 1123 719 ob
1139 700 1261 720 causam
1283 692 1334 728 qui
1357 692 1436 726 legit,
1466 699 1527 719 non
1543 691 1639 718 solum
1655 691 1698 718 in—

870 737 949 772 genii
962 745 1090 765 acumen
1105 737 1268 771 augebit,at
1283 737 1326 764 rei
1336 736 1566 771 profunditatem
1586 737 1697 762 scrute~

869 783 917 809 tur
928 784 956 809 et
966 781 1133 810 secundum
1148 781 1223 808 vires
1236 783 1375 817 exponat.
1389 780 1446 808 Sed
1460 780 1617 808 nominum
1633 779 1695 807 illo-

835 833 855 859 B
868 834 936 854 rum
949 825 1132 861 signiﬁcatus
1147 826 1237 854 aliam
1251 826 1341 853 etiam
1352 826 1415 853 vim
1424 825 1525 853 habet.
1539 826 1602 852 Non
1615 824 1695 852 enim

870 871 989 899 fortuito
1002 870 1143 907 imposita
1155 872 1233 903 sunt,
1246 870 1299 898 sed
1314 869 1472 906 qualitates
1482 869 1591 896 divinae
1604 869 1695 904 maje-

869 915 936 942 stati
954 914 1132 942 inhmrentes
1143 914 1287 942 indicant.
1301 914 1372 941 Hinc
1384 921 1461 949 opus
1475 915 1622 945 nostrum,
1634 920 1696 940 ma-

868 960 950 987 xima
956 967 1025 986 cum
1032 959 1140 994 pietate
1147 957 1514 990 inchoatum,homin1bus
1522 956 1578 992 piis
1594 965 1629 984 ac
1637 958 1696 984 stu-

869 1004 963 1032 diosis
979 1002 1117 1038 oblaturi,
1126 1002 1250 1039 Spiritus
1257 1002 1351 1030 sancti
1363 1001 1473 1029 auxilio
1481 1009 1516 1028 ac
1531 1000 1629 1035 gratia
1642 1000 1695 1028 rite

869 1048 1015 1076 invocatis
1035 1055 1103 1075 cum
1118 1047 1228 1075 ﬁducia
1237 1047 1317 1074 hunc
1328 1046 1358 1074 in
1370 1045 1493 1074 modum
1509 1046 1693 1073 exordimur.

1197 1093 1227 1117 τό
1258 1091 1350 1127 βάθος,
1379 1091 1393 1119 ὴ
1427 1092 1472 1116 καὶ
1499 1089 1641 1126 ἐξηγείσθω
1666 1090 1695 1115 τό

1187 1147 1193 1153 ·
1214 1135 1244 1162 οὐ
1270 1137 1320 1172 γὰρ
1345 1135 1429 1165 ἁπλῶς
1457 1137 1502 1160 καί
1527 1135 1648 1170 τυχότως
1664 1134 1697 1159 τά

1467 1177 1515 1205 διὰ
1536 1182 1613 1204 τοῦτο
1638 1177 1697 1214 φιλ-

20 1223 124 1260 ενσεϐείᾳ
153 1225 238 1262 πολλῇ
269 1227 297 1252 τό
340 1227 477 1262 σύνταγμα
507 1227 616 1263 θέμενοι,
645 1229 709 1263 πρὸς
750 1229 810 1259 τοὺς
850 1227 1026 1263 ἐπιστήμονας
1062 1229 1107 1252 καὶ
1147 1226 1277 1262 φιλοθέους
1304 1227 1350 1254 τὴν
1377 1226 1464 1262 κρίσιν
1491 1223 1698 1253 ἐπανατείναντες

19 1270 57 1296 τήν
67 1273 110 1295 τοῦ
123 1271 279 1306 Πνεύματος
289 1269 371 1306 χάριν
388 1271 505 1302 ἱκετικῶς
519 1270 753 1309 προσκαλούμενοι,
764 1273 829 1309 μετά
845 1272 957 1309 θάρρους
969 1274 1014 1298 καὶ
1026 1272 1175 1309 προθυμίας
1189 1271 1287 1297 οὑτωσὶ
1303 1269 1492 1307 ἀπαρχόμεθα.

48 1357 76 1383 Ὀ
91 1360 154 1389 Θεὸς
179 1369 186 1375 -
204 1360 218 1384 6
235 1359 375 1396 οἰκτίρμων
401 1371 408 1376 ·
419 1360 503 1391 ὁτοὺς
516 1360 682 1398 οἰκτίρμονας
698 1360 814 1396 ἀγαπῶν.

21 1401 31 1426 6
45 1405 123 1440 πατὴρ
139 1407 191 1429 τῶν
204 1403 346 1439 οἰκτιρμῶν
361 1415 367 1420 ·
383 1405 395 1430 6
420 1404 554 1440 φιλόκαλος
570 1415 576 1421 ·
603 1406 615 1430 6
644 1405 787 1440 φιλάγαθος
809 1416 814 1421 ·

23 1446 248 1487 όφι).όσπλαγχν.ος
263 1458 268 1464 ·
286 1449 299 1474 6
310 1448 387 1479 καλός
400 1459 406 1464 -
423 1450 436 1474 6
452 1448 548 1484 ἀγαθός
565 1460 570 1465 -
587 1450 599 1475 ὁ
613 1449 794 1484 εὗσπλαγχνος
809 1460 815 1465 ·

22 1490 31 1530 6
51 1490 116 1516 ἐλεῶν
133 1502 139 1508 ’
155 1493 168 1517 6
184 1492 314 1522 ἐλεοποιός
330 1494 361 1518 -ό
389 1491 543 1528 ἐλεοὸοχεύς
565 1502 570 1508 ·
600 1495 612 1519 6
631 1495 747 1530 χορηγός
771 1497 816 1519 τοῦ

731 1536 768 1563 δι’
790 1538 816 1563 ὃν

599 1583 611 1608 6
641 1581 745 1613 δίκαιος
770 1594 776 1599 ·
803 1584 816 1608 6

24 1534 93 1565 Ξλέους
105 1546 111 1551 ·
125 1537 138 1562 6
153 1536 230 1562 ἐλεῶν
251 1539 313 1568 τοὺς
326 1536 415 1568 ἀξίους
428 1548 434 1554 '
447 1537 505 1563 καθ’
526 1538 553 1563 ὅν
573 1539 585 1563 6
610 1538 677 1568 ἔλεος
697 1549 703 1554 ·

23 1579 98 1610 οὒεος
111 1590 118 1596 ’
131 1579 167 1606 δι’
184 1581 217 1607 οὗ
231 1582 243 1606 6
259 1581 324 1611 ἕλεος
342 1593 347 1598 ·
368 1582 393 1608 ἐν
417 1581 436 1618 ᾧ
450 1583 462 1607 6
481 1582 547 1613 ἔλεος
564 1593 570 1598 '

25 1621 184 1658 δικαιοδότης
201 1638 208 1643 ο
222 1628 234 1652 6
251 1625 367 1659 δικάζων
380 1638 385 1644 ·
399 1629 411 1654 6
428 1626 504 1658 δίκας
520 1629 588 1663 οἰγων
602 1649 608 1655 .
634 1629 647 1653 6
671 1626 816 1659 καταδίκας

25 1668 112 1705 ἐπάγων
129 1681 135 1688 -
151 1672 164 1698 6
192 1674 311 1708 φωτεινὸς
324 1683 329 1688 ·
356 1673 368 1698 6
382 1671 535 1709 φωτοδότης
546 1684 552 1690 ·
566 1674 578 1699 6
605 1676 746 1709 φωτοποιος
772 1683 778 1690 ⁸
803 1675 815 1699 6

27 1715 151 1751 ῑιωτάρχης
166 1727 172 1732 ·
190 1717 204 1742 ό
220 1720 410 1752 φωταυγαστής

24 1767 72 1791 γενς
85 1781 90 1786 ,

438 1727 445 1734 ⁸
469 1718 481 1743 6
508 1722 557 1743 τῶν
583 1721 672 1754 φώτων
688 1727 814 1754 παραγω-

327 1763 339 1787 6
353 1763 475 1799 πρύτανις

25 1805 76 1836 μίας
87 1808 134 1830 τῶν
149 1804 256 1842 ἀγαθῶν
272 1804 436 1843 δωρημάτων
454 1817 460 1823 ·
477 1807 490 1832 6
513 1806 633 1838 ἀνίκητος
648 1818 654 1823 ·
681 1808 694 1832 6
718 1817 816 1836 νικητι-

110 1761 282 1797 ὁτηλεφανὴς
303 1772 309 1778 ~
327 1763 339 1787 6
353 1763 475 1799 πρύτανις
500 1773 506 1779 υ
527 1763 540 1788 6
565 1764 704 1799 προνομεύς
717 1773 723 1778 ·
741 1763 753 1788 ὁ
771 1772 815 1788 τα-

24 1849 58 1876 κός
73 1858 78 1863 '
93 1849 247 1881 ὀνικοποιός
263 1861 269 1866 ·
284 1851 297 1876 6
311 1851 444 1889 νικάρχης
460 1862 465 1867 -
482 1852 495 1877 6
508 1850 695 1882 νικοὸέσποτος
707 1862 713 1868 ·
735 1852 747 1877 6
770 1856 815 1882 τῆς

693 1897 705 1922 6
734 1895 815 1932 βασι-

391 1950 397 1956 ·
426 1941 438 1965 6
462 1942 525 1970 Θεὸς
564 1945 613 1966 τῶν
640 1941 814 1976 νομιζομένων

25 1980 75 2005 θεῶν
87 1992 92 1998 ·
104 1983 116 2008 ὁ
129 1983 237 2020 ἔλεγχος
258 1989 306 2010 τῶν
330 1983 439 2014 δοκήσει

25 1888 92 1923 δέξης
104 1891 235 1925 δεσπότης
250 1903 256 1909 ”
269 1895 282 1921 6
297 1897 386 1932 κύριος
399 1899 448 1921 τῶν
463 1898 633 1933 κυριευόντων
657 1907 663 1912 ·

23 1933 70 1965 λενς
94 1941 141 1963 τῶν
165 1938 357 1975 βασιλευόντων

461 1996 467 2001 ·
487 1986 499 2011 6
525 1987 655 2022 συνίστωρ
683 1990 730 2015 τῆς
754 1985 815 2014 ἀλη-

25 2023 98 2056 tnta;-
111 2028 124 2052 6
136 2031 229 2064 κριτὴς
243 2029 255 2054 ό
267 2027 507 2066 ἀπροσωπόληπτος
524 2041 530 2046 ·
547 2032 574 2056 τό
600 2029 677 2065 βῆμα
693 2032 721 2056 τὸ
756 2029 816 2056 ἀδέ-

25 2077 107 2096 καστον
130 2082 136 2088 ·
161 2073 174 2098 ὁ
197 2072 324 2104 ἀλάθητος
344 2073 473 2110 ὀφθαλμός
499 2085 505 2091 ’
521 2076 549 2100 τὸ
559 2073 700 2110 πανδερκές
717 2075 790 2110 ὄμμα
805 2077 811 2084 ⁸

26 2121 36 2136 ο
49 2115 77 2138 ὧν
92 2134 97 2140 .
114 2117 126 2141 6
140 2117 257 2155 οἰναρχος
276 2139 282 2145 .
294 2119 307 2144 6
319 2117 435 2149 ἀναίτιος
451 2129 457 2135 ·
491 2119 504 2144 6
527 2117 672 2155 ἀθεώρητος
689 2129 695 2135 ·
717 2120 730 2144 6
752 2119 812 2154 ὖψι-
832 2118 854 2144 D
870 2117 989 2147 ἀσώτους
1009 2115 1213 2151 ἀνακαλούμενος
1237 2125 1243 2131 ·

28 2165 77 2188 ποῖ
87 2170 93 2175 ·
108 2161 120 2186 6
134 2160 318 2193 ἀκατάληπτος
335 2173 341 2179 ·
358 2163 371 2188 6
384 2161 579 2200 ἀπερίγραπτος
605 2174 610 2179 -
632 2164 644 2188 6
659 2164 789 2199 ἄγνωστος
804 2174 810 2179 ·

28 2210 38 2226 ο
59 2202 153 2241 ἀσαφής
168 2217 174 2223 ι
190 2207 202 2232 6
220 2209 313 2239 σκότος
327 2209 397 2244 ἔχων
413 2208 560 2245 περικύκλῳ
580 2209 660 2234 αὑτοῦ
683 2220 689 2225 ι
715 2211 744 2235 τὸ
766 2214 814 2240 τῆς

29 2244 186 2282 ἀγαθωσύνης
198 2251 281 2288 βάθος
298 2263 303 2268 ·
321 2253 335 2281 ἠ
356 2256 428 2289 πηγὴ
445 2258 494 2279 τῶν
518 2252 679 2291 δωρημάτων
696 2262 703 2269 '
732 2254 746 2283 ἡ
764 2254 812 2279 αὒ-

29 2291 100 2322 τθζωὴ
113 2305 119 2310 ·
130 2296 144 2324 ἡ
160 2296 212 2326 ζωή
230 2307 236 2313 ·
252 2295 288 2322 δι’
307 2297 333 2322 ὃν
350 2299 376 2323 αἱ
391 2298 457 2328 ζωαί
475 2308 480 2314 ·
499 2296 535 2323 δι’
551 2298 581 2324 οὗ
594 2299 621 2324 αἱ
635 2298 701 2328 ζωαί
718 2309 724 2314 ·
739 2298 772 2328 εἰς
786 2298 813 2324 ὃν

28 2336 55 2360 τὰ
67 2338 143 2365 πάντα
154 2351 160 2356 -
175 2341 188 2366 ὁ
201 2340 380 2377 ἀμετάπτωτος
393 2343 469 2378 φύσει
481 2341 513 2369 .’ὁ
528 2343 653 2379 ἄτρεπτος
666 2347 697 2379 τῇ
712 2343 790 2379 οὐσίᾳ
806 2365 812 2370 .

29 2388 40 2403 ο
61 2379 219 2416 ἀναλλοίωτος
246 2387 322 2422 φύσει
338 2397 343 2402 ·
360 2387 373 2412 6
389 2387 521 2424 αὐτάρκης
538 2398 544 2403 ·
561 2387 574 2412 6
589 2387 684 2418 τέλειος
699 2398 704 2403 ·
721 2388 734 2413 6
747 2387 814 2414 τελε-

20 2429 161 2468 ’Ταρχικόρ
178 2430 191 2455 6
215 2431 368 2468 ὑπερούσιος
396 2441 402 2447 ·
428 2431 440 2457 6
465 2432 588 2468 ὑπέρθεος
611 2443 617 2448 ·

29 2467 66 2516 9ος
81 2479 86 2486 ⁵
101 2472 112 2496 ὁ
132 2473 272 2510 ὑπέρφωτος
289 2486 294 2492 ·
313 2476 326 2501 6
341 2467 517 2513 mlmpmﬁsr
533 2487 538 2492 '

28 2517 113 2545 εντελής
137 2527 143 2533 .

643 2433 656 2457 6
685 2433 814 2469 ὑπεράγα-

565 2477 578 2502 6
607 2476 738 2514 ζωοφὸρος
765 2488 770 2493 ·
800 2479 812 2503 6

177 2519 190 2544 6
202 2519 321 2550 πλάστης
336 2530 343 2536 ο
365 2520 378 2546 ό
402 2519 565 2557 δημιουργός
582 2531 588 2537 ·
605 2522 618 2546 6
648 2521 743 2556 γλυκὺς
771 2520 811 2547 δε-

29 2559 112 2596 τίπότης
125 2570 131 2578 ’
147 2562 159 2587 ὁ
188 2562 381 2601 πωλοδομὴτωρ
407 2575 413 2581 ”
432 2563 594 2601 ὁὺψιμέὸων
610 2576 615 2582 -
633 2566 646 2591 6
669 2565 746 2596 ξένιος
763 2576 768 2582 ·
797 2567 810 2591 6

29 2602 99 2632 ικοινάς
114 2615 119 2620 ”
131 2606 144 2630 ὃ
158 2609 234 2643 μῆας
249 2619 254 2624 ·
275 2609 287 2634 6
306 2608 419 2645 ἰσχυρός
436 2619 442 2625 ·
459 2609 472 2634 6
487 2609 659 2645 ἰσχυροποιος
681 2620 686 2626 ·
714 2610 726 2635 6
747 2609 812 2635 ἀθά-

29 2652 89 2694 7379:
104 2656 110 2662 '
126 2650 193 2676 ὁτῶν
207 2654 283 2678 ὄντων
298 2655 469 2690 παραγωγεύς
484 2665 490 2670 -
511 2654 524 2679 6
539 2658 587 2684 τῆς
609 2654 670 2684 ὕλης
697 2656 742 2679 καὶ
765 2658 810 2680 τοῦ

30 2686 101 2733 ξῖδους
124 2693 231 2727 ἐνοποιός
255 2718 261 2724 .
285 2699 314 2723 τὸ
343 2696 486 2735 ἀρχέγονον
506 2699 570 2735 φάος
595 2709 601 2714 -
634 2699 648 2727 ἡ
665 2700 736 2734 πηγὴ
765 2702 810 2729 τῆς

32 2735 184 2770 αγαθωσύνης
205 2751 212 2758 ⁸
236 2742 250 2770 ἡ
280 2741 424 2779 πλημμύρα
448 2746 497 2768 τῶν
522 2740 685 2780 δωρημάτων
711 2752 717 2759 ·
734 2743 808 2768 ὁπο-

872 1362 952 1397 ταμὸς
977 1364 1023 1390 τῆς
1045 1360 1206 1397 εὐφροσύνης
1221 1369 1228 1376 ·
1256 1359 1269 1384 ό
1295 1357 1357 1396 ῥοῦς
1380 1358 1392 1383 6
1422 1357 1525 1388 ἀένναος
1545 1360 1591 1386 τῆς
1630 1356 1698 1393 εὐερ-

872 1408 963 1440 γεσίας
980 1416 986 1422 '
1003 1406 1018 1434 ἡ
1041 1404 1112 1434 ἀκτὶς
1132 1405 1146 1433 ἡ
1167 1403 1238 1434 ἐκτός
1269 1402 1479 1431 ἀντωακλήσεως
1505 1401 1633 1437 θῦγουσα
1651 1411 1657 1417 ·
1679 1401 1694 1429 ἡ

874 1452 977 1486 σταγὼν
999 1453 1046 1480 τῆς
1070 1448 1247 1484 ἀγαλλιάσεως
1275 1458 1281 1464 -
1306 1449 1334 1472 τὸ
1359 1446 1469 1482 πελαγος
1486 1449 1532 1475 τῆς
1560 1446 1696 1481 μακροθυ-

1235 1493 1248 1518 6
1268 1492 1350 1528 πραΰς
1381 1502 1386 1507 ·
1413 1490 1563 1521 ἀνεξίκακος
1583 1501 1589 1506 ·
1613 1491 1626 1516 6
1655 1500 1698 1525 με-

1362 1537 1374 1561 ό
1388 1537 1545 1572 πρωταίτιος
1562 1546 1567 1550 -
1593 1535 1608 1562 ἡ
1629 1534 1697 1570 λάμ-

1484 1580 1496 1604 ό
1512 1578 1670 1615 κυϐερνήτης
1687 1589 1693 1594 ·

873 1497 936 1530 μίας
953 1505 960 1510 ·
977 1495 989 1520 6
1006 1494 1171 1530 μακρόθυμος
1198 1503 1204 1508 ·

871 1543 966 1565 τανοῶν
980 1541 1022 1565 ἐπὶ
1049 1541 1155 1568 κακίαις
1176 1536 1316 1574 ἀνθρώπων
1331 1547 1336 1552 ·

1112 1584 1124 1608 6
1138 1583 1283 1619 προνοητής
1298 1592 1303 1597 -
1322 1582 1334 1606 6
1348 1582 1436 1617 ἔφορος
1455 1601 1461 1607 .

1323 1626 1338 1654 ἡ
1365 1624 1464 1660 γαλήνη
1492 1627 1541 1649 τῶν
1569 1621 1698 1648 κλυδωνι-

1480 1679 1486 1686 ·
1508 1668 1523 1697 ἡ
1551 1668 1695 1704 ἐπιστροφὴ

1503 1713 1518 1741 ἡ
1547 1712 1651 1748 λαμπὰς
1680 1712 1695 1740 ἡ

1505 1768 1511 1774 -
1533 1758 1561 1782 το
1588 1756 1697 1782 ἀνέσπδ-

870 1583 917 1618 ψις
933 1585 946 1613 ἡ
963 1584 1056 1614 οἶσκιος
1081 1594 1087 1599 ’

871 1628 971 1665 ὀλιμὴν
993 1632 1043 1654 τῶν
1070 1628 1265 1664 χειμαζομένων
1287 1634 1293 1640 ·

1036 1674 1051 1702 ἡ
1077 1672 1202 1707 ἀναψυχὴ
1230 1675 1279 1697 τῶν
1293 1668 1454 1706 ἀδυνομένων

870 1722 919 1744 τῶν
955 1717 1152 1755 ἁμαρτανόντων
1173 1727 1179 1732 ·
1205 1716 1217 1741 6
1247 1713 1344 1745 ἄθυτος
1365 1713 1437 1744 ἣλιος
1462 1720 1469 1727 ·

869 1762 996 1792 ἄσϐεστος
1011 1763 1042 1787 -ό
1068 1760 1159 1791 διδοὺς
1187 1764 1238 1796 φῶς
1261 1763 1316 1790 τοῖς
1339 1758 1363 1784 ἐν
1390 1760 1477 1784 σκότει

869 1816 913 1842 ρον
931 1806 1021 1836 σέλας·
1047 1804 1185 1840 ὁγαληνός
1203 1813 1209 1818 ·
1231 1805 1244 1829 6
1269 1803 1440 1838 γαληνοποιός
1471 1812 1476 1817 ·
1497 1802 1513 1829 ἡ
1540 1802 1695 1836 παγκρατὴς

869 1850 976 1887 παλάμη
993 1850 1029 1877 .6
1056 1847 1226 1884 παιδαγωγὸς
1250 1851 1299 1873 τῶν
1324 1847 1471 1875 αἰσθήσεων
1493 1856 1500 1861 ·
1523 1846 1538 1874 ἡ
1563 1844 1696 1882 βακτηρία

1334 1895 1380 1921 τῆς
1409 1890 1501 1926 ἀρετῆς
1528 1890 1541 1915 ὁ
1566 1887 1696 1915 διδάσκα-

1516 1944 1522 1950 ·
1544 1934 1556 1958 6
1584 1931 1698 1969 νομοδό-

1587 1979 1599 2004 6
1623 1977 1698 2003 σεϐά-

872 1675 983 1709 ζομένων
999 1684 1006 1690 ’

869 1899 917 1925 τῆς
944 1894 1076 1925 ἀσθενείας
1101 1898 1149 1923 τῆς
1178 1894 1277 1928 φυσεως
1298 1902 1304 1908 ·

868 1938 912 1969 λος
928 1949 933 1954 ·
951 1943 998 1968 τῆς
1010 1940 1102 1968 κακίας
1118 1938 1129 1963 6
1146 1937 1254 1972 ἔλεγχος
1285 1947 1291 1952 ι
1317 1936 1330 1961 6
1349 1935 1490 1971 νομοθέτης

868 1993 914 2013 της
926 1994 932 1999 ·
950 1984 962 2009 ὁ
977 1982 1124 2019 νομοφύλαξ
1136 1993 1141 1998 ·
1155 1982 1167 2007 6
1182 1981 1307 2010 σεϐαστός
1332 1988 1338 1995 '
1367 1980 1380 2005 6
1407 1978 1522 2010 σεϐαζων
1537 1990 1543 1995 -
1553 1989 1559 1995 ·

973 2039 979 2044 ·
1006 2029 1021 2056 ἡ
1055 2026 1116 2058 ὁδὸς
1132 2030 1179 2057 τῆς
1200 2026 1269 2056 ζωῆς
1282 2036 1288 2041 ·
1306 2026 1320 2054 ἡ
1345 2024 1513 2054 ἀνεκλάλητος
1530 2021 1648 2059 θυμηδία
1660 2033 1666 2038 ·
1682 2021 1694 2047 6

1233 2078 1240 2085 '
1267 2074 1315 2100 τῆς
1337 2067 1456 2099 διανοίας
1484 2069 1496 2093 ό
1520 2067 1625 2103 ἔλεγχος
1648 2077 1654 2082 ·
1683 2066 1696 2091 6

1274 2115 1286 2139 6
1309 2112 1440 2140 παιδεύων
1471 2115 1516 2138 καὶ
1552 2114 1582 2141 τὴ
1620 2112 1695 2137 θανα-

871 2037 945 2064 σμιος

871 2077 918 2098 τῶν
945 2076 1065 2109 κρυπτῶν
1091 2074 1208 2107 γνώστης

869 2166 918 2188 τῶν
936 2172 942 2177 ·
959 2161 971 2186 6
987 2162 1106 2196 κατάγων
1122 2160 1155 2190 εὶς
1174 2158 1240 2194 ᾅδου
1264 2161 1308 2184 καὶ
1325 2157 1424 2194 ἀνάγων
1455 2168 1461 2174 -
1484 2158 1496 2183 6
1517 2155 1650 2193 δεσμεύων
1670 2154 1694 2181 ἐν

869 2205 988 2232 ἀσθενεία
1009 2216 1015 2221 -
1037 2206 1050 2231 6
1070 2204 1187 2230 ἀπολύων
1208 2202 1232 2229 ἐν
1253 2201 1396 2238 δυναστείᾳ
1417 2212 1423 2218 ·
1444 2203 1456 2227 6
1476 2203 1664 2238 τροπαιοφόρος
1685 2210 1691 2216 ·

869 2251 881 2276 6
901 2253 1079 2287 τροπαιοῦχος
1094 2259 1100 2266 ι
1122 2249 1134 2274 6
1160 2246 1306 2283 διοσημίας
1325 2251 1404 2273 ποιῶν
1421 2257 1427 2263 ·

1073 2294 1162 2325 ἀξίους
1189 2303 1196 2309 ·
1226 2293 1239 2318 6
1272 2292 1358 2329 ἰατρός
1387 2297 1436 2318 τῶν
1464 2291 1560 2327 ψυχῶν
1574 2293 1619 2316 καὶ
1645 2294 1695 2316 τῶν

1517 2337 1529 2362 6
1553 2337 1586 2361 τὰ
1612 2336 1695 2362 πάντα

1454 2247 1466 2272 6
1492 2247 1642 2282 θαυμαστός
1657 2255 1663 2261 ·
1681 2245 1694 2270 6

868 2299 949 2331 τιμῶν
977 2297 1037 2325 τοὺς

870 2341 996 2376 σωμάτων
1020 2341 1092 2376 ἡμῶν
1122 2349 1127 2355 ·
1163 2338 1175 2363 6
1201 2341 1340 2373 πανταχοῦ
1363 2339 1452 2374 παρών
1480 2347 1486 2352 ·

868 2384 972 2421 πληρῶν
990 2395 996 2400 ·
1018 2385 1030 2410 6
1047 2385 1180 2420 θησαυρὸς
1190 2387 1239 2409 τῶν
1253 2381 1356 2418 ἀγαθῶν
1374 2393 1380 2398 ·
1396 2383 1408 2407 6
1443 2382 1511 2412 ζωῆς
1536 2382 1654 2418 χορηγός
1688 2391 1694 2396 -

868 2430 883 2458 ἡ
900 2431 1018 2464 γέννησις
1035 2433 1085 2454 τῶν
1103 2426 1177 2454 ἰδεῶν
1194 2436 1200 2442 '
1218 2428 1342 2457 όοῖποσος
1362 2437 1368 2443 ·
1395 2427 1407 2452 6
1436 2425 1640 2462 ἀσχημάτιστος
1661 2435 1667 2441 ·
1685 2426 1697 2450 6

869 2471 969 2503 ἀνίδεος
987 2474 1022 2500 ,ὁ
1049 2473 1126 2508 ἐγγὺς
1141 2476 1172 2508 τῇ
1190 2471 1299 2507 δυνάμει
1316 2481 1322 2488 ·
1355 2472 1368 2497 ὃ
1394 2470 1481 2508 πόρρω
1510 2468 1557 2495 διὰ
1582 2472 1628 2498 τὴν
1653 2470 1698 2504 φύ-

869 2528 910 2543 σιν
922 2529 928 2535 ·
946 2519 958 2543 6
971 2521 1047 2554 μόνος
1061 2517 1136 2554 ἁγνός
1151 2528 1157 2534 ν
1173 2518 1185 2543 ὁ
1201 2516 1313 2552 ἁγνίζων
1338 2527 1344 2532 ’
1371 2516 1383 2541 6
1403 2518 1477 2551 μόνος
1503 2516 1615 2550 καθαρὸς
1644 2524 1650 2530 θ
1681 2514 1694 2538 6

867 2566 927 2594 τοὺς
946 2565 1075 2601 καθαροὺς
1091 2564 1257 2600 προσιέμενος
1286 2572 1292 2578 υ
1322 2562 1351 2586 τὸ
1380 2561 1538 2596 καθαρτικόν
1563 2562 1613 2595 πῦρ
1647 2568 1653 2574 ·
1676 2559 1691 2586 ἡ

1174 2608 1203 2632 τὸ
1220 2604 1291 2641 ὕδωρ
1320 2607 1348 2630 τὸ
1375 2605 1498 2640 καθαῖρον
1528 2604 1587 2632 τούς
1618 2601 1694 2638 μολυ-

1589 2649 1603 2676 ἠ
1631 2647 1694 2684 ῥίζα

1460 2703 1466 2710 ⁸
1492 2695 1522 2719 τό
1548 2692 1692 2729 ἀμέτρητον

867 2607 929 2643 φλὸξ
944 2608 958 2636 ἡ
983 2608 1108 2638 οἴστεκτος
1138 2618 1144 2623 ·

867 2654 949 2688 σμούς
965 2663 971 2669 ·
986 2655 1015 2678 τό
1036 2654 1178 2689 ἀκρότατον
1200 2651 1285 2687 ἐφετὸν
1303 2660 1308 2666 ·
1331 2650 1343 2675 6
1363 2650 1525 2686 παντουργός
1553 2659 1559 2664 -

865 2698 953 2728 πάσης
968 2697 1123 2728 ὃντότητος’
1140 2698 1169 2723 τὸ
1195 2696 1340 2733 ἀθεώρητον
1367 2693 1431 2729 ὕψος

865 2742 950 2779 βάθος
966 2763 973 2771 .
989 2743 1002 2768 6
1016 2742 1130 2778 ἀναφὴς.
1145 2743 1158 2767 6
1170 2741 1337 2776 πηγαστικός
1354 2749 1360 2756 ·
1388 2739 1401 2764 6
1424 2737 1502 2773 λόγου
1533 2739 1672 2774 παραίτιος
1685 2749 1691 2756 ·
