1963 3084
268 108 321 136 767

269 170 282 196 6
297 170 355 199 τοὺς
370 170 464 205 σοφοὺς
488 168 512 194 ἐν
541 169 620 205 σοφίᾳ
640 166 818 206 δρασσόμενος

269 216 362 251 σοφίας
379 224 385 230 ·
402 217 451 240 τῶν
471 211 610 250 δογμάτων
637 214 651 242 ἠ
676 214 759 250 πέτρα
788 222 794 230 ⁸

269 261 416 288 παντόπτης
433 269 438 275 ·
460 259 473 284 6
487 259 666 295 παντεργάτης
686 268 692 275 ·
709 258 722 283 6
737 255 936 294 παντοδύναμος
956 267 963 274 ⁸
986 258 999 286 ἣ
1016 260 1066 283 τῶν

826 212 839 238 6
865 212 998 244 παντάναξ
1025 222 1031 228 ⁸
1053 213 1065 238 ό

633 304 648 333 ἡ
673 307 722 329 τῶν
756 305 924 330 πεπτωκότων
954 302 1065 329 ἀνάστα-

270 358 312 379 σις
323 359 330 365 ο
347 347 474 384 όβοτάνας
487 347 608 380 ποικίλας
626 351 768 385 χρώμασιν
790 359 796 365 ·
812 348 824 374 ό
843 349 876 374 τὰ
891 349 938 386 ὅρη
965 350 1066 379 στήσας

268 392 364 430 βαθμῷ
374 400 381 407 ⁸
397 394 410 420 ὁ
423 395 555 424 παναίτιος
567 403 572 410 -
585 393 598 419 6
611 391 736 429 ἀρίζηλος
749 403 755 410 ·
772 393 785 419 6
800 391 946 429 ἀριδείκετο
958 402 979 424 ς·
996 393 1009 418 6
1025 394 1066 429 μί-

267 437 378 473 γακλεής
397 445 404 452 ⁸
423 438 436 465 6
450 437 636 476 ἀριστόϐουλος
658 445 664 452 ⁸
686 439 699 464 6
728 437 893 474 ἀσύμϐουλος
924 445 931 453 ⁸
953 438 966 464 6
980 438 1067 473 πηγὰς

409 483 422 508 ὁ
437 481 527 518 λίμνας
543 481 686 514 ἀναδιδούς
705 483 737 509 ⁸ὀ
753 483 932 520 κυριοκράτωρ
952 490 958 497 ⁸
984 483 998 508 6
1024 483 1067 508 τὸν

268 527 390 554 ἄκτιστον
410 528 478 565 ἔχων
492 527 566 563 λόγον
581 535 588 544 ⁸
604 529 618 554 6
630 525 752 564 κηδεμών
767 536 774 544 ⁸
789 528 802 554 6
815 529 1000 564 κοσμορύστής
1018 535 1024 542 ⁸
1054 527 1067 553 6

268 572 439 609 ψυχοτρόφος
454 580 461 587 ⁸
477 573 490 599 6
505 572 674 610 ψυχοτερπής
691 581 698 589 ⁸
715 574 728 599 6
740 573 897 611 λογοτερπὴς
926 581 932 589 ⁸
960 573 973 599 6
994 572 1066 609 φιλο-

268 615 343 652 λόγος
355 625 361 631 ⁸
378 618 391 642 6
405 617 548 653 φιλολόγιος
565 625 571 632 ⁸
589 618 601 643 6
618 617 759 654 φιλαλήθης
787 627 793 634 ⁸
823 618 835 643 6
858 617 990 654 αὐτοφυής
1017 626 1023 633 ⁸
1055 617 1067 643 6

269 663 465 698 πανυπίρσοφος
480 669 488 678 ⁸
504 661 702 699 όμωρελεήμων
727 669 735 677 ⁸
761 663 773 688 6
804 664 988 700 πονηρομανής
1019 670 1026 677 ⁸
1055 662 1067 688 6

271 705 441 744 ἀρκτοπόλιος
456 716 464 724 ⁸
489 707 501 733 6
534 707 866 744 ἀνταρκτικοπολόστροφος
892 716 899 722 ⁸
927 709 940 733 6
964 716 1068 744 μεσημ-

271 751 419 790 ϐρινόσκιος
437 760 443 768 ⁸
470 752 483 779 6
499 751 670 784 ἰωανατολεὺς
690 761 696 767 ⁸
720 753 733 779 6
756 749 995 789 βλιπομενοζὼδιος
1025 759 1032 767 ⁸
1055 753 1068 778 6

269 798 305 834 μή
320 793 646 834 ορωμενοζωδιοστροφιύς
667 804 674 812 ⁸
701 797 714 823 6
739 798 905 833 νηνεμοποιός
929 803 937 811 ⁸
970 798 983 822 6
1011 797 1070 827 τοὺς

269 839 386 874 ἀσθενεῖς
411 843 456 868 καὶ
484 843 714 878 συντετριμμένους
754 841 900 879 βραχίονας
928 840 1070 868 ἀνακαλούι

270 895 345 922 μενος
361 893 367 900 ⁸
384 886 534 923 ὁφυτεύσας
548 884 709 924 παράδεισον
724 893 732 902 ⁸
765 887 777 913 6
804 885 1004 924 ἀνδρειονύκτης
1029 894 1036 902 ⁸
1057 887 1070 912 6

271 929 348 961 δίκης
359 930 484 962 ὶξισωτής
497 940 503 948 ⁸
519 932 534 961 ἡ
551 934 638 968 γενικὴ
653 933 725 968 πηγὴ
741 935 791 958 τῶν
805 931 889 958 καλῶν
916 939 923 946 ⁸
951 933 966 961 ἠ
995 931 1068 961 ἰθικὴ

271 977 372 1003 πάντων
385 977 494 1014 πρόνοια
509 983 517 991 ⁸
531 978 575 1003 καὶ
584 978 656 1006 κοινὴ
672 978 773 1003 πάντων
797 978 906 1015 πρόνοια
930 985 939 993 ⁸
958 977 972 1002 6
992 978 1068 1013 μόνος

271 1022 399 1058 ὑπάρχων
412 1019 549 1052 οὐσιωδῶς
565 1021 687 1058 βασιλεύς
701 1030 708 1037 ⁸
726 1023 738 1048 6
763 1022 830 1048 κατά
854 1022 938 1048 πάντα
960 1021 1040 1052 πολύς
1060 1029 1067 1036 ⁸

271 1065 284 1091 6
297 1069 351 1096 τοῖς
372 1066 512 1102 ὑπερφυέσι
540 1065 680 1102 βασιλικός
700 1067 833 1102 θησαυρός
860 1064 1013 1104 δωρήμασιν
1030 1074 1039 1082 ⁸
1057 1067 1069 1092 6

271 1109 388 1146 ἀρρήτως
410 1110 560 1146 ξυναγαγὼν
582 1111 615 1137 τά
646 1110 734 1148 πόρρω
746 1115 782 1147 τῷ
795 1110 899 1146 ἐναντίῳ
917 1119 923 1126 ⁸
950 1112 963 1137 6
991 1111 1070 1148 μίξας

271 1157 369 1190 καιροῖς
386 1151 462 1184 ἰδίοις
476 1155 508 1180 τὰ
523 1155 622 1190 ιὶμικτα
637 1163 642 1169 '
660 1155 673 1180 6
692 1155 723 1181 τά
752 1154 788 1181 ἀπ
808 1153 906 1192 ’ἀρχῆς
929 1156 997 1192 οἷχρι
1024 1157 1068 1183 τέ-

272 1198 333 1229 λους
345 1199 409 1235 ῥιπῆ
425 1202 472 1224 τοῦ
502 1201 603 1235 κόσμου
633 1197 709 1231 ειδως
737 1207 744 1215 ⁸

273 1243 286 1269 6
302 1246 349 1273 τῆς
377 1242 511 1279 φερεσϐίον
534 1243 718 1282 οἰακοστρόφος
742 1264 750 1272 .
778 1245 791 1270 6
809 1245 1039 1282 τυφωνοκωλυμίας
1062 1253 1068 1261 ⁸

274 1288 557 1325 ότρικυμιοθραὺστης
577 1296 584 1303 ⁸
601 1289 614 1314 6
635 1288 740 1325 ἰώμενος
764 1297 771 1304 ⁸
803 1291 816 1316 6
836 1289 1050 1326 ἐπισκεπτόμενος
1063 1299 1069 1306 ⁸

274 1332 287 1358 6
299 1334 429 1368 φεραυγής
445 1341 451 1348 ⁸
466 1333 478 1358 6
501 1332 654 1369 αἰωνάρχης
667 1341 674 1348 ⁸
691 1335 704 1359 6
731 1334 888 1372 χρονάρχης
908 1343 915 1350 ⁸
941 1336 953 1361 6
968 1336 1070 1373 μηνάρ-

274 1386 328 1413 χης
348 1384 354 1390 ⁸
374 1377 386 1402 6
409 1377 564 1414 ἡμεράρχης
581 1388 587 1394 -
616 1379 628 1404 6
647 1379 771 1416 ὼράρχης
785 1388 792 1395 ⁸
806 1380 819 1405 6
835 1378 1016 1416 ἀγαθεργάτης
1035 1387 1041 1394 ·
1058 1380 1071 1406 6

274 1419 484 1458 ἀγαθεργοδοτης
499 1431 504 1436 ⁸
522 1423 535 1448 6
561 1432 731 1459 καινεργατης
748 1431 754 1438 '
777 1424 789 1450 6
809 1423 1019 1460 παραδοξοποιός
1035 1432 1044 1442 ⁸
1059 1425 1071 1450 6

273 1468 443 1504 τερατουργός
459 1467 494 1492 '6
519 1471 600 1493 ποιῶν
626 1468 761 1504 Θαυμάσια
779 1471 856 1506 μόνος
882 1477 888 1484 ⁸
905 1470 918 1495 6
941 1467 1071 1507 δημιουρς

273 1512 317 1546 γός
331 1521 337 1527 ⁸
354 1511 367 1537 6
392 1513 488 1548 ποιμὴν
503 1512 516 1537 6
530 1512 607 1544 καλός
620 1521 626 1527 ⁸
648 1513 660 1539 6
677 1515 821 1550 ποιμενικὸς
841 1521 848 1528 ⁸
869 1514 882 1540 6
899 1515 974 1550 φύσει
994 1513 1072 1550 βασι-

272 1555 328 1587 λεύς
346 1563 352 1570 ⁸
374 1556 386 1582 6
401 1555 558 1589 ἀταύτιστος
576 1565 582 1572 ⁸
604 1558 616 1584 6
636 1557 815 1596 ἀπαράλληλος
828 1567 834 1573 ⁸
849 1559 862 1585 6
875 1557 1041 1597 δυσόργητος
1061 1567 1067 1574 ⁸

274 1601 286 1626 6
307 1599 452 1637 ἀόργητος⁸
472 1602 485 1627 6
504 1602 614 1638 ἄφθονος
634 1611 640 1618 ⁸
658 1603 671 1629 6
688 1603 786 1639 ἄχολος
806 1611 813 1618 ⁸
841 1603 943 1634 όπολὺς
973 1605 1070 1634 ὅντως·

274 1646 287 1672 6
311 1646 435 1682 ἄπειρος·
457 1647 469 1672 6
492 1646 617 1676 πλὴσσων
639 1649 699 1678 τοὺς
721 1645 848 1684 δαίμονας

274 1692 332 1720 τοὺς
360 1691 470 1726 ἄφρονας
500 1698 506 1706 ⁸

269 303 470 340 ἀπεγνωσμένων
503 303 559 329 ὶλπί
563 314 573 334 ς
597 314 603 320 ·

269 481 366 518 ὶκχέων
385 490 390 497 ⁸

773 1200 785 1226 6
800 1202 919 1231 τακτικός
940 1207 949 1215 ⁸
968 1203 1045 1237 ταγός
1062 1211 1068 1218 ⁸

874 1655 881 1663 ⁸
904 1649 916 1674 6
935 1648 1072 1684 μαστίζων

529 1692 542 1717 6
565 1691 666 1723 πλάσας
692 1693 760 1718 κατά
786 1694 865 1728 μόνας
888 1693 934 1724 τὰς
960 1691 1072 1730 καρδίας

274 1735 347 1770 ἡμῶν
363 1742 369 1749 ⁸
387 1735 399 1760 6
415 1733 511 1765 ἐτάζων
525 1734 638 1772 καρδίας
663 1739 708 1762 καὶ
735 1738 840 1773 νεφρούς
867 1745 874 1752 ⁸

274 1779 335 1808 τοὺς
350 1777 480 1809 ἐκλεκτούς
508 1790 514 1796 -

907 1739 919 1763 6
942 1738 1071 1774 πειράζων

542 1781 555 1805 6
580 1779 731 1816 δοκιμάζων
751 1782 809 1811 τοὺς
832 1781 920 1816 ἁγίους
939 1781 1018 1808 αὐτοῦ
1035 1790 1040 1797 ⁸
1058 1783 1071 1808 6

275 1823 343 1858 ἔχων
362 1823 449 1859 θρόνον
477 1825 520 1850 τόν
541 1824 648 1861 οὐρανόν
674 1832 682 1840 ⁸
710 1826 723 1851 6
747 1825 890 1852 ὑποπόδιον
916 1829 1072 1863 κεκτημένος

275 1869 322 1895 τὴν
336 1871 385 1902 γῆν
399 1875 405 1882 ⁸
423 1869 436 1894 6
452 1866 551 1904 δόμοισι
579 1869 775 1908 μεγαλοπρεπής
801 1878 808 1886 ⁸
840 1871 852 1897 6
875 1874 955 1898 πᾶσιν
976 1871 1071 1908 ὀνομα-

277 1913 336 1942 στός
351 1919 358 1926 ⁸
380 1912 392 1938 6
418 1912 616 1949 εὖσνμπάθητος
632 1921 639 1929 ⁸
657 1915 669 1940 6
685 1918 744 1952 περὶ
757 1916 805 1953 τὰς
823 1915 929 1947 ἀπειλὰς
944 1916 1046 1953 φοϐερός
1062 1923 1069 1931 ⁸

276 1957 289 1982 6
306 1966 351 1992 περ
367 1958 411 1982 τόν
437 1956 522 1984 οἶκτον
544 1956 660 1994 δαψιλής
681 1969 688 1976 ⁸
706 1960 718 1985 6
736 1958 852 1997 ἐνέδραις
884 1961 989 1992 ἄθικτος
1010 1971 1016 1978 ⁸
1042 1962 1072 1987 τὸ

276 1999 444 2038 ἐκδειματοῡν
462 2006 514 2039 πῦρ
531 2013 537 2020 ⁸
552 2003 567 2032 ἡ
581 2013 630 2029 των
656 2005 680 2030 ἐν
707 2008 851 2042 συμφοραῖς
881 2006 1035 2042 παραμυθία
1063 2013 1071 2021 ⁸

276 2047 289 2072 6
316 2047 416 2083 ἕτοιμος
443 2045 571 2083 δεομένοις
597 2055 603 2063 ⁸
627 2049 639 2074 6
662 2048 778 2075 ἐκτείνων
803 2051 846 2076 τὸν
884 2050 990 2088 οὐρανόν
1011 2051 1073 2077 ὡσεὶ

277 2089 364 2129 δέρῤιν
381 2100 386 2106 ·
404 2093 417 2117 6
449 2092 581 2127 στενάζων
599 2093 624 2118 ἐν
644 2091 726 2120 ῦδασι
747 2094 780 2120 τὰ
794 2095 897 2132 ὑπερῷα
925 2095 1006 2121 αὐτοῦ
1024 2102 1031 2110 ⁸
1062 2095 1075 2120 6

277 2136 356 2166 τιθεὶς
370 2137 498 2172 νέφιιτὴν
520 2136 648 2163 ὑπόϐασιν
675 2137 755 2164 αὐτοῦ
785 2146 792 2154 ⁸
820 2139 833 2165 ό
859 2143 1006 2176 περιπατῶν
1034 2138 1076 2167 ἇπὶ

276 2181 409 2216 πτερύγων
438 2179 536 2216 ἀνέμων
559 2188 567 2197 ⁸
593 2182 605 2207 ό
633 2185 816 2214 παντεπόπτης
843 2192 849 2199 ⁸
879 2184 892 2209 6
916 2188 1076 2220 καινοτομῶν

277 2223 322 2254 τὰς
338 2224 426 2259 φύσεις
445 2232 451 2238 ⁸
468 2225 480 2250 6
507 2223 675 2263 ὀϐριμοεργός
698 2235 705 2242 ⁸
736 2228 869 2264 όῖφοιμος
897 2235 905 2243 ⁸

277 2271 387 2298 ποιητής
403 2276 409 2283 ⁸
425 2270 437 2295 6
453 2269 523 2301 ἣλιος
549 2275 595 2302 τῆς
615 2270 788 2303 δικαιοσύνης
810 2281 816 2288 ⁸
844 2273 856 2299 6
881 2273 983 2299 πάντων
1008 2283 1075 2310 προ-

276 2314 437 2351 μηθούμενος
454 2315 490 2340 ‘6
512 2316 614 2342 πάντων
638 2315 780 2354 κηδόμενος
803 2325 810 2332 ⁸
835 2318 848 2343 6
873 2315 1042 2354 ὑπερένδοξος
1065 2329 1074 2337 ο

277 2359 290 2385 6
310 2358 446 2395 εὐλογητὸς
469 2367 476 2374 ⁸
500 2361 513 2386 6
529 2361 698 2400 σθεναρόχειρ
713 2369 720 2377 ⁸
736 2363 749 2388 6
764 2361 921 2400 βριαρόχειρ
951 2370 959 2380 ⁸
989 2363 1001 2388 6
1021 2367 1074 2395 τοῖς

276 2403 406 2441 χερουϐὶμ
420 2403 566 2443 ἀθεώρητος
586 2414 593 2421 ⁸
613 2407 626 2432 6
639 2409 693 2437 τοῖς
718 2409 831 2444 σεραφὶμ
846 2405 987 2443 ἀπρόσιτος
1017 2415 1024 2423 ⁸
1057 2409 1072 2437 ἠ

277 2447 489 2487 δυναμοδύναμις
504 2455 552 2477 τῶν
567 2449 700 2487 δυνάμεων
715 2458 722 2466 ⁸
739 2452 752 2478 ό
777 2451 912 2488 ἀπειράκις
943 2453 1049 2489 ἄπειρος
1066 2474 1073 2482 ,

277 2495 290 2520 6
304 2494 412 2525 παλαιός
422 2497 523 2532 ἡμερῶν
551 2503 557 2510 ⁸
582 2496 595 2524 η
619 2495 757 2533 ἐτοιμασία
778 2500 827 2522 τῶν
848 2497 943 2534 θρόνων
966 2505 973 2512 ⁸
990 2498 1004 2527 ἠ
1030 2507 1074 2524 κν-

276 2542 363 2576 ριότης
387 2544 437 2566 τῶν
464 2542 624 2578 κυριοτὴτων
651 2547 658 2556 ⁸
683 2541 695 2567 6
717 2541 781 2573 ἄναξ
801 2541 914 2568 ἀνάκτων
943 2551 948 2556 ⁸
976 2543 989 2568 6
1012 2541 1075 2579 ἀμό-

275 2583 361 2614 λυντος
386 2589 393 2599 ⁸
417 2585 429 2611 6
462 2584 620 2622 ὁροφουργός
652 2585 772 2622 οὐρανίας
801 2584 898 2622 ἁψῖδος
917 2593 925 2601 ⁸
953 2587 966 2612 6
985 2586 1074 2613 κλείων

276 2630 334 2658 τοὺς
349 2631 500 2665 χασματίας
526 2636 533 2644 ⁸
561 2630 571 2656 6

938 2229 951 2254 6
971 2227 1076 2266 ἀστερο·

683 2541 695 2567 6
717 2541 781 2573 ἄναξ
801 2541 914 2568 ἀνάκτων
943 2551 948 2556 ⁸

877 2631 890 2656 6
916 2629 1073 2657 διαστέλλων

275 2672 396 2704 κλείστας
410 2682 417 2688 ⁸
434 2675 446 2700 6
463 2674 564 2704 ζώντων
587 2674 646 2712 ὃρος
670 2674 740 2706 ζωῆς
754 2684 761 2691 ⁸
785 2677 797 2702 6
816 2675 884 2706 ζωῆς
898 2677 944 2702 καὶ
963 2676 1072 2702 θανάτου

276 2720 396 2752 γνὼστης
406 2716 514 2750 διέσεως
528 2726 536 2734 ⁸
550 2720 563 2745 6
582 2721 671 2755 χύσας
691 2721 734 2746 τόν
757 2719 867 2756 ἀριθμόν
885 2727 893 2736 ⁸
911 2721 924 2746 6
949 2719 1073 2750 εἰκονιξό-

277 2763 350 2797 μενος
370 2761 394 2788 ἐν
419 2762 516 2799 μονάδι
535 2771 542 2780 ⁸
560 2765 572 2791 6
587 2759 688 2792 πάντων
717 2765 856 2801 ἀρμονικός
880 2759 886 2782 ⁸
920 2765 935 2794 ἠ
962 2764 1072 2802 ἁρμονία

561 2632 573 2656 6
597 2632 703 2666 πέμπων
727 2632 815 2662 ὦστας
841 2639 847 2646 ⁸

560 2758 688 2792 ὁπάντων
717 2765 856 2801 ἀρμονικός
880 2759 886 2782 ⁸

952 104 1129 134 THEODORI
1142 104 1166 133 Π
1181 104 1254 134 ΙΜΡ.

847 177 853 184 ·
878 167 894 196 ἠ
919 166 990 204 ἀρχὴ
1022 171 1066 197 τῆς
1082 169 1105 195 Α
1121 169 1216 199 παντός
1240 175 1246 183 ⁸

1091 847 1110 874 Β
1127 838 1188 864 αἰὼν
1202 843 1252 865 τῶν
1267 840 1343 866 ὤτων
1357 848 1363 854 ⁸
1385 840 1399 865 6
1411 842 1509 877 χρόνος
1521 844 1571 867 τῶν
1590 842 1728 877 γινομένων

1896 109 1963 136 768'

1795 170 1811 196 6
1828 169 1950 196 εὐθυδι-

1819 216 1835 241 ό
1855 216 1949 251 πραῢς

1271 167 1284 194 ό
1305 166 1515 200 ἀπαλινώδητος
1536 179 1542 187 ⁸
1570 169 1583 196 6
1606 168 1744 201 εὖθύδικος
1767 177 1774 186 ⁸

1121 214 1222 249 κόφρων
1238 213 1275 239 ’ὁ
1302 212 1475 250 μεμψίμορος
1504 222 1512 230 ⁸
1536 215 1599 251 ὁμὴ
1626 213 1760 246 ὀνειδίζων
1785 224 1792 231 ⁸

1121 256 1229 293 ἔλεγχος
1244 267 1251 274 ι
1268 257 1281 283 ό
1300 256 1489 290 ἀστασίαστος
1503 267 1511 274 ⁸
1539 260 1551 286 6
1578 259 1787 290 ἀνεπιϐούλευτος
1810 268 1818 275 ⁸

1121 311 1205 338 ραχος
1219 310 1225 316 ⁸
1240 303 1253 328 6
1279 302 1376 333 ἁπλοῦς
1393 311 1399 318 ⁸

1123 345 1229 377 ἀπάσης
1261 345 1379 383 μονάδος
1406 355 1412 362 ⁸
1431 349 1443 374 6
1462 353 1521 380 νοῦς
1541 359 1554 375 ο
1574 349 1682 381 ἀνόητος
1703 356 1711 365 ⁸

1120 390 1200 428 ρητος
1215 399 1222 407 ·
1239 391 1252 416 6
1263 391 1331 417 κατά
1354 390 1438 428 μηδεν
1453 397 1502 420 τῶν
1522 395 1600 420 ὄντων
1626 395 1660 420 ὤν
1684 402 1693 411 ⁸

1121 437 1231 472 ρημένος
1248 443 1254 450 ⁸
1283 436 1296 461 6
1324 435 1421 468 ἄϐατος
1446 445 1453 453 ⁸
1483 438 1496 463 6
1516 438 1655 476 θεαρχικός
1679 446 1686 454 ⁸

1121 485 1172 508 τῶν
1196 479 1429 510 ἀπολισθησάντων
1447 486 1494 513 τῆς
1511 481 1648 510 θεοιιδείαξ
1661 489 1669 498 ⁸
1686 484 1701 512 ἠ
1718 484 1846 511 συνετικὴ
1875 482 1940 518 ἀγα-

1124 526 1202 556 θότης
1215 533 1222 540 ⁸
1243 526 1255 551 6
1276 524 1454 564 ἀνετεροίωτος
1468 535 1476 542 ⁸
1505 528 1518 553 6
1534 527 1634 566 ἀγήρως
1657 536 1663 544 ⁸
1691 528 1704 554 6
1733 527 1880 563 ἀγαπητός
1897 535 1904 542 ⁸
1928 529 1939 553 ὁ

1123 569 1148 596 ἓν
1172 572 1240 607 αὔρᾳ
1269 570 1346 608 λιπτῇ
1381 578 1390 587 ⁸
1418 572 1431 598 ό
1456 572 1602 609 ὑπερφανής
1627 580 1634 588 ⁸
1662 573 1675 598 ό
1700 572 1864 609 ἱτερώννμος
1893 580 1900 587 ·
1926 573 1938 597 ὁ

1123 613 1245 653 λαμπτὴρ
1267 620 1317 642 τῶν
1340 615 1437 652 ψυχῶν
1460 625 1467 631 ⁸
1494 618 1507 643 6
1528 615 1679 654 σοφόδωρος
1699 625 1705 632 ⁸
1731 617 1744 643 6
1768 615 1875 647 ἀνίδεος
1897 624 1903 632 ·
1923 618 1935 642 ό

1126 657 1255 697 ἰδεάρχης
1274 668 1281 675 ⁸
1301 661 1314 686 6
1329 663 1535 692 παντεπίσκοπος
1552 669 1558 677 ⁸
1576 663 1589 687 6
1602 660 1761 700 ἀγαθάρχης
1780 670 1786 677 ⁸
1807 663 1821 688 6
1835 662 1934 697 ζωογο-

1124 713 1164 734 νος
1179 713 1186 721 ο
1204 705 1216 730 6
1233 705 1377 742 ζωοτρόφος
1391 714 1398 722 ⁸
1413 706 1426 731 6
1446 705 1677 743 εὐθνϐολογνώμων
1701 714 1708 722 ⁸
1730 708 1746 736 ἡ
1774 706 1859 743 βάσις
1883 711 1930 733 τῶν

1125 750 1202 774 ὄντων
1218 756 1225 764 ⁸
1247 749 1262 778 ἡ
1287 750 1380 781 στάσις
1409 754 1459 776 τῶν
1474 752 1629 786 κινουμίνων
1652 758 1659 766 ⁸
1675 751 1690 780 ἡ
1716 750 1788 788 ἀρχὴ
1804 755 1856 777 τῶν
1872 751 1933 776 αὶωι

1202 801 1208 807 ⁸
1229 794 1257 820 τό
1271 796 1364 831 μέτρον
1378 797 1429 820 τῶν
1451 794 1549 821 αἰώνων
1570 803 1577 810 ⁸
1596 795 1612 824 ἠ
1639 797 1742 832 χρόνων
1758 795 1867 826 όντότης
1888 803 1895 810 ⁸
1919 796 1931 821 ό

1850 261 1866 285 6

1418 303 1587 336 όὰτὺπωτος
1613 313 1621 321 ⁸
1644 305 1658 334 ἡ
1690 304 1743 335 ἕνας
1774 305 1790 334 ἡ
1819 303 1946 348 εξνοττοιός

1731 350 1744 375 6
1766 349 1848 385 λόγος
1866 350 1881 375 6
1898 350 1945 386 οῐρ-

1717 394 1730 419 6
1749 394 1860 420 πάντων
1883 393 1944 430 ἐξῃ-

1711 438 1724 464 ό
1739 437 1943 474 ἇωαμορφωτΐξ

1125 803 1173 819 νων

1756 848 1764 855 ⁸
1791 841 1807 870 ἠ
1831 842 1931 876 γένεσις

1126 887 1175 910 τῶν
1189 886 1308 910 οπωσοῡν
1322 885 1461 920 γινομένων
1477 892 1482 899 ⁸
1506 885 1519 910 6
1535 884 1597 910 αἰὼν
1609 888 1658 911 τῶν
1673 884 1772 911 αἰώνων
1791 892 1798 900 ⁸
1815 885 1828 910 6
1843 885 1931 922 ὑπάρ-

1764 951 1770 956 .
1787 930 1800 955 ὁ
1821 932 1856 966 μὴ
1870 928 1930 956 τόδε

1561 975 1574 1000 6
1592 975 1627 1010 μὴ
1649 977 1684 1003 πῆ
1708 975 1753 1010 μὶν
1768 974 1813 1005 ὢν,
1843 971 1874 1000 δὲ
1891 977 1927 1010 μὴ

1435 1016 1600 1049 ὁπολυειδὴς
1627 1027 1634 1034 ⁸
1660 1019 1672 1045 6
1694 1020 1854 1055 πάνσχημος
1887 1027 1894 1034 ⁸
1915 1020 1928 1044 6

1125 1060 1249 1093 πανίὃεος
1264 1069 1271 1078 ⁸
1288 1063 1300 1088 6
1316 1063 1430 1100 ἄμορφος
1450 1070 1457 1078 ⁸
1481 1063 1493 1089 6
1509 1062 1620 1095 ἀκαλλής
1635 1072 1641 1078 ⁸
1659 1064 1688 1089 τὸ
1704 1063 1772 1093 τέλος
1799 1064 1901 1090 πὰντων
1919 1093 1928 1101 .

1125 1108 1153 1133 76
1168 1109 1243 1144 τέρας
1260 1108 1363 1133 πάντων
1386 1115 1392 1122 ⁸
1420 1108 1434 1136 ἠ
1461 1107 1567 1144 ἀπειρία
1595 1117 1602 1124 ·
1634 1109 1647 1134 ό
1673 1106 1928 1144 ἀπειροδὺναμος⁸ο

1126 1151 1190 1189 ὑπερ
1209 1154 1297 1178 πᾶσαν
1322 1150 1440 1188 ἀπειρίαν
1466 1159 1473 1166 ⁸
1499 1153 1512 1178 6
1532 1151 1574 1178 ἰπὶ
1597 1151 1683 1179 πάντα
1704 1155 1801 1188 προῖὼν
1825 1155 1870 1178 καὶ
1884 1155 1928 1188 μὲ-

1401 1198 1414 1223 ό
1439 1196 1519 1228 ἑστώς
1545 1205 1552 1212 ⁸
1577 1197 1590 1224 ὁ
1613 1199 1762 1234 κινούμενος
1791 1205 1798 1212 ⁸
1828 1198 1841 1224 6
1861 1200 1928 1234 μήτε

1127 1241 1205 1272 ἑστὼς
1222 1249 1228 1256 ⁸
1244 1242 1257 1267 6
1270 1244 1336 1278 μήτε
1345 1242 1491 1277 κινούμενος
1510 1250 1516 1256 ⁸
1532 1243 1545 1268 6
1557 1244 1593 1278 μὴ
1615 1241 1702 1280 ἀρχὴν
1718 1243 1787 1279 ἔχων
1817 1250 1824 1257 ⁸
1854 1243 1868 1268 ό
1891 1246 1926 1278 μὴ

1126 1288 1209 1322 μέσην
1224 1287 1292 1322 ἔχων
1304 1295 1310 1302 ⁸
1327 1287 1340 1313 ό
1359 1289 1395 1323 μὴ
1416 1286 1533 1316 τελευτὴν
1546 1288 1615 1323 ἔχων
1630 1295 1636 1302 ⁸
1651 1288 1664 1313 6
1682 1290 1803 1323 γνώστης
1827 1295 1834 1302 ⁸
1851 1288 1863 1314 6
1878 1289 1925 1314 πά-

1129 1340 1177 1362 σης
1212 1331 1361 1362 αἰσθήσεως
1396 1330 1600 1369 ὑπεριδρυμίνος
1624 1340 1633 1350 ο
1662 1333 1674 1359 6
1705 1332 1841 1363 αὐτοτελὲς
1870 1341 1878 1350 ⁸
1913 1334 1926 1358 6

1127 1375 1221 1407 ἑνιαῖος
1231 1375 1478 1412 πολλαπλασιασμός
1495 1384 1501 1392 ⁸
1519 1377 1531 1402 6
1549 1378 1604 1407 ἶσος
1619 1383 1626 1392 ⁸
1653 1377 1666 1402 6
1691 1376 1860 1410 πολυώνυμος
1882 1385 1889 1392 ⁸
1913 1379 1926 1404 ό

1125 938 1182 964 χων
1197 930 1247 965 πρό
1260 932 1309 954 τῶν
1333 928 1431 954 αἰώνων
1444 936 1451 944 ⁸
1466 930 1479 955 6
1495 932 1579 966 προών
1594 931 1602 943 ‘
1619 929 1742 966 όὺπερὼν

1125 974 1170 1009 μὶν
1191 973 1236 1005 ὢν,
1263 971 1324 1000 τόδε
1349 971 1380 1000 δε
1405 975 1440 1010 μὴ
1467 976 1502 999 ὧν
1529 981 1536 988 ⁸

1125 1019 1159 1043 ὧν
1174 1024 1181 1032 ⁸
1198 1019 1211 1044 6
1223 1017 1395 1054 πολύσχημος
1409 1026 1418 1034 ⁸

1125 1207 1174 1222 νων
1189 1195 1226 1233 ἐφ’
1249 1196 1342 1223 ἑαυτοῦ
1362 1203 1370 1212 ⁸

1126 1423 1207 1447 πᾶσιν
1223 1419 1360 1458 ἐπέραστος
1387 1429 1394 1436 ⁸
1425 1422 1438 1447 ό
1463 1420 1551 1452 πολιός
1565 1429 1571 1436 ⁸
1594 1422 1607 1447 6
1622 1423 1676 1453 νέος
1696 1429 1704 1438 ⁸
1720 1422 1735 1450 ἠ
1751 1421 1898 1459 αὖτοςιρήνη
1918 1431 1925 1437 ⁸

1127 1466 1140 1491 6
1160 1467 1248 1494 νοήσει
1263 1465 1467 1502 αὐτεπάγγελτος
1497 1474 1503 1481 ⁸
1525 1467 1538 1491 6
1569 1467 1740 1504 στιγμάρχης

1127 1510 1218 1546 ἄρχων
1235 1518 1242 1525 ⁸
1271 1510 1283 1536 6
1305 1514 1351 1536 τοῦ
1371 1512 1562 1549 παρῳχηκὸτος
1588 1508 1721 1541 δεσπότης
1742 1519 1749 1526 ⁸

1129 1558 1227 1586 στῶτος
1243 1553 1369 1591 βασιλεύς
1386 1562 1393 1570 ⁸
1412 1556 1424 1581 6
1439 1559 1485 1581 τοῦ
1500 1555 1632 1591 μέλλοντος
1655 1557 1745 1593 κύριος

1128 1601 1229 1634 γαίτιος
1245 1606 1250 1613 ⁸
1266 1601 1279 1625 6
1291 1601 1400 1631 νικητής
1414 1601 1516 1626 πάντων
1537 1608 1544 1615 ⁸

1127 1643 1336 1681 ὑπερνπέροπλος
1361 1652 1368 1660 ⁸

1763 1475 1772 1482 ⁸
1794 1467 1807 1492 6
1822 1470 1866 1493 τοῦ
1882 1471 1924 1493 νῦν

1774 1511 1788 1537 6
1811 1515 1857 1538 τοῦ
1879 1511 1926 1538 ἕνέ-

1776 1564 1782 1571 ⁸
1811 1556 1824 1582 6
1852 1557 1926 1592 φθογ-

1573 1601 1588 1629 ἠ
1614 1601 1706 1631 στάσις
1730 1600 1848 1627 ἀπάντων
1881 1609 1888 1616 ⁸
1913 1602 1926 1626 6

1391 1644 1403 1670 6
1431 1643 1455 1670 ὶν
1485 1644 1571 1680 ἁγίοις
1600 1643 1796 1681 ἀναπαυόμενος
1825 1652 1832 1660 ⁸
1857 1646 1869 1671 ό
1891 1647 1929 1671 τέ-

1127 1697 1194 1714 κτων
1209 1688 1318 1725 ούρανοῦ
1329 1690 1374 1714 καὶ
1392 1692 1442 1724 γῆς
1458 1695 1465 1704 ⁸
1483 1689 1495 1714 6
1521 1690 1623 1715 πάντων
1654 1687 1777 1727 δομήτωρ
1806 1698 1812 1704 ⁸

1127 1735 1264 1770 πραότητα
1297 1733 1478 1769 ἀσπαζόμενος
1500 1741 1507 1748 ⁸
1531 1734 1544 1760 6
1579 1733 1720 1771 συντρίϐων
1749 1734 1874 1771 πολέμους
1903 1734 1927 1761 ἐν

1128 1778 1234 1814 ἰσχυρῷ
1250 1777 1361 1814 βαχίονι
1375 1786 1381 1793 ⁸
1397 1779 1410 1804 6
1426 1778 1504 1810 οἱῡλος
1520 1787 1527 1796 ·
1557 1779 1570 1805 ό
1598 1777 1700 1809 ἀνίδεος
1722 1786 1730 1794 ⁸

1126 1824 1172 1853 κός
1187 1831 1194 1837 ⁸
1208 1823 1221 1848 6
1236 1821 1373 1859 ἀσώματος
1391 1831 1397 1838 ⁸
1422 1823 1435 1849 ό
1459 1822 1587 1854 ἀλάθητος
1617 1831 1623 1839 ⁸

1128 1867 1319 1903 ἀνεξερεύνητος

1844 1691 1857 1716 ὁ
1882 1692 1927 1718 τὶν

1760 1779 1773 1805 6
1795 1789 1927 1816 προνοητι-

1654 1824 1667 1850 ό
1692 1823 1874 1862 ἀπεριόριστος
1887 1831 1894 1839 ⁸
1910 1825 1922 1850 6

1340 1875 1346 1882 ⁸
1363 1868 1376 1893 6
1387 1867 1586 1903 ἀνεξιχνίαστος
1608 1876 1614 1883 ⁸
1630 1869 1643 1894 6
1654 1869 1766 1905 οἱχρονος
1797 1877 1803 1884 ⁸

1127 1915 1175 1949 γῆς
1193 1921 1199 1927 ⁸
1212 1913 1226 1942 ἡ
1241 1914 1359 1949 ταχύτης
1375 1921 1381 1928 ⁸
1397 1914 1425 1939 τό
1439 1913 1588 1950 αὐτόταχος
1613 1921 1620 1929 ⁸
1638 1914 1650 1940 6
1677 1914 1811 1951 ὑπερφυής
1827 1923 1834 1930 ⁸
1854 1915 1866 1940 6
1882 1914 1927 1951 βα-

1130 1957 1216 1988 σιλεὺς
1238 1967 1288 1984 των
1304 1956 1418 1994 ἀγγελων
1429 1966 1435 1973 ⁸
1454 1959 1467 1985 6
1481 1961 1532 1988 τοῖς
1552 1957 1664 1996 δαὶμοσι
1678 1958 1786 1996 φοϐερός
1806 1980 1813 1988 .

1830 1870 1842 1895 ὁ
1869 1868 1926 1905 ἀμι·

1840 1970 1852 1985 ο
1875 1970 1927 1996 φρι-

1129 2004 1186 2033 κτὸς
1196 2003 1320 2032 νοηθῆναι
1336 2010 1343 2018 ⁸
1361 2004 1373 2029 6
1399 2004 1464 2040 ἱερός
1480 2012 1487 2018 ⁸
1513 2004 1526 2030 6
1552 2004 1618 2036 θεῖος
1639 2012 1645 2019 ⁸
1669 2004 1682 2030 6
1703 2003 1873 2041 ἱεροτελεστής
1894 2013 1899 2019 ⁸
1915 2006 1927 2030 6

1129 2045 1246 2084 ποδηγὸς
1258 2055 1264 2063 ⁸
1281 2049 1294 2074 ό
1306 2046 1464 2084 δημαγωγός
1476 2056 1482 2063 ⁸
1493 2049 1506 2074 6
1521 2049 1573 2074 ἄνω
1591 2057 1596 2063 '
1612 2049 1624 2074 6
1638 2050 1709 2075 κάτω
1720 2057 1728 2065 ·
1755 2049 1767 2075 6
1782 2051 1859 2086 μέσος
1883 2058 1890 2065 ⁸
1915 2051 1928 2076 ό

1130 2095 1190 2128 περὶ
1202 2092 1260 2119 ὅλου
1288 2101 1294 2108 ⁸
1320 2093 1333 2119 6
1358 2091 1532 2130 δοξαζόμενος
1555 2102 1562 2108 ⁸
1590 2094 1603 2119 ό
1629 2094 1786 2131 ὑμνούμενος
1805 2102 1811 2109 ⁸

1131 2137 1228 2173 ὑμνους
1263 2135 1406 2173 δεχόμενος
1434 2139 1446 2164 ό
1477 2136 1671 2175 χρησμοδότης
1698 2147 1704 2154 ⁸

1838 2095 1850 2121 ό
1871 2097 1927 2126 τοὺς

1730 2139 1744 2165 6
1771 2137 1842 2176 καρδ
1844 2143 1926 2175 167-16}-

1093 2201 1116 2228 D
1134 2191 1200 2213 στης
1222 2190 1229 2198 ⁸
1246 2183 1258 2208 6
1278 2180 1468 2219 καρδιεταστής
1491 2191 1498 2198 ⁸
1513 2183 1526 2208 ό
1548 2183 1779 2219 χρησμοτελεστής
1795 2191 1802 2198 ⁸
1819 2185 1831 2210 6
1845 2184 1926 2220 ψυχο-

1134 2229 1238 2258 σώστης
1251 2246 1256 2252 .
1270 2227 1282 2253 ό
1298 2227 1469 2265 θυμοκράτωρ
1484 2235 1491 2243 ⁸
1517 2228 1530 2253 6
1549 2226 1701 2265 ὁμφοδότης
1716 2236 1724 2244 ⁸
1740 2229 1753 2254 6
1769 2229 1860 2260 ἄποιος
1883 2237 1889 2244 ⁸
1913 2230 1925 2254 6

1133 2269 1377 2308 ἀκατηγόρητος·ὁ
1403 2271 1569 2302 ἀτελεύτητος
1598 2279 1605 2288 ⁸
1630 2273 1643 2298 6
1669 2275 1705 2309 μὴ
1731 2274 1800 2308 ἔχων
1826 2275 1887 2310 πρός
1902 2283 1925 2299 τι

1131 2314 1304 2354 ἀντιστροφὴν
1319 2324 1325 2331 ⁸
1341 2317 1353 2342 6
1369 2318 1405 2353 μὴ
1425 2318 1487 2354 πρὸς
1515 2326 1541 2343 τι
1559 2316 1690 2354 λεγόμενος
1711 2324 1718 2332 ⁸
1740 2318 1753 2343 6
1777 2316 1903 2354 ἀκάματος
1916 2325 1924 2333 ⁸

1129 2368 1142 2394 ὁ
1160 2361 1283 2398 ἀόριστος
1296 2370 1302 2376 ⁸
1320 2362 1332 2387 ό
1348 2360 1498 2392 ἀτλαντικός
1521 2371 1528 2378 ⁸
1543 2362 1556 2388 6
1571 2362 1748 2399 ύπιραιθέριος
1767 2369 1775 2377 ⁸
1800 2363 1813 2388 6
1839 2362 1925 2399 ὀμϐρο-

1129 2408 1204 2437 ποιός
1220 2407 1253 2432 ’ὁ
1283 2407 1483 2444 σκηπτεργάτης
1510 2414 1517 2422 ⁸
1541 2407 1554 2433 6
1576 2405 1716 2434 ἐπιϐλέπων
1743 2406 1783 2433 ἐπὶ
1812 2409 1858 2437 τὴν
1880 2411 1923 2444 γῆν

1130 2453 1175 2477 καὶ
1190 2454 1269 2477 ποιῶν
1299 2450 1380 2480 αὐτὴν
1404 2453 1504 2488 τρέμειν
1528 2457 1536 2467 ⁸
1577 2452 1590 2477 6
1614 2455 1722 2488 στερεῶν
1747 2450 1856 2488 βροντήν
1882 2459 1890 2467 ⁸
1911 2452 1922 2476 6

1396 2495 1409 2521 6
1426 2494 1540 2527 ἐξαντλῶν
1558 2495 1621 2532 ἀέρα
1643 2504 1650 2511 ⁸
1677 2496 1690 2522 6
1709 2494 1920 2533 χθονεδραστής·

1130 2541 1235 2577 όῶραις
1259 2539 1416 2577 ἀσύγκριτος
1439 2548 1447 2557 ⁸
1473 2541 1486 2566 6
1506 2539 1708 2576 βροντάντιπνός
1732 2548 1739 2556 ⁸
1761 2540 1774 2566 6
1799 2540 1922 2579 ἀστραπος

1129 2587 1201 2616 ποιός
1215 2593 1222 2600 ⁸
1235 2585 1248 2611 6
1262 2584 1425 2622 κλωθοφόρος
1443 2593 1450 2600 ⁸
1473 2586 1486 2611 6
1509 2586 1572 2622 ὑπερ
1590 2588 1637 2615 τὴν
1659 2587 1816 2623 εἱμαρμένην
1839 2590 1919 2612 ποιῶν·

1129 2631 1142 2656 6
1168 2631 1256 2667 τύχης
1285 2629 1410 2667 ἀνώτερος
1432 2637 1440 2644 ⁸
1466 2631 1479 2656 6
1504 2632 1630 2667 νεμέσεως
1655 2632 1738 2662 αἴτιος
1762 2638 1769 2646 ⁸
1799 2631 1811 2657 6
1832 2630 1919 2666 λέχεσι

1696 2675 1772 2707 ἀλλος
1799 2674 1823 2702 ἐν
1851 2677 1918 2702 καθε-

1278 2721 1294 2749 ἠ
1319 2722 1420 2757 γέφυρα
1438 2724 1488 2747 τῶν
1508 2720 1561 2746 οῖνω
1587 2721 1630 2746 καὶ
1657 2721 1728 2747 κάτω
1752 2727 1761 2736 ⁸
1789 2721 1802 2746 6
1831 2718 1918 2756 δεσμός

1127 2760 1177 2792 τῶῦ
1188 2763 1258 2802 δίχα
1272 2761 1426 2802 φρονᾶόντων
1449 2772 1457 2782 ⁸
1484 2765 1497 2792 6
1524 2760 1574 2792 τῶν
1591 2764 1679 2804 πόρρω
1707 2766 1860 2797 συνακτικὸς
1879 2772 1887 2780 ⁸
1905 2763 1916 2790 ὂ

1130 2497 1225 2527 κτίζων
1240 2500 1340 2532 πνεῦμα
1363 2503 1369 2510 ⁸

1466 2631 1479 2656 6
1504 2632 1630 2667 νεμέσεως
1655 2632 1738 2662 αἴτιος
1762 2638 1769 2646 ⁸

1127 2677 1315 2713 πρυτανεύων·
1345 2676 1357 2701 6
1384 2675 1417 2701 ὡν
1440 2677 1526 2706 κοινός
1552 2679 1633 2702 πᾶσιν
1659 2683 1666 2692 ⁸

1127 2721 1236 2760 κάστοις
1249 2728 1255 2735 ⁸
