1963 3084
8 119 54 148 769

11 236 52 251 νων
70 228 106 260 τῷ
120 224 173 261 βίῳ
190 232 197 239 ⁸
217 225 231 250 6
248 226 358 260 γνώμων
372 226 418 252 τῆς
446 221 564 251 ἀληθείας
581 228 588 235 ⁸
618 221 631 246 6
651 223 734 246 κανὼν
767 225 814 252 τῆς

208 269 225 298 ἠ
268 269 369 304 στάθμη
387 268 402 296 ἡ
422 265 610 303 ἀπαρέγκλίτος
641 273 647 280 ⁸
680 267 710 292 τὸ
741 263 813 302 ὕδωρ

215 314 229 340 6
246 317 328 340 ποιῶν
341 314 401 342 τοὺς
437 310 562 347 ἁγγελους
584 310 663 337 αὑτοῦ
697 311 812 347 πνεύμα-

13 271 144 301 ιῦθύτητος
168 277 176 284 ·

12 319 50 341 τον
64 314 171 350 ἐλεγμοῦ
189 322 195 329 ⁸

13 370 40 386 τα
54 369 61 376 ⁸
75 361 87 385 6
100 360 161 389 τούς
174 358 347 395 λειτουργούς
365 356 446 383 αὑτοῦ
469 357 551 394 πυρὸς
570 355 651 392 φλόγα
667 365 673 372 ·
702 356 715 381 6
743 355 814 391 θεμε-

11 404 64 430 λιῶν
77 405 122 432 τὴν
152 407 205 438 γῆν
235 401 279 429 ἐπὶ
296 404 344 431 τήν
369 400 509 438 ἀσφάλειαν
536 399 618 430 αὐτῆς
645 410 651 416 ·
683 400 696 425 6
724 399 814 431 ἐξανα-

12 448 94 474 τῇλων
106 450 207 485 χόρτον
221 451 280 477 τοῖς
309 448 429 476 κτήνεσιν
457 454 464 460 ·
490 445 503 471 6
532 444 616 480 χλόην
648 448 679 480 τῇ
708 442 814 480 δουλείᾳ

235 500 242 506 ·
261 492 274 517 6
302 491 445 527 ἁπτόμενος
473 493 523 516 τῶν
551 489 628 526 ὀρέων
655 491 700 515 καὶ
724 491 813 515 καπνί-

585 541 593 549 ⁸
609 534 621 559 6
651 532 789 564 σιτοδότης
803 541 810 549 ⁸

651 586 657 592 “
675 579 687 603 6
720 577 813 615 κλῆρος

14 630 55 652 τῶν
82 625 252 662 φοϐουμένων
281 624 356 651 αὐτόν
382 632 390 640 ·
419 624 433 653 ἡ
467 623 558 650 αἰωνία
580 625 632 654 ζωή
655 633 661 639 ⁸
679 623 692 648 6
715 622 811 654 οἰσνλος

190 670 203 696 6
223 669 376 706 ἐπιστήμων
404 677 410 684 ⁸
439 669 451 694 6
475 670 624 705 προτρέπων
649 670 784 704 προφήτας
803 675 810 682 ⁸

15 714 132 740 ὀτιλειῶν
153 715 233 750 ἱερεῖς
249 722 255 729 ⁸
271 723 284 740 ο
319 714 461 750 ἱερωσύνην
492 713 670 749 νομοθετήσας
696 720 702 726 “
729 722 742 738 ο
770 713 812 738 θυ-

16 762 66 791 σίας
93 758 285 796 ἀναλαμϐάνων
304 767 310 774 ⁸

17 805 36 830 ἓν
49 812 54 818 '
73 805 200 840 ὁάνάγων
232 801 307 840 ὕδωρ
334 802 358 830 ἓν
378 807 435 833 ταῖς
463 802 574 838 νςφέλαίς
592 811 599 819 ·
628 803 640 827 6
667 803 713 833 τάς
734 801 812 839 ἐπάρ-

17 857 59 878 an;
74 852 117 879 τῆς
134 847 334 884 πολυφλοίσϐου
370 846 513 884 συντρίϐων
544 846 567 873 ἐν
583 846 664 882 ἐαυτῷ
684 855 691 862 ⁸
712 856 725 873 ο
743 857 813 884 περι-

16 895 128 929 τιιχίζων
142 895 191 922 τὴν
209 892 346 919 θάλασσαν
362 891 464 929 ψάμμῳ
482 900 491 909 υ
509 892 522 917 6
541 890 685 928 θυμὸδοξος
700 900 707 907 ·
725 892 737 917 6
767 893 812 918 θυ-

17 936 184 973 μοδὸξαστος⁸
205 948 217 964 ο
232 936 381 974 κυδοφὸρος
398 947 404 954 ·
427 947 440 963 ο
474 935 601 974 ἀκέστωρ“
618 946 631 963 ο
663 939 747 973 σωτὴρ
768 940 813 963 τοῦ

18 985 104 1018 κόσμον
121 991 128 997 ⁸
146 983 159 1009 6
175 986 230 1018 φῶς
247 983 324 1009 οἰκῶν
348 990 354 996 ·
372 983 385 1008 6
400 981 542 1019 ἀπρόσιτος
557 990 563 996 ⁸
591 983 604 1007 6
624 983 738 1018 γεωργὸς
764 986 814 1015 τῶν

20 1032 118 1064 φρινῶν·
135 1028 148 1053 6
173 1025 266 1059 ἀίδιος
282 1036 288 1042 “
312 1026 481 1064 ὁάνωλεθρος
508 1035 514 1041 ⁸
542 1027 555 1052 6
587 1026 753 1064 ἀπροσκορὴς
774 1034 780 1040 “
801 1028 812 1052 6

19 1070 123 1102 ἀνενδεὴς
140 1081 146 1086 ·
172 1073 185 1098 6
201 1071 394 1109 ἀνυπέρϐλητος
423 1079 429 1086 ⁸

21 1127 85 1147 arm;
96 1127 103 1134 θ
114 1126 127 1143 ο
153 1115 365 1154 ἆκαταμάχητος

13 497 54 519 τῶν
69 492 212 530 ἀνθρώπων

14 538 96 568 ζοντας
111 545 118 552 '
133 537 146 562 6
163 534 265 566 διδοὺς
277 537 350 572 πάσῃ
369 537 449 572 σαρκὶ
462 536 558 571 τροφὴν

14 591 24 607 o
38 578 218 617 νομοδοτήσας
237 582 284 606 τὸν
309 579 416 618 Ἰσραήλ
429 587 436 594 ⁸
467 580 480 605 6
500 579 620 616 ὑπέρϐιος

419 624 433 653 ἡ
467 623 558 650 αἰωνία
580 625 632 654 ζωή

15 671 133 707 θησαυρὸς
154 678 160 685 ⁸

330 759 489 794 όγινώσκων
507 759 540 784 τα
566 758 650 784 πάντα
666 758 700 788 ως
726 755 813 787 οὐδεὶς

542 1027 555 1052 6
587 1026 753 1064 ἀπροσκορὴς
774 1034 780 1040 “
801 1028 813 1052 6

466 1072 478 1097 6
508 1071 667 1108 ἀσύγκριτος
683 1080 689 1086 ⁸
706 1072 719 1097 6
736 1071 813 1103 ἀσύν-

398 1127 404 1133 -
430 1126 443 1141 ο
469 1117 609 1152 προνομεύς
639 1126 645 1132 ·
675 1125 688 1142 ο
715 1117 746 1142 τά
763 1116 812 1142 λιι-

290 1163 425 1197 πνεύματα
452 1170 458 1177 ·
492 1162 504 1186 6
530 1158 732 1197 ἀδωροδόκητος
762 1168 768 1175 ·
797 1161 810 1186 6

288 1207 300 1232 6
327 1205 458 1244 λυτρωτὴς
484 1209 530 1232 τοῦ
549 1207 649 1242 κόσμου
667 1213 673 1220 ⁸

19 1162 127 1198 τονργικά
151 1161 250 1192 κτίζων

22 1204 244 1243 ἀπροσωπόληπτος
260 1214 266 1221 ⁸
288 1207 300 1232 6
327 1205 458 1243 λυτρωτὴς
484 1209 530 1232 τοῦ
549 1207 649 1242 κόσμου
667 1213 673 1220 ⁸
695 1206 707 1231 6
728 1204 810 1241 βυθὸς

21 1254 57 1280 τῆς
70 1253 157 1287 σοφίας
173 1259 180 1266 ⁸
200 1252 213 1277 6
239 1252 327 1278 πάντα
354 1252 419 1287 πρὸς
444 1252 473 1276 τὸ
494 1252 622 1287 συμφέρον
648 1250 787 1286 οἰκονομῶν
801 1256 809 1265 ·

24 1296 34 1322 ἡ
57 1294 118 1326 ὒιπὶς
150 1297 255 1323 πάντων
274 1300 323 1322 τῶν
353 1296 469 1333 περάτων
496 1299 542 1325 τῆς
573 1299 620 1331 γῆς
650 1303 657 1310 ⁸
674 1296 686 1320 6
713 1299 811 1332 μετρῶν

23 1340 58 1364 τόν
69 1340 170 1378 οὐρανὸν
200 1341 323 1377 σπιθαμῇ
344 1348 351 1355 ⁸
367 1341 380 1366 6
397 1338 476 1377 δρακὶ
495 1341 614 1375 κατέχων
637 1341 683 1369 τὴν
709 1343 758 1375 ’γῆν
774 1348 779 1354 ⁸
799 1340 812 1365 6

26 1384 88 1420 ἄρτος
107 1389 150 1416 τῆς
168 1386 239 1417 ζωῆς
255 1394 261 1400 “
278 1386 290 1412 6
305 1386 384 1422 αἴρων
401 1387 448 1414 τὴν
470 1384 599 1421 ἁμαρτίαν
618 1388 665 1410 τοῦ
681 1387 782 1421 κόσμου
802 1392 807 1399 ⁸

27 1429 36 1453 '3
50 1431 187 1466 προμηθεύς
207 1440 213 1445 ·

28 1474 119 1505 ᾱτπιλος
135 1484 141 1489 ·

234 1432 248 1456 6
263 1430 499 1467 καταλαμπτίφρων
523 1438 530 1444 ⁸
554 1430 567 1455 6
592 1428 735 1465 ἀμὸλυντος
759 1437 765 1444 '
800 1429 812 1455 6

316 1482 323 1490 ⁸
340 1475 353 1500 6
385 1476 536 1505 σκεπαστής
551 1481 558 1489 ⁸
577 1475 590 1500 6
605 1473 718 1510 βοηθός⁸
735 1474 748 1500 6
763 1473 810 1499 ἐνο-

421 1527 428 1535 ’
447 1520 460 1545 6
486 1519 646 1556 ὑπεράρχιος
665 1527 671 1534 ·
688 1519 700 1544 6
728 1517 814 1547 ἀκίνη-
828 1539 848 1566 C

268 1571 274 1580 '
303 1565 316 1590 6
343 1563 441 1595 αἰνετός
468 1563 505 1589 '6
532 1561 740 1601 ὑπερυψούμενος
766 1571 772 1578 ·
800 1563 814 1588 6

335 1608 567 1645 ὁπλαστουργός·
589 1609 601 1634 6
629 1610 738 1645 φρουρός
765 1615 773 1624 ⁸
800 1608 812 1633 6

28 1655 159 1688 προστάτης
178 1662 184 1669 ·
199 1655 213 1681 6
227 1653 310 1690 φύλαξ
325 1662 331 1669 ⁸
349 1654 361 1680 6
385 1654 641 1683 συνουσιοουσιωτὴς
658 1660 664 1667 ⁸
679 1653 692 1678 6
707 1652 786 1688 φίλιος
802 1660 808 1667 ⁸

159 1476 171 1501 6
187 1475 294 1506 ἀπαθής

27 1521 87 1550 ποιὸς
105 1526 112 1534 ·
129 1520 141 1545 6
165 1522 242 1556 μόνος
257 1519 389 1558 λυτρωτης

28 1570 62 1594 τος
74 1566 132 1600 πρὸς
144 1567 238 1591 κακίαν

27 1604 107 1643 λύχνος
122 1614 165 1635 τοῦ
185 1612 271 1646 φωτὸς
299 1617 305 1624 “

29 1696 194 1735 ὀνιχαγωγε-ὓς
207 1708 214 1715 ⁸
233 1700 246 1725 6
262 1697 502 1735 λαμπαδιαναπτης
528 1706 536 1714 ⁸
553 1698 565 1724 6
599 1695 778 1728 τεινοδοκίδας
805 1705 811 1713 ·

29 1740 207 1777 οβοθυνοποιὸς
223 1752 230 1759 ·
264 1744 276 1770 6
294 1741 476 1774 πιθιοδιίκτης
493 1751 499 1757 ⁸
517 1743 530 1769 ὅ
555 1745 747 1779 κεντροπήκτης
763 1750 769 1756 ⁸
799 1743 812 1768 6

31 1790 200 1823 σφαιρεργατής
215 1800 221 1806 ·
244 1789 257 1814 6
277 1787 447 1826 ἠλιοκινήτωρ
465 1795 472 1802 ⁸

30 1829 143 1860 πλωιήτων
156 1831 280 1864 ὁδοποιός
293 1841 300 1848 ⁸
316 1833 329 1859 6
356 1833 407 1863 ζῶν
426 1839 432 1846 ⁸
452 1832 465 1858 6
491 1831 532 1858 ἀεὶ
559 1831 609 1862 ζῶν
626 1841 632 1847 ⁸
661 1832 673 1857 6
702 1833 812 1861 ποιητὴς

32 1883 70 1899 των
89 1875 192 1913 ἀγίῦων
209 1886 216 1893 ³
237 1879 251 1904 6
276 1877 599 1913 ζωνοαφανοληγοτροπεύς
625 1884 631 1891 ·
660 1877 673 1902 6
698 1874 813 1905 ὴλδανο-

31 1919 83 1952 χώς
95 1923 102 1956 (
112 1923 151 1950 ila
167 1923 254 1958 cod.)
270 1931 276 1937 '
292 1922 305 1947 6
317 1921 659 1959 χθονερπιτονεμετεργάτης
679 1929 685 1935 ⁸

341 1975 348 1981 ⁸
366 1968 377 1992 6
398 1968 564 2002 παντωνυμος
582 1973 588 1980 ⁸
606 1966 618 1991 6
634 1966 730 2001 ἔποχος
746 1966 755 1999 (
769 1965 813 1992 ila

31 2008 100 2044 00d.)
115 2013 281 2048 σωφροσύνης
297 2020 302 2026 ⁸
324 2012 337 2037 6
353 2010 472 2047 ἀνόμοιος
494 2020 499 2027 ⁸
515 2011 527 2036 6
552 2010 669 2040 ζωννὺων
694 2013 749 2040 τοῖς
766 2009 814 2046 βα.

34 2050 130 2080 σιλεϋσιν
144 2055 221 2092 ἰσχύν
239 2064 245 2070 '
267 2057 280 2082 6
295 2057 481 2092 ὑπερκέραυνος
497 2064 503 2069 ⁸
529 2055 541 2080 6
559 2056 624 2081 θέτιν
653 2056 746 2091 κρίνων
772 2061 779 2068 ·
801 2055 810 2079 6

33 2093 176 2134 ἀιδρομέδων
194 2110 199 2116 -

33 2139 161 2176 ραλογιστος
178 2156 183 2162 ·

503 1787 516 1813 6
542 1789 728 1824 μηναυγαστὴς
759 1794 765 1801 ·
799 1787 812 1812 6

713 1921 726 1946 ὸ
747 1919 812 1946 ἀνώ-

31 1972 95 1998 νυμος
109 1973 114 1980 ⁸
128 1967 139 1992 6
152 1967 319 2004 πολυώνυμος

267 2057 280 2082 6
295 2057 481 2093 ὑπερκέραυνος
497 2064 503 2069 ⁸
529 2055 541 2080 6
559 2056 624 2081 θέτιν
653 2056 746 2091 κρίνων
772 2061 779 2068 ·
801 2055 813 2079 6

220 2102 232 2128 6
249 2102 320 2132 ὅσιος
337 2109 343 2115 ⁸
361 2101 373 2126 6
391 2099 508 2131 ζηλωτής
523 2108 528 2114 ·
543 2100 556 2125 6
572 2098 679 2125 Σαϐαὼο
696 2107 702 2113 ⁸
721 2099 733 2124 6
750 2097 816 2124 ἀπα-

209 2147 273 2182 ὀμί)
304 2147 372 2181 ἔχων
408 2143 546 2179 ἀναλογίαν
577 2153 583 2159 ’
615 2144 627 2169 6
653 2143 814 2180 ἑτεροιὸτησι

34 2191 148 2220 ποιητικὸς
162 2198 168 2204 ⁸
183 2192 195 2217 6
210 2192 247 2221 εἷς
262 2190 286 2216 ἐν
300 2194 331 2226 τῇ
347 2190 422 2226 φύσει
441 2198 445 2204 ·

35 2228 82 2261 δεῖς
94 2231 115 2258 έν
131 2238 158 2270 τῇ
175 2233 316 2271 δεσποτεία
336 2244 343 2250 ⁸

35 2271 51 2296 έ-
65 2278 90 2309 τῇ
105 2275 206 2316 δυνάμει
222 2290 227 2296 ·
243 2281 256 2306 6
284 2282 359 2316 μόνος
380 2278 505 2309 πλούσιος
534 2286 540 2292 ⁸

463 2190 476 2215 6
504 2189 540 2220 εἷς
566 2187 590 2214 ἐν
606 2192 636 2224 τῇ
666 2187 788 2224 βασιλεία
805 2195 811 2202 ⁸

372 2236 385 2260 6
402 2235 435 2264 εἷς
450 2233 473 2260 ἐν
541 2235 677 2269 κυριότητι
702 2241 708 2247 ⁸
739 2233 752 2258 6
780 2232 813 2263 εἷς
829 2218 850 2243 υ

572 2287 585 2304 ο
614 2279 688 2313 μόνος
716 2276 812 2313 ἀγαθο-

35 2314 99 2350 δέιτης
113 2330 118 2336 ’
131 2323 143 2349 ὁ
156 2324 296 2361 Ὀλύμπιος
310 2333 316 2340 ·
333 2324 463 2360 ὀχοόνιος
480 2331 486 2337 ·
502 2323 514 2349 ό
530 2323 728 2358 ὑφηγητήςτῶν
742 2319 813 2347 δεόν-

35 2370 73 2387 των
99 2374 104 2380 '
129 2369 141 2393 ό
166 2372 288 2406 κραταιός

34 2414 70 2435 τ’(
82 2415 88 2424 '
102 2411 113 2435 ὁ
126 2412 293 2452 ὑψιϐρεμέτης

37 2455 158 2491 ﬁat/'96»
177 2467 182 2474 -
215 2461 228 2486 ό
253 2458 472 2495 ἀσκληπιαρωγός
499 2464 506 2472 ’

318 2377 325 2384 ⁸
347 2369 359 2394 6
383 2369 580 2405 τερπικέραυνος
596 2375 602 2382 ⁸
620 2367 633 2392 6
649 2366 812 2403 νεφεληγερέα

312 2422 318 2428 ⁸
335 2414 348 2439 6
364 2414 495 2450 ὑπέρτατα
519 2410 630 2447 δώματα
655 2413 732 2437 ναίων
759 2417 767 2426 ⁸
798 2411 811 2436 6

532 2458 545 2482 6
575 2458 732 2494 θαρσοποιὸς
761 2464 766 2469 ·
798 2455 812 2481 6

639 111 684 140 DE
703 111 828 141 DIVINIS
848 111 1049 142 NOMINIBUS.

11 180 92 218 χάραξ
105 183 157 206 τῶν
177 179 255 217 παρὰ
269 178 346 216 φύσιν
360 185 367 194 ⁸
396 176 410 206 ἡ
429 174 552 206 διάϐασις
576 178 625 202 τῶν
649 177 815 212 μετατιθιμέ-
830 178 853 205 Α
868 185 881 202 ο
901 176 1062 213 ιίρηνάρχης

833 857 854 884 Β
868 846 944 881 ρανόν
956 852 961 859 ⁸
979 845 992 869 6
1008 842 1152 870 ὑποπόδιον
1169 845 1260 881 αὐχῶν
1274 848 1320 874 τὴν
1332 850 1382 882 γῆν
1404 854 1409 861 ⁸

1379 185 1385 192 ⁸
1412 179 1427 207 ἡ
1462 179 1597 216 αὐτοι-πάγη
1620 188 1627 196 ⁸
1653 183 1665 208 6

1119 221 1131 246 6
1147 225 1191 248 τοῦ
1205 224 1327 259 νέκταρος
1347 225 1482 260 παροχεύς

869 274 915 295 σας
929 267 972 291 τὸν
993 265 1098 302 οὐρανόν
1125 274 1132 281 ⁸

1096 183 1103 191 ⁸
1131 176 1144 202 ὁ
1172 174 1344 214 εἰρηνώνυμος

868 218 1078 257 άμϐροσιοδότης
1095 229 1100 236 ·
1119 221 1131 246 6
1147 225 1191 248 τοῦ
1205 224 1327 259 νέκταρος
1347 225 1482 260 παροχεύς
1508 233 1514 239 ⁸
1531 226 1544 250 6
1567 228 1667 262 κοσμήη

1161 267 1174 292 6
1200 275 1320 303 καταγων
1347 269 1437 299 ὑετούς
1465 277 1471 284 ·
1497 270 1510 295 6
1533 272 1668 302 ταπεινοὺς

868 309 939 345 ὑψῶν
959 318 965 325 ⁸
982 311 995 335 6
1011 309 1154 348 συντριϐων
1168 313 1229 343 τοὺς
1253 310 1410 350 ἐπηρμένους
1437 323 1443 330 ·
1469 314 1483 339 6
1507 313 1610 350 ἀνυψῶν
1629 317 1668 341 κέι

867 364 914 391 ρας
927 358 977 380 τῶν
991 359 1118 391 χρηστῶν
1134 355 1214 382 αὑτοῦ
1235 363 1242 370 ⁴
1274 357 1287 382 6
1306 356 1423 393 βασιλεῖς
1446 360 1578 396 κρατύνων
1603 367 1609 374 ⁸
1638 361 1668 386 τὸ

867 399 1055 425 καταναλίσκον
1072 403 1124 436 πῦρ
1144 400 1274 438 ἁμαρτίας
1303 409 1310 416 ⁸
1332 403 1360 428 τὸ
1387 401 1547 430 ἀνύστακτον
1567 406 1639 440 ὄμμα
1658 412 1665 419 ⁸

868 445 881 470 ὁ
905 446 952 473 τὴν
968 447 1122 470 ταπείνωσιν
1152 447 1318 482 προσιέμενος
1347 454 1353 461 ⁸

868 488 1038 525 ὑπερηφάνοις
1054 497 1060 503 ⁸

1381 447 1394 473 6
1423 446 1585 474 ἀντιτάσσων
1613 452 1669 479 τοῖς

1077 489 1089 514 6
1104 489 1295 527 καταῤῥιίσσων
1310 491 1368 522 τούς
1387 491 1512 523 ἀλαζόνας
1536 500 1541 508 ·
1572 494 1584 519 6
1602 496 1668 519 πᾶσι

867 535 936 569 χέων
952 535 994 560 τὸν
1008 533 1072 560 ἔλεον
1089 542 1095 548 ⁸
1112 535 1125 560 6
1141 533 1180 560 ἐπὶ
1195 538 1322 572 πονηροὺς
1337 539 1382 562 καί
1406 536 1518 573 ἀγαθοὺς
1537 537 1641 574 βρέχων
1657 545 1665 554 '

869 578 881 603 6
898 577 1036 604 ἀνατέλλων
1056 579 1099 604 τὸν
1113 578 1184 607 ἣλιον
1205 579 1248 606 ἐπὶ
1275 578 1393 611 δικαίους
1412 584 1456 608 καὶ
1484 580 1591 612 ἀδίκους
1616 590 1621 596 ⁸
1655 583 1667 609 6

867 624 951 649 πάντα
963 624 1039 649 ποιάν
1058 625 1102 649 καὶ
1121 624 1321 660 μετασκευαζων

867 667 941 693 λοιῶν
959 676 965 682 ⁸

1357 634 1364 640 ·
1394 627 1406 652 6
1434 631 1484 657 τῶς
1510 629 1599 662 φύσεις
1625 627 1667 653 ἀλ-

988 667 1000 693 6
1015 666 1091 698 εἰδὼς
1105 669 1138 694 τά
1152 669 1236 694 πάντα
1261 671 1302 695 καὶ
1320 671 1370 706 πρὸ
1396 673 1515 706 γενέσεως
1543 679 1549 686 ⁸
1566 673 1595 697 τὸ
1620 675 1669 703 τῆς

868 711 1064 748 εὐσπλαγχνίας
1090 711 1288 748 ἀτεξιχνίαστον

867 758 915 780 τῶν
930 753 1032 790 ἀγαθῶν
1048 763 1055 771 ·

1468 724 1475 730 ·
1503 716 1517 745 ἡ
1547 715 1669 743 θάλασσα

1468 758 1480 783 6
1495 762 1544 784 τῶν
1572 758 1667 784 ἐσθλῶν

1330 714 1439 750 πέλαγος

1071 755 1085 783 ἡ
1102 755 1247 793 πλημμὺρα
1260 760 1309 782 τῶν
1334 757 1416 783 καλῶν
1433 765 1439 772 ⁸

868 800 990 836 πρύτανις
1006 807 1013 814 ⁸
1028 799 1041 825 6
1055 801 1132 835 μόνος
1148 799 1254 837 φοϐερὸς
1278 809 1284 816 '
1306 801 1318 826 6
1352 802 1419 837 ἔχων
1446 803 1532 839 Θρόνον
1560 805 1603 829 τὸν
1621 804 1667 829 ον-

1436 847 1448 872 ό
1467 847 1581 883 χαλινῶν
1596 848 1668 885 φαμι

1167 889 1241 919 ἁτὴν
1262 889 1403 927 ἀγριότητα
1430 895 1475 917 τοῦ
1494 894 1588 918 πόντου
1609 893 1668 919 ἀνα-

1053 934 1066 959 6
1090 933 1243 970 λιιοκὺμονα
1275 935 1372 964 ταύτην
1398 935 1606 973 ἀπεργαζόμενος
1630 947 1635 952 ⁸
1655 939 1667 964 6

869 899 909 925 μῳ
923 891 971 918 τὴν
986 889 1120 915 θάλασσαν
1137 897 1143 902 ⁸

869 933 999 969 χαιτίξων
1020 942 1026 948 ⁸

869 980 898 1004 τὸ
914 977 1026 1004 εὖπλοεῖν
1041 981 1097 1008 ταῖς
1111 981 1188 1005 ναυσὶ
1216 982 1394 1016 παρεχόμενος
1415 988 1420 995 '

1452 983 1464 1006 6
1492 983 1576 1008 πάντα
1603 984 1668 1020 πρὸς

869 1024 898 1049 τὸ
917 1025 1045 1060 συμφέρον
1059 1023 1199 1060 οἰκονομῶν
1278 1025 1402 1060 μάχαιρα
1427 1029 1473 1056 τῆς
1497 1029 1588 1057 κακίας
1615 1034 1622 1042 ⁶
1650 1028 1661 1056 ἡ

1237 1025 1250 1053 ἡ
1278 1025 1402 1062 μάχαιρα
1427 1029 1473 1056 τῆς
1497 1029 1588 1057 κακίας
1615 1034 1622 1042 ⁶
1650 1028 1665 1056 ἡ

869 1066 942 1098 ἀξίνη
958 1072 1007 1098 τῆς
1022 1066 1129 1099 ἀδικίας
1146 1076 1152 1082 ⁸
1173 1069 1188 1097 ἡ
1202 1069 1319 1105 ῥομφαία
1333 1073 1379 1095 τοῦ
1409 1070 1490 1096 σαταν
1506 1078 1513 1085 '
1530 1072 1544 1099 ἡ
1579 1072 1666 1101 σπάθη

867 1115 915 1143 τῆς
929 1114 1057 1150 πονηρίας
1073 1120 1081 1129 ·
1102 1113 1117 1141 ἡ
1131 1117 1178 1143 τῆς
1193 1111 1345 1143 δολιότητος
1361 1114 1471 1151 θραῦσις
1487 1123 1493 1130 “
1513 1116 1526 1141 6
1539 1118 1585 1145 τήν
1602 1115 1666 1143 δια-

867 1156 943 1186 ϐολὴν
963 1161 1047 1193 μισῶν
1066 1164 1072 1171 ·
1102 1157 1115 1183 6
1140 1160 1250 1188 ποιητὴς
1276 1162 1326 1184 τῶν
1354 1159 1453 1195 ὁρατῶν
1476 1168 1482 1175 ·
1509 1161 1521 1186 6
1551 1160 1668 1191 πλάστης

1091 1202 1104 1228 6
1119 1204 1288 1238 παραγωγευς
1311 1207 1362 1229 τῶν
1385 1203 1517 1232 αἰσθητῶν
1543 1213 1549 1220 ·
1580 1206 1592 1231 6
1622 1204 1670 1236 δη-

865 1248 993 1284 μιουργὸς
1009 1250 1059 1272 τῶν
1080 1249 1115 1283 μὴ
1135 1249 1292 1283 φαινομένων
1308 1255 1315 1263 ⁸
1332 1248 1346 1274 6
1361 1251 1473 1279 κτίστης
1487 1253 1536 1274 τῶν
1562 1249 1645 1276 ἀύλων
1659 1257 1667 1267 ⁸

866 1293 879 1319 ὁ
895 1293 1021 1328 συνοχιὺς
1034 1295 1085 1317 τῶν
1099 1290 1191 1318 ὶνύλων
1206 1299 1212 1306 ⁸
1227 1292 1241 1318 6
1265 1291 1356 1324 ἐσθλὸς
1384 1301 1390 1308 ·
1406 1294 1422 1322 ἡ
1451 1294 1644 1330 οὗτοαγαθοτης
1660 1305 1666 1311 ·

867 1338 880 1364 6
896 1336 1007 1373 ἐλεήμων
1036 1345 1043 1352 '
1060 1345 1072 1362 6
1089 1335 1220 1373 ἐλέουργός

863 1206 914 1230 τῶν
931 1205 1029 1230 νοητῶν
1045 1209 1052 1217 ⁸

1501 1347 1507 1354 ⁸
1534 1349 1547 1365 ο
1573 1340 1667 1366 οἱκτεί‹

1386 1383 1400 1408 6
1426 1385 1487 1413 τοὺς
1513 1381 1667 1415 δικάζοντας

1385 1428 1397 1453 ὁ
1425 1429 1485 1459 τοὺς
1514 1427 1668 1464 ἀγαπῶντας

1021 1471 1034 1496 6
1058 1474 1108 1496 τῶν
1125 1469 1264 1506 μελλοντων
1290 1473 1408 1506 γνώστης
1435 1479 1442 1487 ⁸
1472 1473 1484 1498 6
1513 1473 1667 1509 ἑφαπλώσας

869 1515 960 1552 αἰθέρα
974 1524 979 1530 ·
994 1515 1052 1560 3τό
1082 1514 1222 1551 ἀρχεγονον
1253 1513 1396 1552 διατμήξας
1423 1521 1476 1552 φῶς
1497 1525 1502 1531 ”
1523 1518 1536 1543 6
1564 1528 1666 1554 φωτοει-

869 1558 918 1592 δὴς
938 1568 945 1575 .
962 1561 975 1586 0'
988 1558 1037 1586 ﬁn.
1051 1562 1138 1595 φώτων
1158 1558 1240 1596 δοτὴρ
1271 1567 1277 1574 ⁸
1310 1561 1322 1585 6
1348 1563 1421 1597 χειρὶ
1446 1564 1564 1598 κατέχων
1580 1566 1667 1589 πᾶσαν

870 1605 939 1636 ζωήν
956 1613 962 1619 ·
980 1606 992 1631 6
1008 1606 1037 1631 τὸ
1063 1605 1106 1641 ἔαρ
1126 1607 1262 1640 κοσμήσας
1279 1613 1284 1618 ⁸
1306 1614 1319 1630 ο
1352 1609 1398 1631 τοῦ
1424 1607 1513 1642 θέρους
1545 1617 1668 1644 παραγω-

867 1651 928 1686 γεὺς
943 1658 949 1664 ⁸
970 1650 1024 1675 ὀτὸ
1041 1649 1200 1686 φθινόπωρον
1229 1650 1415 1685 τεκτηνάμενος
1445 1658 1451 1665 '

1249 1345 1257 1353 ·
1277 1346 1289 1362 ο
1313 1337 1470 1370 αὐτονυκτος

867 1391 917 1418 ρων
934 1389 940 1395 “
956 1382 968 1407 6
983 1381 1040 1417 μεθ’
1060 1378 1158 1412 ἡδονῆς
1175 1381 1234 1417 ἐλέῳ
1258 1386 1331 1418 χρῶν
1353 1392 1359 1399 -

868 1425 984 1456 δικάζων
999 1433 1006 1441 ·
1025 1426 1038 1451 6
1051 1427 1110 1455 τοὺς
1129 1425 1260 1456 ἐλεοῦντας
1272 1425 1343 1452 ἐλεῶν
1359 1434 1365 1442 ⁸

867 1470 974 1506 ἀγαπῶν
995 1479 1001 1485 ·

1477 1651 1489 1676 6
1503 1655 1539 1686 τῷ
1557 1657 1668 1688 χειμῶνι

867 1695 995 1731 ἀφορίσας
1008 1695 1036 1720 τὸ
1047 1693 1134 1730 ψῦχος
1151 1702 1156 1709 ⁸
1172 1694 1184 1719 6
1207 1694 1369 1731 χειμάρρους
1397 1694 1536 1722 ἀνατέλλων

866 1741 964 1776 ταμοὺς
981 1739 1108 1775 ξηραίνων
1127 1746 1134 1754 ⁸

1572 1697 1668 1724 ⁸ὁπο-

1153 1739 1166 1764 6
1199 1738 1364 1776 κυκλοφορῶν
1397 1741 1455 1770 τούς
1482 1739 1590 1778 ἀστέρας
1619 1750 1626 1757 ⁸
1655 1743 1668 1768 6

867 1783 1041 1814 ἀήττητος”ὀ
1068 1782 1226 1820 ἀπολέμητος
1241 1790 1249 1798 ⁸
1280 1785 1293 1810 ὁ
1320 1783 1456 1820 ἄψαυστος
1481 1794 1486 1800 ·

1513 1787 1525 1811 6
1543 1785 1640 1824 ἀμερής
1661 1795 1667 1803 ·

867 1829 880 1855 ὁ
896 1827 1043 1866 ἀμερίστως
1057 1828 1141 1854 πάντα
1155 1829 1221 1865 ὁρῶν
1242 1836 1248 1843 ⁸

1266 1829 1279 1854 ὁ
1303 1832 1447 1865 χαροποιός
1463 1837 1470 1845 ’
1500 1831 1513 1856 6
1542 1829 1670 1867 θνμηδιο⁴

868 1871 949 1904 δύτης
963 1883 969 1889 ·
984 1874 996 1899 6'
1014 1871 1187 1909 σοφριοδοτης
1209 1873 1243 1899 ’ὁ
1273 1876 1403 1911 νημερτής
1434 1883 1440 1889 ⁸
1462 1875 1475 1900 6
1499 1875 1597 1907 ὕπατος
1621 1883 1628 1892 ·
1656 1877 1669 1903 6

867 1917 1032 1954 παντόφνλάξ
1052 1926 1060 1934 '
1076 1918 1089 1943 6
1103 1918 1307 1954 παντοθρέμμων
1322 1925 1329 1933 ⁸
1357 1919 1369 1944 6
1385 1919 1470 1945 πάντα
1497 1921 1530 1950 ὡς
1558 1921 1582 1946 ἓν
1609 1920 1669 1957 βλέ-

868 1972 922 1989 πων
938 1971 944 1978 ⁸
962 1963 975 1988 6
990 1961 1156 1993 ἀδέκαστος·
1174 1963 1186 1988 6
1207 1964 1373 2001 πνοοκρατωρ
1400 1972 1407 1978 ⁸
1425 1964 1437 1989 6
1465 1963 1637 2000 ὑγειοδότης·
1656 1966 1669 1991 6

870 2005 1028 2037 ἀδιάϐλητος
1049 2015 1054 2021 ⁸
1073 2007 1085 2032 6
1099 2006 1203 2038 ἀπαθής
1219 2014 1225 2021 ·
1239 2008 1251 2032 ὁ
1268 2006 1420 2039 ἀνείκαστος
1449 2007 1473 2034 ἐν
1499 2009 1645 2045 ἀγαθότητι
1661 2017 1668 2025 ⁸

869 2053 882 2077 6
897 2052 1019 2082 αὖτονοῡς
1040 2060 1047 2066 ⁸
1062 2052 1076 2080 ἡ
1102 2051 1262 2087 αὖτογνῶσις
1278 2061 1283 2066 ⁸
1301 2053 1316 2081 η
1344 2052 1500 2084 αὑτονόησις
1529 2061 1535 2068 ⁸
1563 2058 1578 2082 η
1595 2054 1670 2080 αὑτο-

1463 2099 1478 2126 ἡ
1510 2097 1669 2135 μεγαλοϐρυ-

1058 2150 1064 2156 ·
1082 2142 1094 2167 6
1109 2140 1271 2179 βροτουργός
1285 2149 1291 2156 ⁸
1313 2143 1342 2168 τὸ
1366 2141 1442 2178 βῆμα
1456 2144 1484 2168 τὸ
1511 2142 1639 2172 ἀλαθητον
1658 2151 1665 2158 ⁸

1047 2195 1054 2202 ο
1071 2187 1099 2212 τὸ
1125 2187 1161 2221 μὴ
1190 2185 1326 2223 ἰσόρροπον
1353 2188 1461 2222 μέγεθος
1488 2195 1495 2202 ⁸
1523 2188 1538 2216 ἡ
1566 2188 1623 2219 iuvi;
1653 2188 1667 2217 ἡ

869 2231 981 2262 ἐνοποιὸς
996 2235 1046 2256 τῶν
1062 2229 1159 2256 ἐναδών
1191 2231 1227 2256 '6
1249 2231 1351 2257 πάντων
1377 2231 1444 2261 ἐντος
1472 2240 1479 2247 ⁸
1509 2232 1521 2257 6
1547 2233 1670 2269 νοσοφθό-

867 2285 915 2312 ρας
933 2283 940 2290 ⁸
958 2276 973 2305 ἡ
989 2276 1101 2312 τρυτάνη
1116 2279 1161 2306 τῆς
1175 2273 1278 2309 θέμιδος
1294 2283 1300 2291 ⁸
1329 2277 1342 2301 6
1355 2276 1531 2312 χιονοξλήτης

867 2319 1093 2357 γαντορραίστης·
1125 2320 1138 2346 6
1162 2320 1263 2350 οῐαπτος
1292 2328 1299 2335 ·

869 2096 996 2127 τελειὸτης
1016 2103 1023 2110 ·
1039 2097 1052 2122 6
1072 2097 1105 2122 τά
1129 2095 1223 2126 ἀσθενῆ
1251 2095 1400 2133 ἐνδυναμὼν
1428 2106 1434 2113 ⁸

869 2151 910 2172 τος
925 2140 1036 2177 δύναμις

869 2187 882 2212 6
896 2185 1022 2222 ἀμεγέθης

1191 2231 1227 2256 '6
1249 2231 1351 2257 πάντων
1377 2231 1444 2261 ἐντος
1472 2240 1479 2247 ⁸

1561 2278 1671 2313 ⁸ὸγι-

1329 2321 1342 2346 6
1371 2320 1586 2359 ἀπροσπέλαστος
1619 2331 1626 2337 '
1657 2323 1669 2349 6

1041 2364 1065 2390 ἐν
1115 2365 1179 2395 ζωαί
1194 2371 1201 2379 ‘
1220 2366 1235 2394 ἡ
1251 2365 1379 2394 αὑτοπνοή
1398 2374 1405 2380 ·
1421 2364 1457 2392 δι’
1473 2366 1500 2392 ὃν
1529 2368 1556 2393 αἱ
1582 2369 1668 2394 πνοαί’

867 2408 905 2436 δι’
918 2408 947 2435 οὗ
962 2411 988 2435 αἱ
1002 2410 1078 2436 πνοαί
1094 2418 1099 2423 ·
1116 2409 1144 2440 ἐξ
1159 2410 1190 2435 οὗ
1208 2410 1235 2436 αἱ
1254 2413 1330 2436 πνοαί
1346 2409 1383 2437 "6
1402 2410 1516 2442 ἄπλητος
1532 2420 1539 2428 ·

868 2364 996 2402 ἀκήρατος
1017 2373 1023 2380 ⁸

1557 2412 1569 2438 6
1585 2412 1618 2438 ὢν
1634 2412 1669 2445 εἰς

867 2456 927 2486 τοὺς
942 2454 1036 2485 αἰῶνας
1049 2459 1097 2480 τῶν
1110 2454 1218 2482 αἰώνων.
