1963 3084
0 95 62 126 7⁸7
67 101 102 127 3

361 174 378 200 γ
387 185 394 191 .
406 163 436 190 Ὀ
451 165 546 202 ιίρμός.

74 207 215 244 οὐρανίας
231 206 327 242 ἁψῖδος
341 209 486 246 ὁροφουργε
501 212 600 246 Χριστὲ
625 214 668 237 καὶ
695 211 851 242 Ἐχκλησίας

8 249 178 288 δομῆτορ,
197 253 230 278 σύ
249 262 281 288 με
297 256 450 290 στερέωσον,
467 254 491 280 ἐν
506 259 536 290 τῇ
563 254 651 292 ἀγάπῃ
676 259 706 292 τῇ
739 260 784 292 σῇ.
800 261 850 282 τῶν

8 294 141 330 ἐφετῶν
167 296 182 325 ἡ
214 295 337 333 ἁχροτης,
364 302 413 323 τῶν
440 303 541 324 πιστῶν
565 301 595 325 τὸ
623 302 768 337 στήριγμα,
790 303 851 337 μόνι

8 350 39 374 φ
46 339 222 377 ι).οὲνθρωπε.

383 389 488 425 Τροπάρ
493 398 540 415 ιον.

81 429 248 467 ’Δποῤῥήξας
272 430 300 456 ἐκ
318 433 430 464 πάντων,
448 431 580 470 ὀδυνηρῶς
606 434 695 468 κράζω
724 444 766 460 σοι
784 437 850 471 πρό-

9 475 157 509 φθασον,
177 476 258 511 θερμὴ
286 478 446 512 προστασία,
462 479 507 503 χαι
523 481 571 506 σὴν
601 477 725 514 βοήθειαν
741 477 788 510 δός
805 489 851 515 μοι

9 522 80 553 τῷ
97 517 186 555 δούλῳ
203 529 262 552 σο,υ
275 524 312 555 τῷ
331 525 442 556 ταπεινῷ
466 524 510 547 καὶ
544 521 633 558 ἀθλίῳ,
662 527 698 558 τῷ
724 525 771 552 τὴν
802 527 850 553 σὴν

13 562 187 599 ἀντίληψιν
202 563 370 594 ἐπιζητοῦντι
391 567 489 602 θερμῶς
497 588 503 593 .

78 608 308 644 Ἐθαυμοίστωσας
342 611 421 641 ὅντως
461 615 505 636 νῦν
538 611 577 637 ἐπ’
612 611 678 648 ἐμοὶ,
712 615 849 646 Δέσποινα,

16 654 90 683 τὰς
131 653 281 691 εὐεργεσίας
306 663 363 687 σου,
396 657 475 692 Κόρη,
502 658 546 682 καὶ
570 657 603 682 τὰ
624 656 679 685 ἐλὲη
712 667 770 692 σου,
793 658 849 684 ὅθεν

20 695 152 728 δοξάζω
167 707 205 731 σε,
220 701 264 724 καὶ
279 697 381 734 ἁνυμνῶ
402 701 447 725 καὶ
471 703 584 738 γεραίρω
612 703 659 730 τὴν
683 701 778 732 πολλὴν
805 704 849 728 καὶ

24 742 159 778 ἄμετρον
170 752 202 771 κη
208 740 328 778 δεμονίαν
346 753 404 772 σου.

79 789 212 822 Καταιγίς
235 797 266 823 με
292 788 416 824 χειμάζει
443 793 492 814 τῶν
532 794 681 826 συμφορῶν,
711 793 846 825 Δέσποινα,

22 833 87 855 καὶ
101 834 154 856 τῶν
181 830 303 868 λυπηρῶν
326 834 462 868 τρικυμίαι
491 836 724 865 χαταποντίζουσιν
750 845 756 851 ~

23 875 224 911 spopeiaaaa
238 876 318 911 χεζοά
332 886 377 912 μοι
393 874 438 907 δός
465 876 599 913 βοηθείας,
633 879 648 906 ἠ
678 879 757 915 θερμὴ
779 878 848 906 ἀντὶ-

21 919 121 954 λνῖψις
136 922 182 946 καὶ
196 923 348 957 προστασία
358 931 419 957 μου.

79 963 173 993 Αληθῆ
205 967 331 991 θιοτόκον
353 965 481 1002 ὁμολογῶ,
509 969 647 998 Δέσποινα,
676 969 705 994 σέ
727 969 773 997 τὴν
799 972 845 994 τοῦ

30 1009 159 1034 Θανάτου
184 1010 214 1034 τό
242 1010 338 1046 κράτος
364 1010 566 1046 ἑξαφανίσασαν,
590 1013 622 1042 ὡς
646 1015 690 1038 καὶ
713 1013 845 1048 φυσίζωος

26 1054 68 1078 ἐκ
99 1057 150 1079 τῶν
178 1051 283 1089 δεσμῶν
314 1058 363 1080 τῶν
402 1053 469 1090 ᾁδου
503 1057 566 1092 πρὸς
608 1056 677 1087 ζωὴν
717 1056 844 1093 ἀνήγαγες

29 1097 75 1128 εἰς
93 1102 144 1133 γῆν
155 1107 187 1134 με
203 1098 344 1135 ῥεύσαντα,

76 1143 215 1168 Διάσωσον
235 1142 285 1168 ἀπὸ
307 1141 433 1169 κινδύνων
462 1147 520 1174 τοὺς
548 1143 659 1176 δούλους
688 1155 745 1181 σου,
776 1150 843 1172 Θεο-

31 1190 112 1220 τὸκε,
130 1188 171 1213 ὃτι
185 1189 276 1218 πάντες
297 1189 361 1224 μετὰ
389 1191 453 1214 Θεὸν
469 1189 502 1219 εἰς
532 1191 560 1216 σε
585 1192 778 1227 καταφεύγομεν
808 1193 843 1222 ὡς

32 1232 172 1269 ἇρῥῑκτον
183 1237 272 1268 τεῖχος
287 1236 332 1259 καὶ
347 1236 521 1268 προστασίαν,

78 1277 234 1312 Ἐπίϐλεψον
263 1277 287 1303 ἐν
321 1277 446 1314 εὐμενείᾳ,
470 1281 619 1315 πανύμνητε
645 1283 764 1311 Θεοτοκε,
799 1280 840 1307 ἐπὶ

34 1324 86 1350 τὴν
98 1323 162 1358 ἐμὴν
187 1322 307 1358 χαλεπὴν
333 1326 379 1348 τοῦ
401 1325 522 1359 σώματος
551 1325 667 1350 κάκωσιν
696 1327 740 1351 χαὶ
766 1327 840 1351 ἳασον

37 1370 72 1395 τῆ
78 1377 90 1397 ς
104 1366 198 1401 ψυχῆς
212 1376 263 1402 μου
281 1368 310 1392 τὸ
321 1366 396 1402 αλγος

339 1409 374 1439 δ’.
389 1410 419 1437 Ὀ
435 1413 528 1448 εἰρμός.

73 1456 108 1481 Σύ
124 1464 187 1491 μου,
203 1456 311 1492 Χριστὶ,
328 1457 421 1493 Κύριός
445 1466 494 1492 μου
523 1459 567 1483 καὶ
591 1455 714 1493 δύναμις,
732 1460 765 1484 σὺ
781 1460 839 1492 θεὲ,

38 1502 71 1525 σύ
87 1509 140 1536 μου
152 1499 312 1536 ἁγαλλίαμα,
329 1500 342 1526 ό
364 1503 422 1537 περὶ
446 1503 553 1538 κυρίους
567 1501 676 1532 κόλπους
695 1505 730 1538 μὴ
759 1502 840 1529 λιπὼν

36 1547 82 1570 καὶ
95 1547 143 1573 τὴν
168 1546 292 1582 ὁμετέραν
319 1548 451 1580 πτωχείαν
478 1545 709 1582 ἐπιστκεψάμενος,
738 1545 780 1573 διὸ
794 1550 840 1574 σὺν

36 1594 72 1624 τῷ
102 1591 224 1626 προφήτῃ
252 1589 410 1625 Ἀϐϐακωύμ
440 1599 481 1616 σοι
504 1593 656 1626 κραυγαζω,
677 1595 713 1627 Τῇ
732 1589 841 1628 δυνάμει

39 1644 87 1660 σου
102 1632 180 1668 δόξα,
195 1634 367 1670 φιλάνθρωπε.

360 1679 516 1716 Τροπάριον.

75 1725 124 1750 Καὶ
162 1727 213 1749 ποῦ
240 1723 329 1749 λοιπὸν
357 1723 436 1752 ἄλλην
465 1723 568 1759 εὑρήσω
602 1723 725 1760 ἀτίληφιν
755 1733 761 1758 ;
790 1729 841 1752 ποῦ

38 1770 184 1804 προσφύγω
215 1772 289 1799 ςποῡ
319 1770 348 1794 δὲ
371 1770 416 1794 καὶ
446 1770 601 1804 σωθήσομαι
627 1778 634 1802 ;
659 1772 717 1795 τίνα
745 1771 840 1806 θερμήν

38 1813 85 1844 ἔξω
98 1812 198 1849 βοηθὸν
215 1812 319 1848 θλίψεσι
339 1817 384 1838 τον
414 1811 475 1848 βίον
490 1816 536 1839 καὶ
562 1814 662 1846 ζάλαις,
675 1816 746 1850 οἶμοι
761 1814 766 1842 !
780 1815 839 1841 χλο-

36 1859 184 1894 μοὺμενος;
200 1857 242 1887 Εἰς
256 1858 284 1882 σε
299 1859 379 1892 μόνην
395 1855 500 1891 ἐλπίζω,
521 1860 565 1884 καὶ
582 1857 679 1895 θαρρῶ,
702 1861 747 1885 καὶ
773 1869 839 1885 χαυ-

215 1772 289 1799 ;ποῡ
319 1766 348 1794 δὲ
371 1770 416 1794 καὶ
446 1769 601 1804 σωθήσομαι
627 1778 634 1802 ;

36 1907 138 1938 χῶμαι,
151 1904 196 1928 καὶ
212 1903 369 1938 προστρέχω
381 1905 412 1937 τῇ
428 1903 510 1938 σκέπῃ
522 1911 579 1935 σου,
594 1904 680 1929 σῶσον
694 1913 735 1939 με.

70 1949 120 1973 Τὸν
158 1947 276 1982 ποταμὸν
313 1948 356 1972 τὸν
384 1945 507 1982 γλυκιρόν
534 1950 579 1972 τοῦ
604 1946 672 1973 ἐλέου
703 1949 761 1981 σὸν,
795 1950 838 1974 τὸν

34 1992 176 2022 πλουσίαις
190 1989 299 2026 δωρεαῖς
314 1989 478 2028 δροσίσαντα
492 1993 537 2020 τὴν
561 1992 704 2018 παναθλίαν
723 1994 769 2018 κα).
793 2003 838 2019 τα-

35 2038 132 2069 πεινὴν,
149 2036 274 2071 πάναγνε,
301 2035 394 2071 ψυχήν
411 2045 471 2070 μου,
499 2039 549 2061 τῶν
576 2041 714 2072 συμφορῶν
727 2040 837 2063 καὶτῶν

36 2080 145 2116 θλίψεων
182 2082 283 2116 καμίνῳ
309 2079 504 2115 φλογισθεῐσαν,
543 2080 688 2116 μεγαλύνω,
716 2083 837 2118 κηρύττω

34 2128 77 2151 καὶ
91 2127 252 2163 προστρέχω
264 2127 295 2160 τῇ
314 2126 396 2160 σκέπῃ
407 2133 465 2155 σου,
481 2127 566 2150 σῶσον
581 2134 623 2160 με.

69 2173 98 2196 Σε
110 2172 158 2199 τὴν
169 2170 261 2205 ἁγνὴν,
289 2171 317 2195 σὲ
332 2171 378 2198 τὴν
411 2170 538 2205 Παρθένον
564 2171 609 2194 καὶ
630 2169 751 2204 ἄσπιλον,
786 2172 834 2206 μό-

34 2225 77 2243 νην
93 2216 171 2252 φέρω,
194 2217 283 2249 τεῖχος
302 2213 521 2251 ἁπροσμάχητον,
545 2217 706 2250 καταφυγὴν,
737 2216 835 2244 σκέπην

34 2261 172 2296 κραταιὰν,
202 2258 319 2294 ὅπλισμα
354 2260 494 2294 σωτηρίοις⁵
518 2261 553 2294 μή
591 2268 623 2294 με
649 2257 764 2295 παρίδῃς
791 2261 835 2285 τὸν

36 2306 146 2337 σίσωτον,
173 2303 247 2332 ἐλπὶς
278 2301 484 2338 ἀπελπισμὲνων,
531 2301 644 2328 ἀσθενῶν
678 2306 832 2339 συμμαχία,

35 2348 188 2384 θλιϐομένων
203 2348 277 2384 χαρά
285 2349 330 2372 καὶ
345 2345 490 2381 ἀντίληψις.

68 2397 125 2424 Πῶς
150 2391 258 2423 ἐξειπεῖν
275 2401 322 2417 σου
345 2391 403 2417 κατ’
423 2390 497 2422 ἀξίαν
513 2388 664 2427 δυνήσομαι
689 2393 750 2422 τοὺς
769 2391 834 2428 ἀμέ-

33 2439 92 2469 λους
105 2438 271 2474 οἰχτιρμοὺς,
285 2440 305 2462 ὡ
321 2438 456 2469 Δέσποινα,
483 2438 542 2466 τοὺς
565 2439 613 2465 τὴν
633 2436 697 2472 ἐμὴν
726 2438 834 2463 πάντοτε

32 2483 122 2519 ψυχὴν
161 2480 255 2512 δεινῶς
282 2480 432 2517 θλιϐομένην
461 2482 496 2511 ὡς
521 2479 594 2517 ὕδωρ
625 2481 833 2517 περικυχλὼσαν-

33 2537 93 2562 τας;
113 2527 183 2555 Ἀλλ’
207 2525 227 2552 ὦ
241 2530 287 2557 τῆς
304 2529 353 2557 σῆς
381 2528 501 2563 προνοίας
529 2528 574 2551 καὶ
601 2529 648 2556 τῆς
673 2525 832 2563 εὐεργεσίας,

34 2571 59 2603 ἧς
73 2572 191 2610 ἀφρόνως
206 2571 219 2596 ὁ
233 2570 311 2602 τάλας
325 2570 458 2599 ἀπώλεσα,

66 2620 202 2644 Διάσωσον
219 2615 270 2641 ἀπὸ
280 2614 406 2642 κινδύνων
421 2617 482 2645 τοὺς
497 2613 608 2646 δούλους
628 2624 687 2649 σου,
710 2617 832 2647 Θεοτὸκι,

34 2665 69 2688 ὅτι
82 2663 186 2692 πάντως
207 2661 274 2696 μετὰ
297 2661 362 2686 θεὸν
390 2661 426 2690 εἰς
455 2661 484 2686 σὶ
509 2660 705 2696 καταφεύγομεν
730 2660 766 2690 ὡς
785 2659 833 2697 ἄῤ-

33 2708 121 2744 ῥηκτον
136 2709 230 2741 τεῖχος
240 2707 286 2730 καὶ
299 2707 474 2741 προστασίαν·

65 2750 224 2786 Ἐπίϐλιψον
250 2748 274 2775 ἓν
300 2749 425 2785 εὐμινιίᾳ,
453 2749 602 2785 πανύμνητι
632 2750 753 2783 Θωτὸκι,
789 2747 832 2775 ἐπὶ

639 105 778 133 HYMNUS
790 105 839 133 AD
853 104 904 134 SS.
917 104 1107 137 DEIPARAM.

785 834 849 862 ἀλλά
866 851 884 877 Β

1676 112 1729 144 774

1204 173 1230 200 3.
1243 172 1381 201 Hirmus.

937 214 1056 249 Apsidis
1071 214 1197 243 ccelestis
1214 219 1410 252 constructor,
1423 219 1452 246 et
1467 217 1602 248 Ecclesiae
1626 221 1727 250 mode-

904 261 993 291 rator,
1006 259 1127 290 Christe,
1141 262 1171 287 tu
1182 269 1230 288 me
1243 260 1331 290 ﬁrma
1343 262 1372 290 in
1385 271 1487 291 amore
1496 266 1558 300 tuo,
1575 273 1730 294 summum

903 303 1011 330 animm
1025 303 1218 338 desiderium,
1233 305 1367 334 ﬁdelium
1382 307 1511 336 fulcrum
1524 311 1552 337 et
1561 309 1728 339 adminicu-

903 347 976 380 lum,
990 348 1066 376 Deus
1079 348 1260 377 misericors.

1189 394 1379 429 Troparz'um.

937 436 982 464 Ab
997 437 1080 465 omni
1106 438 1345 474 malo,pr$sidio
1358 442 1408 469 tuo
1420 441 1564 478 benigno,
1579 451 1628 472 me
1637 445 1727 481 eripe,

903 482 931 508 et
953 481 1097 510 auxilium
1123 482 1167 510 fer
1181 491 1268 511 servo
1284 486 1335 512 tuo
1361 485 1467 514 humili
1491 489 1519 515 et
1532 488 1726 523 infortunato,

902 525 954 561 qui
970 525 1074 554 salutis
1089 535 1174 563 spem
1190 528 1221 555 in
1236 531 1263 556 te
1279 537 1339 557 uno
1350 530 1443 565 ponit,

937 616 1039 643 Miram
1061 617 1088 643 te
1116 617 1188 644 mihi
1211 618 1378 653 praestitisti,
1405 620 1541 653 Domina,
1568 621 1668 657 Virgo,
1695 623 1725 650 in

901 659 1054 687 beneﬁciis
1065 668 1132 696 quae
1146 661 1176 688 in
1187 669 1235 689 me
1247 663 1395 691 contulisti
1406 672 1412 696 ;
1429 672 1523 700 quare
1533 666 1726 700 magniﬁcen-

902 703 974 731 tiam
991 707 1072 744 tuam
1086 704 1227 734 laudibus
1243 710 1332 744 atque
1342 708 1465 744 hymnis
1477 710 1626 739 celebrare
1648 719 1726 740 nun<

901 747 995 776 quam
1008 740 1120 769 desisto
1132 762 1138 768 .

936 785 1148 820 Tempestates,
1164 787 1298 822 Domina,
1315 788 1346 816 in
1360 796 1409 816 me
1428 789 1544 819 irruunt
1565 793 1594 818 et
1617 800 1726 821 mrum-

901 835 1010 856 narum
1020 836 1129 864 gurges
1144 838 1193 858 me
1219 831 1359 866 devorat;
1388 834 1442 861 sed
1457 836 1489 862 tu
1510 843 1637 864 manum
1651 837 1726 866 mihi

901 873 1115 902 auxiliatricem
1131 875 1259 911 porrige,
1272 877 1447 912 praesidium
1459 881 1489 907 et
1499 879 1631 915 adjutrix
1644 890 1723 911 mea.

935 958 1041 986 Veram
1056 961 1083 986 te
1097 958 1254 995 Deiparam
1270 961 1496 999 conﬁteorque:
1509 965 1614 993 mortis
1628 965 1725 1002 impe-

899 1001 977 1030 rium
992 1003 1158 1037 abolevisti,
1175 1007 1203 1033 et
1230 1013 1299 1041 quae
1315 1007 1341 1034 vi
1365 1009 1416 1035 tua
1429 1007 1551 1037 viviﬁca
1564 1017 1601 1037 ex
1617 1001 1724 1039 inferni

898 1047 1026 1075 vinculis
1042 1047 1081 1076 ad
1096 1049 1188 1077 vitam
1200 1049 1258 1078 hac
1272 1050 1303 1078 in
1316 1053 1393 1080 terra
1407 1060 1455 1080 me
1469 1054 1626 1082 revocasti.

933 1135 1017 1172 Eripe
1032 1145 1088 1165 nos
1103 1145 1204 1166 servos
1219 1141 1297 1173 tuos,
1330 1148 1348 1168 ο
1377 1141 1512 1177 Deipara.
1526 1150 1542 1171 e
1565 1143 1717 1179 periculis.

898 1180 1070 1210 Secundum
1086 1183 1179 1210 Deum
1193 1184 1273 1212 enim
1299 1185 1338 1212 ad
1353 1187 1380 1213 te
1395 1188 1427 1214 ut
1449 1195 1572 1216 murum
1599 1188 1724 1225 inexpu-

897 1225 1050 1259 gnabilem
1066 1228 1095 1254 et
1104 1227 1282 1263 adjutricem
1298 1230 1501 1266 confugimus.

932 1270 1068 1306 Respice,
1083 1271 1284 1302 illustrissima
1298 1275 1435 1311 Deipara,
1450 1284 1505 1312 pro
1518 1277 1725 1308 misericordia

895 1316 946 1343 tua
961 1315 1000 1343 ad
1016 1316 1144 1352 miseria,
1158 1317 1269 1353 quibus
1297 1327 1407 1356 corpus
1424 1328 1526 1350 meum
1553 1322 1720 1360 tribulatur,

895 1362 924 1388 et
934 1361 1043 1389 animm
1051 1362 1205 1390 doloribus
1213 1363 1331 1392 medica
1342 1365 1437 1399 adsis,

1213 1408 1240 1434 4.
1253 1408 1388 1437 Hirmus.

930 1450 1051 1485 Christe,
1070 1451 1194 1480 Domine
1209 1455 1238 1480 et
1262 1452 1351 1487 Deus,
1380 1455 1537 1484 exsultatio
1565 1465 1643 1491 mea,
1669 1459 1721 1495 qui

895 1502 950 1531 pro
961 1495 1062 1524 divina
1080 1497 1132 1524 tua
1152 1496 1358 1526 misericordia
1384 1502 1592 1536 paupertatem
1620 1510 1721 1531 meam

896 1547 942 1567 res
957 1539 1042 1567 existi
1055 1549 1061 1566 :
1078 1548 1150 1575 ergo
1165 1549 1234 1568 cum
1262 1542 1433 1571 Ambacum
1448 1544 1603 1574 exclamo:
1618 1547 1721 1575 Virtuti

896 1588 956 1612 tum
971 1584 1074 1619 gloria,
1087 1585 1271 1614 misericors!

1236 1675 1428 1710 Troparium.

933 1718 987 1746 Ubi
1001 1718 1122 1746 tandem
1138 1718 1220 1747 aliud
1235 1719 1387 1749 inveniam
1395 1720 1546 1757 refugium
1555 1722 1569 1750 ?
1578 1730 1640 1759 quo
1650 1732 1720 1752 con-

896 1762 1010 1799 fugiam
1021 1762 1035 1790 ?
1048 1763 1172 1791 ubinam
1189 1763 1292 1792 salvus
1305 1772 1356 1792 ero
1366 1765 1380 1792 ?
1395 1766 1552 1802 quodnam
1571 1768 1720 1797 auxilium

895 1808 925 1835 in
938 1807 1006 1835 vitae
1031 1808 1171 1836 aerumnis
1186 1811 1215 1836 et
1242 1809 1485 1839 tribulationibus
1500 1812 1620 1841 habebo
1632 1814 1646 1841 ?
1657 1813 1720 1842 Tibi

896 1851 951 1880 soli
970 1852 1108 1886 conﬁdo;
1126 1853 1323 1888 integlorior;
1334 1854 1391 1882 sub
1404 1855 1469 1884 alas
1485 1858 1552 1885 tuas
1566 1857 1719 1893 confugio.

895 1898 984 1926 Serva
997 1897 1060 1924 me!

930 1941 1019 1969 Dulce
1048 1941 1162 1969 ﬂumen
1188 1941 1399 1971 misericordiae
1421 1946 1491 1977 tuae,
1507 1952 1568 1981 quo
1584 1946 1719 1975 animam

892 1994 992 2014 meam
1007 1994 1212 2015 aerumnosam
1226 1995 1262 2015 ac
1276 1987 1422 2016 humilem
1433 1989 1586 2018 beneﬁciis
1600 1998 1719 2020 recrea-

891 2031 949 2063 vit;
966 2031 1100 2059 animam
1116 2031 1183 2059 dico
1198 2031 1229 2059 in
1260 2031 1410 2060 malorum
1426 2041 1461 2061 ac
1489 2034 1718 2064 tribulationum

892 2075 1011 2103 camino
1021 2076 1233 2112 puriﬁcatam;
1256 2079 1284 2104 te
1297 2077 1470 2113 magniﬁco,
1494 2080 1522 2107 te
1532 2079 1716 2108 carminibus

892 2120 1020 2148 celebro.
1037 2120 1126 2149 Salva
1151 2128 1199 2148 me
1216 2121 1222 2148 Ξ

927 2167 964 2193 Te
980 2165 1128 2200 Virginem
1146 2168 1296 2201 sanctam,
1311 2166 1538 2196 immaculatum
1553 2169 1649 2198 solam
1662 2169 1717 2198 ha-

890 2209 958 2245 beo,
970 2210 1375 2247 muruminexpuguabilem,
1387 2212 1537 2248 refugium
1545 2214 1667 2249 salutis;
1679 2222 1717 2243 ne

891 2258 917 2283 te
932 2258 1050 2283 avertas
1066 2264 1083 2283 a
1097 2264 1146 2283 me
1172 2256 1294 2289 misero,
1311 2256 1470 2285 hominum
1490 2258 1717 2294 desperantium

891 2307 961 2335 spes
973 2302 1001 2327 et
1008 2300 1282 2336 propugnaculum,
1292 2308 1440 2336 aegrorum
1452 2302 1597 2337 gaudium
1606 2306 1634 2332 et
1643 2311 1716 2332 con-

889 2344 1003 2373 solatio.

925 2389 1094 2424 Quomodo,
1110 2397 1129 2418 ο
1158 2389 1295 2424 Domina,
1323 2390 1543 2421 misericordias
1568 2395 1635 2422 tuas
1660 2401 1715 2430 pro

888 2433 1033 2469 dignitate
1048 2434 1228 2470 praedicabo,
1244 2443 1310 2471 quae
1321 2436 1456 2464 animam
1466 2445 1566 2465 meam
1582 2438 1715 2474 undique

889 2481 1038 2513 vexatam,
1064 2481 1097 2507 ut
1123 2487 1210 2514 aquae
1236 2479 1379 2512 insulam,
1393 2480 1715 2511 circumdederunt?o

889 2523 1116 2558 sollicitudines,
1127 2531 1146 2552 ο
1154 2523 1310 2558 beneﬁcia,
1319 2531 1450 2560 quorum
1461 2533 1517 2560 ego
1524 2526 1614 2553 miser
1618 2526 1715 2561 jactu-

888 2576 955 2596 ram
967 2567 1022 2596 feci
1035 2568 1041 2596 ἰ

925 2613 1009 2649 Eripe
1024 2621 1080 2640 nos
1092 2621 1194 2640 servos
1209 2615 1287 2648 tuos,
1305 2620 1323 2641 ο
1340 2612 1477 2649 Deipara,
1501 2621 1517 2641 e
1556 2613 1709 2650 periculis.

889 2657 1062 2686 Secundum
1083 2658 1177 2686 Deum
1191 2657 1273 2686 enim
1291 2657 1331 2686 ad
1345 2660 1373 2686 te
1387 2659 1420 2686 ut
1434 2666 1556 2687 murum
1583 2659 1713 2696 inexpu-

887 2702 1040 2739 gnabilem
1053 2702 1257 2738 confugimus.

922 2747 1055 2783 Respice,
1075 2746 1276 2775 illustrissima
1288 2746 1427 2784 Deipara,
1440 2755 1498 2785 pro
1508 2747 1716 2781 misericordia
