1963 3084
31 102 68 130 m
625 85 671 127 nn
690 83 884 128 sumsum
901 99 1067 130 vrrmno.
1634 91 1688 138 782

31 165 83 192 nius
93 161 367 196 sededepelteretur,
374 160 458 196 eique
471 159 638 188 Germanus
648 161 700 189 III
704 162 943 190 substitueretur.
957 163 1028 191 Rem
1035 164 1153 198 plenius
1164 172 1334 201 cognoscere
1347 165 1416 195 licet
1425 168 1590 197 exArsenii
1597 173 1687 200 testa-

31 210 109 236 mento
122 206 198 243 quod
208 205 371 233 Cotelerius
380 205 511 232 Monum.
527 204 600 232 eccl.
613 206 660 233 Gr.
674 206 768 240 t.I[p.
783 208 842 240 £68,
855 207 1000 242 vulgavit.
1026 208 1174 237 Germano
1198 210 1267 238 item
1281 211 1401 246 Josephi
1417 212 1534 241 abbatis
1551 216 1687 249 artiﬁciis

31 252 142 286 erpulso,
156 250 300 284 Josephus
315 250 378 284 ipse
390 249 628 283 patriarchalem
641 250 749 287 sedem,
761 251 914 279 adnitente
926 251 1053 285 Cesare,
1069 253 1206 282 obtinuit.
1222 255 1346 283 Interim
1365 256 1537 291 Byzantina
1550 259 1689 288 Ecclesia

31 297 101 332 gravi
110 295 264 323 schismate
275 294 433 326 laboravit,
450 293 522 321 dum
537 294 593 322 atii
602 295 729 322 Arsenio
746 298 778 322 ut
795 295 900 330 inique
923 300 1117 326 exauctorato
1137 299 1300 327 studerent:
1317 300 1382 333 alii,
1405 304 1436 328 ut
1462 303 1508 336 ﬁt,
1528 303 1688 338 Josephum

31 339 212 375 patriarcham
229 338 378 366 novellum
389 341 585 365 sectarentur.
601 338 667 366 Hoc
681 339 851 366 animorum
859 339 995 374 fervente
1008 344 1092 375 aestu,
1111 345 1201 378 atque
1224 344 1255 370 in
1272 343 1318 370 his
1331 345 1535 374 ecclesiasticis
1549 349 1687 382 motibus,

31 384 172 412 Methodius
186 383 360 414 monachus,
372 386 405 410 ut
420 382 574 410 schismati
585 382 676 418 (quod
689 391 762 411 sane
770 385 940 418 pessimum,
954 385 1096 414 Ecclesiae
1110 387 1224 415 malum
1241 390 1282 415 est
1294 388 1304 423 )
1314 388 1428 417 obviam
1454 391 1520 424 iret,
1553 392 1688 421 libellum

31 427 195 456 scribendum
223 429 348 459 censuit,
377 434 435 462 quo
459 426 678 455 demonstraret
704 428 904 462 Byzantinam
921 430 1093 464 Ecclesium,
1122 438 1295 466 quanquam
1327 441 1404 468 saepe
1430 442 1448 462 a
1484 438 1688 470 praepotentia

31 474 161 501 Casurum
174 472 222 502 (de
233 479 294 507 qua
308 471 448 506 legendus
459 473 500 498 est
518 471 682 506 Lequinius
698 472 750 500 0r.
766 472 822 500 Ch.
837 475 859 500 t.
877 474 903 507 I,
925 473 1042 502 dissert.
1051 482 1148 509 prtev.
1177 483 1244 510 cap.
1264 477 1307 511 t7)
1321 481 1427 506 contra
1450 481 1634 515 a'quissimas
1661 485 1690 510 et

31 517 207 545 sanctissimas
218 523 370 544 canonum
382 522 514 561 normas,
527 518 664 561 pastores
679 516 775 544 invita
785 518 953 551 accepisset,
970 518 1067 546 nihilo
1084 522 1183 547 tamen
1206 521 1304 549 minus
1332 526 1476 557 perpetuo
1504 526 1626 561 cavisse,
1651 534 1690 554 ne

31 562 134 590 schisma
142 561 173 588 in
186 561 299 595 populo
314 561 410 594 ﬁeret;
420 559 580 587 dummodo
590 559 622 588 hi
640 561 785 595 praesules
801 562 997 590 orthodoxam
1013 563 1101 597 fidem
1116 565 1287 593 retinerent.
1304 567 1339 594 In
1356 567 1410 595 hoc
1422 569 1537 596 scilicet
1559 559 1690 598 vertitur

33 606 102 634 totius
111 613 220 633 summa
234 605 379 639 opusculi;
395 605 481 649 cujus
496 605 635 632 notitiam
648 612 698 632 seu
711 606 832 633 titulum
849 606 975 634 tradidit
989 607 1202 636 otimAltatius
1215 609 1246 637 in
1261 610 1397 639 Diatribe
1410 612 1446 639 de
1469 613 1638 648 Methodiis,
1655 623 1689 649 p.

33 651 80 684 383,
93 657 179 686 neque
189 653 289 677 tamen
305 649 429 677 ubinam
444 648 476 676 id
490 649 625 677 latitaret
637 649 720 677 nobis
738 650 890 678 indicavit:
908 651 984 678 mihi
994 659 1063 679 vero
1076 653 1107 680 in
1124 652 1275 682 Vaticanis
1298 655 1448 683 codicibus
1470 648 1688 692 deprehensum

33 699 71 728 est,
80 698 103 723 et
112 697 185 730 typis
199 694 326 729 dignum
339 697 429 730 atque
438 694 512 721 utile
528 694 634 721 visum.
647 694 716 722 Etsi
724 695 802 722 enim
817 695 894 722 idem
908 699 1118 730 argumentum
1146 705 1294 732 anoymus
1323 700 1402 727 alius
1422 704 1530 729 auctor
1548 704 1688 736 versavit,
1700 700 1711 710 '

33 747 97 775 quem
107 747 121 767 ε
131 738 227 767 codice
242 738 431 766 Barocciano
447 745 526 766 anno
541 738 613 767 I691
626 739 763 773 vulgavit
780 739 888 767 Oxonii
900 739 1114 775 Humphredus
1128 742 1244 770 Hodius
1269 743 1321 779 (a),
1343 745 1566 774 Baroccianum
1590 750 1689 775 tamen

34 784 180 818 opusculum
191 789 216 811 et
225 783 344 811 brevius
359 785 411 816 est,
423 785 450 810 et
464 782 501 810 ab
518 782 572 810 hoc
589 782 733 810 Vaticano
743 783 818 811 satis
831 784 992 819 diversum,
1005 787 1037 812 ut
1055 785 1151 820 legens
1165 788 1304 822 comperi.

61 855 93 888 (at
110 853 246 890 Opnsculi
256 853 298 881 ab
314 852 475 880 Humfredo
489 852 560 880 editi
580 852 682 880 titulus
700 853 749 881 hic
768 856 813 882 est
827 862 833 881 :
850 855 1011 889 Anglicani
1024 856 1095 883 novi
1107 857 1275 886 schismatis
1289 859 1465 895 redargutio
1481 869 1528 890 seu
1542 863 1691 892 tractatus

35 906 63 925 ex
80 898 197 926 historiis
216 897 436 931 ecclesiasticis,
456 904 512 932 quo
536 897 713 931 ostenditur,
738 898 900 934 episcopos,
924 899 1034 933 injuste
1053 900 1121 928 licet
1145 901 1302 938 depositas,
1327 905 1490 934 orthodoxi
1513 909 1690 936 successoris

36 943 239 971 communionem
253 949 411 977 nunquam
424 941 581 976 refugisse.
599 942 678 969 Eorr.

41 1033 1498 1050 _—__—_—_____

1501 1042 1686 1054 ——_

245 1110 372 1178 DE
425 1109 965 1180 SGHISMATE
1018 1113 1452 1186 VITANDO

729 1248 1010 1294 LIBELLUS.

67 1417 222 1444 ΜΕΘΟΔΙΟΥ
257 1419 428 1444 ΜΟΝΔΧΟΥ
462 1416 574 1453 Συλλογὴ
611 1418 640 1442 ἐκ
679 1415 810 1454 διαφόρων

901 1418 921 1447 E
925 1418 981 1448 ΤΗ
981 1420 1067 1449 ODII
1069 1420 1103 1450 Μ
1103 1422 1183 1450 ONA
1188 1422 1300 1452 CHIex
1305 1424 1430 1452 diversis
1437 1425 1522 1453 libris
1528 1426 1693 1460 synopticis

68 1465 208 1488 συνοπικών
235 1460 358 1497 βιϐλίων,
389 1460 430 1486 ὃτι
445 1460 474 1487 οὐ
504 1459 545 1487 δεῖ
574 1461 720 1497 σχὶζεσθαι
751 1464 814 1493 τοὺς

68 1502 129 1535 λαοὺς
154 1507 202 1532 ἀπὸ
239 1510 292 1532 τῶν
334 1504 477 1543 ἀρχιερέων
527 1503 674 1542 ὁρθοδόξων
722 1505 812 1542 ὄντων,

68 1548 151 1576 εἰχατά
174 1560 231 1576 τινα
264 1549 460 1586 ἐγχληματιχὴν
499 1552 653 1587 περίστασιν
698 1551 713 1580 ἠ
755 1560 813 1586 χει-

67 1596 154 1629 ροτονία
167 1594 248 1621 αὐτῶν
262 1593 349 1632 προϐῇ
355 1615 361 1622 .

69 1646 185 1674 α¹.Ιστίον
206 1650 240 1679 ὡς
264 1649 498 1684 παραιτησαμένου
522 1647 636 1684 μεγάλου
667 1650 813 1685 Γρηγορίου

44 1694 77 1716 τοῦ
98 1692 213 1728 Stolo-[ou
239 1695 284 1719 τὸν
312 1693 401 1729 θρόνον
449 1692 741 1723 Κωνσταντινουπόλεως
769 1695 814 1719 καὶ

45 1733 244 1773 ἀναχωρήσαντος,
279 1738 419 1774 Νικτάριος
455 1739 627 1774 πατριάρχης
667 1739 814 1775 κεχιιροτό-

45 1784 163 1815 νεται,ιαὶ
185 1782 236 1818 μετ’
264 1781 370 1808 αὐτόνό
396 1783 477 1818 μέγας
506 1784 696 1819 Χρυσοστὸμος
720 1783 814 1808 τούτου

44 1822 181 1857 ﬁneﬁne;
201 1825 312 1860 ἀδίκως,
338 1826 480 1864 Ἀρσάχιος
502 1827 516 1852 ὁ
537 1831 582 1852 τοῦ
609 1827 744 1864 εἰρημένου
766 1830 815 1853 Νε-

42 1870 127 1905 Inpios:
138 1868 243 1907 ἀδιλφός
257 1872 297 1902 εἰς
309 1873 352 1897 τὸν
377 1871 465 1907 θρόνον
493 1871 598 1906 ἀνήχθη
628 1872 699 1908 παρά
726 1874 814 1897 πᾶσαν

42 1917 152 1944 incumin
168 1919 353 1953 παρατήρησιν
376 1915 406 1941 οὔ
429 1918 506 1952 μόνον
535 1914 582 1942 διά
596 1918 643 1945 τὴν
671 1920 716 1942 τοῦ
746 1918 814 1953 ἱεροῦ

44 1960 203 1997 Χρυσοστομου
229 1959 325 1988 ἄδικον
345 1959 456 1998 ὶξορίαν,
483 1959 536 1986 ἀλλ’
568 1961 619 1993 ὃτι,
644 1963 678 1992 ὼς
701 1961 812 1997 λέγεται,

42 2006 75 2028 καὶ
85 2003 295 2042 hiatum-Juno;
310 2007 375 2042 πρὸς
394 2009 440 2031 τοῦ
471 2003 541 2031 ἰδίου
575 2003 687 2042 ἀδελφοὺ
715 2009 814 2032 Νεκτα-

42 2048 94 2080 ρίον,
107 2051 196 2085 ὤμοσεν
209 2051 280 2086 αὐτῷ
294 2051 338 2076 τόν
360 2054 409 2080 τῆς
434 2048 581 2086 βασιλίδος
616 2051 703 2088 θρόνον
732 2049 815 2087 μηδέ-

43 2099 89 2118 ποτι
106 2093 303 2127 ιαταδίξασθαι.
332 2095 404 2122 Merci
427 2099 518 2121 τοῦτον
546 2094 670 2131 ἀναγέται
700 2095 815 2126 Ἀττικὸς
831 2099 851 2125 Β

44 2135 115 2166 εἰςτὸν
128 2139 218 2176 θρόνον,
243 2139 283 2166 ἔτι
303 2143 350 2165 τοῦ
378 2141 570 2176 Χρυσοστόμου
599 2141 702 2171 ζῶντος·
731 2142 815 2166 εἴκοσι

43 2180 81 2216 γάρ
102 2182 169 2215 οὗτος
189 2183 318 2216 ἐπιζὴσας
343 2185 458 2220 χρόνους
480 2188 516 2220 τῷ
556 2185 648 2220 θρόνῳ,
694 2185 815 2214 θνήσκει.

44 2223 117 2255 Ἐλύθη
137 2226 164 2255 δι
188 2230 220 2255 τὰ
244 2231 383 2265 σχίσματα
403 2233 449 2259 τῆς
481 2228 640 2259 Ἐκκλησίας
658 2230 696 2255 ἔτι
724 2230 817 2260 ζῶντος

45 2267 142 2298 ’Δττιχοῦ
166 2277 201 2309 τῷ
238 2272 363 2304 συντάξαι
398 2272 476 2299 αὑτὸν
499 2275 542 2299 τὸν
574 2274 640 2300 θεῖον
665 2276 818 2310 Χρυσόστο-

44 2322 80 2356 ita?
90 2318 146 2351 μετὰ
159 2321 205 2344 τῶν
214 2315 360 2355 ὀρθοδοξων
383 2322 554 2355 πατριαρχῶν
592 2328 616 2344 ιν
651 2322 703 2349 τοῖς
741 2320 818 2356 ἱεροῖς

45 2354 172 2396 διπτύχοις.
186 2364 256 2389 Μιτὰ
280 2362 398 2389 ’Δττικόν
419 2365 539 2393 Σισίνιος·
560 2363 626 2399 μετά
647 2366 737 2389 τοῦτον
770 2366 818 2390 Νε-

45 2406 133 2440 πόριος.
155 2408 250 2434 Τούτου
276 2408 456 2444 καθαιριθὲνος
477 2407 502 2433 ἐν
529 2411 561 2444 τῇ
589 2410 665 2444 τρίτῃ
697 2406 815 2444 συνόδῳ,

45 2447 180 2484 Μαξιμιανὸς
208 2456 253 2482 τῆς
290 2451 581 2483 Κωνσταντινονπόλιως
626 2456 818 2489 χειροτονεῖται

44 2489 170 2525 ἀπιποπος.
183 2498 279 2523 Τούτου
302 2496 512 2530 τελευτήσαντος,
546 2497 558 2522 ό
591 2496 658 2533 ἱερός
680 2496 707 2522 ἔκ
739 2497 818 2527 Κυζὶ-

44 2543 80 2561 κον
113 2542 269 2574 μετατίθεται
304 2541 419 2578 Πρόκλος
473 2541 508 2572 εἰς
549 2541 818 2568 Κωνσταντινοὺπολιν

45 2578 127 2609 “alim
143 2587 185 2611 καὶ
206 2587 348 2613 σνναινέσιι
371 2589 417 2611 τοῦ
442 2589 588 2614 τηνικαῦτα
611 2588 712 2622 Ῥώμης
725 2587 818 2623 ἀρχιε-

45 2625 103 2659 ρίως,
127 2630 156 2659 ὡς
181 2630 194 2656 ό
223 2634 341 2668 Ζωναρᾶς
370 2631 468 2668 ἱστοριῖ
500 2629 525 2656 ἄν
556 2635 593 2661 τῷ
630 2634 747 2668 Χρονικῷ
774 2631 819 2657 αὐ-

45 2671 136 2706 τωμγ
157 2675 200 2700 κατ
222 2674 337 2711 ἀλλαχοῦ
371 2672 400 2700 δί
423 2676 536 2712 φὰρσται.
565 2678 587 2701 0
621 2672 651 2701 δὲ
671 2676 738 2706 θεῖος
752 2678 818 2712 Προ-

895 1465 1023 1501 Sylloge,
1030 1474 1090 1502 qua
1099 1467 1323 1496 demonstratur
1335 1469 1419 1496 haud
1425 1470 1693 1504 oporterepopulos

903 1510 941 1538 ab
958 1511 1133 1540 orthodoxis
1150 1513 1294 1548 episcopis
1308 1517 1397 1542 semet
1422 1516 1590 1549 sejungere,
1609 1521 1693 1550 quan

903 1562 993 1589 quam
1007 1557 1157 1592 exaliqua
1171 1558 1332 1586 criminosa
1344 1559 1462 1587 ratione
1475 1558 1578 1587 electio
1588 1566 1692 1587 eorum

901 1602 1088 1633 processerit.

906 1645 930 1671 1.
943 1643 1084 1681 Postqam
1099 1653 1229 1681 magnus
1245 1647 1404 1682 Gregorius
1419 1647 1589 1683 Theologus
1620 1649 1694 1676 Con-

869 1688 1165 1724 stantinopolitanam
1173 1690 1276 1719 sedem
1283 1691 1338 1719 abs
1353 1699 1385 1719 se
1396 1691 1565 1720 abdicatam
1582 1692 1696 1720 dimisit

869 1735 986 1761 creatus
1015 1736 1059 1762 est
1081 1735 1253 1770 patriarcha
1275 1735 1447 1770 Nectarius;
1475 1739 1503 1764 et
1526 1739 1595 1772 post
1614 1737 1696 1765 hunc

870 1776 1118 1815 Chrysostomus;
1131 1788 1192 1816 quo
1207 1780 1308 1816 inique
1323 1781 1458 1817 expulso,
1470 1781 1609 1809 Arsacius
1620 1789 1696 1818 pree-

869 1821 939 1850 dicti
951 1824 1066 1852 Νεεωὶ
1076 1824 1165 1853 frater
1191 1825 1231 1853 ad
1256 1825 1358 1853 sedem
1388 1829 1508 1854 evectus
1535 1829 1589 1861 est,
1622 1834 1696 1855 sane

869 1870 973 1895 contra
982 1876 1105 1896 omnem
1124 1870 1525 1905 canonicamregulammon
1542 1871 1640 1899 solum
1655 1871 1695 1899 oh

868 1912 909 1947 inj
915 1915 1015 1940 ustum
1026 1913 1232 1949 Chrysostomi
1243 1915 1392 1949 exsilium,
1401 1923 1507 1943 verum
1521 1915 1612 1943 etiam
1623 1915 1697 1952 quia.

869 1959 901 1985 ut
927 1957 1069 1986 traditum
1095 1961 1147 1993 est,
1169 1959 1294 1987 sollicito
1313 1959 1353 1987 ob
1373 1959 1596 1988 mmulnuonem
1612 1959 1696 1988 fratri

869 2002 1005 2030 Nectario
1012 2002 1164 2037 juraverat
1175 2003 1316 2032 Arsacius
1326 2011 1485 2040 nunquam
1497 2012 1528 2032 se
1541 2004 1630 2039 regiae
1648 2012 1695 2032 ur-

869 2047 916 2075 bis
926 2047 1036 2075 inIulas
1047 2048 1111 2076 fore
1121 2050 1321 2084 recepturum.
1339 2049 1460 2077 Arsacio
1473 2049 1625 2082 successit,
1647 2056 1696 2076 su-

870 2092 990 2128 perstite
1001 2091 1100 2120 adhuc
1116 2092 1339 2128 Chrysostomo,
1359 2094 1481 2127 Atticus,
1502 2093 1554 2129 qui
1577 2092 1698 2121 nonnisi

869 2139 938 2174 post
951 2137 1128 2165 vicesimum
1142 2137 1334 2173 episcopatus
1353 2145 1467 2165 annum
1491 2140 1629 2166 mortuus
1641 2140 1695 2166 est.

871 2181 1010 2210 Ecclesia}
1021 2190 1092 2210 vero
1100 2181 1232 2210 schisma
1246 2181 1398 2210 sublatum
1410 2185 1463 2216 est,
1476 2191 1546 2211 cum
1558 2183 1698 2211 nondum

872 2227 1016 2256 exstincto
1028 2227 1120 2254 Attico
1133 2226 1195 2254 divi
1207 2226 1413 2262 Chrysostomi
1430 2235 1542 2255 nomen
1556 2227 1586 2255 in
1611 2235 1699 2255 sacra.

874 2270 1153 2307 Diptycharelatum
1175 2270 1238 2298 fuit.
1267 2271 1362 2298 Attico
1388 2272 1533 2299 successit
1559 2271 1697 2306 Sisinius,

871 2315 941 2344 huic
954 2315 1115 2343 Nestorius:
1130 2323 1191 2351 quo
1203 2315 1328 2343 decretis
1356 2315 1448 2344 tertiae
1475 2316 1582 2352 synodi
1603 2315 1699 2352 depo-

873 2362 938 2394 sito,
950 2360 1148 2388 Maximianus
1162 2360 1462 2397 Constantinopoleos
1471 2361 1505 2389 ﬁt
1528 2361 1698 2397 episcopus.

872 2409 967 2443 Atque
981 2406 1038 2433 hoc
1050 2407 1177 2439 mortuo,
1187 2404 1360 2433 transfertur
1376 2406 1481 2442 Cyzico
1492 2406 1699 2434 Constantino-

872 2451 965 2488 polim
977 2452 1098 2478 sanctus
1114 2450 1243 2485 Proclus,
1262 2449 1372 2478 sciente
1391 2449 1699 2486 etcomprobantequi

872 2504 926 2532 per
937 2494 1011 2522 illud
1029 2497 1147 2530 tempus
1171 2497 1234 2522 erat
1250 2495 1350 2522 Romae
1365 2494 1531 2529 hierarcha,
1548 2497 1581 2522 ut
1599 2497 1628 2522 et
1649 2495 1699 2521 Zo-

872 2547 962 2568 naras
972 2539 1002 2566 in
1016 2538 1163 2567 Chronico
1178 2542 1289 2572 narrat,
1302 2542 1329 2566 et
1345 2538 1466 2566 aliunde
1491 2539 1581 2566 etiam
1616 2545 1698 2565 com-

873 2588 991 2621 pertum
1003 2585 1149 2612 est.Porro
1165 2583 1253 2610 divus
1264 2583 1384 2611 Proclus
1399 2591 1468 2610 cum
1478 2586 1581 2610 sancto
1597 2581 1699 2610 Proclo

874 2628 1074 2658 Alexandrino
1090 2627 1445 2663 communicabat;neque
1454 2627 1479 2654 is
1487 2627 1699 2656 tantummodo

874 2682 979 2702 verum
993 2673 1084 2701 etiam
1098 2681 1264 2709 praecessor
1276 2673 1342 2708 ejus
1349 2672 1555 2704 Maximianus,
1572 2680 1627 2700 nec
1637 2679 1700 2700 non

74 2732 106 2767 (ί)
124 2734 179 2763 Lib.
195 2745 254 2770 xm,
268 2739 311 2766 s2.
331 2737 447 2766 Notitim
461 2739 563 2766 tamen
585 2737 677 2773 hujus
696 2739 813 2774 partem

901 2736 950 2764 ide
972 2736 1063 2765 sumit
1085 2735 1260 2770 Methodius,
1285 2737 1317 2763 ut
1335 2734 1464 2771 ipsemet
1479 2734 1597 2770 innuit;
1628 2741 1701 2764 nam

46 2773 156 2811 “unus
164 2779 200 2809 de
212 2781 336 2811 Romani
346 2781 496 2818 pontiﬁcis
510 2781 657 2817 suffragio
759 2781 842 2810 dicit.
