1963 3084
3 134 97 161 785

671 133 717 163 DE
737 132 928 163 SCHISMATE
948 133 1113 164 VITANDO.

1676 139 1729 168 786

6 197 164 232 κάτῃτοῦ
184 195 343 233 Ὁκτωϐρίου
370 198 460 234 μνὴμη
485 200 535 223 τῶν
563 196 587 223 ἐν
616 195 702 233 ἁγίοις
724 198 835 235 Πατέρωτ

927 197 984 225 ium
999 197 1074 226 dant
1088 197 1282 226 ecclesiarum
1304 198 1475 235 synaxaria,
1498 198 1529 227 in
1549 200 1659 236 quibus
1685 201 1727 229 sic

7 241 112 276 ἡμῶν
149 240 366 278 ἀρχιιπισκὸπων
409 241 712 275 Κωνσταντινουπόλιως,
751 243 847 270 Νεκτα-

7 287 109 321 ρὶου,
129 285 284 322 Ἀρσακὶου,
315 286 444 321 Ἀττικοῦ,
473 289 518 313 καὶ
546 289 675 315 Σισινὶοῠ,
703 297 718 312 »
745 289 846 323 Τροπα-

7 332 97 366 ρίον
108 334 178 366 ἦχος
194 329 217 356 δ’
247 341 253 348 ·
276 330 327 357 »Ὠ
353 332 472 368 θεοφόροι
503 331 661 368 κυϐερνῆται
689 331 767 364 λαῶν,
794 336 845 358 τῶν

9 373 102 400 ὃὶων
144 374 289 412 κυϐερνήτῃ
314 379 371 412 Θεῷ
398 376 502 408 ἐκτενῶς
533 375 722 414 πρισϐιὺσατι,
758 377 845 414 ὶεραρ-

9 423 123 454 χικὼς
139 417 297 455 ὁδηγοῦντες
316 422 361 446 καὶ
385 423 430 447 νῦν
461 423 507 450 τὴν
532 423 645 457 ποίμνην
678 421 748 457 ὑμῶν
775 420 844 447 ἂνω-

43 473 88 490 sv
108 464 216 502 ιίρήνην
234 464 378 494 αἰτήσασθε
390 469 444 496 ταῖς
458 465 563 502 ψυχαῖς
577 466 660 502 ἡμῶν.
679 478 689 490 ι

68 595 94 624 δ’
109 619 115 625 .
132 599 206 624 Μετὰ
222 597 336 636 Πρόκλον
351 599 364 624 ὁ
379 601 461 635 μέγας
489 598 640 632 Φλαϐιανός,
657 599 670 625 ὁ
698 600 741 626 τὸν
764 598 842 636 ἀρχι-

11 641 184 679 μανδρίτην
201 643 314 670 καθελὼν
330 643 451 680 Εὐτυχῆ,
466 647 513 675 τῆς
536 642 696 675 Βυζαντίδος
726 646 840 673 κατέστη

13 687 192 720 ἐπίσκοπος*
224 686 255 714 οὖ
283 689 477 725 καθαιρεθέντος
510 688 534 715 ἐν
571 689 669 725 Ἐφέσῳ
717 691 838 726 γενομένῃ

14 732 165 769 λῃστρικῇ
190 731 304 768 συνόδῳ,
333 731 423 762 ὲπιιδή
454 733 555 760 καθεῖλε
578 735 621 759 τὸν
654 733 762 770 Εὐτυχῆ
780 734 841 769 6μό⁴

16 786 114 813 ganeum
138 779 272 814 Διοσκόρῳ
301 777 374 812 ὄντα,
400 780 445 804 καὶ
475 778 646 814 φονευθέντος,
675 777 723 809 λὰξ
750 777 838 804 ἔναλα-

15 823 110 857 μένον
137 821 208 857 αὐτῷ
239 823 393 859 Διοσκόρου,
422 822 438 851 ἣ
468 824 503 853 ὡς
521 823 603 860 ἕτεροι
624 822 740 858 λέγουσι,
774 825 839 859 Βαρ-

899 241 1192 277 legimusmOctobris
1207 242 1255 271 die
1273 243 1444 278 undecima,
1475 245 1724 273 commemoratio

900 289 1074 316 sanctorum
1089 289 1209 316 Patrum
1222 290 1393 316 nostrorum
1420 289 1723 325 Constantinopoleos

899 332 1075 367 antistitum,
1088 332 1355 367 Nectarii,Arsacii.
1370 333 1467 363 Attici.
1485 336 1574 370 atque
1597 334 1725 362 Sisinii.»

899 379 972 406 ltem
987 377 1153 414 troparium
1164 380 1234 405 tono
1251 380 1386 413 quarto:n
1419 379 1440 406 0
1453 377 1513 406 divi
1540 378 1725 414 gubernato-

897 430 945 450 res
959 422 1152 459 populorum,
1168 422 1250 458 apud
1265 430 1459 451 communem
1491 423 1723 458 gubernatorem

897 467 992 495 Deum
1006 469 1100 495 estote
1112 467 1332 501 intercessores,
1346 475 1401 504 pro
1416 469 1516 495 vestro
1533 467 1631 496 ofﬁcio
1642 475 1722 496 nunc

897 512 988 540 etiam
1001 519 1122 547 gregem
1136 514 1268 540 vestrum
1281 512 1396 540 caelitus
1415 511 1575 548 dirigentes
1591 521 1597 541 :
1613 520 1721 550 pacem

896 557 1058 585 animabus
1073 557 1182 585 nostris
1202 557 1362 593 postulate.
1376 568 1390 582 »ι

931 604 956 630 4.
974 603 1041 629 Post
1052 601 1189 630 Proclum
1206 609 1336 636 magnus
1352 602 1520 630 Flavianus-
1534 603 1558 630 is
1568 603 1620 639 qui
1631 604 1719 639 Euty-

895 646 981 675 cbem
995 646 1260 674 archimandritam
1268 646 1622 683 profligavitﬂiyzanlinee
1637 648 1719 676 urbis

894 691 1054 727 episcopus
1065 690 1182 718 exstitit.
1197 691 1223 718 Is
1254 693 1354 719 tamen
1370 691 1400 718 in
1426 691 1591 719 latrocinali
1613 693 1720 728 Ephesi

893 736 1024 772 synodo,
1038 737 1198 771 propterea
1212 735 1296 771 quod
1311 735 1463 772 Eutychen
1479 744 1547 763 cum
1578 736 1719 764 Dioscoro

892 780 1127 808 consentientem
1137 779 1346 814 damnaverat,
1363 780 1559 817 interemptus
1575 781 1639 815 fuit;
1657 782 1718 810 sive

892 824 1024 852 calcibus
1036 824 1182 852 insiliente
1199 825 1351 857 Dioscoro,
1373 825 1480 856 sive,ut
1494 825 1542 853 alii
1571 825 1686 862 dicunt,
1699 834 1719 854 a

20 868 123 902 σοινμᾶ
148 865 338 904 παρειληφότος
358 866 435 893 αὐτόν
460 867 497 899 εἰς
523 867 672 904 ὑπερορίαν,
700 869 745 894 καὶ
772 868 835 894 κατὰ

927 877 1041 898 irsuma
1054 869 1085 897 in
1100 868 1237 898 exsilium
1252 870 1437 906 compulsus,
1454 872 1544 907 atque
1559 870 1636 898 inter
1647 879 1718 899 eun-

18 913 79 939 τήν
106 908 172 937 ὀδόν
204 915 337 947 σφαγῆναι
363 911 441 938 αὐτόν
472 913 734 948 παρασκευάσαντος,
764 911 839 939 Ἀνα-

17 954 115 985 τόλιος
130 954 185 982 ἀντ’
201 959 281 982 αυτοῦ
294 955 329 986 εἰς
348 957 391 982 τόν
411 956 491 983 αὐτοῦ
518 958 606 994 θρόνον
635 956 740 994 ἆνὴχθη
778 960 840 994 πρὸς

25 1001 193 1038 Διοσκόρου·
207 1000 236 1032 ὃς
249 1003 294 1027 καὶ
310 1002 440 1038 αἰρετικός
452 1000 494 1036 ἦν,
510 1002 574 1039 ᾗπερ
589 1003 700 1038 εἴρηται,
719 1004 764 1029 καὶ
796 1005 841 1039 φό-

24 1055 79 1071 νου
95 1047 180 1076 αἴτιος
198 1049 235 1080 τῷ
249 1045 317 1081 ἁγίῳ
344 1048 432 1082 γέγονε
458 1046 601 1082 Φλαϐιανῷ·
626 1047 724 1073 Τούτου
758 1046 782 1073 ἓν
806 1051 836 1084 τῇ

23 1090 146 1127 τετάρτη
177 1088 279 1116 συνόδὼ
307 1091 513 1128 καθαιρεθέντος,
533 1091 592 1118 οὗτε
626 1091 792 1123 Ἰουϐενὰλιος
825 1093 838 1118 ὁ

22 1134 230 1172 Ἰεροσολύμων,
245 1134 303 1162 οὔτε
323 1145 363 1167 τις
389 1135 463 1166 ἄλλος
497 1140 546 1162 τῶν
580 1136 785 1172 συμπραξάντων
813 1136 837 1163 ἐν

24 1179 132 1215 Ἐφέσῳ
159 1181 292 1216 Διοσκὸρῳ
319 1179 344 1206 ἄν
368 1184 399 1216 τῇ
433 1178 516 1216 ἀδίκῳ
539 1183 585 1217 μέν
614 1181 764 1218 καθαιρέσει
791 1186 837 1208 τοῦ

26 1223 111 1258 ἁγίου
125 1222 440 1257 Φλαϐιανοῡ,’Λνατολιου
456 1223 486 1251 δέ
509 1225 556 1251 οὔκ
581 1224 744 1262 ἀνεπιλήπτῳ
774 1236 839 1263 προ-

27 1266 157 1303 ϐιϐασιᾳ,
184 1269 322 1305 κατεκρίθη
347 1269 362 1298 ἦ
393 1269 535 1305 ἐπετιμήθη
564 1271 593 1296 τὸ
628 1270 741 1297 σύνολον·
782 1270 836 1296 ἀλλ’

29 1311 92 1338 οὐδ’
107 1314 188 1344 αυτὸς
212 1312 368 1347 Ἀνατόλιος,
392 1314 485 1348 οὕτως,
519 1315 554 1346 ὡς
582 1315 693 1352 εἴρηται,
719 1325 838 1353 χειροτο-

30 1358 131 1388 νηθείς,
142 1360 279 1395 Μαρτυρεῖ
287 1362 364 1385 τοῦτο
378 1361 423 1385 καὶ
436 1360 452 1388 ἡ
471 1361 534 1397 πρὸς
557 1361 601 1386 τὸν
628 1360 741 1396 βασιλέα
764 1364 837 1397 Μαρ-

31 1404 124 1428 κικνόν
148 1401 271 1432 ἐπιστολὴ
300 1407 346 1430 τοῦ
368 1413 464 1430 παππα
489 1406 606 1439 Λέοντος,
633 1408 763 1442 γραφιῖσα
791 1403 838 1432 διά

33 1448 82 1476 τήν
109 1456 170 1474 τοτε
197 1451 331 1483 γηονυῖαν
355 1450 531 1486 παρακίνησιν
554 1453 604 1476 τῶν
630 1448 742 1488 ἓνοριῶνο
773 1452 838 1486 φησὶ

33 1492 83 1528 γὰρ
111 1490 136 1517 ἄν
166 1491 232 1528 αὖτῇ
255 1492 268 1518 ὁ
286 1493 396 1524 πάππας
420 1495 489 1520 Δίων
524 1495 613 1524 οὕτως·
637 1505 652 1520 ‹‹
681 1496 729 1521 Διὰ
752 1493 781 1521 δὲ
808 1496 837 1521 τὸ

893 913 967 941 dum
982 921 1001 942 a
1015 912 1127 941 sicariis
1143 913 1266 942 interﬁci
1279 914 1393 949 jussus.
1409 915 1482 942 Tum
1512 915 1666 942 Anatolius
1685 915 1717 944 in

894 957 1025 986 Flaviani
1040 957 1142 986 sedem
1153 965 1171 986 a
1185 958 1324 986 Dioscoro
1339 959 1535 993 substituitur,
1544 958 1677 996 homine,
1687 961 1718 988 ut

893 1002 966 1036 dixi,
982 1002 1132 1036 haeretica,
1148 1005 1176 1031 et
1189 1003 1242 1039 qui
1257 1005 1361 1031 sancto
1371 1003 1510 1032 Flaviano
1519 1012 1624 1032 necem
1640 1006 1718 1032 attu-

892 1047 977 1076 lerat.
997 1047 1056 1076 Etsi
1071 1049 1171 1076 autem
1182 1047 1340 1076 Dioscorus
1348 1051 1481 1085 aquarta
1489 1049 1608 1084 synodo
1624 1049 1716 1085 depo-

893 1092 968 1120 situs
984 1091 1047 1126 fuit,
1063 1093 1195 1120 attamen
1206 1099 1303 1128 neque
1317 1092 1468 1120 Iuvenalis
1476 1093 1718 1130 Hierosolyinita-

891 1144 958 1168 nus,
976 1144 1074 1172 neque
1088 1136 1165 1164 alius
1179 1137 1339 1172 quisquam
1352 1137 1433 1164 exiis
1448 1137 1499 1173 qui
1524 1137 1662 1165 Dioscoro
1678 1136 1717 1165 ad

891 1181 1035 1216 injustam
1042 1181 1136 1209 sancti
1147 1180 1277 1209 Flaviani
1292 1181 1718 1218 depositionem,culpabilem-

891 1233 950 1262 que
964 1225 1092 1254 Anatolii
1102 1226 1334 1262 promotionem,
1345 1225 1451 1262 Ephesi
1466 1227 1717 1262 faverant,nemo,

891 1271 1028 1307 inquam,
1044 1270 1091 1298 vel
1101 1270 1265 1298 damnatus
1279 1273 1322 1298 est
1346 1271 1716 1307 velomninoobjurgatus;

892 1323 930 1343 ne
945 1315 1010 1351 ipse
1025 1315 1149 1351 quidem
1157 1323 1303 1351 ea,quam
1313 1315 1454 1350 diximus,
1467 1315 1581 1344 ratione
1593 1315 1719 1344 ordina-

892 1362 939 1388 tus
950 1360 1256 1388 Anatolius.Testatur
1265 1360 1322 1388 hoc
1335 1360 1462 1396 epistola
1475 1367 1597 1397 quoque
1615 1361 1719 1388 Leonis

891 1412 980 1441 papa:
996 1403 1035 1432 ad
1051 1405 1234 1432 Marcianum
1252 1404 1464 1441 imperatorem
1472 1405 1581 1441 scripta
1605 1405 1720 1433 dedice-

894 1449 1007 1478 cesium
1017 1456 1070 1485 per
1085 1448 1158 1476 illud
1173 1451 1292 1485 tempus
1308 1448 1521 1483 commotione,
1538 1449 1590 1476 ubi
1601 1449 1664 1477 tunc
1679 1449 1719 1477 le-

894 1495 1005 1529 guntur
1019 1501 1025 1521 :
1042 1503 1056 1519 ι(
1069 1493 1217 1526 Quoniam
1232 1500 1302 1520 vero
1327 1494 1391 1529 ipse
1411 1495 1531 1529 (nempe
1552 1494 1717 1529 Anatolius)

33 1537 214 1572 προστεθῆναι
239 1537 326 1571 αὐτόν,
356 1539 436 1574 ἤγουν
461 1539 505 1564 τὸν
527 1538 683 1573 ’Δνατόλιον,
706 1543 737 1576 τῇ
765 1539 835 1576 ὀρθο-

929 1538 1091 1567 thodoxam
1105 1537 1198 1566 ﬁdem
1217 1537 1372 1573 amplexus
1389 1539 1441 1572 est,
1465 1537 1502 1565 de
1531 1538 1719 1566 ordinatione

34 1579 106 1617 δοξῳ
119 1584 220 1615 πίστει,
234 1582 356 1618 ιίάσαμιν
370 1584 404 1609 τὰ
418 1585 478 1620 περὶ
497 1587 546 1614 τῆς
568 1586 734 1621 χειροτονίας
757 1584 838 1611 αὐτοῦ

34 1625 204 1658 ἀνεξέταστα.
229 1625 393 1659 ’Δρκεσοήτω
420 1630 483 1664 γοῦν
509 1627 533 1654 ἄν
560 1629 654 1665 τούτῳ,
681 1631 726 1656 καὶ
748 1639 838 1668 περαι-

32 1674 98 1707 τέρω
113 1673 151 1707 μή
166 1670 327 1708 προϐαινέτω

69 1734 88 1760 ε’
104 1753 112 1760 .
138 1733 216 1760 Ἀλλοὶ
239 1735 298 1772 περὶ
325 1735 371 1770 μὶν
394 1735 492 1761 τούτων
512 1736 577 1767 ἴσως
601 1736 632 1762 οἷν
659 1745 700 1767 τις
718 1735 762 1774 ὶρῇ
787 1740 836 1763 τῶν

35 1780 148 1816 σήμερον
169 1778 255 1804 πάντα
294 1777 395 1816 ῥᾳδίως
423 1780 611 1816 φθεγγομὲνων,
635 1782 764 1817 προφάσει
791 1785 837 1808 τοῦ

33 1827 114 1859 κυροῠ
141 1822 276 1859 Ἀρσινὶου
302 1822 399 1850 ἐκείνου
432 1825 480 1859 (5),
510 1824 534 1851 οἱ
575 1835 605 1861 γε
637 1828 682 1852 καὶ
709 1827 772 1864 ὑπερ
804 1827 837 1853 τὰ

34 1866 186 1904 ἔσκαμμί-να
209 1865 345 1899 πηδῶντες
367 1872 455 1895 πᾶσαν
477 1871 524 1899 τὴν
549 1873 595 1896 τοῦ
621 1874 688 1897 Θεοῦ
725 1871 836 1901 Ἐκκλη-

35 1914 94 1938 σίαν
117 1911 277 1950 διέφθειραν,
307 1915 350 1939 καὶ
372 1917 460 1940 πᾶσαν
483 1916 530 1943 τήν
553 1915 705 1951 οἰκουμένην
729 1915 836 1943 ἀνεστά-

33 1965 120 1983 τωσαν
134 1956 197 1983 ὅσον
220 1959 250 1983 τὸ
275 1958 331 1984 κατ’
358 1958 461 1993 αὐτοὺς,
487 1961 532 1986 καὶ
556 1960 643 1992 πάσας
674 1960 766 1997 ἀγυιὰς
790 1964 833 1988 καὶ

33 2001 117 2032 οἰκίας
152 2000 331 2037 ἑμφιλονιικων
364 2005 409 2029 καὶ
437 2006 542 2040 μαχίων
575 2004 745 2035 συζητὴσεων
771 2007 835 2032 καθ-

33 2047 146 2074 εκάστην
171 2044 392 2083 ἀναπιμπλᾱητις·
408 2046 442 2074 ὧν
466 2049 491 2074 οἱ
522 2048 623 2080 πλείους
647 2048 709 2076 οὒδὶ
739 2049 835 2077 εἰδέναι

33 2088 157 2117 δύνανται
182 2093 242 2128 περὶ
266 2091 299 2118 ὧν
328 2093 394 2119 οὕτω
421 2094 564 2129 μάχονταιι
600 2094 639 2120 ὃτι
671 2104 697 2120 τι
733 2099 832 2128 rerum;

33 2135 113 2161 ἄλλων
127 2134 316 2171 ἀδικουμένων,
330 2136 402 2163 ἄλλοι
419 2139 464 2168 τὰς
493 2142 540 2169 τῆς
565 2137 642 2170 dixi);
666 2138 758 2175 ἐξῆγον
786 2139 834 2175 ,θὴ-

34 2189 94 2215 pay;
108 2179 159 2216 (ωε
177 2180 269 2207 οὐκοῦν
283 2181 323 2207 ὅτι
343 2181 358 2211 ἦ
384 2182 470 2218 ὀλίγον
486 2182 500 2211 ἣ
517 2181 593 2209 οὐδὲν
622 2185 711 2215 αὐτοῖς
737 2184 831 2221 ἕμιλλι·

893 1583 958 1618 ejus
969 1582 1166 1618 quaestionem
1177 1581 1329 1609 instituere
1341 1581 1600 1617 praetermisimus.
1614 1582 1644 1608 In
1660 1581 1718 1608 hoc

893 1635 965 1662 ergo
977 1634 1077 1655 rerum
1093 1628 1169 1654 statu
1176 1627 1307 1660 maneat,
1314 1633 1409 1662 neque
1418 1625 1539 1654 ulterius
1550 1625 1718 1662 quidquam

893 1672 1054 1700 moliatur»

929 1737 955 1762 5.
972 1735 1080 1762 Verum
1097 1733 1136 1761 ad
1151 1733 1215 1762 haec
1237 1734 1362 1762 fortasse
1389 1732 1584 1769 respondebit
1607 1733 1717 1769 aliquis

893 1787 998 1808 eorum
1011 1779 1062 1816 qui
1075 1781 1136 1807 tam
1150 1779 1384 1815 intemperanter
1397 1786 1478 1806 nunc
1500 1778 1718 1814 obloquuntur,

892 1825 1051 1853 dominum
1061 1823 1145 1852 illum
1165 1824 1322 1852 Arsenium
1337 1823 1473 1852 obtentui
1489 1826 1653 1851 sumentes:
1665 1824 1718 1859 qui

891 1877 1014 1897 omnem
1029 1869 1139 1904 egressi
1150 1867 1302 1896 modestiae
1314 1867 1448 1902 limitem,
1463 1867 1636 1896 universam
1667 1868 1717 1896 Dei

892 1913 1055 1942 Ecclesiam
1065 1921 1190 1950 pessum
1200 1912 1356 1947 dederunt,
1372 1913 1482 1948 quique
1495 1914 1588 1940 totum
1595 1919 1717 1948 quaque

891 1961 1038 1987 terrarum
1052 1958 1168 1991 orbem,
1184 1957 1369 1994 quantumin
1380 1957 1455 1992 ipsis
1466 1959 1519 1991 est,
1528 1957 1717 1992 permiscue—

890 2005 969 2038 runt;
985 2003 1037 2040 qui
1044 2003 1107 2031 [ora
1113 2002 1216 2031 omnia
1223 2002 1392 2038 domosque
1398 2001 1592 2029 contentiosis
1602 2009 1719 2037 pugna-

890 2048 1035 2083 cibusque
1050 2046 1267 2083 quaestionibus
1285 2045 1419 2082 quotidie
1434 2048 1570 2080 onerant,
1587 2046 1660 2081 quin
1675 2048 1715 2072 ta-

889 2100 959 2120 men
975 2092 1108 2128 pleriquc
1119 2099 1223 2119 eorum
1238 2091 1279 2121 id.
1292 2098 1346 2126 pro
1356 2098 1417 2126 quo
1432 2090 1618 2126 depugnant,
1633 2089 1716 2117 intel-

887 2137 979 2171 ligere
993 2138 1113 2173 queant;
1129 2136 1170 2168 hi,
1183 2136 1319 2170 inquam,
1335 2135 1444 2163 dicent:
1474 2135 1609 2167 Quorsus
1622 2134 1686 2162 haec
1701 2133 1715 2161 7

888 2182 938 2210 alii
951 2189 1031 2209 nunc
1053 2180 1334 2216 suntquiinjuriam
1359 2179 1545 2216 pertulerunt
1574 2179 1623 2207 alii
1643 2179 1714 2207 item

33 2224 117 2254 καθὼς
133 2224 254 2261 εὕρισκον
268 2227 329 2256 τοὺς
343 2228 460 2262 καιροὺς,
477 2227 551 2262 τὰχα
569 2225 599 2253 δέ
621 2228 665 2254 κάὶ
689 2229 722 2254 τὰ
750 2230 833 2265 πράγ-

927 2227 1048 2262 iipmum
1061 2225 1240 2254 sententiam
1255 2224 1445 2261 scripserunt:
1458 2232 1505 2253 res
1533 2226 1634 2253 autem
1663 2232 1715 2260 pa-

34 2278 101 2304 ματα
127 2270 237 2306 ἔκρινον·
267 2273 313 2300 τῆς
341 2270 439 2302 οἰκείας
463 2270 596 2308 ἐπιτιμίας
621 2271 752 2309 ὶπιμονήν,
789 2277 834 2301 καὶ

35 2311 67 2342 δὴ
85 2315 131 2340 καὶ
159 2315 204 2340 τὸν
229 2316 293 2350 πρὸς
313 2324 388 2341 τινων
412 2315 514 2342 ἔπαινον
542 2316 643 2348 ἑαυτοῖς
670 2321 738 2344 οῦτω
764 2328 835 2354 περι-

33 2359 193 2394 ποιούμενοι.
221 2361 271 2386 Καὶ
295 2362 356 2396 πιρὶ
386 2363 436 2386 τῶν
465 2360 603 2397 εἰρημένων
637 2362 699 2398 τάχ’
728 2363 759 2389 οἷν
797 2373 834 2394 τις

34 2407 115 2429 ταῦτα
133 2401 192 2440 ἱρῇ·
209 2405 266 2431 πιτὶ
295 2402 324 2430 δε
349 2408 395 2431 τοῦ
425 2409 472 2436 τῆς
500 2406 650 2442 οἰκουμένης
686 2406 834 2445 λαμπτῆρος

35 2448 144 2474 Ιωάννου
172 2450 217 2474 τοῦ
249 2450 296 2477 τὴν
328 2449 443 2485 γλῶτταν
473 2453 579 2487 χρυσοῦ
603 2452 630 2477 τί
657 2450 687 2477 ἆν
715 2461 752 2482 τις
787 2455 832 2480 καὶ

35 2491 108 2526 furor;
138 2492 211 2527 Οὐχὶ
243 2492 321 2525 αὐτὸς
349 2492 419 2520 ἔστιν
447 2495 460 2520 ὁ
487 2495 630 2530 φθονηθεὶς
665 2496 729 2532 οὐχὶ
755 2498 833 2529 αὑτός

35 2535 100 2563 ἐστιν
118 2537 131 2562 ὁ
146 2534 295 2570 ἀδικηθείς
321 2537 388 2564 Ἀλλ’
422 2538 489 2575 ὅμως
509 2540 614 2576 στάθμη
637 2544 682 2571 τῆς
711 2540 833 2574 ἀλῆθείας

35 2581 74 2615 ὡν,
89 2583 136 2610 τὴν
211 2579 317 2608 ἀδικίαν
334 2584 364 2612 ἦν
387 2584 473 2615 ἔπαθε,
505 2588 540 2619 τῷ
569 2588 626 2620 Θεῷ
655 2584 766 2618 ἀνέθετο,
795 2591 831 2622 τῷ

34 2629 117 2661 κρῖναι
127 2625 245 2662 μελλοντι
268 2629 354 2653 πᾶσαν
374 2630 421 2657 τὸν
442 2632 502 2664 γῆν·
532 2629 612 2660 αὐτὸς
631 2627 671 2662 δέ,
694 2631 757 2668 {an-ila
785 2635 831 2662 τῆς

37 2670 199 2703 Ἐκκλησὶοις,
219 2673 264 2697 καὶ
291 2675 337 2698 τοῦ
360 2674 396 2708 μὴ
439 2674 586 2709 σχισθῆναι
623 2675 763 2711 φροντιζων
802 2677 831 2702 τό

39 2809 42 2812 ς
69 2778 108 2813 (5)
122 2779 164 2806 De
177 2778 297 2807 Amnis
315 2780 344 2808 et
359 2778 519 2809 nchlsinate
532 2780 572 2809 ob
593 2779 656 2818 ejus
671 2781 832 2818 depOsith-

37 2815 104 2842 nim
119 2815 222 2842 coorto
236 2812 297 2842 dixi
314 2812 345 2842 in
357 2813 469 2842 armis
483 2814 588 2842 notitia
601 2815 748 2842 auunculi.

57 2812 104 2843 Ini
119 2815 222 2843 coorto
236 2812 297 2844 ditt
314 2812 345 2844 tn
357 2813 469 2852 pravis
483 2814 588 2846 notitia
601 2812 748 2854 opusculi.

889 2279 955 2299 rum
972 2271 1018 2299 vel
1028 2270 1101 2299 nihil
1111 2270 1221 2299 horum
1238 2270 1388 2298 intererat:
1415 2277 1470 2305 pro
1495 2277 1527 2297 re
1553 2271 1624 2297 nata
1635 2269 1715 2303 judi-

889 2316 1136 2345 caruntzt'ortasse
1146 2315 1235 2343 etiam
1248 2315 1305 2342 hoc
1316 2313 1429 2350 judicio
1445 2313 1592 2350 aequitatis
1598 2314 1712 2342 famam

889 2361 1099 2390 stabiliendam
1109 2360 1165 2389 sibi
1178 2361 1330 2397 putarunt,
1340 2367 1432 2395 seque
1454 2359 1565 2387 alicubi
1590 2359 1713 2387 laudem

888 2408 1103 2434 consecuturos
1115 2405 1330 2433 existimarunt.
1339 2404 1416 2433 Sane
1425 2404 1456 2432 in
1467 2403 1609 2440 praedicto
1620 2411 1712 2438 nego-

888 2450 928 2478 tio
945 2449 988 2478 sie
1005 2449 1158 2486 quispiam
1182 2449 1332 2485 loquatur.
1361 2449 1471 2476 Verum
1494 2447 1647 2475 enimvero
1674 2448 1712 2475 de

886 2495 994 2524 mundi
1004 2495 1070 2523 luce
1084 2496 1208 2529 Joanne,
1222 2494 1326 2529 lingua
1340 2501 1432 2522 aurea
1447 2492 1658 2529 praedito,quis
1671 2493 1712 2520 ita

887 2541 985 2569 dicere
997 2540 1091 2568 ausit?
1106 2541 1209 2568 Nonne
1225 2539 1290 2575 ipse
1305 2538 1425 2566 invidiae
1436 2536 1710 2573 atqueinjuriarum

887 2585 944 2613 tela
958 2584 1178 2621 perpetiebatur
1188 2585 1202 2612 ‘2
1210 2583 1301 2612 nihilo
1312 2585 1413 2611 tamen
1427 2582 1538 2614 minus,
1549 2589 1618 2608 cum
1633 2582 1710 2608 esset

886 2629 1017 2658 veritatis
1031 2628 1276 2665 exploratissimaa
1299 2626 1463 2663 exemplar,
1494 2625 1626 2654 inficiam
1654 2625 1709 2653 sibi

886 2674 1027 2711 injuriam
1040 2676 1099 2703 Deo
1114 2673 1313 2711 permittebat,
1326 2672 1378 2709 qui
1392 2670 1708 2706 universiorbisjudex

921 2773 959 2808 (9)
979 2773 1116 2809 Intelligit
1136 2772 1253 2809 judices
1267 2772 1319 2810 qui
1333 2771 1488 2801 Arsenium
1507 2769 1711 2807 patriarchatu

885 2818 1165 2849 exauctorévet‘unt.
