1963 3084
234 113 288 145 787

902 112 1072 143 KETHODII
1090 113 1261 143 MONACEI.

1888 113 1947 139 788

236 179 357 208 futurus
367 178 421 206 est:
429 177 527 214 deque
538 177 674 205 Ecclesiae
685 185 761 215 pace
771 177 928 211 sollicitus,
940 184 1063 205 cavens-

1145 180 1197 213 ὖμα
1218 178 1344 213 Χριστοῦ,
1368 177 1422 204 τοῖς
1449 174 1506 211 μετ’
1531 175 1612 201 αὑτοῦ
1634 174 1699 201 οὖσί
1724 175 1950 212 τεσσαρώισντα

238 232 298 261 que
312 232 350 252 ne
362 222 471 251 Christi
486 230 596 258 corpus
615 222 807 255 laceraretur,
818 222 1018 256 interrogatus
1048 228 1067 249 a

238 268 442 304 quadraginta
457 274 580 294 suarum
592 267 722 303 partium
738 266 900 303 episcopis,
918 265 1066 301 quidnam

240 313 284 340 eis
299 312 329 340 in
345 314 428 339 tanta
443 311 620 346 injuriarum
637 311 1011 348 nequitiacontemptuquc
1019 317 1067 337 ca-

240 365 357 385 nonum
369 356 521 390 agendum
537 355 684 390 suaderet,
698 355 854 392 respondit
868 363 958 383 orans
978 353 1067 382 simul

241 404 331 438 atque
347 400 522 435 adhortans,
535 400 792 428 communicarent
809 408 879 427 cum
890 398 1067 427 adversariis

242 446 317 479 suis,
329 453 365 474 ne
381 445 558 477 schismatis,
574 446 616 473 rei
629 445 869 473 ﬁerent.Reatum
881 452 970 480 porro
984 442 1068 472 haud

242 491 274 519 in
287 498 338 518 eos
350 489 471 517 contulit
486 489 539 525 qui
553 498 584 518 se
603 490 704 526 inique
713 492 854 526 etpreeter
860 496 990 517 canones
1000 495 1069 516 con-

243 536 470 566 demnaverant,
484 542 588 562 verum
603 534 650 562 his
673 534 762 562 veluti
775 533 922 570 ascripsit,
940 533 993 569 qui
1012 531 1068 560 sibi

244 579 396 613 favebant,
412 578 521 606 sanctis
533 578 692 615 episcopis,
708 578 765 607 nisi
780 587 849 606 cum
858 577 972 606 caeteris
988 585 1069 604 com-

245 624 436 652 municarent
461 623 719 660 concordiamque
741 625 905 656 servarent,
925 621 1070 654 videlicet,

245 668 489 706 quiaadversarii
521 669 631 704 pariter
663 668 863 696 orhodoxiam
892 667 1070 696 retinebant.

246 714 327 742 idem
343 715 456 741 sanctze
471 721 594 750 quoque
627 713 798 749 Olympiadi
826 714 857 741 in
883 711 1071 745 allocutione,

246 767 340 796 quam
351 757 464 794 templo
479 765 657 793 egressurus
671 760 759 794 atque
774 758 804 785 in
818 757 958 785 exsilium
973 755 1072 793 profe-

248 800 550 833 cturushabuit,haac
575 800 641 829 aitzx
672 800 743 828 Fieri
771 808 833 828 non
858 800 966 836 potest,
978 800 1011 826 ut
1024 799 1074 826 Ec-

1121 220 1278 252 ὶπισκόποις
1291 220 1454 257 ἐρωτήσασι,
1469 221 1530 256 περὶ
1546 217 1592 246 τοῦ
1616 221 1643 245 τί
1668 221 1723 256 χρὴ
1751 223 1883 248 ποιῆσαι
1901 219 1950 243 αὑ-

1120 267 1181 296 τοὺς
1197 265 1221 292 ὶν
1247 269 1300 295 τοῖς
1326 265 1393 291 οὕτω
1414 263 1470 290 κατ’
1500 263 1582 290 αὐτοῦ
1605 265 1767 301 πραχθεῖσιν
1793 262 1949 299 ἁθέσμως,

1121 312 1165 336 καὶ
1189 311 1261 348 παρὰ
1289 313 1376 336 πᾶσαν
1407 310 1544 338 κανονικὴν
1582 306 1714 342 διάταξιν,
1755 307 1950 345 ἀπεκρίνατο,

1121 354 1276 392 παρακαλων
1303 353 1358 391 ἅμα
1391 356 1436 379 καὶ
1475 354 1693 390 προτρεπόμενος,
1731 354 1951 383 Κοινωνὴσατι,

1122 401 1213 435 φησιν,
1228 398 1327 433 αὐτοῖς,
1347 397 1389 424 ἵνα
1398 400 1434 434 μὴ
1456 399 1538 424 αῖτιοι
1567 398 1727 433 σχισμάτων
1750 398 1866 424 ἵσεσθι·

1120 446 1167 472 τήν
1179 443 1264 470 αὶτὶαν
1279 443 1309 470 οὗ
1329 446 1385 474 τοῖς
1412 441 1511 474 ἀδίκως
1539 445 1584 468 καὶ
1608 443 1680 479 παρά
1711 443 1825 473 κανόνας
1860 441 1952 467 αὐτόν

1123 490 1309 525 κατακρίνασιν
1325 487 1477 523 ἐπέγραψεν,
1491 485 1555 512 ἀλλὰ
1571 488 1624 516 τοῖς
1652 486 1712 512 οὖσι
1749 486 1806 522 μετ’

1122 535 1167 558 καὶ
1183 533 1245 568 ὺπέρ
1270 532 1349 558 αὐτοῦ
1369 531 1453 567 ἁγίοις
1478 532 1657 567 ἀρχιερεῦσιν,
1686 531 1715 556 οἷν
1747 533 1784 567 μή
1825 530 1951 561 ἐκείνοις

1125 577 1269 604 συνέλθωσι
1281 579 1325 602 καὶ
1353 578 1596 612 συγκοινωνὴσωσι.
1625 577 1675 601 Καὶ
1698 573 1837 611 πρόδηλον
1874 577 1951 600 πάν-

1125 632 1173 652 τως
1189 619 1236 647 διὰ
1249 623 1279 647 τὸ
1294 620 1428 651 κάκείνους
1453 623 1499 651 τῆς
1533 617 1691 656 ὁρθοδοξίας
1721 619 1950 647 ἄντιποεεῐσθαι.

1160 666 1190 691 Ὀ
1201 666 1279 697 αὐτὸς
1293 668 1338 692 καὶ
1349 666 1415 702 πρὸς
1431 666 1477 696 τὰς
1503 666 1562 701 περὶ
1591 667 1638 694 τήν
1662 664 1740 700 ἁγίαν
1759 662 1952 700 Ὀλυμπίάὸα

1127 709 1181 741 ἤδη
1196 715 1241 737 τοῦ
1257 712 1304 737 νεὼ
1323 709 1491 748 ἒξερχὸμινος
1520 711 1565 735 καὶ
1589 710 1654 747 πρὸς
1681 708 1782 746 ἓξορίαν
1813 708 1951 744 ἀποπεμ-

1127 758 1235 792 πόμενος
1271 754 1336 781 οὕτω
1364 756 1454 790 φησίν.
1482 751 1658 780 ‹’Δδύνατον
1681 753 1759 783 οὕτως
1787 751 1862 779 εἶναι
1899 755 1950 782 τήν

1174 799 1329 829 Ἐκκλησίαν
1344 802 1390 825 τοῦ
1402 801 1480 826 Θεοῦ.
1495 799 1525 824 Εἴ
1539 807 1579 828 ¹τις
1592 795 1636 823 οὖν
1656 796 1754 834 προϐῇ,
1785 798 1821 828 ὡς
1856 799 1950 834 πατρὶ

1904 396 1952 422 καὶ

1858 486 1952 511 αὑτοῦ

249 846 340 875 clesia
350 846 401 874 Dei
410 845 452 873 sic
472 845 594 874 viduata
606 848 792 882 permaneat.
810 845 838 873 Si
858 844 927 880 quis
944 851 1015 878 ergo
1029 850 1062 870 or

1145 844 1199 880 i379”:
1216 844 1374 879 ὑποτάγητε,
1385 845 1430 869 καὶ
1455 843 1490 872 ὡς
1523 841 1580 878 ἐμοὶ
1610 843 1657 871 τὴν
1681 841 1794 877 κεφαλήν
1825 842 1950 868 6x01111-

250 891 371 920 dinatus
384 890 480 925 fuerit,
493 892 521 918 et
535 891 679 926 tanquam
708 889 784 927 patri
819 889 949 917 subeste.
976 895 1075 924 neque

250 944 336 964 secus
346 944 381 964 ac
395 935 467 963 mihi
481 938 572 972 caput
582 935 677 963 docile
689 935 838 963 inclinate.
856 945 869 959 η
886 935 953 962 Haec
975 933 1076 968 legen-

250 981 330 1008 tibus
340 980 544 1016 Chrysostomi
559 980 654 1008 Vitam
670 980 825 1016 explorata
831 981 910 1007 sunt.
925 978 982 1007 Sed
992 978 1030 1006 do
1041 985 1076 1008 ea

251 1034 283 1054 re
293 1026 449 1053 hactenus.
1050 1047 1051 1051 η

287 1072 315 1098 6.
331 1070 494 1106 Imperator
513 1069 700 1103 Anastasius,
712 1071 800 1106 prout
813 1069 844 1097 in
860 1069 946 1097 Sabae
972 1069 1076 1104 magni

251 1115 318 1142 Vita
335 1114 520 1149 descriptum
531 1116 584 1147 est,
598 1114 758 1149 Euthymio
773 1113 843 1141 sede
863 1113 978 1148 dejecto
994 1122 1000 1146 ;
1025 1113 1078 1150 qui

254 1157 473 1194 Acephalorum
488 1152 740 1193 haeresimfcujus
753 1158 816 1194 ipse
831 1157 986 1185 studiosus
1003 1160 1076 1192 erat,

254 1211 315 1230 non
330 1202 502 1238 recipiebat,
519 1202 728 1230 Macedonium
737 1203 806 1230 huic
815 1202 976 1236 substituit,
985 1211 1077 1238 quem

255 1249 481 1275 consectaneum
487 1254 570 1274 suum
575 1247 740 1282 judicabat.
748 1246 885 1283 Sedquia
892 1247 1078 1275 orthodoxus

254 1292 301 1319 vir
314 1291 465 1327 apparuit,
487 1291 551 1326 ipse
572 1291 696 1327 quidem
720 1291 876 1319 confestim
893 1291 964 1319 sede
988 1294 1079 1328 atque

255 1336 330 1364 urbe
344 1336 480 1372 pellitur;
507 1335 665 1364 ordinatur
696 1339 797 1364 autem
812 1336 984 1364 Timotheus
1000 1346 1006 1364 :
1027 1337 1079 1373 qui

255 1381 366 1418 pariter
376 1381 460 1408 brevi
475 1380 631 1416 expellitur
646 1381 685 1409 ab
700 1381 793 1418 impio
810 1382 935 1416 Cmsare,
949 1382 1022 1418 quia
1033 1390 1080 1410 or-

257 1425 406 1454 thodoxus
423 1425 626 1461 deprehensus
639 1427 692 1454 est.
702 1428 796 1462 Atque
806 1426 836 1454 hi
851 1426 1001 1454 fortunam
1016 1427 1080 1462 ejus

256 1471 340 1499 modi
352 1470 463 1507 experti
479 1473 558 1499 sunt.
576 1471 693 1499 Interim
705 1479 777 1499 vero
792 1473 902 1499 sanctae
927 1471 1010 1499 urbis
1025 1479 1081 1508 pa-

257 1515 388 1543 triarcha
414 1517 536 1543 sanctus
563 1515 670 1550 Helias,
686 1516 733 1543 his
768 1515 887 1549 auditis,
915 1516 1082 1551 angebatur

257 1560 379 1597 quidem
393 1560 495 1588 animo
505 1563 626 1596 propter
638 1561 779 1595 injustam
795 1561 1007 1596 praedictorum
1031 1568 1082 1597 pa—

259 1605 454 1633 triarcharum
468 1604 705 1640 depositionem:
730 1605 824 1633 nihilo
854 1607 956 1633 tamen
982 1605 1083 1633 minus

258 1648 504 1677 communicabat
517 1657 586 1677 cum
600 1657 697 1684 nuper
710 1649 803 1677 electo
815 1651 882 1685 post
892 1649 1082 1685 praecessoris

259 1693 477 1730 expulsionem,
491 1693 637 1730 quoniam
650 1696 774 1730 uterque
796 1693 982 1721 orthodoxus
1009 1696 1081 1722 erat.

260 1738 338 1770 Quin
357 1738 433 1765 adeo
442 1737 481 1765 ab
491 1738 616 1773 hujusce
628 1737 777 1765 haereseos
790 1737 904 1765 viribus
912 1738 1001 1765 divus
1011 1746 1083 1774 quo-

261 1790 319 1818 que
334 1782 382 1809 hic
394 1782 490 1810 Helias
517 1782 640 1818 propria
672 1782 742 1810 sede
753 1781 939 1810 detractusin
965 1782 1085 1810 vincula

262 1826 414 1862 conjectus
431 1829 483 1854 est:
498 1827 557 1862 ipsi
567 1829 668 1854 autem
684 1826 862 1854 substitutus
875 1827 1006 1855 Joannes
1034 1827 1085 1863 qui

261 1871 367 1899 haeresi
382 1871 597 1905 consentiebat,
623 1873 652 1898 et
661 1870 701 1898 ab
722 1871 911 1906 imperatoris
940 1872 1086 1899 sententia

262 1923 322 1943 non
329 1915 511 1943 discededat.
520 1916 733 1942 Verumtamen
740 1915 787 1942 hic
794 1914 925 1943 Joannes
934 1915 995 1943 div1
1001 1915 1086 1943 Sabm

263 1960 416 1987 familiaris
431 1960 605 1995 amicusque
615 1962 688 1991 erat;
702 1960 788 1995 cujus
809 1959 1020 1996 obtemperans
1035 1961 1086 1988 ad-

261 2004 476 2032 monitionibus
488 2003 526 2031 ab
536 2003 674 2031 haeretica
684 2003 831 2032 sententia
840 2006 980 2040 sectaque
987 2005 1088 2033 statim

262 2050 395 2081 recessit,
408 2049 561 2084 ﬁdemque
590 2048 676 2076 Helias
707 2051 940 2086 sanctorumque
969 2051 1088 2079 Patrum

266 2094 352 2123 Sabae
368 2102 403 2121 ac
413 2093 640 2121 Theodosiitoto
654 2094 756 2122 animo
768 2094 926 2130 amplexus
951 2097 1003 2122 est.

302 2184 328 2208 7.
350 2181 465 2209 Etenim
489 2189 558 2209 cum
577 2182 742 2218 aliquando
772 2182 920 2219 imperiali
946 2183 1091 2212 mandato

266 2227 392 2254 cunctus
406 2225 443 2253 de
459 2233 541 2254 more
557 2227 698 2263 populus,
713 2228 992 2263 monachorumque
1007 2228 1092 2256 innu-

266 2278 351 2298 mera
365 2270 523 2298 multitudo
539 2271 570 2299 in
599 2271 694 2300 sancti
723 2272 951 2308 protomartyris
980 2272 1092 2308 templo

267 2315 418 2348 coivisset;
433 2317 577 2351 tanquam
584 2316 607 2343 si
614 2317 783 2352 patriarcha
794 2317 923 2343 Joannes
930 2317 1094 2345 anathema

265 2360 302 2388 iis
315 2360 447 2388 dicturus
464 2363 542 2388 esset
554 2361 606 2397 qui
619 2361 768 2397 synodum
784 2363 923 2397 quartam
955 2361 1093 2389 admitte-

268 2407 345 2438 rent,
366 2405 508 2433 Severum
522 2405 708 2441 Acephalum
720 2405 961 2441 repudiarent;id
968 2406 1048 2434 enim
1064 2415 1093 2434 se

269 2449 417 2478 facturum
432 2450 610 2486 promiserat
622 2449 764 2477 ministris
775 2449 864 2484 regiis
877 2451 1017 2483 Joannes;
1031 2459 1094 2478 am-

305 2539 344 2574 (7)
354 2537 484 2570 Intellige
499 2537 621 2574 Palladii
635 2537 791 2574 Dialogum
803 2537 840 2565 de
854 2538 918 2566 Vita
929 2539 956 2567 S.
970 2539 1094 2567 Joannis

269 2573 473 2609 Chrysostomi
492 2573 539 2607 ed,
555 2573 652 2601 Montf.
677 2576 749 2601 tom.
776 2575 844 2608 XIII,
869 2575 956 2609 cujus
986 2575 1093 2603 videsis

269 2617 338 2645 pag.
352 2611 386 2636 28
392 2612 419 2646 et
425 2609 778 2646 36.7Cmterumql’alladius
786 2610 836 2641 ait.
845 2610 1093 2646 Chrysostomum

268 2644 447 2680 praecepisse
462 2644 679 2681 Olympiadiut
699 2645 837 2673 subesset
861 2644 959 2673 futuro
979 2650 1044 2681 post
1063 2655 1093 2674 se

269 2679 422 2715 episcopo,
433 2681 473 2707 ita
485 2679 585 2708 tamen
592 2679 672 2708 siille’
679 2688 828 2708 consensu
839 2679 1094 2709 omrliumelectus

270 2718 356 2749 esset,
372 2719 401 2743 et
415 2715 562 2743 reluctans
576 2716 688 2744 nedum
708 2715 855 2749 ambiens,
873 2719 922 2742 Καὶ
938 2715 964 2746 ὃς
980 2716 1009 2742 ἂν
1025 2718 1093 2742 οἴκων

268 2750 341 2787 ἀχθῇ
357 2749 400 2790 ἐπι
417 2753 462 2779 τὴν
489 2754 664 2788 χειροτονίαν,
691 2754 727 2790 μὴ
763 2750 922 2790 ὰμϐιςεύσας
954 2754 986 2790 το
1012 2756 1094 2790 πρᾱγξ

268 2796 316 2823 μοι,
341 2788 407 2812 κατὰ
431 2789 579 2813 συναινεσιν
604 2791 653 2813 τῶν
679 2788 792 2815 πάντων,
822 2787 904 2821 Quas
928 2787 1094 2825 recipiendi

1128 898 1196 916 νατε.
1226 891 1333 917 »Τηῡτα
1365 888 1389 913 οἱ
1429 885 1647 922 ἁναγινωσκοντες
1689 886 1731 911 τὸν
1762 886 1849 917 αὐτοῦ
1886 885 1948 921 βίον

1130 934 1208 963 ἴσασι
1219 933 1269 969 (7),
1284 933 1405 974 καὶπερὶ
1420 932 1465 972 μὲν
1485 931 1580 963 τούτων
1594 930 1660 967 ἅλις.

1167 1080 1194 1102 ς.
1207 1069 1214 1078 ³
1230 1068 1293 1096 οδξ
1316 1069 1440 1106 βασιλεὺς
1463 1070 1646 1105 ’Δναστάσιος,
1669 1071 1704 1101 ὡς
1719 1069 1744 1096 ἕν
1758 1073 1796 1105 τῷ
1819 1073 1872 1096 τοῦ
1901 1079 1949 1105 με·

1130 1114 1212 1150 γάλου
1236 1115 1306 1141 Σάϐα
1336 1114 1531 1152 ἀναγέγραπται
1558 1113 1620 1151 βίῳ,
1646 1115 1690 1140 τὸν
1730 1115 1870 1150 meum“
1908 1115 1948 1148 (8)

1131 1163 1176 1185 τοῦ
1189 1160 1279 1196 θρόνου
1298 1161 1466 1195 καταγαγὼν,
1496 1161 1543 1188 τὴν
1569 1163 1618 1184 τῶν
1633 1158 1788 1195 Ἀκεφάλων
1820 1161 1860 1194 μὴ
1892 1167 1948 1184 πα-

1131 1201 1310 1240 ραδεχόμενον
1329 1203 1439 1239 αἵρεσιν,
1454 1205 1497 1230 τὸν
1512 1201 1673 1230 Μακεδόνων
1689 1202 1743 1229 ἀντ’
1771 1203 1858 1230 αὐτοῦ
1888 1212 1948 1239 χιι.

1132 1248 1304 1285 ροτονηθῆναι
1328 1249 1531 1285 παρασκεύασον,
1559 1249 1691 1285 ὁμόφρονα
1728 1247 1810 1274 αὐτοῦ
1850 1250 1948 1273 τοῦτον

1133 1290 1198 1318 εἶναι
1210 1292 1334 1328 οἰόμενος.
1349 1291 1429 1318 Ἐπεὶ
1449 1291 1478 1318 δέ
1501 1290 1641 1329 ὀρθόδοξος
1664 1290 1694 1320 ἧν
1717 1292 1731 1318 ὁ
1755 1293 1837 1328 ἀνὴρ,
1866 1292 1947 1321 αὐτὸς

1134 1338 1179 1373 μὶν
1191 1337 1288 1363 αὐτίκα
1304 1340 1350 1363 τοῦ
1375 1339 1474 1374 χρόνου
1508 1339 1553 1363 καὶ
1576 1341 1626 1367 τῆς
1652 1335 1751 1366 πόλεως
1781 1335 1946 1372 ἔξορὶζεται.

1133 1382 1258 1418 Τιμόθεος
1289 1379 1319 1408 δὲ
1341 1380 1495 1407 ἀντ-ἀύτοῦ
1526 1381 1708 1418 προϐάλλεται·
1742 1380 1807 1407 ἀλλὰ
1847 1382 1946 1416 τάχιον

1134 1429 1179 1452 καὶ
1199 1424 1274 1457 οὗτος
1286 1425 1502 1463 ἐξοστρακίξεται
1516 1427 1589 1464 παρὰ
1607 1429 1652 1452 τοῦ
1675 1424 1827 1456 δυσσεϐοῦς
1858 1425 1945 1462 βασι-

1135 1470 1204 1501 λέως·
1224 1469 1364 1508 ὀρθόδοξος
1388 1472 1436 1508 γὰρ
1469 1468 1533 1496 εἶναι
1558 1470 1675 1507 εὕρηται·
1711 1472 1762 1497 Καὶ
1789 1470 1869 1496 οὗτοι
1902 1472 1944 1505 μιν

1097 1530 1118 1558 C
1137 1516 1226 1546 οὕτως*
1254 1516 1266 1541 ὁ
1287 1513 1316 1542 δὲ
1346 1519 1395 1546 τῆς
1421 1515 1500 1551 ἁγίας
1520 1515 1618 1546 πόλεως
1649 1513 1800 1552 ἀρχιερεὺς,
1826 1515 1840 1541 ὁ
1871 1514 1945 1551 ἅγιος

1137 1559 1143 1568 ’
1158 1561 1246 1594 Ἠλίας,
1261 1564 1345 1586 ταῦτα
1363 1559 1463 1586 ἁκούων
1482 1561 1581 1596 ἤχθετο
1605 1561 1661 1595 μὲν,
1675 1561 1751 1595 φησὶ,
1774 1561 1823 1588 τήν
1838 1559 1944 1594 ψυχὴν,

1137 1607 1184 1634 τήν
1202 1603 1296 1630 ἄδικον
1326 1602 1519 1640 ἀποδεχόμενος
1548 1608 1597 1630 τῶν
1627 1604 1766 1640 εἰρημένων
1798 1602 1946 1641 ἀρχιερέων

1138 1648 1254 1678 ἕκϐολήνο
1277 1647 1385 1684 ἐδέχετο
1409 1651 1497 1685 μέντοι
1535 1650 1578 1674 τὸν
1624 1649 1860 1685 χειροτονούμενσν
1884 1649 1947 1684 μετὰ

1138 1696 1182 1720 τον
1197 1695 1247 1730 πρὸ
1277 1693 1356 1719 αὐτοῦ
1381 1692 1547 1723 ὶκϐληθέντα,
1572 1696 1608 1728 τῷ
1631 1694 1676 1718 καὶ
1699 1692 1777 1718 αὐτὸν
1802 1691 1947 1728 ὀρθόδοξον

1139 1736 1213 1771 εἶναι,
1241 1739 1274 1768 ὡς
1295 1740 1340 1764 καὶ
1373 1739 1417 1764 τὸν
1439 1739 1574 1774 πρότερον.
1607 1738 1710 1767 Ταύτης
1737 1740 1786 1767 τῆς
1821 1738 1946 1774 αἱρέσεως

1139 1782 1211 1809 ἱνικα
1232 1785 1277 1808 καὶ
1299 1783 1312 1808 ὁ
1342 1783 1408 1813 θεῖος
1435 1781 1510 1812 οὗτος
1532 1781 1620 1811 Ἠλίας
1641 1785 1686 1807 τοῦ
1712 1781 1807 1807 οἰκείου
1838 1780 1947 1807 καταϐι-

1140 1827 1245 1857 ϐασθιὶς
1269 1827 1371 1863 θρόνου,
1400 1826 1436 1858 ιὶς
1457 1825 1573 1862 φυλακὴν
1598 1825 1778 1854 κατεκλείσθη·
1804 1824 1863 1852 ἀντ’
1907 1825 1947 1850 αὖ·

1141 1875 1186 1897 τοῦ
1203 1870 1233 1897 δε
1247 1871 1394 1909 προεϐλήθη
1426 1871 1556 1904 Ἰωάννης,
1583 1871 1737 1907 συνθέμενος
1762 1874 1795 1906 τῇ
1829 1871 1945 1907 αἱράσει,

1141 1919 1186 1942 καὶ
1202 1917 1326 1953 σύμφρων
1350 1918 1484 1952 γενόμενος
1508 1920 1544 1952 τῷ
1572 1914 1688 1952 βασιλεῖ.
1716 1912 1800 1946 Οὗτος
1824 1915 1838 1940 ὁ
1864 1914 1946 1941 Ἰωάν-

1141 1962 1185 1991 νής
1200 1962 1315 1991 συνήθης
1328 1959 1358 1990 ἦν
1369 1963 1413 1986 καὶ
1428 1960 1498 1996 φίλος
1513 1960 1583 1996 Σάϐᾳ
1599 1964 1635 1995 τῷ
1663 1960 1733 1995 Θείῳ¹
1768 1959 1800 1985 οὗ
1825 1961 1874 1986 καὶ
1906 1960 1947 1988 τὰς

1143 2007 1278 2036 ὑποθὴκας
1295 2004 1442 2042 δεξάμενος,
1470 2008 1516 2031 τοῦ
1545 2004 1676 2042 αἱρετικοῦ
1710 2005 1754 2040 μὲν
1787 2006 1947 2041 φρονήματος

1144 2053 1189 2076 καὶ
1221 2049 1383 2086 σεϐάσματος
1420 2048 1509 2076 ἑὰυτὸν
1544 2051 1679 2085 συντόμως
1719 2048 1868 2076 ἀπέστησε·
1918 2051 1944 2083 τῇ

1143 2095 1231 2120 Ἠλίου
1244 2092 1274 2120 δέ
1288 2096 1377 2120 πίστει
1395 2096 1440 2120 καὶ
1466 2098 1516 2119 τῶν
1542 2094 1615 2119 θείων
1647 2095 1769 2130 Πατέρων
1796 2092 1871 2118 Σάϐα
1908 2094 1946 2117 καὶ

1146 2137 1291 2166 Θεοδοσίου)
1302 2139 1358 2165 ὅλον
1369 2139 1459 2165 ἑαυτὸν
1473 2138 1518 2175 ὂλῃ
1534 2137 1611 2174 ψυχῇ
1629 2136 1765 2165 ἐδεδώκει.

1183 2183 1203 2214 ζ
1221 2207 1224 2210 ,
1243 2185 1293 2210 Kal
1317 2181 1351 2212 δὴ
1375 2182 1400 2209 ἂν
1429 2185 1479 2220 μιᾷ
1507 2187 1645 2220 προσταγῇ
1676 2181 1805 2219 βασιλικῇ
1833 2183 1946 2211 συνήθως

1146 2231 1195 2259 πᾶς
1209 2228 1222 2254 ὀ
1235 2228 1297 2259 λαός
1308 2230 1353 2254 καὶ
1366 2231 1415 2254 τῶν
1430 2231 1554 2264 μοναχῶν
1574 2226 1661 2256 πληθη
1681 2226 1777 2263 ἆπιιρα
1795 2226 1820 2253 ἐν
1846 2231 1884 2262 τῷ
1907 2229 1944 2252 τοῦ

1147 2273 1224 2309 ἁγίου
1248 2276 1374 2308 Στεφανου
1402 2276 1448 2298 τοῦ
1472 2275 1576 2308 πρώτον
1604 2271 1772 2308 ἰνμάρτυσιν
1798 2271 1859 2309 ἱερῷ
1879 2274 1945 2304 σηκῷ

1147 2319 1282 2354 ἤθροιστο,
1297 2319 1330 2347 ὡς
1342 2316 1473 2353 μέλλοντος
1499 2314 1578 2345 δῆθεν
1607 2315 1799 2352 ἆναΘεματ-ἰσαι
1833 2320 1880 2342 τοῦ
1902 2324 1944 2341 πα-

1147 2363 1277 2400 τριάρχου
1289 2361 1405 2388 Ἰωάννου
1427 2363 1488 2392 τοὺς
1506 2363 1554 2389 τήν
1579 2361 1701 2398 τετάρτην
1728 2359 1843 2386 σύνοδον
1875 2359 1944 2396 δεχο-

1148 2408 1248 2442 μένους,
1276 2409 1386 2442 Σευῆρον
1410 2403 1439 2431 δε
1462 2407 1506 2430 τὸν
1531 2404 1669 2440 ’Λκέφαλον
1693 2406 1729 2440 μὴ
1763 2403 1943 2441 παραδεχομ-

1147 2460 1214 2480 νους·
1228 2454 1305 2476 τοῦτο
1318 2451 1368 2487 ’γὰρ
1383 2448 1413 2478 ἦν
1427 2447 1479 2479 ἥδη
1494 2453 1606 2478 ποιῆσαι
1640 2452 1693 2479 τοῖς
1720 2452 1767 2474 τοῦ
1782 2448 1914 2485 βασιλέως
1933 2446 1942 2472 ὃ

1149 2539 1279 2602 episcopi
1291 2538 1477 2580 conditiones
1483 2538 1583 2579 nescio
1593 2546 1647 2579 cur
1653 2537 1820 2577 Methodius
1826 2537 1942 2565 retinue-

1148 2578 1195 2602 rit.
1209 2576 1247 2602 Pa
1261 2575 1331 2602 Iadu
1342 2574 1441 2602 locum
1453 2576 1556 2602 recitat
1569 2576 1660 2602 etiam
1667 2572 1816 2600 Batonius
1827 2573 1939 2602 tom.Vl.

1209 2593 1218 2602 .
1230 2593 1331 2602 ωιυυ..
1342 2593 1441 2602 ww...
1453 2593 1556 2602 ww...
1569 2593 1660 2602 om...
1667 2593 1816 2600 νικωμω,
1829 2593 1899 2601 κη...
1912 2593 1939 2606 ..,

1148 2611 1187 2638 ad
1205 2618 1256 2638 an.
1276 2612 1329 2638 404
1345 2618 1384 2640 ,n.
1403 2611 1467 2638 XLI.

1185 2647 1222 2681 (Β)
1230 2647 1302 2673 Cum
1311 2646 1456 2673 Methodlo
1463 2646 1518 2673 seri
1523 2645 1563 2673 bit
1570 2644 1764 2681 Euthymium
1770 2644 1864 2681 etiam
1876 2651 1939 2681 auo-

1148 2689 1257 2717 nymus
1272 2681 1534 2713 Baroccianus;sed
1560 2680 1718 2717 dicendum
1742 2687 1810 2707 esse
1830 2680 1939 2717 Euphe-

1148 2715 1251 2752 miam,
1271 2725 1395 2753 prorsus
1411 2719 1530 2744 constat
1548 2724 1584 2744 ex
1597 2716 1720 2753 historia
1737 2724 1743 2748 ;
1768 2718 1797 2753 et
1813 2715 1856 2743 sic
1874 2718 1938 2743 recte

1147 2753 1239 2791 habet
1252 2752 1529 2793 e’tamEphraemius
1543 2760 1570 2779 ν.
1584 2752 1652 2783 1060
1668 2753 1698 2779 et
1708 2752 1789 2780 9756.
