1963 3084
51 98 133 128 797

701 102 747 131 DE
768 101 960 132 SCHISNATE
978 103 1145 134 VITANDO.

1706 105 1760 136 798

57 163 126 187 καὶ
135 161 229 197 λέγειν.
258 161 335 190 Ἀλλὰ
361 163 395 189 τὰ
415 166 466 189 τῶν
479 164 602 191 τοιούτων
625 165 712 192 οἱκαὶ
735 166 797 202 ἡμῖν
818 165 882 191 ὕπο-

975 174 1029 194 Lam
1043 165 1171 204 scriptis.
1188 168 1262 196 Nam
1277 175 1346 204 quae
1361 167 1392 195 in
1406 167 1533 202 occulto,
1548 167 1645 204 inquit
1671 167 1759 196 divus

64 205 240 242 στρέψαντες
270 205 320 233 ἀπὸ
344 211 390 238 τῆς
414 207 473 234 καθ’
501 209 569 245 ὑμᾶς
598 209 696 240 πλάνης
725 207 882 245 ἓκδιηγοῦν-

58 259 134 283 ται,
166 251 303 283 κατανύξει
328 251 425 288 ποαλλῇ
440 255 485 279 καὶ
509 251 625 290 δάκρυσι
656 255 805 290 ποιούμενοι
835 256 882 283 τὴν

62 293 289 331 ἐξομολόγησιν·
317 295 367 332 ἐγὼ
391 295 421 322 δέ
446 298 506 335 ὅπερ
538 297 635 334 ἔλεγον,
673 298 831 335 ἀνθρώπινόν
857 309 882 324 τι

65 339 207 370 παθόντες
230 340 255 365 οἱ
283 340 412 377 εἰρημὲνοι
438 340 520 377 ἅγιοι,
551 341 620 368 εἷπον
638 344 682 368 καὶ
712 342 829 379 ἔγραψαν
865 343 882 368 ἄ

67 383 211 420 ἔγραψαν.
226 383 256 411 Ἡ
270 382 300 410 δὲ
316 389 364 416 τῆς
381 385 535 418 Ἐκχλησίας
557 386 638 418 ἔνθεος
664 390 751 425 κρίσις
775 388 808 413 τὰ
836 389 881 424 μὲν

69 427 208 465 εἰρημένα
241 432 287 455 καί
324 433 490 467 γεγραμμένα
526 430 550 457 ἐν
585 435 621 467 τῷ
645 436 692 462 τῆν
726 432 882 469 φιλονεικίας

67 476 167 508 καιρῷ
191 475 237 499 καί
259 474 337 500 πάθει
360 478 396 509 τῷ
427 474 569 511 ἁναθέματι
598 474 741 507 συνοδικῶς
766 478 880 504 καθυπέ-

68 515 143 542 ea);
157 527 165 533 '
181 519 243 548 τοὺς
256 515 281 544 δ’
294 517 410 549 εἰπόντας
433 521 477 545 καὶ
498 519 649 556 γράψαντας
670 522 769 552 πάντας
797 520 880 548 ἀσπα-

70 563 145 611 ῗίως
158 559 265 593 ἇδίξατο
277 572 284 578 ε
298 565 343 588 καὶ
357 565 398 600 τὸ,
412 563 508 591 Λὶωνία
527 565 542 594 ἠ
571 567 672 602 μνήμη,
697 568 756 603 περὶ
778 567 881 592 πάντων

67 605 174 636 ἐπίσης
195 605 328 643 ἀναφωνεί

114 739 163 770 ιδ’.
179 744 212 769 Τί
227 741 339 769 ἕντεῦθεν
353 743 421 780 ἡμᾶς
431 742 627 771 ἓκπαιδεύουσα
637 753 645 779 ;
655 744 715 771 Ὂτι
729 755 769 772 τοι
790 746 881 782 κρεῖσ-

74 788 128 812 σόν
146 785 243 816 ἔστινὴ
268 787 359 824 ὁμόνια
386 790 430 815 καὶ
450 788 535 825 εἰρὴνη
564 793 614 815 τῶν
638 787 786 827 ὁρθοδόξων
813 794 882 827 Χρι-

936 212 1099 247 apostolus,
1112 220 1130 240 ο.
1144 211 1297 240 nonnullis
1311 212 1397 246 ﬁunt,
1408 219 1445 240 ea
1461 211 1543 239 dictu
1557 220 1679 248 quoque
1693 215 1756 240 tur-

936 255 984 292 pia
997 258 1076 284 sunt.
1094 257 1151 285 Sed
1166 257 1246 284 enim
1258 257 1322 285 haec
1337 258 1506 284 vestrarum
1521 256 1652 292 partium
1665 256 1760 284 homi-

935 307 989 328 nes
1005 301 1135 329 maxime
1148 303 1268 335 norunt,
1283 301 1335 338 qui
1350 300 1460 329 deinde
1486 308 1505 328 a
1530 302 1628 328 vestro
1660 308 1759 328 errore

935 345 1152 382 resipiscentes,
1177 346 1265 374 nobis
1280 346 1492 382 patefecerunt,
1509 353 1572 373 non
1585 345 1648 373 sine
1663 345 1759 373 multo

935 388 1038 418 dolore
1052 398 1086 418 ac
1096 390 1237 427 Iacrymis
1248 398 1311 419 rem
1323 389 1507 418 conﬁtentes.
1522 390 1583 424 Age
1594 397 1666 417 vero
1677 389 1761 425 quod

932 432 998 468 jam
1011 434 1082 468 dixi,
1094 435 1278 463 venerabiles
1293 434 1335 462 illi
1349 434 1404 462 viri
1417 434 1522 469 lingua
1537 436 1565 461 et
1581 434 1699 469 scriptis
1717 433 1760 461 in-

935 479 1135 514 temperanter
1149 487 1221 507 sane
1235 479 1279 507 usi
1295 481 1364 506 sunt
1377 487 1383 506 :
1399 478 1534 506 divinum
1549 480 1649 506 autem
1664 477 1759 505 Eccle-

935 521 986 550 siae
997 522 1156 558 judicium,
1177 523 1323 560 quidquid
1341 523 1563 551 inimicitiarum
1583 525 1716 558 tempore
1732 524 1761 550 et

934 569 1010 594 aestu
1024 566 1137 595 dictum
1149 568 1330 604 scriptumve
1343 567 1406 599 fuit,
1416 567 1607 594 anathemate
1619 565 1758 602 synodali

934 611 1060 648 perculit
1080 621 1086 639 :
1109 612 1270 640 verborum
1283 619 1354 639 vero
1369 611 1610 647 scriptorumque
1623 613 1760 639 auctores

935 658 1126 692 peramanter
1137 664 1242 684 omnes
1268 655 1380 692 recipit,
1405 658 1584 691 aeternisque
1607 655 1760 683 memoriae

934 700 1081 728 honorem
1090 701 1203 729 cunctis
1214 709 1299 738 aeque
1308 708 1360 737 per
1371 708 1490 728 sacrum
1501 699 1590 728 ritum
1601 701 1759 727 acclamat.

973 746 1015 774 14.
1030 746 1106 780 Quid
1120 748 1220 774 autem
1235 746 1304 774 hinc
1323 745 1468 773 docemur
1481 744 1495 772 ?
1511 746 1622 780 Nempe
1652 744 1760 771 rectius

935 790 999 818 ﬁeri
1012 791 1036 818 si
1049 791 1205 819 consensio
1221 793 1248 819 et
1262 799 1322 827 pax
1336 790 1412 818 inter
1424 789 1608 818 orthodoxos
1623 789 1761 817 Christia-

75 835 207 865 στιανῶν,
236 832 424 864 ἀστασιάστως
451 835 497 859 καὶ
522 834 698 870 ὁμονοητικῶς
735 836 880 871 τηρουμένη

978 844 991 862 s
1001 834 1125 863 ﬁrmiter
1139 835 1384 871 concorditerque
1396 843 1465 862 cum
1478 834 1527 862 Dei
1535 834 1639 862 timore
1652 836 1681 861 et
1690 833 1760 861 cha-

72 876 149 912 μετὰ
167 875 248 912 φόϐου
269 880 336 902 Θεοῦ
359 879 404 904 καὶ
429 877 544 915 ἀγάπης,
575 880 590 908 ἧ
617 883 652 914 τῷ
676 881 723 908 τὴν
749 878 881 916 ἀκρίϐειαν

74 917 170 946 δοκεῖν
185 919 300 955 διώκειν,
311 923 356 947 καὶ
370 923 399 948 τὸ
414 921 492 948 καλὸν
515 924 619 959 σχίζειν
642 927 718 959 σῶμα
748 927 795 953 τῆν
821 923 881 949 Ἐκ-

73 964 193 995 χλησίας
212 969 331 1003 Χριστοῦ
345 976 352 982 ·
378 977 393 991 α
410 966 453 993 Ἐν
476 968 558 1003 τοὺτῳ
581 969 644 1004 γάρ,
670 979 684 993 ›)
710 977 775 1004 φησι
803 970 847 994 καὶ
869 968 882 993 ὁ

77 1011 386 1046 Κύριος,‹‹γνώσονται,
413 1011 453 1037 ὅτι
477 1013 594 1048 μαθηταί
617 1013 667 1048 μοὺ
696 1012 762 1047 ἐστε,
778 1024 792 1038 n
818 1011 882 1048 οὐχὶ

74 1058 114 1089 τῷ
131 1058 182 1085 τῆς
197 1054 331 1092 ἀκριϐείας
351 1053 438 1082 δοκεῖν
466 1055 614 1092 ἐξέχεε-θαι,
641 1056 718 1083 ἀλλί
747 1057 789 1083 ἐὰν
817 1056 881 1093 ἁγα-

74 1101 146 1125 πᾱτε
162 1098 297 1130 ἀλληλους.
313 1109 328 1124 ››
338 1099 367 1126 Ὀ
382 1104 442 1136 γοῦν
460 1099 498 1126 δί’
508 1100 640 1138 ἀκρίϐειαν
669 1100 748 1131 δῆθεν
777 1104 882 1132 κανόνος

75 1145 148 1174 τινός
167 1143 291 1181 ταραχὰς
314 1149 404 1178 ποιῶν,
435 1145 543 1177 στάσεις
565 1151 652 1182 κινῶν,
677 1149 722 1172 καὶ
746 1148 775 1172 τὸ
807 1151 883 1182 σῶμα

77 1188 188 1224 σχίζων
214 1192 264 1219 τῆς
299 1188 465 1223 Ἐκκλησίας,
494 1189 634 1228 ὁρθοδοξὶᾳ
666 1195 714 1222 τῆς
752 1191 884 1222 εὐσεϐείας

77 1235 306 1270 συντνλρουμένν)ς⁷
320 1234 334 1259 ὁ
348 1236 475 1269 τόιοῦτος,
491 1235 512 1261 εὶ
534 1238 580 1261 καὶ
607 1234 657 1261 ἀπὸ
681 1235 814 1268 εὐλαϐείας
841 1247 883 1262 κι-

77 1278 186 1304 νεῖσθαι
226 1279 320 1312 οἴεται,
351 1278 454 1308 λε’ληθεν
489 1279 579 1305 ἑαυτὸν
602 1282 746 1318 (εἰρήσεται
769 1282 831 1318 γὰρ,
861 1282 884 1307 εἰ

77 1324 126 1348 καὶ
141 1321 271 1358 ἐπαχθὲς)
288 1322 366 1354 λύκος
394 1323 428 1348 ὧν
455 1323 546 1355 ἔξωθεν
572 1325 617 1361 μὶν
646 1324 670 1350 ἓν
697 1323 764 1362 δορᾷ
786 1325 884 1362 προϐά-

78 1376 131 1392 των
155 1366 308 1403 ἐρχόμενος,
339 1369 432 1394 ἔσωθεν
464 1366 493 1394 δὲ
508 1370 592 1405 γέμων
622 1368 700 1396 δόλου
722 1373 767 1396 καὶ
803 1370 885 1408 ἁρπα-

78 1414 145 1446 γῆς.
158 1413 211 1437 Καὶ
223 1413 259 1448 μὴ
276 1412 334 1438 ταθ’
358 1413 430 1448 ἡμῶν
458 1411 644 1450 ἀγανακτήσῃς
675 1413 774 1440 ἀκούων
790 1425 796 1431 ·
823 1413 885 1441 οὐδὲ

79 1457 133 1492 γὰρ
151 1457 278 1493 ἡμέτερος
307 1454 382 1488 οὗτος
403 1457 415 1482 ό
441 1456 527 1493 λόγος,
559 1456 622 1484 ἀλλὰ
652 1462 698 1489 τῆς
724 1461 812 1484 πᾶσαν
837 1461 884 1488 τὴν

935 880 1020 908 ritate
1036 882 1179 914 servetur,
1193 888 1285 916 quam
1299 879 1333 913 si,
1350 879 1422 907 dum
1445 881 1497 914 jus
1510 887 1664 906 summum
1679 878 1762 906 vide-

935 925 1159 961 murpersequi,
1170 924 1338 952 formosum
1352 923 1487 951 Ecclesiae
1508 923 1678 950 Christianae
1698 930 1760 950 cor-

936 977 993 1005 pus
1004 968 1222 1006 discerpamus.
1235 980 1249 993 ‹‹
1261 969 1294 996 In
1302 968 1359 996 hoc
1372 967 1464 1002 enim,
1475 978 1488 993 ν
1497 967 1593 1004 inquit
1604 966 1758 1002 Dominus,

937 1024 952 1038 ‹‹
967 1016 1128 1048 cognoscet
1138 1012 1269 1041 mundus
1275 1012 1357 1049 quod
1363 1011 1500 1048 discipuli
1507 1011 1563 1039 mei
1570 1011 1727 1046 estis,(non
1736 1010 1760 1038 si

937 1065 1057 1085 summo
1065 1058 1123 1093 juri
1138 1057 1290 1086 mordicus
1305 1056 1510 1089 adhaeseritus,
1523 1057 1640 1092 verum)
1654 1055 1679 1083 si
1688 1055 1762 1083 invi-

937 1111 1003 1131 cem
1018 1102 1187 1130 dilexeritis.
1206 1113 1219 1127 »ι
1234 1102 1289 1135 Qui
1300 1102 1390 1136 igitur
1415 1101 1455 1129 ob
1483 1100 1610 1136 alicujus
1638 1099 1762 1128 tutelam

936 1148 1059 1175 canonis
1070 1147 1173 1175 turbas
1183 1147 1240 1174 ciet
1249 1146 1470 1182 seditionesque
1481 1147 1661 1178 commovet,
1673 1146 1762 1180 atque

937 1191 1072 1220 Ecclesiae
1085 1200 1194 1228 corpus
1209 1191 1359 1223 discindit,
1375 1190 1412 1226 (si
1425 1190 1516 1218 modo
1529 1197 1565 1217 ea
1575 1189 1645 1216 ﬁdei
1655 1189 1762 1225 purita-

936 1239 996 1264 tem
1002 1236 1148 1270 retineat),
1159 1235 1218 1268 hic,
1230 1235 1365 1271 inquam,
1376 1234 1572 1270 quantumvis
1582 1241 1612 1261 se
1621 1232 1763 1268 religione

936 1283 1106 1317 permotum
1123 1282 1266 1315 autumet,
1284 1279 1376 1307 nescit
1387 1282 1486 1307 tamen
1505 1278 1624 1314 (fremat
1633 1278 1764 1314 quisque

936 1325 1014 1357 licet,
1027 1324 1127 1352 dicam
1142 1323 1459 1360 quodsentio),nescit,
1468 1323 1603 1359 inquam,
1616 1331 1648 1350 se
1658 1322 1764 1359 lupum

938 1377 1003 1398 esse
1015 1370 1078 1397 ovis
1094 1369 1170 1405 pelle
1185 1368 1365 1399 confectum,
1379 1369 1546 1405 rapinaque
1566 1370 1594 1396 et
1613 1367 1683 1395 dolo
1696 1374 1764 1395 con-

939 1416 1063 1442 cretum.
1080 1415 1180 1449 Neque
1195 1421 1265 1441 vero
1279 1412 1353 1440 mihi
1372 1412 1536 1449 quisquam
1563 1413 1736 1440 succenseat
1756 1420 1764 1444 ;

938 1466 1000 1486 non
1015 1458 1094 1486 enim
1105 1465 1191 1485 meus
1201 1457 1249 1485 hic
1260 1464 1358 1484 sermo
1389 1459 1442 1490 est,
1481 1456 1532 1484 sed
1557 1456 1686 1484 duorum
1711 1455 1764 1491 qui

78 1500 193 1537 ὐφήλιον
213 1500 385 1536 αὖγαζούσης
399 1503 444 1527 καὶ
455 1500 525 1537 λόγῳ
547 1504 591 1528 καὶ
607 1501 658 1539 βίῳ
684 1507 778 1533 σεπτῆς
807 1503 884 1534 ξυνω-

975 1510 1049 1530 rram
1059 1502 1231 1530 universum
1241 1501 1329 1529 verbo
1335 1509 1369 1529 ac
1375 1500 1511 1528 moribus
1526 1499 1709 1528 illustravere
1723 1499 1763 1527 vi-

765 1548 885 1574 Ἰωάννου

78 1594 128 1616 τοῦ
143 1589 365 1628 χρυσοῤῥὴμονος
379 1601 386 1607 ι
399 1591 411 1616 ό
427 1592 472 1627 μέν
482 1592 543 1629 γὰρ,
559 1602 573 1615 ι(
585 1591 614 1617 Ὀ
629 1596 757 1625 τοιοῦτος,
773 1603 786 1617 ››
808 1595 883 1629 φησὶ,

80 1646 94 1659 ιι
107 1635 188 1666 λύκος
200 1644 243 1661 σοι
257 1635 344 1670 ἅρπαξ
357 1636 436 1670 ἔστω,
457 1635 589 1672 προϐάτου
618 1637 714 1672 φθορὰν
740 1636 764 1662 ἔν
784 1636 885 1673 προϐά-

78 1689 126 1706 του
146 1677 218 1716 δορᾷ
237 1679 461 1716 κατεργαζόμενος
473 1690 480 1697 ο
498 1681 525 1706 ὅν
549 1679 618 1716 μηδε
639 1681 784 1718 μαρτυρίου
819 1682 886 1718 αἷμα

77 1725 178 1751 πλῦναι
217 1723 340 1759 ἰσχύσειν
371 1728 469 1760 τρανῶς
506 1724 676 1760 ἀποφαίνεται
690 1736 696 1742 ·
715 1737 729 1750 ››
743 1723 797 1752 ὁδε
837 1728 884 1755 τὴν

77 1769 200 1805 γλῶτταν
248 1772 369 1805 χρυσοῦς
409 1771 456 1794 καὶ
494 1773 543 1795 τῶν
572 1771 690 1806 αἰρετικὰ
727 1772 884 1807 φρονούντων

81 1813 210 1850 δόγματα
219 1815 328 1850 χείρονα
342 1815 386 1840 τὸν
407 1815 456 1842 τήν
480 1813 636 1843 Ἐκκλησίαν
659 1815 791 1850 σχίζονται
821 1813 884 1842 εἶναι

81 1857 317 1894 διαμαρτύρεται·
343 1859 388 1883 καὶ
412 1857 467 1893 οὐχ
488 1856 574 1888 ἁπλῶς
596 1861 715 1894 χείρονα,
740 1858 804 1885 ἀλλὰ
839 1861 885 1884 καί

81 1903 149 1939 μετὰ
170 1901 297 1932 πλείστης
323 1903 387 1932 ὅσης
417 1905 463 1931 τῆς
490 1901 632 1933 ἄπιτάσεως
665 1902 751 1938 πολλῷ
790 1903 884 1939 μᾶλλον

81 1949 175 1983 χεῖρόν
191 1955 271 1982 φησιν
281 1945 348 1983 (i5).
370 1946 462 1976 Ἀλλος
484 1944 514 1972 δέ
528 1956 568 1978 τις
592 1952 643 1973 τῶν
669 1947 760 1983 ἁγίων,
779 1947 808 1973 Ὀ
825 1950 885 1982 σχί-

82 1993 135 2022 ζων
162 1993 207 2020 τήν
232 1991 421 2026 Ἐκκληοὶαν,››
449 1993 524 2027 φησὶ,
542 2003 556 2017 ι(
582 1990 703 2021 δηλονότι
732 1991 885 2028 ὀρθοδοξίας

81 2038 178 2069 οὔσης,
193 2037 289 2061 ταυτὸν
316 2039 386 2062 ποιεῖ
409 2039 465 2066 τοῖς
483 2035 568 2072 λόγχῃ
595 2035 772 2073 διατρήσασιν
800 2036 824 2062 ἓν
848 2041 885 2072 τῷ

82 2081 162 2106 πάθει
179 2081 208 2105 τὸ
223 2083 269 2105 τοῦ
285 2082 382 2116 Κυρίου
409 2083 494 2116 σῶμα,
512 2090 526 2104 ι)
552 2079 682 2109 Ὀπηνίκα
710 2079 740 2106 δέ
765 2090 805 2110 τις
828 2080 885 2106 ὶπι-

82 2128 177 2163 κρατεῖ
203 2125 314 2161 αἰρεσις,
337 2127 483 2153 τηνικαῦτα
508 2124 521 2150 ό
548 2123 685 2160 ἀντιλεγων
707 2124 737 2150 οὗ
779 2127 886 2161 σχίσμα

82 2169 244 2207 παρεισάγει
266 2173 297 2204 τῇ
331 2168 475 2204 Ἐκκλησία
500 2168 554 2194 ἀλλ’
579 2167 629 2194 ἀπό
654 2169 812 2205 σχισμάτων
839 2170 885 2195 αὔ-

83 2216 132 2243 τήν
147 2213 290 2250 λυτροῦται
306 2223 313 2230 ο
329 2214 362 2243 ᾦς
373 2222 424 2239 που
455 2217 509 2243 τοῖς
536 2214 612 2249 ἱεροῖς
634 2214 679 2238 καὶ
706 2213 783 2244 θείοις
807 2214 886 2239 κανό-

84 2268 127 2284 σιν
157 2258 295 2293 εὐστόχως
321 2259 433 2294 εῖρηται.
461 2256 529 2284 Ἀλλ’
551 2256 680 2283 ἕπανιτεον
707 2257 763 2284 ὅθεν
800 2257 887 2288 ἐξέϐη-

81 2313 140 2339 μεν,
155 2305 202 2328 καὶ
218 2303 251 2328 τά
275 2303 353 2338 ὃμοια
378 2305 432 2332 τοῖς
457 2299 511 2331 ἤδη
538 2299 644 2338 ῥηθεῖσι
667 2302 824 2338 προσθεῖ-εον
850 2305 886 2337 τῷ

85 2348 167 2383 λόγῳ.

79 1544 171 1583 ρὶδος,
192 1546 322 1580 Ἰγναῐίου
342 1550 388 1572 τοῦ
420 1547 553 1584 θεόφόρου,
580 1550 658 1583 φημὶν
679 1550 723 1574 καὶ

123 2391 161 2420 ιε’.
180 2393 251 2419 Λέων
266 2392 280 2417 ό
299 2392 385 2427 Σοφός,
400 2390 434 2422 ,οὗ
452 2393 497 2417 καὶ
522 2393 646 2428 πρότερον
668 2389 810 2427 ἰμνήσθην,
840 2394 888 2417 Νι-

85 2437 180 2464 κόλαον
191 2439 234 2462 τόν
248 2437 384 2462 Μυστικὸν
398 2439 445 2462 τοῦ
469 2434 560 2472 θρόνου
589 2434 687 2465 ἀδίκως
713 2435 822 2469 ὶξὼσας,
846 2437 886 2462 ότι

86 2485 122 2519 μὴ
152 2484 321 2518 παραχωρῶν
345 2478 375 2509 ἦν
400 2480 470 2515 αὐτῷ
501 2482 548 2509 τὴν
577 2482 767 2517 τετραγαμίαν,
806 2481 886 2507 Εὐθύ-

87 2536 146 2564 μεον
165 2528 210 2552 τὸν
235 2525 373 2561 σύγκελλον
396 2525 567 2560 πατριάρχην
593 2523 730 2556 ἀνέδειξεν.
753 2524 821 2551 Ἀλλ’
846 2526 888 2552 ὅτε

87 2575 132 2609 μὴν
147 2573 160 2597 ό
178 2573 248 2598 Δίων
268 2570 343 2601 οὗτος
365 2569 473 2602 ἁπεϐίω,
499 2568 666 2606 Ἀλέξανδρος
691 2568 720 2596 δε
742 2571 754 2596 ό
780 2568 887 2606 ἀδελφὸς

88 2618 171 2643 αὑτοῦ
193 2617 240 2645 τήν
267 2614 400 2651 βασίλειον
424 2612 511 2650 ἀρχὴν
538 2614 688 2649 ᾠκειώσατο
718 2613 811 2648 ἐαυτῷ,
843 2616 887 2640 τὸν

121 2705 181 2745 (t5)
196 2705 361 2745 Utrumque
372 2703 487 2745 dictum
500 2704 561 2745 tam
572 2703 677 2745 lgn'aitii
689 2710 784 2745 quam
794 2703 888 2745 gliry-

88 2738 214 2770 sostomi
226 2738 324 2768 exstat
338 2739 369 2767 in
381 2738 472 2775 hujus
488 2739 630 2775 postremi
644 2738 769 2775 homilia
793 2738 830 2775 Xl
853 2738 885 2767 in

90 2777 175 2817 epist.
187 2775 229 2804 ad
238 2775 343 2811 Ephes.
358 2775 450 2803 Porro
461 2773 567 2809 lg'natii
581 2774 696 2803 dictum
709 2774 781 2802 citat
795 2774 885 2809 etiam

939 1555 1052 1580 rorum,
1064 1546 1321 1582 lgnatii,inquam,
1331 1545 1487 1581 theophori
1497 1546 1526 1572 et
1535 1544 1657 1572 Joannis
1674 1544 1764 1579 Chry-

941 1592 1076 1620 sostomi.
1091 1591 1139 1618 Ait
1153 1590 1233 1618 enim
1248 1590 1367 1617 disertis
1380 1589 1478 1617 verbis
1492 1588 1626 1623 lgnatius
1657 1597 1663 1616 ε
1681 1599 1695 1612 ‹‹
1711 1587 1762 1615 Hic

939 1637 992 1665 tibi
1006 1636 1068 1672 lupi
1084 1635 1176 1664 instar
1189 1634 1308 1671 rapacis
1322 1634 1368 1667 sit,
1384 1634 1435 1670 qui
1450 1634 1533 1670 gregi
1556 1633 1678 1660 exitium
1705 1632 1762 1660 sub

939 1681 1002 1709 ovis
1017 1680 1092 1717 pelle
1106 1679 1236 1708 molitur.
1248 1680 1330 1707 Hunc
1344 1686 1382 1706 ne
1397 1678 1533 1714 martyrii
1547 1677 1667 1714 quidem
1695 1684 1763 1704 san-

939 1725 1005 1760 guis
1020 1724 1189 1753 mundabit.
1206 1735 1220 1749 ιι
1232 1724 1464 1760 Chrysostomus
1479 1725 1580 1750 autem
1608 1721 1762 1750 hominem

939 1771 991 1806 qui
1006 1769 1137 1797 schisma
1149 1769 1180 1796 in
1200 1768 1329 1796 Ecclesia
1357 1767 1436 1800 facit,
1463 1767 1598 1803 pejorem
1625 1766 1763 1794 heretico

939 1822 1004 1842 esse
1018 1816 1163 1848 testatur;
1179 1820 1277 1849 neque
1291 1811 1502 1840 tantummodo
1523 1811 1658 1847 pejorem
1681 1810 1763 1843 dicit,

938 1866 1043 1886 verum
1058 1866 1127 1886 cum
1143 1865 1264 1884 summa
1282 1856 1419 1892 emphasi
1432 1855 1526 1884 multo
1537 1855 1671 1891 pejorem
1699 1862 1764 1882 esse

938 1903 1122 1939 pronuntiat.
1139 1901 1218 1929 Alius
1229 1909 1300 1929 vero
1313 1903 1433 1928 sanctus
1447 1900 1493 1928 vir
1506 1899 1650 1936 quidam:
1669 1910 1680 1924 ι
1709 1899 1764 1931 Qui

940 1946 1111 1979 Ecclesiam,
1118 1945 1214 1981 inquit
1219 1944 1398 1980 (dummodo
1405 1944 1442 1972 sit
1446 1944 1638 1978 orthodoxa),
1644 1943 1763 1976 scindit,

939 1991 1046 2019 eodem
1075 1998 1106 2018 se
1139 1989 1296 2024 obstringit
1322 1988 1442 2019 scelere,
1472 1991 1562 2024 atque
1572 1988 1613 2016 illi
1626 1987 1697 2016 olim
1713 1987 1764 2023 qui

942 2035 1124 2064 Dominicum
1132 2041 1241 2069 corpus
1246 2032 1580 2062 lanceatransfoderunt
1589 2043 1603 2057 »
1611 2032 1764 2060 Verumta-

941 2087 1010 2108 men
1024 2079 1047 2106 si
1060 2087 1122 2115 qua
1136 2079 1258 2106 haeresis
1276 2078 1351 2106 forte
1365 2077 1511 2110 inciderit,
1525 2079 1596 2104 tunc
1604 2076 1727 2104 demum
1740 2076 1764 2103 is

940 2124 991 2161 qui
1003 2124 1186 2157 adversatur,
1197 2122 1277 2150 haud
1287 2122 1420 2150 schisma
1433 2122 1463 2150 in
1475 2121 1635 2149 Ecclesiam
1643 2119 1763 2155 invehit,

942 2168 996 2196 sed
1022 2168 1100 2196 hanc
1115 2175 1133 2195 a
1149 2167 1311 2195 schismate
1325 2166 1463 2202 prohibet
1479 2175 1485 2199 ;
1512 2165 1602 2194 veluti
1625 2165 1656 2193 in
1673 2164 1766 2192 sacris

941 2213 1110 2248 divinisque
1120 2211 1287 2240 canonibus
1299 2211 1448 2247 sapienter
1455 2210 1700 2239 animadversum
1709 2211 1764 2237 est.

942 2258 999 2286 Sed
1011 2257 1090 2287 illuc,
1106 2256 1187 2284 unde
1214 2255 1418 2289 discessimus,
1444 2255 1633 2283 redeundum
1661 2257 1717 2287 est,
1738 2256 1768 2282 et

941 2305 1086 2338 susceptae
1101 2300 1233 2329 materias
1251 2303 1336 2328 tenor
1354 2299 1588 2328 continuandus.

978 2394 989 2418 t
995 2394 1021 2419 5.
1034 2392 1090 2419 Leo
1100 2390 1236 2426 Sapiens,
1243 2397 1335 2426 quem
1345 2389 1409 2425 jam
1416 2391 1505 2417 antea
1519 2396 1585 2416 com
1591 2387 1767 2419 memoravi,

941 2435 1060 2464 Nicolao
1075 2435 1196 2471 Mystico
1210 2442 1264 2470 per
1284 2434 1343 2462 vim
1365 2434 1507 2469 injustam
1529 2432 1667 2468 depulso,
1695 2431 1768 2467 quia

941 2481 1062 2517 nuptias
1075 2480 1102 2507 ei
1117 2482 1239 2516 quartas
1254 2487 1315 2507 non
1324 2477 1684 2512 annuebat,Euthymium
1697 2483 1767 2511 syn-

941 2525 1049 2554 eellum
1064 2524 1264 2560 patriarcham
1280 2523 1357 2551 fecit.
1368 2523 1426 2550 Sed
1437 2522 1517 2550 enim
1530 2523 1647 2549 mortuo
1660 2521 1766 2555 Leone,

941 2569 1109 2599 Alexander
1123 2568 1212 2596 frater
1225 2568 1301 2603 ejus,
1311 2567 1436 2603 imperio
1452 2566 1491 2594 ad
1505 2573 1536 2593 se
1550 2564 1704 2593 translato.
1716 2565 1768 2591 Eu-

942 2613 1092 2650 thymium
1106 2612 1254 2648 deposuit,
1270 2610 1458 2647 propriaeque
1473 2609 1536 2637 sedi
1544 2608 1670 2636 restituit
1684 2608 1768 2635 Nico-

941 2703 1071 2730 Joannes
1099 2700 1299 2729 Antiochenus
1322 2699 1405 2735 apud
1433 2697 1608 2735 Cotelerium
1635 2697 1766 2735 Monum.

941 2737 1018 2802 Eccl.
1035 2738 1081 2765 Gr.
1098 2739 1118 2764 t.
1133 2736 1154 2771 Ι,
1170 2743 1240 2772 pag.
1258 2733 1387 2770 176.,'ut
1407 2735 1472 2770 jam
1500 2733 1671 2762 observavit
1699 2734 1769 2766 Gre,—

965 2781 1024 2803 ius.
