1963 3084
215 131 267 159 799

877 131 1045 161 memon“
1062 130 1230 161 MONACHI.
1270 111 1271 114 “

1860 129 1920 156 800

214 193 307 222 leum.
314 193 327 221 Ι
330 200 380 222 am
390 193 447 222 hos
457 194 565 224 ambos
578 194 707 225 Ecclesia
716 195 837 232 recepit,
849 195 923 232 quia
932 194 1024 223 scilice

1097 196 1142 230 μὲν
1156 194 1285 231 Εὐθύμιον
1298 196 1344 220 τοῦ
1369 193 1460 230 θρόνου
1483 190 1594 227 καθεῖλε,
1620 191 1748 218 Νικόλαον
1759 189 1792 218 δε
1830 189 1923 223 αὖθις

215 237 374 266 orthodoxi
388 240 484 273 erant,
499 241 528 268 et
540 239 613 276 quia
625 247 727 269 sacras
739 240 821 275 leges
835 239 1041 277 protegebant:

215 290 288 311 nam
303 283 513 319 etEuthymius
526 283 690 320 plurimum
704 284 874 313 laborrasse
884 284 992 312 dicitur
1005 291 1043 313 ne

215 329 339 364 quartas
353 327 475 364 nuptias
492 329 548 357 Leo
562 329 725 366 imperator
737 329 799 358 lata
810 329 876 364 lege
891 329 1019 357 sanciret
1034 337 1041 356 :

214 371 299 408 quod
312 379 419 408 reapse
434 372 614 409 impetravit.
637 374 692 402 Sed
709 374 747 402 ad
774 373 953 402 recentiores
977 373 1043 409 jam

214 416 402 444 accedamus.
419 417 535 446 Manuel
545 417 708 454 imperator
721 419 891 447 Comnenus
904 419 1042 446 sanctum

214 460 416 496 patriarcham
429 461 567 490 Cosmam
581 465 781 498 cognomento
795 462 923 491 Atticum
933 462 1043 498 injuste

214 504 285 533 sede
295 504 431 541 detraxit,
449 506 507 534 alio
523 507 703 541 substituto;
722 515 816 544 quam
830 515 894 535 rem
903 507 979 535 sacri
996 515 1042 536 ca-

212 556 307 577 nones
323 552 436 580 vetant.
454 550 511 579 Sed
526 553 627 580 tamen
653 552 783 580 Ecclesia.
809 551 890 580 hunc
920 559 1042 588 quoque

212 594 433 631 recepigneque
448 595 602 624 ordinatos
618 596 657 625 ab
682 604 718 625 eo
746 596 927 634 repudiavit,
955 596 1041 629 Quod

212 645 284 666 vero
290 639 448 676 pradictus
455 640 578 669 Cosmas
584 641 755 678 patriarcha
763 641 858 669 multa
864 648 936 676 erga
947 642 1041 669 Deum

212 681 324 711 ﬁducia
342 684 477 720 polleret,
489 685 559 713 hinc
574 685 702 714 innotuit
715 695 721 720 ;
736 694 866 714 maerens
883 685 963 714 enim
992 686 1042 713 Ec-

212 726 309 756 clesiae
326 729 424 762 malis,
437 737 531 766 quam
543 731 733 766 regnantium
748 731 906 767 tyrannide
916 738 1041 767 oppres-

213 780 278 801 sam
291 772 484 810 videbat,jam
496 775 566 803 sede
577 775 908 811 decessurus,Augustm
922 777 1040 804 uterum

213 817 426 854 imprecatione
441 819 596 852 conclusit,
612 828 650 848 ne
666 820 833 849 masculam
845 819 961 857 prolem
987 827 1041 848 un-

1097 244 1133 276 τῷ
1146 239 1232 275 οἰκείῳ
1249 240 1330 275 θρόνῳ
1353 237 1577 266 ἀποκατέστησεν.
1598 236 1679 263 Οὗτοι
1706 234 1737 262 δι
1760 239 1810 262 καὶ
1822 235 1922 273 ἀμφό-

1096 294 1165 321 τεροι
1192 282 1281 310 δεκτοὶ
1308 283 1411 313 παντως
1433 286 1464 318 τῇ
1494 281 1639 318 Ἐκκλησίᾳ
1664 281 1730 308 εἰσὶν
1758 282 1796 312 ὡς
1829 281 1922 317 ὀρθό-

1098 327 1172 360 δοξοι
1188 330 1266 359 ὄντες,
1283 329 1328 354 καὶ
1341 328 1404 363 ὑπερ
1427 330 1476 352 τῶν
1498 327 1572 353 θείων
1597 327 1680 362 νόμων
1701 325 1895 361 ἠγωνισμένοι
1914 336 1921 342 ·

1096 375 1141 400 καὶ
1155 374 1206 410 γὰρ
1225 373 1328 399 καὶτὸν
1353 371 1482 407 Εὐθύμιον
1504 370 1586 397 πολλά
1610 379 1688 406 φασιν
1715 369 1921 405 ἁγωνισσισθκι

1096 417 1213 444 κωλῦσαι
1244 419 1288 443 τὸν
1313 415 1426 453 βασιλέα
1450 418 1548 442 Λέοντα
1564 417 1600 451 μὴ
1630 417 1707 451 νόμον
1732 417 1783 443 τὴν
1810 424 1920 451 τετρα-

1095 465 1194 499 γαμὶαν
1210 461 1314 498 γράψαι
1328 463 1372 487 καὶ
1390 459 1556 496 καταλεῖψαι.
1573 462 1622 486 Καὶ
1637 457 1672 489 δὴ
1693 461 1738 485 καὶ
1758 458 1917 487 ἐκώλυσεν.

1095 506 1223 543 Ἒλθωμεν
1248 504 1278 532 δέ
1304 505 1346 532 ἰπὶ
1365 509 1416 532 τῶν
1447 507 1585 542 νεωτέρων.
1627 507 1656 530 ’0
1693 503 1720 530 ἐκ
1757 507 1917 540 Κομνηνῶν

1097 551 1220 589 βασιλεὺς
1247 549 1381 584 Μανουὴλ,
1402 550 1447 575 τὸν
1459 549 1533 586 ἅγιον
1557 548 1582 575 ἓν
1594 549 1773 587 πατριάρχαις
1791 551 1915 584 Koqueb

1094 597 1137 622 τὸν
1161 596 1280 622 Ἀττικὸν
1302 593 1402 625 ἀδίκως
1430 597 1476 621 τοῦ
1503 594 1594 631 θρόνου
1619 596 1789 629 καταγαγὼν.
1817 594 1915 630 ἕτερον

1096 640 1205 672 αιῆξεν·
1221 641 1283 678 ὅπερ
1296 643 1352 671 τοῖς
1362 641 1455 666 κανόσι
1477 642 1532 670 τοῖς
1557 639 1632 675 ἱεροῖς
1655 638 1684 665 οὐ
1710 637 1797 666 δοκεῖ.
1833 638 1913 665 Ἀλλ’

1095 686 1162 722 ὅμως
1173 685 1317 714 Ἐκκλησία
1326 687 1371 711 καὶ
1386 688 1477 711 τοῦτον
1492 682 1598 715 ἆδίξατο
1608 694 1615 700 ·
1629 685 1674 710 καί
1693 685 1753 714 τοὺς
1764 681 1806 709 δι’
1819 683 1912 709 αὐτοῦ

1094 731 1324 768 χειροτονηθέντας
1345 729 1392 755 οὐκ
1414 728 1565 757 amcam.
1589 728 1650 755 Ὀτι
1677 725 1707 754 δε
1727 727 1829 757 πολλὴν
1856 728 1910 757 τῆν

1093 774 1243 813 παρρησίαν
1256 776 1303 803 τὴν
1326 775 1391 811 πρὸς
1417 775 1461 800 τόν
1491 775 1555 800 Θεὸν
1579 772 1696 799 ἔπλούτει
1721 773 1735 798 ό
1760 772 1909 810 εἰρημένος

1095 822 1202 856 Κοσμᾶς
1231 820 1243 845 ὁ
1267 820 1446 856 πατριάρχης,
1476 818 1589 844 ἐντεῦθεν
1613 815 1692 847 δῆλον
1709 827 1716 834 ·
1747 820 1817 853 φασὶ
1850 819 1906 854 γὰρ

213 869 307 898 quam
322 865 447 899 pareret.
464 865 537 892 Tum
554 865 813 902 Cantostephanus
831 865 958 902 tempori
971 864 1024 894 veli

1093 865 1134 891 ὅτι
1159 863 1344 902 ὑπεραλγήσας
1368 867 1416 894 τῆς
1443 862 1598 894 Ἐκκλησίας
1616 865 1662 888 καὶ
1688 866 1737 894 τῆς
1759 862 1821 888 κατ’
1856 862 1907 888 αὐ-

212 906 317 942 ﬁcans,
332 915 401 936 cum
416 908 547 937 dominae
562 911 685 946 astaret,
700 917 825 938 manum
854 909 982 939 intendit
1008 912 1041 939 ut

212 951 416 987 patriarcham
433 952 711 990 alapapercuteret:
727 954 896 990 prohibitus
911 956 1040 983 tamena

210 995 408 1031 praesentibus
422 998 475 1025 est.
488 998 562 1025 Tum
575 998 745 1035 patriarcha
758 1005 932 1031 conversus,
949 999 1040 1027 Sinite

210 1039 302 1073 hunc,
317 1040 436 1077 inquitt,
451 1043 541 1078 paulo
553 1045 621 1080 post
628 1044 708 1072 enim
719 1045 852 1072 Petream
867 1052 953 1072 suam
963 1044 1038 1072 exci-

210 1084 272 1120 piet
287 1093 294 1118 ;
310 1085 341 1113 id
355 1087 439 1122 quod
455 1094 561 1123 reapse
576 1088 692 1116 accidit.
715 1088 798 1116 Brevi
827 1088 907 1116 enim
936 1088 1038 1124 elapso

211 1130 344 1165 tempore
359 1129 436 1158 bello
451 1131 606 1168 Corcyraeo
623 1132 880 1168 Contostephanus
893 1132 989 1168 periit,
996 1132 1038 1161 la-

210 1173 280 1210 pide
295 1174 370 1202 ictus
382 1183 400 1203 a
419 1176 519 1204 nescio
534 1184 595 1213 quo
608 1177 646 1205 de
662 1177 813 1213 superiore
829 1177 911 1205 urbis
926 1185 1013 1205 muro
1029 1185 1036 1211 ;

211 1225 272 1255 quo
285 1219 345 1247 ictu
360 1220 452 1248 vitam
472 1221 550 1250 foede
565 1222 734 1258 misereque
758 1222 868 1255 amisit,
883 1224 971 1258 prout
982 1230 1037 1258 pa-

211 1263 341 1292 triarcha
350 1265 538 1300 prtedixerat.
555 1268 694 1301 Augustae
708 1274 831 1303 quoque
846 1269 947 1295 uterus
970 1275 1037 1295 ma-

211 1308 293 1336 sculo
307 1308 405 1337 fructu
418 1317 524 1346 expers
536 1310 598 1344 fuii,
617 1313 687 1346 post
702 1311 878 1347 patriarchae
889 1319 982 1347 quam
993 1310 1036 1339 di-

210 1352 310 1380 ximus
326 1353 584 1390 imprecationem.
595 1355 652 1384 Etsi
670 1355 748 1384 enim
761 1358 898 1384 natusest
909 1355 1036 1384 Manueli

210 1395 290 1424 ﬁlius
302 1397 420 1426 Alexius
434 1398 516 1428 haud
532 1408 568 1428 ex
587 1399 637 1428 illo
664 1402 774 1434 tamen,
802 1400 855 1428 sed
883 1408 920 1428 ex
946 1400 1035 1430 Maria

211 1441 325 1474 Latina,
342 1446 496 1480 susceptus
512 1444 576 1472 fuit.

1093 913 1141 940 τῆς
1154 907 1308 939 δυναστείας
1325 912 1375 935 τῶν
1395 907 1442 934 οὐκ
1461 907 1556 944 εὐαγῶς
1581 911 1612 943 τῇ
1640 906 1763 944 βασιλείᾳ
1787 909 1906 944 Lampe-

1092 964 1151 989 my,
1177 953 1272 990 μέλλων
1297 951 1351 983 ἠδη
1374 952 1540 991 ἓξέρχεσθαι,
1568 954 1615 982 τὴν
1640 950 1796 988 Αὐγοῦσταν
1826 954 1903 979 κατὰ

1091 1000 1203 1036 γαστρὸς
1228 1000 1389 1035 σφραγίσας,
1414 997 1553 1034 ἐπετίμησε
1579 999 1674 1034 μηκέτι
1695 1001 1777 1023 τεκεῖν
1807 995 1903 1023 παῖδα

1091 1042 1194 1080 ἄρρενα.
1220 1042 1250 1069 ⁴Ο
1274 1041 1304 1069 δε
1333 1044 1547 1079 Κοντοστεφανος,
1580 1046 1615 1076 τῷ
1635 1046 1717 1080 καιρῷ
1746 1043 1902 1079 χαριζόμε-

1091 1097 1143 1120 νος,
1172 1087 1227 1114 imi
1255 1089 1390 1124 παρεστὼς
1421 1085 1452 1116 ἦν
1481 1090 1512 1123 τῇ
1541 1084 1680 1123 δεσποίνῃ,
1708 1085 1817 1117 ἐξέτεινε
1849 1088 1899 1115 τήν

1091 1136 1172 1170 χεῖρα
1185 1132 1297 1169 ῥαπίσαι
1318 1133 1360 1158 τὸν
1384 1132 1554 1169 πατριάρχην
1569 1141 1575 1148 ·
1603 1130 1658 1156 ἀλλ’
1685 1130 1805 1159 ἐκωλύθη
1829 1133 1899 1168 πρὸς

1091 1181 1141 1203 τῶν
1159 1179 1398 1214 σνμπαριστώτων.
1426 1176 1456 1202 Ὀ
1479 1180 1541 1212 γοῦν
1565 1177 1736 1214 πατριάρχης
1766 1175 1899 1212 ἐπιστρα-

1091 1223 1155 1258 φείς,
1172 1220 1262 1257 ’Ἄφετε
1283 1221 1370 1255 αὑτὸν,
1397 1222 1455 1258 ἔφη.
1489 1221 1545 1257 μετ’
1569 1220 1598 1246 οὐ
1630 1220 1696 1247 πολὺ
1719 1223 1766 1249 τήν
1796 1222 1897 1246 οικείαν

1091 1267 1201 1303 Πετρεαν
1218 1265 1361 1302 ληψόμενον
1378 1265 1408 1291 ·ὂ
1427 1267 1472 1292 καὶ
1495 1267 1596 1301 γέγονεν
1621 1265 1679 1300 (l6)
1692 1272 1698 1280 '
1721 1264 1810 1300 ὀλίγον
1841 1267 1895 1302 γὰρ

1090 1309 1234 1341 δειλθὸντος
1258 1314 1361 1348 καιροῦ,
1388 1313 1477 1337 πίπτει
1502 1311 1514 1336 ό
1543 1311 1748 1346 Κοντοστὲφανος
1780 1309 1820 1340 εἰς
1849 1312 1894 1335 τὸν

1089 1355 1156 1381 κατὰ
1186 1357 1317 1392 Κέρκυραν
1343 1354 1463 1391 πὸλεμον,
1494 1353 1559 1390 λίθῳ
1588 1352 1693 1390 βληθείς
1729 1355 1797 1391 πρὸς
1822 1363 1895 1384 τινος

1088 1403 1138 1426 τῶν
1148 1403 1194 1426 τοῦ
1207 1399 1300 1430 ἄστεος
1312 1399 1406 1426 ἄνωθεν
1421 1409 1427 1415 -
1449 1399 1482 1435 ὑφ
1498 1397 1537 1424 ου’
1555 1397 1628 1425 λίθου
1655 1400 1699 1424 καὶ
1724 1400 1771 1427 τήν
1795 1397 1892 1434 ψυχὴν

1089 1444 1208 1480 αἰσχρῶς
1221 1443 1331 1470 ἀπέϐαλε
1340 1446 1385 1470 καὶ
1398 1443 1519 1476 ἐλεεινῶς,
1540 1444 1608 1469 κατὰ
1636 1445 1683 1472 τὴν
1715 1446 1762 1468 τοῦ
1796 1453 1892 1480 πατρι-

210 1484 296 1522 άρχου
320 1487 482 1526 πρόρρησιν·
508 1488 572 1515 ἀλλά
592 1491 636 1516 καὶ
660 1490 674 1520 ἡ
703 1494 748 1520 τῆς
770 1490 924 1526 Αὖγούστης
956 1491 1060 1526 γαστὴρ
1092 1490 1206 1526 ἄκαρπος
1225 1487 1252 1520 ἐξ
1280 1488 1414 1527 ἁιόρενικῆς
1437 1492 1514 1524 γονῆς
1535 1489 1615 1525 ἔμεινε
1638 1489 1684 1517 τήν
1709 1487 1772 1525 παρ’
1808 1488 1889 1514 αὐτοῦ

209 1529 371 1568 ἐπιτίμησιν,
399 1533 433 1565 ὡς
461 1535 574 1571 εἴρηται,
597 1533 744 1571 δεξαμένη·
773 1535 794 1561 εἰ
826 1536 876 1573 γὰρ
906 1537 951 1561 καὶ
976 1537 1065 1570 γέγονε
1092 1537 1129 1570 τῷ
1158 1533 1283 1563 Μανουὴλ
1308 1534 1365 1566 υἱός
1387 1533 1508 1568 Ἀλίξιος,
1545 1531 1600 1560 ἀλλ’
1630 1532 1676 1559 οὐκ
1710 1531 1737 1558 ἐκ
1775 1536 1823 1564 τῆς
1856 1532 1888 1560 εἱ-

208 1578 320 1612 ρημένης
335 1577 411 1604 αὐτόν
427 1577 549 1615 ἐγείνατο,
566 1578 680 1606 ἀλλ-’ὰπὸ
690 1582 791 1617 Μαρίας
802 1583 847 1611 τῆς
860 1579 886 1606 ἐκ
900 1581 1030 1607 Λατίνων.

247 1684 289 1712 l6.
304 1683 381 1716 Quid
395 1693 466 1714 vero
480 1686 612 1714 lsaacius
627 1687 760 1722 Angelus
771 1687 785 1715 ?
798 1688 900 1715 Nonne
927 1688 1034 1722 praeter
1048 1687 1069 1713 C

208 1733 329 1755 omnem
342 1728 454 1763 justam
469 1738 595 1759 causam
611 1731 766 1760 titulumve
776 1731 966 1764 canonicum,
981 1732 1034 1760 Ca.-

208 1772 323 1798 matero
335 1772 481 1808 deposito,
498 1775 629 1803 Nicetam
660 1775 848 1804 sacellarium
878 1775 1005 1804 obtrusit
1019 1775 1034 1803 ‘I

207 1814 312 1842 Nonne
326 1815 407 1844 hunc
422 1820 454 1846 ut
470 1818 664 1852 imbecillum,
680 1827 761 1848 anno
780 1827 841 1847 uno
850 1822 964 1853 exacto,
984 1827 1033 1848 re-

208 1865 344 1895 movens,
361 1861 513 1890 Leontium
528 1863 730 1900 patriarcham
746 1863 812 1892 fecit
824 1871 915 1900 quem
943 1864 1033 1892 etiam

207 1903 370 1932 Marianum
385 1906 535 1940 vocitavit,
550 1910 673 1941 testans,
694 1908 774 1936 hunc
794 1909 850 1936 sibi
868 1916 887 1937 a
905 1909 1033 1944 Deipara

208 1949 362 1976 ostensum
377 1958 446 1978 cum
463 1951 616 1984 mandato,
633 1955 666 1982 ut
679 1953 796 1989 dejecto
813 1953 911 1981 Niceta
941 1954 1032 1981 Leon-

207 1992 281 2020 tium
299 1993 330 2020 in
345 1994 415 2022 sede
434 1997 586 2031 poneret?
614 1998 716 2025 Nonne
742 1999 846 2033 pestea
876 1998 1032 2026 Leontium

207 2038 419 2073 exauctoravit,
435 2039 589 2068 afﬁrmans
602 2041 711 2076 pariter
730 2041 759 2069 id
781 2041 837 2069 sibi
865 2049 883 2069 a
906 2042 1032 2078 Deipara

205 2080 398 2118 imperatum.
412 2085 439 2111 et
454 2084 626 2113 Dositheum
642 2085 945 2121 Hierosolymitanum
958 2086 1031 2114 Con-

207 2126 432 2162 stantinopolim
448 2129 595 2158 transtulit
607 2130 809 2165 patriarcham
823 2129 1031 2167 ?Obloquente

206 2172 306 2197 autem
313 2178 496 2208 magnopere
502 2173 541 2200 ob
547 2173 625 2201 hanc
631 2176 826 2210 rempopulo,
833 2182 934 2203 nonne
940 2175 1030 2203 etiam

207 2214 363 2242 Dositheus
379 2216 450 2244 sede
463 2217 579 2253 excidit,
593 2219 652 2247 alio
672 2219 831 2248 substituto
855 2220 869 2247 ‘I
893 2220 1030 2256 Quinque

203 2257 293 2293 igitur
304 2259 489 2294 patriarchas
508 2262 670 2298 Byzantina
682 2263 712 2291 in
733 2263 806 2291 urbe
820 2263 898 2292 intra
912 2255 1027 2292 noven-
1047 2255 1069 2282 Ῑ)

205 2301 290 2330 nium
309 2304 460 2333 constituit
474 2307 615 2342 lsaacius,
635 2309 749 2343 quanto
768 2307 879 2336 scilicet
895 2310 1028 2344 tempore

204 2346 268 2382 ipse
279 2349 415 2383 regnavit
429 2358 435 2382 ;
448 2350 595 2379 rationem
605 2352 729 2388 quidem
740 2351 786 2380 vel
792 2352 952 2381 canonicas
959 2361 1028 2382 cau-

205 2398 254 2419 sas
267 2391 365 2420 nullas
379 2396 509 2430 secutus,
530 2395 583 2423 sed
600 2395 722 2432 propria
740 2397 857 2424 tantum
877 2397 1028 2426 voluntate

204 2438 234 2464 et
246 2436 367 2465 arbitrio
377 2437 460 2466 illum
473 2439 605 2474 ejiciens,
619 2440 698 2468 hunc
711 2447 870 2475 oggerens.
880 2443 913 2470 Et
924 2444 1026 2471 tamen

203 2480 312 2510 horum
326 2482 489 2517 neminem,
503 2483 550 2512 vel
562 2492 614 2512 eos
629 2484 681 2521 qui
698 2484 738 2512 ab
752 2485 798 2513 his
808 2487 877 2514 sunt
888 2486 1026 2522 ordinati,

204 2526 333 2555 Ecclesia
347 2527 472 2556 exclusit
487 2536 493 2556 :
507 2529 651 2566 quodque
664 2529 798 2558 festivius
817 2529 882 2564 fuit,
907 2531 952 2559 vel
976 2540 1027 2568 po-

204 2569 260 2597 tius
276 2571 403 2608 turpius,
419 2580 525 2601 omnes
542 2573 573 2602 hi
587 2576 731 2609 regnante
751 2574 859 2602 lsaacio
878 2575 1025 2610 vivebant,

238 2680 295 2724 (716)
309 2683 375 2710 Haec
385 2685 474 2724 erant
488 2684 570 2720 apud
585 2685 786 2724 Ephrgzmium
801 2694 829 2724 νζ
846 2687 931 2715 10165
942 2695 1024 2724 ssqq.

204 2714 318 2759 agique
342 2719 443 2759 notitia
454 2714 554 2748 tanien
564 2714 647 2756 quod
661 2714 924 2758 Contostephanus
934 2714 1026 2759 perte;

203 2750 247 2790 t‘it
254 2750 331 2790 bfllo
349 2753 512 2790 Corcyraeo.

239 2784 297 2823 (t7)
305 2786 388 2817 Hunc
400 2784 545 2820 ldoumde
553 2789 656 2821 limit
669 2790 772 2828 angeli
782 2791 1025 2830 prometlonlbul

1126 1685 1210 1718 ις”.Τί
1221 1683 1251 1712 δε
1265 1687 1310 1712 καὶ
1325 1685 1458 1716 Ὶσαεὶκιος
1472 1685 1485 1711 ό
1499 1684 1623 1721 Ἀγγελος
1644 1684 1720 1721 (i7);
1744 1683 1775 1711 οὐ
1805 1687 1887 1721 χωρὶς

1088 1731 1176 1761 πάσης
1187 1730 1273 1761 αἰτίας
1286 1730 1392 1766 εὐλόγου
1416 1732 1461 1756 καὶ
1490 1733 1628 1760 κανονικῆς
1659 1729 1743 1759 αἰτίας
1766 1730 1810 1756 τὸν
1834 1733 1886 1757 Κα-

1088 1777 1204 1812 ματηρόν
1219 1778 1265 1801 τοῦ
1289 1775 1380 1811 θρόνου
1406 1777 1600 1812 παρακινήσας,
1625 1776 1742 1803 Νικῆταν
1769 1775 1814 1800 τὸν
1841 1784 1885 1801 σα-

1087 1820 1218 1857 κελλάριον
1231 1821 1319 1854 ἱθετο;
1343 1820 1416 1855 Οὑχί
1438 1823 1528 1846 τοῦτον
1558 1818 1634 1850 αὖθις
1655 1821 1690 1850 ὡς
1715 1818 1794 1855 ἀφελῆ
1827 1829 1882 1856 μετ,

1088 1863 1203 1890 ὶνιαυτὸν
1232 1865 1280 1890 ἄνα
1305 1866 1471 1900 καταγαγὼν,
1498 1866 1540 1890 τὸν
1579 1864 1726 1892 θεοτοκίτην
1765 1865 1882 1890 Λεόντιον

1087 1910 1256 1946 πατριάρχην
1277 1911 1440 1940 «meimei»;
1463 1909 1490 1935 ὃν
1515 1910 1560 1934 καὶ
1591 1909 1739 1937 θεοτοκίτην
1768 1908 1881 1942 iuream,

1088 1951 1316 1990 διαϐεϐαιούμενος
1341 1955 1388 1982 τὴν
1411 1955 1537 1979 Θεοτόκον
1554 1952 1745 1989 ἐμφανισθῆναί
1775 1954 1810 1986 οἱ,
1839 1955 1882 1979 καὶ

1086 1997 1234 2034 προστάξαι
1262 2000 1378 2027 Νικήταν
1402 1999 1447 2034 μὶν
1470 1997 1597 2032 καθελεῖν,
1618 1999 1738 2024 Λεόντιον
1759 1995 1790 2024 δὲ
1829 1996 1882 2024 ἀντ’

1086 2041 1166 2068 αὐτοῦ
1181 2046 1217 2077 τῷ
1234 2043 1315 2079 θρόνῳ
1326 2042 1542 2078 ὶγκαταστῆσαις
1568 2042 1641 2078 Οὐχί
1670 2040 1745 2074 αὖθις
1767 2044 1810 2068 τόν
1837 2045 1881 2078 μέν

1088 2088 1205 2113 Λεόντιον
1225 2090 1271 2113 τοῦ
1290 2088 1380 2125 θρόνου
1401 2087 1501 2120 ἐξέωσε,
1525 2091 1570 2117 τῆς
1590 2089 1719 2114 Θεοτόκου
1748 2087 1819 2122 αὐτῷ
1838 2090 1880 2114 καὶ

1086 2131 1162 2157 πάλιν
1193 2134 1269 2158 τοῦτο
1295 2135 1406 2161 ποιῆσαι
1437 2130 1628 2167 ὃιαταξαμένης
1671 2131 1878 2169 ίσχυριζόμὲνος.

1085 2176 1128 2200 τὸν
1154 2175 1336 2212 Ἱεροσολύμων
1377 2173 1408 2202 δέ
1449 2176 1568 2202 Δοσίθεον
1611 2180 1659 2206 τῆς
1689 2178 1878 2202 Κωνσταντίνου

1087 2221 1212 2256 ίεράρχην
1235 2218 1386 2253 ἀπὲδειξεν;
1423 2220 1492 2247 Ἐπεί
1511 2219 1541 2246 δε
1579 2221 1592 2247 ὁ
1623 2222 1775 2256 γογγυσμὸς
1803 2221 1878 2252 πολὺς

1084 2267 1143 2301 περί
1166 2266 1260 2291 τούτου
1285 2267 1432 2300 γεγένηται,
1457 2265 1522 2301 οὐχὶ
1551 2267 1596 2292 καὶ
1625 2266 1756 2297 Δοσίθεος,
1789 2267 1876 2292 τούτον

1083 2310 1156 2336 ἕνεκα
1192 2313 1237 2336 τοῦ
1276 2310 1367 2346 θρόνου
1405 2308 1553 2346 ἀποπεσὼν,
1597 2311 1682 2347 ἔτερος
1727 2310 1874 2345 «oscines;

1084 2356 1160 2381 Πέντε
1181 2358 1243 2390 γοῦν
1267 2355 1334 2381 οὕτω
1355 2355 1525 2392 πατριάρχας
1553 2359 1600 2387 τῆς
1631 2358 1826 2382 Κωνσταντίνου
1863 2357 1874 2383 ὁ

1080 2400 1209 2430 νΙσαάκιος
1241 2401 1401 2428 κατέστησεν
1423 2399 1447 2425 ἐν
1467 2402 1574 2436 χρόνοις
1591 2400 1669 2432 ἐννέα,
1698 2400 1742 2430 οῦς
1766 2403 1810 2427 καὶ
1846 2399 1874 2430 ἦν

1082 2443 1244 2480 βασιλεύσας
1257 2443 1353 2474 αὑτός·
1377 2444 1445 2480 λόγῳ
1467 2445 1511 2480 μεν
1536 2447 1581 2471 καὶ
1613 2443 1758 2476 κωονικοῖς
1788 2445 1872 2481 £7111?-

1081 2497 1161 2525 μασιν
1181 2486 1304 2524 οὐδαμῶς
1327 2487 1413 2518 ἁπλῶς
1443 2487 1472 2515 δὲ
1493 2488 1578 2524 οἰκείῳ
1604 2489 1729 2526 θελήματι
1754 2491 1799 2516 καὶ
1824 2491 1873 2527 ὸρέ·

1081 2532 1130 2566 εει,
1157 2534 1200 2559 τὸν
1221 2534 1266 2569 μεν
1290 2534 1421 2568 κατάγων,
1445 2532 1488 2559 τάν
1513 2532 1539 2559 δ’
1567 2533 1678 2569 ἀνάγων.
1718 2536 1768 2560 Καὶ
1810 2536 1872 2570 ὅμως

1081 2575 1169 2609 οὐδεὶς
1194 2579 1302 2614 τούτων,
1326 2579 1340 2607 ἦ
1367 2582 1417 2604 τῶν
1451 2575 1490 2604 δι’
1525 2578 1609 2604 αὐτῶν
1645 2579 1870 2615 χειροτονηθέντων

1082 2687 1245 2730 sen_potius
1256 2688 1537 2730 perturbationibus
1545 2689 1752 2730 ecclesiasticis
1766 2689 1868 2726 profert

1081 2732 1115 2753 ex
1120 2724 1266 2753 Methodio
1273 2726 1375 2752 nostro
1384 2724 1506 2753 Allatius
1513 2726 1627 2754 Contra
1638 2724 1865 2760 Creyghfexerc.

1080 2765 1146 2792 xvn.
1156 2766 1185 2797 p.
1199 2761 1260 2789 330.
1270 2760 1342 2789 Rem
1352 2762 1455 2790 narrat
1466 2760 1558 2790 etiam
1570 2760 1758 2797 Ephramius
1769 2768 1794 2789 ν.
1806 2762 1866 2789 60t0

1079 2798 1148 2833 sqq.
