1963 3084
40 91 90 119 801

651 87 697 116 DE
717 86 908 117 SCHISMATE
925 86 1088 116 VITANDO.

1681 90 1733 120 802

41 151 152 182 ἅδι-κτος
167 155 203 188 τῇ
233 151 377 188 Ἐκκλησία
396 152 544 187 γεγένηται.
560 149 600 177 Τὸ
628 149 657 177 δὲ
673 148 706 180 δὴ
724 150 851 177 ἀστειότε-

932 151 1025 187 ropter
1036 150 1160 179 brevem
1176 147 1291 187 imperii
1300 150 1365 186 ejus
1377 149 1547 187 periodum.
1565 152 1622 181 Sed
1631 153 1669 182 de
1683 153 1731 182 his

40 207 94 234 ρον,
119 195 223 233 μᾶλλον
248 194 279 223 δὴ
299 195 461 233 ἀτιμότερον,
482 196 521 221 ὃτι
544 196 635 226 πάντ-ις
660 195 723 225 ἵζων
747 196 772 221 ἓν
797 199 852 225 ταῖς

905 195 1060 223 hactenus.
1077 196 1161 223 Nunc
1177 194 1236 224 alia
1251 195 1407 223 subtexere
1422 195 1528 231 placet.

40 243 150 278 ἡμέραις
177 241 330 274 Ἰσοιοικίου,
369 239 416 267 διὰ
437 242 466 267 τό
494 239 674 277 ὀλιγοχρόνιον
715 241 788 276 τάχα
813 239 837 266 ἐν
865 243 897 276 τῇ
928 238 999 277 ἀρχῇ
1036 240 1114 266 αὐτόν
1150 240 1318 276 γεγενῆσθαι.
1349 242 1400 266 Καὶ
1416 243 1475 277 περὶ
1496 242 1541 277 μιν
1568 243 1664 268 τούτων
1689 243 1731 270 ἐπὶ

41 289 176 312 τοσοῦτον.
194 283 269 312 Ὧδε
283 283 313 312 δε
325 287 370 312 καὶ
382 289 465 311 ταῦτα
479 286 652 323 προστίθημι.

76 330 118 361 ιζ.
148 330 280 367 Μάξιμος
308 331 321 356 ό
349 335 399 356 τῶν
424 329 606 367 Ἱεροσολύμων
632 330 699 367 ἱερός
723 327 852 366 πρόεδρος

44 377 86 401 καὶ
101 374 287 411 ὀμολογητὴς,
310 373 399 404 ἐπειδή
425 372 534 401 σύνοδον
557 376 711 412 συνήθροισε
731 377 850 407 τοπικὴν,

43 421 85 445 καὶ
110 421 157 446 τὸν
187 421 277 456 μέγαν
304 419 472 446 Ἀθανάσνιον
502 419 536 450 εἰς
560 421 680 445 κοινωίαν
707 417 812 451 ἰδέξατο
827 418 853 450 ἐξ

43 463 206 500 Ἀντιοχείας
231 463 384 502 ἐρχόμενον,
409 467 455 490 καὶ
480 466 527 494 τὴν
557 464 646 491 ἑαυτοῦ
672 463 746 491 πόλιν
773 473 853 490 κατα-

41 507 122 534 λαϐεῖν
146 507 314 545 σπεύδοντα,
337 507 474 546 δεξάμενον
487 507 540 538 ἤδη
564 508 588 535 ἐν
616 509 765 545 Ἀντιοχείᾳ
788 509 852 545 πρὸς

43 557 84 579 τοῦ
110 553 247 590 βασιλέως
282 557 463 581 Κωνσταντίου
491 556 538 583 τὴν
561 558 607 580 τοῦ
635 553 729 580 οἰκείου
763 554 852 590 θρόνου

42 596 202 634 ἐκχώρησιν,
237 597 374 630 διαϐολαῖς
409 603 455 625 τοῦ
483 601 639 637 Καισαρείας
679 597 853 627 Παλαιστίνης

44 642 167 669 Εὐσεϐίον
205 643 278 678 (18),
316 647 363 669 τοῦ
406 643 501 670 οἰκείου
543 644 633 680 θρόνου
671 642 850 675 ἐκπεπτωκὼς,

45 685 164 723 ἀνάγεται
189 687 226 718 εἰς
260 688 338 714 αὐτὸν
364 686 469 724 σπουδῇ
500 691 545 714 τοῦ
572 688 652 714 αὐτοῦ
681 689 851 725 Καισαρείας,

47 732 165 768 Κύριλλος
188 733 202 758 6
224 733 383 769 θαυμάσιος,
407 733 434 764 ὃς
457 735 501 759 καὶ
524 736 572 764 τῆς
599 733 700 770 Ἀρείου
730 733 854 769 αἱρέσεως

46 778 71 803 τὸ
87 779 212 814 πρότερον
235 776 367 814 διάπυρος
384 777 496 815 ἕραστὴς
595 780 644 804 Καὶ
667 781 743 804 τοῦτο
775 776 853 806 δῆλον

46 824 86 848 καὶ
100 821 125 853 ἐξ
138 822 224 848 ἄλλων
241 824 289 859 μὲν
319 822 429 858 πολλῶν,
447 822 499 859 οὐχ
514 821 591 852 ἧττον
611 820 640 849 δὲ
666 825 711 849 καὶ
733 825 778 848 τοῦ
797 822 854 849 Μά-

49 865 116 902 ξιμον
130 868 177 903 μὲν
196 869 229 893 τό
250 867 390 903 ὀμοούσιον
418 867 594 905 πρεσϐεύοντα
622 871 668 893 τοῦ
695 867 786 904 Θρόνου
813 865 854 895 ἐκ.

48 914 138 945 πεσεῖν,
170 911 301 949 Κύριλλον
331 910 361 938 δὲ
389 913 454 949 πρὸς
478 912 616 948 Ἀρειανὼν
644 914 699 938 ἀντὶ
730 911 852 948 Μαξίμου

50 960 207 986 καταστῆναι
240 954 370 994 πρόεδρον
392 956 543 992 rigid-lia;
572 959 645 984 Σιών,
676 959 752 992 Λέγει
784 955 813 983 δε
841 957 853 982 6

51 1002 154 1032 Νύσσης
176 1000 244 1031 θεῖος
269 1004 412 1038 Γρηγόριος
437 1000 461 1027 ἐν
486 1005 523 1036 τῷ
553 1001 588 1032 εἰς
613 1004 660 1031 rvis
690 999 853 1038 ἀνακομιδήν

52 1046 168 1082 Στςγάνου
211 1049 260 1072 τοῦ
296 1047 518 1084 πρωτομάρτυρος
543 1045 612 1082 λογῳ
654 1047 712 1082 (t9)
739 1047 817 1076 οὕτως
845 1055 852 1063 ο

52 1102 63 1114 ι(
81 1090 126 1116 Ἦν
153 1088 184 1117 δὲ
221 1091 235 1117 6
252 1090 377 1128 Κύριλλος
401 1091 428 1117 ἐκ
458 1090 627 1128 μεταμελείας
651 1095 688 1126 τῷ
718 1092 852 1127 όμοονσίῳ

52 1135 224 1172 προσθέμενος,
258 1146 271 1160 ι
298 1133 382 1166 Οὗτος
421 1137 466 1162 καὶ
493 1135 516 1162 ἐν
546 1140 576 1172 τῇ
608 1134 718 1172 δευτέρᾳ
750 1134 852 1171 συνόδῳ

54 1184 131 1217 παρῆν
155 1181 219 1218 ὑπὲρ
248 1184 298 1206 τοῦ
322 1180 400 1217 ὀρθοῦ
428 1179 615 1217 ἀγωνιζόμενος
642 1178 793 1217 δόγματος·
808 1183 852 1207 καὶ

57 1226 247 1261 συγγράμματα
287 1223 316 1251 δε
337 1225 447 1252 πλεῖστα
476 1228 522 1251 καὶ
551 1226 641 1256 πάσης
663 1225 784 1262 ὡφελείας
811 1227 850 1260 γέ-

56 1273 161 1306 μονταῇ
203 1274 256 1296 τῶν
295 1267 441 1307 ὀρθοδόξων
480 1269 661 1296 καταλέλοιπεν
696 1269 850 1298 Ἐκκλησία.

57 1313 130 1345 Οὗτος
149 1314 178 1340 οὐ
202 1317 283 1350 μόνον
308 1314 355 1341 οὐκ
389 1313 534 1346 ἀπόϐλητος
565 1317 653 1351 γέγονε
672 1319 707 1350 τῷ
732 1314 852 1343 ὶπιϐῆναι

56 1362 95 1384 τοῦ
132 1359 234 1396 θρόνου,
266 1361 305 1386 ἔτι
337 1359 478 1390 ζῶντόςτοῦ
509 1360 576 1396 ἱεροῦ
612 1359 734 1396 Μαξίμου
756 1362 800 1386 καὶ
827 1359 852 1386 ἓν

58 1402 133 1440 ἐξορία
159 1405 223 1441 ὑπὲρ
260 1408 307 1431 τοῦ
341 1404 420 1442 ὀρθοῦ
445 1403 583 1440 διάγοντος
605 1404 696 1440 λόγου,
721 1403 784 1430 ἀλλὰ
807 1407 852 1430 καὶ

873 757 894 784 Β

947 331 987 356 t7.
1015 328 1296 365 Hierosolymorum
1324 329 1496 366 patriarcha
1521 331 1550 358 et
1578 330 1733 360 confessor

907 373 1062 406 Maximus,
1070 375 1241 410 postquam,
1249 376 1430 410 congregata
1436 373 1590 402 Palaestina
1601 375 1719 410 synodo
1725 396 1732 409 ,

906 424 1054 452 magnum
1065 417 1264 446 Athanasium
1278 418 1435 446 Antiochia
1449 419 1616 454 profectum
1643 422 1734 456 atque

907 461 947 494 ad
963 469 1049 490 suam
1064 461 1170 490 urbem
1182 462 1375 491 accedentem
1387 463 1418 491 in
1432 463 1678 492 communionem
1685 473 1734 493 ac-

908 505 995 541 cepit,
1011 506 1063 542 qui
1073 506 1137 542 jam
1165 506 1318 535 decretum
1352 508 1516 536 Constantii
1545 508 1733 544 imperatoris

907 552 1014 579 nactus
1026 553 1088 579 erat
1102 551 1275 584 Antiochiae,
1289 559 1351 588 quo
1362 552 1433 580 sede
1450 560 1505 580 sua
1515 552 1732 589 deponebatur,

908 597 1028 632 propter
1040 596 1160 624 Eusebii
1178 596 1366 624 Cmsariensis
1379 597 1410 624 in
1426 596 1582 626 Palaestina
1595 598 1658 634 epis
1664 599 1731 635 copi

907 639 1084 675 calumnias,
1097 640 1161 676 ipse
1174 648 1296 677 quoque
1306 641 1449 669 Maximus
1474 642 1544 670 sede
1555 651 1610 671 sua
1637 643 1734 672 detra-

907 683 997 720 hitur;
1028 684 1178 721 habetque
1194 693 1411 719 successorem,
1442 685 1594 715 adnitente
1624 688 1732 716 eodem

908 728 1092 763 Caesariensi,
1107 729 1247 766 Cyrillum
1269 730 1354 758 illum
1368 729 1539 764 miriﬁcum,
1572 731 1624 768 qui
1643 735 1733 760 antea

908 773 1041 802 fervidus
1054 774 1114 802 Arii
1129 774 1244 803 assecla
1258 774 1362 803 fuerat:
1377 782 1445 811 qua
1457 783 1504 803 res
1519 783 1589 804 cum
1612 776 1732 806 aliunde

909 821 1035 853 constat,
1047 821 1110 847 tum
1127 819 1196 848 inde
1209 819 1309 855 etiam,
1331 820 1415 856 quod
1439 821 1583 849 Maximus
1607 822 1722 851 homou

908 863 1013 891 sianus
1028 863 1142 892 honore
1158 864 1266 892 excidit
1281 863 1409 900 Cyrillus
1425 867 1526 894 autem
1551 866 1589 894 ab
1617 867 1733 895 Arianis

910 908 949 936 ad
963 911 1072 937 sanctas
1083 908 1166 936 urbis
1185 908 1393 944 pontificatum
1419 913 1576 946 promotus
1600 914 1646 939 est
1677 919 1732 948 pro

909 953 1044 981 Maximo.
1062 955 1150 982 Porro
1169 953 1257 981 divus
1269 954 1425 988 Gregorius
1441 956 1592 990 Nyssenus
1613 956 1644 984 in
1668 964 1733 985 ora-

908 998 988 1026 tione
1001 998 1038 1026 de
1046 998 1239 1034 reliquiarum
1248 999 1390 1035 Stephani
1399 1000 1627 1036 protomarytris
1639 1003 1730 1029 trans-

908 1041 1027 1078 latione,
1060 1043 1102 1071 sic
1131 1043 1193 1071 ait:
1215 1054 1225 1067 n
1249 1043 1373 1079 Cyrillus
1400 1046 1470 1080 post
1496 1044 1731 1080 resipiscentiam

908 1087 1091 1116 vocabulum
1104 1087 1275 1116 homousion
1289 1088 1476 1117 admittebat.
1489 1099 1500 1114 ι
1513 1088 1566 1117 Hic
1592 1089 1731 1118 secunda:

908 1131 999 1159 etiam
1009 1139 1144 1168 praesens
1160 1132 1277 1168 synodo
1297 1134 1378 1160 recto
1409 1132 1550 1168 dogmate
1575 1134 1729 1170 pugnavit:

907 1177 936 1203 et
946 1175 1077 1211 plurima
1091 1179 1180 1214 atque
1195 1177 1352 1205 utilissima
1362 1177 1473 1213 scripta
1486 1177 1659 1206 orthodoxa:
1680 1180 1730 1207 Ec-

907 1219 1004 1248 clesia:
1020 1220 1146 1257 reliquit.
1161 1222 1226 1250 Jam
1241 1229 1313 1250 vero
1322 1221 1371 1249 hic
1399 1221 1523 1258 Cyrillus
1549 1230 1612 1250 non
1635 1223 1732 1251 solum

907 1264 1038 1294 Ecclesia
1051 1266 1164 1301 ejectus
1184 1273 1245 1294 non
1260 1268 1316 1299 est,
1333 1269 1492 1303 propterea
1517 1267 1599 1303 quod
1628 1267 1731 1296 sedem

907 1310 1124 1346 occupavisset,
1137 1311 1255 1339 vivente
1269 1310 1368 1339 adhuc
1390 1311 1518 1340 Maximo
1543 1315 1570 1340 et
1581 1313 1651 1341 recti
1681 1313 1733 1341 do-

907 1354 1016 1389 gmatis
1031 1362 1123 1383 causa
1130 1355 1495 1388 exsulante,verumetiam
1509 1356 1733 1385 laudatissimus

906 1396 1059 1434 fuitatque
1075 1402 1242 1435 pergratus:
1259 1400 1548 1436 namqueethuncin
1559 1404 1732 1430 sanctorum

59 1445 178 1480 ἐπαινετὸς
206 1450 278 1475 πάνυ
307 1451 352 1475 καὶ
371 1447 525 1480 ἀπόδεκτος-
557 1449 599 1475 ἕνα
623 1450 673 1486 γὰρ
694 1453 743 1475 τῶν
772 1449 851 1485 ἁγίων

932 1450 1034 1471 umero
1050 1434 1179 1472 Ecclesia
1190 1434 1353 1472 recensere—
1365 1444 1518 1479 gloriatur.

62 1492 74 1519 ἡ
89 1492 227 1522 Ἐκκλησία
241 1495 290 1520 καὶ
300 1497 390 1520 τοῦτον
404 1493 555 1520 πλουτοῦσα
568 1495 727 1530 σεμνύνεται.

90 1536 130 1566 ιη’.
153 1541 185 1564 Τί
208 1537 238 1565 δὴ
267 1540 311 1565 καὶ
326 1538 448 1569 Μελέτιος
466 1539 479 1564 ό
500 1540 580 1574 μέγας
595 1537 619 1564 ἐν
643 1538 820 1575 όμολογηταῖς
844 1547 850 1573 ;

62 1580 86 1606 οὗ
106 1581 256 1614 Σιϐαστείας
286 1585 330 1610 καὶ
354 1582 474 1620 Βερροίας
503 1587 550 1613 τῆς
580 1584 647 1609 κατὰ
676 1585 778 1620 Συρίαν,
808 1584 853 1609 καὶ

64 1624 192 1653 τελευταῖον
216 1627 381 1664 Ἀντιοχείας
408 1631 454 1658 τῆς
486 1627 601 1664 μεγάλης
624 1629 668 1654 τὸν
698 1629 786 1664 θρόνον
811 1637 852 1653 πι-

65 1671 167 1697 στεύεται
204 1674 273 1710 πρὸς
307 1672 444 1710 Ἀρειανῶν
468 1680 475 1706 ;
497 1672 526 1698 οὔ
557 1673 734 1710 συμπράκτωρ
764 1672 854 1703 αὐτοῖς

64 1715 102 1739 καὶ
119 1717 312 1751 συναγωνιστὴς
331 1714 373 1749 ἧν,
393 1717 438 1742 καὶ
464 1717 497 1742 τὰ
526 1714 654 1742 δοκοῦντα
679 1716 768 1748 αὐτοῖς
789 1726 853 1753 κρα-

64 1758 136 1784 τύνειν
159 1759 292 1796 ἠπείγετο,
319 1760 356 1791 οἷς
384 1763 428 1787 καὶ
453 1762 497 1787 τὸν
523 1760 623 1796 ὑψηλόν
647 1765 737 1788 τοῦτον
766 1761 852 1798 θρόνον

68 1800 156 1835 δίκαιος
186 1804 276 1843 ἔκριοη
303 1805 410 1840 λαϐιῖν;
430 1807 479 1833 Καὶ
505 1807 556 1844 γάρ
573 1816 639 1838 τινες
664 1810 710 1833 τοῦ
730 1807 852 1843 ὑμετέρου

66 1851 211 1884 φρονήματός
230 1860 294 1877 ποτε
329 1851 364 1881 εἰς
395 1850 487 1886 λόγους
523 1851 634 1882 ἐλθόντες
652 1850 726 1888 ἐμοὶ,
760 1849 853 1877 διαϐε-

67 1890 199 1929 ϐαιούμενοι
214 1896 327 1931 ἰφασκον
346 1895 402 1932 μεθ’
415 1895 478 1926 ὅσης
497 1896 528 1921 οἷν
554 1905 592 1926 τις
620 1898 687 1922 εἴποι
715 1899 763 1927 τῆς
791 1895 853 1922 ἀπο-

65 1939 134 1970 νοίας,
165 1940 204 1965 ὅτι
238 1939 360 1967 Μελέτιον
386 1941 429 1966 τόν
455 1939 629 1976 Ἀντιοχείας,
659 1942 785 1977 Γερμανὸν
810 1942 853 1966 τὸν

67 1979 223 2018 ὀμολογητὴν,
246 1986 292 2010 καὶ
318 1983 432 2022 Πρόκλον
459 1986 502 2010 τόν
543 1984 570 2010 ἐκ
604 1986 719 2016 Κυζίκου
744 1994 853 2020 μετατε-

68 2024 131 2052 θέντα
153 2027 185 2058 εἰς
203 2028 278 2055 πόλιν
301 2031 348 2058 τὴν
373 2028 577 2065 βασιλεύουσαν,
611 2031 655 2055 καὶ
681 2031 727 2056 σὺν
754 2030 854 2060 τούτοις

68 2070 194 2107 Γρηγόρίον
229 2075 274 2100 τόν
313 2073 434 2110 Θεολόγον
463 2076 558 2110 φωνὴν,
593 2075 658 2109 μετὰ
696 2072 853 2111 διακρίσεως

945 1533 986 1559 t8.
1004 1531 1080 1565 Quid
1091 1540 1180 1569 porro
1196 1539 1326 1568 magnus
1341 1532 1417 1560 inter
1442 1535 1628 1564 confessores
1650 1536 1731 1564 Melc-

907 1579 981 1608 tius‘?
994 1580 1096 1607 Nonne
1123 1578 1274 1612 Sebastiaz,
1299 1581 1327 1608 et
1350 1588 1422 1609 mox
1464 1582 1610 1610 Berrhmze
1638 1582 1729 1618 Syree,

907 1627 1059 1662 postremo
1074 1623 1237 1652 Antiochia:
1244 1632 1364 1659 magnae
1371 1633 1472 1655 sacras
1486 1626 1597 1654 infulas
1603 1625 1642 1654 ab
1650 1626 1732 1654 Aria-

907 1671 953 1699 nis
960 1669 1093 1706 accepit?
1100 1676 1200 1697 nonne
1207 1669 1252 1697 his
1259 1669 1322 1706 ipse
1333 1670 1451 1700 favebat
1460 1671 1655 1707 navabatque
1663 1677 1732 1707 ope-

907 1723 973 1744 ram
983 1716 1104 1743 ?nonne
1116 1714 1226 1742 horum
1241 1714 1349 1750 placita
1355 1715 1475 1744 ﬁrmare
1483 1716 1649 1751 satagebat,
1659 1723 1731 1752 quo-

907 1768 976 1788 rum
989 1759 1093 1787 favore
1119 1759 1310 1795 pontiﬁcatus
1338 1760 1455 1796 apicem
1491 1761 1618 1797 adeptus
1641 1762 1704 1788 erat
1719 1759 1733 1788 ?

907 1805 1116 1832 Verumtamen
1129 1803 1255 1839 quidam
1266 1806 1370 1832 vestrae
1377 1808 1463 1833 sectae
1470 1805 1607 1833 homines
1613 1811 1732 1832 mecum

908 1848 1113 1885 colloquentes
1129 1856 1249 1876 summa
1261 1856 1330 1876 eum
1342 1849 1464 1878 stultitia
1486 1849 1689 1884 afﬁrmabant,
1701 1856 1733 1877 se

907 1894 1032 1930 quidem
1043 1893 1188 1922 Meletium
1204 1893 1367 1922 Antiochiae
1396 1894 1585 1931 episcopum,
1615 1895 1734 1922 Germa-

908 1946 983 1966 num
1021 1938 1233 1972 confessorem,
1269 1937 1409 1966 Proclum
1438 1939 1537 1975 Cyzico
1557 1938 1734 1966 translatum

908 1981 1207 2018 Constantinopolim,
1216 1981 1364 2018 simulque
1372 1982 1734 2018 GregoriumTheologum

908 2026 1084 2062 exceptione
1110 2026 1244 2062 quadam
1254 2028 1282 2054 et
1307 2027 1395 2063 quasi
1419 2028 1548 2063 gratiose
1577 2027 1733 2063 episcopos

909 2079 1082 2106 agnoscere,
1098 2078 1160 2098 non
1174 2074 1275 2099 tamen
1290 2073 1322 2099 ut
1335 2072 1481 2107 genuinos
1487 2071 1640 2108 praesules.
1653 2073 1733 2099 Itane

68 2115 126 2140 ιατὰ
144 2119 220 2155 χάριν
242 2116 387 2154 διχόμιθα,
413 2117 467 2144 ἀλλ’
482 2117 535 2154 οὐχ
549 2120 584 2149 ὡς
598 2121 712 2154 γνησίως
728 2117 851 2155 ἀρχιερα-

932 2123 962 2144 os
976 2115 1074 2144 cuncti
1087 2115 1353 2151 reapsejudicatis,
1365 2124 1405 2144 an
1421 2117 1519 2153 potius
1538 2124 1590 2144 eos
1619 2115 1671 2152 qui
1691 2117 1733 2144 sic

69 2159 203 2193 τεύσαντας.
218 2162 278 2199 Ἀρ*
295 2161 338 2189 οὖν
358 2166 434 2189 τοῦτο
449 2161 523 2189 δοκεῖ
543 2165 588 2189 καὶ
615 2166 695 2189 πᾶσιι
722 2164 782 2199 ὑμῖν
797 2171 804 2197 ;
821 2163 853 2190 Ἦ

71 2204 120 2234 τοὺς
138 2204 247 2238 εἰπόντας
267 2205 403 2238 δυσσεϐῶς
428 2210 511 2233 ταῦτα
538 2209 583 2233 καὶ
606 2207 676 2243 ὑμῶν
705 2207 797 2234 ὁπόσοι
822 2209 855 2234 τὰ

73 2244 118 2272 θεῖοί
141 2247 194 2276 ἔστε
234 2250 423 2287 εὐλαϐέστεροι,
450 2252 618 2285 καταπτύετε,
648 2252 682 2282 ὡς
710 2251 794 2287 ἡμεῖς,
824 2253 853 2278 τό

74 2290 139 2322 σέϐας
157 2298 206 2326 τοῖς
218 2295 301 2332 ἁγίοις
317 2297 484 2333 προνέμοντες
508 2295 538 2321 οὗ
561 2295 618 2321 κατ’
647 2297 745 2321 οἰκείαν
771 2296 853 2333 χάριν

72 2333 124 2362 οὐδὶ
141 2335 278 2376 διάκρισιν,
301 2339 356 2367 ἀλλ’
372 2341 406 2371 ὡς
431 2342 551 2376 γνησίοις
579 2343 625 2370 τῆς
653 2339 774 2371 ἀληθείας
789 2350 852 2377 προ-

73 2379 175 2415 στάταις,
198 2387 241 2411 καὶ
263 2387 379 2421 νομίμως
391 2387 439 2414 τήν
469 2383 622 2413 Ἐκκλησίαν
652 2385 849 2422 ὶιρατεύσασιν;

74 2420 132 2449 Ἀλλ’
156 2427 212 2465 ὅπερ
252 2420 297 2466 μεν
328 2431 391 2466 πρὸς
417 2429 489 2456 τοῦθ’
516 2430 590 2465 ὑμεῖς
617 2420 687 2465 ἔχειν
715 2428 849 2465 βούλεσθε,

74 2467 137 2496 αὐτοὶ
162 2471 190 2498 ἂν
217 2472 302 2504 εἰδῆτε
323 2484 330 2491 ·
359 2475 374 2503 ἡ
390 2474 441 2511 γὰρ
470 2477 516 2500 τοῦ
545 2477 612 2501 Θεοῦ
639 2473 781 2503 Ἐκκλησία
792 2474 850 2510 (20)

73 2516 182 2548 γνησίους
199 2520 345 2556 προστάτας
363 2521 408 2545 καὶ
431 2516 595 2550 διδασκαλος
623 2521 668 2545 καὶ
693 2520 850 2556 προμάχους

103 2611 152 2651 (ιδ)
165 2616 225 2653 lino
249 2617 363 2646 Acacii.
377 2619 556 2653 Anonymus
572 2624 641 2645 vero
652 2617 850 2645 Baroccianus

76 2651 190 2682 θριιεοβί
204 2653 387 2682 Ctesariensis
401 2651 512 2681 nomen
524 2652 634 2681 reticet.

87 2682 113 2725 ,l
118 2685 125 2710 ¹
130 2685 153 2717 9)
164 2682 194 2725 111
208 2691 342 2718 sanctum
349 2688 534 2725 Stephanum
540 2687 608 2725 dum
614 2690 732 2725 exstant
745 2687 850 2725 lauda-

78 2716 378 2762 tionesﬂysseniiruna
435 2716 542 2761 priscis
555 2724 744 2762 editionibus,
757 2724 850 2762 altera

77 2758 107 2781 ει
117 2756 208 2788 codice
221 2761 358 2792 Vaticano
372 2768 392 2791 δ
401 2756 598 2798 cl.'Zacagnio
622 2760 712 2791 edita.
737 2756 849 2790 Neutra

908 2159 1074 2195 irreligiose
1087 2159 1262 2196 loquuntur,
1285 2168 1338 2188 νος
1368 2168 1490 2197 quoque
1523 2163 1671 2198 quotquot
1692 2160 1734 2197 pii

909 2205 989 2240 estis,
1000 2205 1066 2241 pari
1080 2204 1239 2233 nobiscum
1253 2207 1428 2241 contemptu
1440 2205 1621 2234 aversamini
1637 2214 1644 2239 ;
1665 2213 1734 2234 san-

908 2252 971 2278 ctos
987 2253 1088 2278 autem
1098 2249 1153 2278 hos
1159 2249 1494 2278 hominesveneratione
1505 2250 1731 2288 prosequimini,

908 2303 970 2324 non
982 2294 1154 2330 exceptione
1167 2294 1302 2330 quadam
1318 2295 1444 2331 etquasi
1459 2295 1598 2330 gratiose,
1623 2295 1678 2324 sed
1701 2298 1734 2324 ut

907 2347 993 2368 veros
1008 2347 1113 2375 reapse
1132 2338 1263 2366 veritatis
1276 2341 1431 2375 patronos,
1448 2339 1657 2376 legitimosque
1681 2341 1732 2368 Ec-

907 2384 1003 2412 clesia
1016 2383 1170 2411 ministros
1183 2383 1196 2410 Ἰ
1209 2384 1636 2421 Verumtamenquidhacinre
1645 2392 1732 2420 agere

905 2428 1011 2463 velitis,
1026 2427 1083 2464 ipsi
1095 2427 1219 2456 demum
1242 2428 1418 2457 constituite.
1434 2429 1484 2456 Dei
1499 2429 1623 2466 quidem
1638 2428 1733 2458 Eccle-

905 2473 951 2502 sia
961 2472 1119 2509 preedictos
1135 2472 1213 2501 viros
1226 2480 1281 2501 ceu
1295 2473 1442 2508 genuinos
1458 2473 1613 2507 antistites,
1642 2476 1730 2502 rectae

904 2520 1014 2546 nostrae
1024 2516 1095 2546 ﬁdei
1109 2517 1269 2553 magistros
1286 2525 1322 2546 ac
1339 2517 1513 2546 defensores
1530 2517 1642 2554 ubique
1653 2525 1730 2554 prae-

904 2617 1006 2645 tamen
1020 2615 1152 2653 loquitur
1161 2615 1199 2644 de
1217 2614 1411 2653 translatione
1430 2614 1626 2653 reliquiarum
1644 2614 1726 2650 ejus:

927 2660 997 2680 nare
1005 2650 1070 2680 nec’
1077 2652 1168 2686 verba
1183 2660 1201 2680 a
1213 2651 1358 2680 Methodio
1371 2651 1461 2679 citata
1474 2650 1512 2686 in
1523 2650 1559 2678 iis
1577 2650 1727 2686 leguntur.

927 2660 997 2680 nare
1005 2660 1060 2680 nec
1077 2660 1168 2680 VCI‘Da
1183 2660 1201 2680 ἃ
1213 2660 1358 2680 ιιιθῐιιοαιο
1371 2660 1461 2679 01ιᾶἰᾶ
1474 2660 1504 2678 In
1523 2660 1559 2678 IIS
1577 2660 1727 2686 leguntur.

903 2660 1043 2724 guperest
1057 2695 1127 2723 ergo
1138 2685 1175 2716 'ut
1189 2687 1274 2716 tertia
1287 2687 1414 2723 Nysseni
1440 2685 1535 2716 oratio
1564 2686 1601 2715 de
1613 2688 1640 2716 S.
1669 2688 1727 2717 Stc«

903 2723 1006 2760 phano
1021 2723 1187 2760 detegatur.

938 2758 1253 2798 (20)1)θοδῐ⁷Ἐκκλησία
1266 2759 1297 2790 in
1315 2758 1430 2798 codice,
