1963 3084
213 123 264 150 803

637 112 802 143 METEODII
822 109 981 139 MONACHI
1000 107 1045 135 DE
1065 107 1257 136 SCHISMATE
1275 107 1447 137 VITANDO.

1848 107 1908 134 804

211 183 300 214 dicat,
307 182 411 216 eisque
430 178 582 214 gloriatur;
592 178 682 212 atque
690 174 828 203 itavincit
846 179 962 201 omnem
977 170 1037 216 hie-
1051 171 1074 197 A
1091 180 1119 197 το

1094 174 1136 197 τοῦ
1159 170 1237 207 ὀρθοῦ
1261 174 1307 200 τῆς
1332 170 1390 197 καθ’
1417 171 1487 207 ἡμᾶς
1509 172 1624 201 πίστεως
1650 169 1728 206 λόγον
1754 172 1907 204 πανταχοὺ

211 227 311 261 resim,
330 215 481 253 etihorum
496 222 570 250 freta
584 220 755 255 magisterio
779 221 869 253 atque
891 215 1036 261 exemplis

212 258 357 299 malitiam
376 268 495 296 illorum
510 267 665 294 aversatur
678 272 713 292 ac
732 262 837 299 procul
855 260 967 297 abjicit,
983 258 1036 296 qui

212 315 269 344 sub
288 313 438 350 religionis
457 312 581 341 obtentu
600 310 735 338 ﬁdelium
761 315 872 344 corpus
901 306 1036 334 nituntur

211 359 388 388 discindere.

250 451 292 476 l9.
309 447 399 475 Divus
409 448 486 474 certe
503 445 734 480 Chrysostomus
745 441 782 470 de
805 440 909 469 Meletii
937 438 1036 467 Antio-

213 491 300 521 cheni
313 490 446 527 episcopi
460 489 552 518 sacris
567 487 708 516 manibus
723 486 820 522 primo
844 484 967 521 quidem
994 491 1038 511 re—

213 535 413 572 generationis
427 542 548 563 sacrum
560 533 726 564 lavacrum,
742 532 847 567 postea
861 529 1038 557 diaconatus

213 571 595 617 quoqueaccepitordinem
601 582 790 612 quanquam,
804 573 898 610 probe
914 571 1038 617 sciebat,

212 615 358 660 magnum
372 621 557 651 Eustathium
567 622 597 649 in
617 620 719 648 exsilio
729 619 805 647 inter
827 617 972 654 plurimas
984 615 1038 643 mi-

213 669 304 697 serias
314 667 437 699 versari,
453 668 540 694 rectae
556 665 744 697 ﬁdei.causa.
770 665 796 691 is
812 662 901 691 etiam
924 663 1039 689 utrum-

213 721 273 750 que
293 711 522 741 laudationibus
544 709 709 742 exornavit,
724 707 880 739 Meletium.
903 706 1038 742 inquam,

214 760 303 794 atque
318 751 859 788 Eustathium,rixarumindecentium
869 750 1040 778 stultarum-

215 811 273 839 que
281 804 508 830 contentionum
517 802 666 828 amatores
679 797 821 834 praeclare
832 798 1038 824 contemnens.

1091 217 1199 246 τούτους
1227 215 1420 253 προϐαλλομένη
1447 216 1609 251 σεμνύνεται,
1638 216 1684 240 καὶ
1719 217 1781 249 νικᾷ
1806 216 1908 239 πᾶσαν

1091 261 1190 297 αἳρεσιν
1222 263 1268 286 καὶ
1301 263 1389 286 πᾶσαν
1417 262 1554 286 κακόνοιαν
1585 263 1634 285 τῶν
1660 259 1686 285 ἐν
1713 260 1908 296 προσχήματι

1091 303 1220 334 εὐλαϐείας
1246 307 1410 340 κατατέμνειν
1441 306 1470 330 τό
1496 308 1546 330 τῶν
1571 308 1669 330 πιττῶν
1701 307 1782 339 σῶμα
1808 312 1907 328 σπου-

1091 346 1140 378 δήν
1153 349 1300 385 τιθεμένων,
1315 353 1373 380 ταῖς
1393 350 1490 375 τούτων
1515 347 1648 385 διδαχαῖς
1660 357 1688 374 τε
1708 350 1753 374 καὶ
1766 347 1908 385 πράξεσιν

1091 392 1284 430 ἀποτρεπομένη
1299 396 1345 420 καί
1354 393 1442 431 πόῤῥω
1457 392 1606 429 βάλλουσα.

1128 438 1172 467 ιϐ’,
1186 437 1215 464 Ὀ
1229 440 1318 475 μέντοι
1338 448 1366 474 γε
1391 439 1457 469 θεῖος
1485 440 1675 474 Χρυσὸοτομος
1696 441 1754 468 ταῖς
1766 436 1908 464 Μελπίου

1091 486 1137 508 τοῦ
1164 483 1328 519 Ἀντιοχείας
1359 485 1454 519 χερσὶν
1480 483 1560 519 ἱεραῖς
1589 484 1713 519 πρότερον
1796 483 1828 507 τό
1850 485 1909 511 τῆς

1092 526 1292 563 παλιγγενεσίας
1322 528 1387 554 θεῖον
1415 527 1534 564 λουτρὸν,
1576 527 1683 563 ὕστερον
1716 524 1746 553 δι
1772 528 1822 555 τὴν
1851 530 1908 555 τῆς

1093 569 1229 602 διακονίας
1267 574 1430 609 χειροτονίαν
1458 573 1531 608 ἱερῶς
1570 569 1678 607 δέχεται
1703 581 1709 586 ·
1737 572 1782 596 καὶ
1811 573 1908 596 ταῦτα

1094 615 1167 647 εἰδὼς
1197 618 1240 643 τὸν
1264 619 1344 654 μέγαν
1368 618 1512 644 Εὐστοὲθιον
1540 616 1565 642 ἄν
1593 616 1680 652 εξορίᾳ
1693 615 1831 646 πλείσταις
1856 616 1906 641 ὅτι

1094 664 1226 688 κακὼσεσι
1255 662 1469 698 προσπαλαίοντα
1492 665 1537 691 τῆς
1566 661 1646 696 ὀρθῆς
1669 661 1741 686 ἕνεκα
1767 662 1904 693 πίστεως,

1093 706 1121 736 ὃς
1153 709 1198 732 καὶ
1239 705 1396 744 ἀμφοτέρους
1433 706 1571 742 ἐγκωμίοις
1611 705 1728 741 ἐτίμησε,
1771 704 1904 731 Μελέτιον

1095 748 1199 779 δηλαδή
1226 753 1270 776 καὶ
1297 750 1452 785 Εὐστάθιον,
1488 750 1547 781 τοῦς
1574 749 1735 787 ἔρεσχελίαις
1771 748 1904 785 ἀσέμνοις

1093 798 1138 821 καὶ
1154 797 1280 831 ματαίαις
1293 795 1446 822 ἐνστάσεσιν
1472 798 1577 832 χαίρειν
1596 794 1728 825 ἑθὶλοντας
1751 794 1903 831 θεοφρόνως

215 837 341 875 necnon
356 844 536 880 excogitatas
555 843 594 872 ab
619 841 793 870 hominibus
822 839 1038 876 appellationes
1054 844 1075 872 Β
1094 838 1119 865 ἀπ

1094 838 1302 876 ἀπορῤιψάμινος
1326 841 1373 866 σὺν
1404 843 1463 870 ταῖς
1499 839 1526 871 ἐξ
1551 839 1691 876 ἀνθρώπων
1721 837 1900 874 ἐπωνυμίαις,

215 894 319 918 contra
332 890 477 918 decorum
492 891 581 924 atque
594 887 740 915 ofﬁcium.
764 885 878 921 Quippe
898 884 939 912 illi
954 883 1038 911 Mele-

215 935 312 964 tianos
320 933 513 970 appellabant
525 931 712 960 adversarios
727 938 809 963 suos;
825 929 855 957 hi
867 936 970 957 rursus
984 929 1038 955 Eu-

215 979 380 1007 stathianOs
386 977 451 1005 illos
461 976 717 1008 vocitabantouze
729 974 842 1007 ﬂagitia
847 973 1040 1001 doctissimus

215 1030 336 1060 quoque
345 1030 437 1050 sacrae
452 1021 493 1049 rei
500 1020 623 1048 Basilius
626 1018 978 1056 jampridemdetestans,
985 1017 1039 1045 ila-

215 1068 337 1105 gitiosos
348 1066 558 1095 miserebatur.
571 1066 667 1098 Quare
676 1067 704 1092 et
710 1064 749 1092 ad
755 1070 902 1098 magnum
909 1061 1040 1089 Athana-

217 1113 296 1141 sium
311 1112 354 1140 sic
369 1110 519 1139 scribebat
538 1119 544 1137 ε
561 1121 571 1134 ι
594 1109 757 1137 Antiochiae
772 1107 897 1135 morbus
927 1113 1040 1141 magno

217 1157 329 1185 medico
343 1155 466 1191 indiget:
482 1158 547 1190 ejus
561 1154 641 1182 enim
656 1152 792 1181 Ecclesiae
799 1151 1041 1180 etsivitaliasana

217 1203 296 1236 sunt,
303 1201 403 1229 vultus
415 1203 518 1228 tamen
530 1199 689 1227 laceratur.
699 1207 714 1223 »
723 1197 805 1225 idem
812 1196 842 1224 in
851 1195 909 1224 alia
915 1194 1041 1231 epistola

217 1246 278 1279 ait:
295 1256 309 1270 ‹‹
332 1246 391 1280 Ego
417 1243 563 1272 Meletium
583 1250 645 1271 non
661 1244 789 1277 ignoro:
809 1249 864 1268 usa
892 1242 938 1268 est
959 1240 1040 1267 enim

217 1290 429 1319 communione
441 1289 507 1324 ejus
521 1287 650 1316 Ecclesia
661 1294 738 1320 mea,
754 1285 888 1314 etadhuc
902 1285 1004 1319 utitur,
1012 1286 1041 1312 et

216 1343 287 1364 cum
299 1333 416 1363 Domini
431 1332 526 1368 gratia
538 1331 679 1367 deinceps
699 1333 805 1359 utetur.
823 1341 836 1354 η
866 1331 899 1357 Et
919 1329 950 1357 in
969 1328 1037 1356 alia:

229 1390 244 1405 «
259 1378 287 1407 Si
301 1385 417 1411 omnes,
432 1376 554 1405 omissis
569 1374 819 1408 contentionibus,
844 1373 960 1402 homini
988 1372 1039 1400 Dei

217 1422 329 1451 Meletio
345 1422 538 1450 adhzererent.
560 1431 574 1445 η
586 1420 690 1448 Adhuc
701 1419 732 1447 in
757 1419 825 1447 alia:
842 1430 854 1444 ι
869 1418 920 1446 Illa
943 1417 1038 1445 Eccle~

217 1468 268 1496 sia:
275 1467 411 1495 membra
423 1473 489 1494 esse
506 1465 762 1501 judicamus,quaz
772 1471 852 1497 cum,
859 1462 980 1491 homine
987 1462 1038 1490 Dei

217 1512 330 1540 Meletio
346 1511 505 1540 cohaerent.
522 1521 536 1535 »
549 1511 580 1538 Et
601 1517 717 1537 rursus:
741 1520 755 1533 «
784 1509 905 1544 Oportet
931 1515 1037 1535 omnes

217 1557 256 1585 ad
271 1556 424 1585 hominem
444 1554 495 1583 Dei
511 1553 656 1582 Meletium
671 1562 702 1581 se
718 1552 913 1589 adjungere.«
928 1553 1038 1588 Repre-

215 1601 327 1630 hensus
339 1603 440 1628 autem
453 1607 472 1627 a
482 1598 582 1626 nescio
597 1606 669 1634 quo,
684 1598 725 1626 ita
739 1605 771 1625 se
787 1596 929 1625 defendit:
949 1608 959 1621 ι
977 1597 1038 1631 Ego

215 1645 378 1674 Antiochiae
391 1643 566 1680 episcopum
579 1642 648 1670 novi
654 1642 805 1670 neminem
815 1641 871 1669 nisi
880 1640 1037 1669 Meletium.

216 1691 316 1726 Neque
336 1688 460 1716 omnino
473 1688 516 1715 sic
531 1687 614 1717 dixit.
625 1686 708 1723 quod
716 1686 890 1714 Eustahium
896 1685 1037 1722 rejiceret,

216 1733 270 1762 sed
279 1736 310 1761 ut
324 1741 376 1761 eos
390 1731 534 1760 refelleret
552 1731 807 1766 confunderetque
826 1729 878 1766 qui
894 1730 1039 1758 Meletium

216 1785 278 1806 non
293 1776 483 1813 recipiebant:
502 1775 589 1803 simul
602 1775 703 1810 etiam,
719 1775 792 1811 quia
806 1774 830 1802 is
854 1774 972 1802 interim
987 1775 1039 1802 Ec-

216 1822 339 1850 clesiam
353 1820 472 1849 tenebat
483 1819 758 1856 regebatque,dum
767 1818 936 1846 Eustathius
948 1818 978 1846 in
989 1827 1037 1847 ex-

217 1865 282 1894 silio
293 1865 378 1894 otiari
391 1864 566 1901 cogebatur.
584 1864 722 1892 Fortasse
745 1863 836 1891 etiam
864 1863 910 1891 his
939 1863 1039 1891 verbis

216 1910 350 1939 dolorem
365 1909 480 1938 Arianis
493 1909 611 1936 inurere
621 1907 726 1937 voluit.

252 1956 296 1985 20.
308 1956 378 1988 Hoc,
389 1954 525 1990 inquam.
538 1952 645 1981 saltem
656 1952 828 1989 exemplum
839 1954 971 1989 spectare
983 1961 1039 1981 vos

216 2002 375 2038 oporteret,
389 2006 486 2035 neque
496 2000 579 2026 tanta
595 1997 850 2026 inconsiderantia
882 1998 1038 2034 repudiare

215 2045 438 2074 sanctissimum
463 2042 636 2078 Josephum,
678 2042 853 2079 praclarum
887 2042 1038 2079 religionis

215 2093 324 2119 nostra
339 2089 458 2122 ducem,
473 2095 654 2123 sacrumque
669 2090 805 2115 nostrum
824 2087 1036 2124 patriarcham.

216 2133 341 2165 Etalium
348 2132 505 2169 quemdam
511 2139 564 2168 per
570 2131 727 2168 epistolam
734 2131 901 2160 admonens
908 2140 1039 2167 magnus

1093 883 1124 914 ἃς
1143 886 1233 920 σφίσιν
1249 885 1342 916 ἔθεντο,
1363 886 1396 914 ὡς
1415 886 1450 921 μὴ
1471 883 1564 920 ὤφελον
1582 894 1589 900 υ
1614 884 1638 909 οἱ
1663 885 1708 920 μὲν
1733 884 1785 919 γὰρ
1812 882 1900 909 Μελε-

1092 930 1193 958 τιανοὺς
1224 931 1283 959 τοὺς
1315 927 1569 965 ἀντιδιατιθιμένους
1596 928 1730 965 ὠνόμαζον
1755 938 1762 944 ·
1787 929 1902 958 τούτούς

1095 970 1198 1004 δἀὖθις
1213 973 1303 999 ὶκεῖνοι
1318 974 1513 1004 Εὑσταθιανοὺς
1535 972 1640 999 ὶκάλουν
1666 983 1672 989 ·
1695 976 1780 999 ταῦτα
1799 970 1831 998 δί
1852 975 1902 998 καὶ

1095 1019 1108 1044 ὁ
1133 1018 1213 1049 πολὺς
1238 1020 1271 1045 τὰ
1293 1020 1349 1045 θεῖα
1379 1018 1510 1049 Βασὶλιιος
1537 1020 1659 1055 πρότιρον
1688 1019 1898 1055 μυσαττόμενος,

1094 1064 1153 1092 τοὺς
1185 1064 1336 1099 πάσχοντας
1362 1063 1480 1092 natalis:
1509 1074 1515 1080 -
1539 1061 1582 1090 διὸ
1597 1065 1642 1089 καὶ
1664 1064 1729 1100 πρὸς
1753 1064 1799 1088 τὸν
1815 1064 1900 1098 μεγαν

1095 1107 1206 1144 ἷγραψεν
1231 1108 1386 1135 Ἀθανάσιον
1413 1109 1512 1140 οὕτως·
1541 1119 1551 1133 ι
1582 1110 1622 1135 Τὰ
1645 1109 1696 1145 γὰρ
1723 1111 1773 1138 τῆς
1799 1107 1900 1134 Ἀντιο-

1095 1154 1172 1187 χείας
1198 1152 1393 1190 ἀρρωστήματα
1423 1152 1536 1190 μεγάλου
1563 1154 1634 1183 τινὸς
1661 1152 1752 1189 ἰατροῦ
1779 1149 1897 1178 δέονται·

1095 1197 1153 1228 ἣτις
1177 1200 1237 1235 περὶ
1252 1200 1285 1224 τὰ
1312 1201 1403 1235 καίρια
1430 1198 1595 1234 ὑγιαίνουσα,
1619 1199 1678 1234 πιρὶ
1704 1197 1738 1223 τὰ
1763 1199 1901 1233 πρόσωπα

1095 1241 1230 1277 σχίζεται.
1247 1253 1261 1267 ››
1275 1242 1305 1268 ⁴Ο
1324 1242 1401 1273 αὐτὸς
1414 1244 1460 1269 καὶ
1485 1241 1510 1268 ἕν
1533 1241 1597 1278 ἄλλῃ
1623 1243 1690 1278 φησι
1715 1244 1766 1267 τῶν
1791 1240 1900 1267 ἄπιστο-

1177 1295 1184 1302 ·
1212 1297 1226 1311 ‹‹
1249 1287 1317 1322 Ἐγὼ
1342 1285 1371 1312 δὲ
1392 1286 1511 1314 Μελέτιον
1539 1286 1588 1312 οὐκ
1615 1285 1710 1322 ἀγνοῶ,
1733 1283 1790 1311 ἀλλ’
1817 1286 1898 1321 ἔσχεν

1093 1329 1170 1356 αὐτὸν
1195 1331 1210 1359 ἠ
1244 1329 1290 1367 ἰμὴ
1310 1330 1464 1364 Ἐκκλησία,
1491 1333 1536 1357 καὶ
1560 1332 1617 1366 ἔχει
1642 1331 1804 1363 κοινωνικὸν,
1833 1328 1900 1355 ἀλλὰ

1093 1377 1137 1400 καὶ
1157 1375 1193 1406 εἰς
1211 1377 1240 1402 τὸ
1273 1375 1330 1407 ἑξῆς
1346 1376 1396 1407 ἔξει
1420 1377 1516 1413 χάριτι
1539 1379 1586 1402 τοῦ
1607 1377 1705 1412 Κυρίου
1720 1385 1728 1392 ⁸
1753 1386 1769 1400 n
1799 1377 1847 1401 καὶ
1874 1373 1899 1400 ὶν

1092 1419 1155 1456 ἄλλῃ
1171 1431 1177 1437 ·
1193 1431 1206 1445 n
1232 1420 1263 1447 Εἰ
1290 1423 1319 1446 τὸ
1351 1421 1491 1457 φιλόνεικον
1518 1420 1637 1457 ἀφέμενοι
1661 1421 1753 1450 πάντες
1782 1429 1899 1455 προστε-

1093 1465 1155 1491 θεῖεν
1170 1469 1206 1500 τῷ
1221 1464 1346 1502 ἀνθρώπῳ
1358 1469 1404 1491 τοῦ
1419 1469 1486 1493 Θεοῦ
1501 1465 1612 1501 Μελετίῳ
1629 1474 1636 1482 δ
1647 1475 1662 1490 »
1684 1467 1729 1490 καὶ
1753 1463 1778 1490 ἓν
1807 1464 1873 1500 ἄλλῃ
1891 1473 1897 1479 ·

1092 1520 1106 1536 ιε
1133 1512 1214 1547 Μέρος
1240 1510 1394 1542 Ἐκκληοίας
1419 1510 1498 1537 ὶκιῖνο
1528 1513 1658 1549 κρίνομεν,
1684 1511 1715 1536 τὸ
1737 1512 1899 1547 προσκείμε-

1091 1564 1132 1580 νον
1155 1559 1191 1590 τῷ
1220 1555 1346 1592 ἀνθρώπῳ
1372 1559 1418 1582 τοῦ
1443 1559 1509 1582 Θεοῦ
1535 1554 1660 1591 Μελετίῳ,
1685 1565 1699 1579 ››
1722 1554 1898 1590 Ἐγκαλούμε-

1091 1609 1134 1630 νος
1149 1597 1178 1625 δὲ
1206 1602 1270 1637 πρός
1293 1609 1370 1635 τινος,
1393 1599 1558 1636 ἀπολογεῖται
1587 1601 1633 1626 καὶ
1661 1608 1742 1635 φησιν
1765 1607 1771 1613 ³
1798 1610 1814 1624 ‹‹
1840 1599 1897 1626 Οὔκ

1092 1641 1154 1670 οἶδα
1191 1643 1331 1671 ἐπίσκοπον
1362 1645 1526 1680 ’Δντιοχείάς
1561 1644 1644 1681 ἕτερον
1679 1643 1701 1670 εἰ
1744 1645 1780 1680 μὴ
1811 1643 1895 1671 Μελέ-

1091 1697 1146 1714 τιον
1155 1687 1252 1726 (21).»
1281 1692 1331 1716 Καὶ
1351 1684 1451 1719 πάντως
1477 1689 1524 1715 οὐκ
1550 1688 1756 1724 ἀποϐαλλόμενος
1778 1690 1823 1714 τὸν
1848 1688 1896 1714 Εὔ-

1093 1734 1197 1759 mem
1225 1738 1301 1760 τοῦτο
1325 1735 1434 1772 εἴρηκεν,
1461 1733 1525 1760 ἀλλὰ
1551 1735 1755 1771 προτρεπόμενος
1773 1735 1819 1759 καὶ
1853 1734 1894 1759 'tv-

1091 1779 1188 1814 τρεπων
1205 1780 1264 1808 τοὺς
1282 1780 1318 1814 μὴ
1345 1777 1576 1815 παραδεχομένους
1601 1778 1723 1805 Muli-nov
1751 1787 1758 1794 ·
1781 1777 1839 1814 οἶμα
1864 1775 1894 1804 δι

1092 1825 1137 1848 καὶ
1156 1823 1190 1853 ὡς
1206 1824 1299 1849 τοὺτου
1318 1826 1365 1852 τήν
1390 1823 1546 1852 Ἐκκλησίαν
1577 1825 1640 1853 τέως
1665 1824 1822 1858 κατέχοντος
1847 1824 1892 1848 καὶ

1093 1866 1231 1902 ὶθύνοντος,
1260 1867 1408 1894 Εὒτσαθίου
1432 1867 1570 1904 ἀργοῦντος
1599 1866 1623 1894 ἐν
1651 1866 1739 1904 ἕξορίᾳ
1766 1877 1771 1883 ·
1805 1868 1845 1893 ἔτι
1864 1865 1893 1893 δι

1091 1911 1185 1947 ἄγχων
1203 1914 1264 1943 τοὺς
1281 1911 1308 1944 ἕξ
1322 1912 1424 1950 ’Δριίου
1435 1917 1472 1948 τῷ
1486 1912 1597 1950 ῥήματι.
1852 1914 1862 1926 ⁹

1127 1955 1160 1987 κ’,
1175 1955 1208 1983 ⁶Ο
1220 1955 1266 1991 δή,
1279 1959 1324 1983 καὶ
1338 1957 1360 1983 εἰ
1383 1960 1419 1994 μή
1437 1967 1462 1984 τι
1482 1957 1555 1991 ἄλλο,
1578 1956 1642 1983 ἀλλὰ
1667 1955 1714 1983 κᾶν
1742 1960 1820 1983 τοῦτο
1841 1953 1893 1982 ἔδει

1094 2004 1198 2027 σκοπεῖν
1233 2004 1278 2028 καὶ
1312 2003 1380 2038 ὑμᾶς
1410 2012 1417 2018 ο
1449 2005 1495 2029 καὶ
1527 2004 1562 2039 μὴ
1586 2001 1788 2038 ἀποπέμπεσθαι
1814 2001 1892 2031 οὕτως

1092 2044 1204 2083 ἀκρίτως
1225 2048 1269 2072 τὸν
1296 2050 1342 2077 τῆς
1369 2048 1496 2084 ἡμετέρας
1521 2046 1606 2078 καλῶς
1633 2047 1822 2083 προίστάμενον
1851 2046 1892 2072 εὖ-

1093 2089 1192 2121 σεϐείας
1207 2090 1350 2126 ἁγιώτατον
1376 2091 1481 2128 Ἰωσὴφ,
1503 2093 1546 2118 τὸν
1573 2093 1638 2128 ἱερὸν
1667 2092 1739 2127 ἡμῶν
1764 2091 1890 2128 πατριάρ-

1094 1284 1142 1310 λῶν

1091 2144 1155 2170 χην.
1186 2138 1236 2162 Καὶ
1264 2135 1333 2172 ἄλλῳ
1362 2134 1392 2163 δέ
1416 2146 1469 2162 τινι
1495 2139 1624 2173 παραινιῇ
1653 2134 1690 2162 δι’
1719 2134 1862 2166 ὶπιστολώς
1878 2135 1891 2161 ὁ

217 2178 350 2226 Basili-us,
364 2178 499 2206 hortatur
511 2176 865 2226 utomissaschismatum
876 2177 1037 2212 discordia,
1051 2198 1075 2226 Β
1090 2183 1119 2215 με

1094 2181 1170 2215 μέγας
1193 2179 1333 2214 Βασίλειος,
1360 2179 1481 2218 ἀφέμενον
1510 2182 1558 2209 τήν
1586 2184 1636 2206 τῶν
1652 2179 1812 2216 σχισμάτων
1840 2180 1889 2216 ἔριν

215 2222 361 2251 Meletium
372 2224 527 2258 sequatur.
544 2220 602 2249 Sed
614 2229 666 2249 cur
678 2221 766 2257 plura
779 2221 879 2250 dicam
904 2221 918 2249 ?
933 2223 1037 2250 Nonne

214 2267 263 2295 hic
276 2274 406 2301 magnus
418 2265 541 2294 Basilius
555 2266 777 2303 presbyteratus
794 2266 930 2294 ordinem
947 2274 965 2294 a
980 2268 1036 2294 Me-

215 2311 285 2339 letio
297 2310 452 2347 suscepit?
469 2310 564 2346 Legite
581 2310 709 2339 Socratis
734 2310 967 2339 ecclesiasticam
991 2310 1036 2339 Hi-

215 2356 349 2390 storiam,
360 2356 490 2392 itemque
501 2355 604 2392 magni
619 2355 718 2384 Basilii
730 2354 824 2383 Vitam
833 2355 872 2383 ab
884 2355 1036 2391 Amphilo-

214 2401 280 2429 chio
302 2400 447 2429 lconiensi
457 2400 608 2437 scriptam,
631 2402 663 2429 ut
688 2408 752 2428 rem
782 2400 981 2435 cognoscatis.
1004 2402 1036 2429 in

213 2445 276 2475 Vita
288 2453 411 2482 quoque
423 2444 517 2474 sancti
532 2445 652 2473 Antonii
666 2444 804 2473 scribitur
817 2454 824 2473 :
840 2444 910 2473 Fide
935 2448 1036 2474 autem

213 2490 399 2520 admirabilis
411 2491 474 2518 erat
484 2489 630 2519 Antonius
642 2491 669 2518 et
683 2497 806 2526 prorsus
827 2489 1012 2519 orthodoxus
1028 2499 1035 2519 :

248 2598 304 2636 (‘30)
319 2598 407 2627 Aliter
419 2605 491 2636 mox
504 2596 592 2636 d_iv_us
607 2596 764 2636 Antonjus.
775 2597 823 2626 cui
838 2597 1037 2636 Hieronymus

212 2632 313 2663 noster
319 2636 467 2662 consonat
476 2634 506 2661 in
513 2632 642 2668 Epistola
647 2634 686 2661 ad
693 2632 866 2663 Damasum:
886 2632 956 2663 Νογὶ
967 2637 1038 2664 novi

213 2671 349 2700 Vitalem.
363 2670 511 2698 Meletium
527 2676 644 2703 respuo,
658 2669 760 2704 ignoro
774 2670 947 2698 Paulinum.
963 2671 1036 2699 Con-

213 2705 277 2733 sule
292 2705 467 2740 Catalogum
483 2704 693 2740 episcoporum
719 2704 973 2734 Antiochenornm
1004 2707 1035 2735 in

214 2739 328 2780 collect.
336 2739 436 2781 νειξι.
452 2739 603 2781 [κινέει-μὶ,
620 2747 649 2776 p.
668 2741 709 2781 lii.
731 2741 797 2781 Hac
825 2743 870 2781 est
892 2741 1035 2781 nimirum

178 2804 182 2808 ,
215 2775 434 2813 episcopalium
440 2775 637 2804 schismatuni
642 2777 750 2805 natura
754 2779 787 2805 ut
792 2776 900 2806 veritas
909 2779 1035 2807 rectum-

1091 2225 1265 2262 προστεθῆναι
1298 2225 1413 2261 Μιλετίῳ
1449 2224 1661 2262 παρακελεύεται.
1700 2226 1751 2251 Καὶ
1790 2227 1816 2250 τὶ
1850 2222 1890 2250 δεῖ

1089 2268 1210 2296 πλειόνων
1225 2270 1287 2306 ἡμῖν
1304 2270 1395 2306 ;Οὖχὶ
1416 2270 1494 2301 αὐτὸς
1515 2269 1590 2301 οὗτος
1613 2270 1626 2296 ό
1653 2271 1733 2306 μέγας
1756 2268 1889 2299 Βασίλειος

1089 2314 1162 2350 παρὰ
1181 2317 1227 2340 τοῦ
1251 2313 1372 2342 Μελετίου
1396 2317 1443 2343 τήν
1474 2318 1522 2341 τῶν
1545 2313 1724 2350 πρεσϐυτέρων
1749 2314 1807 2348 (22)
1833 2323 1888 2349 χει-

1089 2360 1205 2394 ροτονίαν
1229 2357 1335 2390 ἐδέξατο
1360 2367 1368 2392 ;
1401 2359 1543 2395 ’Δνάγνωτε
1577 2361 1624 2387 τήν
1665 2361 1711 2384 τοῦ
1740 2358 1888 2395 Σωκράτους

1090 2401 1311 2432 ἓκκλησιαστικήν
1331 2406 1470 2441 Ἱστορίαν,
1495 2405 1541 2430 καὶ
1557 2403 1730 2440 ’Δμφιλοχίου
1759 2406 1807 2429 τοῦ
1828 2402 1887 2429 Ἰκο-

1089 2456 1146 2473 νιου
1158 2446 1194 2478 εἰς
1207 2449 1251 2474 τὸν
1271 2449 1328 2474 Βὶον
1347 2451 1393 2474 τοῦ
1424 2447 1537 2484 μέγάλου
1551 2447 1698 2480 Βασιλείου,
1722 2448 1768 2472 καὶ
1787 2451 1866 2482 γνῶτε
1879 2456 1886 2463 ο

1090 2492 1182 2529 γράφει
1196 2494 1242 2518 καὶ
1253 2492 1287 2523 εἰς
1300 2493 1344 2518 τὸν
1360 2494 1417 2519 Βίον
1431 2496 1478 2519 τοῦ
1498 2492 1574 2529 ἁγίου
1605 2491 1742 2519 Ἀντωνίου
1773 2501 1781 2508 ·
1811 2502 1826 2517 ι(
1851 2494 1885 2525 Τῇ

1091 2607 1150 2637 que
1164 2598 1214 2636 jus
1228 2608 1307 2637 egre
1322 2598 1525 2637 dignescatur,
1540 2607 1596 2631 nec
1609 2598 1742 2637 nisifere
1755 2601 1885 2636 tempore

1090 2636 1276 2679 inclarescat,
1284 2636 1370 2679 quod
1379 2638 1490 2666 idcirco
1495 2638 1643 2666 Pindarus
1649 2636 1689 2665 ait
1701 2637 1836 2665 omnium
1846 2644 1885 2664 re-

1090 2680 1158 2700 rum
1172 2674 1434 2707 sapientissimum.

1113 2708 1190 2748 .(g2)_
1197 2709 1260 2737 lmo
1271 2709 1565 2748 diaconumjactum
1578 2717 1597 2738 δ.
1611 2707 1724 2748 Meletio
1734 2707 1883 2748 pasilium

1087 2743 1311 2807 gigtuiocrates
1320 2745 1373 2774 lib.
1388 2753 1427 2780 iv,
1440 2745 1488 2778 26,
1513 2748 1546 2774 ut
1560 2747 1638 2774 certe
1649 2744 1682 2773 in
1707 2743 1883 2773 editionibus

1099 2786 1206 2815 agitur.
