1963 3084
36 93 95 120 809

955 89 1067 119 )TlTlA.
1676 97 1730 125 810

39 162 153 183 corum
169 154 316 184 adversus
332 156 451 184 Latinos
467 155 588 183 fovebat
599 154 741 187 maxime,
756 155 861 182 contra
871 161 950 190 quos
964 153 1064 189 plures
1076 152 1114 181 de
1130 152 1322 189 processione
1338 152 1463 190 Spiritus
1480 157 1574 184 sancti
1587 158 1729 188 tractatus

41 199 178 236 reliquit.
190 200 270 228 Duos
278 200 307 228 in
319 200 435 237 scriptis
449 201 619 228 Graecorum
633 198 772 227 laudatos
784 206 814 225 se
823 197 932 226 vidisse
943 197 1031 226 refert
1039 198 1068 225 L.
1079 197 1201 226 Allatius
1212 199 1256 226 De
1264 199 1404 227 Consens.
1415 199 1528 229 Orient.
1537 204 1564 229 et
1578 202 1729 238 Occiderit,

40 243 95 271 lib.
115 252 144 277 ιι,
174 252 242 280 cap.
268 247 309 276 15,
325 252 409 273 num.
424 245 492 280 XIV,
508 244 554 272 col
566 246 628 271 780.
646 244 755 275 Unum,
772 242 815 277 cuj

953 242 1169 279 tprincipium,
1191 240 1299 280 Ἄνδρες
1325 243 1447 281 Ῥῳμαῐοι
1473 244 1609 279 alterum,
1642 247 1728 282 cujus

42 287 134 322 illud,
159 289 308 325 Ἐμνήσθην
323 291 367 316 καὶ
387 289 465 316 mou
487 289 564 325 λόγου
580 293 629 316 τῶν
645 287 817 323 ἁντιλεγόντωι

953 294 1077 320 tuorum,
1101 286 1206 324 inquit,
1234 289 1337 322 frusta,
1369 296 1464 325 eaque
1493 289 1565 318 satis
1579 290 1679 327 polita,
1698 291 1728 319 in

42 332 204 361 codicibus
223 342 284 361 mss
301 335 498 372 reperiuntur.
519 334 585 367 Qua
610 332 780 366 occasione,
808 339 868 368 quo
886 331 990 361 animo
1008 331 1166 367 logothetse
1193 332 1287 361 nostri
1306 334 1558 362 commentarium
1577 342 1640 363 una
1659 343 1730 364 cum

40 378 175 413 propriis
187 378 430 407 comburendum
440 378 502 411 igni
517 377 624 407 obtulit
633 377 810 405 Theodorus
821 375 941 410 Muzalo,
953 375 984 403 in
996 375 1102 404 eadem
1115 375 1258 411 dignitate
1272 385 1430 405 successor
1440 380 1469 406 et
1483 379 1729 414 protovestiarius

40 421 132 458 plene
146 424 176 450 te
187 422 308 451 docebit
321 423 521 460 Pachymeres
534 423 587 451 lib.
599 430 648 454 vn,
665 429 733 457 cap.
747 422 776 450 8.
789 420 911 457 Scripsit
930 420 1021 448 etiam
1043 421 1255 449 Constantinus
1266 422 1436 451 Orationem
1454 423 1484 450 in
1501 426 1637 452 sanctam
1650 432 1730 452 mar-

40 468 142 502 tyrem
149 466 361 502 Theodosium,
371 468 482 504 partria
492 465 862 502 Constantinopolitanam,
873 473 941 501 quas
953 465 1009 493 sub
1019 465 1113 493 Leone
1126 467 1227 494 Isauro
1236 474 1291 502 pro
1301 467 1382 494 cultu
1393 475 1549 495 sacrarum
1561 467 1728 504 imaginum

41 512 303 548 Constantinopoli
314 520 406 549 passa
418 515 472 541 est.
488 511 578 548 Cujus
589 512 647 539 hoc
663 510 789 544 initium,
803 513 813 536 Ι

952 511 982 536 fr;
1007 508 1127 547 ἀνδρείαν
1153 514 1203 537 ποῦ
1217 520 1255 542 τις
1272 512 1302 537 οἷν
1337 514 1382 538 καὶ
1409 512 1480 543 ὁπως
1508 512 1578 550 εὖροι
1604 513 1616 539 ὁ
1649 515 1727 550 σοφὸς

40 555 165 593 ἠπόρησε
184 556 312 593 Σολομὼν,
330 560 375 583 καὶ
398 557 468 594 μάλα
483 566 511 594 γι
532 557 637 587 εἰκότως
664 556 792 592 ἠπόρησε.

977 558 1023 585 τῆς
1055 556 1174 592 χάριτος,
1201 557 1254 583 etc.
1281 556 1363 584 Hanc
1388 556 1555 585 orationem
1579 557 1670 585 etiam
1696 558 1726 586 in

40 607 133 628 suum
146 600 277 629 indicem
292 602 388 630 retulit
401 603 430 630 L.
443 601 566 630 Allatius
579 602 621 629 De
633 601 736 635 script.
746 599 875 628 Simeon.
887 607 957 636 pag.
970 601 1014 634 84,
1029 599 1081 635 qui
1092 602 1121 626 et
1135 599 1204 627 alibi
1218 599 1360 636 quaedam
1376 608 1413 628 ex
1431 608 1466 629 ea
1477 601 1597 636 profert.
1609 602 1724 630 advers.

39 644 185 680 Hom‘ng,
201 653 232 681 p.
244 647 305 674 200.
321 647 423 675 Exstat
437 654 493 674 ms.
507 646 537 674 in
552 645 689 674 biblioth.
703 644 829 672 Vindob.
842 643 900 672 cod
913 643 1002 672 theol.
1017 643 1154 673 Lambec.
1177 645 1240 678 CXI,
1257 644 1357 672 Nessel
1372 646 1528 680 CCLXXIX,
1545 653 1629 674 num.
1646 647 1725 681 XVII,

39 688 58 715 f.
73 690 140 722 217,
156 689 324 727 iterumque
338 691 401 719 cod.
414 692 509 720 histor
523 712 529 718 .
546 691 712 723 CXV,num.
724 688 805 722 ll,fol
820 690 864 721 78,
879 695 948 724 pag.
964 688 1115 717 2.Cont'er.
1137 689 1275 718 Lambec.
1292 689 1455 723 Comment,
1463 689 1514 717 lib.
1531 689 1578 724 IV,
1593 698 1663 726 pag.
1680 692 1725 719 63.

39 734 163 762 Exstant
178 737 206 762 et
225 735 290 763 aliae
305 737 371 771 ejus
385 734 690 770 historiciargumenti
698 733 814 762 oration

949 741 986 769 pe
1001 733 1030 760 in
1038 734 1066 761 S.
1073 736 1236 768 martyrem
1244 734 1444 769 Neophytum.
1452 734 1558 763 Princ.:
1565 732 1724 771 Παραδόξων

39 779 203 814 πραγμάτων
233 778 451 818 dua-rapidum;
478 781 493 810 ἠ
522 778 657 816 διήγησις,
682 778 736 805 ἀλλ’
767 777 795 804 οὔ
808 781 862 809 τοῖς
881 781 926 804 τοῦ
955 779 1079 814 ἡμετέρου
1103 780 1145 804 χοὶ
1169 779 1237 804 θείου
1264 779 1446 815 πληρώματος,
1474 779 1557 815 apud
1581 779 1609 807 L.
1639 779 1724 808 Allat.

37 823 82 850 De
108 824 214 858 script.
227 824 367 859 Simeon.,
384 833 454 862 pag.
471 826 530 854 105.
541 825 577 853 In
592 825 624 853 S.
640 824 812 852 Theodorum

950 829 999 851 em.
1024 822 1118 850 Princ.
1134 824 1167 849 Σὺ
1182 824 1239 859 μὲν,
1259 827 1279 849 ὧ
1302 823 1383 860 ἀγαθὶ
1402 827 1448 850 τοῦ
1463 823 1629 860 ὑπεραγὰθον
1649 822 1725 851 δοῦλε

38 871 119 895 Θεοῦ.
135 868 249 897 Ibidem
270 877 340 906 pag.
369 872 431 899 l09.
447 871 483 898 In
496 871 518 898 S
542 871 685 898 Joannem
697 870 813 897 Damasi

950 867 1034 895 ’rinc.
1048 876 1055 895 :
1069 871 1111 903 Τῷ
1141 868 1244 904 Ἰωάννῃ
1270 869 1314 894 τὸν
1338 867 1413 904 λόγον
1436 873 1471 904 τῷ
1487 868 1514 894 ἐκ
1537 872 1678 905 Δαμασκοῦ
1692 870 1725 896 τὰ

37 911 168 949 ἐγκώμια,
189 913 297 943 ibidem
313 922 383 950 pag.
401 916 462 943 112.
490 918 572 943 Hunc
594 920 765 942 sermonem
780 921 800 941 ιι,
813 920 844 940 se
858 911 1053 950 descriptum,
1081 912 1225 941 Lutetiam
1239 912 1279 941 ad
1308 913 1333 942 J.
1353 913 1528 950 Aubertum,
1544 913 1575 941 in
1590 913 1724 943 futurum

36 965 127 986 novas
141 957 281 987 editionis
298 960 475 988 Damasceni
489 961 701 988 ornamentum
716 959 767 994 (α),
793 965 824 985 se
837 965 895 985 ms.
915 956 1033 986 misi5se
1048 957 1128 986 testis
1151 958 1197 986 est
1218 957 1299 986 ibem
1327 957 1451 986 Allatius
1465 959 1496 986 in
1512 958 1602 987 catat.
1629 957 1718 993 Oper.

36 1002 67 1031 S.
81 1003 222 1031 Damasc.
240 1004 279 1032 ad
294 1004 367 1033 cale.
380 1005 536 1040 Symmicl.
550 1012 634 1033 num.
651 1005 696 1039 28,
712 1011 741 1039 p.
758 1004 820 1031 450.
836 1003 876 1030 Ex
890 1009 926 1030 eo
941 1002 1082 1038 quaedam
1101 1001 1212 1039 profert
1226 1002 1257 1030 in
1273 1002 1412 1032 Consens.
1428 1003 1465 1031 de
1473 1005 1600 1038 purgat.
1613 1009 1644 1039 ρ.
1657 1004 1722 1031 761.

37 1048 124 1075 Cns.

74 1092 116 1119 Ex
141 1092 330 1121 orationibus
358 1092 546 1121 Constantini
574 1091 751 1129 Acropolitee
769 1091 801 1120 in
818 1093 948 1124 sanctos,
973 1099 1050 1128 quas
1070 1099 1146 1119 mss.
1170 1093 1342 1120 memorant
1357 1091 1481 1120 Allatius
1493 1092 1532 1120 De
1546 1091 1720 1120 Simeonum

36 1135 167 1172 scriptis,
183 1144 214 1172 p.
227 1138 260 1165 84
275 1140 303 1165 et
320 1138 433 1166 Caveus
448 1140 532 1174 parte
548 1137 640 1165 altera
654 1136 728 1165 Hist.
741 1136 889 1164 litterariae
905 1135 1084 1172 scriptorum
1099 1135 1204 1164 eccles.
1220 1136 1258 1164 ad
1270 1144 1298 1165 θ.
1315 1137 1345 1165 C.
1355 1138 1433 1171 t270,
1446 1135 1496 1174 illa
1510 1136 1540 1164 in
1553 1139 1720 1171 martyrem

38 1179 247 1214 Theodosium,
261 1182 359 1210 Graece
373 1189 409 1209 ex
434 1189 492 1210 ms.
511 1181 652 1210 Vaticano
674 1189 743 1209 cum
767 1181 840 1209 Dan.
870 1180 1000 1209 Cardoni
1016 1182 1045 1215 S,
1064 1181 1089 1208 J.
1111 1180 1246 1209 versione
1271 1183 1367 1210 exstat
1388 1180 1421 1209 in
1442 1181 1523 1210 Actis
1541 1181 1720 1209 Sanctorum

36 1226 109 1251 tom.
127 1225 175 1252 Vll
191 1225 268 1260 Maii,
284 1233 314 1262 p.
335 1228 368 1254 69
383 1241 418 1247 —-
438 1228 472 1254 86
490 1235 497 1254 :
512 1228 542 1254 et
555 1225 647 1254 altera
662 1227 693 1254 in
717 1225 740 1254 S
750 1226 894 1253 Joannem
914 1225 1143 1257 Damascenum.
1160 1225 1263 1253 itidem
1279 1234 1295 1254 e
1314 1233 1362 1254 ms
1377 1225 1521 1254 Vaticano
1537 1227 1635 1254 Grazce
1650 1233 1720 1254 cum

35 1267 183 1297 versione.
202 1269 228 1298 J.
250 1269 395 1298 Francisci
408 1270 446 1298 de
461 1270 581 1298 Rubexs.
599 1270 652 1298 lCti
668 1269 804 1302 Romani,
819 1273 890 1297 tom.
907 1270 930 1297 il
944 1269 1019 1303 Maii,
1034 1277 1104 1306 pag,
1119 1272 1167 1297 731
1184 1285 1220 1290 -
1234 1272 1288 1298 760
1299 1271 1385 1299 Εἰειι.
1403 1270 1588 1299 Vindobome
1600 1270 1632 1298 in
1651 1268 1718 1298 cod.

36 1313 99 1346 CXI,
131 1321 164 1341 ιι.
195 1316 236 1349 t7,
253 1316 280 1342 et
310 1314 377 1343 cod.
403 1315 503 1348 XXXV,
540 1322 570 1343 n.
606 1317 633 1349 2,
660 1316 704 1343 est
731 1318 783 1341 Τοῦ

944 1324 967 1340 iu
1005 1314 1118 1350 μεγάλου
1148 1314 1286 1351 λογοθέτου
1328 1318 1408 1352 κυροῦ
1456 1316 1650 1342 Κωνσταντίνου
1675 1318 1719 1340 τοὺ

36 1357 224 1394 Ἀκροπολίτου
240 1359 337 1387 oratio
349 1359 382 1387 in
395 1359 424 1387 S.
440 1360 601 1394 martyrem
619 1359 821 1391 Theodosium,
838 1366 905 1395 quae
919 1358 975 1386 sub
989 1358 1064 1395 imp.
1082 1360 1177 1387 Leone
1190 1359 1294 1388 Isauro
1310 1367 1366 1396 pro
1381 1359 1462 1387 cultu
1477 1367 1632 1388 sacrarum
1645 1358 1720 1387 ima-

35 1402 139 1436 ginum
156 1411 248 1439 passa
260 1405 313 1432 est.
332 1405 370 1432 De
394 1404 492 1440 priore
512 1403 583 1432 cod.
613 1403 754 1432 Lambec.
782 1411 895 1431 comm.
924 1405 966 1434 IV,
996 1411 1027 1439 p.
1054 1405 1115 1438 140,
1139 1403 1191 1432 ubi
1218 1404 1366 1432 Kollarius
1391 1404 1483 1432 verba
1507 1403 1656 1432 Lambecii
1684 1411 1721 1431 ex

34 1446 132 1475 indice
155 1455 227 1483 pag.
249 1449 300 1476 526
320 1449 435 1485 repetit.
453 1448 590 1476 Lambec.
611 1456 693 1482 vero,
712 1448 850 1481 Meminit,
877 1448 927 1482 ait,
950 1448 1039 1484 hujus
1063 1448 1248 1476 Constantini
1262 1448 1439 1485 Acropolitte
1461 1449 1592 1477 Joannes
1611 1442 1731 1476 Canta?

34 1499 176 1527 cuzenus,
191 1492 324 1521 Historiae
340 1492 508 1529 Byzautinte
523 1493 575 1521 lib.
593 1501 612 1528 ι,
627 1501 694 1529 cap.
713 1494 754 1528 14,
766 1492 819 1520 ubi
837 1491 935 1528 refert,
956 1500 1025 1520 eum
1045 1491 1140 1520 fuisse
1159 1500 1254 1520 unum
1272 1501 1308 1520 ex
1322 1493 1396 1529 imp.
1418 1492 1579 1520 Andronici
1594 1492 1720 1519 senioris

33 1536 242 1565 assessoribus
253 1537 284 1565 in
297 1537 412 1573 judicio
424 1540 527 1566 contra
542 1539 683 1574 nepotem
695 1537 798 1574 ipsius,
816 1536 1020 1565 Andronicum
1037 1536 1205 1565 secundum
1221 1545 1244 1565 s.
1260 1537 1423 1572 juniorem.
1438 1536 1506 1573 lpsa
1521 1534 1718 1564 CantacUZeni

35 1580 126 1608 verba
154 1583 226 1609 sunt
240 1581 322 1610 haec:
340 1583 407 1619 Πρὸς
425 1584 526 1613 τούτοις
543 1580 572 1608 δὲ
587 1583 658 1608 καὶὸ
680 1582 865 1619 Ἀκροπολίτης
885 1580 916 1611 ἦν
935 1584 1136 1615 Κωνσταντίνος,
1166 1583 1246 1618 μέγας
1267 1581 1404 1618 λογοθέτης
1430 1581 1464 1607 ὡν
1484 1582 1529 1606 καὶ
1555 1579 1642 1610 αὐτὸς.
1677 1579 1718 1606 De

34 1624 201 1659 posteriore
211 1625 277 1653 eod.
290 1626 355 1654 vide
369 1625 506 1655 Lambec.
520 1625 589 1659 Vill,
606 1633 678 1662 pag.
692 1627 753 1660 789,
767 1625 868 1663 ibique
890 1625 999 1654 Kollar.
1010 1625 1143 1662 —Paris,
1166 1626 1196 1654 in
1209 1626 1285 1654 bibl.
1303 1626 1386 1663 publ.
1401 1628 1446 1654 est
1464 1625 1494 1653 in
1518 1624 1585 1653 cod.
1602 1624 1719 1652 MCCXll

35 1669 132 1697 Const.
155 1671 264 1706 Acrop.
294 1670 418 1699 homilia
433 1670 463 1698 in
476 1669 676 1698 Theodosiam
697 1673 861 1707 martyrem
873 1687 909 1692 -—
924 1672 956 1698 ln
971 1670 1038 1699 cod.
1053 1671 1212 1706 CMLXXVI,
1235 1679 1264 1699 ιι.
1284 1673 1325 1704 14,
1350 1671 1380 1699 in
1395 1669 1517 1699 laudem
1532 1667 1719 1697 Constantini

34 1714 63 1741 Μ.
89 1716 119 1742 et
147 1713 263 1742 llelenae
278 1714 343 1750 ejus
359 1715 473 1744 matris.
489 1731 525 1735 -κ
540 1716 571 1743 In
586 1714 654 1743 cod.
670 1714 737 1743 eod.
752 1716 782 1743 in
795 1723 827 1744 ιι.
844 1718 887 1748 13,
904 1716 934 1744 in
948 1715 1071 1744 luadem
1087 1715 1201 1751 Georgii
1217 1715 1366 1752 martyris.
1381 1731 1416 1735 —
1430 1713 1587 1744 Mediolani
1599 1713 1629 1741 in
1644 1711 1717 1740 bibl.

33 1758 172 1786 Ambros.
192 1760 293 1798 Const.
308 1760 458 1797 Acropol.,
472 1768 626 1788 sermones
640 1762 668 1787 et
687 1760 808 1796 epistola

943 1760 1095 1788 tlontfauc.
1111 1760 1140 1788 in
1151 1761 1191 1789 Β.
1209 1760 1344 1789 ὸίῡιίοιή.
1360 1768 1428 1789 mss.
1444 1760 1464 1791 1,
1476 1767 1505 1796 p.
1518 1760 1581 1793 493,
1592 1758 1628 1786 Α.
1642 1757 1718 1785 inter

34 1802 175 1838 epistolas
189 1804 304 1840 Georgii
321 1804 419 1841 Cyprii
441 1807 511 1833 sunt
526 1803 668 1840 quaedam
697 1804 735 1833 ad
761 1805 993 1834 Constantinnm
1006 1807 1034 1832 et
1058 1805 1217 1840 Georgium
1241 1804 1438 1841 Acropolitas,
1455 1804 1483 1832 in
1501 1802 1571 1832 cod.
1591 1801 1717 1836 Vindob,

34 1848 169 1875 Ctesareo
184 1848 308 1876 LXXVII.
323 1849 354 1876 V.
372 1848 511 1878 Lambec.
523 1850 637 1876 Comm.
655 1849 724 1884 Vill,
736 1857 766 1886 p.
781 1852 848 1878 1068
861 1858 897 1887 sq
914 1870 933 1885 .,
944 1850 1013 1878 1077
1028 1857 1094 1885 sqq.
1108 1848 1184 1878 ΙΙΑιιι.

65 1893 107 1928 (α)
121 1892 263 1921 Omissus
279 1896 323 1922 est
332 1894 361 1922 in
374 1893 502 1923 editione
515 1893 599 1923 Mich.
615 1894 754 1930 Lequien.

142 2805 271 2839 PAIROL.
287 2805 337 2837 Gs.
347 2807 423 2842 CXL.

1548 2807 1583 2836 16
