1963 3084
242 88 292 117 BH
852 82 1082 113 CONSTANTINI

1103 83 1332 112 ACROPOLITA.
1888 87 1938 113 812

810 230 898 263 ΤΟΥ
925 229 1196 262 ΣΟΦΩΤΑΤΟΥ
1221 229 1372 262 ΚΥΡΟΥ

515 322 1125 381 ΚΩΝΣΤΑΝΤΙΝΟΥ
1175 320 1654 382 ΛΟΓΟΘΕΤΟΥ

886 430 1301 476 ΑΚΡΟΠΟΛΙΤΟΥ

461 527 697 587 ΛΟΓΟΣ
742 528 864 584 ΕΙΣ
905 527 1053 584 ΤΟΝ

1096 527 1320 584 ΑΓΙΟΝ
1359 527 1714 586 ΙΩΑΝΝΗΝ

806 637 926 680 ΤΟΝ
959 634 1366 680 ΔΑΜΑΣΚΗΝΟΝ.

855 804 1171 837 SAPIENTISSIMI
1192 804 1331 836 DOMNI

250 1011 251 1014 γ
324 897 1091 982 CONSTANTINI
1149 897 1856 981 LOGOTHETZE

876 1051 1298 1100 ACROPOLITEE

423 1158 661 1212 SERMO
691 1157 767 1210 IN
799 1156 854 1208 S.
892 1155 1213 1209 JOANNEM
1242 1155 1744 1210 DAMASCENUM

281 1261 335 1297 (Ex
352 1268 410 1288 ms.
430 1259 619 1288 bibliotheca
638 1258 787 1286 Vaticana:
807 1259 998 1293 lnterpretate
1015 1257 1130 1285 Joanne
1150 1257 1305 1286 Francisoo
1324 1257 1362 1286 de
1382 1258 1491 1286 Rubeis
1506 1258 1721 1287 Jurisconsulto
1741 1261 1891 1288 Romano.

789 1305 862 1330 Acta.
881 1302 930 1330 SS.
953 1301 1085 1330 Bolland.

1105 1302 1146 1330 ad
1164 1301 1244 1330 diem
1264 1304 1280 1330 6
1299 1302 1387 1338 Maii.)

497 1459 638 1490 Benedic,
654 1459 787 1487 Domine.

285 1507 309 1533 1.
321 1504 429 1534 Joanni
442 1503 623 1532 orationem!
643 1505 829 1531 Damasceno
840 1502 991 1529 encomia!
1008 1503 1071 1535 Quo

246 1550 325 1585 igtur
338 1551 425 1586 pacto
442 1549 473 1576 in
488 1549 554 1585 ipso
569 1548 670 1576 limine
691 1555 752 1574 non
767 1546 904 1582 torpebo,
927 1548 955 1573 et
976 1547 1071 1582 prius-

245 1602 338 1630 quam
345 1594 384 1622 ad
391 1597 543 1622 certamen
549 1600 641 1620 exuar
651 1599 711 1619 non
720 1591 875 1625 aufugiam
885 1591 899 1618 ‘?
907 1590 950 1618 Ad
962 1591 1069 1618 immit-

246 1639 367 1667 tendam
374 1639 404 1666 in
410 1637 589 1674 inexpletum
596 1636 749 1672 sapientiae
756 1635 934 1671 profundum
943 1638 1069 1663 vastum—

245 1691 303 1719 que
315 1691 490 1711 sermonum
501 1681 626 1718 pelagus
641 1680 783 1708 orationis
793 1679 964 1707 naviculam
976 1679 1069 1715 impe—

246 1730 310 1756 tum
325 1727 455 1763 arripui;
469 1729 497 1753 et
507 1725 660 1762 quomodo
681 1732 741 1751 non
764 1732 833 1751 cum
848 1723 970 1751 horrore
986 1725 1069 1752 navi-

246 1773 397 1808 gationem
407 1770 741 1807 aggrediar?ingressus
751 1777 832 1800 vero,
842 1769 997 1804 quomodo
1009 1777 1068 1797 non

246 1817 344 1845 subito
355 1816 484 1853 repletus
496 1818 615 1848 terrore,
630 1813 771 1847 neglectis
789 1812 999 1847 gubernaculis
1021 1814 1070 1841 de-

244 1862 403 1899 positoque
412 1860 534 1888 ulterius
547 1857 758 1894 progrediendi
771 1860 890 1891 conatu,
903 1865 964 1885 non
980 1858 1070 1894 proti—

245 1914 302 1934 nus
317 1906 356 1934 ad
371 1904 589 1940 regressionem
604 1905 759 1930 convertar
769 1902 782 1929 ?
802 1902 906 1930 Fateor
929 1903 1069 1938 equidem

245 1951 327 1987 quod
340 1958 401 1978 non
413 1949 483 1977 satis
495 1950 610 1975 mature
624 1946 811 1975 consideravi
832 1947 1068 1981 magnitudinem

244 1994 418 2030 argumenti,
426 2000 524 2029 neque
531 1992 608 2019 utsic
615 1991 735 2019 dixerim
743 1991 873 2024 substiti,
883 1991 1069 2026 speculando

244 2048 305 2076 quo
322 2048 369 2067 me
384 2037 570 2074 propositum
584 2044 684 2064 meum
701 2036 883 2072 proveheret.
900 2036 1068 2063 Circumde-

244 2085 287 2112 dit
302 2093 349 2111 me
364 2083 511 2110 ﬂuctuum
525 2082 601 2109 inter
616 2089 647 2108 se
663 2081 833 2108 collisorum
850 2083 948 2115 mstus,
964 2084 992 2109 et
1006 2083 1068 2109 tan-

243 2137 337 2165 quam
353 2128 382 2155 in
398 2128 574 2162 tempestate
598 2126 782 2154 conturbataa
801 2126 893 2153 menti
907 2125 1003 2153 eﬂ‘usa
1023 2128 1068 2153 est

244 2172 358 2208 caligo;
372 2171 500 2207 ideoque
516 2171 554 2199 ab
577 2171 649 2207 ipsis
663 2171 846 2204 carceribus,
864 2173 895 2197 ut
907 2170 1066 2205 proverbio

243 2217 360 2250 dicitur,
375 2224 423 2243 me
448 2215 538 2243 subiit
552 2215 735 2252 poenitentia,
764 2223 816 2242 seu
843 2214 940 2250 potius
956 2214 985 2241 in
1000 2214 1067 2250 ipsa

243 2261 330 2289 navis
343 2260 488 2288 solutione
501 2260 664 2288 anchoram
680 2259 810 2287 tollendo
822 2259 971 2291 fatiscens,
986 2259 1066 2294 peni-

242 2311 290 2333 tus
307 2305 400 2333 defeci
415 2307 504 2341 atque
524 2304 684 2339 ambiguus
704 2303 831 2333 substiti,
846 2302 976 2330 incertus
991 2311 1065 2338 quo-

240 2350 331 2378 modo
347 2350 546 2385 gubernarem
562 2352 613 2376 aut
633 2357 694 2385 quo
719 2347 826 2375 mentis
850 2346 1009 2382 dirigerem
1022 2348 1064 2375 in-

241 2395 413 2423 tentionem.
424 2396 563 2429 Magnum
576 2396 620 2421 est
639 2393 780 2427 profecto,
795 2392 877 2428 quod
894 2392 1064 2420 faciendum

239 2439 373 2475 suscepi:
387 2447 502 2472 verum,
514 2438 592 2466 sicut
604 2438 634 2464 in
646 2436 785 2464 maximis
797 2436 981 2472 quandoque
994 2439 1065 2464 tem-

238 2484 413 2520 pestatibus,
423 2483 473 2511 fax
484 2484 653 2518 opportune
664 2481 742 2509 elata
752 2481 900 2516 apparuit,
913 2484 939 2507 et
948 2481 1063 2508 fausius

237 2529 360 2565 quidam
381 2527 521 2563 splendor
541 2527 718 2561 pertransiit,
733 2525 784 2561 qui
802 2524 968 2552 illuminato
984 2534 1064 2553 men-

236 2574 272 2602 tis
294 2573 381 2601 oculo
400 2574 428 2599 et
447 2573 578 2598 mentem
602 2570 734 2606 implevit
755 2569 876 2603 ﬁducia,
897 2572 926 2596 et
949 2570 1063 2597 univer-

235 2627 303 2646 sum
313 2614 504 2652 gubernandi
516 2615 641 2642 modum
653 2614 806 2647 indicavit,
820 2621 854 2641 ac
865 2614 978 2641 bonam
988 2623 1062 2650 quo-

234 2661 401 2691 dammodo
416 2668 501 2696 spem
515 2659 607 2687 felicis
618 2660 648 2686 in
664 2662 785 2695 portum
796 2659 942 2695 appulsus
959 2663 1058 2687 osten-

232 2707 284 2734 dit.
302 2705 402 2738 Qualis
415 2713 484 2733 vero
498 2703 641 2741 splendor
650 2704 663 2731 ?
680 2705 731 2731 aut
743 2711 811 2739 quas
823 2703 872 2731 fax
883 2703 896 2730 ‘I
910 2703 992 2732 Beati
1002 2705 1062 2732 hu-

228 2750 281 2786 jus
290 2749 443 2786 divinique
454 2751 484 2778 et
492 2748 642 2778 mundum
654 2747 828 2776 illustrantis
841 2747 997 2777 luminaris
1011 2756 1058 2777 ra-

1088 1460 1108 1485 A
1357 1460 1484 1491 Δέσυποτα,
1503 1458 1595 1494 ιύλόγη
1601 1468 1655 1487 σον,

1161 1502 1192 1529 α’.
1223 1505 1264 1537 Τῷ
1288 1502 1391 1539 Ἰωάννῃ
1416 1505 1458 1529 τὸν
1485 1502 1578 1530 λόθονῖ
1606 1508 1643 1539 τῷ
1671 1503 1697 1529 ἐκ
1729 1509 1876 1540 Δαμασκοῦ
1896 1507 1922 1530 τὰ

1125 1546 1259 1583 εγκώμιαῐ
1278 1550 1333 1578 Πῶς
1350 1546 1379 1573 δέ
1393 1546 1444 1584 ἆρα
1458 1550 1493 1583 μὴ
1517 1547 1593 1578 εὐθὺς
1614 1547 1763 1576 ἀπσκνὴσω.
1792 1552 1839 1575 καὶ
1869 1552 1921 1586 πρὶν

1125 1593 1140 1620 ἡ
1156 1593 1221 1627 πρὸς
1236 1594 1278 1617 τὸν
1289 1589 1365 1617 ἆθλον
1394 1590 1582 1618 ἀποδύσασθαι
1613 1589 1752 1629 διαδράσω
1776 1596 1782 1620 f
1810 1597 1854 1628 Τῷ
1880 1599 1922 1624 τῆς

1127 1638 1218 1672 σοφίας
1233 1635 1332 1671 ἀπλέτῳ
1349 1636 1432 1672 βυθῷ,
1445 1640 1479 1671 τῷ
1490 1640 1538 1662 τῶν
1558 1636 1641 1672 λόγων
1675 1636 1772 1672 ἀχανεῖ
1808 1637 1920 1674 πελάγει.

1123 1682 1152 1706 τὸ
1185 1684 1229 1706 τοῦ
1251 1679 1327 1716 λόγου
1354 1685 1484 1717 επαφεῖναι
1510 1682 1689 1718 παρωρμήθην
1719 1681 1850 1708 ἀκάτιον·
1881 1686 1920 1709 καὶ

1124 1729 1178 1756 πῶς
1188 1724 1217 1750 ἆυ
1228 1725 1257 1751 οὗ
1269 1727 1363 1761 φρίκης
1385 1727 1428 1750 τὸν
1453 1725 1531 1751 πλοῦν
1555 1725 1650 1759 εἱσίω;
1674 1728 1718 1752 καὶ
1745 1726 1848 1761 εἰσιὼν,
1874 1733 1920 1758 πῶς

1124 1769 1187 1806 οὐχὶ
1215 1768 1310 1800 δειλίας
1340 1771 1461 1807 παραυτά
1485 1771 1641 1807 πληρωθεὶς,
1670 1773 1714 1797 καὶ
1738 1775 1789 1797 τῶν
1830 1773 1919 1799 οἰάκων

1124 1815 1190 1840 ἔνθεν
1209 1814 1381 1850 ὀλιγωρήσας,
1405 1817 1449 1841 καὶ
1472 1819 1522 1841 τῶν
1545 1817 1636 1851 πρόσω
1663 1816 1811 1852 μεθέμενος,
1842 1819 1919 1844 καθὰ-

1124 1869 1170 1896 περ
1194 1861 1255 1896 πρὸς
1281 1862 1327 1887 τήν
1353 1859 1490 1895 ἀναγωγὴν
1512 1859 1686 1896 ἁναπέσοιμι;
1712 1860 1768 1886 Οὐκ
1791 1862 1871 1897 ἔφθην
1893 1864 1919 1888 τὸ

1123 1908 1169 1934 τῆς
1195 1904 1340 1934 ὑποθέσεως
1369 1906 1574 1940 συννοησάμενος
1598 1905 1716 1940 μέγεθος,
1743 1903 1803 1931 οὐδ’
1836 1908 1919 1940 ἔστην,

1125 1948 1238 1973 ἰν”οῦπ·ω
1258 1951 1345 1984 φαίην.
1372 1947 1588 1982 ἀποσκοπεύσων,
1616 1950 1666 1978 ὅπη
1692 1959 1723 1985 με
1751 1952 1863 1985 προάγει
1892 1953 1920 1976 τὰ

1122 1996 1168 2022 τῆς
1200 1993 1420 2029 προθέσεως·καὶ
1448 1994 1524 2019 οὶονεί
1553 2003 1584 2029 με
1610 1995 1732 2029 κυμάτων
1757 1994 1854 2030 εμϐολή
1878 2005 1917 2022 πε-

1122 2039 1275 2073 ριεχύχησεν
1305 2036 1501 2072 ἀλλεπάλληλος,
1528 2040 1572 2063 καὶ
1602 2038 1634 2068 ὡς
1658 2037 1682 2063 ἐν
1710 2038 1775 2074 ζάλῃ
1800 2037 1918 2066 διατετά-

1121 2091 1231 2118 ραγμαι,
1248 2084 1292 2107 καὶ
1319 2083 1364 2111 τὰς
1388 2084 1479 2119 φρένας
1505 2080 1657 2118 σκοτοδὶνία
1682 2085 1863 2119 συγκέχυμαι.
1880 2085 1919 2116 Ἐξ

1122 2124 1165 2151 οὖν
1194 2125 1331 2162 ἀφετηρίας
1369 2126 1460 2161 αὐτῆς³
1491 2128 1520 2152 τό
1557 2131 1603 2152 τοῦ
1629 2127 1717 2162 λόγου,
1751 2130 1916 2163 μετὲγνωκα-

1121 2170 1215 2207 μᾶλλον
1227 2169 1256 2196 δέ
1273 2169 1328 2206 ἃμα
1358 2175 1393 2206 τῷ
1421 2170 1555 2197 ἀνελέσθαι
1585 2174 1650 2208 πρὸς
1676 2171 1808 2198 ἀπόπλουν
1837 2174 1915 2209 ἄγκυ-

1121 2225 1178 2252 ραν,
1213 2215 1340 2251 ἀπείρηκα
1369 2225 1406 2250 τε,
1436 2218 1480 2241 καὶ
1507 2215 1634 2245 παντελῶς
1660 2217 1840 2252 ἀπηγορευκα,
1873 2221 1914 2244 καὶ

1457 2261 1525 2291 ὅπως
1570 2270 1596 2286 τε
1641 2260 1833 2297 κυϐερνήσαιμι
1874 2266 1914 2288 καὶ

1086 2029 1103 2054 Β

1120 2262 1212 2295 γέγονα
1249 2269 1272 2286 εν
1311 2259 1418 2297 ἀπόρῳ⁷

1120 2306 1187 2330 κατά
1201 2307 1227 2329 τί
1242 2307 1287 2334 τῆς
1302 2303 1395 2340 ψυχῆς
1411 2302 1568 2340 διιθὺναιμι,
1588 2303 1720 2341 βούλημα,
1735 2307 1764 2331 τὸ
1779 2308 1847 2342 μέγα
1868 2305 1911 2335 δη-

1119 2347 1186 2377 λαδὴ
1203 2349 1274 2374 τοῦθ’
1299 2350 1406 2385 ὅρμημα
1432 2351 1475 2375 καὶ
1500 2351 1659 2386 εγχείρημα.
1684 2349 1762 2376 Ἀλλά
1787 2353 1914 2386 παρευθύς

1119 2394 1150 2422 ὡς
1177 2392 1207 2418 ἂν
1230 2395 1272 2419 επί
1294 2397 1342 2418 τὼν
1371 2396 1501 2429 μεγίστων
1528 2392 1666 2419 χλυδώνων
1695 2396 1795 2430 πυρσὸς
1829 2397 1910 2430 ἔφανε,

1119 2439 1163 2463 καὶ
1178 2438 1252 2463 αἰσία
1262 2447 1299 2468 τις
1315 2439 1392 2473 αἱγλη
1410 2436 1498 2474 διῇξεν
1510 2449 1516 2454 ·
1535 2439 1549 2467 ἦ
1575 2441 1620 2464 καὶ
1641 2441 1844 2476 περιαυγάσασά
1872 2450 1913 2476 μοι

1118 2484 1147 2507 τό
1162 2486 1209 2512 τῆς
1228 2481 1319 2517 ψυχῆς
1337 2484 1418 2518 ὄμμα,
1441 2484 1483 2508 τόν
1509 2486 1567 2509 vain
1597 2483 1709 2519 Οὰρσους
1734 2493 1761 2509 τε
1787 2484 1911 2518 ενέπλησε,

1119 2529 1163 2551 καὶ
1178 2529 1224 2555 τήν
1249 2525 1338 2552 διόλου
1365 2526 1519 2563 κυϐέρνησιν
1550 2528 1710 2564 ὑπεσήμηνε,
1738 2531 1783 2554 καὶ
1800 2538 1853 2559 πως
1881 2528 1911 2557 δὴ

1117 2573 1242 2607 χρηστήν
1267 2569 1361 2596 ελπίδα
1378 2569 1466 2602 δεξιᾶς
1487 2571 1599 2597 ὑπὲτεινε
1638 2573 1837 2609 καθορμήσεως.
1873 2576 1913 2604 Ti;

1119 2613 1148 2640 δὲ
1164 2616 1178 2644 ἡ
1194 2615 1271 2650 αῖγλη
1288 2618 1332 2641 καὶ
1357 2616 1369 2641 ὁ
1392 2618 1510 2653 πυρσὸς;
1545 2616 1573 2642 Ἡ
1603 2620 1649 2642 τοῦ
1675 2619 1808 2653 μακαρίου
1832 2616 1912 2650 τοῦδε,

1117 2664 1162 2685 τοῦ
1198 2661 1265 2686 θείου
1299 2662 1343 2686 καὶ
1376 2660 1580 2696 χοσμολαμπούς
1607 2665 1758 2698 φωστῆρος,
1782 2661 1909 2698 προσϐολή

1117 2707 1161 2730 καὶ
1189 2707 1334 2741 επίφαυσις.
1368 2704 1411 2736 Ὦς
1436 2707 1487 2741 ’γὰρ
1514 2703 1547 2734 δή
1577 2709 1626 2731 τῶν
1663 2710 1828 2742 μνημονικὼν
1868 2716 1908 2743 μοι

1116 2748 1268 2785 εξανασχών
1287 2753 1342 2781 τοῖς
1362 2749 1523 2786 λογιστικοῖς
1556 2749 1768 2788 εναπήστραψεν,
1806 2751 1852 2780 ὅση
1882 2760 1907 2778 τε
