1963 3084
3 41 141 54 ᾉσ-ς

2 143 59 172 ζ13

615 137 652 166 IN
672 136 701 166 S.
720 137 818 166 JOAN.
839 134 1088 164 DAMASCENUM.

1640 135 1692 163 814

2 203 81 234 ιΰθὸς
94 203 168 238 αὐτῷ
189 204 258 240 παρὰ
278 207 315 238 τῷ
339 205 396 237 Θεῷ
421 200 557 238 παρρησία
576 201 736 236 παρέστησε,
767 201 811 224 καὶ
828 200 839 225 Α

927 206 933 224 ς
949 199 1038 233 atque
1057 199 1189 225 exortus.
1205 195 1257 224 Hic
1268 195 1348 224 enim
1368 195 1468 224 statim
1479 198 1569 232 atque
1582 196 1690 224 conﬁr-

2 251 54 276 τήν
84 247 180 274 ἐκεῖθεν
199 247 282 283 ,ἰσχὺν
311 245 457 275 διεδὴλωσι
474 256 480 261 ·
497 246 542 270 καὶ
569 243 635 274 ὅπως
663 244 687 269 ἐν
707 243 813 279 (irrigat;

2 291 104 318 ϊοῡναι
129 295 209 328 πόρον
225 293 311 323 ἱκανός
340 291 423 325 ἔστιν,
443 290 488 316 ait;
507 288 583 325 ἔγγὺς
602 288 636 313 ὢν
662 291 708 314 τοῦ
734 291 812 321 Θεοῦ,

2 339 56 363 καὶ
76 338 144 367 alio;
158 336 215 367 ὅλος
233 339 377 373 γενόμενος,
404 338 450 361 τοῦ
476 334 501 360 ὶν
527 332 678 369 ἀμηχάνοις
701 330 814 358 δεικνύν-

2 391 55 412 τος
80 384 129 410 τὴν
154 379 310 407 δυναστείαν
339 380 389 413 ἀεὶ,
414 381 458 405 xui.
484 380 717 415 τερατουργοῡντος
745 379 815 412 μόνῳ

2 427 122 461 νεύματι
137 427 170 451 τὰ
185 423 335 463 παράδοξα.

866 244 948 270 mata
954 241 1099 270 memoria
1112 243 1242 270 mentem
1251 241 1289 269 ad
1296 240 1537 269 ratiocinandum
1545 241 1691 269 illumina-

867 287 915 320 vit,
943 286 1141 314 manifestavit
1170 286 1262 314 etiam
1283 289 1399 322 quanta
1425 286 1507 322 apud
1535 286 1695 313 Dominum

867 331 1066 367 valeatgratia
1077 330 1242 367 ;simulque
1250 330 1381 358 ostendit
1391 330 1546 366 quomodo
1555 338 1608 366 per
1615 330 1696 358 invia

868 375 961 412 possit
973 375 1046 403 mihi
1061 375 1140 403 viam
1154 375 1269 411 aperire
1292 375 1352 403 Deo
1368 375 1523 411 proximus
1544 383 1580 403 ac
1606 374 1697 403 veluti

869 420 1043 453 deiﬁcatus;
1058 421 1127 452 Deo,
1137 419 1272 456 inquam,
1289 419 1341 456 qui
1358 428 1444 447 suam
1472 420 1503 447 in
1526 419 1628 448 arduis
1644 420 1698 447 im-

2 460 192 506 plieatisque
211 460 339 505 negotiis
351 468 479 496 libenter
496 468 625 495 ostentat
637 465 812 502 potentiam,
829 466 858 492 et
872 460 937 492 solo
954 467 1029 492 nutu
1039 467 1136 501 patrat
1149 464 1305 499 miracula,
1321 465 1494 501 opinionem
1510 472 1632 493 omnem
1647 473 1698 492 ex-

2 514 160 542 cedentia.

48 558 84 595 β.
100 559 221 595 ’Δπαίρω
234 559 263 584 τὸ
279 558 369 584 λοιπόν
393 557 449 594 μετ’
474 557 577 589 αἰσίων,
601 556 615 581 ὃ
645 564 720 591 φασι,
753 564 818 590 συμ-

3 602 108 638 ϐόλων,
135 605 180 628 καὶ
206 605 252 628 σὺν
283 601 412 640 λαμπροῖς
438 601 566 637 ἀνάγομαι
589 602 644 630 τοῖς
669 599 818 634 κελεύμασι·

3 648 129 673 πέποιθα
156 650 201 673 καὶ
228 648 289 684 γὰρ,
316 649 349 677 ὡς
377 647 390 673 ό
416 647 495 683 μέγας
518 644 602 680 οὗτος,
632 646 691 680 περὶ
723 643 754 669 οὗ
777 644 820 668 τὸν

3 693 86 727 λόγον
115 694 270 728 πιποὶημαι,
296 694 340 717 xui.
365 692 392 717 ὃν
416 695 459 716 νῦν
487 690 611 716 ὑπόθεσιν
632 688 753 725 λαμπρὰν
775 690 821 713 τοῦ

3 737 92 772 λόγου
117 735 308 772 προϐέϐλημαι,
327 739 364 771 τῷ
388 734 458 770 λόγῳ
480 733 496 763 ἢ
521 731 664 768 αὑτολόγῳ,
744 733 823 767 σοφία

8 784 84 807 eloti
120 782 165 806 καὶ
197 779 352 816 αὑτοσοφία,
382 781 553 815 παρεστηκὼς
580 778 611 813 τῄ
647 777 764 812 μακαρία
796 785 823 801 τε

9 828 60 851 καὶ
88 825 232 860 αὐταγάτῳ
251 823 350 861 Τριάδι
379 826 472 858 συνὼν,
545 824 590 848 καὶ
611 823 705 857 περιὼν
732 819 818 856 ἀκραι-

11 874 87 905 φνῶς
118 868 265 906 ἕλάτρευσι,
297 871 343 894 xui.
373 869 405 898 ὡς
433 867 536 903 ἐφικτόν
568 868 717 902 ἐμιμήσατο
740 875 746 881 ·

10 915 88 944 ὅπως
115 912 232 944 ἀνέξεται
264 915 293 939 τὸ
325 911 383 938 κατ’
417 911 480 948 ἰμήν
513 911 672 946 ιὶσφέροντος
701 907 822 945 δύναμιν,

13 958 86 983 ἀλλὰ
110 960 157 983 καὶ
179 957 311 994 ἇπαρήξιι,
337 959 383 983 καὶ
409 960 489 993 χοῖροι
513 954 636 991 βοηθείας
664 953 756 990 ὀρέξει⁷
781 955 826 979 καὶ

14 1007 55 1038 τῷ
84 1003 156 1038 λόγῳ
179 1004 227 1031 τὴν
256 1000 396 1039 εὐδρομὶαν
418 1000 566 1038 παρέξεται,
594 1002 640 1025 xui.
665 998 825 1036 ὁλοσχερῶς,

16 1047 50 1072 ἶν’
80 1048 159 1077 οὗτος
185 1048 258 1081 εἴπω,
287 1050 335 1076 ¹τῆς
360 1047 538 1082 ἐτχιιρήσιώς
570 1053 614 1080 μοι
642 1042 828 1078 συναντιλήψε-

16 1101 74 1118 ται.
113 1090 179 1126 ’Δγε
207 1088 254 1122 δὴ,
281 1089 301 1115 ὦ
329 1092 397 1126 μέγα
420 1093 466 1118 τῆν
491 1089 614 1119 ἀληθείας
639 1090 758 1124 φωστὴρ,
783 1089 827 1113 καὶ

18 1137 109 1173 πυρσὶ
135 1136 304 1170 θεογνωσίας,
340 1134 466 1170 ἰπίφαινι,
507 1135 553 1159 xui.
580 1131 680 1159 διίθυνέ
713 1141 757 1168 μοι
785 1134 828 1158 τὸν

18 1181 112 1216 λόγον,
127 1181 172 1205 καὶ
187 1181 251 1215 πρὸς
266 1181 294 1205 τό
315 1177 373 1205 δέον
388 1179 526 1205 κατιύθυνε
553 1188 559 1194 -
584 1177 671 1214 ἔμοιγε
697 1174 723 1202 δ’
747 1176 829 1202 ivrei-

21 1227 64 1251 θεν
80 1224 190 1258 ἀρκτέον
211 1223 265 1254 ἤδη
292 1228 336 1250 τοῦ
358 1223 560 1260 ἐγχειρήματος,
576 1224 619 1249 τὸν
643 1223 688 1248 σὸν
715 1221 829 1248 ἐπικαλε-

23 1271 131 1305 σαμὲνῳ
144 1271 220 1304 Θιὸν,
242 1269 276 1300 ὡς
290 1268 320 1294 ἆν
345 1266 378 1298 δὴ
404 1267 480 1305 κάμὲ,
505 1272 551 1298 σῆς
579 1268 661 1294 εἵνεκα
684 1269 728 1292 xui
755 1270 830 1293 τοῦτο

26 1313 120 1347 δόξης,
135 1315 208 1351 παρὰ
231 1311 394 1350 προσδοκίαν
409 1316 496 1340 πᾶσαν
513 1314 638 1349 σοφίσαι,
654 1314 698 1338 καὶ
721 1315 832 1349 συχνοῖς

26 1369 55 1385 σε
86 1361 203 1395 τιμήσας
238 1357 333 1393 ἄλλοις,
358 1360 402 1384 καὶ
439 1361 475 1393 τῷ
504 1356 541 1384 ἔπ’
565 1357 623 1394 ἐμοὶ
651 1357 703 1393 οὐχ
735 1358 833 1386 ἣκιστα

28 1402 111 1440 διάρῃ
135 1405 373 1441 τερπουργὴματι.
403 1401 469 1429 Ἀλλ’
493 1402 515 1428 εἰ
535 1404 570 1438 μή
596 1401 741 1438 προῦλαϐον
767 1410 833 1431 τινες

29 1452 82 1478 τοῖς
93 1449 191 1484 ὁμοίως
207 1457 249 1474 σοι
266 1449 313 1476 τὴν
327 1448 394 1474 κατὰ
417 1449 481 1474 Θςόν
503 1444 666 1485 διαπρέψασι
691 1445 833 1480 πολιτείαν,

29 1495 74 1519 καὶ
94 1497 144 1524 τῆς
159 1496 208 1518 τῶν
224 1492 337 1528 χθονίων
359 1493 530 1529 ὑπιραρθείσι
546 1491 616 1522 ζωῆς
639 1492 676 1517 ἔτι
701 1491 762 1528 ὑπὲρ
785 1494 835 1526 γῆς

34 1536 107 1570 οὖσι,
135 1537 312 1563 κατώιποῦσι
338 1539 381 1566 τὴν
401 1540 461 1572 γῆν,
491 1538 533 1562 καὶ
560 1535 679 1572 ἀγγέλοις
702 1537 767 1571 μιτά
789 1541 835 1563 τοῦ

31 1582 116 1611 πηλοῦ
145 1584 308 1607 καταστᾶσιν
337 1581 507 1618 αὐτόχρημα,
551 1581 638 1618 ἑτέραν
676 1580 835 1618 ἐπιφημίσαι

31 1624 163 1664 πατρίδα,
178 1625 258 1655 ἄλλην
271 1634 298 1652 τε
318 1628 444 1663 φρατρίαν
464 1625 656 1664 ἐναπογράψαι,
680 1630 725 1653 καὶ
749 1626 836 1658 ἁπλῶς

32 1671 136 1697 σῖλλοθιν
165 1670 270 1701 ἐκείνοις
302 1669 497 1706 ὰνομολογήσαι
529 1674 575 1701 τήν
602 1674 700 1708 γένεσιν
721 1683 728 1689 ·
758 1673 836 1704 αὐτὸς

34 1716 62 1742 ἂν
76 1716 127 1752 ἂγὼ
143 1719 248 1752 πρῶτος
263 1713 305 1741 ἐπὶ
326 1717 369 1741 σοὶ
384 1715 460 1741 ταυθ⁹
480 1714 625 1752 ἐθάρρησα,
649 1718 695 1740 καὶ
722 1713 838 1751 πατρίδα

36 1764 83 1791 σήν
107 1762 152 1787 τὸν
173 1760 291 1798 οὖράνιον
319 1758 421 1786 ἀνεῖπον
447 1765 545 1798 χῶρον,
567 1763 609 1786 καὶ
636 1760 742 1797 φυλέτας
762 1762 838 1790 ὅντως

35 1809 80 1832 xui.
115 1806 249 1843 φράτορας
287 1806 348 1835 τοὺς
384 1805 466 1835 θείους
505 1807 575 1841 νόας,
619 1807 664 1835 τὰς
700 1805 840 1842 ὑπερτέρας

38 1853 129 1887 φύσεις
150 1853 197 1876 καὶ
227 1849 352 1886 ἀνωτέρας
379 1853 427 1880 τῆς
460 1849 522 1881 ὕλης
559 1853 621 1876 καὶ-
638 1855 688 1876 τῶν
728 1849 841 1876 ἐντεῦθεν

40 1895 201 1932 ὑψηλοτέρας
233 1895 320 1921 παθῶν
349 1905 355 1910 ·
383 1896 428 1920 καὶ
460 1895 524 1931 τάχ’
551 1894 580 1920 ἂν
614 1894 749 1931 εὐστόχως
770 1895 841 1920 ruri?”

41 1940 120 1966 εἰπεῖν
150 1939 331 1976 ἁπεθάρρησα,
367 1941 411 1965 καὶ
439 1938 589 1975 επιφήμισα
619 1941 652 1965 τὰ
684 1940 842 1968 καθήκοντα,

41 1984 112 2011 Ἐπεὶ
143 1982 173 2010 δὲ
205 1984 347 2020 φθασαντες
383 1982 421 2009 ἐπ’
461 1983 547 2015 οῐλλοις
582 1985 654 2010 ἄλλοι
683 1987 729 2013 τὴν
753 1983 845 2022 ἀρετὴν

47 2031 181 2066 ὁμοτίμοις
201 2030 284 2054 ταῦτα
310 2038 364 2058 πως
387 2029 515 2066 εἰρηκότες
543 2030 734 2066 τυγχάνουσιν,
761 2029 847 2067 ἑτέραν

49 2076 128 2110 ἔγωγε
143 2072 304 2110 βαδιοῦμαι,
329 2075 375 2102 τὴν
400 2075 569 2110 τετριμμένην
592 2075 689 2103 ταύτην
715 2077 759 2100 χαὶ
786 2076 849 2111 πρὸ·

48 2129 148 2156 χιιρον,
165 2123 180 2148 ἡ
212 2119 278 2155 πρὸς
301 2119 346 2146 τὴν
372 2122 417 2144 τοῦ
438 2117 664 2155 ἔγκωμιαζομένου
687 2118 850 2155 γενεαλογίαν

49 2165 157 2202 προάγει
188 2164 232 2188 τὸν
249 2162 332 2198 λόγον,
361 2161 408 2188 κᾶν
430 2166 480 2189 τῶν
499 2164 594 2189 ἄνωθεν
620 2166 665 2190 καὶ
691 2166 740 2200 πρὸ
772 2163 851 2190 αὑτοῦ

50 2209 196 2245 ἀρχομένη,
218 2207 254 2237 εἰς
269 2206 344 2233 αὐτόν
364 2216 390 2233 τε
415 2209 459 2233 τὸν
486 2206 520 2237 εἰς
539 2209 641 2234 ἔπαινον
670 2210 853 2245 προσχείμινον

51 2255 178 2280 κάτεισιν.

84 2297 118 2334 γ’,
141 2296 186 2328 Ἐξ
217 2296 280 2332 ἑῴας
308 2293 351 2322 οὖν
376 2297 389 2322 ὀ
419 2296 566 2328 θεολαμπής
601 2299 736 2335 φωσφόρος
761 2296 854 2323 ἀνέτει-

53 2353 104 2380 γιν,
120 2343 178 2369 ὅθεν
205 2344 249 2368 xui
273 2342 286 2367 ὀ
317 2344 404 2379 Σωτὴρ
431 2341 641 2380 ὲνανθρωπησας,
666 2343 679 2368 ό
704 2344 793 2372 νοητὸς
812 2344 856 2368 καὶ

55 2390 219 2424 Μρχρονος
238 2385 357 2422 ἕπέφανεν
386 2385 467 2421 ἣλιος,
497 2385 614 2412 κάκεῖθεν
639 2384 672 2416 δὴ
699 2389 732 2413 τὰ
757 2388 858 2423 πέρατα

55 2437 108 2464 τοῖς
123 2431 204 2458 αὑτοῦ
219 2431 400 2462 θιοπνσύστοις
409 2430 494 2467 λόγοις
516 2431 558 2457 οἷά
585 2441 655 2457 τισιν
681 2431 772 2458 ἀκτῖσι
797 2441 857 2457 κατ-

57 2481 168 2513 ηύγασε,
202 2478 248 2502 xui
271 2477 312 2502 τόν
339 2479 387 2506 τῆς
414 2475 512 2507 πλάνης
542 2476 619 2512 ζόφον
644 2475 772 2511 ἀπήλασε,
809 2476 858 2502 θεο-

57 2525 170 2559 γνωσιας
195 2530 223 2547 τι
250 2523 279 2547 τὸ
306 2525 356 2557 φῶς
381 2518 556 2553 ἓξεδίσχευσε,
591 2524 636 2547 καὶ
649 2523 695 2550 τὴν
720 2521 754 2551 εἰς
777 2521 860 2558 οὐρα-

60 2569 114 2597 νοὺς
142 2567 206 2602 ἡμῖν
235 2564 382 2601 ἀνοίγουσαν
412 2563 578 2601 ἐφανέρωσεν.
600 2564 671 2592 Ἐδει
713 2568 774 2602 γὰρ,
817 2567 861 2591 xui

60 2612 139 2641 καλῶς
162 2609 229 2643 ἔδει,
244 2614 290 2635 τοὺ
315 2614 383 2637 emi
402 2612 488 2646 Λόγου
515 2609 543 2635 ἐκ
571 2615 620 2636 τῶν
649 2610 716 2646 ἑῴων
739 2614 793 2640 τοῖς
821 2610 862 2636 αν-

64 2658 171 2693 θρώποις
209 2654 376 2691 ἀναφανέντος
414 2659 508 2692 μορῶν,
548 2657 594 2682 καὶ
627 2657 693 2692 πρὸς
731 2657 863 2693 σωτηρίαν

64 2698 296 2736 ιαθοδηγήσαντος
336 2697 437 2734 (ἐπειδὴ
487 2709 539 2730 πως
588 2705 780 2737 περιτραπῆναι
819 2702 865 2725 καὶ

66 2746 138 2778 αὖθις
162 2743 247 2783 ἔμελλε
276 2747 304 2772 τὸ
332 2744 499 2782 εὐμετάϐολον
530 2750 580 2771 τῶν
609 2745 748 2784 ἀνθρώπων
776 2745 864 2781 φῦλον,

67 2794 97 2824 ὡς
124 2793 169 2819 καὶ
195 2790 330 2827 "(lowest
356 2792 390 2818 τὰ
411 2791 522 2827 μεγάλα,
547 2793 594 2817 καὶ
619 2795 666 2822 τῆς
695 2790 795 2821 ιύθιίας
820 2792 866 2816 καὶ

909 556 935 581 2.
949 554 1063 582 Faustis
1077 561 1149 589 ergo
1162 553 1302 590 auspiciis
1314 553 1406 588 solvo,
1418 556 1447 582 et
1461 554 1548 582 claris
1558 554 1589 582 in
1605 553 1699 581 altum

874 598 1024 634 provehor
1034 597 1191 634 plausibus
1205 607 1210 625 :
1228 598 1347 625 conﬁdo
1358 598 1467 626 etenim
1478 599 1558 634 quod
1570 606 1700 633 magnus

874 642 923 670 hic
935 642 988 677 vir,
996 642 1034 670 de
1053 650 1114 678 quo
1130 642 1430 677 sermoneminstitui,
1443 651 1595 679 quemque
1618 650 1699 670 nunc

876 687 1095 723 mihiproposui
1102 687 1132 714 in
1138 687 1237 714 nobile
1246 687 1388 715 orationis
1397 691 1620 722 argumentum,
1630 687 1686 714 sub
1693 703 1699 706 -

875 731 990 760 sistenti
1002 731 1031 759 in
1042 739 1074 758 se
1089 731 1184 759 Verbo
1197 732 1393 768 increataaque
1409 732 1458 759 Dei
1478 732 1630 768 sapientiae
1646 731 1699 759 ad-

877 778 971 811 stans,
983 779 1011 804 et
1025 784 1095 804 cum
1105 775 1194 804 beata
1209 784 1244 804 ac
1257 785 1309 812 per
1322 777 1452 813 seipsam
1468 776 1549 805 bona
1561 776 1700 804 Trinitate

878 828 1068 854 conversans,
1089 820 1137 848 cui
1151 820 1225 848 dum
1239 821 1352 849 viveret
1367 821 1480 849 sincere
1496 821 1616 849 servivit
1636 821 1702 856 ejus

771 864 824 899 οὐχ
841 872 862 899 Β
878 865 982 902 quoad
996 865 1077 894 licuit
1090 865 1230 900 imitator,
1244 873 1306 894 non
1321 868 1437 894 tantum
1459 866 1595 895 tolerabit
1618 866 1703 902 quod

879 918 932 946 pro
948 910 1163 938 meatenuitate
1173 910 1278 945 offero,
1290 919 1395 938 verum
1405 911 1495 939 etiam
1508 911 1665 946 adjuvabit
1675 913 1703 939 et

881 955 1056 983 auxiliarem
1070 955 1224 983 dexteram
1236 954 1376 991 porriget,
1388 955 1566 992 felicemque
1579 963 1702 983 cursum

880 1000 1026 1036 praebebit
1035 999 1175 1033 sermoni,
1186 1000 1434 1034 etmecum,utita
1440 1000 1550 1035 dicam,
1563 1000 1706 1036 suscipiet

881 1047 1023 1073 conatum
1037 1043 1154 1072 effectui
1165 1044 1412 1081 mancipandum.
1426 1048 1486 1080 Age
1493 1053 1577 1080 ergo,
1592 1052 1706 1080 magna.

882 1089 932 1118 fax
948 1089 1078 1117 veritatis
1093 1091 1121 1117 et
1132 1089 1279 1117 luminare
1294 1089 1472 1125 cognitionis
1492 1090 1552 1124 Dei,
1582 1098 1705 1126 appara,

883 1141 1043 1170 meamque
1066 1133 1233 1161 orationem
1260 1141 1341 1168 rege,
1363 1136 1392 1161 et
1421 1142 1482 1170 quo
1505 1134 1590 1162 decet
1610 1133 1706 1162 ﬂecte.

882 1179 956 1207 Hine
969 1186 1055 1206 meus
1069 1178 1134 1214 jam
1146 1177 1335 1215 incipiendus
1349 1181 1393 1207 est
1406 1178 1494 1207 labor
1507 1188 1513 1206 :
1527 1178 1588 1207 Deo
1607 1182 1711 1207 tamen

884 1223 967 1259 prius
980 1223 1129 1256 invocato,
1145 1225 1178 1250 ut
1191 1231 1251 1257 me,
1267 1223 1369 1259 gloriae
1397 1226 1456 1252 tua;
1483 1231 1587 1257 causa,
1619 1232 1712 1260 supra.

885 1277 971 1305 spem
984 1276 1116 1302 omnem,
1133 1267 1258 1296 edoceat
1272 1268 1449 1304 sapientiam
1463 1278 1470 1303 ;
1497 1268 1624 1305 aliisque
1652 1269 1711 1297 fre-

885 1312 1048 1349 quentibus
1065 1311 1133 1340 inte
1157 1311 1271 1340 collatis
1294 1312 1460 1341 honoribus
1476 1313 1597 1349 adjiciat
1622 1313 1712 1347 istud,

887 1356 969 1394 quod
985 1356 1125 1384 ostendes
1133 1357 1164 1384 in
1173 1365 1221 1384 me
1231 1357 1414 1393 adjuvando,
1422 1358 1612 1386 miraculum.
1626 1359 1714 1395 Equi-

888 1402 958 1430 dem
971 1401 1037 1429 licet
1048 1404 1116 1430 ante
1132 1409 1180 1429 me
1194 1401 1243 1429 alii
1271 1401 1408 1430 nonnulli
1436 1402 1482 1435 iis,
1501 1403 1553 1439 qui
1581 1403 1716 1431 divinam

889 1447 965 1475 sicut
983 1449 1014 1474 tu
1029 1446 1290 1474 conversationem
1303 1447 1505 1482 excoluerunt,
1517 1450 1545 1476 et
1560 1456 1652 1484 supra
1662 1449 1717 1476 hu-

890 1499 987 1520 manae
998 1491 1064 1518 vitae
1082 1499 1222 1518 normam
1241 1491 1348 1519 elevati
1369 1494 1488 1520 terrena
1519 1493 1717 1520 deseruerunt

889 1536 989 1565 adhuc
1004 1536 1032 1565 in
1048 1536 1162 1564 mundo
1174 1536 1316 1570 viventes,
1351 1539 1498 1572 tanquam
1526 1537 1625 1572 angeli
1647 1545 1717 1565 cum

889 1581 952 1609 luto
966 1580 1115 1617 compecti
1132 1580 1227 1615 ;1icet,
1245 1581 1381 1617 inquam,
1394 1581 1444 1608 alii
1464 1581 1601 1609 nonnulli
1633 1581 1717 1609 haud

891 1625 1152 1662 praesumpsissent
1175 1624 1303 1661 patriam
1331 1625 1500 1653 istiusmodi
1542 1625 1717 1654 hominibus

891 1670 982 1699 aliam
1000 1669 1158 1705 ascribere,
1176 1669 1266 1697 aliam
1292 1678 1468 1706 nuncupare
1491 1670 1649 1704 civitatem,
1675 1669 1719 1706 ip-

892 1723 1002 1751 sosque
1016 1713 1137 1742 aliunde
1152 1716 1239 1742 natos
1261 1714 1403 1750 profiteri,
1435 1715 1550 1751 primus
1577 1715 1609 1742 id
1634 1715 1672 1742 de
1692 1717 1720 1742 te

893 1759 1047 1793 auderem,
1063 1761 1091 1786 et
1101 1758 1210 1786 coelum
1226 1759 1354 1795 patriam
1368 1761 1451 1787 tuam
1464 1768 1530 1787 esse
1545 1767 1718 1794 assererem,

894 1803 1136 1840 contribulesque
1150 1811 1184 1831 ac
1196 1803 1275 1830 cives
1287 1806 1354 1831 tuos
1367 1803 1486 1831 divinas
1510 1804 1573 1832 istic
1607 1807 1722 1832 mentes

896 1849 1179 1886 praestantioresque
1192 1851 1325 1881 naturas,
1342 1848 1466 1876 materia
1481 1852 1509 1877 et
1523 1848 1722 1885 perturbatio-

896 1893 986 1922 nibus
1002 1892 1110 1920 nostris
1126 1891 1295 1928 superiores
1312 1895 1420 1929 ;atque
1435 1893 1492 1921 hoc
1516 1894 1628 1921 faciens
1649 1893 1723 1921 forte

900 1938 1076 1972 attingerem
1087 1945 1223 1972 scopum,
1235 1939 1312 1965 certe
1324 1945 1386 1965 non
1398 1938 1456 1965 nisi
1467 1938 1582 1966 veritati
1592 1945 1727 1973 congrua

900 1981 1107 2019 praedicarem.
1118 1981 1266 2014 Quoniam
1273 1984 1373 2009 tamen
1386 1983 1597 2018 praevenientes
1607 1990 1655 2010 me
1665 1982 1727 2015 alii,

902 2028 939 2055 de
954 2026 1019 2054 aliis
1033 2024 1084 2054 tibi
1099 2026 1129 2054 in
1144 2025 1260 2054 virtutis
1276 2026 1390 2054 honore
1425 2026 1572 2055 similibus
1597 2028 1637 2054 ita
1658 2029 1728 2054 sunt

903 2072 992 2100 locuti
1003 2081 1009 2105 ;
1020 2079 1072 2107 per
1087 2070 1237 2098 diversam
1250 2079 1306 2106 ego
1319 2072 1398 2099 viam
1418 2071 1603 2107 progrediar,
1620 2070 1731 2098 scilicet

904 2124 958 2153 per
974 2115 1072 2143 tritam
1095 2114 1187 2150 vulgo
1202 2115 1444 2151 expeditamque,
1460 2124 1527 2152 quae
1542 2115 1582 2144 ad
1597 2115 1661 2151 ejus
1677 2115 1730 2152 qui

906 2159 1136 2189 commendatur
1150 2159 1358 2195 genealogiam
1375 2160 1519 2196 perducit,
1537 2163 1626 2196 atque
1637 2168 1656 2188 a
1670 2167 1732 2188 ma-

904 2205 1020 2242 joribus
1031 2205 1191 2240 ipsumque
1205 2204 1380 2240 przegressis
1406 2205 1560 2241 incipiens,
1592 2206 1622 2233 in
1655 2205 1731 2241 ejus,

908 2258 999 2286 quem
1014 2249 1069 2277 sibi
1087 2249 1251 2286 proposuit,
1266 2248 1371 2277 laudes
1387 2249 1551 2278 descendit.

945 2301 972 2327 3.
987 2298 1032 2327 Ab
1047 2298 1164 2326 Oriente
1192 2301 1312 2326 exortus
1340 2302 1386 2327 est
1419 2299 1467 2326 hic
1494 2299 1605 2332 lucifer,
1632 2299 1735 2327 divino

910 2343 1056 2378 effulgens
1074 2342 1198 2377 lumine,
1214 2342 1293 2370 unde
1308 2342 1398 2371 etiam
1412 2343 1547 2372 Salvator
1570 2345 1738 2372 humanam

911 2387 1033 2417 indutus
1047 2395 1179 2420 carnem,
1191 2386 1282 2415 veluti
1293 2387 1443 2416 solmente
1452 2388 1651 2424 perceptibilis
1662 2391 1738 2416 tem-

912 2440 1046 2470 poraque
1052 2431 1199 2459 excedens
1207 2432 1356 2468 apparuit,
1363 2433 1470 2460 exinde
1478 2434 1620 2461 terminos
1634 2431 1741 2460 mundi

914 2478 976 2506 suis
991 2476 1100 2505 divinis
1117 2477 1308 2504 sermonibus
1323 2477 1411 2505 veluti
1437 2477 1528 2505 radiis
1556 2477 1741 2514 quibusdam

915 2523 1076 2555 illustrans,
1091 2524 1119 2549 et
1131 2521 1240 2549 abacta
1252 2521 1361 2549 erroris
1394 2521 1531 2557 caligine,
1557 2523 1742 2550 luminosum

916 2566 1095 2602 cognitionis
1115 2566 1224 2593 divinas
1238 2566 1343 2593 orbem
1363 2565 1524 2601 explicans,
1542 2575 1577 2594 ac
1600 2567 1680 2593 viam
1711 2566 1742 2592 in

917 2611 1027 2639 caelum
1034 2610 1204 2638 tendentem
1212 2610 1407 2637 manifestans
1415 2610 1512 2637 nobis.
1518 2610 1645 2637 Deccbat
1652 2609 1743 2641 enim,

918 2659 947 2684 et
959 2656 1048 2692 plane
1066 2655 1201 2689 decebat,
1218 2657 1248 2682 ut
1272 2663 1340 2682 cum
1371 2654 1507 2682 divinum
1546 2654 1676 2682 Verbum
1709 2652 1747 2681 ab

920 2699 1117 2729 Orientalibus
1124 2700 1222 2736 plagis
1230 2699 1430 2735 apparuisset,
1438 2699 1477 2727 ad
1484 2699 1563 2728 viam
1570 2699 1673 2727 salutis
1680 2706 1748 2727 sese

920 2745 1031 2773 ducem
1042 2744 1345 2781 prwbens(quoniam
1355 2752 1460 2772 rursus
1475 2744 1608 2772 subverti
1617 2743 1750 2772 debebat

920 2789 1081 2818 hominum
1094 2796 1189 2824 genus
1203 2787 1394 2818 mutabilium
1405 2788 1583 2825 obnoxium,
1592 2788 1674 2819 itaut
1685 2794 1754 2819 ωας
