1963 3084
215 84 268 112 819

811 84 1042 114 CONSTANTINT
1061 85 1305 115 ACROPOLITE.

215 145 319 181 gillant
334 153 341 173 :
355 145 605 182 quandoquidem
616 146 662 174 vir
673 146 780 174 beatus
794 148 823 175 et
840 146 972 182 majores
987 147 1042 175 ha-

1106 150 1215 184 εατὲρες,
1236 151 1280 174 καὶ
1295 147 1388 184 ἀρετῆς
1417 146 1465 174 διὰ
1496 149 1583 178 πάσης
1609 148 1817 185 ἀννεποιούμενοι
1845 147 1926 185 βω-

214 189 314 218 buerit
332 192 464 223 sanctos,
480 192 508 218 et
519 193 657 226 parentes
677 191 780 226 quoad
798 191 934 219 vixerunt
948 194 1044 218 secta-

215 237 295 263 tores
309 235 426 271 pietatis
445 245 451 268 ;
463 235 554 271 idque
565 244 633 263 cum
650 236 788 271 publicas
804 238 903 264 essent
917 236 1044 270 dignita-

216 282 262 307 tes
278 280 368 312 nacti,
390 282 417 308 et
441 280 534 308 multa
550 280 631 317 apud
645 282 748 309 Persas
771 281 903 317 potentia
917 281 1044 317 praediti,

218 326 320 359 utpote
335 332 403 351 cum
415 323 561 360 praefectis
576 332 680 352 eorum
695 325 886 352 dominantes
899 328 927 352 et
942 333 1045 353 curam

218 368 301 396 urbis
313 369 475 404 partientes
484 369 720 397 universaferme
731 369 877 397 Damasco
888 370 944 396 sub
952 369 1045 406 patris

219 413 365 440 Mansuris
373 413 484 440 ditione
493 414 666 442 constituta.
683 414 743 442 Sub
754 414 890 442 barbaris
902 422 1045 450 namque,

221 457 296 485 sicut
320 457 385 492 jam
405 457 477 490 dixi,
503 458 593 493 geniti
627 459 758 493 majores
784 467 848 487 sese
871 461 1047 495 aptaverant

219 502 348 538 tempori
362 511 368 529 :
385 504 414 529 et
428 502 495 530 licet
511 510 529 530 a
543 510 614 530 vera
628 503 769 538 religione
789 511 850 531 non
864 503 1046 535 recederent,

222 546 474 583 appellationibus
493 549 594 575 tamen
627 548 784 576 nominum
825 551 853 576 et
882 548 1046 576 amictuum

222 590 389 626 speciebus,
404 591 525 618 barbari
538 591 583 627 (ut
597 591 638 619 sic
657 591 796 627 dixerim)
815 594 843 620 et
865 593 961 620 Persas
987 591 1048 619 fue-

221 638 289 663 rant
304 635 381 663 facti.

258 680 286 708 7.
300 680 469 708 Vocabatur
477 680 579 716 itaque
589 683 674 717 pater
688 681 753 717 ejus
778 683 906 715 Mansur,
935 681 1050 709 Persico

223 724 382 757 vocabulo,
397 727 424 752 et
439 725 468 752 in
482 725 615 753 maximo
631 726 712 762 apud
728 728 832 755 Persas
858 726 972 754 honore
995 734 1049 762 po-

224 768 297 796 situs
315 769 543 797 crrcuntﬂuebat
564 770 674 798 divitiis
687 792 694 803 ,
711 774 800 806 atque
821 771 945 799 indutus
957 771 1052 806 gloria

1098 196 1156 224 τῆς,
1183 195 1227 218 καὶ.
1253 196 1336 219 ταῦτα
1361 191 1496 229 δημοσίων
1521 193 1611 229 ἀρχῶν
1630 192 1826 230 ἐπειλημμένοι,
1860 196 1925 219 καὶ

1099 238 1132 263 τὰ
1145 237 1244 274 μεγάλα
1258 239 1330 275 παρὰ
1358 241 1472 274 Πέρσαις
1501 236 1652 274 δυνάμενοι,
1676 239 1721 265 εἶτε
1746 242 1792 265 καὶ
1816 248 1923 275 napa—

1100 280 1301 313 δυναστεύοντες
1313 286 1349 318 τῷ
1365 284 1509 319 Περσάρχη
1525 285 1570 310 καὶ
1584 285 1631 314 τὰς
1658 283 1722 319 ὺπέρ
1741 287 1787 310 τοῦ
1815 286 1925 309 κοινοῦ

1100 325 1241 362 φροντίδας
1269 327 1508 364 συμμεριζὸμενοι,
1541 329 1627 353 πᾶσάν
1662 337 1689 354 τε
1718 325 1822 364 σχεδόν
1848 325 1926 362 εἶχε

1099 373 1146 400 τὴν
1173 374 1311 408 Δαμασκὸν
1336 381 1349 397 ο
1379 374 1466 407 πατὴρ
1498 373 1623 408 Μαεισοὺρ
1654 372 1698 398 ὑπ’
1725 372 1816 400 αὐτόν.
1844 371 1925 398 ’Υπὸ

1099 418 1150 452 γὰρ
1170 420 1222 446 τοῖς
1249 415 1405 453 βαρϐάροις,
1438 417 1473 448 ὡς
1502 417 1579 453 ἔφθην
1608 416 1694 449 εἰπὼν,
1721 419 1859 452 γεγονότες
1894 417 1927 442 οἱ

1100 463 1230 497 πρόγονοι,
1246 463 1290 486 καὶ
1316 463 1427 497 χρόνους
1453 461 1541 492 αὐτοῖς
1571 461 1783 497 συναμείψαιτες,
1813 461 1837 487 εἰ
1862 463 1923 486 καὶ

1100 508 1136 542 μή
1163 509 1210 534 τὴν
1251 507 1389 543 θρησκείαν
1436 508 1669 541 μεταπεπτώκεσαν
1695 514 1701 520 ”
1731 505 1786 531 ἀλλ’
1812 504 1858 531 οὖν
1892 504 1924 530 ἐν

1100 550 1224 579 κλήσεσιν
1240 550 1382 586 ὀνομάτων,
1402 550 1426 576 ἄν
1461 550 1590 576 ἀναϐολῶν
1619 553 1758 586 σχήμασιν
1790 549 1923 586 ἐϐαρϐά-

1100 605 1190 632 ρισαν,
1205 595 1235 621 ἶν’
1251 595 1335 626 οὕτως
1354 597 1463 631 εἴποιμι,
1479 596 1523 621 καὶ
1537 594 1687 632 ἐπάρσισαν,

1139 683 1174 713 ξ’.
1195 683 1327 711 Ἐκαλεῖτο
1354 687 1416 719 γοῦν
1441 685 1566 720 Μανσοὺρ
1583 684 1597 709 ὁ
1626 686 1710 720 πατὴρ
1743 685 1923 720 Περσίκώτε-

1103 738 1158 765 ρον,
1171 730 1216 754 καὶ
1229 727 1338 755 πλεῖστα
1351 729 1423 765 παρὰ
1441 731 1554 765 Πέρσαις
1578 727 1618 764 (4)
1645 727 1752 764 ἐτιμᾶτο

1104 782 1131 798 τε
1170 771 1336 810 περιερρεῖτο,
1369 774 1413 798 καί
1454 770 1532 803 δόξαν
1559 770 1751 805 ἐνεδιδύσκετο,
1780 773 1828 797 καί
1859 772 1922 798 ὑπὸ

1781 738 1788 743 ·
1805 727 1923 762 πλσύτῳ

223 813 414 842 ambiebatur
430 822 448 842 a
462 814 609 851 frequenti
624 816 776 844 comitatu.
790 815 995 851 lndigentibus
1008 816 1049 844 in-

1107 822 1212 853 συχνῶν
1225 818 1292 843 πάνυ
1318 816 1509 854 περιεϐέϐλητο,
1539 814 1666 852 δεομένοις
1692 815 1823 852 ἑπαρκων,
1850 814 1893 842 αδ
1898 826 1921 840 ι-

223 859 309 887 terim
326 858 539 894 suppeditabat
549 860 701 895 pecunias,
717 860 831 888 ferebat
846 861 988 896 iniuriam
1000 869 1052 897 pa-

222 903 364 931 tientibus
377 910 466 939 opem
482 906 509 930 et
528 903 695 932 redimebat
709 905 843 941 captivos
863 904 901 933 ab
915 913 1050 935 exsecra-

222 947 274 975 bili
288 947 446 975 Persarum
462 949 672 984 superstitione
687 949 777 977 simul
802 952 831 978 et
857 958 875 978 a
901 950 1049 987 gehenna,

221 992 303 1028 ipsos
322 992 434 1028 alioqui
448 995 598 1023 manente.
613 993 770 1022 vindicans
784 995 813 1022 in
829 994 975 1023 futurum.
986 996 1050 1023 Non

221 1040 321 1065 autem
345 1037 402 1064 hoc
426 1037 555 1065 faciebat
576 1038 785 1074 perfunctorie,
813 1039 859 1066 vel
884 1040 960 1067 sicut
983 1048 1049 1068 sors

220 1082 337 1115 tulerat,
354 1090 456 1109 eorum
472 1083 635 1118 peragebat
657 1084 824 1118 negotium.
847 1084 919 1112 satis
932 1084 1050 1112 habens

221 1127 385 1154 redemisse
403 1134 454 1154 eos
479 1129 569 1163 atque
589 1127 626 1155 de
647 1130 753 1156 caetero
783 1128 934 1163 neglectos
949 1129 1048 1157 dimit-

221 1173 287 1199 tens
303 1179 310 1198 :
327 1170 378 1198 sed
394 1171 526 1199 maxima
541 1172 620 1200 circa
641 1180 693 1200 eos
708 1172 847 1200 utebatur
862 1173 1050 1209 providentia

220 1216 388 1251 iterumque
402 1218 431 1243 et
442 1216 550 1243 iterum
565 1217 600 1244 iis
614 1217 769 1250 assistens,
797 1225 902 1245 omnes
928 1217 1050 1246 insimul

221 1269 256 1288 ac
276 1260 400 1288 seorsim
419 1260 553 1296 singulos
579 1261 714 1289 curabat.
737 1261 886 1298 Imprimis
916 1270 1049 1298 namque

221 1313 325 1333 eorum
357 1305 532 1339 contegebat
556 1305 735 1340 nuditatem,
759 1308 787 1334 et
815 1306 1047 1335 imbecillitatem

220 1357 383 1386 corporum
406 1349 539 1385 diligenti
553 1350 750 1386 competentis
766 1350 860 1379 victus
872 1351 986 1379 ratione
1005 1351 1048 1379 fo-

220 1395 310 1422 vebat
323 1402 456 1429 congruo
470 1394 578 1422 deinde
591 1402 718 1423 numero
737 1395 854 1424 dierum
871 1396 947 1432 ipsis
969 1396 1049 1425 velut

221 1439 353 1468 dominis
368 1440 430 1467 suis
453 1439 622 1473 intendens,
647 1442 675 1468 et
700 1440 850 1477 quidquid
876 1440 916 1468 ad
943 1449 1048 1469 eorum

222 1484 404 1513 commodum
412 1484 707 1520 pertineretstudiose
715 1485 875 1522 complens:
887 1488 1049 1522 postquam

224 1529 262 1557 ab
275 1529 418 1556 aerumnis
425 1537 486 1556 suae
493 1529 674 1565 captivitatis
685 1533 840 1566 exemptos
857 1530 1050 1558 sufﬁcienter-

223 1582 281 1610 que
301 1577 448 1602 recreatos
458 1574 579 1602 videbat
595 1575 634 1602 ad
660 1575 817 1611 pristinam
833 1575 955 1603 rediisse
966 1575 1050 1603 vale-

223 1619 368 1652 tudinem,
388 1618 517 1654 jubebat
537 1619 694 1654 benevole,
715 1623 816 1647 utrum
836 1619 968 1653 mallent,
987 1619 1050 1647 edi-

224 1671 300 1697 cere,
323 1671 444 1691 manere
458 1672 527 1691 cum
543 1663 606 1699 ipso
620 1664 665 1691 vel
680 1664 761 1692 edire
781 1664 819 1692 ad
834 1665 966 1702 propria.
983 1664 1050 1698 Qui-

224 1716 344 1744 cunque
370 1708 459 1743 igitur
483 1708 522 1735 ad
537 1707 666 1735 reditum
690 1708 721 1736 in
737 1708 866 1744 patriam
885 1709 1051 1746 propendeo

223 1754 286 1786 bat,
304 1753 482 1780 sufﬁcientia
502 1752 559 1780 sibi
573 1752 712 1781 sumebat
729 1753 836 1781 viatica
851 1756 878 1781 et
902 1753 977 1781 inter
991 1754 1051 1782 feli-

224 1798 266 1826 cis
291 1797 403 1825 itineris
423 1799 491 1824 vota
510 1797 714 1825 dimittebatur
728 1807 733 1827 :
749 1798 860 1834 quibus
886 1806 957 1826 vero
979 1798 1051 1826 nihil

224 1844 288 1870 erat
302 1842 400 1878 potius
414 1849 508 1878 quam
535 1849 604 1869 cum
619 1850 655 1869 eo
679 1842 794 1870 versari
820 1842 850 1870 in
870 1843 1052 1871 suburbanis

225 1887 304 1922 agris
330 1894 406 1922 quos
426 1886 600 1922 possidebat
618 1886 774 1922 plurimos,
798 1886 835 1914 iis
855 1887 1051 1915 sufﬁcientem

223 1932 366 1966 largeque
382 1930 589 1958 abundantem
604 1930 716 1958 ibidem
733 1931 982 1959 subministrabat
1010 1932 1051 1960 vi-

224 1978 316 2007 ctum,
341 1974 461 2003 delicias
487 1974 603 2002 eisdem
633 1975 781 2003 exhibens
808 1975 889 2003 nullo
914 1975 1050 2012 ipsorum

223 2020 327 2049 labore
342 2019 493 2056 quaesitas.
517 2019 592 2047 Talis
612 2023 674 2048 erat
691 2021 752 2048 vita
775 2021 945 2056 genitorum
962 2021 1051 2048 Joan-

224 2065 280 2099 nis,
297 2064 365 2092 talis
379 2065 472 2092 virtus
489 2072 594 2092 eorum
609 2074 615 2091 :
632 2064 673 2092 sic
687 2068 831 2093 vacantes
849 2067 907 2093 Deo
920 2073 955 2093 ac
974 2073 1051 2102 puro

225 2110 290 2144 ejus
312 2108 480 2141 famulatui,
498 2117 593 2136 annos
614 2117 684 2137 suos
704 2118 772 2138 cum
788 2110 1050 2144 Omni,honestate

225 2153 453 2186 emetiebantur,
469 2161 588 2190 semper
601 2153 685 2182 illum
708 2154 854 2182 habentes
868 2162 930 2191 prbe
945 2155 1049 2191 oculis,

225 2200 255 2225 et
273 2205 327 2225 sua
342 2197 446 2225 omnia
470 2197 527 2234 ipsi
549 2201 767 2230 consecrantes,
789 2199 837 2227 cui
858 2201 952 2227 totum
974 2198 1050 2227 fere-

225 2241 299 2270 bant
312 2244 480 2278 acceptum,
501 2245 529 2270 et
544 2245 665 2279 propter
680 2251 771 2280 quem
790 2244 927 2272 fortunas
949 2251 1052 2272 omnes

225 2286 448 2322 promptissime
464 2287 729 2316 communicabant
744 2287 950 2325 poscentibus.

259 2333 276 2358 8
301 2331 376 2364 Quid
391 2334 491 2360 autem
516 2331 616 2360 bonus
643 2335 852 2360 remunerator
872 2333 950 2361 Deus
965 2334 979 2361 ἱ)
992 2334 1051 2362 Ma-

225 2383 286 2411 gna
293 2377 431 2404 extremis
437 2384 602 2410 reservans,
616 2377 812 2413 temporibus,
823 2385 968 2411 magnum
979 2378 1053 2414 quid

225 2421 349 2457 largitus
368 2422 409 2449 eis
421 2422 486 2451 fuit.
502 2421 615 2449 Etenim
640 2421 781 2450 diuturna
801 2421 974 2450 laborantes
998 2426 1053 2451 sle-

225 2466 329 2494 rilitate
346 2469 373 2494 et
386 2466 521 2494 sobolem
537 2467 601 2501 jam
617 2466 668 2494 diu
691 2466 896 2502 desperantes,
912 2471 1051 2503 parentes

225 2512 331 2547 effecit,
351 2515 379 2540 et
395 2511 519 2548 quidem
541 2511 682 2539 masculae
710 2511 802 2548 prolis
827 2515 976 2548 parentes,
1011 2515 1051 2542 ta-

223 2557 319 2594 lisque
329 2557 380 2584 ﬁlii
393 2564 484 2592 quem
505 2555 595 2583 simul
608 2564 676 2583 cum
693 2556 798 2584 Gratiis
809 2558 913 2584 natum
927 2557 994 2593 quis
1008 2557 1050 2585 di-

222 2602 307 2635 xerit,
319 2609 355 2628 eo
369 2599 453 2637 quod
466 2607 527 2627 non
538 2599 635 2627 solum
650 2599 716 2627 illos
725 2608 743 2627 a
752 2600 907 2636 praeteritae
918 2601 1051 2630 infecun-

259 2686 297 2722 (4)
310 2684 430 2722 Videtur
448 2686 561 2718 auctor,
581 2683 672 2712 veluti
680 2692 719 2722 ex
735 2685 780 2722 sui
812 2686 956 2722 Emporis
979 2694 1047 2718 usu,

221 2720 406 2750 honoratiori
431 2722 586 2748 Persarum
601 2720 798 2756 appellatione
824 2720 989 2749 Saracenos
1005 2722 1047 2750 dl-

220 2756 316 2793 gnari,
338 2757 439 2792 utqui
459 2757 525 2794 jam
550 2755 628 2784 inde
642 2755 685 2784 ab
709 2763 792 2796 anno
812 2757 875 2792 628,
896 2757 1049 2796 exstincto

1104 864 1239 897 κουμένοις
1253 860 1368 898 βοηθῶν,
1397 861 1580 897 αἰχμαλώτους
1607 861 1755 896 ὠνούμενος,
1784 863 1831 886 καὶ
1862 864 1922 890 τῆς

1105 905 1216 943 ἁναγοῡς
1246 907 1386 942 θρησκείας
1423 909 1530 942 Περσῶν
1558 908 1602 932 καὶ
1629 915 1734 942 σνναμα
1756 909 1805 935 τῆς
1834 914 1919 942 περι-

1104 952 1231 987 μενούσης
1264 952 1324 977 ἰνθα
1363 953 1464 986 γεέννης
1505 951 1637 987 ῥυόμενος.
1681 950 1736 978 Οὐκ
1763 949 1847 980 ἄλλως
1882 947 1919 977 δὲ

1104 994 1230 1028 ἐξωνείτο,
1262 998 1306 1021 καὶ
1335 997 1369 1026 ὡς
1401 996 1492 1031 ἔτυχεν
1519 994 1630 1021 ἐποιεῖτο
1655 996 1688 1022 τὰ
1711 993 1771 1020 κατ’
1800 994 1918 1027 αὐτοὺς,

1105 1038 1284 1076 ἁπαμελήτούς
1308 1041 1397 1066 ἔπειτα
1415 1042 1516 1076 παριεὶς
1530 1042 1575 1066 καὶ
1589 1041 1647 1075 περὶ
1672 1038 1817 1075 ἐλαχίστου
1842 1040 1916 1065 τιθέ-

1104 1094 1187 1120 μενος,
1205 1083 1268 1111 ἁλλὰ
1284 1086 1330 1110 σὺν
1347 1085 1412 1110 πάνυ
1439 1093 1469 1120 γε
1489 1083 1569 1120 πολλῇ
1597 1088 1629 1120 τῇ
1654 1086 1764 1123 προνοίᾳ
1791 1084 1917 1113 εἰσαῦθίς

1103 1138 1130 1154 τε
1173 1129 1262 1159 αὐτοῖς
1306 1128 1480 1165 ἐφιστάμενος,
1507 1131 1552 1155 καὶ
1579 1127 1690 1165 ἀθρόους
1716 1129 1783 1164 ὁμοῦ
1808 1129 1915 1158 πάντας

1103 1176 1148 1199 καὶ
1169 1171 1226 1209 ἰδίᾳ
1238 1175 1283 1199 καὶ
1299 1173 1358 1199 καθ’
1381 1174 1424 1199 ἕνα
1443 1172 1666 1209 ἐπισκεπτόμενος.
1681 1174 1720 1199 Τὰ
1743 1176 1840 1209 πρῶτα
1866 1175 1916 1198 καὶ

1102 1219 1153 1256 ’γὰρ
1173 1220 1220 1247 τὴν
1248 1223 1297 1248 τῆς
1327 1218 1514 1254 αἰχμαλωσίας
1541 1217 1639 1248 ἐκείνης
1669 1217 1834 1254 περιέστελλε
1862 1218 1914 1253 γὺ-

1103 1272 1211 1299 μνωσιν,
1230 1265 1275 1289 καὶ
1304 1267 1340 1298 τῷ
1368 1266 1415 1293 τῆς
1442 1260 1546 1292 διαίτης
1572 1262 1685 1298 ἐπιμελεῖ
1709 1260 1887 1297 ἀνελάμϐανεν
1906 1272 1912 1277 ·

1105 1309 1202 1337 ἱκαναῖς
1217 1305 1241 1333 δ’
1254 1308 1362 1344 ἡμέραις
1376 1308 1452 1333 οἰονεὶ
1479 1316 1534 1333 τισι
1561 1305 1702 1337 δεσπόταις
1733 1308 1913 1343 προσανέχειν

1103 1352 1200 1385 αὐτοῖς,
1219 1354 1264 1378 καὶ
1297 1355 1347 1378 πᾶν
1374 1353 1435 1389 ὅπερ
1464 1351 1500 1381 εἰς
1527 1352 1663 1388 θεραπείαν
1690 1355 1822 1378 συντεῖνον
1850 1349 1913 1387 ᾔδει

1104 1395 1151 1423 διὰ
1193 1395 1312 1428 σπουδῆς
1341 1397 1495 1433 ποιούμενος
1527 1395 1682 1432 ἆκπληροῡν,
1711 1393 1820 1422 ἕπειδαν
1849 1393 1913 1431 ᾔδει

1103 1444 1148 1468 καὶ
1162 1441 1248 1468 ἕϐλεπε
1265 1462 1272 1474 ,
1304 1445 1351 1471 τῆς
1366 1440 1394 1467 ἐκ
1421 1444 1469 1471 τῆς
1485 1440 1625 1470 λεηλασίας
1646 1440 1728 1467 τέλεον
1747 1439 1912 1470 τληπαθείας

1104 1485 1295 1522 ἀπαλλαγέντας
1325 1487 1370 1510 καὶ
1393 1486 1485 1515 ἱκανῶς
1521 1484 1743 1522 ἀναῤῥωσθέντας,
1783 1486 1852 1521 πρὸς
1884 1493 1912 1510 τε

1104 1533 1150 1560 τὴν
1173 1531 1264 1557 ἑαυτοῦ
1280 1531 1389 1556 ἕκαστον
1417 1529 1635 1561 ἐπανεληλυθότας
1652 1530 1766 1566 ὑγίειαν,
1786 1531 1817 1555 τό
1845 1531 1911 1566 πρὸς

1105 1575 1233 1613 βούλησιν
1259 1574 1418 1611 ἐξαγορεύειν
1454 1572 1553 1605 δεξιαῖς
1582 1574 1710 1600 ἀνέπειθεν
1737 1573 1911 1611 ὶρωτήσεσιν.

1103 1620 1151 1650 ’Ὁς
1167 1617 1210 1646 οὖν
1224 1620 1312 1656 ᾑρεῖτο
1331 1623 1445 1646 συνεῖναι
1472 1623 1552 1648 συνῆν
1565 1629 1572 1635 θ
1589 1618 1614 1649 ὃς
1639 1617 1668 1645 δε
1687 1621 1733 1647 τήν
1759 1620 1827 1654 πρὸς
1853 1621 1913 1648 τούς

1105 1665 1216 1695 οἰκείους
1241 1664 1414 1701 προῦθυμεῖτο
1461 1662 1591 1693 δήπουθεν
1633 1663 1798 1697 στείλασθαι,
1820 1660 1913 1699 ὶφόδιό

1105 1719 1132 1736 τε
1147 1709 1285 1745 ἐλάμϐανεν
1306 1708 1452 1745 αὐτάρκως,
1480 1711 1524 1734 καὶ
1540 1709 1633 1745 εὐχαῖς
1664 1706 1780 1739 ε-ἇοδίαις
1810 1708 1913 1738 συνεξε-

1105 1756 1219 1790 πέμπετο
1236 1764 1242 1770 '
1257 1754 1314 1780 ἔστι
1329 1751 1359 1779 δί
1374 1755 1418 1779 καὶ
1443 1754 1480 1783 οἷς
1510 1755 1560 1790 πρὸ
1593 1755 1690 1784 παντὸς
1714 1752 1794 1779 ἄλλον
1822 1754 1912 1778 τουτοὶ

1108 1798 1245 1832 στίρξασιν
1274 1797 1298 1824 ἐν
1325 1800 1500 1836 προαστείοις,
1528 1797 1552 1824 ἄν
1580 1796 1670 1834 ἀγροῖς
1697 1797 1840 1831 (πλεῖστοι
1860 1798 1910 1834 γὰρ

1106 1843 1176 1878 αὐτῷ
1201 1844 1340 1879 προσόντες
1365 1841 1526 1879 ἐτύγχανον)
1549 1843 1636 1868 ἄνετον
1655 1843 1702 1870 τήν
1731 1839 1838 1868 δίαιταν
1858 1839 1911 1867 ἰδί-

1106 1885 1155 1913 δου
1169 1889 1213 1913 καὶ
1239 1888 1357 1923 ἄφθονον,
1396 1888 1441 1912 καὶ
1471 1889 1567 1924 τρυφὴν
1585 1886 1667 1912 ἐκεῖσε
1690 1890 1819 1922 παρεῖχεν
1843 1887 1911 1921 ἄμο-

1281 1931 1415 1968 ἀνήροτον.
1433 1935 1569 1962 ,Τοιοῦτος
1601 1935 1651 1957 τῶν
1677 1933 1869 1967 γεγεννηκότων
1898 1931 1911 1956 ὸ

1647 1975 1714 2002 οὕτω
1743 1984 1770 2001 τε
1789 1978 1827 2010 τῷ
1852 1979 1909 2010 Θεῷ

1105 1933 1172 1968 χθον
1197 1934 1242 1958 καὶ

1106 1975 1175 2013 βίος,
1202 1977 1311 2005 ταιαύτη
1339 1975 1440 2002 ἐκείνων
1468 1977 1483 2005 ἠ
1514 1975 1591 2012 ἀρετή
1612 1986 1619 1992 υ

1105 2023 1266 2057 λατρεύοντες
1296 2021 1417 2057 καθαρῶς
1443 2023 1489 2049 τὴν
1514 2020 1585 2051 ζωὴν
1608 2019 1691 2049 καλῶς
1719 2018 1907 2057 ἐξεμὲτρησαν,

1105 2067 1169 2092 Θεὸν
1184 2065 1223 2092 ἀεὶ
1241 2066 1291 2102 πρὸ
1321 2065 1458 2101 ὀφθαλμῶν
1483 2066 1596 2101 ἔχοντες,
1633 2066 1679 2090 καὶ
1706 2067 1762 2099 Θεῷ
1788 2065 1822 2090 τὰ
1849 2064 1907 2089 κατ’

1104 2110 1197 2140 αὐτοὺς
1221 2109 1388 2146 ἀναρτῶντες,
1414 2112 1458 2136 καὶ
1479 2110 1561 2145 τούτῳ
1586 2111 1635 2135 πᾶν
1665 2107 1834 2141 ἀνατιθέντες,
1864 2111 1909 2134 καὶ

1105 2152 1140 2180 δι’
1159 2154 1236 2180 αὐτόν
1247 2157 1396 2191 προχείρως
1410 2155 1476 2190 ἄγαν
1491 2154 1525 2180 τὰ
1540 2155 1671 2191 προσόντα
1698 2157 1752 2184 τοῖς
1779 2151 1907 2190 βουλομά-

1103 2209 1155 2230 νοις
1167 2201 1336 2236 παρέχοντες.

1141 2331 1176 2360 η’.
1193 2334 1225 2358 Τί
1239 2335 1300 2368 γοῦν
1315 2332 1328 2358 ὁ
1341 2331 1439 2368 ἀγαθὸς
1462 2329 1666 2368 μισθαποδότης
1685 2332 1769 2365 Θεός;
1801 2330 1908 2366 Μεγάλα

1105 2376 1144 2403 ἐπ’
1172 2376 1292 2412 ἐσχάτων
1324 2378 1464 2412 ταμιεύων,
1502 2376 1606 2412 μεγάλῳ
1634 2373 1768 2402 κάνταῦθα
1802 2377 1907 2406 τούτους

1106 2419 1265 2458 δεδώρηται.
1288 2423 1338 2447 Καὶ
1363 2422 1413 2458 γὰρ
1439 2421 1536 2447 τέθεικε
1562 2423 1687 2457 πατέρας,
1717 2422 1838 2457 μακροὺς
1853 2418 1904 2449 ἤδη

1105 2467 1218 2503 χρόνους
1230 2467 1276 2494 τὴν
1290 2463 1417 2492 ἀπαιδίαν
1431 2463 1644 2501 δυστυχοῦντας,
1660 2467 1705 2491 καὶ
1738 2466 1786 2494 τὴν
1815 2469 1905 2491 τεκνω-

1106 2520 1146 2536 σιν
1159 2512 1187 2536 τὸ
1212 2510 1328 2540 παντελες
1352 2509 1544 2540 ἀπελπίσαντος
1569 2518 1575 2524 ⁸
1602 2512 1647 2535 καὶ
1672 2511 1773 2546 πατέρα
1804 2509 1904 2546 ἄρρενος

1104 2564 1131 2581 τε
1142 2553 1249 2586 παιδὸς,
1279 2557 1324 2581 καὶ
1353 2555 1458 2581 αὖτοθεν
1485 2555 1561 2585 εὐθὺς
1592 2555 1808 2590 συγγεγνηθέντος
1827 2553 1904 2589 (εἶπεν

1103 2599 1133 2625 ἄν
1147 2600 1196 2634 τις)
1228 2603 1285 2630 ταῖς
1311 2600 1423 2638 Χάρισιν
1453 2608 1459 2614 ·
1486 2598 1538 2635 οὐχ
1562 2599 1602 2625 ὅτι
1624 2602 1686 2634 γοῦν
1713 2602 1759 2629 τῆς
1785 2601 1905 2636 προτέρας

1102 2685 1231 2714 Chosroe
1240 2686 1268 2712 et
1282 2683 1349 2711 ﬁliis
1366 2684 1441 2720 ejus.
1462 2683 1622 2720 imperium
1631 2683 1758 2711 Orientis
1769 2686 1899 2719 ereptum

1101 2721 1195 2758 Persis
1207 2723 1377 2748 tenuerunt.
