1963 3084
22 127 74 155 829
644 129 681 157 IN
700 129 728 158 S.
747 128 845 158 JOAN.

867 129 1115 160 DAIASCENUM.
1664 133 1719 162 830

24 188 223 224 ὑπερτὶθιμαι·
238 189 271 220 ὃς
299 190 348 226 γὰρ
366 191 427 227 περί
451 194 498 218 τοῦ
523 191 575 222 ἰνὸς
601 193 668 229 πρὸς
699 191 773 223 ἀξίαν
801 192 834 218 li:

924 193 1021 221 liversi
1031 194 1112 222 orbis
1122 194 1270 223 culturam
1294 195 1323 223 et
1346 194 1616 223 ecelesiasticorum
1639 195 1714 231 dog-

24 243 75 267 7uv
90 233 140 259 οὐκ
155 235 229 269 ἔχω,
243 234 275 260 τί
290 234 389 261 ποτ-’ἃν
415 238 536 272 γινοίμην
560 239 604 262 καὶ
629 240 684 267 τοῖς
712 240 757 262 τοῦ
784 237 837 263 iri-

25 287 68 313 ρον
82 277 289 315 φιλοχὼρήσας
303 288 310 312 ;
325 278 407 310 ἄλλως
421 290 448 306 τι
475 283 520 307 καὶ
537 285 586 312 τῆς
606 284 746 318 παροιμίας
775 280 838 310 ἀκη-

25 324 89 352 κοὼς
101 324 169 360 πρὸς
184 321 240 349 δύο
252 325 294 359 μὴ
310 322 485 358 ἀποδύεσθαι,
515 326 548 351 τὰ
566 326 634 352 κατὰ
655 329 746 352 τοῦτον
769 336 837 363 παρ.

29 368 105 402 ὶημι·
135 364 338 404 δυσχιραίνων
363 370 408 404 μὶν
435 370 474 400 οἷς
495 369 543 397 οὐκ
568 369 685 405 ἕξισχὺω
713 370 768 406 αἷμα
793 373 838 397 καὶ

28 410 117 447 ἀμφοῖν
147 410 341 447 ἐπιϐαλέσθαι,
365 416 410 440 καὶ
437 417 487 441 τῶν
514 414 571 441 κατ’
596 415 691 445 αὐτοὺς
725 415 837 451 ἀμφιλα-

29 460 77 492 φῶς
105 453 282 493 δράξασθαι,
311 459 355 484 καὶ
383 457 420 484 ἑνί
444 460 528 494 τούτῳ
556 459 623 495 λόγῳ
646 461 679 486 τα
717 460 837 496 ἐκατέρου

28 498 147 532 Ιἲιεξιέναι
182 501 415 538 πλεονεκτήματα,
437 505 453 533 ἥ
478 504 573 540 μᾶλλον
598 506 632 530 τὰ
658 505 714 530 θεῖα
738 506 836 530 τούτων

28 546 86 580 ἔργα
97 547 144 572 καὶ
163 547 369 583 κατορθώματα
384 558 391 565 ·
403 547 451 574 οὐκ
465 549 534 584 ἔχων
556 547 581 575 δ’
601 549 615 574 ὅ
646 558 673 574 τι
695 551 739 575 καὶ
773 547 837 586 δρά-

30 598 112 626 σαιμι,
146 589 216 628 πρὸς
248 592 287 618 τὰ
314 595 360 619 τοῦ
385 591 503 619 Ἰωάννου
529 595 575 619 καὶ
602 592 680 620 πάλιν
707 593 835 630 ἆπάνειμι,

28 633 138 668 ἀγωνιῶν
154 644 184 660 τε
196 637 248 662 καὶ
277 641 430 668 πνευστιῶν,
455 639 500 663 καὶ
528 637 584 668 ὅλος
603 641 640 673 τῷ
661 636 754 675 ἱδρῶτι
778 636 837 664 διὰ·

29 677 131 714 ϐροχος,
159 679 238 706 ὡσᾶν
267 690 310 712 τις
338 685 387 706 τῶν
415 679 596 709 διωδιυκὸτων
636 684 747 719 μακρὰν,

28 725 187 761 μωιροτέραν
198 723 360 761 ἀφορώντων
371 727 418 755 τὴν
431 726 467 756 εἰς
479 736 508 752 το
517 727 675 764 ἶμπροσθιν.

791 686 836 709 καὶ

893 239 1009 265 rnatum
1020 241 1193 266 sementem.
1210 240 1269 274 Ego
1283 240 1384 266 autem
1396 238 1434 266 de
1443 238 1553 266 eximio
1567 239 1674 267 Cosma
1683 240 1715 267 in

892 282 1121 318 praesentiarum
1136 283 1233 311 dicere
1248 283 1361 315 omitto,
1378 282 1518 310 differens
1534 291 1604 310 eum
1624 286 1653 311 et
1684 284 1715 312 in

892 326 972 355 aliud
984 329 1103 363 tempus
1117 327 1262 363 rejiciens.
1281 327 1336 360 Qui
1348 327 1429 355 enim
1441 327 1478 355 de
1506 335 1566 355 uno
1590 335 1645 363 pro
1673 327 1715 355 di-

892 371 1004 407 gnitate
1016 372 1115 400 dicere
1125 380 1186 400 non
1199 372 1294 405 valeo,
1306 371 1477 407 qualisnam
1487 372 1670 407 exsisterem,
1684 372 1715 399 in

891 415 1012 444 alterius
1021 417 1189 444 actionibus
1201 417 1239 445 ad
1250 417 1393 452 placitum
1407 417 1586 444 immoratus
1596 417 1610 444 ?
1645 425 1714 444 cum

891 461 1072 497 easteroquin
1080 461 1270 497 proverbium
1281 461 1438 495 audierim,
1452 461 1619 489 Adversum
1637 461 1715 489 duos

891 513 929 533 ne
943 506 1070 534 exuitor.
1092 507 1131 534 Ea
1149 506 1237 541 igitur
1260 514 1329 542 quas
1355 506 1394 533 ad
1417 507 1557 534 Cosmam
1579 507 1715 541 spectant

891 552 1034 585 praetereo
1046 560 1052 583 ;
1069 558 1148 585 aegro
1161 550 1284 586 quidem
1298 551 1400 578 animo
1415 550 1512 578 ferens
1526 550 1610 586 quod
1625 550 1714 578 simul

891 593 1042 622 ambobus
1053 602 1202 630 nequeam
1218 594 1381 628 intendere,
1395 597 1424 622 et
1438 602 1485 622 res
1500 595 1540 622 ab
1559 595 1602 622 eis
1615 597 1715 629 gestas

890 641 1016 675 utraque
1030 640 1074 674 (ut
1088 639 1204 675 dicitur)
1219 647 1313 668 manu
1328 639 1495 676 complecti,
1509 647 1630 675 unaque
1649 647 1713 667 ora—

890 684 970 712 tione
984 691 1122 712 enarrare
1142 684 1354 719 praerogativas
1368 684 1534 720 utriusque,
1549 686 1601 711 aut
1614 684 1714 719 potius

890 728 992 756 divina
1007 736 1099 764 opera
1111 731 1238 764 actaque
1252 729 1383 763 egregia.
1401 729 1475 756 Cum
1494 728 1596 764 itaque
1616 728 1654 756 ad
1681 728 1713 755 id

29 767 178 801 agendum
193 769 257 797 sim
273 769 436 805 impotens,
451 773 582 799 revertor
597 771 637 799 ad
650 771 807 807 Joannem,
830 772 932 800 animo
948 773 987 801 ad
1006 773 1203 801 defectionem
1222 781 1318 809 usque
1332 773 1485 805 laborans,
1501 775 1590 809 atque
1600 772 1713 800 anheli-

30 813 87 839 tum
100 820 182 847 aagre
197 813 330 847 ducens.
349 816 378 842 et
392 816 471 843 totus
483 815 592 844 sudore
604 815 755 851 madidus,
772 816 851 844 velut

32 859 94 884 ante
103 860 311 893 conspectum
323 858 446 888 habent.

64 910 99 927 ιε.

35 942 132 978 ὃευτοῦ,
147 949 196 971 τοῦ
223 948 293 973 Θεοῦ
322 946 406 978 καλῶς
426 951 650 985 προνοησαμίνου,
680 950 834 985 τετύχηκεν9

34 986 110 1025 ὕδωρ,
141 990 154 1016 ὃ
180 1000 261 1026 φασι,
293 995 471 1028 κοταπρανοῦς
497 997 532 1028 τῷ
559 996 605 1023 τῆς
634 996 714 1030 φορᾶς
742 993 837 1020 ἀκατα-

36 1035 116 1070 σχέτῳ
129 1032 322 1071 ὃιεὸιίχθη,ἣ
348 1040 400 1073 πῦρ
430 1036 456 1062 ἄν
487 1037 590 1074 καλάμῃ
614 1041 650 1073 τῷ
678 1042 726 1064 τῶν
750 1039 835 1074 μαθη-

36 1077 116 1112 μάτων
132 1077 277 1116 δραστικῷ
294 1090 322 1107 τε
336 1083 380 1107 καὶ
394 1081 583 1117 περιληπτικῷ,
610 1083 624 1111 ἠ
651 1083 673 1109 εἰ
697 1092 722 1109 τι
750 1082 780 1108 ἂν
796 1084 834 1112 sit;

37 1122 92 1149 ἄλλο
119 1128 168 1150 τῶν
199 1123 282 1156 ὀξέως
307 1124 458 1161 ἁπτομένων
499 1126 514 1154 ἣ
548 1126 749 1163 προϐαινόντων,
790 1130 835 1154 καὶ

38 1165 129 1202 σχεδὸν
149 1169 398 1205 ὑπερεκπιπτόντων
426 1172 473 1199 τὴν
496 1172 621 1200 αἴσθησιν
649 1182 655 1188 ·
682 1171 777 1207 μᾶλλον
806 1170 836 1198 δὶ

39 1214 77 1238 καὶ
102 1214 133 1238 τὰ
156 1217 202 1244 τῆς
229 1217 376 1251 παροιμίας
403 1217 528 1250 νενίκηκε,
558 1218 603 1242 χαὶ
629 1215 835 1253 ὑπερϐαλλόντως

39 1257 65 1282 τὰ
91 1257 146 1284 καθ’
168 1258 320 1295 ὑπερϐολὴν
351 1259 476 1296 λεγόμενα
515 1260 700 1298 παρελήλυθεν,
741 1261 833 1288 ἅπανθ’

40 1301 96 1336 ὁμοῦ
110 1303 242 1340 παρελθὼν
259 1305 295 1331 τὰ
308 1305 460 1340 ταχύτατα,
485 1303 665 1343 παραδραμὼν
693 1308 738 1332 καὶ
769 1316 835 1335 πτη-

39 1349 80 1370 νῶν
94 1346 175 1373 αὐτῶν
192 1350 241 1377 τὴν
256 1349 391 1381 ὠκύτητα,
413 1351 458 1375 καὶ
472 1354 598 1387 χαμερπῆ
622 1360 680 1376 τινα
701 1353 745 1376 καὶ
767 1349 834 1377 δυσ-

41 1389 123 1418 χὶνητα
149 1393 290 1427 φαίνεσθαι
318 1392 400 1429 ἀφείς,
433 1396 643 1431 συγκρινόμενα·
670 1394 766 1428 ἀᾎλίὸ
801 1393 834 1424 δή

42 1443 79 1468 μοι
94 1435 189 1462 ἔπεισιν
199 1436 245 1463 ἐπί
256 1438 359 1469 τούτοις
380 1437 440 1475 ἐρῶ.
455 1438 518 1475 Ἐρῶ
546 1443 607 1474 ’γοῦν
634 1440 666 1469 ὡς
699 1440 763 1468 ὅσην
786 1442 833 1469 τὴν

42 1481 194 1514 ταχύτηταό
223 1485 286 1513 νοῦς
316 1482 422 1509 αὐτόθεν
449 1482 538 1519 αὗχιῖ,
563 1483 658 1519 μᾶλλον
680 1482 706 1510 δ’
733 1484 832 1513 ὁπόσην

43 1525 82 1552 τήν
104 1523 268 1555 ὰεικινησίαν
294 1527 414 1560 πλουτεῖ,
440 1529 472 1558 ὡς
493 1526 537 1554 ἀπ’
565 1527 649 1564 ἁκρων
678 1527 771 1564 ἀθρόον
797 1529 833 1560 εἰς

128 901 200 928 Ἀλλ’
225 901 285 929 ἐπεί
305 905 390 930 τοίνυν
420 904 434 929 ὸ
459 903 575 935 Ἱωάννης
601 903 676 936 ἀξίου
701 909 747 931 τοῦ
773 915 833 932 παι·
850 906 869 932 Β

870 825 975 845 eorum
989 817 1097 853 aliquis
1112 817 1164 853 qui
1177 817 1301 852 longam
1312 818 1426 845 emensi
1440 818 1531 851 viam,
1546 817 1713 852 longiorem

926 908 966 934 15.
984 907 1147 942 Postquam
1159 914 1230 942 ergo
1248 909 1378 935 Joannes
1399 907 1525 942 dignum
1542 914 1574 934 se
1599 914 1712 942 prince-

888 953 1016 986 ptorem,
1028 951 1088 979 Deo
1098 951 1128 979 id
1143 954 1332 987 procurante,
1345 953 1452 980 nactus
1466 953 1513 979 est
1530 960 1538 985 ;
1558 959 1655 986 aquae,
1679 953 1712 978 ut

889 996 1005 1029 dicitur,
1021 1004 1074 1032 per
1088 996 1201 1024 declive
1213 997 1317 1024 ﬂuenti
1329 997 1469 1033 apparuit
1482 995 1586 1024 similis
1597 995 1710 1023 irrevo—

890 1040 978 1069 cabili
1002 1041 1116 1077 impetu
1144 1043 1172 1069 et
1195 1041 1282 1069 celeri
1309 1040 1576 1077 comprehensione
1599 1039 1713 1076 dicipli-s

889 1093 1013 1120 narum;
1025 1087 1078 1113 aut
1091 1086 1166 1114 sicut
1180 1086 1258 1120 ignis
1271 1086 1302 1113 in
1318 1085 1437 1121 stipula,
1449 1087 1502 1113 aut
1518 1085 1543 1112 si
1568 1084 1643 1121 quid
1668 1086 1712 1112 est

890 1129 972 1158 aliud
981 1138 1097 1164 eorum,
1112 1139 1180 1167 quae
1200 1130 1423 1166 progredientis
1437 1129 1579 1161 celeriter,
1590 1129 1630 1157 ad
1652 1136 1713 1156 me-

889 1176 951 1203 tam
958 1183 1046 1202 suam
1053 1174 1609 1211 perunguntcelerrime,oculorumque
1617 1174 1712 1202 aciem

889 1219 981 1248 ferme
990 1222 1181 1255 praevertunt.
1195 1220 1250 1252 Qui
1269 1221 1358 1248 etiam
1375 1219 1527 1256 superavit
1540 1227 1577 1248 ea
1599 1226 1667 1254 quin
1681 1218 1712 1245 in

889 1267 1061 1300 exemplum
1076 1264 1238 1292 velocitatis
1252 1264 1390 1300 populari
1403 1271 1540 1292 sermone
1562 1270 1713 1298 usurpan-

889 1310 946 1341 tur,
962 1311 990 1336 ot
1020 1316 1089 1344 quae
1110 1309 1302 1345 hyperbolice
1323 1309 1516 1337 adducuntur
1540 1307 1709 1340 antecessit,

888 1359 994 1381 omnes
1006 1352 1128 1381 insimul
1142 1356 1219 1381 artes
1232 1353 1376 1381 citissime
1389 1361 1540 1386 emensus,
1564 1352 1712 1388 ipsasque

888 1400 1068 1432 praeverteris
1083 1397 1232 1432 volucres,
1244 1396 1646 1433 atqueeﬁiciensmtcoltatae
1665 1403 1711 1424 se-

888 1448 968 1473 cum,
981 1441 1124 1470 animalia
1132 1442 1276 1477 quaedam
1289 1441 1462 1476 tardigrada
1481 1443 1534 1470 aut
1552 1441 1638 1469 humi
1665 1447 1711 1468 re-

887 1486 989 1522 pentia
998 1489 1121 1522 possent
1134 1486 1237 1514 videri.
1251 1486 1378 1514 Dixerim
1390 1493 1461 1521 ergo
1483 1485 1568 1522 quod
1594 1487 1709 1521 quanta

887 1530 1034 1559 celeritate
1049 1530 1191 1565 gloriatur
1203 1531 1332 1566 spiritus,
1345 1533 1520 1566 quantaque
1531 1529 1622 1565 pollet
1645 1529 1709 1563 agi-

42 1567 101 1604 ixpa
127 1567 298 1604 διικνεῖσθαι,
327 1574 372 1597 καὶ
396 1571 434 1602 εἰς
461 1572 538 1598 αὐτὸν
562 1571 590 1599 ἐκ
621 1577 670 1598 τῶν
699 1571 764 1609 τῇδε
787 1576 832 1600 καὶ

924 1577 975 1607 ate,
991 1577 1022 1603 ut
1036 1575 1075 1602 ab
1090 1575 1229 1603 extremis
1244 1575 1283 1603 ad
1307 1577 1440 1603 extrema
1466 1574 1564 1602 subito
1595 1573 1710 1609 impetu

42 1612 142 1639 κάτωθεν
166 1614 321 1652 ἀνατρέχειν
345 1617 389 1642 τὸν
410 1616 529 1654 οὐρανόνε
556 1619 601 1644 καὶ
633 1618 696 1653 ὑπὶρ
736 1617 831 1644 ἑκείνου

44 1653 63 1681 δ’
76 1656 150 1685 ὶνίοτι
163 1661 297 1694 γίνεσθαι,
316 1662 446 1689 τοσαὺτην
460 1661 473 1686 ὁ
486 1661 647 1698 αὐτόχρημα
660 1665 718 1693 νοῦς
745 1663 831 1690 Ἰωάν-

43 1710 91 1734 νης,
108 1702 192 1741 ὥσπερ
207 1707 244 1741 μὴ
269 1704 508 1741 ἓπιπροσθούμενος
533 1708 636 1742 σώματι
658 1705 728 1742 μηδὶ
753 1709 832 1745 σαρκί

43 1746 284 1784 παραποδιζόμενος,
319 1752 377 1786 περί
403 1751 447 1780 τὰς
475 1754 510 1776 τῶ
543 1751 705 1787 μαθημάτων
742 1751 833 1781 ἀναλή-

44 1788 93 1823 ψεις
116 1790 256 1829 ιύδρομίαν
281 1793 362 1830 ηὓχει
401 1797 447 1820 καὶ
483 1797 628 1828 συντονίαν,
669 1795 832 1832 ὰπροσπταί-

46 1842 113 1868 στως,
129 1836 469 1875 ἀπαραποδίστως,ἀθρόον
499 1840 564 1875 ὁμοῦ
589 1837 665 1866 διιὼν
693 1842 832 1876 σύμπαντα

46 1881 83 1905 καὶ
104 1881 138 1912 εἰς
165 1882 247 1918 βάθος
283 1888 332 1910 τῶν
360 1885 494 1921 νοημάτων
534 1889 664 1911 κατανοῶν
696 1886 806 1912 ἕκαστον
822 1896 828 1903 ·

48 1925 90 1950 Rati.
101 1935 142 1961 μοι
157 1925 242 1955 δοκεῖν
257 1928 304 1955 οὗκ
325 1927 468 1960 ἀπεικότως
499 1929 529 1956 ἄν
554 1929 576 1956 εἰ
608 1933 697 1956 τοῦτον
724 1929 830 1957 Πλάτων

48 1969 148 2005 τεθέατο,
175 1975 222 2002 τὴν
250 1975 367 2010 μάθησιν
401 1973 545 2010 ἀνάμνησιν
579 1972 747 2010 ἱδογμ-ὰτισε,
787 1977 831 2002 καὶ

49 2011 103 2058 ξσως
116 2015 144 2041 ἄν
165 2015 266 2054 ἐδέχθη
291 2020 336 2044 καὶ
361 2019 534 2055 πιθανώτερος
561 2017 634 2050 ἔδοξε
649 2030 655 2035 '
680 2023 781 2056 παρῆκε
805 2017 831 2046 δ’

49 2065 73 2081 αν
88 2057 125 2085 ἐπὶ
145 2063 226 2098 τούτῳ
256 2063 289 2089 τὰ
313 2063 397 2100 φαῦλα
433 2065 478 2089 καὶ
504 2064 586 2100 μικρὰ
617 2061 830 2101 παραδείγματα,

100 2102 179 2131 ἐλαίου
195 2105 302 2137 δηλαδὴ
330 2109 359 2134 τὸ
380 2107 479 2144 ἆψοφόν
507 2117 534 2134 τι
555 2110 599 2134 καὶ
627 2107 763 2145 εὖδρομον,
786 2111 831 2135 καὶ

114 2149 177 2176 ᾶττα
205 2154 310 2183 τοὺτοις
333 2154 481 2190 παρόμοια,
506 2151 653 2189 παιδαρίων
674 2143 830 2190 μιαροφυῖαν

49 2198 104 2216 «mu
113 2201 256 2232 μικροφνῶς
271 2198 475 2233 παριστὰνοντα.

49 2233 122 2283 cilem
139 2238 194 2268 olei
212 2241 333 2270 ﬂuentis
348 2249 482 2275 cursum,
499 2243 529 2270 et
543 2241 659 2278 reliqua
677 2242 725 2270 his
747 2242 865 2278 similia,

49 2283 202 2313 primentia.

56 2408 62 2415 ,
82 2367 180 2401 ις’-Τήν
194 2383 220 2400 τι
243 2377 288 2402 καὶ
308 2375 360 2411 γὰρ
394 2374 529 2411 ἰγκῠκλιον
556 2373 697 2402 παίδευσιν
724 2376 828 2402 ἅπασαν
845 2377 867 2403 D

52 2415 155 2447 αχρόνως
180 2417 277 2454 σχεδόν
304 2419 491 2456 ὴκριϐὠσατο·
524 2419 547 2445 ἓν
574 2419 666 2457 ἀκαρεῖ
694 2422 743 2458 γὰρ
784 2423 829 2447 καὶ

53 2460 134 2501 μξτρίῳ
162 2463 225 2489 πάνυ
258 2467 294 2499 τῷ
327 2466 415 2500 χρόνῳ
443 2466 509 2501 πρὸς
535 2464 704 2501 Ἐλληνισμόν
729 2475 756 2492 τε
782 2468 829 2495 τὴν

53 2498 150 2532 Ἱλῶτταν
177 2498 406 2545 ὶρῥύθμισείααὶ-
432 2498 535 2545 συ-χνήν
574 2498 692 2547 ἱστορίαν
730 2508 830 2537 ἐνθένδε

53 2546 197 2591 Ῐῖννιιληχὼς
214 2554 260 2585 τὰς
286 2555 379 2591 φρένας
403 2555 554 2580 πεπύκνωτο
569 2565 576 2571 υ
601 2555 701 2590 μύθους
730 2552 759 2581 δὲ
784 2558 829 2582 καὶ

54 2589 130 2636 ﬁcu;
163 2589 318 2634 πλασμάτων
365 2598 558 2635 ἀναλεξάμενος,
611 2598 736 2635 φλυαρίας
784 2602 828 2636 μὲν

61 2631 182 2670 annuli);
202 2631 369 2680 κατεγνώκει,
398 2631 535 2681 maca-pus");
559 2641 585 2670 δ’
610 2631 721 2670 ἐντεῦθεν
751 2631 828 2673 ἀλλη-

53 2683 122 2726 Ϊορτξν
136 2683 278 2721 θαυμασίως
291 2688 356 2724 ἄγαν
371 2687 524 2722 ἐξὴσχηται,
540 2688 608 2714 ἔνθεν
634 2686 664 2714 δέ
689 2690 733 2714 καὶ
763 2691 828 2726 πρὸς

55 2721 173 2761 ὶὲ’τθδθχὶὺισ
196 2721 318 2769 εὖτριπὴς
351 2734 475 2768 μιιξὸνων
516 2721 663 2768 ινα-γένηται,
702 2721 826 2768 ὑψηλοτά-

53 2768 350 2812 ΡωνιΠΊω,μαθημὰτων
379 2778 424 2802 καὶ
449 2777 630 2812 καταλὴψιων.
660 2777 751 2803 Teium
779 2779 824 2803 ιαὶ

885 1621 1028 1654 transeat,
1041 1622 1070 1648 et
1082 1619 1113 1647 in
1125 1619 1234 1647 emtum
1244 1619 1343 1655 ipsum
1359 1619 1398 1647 ab
1411 1617 1601 1647 inferioribus
1627 1617 1709 1645 hisce

886 1663 1022 1700 partibus
1040 1671 1205 1697 recurrens,
1221 1663 1371 1692 interdum
1392 1671 1483 1698 super
1499 1662 1574 1691 illud
1604 1661 1711 1690 consti-

886 1710 1102 1743 tuatur;tanta
1115 1708 1206 1736 etiam
1218 1708 1360 1741 Joannes,
1381 1708 1433 1744 qui
1459 1709 1522 1735 erat
1545 1706 1634 1735 veluti
1655 1714 1709 1742 pu-

886 1760 936 1780 rus
951 1752 1082 1788 spiritus,
1094 1760 1156 1780 non
1165 1752 1380 1781 obtenebratus
1392 1759 1516 1788 corpore
1530 1758 1628 1788 neque
1655 1750 1710 1778 im-

885 1796 1002 1832 plicitus
1030 1797 1158 1825 vinculis
1179 1797 1289 1830 carnis,
1319 1797 1440 1832 gloriari
1469 1799 1585 1833 poterat
1605 1803 1710 1823 cursus

886 1841 1021 1870 felicitate
1034 1842 1285 1878 eontentioneque
1299 1842 1378 1870 circa
1405 1841 1573 1870 liberalium
1602 1840 1710 1868 artium

885 1886 1085 1921 disciplinam,
1093 1893 1245 1923 nusquam
1256 1886 1370 1922 labens,
1382 1893 1536 1921 nusquam
1544 1884 1710 1919 otfendens,

887 1930 941 1958 sed
953 1930 1056 1959 omnia
1065 1931 1206 1958 continuo
1216 1931 1330 1967 impetu
1346 1930 1559 1967 pertransiens,
1573 1932 1602 1957 et
1616 1936 1711 1965 usque

886 1975 925 2003 ad
940 1975 1126 2012 profundum
1139 1984 1391 2012 quarumcumque
1419 1975 1592 2003 notitiarum
1613 1976 1712 2002 mente

887 2020 1062 2056 pervadens.
1083 2022 1146 2048 Non
1164 2020 1328 2055 incongrue
1338 2020 1437 2055 igitur,
1459 2019 1483 2048 si
1498 2019 1580 2047 hunc
1593 2017 1713 2046 vidisset

887 2064 980 2099 Plato,
996 2065 1163 2093 doctrinam
1179 2072 1243 2092 esse
1254 2064 1505 2092 reminiscentiam
1519 2062 1710 2096 deﬁnivisset,

887 2112 915 2137 et
929 2109 1053 2138 fortasse
1071 2109 1229 2137 meruisset
1256 2109 1388 2145 probari,
1419 2108 1515 2143 magis
1544 2106 1711 2135 verosimile

886 2153 960 2190 quid
973 2153 1057 2190 loqui
1071 2153 1162 2184 visus,
1174 2161 1267 2189 quam
1292 2153 1315 2181 si
1338 2155 1545 2189 proposuisset
1569 2150 1711 2189 quaedam

887 2197 1031 2233 ignobilia
1045 2205 1199 2234 parvaque
1210 2197 1361 2234 exempla,
1374 2201 1447 2234 puta
1459 2197 1596 2226 silentem
1611 2204 1646 2224 ac
1669 2195 1711 2225 fa—

888 2241 1105 2271 iniantulorum
1120 2245 1210 2271 tenue
1234 2242 1391 2278 ingenium
1415 2242 1501 2271 valde
1525 2241 1637 2270 exiliter
1661 2249 1712 2269 ex-

922 2378 963 2405 16.
982 2376 1157 2404 Universum
1172 2384 1307 2413 namque
1330 2376 1436 2405 orbem
1454 2375 1627 2404 litterarium
1651 2375 1712 2404 fere

885 2420 948 2449 sine
961 2420 1104 2457 temporis
1117 2421 1213 2457 spatio
1229 2421 1367 2454 absolvit,
1382 2423 1411 2449 et
1438 2421 1522 2457 qussi
1546 2422 1713 2449 momenta-

884 2473 950 2497 neo.
963 2468 1040 2494 certe
1055 2473 1201 2502 perquam
1224 2466 1307 2494 brevi
1332 2466 1473 2502 temporis
1497 2465 1650 2501 impendio
1673 2465 1711 2493 ad

884 2511 976 2539 Graeci
987 2511 1136 2539 sermonis
1145 2519 1234 2539 usum
1244 2510 1445 2539 conformavit
1456 2510 1607 2544 linguam;
1634 2510 1711 2537 mul-

883 2557 1008 2590 tamque
1023 2555 1226 2589 cognitionem
1249 2555 1319 2582 hinc
1348 2555 1484 2590 adeptus,
1513 2561 1548 2581 ea
1578 2556 1710 2581 mentem

882 2599 1037 2627 instruxit:
1053 2598 1136 2627 lectis
1145 2606 1217 2626 vero
1230 2598 1339 2626 fabulis
1348 2597 1569 2633 ﬂgmentisque,
1592 2599 1711 2625 Graecas

882 2644 1006 2681 quidem
1013 2650 1112 2678 nugas
1121 2643 1287 2676 damnavit,
1304 2643 1334 2670 in
1346 2642 1505 2676 allegorica
1517 2644 1617 2669 tamen
1628 2641 1710 2669 locu-

881 2689 962 2717 tione
975 2688 1117 2725 apparuit
1129 2688 1174 2716 vel
1200 2688 1308 2716 exinde
1327 2686 1502 2715 mirabiliter
1522 2686 1710 2720 exercitatus,

880 2736 970 2768 atque
984 2733 1024 2761 ad
1037 2734 1261 2769 susceptionem
1277 2733 1427 2769 majorum
1440 2730 1576 2767 idoneus,
1606 2732 1645 2759 ad
1663 2740 1711 2759 su-

877 2777 1051 2809 blimiorum
1064 2777 1132 2805 dico
1155 2776 1382 2814 disciplinarum
1407 2775 1710 2817 speculationumque
