1963 3084
12 156 183 195 παριδέξατο
208 169 216 175 ’

12 213 49 229 τον
73 203 225 240 ἐπιγνούς,
263 204 383 232 ἀθάνατα
413 207 477 242 πρὸς
506 209 553 232 τοῦ
579 205 839 244 δεδημιουργηκότος

12 248 21 277 ᾗ
53 246 303 279 δοξασθήσεσθαι
327 250 342 278 ἡ
370 249 594 285 κολασθήσεσθαι,
626 252 695 283 ὅπως
723 252 775 289 οἰρα
806 256 837 288 τῇ

12 295 89 330 σαρκὶ
104 292 302 328 συμϐιώσεις,
327 296 373 321 καὶ
391 294 528 330 κατείληφε
543 297 588 322 καὶ
614 294 746 332 δεδίδαχε
764 307 769 313 ·
795 299 840 323 καὶ

12 339 150 375 γινομένην
171 339 275 374 εὐθὺς,
302 339 338 366 ἑνί
364 350 392 367 τε
417 342 462 367 καὶ
477 341 547 372 ἅπαξ
573 341 707 369 iniusto-ro
733 340 840 369 συνδεῖ-

12 384 70 409 σθαι
90 383 222 419 παχυλῷ
245 387 363 420 σώματι,
384 385 397 411 ὂ
416 387 460 411 καὶ
480 383 553 416 αὖθις
583 385 751 422 ἀναλήψεται,
772 387 839 417 πλὴν

12 427 167 465 λεπτότερον
190 430 246 454 καὶ
274 430 411 466 θειότερον.
431 429 501 456 Ἀλλ’
521 429 634 457 ἐντεῦθεν
655 429 710 467 ὁδῷ
731 434 837 468 προῖὼν»

12 475 52 498 καὶ
85 477 146 504 τοῖς
192 473 376 512 ὑψηλοτίροις
415 475 567 512 προσϐαίνιι
602 477 766 513 μαθήμασιν,
805 478 839 509 ὡς

13 519 113 555 Θεωρεῖν
133 517 246 554 λόγους
278 528 304 545 τε
318 522 363 546 καὶ
378 519 525 556 ἀναλογίας,
554 520 676 558 ἁρμονίας
699 531 727 548 τε
751 522 838 552 συζη-

12 566 70 595 τεῖν,
95 565 146 588 καὶ
167 562 321 600 ἁνερεννᾰν
349 566 479 600 σχήματα
502 567 546 591 καί
570 567 685 596 κινήσιις
711 565 837 602 ἀστέρων,

13 609 55 632 καὶ
80 605 226 638 συνόδους
273 607 409 637 πλανήτων
439 608 601 645 ἐξακριϐοῦν,
629 613 837 646 σχηματισμοὺς

13 650 59 686 (ἐτ’
80 652 122 682 οἷς
139 650 178 680 δὴ
196 654 250 678 καὶ
272 653 308 683 ὡς
321 652 425 684 ἀληθῶς
439 663 478 684 τις
501 653 619 690 ἀπόγιιος
645 656 691 681 καὶ
714 655 837 691 οῐντικρνς

14 695 130 733 οὐράνιος
163 696 318 734 ἄνθρωπος
360 697 544 734 ἀναπέφανται)
582 697 725 730 Εὐκλείδας
757 701 835 737 ὑπερ-

14 742 164 776 ακοντίσας,
200 741 389 778 Πτολεμαίους
418 742 576 780 ὑπερϐαλὼν,
615 745 673 774 τοὺς
699 745 748 780 πρὸ
777 746 837 771 τοὺ-

15 794 59 810 rm
75 783 246 817 Χαλδαίους
266 784 366 818 παῖδας
384 787 471 824 ὧσπιρ
487 790 621 824 ἀποφήνας
640 790 685 814 καὶ
708 791 755 818 τὴν
778 788 834 815 ἔπι-

14 832 115 866 στήμην
130 830 288 866 ἡμιτελεῖς.
864 854 867 867 :

14 881 93 908 rans,
108 876 139 903 et
148 875 209 911 qui
220 874 287 904 illis
306 875 488 913 antiquiores
503 876 585 906 fuere
600 877 765 914 Chaldaeos,
781 877 870 914 quasi

49 928 95 956 ιη’.
118 928 194 955 Ἀλλ’
212 929 228 955 ὁ
243 930 346 967 μικροῦ
373 940 400 956 τι
424 929 586 968 παρέδραμε.
620 935 680 962 Τοῖς
704 933 755 968 γὰρ
779 931 837 961 ἠθι-
855 932 874 959 Β

16 975 66 1003 κοῖς
77 972 203 1009 ἐντυχὼν
217 977 277 1000 τῶν
296 974 458 1012 παλαιτέρων
483 976 674 1012 συντάγμασιν,
696 977 748 1002 ὅσα
766 977 779 1002 6
807 975 835 1002 ἐκ

18 1019 170 1055 Σταγείροις,
193 1019 292 1045 ὁπόσα
310 1019 323 1045 ὁ
338 1018 366 1045 ἐκ
385 1022 545 1057 Χαιρωνείας
561 1021 612 1056 (7),
628 1023 673 1046 καὶ
699 1030 729 1056 γε
754 1021 767 1047 6
795 1031 836 1047 σεο

20 1063 125 1096 potest
147 1063 218 1099 παρ’
254 1063 364 1092 Ἕλλησι
394 1062 537 1093 διαϐόητος
568 1064 673 1091 Πλάτων
705 1065 833 1097 συνέθετο,

21 1105 63 1131 οὐκ
95 1105 310 1144 ἀπερισκέπτως
345 1112 398 1139 τοῖς
425 1106 575 1145 διδομένοις
611 1109 701 1136 ἑαυτὸν
734 1109 833 1147 ἐμπαρ-

22 1152 112 1185 ἱσχετο
139 1162 145 1168 ·
170 1151 231 1178 ἀλλ’
263 1152 292 1184 ἐξ
305 1153 360 1189 οἶμα
381 1154 492 1189 πάντων,
523 1153 540 1179 ἀ
567 1155 612 1190 μὲν
641 1153 749 1192 ἐνέκρινε
777 1158 836 1185 ταῖς

23 1199 65 1226 τῆς
83 1194 198 1233 καρδίας
228 1197 327 1228 πλαξὶν
354 1197 518 1235 ἐνεχάραξεν,
543 1197 561 1224 οἷ
587 1196 612 1224 δ’
632 1198 767 1229 ιἏληνικῆς
791 1197 833 1225 δι.

23 1241 112 1276 ἰκρινεν
139 1241 296 1278 ἰμπαθείας
321 1243 336 1272 ἣ
368 1243 553 1280 προπαθείας,
584 1243 698 1280 ὰρίστως
726 1243 834 1281 ἀποκρί-

25 1294 74 1317 νας,
89 1284 214 1322 ἐκθύμως
236 1286 403 1323 ἁπὶστιρξιν.
432 1287 534 1324 Ἀμίλιι
554 1297 595 1314 τοι
622 1290 668 1314 καὶ
689 1291 736 1318 τὴν
762 1288 833 1315 Πλά-

24 1337 97 1360 τωνος
111 1332 343 1368 κοινογαμίαν,εὶ
371 1330 401 1359 δέ
430 1331 528 1369 βούλει,
557 1335 605 1362 τὴν
632 1334 768 1370 Κράτητος
792 1334 832 1369 (8)

27 1374 56 1404 ὡς
74 1373 180 1404 κννὼδη
197 1375 300 1412 βιοτὴν
319 1375 532 1413 ἰπιλογιπίμενος
557 1376 607 1403 κάκ
634 1377 725 1413 ψυχῆς
754 1377 833 1408 αὐτῆς

28 1417 147 1452 εἰποῦσιν,
179 1419 205 1451 ἔς
236 1422 405 1458 Κυνόσαργες
432 1421 483 1457 (9),
507 1423 537 1448 τό
559 1431 586 1448 τι
612 1421 712 1448 ἱκείνων
742 1422 831 1455 εἰπεῖν,

30 1460 193 1499 ἀπεπέμψατο
211 1475 219 1482 ο
236 1467 284 1491 τόν
298 1474 325 1492 τε
341 1465 507 1502 Ἀριστοτέλη
530 1470 576 1492 τοῦ
603 1467 688 1503 γάμον
720 1469 754 1503 μή
781 1476 832 1493 κα-

29 1508 108 1540 κίσας,
137 1507 193 1535 ἀλλ’
231 1510 444 1548 ὑπερφρονήσας,
478 1511 605 1548 ὑπέρτερα
644 1520 672 1537 τι
700 1513 832 1548 φρονήσας

31 1553 69 1576 καὶ
87 1550 240 1591 ὶνθεώτιρα,
258 1556 301 1581 τόν
330 1554 440 1581 ἄσπιλον
468 1556 578 1591 αἱρεῖται
605 1554 663 1591 βίον
688 1557 731 1582 καὶ
749 1557 831 1593 κριίτ-

31 1603 95 1624 rem.
118 1596 230 1628 Ἐπιιδή
248 1600 301 1636 γὰρ
327 1602 372 1626 καὶ
388 1602 476 1635 γέγονε
496 1602 637 1636 κρείττονος
654 1603 702 1631 τῆς
730 1599 832 1631 ἡλικίας

32 1641 151 1677 καὶπρὸς
169 1644 280 1680 γάμους
304 1646 369 1681 πρὸς
396 1654 423 1670 τε
458 1648 508 1670 τῶν
534 1646 722 1680 γεγεννηκότων
747 1645 831 1671 αὐτῶν

34 1682 149 1720 ἐϐιάζετο,
167 1690 216 1714 καὶ
239 1690 308 1724 πρὸς
332 1689 354 1714 τ’
375 1688 457 1715 ἄλλων
487 1693 592 1725 συχνῶν
619 1689 644 1715 ἄν
668 1689 733 1716 τέλει
762 1688 831 1719 δῆτα

33 1731 71 1754 καὶ
89 1731 206 1766 μεγάλων
231 1732 371 1769 ipsane-re,
405 1734 522 1771 καθάπερ
559 1743 597 1764 τις
622 1733 728 1765 ἀπαθὴς
754 1735 831 1770 φύσις

34 1775 72 1798 καὶ
85 1776 170 1802 πάντα
191 1779 261 1814 πρὸς
288 1779 322 1804 τὰ
343 1775 409 1814 τῇδε
434 1777 606 1816 ἀπὸστροφος,
636 1777 744 1810 ἀκλινὴς
766 1779 831 1814 ἄγαν

35 1813 61 1843 ἦν
73 1821 116 1844 καὶ
137 1819 288 1856 ἀνίνδοτος,
312 1821 401 1849 ἄλλοθί
425 1832 475 1849 που
492 1823 536 1849 τὸν
561 1824 658 1849 σκοπόν
690 1824 758 1859 ἲχων
787 1825 831 1849 καὶ

36 1859 143 1898 ἀλλαχοῦ
162 1867 314 1901 μεταθεῖναι
336 1865 516 1904 διανοούμενος
534 1870 562 1895 τό
591 1867 734 1904 πολίτευμα
751 1878 758 1884 ·
779 1869 828 1898 ὅπη

36 1914 61 1939 γε
74 1910 117 1934 καὶ
131 1910 233 1943 ῌαῡλος
259 1912 273 1937 6
293 1913 374 1948 μέγας
398 1910 455 1948 εἶχε
475 1914 523 1942 τὴν
545 1913 680 1949 πρόθεσιν,
710 1913 831 1944 Ἰωάννης

38 1957 61 1975 τι
76 1953 260 1990 καῖ’ἰωάννης,
282 1957 339 1983 ὅτε
366 1959 511 1994 σκιρτήσας
539 1959 590 1994 πρὸ
623 1962 669 1988 τῆς
691 1959 832 1993 γεννήσεως

38 1995 76 2020 lsi
93 1998 135 2023 τὸν
163 2002 297 2029 Δια-πότην
320 2004 509 2038 προσκυνήσας
529 2004 564 2038 μὴ
590 2002 757 2038 ϐιασάμενος,
788 2003 832 2027 καὶ

39 2037 50 2061 ὁ
74 2037 112 2066 ἐπὶ
132 2046 169 2078 τῷ
194 2048 242 2071 τοῦ
272 2047 368 2083 Κυρίου
394 2047 486 2075 στήθει
505 2045 639 2073 ἀναπεσὼν
665 2045 782 2072 κάκεῖθεν
799 2048 832 2072 τὰ

39 2085 79 2113 τῆς
94 2085 225 2124 θὲολογίοις
239 2089 402 2127 ἀρυσάμενος
415 2091 529 2127 νάματα,

638 100 874 138 ‘GONSTANTINI
892 101 1123 132 ACROPOLITE

242 158 303 186 ἀλλ’
331 159 434 192 ἀληθῶς
451 161 496 187 καὶ
516 159 718 199 ἀναμφηρίστως
742 163 830 189 eam.

922 163 996 192 lima
1008 164 1175 194 doctrinam
1188 167 1370 203 suscipiens:
1388 170 1441 199 sed
1465 178 1532 200 vere
1562 175 1652 210 atque
1675 175 1719 202 in-

1627 122 1629 124 '
1668 114 1720 141 834

894 208 1065 237 dubitanter
1077 209 1244 245 intelligens
1263 212 1362 248 ipsam
1382 222 1448 243 esse
1466 208 1676 251 immortalem,
1700 227 1719 248 a

895 252 1047 282 conditore
1061 255 1120 282 Deo
1133 254 1222 284 etiam
1235 255 1267 284 in
1280 259 1425 287 aeternum
1449 263 1501 288 aut
1521 260 1719 296 gloriﬁcatum

894 299 946 326 aut
958 297 1097 333 punitum
1109 299 1250 335 iri,juxta
1261 301 1354 330 vitam
1364 303 1396 331 in
1406 312 1530 341 corpore
1553 308 1663 341 actam,
1691 308 1720 335 et

894 342 1032 377 cognovit
1045 345 1074 371 et
1087 343 1205 379 docuit;
1223 353 1463 385 persuasumque
1482 349 1595 384 habuit,
1620 351 1720 380 statim

894 388 984 422 atque
998 389 1098 416 creata
1111 388 1195 423 foret,
1203 390 1366 420 semeleam
1377 393 1510 428 colligari
1517 395 1568 422 uni
1574 395 1719 423 materiali

894 431 1011 467 corpori
1025 432 1108 468 quod
1133 441 1237 462 rursus
1263 438 1343 464 esset
1365 441 1559 475 assumptura
1581 439 1719 468 subtilius

893 475 1093 513 diviniusque.
1111 477 1183 506 Hinc
1199 487 1267 508 vero
1287 482 1480 517 progrediens
1499 484 1539 512 ad
1566 484 1720 514 sublimio-

892 528 940 549 res
954 521 1138 557 disciplinas,
1152 525 1278 552 accessit
1297 525 1335 553 ad
1355 527 1555 562 speculandas
1569 532 1718 558 astrorum

892 565 1023 594 rationes
1034 567 1316 605 proportionesque,
1334 578 1500 608 eorumque
1513 573 1589 602 inter
1600 581 1632 602 se
1646 582 1718 603 con—

892 610 1029 645 gruentia
1040 612 1260 648 conquirendas
1286 617 1314 642 et
1337 615 1561 653 investigandas
1581 619 1716 654 ﬁguras:

891 658 1012 691 propter
1028 663 1159 692 quorum
1170 658 1307 686 notitiam
1322 660 1469 696 terrigena
1483 663 1634 699 quispiam
1649 671 1718 700 pos-

891 699 1017 728 sitvelut
1027 707 1062 728 ex
1077 702 1226 737 opposito,
1239 702 1297 731 dici
1310 703 1402 733 homo
1424 706 1561 735 caelestis.
1576 699 1718 744 Propera-

889 743 930 772 vit
939 744 1028 773 etiam
1036 745 1075 773 ad
1081 745 1235 781 planetaru
1240 755 1269 775 m
1275 755 1450 784 progressus
1460 743 1716 789 ﬁgurationesque

888 796 994 816 eorum
1008 791 1037 816 et
1049 790 1329 825 transﬁgurationes
1338 794 1436 822 varias
1445 794 1645 831 indagandas,
1660 798 1715 825 Eu-

889 831 983 860 clidas
989 832 1020 860 in
1026 833 1084 861 hoc
1092 841 1200 869 genere
1206 836 1395 872 antecellens,
1404 838 1577 868 Ptolemwos
1590 849 1716 877 exsupe-

884 884 994 913 pueros
1007 877 1229 914 semiperfectos
1247 880 1371 910 scientia
1383 882 1477 911 fuisse
1491 884 1715 914 demonstrans.

929 932 970 958 is.
984 931 1092 959 Verum
1111 931 1186 961 illud
1200 940 1308 969 parum
1324 934 1421 964 abfuit
1441 937 1515 973 quin
1530 946 1578 966 me
1597 941 1715 975 praeter-

888 975 954 1004 iret.
965 977 1039 1004 Cum
1053 976 1085 1004 in
1097 979 1231 1006 veterum
1247 981 1478 1010 commentarios
1487 982 1525 1010 de
1535 983 1642 1012 morali
1649 985 1715 1020 phi-

888 1019 1029 1056 losophia
1042 1020 1202 1055 incidisset,
1218 1030 1295 1058 quos
1313 1025 1451 1060 Stagirita
1464 1029 1493 1054 et
1508 1019 1714 1057 Chmronensis

888 1073 924 1093 ac
939 1065 1083 1100 gravitate
1095 1074 1215 1095 morum
1230 1069 1313 1104 apud
1326 1069 1443 1098 Griecos
1455 1073 1714 1101 commendatissi-

888 1117 957 1137 mus
971 1109 1054 1139 Plato
1067 1112 1254 1148 composuit;
1272 1120 1335 1141 non
1349 1115 1544 1151 semetipsum
1572 1117 1714 1146 omnibus

887 1154 1134 1191 incircumspecte
1149 1156 1278 1193 tradidit,
1295 1166 1363 1195 qua:
1381 1159 1422 1188 ab
1435 1160 1471 1188 iis
1487 1162 1639 1190 memoriae
1652 1163 1715 1191 fue-

887 1200 967 1231 runt,
986 1199 1103 1233 tradita,
1135 1200 1187 1228 sed
1219 1201 1295 1230 inter
1327 1210 1363 1230 ea
1390 1204 1502 1240 optime
1529 1205 1713 1242 discernens,

887 1251 956 1279 quae
982 1243 1066 1272 bona
1094 1244 1250 1280 judicabat
1279 1247 1472 1283 imprimebat
1496 1251 1595 1278 cordis
1626 1251 1713 1280 tabu-

886 1287 934 1322 lis,
950 1296 1017 1325 quae
1031 1297 1103 1317 vero
1122 1291 1162 1318 ad
1179 1290 1332 1320 licentiam
1363 1293 1486 1322 videndi
1518 1296 1658 1331 gentilem
1685 1298 1715 1326 et

887 1332 1086 1368 cupiditatum
1104 1333 1260 1364 illecebras
1281 1337 1397 1372 putavit
1422 1338 1570 1374 pertinere
1588 1341 1713 1370 omnino

886 1378 1008 1413 respuit.
1025 1377 1072 1406 Sic
1099 1380 1345 1410 communionem
1374 1390 1512 1419 uxorum,
1545 1393 1564 1413 a
1592 1385 1713 1414 Platone

887 1422 1091 1457 adinventam,
1112 1425 1140 1452 et
1158 1431 1177 1452 a
1206 1425 1322 1453 Cratere
1348 1425 1516 1456 institutam
1541 1430 1712 1459 communis

886 1467 951 1495 vita:
962 1467 1144 1503 societatem,
1153 1469 1296 1498 caninam
1306 1473 1450 1506 reputans
1459 1474 1549 1510 atque
1559 1482 1596 1502 ex
1610 1476 1713 1504 animo

881 1510 1036 1547 detestans
1051 1514 1212 1542 sectatores
1238 1513 1373 1549 ipsorum
1395 1516 1426 1544 in
1455 1517 1568 1546 malam
1592 1527 1712 1547 crucem

886 1555 1072 1585 amendabat
1084 1567 1091 1584 :
1103 1557 1267 1586 Aristotelis
1286 1566 1358 1587 vero
1376 1559 1414 1588 de
1436 1561 1577 1597 conjugio
1598 1563 1712 1599 opinio-

885 1607 956 1628 nem
971 1608 1032 1629 non
1042 1600 1228 1638 improbans,
1245 1602 1298 1631 sed
1311 1603 1456 1632 excelsius
1468 1612 1505 1633 ea
1519 1605 1632 1642 aliquid
1648 1618 1652 1623 -
1665 1614 1711 1635 sa-

884 1644 979 1681 piens,
992 1645 1229 1683 sublimioraque
1243 1649 1273 1676 et
1286 1647 1435 1677 diviniora
1444 1649 1592 1686 cogitans,
1609 1651 1711 1680 incon-

884 1689 1057 1718 taminatam
1061 1689 1210 1727 longeque
1216 1692 1453 1728 praestantiorem
1461 1694 1528 1730 conj
1533 1694 1613 1730 ugali
1619 1695 1712 1725 vitam

883 1733 1044 1770 praeelegit.
1081 1736 1115 1763 Ut
1146 1736 1226 1764 enim
1259 1737 1452 1773 provectioris
1480 1739 1574 1768 evasit
1606 1741 1711 1777 aetatis,

884 1779 1119 1816 compellebatur
1133 1781 1256 1817 quidem
1270 1790 1290 1810 a
1299 1782 1483 1817 genitoribus
1496 1784 1570 1820 ipsis
1594 1785 1634 1814 ad
1657 1793 1711 1814 nu-

883 1823 971 1859 ptias,
984 1826 1075 1861 atque
1089 1825 1129 1853 ab
1150 1825 1225 1860 aliis,
1241 1829 1269 1855 et
1283 1827 1330 1855 his
1348 1828 1472 1863 quidem
1500 1829 1601 1858 multis
1634 1831 1711 1866 posi-

884 1868 981 1904 tisque
991 1868 1022 1896 in
1048 1869 1201 1905 dignitate,
1232 1871 1339 1900 eodem
1367 1873 1596 1908 pertrahebatur
1620 1883 1627 1902 :
1657 1875 1711 1903 sed

884 1912 975 1941 veluti
985 1913 1180 1950 impassibilis
1198 1917 1341 1951 quasdam
1355 1919 1474 1952 natura,
1489 1925 1508 1946 a
1521 1918 1643 1946 terrenis
1664 1927 1710 1947 re-

882 1956 941 1985 bus
955 1958 1079 1987 omnino
1104 1966 1238 1992 aversus,
1265 1961 1305 1989 ad
1332 1969 1383 1990 eas
1408 1961 1519 1990 inﬂecti
1553 1963 1713 1993 recusabat

884 2001 1044 2036 obstinate,
1079 2005 1180 2039 utpote
1210 2004 1282 2033 alibi
1315 2013 1405 2033 suum
1432 2006 1549 2035 habens
1572 2015 1709 2044 scopum,

883 2053 979 2082 eoque
994 2047 1128 2076 studium
1141 2056 1230 2077 suum
1240 2050 1399 2079 transferre
1411 2051 1556 2087 cogitans,
1572 2060 1633 2088 quo
1643 2060 1711 2081 ma-

884 2098 961 2126 gnus
974 2091 1082 2120 Paulus
1095 2101 1184 2121 suum
1194 2093 1320 2123 intendit
1343 2096 1541 2132 propositum,
1571 2104 1710 2133 unusque

41 2128 64 2153 εἴ
79 2128 148 2158 Alter
167 2133 310 2170 Joannes,
337 2135 363 2162 is
383 2134 495 2164 scilicet
507 2135 561 2172 qui
585 2135 616 2163 in
641 2137 724 2163 utero
743 2134 847 2163 matris
870 2137 940 2164 ante
963 2136 1148 2166 nativitatem
1163 2138 1297 2174 exsilivit,
1322 2128 1354 2167 et
1373 2128 1463 2176 quem
1483 2128 1613 2169 necdum
1630 2128 1710 2170 vide-

40 2173 251 2241 1ἱεὶῒιλδιιιίιιιιιιι
265 2178 421 2216 adoravit;
443 2182 472 2209 et
485 2179 534 2209 ille
546 2180 599 2216 qui
620 2187 713 2217 supra
731 2180 866 2216 ejusdem

51 2219 152 2246 ontem.

51 2222 152 2248 ontem.

882 2180 999 2210 Domini
1019 2184 1124 2218 pectus
1139 2183 1285 2218 recubuit,
1305 2183 1447 2214 hauriens
1464 2185 1535 2214 inde
1555 2185 1710 2222 theologia

846 2269 868 2297 D
900 2289 903 2293 .

74 2304 111 2335 ιϐ’.
125 2311 174 2336 Καὶ
186 2310 221 2342 δὴ
237 2312 325 2340 λοιπὸν
338 2314 418 2345 οὕτως
438 2313 528 2341 ἑαυτὸν
550 2313 701 2352 ἑρῥύθμισε,
725 2315 772 2346 τάς
801 2323 829 2341 τε

43 2351 85 2380 τῆς
104 2351 194 2391 ψυχῆς
230 2356 351 2396 δυνάμεις
378 2358 520 2396 ἐκόσμησε,
547 2351 591 2386 καὶ
619 2364 656 2396 τῷ
679 2363 714 2396 νῷ
746 2359 829 2390 καλῶς

45 2395 216 2438 καθυπέταξιν,
244 2405 278 2434 ὡς
306 2405 375 2431 θείαν
402 2405 478 2435 ὄντως
504 2405 628 2443 ἁρμονίαν
659 2404 828 2441 ἐμφαίνεσθαι

46 2440 129 2477 τούτῳ,
155 2449 199 2473 uti
230 2447 367 2485 ἀγγελικὴν
400 2450 436 2481 ὼς
477 2448 578 2480 ἀληθῶς
614 2452 826 2487 σεμνοπρέπειαν.

45 2481 111 2529 im”
133 2486 165 2519 δὴ
199 2496 243 2520 καὶ
272 2494 302 2520 οὐ
330 2497 407 2531 μόνον
434 2499 488 2526 τοῖς
511 2498 678 2532 γεννήτορσιν
705 2495 828 2533 ἐράσμιος

47 2532 103 2562 ’³μοῦ
113 2535 156 2560 καὶ
170 2538 253 2572 τίμιος
266 2537 306 2575 ἦν,
323 2538 388 2566 ἀλλὰ
409 2541 453 2566 καὶ
479 2542 558 2566 πᾶσιν
584 2539 680 2575 ἀλλοις,
716 2543 760 2567 καὶ
783 2540 827 2567 αὖ-

50 2646 304 2715 Im(Qui:utarchurn
320 2655 462 2693 intellige,
476 2656 654 2688 Charoneisa
670 2657 701 2687 in
717 2658 828 2689 Boeotia

81 2719 213 2768 gates
220 2727 538 2768 Thebanus,Diogenis
552 2728 828 2768 Qynicidisclpulus

51 2755 95 2786 qui
106 2757 174 2790 nihil
186 2755 630 2809 ρθεᾶἆξῑὲἕὲῥῖέῆῧῖἧόιῖὦί

921 2318 963 2344 t9.
975 2316 1119 2354 Deinceps
1135 2320 1237 2347 autem
1251 2319 1347 2348 taliter
1360 2321 1551 2350 concinnavit
1577 2321 1710 2359 seipsum

884 2361 1038 2398 animique
1049 2363 1199 2399 potentias
1214 2364 1255 2393 ita
1266 2364 1424 2395 adornavit
1436 2373 1471 2395 ac
1489 2367 1599 2396 mentis
1614 2367 1710 2404 impe-

883 2405 927 2434 rio
940 2406 1155 2442 subordinavit,
1169 2409 1241 2437 utin
1256 2417 1292 2438 eo
1303 2410 1403 2447 reipsa
1415 2415 1594 2448 apparerent
1607 2412 1710 2441 divina

882 2451 1023 2487 quaedam
1050 2452 1211 2483 harmonia
1242 2456 1270 2483 et
1291 2455 1382 2484 decor
1413 2464 1532 2484 morum
1554 2457 1708 2492 angelicus

883 2496 1074 2534 gravitasque
1085 2506 1091 2525 :
1104 2501 1288 2536 quapropter
1297 2507 1359 2528 non
1381 2500 1479 2529 solum
1489 2503 1551 2529 erat
1561 2501 1670 2529 charus
1678 2503 1709 2530 at

882 2549 940 2578 que
953 2541 1091 2571 amabilis
1110 2543 1304 2580 genitoribus,
1322 2545 1374 2574 sed
1389 2547 1418 2574 et
1436 2545 1500 2574 aliis
1511 2545 1653 2575 omnibus
1665 2545 1710 2582 ip-

916 2660 1015 2696 (9)Ad
1029 2667 1132 2690 canem
1152 2660 1264 2697 album,
1287 2660 1433 2692 Verbatim
1454 2662 1621 2692 diceretur:
1646 2667 1708 2694 erat

882 2698 983 2725 autem
998 2697 1297 2737 Kuvcaapyaiﬁthenis
1314 2698 1427 2727 dictum
1449 2700 1652 2737 gymnasium,
1676 2701 1707 2730 in

881 2740 943 2775 quo
960 2733 1067 2774 procul
1079 2733 1219 2775 a‘pudice
1237 2734 1316 2765 natis
1347 2733 1478 2773 remoti:
1492 2733 1708 2769 exercebantur

882 2768 1012 2808 nothiac
1023 2768 1126 2807 spurii.
