1963 3084
5 90 73 118 41

635 89 670 119 IN
690 91 718 120 S.
737 87 836 121 JOAN.
855 86 1106 119 DAMASCENUM.

1658 94 1710 122 842

5 154 95 178 κέων
109 162 117 168 -
138 151 272 184 ἀλώπεκος
285 150 418 181 δικεύθοδν
443 151 474 182 ἧν
497 155 617 191 τρόπους,
639 156 684 180 καὶ
709 155 743 185 ὡς
764 153 819 183 ἁληη

911 152 1006 181 rodire
1026 152 1066 180 ad
1084 159 1231 189 pugnam;
1252 151 1306 180 sed
1324 151 1440 188 vulpiui
1470 153 1562 181 moris
1579 154 1708 184 multum

5 202 72 228 ὡς
86 199 142 224 ὑπὸ
155 197 243 234 λεοντῇ
270 202 301 234 τῇ
331 196 456 234 βασιλικῇ
476 201 521 224 καὶ
546 199 670 235 φρικαὶέᾳ
690 199 766 236 στολῇ
782 202 830 228 τὴν

9 242 132 280 ολεροὲν
147 252 174 268 τε
197 244 243 268 καὶ
267 242 360 278 ἄτιμον
386 241 521 272 ἀλωπεκῆν
538 242 706 280 περιέστελλε.
739 246 830 279 Λυττᾴ

5 291 79 312 οὖν
95 288 167 313 κατὰ
181 291 227 313 τοῦ
252 287 339 323 ἁγίου,
367 287 389 313 εἰ
415 287 469 314 οἷον
495 297 521 314 τε
550 285 757 325 διαχρήσασθαι
789 287 828 314 εκ-

6 335 118 365 ανεις,
137 331 151 360 ᾗ
174 331 269 367 μᾶλλον
297 329 459 366 διασπάσαι,
474 334 517 358 καὶ
542 332 665 368 ὠμότατα
679 335 726 362 τὴν
754 334 827 369 γὸιυν

5 375 140 411 ιεοὲψαι
159 380 195 411 τῷ
210 376 311 412 αἰματι,
332 378 377 402 καὶ
403 377 482 413 θηρὸς
498 375 576 405 δίκην
603 378 645 403 τὸν
673 380 754 415 πρᾶον
782 387 828 403 κα‹

5 420 256 457 κϐροχθίσασθαι
272 431 278 437 ·
305 420 352 446 οὐκ
368 421 436 456 ἰχων
451 418 476 447 δ’
496 421 509 447 ὃ
532 431 556 447 τι
571 424 615 448 καὶ
633 420 763 458 δράσειεν,
784 421 826 447 ἐπὶ

5 468 57 494 ἠν
88 466 193 494 συνήθη
235 467 396 503 κακουργίαν
423 469 516 503 χωρεῖ.
549 468 598 492 Καί
621 470 683 502 γοῦν
720 468 826 502 συνάγει

6 512 77 541 οὺς
109 510 342 546 ὑπο-γραμματεῖς,
379 511 476 540 πάντας
513 519 539 536 τε
576 515 750 548 γραμματεῖς,
779 513 825 537 καὶ

5 558 194 591 Ραρισαῑκῶς
219 555 287 580 κατά
330 558 377 585 τῆς
416 553 540 585 ἀληθείας
581 554 822 592 τραχηλιάσαντας,

5 597 69 624 ἶπέ
83 608 130 630 τις
159 598 189 624 ἂν
215 598 336 631 ἐκείνους,
365 601 410 625 καὶ
436 602 483 628 τῆν
508 601 601 630 κακίας
622 598 825 636 ἀκριϐεστάτους

5 647 128 679 ’ραφείς
154 653 160 660 ·
188 645 234 669 καὶ
252 642 286 671 δή
311 645 358 669 σὺν
383 647 436 674 τοῖς
460 643 574 679 ἰαλέμοις
599 645 703 674 ἐκείνοις
719 646 825 671 σκέπτε-

6 698 48 713 zz
69 687 243 724 βουλευταῖς,
259 690 303 714 καὶ
325 689 392 714 κατά
418 692 465 718 τῆς
483 689 596 725 χάριτος
611 690 672 715 Υἱοῡ
692 692 759 715 Θεοῦ
778 691 824 716 καί

5 736 138 769 {parto-2
169 734 268 770 Κυρίου
292 732 454 768 βουλεύεται,
482 734 515 763 ὡς
533 731 652 770 Ἡρώδης
680 733 755 764 ἄλλος
779 736 823 761 καὶ

315 777 382 806 πλὴν
422 778 466 803 ἕνα
493 780 538 804 καὶ
567 777 660 804 τέλειον
692 776 823 814 σφαδάζει

8 826 106 848 οὑτον
140 820 374 858 διαχειρίσασθαι,
413 821 552 853 πλείστους
576 822 668 854 ἄλλους
698 821 822 858 περιιδὼν

6 863 160 897 ηπιὼδεις
188 866 234 892 ἅτε
262 868 352 903 κρίνας
386 869 431 892 καὶ
462 865 565 897 ἀτελεῖς.
605 866 666 894 Ἕνα
700 870 745 893 καὶ
772 869 821 905 γὰρ

5 777 91 807 ιῦτὸς
136 776 256 813 ἔκμανείς
281 787 287 793 ·

8 916 105 938 rme
134 912 239 937 πάντων
263 910 362 938 ἐκείνων
398 910 521 940 ἀλείπτην
552 911 667 947 ἐγνώκει,
692 914 736 938 καὶ
757 914 823 950 πρὸς

5 958 63 986 νὸς
79 953 147 991 ᾔδει
171 958 219 984 τὴν
248 957 340 991 μάχην
364 954 474 982 ὃέσαντι
496 957 661 992 παράτακτον
687 955 821 992 ἐσχηκώς.

5 1001 148 1026 amor/1m
175 1002 263 1036 μέντοι
289 1001 361 1037 παρά
384 1001 484 1026 πάντων
510 999 603 1031 ἐπίσης
629 1002 657 1026 τὸ
673 1002 741 1026 κατὰ
759 1002 809 1027 παν

5 1054 57 1070 -τιιν
88 1047 151 1082 περὶ
170 1044 264 1080 λόγους
279 1048 359 1070 αυτοῦ
383 1045 489 1080 κράτος,
514 1047 560 1074 τὴν
589 1044 613 1070 ἐν
635 1044 722 1081 λόγοις
747 1044 821 1083 διαρ-

5 1088 99 1118 ὲήϐην
130 1088 369 1125 ἀνωμολογηκότων
407 1089 498 1125 ἰσχὺν,
529 1091 571 1115 καὶ
597 1091 643 1118 την
675 1091 741 1128 πρὸς
777 1092 821 1116 τὸν

5 1133 100 1171 ἰνδρα
130 1132 179 1160 δια
203 1133 281 1169 λόγου
307 1134 391 1163 ποι-’λην
421 1138 493 1170 κοινῇ
523 1133 700 1171 ἀπειρηκότων
725 1138 794 1170 φωνῇ
812 1145 818 1151 ·

5 1182 54 1204 cui
72 1177 144 1215 μηδ’
161 1179 192 1204 οἷν
207 1188 268 1205 ποτε
293 1178 320 1204 ἐκ
339 1182 385 1205 τοῦ
400 1182 508 1215 φανεροῦ
522 1180 696 1214 κατισχύσειν
711 1177 822 1216 διισχυ-

5 1225 165 1260 νισαμένων
194 1224 229 1249 τὰ
253 1222 350 1249 ἐκείνου
373 1222 500 1249 ἀναλῦσαι
524 1225 731 1260 συγγράμματα,
758 1234 822 1250 παν-

5 1272 84 1304 ταχῆ
115 1277 143 1294 τε
170 1266 361 1305 διασπαρέντα,
387 1270 431 1294 καὶ
457 1267 551 1298 πολλῆς
577 1269 616 1295 ὃτι
643 1273 690 1299 τῆς
716 1269 821 1301 πειθοῦς

5 1313 46 1347 ξοῠ
72 1314 129 1349 γὰρ
158 1311 283 1343 ἀληθείας
326 1312 415 1341 ἣθελον
460 1312 553 1349 λέγειν)
591 1313 677 1350 πλήρη
716 1315 819 1350 τυγχα-

5 1367 96 1384 νοντα.

41 1445 102 1474 κδ’.
118 1448 185 1472 Τότε
205 1443 239 1475 δὴ
262 1445 352 1472 λοιπὸν
380 1447 511 1483 τύραννος,
532 1447 564 1476 ὡς
588 1447 691 1473 πάντων
715 1446 821 1483 ἀπειρή-

5 1501 56 1523 κει,
84 1490 112 1517 ἰν
133 1492 228 1517 ἑαυτοῦ
250 1493 360 1526 γίνεται,
390 1492 435 1516 καὶ
467 1495 522 1522 τοῖς
547 1491 653 1522 οἰκείοις
691 1491 821 1530 ἐπιτρέπει

5 1536 155 1572 λογισμοῖς
172 1536 205 1561 τὰ
238 1539 283 1565 τῆς
313 1535 428 1570 σκέψεως
444 1545 450 1552 ·
468 1538 513 1562 καὶ
537 1535 638 1572 ἁθρεῖτε
671 1538 821 1574 ποριμωτά-

5 1591 57 1612 της
90 1582 162 1617 πρὸς
190 1582 220 1606 τὸ
250 1581 329 1606 κακὸν
355 1581 454 1616 φύσεως
492 1578 627 1617 δαιμόνιον
656 1582 691 1611 ὡς
720 1581 821 1613 ἀληθῶς

5 1627 120 1663 ενρεμα.
153 1625 315 1662 Προστοξττει
341 1624 459 1654 ζητῆσαι
490 1629 539 1651 τῶν
571 1625 712 1652 ἐπιστολῶν
741 1626 822 1653 αὑτοῦ

5 1672 84 1705 μίαν,
116 1671 164 1695 καὶ
189 1667 237 1695 διὰ
259 1668 382 1695 πλείστου
409 1670 442 1699 ὡς
482 1669 604 1705 εὑρέσθαι
644 1672 820 1704 ποιήσασθαὶ,

7 1713 97 1740 ἰυῖίαιν
119 1712 152 1740 δί
179 1713 251 1748 αὐτῷ
280 1712 515 1750 διαχαραχθεῖσαν
538 1718 637 1750 χεροῖν.
656 1717 706 1741 Καὶ
720 1719 783 1750 γοῦν
797 1716 822 1742 οὶ

7 1758 145 1796 ἀνθρώπῳ
168 1758 261 1784 ἐκεῖνοι
276 1761 320 1784 καὶ
339 1760 374 1794 μὴ
392 1762 449 1793 Θεῷ
479 1758 595 1795 ἀρέσκειν
626 1757 672 1785 διὰ
701 1758 821 1791 σπσυὸῆς

7 1805 130 1838 ἔχοντες,
160 1803 196 1828 ὧν
218 1804 313 1828 καὶτὰ
340 1802 407 1828 ὁττά
431 1801 616 1840 διεσκόρπισεν
641 1803 654 1829 ὁ
679 1805 753 1838 Θεὸς,
777 1806 822 1830 καὶ

6 1848 41 1873 ὧν
83 1846 144 1884 μετ’
174 1848 247 1882 ἦχον
285 1848 314 1873 τὸ
348 1849 513 1883 μνημόσυνον
545 1847 631 1879 ὤλετο,
662 1847 821 1878 ἐζητήκασιν

7 1894 156 1930 εὖρήκασι,
187 1889 311 1927 δρομαῖοι
352 1894 591 1928 προσενηνόχασιν.
615 1891 645 1918 ’0
679 1890 705 1918 δ’
734 1894 820 1932 ὥσπερ

7 1937 124 1974 ἑρμαίου
152 1934 304 1971 λαϐόμενος,
333 1939 382 1961 τῶν
412 1945 463 1962 τινι
488 1939 572 1962 ταῦτα
602 1934 702 1968 δεξιῶν.
730 1939 761 1964 Εἰ
781 1947 820 1973 γε,

9 1984 88 2018 gms-1,
121 1978 265 2010 δυνηθείης
282 1979 505 2017 ἀπομιμήσασθαι
521 1983 568 2010 τὴν
588 1979 659 2007 ἰδίαν
679 1986 727 2013 τῆς
741 1986 786 2008 τοῦ
797 1981 821 2008 ἐν

7 2031 38 2062 τῇ
66 2029 212 2062 Δαμασκῷ
242 2024 359 2051 Ἰωαννοτ
383 2029 486 2062 γραφῆς
528 2025 659 2060 (Ἰωάννου
681 2025 747 2061 λέγω
775 2030 821 2052 τοῦ

9 2076 55 2097 τον
72 2071 220 2106 Μανσοὺρ,
242 2069 269 2095 ὃν
298 2067 381 2096 δεινὸν
399 2068 516 2096 κάκεῖθεν
537 2068 608 2099 ἦσθα
627 2074 677 2096 τῶν
691 2071 820 2107 ἡμετέρων

10 2115 110 2152 ἐχθρὸν
125 2117 172 2140 καὶ
196 2113 329 2150 πολέμιον)
348 2116 451 2140 καὶτὸν
477 2118 526 2140 τῶν
553 2116 713 2151 γραμμάτων
741 2116 820 2141 τύπον

10 2159 261 2197 ἑξακριϐὡσασθαι,
288 2158 401 2195 μεγάλην
434 2160 539 2195 εἷσομαί
580 2169 621 2185 σοι
651 2162 698 2189 τὴν
728 2161 819 2196 χάριν,

10 2208 52 2231 καὶ
97 2206 232 2241 μεγίστων
263 2201 368 2234 ἀξιώσω
395 2208 444 2230 τῶν
479 2203 603 2240 ἁμοιεῶν.
636 2203 739 2230 Ἀκούει
771 2209 821 2231 τῶν

10 2249 96 2286 λόγων
114 2249 128 2275 ὁ
158 2246 244 2280 δεξιὸς
274 2251 321 2277 την
343 2250 437 2274 κακίαν
459 2249 633 2286 ὑπογραφεὺς,
661 2251 706 2275 καὶ
735 2249 819 2276 ὑπισ-

10 2299 121 2331 χνεῖται
138 2295 188 2323 τὴν
215 2296 409 2331 μεταχείρισιν,
433 2296 477 2320 καὶ
505 2294 574 2320 οὕτω
602 2304 656 2325 πως
687 2294 821 2331 εὐστόχως

11 2339 143 2377 ἐκπληροί
162 2339 192 2364 τό
222 2340 284 2375 πρὸς
307 2337 446 2375 βούλησιν,
474 2340 506 2369 ὡς
521 2339 575 2375 οὐχ
590 2340 629 2365 ὅτι
647 2340 711 2376 πρὸς
729 2338 820 2371 ἄλλους

12 2383 163 2418 διαλαϐεῖν,
182 2381 246 2409 ἀλλὰ
269 2385 314 2409 καὶ
340 2383 410 2419 αὐτῷ
438 2392 466 2420 γε
498 2388 534 2419 τῷ
562 2383 763 2420 ἀγχινουστάτῳ
776 2386 821 2411 καὶ

10 2432 81 2467 πρὸς
106 2429 204 2458 παντὸς
232 2428 382 2455 οὑτινοσοῦν
408 2428 526 2464 ὑξντοὶτῳ
555 2428 701 2464 κατάληψιν
727 2430 760 2456 τὰ
773 2433 821 2460 τῆς

12 2476 162 2511 mancupia;
183 2471 346 2509 ἀμωσγέπως
370 2472 538 2509 ἀγνοηθῆναι,
568 2476 612 2500 καὶ
638 2474 671 2499 τὰ
699 2478 747 2504 τῆς
770 2483 819 2500 xa-

10 2521 144 2556 κονργίας
168 2515 351 2554 παραδραμεῖι
378 2529 384 2534 -
412 2521 457 2545 καὶ
485 2522 620 2554 τοσοῦτον,
649 2519 684 2550 ὡς
719 2520 752 2545 τὰ
775 2520 820 2555 μὶν

12 2567 192 2602 χαρακτῆρος
232 2561 406 2599 ἀμφισϐητεῖν
434 2565 480 2589 καὶ
507 2567 556 2590 τῶν
596 2564 759 2601 γραμμάτων
786 2565 820 2594 ὡς

15 2608 95 2635 ἰδίων
119 2607 324 2640 ἀντιποιεῖσθαι,
357 2608 390 2633 τὰ
419 2605 444 2633 δ’
473 2607 706 2646 ἐμπεριειλημμένα
730 2610 820 2645 σφίσιν

14 2655 44 2685 ὡς
81 2653 129 2680 οὐκ
169 2649 230 2678 ῖὸια
257 2653 481 2690 παρακρούεσθαι,
519 2655 568 2680 Καί
593 2655 644 2691 γὰρ
673 2652 820 2680 πέπλασται

14 2703 47 2734 τῷ
71 2695 150 2733 δεινῷ
175 2697 292 2733 τυράννῳ
312 2696 451 2728 ὶπιστολῆς
471 2696 585 2730 ἔκδυσις,
621 2696 699 2728 δῆθεν
728 2697 755 2724 ἐκ
775 2702 820 2724 τοῦ

15 2744 137 2772 Ἰωάννου
162 2743 228 2780 πρὸς
248 2741 409 2777 Αὔγουστον,
432 2745 476 2769 καὶ
496 2744 658 2771 συντέθειται
677 2747 711 2780 τῷ
734 2743 821 2780 εὐφυεῖ

270 2805 392 2835 ΡΑῑιλοι.
414 2806 464 2835 Gn.
486 2806 558 2836 CXL.

885 204 1008 234 quoque
1023 196 1149 230 habens,
1168 196 1224 224 sub
1238 196 1321 232 regia
1340 204 1374 224 ac
1390 196 1512 225 leonina
1535 200 1563 226 et
1583 198 1703 228 terribili

885 242 983 278 specie
998 241 1153 278 vulpinam
1168 241 1320 277 vilemque
1328 244 1357 269 et
1373 241 1596 270 fraudulentam
1611 244 1707 272 occui-

884 285 966 314 tabat
976 288 1118 314 mentem.
1134 285 1215 313 Furit
1233 293 1305 321 ergo
1327 287 1431 313 contra
1455 288 1603 320 sanctum,
1629 289 1706 316 occi-

882 329 953 358 dere
972 338 1052 364 eum,
1073 330 1099 358 si
1119 329 1223 366 possit,
1245 333 1296 358 aut
1318 329 1417 358 verius
1444 330 1558 358 laniare
1584 331 1710 368 cupiens

883 377 1080 411 cruentaeque
1106 374 1244 402 maxillas
1278 374 1426 410 sanguine
1445 375 1511 410 ejus
1533 375 1655 411 tingere,
1681 378 1710 405 et

881 419 1160 447 mansuetissimum
1173 419 1271 447 virum
1287 419 1381 447 ferino
1396 427 1480 447 more
1494 427 1587 456 quam
1600 421 1708 449 crude-

879 463 992 492 lissime
1000 464 1144 492 devorare
1162 475 1168 492 :
1184 463 1237 492 sed
1256 471 1317 492 non
1331 463 1485 492 inveniens
1504 465 1659 501 quomodo
1672 465 1704 494 id

881 509 1043 545 perﬁceret,
1057 509 1095 537 ad
1118 508 1295 537 familiarem
1318 508 1375 536 sibi
1393 509 1540 537 vafritiem
1561 510 1705 538 converti-

880 556 939 582 tur.
961 553 1076 582 Coactis
1090 553 1293 589 undequaque
1309 553 1490 581 subnotariis
1511 554 1706 591 notariisque,

879 598 1048 626 Pharisaice
1064 601 1167 626 contra
1177 597 1330 625 veritatem
1347 597 1502 632 insurgere
1511 597 1704 633 audentibus,

878 651 957 679 quos
972 642 1080 679 aliquis
1088 641 1171 670 haud
1186 642 1284 678 inepte
1297 642 1404 670 dixerit
1415 641 1579 678 iniquitatis
1603 651 1706 680 exper-

878 687 1009 715 tissimos
1017 686 1141 720 scribas;
1156 694 1225 714 cum
1240 686 1361 722 perditis
1373 686 1430 714 illis
1440 686 1626 721 consiliariis,
1634 696 1704 716 con-

878 733 923 760 tra
940 731 1067 767 gratiam
1079 731 1139 760 Filii
1156 731 1208 759 Dei
1223 734 1249 759 et
1264 731 1414 759 Christum
1431 731 1547 759 Domini
1560 731 1704 761 delibera-

877 777 989 804 tionem
1013 776 1147 812 instituit,
1177 779 1324 811 tanquam
1354 775 1483 804 Herodes
1505 775 1579 804 alter
1600 778 1702 812 etiam,

877 821 940 857 ipse
953 821 1106 848 insaniens
1123 830 1129 848 :
1147 819 1318 856 multosque
1333 819 1511 856 despiciens,
1536 821 1626 850 veluti
1637 830 1705 858 par-

878 865 963 894 vulos
982 868 1073 902 atque
1097 864 1232 893 imbelles
1259 864 1379 899 ungitur
1404 865 1518 900 animo,
1546 868 1578 893 ut
1607 874 1703 895 unum

877 910 1078 943 illum,v1rum
1094 910 1195 946 utique
1214 909 1390 945 perfectum,
1413 909 1579 938 interﬁciat.
1606 912 1703 939 Unum

877 954 1026 991 siquidem
1037 954 1253 982 illumnoverat
1276 957 1452 982 emterorum
1476 954 1613 982 omnium
1638 963 1703 984 esse

877 998 1085 1026 instructorem
1098 998 1136 1026 ad
1151 997 1275 1031 luctum,
1291 1000 1319 1025 et
1332 1005 1401 1025 cum
1414 1006 1474 1026 uno
1499 998 1556 1026 sibi
1576 1006 1700 1034 congre~

877 1043 1020 1072 diendum
1036 1043 1149 1071 sciebat
1163 1043 1202 1071 ad
1218 1050 1351 1079 pugnam
1369 1043 1572 1078 paratissimo.
1597 1045 1702 1073 Intelli-

877 1088 966 1123 gebat
980 1088 1059 1116 enim
1075 1096 1111 1116 ex
1125 1087 1267 1116 concordi
1298 1087 1435 1115 omnium
1464 1087 1608 1116 relatione
1640 1089 1701 1117 vim

876 1135 966 1169 atque
979 1132 1145 1168 potentiam
1158 1139 1331 1160 sermonum
1347 1132 1412 1167 ejus
1427 1134 1532 1160 contra
1545 1132 1702 1162 universos

875 1177 927 1213 qui
942 1177 1042 1213 palam
1057 1185 1163 1205 omnes
1177 1176 1407 1210 conﬁtebantur,
1430 1176 1513 1212 quod
1528 1185 1589 1205 non
1611 1178 1701 1207 aude.

875 1224 941 1250 rent
951 1229 1020 1250 cum
1031 1221 1153 1250 homine
1178 1220 1320 1256 congredi
1340 1221 1535 1257 disputando,
1560 1222 1701 1258 despera-

876 1266 949 1294 bant
965 1268 1064 1294 autem
1078 1265 1161 1302 quod
1177 1265 1242 1300 ejus
1255 1265 1364 1301 scripta
1374 1268 1498 1301 possent
1508 1265 1638 1302 abolere,
1657 1270 1701 1296 ut-

876 1313 944 1347 pote
968 1311 1032 1346 jam
1044 1310 1157 1346 ubique
1187 1310 1335 1345 dispersa,
1360 1309 1550 1347 multumque
1575 1319 1698 1347 persua-

876 1355 968 1384 sionis
988 1356 1053 1391 (nec
1079 1355 1160 1383 enim
1186 1354 1328 1383 volebant
1353 1354 1451 1383 dicere
1479 1355 1619 1393 veritatis)
1644 1357 1697 1386 ha-

875 1400 986 1429 bentia.

911 1446 1039 1473 24.1‘unc
1051 1446 1197 1481 tyrannus
1208 1443 1405 1472 aliisdiﬁ‘usus
1417 1444 1559 1473 omnibus
1570 1448 1661 1482 atque
1671 1447 1701 1476 in

876 1489 1008 1526 seipsum
1020 1496 1195 1522 conversus,
1207 1488 1408 1522 cognitionem
1428 1489 1556 1526 propriis
1566 1491 1701 1520 commit-

877 1535 909 1564 tit
923 1533 1165 1570 cogitationibus,
1185 1536 1212 1560 et
1223 1532 1335 1568 ingenii
1356 1533 1395 1560 ad
1419 1533 1535 1561 malum
1550 1534 1702 1563 vaferrimi

877 1579 1152 1608 machinamentum
1163 1585 1232 1606 vere
1247 1577 1429 1605 diabolicum
1440 1578 1557 1614 reperit.
1572 1580 1703 1615 imperat

877 1624 1070 1661 cpistolarum
1083 1622 1205 1650 Joannis
1213 1629 1306 1650 uuam
1320 1621 1454 1658 aliquam
1464 1622 1586 1659 requiri,
1603 1624 1702 1653 studio

876 1671 1111 1705 quantocunque
1127 1666 1273 1700 adhibito,
1302 1666 1356 1694 sed
1380 1666 1538 1703 epistolam
1562 1671 1701 1704 autogra-

877 1714 981 1751 pham:
994 1711 1118 1740 ministri
1132 1718 1201 1739 vero
1216 1710 1293 1746 ejus,
1309 1709 1361 1747 qui
1373 1718 1435 1738 non
1448 1712 1506 1740 Deo
1519 1711 1572 1740 sed
1586 1712 1702 1742 homini

877 1758 994 1795 placere
1008 1755 1192 1788 nitebantur,
1208 1762 1340 1791 quorum
1351 1762 1423 1783 ossa
1432 1755 1575 1792 dispersit
1587 1757 1663 1785 Deus
1673 1760 1703 1787 et

877 1809 1006 1839 quorum
1023 1800 1170 1829 memoria
1185 1807 1254 1827 cum
1276 1799 1375 1828 sonitu
1401 1800 1496 1836 periit,
1520 1802 1702 1838 perquisive-

877 1848 956 1881 runt,
980 1845 1169 1876 invenerunt,
1187 1843 1362 1879 cursimque
1383 1843 1545 1872 attulerunt
1567 1845 1606 1874 ad
1621 1854 1700 1879 eum,

877 1893 1022 1927 tanquam
1038 1889 1078 1917 ad
1091 1888 1703 1927 magnumquoddaminexspectatumquc

876 1935 993 1964 lucrum
1004 1933 1186 1970 gaudentem
1203 1942 1210 1960 :
1224 1932 1277 1968 qui
1296 1932 1440 1961 accersito
1451 1933 1489 1962 ad
1510 1941 1542 1962 se
1551 1934 1614 1963 viro
1643 1935 1704 1964 cui-

876 1981 949 2009 dam
963 1978 1120 2013 industrio,
1148 1977 1177 2006 Si
1202 1977 1417 2010 characterem,
1447 1977 1552 2014 inquit,
1577 1979 1702 2009 Joannis

876 2024 958 2062 apud
965 2024 1145 2051 Damascum
1154 2021 1298 2057 degentis,
1306 2022 1431 2050 Joannis
1438 2022 1505 2050 dico
1511 2023 1563 2051 ﬁlii
1570 2025 1703 2053 Mansur-

875 2077 966 2106 quem
979 2066 1311 2103 graveminl'estumque
1334 2074 1434 2094 rerum
1458 2069 1629 2097 nostrarum
1648 2069 1701 2097 ho-

876 2117 952 2143 stem
967 2113 1057 2141 etiam
1070 2111 1139 2140 inde
1154 2111 1288 2147 patimur
1299 2111 1374 2139 sicut
1393 2112 1482 2147 nosti,
1493 2113 1624 2148 potueris
1637 2113 1701 2142 imi-

878 2159 933 2187 tari
947 2158 1073 2194 ejusque
1089 2155 1274 2184 simillimum
1289 2156 1444 2192 exemplar
1457 2158 1614 2192 conﬁcere,
1632 2167 1700 2187 ma-

877 2211 970 2240 gnam
980 2211 998 2231 a
1011 2209 1059 2230 me
1068 2200 1158 2229 inibis
1169 2200 1298 2235 gratiam
1312 2203 1340 2229 ct
1352 2201 1458 2235 grandi
1469 2203 1703 2238 prsemioremu-

877 2248 1041 2277 neraberis.
1054 2245 1211 2274 Audithmc
1221 2245 1324 2273 dexter
1334 2245 1373 2273 ad
1384 2247 1549 2282 nequitiam
1560 2249 1667 2283 scriba,
1676 2251 1704 2278 et

876 2291 1097 2322 falsiﬁcandam
1122 2289 1245 2318 Joannis
1269 2297 1395 2318 manum
1416 2291 1575 2327 pollicetur
1595 2293 1704 2322 deinde

876 2338 960 2377 quod
970 2335 1187 2373 eratpollieitus
1204 2337 1266 2363 tam
1281 2335 1353 2363 scite
1369 2336 1467 2372 explet
1481 2337 1521 2365 ad
1541 2337 1704 2375 imperato-

876 2384 917 2413 ris
930 2383 1123 2414 voluntatem,
1138 2382 1239 2408 utnon
1254 2379 1354 2408 solum
1367 2380 1442 2409 alios
1455 2381 1547 2410 latere
1567 2382 1704 2420 supposi-

876 2429 917 2458 tio
925 2429 1036 2466 posset,
1048 2425 1102 2454 sed
1115 2425 1207 2454 etiam
1220 2424 1385 2461 ipsummet
1402 2427 1558 2461 Joannem,
1577 2427 1644 2456 licet
1664 2427 1704 2457 ad

876 2471 1007 2509 cujusvis
1026 2470 1067 2499 rei
1082 2469 1383 2506 comprehensionem
1400 2471 1592 2507 acerrimum,
1608 2472 1649 2500 sic
1658 2472 1703 2500 fu-

876 2525 945 2554 gere
960 2516 1073 2545 valeret
1086 2515 1169 2543 fraus
1181 2513 1299 2542 occulta
1315 2516 1343 2542 et
1363 2514 1518 2544 maleﬁcus
1540 2519 1636 2551 astus,
1659 2519 1702 2552 ut,

875 2562 959 2601 quod
972 2561 1011 2590 ad
1021 2558 1203 2589 characteris
1209 2558 1322 2595 proprii
1331 2558 1460 2587 formam
1472 2560 1703 2594 attinet,litteras

875 2616 930 2645 pro
946 2607 1009 2635 suis
1025 2605 1407 2640 deberetagnoscet‘e,quze
1427 2613 1498 2633 vero
1510 2605 1546 2634 iis
1572 2606 1702 2634 contine-

874 2653 986 2682 bantur
996 2653 1102 2679 utnon
1118 2656 1173 2677 sua
1193 2647 1362 2684 repudiare.
1393 2649 1525 2678 Conticta.
1552 2650 1702 2687 siquidem

875 2694 1077 2734 fuitepistola,
1089 2693 1171 2722 velut
1185 2692 1223 2722 ab
1239 2692 1306 2729 ipso
1328 2693 1368 2722 ad
1392 2696 1560 2731 Augustum
1580 2695 1701 2732 scripta,

876 2743 953 2772 sicut
971 2740 1064 2770 solers
1082 2738 1130 2768 ille
1150 2737 1276 2775 scriptor
1296 2742 1453 2776 acceperat
1480 2740 1511 2768 in
1539 2740 1702 2776 mandatis,

1472 2804 1507 2833 27
