1963 3084
239 101 290 131 851

836 103 1066 133 CONSTANTINI
1083 103 1322 134 ACBOPOLITE.

1889 102 1949 131 οδε

240 173 396 201 vesperam
408 165 717 195 demorabiturﬂetus.
730 168 758 194 et
772 167 811 194 ad
824 167 1004 195 matutinum
1017 168 1058 194 las

1132 166 1230 202 ἰιμωζον
1265 166 1425 202 ὠλοφύροντο
1462 166 1608 202 πρόσπολοι
1645 175 1672 192 τε
1695 168 1741 192 καὶ
1787 169 1949 202 «spicum,

241 210 305 238 titia
313 212 333 237 ³.
345 222 357 234 n
376 211 414 237 Ea
421 210 500 238 enim
508 218 561 245 pro
572 210 682 246 quibus
698 210 860 239 familiares
876 214 966 248 atque
980 212 1068 240 vicini

242 254 341 281 omnis
364 254 541 282 conditionis
565 256 592 282 et
624 255 718 283 aetatis
755 255 910 290 ejularant,
950 264 1069 291 gemue-

242 300 320 328 rant.
342 299 562 334 suspiraverant
573 300 699 335 vesperi,
712 308 782 328 mox
793 303 884 336 atque
895 300 990 328 illuxit
1001 309 1069 336 age-

243 343 317 370 bant
329 343 477 371 contraria
489 345 602 373 omnia.
617 343 807 374 exsultantes.
820 345 1012 380 gratulantes,
1024 346 1070 381 ju-

243 387 372 415 bilantes
396 388 550 415 communi
574 388 687 416 cunctis
716 389 827 423 gaudio
857 397 927 417 cum
962 393 1070 425 praeter

1123 213 1213 242 ἡλικία
1231 214 1276 237 καὶ
1302 212 1373 246 τύχη
1404 209 1539 247 διάφορος,
1571 211 1670 248 πρωίᾳς
1694 210 1773 240 εὐθὺς
1808 209 1945 245 durum—5':

1122 256 1259 292 γεγηθέναι
1281 265 1308 281 τι
1336 257 1380 281 καί
1407 258 1527 291 σκιρτᾷν¹
1556 257 1601 281 καὶ
1623 255 1746 292 λαμπρῶς
1773 255 1845 291 ὁμοῦ
1876 257 1949 280 πᾶν·

1123 310 1169 331 τας
1190 299 1356 335 ἀγάλλεσθαι,
1374 300 1436 334 ὑγιᾶ
1450 301 1522 335 παρά
1542 297 1704 335 προσδοκίαν
1733 299 1846 326 ἅπασαν
1876 308 1949 324 κατ·

1125 343 1229 375 ιδὸντας
1242 347 1286 370 καὶ
1302 344 1477 380 ἐμπεφυκυῖαν
1490 342 1566 375 αὖθις
1591 346 1637 372 τὴν
1662 348 1752 381 χεῖρα,
1784 346 1833 370 καὶ
1868 343 1949 379 ἆνερ

1123 392 1170 426 γὸν
1183 392 1245 426 πρὸς
1254 390 1266 415 ὃ
1276 399 1306 425 γε
1321 389 1389 423 αὐτῷ
1407 387 1548 426 βουλητὸν.

244 432 480 468 expectationem
500 432 635 461 viderent
646 433 800 462 dexteram
809 434 933 468 salvam,
947 435 1152 464 adhaerentem
1167 434 1300 467 brachio,
1315 435 1404 470 atque
1419 433 1457 461 ad
1472 427 1620 469 quidlibet
1633 432 1780 461 habilem.

281 523 324 550 3'2.
338 523 437 558 Neque
453 529 541 556 porro
556 522 634 550 intra
655 523 784 559 parietes
816 523 996 552 domesticos
1024 524 1072 552 hic

247 566 384 602 plausus,
403 565 448 594 vel
471 574 562 602 penes
584 567 664 595 solos
687 567 848 596 familiares
862 567 948 596 haesit
969 569 1073 597 notitia

247 610 289 638 rei
309 612 408 645 gestae:
444 610 496 638 sed
519 611 608 646 longe
643 611 763 647 lataque
798 612 944 648 procurrit
979 612 1071 648 fama;

247 654 372 691 quidam
385 655 474 682 etiam
491 655 702 684 festinaverunt
716 656 855 692 praefecto
870 665 925 685 suo
936 659 1073 686 nuntiare

247 699 296 735 (ex
307 699 449 734 Agarenis
462 699 491 728 hi
502 703 597 735 erant,
612 709 683 735 erga
709 709 764 729 nos
791 709 910 737 semper
933 702 1072 730 malevoli

248 745 582 780 propterdetestabilem
590 754 677 773 suam
687 746 812 782 sectam)
825 746 908 782 quod
922 747 1022 775 salvus
1037 747 1074 775 sit

1161 478 1212 515 λβ.
1225 478 1262 504 Οὐ
1277 481 1359 515 μέχρι
1373 475 1402 504 δὲ
1417 482 1467 503 τῶν
1492 477 1548 503 κατ’
1569 477 1639 503 οἷκον
1670 479 1771 514 κρότος,
1800 476 1870 503 οὐδ’
1916 477 1949 503 εἰ

1126 526 1184 553 τοὺς
1210 523 1316 552 οὶκιὶους
1340 523 1352 548 ὁ
1375 521 1450 557 λόγος
1477 520 1618 558 διέμεινεν·
1640 520 1703 547 ἀλλὰ
1731 520 1890 558 διέδραμεν
1937 524 1949 550 ἡ

1127 571 1199 604 φήμη
1226 567 1274 593 κᾶν
1300 570 1353 597 τοῖς
1373 566 1484 592 κυκλόσε
1507 565 1554 592 κὰν
1592 570 1644 596 τοῖς
1677 566 1805 603 πορρωθι-
1843 570 1949 593 rei-au:

1126 615 1171 638 καὶ
1195 613 1322 648 φθάνουσί
1356 621 1422 642 τινες
1462 615 1497 646 τῷ
1540 613 1652 647 σφετέρῳ
1689 611 1949 648 προσαγγείλα-ιτις

1126 657 1241 694 ἄρχοντί
1252 658 1314 690 (τῶν
1329 656 1479 693 Ἀγοιρηνῶν
1507 654 1573 684 ἦσαν
1601 653 1682 690 οὗτοῑ,
1712 659 1761 682 τῶν
1791 654 1949 692 ductu-va}.

1127 703 1189 737 ἡμῖν
1202 703 1246 727 καὶ
1271 700 1398 736 πολεμίων
1427 699 1454 726 ἐκ
1487 704 1532 726 τοῦ
1559 699 1731 735 ἐναγεστάτον
1758 701 1949 737 Opinio-15:254.:-

1127 746 1180 781 τος)
1209 747 1248 771 ὄτι
1274 755 1301 771 τε
1329 749 1381 775 σῶς
1403 746 1415 770 ὁ
1443 744 1561 774 Ἰωάννης
1585 746 1663 780 μένει,
1699 746 1743 769 καὶ
1785 745 1821 770 τὰ
1871 744 1949 780 μελξ

248 788 391 822 Joannes,
404 797 439 817 ac
455 789 598 817 membris
621 790 734 825 integer
754 790 883 825 gaudeat
901 791 1058 826 gratuletur

1132 788 1320 822 ὶδιαλώϐητος,
1341 791 1385 815 καὶ
1400 790 1440 815 ὃτι
1454 791 1556 826 χαίρει,
1571 790 1616 814 καὶ
1640 789 1680 815 ὃτι
1706 793 1873 826 περικροτςῖ,
1900 792 1949 814 καὶ

248 841 308 869 que
323 833 387 866 sibi,
412 835 441 861 et
455 833 545 862 veluti
556 834 706 863 laureatus
719 835 842 871 quidem
857 843 965 872 pieana
977 836 1074 864 conci-

249 880 312 913 nat,
325 877 487 915 palamque
503 879 636 907 exsultet.
654 879 703 908 ille
719 888 790 908 vero
805 880 947 908 continuo
973 889 1073 914 accer-

250 931 320 951 sens
334 925 484 957 sanctum,
497 924 570 960 quid
583 924 852 957 sibifactum,esset
861 926 948 961 jubet
961 927 1074 954 veraci-

249 971 293 997 ter
306 968 464 1004 explicare,
476 972 609 997 extrema
619 978 746 1006 quaeque
757 971 970 1004 comminatus,
982 971 1037 999 nisi
1046 974 1076 1000 ut

250 1013 514 1041 actaerantomnia
521 1013 702 1049 loqueretur.
713 1014 794 1042 Divin
800 1023 833 1041 us
839 1017 938 1042 autem
945 1016 1075 1044 Joannes

249 1060 395 1093 tanquam
403 1057 500 1093 seipso
504 1057 569 1092 jam
578 1058 693 1093 melior,
703 1060 735 1086 ut
747 1059 843 1094 quiad
855 1059 980 1088 meliora
988 1068 1075 1088 voca-

250 1101 338 1129 batur
344 1109 362 1128 a
370 1102 428 1128 Deo
434 1101 574 1129 etexhinc
581 1103 698 1137 majora
705 1105 900 1139 suscepturus
916 1106 988 1137 erat,
1002 1104 1076 1132 nihil

250 1145 372 1178 veritus,
388 1153 450 1172 non
464 1146 539 1173 iram
552 1154 645 1182 quam
659 1146 749 1182 paulo
764 1149 832 1174 ante
855 1151 994 1183 expertus
1011 1149 1075 1176 fue-

251 1192 306 1223 rat,
321 1197 382 1216 non
398 1189 529 1217 furorem
544 1190 609 1224 ejus
622 1190 850 1225 intolerabilem,
872 1200 935 1220 non
962 1193 1074 1221 terribi-

251 1233 356 1261 liorem
370 1234 558 1266 sententiam,
574 1234 744 1263 liberavoce
751 1237 888 1264 etanimo
901 1238 1073 1274 conﬁdenti,

253 1280 292 1306 Ne
315 1278 476 1312 existimes,
499 1279 604 1315 inquit,
631 1281 714 1316 quod
737 1280 783 1308 vel
814 1281 901 1309 donis
927 1282 974 1310 vel
997 1283 1074 1310 dolis

252 1323 399 1350 evaserim
414 1331 547 1359 poenam,
563 1326 615 1352 aut
625 1324 683 1353 alio
696 1325 797 1362 aliquo
808 1326 900 1354 modo
914 1335 961 1355 me
983 1327 1075 1356 eidem

253 1367 462 1401 subtraxerim;
477 1368 571 1396 multo
585 1369 685 1397 minus
701 1370 784 1405 quod
799 1371 934 1399 humana
945 1375 1007 1400 arte
1027 1373 1076 1401 vel

253 1411 488 1448 pharmacorum
504 1412 609 1440 virtute
632 1414 793 1442 sectionem
817 1416 984 1444 curaverim
1000 1426 1007 1444 :
1024 1416 1076 1444 sed

253 1456 376 1484 omnino
388 1457 473 1485 crede
488 1457 571 1493 quod
584 1460 612 1485 et
624 1467 732 1494 passus
745 1467 812 1487 sum
828 1460 976 1496 quidquid
989 1461 1078 1496 jussi-

255 1501 299 1537 sti,
312 1503 340 1529 et
356 1509 374 1529 a
387 1501 450 1529 solo
472 1503 530 1530 Deo
542 1502 694 1532 medelam
709 1503 765 1531 sim
780 1507 970 1539 consecutus,
984 1514 1077 1534 mem~

253 1545 438 1582 brorumque
453 1547 653 1581 integritatem
673 1548 788 1576 salvam
815 1550 1076 1585 quemadmodum

254 1593 338 1627 potes
353 1591 469 1619 intueri.
485 1594 580 1628 Atque
593 1592 658 1620 haec
666 1592 770 1620 dicens
786 1594 892 1621 ambas
907 1602 1018 1622 manus
1029 1603 1077 1623 ex-

253 1635 357 1670 tendit,
370 1637 460 1672 atque
487 1636 517 1663 in
540 1636 632 1664 altera
665 1637 882 1666 demonstravit
909 1639 1078 1668 circumdu-

253 1682 333 1708 ctam
343 1680 544 1717 lineam,quaa
568 1689 715 1717 perquam
734 1682 926 1711 manifestam
950 1684 1079 1712 faciebat

253 1725 417 1752 sectionem
432 1725 552 1759 factam,
570 1727 598 1753 et
611 1727 860 1755 restaurationem
879 1730 1023 1757 secutam.

289 1860 333 1886 33.
348 1858 394 1886 Ad
408 1858 472 1886 haec
490 1857 716 1894 obstupefactus
742 1859 903 1893 barbarus,
929 1862 1010 1896 Vere,
1032 1862 1079 1891 in-

252 1904 325 1939 quit,
339 1903 484 1930 innocens
495 1910 571 1933 eras,
592 1903 735 1937 Joannes;
752 1906 781 1932 et
790 1912 846 1932 nos
858 1905 981 1941 quidem
996 1906 1078 1936 fraus

252 1947 379 1982 decepit,
388 1949 419 1975 tu
431 1955 502 1974 vero
510 1949 614 1974 contra
622 1955 744 1976 omnem
755 1949 900 1984 justitiam
914 1951 1078 1980 damnatus

253 2000 288 2020 ac
301 1999 410 2027 passus
421 1999 453 2019 es
470 2000 476 2018 :
490 1991 542 2019 sed
561 1991 703 2028 deinceps
737 1995 903 2030 majoribus
919 1996 1001 2032 apud
1030 2005 1078 2026 me

252 2036 419 2064 honoribus
433 2035 588 2070 extolleris,
605 2039 633 2064 et
649 2045 740 2073 supra
759 2041 881 2067 caeteros
899 2041 1078 2069 constitutus

253 2080 380 2108 subditis
402 2080 476 2108 meis
503 2081 651 2108 universis
676 2082 733 2110 eris
757 2083 906 2112 illustrior.
947 2086 1077 2113 Joannes

252 2132 324 2152 vero
336 2124 366 2152 in
379 2126 487 2152 terram
502 2132 533 2152 se
552 2128 793 2161 prosternens.et
807 2127 949 2165 lacrymis
976 2129 1077 2158 calen-

252 2168 332 2196 tibus
353 2168 517 2204 protluens,
547 2170 639 2205 Absit,
664 2172 770 2208 inquit,
808 2175 841 2201 ut
879 2174 1009 2210 amplius
1047 2175 1077 2203 in

252 2212 369 2240 mundo
398 2221 549 2246 maneam,
576 2223 595 2242 ιι
619 2216 684 2244 solo
707 2218 764 2245 Deo
791 2220 941 2246 extractus
975 2227 1011 2246 ex
1043 2219 1078 2246 iis

252 2257 404 2287 aerumnis.
421 2265 497 2294 quas
508 2259 639 2294 proferre
649 2261 723 2289 solet
738 2262 802 2290 hac
818 2263 964 2291 terrestris
991 2263 1077 2291 habi-

252 2301 334 2337 tatio,
349 2309 402 2330 seu
412 2302 510 2337 potius
523 2307 642 2339 pratum
662 2311 822 2340 noxarum,
842 2307 918 2334 sicut
945 2309 1078 2335 externo~

250 2354 317 2373 rum
331 2346 500 2382 sapientum
526 2356 657 2377 nonemo
681 2349 764 2384 dixit,
787 2350 845 2385 vel,
873 2354 903 2378 ut
933 2353 1076 2380 consueto

249 2389 338 2418 nobis
354 2391 502 2420 vocabulo
518 2395 594 2427 utar,
610 2394 695 2422 vallis
710 2394 925 2431 lacrymarum.
943 2397 977 2423 At
1002 2403 1076 2431 pra:-

251 2436 355 2470 fectus,
379 2437 539 2472 Nunquam
561 2445 617 2473 ego
643 2439 707 2468 tibi.
731 2440 870 2474 Joannes,
897 2439 1073 2468 concedam.

250 2481 300 2508 Hic
322 2482 433 2514 autem;
457 2482 552 2518 Caput
579 2483 684 2519 inquit,
715 2483 738 2510 si
771 2483 854 2518 velis,
879 2483 982 2512 aufer:
1003 2492 1075 2513 nam

248 2529 372 2562 paratus
383 2534 450 2554 sum
463 2527 541 2555 mille
554 2528 663 2563 potius,
678 2528 702 2555 si
723 2527 864 2563 possibile
892 2529 938 2562 sit,
965 2532 1075 2558 mortes

247 2571 341 2604 obire,
353 2578 446 2606 quam
460 2580 496 2600 ex
519 2580 554 2600 eo
574 2571 657 2607 quod
672 2579 753 2599 nunc
765 2572 842 2607 coepi
857 2574 1011 2609 proposito
1027 2582 1076 2602 ex-

247 2615 355 2643 cidere.
371 2615 420 2643 llle
436 2618 536 2644 tamen
557 2616 701 2644 manebat
714 2616 869 2652 immotus,
895 2625 949 2645 nec
975 2618 1074 2646 minus

246 2661 374 2688 Joannes
400 2669 486 2688 suam
512 2660 640 2695 urgebat
667 2660 852 2696 petitionem,
883 2669 902 2690 a
926 2663 1074 2692 sententia

246 2703 422 2741 neutiquam
433 2704 619 2732 revocabilis.
637 2705 730 2733 Grave
745 2712 817 2740 ergo
826 2705 902 2742 inter
912 2708 1073 2746 utrumque

279 2792 349 2822 Psal
358 2801 442 2822 xm.
456 2795 484 2821 ο.

1127 845 1166 865 τις
1195 836 1350 870 στεφανίτης
1383 834 1524 869 καθαπερεὶ
1550 834 1691 866 παιανίζει,
1727 836 1773 859 καὶ
1807 832 1949 870 λαμπρῶς

1127 880 1232 916 γέγηθε.
1264 881 1313 905 Καὶ
1337 879 1365 910 ὅς
1390 879 1513 915 παραυτά
1538 879 1581 904 τὸν
1609 877 1682 913 ἅγιον
1717 878 1949 914 μεταστᾶλετοιι⁴

1128 926 1219 950 καὶτὰ
1230 923 1287 949 κατ’
1315 923 1392 949 αὐτὸν
1419 921 1524 954 ἐξειπιῖν
1551 919 1727 948 διακελεύεται
1757 925 1826 959 πρὸς
1877 922 1949 951 ἁλήι

1130 970 1209 1001 θιιαν,
1238 969 1269 994 τὸ
1297 969 1401 1003 ἔσχατα
1430 966 1678 1002 ἐπαπειλησοὲμενος,
1710 967 1731 992 εἰ
1759 969 1795 1002 μὴ
1830 968 1864 992 ἄν
1913 969 1949 997 rb;

1129 1013 1279 1049 ἐσχήκεσαν
1302 1014 1491 1048 παραστήσειε.
1514 1013 1563 1037 Καὶ
1578 1014 1639 1046 γοῦν
1667 1011 1680 1036 ό
1711 1011 1776 1041 θεῖος
1791 1011 1944 1042 Ἰωάννης,

1128 1059 1249 1095 κρείττων
1275 1056 1360 1092 ὡσπερ
1388 1056 1467 1082 αὑτοῦ
1491 1058 1613 1091 γεγονὼς,
1643 1055 1683 1081 ὃτι
1706 1065 1762 1086 πως
1787 1052 1845 1084 ἠδη

1128 1104 1193 1139 προς
1207 1103 1339 1137 κρείττονα
1349 1100 1511 1136 μιτεκαλεῖτο
1522 1101 1587 1136 πρὸς
1608 1103 1654 1125 τοῦ
1681 1102 1759 1129 Θεοῦ,
1787 1103 1836 1126 καὶ
1872 1103 1948 1137 πρὸς

1128 1147 1236 1183 μείζονα
1262 1145 1409 1172 τούντεὺθεν
1438 1143 1614 1176 ἁνελαϐάνετο,
1652 1142 1734 1180 μηδὲν
1770 1147 1945 1182 ὑποτρέσας,

1894 1066 1945 1081 και

1128 1193 1163 1227 μὴ
1193 1193 1240 1220 τὴν
1269 1192 1318 1227 πρὸ
1347 1189 1464 1226 βραχέος
1480 1191 1570 1226 οργήν,
1586 1191 1622 1225 μὴ
1638 1190 1681 1214 τὸν
1694 1188 1822 1215 ἂστεκτον
1839 1189 1945 1216 ἐκεῖνον

1130 1236 1222 1271 θυμὸν,
1247 1237 1282 1271 μὴ
1308 1237 1355 1263 τὴν
1384 1233 1522 1271 φρικαλέαν
1565 1232 1706 1269 ἀπόφασιν,
1743 1233 1944 1271 πεπαρῤησια-

1130 1281 1209 1315 σμένῃ
1225 1278 1326 1314 γλώττῃ
1343 1280 1388 1304 καὶ
1403 1277 1523 1312 ἀπτοὴτῳ
1537 1282 1582 1307 τῆς
1601 1277 1694 1313 ψυχῆς
1725 1282 1942 1315 παραστήματι.

1129 1326 1171 1353 Μὴ
1188 1325 1243 1349 οἷον
1259 1333 1300 1359 με,
1318 1324 1393 1358 φησι,
1411 1321 1505 1359 δώροις
1525 1324 1594 1348 τισὶν
1618 1322 1632 1351 ᾖ
1664 1320 1750 1352 δολοις
1777 1325 1826 1351 τήν
1852 1332 1943 1359 τιμω-

1129 1371 1187 1406 ρίαν
1227 1367 1366 1400 ὑπαλύξαι,
1394 1367 1408 1396 ἣ
1442 1366 1510 1402 οῗλλῳ
1536 1376 1572 1402 τῳ
1611 1370 1661 1392 τῶν
1695 1365 1818 1392 ἁπάντων
1848 1371 1941 1404 τροπῳ

1131 1411 1278 1448 διεκφυγεῖν
1295 1434 1302 1446 ,
1329 1414 1394 1447 μήτι
1430 1413 1481 1447 μὴν
1506 1410 1642 1448 ἀνθρώποῡ
1662 1412 1742 1446 τέχνη
1770 1421 1818 1437 και
1834 1413 1941 1448 φαρμά-

1130 1467 1181 1483 κων
1197 1456 1308 1483 ἱπιθέσιι
1327 1458 1372 1485 τὴν
1402 1454 1524 1494 διαρτίαν
1549 1454 1696 1481 ἀπολαϐεῖν*
1727 1455 1782 1481 ἀλλ’
1811 1457 1872 1482 ἷσθι
1892 1467 1927 1482 σα

1131 1506 1181 1537 φώς
1207 1503 1252 1527 καὶ
1280 1502 1423 1527 πεπονθότα
1446 1501 1458 1526 ὃ
1480 1510 1509 1536 γι
1534 1497 1567 1529 δὴ
1601 1502 1644 1526 καὶ
1672 1509 1864 1537 προστεταχας
1892 1504 1938 1526 καὶ

1131 1548 1196 1583 πρὸς
1213 1549 1279 1572 Θεοῦ
1293 1548 1373 1581 μόνου
1389 1547 1435 1574 τὴν
1449 1546 1521 1570 ἴασιν
1535 1544 1680 1580 ἐσχηκότα,
1704 1547 1749 1570 καὶ
1778 1545 1872 1581 ὥσπερ
1905 1544 1937 1573 δὲ

1132 1594 1176 1617 καὶ
1208 1592 1268 1628 όρᾲν
1295 1592 1375 1626 ἕχιις,
1415 1589 1534 1619 ὰνιλλιπῆ
1560 1591 1684 1625 γεγονότα
1706 1593 1751 1618 τήν
1776 1589 1938 1626 magum.

1131 1635 1260 1666 Ἐχτεινας
1273 1635 1314 1661 ἰπὶ
1335 1633 1427 1661 τοῖσδε
1443 1637 1479 1660 τὼ
1505 1638 1588 1671 χεῖρε,
1618 1637 1662 1660 καὶ
1689 1636 1736 1662 τὴν
1766 1633 1810 1661 επὶ
1842 1636 1938 1671 θάτερα

1132 1680 1339 1717 πιρικυκ).οῦσαν
1365 1678 1451 1710 δείξας
1475 1681 1608 1716 γραμμὴν,
1632 1679 1647 1708 ἦ
1674 1680 1720 1707 τήν
1748 1688 1776 1705 τι
1802 1677 1938 1708 διακοπὴν

1132 1728 1177 1751 καὶ
1189 1728 1236 1754 τὴν
1257 1726 1324 1761 μετὰ
1346 1728 1423 1750 τοῦτο
1450 1723 1608 1760 έφαρμογήν,
1636 1723 1704 1750 πάνυ
1725 1724 1852 1761 καθαρῶς
1877 1725 1936 1751 ὑπε-

1133 1768 1258 1797 διὶκνυσν.

1169 1859 1215 1896 λγῖ
1243 1860 1298 1896 Ἐφ’
1325 1858 1362 1890 οἷς
1384 1861 1430 1885 καὶ
1467 1858 1668 1895 καταπλαγέντα
1706 1860 1750 1884 τὸν
1787 1858 1935 1897 βάρϐαρον,

1131 1904 1231 1935 ’Όντως
1245 1904 1382 1935 ἀνεύθυνος
1402 1902 1483 1938 ἦσθα,
1508 1904 1596 1939 φάναιο
1623 1905 1665 1929 καὶ
1695 1901 1770 1933 δολος
1794 1906 1843 1940 μὲν
1869 1905 1937 1941 ἡμᾶς

1132 1948 1289 1981 ἐξηπάτησε,
1311 1950 1383 1986 παρὰ
1407 1946 1438 1974 δὲ
1460 1949 1546 1974 πάντα
1586 1945 1690 1974 δίκαιον
1735 1947 1815 1983 λόγον
1849 1949 1936 1980 αὐτὸς,

1133 1993 1309 2027 Ἰωάννη,καὶ
1322 1991 1516 2022 κατιδικοὶσθης
1543 1994 1589 2018 καὶ
1615 1993 1754 2022 πέπονθας,
1781 1992 1852 2019 Ἀλλ’
1882 1994 1936 2019 ἴσθι

1133 2040 1257 2075 μειζόνων
1284 2037 1493 2074 ἁξιωθησόμενος
1520 2038 1586 2074 πρὸς
1611 2036 1673 2072 ὔμοῡ
1701 2039 1730 2063 τὸ
1757 2039 1826 2073 μετὰ
1861 2042 1935 2064 τοῦτο

1131 2087 1224 2119 τιμῶν,
1239 2083 1302 2120 ὑπὶρ
1314 2084 1376 2114 τοὺς
1401 2082 1491 2112 ἄλλους
1517 2091 1544 2108 τι
1568 2081 1717 2117 ταξόμσνος,
1744 2084 1790 2107 καί
1818 2086 1869 2108 τῶν
1891 2082 1933 2108 ὑπ’

1132 2127 1189 2164 ἐμοὶ
1217 2131 1263 2153 τοῦ
1286 2127 1378 2154 λοιποῦ
1412 2128 1640 2162 καταστησόμενος
1668 2126 1789 2152 ἁπάντων
1829 2136 1933 2164 περιφα-

1131 2175 1259 2202 νέστατος·
1284 2171 1314 2198 Ὀ
1341 2169 1371 2198 δί
1398 2173 1498 2203 πρηνὴς
1526 2171 1623 2197 αὐτίκα
1650 2173 1746 2204 πεσὼν,
1775 2169 1883 2208 διέκρνά
1909 2179 1933 2196 τε

1133 2218 1214 2253 θερμά
1229 2218 1377 2252 καταχέων,
1391 2218 1435 2244 Μή
1449 2225 1494 2252 μοι
1511 2216 1613 2251 γένοιτο
1640 2217 1685 2241 καὶ
1713 2215 1795 2241 εἰσέτι
1827 2219 1864 2251 τῷ
1892 2225 1931 2241 κο-

1133 2271 1190 2298 σμῳ
1203 2260 1359 2297 περιπολιῖν,
1384 2260 1434 2286 ὑπὸ
1463 2263 1530 2286 Θιοῡ
1556 2261 1636 2296 μόνον
1661 2260 1781 2296 ῥυσθέντι
1811 2260 1847 2286 ὧν
1875 2260 1930 2286 ἐπι-

1131 2308 1214 2343 φέρειν
1224 2306 1310 2332 εἴωθεν
1325 2306 1476 2341 ὀπιρίγειος
1495 2305 1593 2330 οὑτωσὶ
1617 2306 1692 2334 τόπος
1715 2302 1819 2338 δεινῶν,
1846 2306 1860 2330 ὀ
1887 2309 1929 2334 τῆς

1130 2350 1194 2381 ἄτης
1222 2349 1314 2386 λιιμὼν
1343 2351 1388 2385 (ὡς
1412 2353 1462 2374 τῶν
1484 2357 1522 2379 τις
1544 2349 1657 2385 θυραίων
1679 2352 1764 2384 σοφῶν
1807 2348 1926 2385 ὔγνωμά-

1129 2397 1229 2431 rrua'sv)
1251 2395 1266 2424 ἦ
1289 2394 1348 2420 καθ’
1374 2395 1444 2430 ἡμᾶς
1468 2393 1542 2431 ἐρεῖν,
1570 2394 1585 2422 ὴ
1609 2393 1697 2424 κοιλὰς
1722 2396 1769 2419 τοῦ
1795 2393 1926 2430 κλαυθμῶ-

1129 2450 1182 2472 νος,
1195 2439 1224 2465 Ὀ
1244 2437 1270 2465 δ’
1282 2438 1429 2471 ὑπολαϐὼν,
1456 2436 1526 2465 Ἀλλ’
1549 2437 1596 2464 οὐκ
1624 2435 1730 2464 ἐνδώσω
1745 2446 1799 2472 σοι,
1815 2438 1925 2469 Ἰωάννη,

1128 2487 1205 2510 τοῦτο
1214 2493 1284 2510 ποτε.
1302 2486 1352 2510 Καὶ
1366 2483 1403 2514 ὅς’
1426 2482 1517 2518 Ἃφιλέ
1541 2491 1586 2518 μοι
1609 2484 1655 2508 καὶ
1682 2484 1730 2512 τῆς
1753 2482 1879 2518 κεφαλῆς,
1908 2481 1925 2508 εἰ

1130 2527 1230 2565 βούλει·
1259 2530 1304 2554 καὶ
1328 2528 1389 2565 γὰρ,
1416 2527 1438 2554 εἰ
1463 2527 1516 2553 οἷον
1544 2536 1571 2553 τε
1595 2529 1706 2563 μυρίους
1735 2528 1839 2562 ἕτοιμός
1879 2528 1925 2563 εἰμι

1129 2574 1258 2603 θανάτους
1276 2572 1422 2606 ἀποθανεῖν,
1439 2573 1454 2601 ἠ
1471 2574 1501 2598 τό
1524 2571 1574 2598 ἀπὸ
1602 2570 1681 2598 τοῦδι
1706 2575 1752 2598 τοῦ
1773 2574 1843 2598 κατὰ
1869 2572 1925 2609 βού-

1126 2618 1202 2647 λησιν
1218 2617 1345 2644 ἐκπςσιίν.
1367 2616 1489 2647 Κάκεῖνος
1517 2618 1593 2647 αῦθις
1615 2615 1722 2647 ἀκλινὴς
1751 2615 1852 2653 διὶμηι
1884 2619 1922 2642 καί

1128 2661 1272 2693 ἁνὲνδοτοςι
1289 2664 1322 2693 ὡς
1338 2660 1368 2688 δί
1380 2664 1425 2688 καὶ
1439 2661 1513 2692 οὗτος
1526 2664 1571 2691 τὴν
1596 2661 1702 2690 αἴτησιν
1729 2660 1853 2698 ἰσχυρὸς,
1881 2663 1920 2687 καὶ

1125 2709 1174 2736 τὴν
1205 2707 1329 2744 πρόθεσιν
1367 2706 1533 2742 ἁμιτάθιτος.
1571 2706 1701 2743 Καρτιρός
1739 2709 1804 2747 γοῦν
1840 2706 1919 2742 ὥσπερ
