1963 3084
63 129 123 157 857

62 193 132 229 πρὸς
165 192 196 220 τό
228 193 355 229 κρεῖττον,
375 194 419 222 καὶ
451 192 592 230 μεταϐάλοι
627 195 693 232 πρὸς
720 196 749 222 τὸ
780 195 872 223 θειότε-
888 199 911 224 A

60 246 123 274 ρον.

101 325 153 357 λζ.
171 325 249 353 Ἀλλὰ
260 328 296 364 μὴ
315 327 438 364 θαυμάσῃ
453 337 493 359 τις
523 328 592 362 ὅπως
619 328 671 366 ἆρα
700 331 745 357 καὶ
761 328 873 357 ἕπαιδα-

59 373 150 407 γὼγει
164 372 208 398 τὸν
219 370 323 407 τέλειον,
339 373 384 400 καὶ
398 373 441 399 τόν
458 373 537 410 ἄκρον
569 373 736 411 κατήρτιζεψ
771 374 792 401 εἰ
821 375 872 412 γὰρ

58 417 110 442 καὶ
132 417 215 452 μίγας
230 415 336 444 αὐτόθεν
356 417 369 443 ὁ
395 417 516 448 Ἰωάννης
543 417 685 454 ἐτύγχανεν
717 421 761 452 ὧν,
795 422 874 456 σοφίᾳ

58 462 275 497 πεπυκνωμένος,
303 463 348 488 καὶ
377 461 453 499 ἀρετῇ
491 472 696 499 κεκοσμημενος,
726 465 770 490 καὶ
808 463 874 500 ὑῲη·

56 504 106 536 λός
123 504 220 542 ἀμφοῖν
234 508 280 532 καὶ
296 506 440 537 θεσπέσιος·
457 506 510 532 ἀλλ’
529 508 587 533 ἔστι
610 517 651 539 τις
681 510 726 534 καὶ
754 507 873 540 ὶπίδοσις

55 552 111 576 τοῦ
127 549 220 583 καλοῦ,
241 552 286 578 καὶ
313 554 359 577 τοῦ
385 551 481 578 τελείου
512 553 608 588 πέφυκε
640 552 798 591 τελεώτερον,
827 556 872 580 καὶ

55 597 111 620 τοῦ
133 592 270 630 διασήμου
285 597 507 633 περιφανέστερον.
535 596 590 622 Οὐκ
624 596 731 628 ἀπεικὸς
764 595 794 624 δὲ
826 600 872 624 καὶ

56 640 108 664 τὸν
123 638 249 665 ἁπλοῐκὸν
263 641 383 677 γέροντα,
398 644 448 667 τῶν
463 642 513 677 πρὸ
530 644 577 667 τοῦ
611 643 646 677 μὴ
682 643 800 676 συνεντα,
838 644 872 673 ὡς

54 686 98 719 μὴ
116 682 333 721 ἀκριϐωσάμενόν
347 694 402 716 πως
421 687 436 714 ἧ
457 688 502 712 καὶ
532 686 660 717 παντελῶς
690 686 870 722 ἀλογήσανπα,

56 729 96 759 ὡς
113 732 168 754 τῶν
187 738 246 755 τινα
263 727 444 767 παιδοτριϐεῖν
464 729 568 766 ἀτελῶν,
597 733 643 757 καὶ
679 732 747 757 κατὰ
778 733 872 768 μικρὸν

57 773 125 801 οῖάν
165 772 264 809 irai-yth:
295 775 359 811 πρὸς
391 774 547 804 τελειότητα.
581 775 692 806 Κολάζει
709 778 795 803 τοίνυν
827 779 872 806 τήν

55 817 205 852 αὶσθησιν,
218 817 281 854 μήθ’
301 819 362 856 όρᾴν
381 821 533 857 περιέργως,
553 820 615 856 μήτ’
648 819 749 848 ἀκούειν
783 819 873 849 ﬁrmio-

53 872 124 897 νως,
140 863 182 889 ὅτι
197 865 232 898 μὴ
244 865 303 900 περὶ
318 867 385 891 Θεοῦ
403 866 448 890 καὶ
466 868 515 890 τῶν
549 865 621 891 θείων
654 864 794 900 ὶγκελιυσά
823 875 870 901 με·
886 873 907 902 Β

52 916 116 939 νος,
131 905 205 943 μηδὲ
218 907 384 943 λιχνεύεσθαί
399 918 454 939 πως
467 911 526 946 περὶ
538 911 582 938 τὴν
612 913 703 945 γεῦσιν
733 911 801 937 ὥστε
835 908 869 939 δὴ

51 949 273 981 καθηδύνεσθαιο
293 952 346 979 ἀλλ’
371 953 432 980 ὅσον
459 963 489 989 γε
515 954 616 990 ἀποζῇν
644 955 797 991 τρὶφεσθαι,
823 956 871 990 μί-

53 998 194 1032 μνημένον
208 1001 261 1026 τῆσ
279 997 461 1033 παραϐάσεως,
489 1000 532 1024 καὶ
558 1002 604 1029 τῆς
635 998 730 1026 ἰκείθεν
755 996 802 1026 διὰ
824 1001 871 1028 τήν

53 1041 183 1077 λιχνείαν
220 1046 270 1073 τῶς
302 1041 446 1071 καλλίστων
483 1041 646 1078 ἔκπτὼσεως,
680 1048 726 1074 τῆς
752 1043 871 1080 ἀκράτου

57 1084 200 1115 δήπουθεν
231 1087 328 1119 ἐκείνης
364 1091 474 1125 τρυφῆς,
513 1089 558 1115 καὶ
590 1092 637 1119 τῆς
674 1087 808 1125 ἁφράστου
844 1098 873 1125 γε

57 1129 176 1161 ἡδονῆς·
196 1132 258 1168 πρὸς
273 1129 303 1158 δί
318 1133 394 1158 rem
421 1134 512 1170 χειρὸς
538 1132 685 1160 συστέλλειν
713 1132 871 1170 παράλογον,

57 1177 109 1201 καὶ
145 1174 213 1211 ἁφῆς
243 1178 364 1212 κατέχειν
396 1178 426 1204 τό
459 1178 555 1210 ἄνετον,
586 1177 621 1209 εἰς
653 1181 713 1204 νοῦν
747 1175 873 1209 διηνὶκῶς

58 1220 166 1255 ἄγοντα
178 1219 309 1247 τόίκτοϋ
343 1221 478 1259 τολμηρῶς
511 1222 632 1258 ἅψασθαι
661 1231 710 1249 των
743 1223 874 1258 προπατό-

57 1274 116 1301 ρων
132 1263 276 1301 ὀλίσθημα-
297 1264 391 1292 ἀνθέων
406 1275 434 1293 τε
459 1268 503 1293 καὶ
534 1267 621 1304 μύρων
648 1265 731 1303 ὀδμὰς
759 1265 874 1303 ἀποπίμ-

58 1309 164 1335 πεσθαι
176 1312 284 1344 μονονοὺ
315 1308 460 1342 διαπαντὸς
488 1314 538 1338 τῶν
573 1310 598 1337 ἓν
631 1309 710 1348 Ἐδὶμ
737 1311 873 1348 ὀσφραινό-

58 1362 152 1389 μενον,
169 1352 290 1380 κάκείνων
307 1354 441 1391 ἐπιτυχεῖν
470 1355 608 1392 ἄφιέμενον,

681 131 715 160 ΙΝ
731 131 760 162 S.
777 131 879 161 JOAN.
899 133 1150 162 DAMASCENUM.

1700 137 1752 164 858

927 197 993 230 tias,
1009 203 1138 233 quaeque
1156 194 1203 224 his
1229 195 1368 231 subjecta!
1395 196 1464 224 sunt
1491 197 1684 233 spectantque
1713 197 1753 226 ad

926 241 1044 270 tertiam
1053 241 1290 278 deterioremque
1301 240 1432 269 hominis
1446 243 1573 277 partem,
1588 242 1665 278 parti
1680 242 1752 271 sub-

925 286 1007 322 jiciat
1022 286 1136 314 meliori
1148 288 1238 322 atque
1257 285 1297 313 ad
1315 285 1463 314 diviniora
1480 286 1646 315 transferat.

961 331 1113 368 37.Atque
1143 330 1192 358 hic
1224 330 1350 358 fortasse
1365 330 1524 359 mirabitur
1539 331 1656 368 aliquis,
1677 339 1754 368 quo-

926 375 1018 404 modo
1031 375 1195 412 perfectum
1208 375 1272 410 jam
1286 374 1385 403 virum
1399 375 1507 404 docere
1529 377 1756 412 praesumpserit

928 428 1030 455 senex,
1049 423 1078 448 et
1094 421 1158 456 jam
1179 427 1333 448 summum
1348 419 1489 456 perficere
1509 420 1609 449 adhuc
1637 421 1754 456 magis;

927 465 1036 494 etenim
1049 473 1104 502 per
1117 466 1252 502 seipsum
1267 472 1397 500 magnus
1423 467 1486 493 erat
1508 466 1636 494 Joannes
1652 467 1755 502 utpote

926 511 1032 548 plenus
1062 511 1216 547 sapientia,
1253 512 1377 538 ornatus
1414 511 1521 538 virtute
1551 513 1579 539 et
1615 511 1754 548 utrinque

925 555 1103 584 venerabilis
1118 563 1211 592 quam
1220 555 1272 592 qui
1284 555 1424 583 maxime.
1439 557 1650 584 Verumtamen
1665 555 1755 592 adjici

926 607 1046 636 semper
1056 600 1169 636 aliquid
1184 601 1282 636 potest
1296 600 1335 627 ad
1351 599 1476 632 bonum,
1492 602 1521 628 et
1545 600 1674 636 perfecto
1689 608 1754 637 per-

925 644 1041 679 fectius,
1058 644 1203 680 praeclaro
1218 643 1391 680 praeclarius
1411 643 1570 672 invenitur.
1587 646 1650 673 Non
1665 645 1755 680 igitur

925 689 1127 724 incongruum
1141 689 1196 717 fuit
1209 688 1294 725 quod
1308 688 1435 725 simplex
1448 688 1497 716 hic
1512 696 1614 724 senex,
1629 689 1754 724 ignarus

925 732 1199 769 praeteritorum(ut
1217 732 1269 768 qui
1288 739 1324 760 ea
1353 740 1408 760 nec
1434 734 1581 761 scrutatus
1608 734 1671 761 erat
1696 732 1755 761 for-

926 779 1004 806 tasse
1023 785 1079 805 nec
1092 777 1166 805 scire
1181 777 1349 812 curaverat)
1363 777 1521 805 instituerit
1533 785 1613 813 eum,
1624 777 1705 806 velut
1717 785 1754 806 ex

924 821 1193 858 imperfectioribus
1204 821 1346 858 aliquem,
1358 822 1503 858 paulatim
1514 822 1554 850 ad
1563 822 1679 850 virtutis
1689 830 1754 860 per-

925 865 1083 894 fectionem
1098 866 1280 895 inducendo.
1295 866 1425 902 Castigat
1437 867 1538 903 itaque
1553 874 1660 895 sensus
1675 867 1752 902 ejus,

924 912 957 939 ut
970 912 1122 939 assuescat
1134 918 1231 947 neque
1244 910 1432 946 superﬂuum
1458 910 1558 939 videre
1585 911 1753 948 quidpiam,

924 962 979 983 nec
994 955 1172 984 deliciosum
1187 955 1300 991 audire,
1315 955 1372 983 nisi
1391 956 1441 984 Dei
1455 955 1502 984 vel
1520 963 1622 984 rerum
1637 955 1752 984 divina-

924 1007 992 1028 rum
1006 1007 1110 1034 causa,
1125 1007 1223 1036 neque
1237 1000 1315 1035 gulae
1334 999 1449 1036 aliquid
1463 999 1617 1035 indulgere
1631 1007 1684 1036 per
1698 1007 1754 1035 gu-

925 1045 1005 1072 stum
1015 1044 1175 1082 voluptatis
1185 1052 1275 1080 ergo:
1292 1044 1345 1072 sed
1364 1044 1463 1073 solum
1490 1044 1647 1073 comedere
1669 1043 1754 1081 quod

925 1088 966 1117 ad
979 1089 1123 1118 tuendam
1135 1089 1229 1118 vitam
1257 1090 1294 1118 sit
1321 1089 1405 1123 satis,
1432 1096 1599 1118 memorem
1622 1089 1753 1126 antiquae

926 1134 1183 1169 transgressionis,
1198 1136 1227 1162 et
1244 1134 1399 1170 quomodo
1415 1141 1468 1170 per
1487 1133 1588 1170 gulam
1614 1133 1755 1162 maximis

926 1178 1015 1207 bonis
1030 1178 1101 1207 olim
1114 1178 1321 1213 exciderimus;
1333 1179 1513 1214 cogitantem
1525 1179 1615 1207 etiam
1626 1178 1755 1206 sinceras

926 1222 1048 1252 alterius
1077 1223 1144 1252 vitae
1175 1223 1298 1252 delicias
1327 1223 1553 1260 ineffabilesque
1577 1224 1756 1260 voluptates.

928 1267 1051 1296 Vetabat
1065 1276 1188 1305 quoque
1198 1268 1246 1297 vel
1261 1276 1386 1297 manum
1400 1268 1559 1297 extendere
1588 1268 1756 1296 inconside-

926 1314 989 1340 rate
1002 1312 1049 1340 vel
1059 1312 1173 1349 aliquid
1187 1312 1277 1342 molle
1287 1313 1467 1348 contingere,
1493 1320 1555 1350 praa
1583 1312 1678 1341 oculis
1703 1313 1756 1341 ha—

927 1355 1049 1385 bentem
1063 1357 1182 1385 ruinam
1202 1357 1456 1394 protoplastorum
1467 1365 1503 1386 ex
1519 1357 1673 1386 audaciori
1684 1364 1755 1386 con-

58 1399 148 1426 tactu
161 1400 274 1426 natam.
289 1399 407 1438 Florum
421 1399 531 1428 deinde
545 1402 635 1437 atque
649 1402 873 1436 unguentorum
884 1399 991 1429 odores
1003 1401 1130 1436 jubebat
1148 1401 1298 1437 ablegare,
1328 1402 1392 1431 sola
1415 1404 1514 1430 mente
1541 1409 1660 1439 semper
1683 1401 1757 1431 olla-

60 1441 193 1470 cientem
209 1442 343 1478 paradisi
358 1443 566 1479 fragrantiam,
584 1447 674 1482 atque
683 1445 741 1474 hac
754 1445 814 1473 frui
825 1444 912 1473 unice
927 1446 1108 1482 cupientem.

101 1486 153 1516 λη’.
169 1489 218 1515 Καὶ
233 1490 310 1515 ταυτὶ
410 1491 469 1526 περὶ
506 1490 654 1522 αἰσθήσεως
693 1492 738 1517 καὶ
764 1489 871 1519 αἰσθητῑ

963 1492 1005 1519 38.
1019 1492 1052 1519 Et
1065 1490 1130 1519 haec
1141 1490 1264 1527 quidem
1279 1490 1359 1520 circa
1387 1499 1493 1519 sensus
1518 1499 1682 1527 eorumque
1707 1499 1755 1519 or-

61 1532 159 1568 ρίωνό
179 1534 273 1568 σεμνὸς
299 1532 392 1565 εκείνος
424 1535 505 1571 γέρων
534 1537 578 1561 καὶ
601 1538 747 1571 πρακτικῆς
772 1534 874 1571 φιλοσο-

63 1578 130 1612 φίας
150 1575 349 1609 ἕπηϐολὼτατος
367 1582 404 1614 τῷ
433 1579 466 1605 τὰ
496 1580 581 1605 πάντα
615 1580 661 1616 μὶν
690 1579 799 1615 εὖηκόῳ,
823 1578 873 1605 κὰκ

63 1622 164 1648 τοὺτου
194 1620 305 1658 ἀμαθίας
340 1623 422 1660 ἄκρας
460 1622 599 1660 ὑποκριτῇ,
637 1627 669 1660 τῇ
709 1622 736 1650 δ’
766 1623 874 1660 ἀληθείᾳ

65 1667 181 1702 θεωρίας
206 1666 272 1702 ὁμοῦ
290 1667 387 1699 τελείας
419 1670 465 1694 καὶ
497 1668 615 1706 πράξεως
645 1667 798 1705 ίπιμελητῇ,
831 1678 870 1695 σο-

64 1713 177 1746 φώτατα
193 1710 324 1747 ἐπέσκηψε
341 1713 458 1749 μαθητῇ·
480 1715 539 1750 περὶ
577 1711 606 1740 δι
639 1717 814 1750 φανταστικοῦ
846 1723 874 1740 τε

63 1758 113 1781 καὶ
131 1756 276 1791 φαντασίας
286 1760 331 1783 τοῦ
344 1758 493 1787 παθητικοῦ
509 1756 578 1787 δῆτα
608 1760 666 1789 νοὸς
698 1760 792 1792 όποία;
829 1758 872 1790 Ὠς

63 1800 126 1827 λίαν
139 1801 289 1837 θαυμαστὰ,
305 1804 349 1828 καὶ
361 1804 444 1838 μόνης
462 1807 510 1834 τῆς
538 1806 584 1830 τοῦ
617 1803 729 1840 μεγάλου
757 1803 873 1840 γλώττης

65 1843 189 1881 δεόμενα,
223 1850 269 1872 τοῦ
302 1848 517 1883 πρακτικωτάτου
552 1849 595 1874 καὶ
631 1849 871 1884 θεωρητικωτάτου,

64 1892 113 1916 καὶ
143 1893 175 1926 τῇ
207 1890 264 1917 κατ’
297 1892 374 1928 άμφω
401 1891 541 1929 φιλοσοφίᾳ
568 1892 694 1930 λαμπρῶς
719 1892 872 1929 ὑπερϐαλόν-

66 1944 113 1965 τος
129 1936 175 1961 καὶ
189 1936 249 1966 τοὺς
265 1939 309 1961 νῦν
329 1936 394 1972 ὁμοῦ
427 1939 471 1963 καὶ
505 1939 565 1967 τοὺς
595 1939 699 1964 πώποτε
715 1948 721 1954 ·
738 1935 828 1966 Μηδέν
847 1947 874 1964 τι

71 1978 187 2010 συνόλως
197 1983 247 2005 τῶν
262 1981 358 2016 γηίνων
385 1983 430 2007 καὶ
462 1979 568 2008 ὑλωόῶν
601 1984 788 2018 παρηγγὺησεν
814 1981 873 2008 ἀνα·

68 2024 218 2060 ματτισθαι
230 2034 236 2041 ·
253 2026 275 2051 εἲ
288 2034 315 2051 ει
329 2023 360 2052 δέ
373 2035 426 2056 πως
444 2028 487 2052 καὶ
520 2025 727 2053 ἰναπολέλειπταί
756 2027 781 2052 οἱ
813 2026 872 2053 ἁνα-

70 2068 238 2105 πολούμενον,
254 2069 392 2096 ἀποϐαλεῖν
405 2072 434 2096 τό
465 2071 548 2106 τάχος
583 2073 628 2097 καί
661 2069 873 2108 διακρούσασθαι

69 2114 160 2147 (τοῦτο
172 2115 221 2151 γὰρ
237 2117 282 2144 τῆς
296 2118 346 2140 τῶν
372 2115 552 2152 χθονιωτίρων
581 2118 723 2151 φαντασίας
748 2116 793 2142 καί
824 2117 873 2143 πά-

70 2160 115 2190 θος
133 2160 179 2184 καί
211 2159 348 2192 σύστασις,
383 2162 428 2186 καὶ
462 2164 510 2190 τῆς
540 2160 598 2186 κατ’
631 2162 713 2189 αὐτὴν
746 2159 910 2207 ἕνεργείαςῡ

68 2202 140 2230 τοῦτ’
160 2201 236 2234 αὖθις
256 2201 385 2238 διάλυσις)
399 2214 404 2220 ·
427 2206 492 2240 μόνα
513 2202 542 2231 δὲ
562 2205 739 2240 φαντάζεσθαι
758 2206 791 2231 τὰ
810 2206 872 2242 ὑπὲρ

67 2249 149 2284 ἡμᾶς,
209 2246 315 2274 κάκεῖνα
365 2249 425 2274 ὄντα
463 2246 582 2280 δοξάζειν
621 2250 656 2280 ὼς
710 2248 872 2282 ἁκιάπτωτα,

67 2292 191 2319 κάκείνων
216 2292 322 2329 ἒξαρτᾷν
349 2295 396 2322 τὴν
430 2291 559 2328 διάνοιαν,
586 2292 708 2320 κάκείνων
738 2293 872 2332 ὶπιστηρί-

68 2337 183 2368 ξεσθαιι
201 2336 232 2362 ἶν’
253 2339 322 2368 ὁπως
360 2336 388 2363 ἐκ
423 2341 469 2364 τοῦ
507 2336 618 2374 δυνάμει
648 2342 706 2364 νοῦν
735 2341 873 2375 πεφηνέναι

67 2382 180 2419 ἐνεργείᾳ
193 2383 274 2418 ταύτῃ
295 2386 355 2408 νοῦν
387 2381 525 2418 ἀποφήνειε
541 2393 548 2399 ·
582 2384 625 2409 τόν
658 2382 684 2409 δ’
715 2381 747 2410 αὖ
778 2383 871 2411 ἐντελε-

67 2428 130 2462 χείᾳ
145 2430 204 2452 νοῦν
224 2425 400 2463 ὶνεργίστερον
418 2431 510 2464 μακρῷ
530 2429 575 2454 καὶ
595 2428 730 2464 θειότερον,
761 2430 793 2459 ὡς
826 2430 870 2455 τὸν

67 2472 170 2503 νοητὸν,
206 2470 310 2507 ἀμέσως
347 2470 594 2508 ἀντιλαμϐάνεσθαι,
637 2471 707 2508 μηδέ
739 2483 789 2499 τινι
820 2477 870 2499 τῶν

67 2514 258 2552 ὑποδεεστέρων
291 2514 425 2552 δυνάμεων
458 2520 673 2553 κατασπώμενον,
706 2518 754 2547 τὰς
786 2516 869 2544 δ’ύπ’

68 2559 134 2596 αὐτῷ
167 2561 255 2591 πάσας
292 2559 429 2596 ἀνάγοντα,
463 2563 508 2587 καὶ
538 2563 603 2598 πρὸς
638 2561 727 2587 ἑαυτὸν
752 2561 867 2597 ἕλκοντα,

66 2606 108 2631 καὶ
125 2603 162 2631 δι’
177 2604 256 2631 αὐτοῦ
275 2606 317 2630 καὶ
332 2607 379 2631 σὺν
394 2603 464 2641 αὑτῷ
484 2607 549 2643 πρὸς
586 2607 650 2632 Θεὸν
682 2608 867 2644 μεταφέρονται,

926 1541 1005 1570 gana
1018 1535 1195 1564 venerabilis
1215 1535 1262 1564 ille
1293 1543 1385 1564 senex
1409 1538 1438 1564 et
1463 1535 1662 1572 philosophiae
1686 1543 1755 1571 pra-

926 1579 1007 1608 cticaa
1021 1580 1236 1608 scientissimus
1246 1580 1376 1609 docebat
1385 1579 1567 1617 discipulum
1586 1580 1626 1608 ad
1651 1579 1756 1608 omnia

925 1623 1240 1661 obsequentissimum,
1252 1626 1280 1653 et
1298 1625 1372 1653 dum
1385 1633 1538 1653 summam
1553 1624 1756 1660 ignorantiam

926 1668 1056 1702 simulat,
1068 1669 1192 1698 actionis
1206 1677 1292 1706 seque
1302 1677 1338 1697 ac
1364 1669 1575 1706 speculationis
1600 1669 1755 1706 perfectio-

926 1721 995 1742 nem
1007 1714 1111 1743 sedula
1125 1714 1318 1743 meditatione
1329 1717 1522 1743 consecutum
1535 1714 1756 1751 sapientissime

925 1758 1063 1789 docebat.
1080 1760 1149 1793 Quae
1165 1761 1265 1788 autem
1280 1759 1358 1788 circa
1372 1759 1565 1796 phantasiam
1576 1759 1756 1796 phantasia:-

925 1811 984 1839 que
1001 1803 1149 1832 obnoxias
1164 1804 1258 1832 animi
1270 1804 1424 1841 passiones
1441 1804 1643 1840 praecipiebat,
1655 1804 1756 1840 qualia

926 1847 1049 1876 demum
1062 1849 1170 1877 erant?
1186 1850 1257 1877 Vere
1272 1848 1462 1883 admiranda,
1478 1856 1607 1886 quaeque
1618 1851 1650 1876 ut
1662 1849 1755 1885 expli-

926 1892 987 1920 cari
1003 1893 1132 1929 possint,
1145 1896 1253 1928 egeant
1263 1893 1328 1929 ipsa
1343 1893 1446 1928 magni
1462 1893 1540 1921 illius
1560 1892 1614 1920 viri
1641 1892 1755 1927 lingua,

926 1939 1027 1972 utpote
1042 1937 1172 1974 in'praxi
1187 1946 1223 1966 ac
1237 1938 1352 1966 theoria
1366 1937 1487 1972 summi,
1501 1937 1532 1964 in
1565 1944 1661 1973 eaque
1687 1944 1755 1972 quae

926 1989 963 2009 ex
977 1981 1023 2009 his
1033 1982 1154 2010 duobus
1179 1982 1309 2017 exsurgit
1337 1981 1529 2019 philosophia
1560 1980 1755 2018 precellentis

925 2025 1082 2054 manifeste
1095 2027 1221 2062 cunctis,
1237 2027 1289 2063 qui
1305 2034 1340 2054 eo
1359 2028 1493 2062 tempore
1508 2028 1560 2054 aut
1586 2025 1675 2053 etiam
1704 2025 1756 2053 ali-

925 2070 1050 2107 quando
1066 2071 1247 2099 exstiterunt.
1262 2071 1431 2107 lmperabat
1440 2071 1559 2105 scilicet,
1570 2072 1756 2098 terrenarum

926 2118 1016 2151 atque
1030 2116 1227 2144 materialium
1248 2124 1347 2144 rerum
1364 2115 1437 2144 nulli
1452 2115 1576 2143 omnino
1591 2114 1757 2142 adverteret

927 2160 1072 2193 animum,
1088 2160 1187 2197 siquid
1210 2168 1281 2188 vero
1296 2160 1447 2196 ejusmodi
1461 2159 1610 2196 reliquum
1626 2159 1652 2187 ei
1667 2160 1754 2193 esset,

925 2205 956 2233 id
969 2205 1112 2233 continuo
1123 2207 1260 2233 enectum
1272 2206 1390 2241 ejiceret
1399 2208 1489 2241 atque
1518 2204 1689 2233 exturbaret
1714 2203 1756 2239 (in

926 2250 983 2278 hoc
994 2249 1073 2277 enim
1086 2249 1223 2277 consistit
1231 2249 1332 2286 passio
1349 2249 1525 2286 phantasia,
1537 2249 1616 2277 circa
1630 2256 1677 2276 res
1693 2254 1757 2276 ma‘

927 2295 971 2330 gis
982 2297 1113 2322 terrenas
1128 2294 1284 2329 versantis,
1300 2296 1328 2322 et
1341 2294 1399 2322 hoc
1412 2294 1550 2322 virtutem
1578 2293 1677 2322 eidem
1703 2293 1755 2321 ad-

926 2341 1096 2367 versantem
1110 2338 1267 2374 dissolvit),
1285 2338 1350 2367 sola
1359 2341 1460 2367 autem
1475 2346 1510 2367 ea
1521 2338 1683 2373 cogitando
1693 2337 1755 2365 vol-

926 2387 1015 2417 veret,
1032 2392 1100 2420 quae
1111 2391 1203 2420 supra
1219 2391 1274 2411 nos
1287 2386 1356 2412 sunt
1370 2386 1398 2412 et
1410 2392 1478 2420 qum
1490 2391 1558 2411 vere
1575 2383 1754 2418 subsistunt,

925 2432 958 2458 ut
972 2437 1041 2465 quae
1056 2428 1191 2456 excidere
1207 2431 1366 2465 nequeant,
1384 2429 1486 2463 magni
1497 2428 1625 2456 faceret:
1656 2428 1695 2456 ad
1719 2435 1756 2456 ea

925 2475 989 2502 sola
1004 2476 1133 2502 mentem
1154 2473 1297 2508 attollere,
1318 2474 1357 2501 ad
1379 2481 1414 2501 ea
1432 2472 1544 2501 conniti
1561 2472 1686 2508 jubebat
1701 2481 1707 2500 :
1724 2474 1756 2500 ut

924 2518 976 2555 qui
990 2525 1044 2554 per
1067 2518 1204 2545 virtutem
1229 2517 1325 2555 factus
1352 2525 1417 2545 esse
1443 2517 1565 2553 spiritus
1584 2516 1753 2549 videbatur,

923 2563 1021 2598 ipsam
1036 2570 1157 2598 quoque
1173 2562 1378 2599 operationem
1392 2561 1576 2597 spiritualem
1606 2562 1754 2588 monstra-

922 2609 966 2635 ret
978 2606 1174 2642 animumque
1194 2608 1232 2634 ad
1248 2606 1461 2643 perfectionem
1482 2607 1618 2634 evectum
1644 2604 1754 2632 imme—

66 2648 141 2677 diate
158 2648 330 2685 susciperet,
343 2648 540 2679 eiﬂeaciorem
557 2650 651 2678 multo
666 2652 756 2686 atque
770 2650 959 2685 diviniorem,
980 2653 1082 2687 utpote
1109 2650 1350 2685 intellectualem,
1381 2658 1479 2687 neque
1499 2649 1550 2677 ulli
1578 2648 1753 2676 interiorum

65 2693 239 2722 facultatum
251 2693 427 2728 obnoxium,
444 2693 498 2722 sed
518 2694 572 2722 has
588 2702 694 2723 omnes
710 2694 875 2724 elevautem
888 2698 978 2732 atque
994 2695 1160 2724 trahentem
1176 2695 1215 2724 ad
1230 2703 1271 2729 se,
1284 2698 1313 2724 et
1328 2703 1380 2732 per
1403 2703 1435 2723 se
1461 2702 1497 2724 ac
1527 2701 1631 2722 secum
1659 2695 1753 2720 trans-

64 2738 208 2766 ferentem
234 2738 274 2766 ad
286 2739 390 2766 Deum.

95 2782 134 2810 16‘
155 2784 207 2809 Kal
239 2786 323 2810 ταῦτα
354 2784 400 2819 μὶν
417 2783 522 2815 ὀκαλὸς
549 2786 632 2821 γέρων
661 2785 774 2813 ὑπέθηκε
808 2794 866 2811 νου-

957 2787 1001 2816 39.
1014 2785 1095 2815 Talia
1107 2785 1299 2814 venerandus
1314 2785 1362 2814 ille
1377 2792 1467 2814 senex
1481 2783 1645 2822 prudenter
1661 2784 1752 2819 atque
