1963 3084
807 106 1038 138 CONSTANTINI
1055 103 1292 139 ACROPOLITE.

1859 108 1921 136 860

211 171 333 201 cordate
343 171 524 207 suggerebat
533 171 770 208 injungebatque
780 179 834 199 suo
842 179 895 208 per
908 171 1036 206 gratiam
1051 193 1053 198 .

1106 175 1174 206 ιχῶς
1189 174 1233 198 καὶ
1247 171 1392 207 ἐπέσκηψεν
1413 171 1539 208 ἐμϐριθώς
1555 175 1590 206 τῷ
1621 172 1689 197 κατὰ
1723 171 1814 207 χάριν
1851 172 1922 205 υἱῷ,

211 215 284 249 ﬁlio,
300 215 367 244 licet
381 216 528 252 sapientia
552 224 628 245 cano
651 219 680 244 et
701 216 859 253 prudentia
886 216 958 249 seni,
986 216 1038 252 qui

212 257 325 294 alioqui
339 258 429 286 etiam
442 266 460 286 a
477 267 571 294 puero
587 259 724 287 virtutem
743 259 800 286 sibi
825 258 916 286 veluti
947 258 1036 286 colla-

211 305 350 331 ctaneam
366 306 395 331 et
410 303 521 339 ubique
536 303 714 332 familiarem
726 303 883 332 habuerat.
903 305 1038 339 Insuper,

212 355 250 376 ne
263 356 295 376 se
307 348 431 376 omnino
441 348 556 385 aliquid
570 356 636 376 esse
659 351 778 385 pii-taret
800 356 893 384 seque
917 350 1039 384 propter

213 391 390 429 eloquentiae
405 392 517 421 cultum
533 393 693 427 extolleret,
709 393 829 421 vetabat
848 392 924 420 illius
947 392 1039 421 ullam

215 437 278 465 sive
290 445 435 472 magnam
448 438 511 465 sive
521 445 647 473 parvam
667 438 814 466 rationem
830 437 952 469 habere,
987 437 1040 464 sed

214 481 295 509 foras
307 481 463 510 excludere
474 482 564 510 simul
578 490 613 510 ac
633 482 726 510 semel
755 481 904 519 quidquid
930 481 1040 509 didice-

215 528 262 554 rat
276 528 431 554 externum
443 529 532 562 atque
543 527 641 563 ipsam
652 527 740 554 etiam
757 526 933 554 memoriam
945 533 1041 562 quen-

215 572 280 598 tum
295 572 398 606 posset
416 570 571 599 eliminare
585 571 729 607 jubebat:
743 579 841 607 neque
863 570 959 598 solum
982 577 1042 598 non

215 614 405 650 permittebat
419 615 532 651 aliquid
546 623 705 644 numerose
724 623 917 652 componere,
934 614 977 642 vel
994 622 1044 642 en—

217 659 322 688 comiis
337 659 507 688 historiisve
522 660 687 688 scribendis
716 668 832 694 vacare,
868 659 921 688 sed
947 666 1045 695 neque

217 703 374 739 epistolam
387 704 502 732 mittere
517 706 658 732 notorum
687 704 784 732 alicui.
815 704 880 732 Scio
905 703 1045 739 equidem

216 747 282 776 haec
293 748 457 784 spiritualia
468 749 553 784 parvi
570 748 707 777 facienda
721 748 760 777 ab
775 748 930 785 imperitis,
959 747 1047 784 quasi

217 792 270 828 qui
283 792 320 820 de
335 793 484 829 mysteriis
498 793 663 829 disciplinae
690 801 807 821 arcanis
833 793 941 829 loquor
965 792 1047 828 apud

1091 220 1127 250 τῷ
1139 216 1218 252 πολιῷ
1231 218 1276 253 μὲν
1291 219 1337 246 τὴν
1361 219 1454 252 σοφίαν
1480 219 1522 242 καὶ
1553 215 1684 252 πρεσϐύτῃ
1721 218 1769 244 τὴν
1802 218 1924 252 φρόντ-

1094 261 1190 286 σιν·εἰ
1220 263 1262 286 καὶ
1295 261 1376 292 ὰλλως
1405 260 1431 287 ἐκ
1465 259 1559 291 παιδός
1589 262 1731 298 σύντροφον
1761 259 1828 296 εἶχε
1862 263 1920 288 τὴν

1092 304 1184 342 ἀρετὴν
1199 308 1244 332 καὶ
1264 304 1300 332 δι’
1319 305 1377 331 ὅλου
1406 304 1569 334 συνδίαιτον,
1599 307 1846 342 Προσεπιτούτοις,
1882 315 1922 340 μη

1091 351 1118 375 τί
1137 360 1190 381 πως
1210 351 1311 376 οῑεσθαι
1327 351 1479 386 τοπαράπαν
1508 350 1660 386 τυγχάνειν,
1694 350 1709 378 ἣ
1745 353 1816 385 γοῦν
1842 358 1925 377 τινος

1093 392 1120 420 in
1134 399 1182 425 τῆς
1196 399 1245 421 τῶν
1264 395 1346 431 λόγων
1365 396 1513 432 ὑπερφέρειν
1532 392 1705 427 παιδεύσεως,
1735 397 1809 430 μέγα
1846 403 1879 420 τε
1907 396 1921 423 ξ

1094 442 1186 476 μικρὸν
1201 441 1236 476 μὴ
1254 443 1352 476 φρονεῖν
1366 441 1408 466 ἐπὶ
1426 439 1514 475 λόγοις
1543 441 1572 464 τό
1606 439 1721 473 σύνολον,
1752 437 1813 464 ἀλλ’
1850 437 1925 464 ἀπο-

1096 484 1320 515 θέσθαικαθαπαξ
1335 484 1410 520 λόγον
1429 486 1472 509 τόν
1505 484 1622 520 θύραθεν,
1656 485 1701 509 καὶ
1727 485 1822 509 πάντα
1855 485 1923 520 τρὸ-

1095 537 1143 554 πον
1179 527 1379 564 ἀποπέμπεσθαι
1398 532 1488 554 τοῦτον
1525 531 1570 557 τῆς
1606 530 1709 564 μνήμης
1730 538 1736 544 ·

1097 573 1164 603 ὅπως
1200 572 1292 608 λόγους
1328 572 1465 603 πλατυκῶς
1517 572 1688 608 [πλιστικώς]

1098 619 1141 643 καὶ
1160 617 1298 653 ἐγκωμίοις
1318 618 1332 646 ἢ
1354 619 1398 643 καὶ
1423 617 1551 653 ἰοτορίαις
1577 616 1729 653 ἐπιχειρεῖν,
1757 616 1816 642 ἀλλ’
1851 615 1922 642 οὐδὲ

1099 666 1148 687 τῶν
1165 663 1282 690 συνήθων
1298 661 1453 688 ἐπιστέλλειν
1469 664 1528 688 τινί.
1557 659 1627 687 Οἶδα
1658 663 1702 697 μὲν
1729 664 1775 686 ουν
1807 662 1848 692 ὡς
1873 671 1920 697 μι-

1777 530 1830 553 καὶ
1861 527 1922 562 οὐχ

1741 573 1920 603 enarrabunt,

1100 707 1150 743 κρά
1164 710 1248 732 ταῦτα
1266 707 1410 742 νομισθιῖεν
1437 709 1492 736 τοῖς
1518 705 1646 742 ἀμυήτοις
1673 707 1703 734 τὴ
1733 705 1835 740 λογικὰ
1868 708 1919 731 καὶ

1100 752 1133 777 τὰ
1147 755 1193 781 τῆς
1212 749 1335 782 παιδεὶας
1355 750 1498 780 ἀτελέστοις
1515 750 1612 776 οὑτωσί
1641 759 1695 780 πως
1721 749 1788 786 ἐρεῖν
1819 750 1916 787 ὄργια,

1101 796 1168 821 ἔνθεν
1182 797 1226 821 καὶ
1241 795 1294 830 οὐχ
1310 796 1406 825 ἱκανοῖς
1419 793 1561 830 διαγνῶναι
1589 794 1642 820 οἷον
1669 804 1726 819 τινα
1759 796 1809 823 τὴν
1847 793 1918 822 ἡδο-

218 836 357 865 nondum
366 837 500 866 initiatos
512 847 520 873 ;
531 846 566 865 eo
576 838 658 874 quod
667 846 728 866 non
737 838 796 865 sint
807 837 868 874 apti
883 837 923 866 ad
939 843 1048 871 cogno-

1106 842 1147 868 μὴν
1169 840 1225 874 ἔχει
1243 842 1288 865 καὶ
1307 840 1393 865 ὁποῖον
1422 843 1467 869 τῆς
1494 836 1604 875 καρδίας
1631 837 1733 874 ἐμποιεῖ
1746 837 1917 873 πλατυσμὸν

219 881 375 916 scendum,
391 885 537 918 quantam
556 882 666 910 habeat
680 882 875 918 voluptatem,
888 883 1036 917 quantum

219 933 279 961 que
288 924 379 954 faciat
387 927 522 955 animum
536 927 654 955 dilatari
666 927 798 962 perfecta
822 926 974 962 expressio
1000 933 1049 953 co-

217 969 396 1005 gitationum
405 974 561 999 suarumet
570 974 780 1007 conceptuum,
792 970 898 998 mentis
911 971 1051 998 accurata

224 1014 434 1050 manifestatio,
450 1015 587 1052 Sedquid
603 1015 734 1043 dicerent
752 1015 802 1050 illi,
823 1014 947 1050 quando
963 1013 1049 1041 audi-

218 1059 285 1086 rent
295 1059 379 1095 quod
390 1059 480 1087 etiam
503 1059 714 1095 praescribatur
739 1058 892 1086 silentium
905 1060 933 1085 et
956 1057 1050 1085 omni-

220 1102 312 1131 moda
322 1103 432 1138 linguae
447 1103 634 1139 compressio
644 1103 816 1138 imperetur,
826 1102 867 1130 ita
879 1104 911 1130 ut
923 1109 978 1129 nec
994 1108 1049 1137 gry

219 1146 351 1182 proferre
364 1147 530 1182 discipulus
550 1147 672 1181 audeat,
690 1146 747 1174 nisi
766 1154 835 1174 cum
855 1154 874 1174 a
905 1145 1049 1180 magistro

218 1189 323 1225 jussus
337 1198 372 1218 ex
385 1190 496 1218 divinis
521 1191 606 1218 libris
629 1190 743 1226 aliquid
767 1190 870 1226 legerit
894 1190 933 1218 ad
958 1191 1051 1218 Deum

220 1234 447 1270 propitiandum
460 1235 725 1271 conﬁtendumque
736 1235 750 1262 ‘I

256 1280 300 1306 40.
317 1278 393 1311 Quid
408 1287 476 1307 vero
492 1280 636 1307 innocens
659 1279 706 1308 ille
731 1282 759 1307 et
778 1281 837 1307 Deo
861 1281 924 1307 tota
952 1281 1051 1307 mente

221 1323 341 1358 afﬁxus,
370 1323 454 1360 cujus
480 1332 532 1352 cor
558 1324 765 1353 rectitudinem
795 1331 914 1360 semper
939 1323 1050 1357 dilexit,

221 1368 376 1404 quomodo
391 1368 422 1396 in
435 1368 500 1397 istis
516 1377 547 1397 se
561 1368 677 1397 habet?
689 1370 764 1397 Num
777 1368 914 1402 labascit,
934 1370 1050 1396 tantum

221 1412 341 1448 pondus
350 1415 569 1449 praeceptorum
578 1413 745 1448 dedignaris
752 1413 823 1440 ?aut
838 1412 990 1440 sublevari
1001 1419 1051 1447 pe-

223 1456 264 1490 tit,
278 1464 316 1485 ne
330 1457 441 1485 scilicet
458 1458 488 1486 in
515 1457 661 1494 principio
688 1460 893 1493 praegravatus
915 1464 1052 1484 succum-

221 1500 298 1529 bat?
313 1501 414 1537 Longe
431 1502 510 1530 istud
534 1510 552 1530 a
572 1503 696 1531 Joanne.
726 1502 859 1530 Libenter
885 1504 993 1530 cuncta
1021 1501 1050 1528 in

220 1545 363 1574 humeros
383 1547 515 1583 suscipit,
537 1550 565 1575 et
601 1547 680 1575 viam
716 1547 795 1575 hanc
815 1554 883 1582 quae
915 1545 998 1573 ducit
1011 1545 1051 1573 ad

220 1591 314 1619 Deum
343 1599 488 1626 generose
513 1592 688 1627 ingreditur,
715 1599 768 1619 seu
794 1590 894 1627 potius
917 1589 957 1618 ad
984 1590 1049 1617 vitae

220 1635 396 1665 monasticaa
411 1636 541 1664 stadium
554 1636 690 1664 alacriter
713 1635 949 1672 percurrendum
970 1633 1049 1662 exui'

220 1683 278 1714 tur,
291 1683 319 1708 et
329 1687 390 1708 non
407 1681 504 1709 solum
515 1681 553 1709 ad
576 1680 780 1717 quintuplum,
808 1679 861 1708 sed
888 1679 927 1708 ab
950 1678 1048 1706 decies

220 1724 425 1760 millecuplum
440 1727 591 1753 certamen
605 1724 769 1759 inungitur.
787 1724 844 1752 Sed
859 1723 933 1751 forte
951 1730 1049 1751 susce-

221 1767 265 1803 pit
279 1775 432 1803 generose,
452 1768 535 1804 quod
556 1776 617 1796 non
633 1768 698 1796 tulit
717 1767 845 1799 fortiter;
866 1770 917 1795 aut
936 1767 1048 1802 ingres-

223 1819 274 1839 sus
284 1811 441 1848 intrepide,
455 1820 516 1840 non
536 1813 659 1840 certavit
679 1814 849 1839 constanter
862 1811 876 1839 ‘2
890 1811 973 1839 Absit
991 1811 1048 1839 hoc

222 1856 358 1889 omnino,
369 1856 455 1885 absit.
474 1859 537 1885 Non
558 1859 658 1885 tamen
677 1857 758 1884 velut
777 1856 867 1884 victor
884 1856 992 1892 aliquis
1019 1856 1049 1884 in

223 1900 415 1937 Olympiacis,
435 1902 562 1936 Nemeis,
579 1901 624 1929 vel
644 1900 791 1929 lsthmicis
811 1900 906 1928 viliter
925 1908 1050 1928 corona-

223 1947 270 1972 tus
284 1945 433 1981 apparuit,
450 1948 502 1973 aut
516 1948 548 1974 ut
564 1953 642 1973 unus
656 1953 758 1973 eorum
774 1945 827 1981 qui
847 1945 877 1972 in
907 1944 1051 1973 Panathe-

222 1989 296 2017 naais
311 1991 531 2026 prmvaluerunt
545 1997 657 2018 corona
671 1989 811 2024 oleagina
825 1989 983 2024 magnifice
1008 1996 1052 2016 re-

222 2034 341 2062 vinctus
355 2042 468 2070 comas,
490 2036 542 2062 aut
557 2034 677 2070 pineam
698 2034 846 2070 quatiens,
859 2041 954 2069 eoque
966 2033 1051 2061 vehe-

223 2080 337 2107 menter
355 2079 553 2113 intumecens,
569 2078 614 2106 vel
625 2078 716 2106 sacris
735 2077 918 2114 quibusdam
952 2076 1050 2113 pomis

223 2123 370 2159 (profanis
399 2123 498 2158 potius
530 2122 665 2156 dixerim)
699 2123 857 2158 gloriosus,
887 2121 1051 2149 ridentibus

223 2167 346 2203 quidem
362 2166 446 2195 illum
462 2166 702 2203 sapientioribus,
717 2167 816 2204 pueris
837 2175 907 2195 vero
927 2166 1052 2202 applau-

224 2211 366 2239 dentibns
386 2214 414 2239 et
437 2211 660 2239 succinentibus
683 2211 712 2239 in
735 2219 824 2239 scena
840 2211 985 2244 theatris;
1002 2212 1054 2238 aut

225 2255 310 2283 sicuti
326 2264 391 2284 sors
406 2255 503 2284 tulerit
521 2256 661 2284 inunctus
675 2259 703 2284 et
715 2256 971 2284 breviadmodum
983 2258 1053 2283 tem—

224 2307 297 2336 pore
325 2299 477 2335 laudatus,
507 2301 596 2337 idque
633 2300 704 2328 solis
730 2301 841 2329 fositan
873 2300 1053 2336 promiscum

224 2344 402 2373 conditionis
422 2345 515 2373 turbis
538 2353 574 2373 ac
591 2345 636 2373 vili
651 2345 808 2382 plebecula
823 2354 829 2372 :
847 2344 899 2372 sed
913 2344 984 2372 exiit
998 2351 1055 2371 cce-

223 2388 292 2417 litus
303 2392 473 2423 coronatus,
486 2390 599 2425 angelis
610 2394 638 2418 et
648 2390 789 2426 angelicis
800 2389 975 2417 hominibus
986 2396 1054 2416 cum

235 2434 433 2463 admiratione
448 2435 752 2471 circumstipantibus,
767 2433 969 2469 spectaculum
987 2440 1056 2460 vere

223 2477 376 2513 factus,uti
382 2479 515 2516 loquitur
523 2480 632 2507 Paulus
639 2481 649 2496 ¹
656 2480 708 2514 ',et
715 2477 829 2513 angelis
836 2480 864 2505 et
870 2477 1052 2513 hominibus,

223 2524 431 2561 visibilemque
447 2527 537 2561 atque
550 2524 733 2552 invisibiiem
752 2524 891 2550 naturam
912 2521 1054 2558 obstupe-

224 2568 349 2601 faciens.

261 2667 288 2684 ’-'
303 2668 313 2695 Ι
329 2668 434 2705 Conv,
456 2669 482 2695 9.

261 2738 317 2776 (17)
332 2739 450 2769 Festus:
470 2747 484 2764 ι
518 2736 706 2765 Pentathlum
743 2735 858 2772 antiqui
892 2735 1055 2771 quinquer-

224 2782 298 2815 tium
311 2782 473 2818 dixerunt:
494 2782 526 2811 id
546 2783 647 2816 autem
668 2788 764 2818 genus
779 2780 999 2817 exercitationis
1019 2788 1056 2817 ex

1103 885 1118 913 ὴ
1139 888 1187 910 τῶν
1207 881 1388 920 διανοημάτων
1421 885 1551 918 εὔστοχος
1570 884 1692 918 ἓκφανσις
1705 884 1750 907 καὶ
1782 886 1837 907 τῶν
1853 891 1917 909 νοη-

1104 929 1192 965 μάτων
1211 927 1320 964 ἀκριϐὴς
1350 927 1514 962 ἀνακάλυψις
1528 937 1534 944 ·
1551 926 1614 953 ἀλλά
1628 930 1654 952 τί
1680 926 1710 952 ἂν
1741 927 1766 952 οἱ
1791 929 1918 951 τοιοῦτοι

1104 976 1149 999 καὶ
1168 977 1239 1009 φαῖεν
1272 972 1439 1005 ἀκούσαντες,
1472 973 1506 1002 ὡς
1534 973 1579 997 καὶ
1609 974 1710 1000 σιωπὴν
1738 970 1915 1005 ἐπισκῆψαί,

1104 1020 1149 1044 καὶ
1184 1018 1270 1043 τελέαν
1306 1021 1351 1047 τῆς
1382 1016 1498 1052 γλώττης
1531 1018 1650 1051 κατοχὴν
1697 1015 1855 1048 ἐπιτάξαι-ι,
1877 1016 1915 1044 ὡς

1105 1060 1174 1098 μηδὲ
1193 1065 1252 1100 γρῦ,
1271 1063 1300 1088 τὸ
1325 1065 1370 1088 τοῦ
1398 1061 1486 1096 λόγου,
1514 1060 1610 1097 τολμᾷν
1637 1060 1810 1096 commeat.
1840 1058 1914 1088 ἐκτός

1106 1106 1127 1133 εἰ
1163 1109 1198 1142 μὴ
1237 1108 1302 1143 πρὸς
1335 1105 1412 1132 αὐτόν
1442 1107 1663 1141 προσταττόμενος
1694 1108 1744 1130 τῶν
1774 1104 1913 1140 Θιιοτέρων

1106 1150 1256 1186 ἁναγὲγοιτό
1288 1159 1347 1176 τινα
1384 1149 1482 1186 βίϐλων
1513 1152 1578 1187 πρὸς
1604 1148 1743 1184 ἱξιλασμὸν
1772 1151 1842 1174 Θεοῦ
1865 1150 1914 1172 καί

1106 1194 1313 1231 ὰνθομολὸγησιν
1330 1204 1336 1229 ς

1140 1283 1175 1320 μ’.
1190 1287 1221 1310 Τί
1238 1286 1321 1310 τοίνυν
1336 1284 1348 1310 ό
1361 1283 1448 1320 πραῢς
1464 1291 1471 1316 ;
1486 1284 1512 1308 τί
1538 1285 1622 1308 τοίνυν
1641 1282 1653 1307 ὁ
1672 1282 1771 1311 οἷκακος
1795 1282 1842 1306 καὶ
1873 1284 1911 1315 τῷ

1106 1332 1163 1363 Θεῷ
1174 1327 1264 1354 διόλου
1291 1327 1457 1362 κολλώπῑνος,
1488 1327 1566 1363 οὗπερ
1598 1326 1737 1355 εὖθύτητας
1769 1326 1911 1360 ἠγάπησεν

1105 1373 1120 1402 ἠ
1142 1371 1251 1409 καρδία,
1270 1377 1325 1402 πῶς
1344 1371 1386 1399 ἐπὶ
1394 1373 1512 1398 τουτοισὶ
1533 1369 1701 1403 dinumerat;
1721 1373 1784 1396 Μῶν
1797 1369 1910 1399 ὀκλάζει

1105 1421 1141 1452 τῷ
1156 1419 1272 1453 τοσούτῳ
1288 1416 1364 1454 βάρει
1393 1415 1634 1451 δυσανασχετήσας
1662 1419 1712 1440 τῶν
1740 1413 1848 1440 ἐντολῶν
1865 1422 1871 1446 ;
1890 1415 1905 1442 ἦ

1106 1464 1157 1498 μὴν
1172 1461 1341 1497 ἐπελαφρίσαι
1358 1461 1441 1494 ζητεῖ,
1458 1462 1492 1491 ὡς
1511 1459 1541 1485 ἂν
1569 1461 1606 1493 μὴ
1629 1459 1657 1484 ἐκ
1686 1461 1794 1494 πρώτης
1822 1457 1911 1494 βαρη-

1107 1507 1159 1536 Osi;
1178 1505 1314 1538 ἀναπέση;
1334 1505 1431 1532 Πολλοῦ
1450 1514 1478 1540 γε
1497 1506 1542 1530 καὶ
1562 1502 1602 1530 δεῖ
1619 1514 1624 1520 ·
1642 1503 1759 1539 εὐθύμως
1787 1505 1832 1528 καὶ
1858 1505 1909 1538 γὰρ

1105 1551 1149 1580 τάς
1177 1549 1280 1580 ἐντολὰς
1308 1549 1475 1586 ἐπωμίζεται,
1517 1551 1561 1574 καὶ
1601 1550 1724 1584 γενναίως
1759 1549 1807 1575 τὴν
1845 1549 1909 1583 πρὸς

1105 1596 1168 1621 Θεὸν
1184 1595 1281 1623 ταύτην
1306 1595 1422 1630 ἄγουσαν
1456 1595 1574 1626 εἴσεισιν,
1595 1592 1730 1628 εὐθαρσῶς
1755 1590 1785 1618 δὲ
1813 1591 1909 1627 μᾶλλον

1104 1639 1182 1665 εἰπεῖν
1211 1640 1277 1676 πρὸς
1303 1641 1330 1665 τό
1358 1643 1405 1669 τῆς
1436 1635 1583 1674 μοναδικῆς
1609 1635 1718 1663 στάδιον
1750 1634 1907 1668 ἀποδύεται,

1102 1686 1148 1710 καὶ
1159 1684 1211 1720 οὐχ
1226 1685 1267 1709 ὅτι
1279 1693 1309 1719 γε
1339 1683 1372 1713 εἰς
1398 1682 1537 1709 πένταθλον
1564 1681 1738 1717 ἑπαλείφεται,
1764 1680 1818 1706 ἀλλ’
1848 1679 1908 1708 ἁλη-

1104 1729 1154 1758 Gs);
1174 1727 1252 1754 εἰπεῖν
1278 1730 1312 1757 εἰς
1338 1726 1480 1764 μυρίαθλον
1505 1725 1642 1761 (17).’Δρ“
1675 1725 1720 1751 οὖν
1746 1723 1906 1760 ὑποδέχεται

1103 1774 1148 1809 μετ
1178 1772 1337 1809 θαρσαλέως,
1369 1771 1399 1797 οὖ
1426 1773 1495 1808 φέρει
1529 1769 1558 1797 δὴ
1586 1774 1738 1807 καρτερῶς·
1765 1770 1780 1798 ἠ
1812 1771 1902 1795 εἴσεισι

1103 1818 1148 1853 μὶν
1177 1815 1319 1850 ἁπτοήτως,
1344 1816 1374 1841 οὗ
1408 1815 1518 1852 στερρῶς
1547 1813 1577 1841 6“:
1609 1814 1818 1850 ἐπαγωνίζεται;
1848 1813 1901 1839 Οὐκ

1103 1862 1161 1887 ἔστι
1174 1865 1251 1887 τοῦτο
1267 1861 1355 1892 εἰπεῖν,
1376 1860 1423 1886 οὐκ
1437 1861 1518 1888 εστιν.
1533 1859 1634 1895 Ἀμέλει
1657 1868 1698 1884 τοι
1723 1861 1769 1884 καὶ
1794 1858 1845 1893 οὐχ
1869 1859 1901 1883 ὣς

1105 1905 1321 1941 Ὀλυμπιᾶσιν,ἣ
1338 1905 1362 1931 ἐν
1377 1905 1474 1940 Νεμέᾳ,
1506 1904 1520 1934 ἣ
1552 1904 1653 1939 Ἰσθμοῖ
1679 1905 1817 1933 νενικηκὼς
1843 1911 1901 1928 στε-

1105 1952 1211 1985 φανίτης
1239 1951 1418 1986 μικροπρεπὴς
1447 1947 1640 1981 ἀναδείκνυται,
1670 1949 1686 1976 ᾖ
1716 1949 1761 1973 καὶ
1790 1951 1838 1972 τῶν
1863 1956 1901 1976 τις

1105 1996 1302 2030 κεκρατηκότων
1326 1994 1359 2019 τὰ
1388 1994 1556 2022 ιιαναθήναια
1583 1992 1698 2028 στεφάνῳ
1725 1993 1798 2027 τάχα
1821 1996 1856 2027 τῷ
1875 1991 1901 2017 ἐκ

1105 2040 1209 2069 κοτίνης
1224 2041 1290 2074 μέγα
1304 2042 1390 2074 κομῶν
1417 2039 1432 2066 ἤ
1462 2036 1595 2063 ἀνασοϐῶν
1623 2038 1667 2062 τὸν
1696 2036 1723 2062 ἐκ
1747 2039 1835 2066 πίτυος
1861 2038 1900 2062 xui

1105 2083 1139 2108 τὰ
1150 2084 1264 2118 μέγιστοι
1278 2081 1510 2118 ἱπιϐρενθυόμενος,
1537 2081 1551 2110 ἦ
1580 2085 1642 2116 γοῦν
1675 2082 1751 2117 ἱεροῖς
1774 2090 1827 2106 τισι
1852 2083 1901 2116 μή-

1105 2126 1168 2159 λοις,
1195 2126 1289 2162 μᾶλλον
1313 2125 1338 2152 δ’
1367 2126 1478 2163 ἀνιέροις
1502 2125 1759 2163 περιθρυλλούμενος.
1786 2125 1834 2151 ὑπὸ
1859 2126 1900 2161 μὲν

1105 2174 1308 2208 νουνεχεστέρων
1340 2172 1392 2207 οὐχ
1430 2171 1506 2200 ἧττον
1541 2171 1729 2206 ἐμπαιζόμενος
1766 2171 1781 2199 ἡ
1816 2171 1900 2208 θριαμ-

1107 2216 1252 2252 ϐιυόμινος,
1278 2217 1327 2243 ὑπὸ
1355 2215 1384 2242 δὲ
1410 2214 1605 2252 παιδισκαρίων
1634 2214 1829 2252 περιϐοὼμενος,
1858 2217 1898 2240 καὶ

1107 2262 1162 2291 τόῖς
1175 2261 1203 2287 ἐκ
1216 2265 1262 2291 τῆς
1284 2264 1380 2290 σκηνῆς
1407 2261 1589 2296 συριττόμενος
1618 2262 1633 2288 ἧ
1668 2261 1712 2285 καὶ
1740 2263 1776 2294 τῷ
1809 2259 1834 2286 ἐκ
1859 2263 1899 2289 τῆς

1108 2307 1202 2342 μοίρας
1221 2304 1402 2341 ἀληλιμμένος,
1429 2306 1474 2330 καὶ
1506 2303 1597 2341 βραχὺ
1624 2308 1660 2339 τῷ
1688 2306 1776 2340 χρόνῳ
1802 2303 1899 2340 περιλαο

1108 2349 1237 2386 λούμενος,
1257 2352 1344 2387 μόνοις
1360 2359 1390 2385 γε
1417 2350 1489 2385 τάχα
1525 2352 1578 2379 τοῖς
1603 2353 1649 2378 τῆς
1681 2346 1796 2384 χυδαίας
1820 2349 1898 2384 τύχης

1109 2397 1154 2420 καὶ
1195 2396 1327 2432 σύρφακος
1343 2405 1349 2410 ·
1378 2393 1431 2420 ἀλλ’
1471 2394 1550 2424 ἔξεισι
1586 2395 1740 2429 στεφανίτης
1779 2392 1896 2428 οὐράνιος,

1110 2438 1225 2475 ἀγγέλοις
1245 2449 1271 2465 τε
1293 2441 1336 2464 καὶ
1365 2437 1512 2474 ἱσαγγέλοις
1536 2435 1650 2474 ἀνδράσι
1675 2437 1897 2474 περιστοιχιζόμε-

1109 2487 1152 2515 νός
1170 2493 1197 2510 τε
1220 2485 1266 2510 κάι
1295 2484 1498 2520 θαυμαζόμενος,
1530 2483 1635 2519 θέατρον
1661 2481 1762 2511 ἀληθῶς
1790 2491 1830 2506 ιαι

1108 2529 1192 2567 γέλοις
1220 2539 1263 2554 και
1297 2527 1451 2565 ἀνθρώποις,
1484 2528 1551 2552 κατὰ
1576 2528 1618 2552 τὸν
1642 2527 1769 2563 μακάριον
1798 2525 1894 2560 Παῦλον,

1108 2577 1260 2611 γενόμενος’
1277 2572 1425 2601 ἐκπλήττων
1453 2570 1575 2600 δηλονότι
1603 2580 1648 2597 κοιι
1672 2572 1720 2599 τὴν
1744 2570 1836 2606 όρατήν
1857 2571 1895 2606 φύ-

1110 2629 1151 2646 σιν
1163 2628 1208 2645 και
1222 2620 1270 2647 τὴν
1285 2617 1405 2654 ἀόρατον,

1110 2744 1155 2772 his
1162 2743 1298 2779 quinque
1307 2741 1423 2779 artibus
1431 2739 1600 2779 constabat,
1612 2740 1695 2767 laetu
1706 2737 1789 2772 disci,
1804 2745 1888 2772 cursu,

1110 2776 1196 2817 saltu,
1206 2776 1400 2822 iaculatione,
1415 2776 1586 2813 luctatione.
1599 2786 1613 2803 η
