1963 3084
36 132 105 162 801

89 196 148 231 μα’.
167 195 236 222 Ἀλλ’
249 195 303 222 ἐπεὶ
329 200 392 232 γοῦν
417 197 460 222 επὶ
485 199 568 223 πᾶσιν
599 197 697 223 οὑτωσί
721 196 815 223 τέλειον
845 198 858 222 ὁ
873 197 899 223 Α

43 239 185 278 ἐμϐριθὴς
213 240 308 272 ἐκεῖνος
347 240 491 272 intem-nim;
521 240 654 278 διέγνωκε,
695 244 742 271 τήν
772 244 859 268 ταπεί-

44 295 137 312 νωσιν
166 285 278 321 ὑψηλὸν,
306 288 350 315 τὴν
378 286 495 315 ὑπακοὴν
535 288 657 320 dux-rev,
694 291 739 317 τῆς
767 288 860 325 ἀρετῆς

46 329 171 367 ἐργάτην
198 330 419 366 ἀιατοιγώνιστον,
463 334 508 358 καὶ
551 332 672 363 καθάπαξ
708 335 760 362 τοῖς
792 331 860 362 ὅλοις

49 374 205 402 ἀποδεκτόν
228 387 234 392 ·
261 376 339 402 ἄλλον
380 378 476 413 τρόπον
515 377 745 413 ἁποπιιράσασθαι
785 379 860 403 ἔσχι-

50 430 132 453 πτοιι,
149 423 195 446 καὶ.
210 420 299 457 ἑτέρως
325 419 472 458 δοκιμάσαι
498 425 587 448 τοῦτον
617 421 795 458 βεϐούληται,
821 423 862 447 ἱνα

52 475 113 495 πως
130 463 224 498 ιὶδιίη,
245 464 292 491 κάν
320 469 376 496 τοῖς
403 469 532 501 γνωστοῖς
557 468 602 492 καί
628 467 766 495 συνήθεσιν
793 467 861 497 ὅπως

52 509 87 535 ἆν
105 511 135 535 τὸ
163 512 266 546 μέτριον
301 514 418 548 τηρῆσαι
445 508 571 540 δυνηθείη
600 513 644 537 καὶ
667 511 774 546 ἄτυφον.
801 510 862 536 Ὀτι

52 557 147 580 τοίνυν
168 556 271 590 συχνὰς
290 553 422 592 σπυρίδας
446 557 611 591 συναγαγὼν,
635 557 683 586 τὰς
706 557 751 591 μὲν
776 555 861 591 ἔγχει-

50 599 141 635 ρίζιι,
153 600 202 630 τοίς
219 597 245 625 δ’
273 599 408 635 ἕπωμίζιι,
425 599 468 630 Εἰς
495 601 634 636 Δαμασκὸν
659 601 746 630 πάσας
774 600 861 632 εἰπὼν,

52 643 147 676 won,
168 645 355 680 μετακομισον,
381 645 426 670 καὶ
450 645 577 670 τοσούτου
600 653 630 680 γε
655 644 768 673 ἑκάστην
797 644 862 670 ἁπο-

53 687 186 723 κὴρυξον,
209 689 367 725 ὑπερεκτιμᾷ
400 686 430 715 δὲ
457 690 491 714 τὰ
514 688 598 718 nis-dij
628 687 789 723 ἄξιπίτηδσς,
819 687 862 714 δο-

54 732 182 768 κιμάζων
199 731 248 758 κὰν
273 734 357 768 τούτῳ
371 735 419 762 τὴν
445 734 576 769 μαθητήν,
605 735 650 759 καὶ
676 735 739 769 πρὸς
767 733 863 759 τελείαν

52 777 201 812 γυμνάζων
227 780 318 803 τοῦτον
342 777 470 807 ὑποαοήν.
507 780 539 804 Τί
570 778 683 804 τοίνυνό
699 780 742 807 ι-ὴν
771 777 863 814 ἀρετὴν

53 822 151 858 οἰχρος,
166 823 214 851 τὴν
240 820 266 848 δ’
295 822 412 852 vnalem
443 821 645 859 ὰπαράμιλλος;
666 822 724 860 Ἆρ’
750 821 863 848 ἀναϐάλ-

52 866 151 899 λεται;
179 870 234 902 μῶν
254 864 455 900 ἁποδυσπιτιῖ;
483 868 498 897 ἦ
515 877 573 893 τινα
598 870 660 903 γοῦν
686 865 864 903 δυσαριστίας
880 873 900 900 Β

54 911 174 946 ἔμφασιν
190 909 386 945 ύποδείχνυται,
411 912 443 941 ὧς
471 921 512 942 τις
533 911 563 937 ἂν
589 911 641 947 οὐχ
667 911 707 937 ὃτι
733 915 782 936 τῶν
805 910 863 936 κατ’

55 955 141 981 αὐτὸν
168 957 300 991 μεγίστων
328 956 362 982 τὰ
388 956 444 983 θεῖα
476 958 521 982 καὶ
545 955 660 992 μεγαλων
687 955 864 989 τάνθρώπινα,

56 999 128 1025 ἀλλά
151 1001 262 1025 καὶτῶν
288 1000 386 1036 θατέρῳ
406 1000 520 1037 ὁποτέρῳ
534 1010 564 1036 γι
590 1002 686 1026 τούτων
712 1002 757 1026 καὶ
789 1002 866 1036 φαίης

55 1043 194 1079 ἐπιφανῶν
212 1052 219 1076 ;
238 1045 287 1069 Καὶ
308 1048 364 1075 πῶς
379 1053 386 1078 ;
402 1044 446 1076 Ὡς
474 1044 514 1071 ἐπ’
542 1044 677 1081 εὐεργεσίᾳ
699 1043 863 1080 καλούμενος,

57 1088 206 1124 προθύμως
226 1088 291 1123 οἷγαν
307 1087 385 1124 ἐξῄει,
412 1091 457 1114 καὶ
483 1091 530 1115 σὺν
560 1087 663 1124 σπονδῇ
694 1093 741 1119 τῆς
759 1086 864 1115 ὁδοιπο-

56 1135 119 1169 ρίας
145 1132 243 1168 ἥψατο,
281 1134 313 1163 ὡς
339 1133 369 1159 ἂν
396 1133 419 1160 αἱ
442 1136 508 1170 πρὸς
537 1134 657 1170 λαμπρὰν
679 1133 794 1169 ἀπήγετο
819 1136 866 1162 τὴν

58 1175 208 1211 ἀνάδειξιν,
241 1179 286 1203 καὶ
325 1177 361 1209 ti;
403 1177 530 1215 Θρίαμϐον
564 1178 726 1215 μιτικαλιίτο
767 1179 866 1214 παγχό-

63 1231 154 1257 σμιον.
181 1220 289 1251 Ἐπειδή
313 1220 343 1248 δὲ
375 1225 420 1248 καὶ
448 1223 531 1259 ιὶσῄιι
552 1225 598 1252 τὴν
622 1224 772 1259 Δαμασκὸν,
802 1232 869 1248 πενι-

61 1268 144 1303 χρός,
176 1267 294 1303 πιναρὸς,
320 1265 434 1303 μηδενὸς
467 1267 494 1293 ἔκ
520 1272 567 1298 τῆς
597 1266 721 1297 ἀναϐολῆς
746 1267 827 1300 ἄξιος,
854 1267 867 1292 ὁ

64 1313 131 1340 τέως
163 1310 285 1337 πλιίστου
313 1315 368 1342 τοῖς
391 1315 458 1338 πᾶσι
485 1314 530 1339 καὶ
558 1315 701 1348 τιμώμενος
724 1314 770 1338 καὶ
797 1321 867 1348 πιρι-

63 1354 232 1391 ϐλεπόμενος,
265 1359 310 1382 καὶ
342 1358 413 1392 παρὰ
447 1359 494 1386 τὴν
521 1356 618 1394 ἀγορὰν
638 1359 747 1392 γένοιτο,
777 1356 868 1392 ἐγκαλ-

61 1400 215 1435 λωπίσματι
247 1401 388 1437 καθαπερεὶ
427 1402 617 1438 περιτιθέμενος
649 1403 694 1432 τὰς
723 1399 867 1438 σπυρίδας,

63 1444 224 1481 ἀπεμπολᾶν
250 1455 277 1472 τι
317 1445 452 1481 ἀνεϐόησε,
488 1449 532 1473 καὶ
560 1448 623 1473 ὅσον
655 1456 683 1482 γι
703 1444 868 1472 ἀποδίδωσιν

61 1489 179 1518 ἑκάστην
203 1489 435 1526 προσιπεδήλωσιν
457 1502 463 1508 ·
495 1490 525 1521 ἦν
554 1490 593 1524 δὲ,
621 1493 655 1522 ὡς
677 1491 705 1517 ἐκ
733 1495 778 1517 τοῦ
808 1500 869 1516 σνν-

61 1535 146 1565 ἦθους
165 1538 216 1565 πᾶς
230 1535 312 1565 τιςᾶν
335 1540 384 1562 τῶν
413 1535 549 1574 ἐγχωρίων
577 1535 702 1571 ἄπόκρινε,
725 1535 810 1562 πλεῖον
840 1537 869 1562 τὸ
884 1549 905 1577 Ε

63 1582 170 1616 τίμημα
198 1580 259 1606 καθ’
297 1580 440 1617 ὑπερϐολὴν
473 1581 589 1608 ἁπαιτῶν
616 1581 715 1617 χλεύης
736 1585 791 1611 τοῖς
815 1591 869 1606 πα-

64 1627 234 1661 ρατυχοῦσιν
253 1624 355 1662 ἀφορμὴ
372 1627 417 1652 καὶ
430 1625 540 1661 γέλωτος
553 1628 666 1662 γίνεται.
688 1625 718 1652 '0
741 1627 786 1662 μὲν
813 1625 868 1658 οὖν,

65 1671 98 1695 Τί
126 1668 226 1705 ληρεῖς,
262 1670 382 1706 ἔφασκεν,
410 1671 528 1707 ἄνθρωπε
554 1679 561 1704 ς
587 1671 600 1696 ὁ
625 1669 665 1701 δι,
694 1673 866 1708 Παραπαίεις,

66 1714 172 1744 καὶτὰς
197 1716 286 1750 φρένας
314 1714 454 1750 ἐγκίκοψαι
470 1725 476 1731 ·
491 1714 566 1746 ala;
589 1713 614 1741 δ’
638 1714 699 1741 ἄλλο
722 1725 748 1741 τι
777 1714 868 1740 ἐπετώ-

68 1758 146 1789 θαζιν
160 1757 264 1784 ἄλλοθιν
283 1769 289 1775 -
314 1760 375 1785 ενιοι
396 1758 427 1786 δέ
454 1761 479 1785 οἱ
506 1762 551 1786 καὶ
576 1758 717 1790 κονδύλους
740 1758 869 1792 ὶνέτιινον,

67 1804 114 1828 καὶ
128 1803 198 1828 κατὰ
213 1802 309 1840 κὸῤῥης
333 1802 476 1837 ἐνέπαιζον,
507 1803 592 1834 εἰωθὸς
608 1803 634 1829 ὃν
657 1807 713 1834 τοῖς
737 1803 869 1840 ἀγοραίοις

67 1850 144 1873 -οῡτο
158 1849 204 1873 καὶ
233 1846 359 1883 ξύγκλυσι
377 1859 383 1864 ·

69 1893 144 1926 σθαι,

413 1852 464 1874 τῶν
488 1848 660 1885 ιῦηθιστίρων
688 1849 870 1884 κατειρωνεύε-

183 1893 391 1928 χαταμωκᾶσθοιί
432 1902 460 1919 τι
491 1897 541 1919 τῶν
578 1895 808 1929 παρατιτραμένων
840 1894 869 1918 τὸ

68 1938 200 1974 φρόνημα,
221 1938 330 1962 καὶτῶν
352 1936 419 1964 οὕτω
449 1937 590 1974 λεγομένων
626 1937 796 1974 κρονολήρων,
821 1941 869 1963 τῶν

66 1980 335 2018 παρασισαλινμένων
367 1979 471 2011 δηλαδὴ
520 1983 733 2019 κατεπαίρισθαι,
771 1986 806 2017 τῷ
843 1991 870 2007 τι

67 2029 115 2056 ’ῆς
129 2024 226 2060 ψυχῆς
238 2023 389 2062 ἀλογωτίρῳ
404 2023 618 2062 ἔπιιδιαχεῖσθαί
633 2035 719 2062 σφισι,
749 2028 793 2052 καὶ
817 2026 869 2062 οὐχ

65 2070 150 2105 ὀτιγι
164 2071 233 2105 μυσὶ
262 2071 307 2095 καὶ
326 2071 425 2106 νεύροις
454 2070 591 2097 ἐκλύεσθαι
619 2073 663 2097 καὶ
691 2071 792 2096 ἄτακτα
815 2080 870 2102 πως

67 2113 268 2149 ὶπιχαγχαζιιν,
295 2115 327 2143 ὡς
357 2113 487 2144 ἀπονίζειν
516 2113 678 2152 χαὶδάχρυα
711 2123 717 2129 ·
746 2114 798 2141 ἀλλ’
827 2116 869 2141 ἑπ-

67 2160 169 2195 αφιίναι
196 2159 298 2190 τούτοις
323 2161 368 2184 καὶ
401 2162 502 2196 χεῖρας,
541 2162 586 2185 καὶ
613 2160 733 2197 ῥαπίςιιν
765 2159 869 2194 ὰνίτως,

66 2206 110 2230 καὶ
125 2202 216 2234 ἁπλῶς
230 2205 277 2232 τὴν
307 2202 457 2239 ἀποτυχίαν
483 2199 641 2235 ὁίοιπαιίζιιν⁴
664 2209 712 2236 τῆς
738 2206 838 2240 φύσεως
853 2205 868 2234 ἦ

66 2252 112 2278 τὴν
126 2252 174 2279 τῆς
185 2245 392 2284 διοργανὼσιως,
409 2250 459 2286 εἴγε
482 2247 516 2278 δὴ
532 2252 577 2276 καὶ.
597 2254 672 2276 τούτο
697 2251 777 2286 τύχοι
806 2259 871 2286 συμ-

67 2295 157 2328 πεσὸν,
173 2291 318 2330 ἄμϐλωσιν.

101 2407 163 2444 [ιβ’.
178 2407 234 2444 Ἐφ’
251 2408 338 2434 ἱκανὸν
352 2409 398 2444 μὶν
424 2405 468 2434 οὖν
496 2408 510 2434 ὁ
539 2406 749 2438 σπουδαιότατος
768 2408 870 2434 ἐνεπαί-

68 2453 136 2487 ζιτο,
165 2455 209 2478 καί
233 2452 247 2478 ὁ
275 2453 309 2478 τά
331 2453 416 2478 πάντα
438 2455 548 2489 κόσμιος
574 2453 642 2479 ἔνθεν
665 2452 781 2480 κάκεῖθεν
808 2451 869 2480 διω-

68 2499 136 2524 θεῖτο
159 2506 188 2523 τι
219 2499 264 2523 χαὶ
307 2496 434 2524 ὰπωθιίτο
473 2499 518 2524 καὶ
546 2497 704 2534 παραλόγως
732 2498 868 2532 ὠστὶζιτο,

68 2542 163 2580 μᾶλλον
182 2540 208 2568 δ’
225 2542 301 2573 αὐτὸς
325 2543 369 2568 τὸν
394 2541 504 2580 ἀόρατον
534 2543 659 2579 tudo-7th
685 2541 800 2579 δυσμενῆ
829 2553 836 2560 ο
857 2545 870 2570 ὁ

68 2590 111 2625 μὲν
132 2589 185 2623 γὰρ
222 2590 268 2613 τοῦ
313 2588 443 2613 Δισπότον
479 2587 666 2624 τραχηλιάσας
691 2587 801 2619 thum;
827 2590 870 2614 πί-

68 2641 167 2659 πτωιαν
184 2642 191 2648 ·
208 2632 221 2657 ὁ
238 2629 263 2658 δ’
279 2631 377 2658 οὕτωσὶ
402 2633 546 2669 μετριάσας
572 2634 617 2658 καὶ
641 2632 676 2664 si;
691 2630 799 2659 τοσόνδε
826 2641 870 2658 τα-

70 2679 199 2707 πεινώσας
211 2677 291 2702 αὑτὸν
316 2675 352 2706 αἱς
375 2676 497 2712 οὐρανοὺς
521 2676 613 2707 αὐτοὺς
638 2677 761 2714 πέφθακε,
783 2678 872 2712 θαῦμα

70 2724 112 2748 καὶ
143 2721 234 2751 αὐτοῖς
260 2719 379 2756 ἀγγέλοις
418 2723 562 2757 γενόμινος.
604 2721 669 2748 Ἀλλ’
699 2721 746 2757 ὀψὲ
774 2719 871 2750 δήποτ(

71 2771 118 2793 τῶν
136 2764 220 2792 πάλαι
235 2774 277 2795 τις
300 2764 412 2800 οἰκετῶν,
441 2763 531 2792 ἐνιδὼν
554 2767 638 2802 τούτῳ
664 2769 869 2804 πιριιργότιρον,

71 2815 114 2839 ut
135 2811 183 2841 τὰς
209 2808 281 2846 ἅψας
305 2808 405 2846 ἐρείσας
433 2808 629 2848 ἕπιμονώτιρον,
657 2815 748 2842 τοῦτον
776 2811 870 2841 intra»

658 133 695 161 IN
715 133 743 162 S.
762 132 862 162 JOAN.
880 130 1130 163 DAMASCENUH.

1687 128 1740 163 ΜΞ

951 198 993 225 lit.
1011 198 1085 225 Cum
1093 205 1165 232 ergo
1181 197 1281 232 gravis
1297 197 1345 225 ille
1355 197 1497 232 magister
1506 197 1644 231 cognovit
1651 197 1739 226 Joan-

914 248 984 269 nem
996 240 1161 270 humilitate
1177 241 1349 276 sublimem,
1363 241 1533 270 obedientia
1546 241 1740 276 morigerum,

915 286 1030 314 virtutis
1047 287 1257 314 exercitatione
1277 286 1503 321 infatigabilem,
1538 286 1680 322 omnique
1705 294 1741 314 ex

916 333 999 367 parte
1014 331 1182 367 probatum,
1195 331 1346 359 adinvenit
1356 331 1482 359 modum
1493 331 1585 359 alium
1601 338 1662 366 quo
1673 338 1743 358 eum

915 377 1042 403 tentaret
1058 385 1064 404 :
1081 376 1166 404 aliter
1180 376 1259 404 enim
1276 376 1375 404 adhuc
1390 375 1583 412 probandum
1616 375 1742 408 censuit,

918 421 950 446 ut
963 419 1085 451 videret,
1101 423 1200 448 utrum
1216 422 1244 448 et
1257 419 1412 456 quomodo
1438 420 1528 448 etiam
1555 419 1630 447 inter
1656 421 1744 446 notos

917 463 1137 500 familiaresque
1151 468 1252 501 posset
1266 465 1404 492 eamdem
1418 464 1572 492 modestiae
1588 463 1743 492 mediocri-

917 509 1008 536 tatem
1028 511 1138 536 tenere.
1159 509 1311 544 Sportulas
1332 509 1432 545 itaque
1455 508 1565 536 multas
1590 507 1743 542 colligens,

917 560 1028 589 easque
1043 554 1152 589 partim
1168 554 1302 581 humeris
1318 554 1380 589 ejus
1396 554 1566 589 imponens,
1588 552 1697 589 partim
1713 551 1744 579 in

917 605 1029 626 manus
1044 598 1176 629 tradens,
1192 600 1373 626 Damascum
1401 598 1477 626 ferre
1505 605 1610 625 omnes
1636 597 1743 632 jussit:

917 643 1020 675 Tanto,
1029 641 1179 678 inquiens,
1189 642 1311 670 venales
1321 641 1576 678 oﬁ‘eres,-—idque
1592 645 1680 669 aucto
1691 641 1743 668 im-

918 685 1035 714 modice
1047 693 1147 714 rerum
1163 689 1224 714 tam
1240 686 1343 714 vilium
1356 686 1460 723 pretio,
1476 689 1507 714 ut
1521 685 1566 714 vel
1589 686 1631 713 sic
1658 693 1745 721 expe-

918 731 1024 758 riretur
1038 731 1218 767 discipulum
1235 739 1325 759 suum
1342 734 1432 768 atque
1447 731 1486 759 ad
1501 733 1745 758 consummatam

919 775 1120 803 obedientiam
1136 779 1293 804 exerceret.
1321 776 1397 808 Quid
1423 783 1513 811 porro
1526 775 1667 810 Joannes,
1688 774 1746 802 vir-

919 821 980 848 tute
994 827 1142 854 summus,
1154 820 1324 848 obedientia
1333 819 1578 857 incomparabilis
1594 820 1607 848 ?
1619 822 1661 847 An
1673 826 1744 847 cun-

919 866 1016 892 ctatus
1028 867 1071 892 est
1086 864 1132 892 vel
1147 864 1270 892 affectus
1292 864 1388 898 taedio,
1416 868 1468 892 aut
1494 864 1618 901 aliquod
1645 863 1746 899 displi-

920 909 1024 937 centias
1056 910 1175 944 signum
1203 909 1343 942 ostendit,
1373 912 1405 937 ut
1418 909 1494 937 alius
1522 908 1622 936 forsan
1637 908 1745 936 faceret

920 953 1020 980 minus
1034 961 1127 989 quam
1140 953 1187 981 ille
1202 954 1231 982 in
1243 954 1334 982 rebus
1347 954 1456 981 divinis
1471 953 1669 988 humanisque
1683 960 1745 980 ma-

921 1005 1011 1034 gnus,
1026 1002 1076 1027 aut
1092 999 1180 1027 etiam
1190 999 1338 1027 alterutris
1353 999 1500 1026 duntaxat
1511 997 1630 1025 illustris
1641 998 1656 1025 ‘I
1671 998 1747 1030 Quo-

921 1043 1012 1071 modo
1032 1044 1156 1071 autem?
1169 1045 1324 1080 Tanquam
1348 1045 1472 1071 vocatus
1499 1042 1538 1070 ad
1566 1041 1746 1070 beneficium

921 1087 1125 1123 recipiendum
1139 1088 1229 1116 exivit
1241 1096 1334 1124 quam
1350 1086 1583 1124 promptissime,
1595 1087 1623 1114 et
1635 1093 1747 1120 magno

922 1140 992 1160 cum
1012 1132 1110 1160 studio
1125 1133 1156 1160 in
1169 1133 1248 1160 viam
1265 1141 1296 1160 se
1308 1132 1402 1166 dedit,
1429 1131 1510 1160 velut
1533 1131 1557 1159 si
1585 1131 1748 1158 mitteretur

922 1176 961 1204 ad
973 1177 1120 1213 illustrem
1147 1178 1192 1204 sui
1219 1177 1448 1205 ostentationem
1472 1178 1562 1212 atque
1586 1175 1623 1203 ad
1648 1175 1750 1203 trium-

922 1221 1017 1257 phum
1033 1221 1268 1257 pulcherrimum
1291 1221 1474 1249 invitaretur.
1503 1222 1658 1256 Ingressus
1677 1227 1749 1247 vero

924 1267 1115 1299 Damascum,
1131 1274 1257 1303 panper,
1268 1266 1420 1294 obsoletus
1431 1268 1459 1294 et
1481 1268 1629 1302 quantum
1642 1273 1678 1292 ex
1699 1263 1750 1292 ha~

922 1310 988 1338 bitu
998 1310 1133 1346 dignosci
1148 1314 1274 1347 poterat,
1290 1311 1414 1339 omnino
1427 1309 1670 1346 contemptibilis,
1697 1308 1750 1345 qui

923 1355 1039 1390 pridem
1052 1355 1093 1383 ab
1105 1355 1246 1383 omnibus
1269 1356 1475 1383 honorabatur
1489 1357 1518 1382 et
1530 1353 1749 1390 circumspicie-

923 1399 1021 1432 batur,
1038 1407 1108 1427 mox
1132 1403 1164 1427 ut
1191 1400 1290 1428 forum
1313 1399 1442 1431 intravit,
1470 1399 1578 1435 sportis
1604 1401 1749 1434 tanquam

924 1447 1102 1472 ornamento
1115 1444 1224 1479 insigni
1243 1444 1480 1477 circumcinctus,
1494 1443 1671 1471 convocavit
1691 1445 1750 1470 tur-

924 1488 1007 1521 bam,
1021 1491 1050 1516 et
1072 1489 1177 1525 quanti
1196 1489 1337 1517 venderet
1361 1488 1494 1523 singulas
1509 1487 1671 1515 indicavit:
1687 1488 1749 1514 erat

925 1535 1035 1567 autem,
1046 1533 1305 1569 quemadmodum
1316 1532 1481 1560 incolarum
1497 1531 1622 1568 quilibet
1633 1530 1748 1566 judica-

923 1577 1006 1611 bant,
1021 1580 1128 1614 pmter
1142 1585 1257 1606 morem
1267 1577 1438 1605 exorbitans
1451 1576 1589 1612 pretium,
1606 1575 1692 1610 cujus
1701 1582 1752 1610 pe-

925 1623 987 1650 titio
1000 1622 1229 1650 advenientibus
1241 1621 1382 1650 omnibus
1395 1621 1472 1649 risus
1494 1623 1522 1648 et
1540 1619 1678 1647 cachinni
1702 1626 1750 1646 oc-

925 1667 1078 1695 casionem
1091 1667 1257 1704 praebebat.
1271 1667 1370 1701 igitur,
1383 1665 1460 1699 Quid
1470 1665 1579 1693 deliras
1588 1664 1602 1691 ?
1617 1671 1635 1692 ο
1645 1663 1748 1698 homo,

925 1711 1080 1748 inquiebat
1095 1720 1192 1740 unus:
1209 1712 1294 1747 alius,
1325 1710 1451 1745 Nugaris
1470 1713 1499 1738 et
1518 1710 1618 1738 mente
1644 1710 1750 1744 captus

924 1756 1034 1784 videris
1046 1766 1054 1791 ;
1068 1757 1172 1785 tertius
1183 1756 1265 1785 aliud
1279 1756 1436 1792 quidpiam
1462 1755 1489 1782 ei
1499 1753 1660 1790 objiciebat
1670 1762 1679 1788 ;
1695 1759 1751 1780 nec

924 1800 1048 1829 deerant
1059 1801 1112 1838 qui
1126 1801 1270 1838 colaphos
1282 1801 1309 1829 ei
1323 1800 1500 1836 inﬂigereut,
1516 1801 1568 1827 aut
1590 1799 1621 1826 in
1643 1797 1749 1825 faciem

924 1846 1074 1874 caaderent
1088 1856 1095 1880 ;
1111 1845 1372 1883 quemadmodum
1391 1845 1454 1873 ﬁeri
1469 1843 1578 1872 assolet
1592 1843 1621 1871 in
1640 1841 1751 1878 promi-

926 1898 1000 1918 scua
1010 1890 1065 1918 fori
1079 1891 1176 1926 plebe,
1189 1891 1382 1918 utrideantur
1390 1889 1498 1921 stolidi,
1515 1890 1544 1916 et
1557 1886 1680 1915 cerebro
1689 1885 1751 1914 laesi

925 1935 1054 1963 ludibrio
1070 1935 1249 1964 habeantur.
1262 1936 1303 1963 Ita
1314 1937 1418 1963 contra
1435 1934 1500 1970 jam
1515 1932 1631 1970 pridem
1645 1931 1751 1959 stultos

925 1982 1015 2016 atque
1034 1979 1143 2008 deliros
1162 1980 1326 2015 insurgitur
1347 1979 1460 2015 passim
1475 1981 1521 2011 ;et
1539 1976 1645 2012 judicii
1658 1975 1753 2003 imbe-

925 2025 1042 2058 cillitas,
1058 2024 1186 2053 naturali
1202 2032 1364 2053 nervorum
1379 2023 1646 2058 musculorumque
1658 2020 1751 2048 disso-

925 2069 1029 2097 lutioni
1043 2069 1232 2105 imputanda,
1247 2069 1386 2097 tribuitur
1401 2067 1473 2104 ipsis
1498 2074 1576 2102 sape
1595 2073 1665 2093 cum
1689 2063 1750 2091 risu

925 2117 987 2142 tam
1003 2114 1110 2149 effuso,
1128 2116 1160 2141 ut
1171 2113 1312 2149 lacrymaa
1329 2112 1367 2140 ab
1396 2112 1490 2140 oculis
1519 2110 1726 2146 exprimantur
1742 2115 1749 2135 :

925 2159 998 2195 quin
1014 2158 1104 2186 etiam
1125 2157 1270 2192 contingit
1292 2160 1324 2185 ut
1356 2157 1464 2185 talibus
1492 2155 1662 2191 injiciuntur
1687 2160 1751 2180 ma-

925 2211 993 2237 nus,
1008 2205 1222 2240 raptenturque
1236 2201 1438 2236 inclementer,
1454 2203 1484 2228 et
1496 2199 1659 2228 ludibrium
1674 2196 1712 2225 de
1720 2205 1750 2225 se

926 2248 1058 2284 praebeat
1081 2246 1225 2275 naturalis
1257 2245 1486 2281 organizationis
1515 2243 1680 2276 infelicitas,
1704 2241 1752 2270 vel

925 2291 1143 2320 ciccutieutium
1159 2291 1316 2319 oculorum
1329 2290 1436 2325 caligo.
1452 2289 1476 2316 si
1495 2289 1559 2318 haec
1573 2294 1696 2324 quoque
1708 2286 1751 2314 eis

925 2336 1076 2365 acciderit.

960 2410 1003 2436 42.
1019 2407 1240 2436 Ludiﬁcabatur
1254 2415 1326 2443 ergo
1336 2407 1408 2434 satis
1420 2406 1472 2434 diu
1484 2405 1527 2433 vir
1541 2404 1750 2440 gravissimus,

924 2456 953 2482 et
966 2453 1018 2489 qui
1032 2461 1085 2490 per
1094 2452 1196 2480 omnia
1211 2452 1339 2480 decorus
1356 2454 1432 2485 erat,
1458 2449 1667 2486 impellebatur
1683 2448 1752 2475 hinc

924 2498 994 2526 inde
1006 2505 1040 2525 ac
1054 2496 1265 2532 repellebatur,
1296 2498 1323 2523 et
1338 2498 1444 2531 pra-ter
1459 2494 1604 2522 rationem
1618 2491 1752 2520 caedeba-

924 2545 984 2575 tur,
999 2549 1050 2570 seu
1066 2541 1167 2577 potius
1185 2539 1322 2568 candebat
1335 2539 1399 2575 ipse
1415 2539 1533 2566 hostem
1548 2535 1726 2564 invisibilem
1743 2544 1750 2563 :

924 2588 972 2616 hic
997 2586 1077 2614 enim
1103 2587 1206 2613 contra
1231 2584 1389 2612 Dominum
1417 2581 1586 2610 extollendo
1606 2579 1752 2607 cervicem

924 2629 1134 2660 miserabiliter
1152 2629 1271 2662 corruit,
1285 2628 1349 2664 ipse
1363 2635 1433 2655 vero
1448 2626 1489 2654 sic
1505 2624 1640 2653 modeste
1652 2623 1751 2651 humi-

924 2676 1049 2712 literque
1064 2683 1095 2703 se
1109 2682 1227 2710 gerens,
1242 2680 1338 2709 usque
1353 2672 1384 2700 in
1409 2671 1518 2699 caelum
1545 2668 1750 2701 extollebatur,

925 2721 1022 2749 factus
1037 2720 1128 2748 etiam
1156 2717 1269 2753 angelis
1296 2715 1494 2745 admirabilis.
1523 2714 1656 2742 Tandem
1681 2721 1752 2742 vero

925 2766 1118 2802 antiquorum
1130 2764 1195 2800 ejus
1208 2762 1390 2791 famulorum
1410 2760 1571 2798 quispiam,
1605 2758 1752 2787 curiosius

924 2817 995 2839 eum
1009 2808 1142 2844 intuitus,
1158 2810 1187 2837 et
1197 2807 1302 2839 oculos
1317 2806 1348 2835 in
1360 2804 1501 2839 eumdem
1511 2805 1685 2837 constanter
1699 2802 1754 2832 deo,
