1963 3084
215 115 265 143 863

813 110 1042 141 CONSTANTINI
1058 111 1301 142 ACROPOLITE.

1873 115 1926 142 864

214 176 320 211 ﬁgens,
331 174 472 210 cogn0vit
484 174 583 210 ipsum
600 181 676 207 esse,
690 174 775 210 cujus
788 173 935 203 famulitio
945 174 1042 203 fuerat

1105 174 1203 211 ἴγνωκιν
1219 175 1294 214 ιγῖναι,
1314 175 1344 201 οὗ
1363 177 1426 206 τέως
1454 178 1507 206 τοῖς
1539 175 1700 212 προσπόλοις
1731 176 1927 204 «morituro.

215 221 372 256 ascriptus.
383 221 448 248 Mox
461 221 563 247 autem
576 219 608 246 in
623 220 755 248 mentem
768 221 957 248 recurrerunt
969 227 1042 256 opes

215 267 244 294 et
258 264 352 299 gloria
367 263 423 291 viri
455 263 589 300 pristina,
620 263 680 292 fors
702 264 792 292 etiam
811 263 980 300 benignitas
1007 271 1042 292 ac

215 309 418 340 mansuetudo
443 316 515 344 erga
535 309 667 337 famulos
683 309 903 338 observabatur
916 309 1019 338 animo
1033 316 1040 341 ;

216 361 345 390 eumque
371 360 457 388 egere
483 361 589 390 reapse
613 353 834 390 suspicabatur,
864 354 901 388 ei,
933 354 986 390 qui
1010 353 1042 381 in

216 399 385 432 adversam,
398 400 430 427 ut
439 398 532 432 aiunt,
547 398 699 427 fortunam
709 398 885 435 impegerat,
899 398 974 427 bene
983 397 1043 426 vel-

215 443 242 471 le
257 442 428 479 incipiebat.
443 443 541 471 Bonus
556 450 627 478 ergo
640 443 689 472 ille
702 442 843 479 famulus,
856 442 938 472 bona
952 443 1042 471 etiam

217 488 351 524 cogitans
369 487 486 523 (solent
514 488 593 516 enim
617 487 749 516 dominis
771 487 843 522 suis,
873 490 906 516 ut
923 487 1040 520 dicitur,

217 532 294 560 servi
319 539 383 560 esse
411 533 549 568 similes)
571 532 832 561 indiscriminatim
861 531 1041 565 numeravit,

216 579 364 613 quantum
385 585 440 615 pro
474 577 582 614 sportis
606 577 802 612 exigebatur:
833 578 861 606 et
884 577 976 605 veluti
1005 575 1043 604 de

218 623 370 650 contractu
384 621 440 649 sibi
467 621 643 657 gratulatus,
673 629 691 650 ει
723 621 843 657 negotio
869 621 1043 657 importuno

218 673 287 693 eum
298 665 452 699 subtraxit,
467 666 518 702 qui
531 667 564 694 ut
586 665 691 702 procul
708 673 726 694 ιι
741 665 820 694 curis
848 665 1043 694 saecularibus

217 710 338 745 viveret,
354 711 475 746 negotia
493 710 597 739 omnia
610 710 814 739 abdicaverat.
831 710 876 739 Sic
889 709 941 747 qui
956 711 1045 738 antea

217 755 354 791 plurimis
370 755 537 792 stipabatur
553 755 713 791 equitibus,
730 762 810 783 nunc
826 754 908 783 solus
939 756 1046 782 Dama-

218 808 269 828 sco
287 800 454 835 egrediens,
473 802 552 828 retro
566 800 645 828 unde
659 802 780 829 venerat
811 799 917 829 rediit:
947 807 1047 836 neque

1097 221 1224 256 Παραυτὰ
1257 223 1319 256 γοῦν
1354 223 1398 247 καὶ
1443 220 1556 247 πλούτου
1605 220 1842 258 ἆνεμιμνήσνιιτο,
1883 226 1928 247 καὶ

1097 262 1177 296 δόξαν
1196 264 1368 301 ἀνιλογίζιτο,
1383 265 1456 301 τάχα
1472 263 1497 291 δ’
1512 264 1543 291 ἀν
1561 267 1606 291 καὶ
1625 267 1673 295 τὴν
1687 267 1758 302 πρὸς
1783 267 1823 291 τὸ
1855 265 1928 292 εἱλω-

1096 311 1167 336 τικὸν
1183 310 1283 346 ιὺμινὶς
1311 309 1391 336 αὐτοῦ
1417 312 1462 336 καὶ
1489 309 1610 346 γαλήνιον
1636 309 1859 347 nuptum-3x1“
1891 315 1927 345 τῷ

1096 353 1225 390 λογισμῷ,
1241 356 1286 381 καὶ
1302 358 1403 391 χρῆναι
1435 355 1538 385 πάντως
1570 353 1732 391 ἐπιλογίζετο
1762 357 1819 381 καὶ
1854 354 1928 381 ἐναν-

1095 400 1140 424 τία
1153 407 1191 434 γι,
1207 398 1221 425 ὃ
1235 407 1309 434 φασι,
1322 401 1493 436 πιριτυχόντι
1507 402 1543 434 τῷ
1571 397 1679 435 δαίμονι
1704 399 1823 426 εὐνοεῖν.
1849 403 1927 436 Χρη-

1098 444 1146 469 στὰ
1165 446 1226 479 γοῦν
1240 443 1323 473 οὕτως
1341 443 1354 469 ὁ
1369 445 1490 480 χρηστὸς
1508 443 1600 475 ἐκεῖνος
1623 447 1678 474 τοῖς
1701 446 1824 481 τρόποις
1848 444 1924 470 οἰκέ-

1096 497 1142 518 της
1175 487 1302 519 ἐννοηθεὶς
1330 487 1340 523 (
1364 489 1435 515 ιῖωθι
1467 491 1512 515 xui
1532 490 1584 526 γὰρ
1611 492 1666 520 τοῖς
1690 489 1855 526 ἄρχουσιν,
1889 491 1923 519 ὡς

1098 541 1173 569 φασι,
1199 532 1432 568 συνεξομοιοῦσθαι
1471 535 1500 559 τὸ
1529 533 1704 571 ὑποχείριον)
1738 531 1922 568 ἁδιαιρὶτως

1097 577 1192 604 ὁπόσον
1213 576 1254 603 ἐπὶ
1284 581 1342 608 ταῖς
1376 580 1501 614 σπυρίσιν
1527 576 1652 614 ἀπῃτεῖτο
1680 577 1921 614 καταϐαλόμενος,

1097 624 1142 648 καὶ
1157 621 1389 658 ἐπευχαριστὴσας
1414 623 1500 660 ὥσπερ
1518 626 1564 649 τοῦ
1598 622 1836 659 συναλλάγματος,
1871 625 1923 659 μο-

1096 666 1137 698 λις
1162 665 1293 698 ἀπήλλαξε
1308 668 1469 704 πραγμάτων
1497 669 1541 693 τόν
1567 668 1630 704 ὑπὶρ
1659 671 1706 694 τοῦ
1729 667 1923 704 ἀπραγμόνως

1099 711 1182 742 ζῆσαι
1206 711 1316 738 πλιίοτα
1340 712 1408 738 πάνυ
1433 715 1483 738 τῶν
1515 713 1674 748 πραγμάτων
1699 711 1921 748 ἆποϐαλόμηον.

1101 757 1151 782 Καὶ
1163 759 1226 791 γοῦν
1239 756 1252 782 ὁ
1271 757 1321 792 πρὸ
1341 760 1386 783 τοὺ
1401 756 1532 788 πλείστοις
1551 757 1592 783 ὅτι
1617 760 1669 787 τοῖς
1699 758 1836 788 ἱππόταις
1866 767 1920 782 πα-

1101 804 1307 838 ραπιμπομινος,

1349 804 1497 838 μονώτατος
1534 804 1578 831 τὴν
1639 803 1782 838 Δάμασκον
1830 802 1918 833 ἐξιὼν,

219 844 300 872 enim
330 852 484 880 regressus
517 844 628 880 fuisset,
657 845 715 873 nisi
738 845 884 874 mandato
916 846 1046 880 expleto,

1105 845 1255 883 παλίνορσος
1275 844 1396 882 βαδίζων
1422 845 1574 878 ἀνέζευξεν·
1601 845 1663 873 οὐδὲ
1685 848 1736 884 γάρ
1769 846 1803 872 ἂν
1838 846 1918 873 ἐπαν-

218 890 358 928 quamvis
370 890 541 926 contigisset
551 890 578 918 ei
593 891 747 919 immorari
760 891 872 919 diutius
889 899 896 919 :
911 892 939 919 et
950 890 1049 926 potius

219 935 375 964 circuisset
389 937 451 963 tota
464 935 526 963 vita
538 943 594 964 sua
614 935 690 964 inter
708 935 838 964 ludibria
866 934 1050 973 exprobran-

219 980 292 1009 tium
297 1001 304 1013 ,
313 987 333 1016 q
338 979 397 1008 uod
405 980 478 1009 viles
485 979 602 1009 reculas
609 982 670 1009 tam
676 980 768 1008 charo
774 982 945 1016 exponeret,
955 986 1049 1016 quam

219 1025 313 1053 Patris
320 1024 364 1052 sui
373 1024 532 1061 spiritualis
539 1027 722 1062 prmceptum
729 1032 789 1053 non
796 1027 872 1053 esset
879 1026 1047 1052 exceoutus:

219 1069 306 1097 rediit
318 1071 419 1098 autem
439 1070 559 1105 tropaeis
585 1070 696 1105 gravis,
721 1076 791 1106 quae
815 1070 947 1106 superbo
970 1068 1049 1097 hosti

221 1120 364 1149 generose
376 1113 560 1142 obluctando
572 1113 751 1143 detraxerat.

259 1207 300 1234 i3.
318 1206 376 1234 Sed
392 1207 500 1243 excipit
515 1215 570 1236 nos
585 1208 677 1242 aliud,
694 1215 756 1237 non
771 1207 895 1236 dixerim
920 1206 957 1236 de
980 1214 1049 1243 pec-

222 1253 288 1280 cato
304 1253 461 1288 tropaeum,
473 1260 577 1281 verum
590 1261 625 1281 ex
650 1261 744 1289 parva
768 1253 901 1290 quadam
917 1252 1037 1281 occasio

221 1303 258 1324 ne
269 1296 374 1331 ingens
387 1296 512 1326 facinus.
529 1298 616 1326 Beato
627 1298 690 1326 viro
701 1298 792 1326 vicini
803 1297 983 1326 habitabant
993 1296 1048 1325 t‘ra-

222 1342 281 1368 tres
296 1340 368 1374 duo,
379 1341 594 1371 fraternainter
609 1351 639 1371 se
652 1343 795 1372 charitate
808 1342 959 1379 conjuncti
974 1350 980 1375 ;
995 1349 1050 1369 nec

222 1385 302 1413 enim
322 1385 423 1414 minus
437 1386 493 1415 sibi
512 1388 774 1424 conjungebantur
802 1388 923 1425 spiritus
945 1393 1051 1415 eorum

222 1438 259 1458 ex
271 1431 418 1467 propositi
431 1431 625 1461 similitudine
633 1441 726 1469 quam
741 1440 869 1469 corpora
883 1440 919 1461 ex
929 1433 1050 1460 natura.

223 1476 334 1504 Horum
346 1475 421 1505 alter
435 1477 573 1507 sublatus
590 1486 606 1507 e
627 1479 703 1508 vivis
717 1478 844 1507 alterum
871 1485 947 1514 pene
972 1483 1051 1505 mor-

224 1521 308 1549 tuum
336 1520 471 1558 reliquit:
500 1531 571 1551 nam
596 1524 620 1552 is
646 1524 814 1552 calamitate
840 1523 900 1552 ista
928 1529 1051 1559 prorsus
1067 1534 1088 1562 ο

221 1565 327 1602 victus,
338 1574 399 1595 non
408 1567 585 1606 admittebat
593 1569 808 1603 consolatores,
819 1576 881 1597 non
891 1566 1054 1604 recipiebat

224 1610 390 1639 hortatores
405 1620 412 1645 ;
426 1613 478 1641 sed
493 1615 663 1651 cuicunque
682 1614 790 1643 rationi
823 1620 911 1642 aures
934 1611 1054 1648 penitus

224 1655 402 1687 occluserat.
423 1659 493 1687 Post
506 1659 580 1687 alios
597 1667 667 1695 ergo
678 1659 788 1696 plures,
799 1658 838 1686 ad
850 1665 920 1686 eum
933 1662 1055 1693 quoque

222 1702 349 1730 accessit
361 1702 411 1730 illa
422 1704 635 1740 compassione
651 1704 826 1740 plenissima
841 1703 954 1738 anima,
966 1702 1057 1729 Joan-

221 1752 287 1780 nes,
308 1746 393 1774 vultu
411 1747 526 1781 hilaris,
541 1757 678 1777 sermone
701 1749 812 1781 suavis,
829 1751 857 1776 et
870 1750 996 1784 utroque
1007 1753 1055 1774 ve-

224 1789 376 1824 nerabilis,
393 1792 621 1829 conabaturque
641 1801 801 1821 mcerorem
816 1793 955 1821 eximere.
976 1790 1053 1825 Quid

223 1835 324 1862 autem
353 1843 414 1863 non
428 1837 607 1872 excogitavit
620 1846 681 1874 quo
702 1838 767 1874 ejus
792 1838 928 1866 animum
956 1836 995 1864 ad
1022 1843 1053 1863 se

223 1881 375 1907 revocaret
388 1881 401 1908 ?
413 1881 487 1917 quid
501 1889 563 1910 non
578 1882 701 1911 contulit
717 1891 753 1911 ex
775 1883 868 1912 sacris
893 1882 1050 1919 Scripturis

224 1930 285 1959 quo
298 1925 472 1960 passionem
485 1927 669 1956 consolando
692 1928 821 1957 leniret?
844 1930 981 1963 Omnem,
1008 1929 1051 1957 uti

223 1968 341 2004 dicitur,
354 1970 486 2006 lapidem
498 1973 601 2005 movit;
617 1972 669 2000 sed
679 1973 771 2002 nihilo
782 1973 849 2010 plus
862 1974 1047 2011 proﬁciebat,

223 2020 317 2049 quam
332 2016 437 2042 statua:
457 2015 632 2052 colloquens
650 2018 697 2046 vel
721 2018 914 2047 adamantem
941 2020 1048 2046 terens.

222 2058 354 2087 Tandem
369 2060 470 2088 tamen
484 2060 568 2097 (nam
584 2062 672 2090 etiam
686 2065 769 2097 gutta
788 2063 899 2092 cadens
927 2062 1049 2092 assidue

222 2104 340 2138 petram
354 2105 500 2142 excavat)
514 2106 600 2134 rediit
616 2110 767 2144 utcunque
794 2108 832 2136 ad
848 2116 912 2137 sese
941 2116 1048 2136 mona-

223 2148 309 2179 chus,
326 2148 442 2184 sibique
456 2157 491 2177 ac
505 2152 605 2179 sensui
628 2153 790 2186 restitutus,
818 2152 982 2190 Siquidem.
1006 2153 1047 2181 in-

223 2193 303 2239 quit,
311 2193 459 2239 consolari
477 2202 526 2224 me
538 2197 620 2229 velis,
636 2206 702 2234 age,
729 2205 877 2234 compone
891 2198 986 2227 melos
1000 2198 1050 2227 ali-
1066 2212 1087 2239 ι)

223 2237 316 2274 quod,
328 2238 410 2274 quod
422 2241 632 2277 memetipsum
643 2243 824 2271 succinendo
834 2243 952 2271 dolores
961 2243 1050 2272 infor-

223 2282 298 2311 tunii
310 2284 368 2311 mei
383 2283 504 2320 leniam,
521 2287 574 2322 qui
587 2287 617 2315 in
633 2287 765 2316 animam
782 2296 881 2316 meam
896 2288 1049 2316 incurren-

225 2329 279 2362 tes,
294 2328 475 2358 intellectum
491 2331 672 2361 conturbant
682 2335 710 2361 et
727 2341 778 2361 cor
790 2340 892 2361 meum
903 2333 1049 2369 quodam-

223 2372 315 2401 modo
328 2373 539 2410 depascuntur.

257 2518 303 2546 44.
324 2516 375 2544 Cui
398 2515 538 2550 Joannes,
555 2517 589 2543 Et
607 2522 678 2550 qua,
702 2514 808 2551 inquit,
839 2515 954 2544 ratione
984 2516 1048 2544 ﬁeri

222 2563 339 2598 poterit,
354 2564 386 2590 ut
398 2562 488 2590 Patris
500 2560 678 2588 mandatum
692 2560 903 2596 transgrediar,
911 2560 1047 2589 absolute

219 2606 353 2642 jubentis
366 2606 513 2634 abstinere
528 2613 546 2633 a
561 2611 742 2641 quocunque
755 2605 904 2640 ejusmodi
917 2605 1048 2640 cogitatu

224 2652 271 2679 vel
286 2659 376 2688 opere
391 2651 404 2678 ?
419 2651 512 2684 Levis,
525 2650 687 2687 respondet
700 2649 783 2683 alter,
797 2649 861 2678 haec
874 2649 1048 2679 inobedien-

225 2697 271 2724 tiae
283 2696 380 2732 culpa,
396 2698 532 2732 respectu
543 2695 675 2724 utilitatis
690 2702 706 2722 e
716 2702 862 2723 converso
872 2694 1048 2731 provenien-

224 2740 430 2769 tiszanimam
454 2741 535 2769 enim
562 2741 737 2768 maerentem
766 2739 969 2768 consolaberis
995 2747 1049 2767 seu

223 2785 325 2823 potius
337 2786 478 2815 retinebis
487 2785 685 2821 deﬁcientem,
697 2793 732 2816 ac
740 2793 817 2823 pene
823 2785 888 2822 jam
897 2793 1049 2822 egressam

1103 889 1164 920 ἦλθε
1176 893 1210 927 μὴ
1240 891 1268 917 τὸ
1301 892 1359 917 κατ’
1393 891 1495 921 ἓντολὴν
1525 891 1666 926 ἐκπλήσας,
1699 891 1748 918 κᾶν
1784 891 1862 918 οὕτω
1889 901 1918 927 γι

1103 937 1186 971 τυχὸν
1200 935 1236 967 εὶς
1267 937 1366 973 μακρὸν
1398 936 1465 972 ἄγαν
1496 937 1698 974 ὑπερημέρησι·
1733 937 1837 962 θᾶττον
1865 938 1916 973 γὰρ

1103 979 1133 1006 ἂν
1156 983 1262 1018 περιιὼν
1290 983 1336 1007 καὶ
1357 981 1510 1017 παιζόμενος
1548 982 1645 1008 οὑτωσὶ
1666 980 1763 1007 πολλοῦ
1780 982 1818 1007 τὰ
1847 991 1916 1016 φαυ-

1102 1024 1198 1052 λότατα
1234 1026 1394 1062 ἱκτιθέμινος
1427 1028 1475 1055 τήν
1509 1027 1578 1058 ζωὴν
1608 1025 1789 1062 ἐξεμίτρησεν,
1822 1026 1838 1055 ἣ
1870 1029 1914 1059 τοῦ

1102 1073 1278 1106 πνευματικοῦ
1305 1072 1408 1107 itur-pb;
1449 1069 1523 1100 ἀτελῆ
1562 1075 1663 1108 παρῆκε
1700 1073 1747 1099 τὴν
1779 1069 1912 1100 ἐντολήν·

1103 1114 1168 1143 πλὴν
1198 1114 1251 1141 ἀλλ’
1290 1115 1400 1145 ἐπανῆκε
1452 1118 1641 1152 τροπαιοφόρος
1674 1117 1720 1142 καὶ
1759 1115 1913 1153 ῠπίροφρυν

1102 1161 1224 1195 γενναίως
1242 1160 1443 1192 καταπαλαίσας
1462 1159 1611 1188 ἀντίπαλον.

1138 1209 1195 1245 μγ’.
1217 1209 1283 1236 Ἀλλ’
1311 1208 1450 1246 ἰκδὲχεται
1478 1211 1548 1246 ἡμᾶς
1569 1210 1662 1247 ἕτερον,
1691 1209 1738 1235 οὐκ
1757 1208 1790 1235 ἆν
1811 1211 1912 1245 εἶποιμι

1104 1253 1292 1290 ἁποπτὼματος
1329 1257 1463 1291 τρόπαιον,
1502 1253 1555 1280 ἀλλ’
1580 1253 1607 1280 ἐκ
1643 1257 1739 1291 μικροῦ
1768 1263 1841 1284 τινος
1867 1258 1910 1280 τοῦ

1105 1298 1276 1335 συμϐάματος
1299 1301 1367 1336 μέγα
1384 1299 1441 1326 λίαν
1478 1298 1634 1337 ἁρίστευμα.
1661 1302 1780 1335 Μοναχὼ
1807 1309 1862 1325 τινε
1875 1303 1908 1333 τῷ

1104 1346 1224 1380 μακαρίῳ
1252 1345 1297 1380 μὲν
1345 1343 1484 1382 ὰγχιθύρω
1513 1343 1689 1380 ἕτυγχανέτην
1715 1346 1783 1377 ὄντι,
1806 1342 1906 1379 Haec

1106 1386 1135 1414 δί
1154 1390 1236 1417 ἤστην
1263 1387 1393 1423 ἀλλήλοιν,
1421 1391 1467 1415 καὶ
1494 1390 1639 1426 ἐφρονείτην
1665 1387 1796 1425 ἁδιλφικά
1814 1399 1822 1406 ·
1856 1389 1904 1424 οὐχ

1105 1433 1180 1461 ἧττον
1205 1434 1254 1470 γὰρ
1293 1432 1320 1459 ἐκ
1360 1435 1534 1471 προαιρέσεως
1563 1434 1738 1462 συνςπτέσθην
1765 1437 1803 1468 τῷ
1830 1434 1903 1459 mri-

1105 1477 1197 1514 ματιῆ
1214 1481 1267 1508 τοῖς
1280 1480 1399 1514 σώμασιν
1415 1477 1465 1504 ἀπὸ
1495 1479 1603 1514 φύσεως.
1628 1479 1731 1504 Τούτων
1763 1478 1856 1516 ἅτερος
1881 1477 1903 1508 ἐξ

1107 1521 1246 1559 ἀνθρώπων
1273 1525 1419 1559 γινόμενος,
1444 1526 1539 1559 μικροῦ
1580 1524 1667 1560 νεκρὸν
1699 1522 1822 1549 κατελιπι
1862 1523 1902 1548 θηέ-

1107 1571 1245 1604 τιρον·τῇ
1275 1568 1326 1605 γὰρ
1359 1571 1481 1604 συμφορᾷ
1505 1568 1638 1605 κατάκρας
1667 1567 1758 1597 ἐκεῖνος
1792 1567 1902 1597 ἑαλωκὼς

1108 1612 1306 1650 παρακλὴτορας
1331 1612 1360 1638 οὔ
1384 1614 1516 1648 προσίετο,
1544 1613 1698 1649 πάραινέτας
1735 1611 1765 1638 οὗ
1799 1610 1892 1648 παρεδέ

1109 1667 1183 1694 χιτο,
1199 1657 1321 1688 καθάπαξ
1337 1655 1366 1684 δὲ
1388 1659 1450 1693 πρὸς
1464 1658 1549 1683 πάντα
1573 1657 1649 1693 λόγον
1663 1660 1709 1686 τὴν
1738 1656 1818 1686 ἀκοὴν
1845 1656 1902 1682 ἁπο-

1109 1702 1251 1730 κίκλειστο.
1279 1702 1356 1729 Ἀλλά
1379 1704 1502 1739 πρόσεισι
1526 1703 1609 1737 τούτῳ
1631 1703 1696 1738 μετὰ
1720 1703 1837 1738 συχνοὺς
1859 1701 1901 1727 ὧ.-

1109 1747 1167 1778 λους
1187 1748 1257 1776 καὶὴ
1288 1747 1492 1783 συμπαθεστατη
1512 1746 1603 1782 ψυχὴ,
1618 1747 1631 1772 ό
1657 1746 1754 1782 γλυκὺς
1780 1746 1900 1779 Ἰωάννης,

1108 1793 1121 1818 ὁ
1132 1795 1176 1818 καὶ
1186 1794 1233 1821 τὴν
1247 1791 1306 1827 ἄψιν
1321 1790 1399 1825 ἡδὺς,
1414 1794 1459 1818 καὶ
1474 1793 1516 1817 τόν
1535 1791 1610 1828 λόγον
1638 1793 1732 1828 πραῢς,
1753 1793 1798 1817 καὶ
1830 1790 1900 1817 ἐπιει-

1107 1841 1157 1867 κῶς
1169 1835 1305 1873 αἰδέσιμος
1321 1836 1379 1863 κατ’
1408 1836 1551 1873 ἀμειὸτερα,
1578 1838 1623 1862 καὶ
1650 1834 1684 1865 δὴ
1715 1834 1832 1872 ἐπειρᾶτο
1857 1840 1898 1865 τῆς

1106 1880 1218 1912 ἀκηδίας
1246 1881 1443 1918 ἀναλαμϐάνειν,
1473 1884 1498 1908 τί
1524 1882 1569 1917 μὲν
1592 1883 1629 1917 μὴ
1659 1880 1814 1918 ἀνευρίσκων
1841 1880 1898 1915 παρ’

1105 1927 1196 1954 ἑαυτοῦ
1210 1928 1295 1953 ἱκανὸν
1310 1926 1489 1964 παρακαλέσαι
1514 1926 1608 1962 ψυχήν
1630 1935 1636 1960 ;
1659 1928 1685 1952 τί
1715 1924 1745 1952 δί
1773 1927 1806 1962 μὴ
1831 1927 1895 1961 παρὰ

1103 1976 1153 1998 τῶν
1182 1975 1289 2009 Γραφῶν
1305 1970 1472 2007 ἐπισυνιίρων
1507 1972 1572 2009 πρὸς
1598 1972 1627 1996 τὸ
1647 1974 1790 2006 κατασχιῖν
1808 1972 1835 1996 τὸ
1849 1971 1893 1996 πιέ-

1105 2017 1145 2047 θος
1159 2016 1400 2055 παραμυθήσασθαι
1415 2024 1421 2049 ;
1436 2016 1524 2042 Πάντα
1547 2015 1641 2048 κάλων,
1658 2016 1672 2041 ὅ
1700 2024 1786 2051 φασιν,
1813 2013 1852 2041 ἐπὶ
1866 2017 1891 2041 τὸ

1103 2061 1198 2088 ἁνύσαι
1218 2064 1349 2090 κεκίνηκεν
1378 2071 1385 2077 ·
1413 2059 1466 2086 ἀλλ’
1495 2058 1525 2090 ἧν
1554 2061 1640 2097 ὥσπερ
1662 2058 1797 2096 ἀνδριάντι
1818 2069 1891 2096 προσ-

1103 2106 1198 2143 ομιλων
1226 2107 1241 2136 ἣ
1271 2105 1392 2142 περιξέων
1421 2103 1559 2141 ἀδάμαντα
1589 2115 1597 2122 ·

1103 2150 1369 2189 μοναχὸς(κοιλαίνει
1381 2152 1432 2187 γὰρ
1447 2148 1586 2186 ἕνδελεχὴς
1612 2152 1656 2176 καὶ
1677 2151 1771 2187 πέτραν
1797 2150 1887 2186 ῥανὶς),

1102 2201 1147 2224 καὶ
1162 2197 1186 2223 ἐν
1202 2197 1282 2233 ἑαυτῷ
1296 2199 1406 2233 γίνεται,
1422 2198 1467 2222 καὶ
1482 2195 1516 2226 εἰς
1542 2196 1726 2230 συναίσθῆναι,
1752 2197 1824 2231 φησι,
1849 2198 1888 2221 καὶ

1102 2245 1145 2269 καὶ
1174 2246 1246 2278 γοῦν,
1290 2243 1319 2268 Εἴ
1345 2251 1376 2278 με
1405 2240 1494 2278 βούλει
1535 2240 1746 2277 παρακληθῆσιν,
1777 2241 1883 2277 ἔρχεταί·

1103 2287 1273 2323 εὐθυμότερον
1299 2285 1391 2316 ἐθέλεις
1424 2286 1579 2316 θεάσασθαι,
1608 2285 1655 2321 ἄγε
1681 2285 1769 2315 σύνθες
1796 2294 1828 2315 τι,
1849 2286 1887 2310 xui

1102 2330 1265 2369 μιλῳόησον,
1280 2332 1347 2367 ᾧπερ
1372 2330 1402 2356 ἂν
1431 2330 1542 2367 ἐμαυτὸν
1568 2327 1721 2365 κατεπᾴδων
1741 2330 1774 2355 τὰ
1797 2328 1821 2355 ἐκ
1845 2334 1887 2360 τῆς

1103 2379 1239 2414 συμφορᾶς
1271 2376 1342 2404 πάθη
1383 2375 1543 2412 κοιμίζοιμι,
1571 2374 1638 2401 ἄττα
1673 2383 1718 2410 μοι
1742 2376 1787 2402 τὴν
1804 2373 1885 2410 ψυχὴν

1102 2421 1223 2455 ἑκϐαίνιι,
1251 2423 1297 2447 καὶ
1323 2418 1413 2450 δεινῶς
1444 2420 1566 2458 ταράττει
1606 2420 1650 2445 τὸν
1680 2418 1811 2455 λογισμὸν,
1846 2421 1884 2445 καὶ

1101 2469 1148 2496 τὴν
1163 2464 1376 2504 καρδίανλῶσπερ
1393 2462 1611 2502 καταδαρδάπτςι
1625 2473 1686 2500 μου.

1629 2105 1763 2141 Ἀνανήφει
1786 2107 1857 2140 μόγις
1878 2105 1889 2131 ὁ

1137 2514 1194 2552 pd”.
1216 2517 1266 2542 Καὶ
1295 2515 1331 2547 ὃς,
1362 2516 1412 2540 Καὶ
1433 2518 1488 2545 πῶς
1519 2512 1549 2538 διν
1576 2515 1623 2542 τὴν
1648 2513 1776 2549 πατρικὴν
1798 2511 1883 2541 ἐντολὴν

1101 2558 1257 2596 πιριίδοιμι,
1287 2558 1445 2590 ἁπαξαπλῶς
1477 2557 1664 2593 ἐπισκήψασαν
1693 2557 1881 2594 ἀποστρέφεσθαι

1101 2605 1168 2631 ἅπαν
1181 2614 1209 2641 γε
1236 2607 1351 2630 τοιοῦτον
1377 2606 1422 2630 καὶ
1448 2602 1580 2639 μελέτημα
1609 2604 1654 2628 καὶ
1692 2601 1813 2637 ἐνέργημα
1833 2609 1840 2635 ;
1857 2601 1881 2627 ’0

1102 2648 1143 2683 δὲ,
1156 2650 1256 2686 Μικρὸν
1269 2649 1327 2675 ῖσθι
1345 2650 1372 2675 τὸ
1402 2652 1449 2679 τῆς
1477 2651 1612 2684 παρακοῆς
1639 2648 1739 2677 ταύτης
1762 2644 1880 2682 ἀμπλακη-

1101 2704 1139 2731 μα
1168 2696 1233 2731 πρὸς
1260 2695 1290 2720 τὸ
1329 2693 1356 2720 ἐκ
1380 2697 1426 2724 τῆς
1461 2694 1578 2723 ὑπακοῆς
1605 2689 1688 2722 τῆσδε
1717 2691 1878 2728 κατόρθωμα-

1101 2739 1194 2776 ψυχήν
1229 2739 1276 2765 οὐκ
1315 2736 1479 2775 ὀδυνωμίνην
1514 2736 1712 2775 παρακαλέσας,
1753 2736 1766 2765 ἦ
1799 2735 1878 2772 μᾶλλον

1103 2783 1269 2811 ἐκλείπουσαν
1296 2782 1400 2819 ὶφέξιις,
1438 2784 1483 2810 καὶ
1505 2785 1602 2820 μικροῦ
1631 2779 1685 2808 diis
1723 2779 1878 2817 ἀποιχομένην
