  <div class='ocr_page' id='page_1' title='image "/cluster/home/n/w/nwhite01/storage/ocr_20150623/140/njp.32101010942850/467.png"; bbox 0 0 1963 3084; ppageno 0'>
   <div class='ocr_carea' id='block_1_1' title="bbox 218 111 269 138">
    <p class='ocr_par' dir='ltr' id='par_1_1' title="bbox 218 111 269 138">
     <span class='ocr_line' id='line_1_1' title="bbox 218 111 269 138; baseline 0 0"><span class='ocrx_word' id='word_1_1' title='bbox 218 111 269 138; x_wconf 69' lang='lat'>80&#39;]</span> 
     </span>
    </p>
   </div>
   <div class='ocr_carea' id='block_1_2' title="bbox 816 103 1301 134">
    <p class='ocr_par' dir='ltr' id='par_1_2' title="bbox 816 103 1301 134">
     <span class='ocr_line' id='line_1_2' title="bbox 816 103 1301 134; baseline -0.002 0"><span class='ocrx_word' id='word_1_2' title='bbox 816 104 1048 134; x_wconf 77' lang='lat' dir='ltr'>GONSTANTINI</span> <span class='ocrx_word' id='word_1_3' title='bbox 1065 103 1301 134; x_wconf 63' lang='lat' dir='ltr'>ACROPOLITE.</span> 
     </span>
    </p>
   </div>
   <div class='ocr_carea' id='block_1_3' title="bbox 1860 109 1911 136">
    <p class='ocr_par' dir='ltr' id='par_1_3' title="bbox 1860 109 1911 136">
     <span class='ocr_line' id='line_1_3' title="bbox 1860 109 1911 136; baseline 0.02 -1"><span class='ocrx_word' id='word_1_4' title='bbox 1860 109 1911 136; x_wconf 80' lang='lat'>868</span> 
     </span>
    </p>
   </div>
   <div class='ocr_carea' id='block_1_4' title="bbox 213 167 1042 209">
    <p class='ocr_par' dir='ltr' id='par_1_4' title="bbox 213 167 1039 208">
     <span class='ocr_line' id='line_1_4' title="bbox 213 167 1039 208; baseline -0.007 -7"><span class='ocrx_word' id='word_1_5' title='bbox 213 171 279 208; x_wconf 88' lang='lat' dir='ltr'>jam</span> <span class='ocrx_word' id='word_1_6' title='bbox 294 171 410 200; x_wconf 77' lang='lat' dir='ltr'><strong>Christo</strong></span> <span class='ocrx_word' id='word_1_7' title='bbox 421 169 587 197; x_wconf 83' lang='lat' dir='ltr'>clamemus</span> <span class='ocrx_word' id='word_1_8' title='bbox 603 177 609 195; x_wconf 89' lang='lat'>:</span> <span class='ocrx_word' id='word_1_9' title='bbox 640 167 782 204; x_wconf 82' lang='lat' dir='ltr'>Requiem</span> <span class='ocrx_word' id='word_1_10' title='bbox 793 167 875 196; x_wconf 89' lang='lat' dir='ltr'>dona</span> <span class='ocrx_word' id='word_1_11' title='bbox 888 167 1039 196; x_wconf 74' lang='lat' dir='ltr'>translatis</span> 
     </span>
    </p>
   </div>
   <div class='ocr_carea' id='block_1_5' title="bbox 1096 167 1910 209">
    <p class='ocr_par' dir='ltr' id='par_1_5' title="bbox 1096 167 1910 209">
     <span class='ocr_line' id='line_1_5' title="bbox 1096 167 1910 209; baseline 0.005 -16"><span class='ocrx_word' id='word_1_12' title='bbox 1096 168 1179 194; x_wconf 77' lang='grc' dir='ltr'>πάντα</span> <span class='ocrx_word' id='word_1_13' title='bbox 1193 167 1340 204; x_wconf 77' lang='grc' dir='ltr'>ἐξηφάνισε.</span> <span class='ocrx_word' id='word_1_14' title='bbox 1357 169 1400 193; x_wconf 88' lang='grc' dir='ltr'>Διὸ</span> <span class='ocrx_word' id='word_1_15' title='bbox 1420 171 1528 204; x_wconf 81' lang='grc' dir='ltr'>Χριστῷ</span> <span class='ocrx_word' id='word_1_16' title='bbox 1543 172 1580 204; x_wconf 77' lang='grc' dir='ltr'>τῷ</span> <span class='ocrx_word' id='word_1_17' title='bbox 1599 168 1719 206; x_wconf 77' lang='grc' dir='ltr'>ἀθανάτῳ</span> <span class='ocrx_word' id='word_1_18' title='bbox 1735 169 1886 209; x_wconf 64' lang='grc' dir='ltr'>βοὴσωμα</span> <span class='ocrx_word' id='word_1_19' title='bbox 1904 181 1910 187; x_wconf 77' lang='lat'>&#39;</span> 
     </span>
    </p>
   </div>
   <div class='ocr_carea' id='block_1_6' title="bbox 217 213 1041 249">
    <p class='ocr_par' dir='ltr' id='par_1_6' title="bbox 217 213 1041 249">
     <span class='ocr_line' id='line_1_6' title="bbox 217 213 1041 249; baseline -0.006 -4"><span class='ocrx_word' id='word_1_20' title='bbox 217 217 286 245; x_wconf 90' lang='lat' dir='ltr'>hinc</span> <span class='ocrx_word' id='word_1_21' title='bbox 299 216 378 247; x_wconf 86' lang='lat' dir='ltr'>illuc,</span> <span class='ocrx_word' id='word_1_22' title='bbox 390 214 443 242; x_wconf 91' lang='lat' dir='ltr'>ubi</span> <span class='ocrx_word' id='word_1_23' title='bbox 454 214 590 242; x_wconf 92' lang='lat' dir='ltr'>omnium</span> <span class='ocrx_word' id='word_1_24' title='bbox 607 213 748 241; x_wconf 87' lang='lat' dir='ltr'>salusest.</span> <span class='ocrx_word' id='word_1_25' title='bbox 761 213 909 248; x_wconf 80' lang='lat' dir='ltr'>Oquantee</span> <span class='ocrx_word' id='word_1_26' title='bbox 926 213 1041 249; x_wconf 88' lang='lat' dir='ltr'>sapien-</span> 
     </span>
    </p>
   </div>
   <div class='ocr_carea' id='block_1_7' title="bbox 219 257 1040 296">
    <p class='ocr_par' dir='ltr' id='par_1_7' title="bbox 219 257 1040 296">
     <span class='ocr_line' id='line_1_7' title="bbox 219 257 1040 296; baseline -0.005 -7"><span class='ocrx_word' id='word_1_27' title='bbox 219 261 267 289; x_wconf 77' lang='lat' dir='ltr'>tiae</span> <span class='ocrx_word' id='word_1_28' title='bbox 283 260 381 296; x_wconf 65' lang='lat' dir='ltr'>plenas</span> <span class='ocrx_word' id='word_1_29' title='bbox 391 261 460 286; x_wconf 88' lang='lat' dir='ltr'>sunt</span> <span class='ocrx_word' id='word_1_30' title='bbox 468 258 515 286; x_wconf 70' lang='lat' dir='ltr'>has</span> <span class='ocrx_word' id='word_1_31' title='bbox 522 266 626 294; x_wconf 73' lang='lat' dir='ltr'>paucis</span> <span class='ocrx_word' id='word_1_32' title='bbox 635 257 771 293; x_wconf 80' lang='lat' dir='ltr'>syllabae!</span> <span class='ocrx_word' id='word_1_33' title='bbox 779 265 891 293; x_wconf 80' lang='lat' dir='ltr'>paucae,</span> <span class='ocrx_word' id='word_1_34' title='bbox 904 257 1040 293; x_wconf 85' lang='lat' dir='ltr'>inquam,</span> 
     </span>
    </p>
   </div>
   <div class='ocr_carea' id='block_1_8' title="bbox 218 301 1042 340">
    <p class='ocr_par' dir='ltr' id='par_1_8' title="bbox 218 301 1042 340">
     <span class='ocr_line' id='line_1_8' title="bbox 218 301 1042 340; baseline -0.002 -9"><span class='ocrx_word' id='word_1_35' title='bbox 218 304 340 340; x_wconf 62' lang='lat' dir='ltr'>syllaba</span> <span class='ocrx_word' id='word_1_36' title='bbox 353 304 491 339; x_wconf 81' lang='lat' dir='ltr'>respectu</span> <span class='ocrx_word' id='word_1_37' title='bbox 504 301 683 337; x_wconf 82' lang='lat' dir='ltr'>amplissimi</span> <span class='ocrx_word' id='word_1_38' title='bbox 706 309 798 337; x_wconf 83' lang='lat' dir='ltr'>quem</span> <span class='ocrx_word' id='word_1_39' title='bbox 813 301 965 330; x_wconf 78' lang='lat' dir='ltr'>continent</span> <span class='ocrx_word' id='word_1_40' title='bbox 978 309 1042 330; x_wconf 93' lang='lat' dir='ltr'>sen-</span> 
     </span>
    </p>
   </div>
   <div class='ocr_carea' id='block_1_9' title="bbox 219 346 1042 384">
    <p class='ocr_par' dir='ltr' id='par_1_9' title="bbox 219 346 1042 384">
     <span class='ocr_line' id='line_1_9' title="bbox 219 346 1042 384; baseline -0.002 -8"><span class='ocrx_word' id='word_1_41' title='bbox 219 357 280 377; x_wconf 89' lang='lat' dir='ltr'>sus:</span> <span class='ocrx_word' id='word_1_42' title='bbox 291 348 412 384; x_wconf 87' lang='lat' dir='ltr'>qualem</span> <span class='ocrx_word' id='word_1_43' title='bbox 425 347 622 383; x_wconf 69' lang='lat' dir='ltr'>philosophiae</span> <span class='ocrx_word' id='word_1_44' title='bbox 633 346 894 380; x_wconf 86' lang='lat' dir='ltr'>latitudinem,hoc</span> <span class='ocrx_word' id='word_1_45' title='bbox 916 346 1042 374; x_wconf 84' lang='lat' dir='ltr'>deﬁnitu</span> 
     </span>
    </p>
   </div>
   <div class='ocr_carea' id='block_1_10' title="bbox 218 390 1040 424">
    <p class='ocr_par' dir='ltr' id='par_1_10' title="bbox 218 390 1040 424">
     <span class='ocr_line' id='line_1_10' title="bbox 218 390 1040 424; baseline -0.002 -4"><span class='ocrx_word' id='word_1_46' title='bbox 218 401 254 420; x_wconf 84' lang='lat' dir='ltr'>ac</span> <span class='ocrx_word' id='word_1_47' title='bbox 269 394 439 420; x_wconf 88' lang='lat' dir='ltr'>memoratu</span> <span class='ocrx_word' id='word_1_48' title='bbox 453 391 538 420; x_wconf 82' lang='lat' dir='ltr'>facile</span> <span class='ocrx_word' id='word_1_49' title='bbox 553 391 666 418; x_wconf 90' lang='lat' dir='ltr'>dictum</span> <span class='ocrx_word' id='word_1_50' title='bbox 696 390 878 418; x_wconf 82' lang='lat' dir='ltr'>!Universim</span> <span class='ocrx_word' id='word_1_51' title='bbox 901 391 1040 424; x_wconf 81' lang='lat' dir='ltr'>ostendit,</span> 
     </span>
    </p>
   </div>
   <div class='ocr_carea' id='block_1_11' title="bbox 217 435 1042 473">
    <p class='ocr_par' dir='ltr' id='par_1_11' title="bbox 217 435 1042 473">
     <span class='ocr_line' id='line_1_11' title="bbox 217 435 1042 473; baseline -0.001 -8"><span class='ocrx_word' id='word_1_52' title='bbox 217 437 368 473; x_wconf 79' lang='lat' dir='ltr'>planeque</span> <span class='ocrx_word' id='word_1_53' title='bbox 381 437 576 468; x_wconf 78' lang='lat' dir='ltr'>demonstrat,</span> <span class='ocrx_word' id='word_1_54' title='bbox 589 438 617 464; x_wconf 91' lang='lat' dir='ltr'>et</span> <span class='ocrx_word' id='word_1_55' title='bbox 631 435 768 463; x_wconf 84' lang='lat' dir='ltr'>absolute</span> <span class='ocrx_word' id='word_1_56' title='bbox 783 435 943 468; x_wconf 88' lang='lat' dir='ltr'>concludit,</span> <span class='ocrx_word' id='word_1_57' title='bbox 960 435 1042 464; x_wconf 84' lang='lat' dir='ltr'>nihili</span> 
     </span>
    </p>
   </div>
   <div class='ocr_carea' id='block_1_12' title="bbox 219 479 1043 516">
    <p class='ocr_par' dir='ltr' id='par_1_12' title="bbox 219 479 1043 516">
     <span class='ocr_line' id='line_1_12' title="bbox 219 479 1043 516; baseline -0.002 -6"><span class='ocrx_word' id='word_1_58' title='bbox 219 481 389 510; x_wconf 75' lang='lat' dir='ltr'>faciendam</span> <span class='ocrx_word' id='word_1_59' title='bbox 405 481 508 513; x_wconf 88' lang='lat' dir='ltr'>vitam,</span> <span class='ocrx_word' id='word_1_60' title='bbox 518 479 602 507; x_wconf 88' lang='lat' dir='ltr'>nihili</span> <span class='ocrx_word' id='word_1_61' title='bbox 617 479 775 516; x_wconf 69' lang='lat' dir='ltr'>praesentia</span> <span class='ocrx_word' id='word_1_62' title='bbox 786 479 850 507; x_wconf 72' lang='lat' dir='ltr'>haec</span> <span class='ocrx_word' id='word_1_63' title='bbox 864 480 1043 508; x_wconf 66' lang='lat' dir='ltr'>aestimanda</span> 
     </span>
    </p>
   </div>
   <div class='ocr_carea' id='block_1_13' title="bbox 217 524 1043 560">
    <p class='ocr_par' dir='ltr' id='par_1_13' title="bbox 217 524 1043 560">
     <span class='ocr_line' id='line_1_13' title="bbox 217 524 1043 560; baseline -0.002 -6"><span class='ocrx_word' id='word_1_64' title='bbox 217 534 295 554; x_wconf 85' lang='lat' dir='ltr'>esse.</span> <span class='ocrx_word' id='word_1_65' title='bbox 313 526 426 554; x_wconf 85' lang='lat' dir='ltr'>Similia</span> <span class='ocrx_word' id='word_1_66' title='bbox 438 525 561 553; x_wconf 82' lang='lat' dir='ltr'>dixisset</span> <span class='ocrx_word' id='word_1_67' title='bbox 569 525 658 552; x_wconf 89' lang='lat' dir='ltr'>etiam</span> <span class='ocrx_word' id='word_1_68' title='bbox 674 524 767 560; x_wconf 89' lang='lat' dir='ltr'>is,qui</span> <span class='ocrx_word' id='word_1_69' title='bbox 777 524 913 552; x_wconf 90' lang='lat' dir='ltr'>omnium</span> <span class='ocrx_word' id='word_1_70' title='bbox 927 525 1043 560; x_wconf 88' lang='lat' dir='ltr'>sapien-</span> 
     </span>
    </p>
   </div>
   <div class='ocr_carea' id='block_1_14' title="bbox 217 568 1040 602">
    <p class='ocr_par' dir='ltr' id='par_1_14' title="bbox 217 568 1040 602">
     <span class='ocr_line' id='line_1_14' title="bbox 217 568 1040 602; baseline -0.002 -4"><span class='ocrx_word' id='word_1_71' title='bbox 217 571 351 598; x_wconf 84' lang='lat' dir='ltr'>tissimus</span> <span class='ocrx_word' id='word_1_72' title='bbox 370 569 538 598; x_wconf 83' lang='lat' dir='ltr'>declaratus</span> <span class='ocrx_word' id='word_1_73' title='bbox 564 571 609 596; x_wconf 87' lang='lat' dir='ltr'>est</span> <span class='ocrx_word' id='word_1_74' title='bbox 637 568 787 602; x_wconf 88' lang='lat' dir='ltr'>Salomon,</span> <span class='ocrx_word' id='word_1_75' title='bbox 805 570 832 596; x_wconf 88' lang='lat' dir='ltr'>et</span> <span class='ocrx_word' id='word_1_76' title='bbox 856 568 978 596; x_wconf 84' lang='lat' dir='ltr'>dixisset</span> <span class='ocrx_word' id='word_1_77' title='bbox 1004 569 1040 601; x_wconf 85' lang='lat' dir='ltr'>ei,</span> 
     </span>
    </p>
   </div>
   <div class='ocr_carea' id='block_1_15' title="bbox 217 613 1043 651">
    <p class='ocr_par' dir='ltr' id='par_1_15' title="bbox 217 613 1043 651">
     <span class='ocr_line' id='line_1_15' title="bbox 217 613 1043 651; baseline 0 -9"><span class='ocrx_word' id='word_1_78' title='bbox 217 622 310 651; x_wconf 89' lang='lat' dir='ltr'>quam</span> <span class='ocrx_word' id='word_1_79' title='bbox 322 614 434 643; x_wconf 55' lang='lat' dir='ltr'>caelitus</span> <span class='ocrx_word' id='word_1_80' title='bbox 449 613 575 649; x_wconf 86' lang='lat' dir='ltr'>adeptus</span> <span class='ocrx_word' id='word_1_81' title='bbox 588 615 644 647; x_wconf 87' lang='lat' dir='ltr'>est,</span> <span class='ocrx_word' id='word_1_82' title='bbox 654 613 806 649; x_wconf 74' lang='lat' dir='ltr'>sapientia:</span> <span class='ocrx_word' id='word_1_83' title='bbox 822 621 957 641; x_wconf 88' lang='lat' dir='ltr'>consona</span> <span class='ocrx_word' id='word_1_84' title='bbox 971 623 977 641; x_wconf 91' lang='lat'><strong>:</strong></span> <span class='ocrx_word' id='word_1_85' title='bbox 1001 613 1043 642; x_wconf 89' lang='lat' dir='ltr'>di-</span> 
     </span>
    </p>
   </div>
   <div class='ocr_carea' id='block_1_16' title="bbox 217 657 1043 694">
    <p class='ocr_par' dir='ltr' id='par_1_16' title="bbox 217 657 1043 694">
     <span class='ocr_line' id='line_1_16' title="bbox 217 657 1043 694; baseline -0.001 -7"><span class='ocrx_word' id='word_1_86' title='bbox 217 661 265 687; x_wconf 80' lang='lat' dir='ltr'>cta</span> <span class='ocrx_word' id='word_1_87' title='bbox 275 661 386 690; x_wconf 89' lang='lat' dir='ltr'>autem,</span> <span class='ocrx_word' id='word_1_88' title='bbox 400 660 434 686; x_wconf 92' lang='lat' dir='ltr'>ut</span> <span class='ocrx_word' id='word_1_89' title='bbox 443 657 632 690; x_wconf 85' lang='lat' dir='ltr'>admiranda,</span> <span class='ocrx_word' id='word_1_90' title='bbox 648 657 774 685; x_wconf 82' lang='lat' dir='ltr'>fuissent</span> <span class='ocrx_word' id='word_1_91' title='bbox 785 666 871 685; x_wconf 90' lang='lat' dir='ltr'>usum</span> <span class='ocrx_word' id='word_1_92' title='bbox 893 658 1043 694; x_wconf 82' lang='lat' dir='ltr'>p‘roverbii</span> 
     </span>
    </p>
   </div>
   <div class='ocr_carea' id='block_1_17' title="bbox 219 702 1042 739">
    <p class='ocr_par' dir='ltr' id='par_1_17' title="bbox 219 702 1042 739">
     <span class='ocr_line' id='line_1_17' title="bbox 219 702 1042 739; baseline -0.002 -7"><span class='ocrx_word' id='word_1_93' title='bbox 219 704 331 739; x_wconf 80' lang='lat' dir='ltr'>sortita,</span> <span class='ocrx_word' id='word_1_94' title='bbox 346 711 409 731; x_wconf 88' lang='lat' dir='ltr'>non</span> <span class='ocrx_word' id='word_1_95' title='bbox 422 705 523 731; x_wconf 84' lang='lat' dir='ltr'>tamen</span> <span class='ocrx_word' id='word_1_96' title='bbox 534 710 657 738; x_wconf 83' lang='lat' dir='ltr'>prorsus</span> <span class='ocrx_word' id='word_1_97' title='bbox 674 710 809 730; x_wconf 89' lang='lat' dir='ltr'>consona</span> <span class='ocrx_word' id='word_1_98' title='bbox 821 702 920 730; x_wconf 85' lang='lat' dir='ltr'>verbis</span> <span class='ocrx_word' id='word_1_99' title='bbox 927 703 991 738; x_wconf 89' lang='lat' dir='ltr'>ejus</span> <span class='ocrx_word' id='word_1_100' title='bbox 1003 703 1042 731; x_wconf 88' lang='lat' dir='ltr'>vi-</span> 
     </span>
    </p>
   </div>
   <div class='ocr_carea' id='block_1_18' title="bbox 218 747 1044 784">
    <p class='ocr_par' dir='ltr' id='par_1_18' title="bbox 218 747 1044 784">
     <span class='ocr_line' id='line_1_18' title="bbox 218 747 1044 784; baseline -0.001 -8"><span class='ocrx_word' id='word_1_101' title='bbox 218 751 314 784; x_wconf 67' lang='lat' dir='ltr'>tasque</span> <span class='ocrx_word' id='word_1_102' title='bbox 329 748 462 780; x_wconf 83' lang='lat' dir='ltr'>dixisset,</span> <span class='ocrx_word' id='word_1_103' title='bbox 478 749 579 775; x_wconf 88' lang='lat' dir='ltr'>motus</span> <span class='ocrx_word' id='word_1_104' title='bbox 591 747 756 774; x_wconf 87' lang='lat' dir='ltr'>reverentia</span> <span class='ocrx_word' id='word_1_105' title='bbox 763 747 1044 779; x_wconf 77' lang='lat' dir='ltr'>douiexinde,sicut</span> 
     </span>
    </p>
   </div>
   <div class='ocr_carea' id='block_1_19' title="bbox 217 791 1041 829">
    <p class='ocr_par' dir='ltr' id='par_1_19' title="bbox 217 791 1041 829">
     <span class='ocr_line' id='line_1_19' title="bbox 217 791 1041 829; baseline -0.001 -9"><span class='ocrx_word' id='word_1_106' title='bbox 217 793 281 829; x_wconf 89' lang='lat' dir='ltr'>ipse</span> <span class='ocrx_word' id='word_1_107' title='bbox 294 794 427 825; x_wconf 86' lang='lat' dir='ltr'>testatur,</span> <span class='ocrx_word' id='word_1_108' title='bbox 441 791 639 828; x_wconf 84' lang='lat' dir='ltr'>procedentis,</span> <span class='ocrx_word' id='word_1_109' title='bbox 662 793 694 819; x_wconf 87' lang='lat' dir='ltr'>ut</span> <span class='ocrx_word' id='word_1_110' title='bbox 720 793 836 820; x_wconf 83' lang='lat' dir='ltr'>taceam</span> <span class='ocrx_word' id='word_1_111' title='bbox 864 792 1041 828; x_wconf 87' lang='lat' dir='ltr'>passionum</span> 
     </span>
    </p>
   </div>
   <div class='ocr_carea' id='block_1_20' title="bbox 1095 211 1910 249">
    <p class='ocr_par' dir='ltr' id='par_1_20' title="bbox 1095 211 1910 249">
     <span class='ocr_line' id='line_1_20' title="bbox 1095 211 1910 249; baseline 0.004 -11"><span class='ocrx_word' id='word_1_112' title='bbox 1095 213 1161 242; x_wconf 84' lang='grc' dir='ltr'>Τοὺς</span> <span class='ocrx_word' id='word_1_113' title='bbox 1179 214 1357 248; x_wconf 78' lang='grc' dir='ltr'>μεταστάντας</span> <span class='ocrx_word' id='word_1_114' title='bbox 1385 211 1412 243; x_wconf 82' lang='grc' dir='ltr'>ἐξ</span> <span class='ocrx_word' id='word_1_115' title='bbox 1436 213 1509 249; x_wconf 78' lang='grc' dir='ltr'>ἡμῶν</span> <span class='ocrx_word' id='word_1_116' title='bbox 1545 212 1706 247; x_wconf 80' lang='grc' dir='ltr'>ἀνάπαυσον,</span> <span class='ocrx_word' id='word_1_117' title='bbox 1744 215 1812 241; x_wconf 75' lang='grc' dir='ltr'>ἔνθα</span> <span class='ocrx_word' id='word_1_118' title='bbox 1845 217 1910 240; x_wconf 69' lang='grc' dir='ltr'>πάν-</span> 
     </span>
    </p>
   </div>
   <div class='ocr_carea' id='block_1_21' title="bbox 1096 256 1910 295">
    <p class='ocr_par' dir='ltr' id='par_1_21' title="bbox 1096 256 1910 295">
     <span class='ocr_line' id='line_1_21' title="bbox 1096 256 1910 295; baseline 0.004 -13"><span class='ocrx_word' id='word_1_119' title='bbox 1096 266 1145 282; x_wconf 81' lang='grc' dir='ltr'>των</span> <span class='ocrx_word' id='word_1_120' title='bbox 1161 256 1232 283; x_wconf 82' lang='grc' dir='ltr'>ἐστὶν</span> <span class='ocrx_word' id='word_1_121' title='bbox 1249 257 1264 285; x_wconf 87' lang='grc' dir='ltr'>ἡ</span> <span class='ocrx_word' id='word_1_122' title='bbox 1283 259 1408 294; x_wconf 85' lang='grc' dir='ltr'>σωτηρία.</span> <span class='ocrx_word' id='word_1_123' title='bbox 1435 257 1465 283; x_wconf 80' lang='grc' dir='ltr'><strong>Ὠ</strong></span> <span class='ocrx_word' id='word_1_124' title='bbox 1487 259 1571 288; x_wconf 81' lang='grc' dir='ltr'>πόσης</span> <span class='ocrx_word' id='word_1_125' title='bbox 1591 262 1669 285; x_wconf 78' lang='grc' dir='ltr'>τοῦτο</span> <span class='ocrx_word' id='word_1_126' title='bbox 1695 260 1767 295; x_wconf 73' lang='grc' dir='ltr'>γεμει</span> <span class='ocrx_word' id='word_1_127' title='bbox 1797 259 1910 295; x_wconf 55' lang='lat'>590.979-</span> 
     </span>
    </p>
   </div>
   <div class='ocr_carea' id='block_1_22' title="bbox 1097 300 1911 341">
    <p class='ocr_par' dir='ltr' id='par_1_22' title="bbox 1097 300 1911 341">
     <span class='ocr_line' id='line_1_22' title="bbox 1097 300 1911 341; baseline 0.004 -15"><span class='ocrx_word' id='word_1_128' title='bbox 1097 303 1157 336; x_wconf 81' lang='grc' dir='ltr'>φίας</span> <span class='ocrx_word' id='word_1_129' title='bbox 1179 302 1208 326; x_wconf 83' lang='grc' dir='ltr'>τὸ</span> <span class='ocrx_word' id='word_1_130' title='bbox 1228 300 1448 337; x_wconf 74' lang='grc' dir='ltr'>βραχυσύλλαϐον</span> <span class='ocrx_word' id='word_1_131' title='bbox 1479 301 1485 328; x_wconf 77' lang='lat' dir='ltr'>l</span> <span class='ocrx_word' id='word_1_132' title='bbox 1510 300 1733 338; x_wconf 78' lang='grc' dir='ltr'>βραχυσύλλαϐον</span> <span class='ocrx_word' id='word_1_133' title='bbox 1756 304 1824 340; x_wconf 73' lang='grc' dir='ltr'>γὰρ,</span> <span class='ocrx_word' id='word_1_134' title='bbox 1842 306 1911 341; x_wconf 73' lang='grc' dir='ltr'>πρὸς</span> 
     </span>
    </p>
   </div>
   <div class='ocr_carea' id='block_1_23' title="bbox 1096 346 1911 384">
    <p class='ocr_par' dir='ltr' id='par_1_23' title="bbox 1096 346 1911 384">
     <span class='ocr_line' id='line_1_23' title="bbox 1096 346 1911 384; baseline 0.004 -14"><span class='ocrx_word' id='word_1_135' title='bbox 1096 346 1126 374; x_wconf 81' lang='grc' dir='ltr'>ἣν</span> <span class='ocrx_word' id='word_1_136' title='bbox 1148 346 1300 382; x_wconf 78' lang='grc' dir='ltr'>παριστάνει</span> <span class='ocrx_word' id='word_1_137' title='bbox 1342 346 1477 376; x_wconf 85' lang='grc' dir='ltr'>πλατνκῶς</span> <span class='ocrx_word' id='word_1_138' title='bbox 1518 347 1612 372; x_wconf 78' lang='grc' dir='ltr'>ἔννοιαν</span> <span class='ocrx_word' id='word_1_139' title='bbox 1628 358 1634 363; x_wconf 93' lang='grc'><strong>·</strong></span> <span class='ocrx_word' id='word_1_140' title='bbox 1651 347 1671 372; x_wconf 82' lang='grc' dir='ltr'><strong><em>ὦ</em></strong></span> <span class='ocrx_word' id='word_1_141' title='bbox 1692 349 1778 376; x_wconf 79' lang='grc' dir='ltr'>πόσην</span> <span class='ocrx_word' id='word_1_142' title='bbox 1811 351 1911 384; x_wconf 68' lang='grc' dir='ltr'>σοφίας</span> 
     </span>
    </p>
   </div>
   <div class='ocr_carea' id='block_1_24' title="bbox 1097 389 1911 429">
    <p class='ocr_par' dir='ltr' id='par_1_24' title="bbox 1097 389 1911 429">
     <span class='ocr_line' id='line_1_24' title="bbox 1097 389 1911 429; baseline 0.004 -14"><span class='ocrx_word' id='word_1_143' title='bbox 1097 389 1177 425; x_wconf 74' lang='grc' dir='ltr'>αὐχεῖ</span> <span class='ocrx_word' id='word_1_144' title='bbox 1202 389 1370 425; x_wconf 75' lang='grc' dir='ltr'>μεγαλόνοιαν</span> <span class='ocrx_word' id='word_1_145' title='bbox 1396 392 1425 416; x_wconf 89' lang='grc' dir='ltr'>τὸ</span> <span class='ocrx_word' id='word_1_146' title='bbox 1444 390 1574 426; x_wconf 70' lang='grc' dir='ltr'>εὐόριστον</span> <span class='ocrx_word' id='word_1_147' title='bbox 1597 395 1673 418; x_wconf 83' lang='grc' dir='ltr'>τοῦτο</span> <span class='ocrx_word' id='word_1_148' title='bbox 1699 394 1743 418; x_wconf 82' lang='grc' dir='ltr'>καὶ</span> <span class='ocrx_word' id='word_1_149' title='bbox 1770 392 1911 429; x_wconf 65' lang='grc' dir='ltr'>εὐμνημο-</span> 
     </span>
    </p>
   </div>
   <div class='ocr_carea' id='block_1_25' title="bbox 1095 434 1909 471">
    <p class='ocr_par' dir='ltr' id='par_1_25' title="bbox 1095 434 1909 471">
     <span class='ocr_line' id='line_1_25' title="bbox 1095 434 1909 471; baseline 0.002 -11"><span class='ocrx_word' id='word_1_150' title='bbox 1095 434 1204 461; x_wconf 67' lang='grc' dir='ltr'>νευτονὶ</span> <span class='ocrx_word' id='word_1_151' title='bbox 1239 437 1346 465; x_wconf 85' lang='grc' dir='ltr'>Γενικῶς</span> <span class='ocrx_word' id='word_1_152' title='bbox 1384 434 1561 471; x_wconf 70' lang='grc' dir='ltr'>ἀποφαίνεται,</span> <span class='ocrx_word' id='word_1_153' title='bbox 1591 435 1682 466; x_wconf 85' lang='grc' dir='ltr'>ὁλικῶς</span> <span class='ocrx_word' id='word_1_154' title='bbox 1712 435 1909 469; x_wconf 75' lang='grc' dir='ltr'>ἀποδείκνυσι,</span> 
     </span>
    </p>
   </div>
   <div class='ocr_carea' id='block_1_26' title="bbox 1098 477 1911 517">
    <p class='ocr_par' dir='ltr' id='par_1_26' title="bbox 1098 477 1911 517">
     <span class='ocr_line' id='line_1_26' title="bbox 1098 477 1911 517; baseline 0.004 -13"><span class='ocrx_word' id='word_1_155' title='bbox 1098 483 1195 515; x_wconf 82' lang='grc' dir='ltr'>σεμνῶς</span> <span class='ocrx_word' id='word_1_156' title='bbox 1219 478 1359 514; x_wconf 77' lang='grc' dir='ltr'>ἀναγκάζει</span> <span class='ocrx_word' id='word_1_157' title='bbox 1395 477 1477 515; x_wconf 79' lang='grc' dir='ltr'>μηδέν</span> <span class='ocrx_word' id='word_1_158' title='bbox 1502 480 1626 515; x_wconf 77' lang='grc' dir='ltr'>ἡγεῖσθαι</span> <span class='ocrx_word' id='word_1_159' title='bbox 1651 482 1695 506; x_wconf 88' lang='grc' dir='ltr'>τόν</span> <span class='ocrx_word' id='word_1_160' title='bbox 1719 480 1792 517; x_wconf 72' lang='grc' dir='ltr'>βίον,</span> <span class='ocrx_word' id='word_1_161' title='bbox 1820 480 1911 517; x_wconf 42' lang='lat' dir='ltr'>(me?)</span> 
     </span>
    </p>
   </div>
   <div class='ocr_carea' id='block_1_27' title="bbox 1097 522 1909 561">
    <p class='ocr_par' dir='ltr' id='par_1_27' title="bbox 1097 522 1909 561">
     <span class='ocr_line' id='line_1_27' title="bbox 1097 522 1909 561; baseline 0.002 -12"><span class='ocrx_word' id='word_1_162' title='bbox 1097 525 1130 549; x_wconf 81' lang='grc' dir='ltr'>τὰ</span> <span class='ocrx_word' id='word_1_163' title='bbox 1155 526 1270 561; x_wconf 86' lang='grc' dir='ltr'>παρόντα</span> <span class='ocrx_word' id='word_1_164' title='bbox 1292 523 1454 559; x_wconf 81' lang='grc' dir='ltr'>λογίζεσθαι.</span> <span class='ocrx_word' id='word_1_165' title='bbox 1483 522 1545 551; x_wconf 76' lang='grc' dir='ltr'>Εἶπέ</span> <span class='ocrx_word' id='word_1_166' title='bbox 1562 535 1611 551; x_wconf 80' lang='grc' dir='ltr'>που</span> <span class='ocrx_word' id='word_1_167' title='bbox 1638 529 1689 551; x_wconf 82' lang='grc' dir='ltr'>τῶν</span> <span class='ocrx_word' id='word_1_168' title='bbox 1712 525 1795 551; x_wconf 67' lang='grc' dir='ltr'>αὐτοῦ</span> <span class='ocrx_word' id='word_1_169' title='bbox 1822 525 1909 561; x_wconf 74' lang='grc' dir='ltr'>λόγων</span> 
     </span>
    </p>
   </div>
   <div class='ocr_carea' id='block_1_28' title="bbox 1097 568 1908 605">
    <p class='ocr_par' dir='ltr' id='par_1_28' title="bbox 1097 568 1908 605">
     <span class='ocr_line' id='line_1_28' title="bbox 1097 568 1908 605; baseline 0.004 -12"><span class='ocrx_word' id='word_1_170' title='bbox 1097 570 1141 594; x_wconf 76' lang='grc' dir='ltr'>καὶ</span> <span class='ocrx_word' id='word_1_171' title='bbox 1170 568 1284 604; x_wconf 86' lang='grc' dir='ltr'>Σολομὼν</span> <span class='ocrx_word' id='word_1_172' title='bbox 1315 568 1497 605; x_wconf 81' lang='grc' dir='ltr'>παραπλήσια,</span> <span class='ocrx_word' id='word_1_173' title='bbox 1526 569 1539 594; x_wconf 89' lang='grc' dir='ltr'>ό</span> <span class='ocrx_word' id='word_1_174' title='bbox 1565 570 1668 595; x_wconf 81' lang='grc' dir='ltr'>πάντων</span> <span class='ocrx_word' id='word_1_175' title='bbox 1703 571 1769 605; x_wconf 86' lang='grc' dir='ltr'>μετά</span> <span class='ocrx_word' id='word_1_176' title='bbox 1799 571 1908 596; x_wconf 77' lang='grc' dir='ltr'>πάντων</span> 
     </span>
    </p>
   </div>
   <div class='ocr_carea' id='block_1_29' title="bbox 1096 612 1907 650">
    <p class='ocr_par' dir='ltr' id='par_1_29' title="bbox 1096 612 1907 650">
     <span class='ocr_line' id='line_1_29' title="bbox 1096 612 1907 650; baseline 0.002 -12"><span class='ocrx_word' id='word_1_177' title='bbox 1096 614 1326 649; x_wconf 74' lang='grc' dir='ltr'>μεμαρτυρημένοις</span> <span class='ocrx_word' id='word_1_178' title='bbox 1349 616 1494 649; x_wconf 72' lang='grc' dir='ltr'>σοφώτοτος</span> <span class='ocrx_word' id='word_1_179' title='bbox 1517 624 1523 630; x_wconf 90' lang='grc'><strong>·</strong></span> <span class='ocrx_word' id='word_1_180' title='bbox 1544 616 1589 640; x_wconf 82' lang='grc' dir='ltr'>καὶ</span> <span class='ocrx_word' id='word_1_181' title='bbox 1609 612 1663 640; x_wconf 78' lang='grc' dir='ltr'>εἷπε</span> <span class='ocrx_word' id='word_1_182' title='bbox 1691 615 1736 650; x_wconf 71' lang='grc' dir='ltr'>μὲν</span> <span class='ocrx_word' id='word_1_183' title='bbox 1766 614 1836 645; x_wconf 77' lang='grc' dir='ltr'>οῖξια</span> <span class='ocrx_word' id='word_1_184' title='bbox 1861 619 1907 645; x_wconf 69' lang='grc' dir='ltr'>τῆς</span> 
     </span>
    </p>
   </div>
   <div class='ocr_carea' id='block_1_30' title="bbox 1099 656 1907 695">
    <p class='ocr_par' dir='ltr' id='par_1_30' title="bbox 1099 656 1907 695">
     <span class='ocr_line' id='line_1_30' title="bbox 1099 656 1907 695; baseline 0.004 -13"><span class='ocrx_word' id='word_1_185' title='bbox 1099 657 1128 688; x_wconf 80' lang='grc' dir='ltr'>ἧς</span> <span class='ocrx_word' id='word_1_186' title='bbox 1161 657 1256 683; x_wconf 81' lang='grc' dir='ltr'>ἄνωθεν</span> <span class='ocrx_word' id='word_1_187' title='bbox 1281 656 1391 693; x_wconf 77' lang='grc' dir='ltr'>ἕσχήκει</span> <span class='ocrx_word' id='word_1_188' title='bbox 1432 660 1535 694; x_wconf 79' lang='grc' dir='ltr'>σοφίας,</span> <span class='ocrx_word' id='word_1_189' title='bbox 1565 661 1610 684; x_wconf 80' lang='grc' dir='ltr'>καὶ</span> <span class='ocrx_word' id='word_1_190' title='bbox 1635 657 1855 695; x_wconf 73' lang='grc' dir='ltr'>ἔγνωμοδότησεν</span> <span class='ocrx_word' id='word_1_191' title='bbox 1877 661 1907 689; x_wconf 75' lang='grc' dir='ltr'>ὡς</span> 
     </span>
    </p>
   </div>
   <div class='ocr_carea' id='block_1_31' title="bbox 1098 700 1906 739">
    <p class='ocr_par' dir='ltr' id='par_1_31' title="bbox 1098 700 1906 739">
     <span class='ocr_line' id='line_1_31' title="bbox 1098 700 1906 739; baseline 0.004 -12"><span class='ocrx_word' id='word_1_192' title='bbox 1098 702 1234 738; x_wconf 67' lang='grc' dir='ltr'>θαυμάσια</span> <span class='ocrx_word' id='word_1_193' title='bbox 1262 712 1268 718; x_wconf 92' lang='grc'><strong>·</strong></span> <span class='ocrx_word' id='word_1_194' title='bbox 1298 701 1351 727; x_wconf 76' lang='grc' dir='ltr'>ἀλλ’</span> <span class='ocrx_word' id='word_1_195' title='bbox 1390 701 1511 738; x_wconf 79' lang='grc' dir='ltr'>οὒμενουν</span> <span class='ocrx_word' id='word_1_196' title='bbox 1540 700 1682 734; x_wconf 82' lang='grc' dir='ltr'>διαπαντὸς</span> <span class='ocrx_word' id='word_1_197' title='bbox 1706 702 1819 739; x_wconf 74' lang='grc' dir='ltr'>συνῴδὰ</span> <span class='ocrx_word' id='word_1_198' title='bbox 1854 708 1906 734; x_wconf 83' lang='grc' dir='ltr'>τοῖς</span> 
     </span>
    </p>
   </div>
   <div class='ocr_carea' id='block_1_32' title="bbox 1096 744 1905 784">
    <p class='ocr_par' dir='ltr' id='par_1_32' title="bbox 1096 744 1905 784">
     <span class='ocr_line' id='line_1_32' title="bbox 1096 744 1905 784; baseline 0.002 -12"><span class='ocrx_word' id='word_1_199' title='bbox 1096 746 1182 782; x_wconf 86' lang='grc' dir='ltr'>λόγοις</span> <span class='ocrx_word' id='word_1_200' title='bbox 1206 748 1251 772; x_wconf 80' lang='grc' dir='ltr'>καὶ</span> <span class='ocrx_word' id='word_1_201' title='bbox 1273 747 1305 772; x_wconf 84' lang='grc' dir='ltr'>τὰ</span> <span class='ocrx_word' id='word_1_202' title='bbox 1323 749 1368 776; x_wconf 80' lang='grc' dir='ltr'>τῆς</span> <span class='ocrx_word' id='word_1_203' title='bbox 1386 744 1520 782; x_wconf 72' lang='grc' dir='ltr'>διαγωγῆς</span> <span class='ocrx_word' id='word_1_204' title='bbox 1540 745 1688 779; x_wconf 73' lang='grc' dir='ltr'>ἐπεδείξατο</span> <span class='ocrx_word' id='word_1_205' title='bbox 1718 758 1724 764; x_wconf 89' lang='grc'><strong>·</strong></span> <span class='ocrx_word' id='word_1_206' title='bbox 1750 746 1834 774; x_wconf 79' lang='grc' dir='ltr'>αἰδοῖ</span> <span class='ocrx_word' id='word_1_207' title='bbox 1855 750 1905 784; x_wconf 67' lang='grc' dir='ltr'>γὰρ</span> 
     </span>
    </p>
   </div>
   <div class='ocr_carea' id='block_1_33' title="bbox 1097 789 1904 830">
    <p class='ocr_par' dir='ltr' id='par_1_33' title="bbox 1097 789 1904 830">
     <span class='ocr_line' id='line_1_33' title="bbox 1097 789 1904 830; baseline 0.004 -14"><span class='ocrx_word' id='word_1_208' title='bbox 1097 795 1144 821; x_wconf 86' lang='grc' dir='ltr'>τῆς</span> <span class='ocrx_word' id='word_1_209' title='bbox 1171 789 1264 816; x_wconf 77' lang='grc' dir='ltr'>ὶκεῖθεν</span> <span class='ocrx_word' id='word_1_210' title='bbox 1294 791 1328 822; x_wconf 81' lang='grc' dir='ltr'>ὡς</span> <span class='ocrx_word' id='word_1_211' title='bbox 1367 791 1443 821; x_wconf 68' lang='grc' dir='ltr'>αὐτὸς</span> <span class='ocrx_word' id='word_1_212' title='bbox 1456 790 1549 822; x_wconf 72' lang='grc' dir='ltr'>ἐκεῖνος</span> <span class='ocrx_word' id='word_1_213' title='bbox 1575 794 1760 830; x_wconf 77' lang='grc' dir='ltr'>μεμαρτύρηκε</span> <span class='ocrx_word' id='word_1_214' title='bbox 1788 791 1904 830; x_wconf 74' lang='grc' dir='ltr'>δωρεᾶς,</span> 
     </span>
    </p>
   </div>
   <div class='ocr_carea' id='block_1_34' title="bbox 219 835 1042 874">
    <p class='ocr_par' dir='ltr' id='par_1_34' title="bbox 219 836 1041 873">
     <span class='ocr_line' id='line_1_34' title="bbox 219 836 1041 873; baseline -0.001 -7"><span class='ocrx_word' id='word_1_215' title='bbox 219 837 354 866; x_wconf 87' lang='lat' dir='ltr'>omnium</span> <span class='ocrx_word' id='word_1_216' title='bbox 370 837 584 870; x_wconf 83' lang='lat' dir='ltr'>humanarum,</span> <span class='ocrx_word' id='word_1_217' title='bbox 599 837 698 873; x_wconf 84' lang='lat' dir='ltr'>potius</span> <span class='ocrx_word' id='word_1_218' title='bbox 708 836 834 864; x_wconf 84' lang='lat' dir='ltr'>dixerim</span> <span class='ocrx_word' id='word_1_219' title='bbox 853 837 1041 865; x_wconf 86' lang='lat' dir='ltr'>irrationabi-</span> 
     </span>
    </p>
   </div>
   <div class='ocr_carea' id='block_1_35' title="bbox 1096 835 1907 874">
    <p class='ocr_par' dir='ltr' id='par_1_35' title="bbox 1096 835 1907 874">
     <span class='ocr_line' id='line_1_35' title="bbox 1096 835 1907 874; baseline 0.004 -14"><span class='ocrx_word' id='word_1_220' title='bbox 1096 837 1210 871; x_wconf 81' lang='grc' dir='ltr'>παρίημι</span> <span class='ocrx_word' id='word_1_221' title='bbox 1245 835 1326 871; x_wconf 76' lang='grc' dir='ltr'>λέγειν</span> <span class='ocrx_word' id='word_1_222' title='bbox 1346 836 1434 862; x_wconf 84' lang='grc' dir='ltr'>παθῶν</span> <span class='ocrx_word' id='word_1_223' title='bbox 1471 835 1636 873; x_wconf 74' lang='grc' dir='ltr'>ἀνθρωπίνων</span> <span class='ocrx_word' id='word_1_224' title='bbox 1664 839 1679 866; x_wconf 87' lang='grc' dir='ltr'>ἤ</span> <span class='ocrx_word' id='word_1_225' title='bbox 1709 837 1808 874; x_wconf 76' lang='grc' dir='ltr'>μᾶλλον</span> <span class='ocrx_word' id='word_1_226' title='bbox 1850 837 1907 863; x_wconf 64' lang='grc' dir='ltr'>ἀλο-</span> 
     </span>
    </p>
   </div>
   <div class='ocr_carea' id='block_1_36' title="bbox 218 881 1043 918">
    <p class='ocr_par' dir='ltr' id='par_1_36' title="bbox 218 881 1043 918">
     <span class='ocr_line' id='line_1_36' title="bbox 218 881 1043 918; baseline -0.001 -8"><span class='ocrx_word' id='word_1_227' title='bbox 218 882 292 910; x_wconf 89' lang='lat' dir='ltr'>lium</span> <span class='ocrx_word' id='word_1_228' title='bbox 302 882 571 918; x_wconf 86' lang='lat' dir='ltr'>compressionem,</span> <span class='ocrx_word' id='word_1_229' title='bbox 583 883 687 909; x_wconf 86' lang='lat' dir='ltr'>Beatus</span> <span class='ocrx_word' id='word_1_230' title='bbox 695 881 743 909; x_wconf 88' lang='lat' dir='ltr'>hic</span> <span class='ocrx_word' id='word_1_231' title='bbox 759 884 836 910; x_wconf 89' lang='lat' dir='ltr'>certe</span> <span class='ocrx_word' id='word_1_232' title='bbox 853 884 882 909; x_wconf 90' lang='lat' dir='ltr'>et</span> <span class='ocrx_word' id='word_1_233' title='bbox 895 890 964 910; x_wconf 87' lang='lat' dir='ltr'>vere</span> <span class='ocrx_word' id='word_1_234' title='bbox 979 889 1043 918; x_wconf 89' lang='lat' dir='ltr'>per-</span> 
     </span>
    </p>
   </div>
   <div class='ocr_carea' id='block_1_37' title="bbox 220 925 1043 962">
    <p class='ocr_par' dir='ltr' id='par_1_37' title="bbox 220 925 1043 962">
     <span class='ocr_line' id='line_1_37' title="bbox 220 925 1043 962; baseline 0 -8"><span class='ocrx_word' id='word_1_235' title='bbox 220 926 314 955; x_wconf 90' lang='lat' dir='ltr'>fectus</span> <span class='ocrx_word' id='word_1_236' title='bbox 329 927 421 954; x_wconf 88' lang='lat' dir='ltr'>homo</span> <span class='ocrx_word' id='word_1_237' title='bbox 432 925 495 957; x_wconf 81' lang='lat' dir='ltr'>fuit.</span> <span class='ocrx_word' id='word_1_238' title='bbox 513 926 565 962; x_wconf 86' lang='lat' dir='ltr'>qui</span> <span class='ocrx_word' id='word_1_239' title='bbox 586 926 642 954; x_wconf 86' lang='lat' dir='ltr'>sibi</span> <span class='ocrx_word' id='word_1_240' title='bbox 668 926 792 954; x_wconf 91' lang='lat' dir='ltr'>omnino</span> <span class='ocrx_word' id='word_1_241' title='bbox 823 926 961 954; x_wconf 87' lang='lat' dir='ltr'>conscius</span> <span class='ocrx_word' id='word_1_242' title='bbox 980 929 1043 954; x_wconf 90' lang='lat' dir='ltr'>erat</span> 
     </span>
    </p>
   </div>
   <div class='ocr_carea' id='block_1_38' title="bbox 217 971 1041 1007">
    <p class='ocr_par' dir='ltr' id='par_1_38' title="bbox 217 971 1041 1007">
     <span class='ocr_line' id='line_1_38' title="bbox 217 971 1041 1007; baseline 0 -8"><span class='ocrx_word' id='word_1_243' title='bbox 217 971 417 1000; x_wconf 88' lang='lat' dir='ltr'>eollateralem</span> <span class='ocrx_word' id='word_1_244' title='bbox 434 972 494 999; x_wconf 88' lang='lat' dir='ltr'>Deo</span> <span class='ocrx_word' id='word_1_245' title='bbox 509 971 689 1007; x_wconf 86' lang='lat' dir='ltr'>sapientiam</span> <span class='ocrx_word' id='word_1_246' title='bbox 703 978 763 998; x_wconf 90' lang='lat' dir='ltr'>non</span> <span class='ocrx_word' id='word_1_247' title='bbox 783 971 906 1007; x_wconf 88' lang='lat' dir='ltr'>quidem</span> <span class='ocrx_word' id='word_1_248' title='bbox 921 971 1041 1007; x_wconf 85' lang='lat' dir='ltr'>petiisse</span> 
     </span>
    </p>
   </div>
   <div class='ocr_carea' id='block_1_39' title="bbox 216 1014 1042 1051">
    <p class='ocr_par' dir='ltr' id='par_1_39' title="bbox 216 1014 1042 1051">
     <span class='ocr_line' id='line_1_39' title="bbox 216 1014 1042 1051; baseline -0.002 -7"><span class='ocrx_word' id='word_1_249' title='bbox 216 1015 330 1051; x_wconf 83' lang='lat' dir='ltr'>palam,</span> <span class='ocrx_word' id='word_1_250' title='bbox 340 1015 393 1044; x_wconf 91' lang='lat' dir='ltr'>sed</span> <span class='ocrx_word' id='word_1_251' title='bbox 408 1023 478 1044; x_wconf 88' lang='lat' dir='ltr'>vere</span> <span class='ocrx_word' id='word_1_252' title='bbox 492 1014 712 1050; x_wconf 85' lang='lat' dir='ltr'>accepisse,etsi</span> <span class='ocrx_word' id='word_1_253' title='bbox 727 1015 960 1051; x_wconf 86' lang='lat' dir='ltr'>nonpropalaret</span> <span class='ocrx_word' id='word_1_254' title='bbox 968 1023 1042 1051; x_wconf 90' lang='lat' dir='ltr'>quo-</span> 
     </span>
    </p>
   </div>
   <div class='ocr_carea' id='block_1_40' title="bbox 217 1059 1040 1096">
    <p class='ocr_par' dir='ltr' id='par_1_40' title="bbox 217 1059 1040 1096">
     <span class='ocr_line' id='line_1_40' title="bbox 217 1059 1040 1096; baseline 0 -8"><span class='ocrx_word' id='word_1_255' title='bbox 217 1060 309 1088; x_wconf 88' lang='lat' dir='ltr'>modo</span> <span class='ocrx_word' id='word_1_256' title='bbox 325 1067 393 1088; x_wconf 90' lang='lat' dir='ltr'>eam</span> <span class='ocrx_word' id='word_1_257' title='bbox 403 1060 556 1095; x_wconf 78' lang='lat' dir='ltr'>receperit,</span> <span class='ocrx_word' id='word_1_258' title='bbox 566 1061 667 1095; x_wconf 90' lang='lat' dir='ltr'>utpote</span> <span class='ocrx_word' id='word_1_259' title='bbox 676 1059 852 1094; x_wconf 81' lang='lat' dir='ltr'>jactantiam</span> <span class='ocrx_word' id='word_1_260' title='bbox 862 1060 920 1087; x_wconf 88' lang='lat' dir='ltr'>oris</span> <span class='ocrx_word' id='word_1_261' title='bbox 931 1067 1040 1096; x_wconf 83' lang='lat' dir='ltr'>usque-</span> 
     </span>
    </p>
   </div>
   <div class='ocr_carea' id='block_1_41' title="bbox 217 1102 1042 1140">
    <p class='ocr_par' dir='ltr' id='par_1_41' title="bbox 217 1102 1042 1140">
     <span class='ocr_line' id='line_1_41' title="bbox 217 1102 1042 1140; baseline 0 -8"><span class='ocrx_word' id='word_1_262' title='bbox 217 1112 339 1140; x_wconf 82' lang='lat' dir='ltr'>quaque</span> <span class='ocrx_word' id='word_1_263' title='bbox 353 1104 518 1138; x_wconf 79' lang='lat' dir='ltr'>declinans;</span> <span class='ocrx_word' id='word_1_264' title='bbox 544 1111 638 1139; x_wconf 90' lang='lat' dir='ltr'>quam</span> <span class='ocrx_word' id='word_1_265' title='bbox 668 1102 698 1130; x_wconf 91' lang='lat' dir='ltr'>id</span> <span class='ocrx_word' id='word_1_266' title='bbox 715 1106 815 1131; x_wconf 85' lang='lat' dir='ltr'>tamen</span> <span class='ocrx_word' id='word_1_267' title='bbox 836 1112 939 1131; x_wconf 89' lang='lat' dir='ltr'>verum</span> <span class='ocrx_word' id='word_1_268' title='bbox 965 1106 1042 1132; x_wconf 87' lang='lat' dir='ltr'>esset</span> 
     </span>
    </p>
   </div>
   <div class='ocr_carea' id='block_1_42' title="bbox 218 1146 1041 1183">
    <p class='ocr_par' dir='ltr' id='par_1_42' title="bbox 218 1146 1041 1183">
     <span class='ocr_line' id='line_1_42' title="bbox 218 1146 1041 1183; baseline 0.001 -8"><span class='ocrx_word' id='word_1_269' title='bbox 218 1156 356 1176; x_wconf 83' lang='lat' dir='ltr'>sermone</span> <span class='ocrx_word' id='word_1_270' title='bbox 371 1147 460 1175; x_wconf 86' lang='lat' dir='ltr'>simul</span> <span class='ocrx_word' id='word_1_271' title='bbox 474 1150 503 1175; x_wconf 88' lang='lat' dir='ltr'>et</span> <span class='ocrx_word' id='word_1_272' title='bbox 512 1154 602 1183; x_wconf 90' lang='lat' dir='ltr'>opere</span> <span class='ocrx_word' id='word_1_273' title='bbox 615 1146 783 1181; x_wconf 85' lang='lat' dir='ltr'>declarans,</span> <span class='ocrx_word' id='word_1_274' title='bbox 814 1147 940 1176; x_wconf 85' lang='lat' dir='ltr'>Prorsus</span> <span class='ocrx_word' id='word_1_275' title='bbox 961 1148 1041 1176; x_wconf 91' lang='lat' dir='ltr'>enim</span> 
     </span>
    </p>
   </div>
   <div class='ocr_carea' id='block_1_43' title="bbox 217 1190 1038 1229">
    <p class='ocr_par' dir='ltr' id='par_1_43' title="bbox 217 1190 1038 1229">
     <span class='ocr_line' id='line_1_43' title="bbox 217 1190 1038 1229; baseline 0.001 -9"><span class='ocrx_word' id='word_1_276' title='bbox 217 1199 341 1220; x_wconf 80' lang='lat' dir='ltr'>aversus</span> <span class='ocrx_word' id='word_1_277' title='bbox 352 1199 369 1219; x_wconf 90' lang='lat' dir='ltr'>a</span> <span class='ocrx_word' id='word_1_278' title='bbox 383 1191 498 1219; x_wconf 88' lang='lat' dir='ltr'>mundo</span> <span class='ocrx_word' id='word_1_279' title='bbox 512 1193 540 1219; x_wconf 89' lang='lat' dir='ltr'>et</span> <span class='ocrx_word' id='word_1_280' title='bbox 552 1191 634 1219; x_wconf 90' lang='lat' dir='ltr'>omni</span> <span class='ocrx_word' id='word_1_281' title='bbox 643 1190 750 1218; x_wconf 82' lang='lat' dir='ltr'>affectu</span> <span class='ocrx_word' id='word_1_282' title='bbox 778 1191 940 1220; x_wconf 86' lang='lat' dir='ltr'>irrationali</span> <span class='ocrx_word' id='word_1_283' title='bbox 955 1201 1038 1229; x_wconf 87' lang='lat' dir='ltr'>supe-</span> 
     </span>
    </p>
   </div>
   <div class='ocr_carea' id='block_1_44' title="bbox 217 1235 1041 1272">
    <p class='ocr_par' dir='ltr' id='par_1_44' title="bbox 217 1235 1041 1272">
     <span class='ocr_line' id='line_1_44' title="bbox 217 1235 1041 1272; baseline 0.002 -9"><span class='ocrx_word' id='word_1_284' title='bbox 217 1236 289 1269; x_wconf 87' lang='lat' dir='ltr'>rior,</span> <span class='ocrx_word' id='word_1_285' title='bbox 306 1238 396 1271; x_wconf 88' lang='lat' dir='ltr'>atque</span> <span class='ocrx_word' id='word_1_286' title='bbox 419 1237 452 1262; x_wconf 90' lang='lat' dir='ltr'>ut</span> <span class='ocrx_word' id='word_1_287' title='bbox 467 1235 558 1263; x_wconf 90' lang='lat' dir='ltr'>verbo</span> <span class='ocrx_word' id='word_1_288' title='bbox 572 1235 739 1269; x_wconf 80' lang='lat' dir='ltr'>absolvam,</span> <span class='ocrx_word' id='word_1_289' title='bbox 756 1243 841 1272; x_wconf 61' lang='lat' dir='ltr'>atque</span> <span class='ocrx_word' id='word_1_290' title='bbox 855 1236 991 1265; x_wconf 86' lang='lat' dir='ltr'>faciendo</span> <span class='ocrx_word' id='word_1_291' title='bbox 1007 1246 1041 1265; x_wconf 92' lang='lat' dir='ltr'>ac</span> 
     </span>
    </p>
   </div>
   <div class='ocr_carea' id='block_1_45' title="bbox 218 1279 1041 1316">
    <p class='ocr_par' dir='ltr' id='par_1_45' title="bbox 218 1279 1041 1316">
     <span class='ocr_line' id='line_1_45' title="bbox 218 1279 1041 1316; baseline 0.002 -9"><span class='ocrx_word' id='word_1_292' title='bbox 218 1279 613 1316; x_wconf 85' lang='lat' dir='ltr'>speculandopbilosophari</span> <span class='ocrx_word' id='word_1_293' title='bbox 620 1279 754 1314; x_wconf 85' lang='lat' dir='ltr'>edoctus,</span> <span class='ocrx_word' id='word_1_294' title='bbox 766 1281 868 1308; x_wconf 87' lang='lat' dir='ltr'>omnia</span> <span class='ocrx_word' id='word_1_295' title='bbox 877 1281 1041 1309; x_wconf 90' lang='lat' dir='ltr'>simulcon-</span> 
     </span>
    </p>
   </div>
   <div class='ocr_carea' id='block_1_46' title="bbox 218 1323 1042 1362">
    <p class='ocr_par' dir='ltr' id='par_1_46' title="bbox 218 1323 1042 1362">
     <span class='ocr_line' id='line_1_46' title="bbox 218 1323 1042 1362; baseline 0.002 -10"><span class='ocrx_word' id='word_1_296' title='bbox 218 1323 374 1352; x_wconf 89' lang='lat' dir='ltr'>temnebat</span> <span class='ocrx_word' id='word_1_297' title='bbox 383 1326 411 1351; x_wconf 91' lang='lat' dir='ltr'>et</span> <span class='ocrx_word' id='word_1_298' title='bbox 422 1324 505 1352; x_wconf 89' lang='lat' dir='ltr'>nihili</span> <span class='ocrx_word' id='word_1_299' title='bbox 519 1323 648 1352; x_wconf 81' lang='lat' dir='ltr'>faciebat</span> <span class='ocrx_word' id='word_1_300' title='bbox 663 1324 776 1357; x_wconf 86' lang='lat' dir='ltr'>omnia;</span> <span class='ocrx_word' id='word_1_301' title='bbox 786 1325 897 1361; x_wconf 88' lang='lat' dir='ltr'>quippe</span> <span class='ocrx_word' id='word_1_302' title='bbox 904 1326 955 1362; x_wconf 90' lang='lat' dir='ltr'>qui</span> <span class='ocrx_word' id='word_1_303' title='bbox 968 1329 1042 1354; x_wconf 92' lang='lat' dir='ltr'>tem-</span> 
     </span>
    </p>
   </div>
   <div class='ocr_carea' id='block_1_47' title="bbox 217 1364 1042 1406">
    <p class='ocr_par' dir='ltr' id='par_1_47' title="bbox 217 1364 1042 1406">
     <span class='ocr_line' id='line_1_47' title="bbox 217 1364 1042 1406; baseline 0.004 -10"><span class='ocrx_word' id='word_1_304' title='bbox 217 1368 334 1405; x_wconf 87' lang='lat' dir='ltr'>poralia</span> <span class='ocrx_word' id='word_1_305' title='bbox 347 1371 376 1396; x_wconf 88' lang='lat' dir='ltr'>et</span> <span class='ocrx_word' id='word_1_306' title='bbox 385 1364 502 1396; x_wconf 84' lang='lat' dir='ltr'>terrena</span> <span class='ocrx_word' id='word_1_307' title='bbox 516 1370 623 1396; x_wconf 88' lang='lat' dir='ltr'>cuncta</span> <span class='ocrx_word' id='word_1_308' title='bbox 645 1368 745 1404; x_wconf 89' lang='lat' dir='ltr'>potius</span> <span class='ocrx_word' id='word_1_309' title='bbox 767 1376 828 1397; x_wconf 93' lang='lat' dir='ltr'>non</span> <span class='ocrx_word' id='word_1_310' title='bbox 855 1377 923 1398; x_wconf 83' lang='lat' dir='ltr'>esse</span> <span class='ocrx_word' id='word_1_311' title='bbox 948 1378 1042 1406; x_wconf 89' lang='lat' dir='ltr'>quam</span> 
     </span>
    </p>
   </div>
   <div class='ocr_carea' id='block_1_48' title="bbox 218 1412 1044 1449">
    <p class='ocr_par' dir='ltr' id='par_1_48' title="bbox 218 1412 1044 1449">
     <span class='ocr_line' id='line_1_48' title="bbox 218 1412 1044 1449; baseline 0.004 -9"><span class='ocrx_word' id='word_1_312' title='bbox 218 1420 284 1440; x_wconf 90' lang='lat' dir='ltr'>esse</span> <span class='ocrx_word' id='word_1_313' title='bbox 294 1412 446 1447; x_wconf 86' lang='lat' dir='ltr'>credebat;</span> <span class='ocrx_word' id='word_1_314' title='bbox 463 1415 551 1448; x_wconf 89' lang='lat' dir='ltr'>atque</span> <span class='ocrx_word' id='word_1_315' title='bbox 566 1412 645 1441; x_wconf 91' lang='lat' dir='ltr'>illius</span> <span class='ocrx_word' id='word_1_316' title='bbox 657 1413 799 1449; x_wconf 62' lang='lat' dir='ltr'>praecipui</span> <span class='ocrx_word' id='word_1_317' title='bbox 814 1413 887 1442; x_wconf 89' lang='lat' dir='ltr'>boni</span> <span class='ocrx_word' id='word_1_318' title='bbox 897 1415 1044 1443; x_wconf 82' lang='lat' dir='ltr'>duntaxat</span> 
     </span>
    </p>
   </div>
   <div class='ocr_carea' id='block_1_49' title="bbox 217 1457 1040 1496">
    <p class='ocr_par' dir='ltr' id='par_1_49' title="bbox 217 1457 1040 1496">
     <span class='ocr_line' id='line_1_49' title="bbox 217 1457 1040 1496; baseline 0.002 -11"><span class='ocrx_word' id='word_1_319' title='bbox 217 1457 380 1493; x_wconf 83' lang='lat' dir='ltr'>cupiditate</span> <span class='ocrx_word' id='word_1_320' title='bbox 389 1457 549 1492; x_wconf 79' lang='lat' dir='ltr'>ﬂagrabat.</span> <span class='ocrx_word' id='word_1_321' title='bbox 581 1457 665 1493; x_wconf 90' lang='lat' dir='ltr'>quod</span> <span class='ocrx_word' id='word_1_322' title='bbox 681 1465 772 1494; x_wconf 87' lang='lat' dir='ltr'>supra</span> <span class='ocrx_word' id='word_1_323' title='bbox 794 1465 849 1486; x_wconf 89' lang='lat' dir='ltr'>nos</span> <span class='ocrx_word' id='word_1_324' title='bbox 869 1462 912 1487; x_wconf 90' lang='lat' dir='ltr'>est</span> <span class='ocrx_word' id='word_1_325' title='bbox 940 1462 1040 1496; x_wconf 87' lang='lat' dir='ltr'>atque,</span> 
     </span>
    </p>
   </div>
   <div class='ocr_carea' id='block_1_50' title="bbox 216 1501 1078 1543">
    <p class='ocr_par' dir='ltr' id='par_1_50' title="bbox 216 1501 1078 1543">
     <span class='ocr_line' id='line_1_50' title="bbox 216 1501 1078 1543; baseline 0.003 -14"><span class='ocrx_word' id='word_1_326' title='bbox 216 1501 377 1536; x_wconf 78' lang='lat' dir='ltr'>ineffabile,</span> <span class='ocrx_word' id='word_1_327' title='bbox 389 1503 418 1530; x_wconf 89' lang='lat' dir='ltr'>et</span> <span class='ocrx_word' id='word_1_328' title='bbox 432 1501 514 1538; x_wconf 87' lang='lat' dir='ltr'>quod</span> <span class='ocrx_word' id='word_1_329' title='bbox 529 1502 667 1530; x_wconf 91' lang='lat' dir='ltr'>universa</span> <span class='ocrx_word' id='word_1_330' title='bbox 680 1509 748 1538; x_wconf 68' lang='lat' dir='ltr'>quas</span> <span class='ocrx_word' id='word_1_331' title='bbox 782 1505 852 1531; x_wconf 85' lang='lat' dir='ltr'>sunt</span> <span class='ocrx_word' id='word_1_332' title='bbox 879 1511 967 1532; x_wconf 90' lang='lat' dir='ltr'>suam</span> <span class='ocrx_word' id='word_1_333' title='bbox 990 1504 1042 1532; x_wconf 87' lang='lat' dir='ltr'>ha-</span> <span class='ocrx_word' id='word_1_334' title='bbox 1056 1514 1078 1543; x_wconf 76' lang='grc' dir='ltr'>α</span> 
     </span>
    </p>
   </div>
   <div class='ocr_carea' id='block_1_51' title="bbox 216 1545 707 1582">
    <p class='ocr_par' dir='ltr' id='par_1_51' title="bbox 216 1545 707 1582">
     <span class='ocr_line' id='line_1_51' title="bbox 216 1545 707 1582; baseline 0 -9"><span class='ocrx_word' id='word_1_335' title='bbox 216 1545 287 1575; x_wconf 89' lang='lat' dir='ltr'>bent</span> <span class='ocrx_word' id='word_1_336' title='bbox 303 1546 349 1574; x_wconf 88' lang='lat' dir='ltr'>vel</span> <span class='ocrx_word' id='word_1_337' title='bbox 364 1545 515 1582; x_wconf 86' lang='lat' dir='ltr'>accipiunt</span> <span class='ocrx_word' id='word_1_338' title='bbox 533 1547 707 1574; x_wconf 85' lang='lat' dir='ltr'>essentiam.</span> 
     </span>
    </p>
   </div>
   <div class='ocr_carea' id='block_1_52' title="bbox 251 1599 1042 1636">
    <p class='ocr_par' dir='ltr' id='par_1_52' title="bbox 251 1599 1042 1636">
     <span class='ocr_line' id='line_1_52' title="bbox 251 1599 1042 1636; baseline 0.003 -9"><span class='ocrx_word' id='word_1_339' title='bbox 251 1600 295 1627; x_wconf 72' lang='grc'>46.</span> <span class='ocrx_word' id='word_1_340' title='bbox 315 1599 381 1632; x_wconf 89' lang='lat' dir='ltr'>Sed,</span> <span class='ocrx_word' id='word_1_341' title='bbox 395 1607 414 1627; x_wconf 91' lang='grc' dir='ltr'>ο</span> <span class='ocrx_word' id='word_1_342' title='bbox 424 1601 615 1636; x_wconf 88' lang='lat' dir='ltr'>repentinum</span> <span class='ocrx_word' id='word_1_343' title='bbox 626 1607 730 1627; x_wconf 89' lang='lat' dir='ltr'>casum</span> <span class='ocrx_word' id='word_1_344' title='bbox 745 1600 751 1627; x_wconf 87' lang='lat'>!</span> <span class='ocrx_word' id='word_1_345' title='bbox 764 1602 815 1628; x_wconf 87' lang='lat' dir='ltr'>aut</span> <span class='ocrx_word' id='word_1_346' title='bbox 833 1600 945 1636; x_wconf 88' lang='lat' dir='ltr'>potius,</span> <span class='ocrx_word' id='word_1_347' title='bbox 966 1609 1042 1636; x_wconf 84' lang='lat' dir='ltr'>euge</span> 
     </span>
    </p>
   </div>
   <div class='ocr_carea' id='block_1_53' title="bbox 217 1643 1043 1682">
    <p class='ocr_par' dir='ltr' id='par_1_53' title="bbox 217 1643 1043 1682">
     <span class='ocr_line' id='line_1_53' title="bbox 217 1643 1043 1682; baseline 0.004 -11"><span class='ocrx_word' id='word_1_348' title='bbox 217 1643 393 1679; x_wconf 73' lang='lat' dir='ltr'>praeclaram</span> <span class='ocrx_word' id='word_1_349' title='bbox 408 1643 487 1672; x_wconf 85' lang='lat' dir='ltr'>beati</span> <span class='ocrx_word' id='word_1_350' title='bbox 498 1643 591 1671; x_wconf 88' lang='lat' dir='ltr'>nostri</span> <span class='ocrx_word' id='word_1_351' title='bbox 601 1643 709 1672; x_wconf 88' lang='lat' dir='ltr'>exinde</span> <span class='ocrx_word' id='word_1_352' title='bbox 733 1644 942 1680; x_wconf 87' lang='lat' dir='ltr'>probationem</span> <span class='ocrx_word' id='word_1_353' title='bbox 960 1646 966 1673; x_wconf 89' lang='lat'><strong>!</strong></span> <span class='ocrx_word' id='word_1_354' title='bbox 981 1654 1043 1682; x_wconf 89' lang='lat' dir='ltr'>qua</span> 
     </span>
    </p>
   </div>
   <div class='ocr_carea' id='block_1_54' title="bbox 215 1687 1042 1725">
    <p class='ocr_par' dir='ltr' id='par_1_54' title="bbox 215 1687 1042 1725">
     <span class='ocr_line' id='line_1_54' title="bbox 215 1687 1042 1725; baseline 0.004 -10"><span class='ocrx_word' id='word_1_355' title='bbox 215 1687 403 1716; x_wconf 85' lang='lat' dir='ltr'>manifestius</span> <span class='ocrx_word' id='word_1_356' title='bbox 418 1687 549 1716; x_wconf 85' lang='lat' dir='ltr'>debebat</span> <span class='ocrx_word' id='word_1_357' title='bbox 563 1689 734 1720; x_wconf 89' lang='lat' dir='ltr'>monstrari,</span> <span class='ocrx_word' id='word_1_358' title='bbox 748 1697 842 1725; x_wconf 89' lang='lat' dir='ltr'>quam</span> <span class='ocrx_word' id='word_1_359' title='bbox 861 1689 999 1718; x_wconf 88' lang='lat' dir='ltr'>subditus</span> <span class='ocrx_word' id='word_1_360' title='bbox 1014 1693 1042 1718; x_wconf 92' lang='lat' dir='ltr'>et</span> 
     </span>
    </p>
   </div>
   <div class='ocr_carea' id='block_1_55' title="bbox 215 1733 1042 1769">
    <p class='ocr_par' dir='ltr' id='par_1_55' title="bbox 215 1733 1042 1769">
     <span class='ocr_line' id='line_1_55' title="bbox 215 1733 1042 1769; baseline 0.005 -10"><span class='ocrx_word' id='word_1_361' title='bbox 215 1740 307 1768; x_wconf 87' lang='lat' dir='ltr'>quam</span> <span class='ocrx_word' id='word_1_362' title='bbox 316 1735 476 1768; x_wconf 85' lang='lat' dir='ltr'>promptus</span> <span class='ocrx_word' id='word_1_363' title='bbox 488 1735 566 1760; x_wconf 89' lang='lat' dir='ltr'>esset</span> <span class='ocrx_word' id='word_1_364' title='bbox 581 1733 620 1760; x_wconf 87' lang='lat' dir='ltr'>ad</span> <span class='ocrx_word' id='word_1_365' title='bbox 628 1733 718 1760; x_wconf 87' lang='lat' dir='ltr'>Patris</span> <span class='ocrx_word' id='word_1_366' title='bbox 728 1733 773 1760; x_wconf 91' lang='lat' dir='ltr'>sui</span> <span class='ocrx_word' id='word_1_367' title='bbox 783 1733 944 1769; x_wconf 87' lang='lat' dir='ltr'>spiritualis</span> <span class='ocrx_word' id='word_1_368' title='bbox 957 1743 1042 1763; x_wconf 81' lang='lat' dir='ltr'>man-</span> 
     </span>
    </p>
   </div>
   <div class='ocr_carea' id='block_1_56' title="bbox 215 1775 1043 1812">
    <p class='ocr_par' dir='ltr' id='par_1_56' title="bbox 215 1775 1043 1812">
     <span class='ocr_line' id='line_1_56' title="bbox 215 1775 1043 1812; baseline 0.006 -10"><span class='ocrx_word' id='word_1_369' title='bbox 215 1775 331 1809; x_wconf 86' lang='lat' dir='ltr'>datum,</span> <span class='ocrx_word' id='word_1_370' title='bbox 342 1778 549 1812; x_wconf 86' lang='lat' dir='ltr'>quantamque</span> <span class='ocrx_word' id='word_1_371' title='bbox 564 1776 767 1804; x_wconf 88' lang='lat' dir='ltr'>obedientiam</span> <span class='ocrx_word' id='word_1_372' title='bbox 778 1777 803 1804; x_wconf 91' lang='lat' dir='ltr'>ei</span> <span class='ocrx_word' id='word_1_373' title='bbox 821 1778 960 1807; x_wconf 85' lang='lat' dir='ltr'>deferret.</span> <span class='ocrx_word' id='word_1_374' title='bbox 990 1781 1043 1808; x_wconf 91' lang='lat' dir='ltr'>Ca-</span> 
     </span>
    </p>
   </div>
   <div class='ocr_carea' id='block_1_57' title="bbox 214 1819 1044 1857">
    <p class='ocr_par' dir='ltr' id='par_1_57' title="bbox 214 1819 1044 1857">
     <span class='ocr_line' id='line_1_57' title="bbox 214 1819 1044 1857; baseline 0.005 -9"><span class='ocrx_word' id='word_1_375' title='bbox 214 1820 295 1848; x_wconf 88' lang='lat' dir='ltr'>nenti</span> <span class='ocrx_word' id='word_1_376' title='bbox 302 1822 409 1855; x_wconf 73' lang='lat' dir='ltr'>praeter</span> <span class='ocrx_word' id='word_1_377' title='bbox 414 1819 661 1855; x_wconf 84' lang='lat' dir='ltr'>exspectationem</span> <span class='ocrx_word' id='word_1_378' title='bbox 668 1822 841 1856; x_wconf 86' lang='lat' dir='ltr'>supervenit</span> <span class='ocrx_word' id='word_1_379' title='bbox 847 1824 1044 1857; x_wconf 76' lang='lat' dir='ltr'>senex,verba</span> 
     </span>
    </p>
   </div>
   <div class='ocr_carea' id='block_1_58' title="bbox 216 1863 1043 1904">
    <p class='ocr_par' dir='ltr' id='par_1_58' title="bbox 216 1863 1043 1904">
     <span class='ocr_line' id='line_1_58' title="bbox 216 1863 1043 1904; baseline 0.006 -13"><span class='ocrx_word' id='word_1_380' title='bbox 216 1863 310 1896; x_wconf 84' lang='lat' dir='ltr'>audit,</span> <span class='ocrx_word' id='word_1_381' title='bbox 327 1872 389 1891; x_wconf 91' lang='lat' dir='ltr'>rem</span> <span class='ocrx_word' id='word_1_382' title='bbox 401 1863 730 1899; x_wconf 77' lang='lat' dir='ltr'>intelligit,indignatur</span> <span class='ocrx_word' id='word_1_383' title='bbox 742 1867 775 1892; x_wconf 92' lang='lat' dir='ltr'>ut</span> <span class='ocrx_word' id='word_1_384' title='bbox 789 1868 989 1904; x_wconf 89' lang='lat' dir='ltr'>contemptus.</span> <span class='ocrx_word' id='word_1_385' title='bbox 998 1869 1043 1897; x_wconf 91' lang='lat' dir='ltr'>ln-</span> 
     </span>
    </p>
   </div>
   <div class='ocr_carea' id='block_1_59' title="bbox 216 1908 1044 1945">
    <p class='ocr_par' dir='ltr' id='par_1_59' title="bbox 216 1908 1044 1945">
     <span class='ocr_line' id='line_1_59' title="bbox 216 1908 1044 1945; baseline 0.007 -10"><span class='ocrx_word' id='word_1_386' title='bbox 216 1908 351 1943; x_wconf 82' lang='lat' dir='ltr'>greditur</span> <span class='ocrx_word' id='word_1_387' title='bbox 367 1916 437 1943; x_wconf 82' lang='lat' dir='ltr'>ergo</span> <span class='ocrx_word' id='word_1_388' title='bbox 451 1908 496 1937; x_wconf 88' lang='lat' dir='ltr'>ira</span> <span class='ocrx_word' id='word_1_389' title='bbox 505 1911 624 1936; x_wconf 89' lang='lat' dir='ltr'>tumens</span> <span class='ocrx_word' id='word_1_390' title='bbox 639 1911 667 1937; x_wconf 92' lang='lat' dir='ltr'>et</span> <span class='ocrx_word' id='word_1_391' title='bbox 676 1909 783 1945; x_wconf 88' lang='lat' dir='ltr'>plenus</span> <span class='ocrx_word' id='word_1_392' title='bbox 797 1910 895 1939; x_wconf 84' lang='lat' dir='ltr'>furore</span> <span class='ocrx_word' id='word_1_393' title='bbox 908 1919 944 1940; x_wconf 84' lang='lat' dir='ltr'>ac</span> <span class='ocrx_word' id='word_1_394' title='bbox 952 1913 1044 1944; x_wconf 86' lang='lat' dir='ltr'>veluti</span> 
     </span>
    </p>
   </div>
   <div class='ocr_carea' id='block_1_60' title="bbox 215 1952 1041 1991">
    <p class='ocr_par' dir='ltr' id='par_1_60' title="bbox 215 1952 1041 1991">
     <span class='ocr_line' id='line_1_60' title="bbox 215 1952 1041 1991; baseline 0.006 -11"><span class='ocrx_word' id='word_1_395' title='bbox 215 1960 331 1981; x_wconf 87' lang='lat' dir='ltr'>meram</span> <span class='ocrx_word' id='word_1_396' title='bbox 346 1952 437 1980; x_wconf 86' lang='lat' dir='ltr'>bilem</span> <span class='ocrx_word' id='word_1_397' title='bbox 451 1953 581 1988; x_wconf 86' lang='lat' dir='ltr'>spirans:</span> <span class='ocrx_word' id='word_1_398' title='bbox 596 1961 693 1989; x_wconf 86' lang='lat' dir='ltr'>neque</span> <span class='ocrx_word' id='word_1_399' title='bbox 711 1953 818 1982; x_wconf 87' lang='lat' dir='ltr'>intueri</span> <span class='ocrx_word' id='word_1_400' title='bbox 841 1963 910 1983; x_wconf 89' lang='lat' dir='ltr'>eum</span> <span class='ocrx_word' id='word_1_401' title='bbox 941 1957 1041 1991; x_wconf 82' lang='lat' dir='ltr'>voluit,</span> 
     </span>
    </p>
   </div>
   <div class='ocr_carea' id='block_1_61' title="bbox 217 1996 1041 2034">
    <p class='ocr_par' dir='ltr' id='par_1_61' title="bbox 217 1996 1041 2034">
     <span class='ocr_line' id='line_1_61' title="bbox 217 1996 1041 2034; baseline 0.006 -9"><span class='ocrx_word' id='word_1_402' title='bbox 217 1997 269 2025; x_wconf 91' lang='lat' dir='ltr'>sed</span> <span class='ocrx_word' id='word_1_403' title='bbox 286 1996 374 2032; x_wconf 89' lang='lat' dir='ltr'>plane</span> <span class='ocrx_word' id='word_1_404' title='bbox 389 2004 531 2024; x_wconf 86' lang='lat' dir='ltr'>aversans</span> <span class='ocrx_word' id='word_1_405' title='bbox 539 1997 676 2033; x_wconf 88' lang='lat' dir='ltr'>serioque</span> <span class='ocrx_word' id='word_1_406' title='bbox 689 1998 902 2034; x_wconf 88' lang='lat' dir='ltr'>repellens,vix</span> <span class='ocrx_word' id='word_1_407' title='bbox 918 2001 1041 2030; x_wconf 89' lang='lat' dir='ltr'>demum</span> 
     </span>
    </p>
   </div>
   <div class='ocr_carea' id='block_1_62' title="bbox 215 2040 1038 2077">
    <p class='ocr_par' dir='ltr' id='par_1_62' title="bbox 215 2040 1038 2077">
     <span class='ocr_line' id='line_1_62' title="bbox 215 2040 1038 2077; baseline 0.007 -9"><span class='ocrx_word' id='word_1_408' title='bbox 215 2041 317 2074; x_wconf 88' lang='lat' dir='ltr'>verbo,</span> <span class='ocrx_word' id='word_1_409' title='bbox 328 2048 425 2077; x_wconf 88' lang='lat' dir='ltr'>eoque</span> <span class='ocrx_word' id='word_1_410' title='bbox 431 2040 591 2068; x_wconf 86' lang='lat' dir='ltr'>acerbitate</span> <span class='ocrx_word' id='word_1_411' title='bbox 597 2040 697 2076; x_wconf 89' lang='lat' dir='ltr'>pleno,</span> <span class='ocrx_word' id='word_1_412' title='bbox 705 2041 1038 2076; x_wconf 67' lang='lat' dir='ltr'>dignaturmuarentem:</span> 
     </span>
    </p>
   </div>
   <div class='ocr_carea' id='block_1_63' title="bbox 216 2085 1037 2125">
    <p class='ocr_par' dir='ltr' id='par_1_63' title="bbox 216 2085 1037 2125">
     <span class='ocr_line' id='line_1_63' title="bbox 216 2085 1037 2125; baseline 0.005 -11"><span class='ocrx_word' id='word_1_413' title='bbox 216 2088 268 2121; x_wconf 83' lang='lat' dir='ltr'>Ita,</span> <span class='ocrx_word' id='word_1_414' title='bbox 282 2094 300 2114; x_wconf 91' lang='grc' dir='ltr'>ο</span> <span class='ocrx_word' id='word_1_415' title='bbox 308 2085 409 2119; x_wconf 85' lang='lat' dir='ltr'>miser,</span> <span class='ocrx_word' id='word_1_416' title='bbox 421 2085 559 2121; x_wconf 81' lang='lat' dir='ltr'>praecepti</span> <span class='ocrx_word' id='word_1_417' title='bbox 572 2085 682 2113; x_wconf 89' lang='lat' dir='ltr'>oblitus</span> <span class='ocrx_word' id='word_1_418' title='bbox 693 2095 724 2114; x_wconf 92' lang='lat' dir='ltr'>es</span> <span class='ocrx_word' id='word_1_419' title='bbox 733 2087 747 2114; x_wconf 85' lang='lat'><strong>?</strong></span> <span class='ocrx_word' id='word_1_420' title='bbox 758 2087 892 2116; x_wconf 61' lang='lat' dir='ltr'>Haecine</span> <span class='ocrx_word' id='word_1_421' title='bbox 900 2091 1037 2125; x_wconf 89' lang='lat' dir='ltr'>promisi-</span> 
     </span>
    </p>
   </div>
   <div class='ocr_carea' id='block_1_64' title="bbox 215 2129 1037 2170">
    <p class='ocr_par' dir='ltr' id='par_1_64' title="bbox 215 2129 1037 2170">
     <span class='ocr_line' id='line_1_64' title="bbox 215 2129 1037 2170; baseline 0.007 -13"><span class='ocrx_word' id='word_1_422' title='bbox 215 2130 277 2158; x_wconf 83' lang='lat' dir='ltr'>sti?</span> <span class='ocrx_word' id='word_1_423' title='bbox 292 2130 424 2158; x_wconf 72' lang='lat' dir='ltr'>Haaccine</span> <span class='ocrx_word' id='word_1_424' title='bbox 439 2129 562 2164; x_wconf 82' lang='lat' dir='ltr'>elegisti,</span> <span class='ocrx_word' id='word_1_425' title='bbox 570 2131 694 2166; x_wconf 88' lang='lat' dir='ltr'>quando</span> <span class='ocrx_word' id='word_1_426' title='bbox 715 2133 891 2161; x_wconf 87' lang='lat' dir='ltr'>renuntians</span> <span class='ocrx_word' id='word_1_427' title='bbox 912 2135 1037 2170; x_wconf 93' lang='lat' dir='ltr'>mundo,</span> 
     </span>
    </p>
   </div>
   <div class='ocr_carea' id='block_1_65' title="bbox 1096 879 1906 919">
    <p class='ocr_par' dir='ltr' id='par_1_65' title="bbox 1096 879 1906 919">
     <span class='ocr_line' id='line_1_65' title="bbox 1096 879 1906 919; baseline 0.005 -15"><span class='ocrx_word' id='word_1_428' title='bbox 1096 881 1214 917; x_wconf 82' lang='grc' dir='ltr'>γωτέρων</span> <span class='ocrx_word' id='word_1_429' title='bbox 1233 881 1410 916; x_wconf 79' lang='grc' dir='ltr'>κατὰσχεσιν.</span> <span class='ocrx_word' id='word_1_430' title='bbox 1429 879 1458 906; x_wconf 92' lang='grc' dir='ltr'><strong>Ὀ</strong></span> <span class='ocrx_word' id='word_1_431' title='bbox 1478 879 1508 906; x_wconf 72' lang='grc' dir='ltr'>δὲ</span> <span class='ocrx_word' id='word_1_432' title='bbox 1532 890 1563 916; x_wconf 75' lang='grc' dir='ltr'>γε</span> <span class='ocrx_word' id='word_1_433' title='bbox 1590 882 1716 919; x_wconf 82' lang='grc' dir='ltr'>μακάριος</span> <span class='ocrx_word' id='word_1_434' title='bbox 1739 883 1837 908; x_wconf 72' lang='grc' dir='ltr'>οὑτοσὶ</span> <span class='ocrx_word' id='word_1_435' title='bbox 1862 885 1906 908; x_wconf 78' lang='grc' dir='ltr'>καὶ</span> 
     </span>
    </p>
   </div>
   <div class='ocr_carea' id='block_1_66' title="bbox 1095 923 1905 962">
    <p class='ocr_par' dir='ltr' id='par_1_66' title="bbox 1095 923 1905 962">
     <span class='ocr_line' id='line_1_66' title="bbox 1095 923 1905 962; baseline 0.004 -13"><span class='ocrx_word' id='word_1_436' title='bbox 1095 923 1189 954; x_wconf 74' lang='grc' dir='ltr'>τέλειος</span> <span class='ocrx_word' id='word_1_437' title='bbox 1209 923 1310 955; x_wconf 78' lang='grc' dir='ltr'>ἀληθῶς</span> <span class='ocrx_word' id='word_1_438' title='bbox 1336 925 1481 960; x_wconf 80' lang='grc' dir='ltr'>ἄνθρωπος,</span> <span class='ocrx_word' id='word_1_439' title='bbox 1506 925 1545 951; x_wconf 86' lang='grc' dir='ltr'>ὃτι</span> <span class='ocrx_word' id='word_1_440' title='bbox 1569 927 1613 951; x_wconf 85' lang='grc' dir='ltr'>καὶ</span> <span class='ocrx_word' id='word_1_441' title='bbox 1639 923 1687 951; x_wconf 82' lang='grc' dir='ltr'>διὰ</span> <span class='ocrx_word' id='word_1_442' title='bbox 1711 927 1817 952; x_wconf 75' lang='grc' dir='ltr'>πάντων</span> <span class='ocrx_word' id='word_1_443' title='bbox 1841 927 1905 962; x_wconf 85' lang='grc' dir='ltr'>ὁμο-</span> 
     </span>
    </p>
   </div>
   <div class='ocr_carea' id='block_1_67' title="bbox 1095 967 1905 1008">
    <p class='ocr_par' dir='ltr' id='par_1_67' title="bbox 1095 967 1905 1008">
     <span class='ocr_line' id='line_1_67' title="bbox 1095 967 1905 1008; baseline 0.004 -14"><span class='ocrx_word' id='word_1_444' title='bbox 1095 967 1177 1004; x_wconf 83' lang='grc' dir='ltr'>λογῶν</span> <span class='ocrx_word' id='word_1_445' title='bbox 1202 967 1342 995; x_wconf 71' lang='grc' dir='ltr'>διετέλεσεν</span> <span class='ocrx_word' id='word_1_446' title='bbox 1362 968 1455 1004; x_wconf 77' lang='grc' dir='ltr'>ἑαυτῷ,</span> <span class='ocrx_word' id='word_1_447' title='bbox 1472 969 1485 995; x_wconf 89' lang='grc' dir='ltr'><strong><em>ὁ</em></strong></span> <span class='ocrx_word' id='word_1_448' title='bbox 1510 972 1553 998; x_wconf 81' lang='grc' dir='ltr'>τὴν</span> <span class='ocrx_word' id='word_1_449' title='bbox 1567 967 1698 1008; x_wconf 77' lang='grc' dir='ltr'>πάρεδρον</span> <span class='ocrx_word' id='word_1_450' title='bbox 1723 974 1780 1006; x_wconf 83' lang='grc' dir='ltr'>Θεῷ</span> <span class='ocrx_word' id='word_1_451' title='bbox 1810 973 1905 1008; x_wconf 50' lang='lat' dir='ltr'>caecias:</span> 
     </span>
    </p>
   </div>
   <div class='ocr_carea' id='block_1_68' title="bbox 1096 1012 1905 1051">
    <p class='ocr_par' dir='ltr' id='par_1_68' title="bbox 1096 1012 1905 1051">
     <span class='ocr_line' id='line_1_68' title="bbox 1096 1012 1905 1051; baseline 0.004 -14"><span class='ocrx_word' id='word_1_452' title='bbox 1096 1012 1142 1038; x_wconf 76' lang='grc' dir='ltr'>οὐκ</span> <span class='ocrx_word' id='word_1_453' title='bbox 1177 1012 1287 1043; x_wconf 80' lang='grc' dir='ltr'>αἰτήσας</span> <span class='ocrx_word' id='word_1_454' title='bbox 1321 1014 1366 1049; x_wconf 68' lang='grc' dir='ltr'>μὲν</span> <span class='ocrx_word' id='word_1_455' title='bbox 1403 1017 1526 1050; x_wconf 75' lang='grc' dir='ltr'>φανερῶς,</span> <span class='ocrx_word' id='word_1_456' title='bbox 1543 1013 1652 1050; x_wconf 77' lang='grc' dir='ltr'>εἰληφὼς</span> <span class='ocrx_word' id='word_1_457' title='bbox 1679 1012 1704 1040; x_wconf 85' lang='grc' dir='ltr'>δ’</span> <span class='ocrx_word' id='word_1_458' title='bbox 1734 1014 1854 1051; x_wconf 72' lang='grc' dir='ltr'>ἀληθῶς,</span> <span class='ocrx_word' id='word_1_459' title='bbox 1884 1015 1905 1041; x_wconf 79' lang='grc' dir='ltr'>εἰ</span> 
     </span>
    </p>
   </div>
   <div class='ocr_carea' id='block_1_69' title="bbox 1095 1057 1903 1094">
    <p class='ocr_par' dir='ltr' id='par_1_69' title="bbox 1095 1057 1903 1094">
     <span class='ocr_line' id='line_1_69' title="bbox 1095 1057 1903 1094; baseline 0.004 -11"><span class='ocrx_word' id='word_1_460' title='bbox 1095 1060 1140 1083; x_wconf 83' lang='grc' dir='ltr'>καὶ</span> <span class='ocrx_word' id='word_1_461' title='bbox 1164 1059 1199 1094; x_wconf 83' lang='grc' dir='ltr'>μὴ</span> <span class='ocrx_word' id='word_1_462' title='bbox 1226 1057 1332 1091; x_wconf 77' lang='grc' dir='ltr'>ἐξεῖπεν,</span> <span class='ocrx_word' id='word_1_463' title='bbox 1365 1059 1397 1088; x_wconf 82' lang='grc' dir='ltr'>ὡς</span> <span class='ocrx_word' id='word_1_464' title='bbox 1430 1058 1526 1094; x_wconf 77' lang='grc' dir='ltr'>εἴληφε,</span> <span class='ocrx_word' id='word_1_465' title='bbox 1563 1059 1648 1088; x_wconf 84' lang='grc' dir='ltr'>πάντη</span> <span class='ocrx_word' id='word_1_466' title='bbox 1687 1069 1740 1090; x_wconf 86' lang='grc' dir='ltr'>πως</span> <span class='ocrx_word' id='word_1_467' title='bbox 1779 1059 1903 1086; x_wconf 68' lang='grc' dir='ltr'>ὶκχλίνων</span> 
     </span>
    </p>
   </div>
   <div class='ocr_carea' id='block_1_70' title="bbox 1095 1102 1903 1140">
    <p class='ocr_par' dir='ltr' id='par_1_70' title="bbox 1095 1102 1903 1140">
     <span class='ocr_line' id='line_1_70' title="bbox 1095 1102 1903 1140; baseline 0.002 -12"><span class='ocrx_word' id='word_1_468' title='bbox 1095 1103 1233 1139; x_wconf 83' lang='grc' dir='ltr'>προίεσθαι</span> <span class='ocrx_word' id='word_1_469' title='bbox 1268 1102 1532 1140; x_wconf 79' lang='grc' dir='ltr'>μεγαλοῤῥημοσύνην</span> <span class='ocrx_word' id='word_1_470' title='bbox 1574 1107 1620 1129; x_wconf 81' lang='grc' dir='ltr'>τοῦ</span> <span class='ocrx_word' id='word_1_471' title='bbox 1662 1106 1804 1140; x_wconf 80' lang='grc' dir='ltr'>στόματος,</span> <span class='ocrx_word' id='word_1_472' title='bbox 1859 1107 1903 1130; x_wconf 82' lang='grc' dir='ltr'>καὶ</span> 
     </span>
    </p>
   </div>
   <div class='ocr_carea' id='block_1_71' title="bbox 1095 1146 1901 1186">
    <p class='ocr_par' dir='ltr' id='par_1_71' title="bbox 1095 1146 1901 1186">
     <span class='ocr_line' id='line_1_71' title="bbox 1095 1146 1901 1186; baseline 0.004 -14"><span class='ocrx_word' id='word_1_473' title='bbox 1095 1146 1180 1182; x_wconf 89' lang='grc' dir='ltr'>λόγοις</span> <span class='ocrx_word' id='word_1_474' title='bbox 1208 1148 1275 1177; x_wconf 85' lang='grc' dir='ltr'>ὅπως</span> <span class='ocrx_word' id='word_1_475' title='bbox 1301 1146 1422 1178; x_wconf 80' lang='grc' dir='ltr'>ἀληθείας</span> <span class='ocrx_word' id='word_1_476' title='bbox 1460 1148 1516 1184; x_wconf 76' lang='grc' dir='ltr'>ἔχει</span> <span class='ocrx_word' id='word_1_477' title='bbox 1545 1150 1590 1174; x_wconf 87' lang='grc' dir='ltr'>καὶ</span> <span class='ocrx_word' id='word_1_478' title='bbox 1631 1149 1747 1179; x_wconf 83' lang='grc' dir='ltr'>στάσεως</span> <span class='ocrx_word' id='word_1_479' title='bbox 1785 1148 1901 1186; x_wconf 69' lang='grc' dir='ltr'>ἐγνωμά-</span> 
     </span>
    </p>
   </div>
   <div class='ocr_carea' id='block_1_72' title="bbox 1095 1190 1902 1229">
    <p class='ocr_par' dir='ltr' id='par_1_72' title="bbox 1095 1190 1902 1229">
     <span class='ocr_line' id='line_1_72' title="bbox 1095 1190 1902 1229; baseline 0.004 -12"><span class='ocrx_word' id='word_1_480' title='bbox 1095 1201 1180 1223; x_wconf 84' lang='grc' dir='ltr'>τιυσι,</span> <span class='ocrx_word' id='word_1_481' title='bbox 1212 1194 1256 1218; x_wconf 84' lang='grc' dir='ltr'>καὶ</span> <span class='ocrx_word' id='word_1_482' title='bbox 1291 1191 1375 1229; x_wconf 73' lang='grc' dir='ltr'>ἔργοις</span> <span class='ocrx_word' id='word_1_483' title='bbox 1402 1192 1490 1223; x_wconf 73' lang='grc' dir='ltr'>αὐτοῖς</span> <span class='ocrx_word' id='word_1_484' title='bbox 1509 1190 1675 1228; x_wconf 75' lang='grc' dir='ltr'>διεχλεύασε,</span> <span class='ocrx_word' id='word_1_485' title='bbox 1700 1194 1827 1225; x_wconf 77' lang='grc' dir='ltr'>καθάπαξ</span> <span class='ocrx_word' id='word_1_486' title='bbox 1844 1198 1902 1220; x_wconf 73' lang='grc' dir='ltr'>τοῦ-</span> 
     </span>
    </p>
   </div>
   <div class='ocr_carea' id='block_1_73' title="bbox 1096 1236 1902 1275">
    <p class='ocr_par' dir='ltr' id='par_1_73' title="bbox 1096 1236 1902 1275">
     <span class='ocr_line' id='line_1_73' title="bbox 1096 1236 1902 1275; baseline 0.002 -13"><span class='ocrx_word' id='word_1_487' title='bbox 1096 1245 1138 1262; x_wconf 87' lang='grc' dir='ltr'>τον</span> <span class='ocrx_word' id='word_1_488' title='bbox 1170 1236 1352 1274; x_wconf 75' lang='grc' dir='ltr'>ἀποστραφεὶς,</span> <span class='ocrx_word' id='word_1_489' title='bbox 1385 1238 1430 1262; x_wconf 79' lang='grc' dir='ltr'>καὶ</span> <span class='ocrx_word' id='word_1_490' title='bbox 1463 1239 1559 1268; x_wconf 88' lang='grc' dir='ltr'>παντὸς</span> <span class='ocrx_word' id='word_1_491' title='bbox 1602 1236 1762 1275; x_wconf 69' lang='grc' dir='ltr'>ἀλογωτέρομ</span> <span class='ocrx_word' id='word_1_492' title='bbox 1802 1239 1902 1270; x_wconf 78' lang='grc' dir='ltr'>πάθους</span> 
     </span>
    </p>
   </div>
   <div class='ocr_carea' id='block_1_74' title="bbox 1095 1279 1902 1318">
    <p class='ocr_par' dir='ltr' id='par_1_74' title="bbox 1095 1279 1902 1318">
     <span class='ocr_line' id='line_1_74' title="bbox 1095 1279 1902 1318; baseline 0.004 -12"><span class='ocrx_word' id='word_1_493' title='bbox 1095 1279 1221 1318; x_wconf 77' lang='grc' dir='ltr'>ἀνώτερος</span> <span class='ocrx_word' id='word_1_494' title='bbox 1255 1281 1396 1317; x_wconf 78' lang='grc' dir='ltr'>φυλαχθείς</span> <span class='ocrx_word' id='word_1_495' title='bbox 1426 1291 1433 1297; x_wconf 90' lang='grc'>·</span> <span class='ocrx_word' id='word_1_496' title='bbox 1468 1281 1553 1312; x_wconf 76' lang='grc' dir='ltr'>ἁπλῶς</span> <span class='ocrx_word' id='word_1_497' title='bbox 1585 1292 1612 1308; x_wconf 82' lang='grc' dir='ltr'>τε</span> <span class='ocrx_word' id='word_1_498' title='bbox 1641 1282 1719 1308; x_wconf 75' lang='grc' dir='ltr'>εἰπεῖν</span> <span class='ocrx_word' id='word_1_499' title='bbox 1750 1282 1902 1312; x_wconf 74' lang='grc' dir='ltr'>κατάλληλα</span> 
     </span>
    </p>
   </div>
   <div class='ocr_carea' id='block_1_75' title="bbox 1096 1325 1901 1362">
    <p class='ocr_par' dir='ltr' id='par_1_75' title="bbox 1096 1325 1901 1362">
     <span class='ocr_line' id='line_1_75' title="bbox 1096 1325 1901 1362; baseline 0.005 -12"><span class='ocrx_word' id='word_1_500' title='bbox 1096 1328 1126 1360; x_wconf 74' lang='grc' dir='ltr'>τῇ</span> <span class='ocrx_word' id='word_1_501' title='bbox 1154 1325 1246 1361; x_wconf 77' lang='grc' dir='ltr'>Θεωρία</span> <span class='ocrx_word' id='word_1_502' title='bbox 1261 1326 1294 1351; x_wconf 83' lang='grc' dir='ltr'>τὰ</span> <span class='ocrx_word' id='word_1_503' title='bbox 1321 1327 1380 1360; x_wconf 85' lang='grc' dir='ltr'>περὶ</span> <span class='ocrx_word' id='word_1_504' title='bbox 1400 1327 1447 1354; x_wconf 81' lang='grc' dir='ltr'>τὴν</span> <span class='ocrx_word' id='word_1_505' title='bbox 1468 1325 1562 1362; x_wconf 84' lang='grc' dir='ltr'>πρᾶξιν</span> <span class='ocrx_word' id='word_1_506' title='bbox 1585 1325 1784 1362; x_wconf 72' lang='grc' dir='ltr'>ἐφιλοσόφησεν,</span> <span class='ocrx_word' id='word_1_507' title='bbox 1807 1327 1901 1354; x_wconf 68' lang='grc' dir='ltr'>ἅπανθ’</span> 
     </span>
    </p>
   </div>
   <div class='ocr_carea' id='block_1_76' title="bbox 1096 1369 1672 1407">
    <p class='ocr_par' dir='ltr' id='par_1_76' title="bbox 1096 1369 1672 1407">
     <span class='ocr_line' id='line_1_76' title="bbox 1096 1369 1672 1407; baseline 0.003 -12"><span class='ocrx_word' id='word_1_508' title='bbox 1096 1370 1162 1406; x_wconf 79' lang='grc' dir='ltr'>όμοῡ</span> <span class='ocrx_word' id='word_1_509' title='bbox 1181 1373 1371 1407; x_wconf 73' lang='grc' dir='ltr'>περιφρονήσας</span> <span class='ocrx_word' id='word_1_510' title='bbox 1404 1373 1450 1396; x_wconf 80' lang='grc' dir='ltr'>καὶ</span> <span class='ocrx_word' id='word_1_511' title='bbox 1476 1374 1522 1397; x_wconf 86' lang='grc' dir='ltr'>τοῦ</span> <span class='ocrx_word' id='word_1_512' title='bbox 1561 1369 1672 1407; x_wconf 81' lang='grc' dir='ltr'>μηδενὸς</span> 
     </span>
    </p>
   </div>
   <div class='ocr_carea' id='block_1_77' title="bbox 1097 1413 1900 1451">
    <p class='ocr_par' dir='ltr' id='par_1_77' title="bbox 1097 1413 1900 1451">
     <span class='ocr_line' id='line_1_77' title="bbox 1097 1413 1900 1451; baseline 0.002 -12"><span class='ocrx_word' id='word_1_513' title='bbox 1097 1413 1144 1439; x_wconf 70' lang='grc' dir='ltr'>οὐκ</span> <span class='ocrx_word' id='word_1_514' title='bbox 1159 1413 1186 1440; x_wconf 85' lang='grc' dir='ltr'>ὃν</span> <span class='ocrx_word' id='word_1_515' title='bbox 1210 1414 1304 1450; x_wconf 81' lang='grc' dir='ltr'>μᾶλλον</span> <span class='ocrx_word' id='word_1_516' title='bbox 1333 1415 1347 1444; x_wconf 81' lang='grc' dir='ltr'><strong>ἣ</strong></span> <span class='ocrx_word' id='word_1_517' title='bbox 1370 1414 1397 1440; x_wconf 82' lang='grc' dir='ltr'>ὃν</span> <span class='ocrx_word' id='word_1_518' title='bbox 1422 1415 1594 1451; x_wconf 74' lang='grc' dir='ltr'>λογισάμενος</span> <span class='ocrx_word' id='word_1_519' title='bbox 1617 1415 1685 1442; x_wconf 82' lang='grc' dir='ltr'>ἅπαν</span> <span class='ocrx_word' id='word_1_520' title='bbox 1702 1416 1768 1451; x_wconf 85' lang='grc' dir='ltr'>ὁμοῦ</span> <span class='ocrx_word' id='word_1_521' title='bbox 1792 1416 1900 1451; x_wconf 79' lang='grc' dir='ltr'>χθόνιον</span> 
     </span>
    </p>
   </div>
   <div class='ocr_carea' id='block_1_78' title="bbox 1097 1457 1900 1496">
    <p class='ocr_par' dir='ltr' id='par_1_78' title="bbox 1097 1457 1900 1496">
     <span class='ocr_line' id='line_1_78' title="bbox 1097 1457 1900 1496; baseline 0.002 -12"><span class='ocrx_word' id='word_1_522' title='bbox 1097 1467 1124 1484; x_wconf 87' lang='grc' dir='ltr'>τε</span> <span class='ocrx_word' id='word_1_523' title='bbox 1133 1460 1304 1495; x_wconf 75' lang='grc' dir='ltr'>καὶχρόνιον,</span> <span class='ocrx_word' id='word_1_524' title='bbox 1319 1457 1380 1485; x_wconf 71' lang='grc' dir='ltr'>οὐδὲ</span> <span class='ocrx_word' id='word_1_525' title='bbox 1399 1461 1478 1495; x_wconf 81' lang='grc' dir='ltr'>μόνου</span> <span class='ocrx_word' id='word_1_526' title='bbox 1491 1462 1535 1486; x_wconf 82' lang='grc' dir='ltr'>καὶ</span> <span class='ocrx_word' id='word_1_527' title='bbox 1555 1462 1650 1496; x_wconf 82' lang='grc' dir='ltr'>κυρίως</span> <span class='ocrx_word' id='word_1_528' title='bbox 1674 1462 1746 1491; x_wconf 79' lang='grc' dir='ltr'>ὄντος</span> <span class='ocrx_word' id='word_1_529' title='bbox 1766 1464 1813 1486; x_wconf 80' lang='grc' dir='ltr'>τοῦ</span> <span class='ocrx_word' id='word_1_530' title='bbox 1837 1461 1900 1496; x_wconf 70' lang='grc' dir='ltr'>ὑπὲρ</span> 
     </span>
    </p>
   </div>
   <div class='ocr_carea' id='block_1_79' title="bbox 1097 1503 1897 1541">
    <p class='ocr_par' dir='ltr' id='par_1_79' title="bbox 1097 1503 1897 1541">
     <span class='ocr_line' id='line_1_79' title="bbox 1097 1503 1897 1541; baseline 0.003 -13"><span class='ocrx_word' id='word_1_531' title='bbox 1097 1504 1164 1538; x_wconf 73' lang='grc' dir='ltr'>ἡμᾶς</span> <span class='ocrx_word' id='word_1_532' title='bbox 1188 1504 1282 1529; x_wconf 72' lang='grc' dir='ltr'>ἐκείνου</span> <span class='ocrx_word' id='word_1_533' title='bbox 1307 1505 1350 1529; x_wconf 81' lang='grc' dir='ltr'>καὶ</span> <span class='ocrx_word' id='word_1_534' title='bbox 1377 1503 1535 1541; x_wconf 74' lang='grc' dir='ltr'>ἀπορρήτου,</span> <span class='ocrx_word' id='word_1_535' title='bbox 1567 1505 1631 1540; x_wconf 83' lang='grc' dir='ltr'>παρ’</span> <span class='ocrx_word' id='word_1_536' title='bbox 1647 1504 1677 1530; x_wconf 82' lang='grc' dir='ltr'>οὗ</span> <span class='ocrx_word' id='word_1_537' title='bbox 1691 1507 1741 1530; x_wconf 74' lang='grc' dir='ltr'>πᾶν</span> <span class='ocrx_word' id='word_1_538' title='bbox 1757 1503 1871 1540; x_wconf 73' lang='grc' dir='ltr'>ἐσχήκει</span> <span class='ocrx_word' id='word_1_539' title='bbox 1883 1506 1897 1533; x_wconf 76' lang='grc' dir='ltr'>ἦ</span> 
     </span>
    </p>
   </div>
   <div class='ocr_carea' id='block_1_80' title="bbox 1096 1546 1894 1584">
    <p class='ocr_par' dir='ltr' id='par_1_80' title="bbox 1096 1546 1894 1584">
     <span class='ocr_line' id='line_1_80' title="bbox 1096 1546 1894 1584; baseline 0.003 -12"><span class='ocrx_word' id='word_1_540' title='bbox 1096 1547 1220 1583; x_wconf 69' lang='grc' dir='ltr'>λαμϐάνει</span> <span class='ocrx_word' id='word_1_541' title='bbox 1234 1550 1280 1576; x_wconf 87' lang='grc' dir='ltr'>τὴν</span> <span class='ocrx_word' id='word_1_542' title='bbox 1293 1549 1409 1582; x_wconf 80' lang='grc' dir='ltr'>ὅντωσιν,</span> <span class='ocrx_word' id='word_1_543' title='bbox 1425 1546 1553 1584; x_wconf 79' lang='grc' dir='ltr'>διάπυρον</span> <span class='ocrx_word' id='word_1_544' title='bbox 1574 1550 1620 1577; x_wconf 81' lang='grc' dir='ltr'>τὴν</span> <span class='ocrx_word' id='word_1_545' title='bbox 1648 1549 1732 1584; x_wconf 75' lang='grc' dir='ltr'>ἔφεσιν</span> <span class='ocrx_word' id='word_1_546' title='bbox 1757 1547 1894 1584; x_wconf 70' lang='grc' dir='ltr'>ἐσχηκώς.</span> 
     </span>
    </p>
   </div>
   <div class='ocr_carea' id='block_1_81' title="bbox 1704 1371 1902 1404">
    <p class='ocr_par' dir='ltr' id='par_1_81' title="bbox 1704 1371 1902 1404">
     <span class='ocr_line' id='line_1_81' title="bbox 1704 1371 1902 1404; baseline -0.005 -7"><span class='ocrx_word' id='word_1_547' title='bbox 1704 1371 1833 1404; x_wconf 80' lang='grc' dir='ltr'>ἀξιώσας,</span> <span class='ocrx_word' id='word_1_548' title='bbox 1868 1372 1902 1401; x_wconf 73' lang='grc' dir='ltr'>ὡς</span> 
     </span>
    </p>
   </div>
   <div class='ocr_carea' id='block_1_82' title="bbox 1132 1600 1899 1640">
    <p class='ocr_par' dir='ltr' id='par_1_82' title="bbox 1132 1600 1899 1640">
     <span class='ocr_line' id='line_1_82' title="bbox 1132 1600 1899 1640; baseline 0 -13"><span class='ocrx_word' id='word_1_549' title='bbox 1132 1600 1205 1637; x_wconf 54' lang='grc' dir='ltr'>μςρῖ.</span> <span class='ocrx_word' id='word_1_550' title='bbox 1231 1600 1301 1627; x_wconf 85' lang='grc' dir='ltr'>Ἀλλ’</span> <span class='ocrx_word' id='word_1_551' title='bbox 1324 1601 1344 1627; x_wconf 80' lang='grc' dir='ltr'>ὦ</span> <span class='ocrx_word' id='word_1_552' title='bbox 1368 1605 1565 1640; x_wconf 74' lang='grc' dir='ltr'>περιπτώματος</span> <span class='ocrx_word' id='word_1_553' title='bbox 1584 1600 1736 1638; x_wconf 70' lang='grc' dir='ltr'>αἱφνιδίουῐ</span> <span class='ocrx_word' id='word_1_554' title='bbox 1769 1602 1783 1631; x_wconf 72' lang='grc' dir='ltr'><em>ἡ</em></span> <span class='ocrx_word' id='word_1_555' title='bbox 1805 1602 1899 1638; x_wconf 73' lang='grc' dir='ltr'>μᾶλλον</span> 
     </span>
    </p>
   </div>
   <div class='ocr_carea' id='block_1_83' title="bbox 1097 1643 1897 1685">
    <p class='ocr_par' dir='ltr' id='par_1_83' title="bbox 1097 1643 1897 1685">
     <span class='ocr_line' id='line_1_83' title="bbox 1097 1643 1897 1685; baseline 0.003 -14"><span class='ocrx_word' id='word_1_556' title='bbox 1097 1643 1156 1681; x_wconf 78' lang='grc' dir='ltr'>εὖγε</span> <span class='ocrx_word' id='word_1_557' title='bbox 1176 1650 1222 1676; x_wconf 84' lang='grc' dir='ltr'>τῆς</span> <span class='ocrx_word' id='word_1_558' title='bbox 1250 1644 1350 1672; x_wconf 73' lang='grc' dir='ltr'>ἐνθένδε</span> <span class='ocrx_word' id='word_1_559' title='bbox 1367 1645 1486 1684; x_wconf 87' lang='grc' dir='ltr'>λαμπρᾶς</span> <span class='ocrx_word' id='word_1_560' title='bbox 1511 1645 1669 1682; x_wconf 80' lang='grc' dir='ltr'>δοκιμασίας</span> <span class='ocrx_word' id='word_1_561' title='bbox 1692 1650 1738 1672; x_wconf 84' lang='grc' dir='ltr'>τοῦ</span> <span class='ocrx_word' id='word_1_562' title='bbox 1758 1646 1897 1685; x_wconf 75' lang='grc' dir='ltr'>μάκαροςῐ</span> 
     </span>
    </p>
   </div>
   <div class='ocr_carea' id='block_1_84' title="bbox 1099 1688 1899 1727">
    <p class='ocr_par' dir='ltr' id='par_1_84' title="bbox 1099 1688 1899 1727">
     <span class='ocr_line' id='line_1_84' title="bbox 1099 1688 1899 1727; baseline 0.001 -11"><span class='ocrx_word' id='word_1_563' title='bbox 1099 1688 1134 1716; x_wconf 77' lang='grc' dir='ltr'>δι’</span> <span class='ocrx_word' id='word_1_564' title='bbox 1151 1690 1180 1720; x_wconf 87' lang='grc' dir='ltr'>ἧς</span> <span class='ocrx_word' id='word_1_565' title='bbox 1195 1691 1232 1716; x_wconf 84' lang='grc' dir='ltr'>ἔτι</span> <span class='ocrx_word' id='word_1_566' title='bbox 1255 1689 1350 1726; x_wconf 80' lang='grc' dir='ltr'>μᾶλλον</span> <span class='ocrx_word' id='word_1_567' title='bbox 1376 1689 1517 1727; x_wconf 79' lang='grc' dir='ltr'>ἐμφανίσαι</span> <span class='ocrx_word' id='word_1_568' title='bbox 1546 1692 1575 1717; x_wconf 87' lang='grc' dir='ltr'>τό</span> <span class='ocrx_word' id='word_1_569' title='bbox 1595 1691 1707 1721; x_wconf 70' lang='grc' dir='ltr'>εὐπειθὲς</span> <span class='ocrx_word' id='word_1_570' title='bbox 1740 1691 1833 1727; x_wconf 80' lang='grc' dir='ltr'>ἤμελλε</span> <span class='ocrx_word' id='word_1_571' title='bbox 1857 1693 1899 1717; x_wconf 85' lang='grc' dir='ltr'>καὶ</span> 
     </span>
    </p>
   </div>
   <div class='ocr_carea' id='block_1_85' title="bbox 1098 1734 1896 1773">
    <p class='ocr_par' dir='ltr' id='par_1_85' title="bbox 1098 1734 1896 1773">
     <span class='ocr_line' id='line_1_85' title="bbox 1098 1734 1896 1773; baseline 0.001 -13"><span class='ocrx_word' id='word_1_572' title='bbox 1098 1734 1204 1763; x_wconf 77' lang='grc' dir='ltr'>εὐήκοον</span> <span class='ocrx_word' id='word_1_573' title='bbox 1233 1734 1326 1761; x_wconf 72' lang='grc' dir='ltr'>ὁπόσον</span> <span class='ocrx_word' id='word_1_574' title='bbox 1353 1734 1386 1765; x_wconf 77' lang='grc' dir='ltr'>εἰς</span> <span class='ocrx_word' id='word_1_575' title='bbox 1417 1737 1461 1761; x_wconf 83' lang='grc' dir='ltr'>τὸν</span> <span class='ocrx_word' id='word_1_576' title='bbox 1481 1737 1654 1772; x_wconf 76' lang='grc' dir='ltr'>πνευματικὸν</span> <span class='ocrx_word' id='word_1_577' title='bbox 1678 1737 1758 1771; x_wconf 77' lang='grc' dir='ltr'>ηὔχει</span> <span class='ocrx_word' id='word_1_578' title='bbox 1788 1738 1896 1773; x_wconf 75' lang='grc' dir='ltr'>Πατέρα,</span> 
     </span>
    </p>
   </div>
   <div class='ocr_carea' id='block_1_86' title="bbox 1098 1779 1898 1816">
    <p class='ocr_par' dir='ltr' id='par_1_86' title="bbox 1098 1779 1898 1816">
     <span class='ocr_line' id='line_1_86' title="bbox 1098 1779 1898 1816; baseline 0.001 -12"><span class='ocrx_word' id='word_1_579' title='bbox 1098 1781 1142 1804; x_wconf 83' lang='grc' dir='ltr'>καὶ</span> <span class='ocrx_word' id='word_1_580' title='bbox 1171 1779 1226 1805; x_wconf 83' lang='grc' dir='ltr'>οἵαν</span> <span class='ocrx_word' id='word_1_581' title='bbox 1259 1779 1380 1808; x_wconf 81' lang='grc' dir='ltr'>ἐκέκτητο</span> <span class='ocrx_word' id='word_1_582' title='bbox 1419 1782 1465 1808; x_wconf 83' lang='grc' dir='ltr'>τὴν</span> <span class='ocrx_word' id='word_1_583' title='bbox 1503 1780 1648 1816; x_wconf 71' lang='grc' dir='ltr'>ὑποταγὴν.</span> <span class='ocrx_word' id='word_1_584' title='bbox 1685 1779 1840 1815; x_wconf 73' lang='grc' dir='ltr'>Ἐφίο-ταταί</span> <span class='ocrx_word' id='word_1_585' title='bbox 1876 1781 1898 1805; x_wconf 83' lang='grc' dir='ltr'>οὶ</span> 
     </span>
    </p>
   </div>
   <div class='ocr_carea' id='block_1_87' title="bbox 1098 1821 1897 1860">
    <p class='ocr_par' dir='ltr' id='par_1_87' title="bbox 1098 1821 1897 1860">
     <span class='ocr_line' id='line_1_87' title="bbox 1098 1821 1897 1860; baseline 0.001 -11"><span class='ocrx_word' id='word_1_586' title='bbox 1098 1824 1170 1859; x_wconf 89' lang='grc' dir='ltr'>παρά</span> <span class='ocrx_word' id='word_1_587' title='bbox 1194 1821 1358 1860; x_wconf 78' lang='grc' dir='ltr'>προσδοκίαν</span> <span class='ocrx_word' id='word_1_588' title='bbox 1393 1822 1554 1860; x_wconf 65' lang='grc' dir='ltr'>μελῳδοῦ-ωτι</span> <span class='ocrx_word' id='word_1_589' title='bbox 1577 1825 1590 1850; x_wconf 88' lang='grc' dir='ltr'><strong><em>ὁ</em></strong></span> <span class='ocrx_word' id='word_1_590' title='bbox 1611 1826 1703 1860; x_wconf 84' lang='grc' dir='ltr'>γέρων,</span> <span class='ocrx_word' id='word_1_591' title='bbox 1737 1823 1826 1850; x_wconf 77' lang='grc' dir='ltr'>ἀκούει</span> <span class='ocrx_word' id='word_1_592' title='bbox 1852 1829 1897 1850; x_wconf 78' lang='grc' dir='ltr'>τῶν</span> 
     </span>
    </p>
   </div>
   <div class='ocr_carea' id='block_1_88' title="bbox 1098 1867 1895 1907">
    <p class='ocr_par' dir='ltr' id='par_1_88' title="bbox 1098 1867 1895 1907">
     <span class='ocr_line' id='line_1_88' title="bbox 1098 1867 1895 1907; baseline 0 -13"><span class='ocrx_word' id='word_1_593' title='bbox 1098 1867 1190 1904; x_wconf 80' lang='grc' dir='ltr'>λόγων,</span> <span class='ocrx_word' id='word_1_594' title='bbox 1228 1870 1336 1898; x_wconf 78' lang='grc' dir='ltr'>συνίησι</span> <span class='ocrx_word' id='word_1_595' title='bbox 1372 1872 1418 1895; x_wconf 84' lang='grc' dir='ltr'>τοῦ</span> <span class='ocrx_word' id='word_1_596' title='bbox 1455 1869 1546 1906; x_wconf 81' lang='grc' dir='ltr'>ἔργου.</span> <span class='ocrx_word' id='word_1_597' title='bbox 1581 1867 1726 1894; x_wconf 75' lang='grc' dir='ltr'>ἐκϐαίνεται</span> <span class='ocrx_word' id='word_1_598' title='bbox 1747 1878 1895 1907; x_wconf 70' lang='grc' dir='ltr'>περιφρονη-</span> 
     </span>
    </p>
   </div>
   <div class='ocr_carea' id='block_1_89' title="bbox 1100 1914 1894 1953">
    <p class='ocr_par' dir='ltr' id='par_1_89' title="bbox 1100 1914 1894 1953">
     <span class='ocr_line' id='line_1_89' title="bbox 1100 1914 1894 1953; baseline 0.003 -14"><span class='ocrx_word' id='word_1_599' title='bbox 1100 1915 1161 1945; x_wconf 85' lang='grc' dir='ltr'>θείς.</span> <span class='ocrx_word' id='word_1_600' title='bbox 1182 1915 1284 1940; x_wconf 86' lang='grc' dir='ltr'>Εἴσεισι</span> <span class='ocrx_word' id='word_1_601' title='bbox 1302 1917 1364 1949; x_wconf 83' lang='grc' dir='ltr'>γοῦν</span> <span class='ocrx_word' id='word_1_602' title='bbox 1392 1916 1477 1951; x_wconf 83' lang='grc' dir='ltr'>γέμων</span> <span class='ocrx_word' id='word_1_603' title='bbox 1506 1915 1589 1951; x_wconf 80' lang='grc' dir='ltr'>θυμοῦ</span> <span class='ocrx_word' id='word_1_604' title='bbox 1613 1917 1657 1940; x_wconf 84' lang='grc' dir='ltr'>καὶ</span> <span class='ocrx_word' id='word_1_605' title='bbox 1679 1914 1779 1951; x_wconf 82' lang='grc' dir='ltr'>πλήρης</span> <span class='ocrx_word' id='word_1_606' title='bbox 1808 1915 1894 1953; x_wconf 82' lang='grc' dir='ltr'>ὀργῆς,</span> 
     </span>
    </p>
   </div>
   <div class='ocr_carea' id='block_1_90' title="bbox 1097 1957 1895 1996">
    <p class='ocr_par' dir='ltr' id='par_1_90' title="bbox 1097 1957 1895 1996">
     <span class='ocr_line' id='line_1_90' title="bbox 1097 1957 1895 1996; baseline 0.004 -13"><span class='ocrx_word' id='word_1_607' title='bbox 1097 1958 1178 1994; x_wconf 82' lang='grc' dir='ltr'>χόλον</span> <span class='ocrx_word' id='word_1_608' title='bbox 1192 1959 1279 1995; x_wconf 81' lang='grc' dir='ltr'>ὥσπερ</span> <span class='ocrx_word' id='word_1_609' title='bbox 1293 1957 1435 1993; x_wconf 77' lang='grc' dir='ltr'>ἀποπνέων,</span> <span class='ocrx_word' id='word_1_610' title='bbox 1463 1961 1507 1985; x_wconf 82' lang='grc' dir='ltr'>καὶ</span> <span class='ocrx_word' id='word_1_611' title='bbox 1536 1957 1602 1996; x_wconf 87' lang='grc' dir='ltr'>μηδ’</span> <span class='ocrx_word' id='word_1_612' title='bbox 1625 1957 1717 1985; x_wconf 61' lang='grc' dir='ltr'>ἐνιδεῖν</span> <span class='ocrx_word' id='word_1_613' title='bbox 1743 1957 1822 1989; x_wconf 60' lang='grc' dir='ltr'>δῆθεν</span> <span class='ocrx_word' id='word_1_614' title='bbox 1848 1959 1895 1986; x_wconf 81' lang='grc' dir='ltr'>ὶθέ-</span> 
     </span>
    </p>
   </div>
   <div class='ocr_carea' id='block_1_91' title="bbox 1096 2002 1893 2041">
    <p class='ocr_par' dir='ltr' id='par_1_91' title="bbox 1096 2002 1893 2041">
     <span class='ocr_line' id='line_1_91' title="bbox 1096 2002 1893 2041; baseline 0.003 -12"><span class='ocrx_word' id='word_1_615' title='bbox 1096 2003 1156 2038; x_wconf 74' lang='grc' dir='ltr'>λων,</span> <span class='ocrx_word' id='word_1_616' title='bbox 1183 2002 1247 2029; x_wconf 82' lang='grc' dir='ltr'>ἀλλὰ</span> <span class='ocrx_word' id='word_1_617' title='bbox 1274 2004 1363 2035; x_wconf 82' lang='grc' dir='ltr'>τελέως</span> <span class='ocrx_word' id='word_1_618' title='bbox 1387 2003 1619 2041; x_wconf 75' lang='grc' dir='ltr'>ἀποστρεφόμενος,</span> <span class='ocrx_word' id='word_1_619' title='bbox 1643 2003 1693 2030; x_wconf 85' lang='grc' dir='ltr'>κάκ</span> <span class='ocrx_word' id='word_1_620' title='bbox 1722 2005 1816 2041; x_wconf 76' lang='grc' dir='ltr'>ψυχῆς</span> <span class='ocrx_word' id='word_1_621' title='bbox 1835 2010 1893 2031; x_wconf 81' lang='grc' dir='ltr'>τοῦ-</span> 
     </span>
    </p>
   </div>
   <div class='ocr_carea' id='block_1_92' title="bbox 1095 2047 1893 2087">
    <p class='ocr_par' dir='ltr' id='par_1_92' title="bbox 1095 2047 1893 2087">
     <span class='ocr_line' id='line_1_92' title="bbox 1095 2047 1893 2087; baseline 0.003 -13"><span class='ocrx_word' id='word_1_622' title='bbox 1095 2058 1138 2074; x_wconf 86' lang='grc' dir='ltr'>τον</span> <span class='ocrx_word' id='word_1_623' title='bbox 1167 2047 1380 2084; x_wconf 72' lang='grc' dir='ltr'>ἀποποιούμενοςί</span> <span class='ocrx_word' id='word_1_624' title='bbox 1410 2048 1458 2084; x_wconf 69' lang='grc' dir='ltr'>ὀψὲ</span> <span class='ocrx_word' id='word_1_625' title='bbox 1491 2047 1521 2076; x_wconf 75' lang='grc' dir='ltr'>δέ</span> <span class='ocrx_word' id='word_1_626' title='bbox 1546 2059 1608 2076; x_wconf 81' lang='grc' dir='ltr'>ποτε</span> <span class='ocrx_word' id='word_1_627' title='bbox 1630 2051 1675 2075; x_wconf 79' lang='grc' dir='ltr'>καὶ</span> <span class='ocrx_word' id='word_1_628' title='bbox 1709 2051 1786 2085; x_wconf 90' lang='grc' dir='ltr'>μόγις</span> <span class='ocrx_word' id='word_1_629' title='bbox 1820 2049 1893 2087; x_wconf 83' lang='grc' dir='ltr'>λόγον</span> 
     </span>
    </p>
   </div>
   <div class='ocr_carea' id='block_1_93' title="bbox 1094 2092 1892 2131">
    <p class='ocr_par' dir='ltr' id='par_1_93' title="bbox 1094 2092 1892 2131">
     <span class='ocr_line' id='line_1_93' title="bbox 1094 2092 1892 2131; baseline 0.004 -13"><span class='ocrx_word' id='word_1_630' title='bbox 1094 2095 1139 2118; x_wconf 86' lang='grc' dir='ltr'>καὶ</span> <span class='ocrx_word' id='word_1_631' title='bbox 1166 2092 1243 2128; x_wconf 82' lang='grc' dir='ltr'>λόγου</span> <span class='ocrx_word' id='word_1_632' title='bbox 1270 2097 1367 2129; x_wconf 81' lang='grc' dir='ltr'>μεστοῦ</span> <span class='ocrx_word' id='word_1_633' title='bbox 1388 2096 1493 2131; x_wconf 83' lang='grc' dir='ltr'>πικρίας</span> <span class='ocrx_word' id='word_1_634' title='bbox 1525 2094 1636 2125; x_wconf 75' lang='grc' dir='ltr'>ἠξίωσεν</span> <span class='ocrx_word' id='word_1_635' title='bbox 1660 2104 1666 2110; x_wconf 93' lang='grc'><strong>·</strong></span> <span class='ocrx_word' id='word_1_636' title='bbox 1688 2094 1790 2128; x_wconf 75' lang='grc' dir='ltr'>Οὕτως,</span> <span class='ocrx_word' id='word_1_637' title='bbox 1814 2095 1892 2130; x_wconf 74' lang='grc' dir='ltr'>ἄθλιε,</span> 
     </span>
    </p>
   </div>
   <div class='ocr_carea' id='block_1_94' title="bbox 1093 2136 1892 2177">
    <p class='ocr_par' dir='ltr' id='par_1_94' title="bbox 1093 2136 1892 2177">
     <span class='ocr_line' id='line_1_94' title="bbox 1093 2136 1892 2177; baseline 0.004 -15"><span class='ocrx_word' id='word_1_638' title='bbox 1093 2141 1139 2167; x_wconf 85' lang='grc' dir='ltr'>τῆς</span> <span class='ocrx_word' id='word_1_639' title='bbox 1164 2136 1266 2168; x_wconf 76' lang='grc' dir='ltr'>ἐντολῆς</span> <span class='ocrx_word' id='word_1_640' title='bbox 1289 2136 1412 2164; x_wconf 74' lang='grc' dir='ltr'>ἐπελάθου</span> <span class='ocrx_word' id='word_1_641' title='bbox 1429 2146 1436 2171; x_wconf 88' lang='grc'>;</span> <span class='ocrx_word' id='word_1_642' title='bbox 1463 2138 1543 2164; x_wconf 75' lang='grc' dir='ltr'>Ταῦθ’</span> <span class='ocrx_word' id='word_1_643' title='bbox 1565 2139 1686 2174; x_wconf 79' lang='grc' dir='ltr'>ὑπέσχου</span> <span class='ocrx_word' id='word_1_644' title='bbox 1702 2147 1709 2172; x_wconf 84' lang='grc'><strong>;</strong></span> <span class='ocrx_word' id='word_1_645' title='bbox 1726 2142 1816 2165; x_wconf 82' lang='grc' dir='ltr'>Ταῦτα</span> <span class='ocrx_word' id='word_1_646' title='bbox 1834 2149 1892 2177; x_wconf 89' lang='grc' dir='ltr'>προ-</span> 
     </span>
    </p>
   </div>
   <div class='ocr_carea' id='block_1_95' title="bbox 215 2174 1042 2220">
    <p class='ocr_par' dir='ltr' id='par_1_95' title="bbox 215 2174 1037 2211">
     <span class='ocr_line' id='line_1_95' title="bbox 215 2174 1037 2211; baseline 0.007 -10"><span class='ocrx_word' id='word_1_647' title='bbox 215 2177 340 2209; x_wconf 77' lang='lat' dir='ltr'>cogente</span> <span class='ocrx_word' id='word_1_648' title='bbox 355 2174 477 2202; x_wconf 88' lang='lat' dir='ltr'>nemine</span> <span class='ocrx_word' id='word_1_649' title='bbox 487 2175 636 2202; x_wconf 79' lang='lat' dir='ltr'>accessisti</span> <span class='ocrx_word' id='word_1_650' title='bbox 645 2175 683 2203; x_wconf 88' lang='lat' dir='ltr'>ad</span> <span class='ocrx_word' id='word_1_651' title='bbox 696 2183 752 2203; x_wconf 88' lang='lat' dir='ltr'>nos</span> <span class='ocrx_word' id='word_1_652' title='bbox 763 2176 777 2204; x_wconf 86' lang='lat'><strong>?</strong></span> <span class='ocrx_word' id='word_1_653' title='bbox 790 2178 854 2204; x_wconf 89' lang='lat' dir='ltr'>Non</span> <span class='ocrx_word' id='word_1_654' title='bbox 866 2179 1037 2211; x_wconf 86' lang='lat' dir='ltr'>meministi,</span> 
     </span>
    </p>
   </div>
   <div class='ocr_carea' id='block_1_96' title="bbox 1096 2174 1892 2220">
    <p class='ocr_par' dir='ltr' id='par_1_96' title="bbox 1096 2181 1892 2220">
     <span class='ocr_line' id='line_1_96' title="bbox 1096 2181 1892 2220; baseline 0.004 -13"><span class='ocrx_word' id='word_1_655' title='bbox 1096 2181 1161 2207; x_wconf 78' lang='grc' dir='ltr'>είλου</span> <span class='ocrx_word' id='word_1_656' title='bbox 1188 2182 1228 2207; x_wconf 80' lang='grc' dir='ltr'>ὅτε</span> <span class='ocrx_word' id='word_1_657' title='bbox 1243 2186 1289 2208; x_wconf 82' lang='grc' dir='ltr'>τοῦ</span> <span class='ocrx_word' id='word_1_658' title='bbox 1311 2183 1412 2218; x_wconf 81' lang='grc' dir='ltr'>κόσμου</span> <span class='ocrx_word' id='word_1_659' title='bbox 1435 2181 1652 2220; x_wconf 78' lang='grc' dir='ltr'>ἀποκεχώρηκας,</span> <span class='ocrx_word' id='word_1_660' title='bbox 1674 2185 1719 2209; x_wconf 85' lang='grc' dir='ltr'>καὶ</span> <span class='ocrx_word' id='word_1_661' title='bbox 1745 2183 1806 2220; x_wconf 83' lang='grc' dir='ltr'>παρ’</span> <span class='ocrx_word' id='word_1_662' title='bbox 1829 2185 1892 2220; x_wconf 71' lang='grc' dir='ltr'>ἡμᾶς</span> 
     </span>
    </p>
   </div>
   <div class='ocr_carea' id='block_1_97' title="bbox 213 2218 1039 2259">
    <p class='ocr_par' dir='ltr' id='par_1_97' title="bbox 213 2218 1039 2259">
     <span class='ocr_line' id='line_1_97' title="bbox 213 2218 1039 2259; baseline 0.007 -14"><span class='ocrx_word' id='word_1_663' title='bbox 213 2220 289 2254; x_wconf 91' lang='lat' dir='ltr'>quot</span> <span class='ocrx_word' id='word_1_664' title='bbox 297 2218 480 2254; x_wconf 83' lang='lat' dir='ltr'>quantisque</span> <span class='ocrx_word' id='word_1_665' title='bbox 491 2218 692 2254; x_wconf 86' lang='lat' dir='ltr'>rejicientibus</span> <span class='ocrx_word' id='word_1_666' title='bbox 713 2222 749 2253; x_wconf 87' lang='lat' dir='ltr'>te,</span> <span class='ocrx_word' id='word_1_667' title='bbox 766 2221 931 2250; x_wconf 86' lang='lat' dir='ltr'>eot‘orsitan</span> <span class='ocrx_word' id='word_1_668' title='bbox 955 2223 1039 2259; x_wconf 91' lang='lat' dir='ltr'>quod</span> 
     </span>
    </p>
   </div>
   <div class='ocr_carea' id='block_1_98' title="bbox 213 2263 1039 2303">
    <p class='ocr_par' dir='ltr' id='par_1_98' title="bbox 213 2263 1039 2303">
     <span class='ocr_line' id='line_1_98' title="bbox 213 2263 1039 2303; baseline 0.008 -14"><span class='ocrx_word' id='word_1_669' title='bbox 213 2270 332 2290; x_wconf 90' lang='lat' dir='ltr'>morum</span> <span class='ocrx_word' id='word_1_670' title='bbox 338 2264 458 2290; x_wconf 89' lang='lat' dir='ltr'>tuorum</span> <span class='ocrx_word' id='word_1_671' title='bbox 465 2263 642 2298; x_wconf 85' lang='lat' dir='ltr'>pravitatem</span> <span class='ocrx_word' id='word_1_672' title='bbox 653 2263 983 2303; x_wconf 85' lang='lat' dir='ltr'>intractabilitatemque</span> <span class='ocrx_word' id='word_1_673' title='bbox 993 2268 1039 2296; x_wconf 92' lang='lat' dir='ltr'>in-</span> 
     </span>
    </p>
   </div>
   <div class='ocr_carea' id='block_1_99' title="bbox 214 2306 1038 2344">
    <p class='ocr_par' dir='ltr' id='par_1_99' title="bbox 214 2306 1038 2344">
     <span class='ocr_line' id='line_1_99' title="bbox 214 2306 1038 2344; baseline 0.007 -10"><span class='ocrx_word' id='word_1_674' title='bbox 214 2306 416 2342; x_wconf 86' lang='lat' dir='ltr'>trospicerent,</span> <span class='ocrx_word' id='word_1_675' title='bbox 432 2307 514 2335; x_wconf 85' lang='lat' dir='ltr'>solus</span> <span class='ocrx_word' id='word_1_676' title='bbox 528 2315 584 2343; x_wconf 72' lang='lat' dir='ltr'>ego</span> <span class='ocrx_word' id='word_1_677' title='bbox 599 2311 626 2336; x_wconf 85' lang='lat' dir='ltr'>te</span> <span class='ocrx_word' id='word_1_678' title='bbox 640 2308 733 2344; x_wconf 86' lang='lat' dir='ltr'>(quod</span> <span class='ocrx_word' id='word_1_679' title='bbox 745 2309 859 2338; x_wconf 80' lang='lat' dir='ltr'>utinam</span> <span class='ocrx_word' id='word_1_680' title='bbox 878 2319 940 2339; x_wconf 90' lang='lat' dir='ltr'>non</span> <span class='ocrx_word' id='word_1_681' title='bbox 955 2311 1038 2340; x_wconf 83' lang='lat' dir='ltr'>fecis-</span> 
     </span>
    </p>
   </div>
   <div class='ocr_carea' id='block_1_100' title="bbox 214 2351 1038 2388">
    <p class='ocr_par' dir='ltr' id='par_1_100' title="bbox 214 2351 1038 2388">
     <span class='ocr_line' id='line_1_100' title="bbox 214 2351 1038 2388; baseline 0.007 -10"><span class='ocrx_word' id='word_1_682' title='bbox 214 2359 277 2379; x_wconf 88' lang='lat' dir='ltr'>sem</span> <span class='ocrx_word' id='word_1_683' title='bbox 285 2351 491 2387; x_wconf 85' lang='lat' dir='ltr'>!)susceperim</span> <span class='ocrx_word' id='word_1_684' title='bbox 501 2352 801 2388; x_wconf 88' lang='lat' dir='ltr'>indiscipulum,mea</span> <span class='ocrx_word' id='word_1_685' title='bbox 810 2354 1038 2385; x_wconf 88' lang='lat' dir='ltr'>teinstructione</span> 
     </span>
    </p>
   </div>
   <div class='ocr_carea' id='block_1_101' title="bbox 213 2396 1037 2433">
    <p class='ocr_par' dir='ltr' id='par_1_101' title="bbox 213 2396 1037 2433">
     <span class='ocr_line' id='line_1_101' title="bbox 213 2396 1037 2433; baseline 0.007 -10"><span class='ocrx_word' id='word_1_686' title='bbox 213 2396 355 2431; x_wconf 81' lang='lat' dir='ltr'>dignatus</span> <span class='ocrx_word' id='word_1_687' title='bbox 363 2396 377 2423; x_wconf 82' lang='lat' dir='ltr'>‘I</span> <span class='ocrx_word' id='word_1_688' title='bbox 385 2404 445 2424; x_wconf 93' lang='lat' dir='ltr'>non</span> <span class='ocrx_word' id='word_1_689' title='bbox 452 2397 561 2424; x_wconf 91' lang='lat' dir='ltr'>sanein</span> <span class='ocrx_word' id='word_1_690' title='bbox 568 2405 637 2433; x_wconf 92' lang='lat' dir='ltr'>spes</span> <span class='ocrx_word' id='word_1_691' title='bbox 646 2398 795 2433; x_wconf 88' lang='lat' dir='ltr'>ejusmodi</span> <span class='ocrx_word' id='word_1_692' title='bbox 805 2406 840 2426; x_wconf 89' lang='lat' dir='ltr'>ac</span> <span class='ocrx_word' id='word_1_693' title='bbox 849 2399 936 2427; x_wconf 81' lang='lat' dir='ltr'>talem</span> <span class='ocrx_word' id='word_1_694' title='bbox 946 2400 1037 2430; x_wconf 86' lang='lat' dir='ltr'>ﬁnem</span> 
     </span>
    </p>
   </div>
   <div class='ocr_carea' id='block_1_102' title="bbox 212 2440 1036 2479">
    <p class='ocr_par' dir='ltr' id='par_1_102' title="bbox 212 2440 1036 2479">
     <span class='ocr_line' id='line_1_102' title="bbox 212 2440 1036 2479; baseline 0.007 -11"><span class='ocrx_word' id='word_1_695' title='bbox 212 2448 275 2469; x_wconf 93' lang='lat' dir='ltr'>non</span> <span class='ocrx_word' id='word_1_696' title='bbox 286 2440 428 2477; x_wconf 86' lang='lat' dir='ltr'>profecto,</span> <span class='ocrx_word' id='word_1_697' title='bbox 442 2449 495 2477; x_wconf 91' lang='lat' dir='ltr'>per</span> <span class='ocrx_word' id='word_1_698' title='bbox 509 2441 606 2478; x_wconf 86' lang='lat' dir='ltr'>ipsam</span> <span class='ocrx_word' id='word_1_699' title='bbox 616 2442 692 2476; x_wconf 79' lang='lat' dir='ltr'>vitae,</span> <span class='ocrx_word' id='word_1_700' title='bbox 704 2443 878 2471; x_wconf 62' lang='lat' dir='ltr'>monasticm</span> <span class='ocrx_word' id='word_1_701' title='bbox 890 2445 1036 2479; x_wconf 83' lang='lat' dir='ltr'>regulam:</span> 
     </span>
    </p>
   </div>
   <div class='ocr_carea' id='block_1_103' title="bbox 212 2485 1037 2525">
    <p class='ocr_par' dir='ltr' id='par_1_103' title="bbox 212 2485 1037 2525">
     <span class='ocr_line' id='line_1_103' title="bbox 212 2485 1037 2525; baseline 0.005 -11"><span class='ocrx_word' id='word_1_702' title='bbox 212 2493 285 2521; x_wconf 86' lang='lat' dir='ltr'>non,</span> <span class='ocrx_word' id='word_1_703' title='bbox 292 2493 345 2522; x_wconf 93' lang='lat' dir='ltr'>per</span> <span class='ocrx_word' id='word_1_704' title='bbox 350 2485 487 2514; x_wconf 88' lang='lat' dir='ltr'>ordinem</span> <span class='ocrx_word' id='word_1_705' title='bbox 493 2485 577 2514; x_wconf 91' lang='lat' dir='ltr'>illum</span> <span class='ocrx_word' id='word_1_706' title='bbox 583 2486 820 2522; x_wconf 89' lang='lat' dir='ltr'>pulcherrimum</span> <span class='ocrx_word' id='word_1_707' title='bbox 831 2495 922 2522; x_wconf 88' lang='lat' dir='ltr'>quem</span> <span class='ocrx_word' id='word_1_708' title='bbox 931 2497 949 2516; x_wconf 92' lang='lat' dir='ltr'>a</span> <span class='ocrx_word' id='word_1_709' title='bbox 955 2490 1037 2525; x_wconf 88' lang='lat' dir='ltr'>prin-</span> 
     </span>
    </p>
   </div>
   <div class='ocr_carea' id='block_1_104' title="bbox 212 2530 1034 2567">
    <p class='ocr_par' dir='ltr' id='par_1_104' title="bbox 212 2530 1034 2567">
     <span class='ocr_line' id='line_1_104' title="bbox 212 2530 1034 2567; baseline 0.006 -9"><span class='ocrx_word' id='word_1_710' title='bbox 212 2530 290 2566; x_wconf 89' lang='lat' dir='ltr'>cipio</span> <span class='ocrx_word' id='word_1_711' title='bbox 301 2530 509 2563; x_wconf 87' lang='lat' dir='ltr'>observarunt,</span> <span class='ocrx_word' id='word_1_712' title='bbox 524 2530 577 2566; x_wconf 89' lang='lat' dir='ltr'>qui</span> <span class='ocrx_word' id='word_1_713' title='bbox 591 2538 655 2557; x_wconf 87' lang='lat' dir='ltr'>vere</span> <span class='ocrx_word' id='word_1_714' title='bbox 662 2530 852 2558; x_wconf 89' lang='lat' dir='ltr'>solitudinem</span> <span class='ocrx_word' id='word_1_715' title='bbox 865 2531 1034 2567; x_wconf 82' lang='lat' dir='ltr'>elegerunt:</span> 
     </span>
    </p>
   </div>
   <div class='ocr_carea' id='block_1_105' title="bbox 211 2574 1034 2612">
    <p class='ocr_par' dir='ltr' id='par_1_105' title="bbox 211 2574 1034 2612">
     <span class='ocr_line' id='line_1_105' title="bbox 211 2574 1034 2612; baseline 0.006 -9"><span class='ocrx_word' id='word_1_716' title='bbox 211 2583 340 2611; x_wconf 89' lang='lat' dir='ltr'>non,per</span> <span class='ocrx_word' id='word_1_717' title='bbox 346 2575 592 2611; x_wconf 84' lang='lat' dir='ltr'>speciosissimam</span> <span class='ocrx_word' id='word_1_718' title='bbox 599 2574 850 2612; x_wconf 86' lang='lat' dir='ltr'>clarissimamque</span> <span class='ocrx_word' id='word_1_719' title='bbox 856 2577 1034 2612; x_wconf 85' lang='lat' dir='ltr'>nigredinem</span> 
     </span>
    </p>
   </div>
   <div class='ocr_carea' id='block_1_106' title="bbox 211 2619 1035 2656">
    <p class='ocr_par' dir='ltr' id='par_1_106' title="bbox 211 2619 1035 2656">
     <span class='ocr_line' id='line_1_106' title="bbox 211 2619 1035 2656; baseline 0.007 -9"><span class='ocrx_word' id='word_1_720' title='bbox 211 2619 505 2654; x_wconf 84' lang='lat' dir='ltr'>habitus,venerabili</span> <span class='ocrx_word' id='word_1_721' title='bbox 512 2619 671 2647; x_wconf 86' lang='lat' dir='ltr'>Paehomio</span> <span class='ocrx_word' id='word_1_722' title='bbox 678 2619 714 2646; x_wconf 91' lang='lat' dir='ltr'>de</span> <span class='ocrx_word' id='word_1_723' title='bbox 722 2619 803 2647; x_wconf 73' lang='lat' dir='ltr'>caelis</span> <span class='ocrx_word' id='word_1_724' title='bbox 812 2623 1035 2656; x_wconf 86' lang='lat' dir='ltr'>monstrati;sed</span> 
     </span>
    </p>
   </div>
   <div class='ocr_carea' id='block_1_107' title="bbox 211 2663 1034 2702">
    <p class='ocr_par' dir='ltr' id='par_1_107' title="bbox 211 2663 1034 2702">
     <span class='ocr_line' id='line_1_107' title="bbox 211 2663 1034 2702; baseline 0.009 -12"><span class='ocrx_word' id='word_1_725' title='bbox 211 2665 244 2690; x_wconf 93' lang='lat' dir='ltr'>ut</span> <span class='ocrx_word' id='word_1_726' title='bbox 250 2666 276 2691; x_wconf 89' lang='lat' dir='ltr'>te</span> <span class='ocrx_word' id='word_1_727' title='bbox 282 2666 371 2699; x_wconf 92' lang='lat' dir='ltr'>prout</span> <span class='ocrx_word' id='word_1_728' title='bbox 377 2665 494 2699; x_wconf 88' lang='lat' dir='ltr'>oportet</span> <span class='ocrx_word' id='word_1_729' title='bbox 500 2663 689 2698; x_wconf 78' lang='lat' dir='ltr'>corrige-rem,</span> <span class='ocrx_word' id='word_1_730' title='bbox 696 2666 910 2702; x_wconf 88' lang='lat' dir='ltr'>etomnemqua</span> <span class='ocrx_word' id='word_1_731' title='bbox 920 2667 1034 2697; x_wconf 89' lang='lat' dir='ltr'>inﬂaris</span> 
     </span>
    </p>
   </div>
   <div class='ocr_carea' id='block_1_108' title="bbox 1095 2224 1891 2264">
    <p class='ocr_par' dir='ltr' id='par_1_108' title="bbox 1095 2224 1891 2264">
     <span class='ocr_line' id='line_1_108' title="bbox 1095 2224 1891 2264; baseline 0.004 -13"><span class='ocrx_word' id='word_1_732' title='bbox 1095 2224 1288 2261; x_wconf 79' lang='grc' dir='ltr'>ἀναγκάσαντος</span> <span class='ocrx_word' id='word_1_733' title='bbox 1306 2224 1420 2263; x_wconf 87' lang='grc' dir='ltr'>μηδενός</span> <span class='ocrx_word' id='word_1_734' title='bbox 1447 2228 1575 2263; x_wconf 85' lang='grc' dir='ltr'>γέγονας;</span> <span class='ocrx_word' id='word_1_735' title='bbox 1600 2227 1655 2253; x_wconf 74' lang='grc' dir='ltr'>Οὐκ</span> <span class='ocrx_word' id='word_1_736' title='bbox 1678 2228 1757 2253; x_wconf 86' lang='grc' dir='ltr'>οἶσθα</span> <span class='ocrx_word' id='word_1_737' title='bbox 1782 2226 1819 2263; x_wconf 66' lang='grc' dir='ltr'>ἐφ’</span> <span class='ocrx_word' id='word_1_738' title='bbox 1845 2229 1891 2264; x_wconf 79' lang='grc' dir='ltr'>ὅτῳ</span> 
     </span>
    </p>
   </div>
   <div class='ocr_carea' id='block_1_109' title="bbox 1095 2268 1890 2308">
    <p class='ocr_par' dir='ltr' id='par_1_109' title="bbox 1095 2268 1890 2308">
     <span class='ocr_line' id='line_1_109' title="bbox 1095 2268 1890 2308; baseline 0.004 -13"><span class='ocrx_word' id='word_1_739' title='bbox 1095 2279 1123 2296; x_wconf 86' lang='grc' dir='ltr'>σε</span> <span class='ocrx_word' id='word_1_740' title='bbox 1143 2270 1317 2308; x_wconf 77' lang='grc' dir='ltr'>προσείληφα,</span> <span class='ocrx_word' id='word_1_741' title='bbox 1341 2268 1460 2304; x_wconf 56' lang='lat' dir='ltr'>deﬂuus;</span> <span class='ocrx_word' id='word_1_742' title='bbox 1487 2271 1525 2297; x_wconf 76' lang='grc' dir='ltr'>Οὐ</span> <span class='ocrx_word' id='word_1_743' title='bbox 1540 2273 1672 2308; x_wconf 85' lang='grc' dir='ltr'>μέμνησαι</span> <span class='ocrx_word' id='word_1_744' title='bbox 1698 2273 1786 2297; x_wconf 83' lang='grc' dir='ltr'>πόσων</span> <span class='ocrx_word' id='word_1_745' title='bbox 1807 2281 1835 2298; x_wconf 73' lang='grc' dir='ltr'>σε</span> <span class='ocrx_word' id='word_1_746' title='bbox 1849 2275 1890 2298; x_wconf 80' lang='grc' dir='ltr'>καὶ</span> 
     </span>
    </p>
   </div>
   <div class='ocr_carea' id='block_1_110' title="bbox 1094 2313 1888 2352">
    <p class='ocr_par' dir='ltr' id='par_1_110' title="bbox 1094 2313 1888 2352">
     <span class='ocr_line' id='line_1_110' title="bbox 1094 2313 1888 2352; baseline 0.004 -12"><span class='ocrx_word' id='word_1_747' title='bbox 1094 2315 1153 2340; x_wconf 83' lang='grc' dir='ltr'>οἵων</span> <span class='ocrx_word' id='word_1_748' title='bbox 1168 2314 1197 2340; x_wconf 78' lang='grc' dir='ltr'>οὔ</span> <span class='ocrx_word' id='word_1_749' title='bbox 1223 2313 1453 2352; x_wconf 73' lang='grc' dir='ltr'>προσδεχομένων,</span> <span class='ocrx_word' id='word_1_750' title='bbox 1477 2317 1506 2341; x_wconf 83' lang='grc' dir='ltr'>τὸ</span> <span class='ocrx_word' id='word_1_751' title='bbox 1533 2319 1578 2341; x_wconf 86' lang='grc' dir='ltr'>τοῦ</span> <span class='ocrx_word' id='word_1_752' title='bbox 1606 2318 1704 2352; x_wconf 83' lang='grc' dir='ltr'>τρόπου</span> <span class='ocrx_word' id='word_1_753' title='bbox 1730 2317 1804 2352; x_wconf 83' lang='grc' dir='ltr'>τάχα</span> <span class='ocrx_word' id='word_1_754' title='bbox 1816 2327 1888 2344; x_wconf 88' lang='grc' dir='ltr'>κατο-</span> 
     </span>
    </p>
   </div>
   <div class='ocr_carea' id='block_1_111' title="bbox 1093 2359 1888 2398">
    <p class='ocr_par' dir='ltr' id='par_1_111' title="bbox 1093 2359 1888 2398">
     <span class='ocr_line' id='line_1_111' title="bbox 1093 2359 1888 2398; baseline 0.004 -13"><span class='ocrx_word' id='word_1_755' title='bbox 1093 2360 1257 2385; x_wconf 83' lang='grc' dir='ltr'>πτευσάντων</span> <span class='ocrx_word' id='word_1_756' title='bbox 1293 2361 1383 2386; x_wconf 79' lang='grc' dir='ltr'>σκαιὸν</span> <span class='ocrx_word' id='word_1_757' title='bbox 1421 2362 1466 2386; x_wconf 87' lang='grc' dir='ltr'>καὶ</span> <span class='ocrx_word' id='word_1_758' title='bbox 1506 2359 1674 2396; x_wconf 82' lang='grc' dir='ltr'>δυσάγωγον,</span> <span class='ocrx_word' id='word_1_759' title='bbox 1702 2363 1781 2396; x_wconf 87' lang='grc' dir='ltr'>μόνος</span> <span class='ocrx_word' id='word_1_760' title='bbox 1815 2363 1888 2398; x_wconf 71' lang='grc' dir='ltr'>ἔγωγε</span> 
     </span>
    </p>
   </div>
   <div class='ocr_carea' id='block_1_112' title="bbox 1093 2404 1887 2441">
    <p class='ocr_par' dir='ltr' id='par_1_112' title="bbox 1093 2404 1887 2441">
     <span class='ocr_line' id='line_1_112' title="bbox 1093 2404 1887 2441; baseline 0.003 -11"><span class='ocrx_word' id='word_1_761' title='bbox 1093 2405 1278 2440; x_wconf 84' lang='grc' dir='ltr'>προσηκάμην,</span> <span class='ocrx_word' id='word_1_762' title='bbox 1310 2406 1345 2435; x_wconf 83' lang='grc' dir='ltr'>ὡς</span> <span class='ocrx_word' id='word_1_763' title='bbox 1381 2405 1432 2431; x_wconf 76' lang='grc' dir='ltr'>εἶϐε</span> <span class='ocrx_word' id='word_1_764' title='bbox 1467 2407 1503 2441; x_wconf 85' lang='grc' dir='ltr'>μὴ</span> <span class='ocrx_word' id='word_1_765' title='bbox 1544 2404 1650 2441; x_wconf 79' lang='grc' dir='ltr'>ὤφελον,</span> <span class='ocrx_word' id='word_1_766' title='bbox 1679 2408 1723 2431; x_wconf 79' lang='grc' dir='ltr'>καὶ</span> <span class='ocrx_word' id='word_1_767' title='bbox 1752 2407 1887 2441; x_wconf 80' lang='grc' dir='ltr'>μαθητείας</span> 
     </span>
    </p>
   </div>
   <div class='ocr_carea' id='block_1_113' title="bbox 1093 2447 1886 2485">
    <p class='ocr_par' dir='ltr' id='par_1_113' title="bbox 1093 2447 1886 2485">
     <span class='ocr_line' id='line_1_113' title="bbox 1093 2447 1886 2485; baseline 0.004 -11"><span class='ocrx_word' id='word_1_768' title='bbox 1093 2448 1205 2483; x_wconf 80' lang='grc' dir='ltr'>ἠξίωσα,</span> <span class='ocrx_word' id='word_1_769' title='bbox 1232 2448 1278 2474; x_wconf 76' lang='grc' dir='ltr'>οὐκ</span> <span class='ocrx_word' id='word_1_770' title='bbox 1302 2447 1345 2475; x_wconf 72' lang='grc' dir='ltr'>ὶπέ</span> <span class='ocrx_word' id='word_1_771' title='bbox 1370 2451 1503 2480; x_wconf 84' lang='grc' dir='ltr'>τοιαύταις</span> <span class='ocrx_word' id='word_1_772' title='bbox 1532 2453 1591 2480; x_wconf 84' lang='grc' dir='ltr'>ταῖς</span> <span class='ocrx_word' id='word_1_773' title='bbox 1626 2449 1737 2485; x_wconf 71' lang='grc' dir='ltr'>ἐλπίσιν,</span> <span class='ocrx_word' id='word_1_774' title='bbox 1768 2451 1813 2476; x_wconf 77' lang='grc' dir='ltr'>οὐκ</span> <span class='ocrx_word' id='word_1_775' title='bbox 1849 2450 1886 2478; x_wconf 70' lang='grc' dir='ltr'>ἐπὶ</span> 
     </span>
    </p>
   </div>
   <div class='ocr_carea' id='block_1_114' title="bbox 1092 2493 1886 2532">
    <p class='ocr_par' dir='ltr' id='par_1_114' title="bbox 1092 2493 1886 2532">
     <span class='ocr_line' id='line_1_114' title="bbox 1092 2493 1886 2532; baseline 0.005 -14"><span class='ocrx_word' id='word_1_776' title='bbox 1092 2494 1210 2528; x_wconf 77' lang='grc' dir='ltr'>τοιούτῳ,</span> <span class='ocrx_word' id='word_1_777' title='bbox 1232 2493 1261 2519; x_wconf 82' lang='grc' dir='ltr'>οὐ</span> <span class='ocrx_word' id='word_1_778' title='bbox 1289 2494 1327 2529; x_wconf 87' lang='grc' dir='ltr'>μά</span> <span class='ocrx_word' id='word_1_779' title='bbox 1357 2496 1418 2524; x_wconf 71' lang='grc' dir='ltr'>τοὺς</span> <span class='ocrx_word' id='word_1_780' title='bbox 1443 2498 1492 2520; x_wconf 78' lang='grc' dir='ltr'>τῶν</span> <span class='ocrx_word' id='word_1_781' title='bbox 1518 2498 1643 2530; x_wconf 76' lang='grc' dir='ltr'>μοναχῶν</span> <span class='ocrx_word' id='word_1_782' title='bbox 1675 2494 1827 2532; x_wconf 82' lang='grc' dir='ltr'>ἰερωτατονς</span> <span class='ocrx_word' id='word_1_783' title='bbox 1851 2497 1886 2522; x_wconf 82' lang='grc' dir='ltr'>θε-</span> 
     </span>
    </p>
   </div>
   <div class='ocr_carea' id='block_1_115' title="bbox 1093 2538 1882 2576">
    <p class='ocr_par' dir='ltr' id='par_1_115' title="bbox 1093 2538 1882 2576">
     <span class='ocr_line' id='line_1_115' title="bbox 1093 2538 1882 2576; baseline 0.004 -13"><span class='ocrx_word' id='word_1_784' title='bbox 1093 2539 1185 2573; x_wconf 86' lang='grc' dir='ltr'>σμοὺς,</span> <span class='ocrx_word' id='word_1_785' title='bbox 1212 2538 1240 2563; x_wconf 76' lang='grc' dir='ltr'>οὐ</span> <span class='ocrx_word' id='word_1_786' title='bbox 1267 2539 1303 2574; x_wconf 85' lang='grc' dir='ltr'>μά</span> <span class='ocrx_word' id='word_1_787' title='bbox 1321 2541 1367 2568; x_wconf 79' lang='grc' dir='ltr'>τὴν</span> <span class='ocrx_word' id='word_1_788' title='bbox 1391 2539 1598 2576; x_wconf 81' lang='grc' dir='ltr'>συντηρηθεῐσαν</span> <span class='ocrx_word' id='word_1_789' title='bbox 1626 2538 1743 2576; x_wconf 75' lang='grc' dir='ltr'>ἀρχῆθεν</span> <span class='ocrx_word' id='word_1_790' title='bbox 1763 2539 1882 2575; x_wconf 73' lang='grc' dir='ltr'>εὐταξίαν,</span> 
     </span>
    </p>
   </div>
   <div class='ocr_carea' id='block_1_116' title="bbox 1091 2581 1883 2620">
    <p class='ocr_par' dir='ltr' id='par_1_116' title="bbox 1091 2581 1883 2620">
     <span class='ocr_line' id='line_1_116' title="bbox 1091 2581 1883 2620; baseline 0.005 -13"><span class='ocrx_word' id='word_1_791' title='bbox 1091 2586 1146 2612; x_wconf 83' lang='grc' dir='ltr'>¹ιὀῖς</span> <span class='ocrx_word' id='word_1_792' title='bbox 1175 2584 1239 2619; x_wconf 84' lang='grc' dir='ltr'>πρὸς</span> <span class='ocrx_word' id='word_1_793' title='bbox 1268 2581 1386 2612; x_wconf 77' lang='grc' dir='ltr'>ἀλήθειαν</span> <span class='ocrx_word' id='word_1_794' title='bbox 1408 2585 1452 2609; x_wconf 84' lang='grc' dir='ltr'>τόν</span> <span class='ocrx_word' id='word_1_795' title='bbox 1480 2582 1584 2619; x_wconf 79' lang='grc' dir='ltr'>μονάδα</span> <span class='ocrx_word' id='word_1_796' title='bbox 1622 2583 1681 2620; x_wconf 77' lang='grc' dir='ltr'>βίον</span> <span class='ocrx_word' id='word_1_797' title='bbox 1720 2583 1883 2620; x_wconf 72' lang='grc' dir='ltr'>ὅαιλομένοις,</span> 
     </span>
    </p>
   </div>
   <div class='ocr_carea' id='block_1_117' title="bbox 1090 2627 1884 2667">
    <p class='ocr_par' dir='ltr' id='par_1_117' title="bbox 1090 2627 1884 2667">
     <span class='ocr_line' id='line_1_117' title="bbox 1090 2627 1884 2667; baseline 0.005 -15"><span class='ocrx_word' id='word_1_798' title='bbox 1090 2629 1135 2653; x_wconf 84' lang='grc' dir='ltr'>καὶ</span> <span class='ocrx_word' id='word_1_799' title='bbox 1167 2629 1214 2656; x_wconf 81' lang='grc' dir='ltr'>τὴν</span> <span class='ocrx_word' id='word_1_800' title='bbox 1237 2628 1305 2653; x_wconf 85' lang='grc' dir='ltr'>κατά</span> <span class='ocrx_word' id='word_1_801' title='bbox 1332 2629 1396 2654; x_wconf 81' lang='grc' dir='ltr'>Θεὸν</span> <span class='ocrx_word' id='word_1_802' title='bbox 1421 2627 1554 2654; x_wconf 77' lang='grc' dir='ltr'>πολιτείαν</span> <span class='ocrx_word' id='word_1_803' title='bbox 1577 2627 1780 2664; x_wconf 66' lang='grc' dir='ltr'>ἀστταοηιι-ένοις⁷</span> <span class='ocrx_word' id='word_1_804' title='bbox 1805 2629 1834 2656; x_wconf 75' lang='grc' dir='ltr'>οὔ</span> <span class='ocrx_word' id='word_1_805' title='bbox 1851 2632 1884 2667; x_wconf 73' lang='grc' dir='ltr'>μὰ</span> 
     </span>
    </p>
   </div>
   <div class='ocr_carea' id='block_1_118' title="bbox 1090 2672 1882 2710">
    <p class='ocr_par' dir='ltr' id='par_1_118' title="bbox 1090 2672 1882 2710">
     <span class='ocr_line' id='line_1_118' title="bbox 1090 2672 1882 2710; baseline 0.005 -13"><span class='ocrx_word' id='word_1_806' title='bbox 1090 2673 1137 2700; x_wconf 79' lang='grc' dir='ltr'>τὴν</span> <span class='ocrx_word' id='word_1_807' title='bbox 1162 2672 1300 2708; x_wconf 74' lang='grc' dir='ltr'>όραθεῖσαν</span> <span class='ocrx_word' id='word_1_808' title='bbox 1322 2672 1418 2699; x_wconf 75' lang='grc' dir='ltr'>ἄνωθεν</span> <span class='ocrx_word' id='word_1_809' title='bbox 1440 2675 1578 2709; x_wconf 84' lang='grc' dir='ltr'>Παχωμίῳ</span> <span class='ocrx_word' id='word_1_810' title='bbox 1606 2677 1642 2709; x_wconf 90' lang='grc' dir='ltr'>τῷ</span> <span class='ocrx_word' id='word_1_811' title='bbox 1676 2673 1806 2710; x_wconf 79' lang='grc' dir='ltr'>θεσπεσίῳ</span> <span class='ocrx_word' id='word_1_812' title='bbox 1833 2675 1882 2710; x_wconf 86' lang='lat'>(20)</span> 
     </span>
    </p>
   </div>
   <div class='ocr_carea' id='block_1_119' title="bbox 247 2750 1883 2802">
    <p class='ocr_par' dir='ltr' id='par_1_119' title="bbox 247 2750 1883 2802">
     <span class='ocr_line' id='line_1_119' title="bbox 247 2750 1883 2802; baseline 0.009 -23"><span class='ocrx_word' id='word_1_813' title='bbox 247 2751 306 2788; x_wconf 84' lang='lat'>(20)</span> <span class='ocrx_word' id='word_1_814' title='bbox 331 2751 361 2780; x_wconf 92' lang='lat' dir='ltr'>S.</span> <span class='ocrx_word' id='word_1_815' title='bbox 384 2751 535 2779; x_wconf 85' lang='lat' dir='ltr'>Pachomii</span> <span class='ocrx_word' id='word_1_816' title='bbox 569 2750 686 2788; x_wconf 83' lang='lat' dir='ltr'>prolixa</span> <span class='ocrx_word' id='word_1_817' title='bbox 714 2754 742 2782; x_wconf 91' lang='lat' dir='ltr'>et</span> <span class='ocrx_word' id='word_1_818' title='bbox 766 2753 976 2792; x_wconf 86' lang='lat' dir='ltr'>antiquissima</span> <span class='ocrx_word' id='word_1_819' title='bbox 1001 2760 1075 2788; x_wconf 82' lang='lat' dir='ltr'>Acta</span> <span class='ocrx_word' id='word_1_820' title='bbox 1097 2759 1208 2796; x_wconf 86' lang='lat' dir='ltr'>damus</span> <span class='ocrx_word' id='word_1_821' title='bbox 1235 2761 1267 2796; x_wconf 66' lang='lat' dir='ltr'>t4</span> <span class='ocrx_word' id='word_1_822' title='bbox 1289 2761 1365 2799; x_wconf 80' lang='lat' dir='ltr'>Maii,</span> <span class='ocrx_word' id='word_1_823' title='bbox 1389 2761 1443 2794; x_wconf 86' lang='lat' dir='ltr'>ubi</span> <span class='ocrx_word' id='word_1_824' title='bbox 1456 2769 1542 2795; x_wconf 81' lang='lat' dir='ltr'>num.</span> <span class='ocrx_word' id='word_1_825' title='bbox 1568 2763 1601 2801; x_wconf 61' lang='lat'>{3</span> <span class='ocrx_word' id='word_1_826' title='bbox 1620 2760 1746 2796; x_wconf 75' lang='lat' dir='ltr'>refertur</span> <span class='ocrx_word' id='word_1_827' title='bbox 1772 2762 1883 2802; x_wconf 72' lang='lat' dir='ltr'>regula,</span> 
     </span>
    </p>
   </div>
  </div>
