  <div class='ocr_page' id='page_1' title='image "/cluster/home/n/w/nwhite01/storage/ocr_20150623/140/njp.32101010942850/468.png"; bbox 0 0 1963 3084; ppageno 0'>
   <div class='ocr_carea' id='block_1_1' title="bbox 30 79 1094 118">
    <p class='ocr_par' dir='ltr' id='par_1_1' title="bbox 30 79 1094 118">
     <span class='ocr_line' id='line_1_1' title="bbox 30 79 1094 118; baseline -0.003 -3"><span class='ocrx_word' id='word_1_1' title='bbox 30 88 76 115; x_wconf 78' lang='lat'><strong>869</strong></span> <span class='ocrx_word' id='word_1_2' title='bbox 113 111 122 118; x_wconf 84' lang='lat'>.</span> <span class='ocrx_word' id='word_1_3' title='bbox 619 79 655 114; x_wconf 83' lang='lat' dir='ltr'><strong>&#39;IN</strong></span> <span class='ocrx_word' id='word_1_4' title='bbox 675 84 704 114; x_wconf 90' lang='lat' dir='ltr'><strong>s.</strong></span> <span class='ocrx_word' id='word_1_5' title='bbox 723 83 823 114; x_wconf 77' lang='lat' dir='ltr'><strong>JOAN.</strong></span> <span class='ocrx_word' id='word_1_6' title='bbox 843 79 1094 113; x_wconf 67' lang='lat' dir='ltr'><strong>muscarum.</strong></span> 
     </span>
    </p>
   </div>
   <div class='ocr_carea' id='block_1_2' title="bbox 1643 86 1696 114">
    <p class='ocr_par' dir='ltr' id='par_1_2' title="bbox 1643 86 1696 114">
     <span class='ocr_line' id='line_1_2' title="bbox 1643 86 1696 114; baseline -0.019 0"><span class='ocrx_word' id='word_1_7' title='bbox 1643 86 1696 114; x_wconf 85' lang='grc'><strong>8⁸10</strong></span> 
     </span>
    </p>
   </div>
   <div class='ocr_carea' id='block_1_3' title="bbox 30 145 833 185">
    <p class='ocr_par' dir='ltr' id='par_1_3' title="bbox 30 146 833 185">
     <span class='ocr_line' id='line_1_3' title="bbox 30 146 833 185; baseline 0 -11"><span class='ocrx_word' id='word_1_8' title='bbox 30 146 196 185; x_wconf 59' lang='grc' dir='ltr'>φαιδροτάτην</span> <span class='ocrx_word' id='word_1_9' title='bbox 217 148 313 176; x_wconf 83' lang='grc' dir='ltr'>ταύτην</span> <span class='ocrx_word' id='word_1_10' title='bbox 340 150 386 174; x_wconf 71' lang='grc' dir='ltr'><strong>καὶ</strong></span> <span class='ocrx_word' id='word_1_11' title='bbox 415 148 600 185; x_wconf 69' lang='grc' dir='ltr'><strong>λαμπροτάτην</strong></span> <span class='ocrx_word' id='word_1_12' title='bbox 628 147 833 184; x_wconf 75' lang='grc' dir='ltr'>μελανειμόνη-.</span> 
     </span>
    </p>
   </div>
   <div class='ocr_carea' id='block_1_4' title="bbox 920 145 1694 185">
    <p class='ocr_par' dir='ltr' id='par_1_4' title="bbox 928 145 1694 182">
     <span class='ocr_line' id='line_1_4' title="bbox 928 145 1694 182; baseline 0.001 -7"><span class='ocrx_word' id='word_1_13' title='bbox 928 146 1157 175; x_wconf 79' lang='lat' dir='ltr'><strong>aestimationem</strong></span> <span class='ocrx_word' id='word_1_14' title='bbox 1172 145 1325 181; x_wconf 82' lang='lat' dir='ltr'><strong>subigens,</strong></span> <span class='ocrx_word' id='word_1_15' title='bbox 1339 154 1394 182; x_wconf 87' lang='lat' dir='ltr'><strong>per</strong></span> <span class='ocrx_word' id='word_1_16' title='bbox 1408 147 1489 175; x_wconf 84' lang='lat' dir='ltr'><strong>viam</strong></span> <span class='ocrx_word' id='word_1_17' title='bbox 1505 147 1611 176; x_wconf 86' lang='lat' dir='ltr'><strong>salutis</strong></span> <span class='ocrx_word' id='word_1_18' title='bbox 1631 147 1694 176; x_wconf 86' lang='lat' dir='ltr'><strong>sine</strong></span> 
     </span>
    </p>
   </div>
   <div class='ocr_carea' id='block_1_5' title="bbox 32 190 815 229">
    <p class='ocr_par' dir='ltr' id='par_1_5' title="bbox 32 190 815 229">
     <span class='ocr_line' id='line_1_5' title="bbox 32 190 815 229; baseline 0.001 -11"><span class='ocrx_word' id='word_1_19' title='bbox 32 203 84 218; x_wconf 78' lang='grc' dir='ltr'>σιν·</span> <span class='ocrx_word' id='word_1_20' title='bbox 99 191 153 218; x_wconf 77' lang='grc' dir='ltr'>ἀλλ’</span> <span class='ocrx_word' id='word_1_21' title='bbox 169 193 202 218; x_wconf 72' lang='grc' dir='ltr'><strong>ἶν’</strong></span> <span class='ocrx_word' id='word_1_22' title='bbox 229 193 262 223; x_wconf 79' lang='grc' dir='ltr'>ὡς</span> <span class='ocrx_word' id='word_1_23' title='bbox 278 190 335 219; x_wconf 80' lang='grc' dir='ltr'>δέον</span> <span class='ocrx_word' id='word_1_24' title='bbox 356 202 385 218; x_wconf 84' lang='grc' dir='ltr'><strong>σε</strong></span> <span class='ocrx_word' id='word_1_25' title='bbox 411 195 612 229; x_wconf 79' lang='grc' dir='ltr'>καταρτίσαιμι,</span> <span class='ocrx_word' id='word_1_26' title='bbox 632 195 677 219; x_wconf 75' lang='grc' dir='ltr'>καὶ</span> <span class='ocrx_word' id='word_1_27' title='bbox 708 202 737 219; x_wconf 85' lang='grc' dir='ltr'><strong>σε</strong></span> <span class='ocrx_word' id='word_1_28' title='bbox 765 202 815 228; x_wconf 74' lang='grc' dir='ltr'><strong>φυ-</strong></span> 
     </span>
    </p>
   </div>
   <div class='ocr_carea' id='block_1_6' title="bbox 33 236 817 273">
    <p class='ocr_par' dir='ltr' id='par_1_6' title="bbox 33 236 817 273">
     <span class='ocr_line' id='line_1_6' title="bbox 33 236 817 273; baseline 0 -11"><span class='ocrx_word' id='word_1_29' title='bbox 33 241 132 262; x_wconf 72' lang='grc' dir='ltr'>σιοῡσαν</span> <span class='ocrx_word' id='word_1_30' title='bbox 160 236 342 268; x_wconf 81' lang='grc' dir='ltr'>καθυποτάξας</span> <span class='ocrx_word' id='word_1_31' title='bbox 379 237 483 262; x_wconf 72' lang='grc' dir='ltr'>ἅπασαν</span> <span class='ocrx_word' id='word_1_32' title='bbox 505 239 601 271; x_wconf 83' lang='grc' dir='ltr'>οἴησιν,</span> <span class='ocrx_word' id='word_1_33' title='bbox 630 238 817 273; x_wconf 76' lang='grc' dir='ltr'>ἁπροσκόπτως</span> 
     </span>
    </p>
   </div>
   <div class='ocr_carea' id='block_1_7' title="bbox 33 279 817 317">
    <p class='ocr_par' dir='ltr' id='par_1_7' title="bbox 33 279 817 317">
     <span class='ocr_line' id='line_1_7' title="bbox 33 279 817 317; baseline 0.001 -11"><span class='ocrx_word' id='word_1_34' title='bbox 33 284 73 309; x_wconf 72' lang='grc' dir='ltr'>τὴν</span> <span class='ocrx_word' id='word_1_35' title='bbox 97 282 156 317; x_wconf 83' lang='grc' dir='ltr'>πρός</span> <span class='ocrx_word' id='word_1_36' title='bbox 181 283 312 317; x_wconf 74' lang='grc' dir='ltr'><strong>σωτηρίαν</strong></span> <span class='ocrx_word' id='word_1_37' title='bbox 335 279 478 307; x_wconf 74' lang='grc' dir='ltr'>διαϐαίνειν</span> <span class='ocrx_word' id='word_1_38' title='bbox 507 280 733 317; x_wconf 78' lang='grc' dir='ltr'>καθοδηγήσαιμι.</span> <span class='ocrx_word' id='word_1_39' title='bbox 763 285 817 307; x_wconf 82' lang='grc' dir='ltr'>Νῦν</span> 
     </span>
    </p>
   </div>
   <div class='ocr_carea' id='block_1_8' title="bbox 35 324 818 363">
    <p class='ocr_par' dir='ltr' id='par_1_8' title="bbox 35 324 818 363">
     <span class='ocr_line' id='line_1_8' title="bbox 35 324 818 363; baseline 0.001 -13"><span class='ocrx_word' id='word_1_40' title='bbox 35 324 55 351; x_wconf 75' lang='grc' dir='ltr'>δ’</span> <span class='ocrx_word' id='word_1_41' title='bbox 68 325 109 350; x_wconf 75' lang='grc' dir='ltr'><strong>αλλ</strong></span> <span class='ocrx_word' id='word_1_42' title='bbox 130 324 220 350; x_wconf 80' lang='grc' dir='ltr'>ἔλαθον</span> <span class='ocrx_word' id='word_1_43' title='bbox 240 324 348 361; x_wconf 80' lang='grc' dir='ltr'>ἐμαυτόν</span> <span class='ocrx_word' id='word_1_44' title='bbox 377 324 543 361; x_wconf 79' lang='grc' dir='ltr'><strong>ἀποσμήχων</strong></span> <span class='ocrx_word' id='word_1_45' title='bbox 575 325 696 359; x_wconf 75' lang='grc' dir='ltr'>Αἰθίοπα,</span> <span class='ocrx_word' id='word_1_46' title='bbox 722 326 736 354; x_wconf 77' lang='grc' dir='ltr'>ἢ</span> <span class='ocrx_word' id='word_1_47' title='bbox 755 335 818 363; x_wconf 74' lang='grc' dir='ltr'>καρ-</span> 
     </span>
    </p>
   </div>
   <div class='ocr_carea' id='block_1_9' title="bbox 33 367 816 406">
    <p class='ocr_par' dir='ltr' id='par_1_9' title="bbox 33 367 816 406">
     <span class='ocr_line' id='line_1_9' title="bbox 33 367 816 406; baseline 0.003 -12"><span class='ocrx_word' id='word_1_48' title='bbox 33 372 92 395; x_wconf 75' lang='grc' dir='ltr'>κίνον</span> <span class='ocrx_word' id='word_1_49' title='bbox 117 367 240 405; x_wconf 73' lang='grc' dir='ltr'><strong>βαδίζειν</strong></span> <span class='ocrx_word' id='word_1_50' title='bbox 267 369 333 406; x_wconf 72' lang='grc' dir='ltr'>ὀρθὰ</span> <span class='ocrx_word' id='word_1_51' title='bbox 359 371 561 406; x_wconf 73' lang='grc' dir='ltr'><strong>μεταμανθάνειν</strong></span> <span class='ocrx_word' id='word_1_52' title='bbox 597 369 816 406; x_wconf 75' lang='grc' dir='ltr'>ἐκϐιαζόμενος,ἣ</span> 
     </span>
    </p>
   </div>
   <div class='ocr_carea' id='block_1_10' title="bbox 35 413 821 451">
    <p class='ocr_par' dir='ltr' id='par_1_10' title="bbox 35 413 821 451">
     <span class='ocr_line' id='line_1_10' title="bbox 35 413 821 451; baseline 0.004 -13"><span class='ocrx_word' id='word_1_53' title='bbox 35 414 98 444; x_wconf 70' lang='grc' dir='ltr'>ξύλον</span> <span class='ocrx_word' id='word_1_54' title='bbox 123 413 241 450; x_wconf 45' lang='lat' dir='ltr'><strong>auges);</strong></span> <span class='ocrx_word' id='word_1_55' title='bbox 278 413 420 440; x_wconf 71' lang='grc' dir='ltr'><strong>ἀπευθῦναι</strong></span> <span class='ocrx_word' id='word_1_56' title='bbox 448 418 613 451; x_wconf 66' lang='grc' dir='ltr'>πειρωμῇσος,</span> <span class='ocrx_word' id='word_1_57' title='bbox 639 415 653 444; x_wconf 76' lang='grc' dir='ltr'>ἦ</span> <span class='ocrx_word' id='word_1_58' title='bbox 682 416 704 441; x_wconf 89' lang='grc' dir='ltr'>εῖ</span> <span class='ocrx_word' id='word_1_59' title='bbox 737 417 763 440; x_wconf 83' lang='grc' dir='ltr'><strong>τί</strong></span> <span class='ocrx_word' id='word_1_60' title='bbox 791 424 821 450; x_wconf 77' lang='grc' dir='ltr'><strong>γε</strong></span> 
     </span>
    </p>
   </div>
   <div class='ocr_carea' id='block_1_11' title="bbox 36 456 822 495">
    <p class='ocr_par' dir='ltr' id='par_1_11' title="bbox 36 456 822 495">
     <span class='ocr_line' id='line_1_11' title="bbox 36 456 822 495; baseline 0.001 -12"><span class='ocrx_word' id='word_1_61' title='bbox 36 458 88 484; x_wconf 65' lang='grc' dir='ltr'>ἄλλο</span> <span class='ocrx_word' id='word_1_62' title='bbox 113 463 160 484; x_wconf 80' lang='grc' dir='ltr'>τῶν</span> <span class='ocrx_word' id='word_1_63' title='bbox 187 458 294 484; x_wconf 70' lang='grc' dir='ltr'>αὐτόθεν</span> <span class='ocrx_word' id='word_1_64' title='bbox 320 456 551 494; x_wconf 77' lang='grc' dir='ltr'>δυσμεταϐλήτων,</span> <span class='ocrx_word' id='word_1_65' title='bbox 576 461 621 484; x_wconf 80' lang='grc' dir='ltr'>καὶ</span> <span class='ocrx_word' id='word_1_66' title='bbox 649 461 699 485; x_wconf 79' lang='grc' dir='ltr'>απὸ</span> <span class='ocrx_word' id='word_1_67' title='bbox 723 460 822 495; x_wconf 75' lang='grc' dir='ltr'>φύσεως</span> 
     </span>
    </p>
   </div>
   <div class='ocr_carea' id='block_1_12' title="bbox 35 502 822 538">
    <p class='ocr_par' dir='ltr' id='par_1_12' title="bbox 35 502 822 538">
     <span class='ocr_line' id='line_1_12' title="bbox 35 502 822 538; baseline 0.003 -11"><span class='ocrx_word' id='word_1_68' title='bbox 35 507 200 538; x_wconf 71' lang='grc' dir='ltr'>μεταποιῆσαι</span> <span class='ocrx_word' id='word_1_69' title='bbox 226 505 451 538; x_wconf 78' lang='grc' dir='ltr'>κατεπειγόμενος.</span> <span class='ocrx_word' id='word_1_70' title='bbox 484 502 572 530; x_wconf 81' lang='grc' dir='ltr'>Ἔνθεν</span> <span class='ocrx_word' id='word_1_71' title='bbox 591 502 621 528; x_wconf 84' lang='grc' dir='ltr'>ἂν</span> <span class='ocrx_word' id='word_1_72' title='bbox 643 506 687 530; x_wconf 74' lang='grc' dir='ltr'><strong>καὶ</strong></span> <span class='ocrx_word' id='word_1_73' title='bbox 716 503 749 533; x_wconf 83' lang='grc' dir='ltr'>εἰς</span> <span class='ocrx_word' id='word_1_74' title='bbox 770 513 822 530; x_wconf 79' lang='grc' dir='ltr'>πα-</span> 
     </span>
    </p>
   </div>
   <div class='ocr_carea' id='block_1_13' title="bbox 35 546 824 584">
    <p class='ocr_par' dir='ltr' id='par_1_13' title="bbox 35 546 824 584">
     <span class='ocr_line' id='line_1_13' title="bbox 35 546 824 584; baseline 0.003 -12"><span class='ocrx_word' id='word_1_75' title='bbox 35 546 135 583; x_wconf 71' lang='grc' dir='ltr'>ραϐολὴν</span> <span class='ocrx_word' id='word_1_76' title='bbox 172 549 306 583; x_wconf 73' lang='grc' dir='ltr'><strong>γενοίμην,</strong></span> <span class='ocrx_word' id='word_1_77' title='bbox 351 550 396 573; x_wconf 72' lang='grc' dir='ltr'><strong>καὶ</strong></span> <span class='ocrx_word' id='word_1_78' title='bbox 436 548 451 576; x_wconf 80' lang='grc' dir='ltr'>ἡ</span> <span class='ocrx_word' id='word_1_79' title='bbox 489 550 619 584; x_wconf 82' lang='grc' dir='ltr'><strong>παροιμία</strong></span> <span class='ocrx_word' id='word_1_80' title='bbox 657 549 824 578; x_wconf 73' lang='grc' dir='ltr'><strong>καθηκόντως</strong></span> 
     </span>
    </p>
   </div>
   <div class='ocr_carea' id='block_1_14' title="bbox 37 591 823 628">
    <p class='ocr_par' dir='ltr' id='par_1_14' title="bbox 37 591 823 628">
     <span class='ocr_line' id='line_1_14' title="bbox 37 591 823 628; baseline 0.003 -12"><span class='ocrx_word' id='word_1_81' title='bbox 37 591 173 628; x_wconf 73' lang='grc' dir='ltr'>ἑπιρῤηθείη</span> <span class='ocrx_word' id='word_1_82' title='bbox 197 601 256 627; x_wconf 82' lang='grc' dir='ltr'>μοι,</span> <span class='ocrx_word' id='word_1_83' title='bbox 272 591 303 621; x_wconf 78' lang='grc' dir='ltr'>ἣν</span> <span class='ocrx_word' id='word_1_84' title='bbox 314 593 381 617; x_wconf 80' lang='grc' dir='ltr'>κατὰ</span> <span class='ocrx_word' id='word_1_85' title='bbox 399 595 450 617; x_wconf 82' lang='grc' dir='ltr'>τῶν</span> <span class='ocrx_word' id='word_1_86' title='bbox 466 591 582 628; x_wconf 77' lang='grc' dir='ltr'><strong>ἀφρόνως</strong></span> <span class='ocrx_word' id='word_1_87' title='bbox 607 602 632 618; x_wconf 83' lang='grc' dir='ltr'><strong>τι</strong></span> <span class='ocrx_word' id='word_1_88' title='bbox 664 595 709 618; x_wconf 85' lang='grc' dir='ltr'>καὶ</span> <span class='ocrx_word' id='word_1_89' title='bbox 738 593 823 628; x_wconf 77' lang='grc' dir='ltr'>μάτην</span> 
     </span>
    </p>
   </div>
   <div class='ocr_carea' id='block_1_15' title="bbox 38 634 823 672">
    <p class='ocr_par' dir='ltr' id='par_1_15' title="bbox 38 634 823 672">
     <span class='ocr_line' id='line_1_15' title="bbox 38 634 823 672; baseline 0.001 -11"><span class='ocrx_word' id='word_1_90' title='bbox 38 637 280 672; x_wconf 76' lang='grc' dir='ltr'><strong>μεταχειριζομένων</strong></span> <span class='ocrx_word' id='word_1_91' title='bbox 308 635 433 672; x_wconf 69' lang='grc' dir='ltr'>ἐπιφέρειν</span> <span class='ocrx_word' id='word_1_92' title='bbox 464 634 569 662; x_wconf 80' lang='grc' dir='ltr'>οἴδασιν</span> <span class='ocrx_word' id='word_1_93' title='bbox 593 638 618 662; x_wconf 82' lang='grc' dir='ltr'>οἱ</span> <span class='ocrx_word' id='word_1_94' title='bbox 635 636 724 662; x_wconf 86' lang='grc' dir='ltr'>πολλοί</span> <span class='ocrx_word' id='word_1_95' title='bbox 752 647 758 652; x_wconf 93' lang='grc'><strong>-</strong></span> <span class='ocrx_word' id='word_1_96' title='bbox 778 638 823 662; x_wconf 83' lang='grc' dir='ltr'><strong>καὶ</strong></span> 
     </span>
    </p>
   </div>
   <div class='ocr_carea' id='block_1_16' title="bbox 871 189 1695 220">
    <p class='ocr_par' dir='ltr' id='par_1_16' title="bbox 871 189 1695 220">
     <span class='ocr_line' id='line_1_16' title="bbox 871 189 1695 220; baseline 0 0"><span class='ocrx_word' id='word_1_97' title='bbox 871 191 1052 220; x_wconf 68' lang='lat' dir='ltr'><strong>offendicula</strong></span> <span class='ocrx_word' id='word_1_98' title='bbox 1063 189 1279 219; x_wconf 88' lang='lat' dir='ltr'><strong>transeundam</strong></span> <span class='ocrx_word' id='word_1_99' title='bbox 1289 190 1481 219; x_wconf 83' lang='lat' dir='ltr'><strong>deducerem.</strong></span> <span class='ocrx_word' id='word_1_100' title='bbox 1494 193 1578 219; x_wconf 86' lang='lat' dir='ltr'><strong>Nunc</strong></span> <span class='ocrx_word' id='word_1_101' title='bbox 1595 194 1695 220; x_wconf 89' lang='lat' dir='ltr'><strong>autem</strong></span> 
     </span>
    </p>
   </div>
   <div class='ocr_carea' id='block_1_17' title="bbox 871 234 1696 272">
    <p class='ocr_par' dir='ltr' id='par_1_17' title="bbox 871 234 1696 272">
     <span class='ocr_line' id='line_1_17' title="bbox 871 234 1696 272; baseline 0 -9"><span class='ocrx_word' id='word_1_102' title='bbox 871 236 1029 272; x_wconf 90' lang='lat' dir='ltr'><strong>deceptum</strong></span> <span class='ocrx_word' id='word_1_103' title='bbox 1037 243 1085 263; x_wconf 88' lang='lat' dir='ltr'><strong>me</strong></span> <span class='ocrx_word' id='word_1_104' title='bbox 1094 234 1181 262; x_wconf 91' lang='lat' dir='ltr'><strong>video</strong></span> <span class='ocrx_word' id='word_1_105' title='bbox 1189 234 1320 262; x_wconf 83' lang='lat' dir='ltr'><strong>lavando</strong></span> <span class='ocrx_word' id='word_1_106' title='bbox 1329 234 1506 271; x_wconf 67' lang='lat' dir='ltr'><strong>Ethiopem,</strong></span> <span class='ocrx_word' id='word_1_107' title='bbox 1516 237 1544 263; x_wconf 89' lang='lat' dir='ltr'><strong>et</strong></span> <span class='ocrx_word' id='word_1_108' title='bbox 1553 243 1696 263; x_wconf 79' lang='lat' dir='ltr'><strong>cancrum</strong></span> 
     </span>
    </p>
   </div>
   <div class='ocr_carea' id='block_1_18' title="bbox 872 279 1697 314">
    <p class='ocr_par' dir='ltr' id='par_1_18' title="bbox 872 279 1697 314">
     <span class='ocr_line' id='line_1_18' title="bbox 872 279 1697 314; baseline -0.001 -6"><span class='ocrx_word' id='word_1_109' title='bbox 872 280 1009 308; x_wconf 91' lang='lat' dir='ltr'><strong>docendo</strong></span> <span class='ocrx_word' id='word_1_110' title='bbox 1022 279 1092 307; x_wconf 84' lang='lat' dir='ltr'><strong>recti</strong></span> <span class='ocrx_word' id='word_1_111' title='bbox 1102 286 1224 314; x_wconf 84' lang='lat' dir='ltr'><strong>gressus</strong></span> <span class='ocrx_word' id='word_1_112' title='bbox 1236 279 1392 311; x_wconf 85' lang='lat' dir='ltr'><strong>rationem,</strong></span> <span class='ocrx_word' id='word_1_113' title='bbox 1408 287 1442 307; x_wconf 88' lang='lat' dir='ltr'><strong>ac</strong></span> <span class='ocrx_word' id='word_1_114' title='bbox 1452 279 1569 314; x_wconf 79' lang='lat' dir='ltr'><strong>lignum</strong></span> <span class='ocrx_word' id='word_1_115' title='bbox 1585 281 1697 308; x_wconf 89' lang='lat' dir='ltr'><strong>tortum</strong></span> 
     </span>
    </p>
   </div>
   <div class='ocr_carea' id='block_1_19' title="bbox 873 323 1700 360">
    <p class='ocr_par' dir='ltr' id='par_1_19' title="bbox 873 323 1700 360">
     <span class='ocr_line' id='line_1_19' title="bbox 873 323 1700 360; baseline 0 -8"><span class='ocrx_word' id='word_1_116' title='bbox 873 324 1026 359; x_wconf 82' lang='lat' dir='ltr'><strong>erigenda,</strong></span> <span class='ocrx_word' id='word_1_117' title='bbox 1042 326 1094 352; x_wconf 86' lang='lat' dir='ltr'><strong>aut</strong></span> <span class='ocrx_word' id='word_1_118' title='bbox 1103 324 1127 351; x_wconf 90' lang='lat' dir='ltr'><strong>si</strong></span> <span class='ocrx_word' id='word_1_119' title='bbox 1137 323 1210 360; x_wconf 88' lang='lat' dir='ltr'><strong>quid</strong></span> <span class='ocrx_word' id='word_1_120' title='bbox 1219 323 1301 351; x_wconf 86' lang='lat' dir='ltr'><strong>aliud</strong></span> <span class='ocrx_word' id='word_1_121' title='bbox 1313 323 1432 352; x_wconf 66' lang='lat' dir='ltr'><strong>diﬁcile</strong></span> <span class='ocrx_word' id='word_1_122' title='bbox 1442 326 1584 358; x_wconf 80' lang='lat' dir='ltr'><strong>mutatur,</strong></span> <span class='ocrx_word' id='word_1_123' title='bbox 1595 326 1700 352; x_wconf 86' lang='lat' dir='ltr'><strong>contra</strong></span> 
     </span>
    </p>
   </div>
   <div class='ocr_carea' id='block_1_20' title="bbox 873 368 1698 405">
    <p class='ocr_par' dir='ltr' id='par_1_20' title="bbox 873 368 1698 405">
     <span class='ocr_line' id='line_1_20' title="bbox 873 368 1698 405; baseline -0.001 -7"><span class='ocrx_word' id='word_1_124' title='bbox 873 372 1012 398; x_wconf 88' lang='lat' dir='ltr'><strong>naturam</strong></span> <span class='ocrx_word' id='word_1_125' title='bbox 1028 369 1182 397; x_wconf 85' lang='lat' dir='ltr'><strong>tentando.</strong></span> <span class='ocrx_word' id='word_1_126' title='bbox 1200 369 1389 405; x_wconf 80' lang='lat' dir='ltr'><strong>Quapropter</strong></span> <span class='ocrx_word' id='word_1_127' title='bbox 1404 369 1435 396; x_wconf 88' lang='lat' dir='ltr'><strong>in</strong></span> <span class='ocrx_word' id='word_1_128' title='bbox 1449 368 1583 397; x_wconf 87' lang='lat' dir='ltr'><strong>derisum</strong></span> <span class='ocrx_word' id='word_1_129' title='bbox 1601 369 1698 397; x_wconf 85' lang='lat' dir='ltr'><strong>factus</strong></span> 
     </span>
    </p>
   </div>
   <div class='ocr_carea' id='block_1_21' title="bbox 874 413 1701 450">
    <p class='ocr_par' dir='ltr' id='par_1_21' title="bbox 874 413 1701 450">
     <span class='ocr_line' id='line_1_21' title="bbox 874 413 1701 450; baseline -0.001 -8"><span class='ocrx_word' id='word_1_130' title='bbox 874 422 952 446; x_wconf 87' lang='lat' dir='ltr'><strong>sum,</strong></span> <span class='ocrx_word' id='word_1_131' title='bbox 964 413 1154 450; x_wconf 78' lang='lat' dir='ltr'><strong>quadratque</strong></span> <span class='ocrx_word' id='word_1_132' title='bbox 1167 413 1197 441; x_wconf 91' lang='lat' dir='ltr'><strong>in</strong></span> <span class='ocrx_word' id='word_1_133' title='bbox 1211 421 1259 441; x_wconf 87' lang='lat' dir='ltr'><strong>me</strong></span> <span class='ocrx_word' id='word_1_134' title='bbox 1272 413 1477 449; x_wconf 87' lang='lat' dir='ltr'><strong>proverbium,</strong></span> <span class='ocrx_word' id='word_1_135' title='bbox 1489 421 1551 450; x_wconf 89' lang='lat' dir='ltr'><strong>quo</strong></span> <span class='ocrx_word' id='word_1_136' title='bbox 1566 414 1701 450; x_wconf 84' lang='lat' dir='ltr'><strong>plerique</strong></span> 
     </span>
    </p>
   </div>
   <div class='ocr_carea' id='block_1_22' title="bbox 875 457 1700 494">
    <p class='ocr_par' dir='ltr' id='par_1_22' title="bbox 875 457 1700 494">
     <span class='ocr_line' id='line_1_22' title="bbox 875 457 1700 494; baseline 0 -8"><span class='ocrx_word' id='word_1_137' title='bbox 875 460 1107 486; x_wconf 88' lang='lat' dir='ltr'><strong>utunturcontra</strong></span> <span class='ocrx_word' id='word_1_138' title='bbox 1113 465 1164 485; x_wconf 91' lang='lat' dir='ltr'><strong>eos</strong></span> <span class='ocrx_word' id='word_1_139' title='bbox 1172 457 1223 493; x_wconf 89' lang='lat' dir='ltr'><strong>qui</strong></span> <span class='ocrx_word' id='word_1_140' title='bbox 1229 457 1340 493; x_wconf 83' lang='lat' dir='ltr'><strong>aliquid</strong></span> <span class='ocrx_word' id='word_1_141' title='bbox 1352 457 1560 494; x_wconf 85' lang='lat' dir='ltr'><strong>imprudenter</strong></span> <span class='ocrx_word' id='word_1_142' title='bbox 1570 466 1604 486; x_wconf 86' lang='lat' dir='ltr'><strong>ac</strong></span> <span class='ocrx_word' id='word_1_143' title='bbox 1615 458 1700 486; x_wconf 93' lang='lat' dir='ltr'><strong>stulte</strong></span> 
     </span>
    </p>
   </div>
   <div class='ocr_carea' id='block_1_23' title="bbox 876 501 1701 538">
    <p class='ocr_par' dir='ltr' id='par_1_23' title="bbox 876 501 1701 538">
     <span class='ocr_line' id='line_1_23' title="bbox 876 501 1701 538; baseline -0.001 -7"><span class='ocrx_word' id='word_1_144' title='bbox 876 502 1010 537; x_wconf 77' lang='lat' dir='ltr'><strong>aggressi</strong></span> <span class='ocrx_word' id='word_1_145' title='bbox 1026 504 1096 529; x_wconf 90' lang='lat' dir='ltr'><strong>sunt</strong></span> <span class='ocrx_word' id='word_1_146' title='bbox 1107 510 1114 528; x_wconf 88' lang='lat'><strong>:</strong></span> <span class='ocrx_word' id='word_1_147' title='bbox 1124 501 1233 529; x_wconf 83' lang='lat' dir='ltr'><strong>ctenim</strong></span> <span class='ocrx_word' id='word_1_148' title='bbox 1245 501 1514 538; x_wconf 73' lang='lat' dir='ltr'><strong>coepifacere,quse</strong></span> <span class='ocrx_word' id='word_1_149' title='bbox 1527 502 1630 538; x_wconf 86' lang='lat' dir='ltr'><strong>perﬁci</strong></span> <span class='ocrx_word' id='word_1_150' title='bbox 1639 509 1701 531; x_wconf 89' lang='lat' dir='ltr'><strong>non</strong></span> 
     </span>
    </p>
   </div>
   <div class='ocr_carea' id='block_1_24' title="bbox 876 545 1702 583">
    <p class='ocr_par' dir='ltr' id='par_1_24' title="bbox 876 545 1702 583">
     <span class='ocr_line' id='line_1_24' title="bbox 876 545 1702 583; baseline 0.002 -9"><span class='ocrx_word' id='word_1_151' title='bbox 876 549 1023 583; x_wconf 79' lang='lat' dir='ltr'><strong>poterant,</strong></span> <span class='ocrx_word' id='word_1_152' title='bbox 1039 549 1067 574; x_wconf 92' lang='lat' dir='ltr'><strong>et</strong></span> <span class='ocrx_word' id='word_1_153' title='bbox 1078 553 1167 581; x_wconf 84' lang='lat' dir='ltr'><strong>super</strong></span> <span class='ocrx_word' id='word_1_154' title='bbox 1182 553 1276 582; x_wconf 80' lang='lat' dir='ltr'><strong>aquas</strong></span> <span class='ocrx_word' id='word_1_155' title='bbox 1292 545 1420 574; x_wconf 83' lang='lat' dir='ltr'><strong>scribere</strong></span> <span class='ocrx_word' id='word_1_156' title='bbox 1435 546 1615 574; x_wconf 86' lang='lat' dir='ltr'><strong>volui.Nunc</strong></span> <span class='ocrx_word' id='word_1_157' title='bbox 1631 555 1702 583; x_wconf 87' lang='lat' dir='ltr'><strong>ergo</strong></span> 
     </span>
    </p>
   </div>
   <div class='ocr_carea' id='block_1_25' title="bbox 877 589 1702 626">
    <p class='ocr_par' dir='ltr' id='par_1_25' title="bbox 877 589 1702 626">
     <span class='ocr_line' id='line_1_25' title="bbox 877 589 1702 626; baseline 0.002 -8"><span class='ocrx_word' id='word_1_158' title='bbox 877 591 923 618; x_wconf 81' lang='lat' dir='ltr'><strong>exi</strong></span> <span class='ocrx_word' id='word_1_159' title='bbox 939 590 1048 622; x_wconf 78' lang='lat' dir='ltr'><strong>statim,</strong></span> <span class='ocrx_word' id='word_1_160' title='bbox 1066 589 1212 617; x_wconf 88' lang='lat' dir='ltr'><strong>discedea</strong></span> <span class='ocrx_word' id='word_1_161' title='bbox 1226 597 1284 624; x_wconf 90' lang='lat' dir='ltr'><strong>me,</strong></span> <span class='ocrx_word' id='word_1_162' title='bbox 1296 589 1374 618; x_wconf 85' lang='lat' dir='ltr'><strong>vade</strong></span> <span class='ocrx_word' id='word_1_163' title='bbox 1384 592 1452 626; x_wconf 88' lang='lat' dir='ltr'><strong>post</strong></span> <span class='ocrx_word' id='word_1_164' title='bbox 1465 598 1638 626; x_wconf 81' lang='lat' dir='ltr'><strong>perversam</strong></span> <span class='ocrx_word' id='word_1_165' title='bbox 1653 600 1702 620; x_wconf 92' lang='lat' dir='ltr'><strong>co-</strong></span> 
     </span>
    </p>
   </div>
   <div class='ocr_carea' id='block_1_26' title="bbox 878 635 1168 670">
    <p class='ocr_par' dir='ltr' id='par_1_26' title="bbox 878 635 1168 670">
     <span class='ocr_line' id='line_1_26' title="bbox 878 635 1168 670; baseline -0.007 -7"><span class='ocrx_word' id='word_1_166' title='bbox 878 635 1053 670; x_wconf 84' lang='lat' dir='ltr'><strong>gitationem</strong></span> <span class='ocrx_word' id='word_1_167' title='bbox 1073 636 1168 662; x_wconf 85' lang='lat' dir='ltr'><strong>tuam.</strong></span> 
     </span>
    </p>
   </div>
   <div class='ocr_carea' id='block_1_27' title="bbox 37 677 1706 718">
    <p class='ocr_par' dir='ltr' id='par_1_27' title="bbox 37 677 1706 718">
     <span class='ocr_line' id='line_1_27' title="bbox 37 677 1706 718; baseline 0.001 -12"><span class='ocrx_word' id='word_1_168' title='bbox 37 682 78 716; x_wconf 68' lang='grc' dir='ltr'><strong>γὰρ</strong></span> <span class='ocrx_word' id='word_1_169' title='bbox 116 680 252 711; x_wconf 80' lang='grc' dir='ltr'>ἀνηνύτοις</span> <span class='ocrx_word' id='word_1_170' title='bbox 295 680 492 716; x_wconf 65' lang='grc' dir='ltr'>ἐπικεχείρηκα,</span> <span class='ocrx_word' id='word_1_171' title='bbox 531 684 575 707; x_wconf 80' lang='grc' dir='ltr'>καὶ</span> <span class='ocrx_word' id='word_1_172' title='bbox 617 682 660 707; x_wconf 71' lang='grc' dir='ltr'><strong>ἐπὶ</strong></span> <span class='ocrx_word' id='word_1_173' title='bbox 695 683 818 718; x_wconf 83' lang='grc' dir='ltr'>ματαίοις</span> <span class='ocrx_word' id='word_1_174' title='bbox 858 678 1022 712; x_wconf 74' lang='grc' dir='ltr'><strong>ἐσπούδακα,</strong></span> <span class='ocrx_word' id='word_1_175' title='bbox 1055 689 1100 705; x_wconf 80' lang='grc' dir='ltr'><strong>και</strong></span> <span class='ocrx_word' id='word_1_176' title='bbox 1135 678 1236 710; x_wconf 79' lang='grc' dir='ltr'>ἀληθῶς</span> <span class='ocrx_word' id='word_1_177' title='bbox 1274 679 1333 705; x_wconf 82' lang='grc' dir='ltr'>καθ’</span> <span class='ocrx_word' id='word_1_178' title='bbox 1368 677 1473 706; x_wconf 75' lang='grc' dir='ltr'>ὑδάτων</span> <span class='ocrx_word' id='word_1_179' title='bbox 1508 681 1615 717; x_wconf 72' lang='grc' dir='ltr'>γράφειν</span> <span class='ocrx_word' id='word_1_180' title='bbox 1635 683 1706 708; x_wconf 78' lang='grc' dir='ltr'>τεθέ-</span> 
     </span>
    </p>
   </div>
   <div class='ocr_carea' id='block_1_28' title="bbox 38 721 1399 761">
    <p class='ocr_par' dir='ltr' id='par_1_28' title="bbox 38 721 1399 761">
     <span class='ocr_line' id='line_1_28' title="bbox 38 721 1399 761; baseline -0.001 -11"><span class='ocrx_word' id='word_1_181' title='bbox 38 725 104 753; x_wconf 73' lang='grc' dir='ltr'>).ηκα.</span> <span class='ocrx_word' id='word_1_182' title='bbox 120 724 186 751; x_wconf 75' lang='grc' dir='ltr'>Ἀλλ’</span> <span class='ocrx_word' id='word_1_183' title='bbox 207 725 291 756; x_wconf 74' lang='grc' dir='ltr'>ἔξελθε</span> <span class='ocrx_word' id='word_1_184' title='bbox 304 727 332 751; x_wconf 92' lang='grc' dir='ltr'><strong>τό</strong></span> <span class='ocrx_word' id='word_1_185' title='bbox 347 726 439 761; x_wconf 77' lang='grc' dir='ltr'>τάχος,</span> <span class='ocrx_word' id='word_1_186' title='bbox 459 724 506 751; x_wconf 82' lang='grc' dir='ltr'>ἀπ’</span> <span class='ocrx_word' id='word_1_187' title='bbox 520 725 581 761; x_wconf 72' lang='grc' dir='ltr'>ἐμοῦ</span> <span class='ocrx_word' id='word_1_188' title='bbox 593 729 679 761; x_wconf 88' lang='grc' dir='ltr'>γενοῦ,</span> <span class='ocrx_word' id='word_1_189' title='bbox 699 727 744 751; x_wconf 83' lang='grc' dir='ltr'>καὶ</span> <span class='ocrx_word' id='word_1_190' title='bbox 760 729 808 756; x_wconf 83' lang='grc' dir='ltr'>τῆς</span> <span class='ocrx_word' id='word_1_191' title='bbox 824 729 870 755; x_wconf 86' lang='grc' dir='ltr'>σῆς</span> <span class='ocrx_word' id='word_1_192' title='bbox 886 724 969 751; x_wconf 76' lang='grc' dir='ltr'>ὀπίσω</span> <span class='ocrx_word' id='word_1_193' title='bbox 983 727 1097 761; x_wconf 82' lang='grc' dir='ltr'>πονηρᾶς</span> <span class='ocrx_word' id='word_1_194' title='bbox 1113 721 1231 753; x_wconf 75' lang='grc' dir='ltr'>διανοίας</span> <span class='ocrx_word' id='word_1_195' title='bbox 1246 724 1399 759; x_wconf 80' lang='grc' dir='ltr'>παρεύθητι.</span> 
     </span>
    </p>
   </div>
   <div class='ocr_carea' id='block_1_29' title="bbox 68 776 859 814">
    <p class='ocr_par' dir='ltr' id='par_1_29' title="bbox 68 776 859 814">
     <span class='ocr_line' id='line_1_29' title="bbox 68 776 859 814; baseline 0.001 -10"><span class='ocrx_word' id='word_1_196' title='bbox 68 777 116 814; x_wconf 74' lang='grc' dir='ltr'><strong>μζ.</strong></span> <span class='ocrx_word' id='word_1_197' title='bbox 136 778 165 807; x_wconf 77' lang='grc' dir='ltr'><em>Ὀ</em></span> <span class='ocrx_word' id='word_1_198' title='bbox 194 776 219 804; x_wconf 80' lang='grc' dir='ltr'>δ’</span> <span class='ocrx_word' id='word_1_199' title='bbox 255 777 428 814; x_wconf 69' lang='grc' dir='ltr'>ἀπαράκλητα</span> <span class='ocrx_word' id='word_1_200' title='bbox 461 779 561 814; x_wconf 73' lang='grc' dir='ltr'>ἐθρήνει</span> <span class='ocrx_word' id='word_1_201' title='bbox 581 782 678 814; x_wconf 75' lang='grc' dir='ltr'>πεσὼν,</span> <span class='ocrx_word' id='word_1_202' title='bbox 705 781 750 805; x_wconf 77' lang='grc' dir='ltr'>καὶ</span> <span class='ocrx_word' id='word_1_203' title='bbox 777 781 824 808; x_wconf 82' lang='grc' dir='ltr'>τὴν</span> <span class='ocrx_word' id='word_1_204' title='bbox 840 783 859 810; x_wconf 84' lang='grc' dir='ltr'><strong>Β</strong></span> 
     </span>
    </p>
   </div>
   <div class='ocr_carea' id='block_1_30' title="bbox 40 822 826 860">
    <p class='ocr_par' dir='ltr' id='par_1_30' title="bbox 40 822 826 860">
     <span class='ocr_line' id='line_1_30' title="bbox 40 822 826 860; baseline 0.003 -12"><span class='ocrx_word' id='word_1_205' title='bbox 40 824 114 848; x_wconf 72' lang='grc' dir='ltr'>αἰτίαν</span> <span class='ocrx_word' id='word_1_206' title='bbox 137 833 162 849; x_wconf 84' lang='grc' dir='ltr'><strong>τε</strong></span> <span class='ocrx_word' id='word_1_207' title='bbox 185 822 333 860; x_wconf 70' lang='grc' dir='ltr'>ἐξηγόρευε,</span> <span class='ocrx_word' id='word_1_208' title='bbox 368 825 413 849; x_wconf 79' lang='grc' dir='ltr'>καὶ</span> <span class='ocrx_word' id='word_1_209' title='bbox 448 823 557 849; x_wconf 84' lang='grc' dir='ltr'>πλεῖστα</span> <span class='ocrx_word' id='word_1_210' title='bbox 584 824 648 860; x_wconf 74' lang='grc' dir='ltr'>ὑπερ</span> <span class='ocrx_word' id='word_1_211' title='bbox 669 826 826 860; x_wconf 76' lang='grc' dir='ltr'>συγγνώμης</span> 
     </span>
    </p>
   </div>
   <div class='ocr_carea' id='block_1_31' title="bbox 41 865 826 905">
    <p class='ocr_par' dir='ltr' id='par_1_31' title="bbox 41 865 826 905">
     <span class='ocr_line' id='line_1_31' title="bbox 41 865 826 905; baseline 0.001 -13"><span class='ocrx_word' id='word_1_212' title='bbox 41 865 122 894; x_wconf 70' lang='grc' dir='ltr'>ἐδέετο.</span> <span class='ocrx_word' id='word_1_213' title='bbox 147 867 176 893; x_wconf 88' lang='grc' dir='ltr'>Ὀ</span> <span class='ocrx_word' id='word_1_214' title='bbox 213 865 239 893; x_wconf 82' lang='grc' dir='ltr'>δ’</span> <span class='ocrx_word' id='word_1_215' title='bbox 265 865 298 893; x_wconf 81' lang='grc' dir='ltr'>αὖ</span> <span class='ocrx_word' id='word_1_216' title='bbox 321 869 402 904; x_wconf 78' lang='grc' dir='ltr'>γέρων</span> <span class='ocrx_word' id='word_1_217' title='bbox 438 867 548 905; x_wconf 83' lang='grc' dir='ltr'>σοϐαρός</span> <span class='ocrx_word' id='word_1_218' title='bbox 577 868 681 901; x_wconf 80' lang='grc' dir='ltr'>ἵστατο,</span> <span class='ocrx_word' id='word_1_219' title='bbox 710 869 826 904; x_wconf 81' lang='grc' dir='ltr'>συχνοὺς</span> 
     </span>
    </p>
   </div>
   <div class='ocr_carea' id='block_1_32' title="bbox 40 910 825 949">
    <p class='ocr_par' dir='ltr' id='par_1_32' title="bbox 40 910 825 949">
     <span class='ocr_line' id='line_1_32' title="bbox 40 910 825 949; baseline 0.001 -12"><span class='ocrx_word' id='word_1_220' title='bbox 40 914 180 937; x_wconf 72' lang='grc' dir='ltr'>κατατείνων</span> <span class='ocrx_word' id='word_1_221' title='bbox 195 914 255 942; x_wconf 80' lang='grc' dir='ltr'>τοὺς</span> <span class='ocrx_word' id='word_1_222' title='bbox 278 911 378 946; x_wconf 82' lang='grc' dir='ltr'>λόγους,</span> <span class='ocrx_word' id='word_1_223' title='bbox 407 911 502 947; x_wconf 84' lang='grc' dir='ltr'>μᾶλλον</span> <span class='ocrx_word' id='word_1_224' title='bbox 531 910 561 938; x_wconf 67' lang='grc' dir='ltr'><strong>δε</strong></span> <span class='ocrx_word' id='word_1_225' title='bbox 586 914 703 949; x_wconf 84' lang='grc' dir='ltr'>μακροὺς</span> <span class='ocrx_word' id='word_1_226' title='bbox 719 911 825 938; x_wconf 66' lang='grc' dir='ltr'>ἕπεο-ονε</span> 
     </span>
    </p>
   </div>
   <div class='ocr_carea' id='block_1_33' title="bbox 42 954 828 993">
    <p class='ocr_par' dir='ltr' id='par_1_33' title="bbox 42 954 828 993">
     <span class='ocr_line' id='line_1_33' title="bbox 42 954 828 993; baseline 0.001 -12"><span class='ocrx_word' id='word_1_227' title='bbox 42 958 104 992; x_wconf 82' lang='grc' dir='ltr'>εἱρων</span> <span class='ocrx_word' id='word_1_228' title='bbox 129 958 189 987; x_wconf 84' lang='grc' dir='ltr'>τοὺς</span> <span class='ocrx_word' id='word_1_229' title='bbox 223 956 394 992; x_wconf 76' lang='grc' dir='ltr'>χλευασμούς</span> <span class='ocrx_word' id='word_1_230' title='bbox 424 967 430 972; x_wconf 91' lang='grc'><strong>·</strong></span> <span class='ocrx_word' id='word_1_231' title='bbox 458 956 527 987; x_wconf 77' lang='grc' dir='ltr'>τέλος</span> <span class='ocrx_word' id='word_1_232' title='bbox 562 961 609 986; x_wconf 81' lang='grc' dir='ltr'>τῆν</span> <span class='ocrx_word' id='word_1_233' title='bbox 639 958 729 993; x_wconf 80' lang='grc' dir='ltr'>χειρός</span> <span class='ocrx_word' id='word_1_234' title='bbox 751 954 828 982; x_wconf 80' lang='grc' dir='ltr'>τόνδε</span> 
     </span>
    </p>
   </div>
   <div class='ocr_carea' id='block_1_34' title="bbox 42 999 826 1038">
    <p class='ocr_par' dir='ltr' id='par_1_34' title="bbox 42 999 826 1038">
     <span class='ocr_line' id='line_1_34' title="bbox 42 999 826 1038; baseline 0 -12"><span class='ocrx_word' id='word_1_235' title='bbox 42 1000 176 1036; x_wconf 66' lang='grc' dir='ltr'>λαϐόμενος,</span> <span class='ocrx_word' id='word_1_236' title='bbox 193 999 280 1027; x_wconf 64' lang='grc' dir='ltr'>Ούδὶν</span> <span class='ocrx_word' id='word_1_237' title='bbox 302 1002 331 1026; x_wconf 86' lang='grc' dir='ltr'><strong>τό</strong></span> <span class='ocrx_word' id='word_1_238' title='bbox 352 999 402 1026; x_wconf 81' lang='grc' dir='ltr'><strong>ἀπό</strong></span> <span class='ocrx_word' id='word_1_239' title='bbox 423 999 502 1027; x_wconf 80' lang='grc' dir='ltr'>τοῦδε</span> <span class='ocrx_word' id='word_1_240' title='bbox 525 1010 567 1027; x_wconf 87' lang='grc' dir='ltr'><strong>σοι</strong></span> <span class='ocrx_word' id='word_1_241' title='bbox 594 1011 622 1028; x_wconf 77' lang='grc' dir='ltr'><strong>τε</strong></span> <span class='ocrx_word' id='word_1_242' title='bbox 635 1001 716 1038; x_wconf 84' lang='grc' dir='ltr'>κάμοὶ</span> <span class='ocrx_word' id='word_1_243' title='bbox 731 1002 826 1035; x_wconf 82' lang='grc' dir='ltr'>κοινὸν,</span> 
     </span>
    </p>
   </div>
   <div class='ocr_carea' id='block_1_35' title="bbox 45 1045 826 1082">
    <p class='ocr_par' dir='ltr' id='par_1_35' title="bbox 45 1045 826 1082">
     <span class='ocr_line' id='line_1_35' title="bbox 45 1045 826 1082; baseline 0.004 -12"><span class='ocrx_word' id='word_1_244' title='bbox 45 1046 133 1080; x_wconf 63' lang='grc' dir='ltr'>ἔοιῖσεν,</span> <span class='ocrx_word' id='word_1_245' title='bbox 146 1046 265 1082; x_wconf 82' lang='grc' dir='ltr'>οῖνθρωπε</span> <span class='ocrx_word' id='word_1_246' title='bbox 287 1055 293 1061; x_wconf 82' lang='grc'><strong><em>-</em></strong></span> <span class='ocrx_word' id='word_1_247' title='bbox 310 1046 360 1074; x_wconf 84' lang='grc' dir='ltr'>ὅπη</span> <span class='ocrx_word' id='word_1_248' title='bbox 374 1048 436 1081; x_wconf 83' lang='grc' dir='ltr'>γοῦν</span> <span class='ocrx_word' id='word_1_249' title='bbox 452 1055 494 1072; x_wconf 90' lang='grc' dir='ltr'><strong>σοι</strong></span> <span class='ocrx_word' id='word_1_250' title='bbox 507 1048 552 1072; x_wconf 83' lang='grc' dir='ltr'>καὶ</span> <span class='ocrx_word' id='word_1_251' title='bbox 570 1045 708 1082; x_wconf 81' lang='grc' dir='ltr'>βουλητὸν,</span> <span class='ocrx_word' id='word_1_252' title='bbox 740 1047 826 1074; x_wconf 81' lang='grc' dir='ltr'>ἄπιθι.</span> 
     </span>
    </p>
   </div>
   <div class='ocr_carea' id='block_1_36' title="bbox 45 1089 828 1128">
    <p class='ocr_par' dir='ltr' id='par_1_36' title="bbox 45 1089 828 1128">
     <span class='ocr_line' id='line_1_36' title="bbox 45 1089 828 1128; baseline 0.003 -13"><span class='ocrx_word' id='word_1_253' title='bbox 45 1090 131 1120; x_wconf 81' lang='grc' dir='ltr'>Ἐξςισι</span> <span class='ocrx_word' id='word_1_254' title='bbox 155 1089 197 1116; x_wconf 68' lang='grc' dir='ltr'><strong>ἐπὶ</strong></span> <span class='ocrx_word' id='word_1_255' title='bbox 222 1091 336 1121; x_wconf 78' lang='grc' dir='ltr'>τούτοις.</span> <span class='ocrx_word' id='word_1_256' title='bbox 368 1089 444 1116; x_wconf 83' lang='grc' dir='ltr'><strong>Ἀ).λά</strong></span> <span class='ocrx_word' id='word_1_257' title='bbox 473 1092 513 1121; x_wconf 83' lang='grc' dir='ltr'><strong>τίς</strong></span> <span class='ocrx_word' id='word_1_258' title='bbox 545 1090 575 1116; x_wconf 79' lang='grc' dir='ltr'>ἂν</span> <span class='ocrx_word' id='word_1_259' title='bbox 601 1090 713 1117; x_wconf 78' lang='grc' dir='ltr'>ἐντεῦθεν</span> <span class='ocrx_word' id='word_1_260' title='bbox 734 1090 828 1128; x_wconf 74' lang='grc' dir='ltr'><strong>ὶκφρά-</strong></span> 
     </span>
    </p>
   </div>
   <div class='ocr_carea' id='block_1_37' title="bbox 47 1133 829 1172">
    <p class='ocr_par' dir='ltr' id='par_1_37' title="bbox 47 1133 829 1172">
     <span class='ocr_line' id='line_1_37' title="bbox 47 1133 829 1172; baseline 0.003 -12"><span class='ocrx_word' id='word_1_261' title='bbox 47 1144 90 1160; x_wconf 84' lang='grc' dir='ltr'>σειε</span> <span class='ocrx_word' id='word_1_262' title='bbox 102 1135 132 1160; x_wconf 83' lang='grc' dir='ltr'>τὰ</span> <span class='ocrx_word' id='word_1_263' title='bbox 145 1133 258 1172; x_wconf 81' lang='grc' dir='ltr'>δάκρυα,</span> <span class='ocrx_word' id='word_1_264' title='bbox 274 1136 317 1161; x_wconf 85' lang='grc' dir='ltr'><strong>τόν</strong></span> <span class='ocrx_word' id='word_1_265' title='bbox 333 1136 450 1167; x_wconf 80' lang='grc' dir='ltr'>κοπετὸν,</span> <span class='ocrx_word' id='word_1_266' title='bbox 471 1137 517 1163; x_wconf 82' lang='grc' dir='ltr'>τὴν</span> <span class='ocrx_word' id='word_1_267' title='bbox 541 1138 689 1171; x_wconf 71' lang='grc' dir='ltr'>κατήφειαν,</span> <span class='ocrx_word' id='word_1_268' title='bbox 720 1137 749 1162; x_wconf 82' lang='grc' dir='ltr'>τὸ</span> <span class='ocrx_word' id='word_1_269' title='bbox 782 1141 829 1167; x_wconf 82' lang='grc' dir='ltr'>τῆς</span> 
     </span>
    </p>
   </div>
   <div class='ocr_carea' id='block_1_38' title="bbox 47 1178 829 1216">
    <p class='ocr_par' dir='ltr' id='par_1_38' title="bbox 47 1178 829 1216">
     <span class='ocr_line' id='line_1_38' title="bbox 47 1178 829 1216; baseline 0.003 -12"><span class='ocrx_word' id='word_1_270' title='bbox 47 1178 127 1213; x_wconf 56' lang='grc' dir='ltr'>ψυχῆς</span> <span class='ocrx_word' id='word_1_271' title='bbox 140 1180 231 1212; x_wconf 76' lang='grc' dir='ltr'><strong>πάθος¹</strong></span> <span class='ocrx_word' id='word_1_272' title='bbox 256 1181 304 1208; x_wconf 82' lang='grc' dir='ltr'>τὴν</span> <span class='ocrx_word' id='word_1_273' title='bbox 328 1183 373 1205; x_wconf 85' lang='grc' dir='ltr'><strong>τοῦ</strong></span> <span class='ocrx_word' id='word_1_274' title='bbox 401 1181 519 1214; x_wconf 83' lang='grc' dir='ltr'>σώματος</span> <span class='ocrx_word' id='word_1_275' title='bbox 537 1179 622 1213; x_wconf 81' lang='grc' dir='ltr'>τῆξιν,</span> <span class='ocrx_word' id='word_1_276' title='bbox 648 1181 676 1206; x_wconf 88' lang='grc' dir='ltr'><strong>τό</strong></span> <span class='ocrx_word' id='word_1_277' title='bbox 700 1179 829 1216; x_wconf 73' lang='grc' dir='ltr'>ἀφόρητον</span> 
     </span>
    </p>
   </div>
   <div class='ocr_carea' id='block_1_39' title="bbox 48 1223 831 1261">
    <p class='ocr_par' dir='ltr' id='par_1_39' title="bbox 48 1223 831 1261">
     <span class='ocr_line' id='line_1_39' title="bbox 48 1223 831 1261; baseline 0.003 -12"><span class='ocrx_word' id='word_1_278' title='bbox 48 1225 134 1257; x_wconf 54' lang='grc' dir='ltr'>πὺθος,</span> <span class='ocrx_word' id='word_1_279' title='bbox 164 1226 193 1250; x_wconf 87' lang='grc' dir='ltr'><strong>τό</strong></span> <span class='ocrx_word' id='word_1_280' title='bbox 215 1223 400 1261; x_wconf 77' lang='grc' dir='ltr'>ἁπαράκλητον</span> <span class='ocrx_word' id='word_1_281' title='bbox 429 1224 507 1259; x_wconf 85' lang='grc' dir='ltr'>οἶλγος</span> <span class='ocrx_word' id='word_1_282' title='bbox 534 1232 541 1257; x_wconf 88' lang='grc'><strong>;</strong></span> <span class='ocrx_word' id='word_1_283' title='bbox 568 1224 629 1260; x_wconf 71' lang='grc' dir='ltr'><strong>Οὐχ</strong></span> <span class='ocrx_word' id='word_1_284' title='bbox 656 1225 723 1251; x_wconf 79' lang='grc' dir='ltr'>οὕτω</span> <span class='ocrx_word' id='word_1_285' title='bbox 750 1225 831 1252; x_wconf 85' lang='grc' dir='ltr'>ποίλαι</span> 
     </span>
    </p>
   </div>
   <div class='ocr_carea' id='block_1_40' title="bbox 48 1265 831 1304">
    <p class='ocr_par' dir='ltr' id='par_1_40' title="bbox 48 1265 831 1304">
     <span class='ocr_line' id='line_1_40' title="bbox 48 1265 831 1304; baseline 0.003 -11"><span class='ocrx_word' id='word_1_286' title='bbox 48 1268 154 1294; x_wconf 77' lang='grc' dir='ltr'>πέπονθεν</span> <span class='ocrx_word' id='word_1_287' title='bbox 172 1269 185 1293; x_wconf 89' lang='grc' dir='ltr'><strong>ό</strong></span> <span class='ocrx_word' id='word_1_288' title='bbox 205 1266 295 1304; x_wconf 77' lang='grc' dir='ltr'>Ἀδὰμ</span> <span class='ocrx_word' id='word_1_289' title='bbox 314 1271 359 1298; x_wconf 68' lang='grc' dir='ltr'>τῆς</span> <span class='ocrx_word' id='word_1_290' title='bbox 386 1265 466 1303; x_wconf 71' lang='grc' dir='ltr'>Ἐδεμ</span> <span class='ocrx_word' id='word_1_291' title='bbox 490 1267 621 1301; x_wconf 71' lang='grc' dir='ltr'>ἐξωσθεὶς,</span> <span class='ocrx_word' id='word_1_292' title='bbox 647 1269 682 1299; x_wconf 76' lang='grc' dir='ltr'>ὡς</span> <span class='ocrx_word' id='word_1_293' title='bbox 701 1278 731 1304; x_wconf 78' lang='grc' dir='ltr'><strong>γε</strong></span> <span class='ocrx_word' id='word_1_294' title='bbox 756 1269 831 1300; x_wconf 81' lang='grc' dir='ltr'>οὗτος</span> 
     </span>
    </p>
   </div>
   <div class='ocr_carea' id='block_1_41' title="bbox 49 1311 831 1350">
    <p class='ocr_par' dir='ltr' id='par_1_41' title="bbox 49 1311 831 1350">
     <span class='ocr_line' id='line_1_41' title="bbox 49 1311 831 1350; baseline 0.004 -13"><span class='ocrx_word' id='word_1_295' title='bbox 49 1312 59 1336; x_wconf 84' lang='grc' dir='ltr'><strong>ό</strong></span> <span class='ocrx_word' id='word_1_296' title='bbox 75 1314 105 1347; x_wconf 76' lang='grc' dir='ltr'>μὴ</span> <span class='ocrx_word' id='word_1_297' title='bbox 119 1315 215 1348; x_wconf 78' lang='grc' dir='ltr'>ματαὶᾳ</span> <span class='ocrx_word' id='word_1_298' title='bbox 239 1312 297 1338; x_wconf 78' lang='grc' dir='ltr'>κατ’</span> <span class='ocrx_word' id='word_1_299' title='bbox 327 1311 419 1338; x_wconf 68' lang='grc' dir='ltr'>ἐκεῖνον</span> <span class='ocrx_word' id='word_1_300' title='bbox 439 1311 527 1338; x_wconf 82' lang='grc' dir='ltr'>ἐλπίδι</span> <span class='ocrx_word' id='word_1_301' title='bbox 552 1312 668 1346; x_wconf 84' lang='grc' dir='ltr'>κλαπεὶς,</span> <span class='ocrx_word' id='word_1_302' title='bbox 688 1313 751 1340; x_wconf 77' lang='grc' dir='ltr'>ἀλλὰ</span> <span class='ocrx_word' id='word_1_303' title='bbox 767 1324 831 1350; x_wconf 59' lang='grc' dir='ltr'>συμμ-</span> 
     </span>
    </p>
   </div>
   <div class='ocr_carea' id='block_1_42' title="bbox 50 1354 832 1393">
    <p class='ocr_par' dir='ltr' id='par_1_42' title="bbox 50 1354 832 1393">
     <span class='ocr_line' id='line_1_42' title="bbox 50 1354 832 1393; baseline 0.003 -11"><span class='ocrx_word' id='word_1_304' title='bbox 50 1357 131 1392; x_wconf 77' lang='grc' dir='ltr'>παθείᾳ</span> <span class='ocrx_word' id='word_1_305' title='bbox 140 1361 170 1392; x_wconf 74' lang='grc' dir='ltr'>τῇ</span> <span class='ocrx_word' id='word_1_306' title='bbox 190 1356 253 1393; x_wconf 88' lang='grc' dir='ltr'>πρός</span> <span class='ocrx_word' id='word_1_307' title='bbox 277 1358 320 1383; x_wconf 87' lang='grc' dir='ltr'><strong>τόν</strong></span> <span class='ocrx_word' id='word_1_308' title='bbox 351 1354 460 1392; x_wconf 79' lang='grc' dir='ltr'>ἀδελφὸν</span> <span class='ocrx_word' id='word_1_309' title='bbox 487 1357 626 1392; x_wconf 68' lang='grc' dir='ltr'>ὑπαχθεὶς,</span> <span class='ocrx_word' id='word_1_310' title='bbox 652 1360 697 1383; x_wconf 83' lang='grc' dir='ltr'>καὶ</span> <span class='ocrx_word' id='word_1_311' title='bbox 721 1362 770 1389; x_wconf 85' lang='grc' dir='ltr'>τῆς</span> <span class='ocrx_word' id='word_1_312' title='bbox 786 1362 832 1384; x_wconf 86' lang='grc' dir='ltr'><strong>τοῦ</strong></span> 
     </span>
    </p>
   </div>
   <div class='ocr_carea' id='block_1_43' title="bbox 50 1399 833 1437">
    <p class='ocr_par' dir='ltr' id='par_1_43' title="bbox 50 1399 833 1437">
     <span class='ocr_line' id='line_1_43' title="bbox 50 1399 833 1437; baseline 0.003 -11"><span class='ocrx_word' id='word_1_313' title='bbox 50 1403 111 1437; x_wconf 77' lang='grc' dir='ltr'>ατρὸς</span> <span class='ocrx_word' id='word_1_314' title='bbox 137 1402 221 1433; x_wconf 78' lang='grc' dir='ltr'>ἱστίας</span> <span class='ocrx_word' id='word_1_315' title='bbox 263 1401 327 1436; x_wconf 75' lang='grc' dir='ltr'>ῦπὶρ</span> <span class='ocrx_word' id='word_1_316' title='bbox 370 1399 536 1437; x_wconf 76' lang='grc' dir='ltr'>φιλαδελφίας</span> <span class='ocrx_word' id='word_1_317' title='bbox 565 1401 714 1433; x_wconf 72' lang='grc' dir='ltr'>ἀπελαθείς.</span> <span class='ocrx_word' id='word_1_318' title='bbox 755 1402 833 1429; x_wconf 82' lang='grc' dir='ltr'><strong>Ἀλλὰ</strong></span> 
     </span>
    </p>
   </div>
   <div class='ocr_carea' id='block_1_44' title="bbox 52 1446 831 1484">
    <p class='ocr_par' dir='ltr' id='par_1_44' title="bbox 52 1446 831 1484">
     <span class='ocr_line' id='line_1_44' title="bbox 52 1446 831 1484; baseline 0.003 -13"><span class='ocrx_word' id='word_1_319' title='bbox 52 1446 113 1480; x_wconf 74' lang='grc' dir='ltr'>μόλις</span> <span class='ocrx_word' id='word_1_320' title='bbox 146 1446 181 1478; x_wconf 82' lang='grc' dir='ltr'>εἰς</span> <span class='ocrx_word' id='word_1_321' title='bbox 205 1450 265 1473; x_wconf 86' lang='grc' dir='ltr'>νοῦν</span> <span class='ocrx_word' id='word_1_322' title='bbox 299 1447 397 1472; x_wconf 71' lang='grc' dir='ltr'>ἔπεισιν</span> <span class='ocrx_word' id='word_1_323' title='bbox 424 1446 564 1482; x_wconf 71' lang='grc' dir='ltr'>(εὑρετικόν</span> <span class='ocrx_word' id='word_1_324' title='bbox 599 1448 650 1484; x_wconf 78' lang='grc' dir='ltr'><strong>γὰρ</strong></span> <span class='ocrx_word' id='word_1_325' title='bbox 671 1449 686 1476; x_wconf 88' lang='grc' dir='ltr'><em>ὴ</em></span> <span class='ocrx_word' id='word_1_326' title='bbox 720 1447 831 1483; x_wconf 76' lang='grc' dir='ltr'>ἀνάγκη,</span> 
     </span>
    </p>
   </div>
   <div class='ocr_carea' id='block_1_45' title="bbox 52 1489 834 1527">
    <p class='ocr_par' dir='ltr' id='par_1_45' title="bbox 52 1489 834 1527">
     <span class='ocr_line' id='line_1_45' title="bbox 52 1489 834 1527; baseline 0.004 -12"><span class='ocrx_word' id='word_1_327' title='bbox 52 1493 88 1516; x_wconf 73' lang='grc' dir='ltr'>καὶ</span> <span class='ocrx_word' id='word_1_328' title='bbox 100 1501 149 1522; x_wconf 86' lang='grc' dir='ltr'><strong>πως</strong></span> <span class='ocrx_word' id='word_1_329' title='bbox 163 1489 196 1520; x_wconf 82' lang='grc' dir='ltr'>δὴ</span> <span class='ocrx_word' id='word_1_330' title='bbox 219 1493 248 1517; x_wconf 87' lang='grc' dir='ltr'><strong>τό</strong></span> <span class='ocrx_word' id='word_1_331' title='bbox 272 1489 427 1527; x_wconf 72' lang='grc' dir='ltr'>βιαζόμενον</span> <span class='ocrx_word' id='word_1_332' title='bbox 442 1491 641 1527; x_wconf 82' lang='grc' dir='ltr'>πολυμήχανον)</span> <span class='ocrx_word' id='word_1_333' title='bbox 656 1493 700 1525; x_wconf 84' lang='grc' dir='ltr'>ὡς,</span> <span class='ocrx_word' id='word_1_334' title='bbox 730 1491 752 1518; x_wconf 83' lang='grc' dir='ltr'>εἰ</span> <span class='ocrx_word' id='word_1_335' title='bbox 772 1494 834 1523; x_wconf 80' lang='grc' dir='ltr'>τοὺς</span> 
     </span>
    </p>
   </div>
   <div class='ocr_carea' id='block_1_46' title="bbox 53 1534 832 1571">
    <p class='ocr_par' dir='ltr' id='par_1_46' title="bbox 53 1534 832 1571">
     <span class='ocr_line' id='line_1_46' title="bbox 53 1534 832 1571; baseline 0.004 -11"><span class='ocrx_word' id='word_1_336' title='bbox 53 1536 200 1570; x_wconf 72' lang='grc' dir='ltr'>προῦχοντας</span> <span class='ocrx_word' id='word_1_337' title='bbox 216 1539 268 1561; x_wconf 81' lang='grc' dir='ltr'>τῶν</span> <span class='ocrx_word' id='word_1_338' title='bbox 295 1539 418 1571; x_wconf 80' lang='grc' dir='ltr'>μοναχῶν</span> <span class='ocrx_word' id='word_1_339' title='bbox 445 1537 560 1571; x_wconf 83' lang='grc' dir='ltr'>προσιὼν</span> <span class='ocrx_word' id='word_1_340' title='bbox 584 1534 832 1570; x_wconf 73' lang='grc' dir='ltr'>καταδνσωπήσειε,</span> 
     </span>
    </p>
   </div>
   <div class='ocr_carea' id='block_1_47' title="bbox 53 1578 832 1618">
    <p class='ocr_par' dir='ltr' id='par_1_47' title="bbox 53 1578 832 1618">
     <span class='ocr_line' id='line_1_47' title="bbox 53 1578 832 1618; baseline 0.005 -15"><span class='ocrx_word' id='word_1_341' title='bbox 53 1578 217 1615; x_wconf 71' lang='grc' dir='ltr'>χαὶπρέσϐεσι</span> <span class='ocrx_word' id='word_1_342' title='bbox 234 1581 324 1615; x_wconf 83' lang='grc' dir='ltr'>σφίσιν</span> <span class='ocrx_word' id='word_1_343' title='bbox 342 1579 529 1616; x_wconf 79' lang='grc' dir='ltr'>ἀποχρήσαιτο</span> <span class='ocrx_word' id='word_1_344' title='bbox 555 1581 618 1616; x_wconf 86' lang='grc' dir='ltr'>πρὸς</span> <span class='ocrx_word' id='word_1_345' title='bbox 646 1582 690 1606; x_wconf 85' lang='grc' dir='ltr'><strong>τόν</strong></span> <span class='ocrx_word' id='word_1_346' title='bbox 714 1582 832 1618; x_wconf 81' lang='grc' dir='ltr'>γέροντα,</span> 
     </span>
    </p>
   </div>
   <div class='ocr_carea' id='block_1_48' title="bbox 55 1622 834 1660">
    <p class='ocr_par' dir='ltr' id='par_1_48' title="bbox 55 1622 834 1660">
     <span class='ocr_line' id='line_1_48' title="bbox 55 1622 834 1660; baseline 0.006 -13"><span class='ocrx_word' id='word_1_347' title='bbox 55 1623 126 1654; x_wconf 77' lang='grc' dir='ltr'>ἱκέτας</span> <span class='ocrx_word' id='word_1_348' title='bbox 147 1634 172 1650; x_wconf 85' lang='grc' dir='ltr'><strong>τε</strong></span> <span class='ocrx_word' id='word_1_349' title='bbox 192 1622 349 1660; x_wconf 80' lang='grc' dir='ltr'>αἰδεσίμους</span> <span class='ocrx_word' id='word_1_350' title='bbox 377 1623 543 1659; x_wconf 74' lang='grc' dir='ltr'>προϐάλοιτό,</span> <span class='ocrx_word' id='word_1_351' title='bbox 583 1624 653 1651; x_wconf 85' lang='grc' dir='ltr'>ἵλεων</span> <span class='ocrx_word' id='word_1_352' title='bbox 687 1623 762 1656; x_wconf 85' lang='grc' dir='ltr'>αὖθις</span> <span class='ocrx_word' id='word_1_353' title='bbox 805 1625 834 1652; x_wconf 69' lang='grc' dir='ltr'><strong>ἂν</strong></span> 
     </span>
    </p>
   </div>
   <div class='ocr_carea' id='block_1_49' title="bbox 56 1666 835 1705">
    <p class='ocr_par' dir='ltr' id='par_1_49' title="bbox 56 1666 835 1705">
     <span class='ocr_line' id='line_1_49' title="bbox 56 1666 835 1705; baseline 0.005 -13"><span class='ocrx_word' id='word_1_354' title='bbox 56 1666 122 1702; x_wconf 73' lang='grc' dir='ltr'>ἐαυτῷ</span> <span class='ocrx_word' id='word_1_355' title='bbox 143 1669 207 1703; x_wconf 82' lang='grc' dir='ltr'>θείη,</span> <span class='ocrx_word' id='word_1_356' title='bbox 230 1671 278 1694; x_wconf 81' lang='grc' dir='ltr'>καὶ</span> <span class='ocrx_word' id='word_1_357' title='bbox 300 1672 346 1699; x_wconf 83' lang='grc' dir='ltr'>τῆς</span> <span class='ocrx_word' id='word_1_358' title='bbox 375 1670 500 1705; x_wconf 81' lang='grc' dir='ltr'>προτέρας</span> <span class='ocrx_word' id='word_1_359' title='bbox 527 1669 667 1704; x_wconf 80' lang='grc' dir='ltr'>μαθητείας</span> <span class='ocrx_word' id='word_1_360' title='bbox 707 1670 835 1701; x_wconf 81' lang='grc' dir='ltr'>καταξιω-</span> 
     </span>
    </p>
   </div>
   <div class='ocr_carea' id='block_1_50' title="bbox 57 1711 744 1750">
    <p class='ocr_par' dir='ltr' id='par_1_50' title="bbox 57 1711 744 1750">
     <span class='ocr_line' id='line_1_50' title="bbox 57 1711 744 1750; baseline 0.004 -12"><span class='ocrx_word' id='word_1_361' title='bbox 57 1711 110 1745; x_wconf 50' lang='lat' dir='ltr'><strong>“tiu,</strong></span> <span class='ocrx_word' id='word_1_362' title='bbox 124 1715 165 1739; x_wconf 81' lang='grc' dir='ltr'>καὶ</span> <span class='ocrx_word' id='word_1_363' title='bbox 177 1717 224 1744; x_wconf 81' lang='grc' dir='ltr'>τῆς</span> <span class='ocrx_word' id='word_1_364' title='bbox 239 1712 353 1739; x_wconf 72' lang='grc' dir='ltr'>ἐντεῦθεν</span> <span class='ocrx_word' id='word_1_365' title='bbox 365 1715 493 1750; x_wconf 74' lang='grc' dir='ltr'>σωτηρίας</span> <span class='ocrx_word' id='word_1_366' title='bbox 508 1713 555 1739; x_wconf 75' lang='grc' dir='ltr'>οὐκ</span> <span class='ocrx_word' id='word_1_367' title='bbox 574 1713 744 1749; x_wconf 72' lang='grc' dir='ltr'>ὰστοχὴσειε.</span> 
     </span>
    </p>
   </div>
   <div class='ocr_carea' id='block_1_51' title="bbox 83 1755 836 1795">
    <p class='ocr_par' dir='ltr' id='par_1_51' title="bbox 83 1755 836 1795">
     <span class='ocr_line' id='line_1_51' title="bbox 83 1755 836 1795; baseline 0.003 -11"><span class='ocrx_word' id='word_1_368' title='bbox 83 1756 128 1792; x_wconf 65' lang='grc' dir='ltr'>μιί.</span> <span class='ocrx_word' id='word_1_369' title='bbox 151 1761 230 1784; x_wconf 83' lang='grc' dir='ltr'>Τοῦτο</span> <span class='ocrx_word' id='word_1_370' title='bbox 255 1755 291 1787; x_wconf 85' lang='grc' dir='ltr'>δὴ</span> <span class='ocrx_word' id='word_1_371' title='bbox 314 1760 359 1783; x_wconf 81' lang='grc' dir='ltr'><strong>καὶ</strong></span> <span class='ocrx_word' id='word_1_372' title='bbox 373 1761 443 1784; x_wconf 86' lang='grc' dir='ltr'>ποιεῖ</span> <span class='ocrx_word' id='word_1_373' title='bbox 462 1768 469 1774; x_wconf 70' lang='grc' dir='ltr'><strong>θ</strong></span> <span class='ocrx_word' id='word_1_374' title='bbox 497 1760 542 1784; x_wconf 78' lang='grc' dir='ltr'>καὶ.</span> <span class='ocrx_word' id='word_1_375' title='bbox 568 1757 677 1784; x_wconf 80' lang='grc' dir='ltr'>ἀπίασιν</span> <span class='ocrx_word' id='word_1_376' title='bbox 695 1759 720 1785; x_wconf 82' lang='grc' dir='ltr'>οἱ</span> <span class='ocrx_word' id='word_1_377' title='bbox 747 1762 836 1795; x_wconf 80' lang='grc' dir='ltr'>σεμνοὶ</span> 
     </span>
    </p>
   </div>
   <div class='ocr_carea' id='block_1_52' title="bbox 55 1801 837 1839">
    <p class='ocr_par' dir='ltr' id='par_1_52' title="bbox 55 1801 837 1839">
     <span class='ocr_line' id='line_1_52' title="bbox 55 1801 837 1839; baseline 0.006 -14"><span class='ocrx_word' id='word_1_378' title='bbox 55 1803 91 1826; x_wconf 71' lang='grc' dir='ltr'>καὶ</span> <span class='ocrx_word' id='word_1_379' title='bbox 111 1802 236 1828; x_wconf 75' lang='grc' dir='ltr'>θεσπέσιοι</span> <span class='ocrx_word' id='word_1_380' title='bbox 263 1804 389 1838; x_wconf 78' lang='grc' dir='ltr'>γέροντες,</span> <span class='ocrx_word' id='word_1_381' title='bbox 406 1803 440 1833; x_wconf 83' lang='grc' dir='ltr'>ὡς</span> <span class='ocrx_word' id='word_1_382' title='bbox 465 1801 495 1828; x_wconf 80' lang='grc' dir='ltr'>ἂν</span> <span class='ocrx_word' id='word_1_383' title='bbox 523 1801 556 1832; x_wconf 84' lang='grc' dir='ltr'>δὴ</span> <span class='ocrx_word' id='word_1_384' title='bbox 577 1805 620 1829; x_wconf 89' lang='grc' dir='ltr'><strong>τόν</strong></span> <span class='ocrx_word' id='word_1_385' title='bbox 642 1802 786 1833; x_wconf 79' lang='grc' dir='ltr'>παιδευτὴν</span> <span class='ocrx_word' id='word_1_386' title='bbox 800 1808 837 1839; x_wconf 79' lang='grc' dir='ltr'>τῷ</span> 
     </span>
    </p>
   </div>
   <div class='ocr_carea' id='block_1_53' title="bbox 56 1846 837 1885">
    <p class='ocr_par' dir='ltr' id='par_1_53' title="bbox 56 1846 837 1885">
     <span class='ocr_line' id='line_1_53' title="bbox 56 1846 837 1885; baseline 0.008 -16"><span class='ocrx_word' id='word_1_387' title='bbox 56 1846 145 1882; x_wconf 77' lang='grc' dir='ltr'>μαθητῇ</span> <span class='ocrx_word' id='word_1_388' title='bbox 179 1846 375 1880; x_wconf 81' lang='grc' dir='ltr'>καταλλάξειοιν,</span> <span class='ocrx_word' id='word_1_389' title='bbox 409 1849 453 1873; x_wconf 81' lang='grc' dir='ltr'>καὶ</span> <span class='ocrx_word' id='word_1_390' title='bbox 486 1849 530 1873; x_wconf 86' lang='grc' dir='ltr'>τὸν</span> <span class='ocrx_word' id='word_1_391' title='bbox 560 1848 615 1873; x_wconf 87' lang='grc' dir='ltr'>υἱόν</span> <span class='ocrx_word' id='word_1_392' title='bbox 651 1847 837 1885; x_wconf 76' lang='grc' dir='ltr'>ἔπαναγάγοιεν</span> 
     </span>
    </p>
   </div>
   <div class='ocr_carea' id='block_1_54' title="bbox 57 1890 837 1928">
    <p class='ocr_par' dir='ltr' id='par_1_54' title="bbox 57 1890 837 1928">
     <span class='ocr_line' id='line_1_54' title="bbox 57 1890 837 1928; baseline 0.008 -15"><span class='ocrx_word' id='word_1_393' title='bbox 57 1893 85 1922; x_wconf 80' lang='grc' dir='ltr'>τῷ</span> <span class='ocrx_word' id='word_1_394' title='bbox 105 1893 187 1928; x_wconf 85' lang='grc' dir='ltr'>πατρί.</span> <span class='ocrx_word' id='word_1_395' title='bbox 219 1891 288 1918; x_wconf 85' lang='grc' dir='ltr'>Ἀλλ’</span> <span class='ocrx_word' id='word_1_396' title='bbox 314 1891 457 1928; x_wconf 77' lang='grc' dir='ltr'>εὑρὴκεσαν</span> <span class='ocrx_word' id='word_1_397' title='bbox 486 1894 531 1917; x_wconf 80' lang='grc' dir='ltr'>καὶ</span> <span class='ocrx_word' id='word_1_398' title='bbox 567 1890 714 1928; x_wconf 71' lang='grc' dir='ltr'>ἀδάμαντος</span> <span class='ocrx_word' id='word_1_399' title='bbox 744 1892 837 1919; x_wconf 70' lang='grc' dir='ltr'>ὶκεῖνον</span> 
     </span>
    </p>
   </div>
   <div class='ocr_carea' id='block_1_55' title="bbox 59 1933 839 1973">
    <p class='ocr_par' dir='ltr' id='par_1_55' title="bbox 59 1933 839 1973">
     <span class='ocr_line' id='line_1_55' title="bbox 59 1933 839 1973; baseline 0.006 -14"><span class='ocrx_word' id='word_1_400' title='bbox 59 1933 211 1972; x_wconf 71' lang='grc' dir='ltr'>σκληρότερον</span> <span class='ocrx_word' id='word_1_401' title='bbox 228 1947 234 1953; x_wconf 87' lang='grc'><strong>·</strong></span> <span class='ocrx_word' id='word_1_402' title='bbox 252 1934 329 1962; x_wconf 69' lang='grc' dir='ltr'>οὐδὲν</span> <span class='ocrx_word' id='word_1_403' title='bbox 342 1937 392 1972; x_wconf 81' lang='grc' dir='ltr'>γὰρ</span> <span class='ocrx_word' id='word_1_404' title='bbox 409 1937 422 1962; x_wconf 88' lang='grc' dir='ltr'><strong><em>ὃ</em></strong></span> <span class='ocrx_word' id='word_1_405' title='bbox 437 1946 462 1962; x_wconf 85' lang='grc' dir='ltr'><strong>τι</strong></span> <span class='ocrx_word' id='word_1_406' title='bbox 484 1938 528 1962; x_wconf 85' lang='grc' dir='ltr'><strong>καὶ</strong></span> <span class='ocrx_word' id='word_1_407' title='bbox 549 1935 722 1973; x_wconf 79' lang='grc' dir='ltr'>παρεδίχετο,</span> <span class='ocrx_word' id='word_1_408' title='bbox 752 1936 839 1964; x_wconf 77' lang='grc' dir='ltr'>οὐδενί</span> 
     </span>
    </p>
   </div>
   <div class='ocr_carea' id='block_1_56' title="bbox 58 1977 839 2018">
    <p class='ocr_par' dir='ltr' id='par_1_56' title="bbox 58 1977 839 2018">
     <span class='ocr_line' id='line_1_56' title="bbox 58 1977 839 2018; baseline 0.008 -15"><span class='ocrx_word' id='word_1_409' title='bbox 58 1987 101 2008; x_wconf 83' lang='grc' dir='ltr'><strong>πως</strong></span> <span class='ocrx_word' id='word_1_410' title='bbox 124 1977 320 2016; x_wconf 66' lang='grc' dir='ltr'>διεμειλλσσετο.</span> <span class='ocrx_word' id='word_1_411' title='bbox 345 1980 387 2010; x_wconf 84' lang='grc' dir='ltr'>Ὠς</span> <span class='ocrx_word' id='word_1_412' title='bbox 415 1979 444 2007; x_wconf 71' lang='grc' dir='ltr'>δὲ</span> <span class='ocrx_word' id='word_1_413' title='bbox 472 1979 590 2018; x_wconf 77' lang='grc' dir='ltr'>σφοδρῶς</span> <span class='ocrx_word' id='word_1_414' title='bbox 624 1981 755 2015; x_wconf 70' lang='grc' dir='ltr'>ἐνέκειντο,</span> <span class='ocrx_word' id='word_1_415' title='bbox 794 1985 839 2010; x_wconf 81' lang='grc' dir='ltr'>καὶ</span> 
     </span>
    </p>
   </div>
   <div class='ocr_carea' id='block_1_57' title="bbox 60 2020 841 2062">
    <p class='ocr_par' dir='ltr' id='par_1_57' title="bbox 60 2020 841 2062">
     <span class='ocr_line' id='line_1_57' title="bbox 60 2020 841 2062; baseline 0.006 -14"><span class='ocrx_word' id='word_1_416' title='bbox 60 2020 202 2058; x_wconf 76' lang='grc' dir='ltr'>βαρυτάταις</span> <span class='ocrx_word' id='word_1_417' title='bbox 215 2025 293 2051; x_wconf 75' lang='grc' dir='ltr'>αὐτόν</span> <span class='ocrx_word' id='word_1_418' title='bbox 309 2025 372 2062; x_wconf 69' lang='grc' dir='ltr'>ὑπερ</span> <span class='ocrx_word' id='word_1_419' title='bbox 396 2029 442 2055; x_wconf 85' lang='grc' dir='ltr'>τῆς</span> <span class='ocrx_word' id='word_1_420' title='bbox 465 2024 648 2062; x_wconf 79' lang='grc' dir='ltr'>ἀσυμπαθείας</span> <span class='ocrx_word' id='word_1_421' title='bbox 676 2030 734 2057; x_wconf 86' lang='grc' dir='ltr'>ταῖς</span> <span class='ocrx_word' id='word_1_422' title='bbox 758 2026 841 2053; x_wconf 72' lang='grc' dir='ltr'>ἐπιτι-</span> 
     </span>
    </p>
   </div>
   <div class='ocr_carea' id='block_1_58' title="bbox 59 2067 840 2108">
    <p class='ocr_par' dir='ltr' id='par_1_58' title="bbox 59 2067 840 2108">
     <span class='ocr_line' id='line_1_58' title="bbox 59 2067 840 2108; baseline 0.006 -16"><span class='ocrx_word' id='word_1_423' title='bbox 59 2068 120 2100; x_wconf 80' lang='grc' dir='ltr'>μίαις</span> <span class='ocrx_word' id='word_1_424' title='bbox 143 2067 306 2095; x_wconf 75' lang='grc' dir='ltr'>ἀπεδείκνυον</span> <span class='ocrx_word' id='word_1_425' title='bbox 332 2068 480 2105; x_wconf 69' lang='grc' dir='ltr'>ἐνεχόμενον</span> <span class='ocrx_word' id='word_1_426' title='bbox 504 2073 549 2096; x_wconf 82' lang='grc' dir='ltr'>καὶ</span> <span class='ocrx_word' id='word_1_427' title='bbox 569 2071 689 2106; x_wconf 77' lang='grc' dir='ltr'>μείζοσιν</span> <span class='ocrx_word' id='word_1_428' title='bbox 718 2073 783 2108; x_wconf 81' lang='grc' dir='ltr'>ἤπερ</span> <span class='ocrx_word' id='word_1_429' title='bbox 813 2071 840 2097; x_wconf 68' lang='lat' dir='ltr'><strong>ix</strong></span> 
     </span>
    </p>
   </div>
   <div class='ocr_carea' id='block_1_59' title="bbox 59 2113 840 2152">
    <p class='ocr_par' dir='ltr' id='par_1_59' title="bbox 59 2113 840 2152">
     <span class='ocr_line' id='line_1_59' title="bbox 59 2113 840 2152; baseline 0.004 -14"><span class='ocrx_word' id='word_1_430' title='bbox 59 2113 97 2140; x_wconf 78' lang='grc' dir='ltr'><strong>τῆς</strong></span> <span class='ocrx_word' id='word_1_431' title='bbox 121 2115 262 2150; x_wconf 75' lang='grc' dir='ltr'>παρηχοίας</span> <span class='ocrx_word' id='word_1_432' title='bbox 291 2114 449 2150; x_wconf 83' lang='grc' dir='ltr'>[παρακοῆς]</span> <span class='ocrx_word' id='word_1_433' title='bbox 478 2113 573 2140; x_wconf 79' lang='grc' dir='ltr'>ἐκεῖνον</span> <span class='ocrx_word' id='word_1_434' title='bbox 601 2114 668 2149; x_wconf 82' lang='grc' dir='ltr'>(ἐξόν</span> <span class='ocrx_word' id='word_1_435' title='bbox 697 2116 758 2152; x_wconf 77' lang='grc' dir='ltr'>γὰρ,</span> <span class='ocrx_word' id='word_1_436' title='bbox 780 2115 840 2151; x_wconf 72' lang='grc' dir='ltr'><strong>ἔφα-</strong></span> 
     </span>
    </p>
   </div>
   <div class='ocr_carea' id='block_1_60' title="bbox 914 777 1705 812">
    <p class='ocr_par' dir='ltr' id='par_1_60' title="bbox 914 777 1705 812">
     <span class='ocr_line' id='line_1_60' title="bbox 914 777 1705 812; baseline 0.005 -8"><span class='ocrx_word' id='word_1_437' title='bbox 914 778 958 805; x_wconf 81' lang='grc'><strong>47.</strong></span> <span class='ocrx_word' id='word_1_438' title='bbox 974 777 1107 805; x_wconf 80' lang='lat' dir='ltr'><strong>Joannes</strong></span> <span class='ocrx_word' id='word_1_439' title='bbox 1121 784 1190 804; x_wconf 85' lang='lat' dir='ltr'><strong>vero</strong></span> <span class='ocrx_word' id='word_1_440' title='bbox 1205 779 1372 812; x_wconf 82' lang='lat' dir='ltr'><strong>prostratus</strong></span> <span class='ocrx_word' id='word_1_441' title='bbox 1390 777 1475 806; x_wconf 89' lang='lat' dir='ltr'><strong>humi</strong></span> <span class='ocrx_word' id='word_1_442' title='bbox 1492 778 1584 807; x_wconf 84' lang='lat' dir='ltr'><strong>ﬂebat</strong></span> <span class='ocrx_word' id='word_1_443' title='bbox 1600 779 1705 808; x_wconf 88' lang='lat' dir='ltr'><strong>incon-</strong></span> 
     </span>
    </p>
   </div>
   <div class='ocr_carea' id='block_1_61' title="bbox 879 821 1706 859">
    <p class='ocr_par' dir='ltr' id='par_1_61' title="bbox 879 821 1706 859">
     <span class='ocr_line' id='line_1_61' title="bbox 879 821 1706 859; baseline 0.005 -10"><span class='ocrx_word' id='word_1_444' title='bbox 879 821 1051 853; x_wconf 76' lang='lat' dir='ltr'><strong>solabiliter,</strong></span> <span class='ocrx_word' id='word_1_445' title='bbox 1062 829 1186 849; x_wconf 81' lang='lat' dir='ltr'><strong>causam</strong></span> <span class='ocrx_word' id='word_1_446' title='bbox 1192 828 1346 857; x_wconf 83' lang='lat' dir='ltr'><strong>exponens</strong></span> <span class='ocrx_word' id='word_1_447' title='bbox 1357 821 1546 859; x_wconf 88' lang='lat' dir='ltr'><strong>multumque</strong></span> <span class='ocrx_word' id='word_1_448' title='bbox 1555 831 1610 859; x_wconf 92' lang='lat' dir='ltr'><strong>pro</strong></span> <span class='ocrx_word' id='word_1_449' title='bbox 1616 825 1706 853; x_wconf 84' lang='lat' dir='ltr'><strong>venia</strong></span> 
     </span>
    </p>
   </div>
   <div class='ocr_carea' id='block_1_62' title="bbox 879 865 1705 905">
    <p class='ocr_par' dir='ltr' id='par_1_62' title="bbox 879 865 1705 905">
     <span class='ocr_line' id='line_1_62' title="bbox 879 865 1705 905; baseline 0.004 -11"><span class='ocrx_word' id='word_1_450' title='bbox 879 865 1031 894; x_wconf 83' lang='lat' dir='ltr'><strong>exoranda</strong></span> <span class='ocrx_word' id='word_1_451' title='bbox 1041 865 1225 902; x_wconf 83' lang='lat' dir='ltr'><strong>supplicans.</strong></span> <span class='ocrx_word' id='word_1_452' title='bbox 1237 866 1362 893; x_wconf 77' lang='lat' dir='ltr'><strong>Econtra</strong></span> <span class='ocrx_word' id='word_1_453' title='bbox 1371 873 1461 893; x_wconf 84' lang='lat' dir='ltr'><strong>senex</strong></span> <span class='ocrx_word' id='word_1_454' title='bbox 1472 866 1570 896; x_wconf 84' lang='lat' dir='ltr'><strong>stabat</strong></span> <span class='ocrx_word' id='word_1_455' title='bbox 1580 868 1705 905; x_wconf 86' lang='lat' dir='ltr'><strong>rigidus,</strong></span> 
     </span>
    </p>
   </div>
   <div class='ocr_carea' id='block_1_63' title="bbox 880 909 1705 949">
    <p class='ocr_par' dir='ltr' id='par_1_63' title="bbox 880 909 1705 949">
     <span class='ocr_line' id='line_1_63' title="bbox 880 909 1705 949; baseline 0.005 -11"><span class='ocrx_word' id='word_1_456' title='bbox 880 909 1329 946; x_wconf 87' lang='lat' dir='ltr'><strong>increpantiaverbainlongum</strong></span> <span class='ocrx_word' id='word_1_457' title='bbox 1341 911 1529 946; x_wconf 85' lang='lat' dir='ltr'><strong>protrahens,</strong></span> <span class='ocrx_word' id='word_1_458' title='bbox 1542 920 1595 940; x_wconf 88' lang='lat' dir='ltr'><strong>seu</strong></span> <span class='ocrx_word' id='word_1_459' title='bbox 1603 914 1705 949; x_wconf 84' lang='lat' dir='ltr'><strong>potius</strong></span> 
     </span>
    </p>
   </div>
   <div class='ocr_carea' id='block_1_64' title="bbox 881 953 1706 991">
    <p class='ocr_par' dir='ltr' id='par_1_64' title="bbox 881 953 1706 991">
     <span class='ocr_line' id='line_1_64' title="bbox 881 953 1706 991; baseline 0.004 -9"><span class='ocrx_word' id='word_1_460' title='bbox 881 954 1012 991; x_wconf 80' lang='lat' dir='ltr'><strong>prolixas</strong></span> <span class='ocrx_word' id='word_1_461' title='bbox 1027 953 1186 981; x_wconf 85' lang='lat' dir='ltr'><strong>invectivas</strong></span> <span class='ocrx_word' id='word_1_462' title='bbox 1197 953 1339 989; x_wconf 82' lang='lat' dir='ltr'><strong>colligens</strong></span> <span class='ocrx_word' id='word_1_463' title='bbox 1352 962 1358 981; x_wconf 92' lang='lat'>:</span> <span class='ocrx_word' id='word_1_464' title='bbox 1375 953 1505 990; x_wconf 87' lang='lat' dir='ltr'><strong>denique</strong></span> <span class='ocrx_word' id='word_1_465' title='bbox 1526 963 1620 984; x_wconf 89' lang='lat' dir='ltr'><strong>manu</strong></span> <span class='ocrx_word' id='word_1_466' title='bbox 1635 964 1706 985; x_wconf 89' lang='lat' dir='ltr'><strong>eum</strong></span> 
     </span>
    </p>
   </div>
   <div class='ocr_carea' id='block_1_65' title="bbox 881 997 1707 1035">
    <p class='ocr_par' dir='ltr' id='par_1_65' title="bbox 881 997 1707 1035">
     <span class='ocr_line' id='line_1_65' title="bbox 881 997 1707 1035; baseline 0.002 -8"><span class='ocrx_word' id='word_1_467' title='bbox 881 998 1122 1035; x_wconf 79' lang='lat' dir='ltr'><strong>apprehendens,</strong></span> <span class='ocrx_word' id='word_1_468' title='bbox 1137 997 1222 1029; x_wconf 78' lang='lat' dir='ltr'><strong>Nihil.</strong></span> <span class='ocrx_word' id='word_1_469' title='bbox 1239 998 1345 1034; x_wconf 85' lang='lat' dir='ltr'><strong>inquit,</strong></span> <span class='ocrx_word' id='word_1_470' title='bbox 1365 1005 1402 1026; x_wconf 81' lang='lat' dir='ltr'><strong>ex</strong></span> <span class='ocrx_word' id='word_1_471' title='bbox 1419 1005 1499 1027; x_wconf 90' lang='lat' dir='ltr'><strong>nunc</strong></span> <span class='ocrx_word' id='word_1_472' title='bbox 1510 999 1561 1027; x_wconf 89' lang='lat' dir='ltr'><strong>tibi</strong></span> <span class='ocrx_word' id='word_1_473' title='bbox 1577 1008 1613 1028; x_wconf 90' lang='lat' dir='ltr'><strong>ac</strong></span> <span class='ocrx_word' id='word_1_474' title='bbox 1632 1001 1707 1029; x_wconf 89' lang='lat' dir='ltr'><strong>mihi</strong></span> 
     </span>
    </p>
   </div>
   <div class='ocr_carea' id='block_1_66' title="bbox 882 1042 1707 1080">
    <p class='ocr_par' dir='ltr' id='par_1_66' title="bbox 882 1042 1707 1080">
     <span class='ocr_line' id='line_1_66' title="bbox 882 1042 1707 1080; baseline 0.004 -9"><span class='ocrx_word' id='word_1_475' title='bbox 882 1050 1043 1071; x_wconf 89' lang='lat' dir='ltr'><strong>commune</strong></span> <span class='ocrx_word' id='word_1_476' title='bbox 1058 1042 1103 1075; x_wconf 84' lang='lat' dir='ltr'><strong>sit,</strong></span> <span class='ocrx_word' id='word_1_477' title='bbox 1120 1049 1138 1070; x_wconf 90' lang='grc' dir='ltr'><strong>ο</strong></span> <span class='ocrx_word' id='word_1_478' title='bbox 1150 1042 1257 1076; x_wconf 87' lang='lat' dir='ltr'><strong>homo;</strong></span> <span class='ocrx_word' id='word_1_479' title='bbox 1274 1049 1335 1078; x_wconf 85' lang='lat' dir='ltr'><strong>quo</strong></span> <span class='ocrx_word' id='word_1_480' title='bbox 1346 1042 1428 1070; x_wconf 88' lang='lat' dir='ltr'><strong>voles</strong></span> <span class='ocrx_word' id='word_1_481' title='bbox 1443 1042 1533 1071; x_wconf 86' lang='lat' dir='ltr'><strong>abito.</strong></span> <span class='ocrx_word' id='word_1_482' title='bbox 1552 1045 1707 1080; x_wconf 78' lang='lat' dir='ltr'><strong>Egreditur</strong></span> 
     </span>
    </p>
   </div>
   <div class='ocr_carea' id='block_1_67' title="bbox 883 1085 1705 1124">
    <p class='ocr_par' dir='ltr' id='par_1_67' title="bbox 883 1085 1705 1124">
     <span class='ocr_line' id='line_1_67' title="bbox 883 1085 1705 1124; baseline 0.004 -9"><span class='ocrx_word' id='word_1_483' title='bbox 883 1094 954 1122; x_wconf 85' lang='lat' dir='ltr'><strong>ergo</strong></span> <span class='ocrx_word' id='word_1_484' title='bbox 966 1095 972 1114; x_wconf 92' lang='lat'><strong>:</strong></span> <span class='ocrx_word' id='word_1_485' title='bbox 990 1094 1094 1114; x_wconf 87' lang='lat' dir='ltr'><strong>verum</strong></span> <span class='ocrx_word' id='word_1_486' title='bbox 1105 1086 1174 1122; x_wconf 84' lang='lat' dir='ltr'><strong>quis</strong></span> <span class='ocrx_word' id='word_1_487' title='bbox 1187 1086 1287 1114; x_wconf 78' lang='lat' dir='ltr'><strong>valeat</strong></span> <span class='ocrx_word' id='word_1_488' title='bbox 1300 1085 1448 1122; x_wconf 82' lang='lat' dir='ltr'><strong>explicare</strong></span> <span class='ocrx_word' id='word_1_489' title='bbox 1463 1087 1528 1122; x_wconf 88' lang='lat' dir='ltr'><strong>ejus</strong></span> <span class='ocrx_word' id='word_1_490' title='bbox 1543 1087 1705 1124; x_wconf 83' lang='lat' dir='ltr'><strong>lacrymas,</strong></span> 
     </span>
    </p>
   </div>
   <div class='ocr_carea' id='block_1_68' title="bbox 883 1129 1707 1168">
    <p class='ocr_par' dir='ltr' id='par_1_68' title="bbox 883 1129 1707 1168">
     <span class='ocr_line' id='line_1_68' title="bbox 883 1129 1707 1168; baseline 0.004 -9"><span class='ocrx_word' id='word_1_491' title='bbox 883 1131 1048 1168; x_wconf 86' lang='lat' dir='ltr'><strong>planctum,</strong></span> <span class='ocrx_word' id='word_1_492' title='bbox 1061 1130 1214 1165; x_wconf 78' lang='lat' dir='ltr'><strong>gemitum,</strong></span> <span class='ocrx_word' id='word_1_493' title='bbox 1224 1129 1416 1158; x_wconf 86' lang='lat' dir='ltr'><strong>aﬂlictionem</strong></span> <span class='ocrx_word' id='word_1_494' title='bbox 1425 1131 1527 1159; x_wconf 87' lang='lat' dir='ltr'><strong>animi.</strong></span> <span class='ocrx_word' id='word_1_495' title='bbox 1538 1133 1707 1162; x_wconf 84' lang='lat' dir='ltr'><strong>emaciatio-</strong></span> 
     </span>
    </p>
   </div>
   <div class='ocr_carea' id='block_1_69' title="bbox 883 1174 1708 1210">
    <p class='ocr_par' dir='ltr' id='par_1_69' title="bbox 883 1174 1708 1210">
     <span class='ocr_line' id='line_1_69' title="bbox 883 1174 1708 1210; baseline 0.004 -7"><span class='ocrx_word' id='word_1_496' title='bbox 883 1183 954 1203; x_wconf 89' lang='lat' dir='ltr'><strong>nem</strong></span> <span class='ocrx_word' id='word_1_497' title='bbox 962 1175 1105 1210; x_wconf 86' lang='lat' dir='ltr'><strong>corporis,</strong></span> <span class='ocrx_word' id='word_1_498' title='bbox 1115 1174 1226 1202; x_wconf 89' lang='lat' dir='ltr'><strong>doloris</strong></span> <span class='ocrx_word' id='word_1_499' title='bbox 1237 1174 1434 1202; x_wconf 81' lang='lat' dir='ltr'><strong>intolerabilis</strong></span> <span class='ocrx_word' id='word_1_500' title='bbox 1443 1177 1470 1203; x_wconf 90' lang='lat' dir='ltr'><strong>et</strong></span> <span class='ocrx_word' id='word_1_501' title='bbox 1480 1175 1708 1206; x_wconf 85' lang='lat' dir='ltr'><strong>inconsolabilis</strong></span> 
     </span>
    </p>
   </div>
   <div class='ocr_carea' id='block_1_70' title="bbox 884 1218 1711 1258">
    <p class='ocr_par' dir='ltr' id='par_1_70' title="bbox 884 1218 1711 1258">
     <span class='ocr_line' id='line_1_70' title="bbox 884 1218 1711 1258; baseline 0.004 -10"><span class='ocrx_word' id='word_1_502' title='bbox 884 1220 1008 1248; x_wconf 81' lang='lat' dir='ltr'><strong>tristitiae</strong></span> <span class='ocrx_word' id='word_1_503' title='bbox 1021 1219 1213 1248; x_wconf 87' lang='lat' dir='ltr'><strong>acerbitatem</strong></span> <span class='ocrx_word' id='word_1_504' title='bbox 1224 1218 1239 1246; x_wconf 76' lang='lat'><strong>7</strong></span> <span class='ocrx_word' id='word_1_505' title='bbox 1248 1221 1311 1247; x_wconf 86' lang='lat' dir='ltr'><strong>Non</strong></span> <span class='ocrx_word' id='word_1_506' title='bbox 1327 1219 1369 1247; x_wconf 88' lang='lat' dir='ltr'><strong>sic</strong></span> <span class='ocrx_word' id='word_1_507' title='bbox 1384 1219 1456 1247; x_wconf 91' lang='lat' dir='ltr'><strong>olim</strong></span> <span class='ocrx_word' id='word_1_508' title='bbox 1469 1228 1484 1248; x_wconf 91' lang='lat' dir='ltr'><strong>e</strong></span> <span class='ocrx_word' id='word_1_509' title='bbox 1500 1221 1641 1257; x_wconf 81' lang='lat' dir='ltr'><strong>paradiso</strong></span> <span class='ocrx_word' id='word_1_510' title='bbox 1653 1222 1711 1258; x_wconf 87' lang='lat' dir='ltr'><strong>eje-</strong></span> 
     </span>
    </p>
   </div>
   <div class='ocr_carea' id='block_1_71' title="bbox 885 1264 1712 1300">
    <p class='ocr_par' dir='ltr' id='par_1_71' title="bbox 885 1264 1712 1300">
     <span class='ocr_line' id='line_1_71' title="bbox 885 1264 1712 1300; baseline 0.002 -7"><span class='ocrx_word' id='word_1_511' title='bbox 885 1267 952 1293; x_wconf 91' lang='lat' dir='ltr'><strong>etus</strong></span> <span class='ocrx_word' id='word_1_512' title='bbox 967 1265 1063 1292; x_wconf 85' lang='lat' dir='ltr'><strong>Adam</strong></span> <span class='ocrx_word' id='word_1_513' title='bbox 1077 1264 1161 1297; x_wconf 86' lang='lat' dir='ltr'><strong>luxit,</strong></span> <span class='ocrx_word' id='word_1_514' title='bbox 1174 1264 1436 1300; x_wconf 89' lang='lat' dir='ltr'><strong>quemadmodum</strong></span> <span class='ocrx_word' id='word_1_515' title='bbox 1447 1265 1506 1300; x_wconf 89' lang='lat' dir='ltr'><strong>hic,</strong></span> <span class='ocrx_word' id='word_1_516' title='bbox 1515 1273 1576 1294; x_wconf 94' lang='lat' dir='ltr'><strong>non</strong></span> <span class='ocrx_word' id='word_1_517' title='bbox 1588 1274 1666 1295; x_wconf 77' lang='lat' dir='ltr'><strong>vana</strong></span> <span class='ocrx_word' id='word_1_518' title='bbox 1678 1270 1712 1296; x_wconf 91' lang='lat' dir='ltr'><strong>ut</strong></span> 
     </span>
    </p>
   </div>
   <div class='ocr_carea' id='block_1_72' title="bbox 886 1308 1711 1344">
    <p class='ocr_par' dir='ltr' id='par_1_72' title="bbox 886 1308 1711 1344">
     <span class='ocr_line' id='line_1_72' title="bbox 886 1308 1711 1344; baseline 0.004 -7"><span class='ocrx_word' id='word_1_519' title='bbox 886 1309 933 1337; x_wconf 89' lang='lat' dir='ltr'><strong>ille</strong></span> <span class='ocrx_word' id='word_1_520' title='bbox 948 1317 1001 1344; x_wconf 89' lang='lat' dir='ltr'><strong>spe</strong></span> <span class='ocrx_word' id='word_1_521' title='bbox 1016 1308 1170 1344; x_wconf 90' lang='lat' dir='ltr'><strong>deceptus,</strong></span> <span class='ocrx_word' id='word_1_522' title='bbox 1181 1308 1233 1336; x_wconf 87' lang='lat' dir='ltr'><strong>sed</strong></span> <span class='ocrx_word' id='word_1_523' title='bbox 1246 1308 1354 1336; x_wconf 77' lang='lat' dir='ltr'><strong>aﬂ&#39;ectu</strong></span> <span class='ocrx_word' id='word_1_524' title='bbox 1366 1309 1503 1337; x_wconf 62' lang='lat' dir='ltr'><strong>fraterna:</strong></span> <span class='ocrx_word' id='word_1_525' title='bbox 1518 1311 1711 1340; x_wconf 86' lang='lat' dir='ltr'><strong>commisera-</strong></span> 
     </span>
    </p>
   </div>
   <div class='ocr_carea' id='block_1_73' title="bbox 887 1353 1712 1394">
    <p class='ocr_par' dir='ltr' id='par_1_73' title="bbox 887 1353 1712 1394">
     <span class='ocr_line' id='line_1_73' title="bbox 887 1353 1712 1394; baseline 0.005 -13"><span class='ocrx_word' id='word_1_526' title='bbox 887 1353 974 1381; x_wconf 90' lang='lat' dir='ltr'><strong>tionis</strong></span> <span class='ocrx_word' id='word_1_527' title='bbox 990 1353 1211 1388; x_wconf 86' lang='lat' dir='ltr'><strong>supplantatus:</strong></span> <span class='ocrx_word' id='word_1_528' title='bbox 1228 1355 1256 1380; x_wconf 90' lang='lat' dir='ltr'><strong>et</strong></span> <span class='ocrx_word' id='word_1_529' title='bbox 1270 1353 1423 1381; x_wconf 87' lang='lat' dir='ltr'><strong>charitatis</strong></span> <span class='ocrx_word' id='word_1_530' title='bbox 1438 1362 1532 1382; x_wconf 89' lang='lat' dir='ltr'><strong>causa</strong></span> <span class='ocrx_word' id='word_1_531' title='bbox 1553 1355 1645 1384; x_wconf 90' lang='lat' dir='ltr'><strong>domo</strong></span> <span class='ocrx_word' id='word_1_532' title='bbox 1660 1364 1712 1394; x_wconf 85' lang='lat' dir='ltr'><strong>pa-</strong></span> 
     </span>
    </p>
   </div>
   <div class='ocr_carea' id='block_1_74' title="bbox 887 1397 1713 1433">
    <p class='ocr_par' dir='ltr' id='par_1_74' title="bbox 887 1397 1713 1433">
     <span class='ocr_line' id='line_1_74' title="bbox 887 1397 1713 1433; baseline 0.004 -7"><span class='ocrx_word' id='word_1_533' title='bbox 887 1400 971 1426; x_wconf 86' lang='lat' dir='ltr'><strong>terna</strong></span> <span class='ocrx_word' id='word_1_534' title='bbox 986 1397 1140 1433; x_wconf 84' lang='lat' dir='ltr'><strong>expulsus.</strong></span> <span class='ocrx_word' id='word_1_535' title='bbox 1159 1397 1194 1425; x_wconf 90' lang='lat' dir='ltr'><strong>Ut</strong></span> <span class='ocrx_word' id='word_1_536' title='bbox 1206 1405 1277 1425; x_wconf 90' lang='lat' dir='ltr'><strong>vero</strong></span> <span class='ocrx_word' id='word_1_537' title='bbox 1290 1397 1511 1433; x_wconf 83' lang='lat' dir='ltr'><strong>aliquantulum</strong></span> <span class='ocrx_word' id='word_1_538' title='bbox 1530 1399 1561 1427; x_wconf 94' lang='lat' dir='ltr'><strong>in</strong></span> <span class='ocrx_word' id='word_1_539' title='bbox 1578 1408 1609 1428; x_wconf 89' lang='lat' dir='ltr'><strong>se</strong></span> <span class='ocrx_word' id='word_1_540' title='bbox 1625 1400 1713 1429; x_wconf 90' lang='lat' dir='ltr'><strong>rediit</strong></span> 
     </span>
    </p>
   </div>
   <div class='ocr_carea' id='block_1_75' title="bbox 887 1441 1712 1481">
    <p class='ocr_par' dir='ltr' id='par_1_75' title="bbox 887 1441 1712 1481">
     <span class='ocr_line' id='line_1_75' title="bbox 887 1441 1712 1481; baseline 0.005 -12"><span class='ocrx_word' id='word_1_541' title='bbox 887 1441 1046 1478; x_wconf 89' lang='lat' dir='ltr'><strong>(industria</strong></span> <span class='ocrx_word' id='word_1_542' title='bbox 1064 1443 1164 1469; x_wconf 86' lang='lat' dir='ltr'><strong>autem</strong></span> <span class='ocrx_word' id='word_1_543' title='bbox 1183 1449 1230 1468; x_wconf 85' lang='lat' dir='ltr'><strong>res</strong></span> <span class='ocrx_word' id='word_1_544' title='bbox 1252 1443 1295 1469; x_wconf 89' lang='lat' dir='ltr'><strong>est</strong></span> <span class='ocrx_word' id='word_1_545' title='bbox 1313 1443 1485 1477; x_wconf 86' lang='lat' dir='ltr'><strong>necessitas,</strong></span> <span class='ocrx_word' id='word_1_546' title='bbox 1511 1445 1539 1471; x_wconf 85' lang='lat' dir='ltr'><strong>et</strong></span> <span class='ocrx_word' id='word_1_547' title='bbox 1571 1445 1712 1481; x_wconf 87' lang='lat' dir='ltr'><strong>quisquis</strong></span> 
     </span>
    </p>
   </div>
   <div class='ocr_carea' id='block_1_76' title="bbox 888 1485 1712 1524">
    <p class='ocr_par' dir='ltr' id='par_1_76' title="bbox 888 1485 1712 1524">
     <span class='ocr_line' id='line_1_76' title="bbox 888 1485 1712 1524; baseline 0.004 -10"><span class='ocrx_word' id='word_1_548' title='bbox 888 1486 949 1514; x_wconf 87' lang='lat' dir='ltr'><strong>vim</strong></span> <span class='ocrx_word' id='word_1_549' title='bbox 964 1486 1086 1521; x_wconf 85' lang='lat' dir='ltr'><strong>patitur,</strong></span> <span class='ocrx_word' id='word_1_550' title='bbox 1103 1485 1231 1513; x_wconf 89' lang='lat' dir='ltr'><strong>multum</strong></span> <span class='ocrx_word' id='word_1_551' title='bbox 1244 1488 1349 1513; x_wconf 89' lang='lat' dir='ltr'><strong>contra</strong></span> <span class='ocrx_word' id='word_1_552' title='bbox 1363 1485 1506 1521; x_wconf 85' lang='lat' dir='ltr'><strong>molitur).</strong></span> <span class='ocrx_word' id='word_1_553' title='bbox 1522 1487 1598 1520; x_wconf 85' lang='lat' dir='ltr'><strong>Quid</strong></span> <span class='ocrx_word' id='word_1_554' title='bbox 1611 1488 1645 1524; x_wconf 87' lang='lat' dir='ltr'><strong>si,</strong></span> <span class='ocrx_word' id='word_1_555' title='bbox 1669 1489 1712 1517; x_wconf 92' lang='lat' dir='ltr'><strong>in-</strong></span> 
     </span>
    </p>
   </div>
   <div class='ocr_carea' id='block_1_77' title="bbox 887 1529 1713 1569">
    <p class='ocr_par' dir='ltr' id='par_1_77' title="bbox 887 1529 1713 1569">
     <span class='ocr_line' id='line_1_77' title="bbox 887 1529 1713 1569; baseline 0.004 -11"><span class='ocrx_word' id='word_1_556' title='bbox 887 1531 951 1566; x_wconf 88' lang='lat' dir='ltr'><strong>quit</strong></span> <span class='ocrx_word' id='word_1_557' title='bbox 969 1530 1051 1566; x_wconf 92' lang='lat' dir='ltr'><strong>apud</strong></span> <span class='ocrx_word' id='word_1_558' title='bbox 1080 1537 1122 1563; x_wconf 88' lang='lat' dir='ltr'><strong>se,</strong></span> <span class='ocrx_word' id='word_1_559' title='bbox 1142 1529 1323 1565; x_wconf 86' lang='lat' dir='ltr'><strong>primoribus</strong></span> <span class='ocrx_word' id='word_1_560' title='bbox 1343 1530 1564 1559; x_wconf 85' lang='lat' dir='ltr'><strong>monachorum</strong></span> <span class='ocrx_word' id='word_1_561' title='bbox 1584 1532 1713 1569; x_wconf 86' lang='lat' dir='ltr'><strong>supplex</strong></span> 
     </span>
    </p>
   </div>
   <div class='ocr_carea' id='block_1_78' title="bbox 887 1573 1710 1611">
    <p class='ocr_par' dir='ltr' id='par_1_78' title="bbox 887 1573 1710 1611">
     <span class='ocr_line' id='line_1_78' title="bbox 887 1573 1710 1611; baseline 0.002 -8"><span class='ocrx_word' id='word_1_562' title='bbox 887 1574 969 1607; x_wconf 84' lang='lat' dir='ltr'><strong>ﬁam,</strong></span> <span class='ocrx_word' id='word_1_563' title='bbox 989 1575 1086 1610; x_wconf 88' lang='lat' dir='ltr'><strong>iisque</strong></span> <span class='ocrx_word' id='word_1_564' title='bbox 1105 1576 1136 1602; x_wconf 91' lang='lat' dir='ltr'><strong>ut</strong></span> <span class='ocrx_word' id='word_1_565' title='bbox 1154 1574 1259 1608; x_wconf 81' lang='lat' dir='ltr'><strong>legatis</strong></span> <span class='ocrx_word' id='word_1_566' title='bbox 1284 1573 1323 1602; x_wconf 88' lang='lat' dir='ltr'><strong>ad</strong></span> <span class='ocrx_word' id='word_1_567' title='bbox 1343 1582 1445 1602; x_wconf 89' lang='lat' dir='ltr'><strong>senem</strong></span> <span class='ocrx_word' id='word_1_568' title='bbox 1464 1573 1710 1611; x_wconf 88' lang='lat' dir='ltr'><strong>deprecatoribus</strong></span> 
     </span>
    </p>
   </div>
   <div class='ocr_carea' id='block_1_79' title="bbox 888 1618 1713 1656">
    <p class='ocr_par' dir='ltr' id='par_1_79' title="bbox 888 1618 1713 1656">
     <span class='ocr_line' id='line_1_79' title="bbox 888 1618 1713 1656; baseline 0.002 -9"><span class='ocrx_word' id='word_1_569' title='bbox 888 1622 964 1654; x_wconf 88' lang='lat' dir='ltr'><strong>utar,</strong></span> <span class='ocrx_word' id='word_1_570' title='bbox 981 1621 1014 1646; x_wconf 91' lang='lat' dir='ltr'><strong>ut</strong></span> <span class='ocrx_word' id='word_1_571' title='bbox 1028 1626 1075 1646; x_wconf 89' lang='lat' dir='ltr'><strong>me</strong></span> <span class='ocrx_word' id='word_1_572' title='bbox 1094 1618 1185 1654; x_wconf 88' lang='lat' dir='ltr'><strong>priori</strong></span> <span class='ocrx_word' id='word_1_573' title='bbox 1204 1618 1364 1654; x_wconf 89' lang='lat' dir='ltr'><strong>disciplina</strong></span> <span class='ocrx_word' id='word_1_574' title='bbox 1382 1618 1531 1654; x_wconf 79' lang='lat' dir='ltr'><strong>dignetur,</strong></span> <span class='ocrx_word' id='word_1_575' title='bbox 1548 1627 1647 1656; x_wconf 87' lang='lat' dir='ltr'><strong>neque</strong></span> <span class='ocrx_word' id='word_1_576' title='bbox 1666 1629 1713 1649; x_wconf 91' lang='lat' dir='ltr'><strong>re-</strong></span> 
     </span>
    </p>
   </div>
   <div class='ocr_carea' id='block_1_80' title="bbox 889 1662 1484 1700">
    <p class='ocr_par' dir='ltr' id='par_1_80' title="bbox 889 1662 1484 1700">
     <span class='ocr_line' id='line_1_80' title="bbox 889 1662 1484 1700; baseline -0.002 -8"><span class='ocrx_word' id='word_1_577' title='bbox 889 1663 979 1700; x_wconf 88' lang='lat' dir='ltr'><strong>pellat</strong></span> <span class='ocrx_word' id='word_1_578' title='bbox 989 1671 1007 1690; x_wconf 88' lang='lat' dir='ltr'><strong>a</strong></span> <span class='ocrx_word' id='word_1_579' title='bbox 1017 1662 1122 1696; x_wconf 88' lang='lat' dir='ltr'><strong>salute,</strong></span> <span class='ocrx_word' id='word_1_580' title='bbox 1133 1670 1226 1698; x_wconf 87' lang='lat' dir='ltr'><strong>quam</strong></span> <span class='ocrx_word' id='word_1_581' title='bbox 1237 1662 1307 1690; x_wconf 92' lang='lat' dir='ltr'><strong>inde</strong></span> <span class='ocrx_word' id='word_1_582' title='bbox 1317 1665 1459 1699; x_wconf 85' lang='lat' dir='ltr'><strong>exspecto</strong></span> <span class='ocrx_word' id='word_1_583' title='bbox 1470 1664 1484 1691; x_wconf 81' lang='lat'><strong>?</strong></span> 
     </span>
    </p>
   </div>
   <div class='ocr_carea' id='block_1_81' title="bbox 926 1747 1716 1783">
    <p class='ocr_par' dir='ltr' id='par_1_81' title="bbox 926 1747 1716 1783">
     <span class='ocr_line' id='line_1_81' title="bbox 926 1747 1716 1783; baseline 0.005 -7"><span class='ocrx_word' id='word_1_584' title='bbox 926 1750 970 1777; x_wconf 79' lang='grc'><strong>48.</strong></span> <span class='ocrx_word' id='word_1_585' title='bbox 992 1748 1119 1783; x_wconf 88' lang='lat' dir='ltr'><strong>Dictum,</strong></span> <span class='ocrx_word' id='word_1_586' title='bbox 1142 1747 1267 1776; x_wconf 75' lang='lat' dir='ltr'><strong>factum.</strong></span> <span class='ocrx_word' id='word_1_587' title='bbox 1292 1747 1411 1776; x_wconf 73' lang='lat' dir='ltr'><strong>Abeunt</strong></span> <span class='ocrx_word' id='word_1_588' title='bbox 1433 1749 1598 1778; x_wconf 81' lang='lat' dir='ltr'><strong>venerandi</strong></span> <span class='ocrx_word' id='word_1_589' title='bbox 1622 1750 1664 1779; x_wconf 88' lang='lat' dir='ltr'><strong>illi</strong></span> <span class='ocrx_word' id='word_1_590' title='bbox 1686 1753 1716 1780; x_wconf 85' lang='lat' dir='ltr'><strong>et</strong></span> 
     </span>
    </p>
   </div>
   <div class='ocr_carea' id='block_1_82' title="bbox 891 1792 1716 1829">
    <p class='ocr_par' dir='ltr' id='par_1_82' title="bbox 891 1792 1716 1829">
     <span class='ocr_line' id='line_1_82' title="bbox 891 1792 1716 1829; baseline 0.004 -8"><span class='ocrx_word' id='word_1_591' title='bbox 891 1794 986 1821; x_wconf 86' lang='lat' dir='ltr'><strong>sancti</strong></span> <span class='ocrx_word' id='word_1_592' title='bbox 1001 1801 1097 1827; x_wconf 90' lang='lat' dir='ltr'><strong>senes,</strong></span> <span class='ocrx_word' id='word_1_593' title='bbox 1112 1794 1145 1820; x_wconf 93' lang='lat' dir='ltr'><strong>ut</strong></span> <span class='ocrx_word' id='word_1_594' title='bbox 1159 1792 1340 1828; x_wconf 89' lang='lat' dir='ltr'><strong>discipulum</strong></span> <span class='ocrx_word' id='word_1_595' title='bbox 1354 1793 1499 1828; x_wconf 81' lang='lat' dir='ltr'><strong>magistro</strong></span> <span class='ocrx_word' id='word_1_596' title='bbox 1514 1795 1716 1829; x_wconf 86' lang='lat' dir='ltr'><strong>reconcilient,</strong></span> 
     </span>
    </p>
   </div>
   <div class='ocr_carea' id='block_1_83' title="bbox 890 1836 1719 1875">
    <p class='ocr_par' dir='ltr' id='par_1_83' title="bbox 890 1836 1719 1875">
     <span class='ocr_line' id='line_1_83' title="bbox 890 1836 1719 1875; baseline 0.004 -10"><span class='ocrx_word' id='word_1_597' title='bbox 890 1837 987 1866; x_wconf 87' lang='lat' dir='ltr'><strong>ﬁlium</strong></span> <span class='ocrx_word' id='word_1_598' title='bbox 995 1836 1186 1865; x_wconf 88' lang='lat' dir='ltr'><strong>reducantad</strong></span> <span class='ocrx_word' id='word_1_599' title='bbox 1192 1839 1318 1872; x_wconf 85' lang='lat' dir='ltr'><strong>patrem.</strong></span> <span class='ocrx_word' id='word_1_600' title='bbox 1327 1836 1385 1865; x_wconf 86' lang='lat' dir='ltr'><strong>Sed</strong></span> <span class='ocrx_word' id='word_1_601' title='bbox 1395 1837 1556 1867; x_wconf 85' lang='lat' dir='ltr'><strong>adamente</strong></span> <span class='ocrx_word' id='word_1_602' title='bbox 1565 1839 1719 1875; x_wconf 85' lang='lat' dir='ltr'><strong>reperiunt</strong></span> 
     </span>
    </p>
   </div>
   <div class='ocr_carea' id='block_1_84' title="bbox 892 1881 1718 1920">
    <p class='ocr_par' dir='ltr' id='par_1_84' title="bbox 892 1881 1718 1920">
     <span class='ocr_line' id='line_1_84' title="bbox 892 1881 1718 1920; baseline 0.002 -10"><span class='ocrx_word' id='word_1_603' title='bbox 892 1881 1144 1914; x_wconf 89' lang='lat' dir='ltr'><strong>durioremillum,</strong></span> <span class='ocrx_word' id='word_1_604' title='bbox 1152 1881 1226 1909; x_wconf 88' lang='lat' dir='ltr'><strong>nihil</strong></span> <span class='ocrx_word' id='word_1_605' title='bbox 1233 1881 1313 1910; x_wconf 90' lang='lat' dir='ltr'><strong>enim</strong></span> <span class='ocrx_word' id='word_1_606' title='bbox 1320 1881 1502 1917; x_wconf 78' lang='lat' dir='ltr'><strong>suscipiebat</strong></span> <span class='ocrx_word' id='word_1_607' title='bbox 1513 1890 1612 1919; x_wconf 86' lang='lat' dir='ltr'><strong>neque</strong></span> <span class='ocrx_word' id='word_1_608' title='bbox 1622 1891 1655 1912; x_wconf 91' lang='lat' dir='ltr'><strong>se</strong></span> <span class='ocrx_word' id='word_1_609' title='bbox 1665 1891 1718 1920; x_wconf 85' lang='lat' dir='ltr'><strong>pa-</strong></span> 
     </span>
    </p>
   </div>
   <div class='ocr_carea' id='block_1_85' title="bbox 893 1925 1719 1957">
    <p class='ocr_par' dir='ltr' id='par_1_85' title="bbox 893 1925 1719 1957">
     <span class='ocr_line' id='line_1_85' title="bbox 893 1925 1719 1957; baseline 0.004 -3"><span class='ocrx_word' id='word_1_610' title='bbox 893 1926 1022 1954; x_wconf 88' lang='lat' dir='ltr'><strong>tiebatur</strong></span> <span class='ocrx_word' id='word_1_611' title='bbox 1035 1925 1170 1953; x_wconf 86' lang='lat' dir='ltr'><strong>emolliri.</strong></span> <span class='ocrx_word' id='word_1_612' title='bbox 1188 1926 1261 1953; x_wconf 88' lang='lat' dir='ltr'><strong>Cum</strong></span> <span class='ocrx_word' id='word_1_613' title='bbox 1277 1927 1379 1954; x_wconf 85' lang='lat' dir='ltr'><strong>tamen</strong></span> <span class='ocrx_word' id='word_1_614' title='bbox 1393 1926 1539 1955; x_wconf 80' lang='lat' dir='ltr'><strong>instarent</strong></span> <span class='ocrx_word' id='word_1_615' title='bbox 1553 1927 1719 1957; x_wconf 85' lang='lat' dir='ltr'><strong>vehemen-</strong></span> 
     </span>
    </p>
   </div>
   <div class='ocr_carea' id='block_1_86' title="bbox 893 1969 1720 2006">
    <p class='ocr_par' dir='ltr' id='par_1_86' title="bbox 893 1969 1720 2006">
     <span class='ocr_line' id='line_1_86' title="bbox 893 1969 1720 2006; baseline 0.005 -9"><span class='ocrx_word' id='word_1_616' title='bbox 893 1970 962 2003; x_wconf 84' lang='lat' dir='ltr'><strong>tius,</strong></span> <span class='ocrx_word' id='word_1_617' title='bbox 973 1969 1224 2006; x_wconf 86' lang='lat' dir='ltr'><strong>ostenderentque</strong></span> <span class='ocrx_word' id='word_1_618' title='bbox 1237 1969 1320 2006; x_wconf 87' lang='lat' dir='ltr'><strong>quod</strong></span> <span class='ocrx_word' id='word_1_619' title='bbox 1331 1970 1484 2004; x_wconf 82' lang='lat' dir='ltr'><strong>graviores</strong></span> <span class='ocrx_word' id='word_1_620' title='bbox 1493 1978 1549 2006; x_wconf 90' lang='lat' dir='ltr'><strong>pro</strong></span> <span class='ocrx_word' id='word_1_621' title='bbox 1560 1980 1615 2000; x_wconf 83' lang='lat' dir='ltr'><strong>sua</strong></span> <span class='ocrx_word' id='word_1_622' title='bbox 1629 1972 1720 2001; x_wconf 89' lang='lat' dir='ltr'><strong>incle-</strong></span> 
     </span>
    </p>
   </div>
   <div class='ocr_carea' id='block_1_87' title="bbox 894 2014 1720 2051">
    <p class='ocr_par' dir='ltr' id='par_1_87' title="bbox 894 2014 1720 2051">
     <span class='ocr_line' id='line_1_87' title="bbox 894 2014 1720 2051; baseline 0.002 -8"><span class='ocrx_word' id='word_1_623' title='bbox 894 2015 1006 2043; x_wconf 89' lang='lat' dir='ltr'><strong>mentia</strong></span> <span class='ocrx_word' id='word_1_624' title='bbox 1020 2014 1145 2042; x_wconf 90' lang='lat' dir='ltr'><strong>daturus</strong></span> <span class='ocrx_word' id='word_1_625' title='bbox 1160 2016 1236 2042; x_wconf 82' lang='lat' dir='ltr'><strong>esset</strong></span> <span class='ocrx_word' id='word_1_626' title='bbox 1248 2022 1364 2050; x_wconf 76' lang='lat' dir='ltr'><strong>pcenas,</strong></span> <span class='ocrx_word' id='word_1_627' title='bbox 1377 2023 1470 2050; x_wconf 87' lang='lat' dir='ltr'><strong>quam</strong></span> <span class='ocrx_word' id='word_1_628' title='bbox 1478 2023 1534 2051; x_wconf 83' lang='lat' dir='ltr'><strong>pro</strong></span> <span class='ocrx_word' id='word_1_629' title='bbox 1547 2016 1720 2045; x_wconf 86' lang='lat' dir='ltr'><strong>inobedien-</strong></span> 
     </span>
    </p>
   </div>
   <div class='ocr_carea' id='block_1_88' title="bbox 894 2058 1720 2097">
    <p class='ocr_par' dir='ltr' id='par_1_88' title="bbox 894 2058 1720 2097">
     <span class='ocr_line' id='line_1_88' title="bbox 894 2058 1720 2097; baseline 0.002 -9"><span class='ocrx_word' id='word_1_630' title='bbox 894 2060 937 2088; x_wconf 88' lang='lat' dir='ltr'><strong>tia</strong></span> <span class='ocrx_word' id='word_1_631' title='bbox 947 2059 1029 2095; x_wconf 84' lang='lat' dir='ltr'><strong>alter,</strong></span> <span class='ocrx_word' id='word_1_632' title='bbox 1047 2058 1164 2086; x_wconf 88' lang='lat' dir='ltr'><strong>Licebat</strong></span> <span class='ocrx_word' id='word_1_633' title='bbox 1178 2058 1269 2093; x_wconf 87' lang='lat' dir='ltr'><strong>enim,</strong></span> <span class='ocrx_word' id='word_1_634' title='bbox 1285 2058 1472 2094; x_wconf 79' lang='lat' dir='ltr'><strong>inquiebant,</strong></span> <span class='ocrx_word' id='word_1_635' title='bbox 1488 2060 1594 2089; x_wconf 83' lang='lat' dir='ltr'><strong>iterato</strong></span> <span class='ocrx_word' id='word_1_636' title='bbox 1609 2068 1720 2097; x_wconf 82' lang='lat' dir='ltr'><strong>praeco-</strong></span> 
     </span>
    </p>
   </div>
   <div class='ocr_carea' id='block_1_89' title="bbox 895 2103 1720 2141">
    <p class='ocr_par' dir='ltr' id='par_1_89' title="bbox 895 2103 1720 2141">
     <span class='ocr_line' id='line_1_89' title="bbox 895 2103 1720 2141; baseline 0.001 -8"><span class='ocrx_word' id='word_1_637' title='bbox 895 2107 947 2141; x_wconf 88' lang='lat' dir='ltr'><strong>pto</strong></span> <span class='ocrx_word' id='word_1_638' title='bbox 962 2104 1109 2139; x_wconf 82' lang='lat' dir='ltr'><strong>corrigere</strong></span> <span class='ocrx_word' id='word_1_639' title='bbox 1122 2103 1152 2131; x_wconf 87' lang='lat' dir='ltr'><strong>in</strong></span> <span class='ocrx_word' id='word_1_640' title='bbox 1172 2103 1320 2140; x_wconf 89' lang='lat' dir='ltr'><strong>discipulo</strong></span> <span class='ocrx_word' id='word_1_641' title='bbox 1335 2107 1604 2141; x_wconf 84' lang='lat' dir='ltr'><strong>quantumcunque</strong></span> <span class='ocrx_word' id='word_1_642' title='bbox 1622 2106 1720 2141; x_wconf 76' lang='lat' dir='ltr'><strong>gravis</strong></span> 
     </span>
    </p>
   </div>
   <div class='ocr_carea' id='block_1_90' title="bbox 61 2148 833 2195">
    <p class='ocr_par' dir='ltr' id='par_1_90' title="bbox 61 2148 831 2195">
     <span class='ocr_line' id='line_1_90' title="bbox 61 2148 831 2195; baseline 0.006 -15"><span class='ocrx_word' id='word_1_643' title='bbox 61 2163 120 2189; x_wconf 67' lang='grc' dir='ltr'>σχον,</span> <span class='ocrx_word' id='word_1_644' title='bbox 137 2148 267 2194; x_wconf 72' lang='grc' dir='ltr'>[δευτέρᾳ]</span> <span class='ocrx_word' id='word_1_645' title='bbox 281 2148 368 2194; x_wconf 65' lang='grc' dir='ltr'>ἐντολῇ</span> <span class='ocrx_word' id='word_1_646' title='bbox 386 2159 414 2184; x_wconf 87' lang='grc' dir='ltr'><strong>τό</strong></span> <span class='ocrx_word' id='word_1_647' title='bbox 425 2148 471 2184; x_wconf 70' lang='grc' dir='ltr'><strong>τοῦ</strong></span> <span class='ocrx_word' id='word_1_648' title='bbox 491 2158 611 2194; x_wconf 74' lang='grc' dir='ltr'>μαθητοῦ</span> <span class='ocrx_word' id='word_1_649' title='bbox 641 2148 831 2195; x_wconf 51' lang='grc' dir='ltr'>διορθώσασθα</span> 
     </span>
    </p>
   </div>
   <div class='ocr_carea' id='block_1_91' title="bbox 920 2148 1722 2195">
    <p class='ocr_par' dir='ltr' id='par_1_91' title="bbox 920 2148 1722 2187">
     <span class='ocr_line' id='line_1_91' title="bbox 920 2148 1722 2187; baseline 0.001 -10"><span class='ocrx_word' id='word_1_650' title='bbox 920 2148 993 2177; x_wconf 86' lang='lat' dir='ltr'><strong>elicti</strong></span> <span class='ocrx_word' id='word_1_651' title='bbox 1002 2148 1122 2185; x_wconf 86' lang='lat' dir='ltr'><strong>lapsum</strong></span> <span class='ocrx_word' id='word_1_652' title='bbox 1131 2158 1138 2182; x_wconf 82' lang='lat'><strong>;</strong></span> <span class='ocrx_word' id='word_1_653' title='bbox 1145 2155 1243 2184; x_wconf 90' lang='lat' dir='ltr'><strong>neque</strong></span> <span class='ocrx_word' id='word_1_654' title='bbox 1250 2148 1388 2176; x_wconf 89' lang='lat' dir='ltr'><strong>convenit</strong></span> <span class='ocrx_word' id='word_1_655' title='bbox 1396 2156 1457 2177; x_wconf 88' lang='lat' dir='ltr'><strong>non</strong></span> <span class='ocrx_word' id='word_1_656' title='bbox 1464 2149 1617 2178; x_wconf 85' lang='lat' dir='ltr'><strong>admittere</strong></span> <span class='ocrx_word' id='word_1_657' title='bbox 1625 2151 1722 2187; x_wconf 88' lang='lat' dir='ltr'><strong>pceni—</strong></span> 
     </span>
    </p>
   </div>
   <div class='ocr_carea' id='block_1_92' title="bbox 61 2201 843 2240">
    <p class='ocr_par' dir='ltr' id='par_1_92' title="bbox 61 2201 843 2240">
     <span class='ocr_line' id='line_1_92' title="bbox 61 2201 843 2240; baseline 0.008 -16"><span class='ocrx_word' id='word_1_658' title='bbox 61 2203 148 2235; x_wconf 77' lang='grc' dir='ltr'>πταῖμα</span> <span class='ocrx_word' id='word_1_659' title='bbox 171 2201 288 2238; x_wconf 80' lang='grc' dir='ltr'>ἐσχάτης</span> <span class='ocrx_word' id='word_1_660' title='bbox 318 2202 456 2239; x_wconf 81' lang='grc' dir='ltr'>ἁμαρτίας,</span> <span class='ocrx_word' id='word_1_661' title='bbox 481 2205 547 2239; x_wconf 83' lang='grc' dir='ltr'>μήτε</span> <span class='ocrx_word' id='word_1_662' title='bbox 574 2205 625 2239; x_wconf 79' lang='grc' dir='ltr'>μὴν</span> <span class='ocrx_word' id='word_1_663' title='bbox 668 2208 843 2240; x_wconf 80' lang='grc' dir='ltr'>μετανοοῦντα</span> 
     </span>
    </p>
   </div>
   <div class='ocr_carea' id='block_1_93' title="bbox 63 2246 842 2284">
    <p class='ocr_par' dir='ltr' id='par_1_93' title="bbox 63 2246 842 2284">
     <span class='ocr_line' id='line_1_93' title="bbox 63 2246 842 2284; baseline 0.005 -14"><span class='ocrx_word' id='word_1_664' title='bbox 63 2247 211 2278; x_wconf 76' lang='grc' dir='ltr'>προσίεσθαι,</span> <span class='ocrx_word' id='word_1_665' title='bbox 227 2250 293 2283; x_wconf 77' lang='grc' dir='ltr'>μήτε</span> <span class='ocrx_word' id='word_1_666' title='bbox 315 2249 362 2276; x_wconf 77' lang='grc' dir='ltr'>τήν</span> <span class='ocrx_word' id='word_1_667' title='bbox 384 2248 445 2284; x_wconf 64' lang='grc' dir='ltr'>ᾇπερ</span> <span class='ocrx_word' id='word_1_668' title='bbox 474 2251 520 2273; x_wconf 83' lang='grc' dir='ltr'><strong>τοῦ</strong></span> <span class='ocrx_word' id='word_1_669' title='bbox 540 2246 712 2284; x_wconf 71' lang='grc' dir='ltr'>ἔπαλ-ἡματος</span> <span class='ocrx_word' id='word_1_670' title='bbox 736 2249 842 2278; x_wconf 70' lang='grc' dir='ltr'>εὐθύνην</span> 
     </span>
    </p>
   </div>
   <div class='ocr_carea' id='block_1_94' title="bbox 64 2291 843 2330">
    <p class='ocr_par' dir='ltr' id='par_1_94' title="bbox 64 2291 843 2330">
     <span class='ocr_line' id='line_1_94' title="bbox 64 2291 843 2330; baseline 0.006 -16"><span class='ocrx_word' id='word_1_671' title='bbox 64 2292 252 2327; x_wconf 54' lang='grc' dir='ltr'>παρα-γυμνοῦν),</span> <span class='ocrx_word' id='word_1_672' title='bbox 289 2292 365 2323; x_wconf 78' lang='grc' dir='ltr'>οὗτος</span> <span class='ocrx_word' id='word_1_673' title='bbox 388 2292 533 2325; x_wconf 69' lang='grc' dir='ltr'>ὑπολαϐὼν,</span> <span class='ocrx_word' id='word_1_674' title='bbox 562 2292 630 2320; x_wconf 79' lang='grc' dir='ltr'>Ἀλλ’</span> <span class='ocrx_word' id='word_1_675' title='bbox 667 2293 688 2319; x_wconf 81' lang='grc' dir='ltr'>εὶ</span> <span class='ocrx_word' id='word_1_676' title='bbox 724 2291 843 2330; x_wconf 78' lang='grc' dir='ltr'>παριδεῖν</span> 
     </span>
    </p>
   </div>
   <div class='ocr_carea' id='block_1_95' title="bbox 66 2330 845 2374">
    <p class='ocr_par' dir='ltr' id='par_1_95' title="bbox 66 2330 845 2374">
     <span class='ocr_line' id='line_1_95' title="bbox 66 2330 845 2374; baseline 0.008 -16"><span class='ocrx_word' id='word_1_677' title='bbox 66 2330 130 2360; x_wconf 68' lang='grc' dir='ltr'>ἰθελει</span> <span class='ocrx_word' id='word_1_678' title='bbox 156 2339 200 2365; x_wconf 81' lang='grc' dir='ltr'>τήν</span> <span class='ocrx_word' id='word_1_679' title='bbox 219 2341 267 2367; x_wconf 87' lang='grc' dir='ltr'>τῆς</span> <span class='ocrx_word' id='word_1_680' title='bbox 279 2340 385 2374; x_wconf 69' lang='grc' dir='ltr'>πρώτης</span> <span class='ocrx_word' id='word_1_681' title='bbox 397 2337 545 2374; x_wconf 78' lang='grc' dir='ltr'>παράϐασιν</span> <span class='ocrx_word' id='word_1_682' title='bbox 573 2337 682 2370; x_wconf 70' lang='grc' dir='ltr'>ἕντολῆς,</span> <span class='ocrx_word' id='word_1_683' title='bbox 711 2342 756 2369; x_wconf 80' lang='grc' dir='ltr'>τῆς</span> <span class='ocrx_word' id='word_1_684' title='bbox 786 2337 845 2365; x_wconf 83' lang='grc' dir='ltr'>δευ-</span> 
     </span>
    </p>
   </div>
   <div class='ocr_carea' id='block_1_96' title="bbox 66 2377 845 2419">
    <p class='ocr_par' dir='ltr' id='par_1_96' title="bbox 66 2377 845 2419">
     <span class='ocr_line' id='line_1_96' title="bbox 66 2377 845 2419; baseline 0.006 -16"><span class='ocrx_word' id='word_1_685' title='bbox 66 2378 130 2412; x_wconf 81' lang='grc' dir='ltr'>τέρας</span> <span class='ocrx_word' id='word_1_686' title='bbox 153 2377 227 2417; x_wconf 85' lang='grc' dir='ltr'>δεῦρο</span> <span class='ocrx_word' id='word_1_687' title='bbox 250 2379 283 2410; x_wconf 86' lang='grc' dir='ltr'>δὴ</span> <span class='ocrx_word' id='word_1_688' title='bbox 308 2383 421 2417; x_wconf 79' lang='grc' dir='ltr'>γενέσθω</span> <span class='ocrx_word' id='word_1_689' title='bbox 443 2383 538 2412; x_wconf 79' lang='grc' dir='ltr'>ταύτης</span> <span class='ocrx_word' id='word_1_690' title='bbox 562 2381 740 2419; x_wconf 77' lang='grc' dir='ltr'>ἐκπληρωτής.</span> <span class='ocrx_word' id='word_1_691' title='bbox 764 2382 845 2411; x_wconf 82' lang='grc' dir='ltr'>Ὀλην</span> 
     </span>
    </p>
   </div>
   <div class='ocr_carea' id='block_1_97' title="bbox 65 2422 844 2462">
    <p class='ocr_par' dir='ltr' id='par_1_97' title="bbox 65 2422 844 2462">
     <span class='ocr_line' id='line_1_97' title="bbox 65 2422 844 2462; baseline 0.006 -14"><span class='ocrx_word' id='word_1_692' title='bbox 65 2423 103 2448; x_wconf 73' lang='grc' dir='ltr'>τήν</span> <span class='ocrx_word' id='word_1_693' title='bbox 119 2422 209 2460; x_wconf 72' lang='grc' dir='ltr'>λαύραν</span> <span class='ocrx_word' id='word_1_694' title='bbox 224 2425 385 2462; x_wconf 82' lang='grc' dir='ltr'>περιελθέτω,</span> <span class='ocrx_word' id='word_1_695' title='bbox 411 2429 456 2452; x_wconf 81' lang='grc' dir='ltr'>καὶ</span> <span class='ocrx_word' id='word_1_696' title='bbox 480 2427 513 2452; x_wconf 84' lang='grc' dir='ltr'>τά</span> <span class='ocrx_word' id='word_1_697' title='bbox 537 2431 588 2452; x_wconf 87' lang='grc' dir='ltr'>τῶν</span> <span class='ocrx_word' id='word_1_698' title='bbox 612 2425 738 2459; x_wconf 78' lang='grc' dir='ltr'>οὶχιδίων,</span> <span class='ocrx_word' id='word_1_699' title='bbox 768 2427 786 2453; x_wconf 86' lang='grc' dir='ltr'>οἷ</span> <span class='ocrx_word' id='word_1_700' title='bbox 809 2425 844 2456; x_wconf 78' lang='grc' dir='ltr'>δὴ</span> 
     </span>
    </p>
   </div>
   <div class='ocr_carea' id='block_1_98' title="bbox 68 2465 845 2508">
    <p class='ocr_par' dir='ltr' id='par_1_98' title="bbox 68 2465 845 2508">
     <span class='ocr_line' id='line_1_98' title="bbox 68 2465 845 2508; baseline 0.009 -16"><span class='ocrx_word' id='word_1_701' title='bbox 68 2465 177 2504; x_wconf 67' lang='grc' dir='ltr'>καλοῦμεν</span> <span class='ocrx_word' id='word_1_702' title='bbox 213 2473 328 2508; x_wconf 84' lang='grc' dir='ltr'>σωτήρια</span> <span class='ocrx_word' id='word_1_703' title='bbox 365 2472 433 2506; x_wconf 74' lang='grc'><strong>(21),</strong></span> <span class='ocrx_word' id='word_1_704' title='bbox 474 2473 620 2508; x_wconf 80' lang='grc' dir='ltr'>σαρωσάτω</span> <span class='ocrx_word' id='word_1_705' title='bbox 657 2473 691 2498; x_wconf 84' lang='grc' dir='ltr'>τὰ</span> <span class='ocrx_word' id='word_1_706' title='bbox 732 2471 845 2508; x_wconf 82' lang='grc' dir='ltr'>λὺματα.</span> 
     </span>
    </p>
   </div>
   <div class='ocr_carea' id='block_1_99' title="bbox 70 2599 850 2645">
    <p class='ocr_par' dir='ltr' id='par_1_99' title="bbox 70 2599 850 2645">
     <span class='ocr_line' id='line_1_99' title="bbox 70 2599 850 2645; baseline 0.009 -17"><span class='ocrx_word' id='word_1_707' title='bbox 70 2599 154 2645; x_wconf 58' lang='lat' dir='ltr'><strong>fidem</strong></span> <span class='ocrx_word' id='word_1_708' title='bbox 166 2604 338 2645; x_wconf 70' lang='lat' dir='ltr'><strong>praescripta</strong></span> <span class='ocrx_word' id='word_1_709' title='bbox 348 2604 387 2645; x_wconf 71' lang='lat' dir='ltr'><strong>ab</strong></span> <span class='ocrx_word' id='word_1_710' title='bbox 396 2605 516 2641; x_wconf 85' lang='lat' dir='ltr'><strong>angelo,</strong></span> <span class='ocrx_word' id='word_1_711' title='bbox 526 2604 554 2633; x_wconf 94' lang='lat' dir='ltr'><strong>in</strong></span> <span class='ocrx_word' id='word_1_712' title='bbox 567 2605 783 2645; x_wconf 64' lang='lat' dir='ltr'><strong>quatitmentio</strong></span> <span class='ocrx_word' id='word_1_713' title='bbox 789 2613 850 2634; x_wconf 80' lang='lat' dir='ltr'><strong>me-</strong></span> 
     </span>
    </p>
   </div>
   <div class='ocr_carea' id='block_1_100' title="bbox 71 2610 848 2681">
    <p class='ocr_par' dir='ltr' id='par_1_100' title="bbox 71 2610 848 2681">
     <span class='ocr_line' id='line_1_100' title="bbox 71 2610 848 2669; baseline 0.013 -44"><span class='ocrx_word' id='word_1_714' title='bbox 71 2610 154 2628; x_wconf 73' lang='lat' dir='ltr'><strong>ciuem</strong></span> <span class='ocrx_word' id='word_1_715' title='bbox 165 2610 338 2665; x_wconf 67' lang='lat' dir='ltr'><strong>praescripta</strong></span> <span class='ocrx_word' id='word_1_716' title='bbox 348 2610 387 2646; x_wconf 71' lang='lat' dir='ltr'><strong>ab</strong></span> <span class='ocrx_word' id='word_1_717' title='bbox 396 2610 516 2641; x_wconf 85' lang='lat' dir='ltr'><strong>angelo,</strong></span> <span class='ocrx_word' id='word_1_718' title='bbox 526 2613 554 2633; x_wconf 86' lang='lat' dir='ltr'><strong>in</strong></span> <span class='ocrx_word' id='word_1_719' title='bbox 567 2613 628 2669; x_wconf 53' lang='grc' dir='ltr'>Ἥλιε</span> <span class='ocrx_word' id='word_1_720' title='bbox 637 2610 783 2635; x_wconf 86' lang='lat' dir='ltr'><strong>titmentio</strong></span> <span class='ocrx_word' id='word_1_721' title='bbox 789 2613 848 2634; x_wconf 68' lang='lat' dir='ltr'><strong>me«</strong></span> 
     </span>
     <span class='ocr_line' id='line_1_101' title="bbox 71 2633 848 2681; baseline 0.006 -16"><span class='ocrx_word' id='word_1_722' title='bbox 71 2633 134 2681; x_wconf 50' lang='lat'><strong>131$</strong></span> <span class='ocrx_word' id='word_1_723' title='bbox 149 2645 164 2665; x_wconf 85' lang='lat' dir='ltr'><strong>a</strong></span> <span class='ocrx_word' id='word_1_724' title='bbox 177 2638 232 2679; x_wconf 69' lang='lat' dir='ltr'><strong>bas,</strong></span> <span class='ocrx_word' id='word_1_725' title='bbox 241 2639 376 2681; x_wconf 76' lang='lat' dir='ltr'><strong>lebitonis</strong></span> <span class='ocrx_word' id='word_1_726' title='bbox 386 2649 438 2668; x_wconf 90' lang='lat' dir='ltr'><strong>seu</strong></span> <span class='ocrx_word' id='word_1_727' title='bbox 451 2649 580 2681; x_wconf 81' lang='lat' dir='ltr'><strong>superpe</strong></span> <span class='ocrx_word' id='word_1_728' title='bbox 605 2642 740 2681; x_wconf 75' lang='lat' dir='ltr'><strong>iciilinei,</strong></span> <span class='ocrx_word' id='word_1_729' title='bbox 753 2645 785 2681; x_wconf 75' lang='lat' dir='ltr'><strong>et</strong></span> <span class='ocrx_word' id='word_1_730' title='bbox 798 2650 848 2670; x_wconf 91' lang='lat' dir='ltr'><strong>cu-</strong></span> 
     </span>
    </p>
   </div>
   <div class='ocr_carea' id='block_1_101' title="bbox 74 2670 850 2712">
    <p class='ocr_par' dir='ltr' id='par_1_101' title="bbox 74 2670 850 2712">
     <span class='ocr_line' id='line_1_102' title="bbox 74 2670 850 2712; baseline 0.012 -15"><span class='ocrx_word' id='word_1_731' title='bbox 74 2670 148 2712; x_wconf 56' lang='lat' dir='ltr'><strong>gulli:</strong></span> <span class='ocrx_word' id='word_1_732' title='bbox 162 2670 245 2712; x_wconf 76' lang='lat' dir='ltr'><strong>cujus</strong></span> <span class='ocrx_word' id='word_1_733' title='bbox 259 2675 324 2712; x_wconf 80' lang='lat' dir='ltr'><strong>licet</strong></span> <span class='ocrx_word' id='word_1_734' title='bbox 343 2684 404 2704; x_wconf 88' lang='lat' dir='ltr'><strong>non</strong></span> <span class='ocrx_word' id='word_1_735' title='bbox 419 2670 581 2712; x_wconf 72' lang='lat' dir='ltr'><strong>explicetur</strong></span> <span class='ocrx_word' id='word_1_736' title='bbox 609 2677 700 2711; x_wconf 90' lang='lat' dir='ltr'><strong>color,</strong></span> <span class='ocrx_word' id='word_1_737' title='bbox 730 2670 850 2712; x_wconf 76' lang='lat' dir='ltr'><strong>nigrum</strong></span> 
     </span>
    </p>
   </div>
   <div class='ocr_carea' id='block_1_102' title="bbox 74 2706 674 2748">
    <p class='ocr_par' dir='ltr' id='par_1_102' title="bbox 74 2706 674 2748">
     <span class='ocr_line' id='line_1_103' title="bbox 74 2706 674 2748; baseline 0.01 -13"><span class='ocrx_word' id='word_1_738' title='bbox 74 2706 161 2748; x_wconf 55' lang='lat' dir='ltr'><strong>tamen</strong></span> <span class='ocrx_word' id='word_1_739' title='bbox 174 2706 253 2748; x_wconf 55' lang='lat' dir='ltr'><strong>liiinc</strong></span> <span class='ocrx_word' id='word_1_740' title='bbox 266 2711 355 2748; x_wconf 75' lang='lat' dir='ltr'><strong>tuisse</strong></span> <span class='ocrx_word' id='word_1_741' title='bbox 370 2706 565 2748; x_wconf 46' lang='lat' dir='ltr'><strong>facile‘quivis</strong></span> <span class='ocrx_word' id='word_1_742' title='bbox 575 2713 674 2741; x_wconf 88' lang='lat' dir='ltr'><strong>credet</strong></span> 
     </span>
    </p>
   </div>
   <div class='ocr_carea' id='block_1_103' title="bbox 106 2743 852 2786">
    <p class='ocr_par' dir='ltr' id='par_1_103' title="bbox 106 2743 852 2786">
     <span class='ocr_line' id='line_1_104' title="bbox 106 2743 852 2786; baseline 0.011 -15"><span class='ocrx_word' id='word_1_743' title='bbox 106 2743 154 2778; x_wconf 78' lang='lat' dir='ltr'><strong>(2t)</strong></span> <span class='ocrx_word' id='word_1_744' title='bbox 165 2744 207 2772; x_wconf 80' lang='lat' dir='ltr'><strong>Ad</strong></span> <span class='ocrx_word' id='word_1_745' title='bbox 212 2746 345 2783; x_wconf 85' lang='lat' dir='ltr'><strong>verbum,</strong></span> <span class='ocrx_word' id='word_1_746' title='bbox 355 2743 563 2783; x_wconf 62' lang='lat' dir='ltr'><strong>aedicularum,</strong></span> <span class='ocrx_word' id='word_1_747' title='bbox 570 2749 743 2784; x_wconf 80' lang='lat' dir='ltr'><strong>quasseuas</strong></span> <span class='ocrx_word' id='word_1_748' title='bbox 748 2748 852 2786; x_wconf 85' lang='lat' dir='ltr'><strong>appel-</strong></span> 
     </span>
    </p>
   </div>
   <div class='ocr_carea' id='block_1_104' title="bbox 895 2191 1724 2231">
    <p class='ocr_par' dir='ltr' id='par_1_104' title="bbox 895 2191 1724 2231">
     <span class='ocr_line' id='line_1_105' title="bbox 895 2191 1724 2231; baseline 0.001 -9"><span class='ocrx_word' id='word_1_749' title='bbox 895 2196 1052 2228; x_wconf 88' lang='lat' dir='ltr'><strong>tentem,ac</strong></span> <span class='ocrx_word' id='word_1_750' title='bbox 1058 2200 1095 2220; x_wconf 92' lang='lat' dir='ltr'><strong>ne</strong></span> <span class='ocrx_word' id='word_1_751' title='bbox 1102 2191 1467 2228; x_wconf 84' lang='lat' dir='ltr'><strong>satisfactionemquidem</strong></span> <span class='ocrx_word' id='word_1_752' title='bbox 1473 2201 1562 2229; x_wconf 83' lang='lat' dir='ltr'><strong>quam</strong></span> <span class='ocrx_word' id='word_1_753' title='bbox 1569 2202 1624 2230; x_wconf 89' lang='lat' dir='ltr'><strong>pro</strong></span> <span class='ocrx_word' id='word_1_754' title='bbox 1631 2195 1724 2231; x_wconf 83' lang='lat' dir='ltr'><strong>culpa.</strong></span> 
     </span>
    </p>
   </div>
   <div class='ocr_carea' id='block_1_105' title="bbox 896 2236 1725 2275">
    <p class='ocr_par' dir='ltr' id='par_1_105' title="bbox 896 2236 1725 2275">
     <span class='ocr_line' id='line_1_106' title="bbox 896 2236 1725 2275; baseline 0.002 -9"><span class='ocrx_word' id='word_1_755' title='bbox 896 2238 984 2266; x_wconf 89' lang='lat' dir='ltr'><strong>vellet</strong></span> <span class='ocrx_word' id='word_1_756' title='bbox 1002 2236 1171 2273; x_wconf 83' lang='lat' dir='ltr'><strong>explicare;</strong></span> <span class='ocrx_word' id='word_1_757' title='bbox 1192 2236 1325 2273; x_wconf 86' lang='lat' dir='ltr'><strong>reposuit</strong></span> <span class='ocrx_word' id='word_1_758' title='bbox 1345 2236 1415 2265; x_wconf 84' lang='lat' dir='ltr'><strong>ille:</strong></span> <span class='ocrx_word' id='word_1_759' title='bbox 1446 2237 1475 2265; x_wconf 89' lang='lat' dir='ltr'><strong>Si</strong></span> <span class='ocrx_word' id='word_1_760' title='bbox 1501 2238 1591 2274; x_wconf 89' lang='lat' dir='ltr'><strong>primi</strong></span> <span class='ocrx_word' id='word_1_761' title='bbox 1616 2247 1725 2275; x_wconf 65' lang='lat' dir='ltr'><strong>praece-</strong></span> 
     </span>
    </p>
   </div>
   <div class='ocr_carea' id='block_1_106' title="bbox 896 2280 1725 2319">
    <p class='ocr_par' dir='ltr' id='par_1_106' title="bbox 896 2280 1725 2319">
     <span class='ocr_line' id='line_1_107' title="bbox 896 2280 1725 2319; baseline 0.002 -9"><span class='ocrx_word' id='word_1_762' title='bbox 896 2283 938 2319; x_wconf 89' lang='lat' dir='ltr'><strong>pti</strong></span> <span class='ocrx_word' id='word_1_763' title='bbox 959 2281 1228 2316; x_wconf 85' lang='lat' dir='ltr'><strong>transgressionem</strong></span> <span class='ocrx_word' id='word_1_764' title='bbox 1241 2280 1430 2309; x_wconf 86' lang='lat' dir='ltr'><strong>dissimulare</strong></span> <span class='ocrx_word' id='word_1_765' title='bbox 1442 2289 1491 2310; x_wconf 87' lang='lat' dir='ltr'><strong>me</strong></span> <span class='ocrx_word' id='word_1_766' title='bbox 1505 2282 1580 2314; x_wconf 89' lang='lat' dir='ltr'><strong>vult,</strong></span> <span class='ocrx_word' id='word_1_767' title='bbox 1593 2291 1661 2319; x_wconf 86' lang='lat' dir='ltr'><strong>age,</strong></span> <span class='ocrx_word' id='word_1_768' title='bbox 1678 2291 1725 2312; x_wconf 87' lang='lat' dir='ltr'><strong>se-</strong></span> 
     </span>
    </p>
   </div>
   <div class='ocr_carea' id='block_1_107' title="bbox 898 2325 1727 2362">
    <p class='ocr_par' dir='ltr' id='par_1_107' title="bbox 898 2325 1727 2362">
     <span class='ocr_line' id='line_1_108' title="bbox 898 2325 1727 2362; baseline 0.004 -7"><span class='ocrx_word' id='word_1_769' title='bbox 898 2326 1033 2355; x_wconf 87' lang='lat' dir='ltr'><strong>cundum</strong></span> <span class='ocrx_word' id='word_1_770' title='bbox 1052 2325 1225 2362; x_wconf 82' lang='lat' dir='ltr'><strong>adimpleat,</strong></span> <span class='ocrx_word' id='word_1_771' title='bbox 1249 2325 1416 2354; x_wconf 86' lang='lat' dir='ltr'><strong>Circumeat</strong></span> <span class='ocrx_word' id='word_1_772' title='bbox 1438 2326 1557 2356; x_wconf 84' lang='lat' dir='ltr'><strong>lauram</strong></span> <span class='ocrx_word' id='word_1_773' title='bbox 1576 2330 1671 2357; x_wconf 84' lang='lat' dir='ltr'><strong>totam</strong></span> <span class='ocrx_word' id='word_1_774' title='bbox 1697 2331 1727 2357; x_wconf 90' lang='lat' dir='ltr'><strong>et</strong></span> 
     </span>
    </p>
   </div>
   <div class='ocr_carea' id='block_1_108' title="bbox 897 2370 1728 2406">
    <p class='ocr_par' dir='ltr' id='par_1_108' title="bbox 897 2370 1728 2406">
     <span class='ocr_line' id='line_1_109' title="bbox 897 2370 1728 2406; baseline 0.004 -7"><span class='ocrx_word' id='word_1_775' title='bbox 897 2371 1075 2400; x_wconf 87' lang='lat' dir='ltr'><strong>latrinarum</strong></span> <span class='ocrx_word' id='word_1_776' title='bbox 1091 2370 1195 2398; x_wconf 88' lang='lat' dir='ltr'><strong>sordes</strong></span> <span class='ocrx_word' id='word_1_777' title='bbox 1210 2370 1429 2406; x_wconf 56' lang='lat' dir='ltr'><strong>eXpurgeLEioc</strong></span> <span class='ocrx_word' id='word_1_778' title='bbox 1443 2371 1547 2400; x_wconf 87' lang='lat' dir='ltr'><strong>audito</strong></span> <span class='ocrx_word' id='word_1_779' title='bbox 1561 2372 1603 2401; x_wconf 88' lang='lat' dir='ltr'><strong>illi</strong></span> <span class='ocrx_word' id='word_1_780' title='bbox 1614 2376 1728 2402; x_wconf 81' lang='lat' dir='ltr'><strong>averte-</strong></span> 
     </span>
    </p>
   </div>
   <div class='ocr_carea' id='block_1_109' title="bbox 898 2415 1726 2454">
    <p class='ocr_par' dir='ltr' id='par_1_109' title="bbox 898 2415 1726 2454">
     <span class='ocr_line' id='line_1_110' title="bbox 898 2415 1726 2454; baseline 0.002 -9"><span class='ocrx_word' id='word_1_781' title='bbox 898 2418 969 2445; x_wconf 90' lang='lat' dir='ltr'><strong>runt</strong></span> <span class='ocrx_word' id='word_1_782' title='bbox 985 2415 1093 2451; x_wconf 84' lang='lat' dir='ltr'><strong>vultus,</strong></span> <span class='ocrx_word' id='word_1_783' title='bbox 1114 2415 1375 2451; x_wconf 86' lang='lat' dir='ltr'><strong>discesseruntque</strong></span> <span class='ocrx_word' id='word_1_784' title='bbox 1394 2415 1510 2451; x_wconf 87' lang='lat' dir='ltr'><strong>pudore</strong></span> <span class='ocrx_word' id='word_1_785' title='bbox 1534 2419 1726 2454; x_wconf 68' lang='lat' dir='ltr'><strong>praegravati,</strong></span> 
     </span>
    </p>
   </div>
   <div class='ocr_carea' id='block_1_110' title="bbox 902 2459 1728 2496">
    <p class='ocr_par' dir='ltr' id='par_1_110' title="bbox 902 2459 1728 2496">
     <span class='ocr_line' id='line_1_111' title="bbox 902 2459 1728 2496; baseline 0.001 -7"><span class='ocrx_word' id='word_1_786' title='bbox 902 2469 970 2489; x_wconf 88' lang='lat' dir='ltr'><strong>cum</strong></span> <span class='ocrx_word' id='word_1_787' title='bbox 988 2468 1024 2488; x_wconf 79' lang='lat' dir='ltr'><strong>ex</strong></span> <span class='ocrx_word' id='word_1_788' title='bbox 1037 2467 1098 2488; x_wconf 83' lang='lat' dir='ltr'><strong>una</strong></span> <span class='ocrx_word' id='word_1_789' title='bbox 1109 2459 1233 2496; x_wconf 87' lang='lat' dir='ltr'><strong>quidem</strong></span> <span class='ocrx_word' id='word_1_790' title='bbox 1240 2461 1325 2496; x_wconf 82' lang='lat' dir='ltr'><strong>parte</strong></span> <span class='ocrx_word' id='word_1_791' title='bbox 1337 2459 1563 2489; x_wconf 83' lang='lat' dir='ltr'><strong>considerarent</strong></span> <span class='ocrx_word' id='word_1_792' title='bbox 1576 2462 1632 2490; x_wconf 87' lang='lat' dir='ltr'><strong>viri</strong></span> <span class='ocrx_word' id='word_1_793' title='bbox 1641 2470 1728 2490; x_wconf 85' lang='lat' dir='ltr'><strong>vene-</strong></span> 
     </span>
    </p>
   </div>
   <div class='ocr_carea' id='block_1_111' title="bbox 903 2600 1729 2637">
    <p class='ocr_par' dir='ltr' id='par_1_111' title="bbox 903 2600 1729 2637">
     <span class='ocr_line' id='line_1_112' title="bbox 903 2600 1729 2637; baseline 0.004 -4"><span class='ocrx_word' id='word_1_794' title='bbox 903 2603 1013 2636; x_wconf 82' lang='lat' dir='ltr'><strong>lamus,</strong></span> <span class='ocrx_word' id='word_1_795' title='bbox 1029 2603 1081 2636; x_wconf 88' lang='lat' dir='ltr'><strong>ita,</strong></span> <span class='ocrx_word' id='word_1_796' title='bbox 1098 2600 1138 2631; x_wconf 89' lang='lat' dir='ltr'><strong>ad</strong></span> <span class='ocrx_word' id='word_1_797' title='bbox 1154 2600 1328 2637; x_wconf 79' lang='lat' dir='ltr'><strong>hujusmodi</strong></span> <span class='ocrx_word' id='word_1_798' title='bbox 1342 2602 1550 2632; x_wconf 79' lang='lat' dir='ltr'><strong>necessitatem</strong></span> <span class='ocrx_word' id='word_1_799' title='bbox 1566 2603 1729 2636; x_wconf 87' lang='lat' dir='ltr'><strong>honestiori</strong></span> 
     </span>
    </p>
   </div>
   <div class='ocr_carea' id='block_1_112' title="bbox 904 2639 1730 2677">
    <p class='ocr_par' dir='ltr' id='par_1_112' title="bbox 904 2639 1730 2677">
     <span class='ocr_line' id='line_1_113' title="bbox 904 2639 1730 2677; baseline 0 -9"><span class='ocrx_word' id='word_1_800' title='bbox 904 2639 1052 2668; x_wconf 87' lang='lat' dir='ltr'><strong>vocabulo</strong></span> <span class='ocrx_word' id='word_1_801' title='bbox 1072 2639 1407 2677; x_wconf 45' lang='lat' dir='ltr'><strong>explicandamuvariw</strong></span> <span class='ocrx_word' id='word_1_802' title='bbox 1430 2639 1514 2675; x_wconf 87' lang='lat' dir='ltr'><strong>apud</strong></span> <span class='ocrx_word' id='word_1_803' title='bbox 1541 2648 1597 2677; x_wconf 80' lang='lat' dir='ltr'><strong>nos</strong></span> <span class='ocrx_word' id='word_1_804' title='bbox 1624 2647 1730 2677; x_wconf 78' lang='lat' dir='ltr'><strong>gentes</strong></span> 
     </span>
    </p>
   </div>
   <div class='ocr_carea' id='block_1_113' title="bbox 905 2674 1732 2712">
    <p class='ocr_par' dir='ltr' id='par_1_113' title="bbox 905 2674 1732 2712">
     <span class='ocr_line' id='line_1_114' title="bbox 905 2674 1732 2712; baseline 0.006 -9"><span class='ocrx_word' id='word_1_805' title='bbox 905 2678 1029 2712; x_wconf 83' lang='lat' dir='ltr'><strong>utuntur</strong></span> <span class='ocrx_word' id='word_1_806' title='bbox 1043 2674 1121 2702; x_wconf 72' lang='lat' dir='ltr'><strong>voce</strong></span> <span class='ocrx_word' id='word_1_807' title='bbox 1131 2675 1226 2712; x_wconf 71' lang='lat' dir='ltr'><strong>sedis;</strong></span> <span class='ocrx_word' id='word_1_808' title='bbox 1252 2674 1358 2712; x_wconf 74' lang='lat' dir='ltr'><strong>Suidas</strong></span> <span class='ocrx_word' id='word_1_809' title='bbox 1377 2674 1487 2712; x_wconf 79' lang='lat' dir='ltr'><strong>autem,</strong></span> <span class='ocrx_word' id='word_1_810' title='bbox 1505 2683 1573 2712; x_wconf 69' lang='lat' dir='ltr'><strong>qua:</strong></span> <span class='ocrx_word' id='word_1_811' title='bbox 1587 2674 1640 2706; x_wconf 72' lang='lat' dir='ltr'><strong>hic</strong></span> <span class='ocrx_word' id='word_1_812' title='bbox 1660 2687 1732 2707; x_wconf 90' lang='lat' dir='ltr'><strong>neu-</strong></span> 
     </span>
    </p>
   </div>
   <div class='ocr_carea' id='block_1_114' title="bbox 907 2709 1732 2750">
    <p class='ocr_par' dir='ltr' id='par_1_114' title="bbox 907 2709 1732 2750">
     <span class='ocr_line' id='line_1_115' title="bbox 907 2709 1732 2750; baseline -0.005 -10"><span class='ocrx_word' id='word_1_813' title='bbox 907 2711 1016 2750; x_wconf 79' lang='lat' dir='ltr'><strong>traliter</strong></span> <span class='ocrx_word' id='word_1_814' title='bbox 1033 2713 1173 2750; x_wconf 38' lang='lat' dir='ltr'><strong>surrupta,</strong></span> <span class='ocrx_word' id='word_1_815' title='bbox 1195 2709 1337 2750; x_wconf 73' lang='lat' dir='ltr'><strong>feminine</strong></span> <span class='ocrx_word' id='word_1_816' title='bbox 1360 2710 1463 2750; x_wconf 69' lang='lat' dir='ltr'><strong>sgﬁbit</strong></span> <span class='ocrx_word' id='word_1_817' title='bbox 1480 2709 1630 2750; x_wconf 63' lang='grc' dir='ltr'>⁷σῶτηρίας,</span> <span class='ocrx_word' id='word_1_818' title='bbox 1654 2715 1732 2744; x_wconf 60' lang='lat' dir='ltr'><strong>vult.</strong></span> 
     </span>
    </p>
   </div>
   <div class='ocr_carea' id='block_1_115' title="bbox 907 2744 1446 2784">
    <p class='ocr_par' dir='ltr' id='par_1_115' title="bbox 907 2744 1446 2784">
     <span class='ocr_line' id='line_1_116' title="bbox 907 2744 1446 2784; baseline -0.006 -9"><span class='ocrx_word' id='word_1_819' title='bbox 907 2755 967 2784; x_wconf 85' lang='lat' dir='ltr'><strong>que</strong></span> <span class='ocrx_word' id='word_1_820' title='bbox 981 2746 1041 2774; x_wconf 89' lang='lat' dir='ltr'><strong>dici</strong></span> <span class='ocrx_word' id='word_1_821' title='bbox 1051 2749 1084 2775; x_wconf 90' lang='lat' dir='ltr'><strong>ut</strong></span> <span class='ocrx_word' id='word_1_822' title='bbox 1099 2744 1199 2781; x_wconf 68' lang='grc' dir='ltr'>σίλλὰς,</span> <span class='ocrx_word' id='word_1_823' title='bbox 1211 2745 1344 2783; x_wconf 78' lang='grc' dir='ltr'>σιλλὰρια,</span> <span class='ocrx_word' id='word_1_824' title='bbox 1357 2744 1446 2783; x_wconf 76' lang='grc' dir='ltr'>ἔδρας.</span> 
     </span>
    </p>
   </div>
  </div>
