1963 3084
209 79 259 108 871

210 186 346 216 sordium
362 186 536 222 cogitarent.

245 331 289 359 49.
310 329 386 362 Quid
404 337 494 365 porro
511 328 655 357 Joannes?
674 328 751 357 Vidit
769 329 948 356 revertentes
967 327 1032 356 illos

209 374 258 409 (ex
271 382 333 410 quo
348 374 427 402 enim
442 374 569 408 ingressi
584 375 677 407 erant,
692 373 793 401 lmtum
806 372 921 408 aliquid
939 373 979 401 ad
997 372 1032 400 iis

209 426 241 446 se
252 418 425 447 auditurum
439 418 625 454 praestolans,
641 417 764 446 ferventi
775 417 814 445 ad
827 419 918 445 Deum
929 417 1032 453 depre-

209 463 319 491 cationi
331 461 471 498 instabat)
485 465 514 491 et
529 462 675 491 accedens
693 462 866 497 interrogat,
881 461 955 498 quid
965 461 1032 490 velit

210 508 302 539 Pater,
319 509 347 535 et
361 506 435 543 quid
448 514 503 543 pro
515 506 623 534 delicto
638 506 702 534 ﬁeri
710 505 826 541 jubeat.
837 507 874 533 At
883 505 923 533 illi
933 505 1031 542 primo

208 559 270 579 non
277 551 498 579 audebantrem
505 551 614 587 eloqui,
624 550 837 578 reverebantur
843 549 923 578 enim
933 550 1031 578 virum

209 595 249 624 ob
265 595 381 631 generis
396 595 427 622 in
442 603 477 623 eo
490 595 666 630 claritatem,
687 603 742 622 nec
754 595 854 622 minus
867 594 906 622 ob
916 594 1031 622 virtutis

210 639 424 668 excellentiam.
441 640 476 667 Ut
494 647 565 674 ergo
585 639 656 666 vidit
675 639 748 666 nihil
768 647 799 666 se
818 639 1032 674 interrogando

209 683 364 720 proﬁcere,
374 684 523 712 adeorum
535 691 601 712 sese
611 686 804 719 prosternens
810 683 913 719 pedes,
922 691 1032 718 magna

209 736 292 762 voce,
321 729 441 762 Edicite,
470 728 575 764 inquit,
605 728 717 763 Patres,
749 728 821 764 quid
850 728 920 756 velit
947 728 1032 756 Pater

209 781 296 802 meus
312 782 318 800 :
334 781 402 801 ecce
414 773 494 801 enim
509 775 650 809 paratum
664 781 713 801 me
726 773 766 800 ad
785 773 962 801 mandatum
984 781 1031 801 ex-

209 817 354 854 plendum
362 817 546 854 etquidquid
561 817 1031 846 volueritexsecutionimandan-
1046 819 1066 846 Β

209 861 294 890 dum.
311 863 391 890 Tunc
405 870 478 898 rem,
490 863 520 890 ut
539 864 611 895 erat,
632 865 845 899 exposuerunt,
866 865 1032 891 avertentes

210 907 325 935 vultum
340 910 367 936 et
386 909 475 943 prout
494 907 619 936 decebat
636 907 854 936 erubescentes.
875 910 926 935 Ast
944 916 962 936 ο
981 915 1032 935 cor

210 951 369 980 contritum
388 952 424 980 to
440 951 575 988 spiritum
596 951 787 980 humiliatum
801 953 808 980 ί
824 954 945 988 propter
964 959 1032 988 quas

209 1004 272 1025 non
283 997 380 1026 solum
389 1005 452 1026 non
462 997 598 1034 despexit
607 997 690 1025 illum
699 999 792 1025 Deum
801 1000 851 1025 aut
858 997 951 1024 salute
959 1004 1032 1033 qua-

209 1041 350 1078 licunque
365 1042 505 1076 dignatus
529 1044 582 1075 est,
604 1042 657 1069 sed
675 1042 798 1070 omnino
823 1041 983 1077 magniﬁce
1005 1043 1033 1068 et

211 1086 366 1122 splendide
381 1086 520 1114 eumdem
544 1086 671 1122 excepit,
697 1085 883 1114 admirandis
908 1085 1032 1114 omnino

210 1130 341 1166 praemiis
351 1130 453 1166 ipsum
462 1130 630 1158 cumulans.
642 1130 755 1158 Etenim
762 1130 808 1158 vix
818 1129 954 1158 audierat
966 1137 1032 1158 ver-

208 1174 294 1208 bum,
310 1182 379 1202 cum
394 1182 466 1202 mox
479 1173 676 1210 apprehensis
687 1182 781 1202 manu
806 1174 906 1211 scopis
931 1177 959 1202 et
982 1182 1031 1202 co-

210 1218 337 1254 phinum
352 1218 479 1246 humero
486 1217 655 1254 suscipiens
665 1218 767 1251 abivit,
775 1218 1031 1254 velutquianimo,

209 1264 303 1291 Deum
313 1262 425 1298 ubique
434 1266 614 1298 praesentem
621 1263 749 1298 vidente,
761 1263 896 1292 etstatim
903 1263 1032 1292 manda-

208 1308 274 1335 tum
284 1309 470 1343 capessente,
482 1314 545 1335 non
554 1314 640 1336 secus
649 1315 742 1344 quam
755 1307 791 1336 de
805 1308 928 1344 antiquo
939 1309 1032 1337 Israe-

209 1351 246 1379 lis
255 1351 370 1388 populo
386 1351 588 1380 conﬁtebatur
609 1352 717 1386 David,
736 1352 801 1380 haec
816 1353 924 1382 Psalmi
939 1353 1034 1382 verba

210 1397 379 1432 opportune
395 1396 686 1425 concinereLAvertit
699 1397 739 1425 ab
752 1397 896 1425 oneribus
907 1397 1032 1426 dorsum

210 1440 276 1476 ejus
290 1441 311 1475 ³,
319 1441 530 1476 agravioribus
540 1442 642 1478 utique
650 1442 779 1476 etmagis
789 1441 938 1478 pudendis
945 1443 1031 1471 sarci-1

805 78 1041 107 CONSTANTlNl
1053 79 1290 108 ACROPOLlTiE.

208 141 312 171 rabilis
330 141 532 174 honestatem,
552 147 589 169 ex
607 140 700 170 altera
718 148 788 170 vero
807 140 1031 170 obscaenitatem

1088 141 1164 168 Τοῡθ¹
1194 143 1228 173 ὡς
1254 143 1378 177 ἤκουσαν,
1409 141 1614 180 ἀπεστράφησαν
1640 143 1685 173 τὰς
1712 143 1787 178 ὄψεις
1810 154 1816 160 ι

1807 83 1890 110 -872

1845 143 1896 170 καὶ

1087 186 1140 222 οὐχ
1155 187 1231 216 ἦττον
1255 186 1311 223 μετ’
1336 187 1494 223 αἰσχὺνηςῆ
1526 186 1626 224 βάρους
1651 187 1782 224 ἀπῄεσαν,
1807 191 1837 214 τὸ
1864 199 1893 215 τε

1087 235 1131 258 τοῦ
1161 229 1255 268 ἀνδρὸς
1288 232 1378 268 σεμνὸν
1405 234 1451 258 καὶ
1483 230 1621 268 περίδοξον
1657 231 1890 269 ἀναλμγιζὸμινοι,

1087 279 1132 303 καὶ
1146 278 1176 303 τὸ
1190 280 1240 302 τῶν
1249 277 1429 313 ρυπασμοὲτων
1442 276 1504 312 οἶνος
1518 274 1743 313 διηθυμοὺμινοι.

1122 330 1174 366 μθ’.
1193 329 1271 356 Ἀλλὰ
1283 332 1311 356 τί
1332 339 1378 366 περ
1407 331 1421 356 ὁ
1437 329 1576 364 Ἰωάννης;
1605 329 1671 368 Ὁρᾷ
1692 332 1803 362 τούτους
1827 331 1894 357 ὑπο-

1088 375 1247 412 στρέψαντας
1271 372 1313 410 (ἦν
1337 375 1399 412 γὰρ,
1429 374 1496 406 ἐξότε
1519 377 1565 401 καὶ
1589 375 1722 411 εἰσῄεσαν,
1756 376 1895 402 πυθέσθαι

1086 428 1112 444 τι
1124 422 1243 456 χρηστόν
1258 418 1441 456 ἐκδεχόμενος,
1461 422 1506 446 καὶ
1533 421 1633 456 θερμῶς
1657 421 1720 457 ὑπὲρ
1745 418 1826 446 τοῦδε
1846 422 1893 446 τὸν

1087 465 1150 489 Θεὸν
1174 461 1333 498 δυσωπῶν)·
1362 466 1447 490 τοίνυν
1475 466 1521 490 καὶ
1545 466 1663 501 προσιὼν
1685 463 1762 495 εὐθύς
1790 464 1892 501 ἐρωτᾷ,

1085 510 1110 534 τί
1125 517 1152 534 τι
1167 508 1280 543 ὀῐῐατὴρ
1297 507 1384 544 ὶθὶλει,
1401 511 1446 534 καὶ
1462 509 1475 535 ὅ
1489 518 1515 534 τι
1525 517 1553 544 γε
1577 509 1640 545 ὑπὲρ
1668 513 1714 535 τοῦ
1745 508 1892 545 ἀμπλακη-

1085 562 1167 589 ματος
1182 551 1381 590 διαπράξασθαι
1397 552 1528 588 βούλεται.
1553 553 1586 579 Οἱ
1610 551 1640 579 δὲ
1665 563 1712 582 την
1741 556 1788 589 μέν
1817 557 1892 590 πρώ-

1086 607 1133 626 την
1149 597 1253 629 ἐξειπεῖν
1269 597 1316 624 οὐκ
1331 598 1484 634 ἠνείχοντο·
1513 597 1661 633 ᾐσχύνοντο
1688 608 1740 635 γαρ
1767 599 1812 624 τὸν
1843 599 1891 624 οἷν-

1088 641 1140 679 ὃρα
1158 646 1203 672 τῆς
1222 652 1249 668 τε
1268 641 1294 668 ἐκ
1327 646 1373 669 τοὺ
1406 645 1495 678 γένους
1523 645 1675 678 περιφανίας
1703 645 1748 668 καὶ
1782 646 1830 673 τῆς
1864 642 1893 674 ἕξ

1087 686 1179 722 ἀρετῆς
1195 687 1248 723 οὐχ
1260 688 1337 716 ἧττον
1354 689 1518 723 σεμνότητος.
1542 686 1586 718 Ὠς
1611 685 1636 713 δ’
1661 687 1708 713 οὐκ
1734 687 1800 714 ἀνίει
1829 687 1891 714 ἁνε-

1086 736 1184 768 ρωτῶν,
1218 733 1267 768 πρὸ
1297 736 1347 758 τῶν
1374 730 1462 758 ποδῶν
1487 741 1515 758 τι
1539 734 1635 764 πεσὼν,
1667 732 1800 763 Ἐξεὶπατέ
1830 742 1891 768 μοι,

1087 775 1286 813 Πατερες,ἑϐόα,
1307 775 1421 807 ἰξιίπατε
1435 778 1461 802 τί
1482 785 1527 813 περ
1555 777 1568 802 ὁ
1587 777 1648 812 ἐμός
1677 776 1742 802 θέλει
1769 779 1863 813 Πατήρ
1881 788 1889 793 -

1085 822 1183 857 ἕτοιμος
1197 822 1247 857 γὰρ
1272 820 1439 858 ἐκπληρῶσαι
1464 822 1548 856 τούτῳ
1573 823 1603 847 τό
1634 821 1749 855 οελητόν,
1775 824 1822 848 καὶ
1853 822 1891 853 εἰς

1085 868 1163 902 πέρας
1175 865 1278 901 ἀγαγεῖν
1299 867 1329 891 τὸ
1353 867 1416 902 πρὸς
1436 864 1574 901 βούλησιν.
1598 868 1682 901 Μὸγις
1708 864 1742 895 δὴ
1768 867 1828 892 τότε
1856 871 1891 892 τα

1086 909 1279 946 τῆςὶπιτιμίας
1291 911 1326 940 ὡς
1347 909 1416 945 εἶχεν
1442 908 1634 946 ἐξαγορεύουσι,
1658 911 1702 940 τὰς
1726 910 1802 945 ὄψεις
1825 910 1890 937 ἀπο·

1087 957 1248 992 στραφέντες,
1276 956 1321 980 καὶ
1347 955 1381 980 τὰ
1409 954 1496 980 εἰκότα
1526 953 1736 990 ἐρυθριάσαντες.
1767 955 1838 982 Ἀλλ’
1869 957 1889 981 ὠ

1086 997 1197 1036 καρδίας
1229 999 1327 1029 ἐκείνης
1352 1000 1570 1035 συντετριμμὲνης
1591 999 1597 1026 l
1628 1001 1647 1024 ὦ
1667 1002 1888 1036 τεταπεινωμένον

1086 1045 1230 1080 πνεύματος
1243 1043 1249 1070 l
1261 1042 1298 1073 οἷς
1312 1045 1356 1069 καὶ
1371 1043 1423 1078 οὐχ
1447 1043 1486 1069 ὃτι
1498 1053 1528 1078 γε
1541 1044 1603 1073 Θεὸς
1624 1047 1715 1070 τοῦτον
1739 1044 1787 1070 οὐκ
1815 1044 1889 1076 ἆξον-

1087 1086 1196 1114 δὲνωσεν
1222 1088 1236 1117 ἡ
1272 1090 1402 1124 σωτηρίας
1433 1087 1513 1122 ψιλῆς
1542 1087 1713 1123 κατηξίωσεν,
1745 1088 1813 1114 ἀλλὰ
1843 1092 1890 1115 καὶ

1085 1132 1204 1169 λαμπρὸς
1228 1133 1295 1168 οἷγαν
1320 1134 1484 1169 προσήκατο,
1514 1134 1559 1158 καὶ
1578 1132 1781 1170 μεγαλοπρεπῶς
1806 1143 1891 1170 προσ-

1087 1175 1203 1208 εδέξατο,
1235 1179 1280 1202 καὶ
1315 1177 1475 1212 θαυμαστοῖς
1502 1177 1564 1207 οἰοις
1597 1176 1727 1212 ἠμείψατο
1764 1179 1887 1214 γέρασιν.

1087 1221 1142 1247 Οὐκ
1161 1221 1224 1257 ἔφθη
1248 1222 1298 1258 γὰρ
1328 1220 1452 1255 ἀκούσας,
1468 1223 1513 1247 καὶ
1538 1220 1621 1247 λαϐὼν
1645 1223 1710 1257 μετὰ
1736 1225 1833 1258 χεῖρας
1859 1223 1890 1246 τό

1085 1267 1164 1292 πτύον
1185 1268 1231 1292 καὶ
1254 1265 1448 1302 ἐπωμισὰμινος
1475 1266 1589 1302 κόφινον,
1619 1266 1690 1292 ὡσὰν
1710 1263 1745 1294 δὴ
1775 1268 1822 1292 καί
1848 1265 1891 1292 ἐπὶ

1086 1314 1122 1345 τῷ
1147 1308 1288 1340 διαπαντὸς
1314 1311 1397 1346 τούτῳ
1425 1312 1490 1336 Θεὸν
1521 1311 1614 1346 ὁρῶντι
1645 1312 1691 1336 καὶ
1722 1309 1893 1347 αὐτόχρημα

1086 1355 1246 1381 καταστάντι
1266 1356 1315 1389 vei,
1344 1355 1397 1390 οὐχ
1426 1355 1503 1384 ἧττον
1531 1355 1606 1385 αὖθις
1635 1356 1649 1383 ἦ
1677 1353 1717 1380 ἐπὶ
1745 1358 1782 1389 τῷ
1807 1355 1892 1381 πάλαι

1086 1400 1193 1438 Ἰσραὴλ
1221 1399 1418 1436 ἁνθομολογοῖτο
1445 1398 1527 1426 Δαϐίδ
1553 1402 1599 1426 καὶ
1628 1399 1805 1437 εὐκαιρότατα
1818 1399 1892 1435 ψαλ-

1085 1444 1202 1482 μῳδοὶη,
1218 1446 1253 1476 ὡς
1268 1445 1426 1474 Ἀηὶστησεν
1440 1443 1491 1471 ἀπὸ
1505 1445 1604 1481 ᾶρσεων
1618 1447 1662 1470 τὸν
1688 1449 1767 1471 νῶτον
1795 1445 1889 1477 αὐτοῦ,

209 1484 256 1513 nis
270 1494 277 1519 ;
294 1488 322 1514 et
337 1493 446 1514 manus
461 1486 527 1521 ejus
542 1485 573 1514 in
587 1486 718 1522 cophino
735 1487 908 1515 servierunt.
926 1488 1032 1515 Ferens

1088 1491 1290 1526 μαχθηροτέρων
1304 1499 1330 1516 τε
1353 1492 1398 1516 καὶ
1426 1489 1604 1526 αἰσχροτὲρων
1625 1487 1728 1518 δηλαδὴ
1759 1488 1891 1525 βασταγ-

208 1529 298 1566 igitur
307 1530 478 1560 necessaria
488 1531 528 1559 ad
537 1531 671 1559 sordium
680 1532 917 1568 exportationem
924 1532 1032 1560 instru-

208 1577 319 1610 menta,
336 1583 399 1604 non
409 1576 508 1612 scopis
519 1576 628 1611 solum,
644 1575 698 1604 sed
712 1576 803 1605 etiam
814 1576 956 1606 manibus
969 1585 1033 1605 eas-

209 1619 281 1649 dem
290 1620 323 1649 in
336 1620 502 1657 cophinum
515 1620 642 1656 collegit.

245 1765 289 1791 50.
308 1761 409 1790 Audiit
426 1762 491 1791 haec
512 1769 613 1796 senex,
636 1762 798 1799 statimque
823 1763 983 1796 emollitus,
1004 1764 1036 1792 in

209 1815 371 1837 occursum
387 1806 454 1842 ejus
469 1806 610 1834 velociter
624 1807 784 1842 egreditur,
797 1807 932 1844 colloque
960 1810 1036 1838 infu-

209 1863 262 1883 sus
279 1851 471 1880 deosculatur
484 1850 664 1888 frequenter,
686 1851 847 1888 alloquitur
865 1853 990 1883 dulciter
1008 1856 1037 1885 et

208 1899 288 1928 dicta
305 1897 468 1925 retractans
486 1895 618 1932 appellat
636 1895 730 1924 ﬁlium
750 1897 935 1934 obedientize,
957 1899 1034 1929 divi-

207 1948 343 1978 numque
349 1939 505 1968 hominem
512 1942 668 1976 nuncupat
680 1941 828 1977 ;seipsum
834 1950 904 1971 vero
910 1943 1033 1973 beatum

208 1986 360 2024 praedicat,
376 1984 486 2021 partim
499 1984 572 2020 quia
586 1985 744 2021 praefectus
759 1986 856 2015 fuerat
875 1990 963 2017 tantae
979 1989 1033 2018 vir-

208 2032 277 2061 tutis
291 2031 367 2064 viro,
383 2032 445 2058 tam
464 2036 586 2065 magno.
601 2031 662 2057 tam
683 2030 823 2066 perfecto,
846 2034 906 2061 tam
920 2034 1032 2063 incom-

206 2075 336 2114 parabili
348 2083 354 2109 ;
366 2073 476 2111 partim
489 2074 573 2110 quod
581 2074 728 2103 submotis
734 2075 800 2104 aliis
808 2077 956 2112 ejusmodi
963 2087 1032 2107 mu-

207 2129 266 2150 nus
283 2121 347 2157 ipse
366 2120 444 2147 esset
458 2118 587 2147 sortitus.
608 2118 740 2156 Denique
759 2121 948 2157 amplexibus
967 2123 1032 2159 ejus

1086 1535 1186 1571 μάτων,
1208 1537 1254 1560 καὶ
1277 1535 1312 1565 ὡς
1331 1535 1359 1560 αἱ
1381 1537 1468 1572 χεῖρες
1485 1534 1564 1560 αὑτοῦ
1584 1533 1608 1559 ὲν
1632 1538 1667 1569 τῷ
1686 1536 1785 1570 κοτίνῳ
1815 1532 1893 1560 ἐδοὺ-

1086 1579 1190 1606 λευσαν.
1220 1579 1458 1615 Διαγκαλισάμενος
1492 1577 1536 1605 οὖν
1574 1580 1607 1605 τὰ
1642 1580 1707 1616 πρός
1744 1578 1893 1616 ὶκφόρησιν

1088 1626 1194 1662 ὄργανα,
1213 1628 1249 1659 τῷ
1267 1621 1384 1659 πτύῳδέ
1403 1625 1482 1660 μόνῳ,
1511 1622 1576 1649 ἀλλὰ
1603 1625 1648 1649 καὶ
1673 1625 1768 1660 χερσίν
1798 1621 1894 1653 αὑταῖς

1089 1666 1264 1706 διεχειρίζετο
1278 1669 1311 1694 τὰ
1322 1667 1487 1705 μολύσματα,
1512 1669 1556 1694 καὶ
1580 1667 1685 1704 πληρῶν
1711 1669 1756 1694 τὸν
1781 1669 1891 1704 κόφινον

1089 1713 1228 1741 ἀνετίθετο.

1125 1766 1242 1794 ν’.Τοῡτ’
1271 1765 1425 1792 ἂκουσθὲνό
1449 1767 1529 1803 γέρων
1553 1765 1728 1802 μειλίσσεται,
1754 1767 1802 1791 καὶ
1830 1764 1893 1803 δρο-

1089 1815 1166 1848 μαῖος
1183 1810 1329 1847 ὶίιίσταται,
1358 1812 1403 1836 καὶ
1435 1812 1542 1847 περιφὺς
1573 1814 1609 1846 τῷ
1642 1810 1782 1847 τραχήιῳ,
1813 1819 1891 1847 περι-

1089 1857 1232 1882 επτύσσετο
1262 1856 1359 1891 συχνὰ,
1385 1854 1544 1892 προσωμίλιι
1567 1852 1654 1884 ἡδέα·
1685 1853 1850 1890 παλινῳδίαν
1865 1864 1891 1881 τε

1088 1901 1169 1936 ἄγων,
1192 1902 1278 1927 τέκνον
1298 1900 1416 1930 ὑπακοῆς
1445 1898 1579 1932 ἀπεκάλει,
1607 1902 1652 1926 καὶ
1680 1900 1746 1925 οείον
1774 1901 1891 1926 κατωνό⁴

1086 1947 1166 1982 μαζεν
1187 1946 1320 1982 ἄνθρωπον
1337 1955 1343 1961 ·
1372 1944 1482 1970 πλεῖστα
1505 1953 1532 1971 τε
1547 1944 1637 1970 ἑαυτὸν
1657 1943 1826 1982 ἐμακὰριζεν,
1853 1945 1891 1975 οἷς

1086 1992 1126 2017 ὄτι
1154 1991 1263 2025 τοιούτῳ
1283 1992 1330 2019 τήν
1357 1988 1447 2027 ἀρετην
1477 1988 1659 2024 ὶπεστάτησεν,
1687 1989 1756 2014 οὕτω
1771 1989 1889 2025 μεγαλῳ,

1086 2035 1153 2061 οὕτω
1179 2035 1274 2070 τελςὶῳ,
1305 2034 1371 2060 οὕτω
1394 2037 1449 2064 τοῖς
1473 2033 1541 2065 ὅλοις
1564 2033 1747 2070 ἀπαραμίλλῳ,
1776 2036 1824 2059 καὶ
1851 2034 1890 2064 οἷς

1087 2077 1121 2109 δὴ
1147 2082 1207 2110 τοὺς
1228 2079 1332 2109 λοιποὺς
1355 2079 1632 2115 παραγκωνισμεοὲνος,
1659 2080 1705 2107 τὴν
1745 2078 1888 2114 ἠγεμονίαν

1086 2124 1162 2154 αὐτὸς
1188 2123 1365 2160 ἐκληρώσατο.
1395 2123 1464 2149 Ἐπεί
1499 2121 1525 2149 δ’
1557 2122 1694 2160 αὐτάρκως
1731 2123 1798 2158 ἔσχε
1838 2126 1889 2148 τῶν

207 2168 372 2201 utcumque
385 2162 691 2198 satiatus,ingreditur
697 2165 814 2199 cellam,
822 2165 898 2194 laeva
907 2167 1031 2203 quidem

1088 2167 1245 2205 ἀσπασμῶν,
1262 2169 1356 2194 εἴσεισι
1371 2169 1418 2197 τὴν
1438 2167 1532 2198 οὶκίαν,
1550 2171 1581 2203 τῇ
1597 2167 1659 2202 λαιᾲ
1677 2168 1722 2203 μέν
1737 2171 1783 2197 τῆς
1799 2165 1889 2198 δεξιᾶς

206 2217 302 2238 manu
316 2209 469 2236 dexteram
484 2207 548 2243 ejus
561 2209 675 2243 tenens,
687 2209 810 2238 dextero
825 2218 896 2238 vero
906 2210 1030 2242 brachio

208 2255 333 2283 dorsum
343 2253 368 2288 ej
374 2261 407 2281 us
418 2252 623 2288 circumdans;
639 2255 729 2290 atque
742 2262 778 2282 ex
789 2262 824 2282 eo
836 2257 969 2292 tempore
981 2257 1030 2286 illo

207 2299 307 2334 utitur,
329 2305 391 2326 non
410 2299 443 2325 ut
460 2297 604 2333 magister
623 2298 782 2334 discipulo.
802 2306 899 2335 neque
919 2303 952 2329 ut
969 2301 1031 2330 ﬁlio

207 2346 304 2380 pater,
326 2342 379 2371 sed
400 2344 545 2379 tanquam
569 2342 751 2371 nobiliorum
775 2346 951 2373 naturarum
979 2347 1031 2374 uni

207 2396 278 2417 cum
288 2387 466 2416 verecundia
478 2386 652 2421 accedebat,
665 2387 858 2417 Vehementer
866 2389 968 2426 ipsum
978 2391 1030 2420 ho-

207 2441 328 2469 norans,
342 2435 371 2462 et
378 2432 454 2460 sicut
462 2431 658 2460 conveniebat
667 2431 780 2460 colens.

245 2481 287 2507 51.
299 2477 449 2512 Quoniam
456 2483 527 2504 vero
538 2483 599 2504 non
609 2475 788 2512 expediebat
796 2477 951 2508 lucernam
963 2481 1030 2510 οὺς.

207 2523 296 2552 condi
311 2522 368 2551 sub
382 2520 485 2549 modio
497 2521 606 2556 (neque
620 2519 699 2549 enim
713 2529 808 2558 parva
827 2523 890 2552 haec
905 2524 1029 2554 calami-

206 2571 252 2597 tas
264 2569 327 2596 erat
345 2565 425 2594 fideli
440 2563 563 2602 populo,
579 2564 737 2600 profundis
752 2566 783 2594 in
796 2568 925 2597 tenebris
941 2569 1029 2598 ober-

205 2612 294 2646 ranti,
310 2614 340 2640 et
352 2610 481 2647 graviter
495 2607 581 2636 valde
605 2608 796 2646 prolabenti),
821 2619 876 2640 nec
907 2622 1029 2651 (equum

207 2658 271 2686 erat
280 2655 405 2685 omnino
420 2653 535 2683 obstrui
543 2653 656 2682 fontem
668 2653 751 2691 (dum
763 2655 848 2691 plebs
863 2658 1029 2689 Christiana

241 2724 253 2742 ⁸
263 2723 341 2752 Psal.
352 2731 438 2758 Lxxx,
448 2724 476 2751 7.

1086 2213 1218 2250 ἱκόμενος,
1235 2214 1330 2250 θατέρᾳ
1354 2210 1383 2238 δὲ
1413 2216 1462 2238 τῶν
1491 2209 1680 2238 νώτωνάὗτόν
1710 2209 1888 2247 ὃιαγκαλιζός

1086 2267 1170 2294 μενος,
1186 2260 1230 2283 καὶ
1241 2259 1270 2283 τὸ
1281 2256 1307 2288 ἐξ
1333 2256 1429 2283 ἐκείνου
1457 2257 1512 2283 οὗθ’
1535 2258 1568 2287 ὡς
1591 2257 1696 2292 μαθητῇ
1725 2254 1886 2289 παιδεντής,

1085 2302 1140 2329 οὗθ’
1157 2303 1189 2332 ὡς
1203 2304 1290 2338 πατὴρ
1306 2303 1384 2337 τέκνῳ
1399 2304 1533 2338 χρώμενος
1563 2298 1605 2336 ἦν⁹
1634 2302 1668 2332 ὥς
1696 2310 1748 2327 τινι
1778 2299 1810 2327 δὴ
1836 2305 1887 2326 τῶν

1085 2349 1235 2385 κρειττόνων
1264 2347 1363 2382 φύσιων
1392 2350 1551 2383 προσανείχε
1574 2348 1619 2372 καὶ
1647 2343 1684 2372 δι’
1709 2343 1803 2376 αἰδοῦς
1828 2344 1886 2382 ἦγε,

1085 2393 1168 2419 καὶτὰ
1178 2391 1278 2428 μεγὰ).α
1289 2392 1373 2428 ἐτίμα,
1384 2393 1428 2417 καὶ
1437 2392 1471 2422 ὡς
1479 2390 1546 2422 εἰκὸς
1557 2389 1705 2421 ἐτεϐἀζετο.

1120 2480 1166 2508 να’.
1180 2481 1250 2507 Ἐπεί
1266 2478 1291 2507 δ’
1311 2480 1357 2506 οὐκ
1377 2479 1458 2518 ἐχρῆν
1485 2479 1603 2506 ἐπιπλέον
1629 2480 1672 2506 τὸν
1697 2478 1796 2516 λύχνον
1826 2480 1888 2506 ὑπο-

1085 2526 1227 2563 κεκρύφθαι
1237 2527 1279 2552 τὸν
1303 2523 1429 2562 μέδιμνον
1452 2523 1526 2560 (οὐδὲ
1548 2526 1599 2561 γὰρ
1627 2521 1689 2550 οὐδὲ
1716 2526 1812 2562 μετρία
1835 2534 1888 2555 πως

1084 2569 1196 2596 ἐντεῦθεν
1224 2568 1254 2598 ἦν
1282 2571 1295 2599 ἡ
1323 2570 1407 2606 ζημία
1433 2573 1468 2605 τῷ
1493 2568 1592 2596 εὐσεϐεῖ
1618 2571 1662 2595 καὶ
1688 2569 1747 2604 Θείῳ
1777 2572 1886 2605 σχοινί-

1085 2614 1254 2652 σματι,ό›ςέν
1281 2614 1360 2651 βαθεῖ
1380 2619 1416 2650 τῷ
1444 2616 1529 2650 aurita:
1553 2614 1708 2650 πλανωμένῳ
1736 2615 1781 2639 καὶ
1814 2612 1886 2640 δεινὰ

1082 2661 1149 2687 πάνυ
1168 2660 1370 2698 προσπταίοντι)
1390 2662 1456 2696 μήτε
1479 2661 1530 2696 μήν
1553 2657 1697 2689 διαπαντὸς
1726 2660 1774 2688 τὴν
1797 2661 1884 2696 πηγήν
