1963 3084
253 142 309 170 875

855 136 1085 165 CONSTANTINI
1102 133 1343 163 ACROPOLITE.

1906 134 1949 172 se

252 203 359 240 pserit,
382 201 465 238 longi
491 200 636 237 temporis
663 199 829 236 prolixique
846 199 992 227 sermonis
1007 206 1085 234 opus

1145 207 1169 232 γε
1182 196 1372 234 συνεγράψατο,
1389 200 1491 234 μακροῦ
1509 198 1610 228 πάντως
1636 207 1682 223 του
1711 199 1814 233 χρόνου
1838 207 1891 222 και
1912 200 1949 222 rei

257 248 333 276 foret
347 255 497 284 exponere
514 255 520 274 :
537 246 627 281 igitur
641 253 739 281 neque
749 244 852 272 omnia
867 251 964 280 neque
981 243 1085 271 ordine

260 302 316 321 suo
340 293 450 325 dicam,
472 291 523 320 sed
545 298 643 328 pauca
667 289 845 321 admodum,
869 297 937 325 quae
960 288 1032 316 mihi
1055 288 1084 315 in

259 339 391 366 mentem
402 337 532 370 venient,
545 334 686 363 indicabo
699 343 705 361 ;
719 333 825 370 partim
841 336 870 361 ut
880 334 924 366 iis,
940 333 990 368 qui
1008 333 1084 368 ipsa,

257 383 322 418 jam
340 384 428 410 antea
441 382 598 412 noverunt,
609 379 785 406 memoriam
797 385 936 405 renovem
951 386 957 410 ;
978 377 1085 412 partim

260 429 372 455 utnota
386 426 494 454 faciam
506 425 611 461 iis.qui
624 432 728 451 eorum
744 422 944 457 cognitionem
956 421 1086 449 necdum

260 474 329 500 sunt
352 471 489 499 assecuti.
512 469 669 498 Exornavit
693 475 749 502 ego
773 468 905 503 primum
931 466 1086 494 concinuis

261 517 322 544 suis
329 515 468 544 melodiis
475 514 651 551 praeclaram
662 511 823 540 Salvatoris
828 511 1041 539 ressurectione
1046 518 1074 537 m
1079 531 1085 542 ,

260 561 419 597 idquenon
428 559 599 596 simpliciter
607 557 659 585 sed
669 555 827 584 multifarie
834 563 868 583 ac
875 555 1086 588 diversimode,

263 604 594 636 inventionevariarum
603 601 775 630 cantionum
782 599 1088 636 ,alternaqueearum-

262 653 332 680 dem
342 651 418 679 inter
429 657 460 677 se
470 647 643 676 mirabiliter
656 653 862 673 connexarum
872 644 1085 672 vicissitudine.

265 697 322 725 Sed
345 698 374 724 et
396 703 451 731 pro
467 692 588 729 reliquis
604 690 695 721 festis,
715 689 824 726 quibus
848 689 984 723 religiosa
1000 688 1086 725 plebs

263 742 471 775 congregatur,
486 744 581 765 unum
597 734 719 770 aliquod
730 733 785 761 sibi
798 741 971 769 proponens
982 741 1086 761 eorum

263 785 487 821 mysteriorum,
510 788 578 817 quin
594 779 738 807 Dominus
753 785 788 805 ac
802 777 973 813 redemptor
986 780 1087 806 noster

267 830 360 858 homo
385 827 482 855 factus
502 823 670 860 complevit,
693 821 823 858 plurima
842 829 937 857 eaque
952 822 1086 858 pulcher-

264 873 342 902 rima
355 869 535 907 composuit.
551 867 660 896 Deinde
684 866 773 894 etiam
786 868 956 893 sanctorum
972 873 1086 894 memo-
1101 875 1122 902 Β

264 918 324 946 riae
338 915 471 944 similiter
482 911 659 946 honestavit,
676 910 717 938 ita
731 912 764 938 ut
776 912 892 937 tantum
907 918 968 937 non
980 918 1086 937 omnes

265 961 304 990 ad
319 960 445 989 similem
461 958 555 986 zelum
569 955 684 988 evehat,
705 957 794 990 atque
809 954 848 982 ad
862 954 960 990 ipsam
981 962 1086 982 eorum

264 1005 460 1034 imitationem
483 1002 642 1038 disponat;
658 999 728 1027 facit
744 999 823 1026 enim
849 999 888 1026 ad
913 999 1086 1034 exemplum

264 1053 432 1086 martyrum
449 1053 620 1082 generosos
637 1045 810 1080 quicunque
829 1043 868 1070 ad
885 1043 1086 1070 concinendos

264 1097 431 1130 martyrum
444 1092 576 1127 hymnos
591 1088 779 1121 accesserint,
795 1091 823 1115 et
835 1087 873 1115 ad
888 1095 988 1122 omne,
1003 1087 1086 1123 quod

264 1142 415 1168 terrenum
431 1136 478 1165 vel
490 1133 610 1164 carnale
625 1135 677 1164 est,
692 1132 733 1159 sic
745 1131 876 1167 affectos,
891 1132 1087 1167 quemadmo-

264 1184 338 1212 dum
352 1183 372 1211 ii
386 1182 439 1218 qui
450 1181 512 1209 istis
525 1178 693 1214 superiores
719 1179 819 1203 sancte
832 1174 977 1212 vixerunt,
991 1184 1086 1212 quan-

266 1229 426 1263 docunque
455 1223 637 1253 laudatorias
661 1221 699 1248 de
713 1221 747 1248 iis
761 1221 913 1256 componit
937 1221 1011 1248 odas
1035 1221 1087 1257 qui

264 1275 356 1302 vitam
371 1273 412 1300 sic
432 1271 556 1307 egerunt
572 1276 578 1296 :
594 1274 705 1303 eosque
726 1266 788 1293 suis
807 1265 977 1300 gloriﬁcans
996 1266 1087 1294 canti-

265 1319 322 1347 bus
337 1317 411 1346 alios
424 1324 458 1343 ex
474 1314 550 1345 aliis,
574 1313 715 1340 canentes
736 1310 803 1338 dico
818 1313 847 1337 et
869 1310 1032 1342 audientes.
1049 1311 1086 1338 si-

265 1363 330 1391 mul
344 1369 449 1390 omnes
464 1359 503 1387 ad
526 1357 652 1385 meliora
666 1363 701 1383 ac
716 1354 862 1382 diviniora
886 1355 1020 1382 tansfert.
1038 1354 1089 1383 illa

263 1414 365 1444 porro,
381 1414 447 1442 quae
471 1403 554 1432 aliter
565 1400 672 1429 diffuse
693 1399 839 1435 exposuit,
854 1399 922 1435 quis
937 1399 1035 1427 valeat
1048 1399 1088 1427 si-

268 1452 390 1488 gillatim
402 1455 561 1478 numerare
579 1446 594 1473 ‘2

303 1499 346 1525 54.
361 1496 501 1524 Ceterum
523 1492 587 1520 hinc
607 1490 724 1526 aliaque
753 1488 913 1524 dimittam,
935 1489 1090 1525 quomodo

1140 241 1216 277 λόγου
1228 240 1347 277 δεόμεναι
1372 251 1425 277 ουχ
1451 241 1552 267 ἅπαντα
1578 243 1622 278 μὲν
1645 243 1713 268 κατὰ
1737 242 1848 279 ῥυθμὸν
1876 245 1949 267 είς-ειη

1140 296 1195 322 μεν,
1208 286 1292 321 ὀλίγα,
1322 284 1351 311 δὲ
1375 285 1442 318 λίαν,
1467 295 1512 311 και
1536 286 1586 312 ὃσα
1611 290 1654 312 νῦν
1684 287 1746 322 ἡμῖν
1772 286 1809 315 εἰς
1843 295 1949 321 μνημιςι

1140 328 1369 366 ’ἴῃιειδηλώσομεν⁷
1396 334 1473 356 τούτο
1495 332 1539 366 μὲν
1565 333 1623 360 τοὺς
1650 331 1800 367 φθάσαντας
1835 330 1949 356 ἐπεὶῦεὲῖ

1141 373 1388 410 ἀναμιμνήσκοντες,
1417 378 1494 400 τουτο
1524 373 1553 401 δὲ
1576 385 1621 400 και
1646 379 1699 405 τοῖς
1727 378 1808 411 μήπω
1839 384 1949 410 7:39:74-

1140 423 1224 455 χοῦσι
1242 419 1421 456 γνωρίζοντες.
1448 421 1547 454 Κοσμεῐ
1571 421 1617 456 μὲν
1648 423 1692 445 οὑν
1715 421 1748 444 τὰ
1770 423 1875 456 πρῶτα
1903 423 1949 449 τοὶς

1143 467 1284 500 στιχηροῑς
1302 463 1381 489 αὐτοῦ
1396 461 1567 499 μελῳδήμασι
1594 466 1640 493 τὴν
1669 468 1714 489 τοῦ
1735 467 1866 500 Σωτῆρος
1897 474 1949 498 ᾗτλμ

1142 506 1207 543 δρὰν
1226 507 1406 538 ἐξανάστασιν
1434 517 1478 533 χαι
1516 507 1568 543 οὐχ
1608 508 1695 538 ἁπλῶς
1728 509 1797 534 οὕτω
1842 512 1949 543 κοσμεῇ

1142 550 1284 582 πολυειδῶς
1301 549 1330 577 δὲ
1345 561 1390 577 και
1405 552 1535 585 ποικίλως,
1557 553 1638 588 μελῶν
1662 562 1689 578 τε
1711 551 1860 589 διαφόροις
1886 554 1949 587 sig-5

1144 605 1202 622 σεσι
1216 606 1260 621 και
1281 597 1437 632 θαυμαστῶς
1464 600 1524 626 οἰως
1547 595 1776 633 ἐναλλαττομέναις
1801 596 1949 632 ἐγγὰτηςιυ

1141 641 1189 666 κὰν
1203 645 1261 671 ταῖς
1270 640 1375 672 λοιπαῖς
1388 639 1417 667 δὲ
1429 645 1479 667 τῶν
1501 643 1678 678 πανηγύρεων,
1708 641 1745 678 ἐφ’
1774 642 1818 672 αἷς
1847 643 1862 667 ὁ
1883 642 1949 668 εὐτε·

1142 685 1188 715 ϐὴς
1210 685 1272 716 λεὼς
1291 685 1452 721 ἐνθεάζομιν,
1482 686 1506 712 ἓν
1529 696 1555 712 τι
1579 687 1680 716 πάντως
1704 687 1880 723 προτιθέντες
1906 692 1949 711 τῶν

1142 731 1238 767 ὅσαπερ
1252 731 1265 756 ό
1285 732 1424 761 Δεσπότης
1441 740 1485 756 και
1512 730 1622 762 Ῥύστης
1651 730 1863 768 ἐνανθρωπὴσας
1894 729 1949 756 διι-

1141 774 1259 808 τιτέλικε,
1304 784 1348 800 και
1386 776 1419 800 τὰ
1450 775 1538 800 εἰκότα
1570 775 1788 811 ἐπαγαλλόμενοι,
1814 775 1949 801 κάλλιστε

1141 828 1167 845 τε
1182 829 1226 844 και
1242 818 1351 845 πλεῖστα
1364 818 1490 850 ξυνέθετο.
1512 820 1580 855 Πρὸς
1600 817 1630 845 δὲ
1660 830 1706 846 και
1733 822 1843 856 μνήμας
1855 820 1949 855 ,ἀγίω

1141 867 1193 893 τοῖς
1224 864 1320 899 ὁμοίοις
1350 863 1473 900 λαμπρῶς
1505 866 1695 900 κατεκόσμησει
1725 866 1803 900 μόνον
1830 864 1881 889 οὖν
1906 864 1947 889 οὐκ

1141 907 1240 944 ἐπαίρει
1254 908 1351 937 πάντας
1378 909 1444 944 πρὸς
1470 907 1547 937 ζῆλον
1567 910 1611 934 τὸν
1640 908 1738 944 ὅμοιον,
1769 918 1816 934 και
1842 909 1949 934 ὑπώπι-

1141 962 1181 988 φει
1196 954 1260 988 πρὸς
1274 954 1320 981 τὴν
1333 951 1413 981 αὐτὴν
1425 954 1549 988 μίμησιν
1576 963 1620 978 καί
1646 954 1697 990 γάρ
1727 963 1781 983 πως
1806 951 1946 990 ἀνδρείως

1140 997 1232 1025 τίθησι
1253 998 1320 1022 κατά
1340 998 1472 1033 μάρτυρας
1485 1019 1492 1031 ,
1517 998 1541 1022 εἴ
1561 1007 1597 1033 τῳ
1619 997 1649 1023 ἂν
1667 999 1748 1033 τύχοι
1774 1002 1825 1023 τῶν
1847 999 1946 1034 μαρτύ-

1141 1051 1191 1078 ρων
1220 1043 1344 1077 συνείρων
1390 1043 1433 1066 τὸν
1463 1041 1631 1078 ὑμνητήριον·
1661 1052 1707 1067 και
1728 1044 1792 1079 πρὸς
1819 1042 1893 1068 ἁπαν
1920 1041 1945 1067 δε

1140 1086 1299 1122 προπαθείς
1325 1087 1449 1121 σαρκικον
1465 1094 1492 1111 τε
1517 1095 1562 1111 και
1576 1089 1676 1122 γὴἱνον,
1702 1088 1769 1112 κατὰ
1789 1089 1855 1117 τοὺς
1871 1088 1945 1115 ὁσίως

1141 1140 1186 1156 και
1197 1131 1259 1166 ὑπὲρ
1271 1131 1304 1155 τὰ
1323 1128 1388 1158 τῆδε
1410 1129 1567 1165 βιώσαντας,
1594 1133 1616 1156 εἰ
1642 1140 1694 1157 τινι
1721 1131 1798 1157 πάλιν
1826 1136 1882 1157 τῶν
1909 1133 1945 1157 οὗ-

1141 1184 1208 1200 τωσι
1236 1174 1372 1204 ζησάντων
1413 1176 1472 1204 τοὺς
1512 1175 1672 1212 αἰνετηρίους
1709 1177 1748 1204 εἴη
1780 1176 1946 1211 συνθέμενος·

1142 1229 1187 1244 και
1230 1220 1398 1256 καθωραίσας
1435 1222 1488 1249 τοῖς
1520 1220 1649 1255 ᾄσμασιν,
1680 1220 1772 1250 (ἥλους
1811 1220 1901 1250 ἁπλῶς
1925 1220 1947 1250 ἐξ

1143 1263 1223 1288 ᾶλλων
1246 1264 1303 1293 τούς
1327 1263 1349 1288 τ’
1369 1261 1491 1298 ᾅδοντας,
1521 1265 1579 1293 τοὺς
1601 1264 1622 1290 τ’
1647 1263 1846 1300 κάροωμένους,
1874 1274 1947 1301 μετα-

1143 1311 1221 1342 ποιεῖ,
1236 1318 1281 1334 και
1294 1309 1397 1344 σὺναμα
1411 1309 1508 1338 πάντας
1527 1310 1591 1345 πρὸς
1615 1311 1644 1334 τό
1669 1313 1786 1346 κρεῖττον
1813 1319 1862 1335 και
1886 1311 1946 1336 θειν-

1144 1363 1215 1391 τερον
1230 1352 1482 1389 μεταστοιχειοῖ,”Α
1499 1351 1522 1379 δ’
1541 1353 1577 1383 εἰς
1606 1353 1700 1384 πλάτος
1727 1353 1810 1384 ὓλως
1839 1354 1944 1387 ἐξέθετο,

1144 1399 1183 1428 τίς
1197 1398 1228 1422 ἄν
1238 1398 1304 1424 κατὰ
1314 1399 1390 1433 μέρος
1405 1396 1638 1433 ἀπαριθμήσαιτο;

1181 1485 1231 1514 vd“.
1247 1487 1332 1514 Ἐιέσω
1352 1485 1442 1514 romam.
1473 1486 1562 1523 (Ἀλλὰ
1589 1488 1652 1522 πῶς)
1680 1491 1795 1526 παρήσω
1820 1490 1882 1519 τοὺς
1904 1488 1944 1524 ἑγ-

266 1540 426 1579 praeteribo
441 1535 670 1566 encomiasticos
689 1541 853 1569 sermones,
869 1533 980 1570 quibus
1005 1542 1090 1561 vene-

1147 1533 1340 1567 κωμιαστικούς
1361 1534 1419 1562 τοὺς
1443 1533 1490 1562 τὰς
1523 1531 1682 1569 σεϐασμίους
1710 1533 1802 1570 ἑορτὰς
1831 1543 1945 1570 περικρο-

266 1586 370 1615 randaa
390 1583 563 1612 festivitates
583 1581 816 1611 circumsonant,
833 1579 945 1614 quique
964 1579 1001 1606 ad
1021 1579 1093 1606 divi-

267 1632 383 1659 niorem
393 1636 461 1656 vere
473 1626 688 1660 melioremque
704 1623 846 1651 choream
857 1622 1007 1651 invitant?
1017 1631 1093 1660 quo-

269 1675 361 1704 modo
376 1672 542 1702 transiliam
557 1670 670 1697 fontem
686 1667 814 1695 scientiae
829 1667 898 1694 inde
913 1669 1095 1699 emanantis,

271 1723 303 1748 ut
316 1726 379 1747 non
391 1717 495 1745 saltem
513 1715 542 1743 in
556 1713 681 1742 transitu
702 1711 809 1739 exinde
823 1711 962 1739 hauriam
977 1713 990 1740 ?
1004 1715 1037 1740 ut
1057 1713 1097 1741 ad

271 1764 393 1799 reliquie
429 1759 594 1788 festivitatis
626 1764 748 1784 cursum
780 1755 930 1783 robustior
959 1758 1097 1791 evadam,

272 1807 397 1845 quando
411 1813 458 1832 me
470 1803 597 1831 deﬁcere
609 1802 640 1829 in
651 1800 747 1828 stadio
759 1807 880 1827 sensero
896 1808 930 1827 ac
941 1800 1100 1837 desperare

274 1843 427 1881 coronam.
446 1850 519 1877 Cum
535 1846 613 1874 enim
626 1845 703 1872 illius
720 1843 853 1877 memini,
869 1849 1046 1879 evagantem
1057 1847 1099 1874 fo-

274 1905 323 1925 ras
347 1897 477 1923 mentem
493 1890 634 1920 continuo
649 1896 758 1917 revoco
773 1897 780 1919 ς
795 1896 863 1915 cum
892 1889 956 1924 ejus
976 1889 1101 1919 memini

274 1948 343 1969 vere
359 1938 455 1973 magis
469 1935 621 1965 rationalis
633 1933 746 1965 videor,
764 1933 829 1968 ipsa
844 1933 956 1961 ratione
969 1935 1099 1970 pruden-

274 1985 332 2014 tius
346 1984 389 2012 uti
412 1982 516 2011 valens
530 1990 539 2016 ς
564 1987 632 2007 cum
646 1979 711 2013 ejus
737 1977 869 2011 memini,
883 1982 1003 2014 repente
1018 1981 1097 2009 inve-

274 2030 340 2058 nior
361 2035 427 2056 esse
447 2025 561 2054 solidus
577 2031 638 2059 prie
665 2022 730 2050 aliis
758 2021 872 2049 cunctis
898 2023 1040 2058 theologis
1068 2028 1096 2053 et

273 2074 367 2104 multo
379 2072 434 2100 illis
444 2068 662 2103 intelligentior.
676 2067 719 2095 0h
729 2069 803 2102 quot
817 2068 1024 2102 mysteriorum
1040 2077 1094 2097 no-

273 2120 368 2147 titiam
383 2115 465 2145 brevi
478 2112 621 2149 temporis
637 2111 733 2148 spatio
748 2110 820 2138 mihi
836 2111 930 2139 sentio
953 2111 1070 2141 infundi
1085 2115 1093 2142 ι

273 2163 311 2190 ad
327 2163 472 2198 quantam
485 2158 594 2186 evehor
615 2155 892 2191 magnanimitatem
911 2156 917 2183 !
935 2156 1021 2185 Calco
1041 2159 1095 2186 hu.

272 2214 374 2241 mana,
390 2204 494 2232 scindo
507 2210 606 2231 aerem
618 2200 819 2229 humidiorem
836 2200 916 2228 hunc
930 2203 957 2228 et
969 2202 1094 2231 circum-

271 2251 372 2279 fusum
400 2253 495 2283 terrre,
523 2247 596 2284 quin
623 2248 651 2274 et
676 2245 801 2273 alterum
826 2245 976 2280 puriorem
998 2249 1094 2275 trans-

271 2295 378 2328 cendo,
394 2296 422 2322 et
436 2296 552 2321 tantum
565 2299 625 2319 non
643 2297 784 2325 procurro
798 2289 871 2316 ultra
882 2290 991 2318 anhera
1004 2294 1093 2327 atque

270 2340 310 2368 ad
324 2339 442 2367 tertium
462 2337 570 2365 caelum
593 2334 738 2370 pertingo,
764 2335 793 2360 ct
813 2340 881 2368 quae
896 2341 955 2361 non
971 2334 1039 2362 licet
1052 2336 1093 2364 lo-

270 2383 331 2420 qui,
349 2382 431 2410 eﬂ'ari
440 2382 560 2412 doceor,
572 2379 678 2414 plenus
688 2377 894 2404 enthusiasmo
905 2378 1093 2416 multumque

269 2428 386 2464 meipso
407 2426 513 2454 melior
537 2433 543 2452 :
568 2430 676 2459 parum
701 2421 781 2449 enim
807 2421 891 2449 abest
914 2423 987 2458 quin
1016 2424 1093 2452 illius

269 2481 361 2502 causa
375 2473 405 2499 in
422 2471 531 2499 coelum
544 2467 706 2497 ascendam
726 2467 865 2501 totusque
880 2466 998 2495 divinus
1020 2469 1093 2496 ﬁam

268 2522 297 2546 et
321 2518 410 2554 plane
433 2513 606 2552 spiritualis,
637 2514 725 2547 atque
748 2510 931 2545 intelligendi
956 2513 1092 2541 facultate

269 2563 394 2599 aequalis
405 2560 512 2596 angelo
523 2559 618 2588 factus
628 2557 741 2584 videor.
759 2556 842 2582 Uisco
853 2564 920 2591 quae
936 2557 974 2584 ad
988 2558 1093 2586 imma,

268 2607 386 2636 teriales
409 2604 592 2634 substantias
607 2601 763 2638 pertinent,
784 2602 812 2627 et
831 2601 985 2635 quomodo
1001 2610 1092 2630 nove-

268 2652 371 2680 narius
386 2651 495 2678 chorus
506 2649 545 2677 ad
558 2646 714 2676 trinarium
725 2644 893 2677 reducatur,
911 2649 999 2681 prout
1014 2647 1092 2675 ordi-

267 2699 356 2723 natus
380 2698 436 2728 est,
466 2699 616 2728 cognosco
638 2692 666 2717 et
693 2688 996 2722 admiror;insonant
1019 2691 1092 2719 mihi

267 2738 434 2767 inetfabiles
456 2745 560 2766 eorum
588 2733 767 2768 doxologiae,
783 2736 811 2761 et
832 2741 907 2769 pene
929 2735 1092 2771 compellor

266 2790 330 2811 una
350 2790 421 2811 cum
446 2782 481 2810 iis
509 2777 710 2808 divera'unode
737 2785 843 2806 canere
864 2782 954 2815 atque
967 2779 1093 2809 laudare

1148 1580 1265 1609 τούντας,
1280 1577 1304 1602 οἵ
1322 1574 1356 1605 δὴ
1372 1578 1435 1612 πρὸς
1450 1579 1558 1612 χορείαν
1587 1577 1792 1613 μετακαλοῦνται
1820 1579 1945 1614 θειοτέραν

1150 1622 1226 1650 ὅντως
1242 1631 1286 1646 και
1309 1623 1521 1657 xpsirrwa;ri1v
1554 1620 1584 1647 δε
1609 1625 1696 1657 πηγὴν
1718 1627 1771 1653 πὼς
1797 1622 1850 1659 ἆρα
1869 1633 1946 1659 παρπ-

1152 1664 1304 1702 δραμοῡμαι
1319 1670 1363 1695 τῆς
1384 1668 1504 1700 γνώσεως
1516 1674 1523 1699 ;
1537 1667 1552 1695 ἦ
1565 1670 1618 1696 πῶς
1633 1666 1696 1702 οὐχί
1720 1676 1767 1692 και
1789 1669 1818 1693 ἐκ
1834 1666 1946 1704 πάροδον

1152 1711 1247 1740 ταύτης
1269 1709 1418 1747 ἁρύσομαι;
1446 1712 1488 1736 ἶνα
1511 1720 1564 1741 πως
1586 1712 1651 1748 πρὸς
1677 1712 1719 1736 τὸν
1744 1711 1834 1747 ἐφεξῆς
1856 1711 1945 1748 δρόμον

1154 1755 1325 1791 άκμαιότερος
1363 1756 1462 1790 γέμωαι
1477 1776 1484 1790 ,
1521 1754 1690 1790 λεειποψυχῶν
1726 1753 1786 1781 ἰδού
1827 1758 1945 1792 eumve

1154 1809 1222 1825 σκων
1251 1800 1294 1824 τὸν
1323 1796 1438 1832 δίαυλον,
1470 1809 1515 1825 και
1548 1800 1715 1836 ἀπαγορεύων
1741 1802 1785 1826 τὸν
1821 1804 1942 1837 στέιρανον.

1153 1843 1232 1871 Ἀλλά
1258 1845 1307 1879 φὰρ
1325 1845 1455 1879 ἐμνήσθην
1483 1845 1588 1874 ἐκείνης.
1615 1854 1660 1870 και
1686 1849 1744 1870 νοῦν
1769 1848 1890 1882 παραυτά
1906 1848 1943 1871 τόν

1154 1889 1261 1924 θύραθεν
1287 1890 1453 1923 συναγήοχα·
1480 1888 1611 1924 ἐμνήσθην
1635 1887 1743 1924 ἐκείνης,
1769 1899 1814 1915 και
1838 1895 1872 1926 τῷ
1895 1893 1943 1916 ὠτι

1151 1932 1318 1969 λογικώτερος
1339 1931 1539 1969 ἁναδέδειγμαι,
1570 1934 1692 1970 χρῆσθαι
1718 1937 1885 1971 συνετώτερον
1910 1939 1942 1969 τῷ

1150 1976 1218 2012 λογῳ
1243 1975 1392 2012 δυναμενος’
1429 1976 1561 2012 ἐμνήσθην
1595 1979 1702 2012 ἐκείνης,
1730 1988 1786 2012 και,
1811 1980 1839 2004 τὸ
1859 1980 1940 2015 μεῖζον

1150 2023 1258 2056 πάντων,
1285 2020 1404 2056 ἀσφαλὴς
1445 2021 1561 2057 θεολόγος
1602 2023 1730 2058 παρευθὺς
1755 2023 1876 2059 εὖρημαι,
1897 2034 1938 2049 και

1147 2069 1299 2102 νοερὼτερος
1325 2063 1358 2094 δή
1382 2075 1437 2096 πως
1458 2067 1609 2102 γεγένημαι,
1634 2066 1667 2092 Ὠ
1693 2069 1782 2092 πόσων
1808 2067 1830 2093 ἐν
1856 2068 1937 2104 ἀκαρεῖ

1148 2112 1298 2146 μυστηρίων
1328 2110 1440 2141 ἠξιώθην
1456 2110 1495 2138 la?)
1519 2111 1552 2140 εἰς
1579 2112 1634 2137 οῐαν
1661 2114 1815 2140 χατήντηκα
1838 2113 1938 2148 μεγαλο-

1147 2165 1227 2181 νοιαν⁴
1243 2153 1386 2191 ὑπερπηδᾶν
1410 2157 1442 2180 τὰ
1471 2155 1628 2192 ἀνθρώπινα,
1655 2154 1793 2192 διασχίζω
1819 2159 1859 2183 τὸν
1881 2157 1938 2194 ἀέρα

1148 2209 1249 2225 τουτονι
1264 2201 1307 2225 τὸν
1328 2200 1465 2236 ὑγρότερον
1495 2210 1540 2226 και
1563 2203 1700 2237 περίγειον,
1728 2201 1870 2238 ὑπερϐαίνω
1892 2207 1936 2227 τῶν

1147 2245 1342 2281 καθαρωτέρων,
1369 2245 1431 2281 ὑπὲρ
1454 2245 1496 2270 τὸν
1525 2245 1616 2281 αἰθέρα
1643 2246 1690 2271 θέω
1712 2250 1818 2282 μικροῦ,
1838 2256 1879 2271 και
1906 2247 1935 2276 εἰς

1147 2291 1232 2325 τρίτον
1265 2288 1372 2325 οὐρανὸν
1406 2289 1502 2324 φθάνω,
1539 2300 1584 2315 και
1621 2293 1638 2316 ᾶ
1677 2289 1723 2316 οὐκ
1752 2289 1806 2321 ἐξὸν
1831 2290 1933 2319 λαλῆσαι

1147 2334 1253 2370 γλωσση
1281 2338 1407 2370 μυοῡμαι,
1437 2336 1480 2360 καὶ
1504 2334 1696 2371 ἐνθουσιασμοῦ
1717 2335 1871 2372 πληροῡμαι,
1893 2346 1933 2361 χαι

1147 2382 1239 2415 μακρῷ
1250 2380 1373 2415 κρείττων
1390 2377 1502 2414 ἐμαυτοῦ
1524 2381 1640 2415 γίνομαι·
1669 2382 1744 2415 μόνον
1772 2381 1820 2415 γὰρ
1844 2380 1886 2406 οὐκ
1909 2380 1931 2406 ἐν

1147 2423 1247 2460 οὐρανῷ
1269 2421 1316 2448 διὰ
1339 2424 1434 2452 ταύτης
1461 2422 1617 2460 ἀνέρχομαι,
1648 2433 1692 2449 και
1719 2425 1783 2453 θεῖος
1806 2424 1856 2455 ὁλος
1878 2426 1921 2450 καθ

1148 2470 1268 2500 ίσταμαι,
1285 2477 1329 2492 και
1353 2472 1410 2497 νους
1437 2468 1559 2504 ἄντικρυς
1578 2468 1749 2504 χρηματίζοι),
1774 2478 1818 2494 και
1837 2479 1929 2505 matr/s-

1146 2512 1243 2542 λοςτὴν
1271 2512 1419 2546 κατάληψιν
1444 2510 1644 2548 ἀναδείκννμαι.
1682 2513 1808 2539 Μανθάνω
1835 2516 1864 2540 τὰ
1888 2519 1929 2540 τῶν

1148 2555 1230 2581 ἀΰλων
1246 2556 1280 2586 ὠς
1296 2561 1430 2593 παρῆκται
1445 2555 1590 2592 δυνάμεων⁸
1606 2559 1649 2583 τὸν
1674 2555 1817 2583 ἐννεαδικόν
1836 2557 1861 2584 δι
1878 2560 1929 2584 ἀπιο-

1148 2610 1222 2636 σμον,
1249 2603 1292 2627 τὸν
1313 2604 1349 2632 εἰς
1367 2600 1503 2638 τριαδικόν
1534 2604 1715 2638 συναγόμενον,
1735 2605 1810 2638 μόνον
1831 2603 1876 2640 οὐχ
1899 2606 1928 2634 ὡς

1147 2644 1314 2672 διατέτακται
1339 2656 1383 2672 και
1410 2649 1530 2682 γινώσκω
1545 2657 1590 2672 και
1616 2648 1798 2683 ὑπεράγαμαι·
1828 2648 1927 2684 ἐνηχοῦ-

1146 2701 1194 2727 μαι
1207 2692 1254 2722 τὰς
1265 2691 1427 2728 ἀπορρήτους
1449 2691 1550 2717 ἐκείνων
1577 2690 1736 2727 δοξολογίας,
1751 2702 1794 2718 και
1821 2703 1869 2724 πως
1896 2691 1924 2722 δὴ

1148 2739 1338 2772 συνεπαίρομαι
1351 2739 1397 2766 τὴν
1418 2735 1502 2765 ἁπλῆν
1512 2735 1616 2774 Τριάδα
1634 2746 1679 2762 και
1694 2738 1773 2767 ὀντως
1798 2736 1926 2773 μοναδιιὴν

1147 2779 1278 2818 διαφόρως
1297 2780 1417 2818 ὼυμνείν
1444 2791 1490 2808 και
1513 2784 1642 2819 γεραίρειν
1667 2780 1823 2814 πολυειδῶς.
1841 2784 1925 2810 Ἐννοοῦ
