1963 3084
14 95 62 122 κει

627 91 662 121 ΙΝ
682 92 712 122 S.
730 91 828 121 JOAN.
848 91 1112 122 DAMASCENUM..

1648 94 1701 124 882

14 155 206 194 τρεσϐυτίροις
233 157 323 182 τοῦτον
368 154 569 191 συγκαταλέξαι,
596 156 640 182 καὶ
670 159 720 182 τῶν
749 156 819 182 κάτω

904 156 1017 191 usserit,
1029 156 1164 193 inquam,
1175 158 1207 186 ut
1214 157 1395 195 presbyteris
1407 158 1700 193 ascribatJoannem,

14 204 100 231 θύτην
118 202 272 237 μυστηρίων
291 199 423 227 ἐκτελέσαι
436 202 479 227 τὸν
507 204 556 227 τῶν
590 201 642 227 οῖνω
671 203 716 227 καὶ
745 200 819 235 οὖρα-

14 249 77 272 νίων
103 245 218 277 ἐπάξιον.
233 247 283 272 Καὶ
312 245 338 275 ὃς
352 247 426 282 χρίει
452 246 481 272 τό
509 246 594 281 τάχος
620 245 820 281 μιταπιμψάμι-

14 300 66 325 νος,
80 293 197 321 καὶτοῖς
216 291 357 327 ἱιροθύταις
381 290 527 323 συντάττιι,
544 292 575 320 ὡς
590 289 620 316 ἂν
647 288 681 319 δὴ
701 291 730 316 τὸ
754 291 822 326 μέγα

14 336 92 371 ἳῦμα
105 335 251 372 καλλιεροίη
267 336 394 372 Χριστόν,
421 336 449 361 τό
474 335 547 361 τυθὶν
578 336 623 371 μὶν
649 334 729 368 ἅπαξ,
761 335 821 361 θυό-

14 389 94 407 ιδνον
124 378 150 406 δ’
175 379 277 414 sicani,
304 380 367 416 ὑπὲρ
395 383 445 405 τῶν
471 379 541 411 ἅπαξ
569 381 614 415 μὲν
637 381 819 413 πεπτωκότων,

14 425 76 451 ιαθ¹
94 424 207 453 ἑκάστην
234 422 264 451 δὲ
298 421 522 460 διασαλευομένων
539 425 621 460 ἡμῶν.
642 426 674 450 Τί
698 422 728 450 δι
757 425 822 454 Θεὸς

14 471 60 496 ιιὲν
80 468 150 495 οὕτω
179 479 234 499 πως
262 470 364 505 ἔχρισε,
394 470 438 494 καὶ
460 469 542 500 οὕτως
570 467 706 502 ἀνέδειξεν,
734 468 821 495 ὁποῖόν

14 524 39 541 τε
54 513 117 550 εἶχε
134 516 179 540 καὶ
195 517 249 544 τοῖς
265 513 396 551 πόρρωθεν
412 511 572 542 διιδήλωσιν
589 521 595 547 ;
613 513 625 539 ὁ
642 511 666 540 δ’
690 513 821 550 ὀλιγὼρη-

14 569 68 592 τεν,
94 559 109 588 ἣ
125 559 281 594 καθυφῆχεν,
299 558 314 588 ἡ
344 562 390 588 τῆς
402 558 459 584 κατ’
482 557 575 596 ἀρετήν
596 559 732 589 συντονίας
758 557 822 589 ὅλως

14 603 170 639 ligatas»;
199 604 329 638 Οὕμινουν
356 600 489 638 οὐδαμῶς,
526 606 618 639 μακρῷ
649 603 700 638 γὰρ
729 602 821 628 πλείων

14 647 134 674 haec“
153 649 200 677 τὴν
227 648 375 684 προθυμίαν
397 647 487 684 ἐφάνη,
504 650 548 674 καὶ
567 647 652 684 πολλῷ
684 657 735 673 ¹τινι
763 648 822 684 θερ-

14 695 126 729 μότερος
155 693 198 718 τὸν
237 695 284 718 τοῦ
317 694 438 728 σώματος
465 693 639 728 ὑπωπιασμὸν
667 690 820 728 ἀνεδείχθη,

14 740 62 766 τήν
75 746 106 763 τι
121 738 277 763 ταπείνωσιν
306 736 474 773 ὑψηλότερος,
495 738 538 763 καὶ
570 738 635 773 πρὸς
661 740 748 763 πᾶσαν
777 736 822 763 ὀᾶ-

14 780 60 810 λην
90 780 188 819 ἀρετ-ην
218 780 394 818 ἀκμαιότιρος.
434 780 478 812 Ὠς
503 782 553 818 γὰρ
584 781 615 807 οἶν
647 790 686 811 τις
713 785 763 807 τῶν
790 782 823 807 τά

876 203 904 229 et
918 202 1057 238 supernis
1076 204 1166 239 atque
1181 203 1350 232 coelestibus
1369 204 1518 240 mysteriis
1543 204 1702 239 dignatum

875 246 993 274 ordient
1007 246 1046 274 ad
1061 254 1097 275 ea
1119 255 1187 283 quae
1211 247 1240 276 in
1266 249 1348 276 terris
1377 251 1530 284 geruntur.
1559 249 1608 276 llle
1630 255 1701 282 ergo

875 299 946 319 mox
960 291 1136 320 accersitum
1152 292 1278 328 inungit,
1294 295 1323 322 et
1337 293 1412 322 inter
1424 294 1592 323 sacerdotes
1614 293 1704 321 collo-

875 337 1401 372 cat,utmagnamhostiam,Christum
1415 338 1510 375 ipsum
1522 346 1636 374 nempe,
1650 337 1704 365 rite

875 383 1040 414 consecret,
1048 389 1115 416 quae
1124 382 1215 410 semel
1224 382 1380 412 immolata
1389 383 1563 412 immolatur
1569 382 1704 419 quotidie

876 433 930 462 pro
938 425 1037 460 nobis,
1045 426 1255 463 semelquidem
1264 426 1369 463 lapsis,
1377 428 1585 464 quotidievero
1594 427 1704 463 impelli

877 469 916 498 ad
929 470 1049 506 lapsum
1062 470 1165 499 solitis.
1182 472 1276 504 Quem
1288 480 1357 500 vero
1370 473 1414 501 sic
1429 472 1514 500 unxit
1527 474 1556 500 et
1571 472 1613 500 sic
1635 480 1702 500 eve-

875 515 918 543 xit
933 514 1020 549 Deus,
1035 516 1200 552 quantique
1214 516 1323 545 faceret
1333 517 1422 545 etiam
1433 517 1521 552 longe
1532 517 1637 553 positis
1652 517 1703 545 dev

876 560 1070 592 monstravit;
1082 568 1119 589 an
1128 561 1270 597 deinceps
1281 561 1477 597 negligenlius
1491 561 1560 597 egit,
1577 561 1703 590 remisit-

876 612 935 640 que
959 604 1136 633 industriam
1155 607 1184 633 et
1207 606 1285 634 circa
1311 606 1427 634 virtutis
1460 606 1702 634 exercitationem

876 649 1030 683 elanguit?
1041 649 1158 677 Minime
1169 657 1255 678 vero:
1274 650 1325 678 sed
1336 651 1442 678 exhinc
1451 651 1598 686 majorem
1608 651 1702 679 multo

877 693 970 721 animi
987 693 1169 722 alacritatem
1190 694 1332 723 adhibere
1358 696 1437 723 visus
1461 697 1527 729 est;
1548 696 1579 723 in
1600 695 1702 731 subju-

877 738 976 772 gando
991 746 1115 774 corpore
1130 739 1299 773 ferventior,
1315 740 1345 767 in
1361 748 1392 768 se
1407 740 1596 768 humiliando
1607 739 1702 767 subli-

877 783 963 818 mior,
976 786 1064 819 atque
1078 784 1114 811 ad
1127 792 1248 812 omnem
1268 785 1357 813 aliam
1379 785 1516 813 virtutem
1540 784 1701 813 robustior.

14 824 80 862 τῇδι
107 825 314 863 περιπολοῦντα-ιν
344 825 450 863 ἀρχεῖα,
479 825 595 862 μείζονος
618 825 708 857 ἐπιϐὰς
736 825 820 857 ἀξίας,

904 829 1047 856 ιουῑθηὶω
1063 837 1165 856 eorum
1179 829 1285 865 aliquis
1293 830 1345 866 qui
1357 833 1516 858 versantur
1527 831 1558 858 in
1579 829 1700 866 palatio,

14 870 196 908 ἐνεργέστερος
225 872 372 899 κατασταίη
420 872 464 896 καὶ
506 871 710 908 προθυμότερος,
751 872 820 908 εἳπιρ

15 915 129 951 εὐλόγως
143 916 210 951 πρὸς
231 919 277 942 τοῦ
308 917 477 951 τετιμηκότος
505 914 647 951 ἐγκριθείη,
674 917 718 941 καὶ
745 915 823 946 αὑτός

15 961 128 998 Ῥπρός
155 960 237 989 αὐτὴν
264 959 442 995 ὶπιλογὶσαιτό
471 960 496 986 οἱ
521 961 549 985 τὸ
580 959 750 996 ὀφειλόμενον,
777 962 822 986 καὶ

17 1008 45 1032 τὸ
71 1003 177 1031 δίκαιον
207 1004 356 1041 ἕπικρίνειὲν
373 1015 379 1022 ·
401 1006 436 1035 ὡς
467 1003 497 1031 δὲ
518 1007 563 1032 καὶ
586 1005 671 1038 οὗτος,
689 1007 754 1043 πρὸς
778 1009 823 1031 τοῦ

19 1051 70 1076 ἄνω
86 1049 229 1084 Βασιλέως,
249 1053 295 1076 τοῦ
319 1059 396 1086 μονον
423 1049 533 1085 ἀγαθοῦ,
550 1053 596 1075 τοῦ
620 1051 699 1085 μόνον
722 1049 823 1079 ἀλαθή-

20 1104 65 1121 του
80 1097 225 1129 Δισπότου,
241 1096 270 1121 τὸ
287 1098 333 1124 τῆς
362 1095 501 1130 ἱερωσύνης
529 1092 684 1130 δεδεγμένος
710 1093 822 1130 ἀξίωμα,

21 1141 50 1166 τὸ
64 1142 192 1175 μέγιστον
220 1138 374 1175 ἀξιωμάτων
403 1141 448 1165 καὶ
474 1141 640 1174 τιμιώτατον,
667 1140 710 1164 καὶ
736 1141 824 1175 μὸνοις

23 1188 74 1214 τοῖς
87 1185 159 1210 κατὰ
179 1185 223 1210 τὸν
238 1186 318 1220 μέγαν
333 1187 424 1210 τοῦτον
438 1185 503 1219 πρὸς
536 1182 657 1212 ἀλήθειαν
687 1183 824 1220 καταλαμ-

26 1228 163 1265 ϐανόμενον
204 1237 232 1255 τι
258 1231 304 1254 καὶ
345 1229 561 1264 συντηρούμενον,
603 1228 772 1265 εὐθνμότιρόν
798 1238 826 1255 τε

26 1278 70 1305 τῆς
84 1273 255 1309 λιιτουργιας
268 1272 416 1307 ἐπείληπτο,
438 1274 560 1310 καὶπρὸς
588 1274 635 1302 τὴν
661 1277 709 1304 τῆς
733 1272 825 1310 ἀρετῆς

28 1318 152 1356 ἆργασίαν
186 1320 373 1355 συντονώτερον
407 1316 571 1354 διεγηγερτο.
613 1317 683 1344 Ἀλλ’
724 1317 824 1355 ἐπείπερ

29 1364 91 1389 οὕτω
119 1365 253 1399 γενναίως,
300 1362 353 1398 οὐχ
380 1363 420 1389 ὅτι
438 1364 501 1400 πρὸς
530 1362 680 1395 πένταθλον,
709 1361 762 1388 ἀλλ’
790 1363 827 1394 εἰς

29 1407 169 1444 μνρίαθλον
200 1407 243 1443 (ὡς
280 1409 325 1433 καὶ
355 1408 463 1443 φάμενος
498 1406 589 1442 ἔφθην)
617 1405 824 1443 ἀποδυσάμενος,

30 1453 168 1488 θαυμαστά
182 1452 226 1478 οἷα
248 1450 427 1483 ὶπιδιίξαιτο-
448 1454 493 1477 καὶ
521 1452 561 1477 ὅτι
581 1461 612 1486 γε
637 1451 761 1480 πλιίστην
783 1450 828 1488 ἔμ-

877 873 901 901 si
911 873 950 901 ad
959 874 1105 909 majorem
1115 874 1282 903 ascenderit
1290 875 1474 910 dignitatem,
1486 875 1702 912 promptiorem

878 925 909 945 se
919 917 958 945 ad
969 918 1117 954 obsequia
1127 919 1255 953 exhibet,
1270 922 1302 947 ut
1321 919 1360 947 ab
1371 928 1407 947 eo
1417 920 1469 956 qui
1487 920 1587 956 ipsum
1607 920 1702 947 hono-

877 962 954 990 ravit
965 963 1114 998 judicetur
1135 963 1165 990 id
1184 964 1317 998 meritus,
1343 972 1444 992 secum
1469 965 1532 1000 ipse
1554 964 1702 992 rationem

877 1007 974 1035 iniens
984 1015 1045 1043 quo
1055 1009 1142 1044 pacto
1158 1008 1293 1036 debitum
1305 1017 1393 1036 suum
1403 1009 1481 1044 juste
1492 1009 1628 1037 exsolvat
1642 1017 1648 1036 :
1661 1009 1702 1036 ita

879 1052 967 1080 etiam
978 1053 1120 1087 Joannes,
1132 1061 1150 1080 a
1165 1061 1233 1088 rege
1262 1061 1378 1088 regum,
1395 1053 1458 1081 solo
1480 1054 1560 1081 bono
1583 1061 1617 1082 ac
1638 1052 1702 1081 solo

879 1105 949 1125 vero
964 1097 1087 1125 domino
1102 1100 1215 1132 nostro,
1249 1098 1407 1127 sacerdotii
1423 1099 1553 1127 donatus
1576 1098 1701 1130 honore,

878 1142 1014 1170 omnium
1025 1142 1174 1171 honorum
1184 1143 1316 1171 maximo
1326 1145 1354 1171 et
1363 1143 1634 1177 veneraliilisaimo,
1644 1144 1672 1170 et
1685 1149 1703 1170 α

880 1187 950 1215 solis
976 1187 1034 1223 ipsi
1060 1195 1163 1215 revera
1183 1187 1330 1216 similibus
1350 1187 1539 1224 suscipiendo
1560 1187 1704 1223 gerendo-

880 1240 948 1268 que,
972 1232 1140 1268 promptius
1165 1232 1324 1268 capessivit
1347 1233 1545 1261 ministerium
1572 1240 1705 1267 sacrum,

881 1280 971 1313 atque
991 1277 1030 1304 ad
1049 1277 1165 1305 virtutis
1183 1277 1296 1305 cultum
1328 1277 1498 1312 vigilantior
1529 1277 1705 1306 exsurrexit.

881 1322 1045 1358 Postquam
1056 1324 1155 1350 autem
1167 1330 1231 1349 sese
1243 1325 1303 1350 tam
1315 1330 1466 1357 generose,
1480 1329 1541 1350 non
1568 1322 1608 1350 ad
1636 1329 1707 1358 peu-

882 1366 1005 1395 tathlum
1018 1367 1062 1401 (ut
1073 1367 1211 1402 superius
1219 1367 1332 1395 dictum
1344 1370 1388 1395 est
1395 1372 1410 1400 l,
1421 1367 1471 1395 sed
1480 1367 1517 1395 ad
1526 1367 1706 1403 myriathlon

881 1411 1070 1447 praeparavit,
1095 1419 1188 1447 quam
1213 1411 1343 1439 maxime
1370 1411 1549 1440 admiranda
1579 1411 1709 1447 patravit

883 1456 1025 1490 facinora,
1043 1458 1198 1492 totumque
1213 1456 1243 1484 in
1257 1456 1301 1484 sui
1313 1456 1544 1484 admirationem
1559 1456 1708 1485 theatrum

30 1496 97 1523 ϐάλοι
110 1501 149 1532 τῷ
165 1497 262 1533 θιάτρῳ
275 1498 321 1526 τὴν
335 1495 456 1527 ἔκπληξιν
473 1506 479 1513 ·
495 1494 562 1525 ἦσαν
591 1494 621 1522 δὲ
638 1496 689 1533 ἄρα
713 1497 742 1522 τὸ
769 1496 826 1522 θέα-

904 1501 982 1537 1puit
997 1510 1002 1528 :
1018 1501 1165 1529 theatrum
1177 1508 1246 1528 vero
1259 1500 1426 1536 implebant
1436 1500 1562 1535 angelici
1576 1500 1706 1536 spiritus,

28 1551 83 1578 τρον
99 1543 166 1568 θεῖοί
178 1551 206 1568 τε
217 1542 372 1578 πληροῦντες
391 1541 505 1577 ἄγγελοι,
522 1541 546 1567 οἰ
572 1543 617 1567 καὶ
645 1544 695 1567 τῶν
725 1540 828 1577 ἀγώνων

31 1583 93 1614 ἦσαν
119 1589 213 1612 τοῦτον
240 1586 427 1622 ὑπερογάμενοι
458 1595 464 1601 ·
493 1586 538 1611 καὶ
565 1583 686 1621 δαίμονες
713 1587 830 1622 περιτρέ-

32 1639 127 1665 χοντες,
142 1630 226 1656 οἱκαὶ
244 1629 490 1666 ἁντικαθιστάμενοι
518 1630 603 1665 τούτῳ
631 1631 675 1656 καὶ
700 1629 829 1667 πολυτρο-

33 1685 82 1706 πως
110 1675 281 1709 ὰντεπιόντες,
313 1677 358 1701 καὶ
392 1674 587 1711 πολύμηχάνως
615 1674 828 1711 ἀντεγειρρμενοι,

33 1719 70 1750 οὓς
80 1723 125 1747 καὶ
150 1720 204 1756 οὐχ
228 1720 306 1750 ἧττον
335 1720 460 1756 εὐτέχνως
488 1719 503 1748 ἦ
529 1721 651 1755 γενναίως
686 1721 831 1755 κατηγωνί-

36 1773 92 1791 σατο
96 1786 102 1793 .

63 1828 109 1855 νϐ’.
124 1828 199 1855 Ἐπεὶ
219 1825 243 1854 δ’
260 1825 304 1854 οὖν
331 1827 398 1853 οὕτω
427 1830 510 1853 ταῦτα
539 1825 658 1860 διήνυτο,
688 1826 830 1864 ἀγέραστον

35 1869 189 1898 δ’ἐπιπλίον
215 1871 364 1898 καταλιπεῖν
392 1871 439 1897 οὐκ
460 1870 491 1900 ἦν
516 1871 590 1908 τάχα
613 1872 678 1908 πρὸς
702 1875 748 1897 τοῦ
776 1881 832 1898 στε-

36 1914 137 1951 γοδότον
155 1920 233 1950 Θεοῦ,
253 1917 280 1942 ὃν
306 1918 350 1942 καὶ
373 1915 533 1951 ἀγωνοθέτην
559 1915 758 1952 προύστήσατο,
785 1918 831 1942 καὶ

35 1962 92 1997 πρὸς
105 1962 131 1987 ὃν
146 1960 265 1998 ἀρχῆθεν
279 1960 389 1997 ἀφορῶν,
421 1960 513 1986 ἑαυτοῦ
531 1970 559 1986 τε
584 1961 714 1996 ὁσημέραι
738 1960 830 1987 πλείων

37 2004 133 2040 ἐγειιτο,
165 2009 219 2036 τοίς
258 2005 346 2036 ἄθλοις
380 2004 551 2042 ἀκμαιότερον
583 2004 731 2038 ἐπετείνετο,
760 2005 831 2036 τέλος

38 2047 63 2075 ra":
75 2053 116 2077 καὶ
130 2052 163 2078 τὰ
177 2050 280 2087 μεγάλα
295 2041 456 2084 διεπράξατδη
478 2051 521 2076 καὶ
549 2051 713 2086 κατώρθωσε.
741 2052 773 2075 Ti
802 2051 830 2076 τὸ

39 2092 139 2122 ἐντεῦθεν
161 2098 208 2122 καὶ
229 2097 329 2131 γίνεται
343 2103 349 2128 ;
365 2098 421 2122 Τῶν
445 2098 552 2131 μακρῶν
585 2093 719 2121 ἀναλαϐεῖν
753 2094 830 2121 ἐθέλει

38 2141 110 2165 πόνων
127 2143 200 2173 Θεὸς,
221 2142 265 2166 καὶ
287 2143 342 2171 τοίς
361 2142 420 2178 περὶ
441 2140 519 2166 αὐτόν
546 2139 641 2176 λογάσι
670 2139 831 2176 συγκαταλέ-

884 1546 1032 1582 ejusmodi
1047 1545 1261 1573 certaminibus
1277 1545 1344 1581 plus
1353 1553 1445 1581 quam
1456 1545 1514 1572 dici
1528 1545 1621 1581 possit
1630 1543 1709 1572 oble-

884 1591 954 1620 ctari
969 1591 1044 1619 soliti
1058 1600 1063 1618 :
1076 1590 1186 1618 diaboli
1198 1592 1297 1618 autem
1307 1589 1657 1625 circumcursabant,ipsi
1667 1596 1709 1616 re-

885 1636 1020 1664 sistentes
1040 1643 1075 1663 ac
1093 1635 1292 1670 multipliciter
1321 1636 1535 1670 repugnantes,
1562 1633 1650 1661 variis
1674 1641 1711 1662 ex

885 1681 1011 1708 adverso
1034 1679 1181 1708 machinis
1196 1679 1349 1713 adhibitis,
1375 1687 1452 1715 quos
1470 1679 1518 1707 ille
1537 1678 1631 1706 nihilo
1657 1677 1711 1707 mi-

885 1734 942 1754 nus
958 1725 1102 1754 industrie
1115 1731 1318 1760 generosaque
1328 1723 1494 1760 pugnando
1514 1722 1673 1760 superavit.

923 1827 964 1853 59.
980 1824 1101 1852 Talibus
1121 1823 1320 1860 perfunctum,
1336 1830 1398 1850 non
1413 1825 1476 1850 erat
1494 1830 1560 1859 par,
1583 1821 1712 1858 relinqui

885 1870 1133 1897 irremuneratum
1146 1876 1163 1895 a
1174 1869 1243 1901 Deo,
1259 1875 1349 1903 quem
1364 1867 1419 1895 sibi
1430 1869 1627 1903 proposuerat
1640 1874 1711 1901 ago-

886 1914 1050 1945 nothetam,
1065 1915 1094 1940 et
1112 1913 1142 1940 in
1160 1920 1250 1948 quem
1263 1913 1326 1947 jam
1342 1911 1411 1940 inde
1427 1920 1444 1940 a
1457 1911 1600 1948 principio
1616 1911 1711 1939 inten-

886 1961 943 1991 tus,
966 1958 1062 1994 seipso
1077 1957 1209 1993 quotidie
1238 1957 1329 1985 ﬁebat
1344 1957 1451 1991 major,
1481 1958 1510 1984 et
1532 1956 1569 1983 ad
1591 1963 1710 1992 pugnas

886 2003 988 2031 fortior
996 2001 1188 2038 procedebat,
1197 2002 1331 2029 maxima
1338 2001 1467 2037 denique
1474 2008 1565 2036 opera
1572 2000 1610 2028 ad
1618 2000 1711 2028 ﬁnem

885 2047 1061 2084 perducens.
1080 2046 1156 2079 Quid
1179 2045 1267 2080 igitur
1283 2047 1296 2073 ?
1311 2045 1442 2073 Prolixos
1457 2047 1521 2080 ejus
1534 2044 1653 2072 labores
1664 2052 1710 2071 su-

886 2092 997 2127 scipere
1019 2091 1114 2119 voluit
1139 2093 1224 2124 Deus,
1250 2098 1380 2126 eumque
1406 2090 1517 2117 sanctis
1539 2089 1600 2117 suis
1629 2096 1711 2116 asso-

886 2137 973 2168 ciare,
982 2135 1218 2164 acertaminibus
1225 2135 1374 2171 generosis
1381 2133 1708 2170 deincepsquieturum,

40 2183 84 2216 ξαι,
109 2188 221 2212 καὶτῶν
244 2189 374 2222 καρτερῶν
405 2184 509 2221 ἀγώνων
534 2183 726 2217 διαναπαῦσαι,
753 2188 826 2211 τοῦτο

904 2183 960 2210 icut
971 2184 998 2209 et
1011 2181 1086 2209 fecit.
1102 2181 1230 2217 Imperat
1241 2188 1311 2215 ergo
1327 2179 1543 2216 spectatoribus
1557 2187 1592 2207 ac
1608 2178 1711 2206 lauda-

41 2226 66 2254 δε
76 2232 118 2256 καὶ
130 2233 209 2257 ποιιῖ.
226 2233 316 2256 Τοίνυν
343 2232 386 2256 καὶ
416 2229 545 2266 ἐπιτρέπει
573 2233 627 2260 τοῖς
656 2233 705 2255 τῶν
725 2229 830 2265 ἀγώνων

42 2272 132 2305 θεαταῖς
157 2273 310 2310 ἀγγέλοιςῆ
339 2273 474 2309 ἀγασταῖς,
500 2276 545 2300 καὶ
571 2275 595 2300 οῖ
624 2273 744 2310 λαμπρὰν
767 2273 832 2310 λαμ-

41 2322 103 2353 πρῶς
116 2321 162 2348 τήν
176 2321 307 2357 μακαρίαν
331 2318 492 2355 ἀνειληφότες
507 2316 585 2345 τοῦδε
612 2317 717 2354 ψυχὴν,
738 2317 761 2350 ἔς
790 2318 828 2344 οὔ·

41 2365 121 2396 ρατιοὺς
136 2363 303 2401 ἀναφέρουσι,
317 2366 360 2390 καὶ
393 2367 450 2394 ταῖς
477 2367 527 2389 τῶν
560 2363 638 2399 ἁγίων
666 2363 771 2399 ψυχαῖς
791 2372 830 2389 σι-

42 2410 103 2437 πτῶς
125 2409 192 2444 ἄγαν
221 2409 491 2444 συγκατατάττονσιν,
523 2407 589 2434 Ἀλλ’
604 2409 666 2437 ἴσως
692 2407 721 2433 οὗ
748 2408 831 2444 μικρά

42 2458 76 2481 τις
100 2451 128 2477 ἂν
156 2453 353 2490 ἀμφισϐήτησις
394 2457 449 2483 τοὶς
475 2457 525 2478 τῶν
550 2452 631 2488 ἁγίων
646 2452 699 2479 ἐκεῖ
727 2462 831 2478 συνεπι-

43 2498 129 2523 πτώκει
141 2501 244 2535 χοροῖς,
263 2499 313 2527 ὅπη
334 2498 387 2524 τεό
414 2499 480 2528 θεῖος
496 2497 560 2534 ἀνὴρ
586 2497 660 2528 οὗτος
686 2496 829 2531 τετάξεται,

43 2538 100 2570 ἴσως
112 2539 136 2567 δ’
160 2542 189 2568 ἂν
204 2546 249 2569 καὶ
263 2545 339 2569 ποίου
355 2545 486 2580 προσταίη
503 2545 586 2578 χοροῦ
599 2546 649 2568 τῶν
664 2543 723 2578 περὶ
749 2543 826 2569 Θεόν.

42 2581 67 2608 ’Π
85 2586 126 2619 μὲν
149 2588 198 2623 γὰρ
227 2588 283 2624 ἱερά
301 2591 351 2613 τῶν
378 2588 516 2624 μαρτύρων
544 2586 650 2616 πληθὺς
665 2586 700 2617 εἰς
724 2586 832 2616 ἑαυτοὺς

45 2625 70 2651 ἀν
104 2631 294 2664 μιτεκαλοῡντο,
330 2630 419 2661 ἐπειδὴ
450 2634 495 2658 καὶ
519 2631 643 2669 λαμπρῶς
664 2631 730 2666 οῖγαν
757 2631 830 2661 οὗτος

46 2669 215 2712 ἀνωμολόγηκι
232 2679 278 2706 τήν
295 2676 427 2712 ἀλήθειαν,
441 2679 486 2703 καὶ
500 2680 596 2713 μικροῦ
609 2674 663 2703 δεῖν
674 2677 707 2702 τὰ
728 2677 832 2712 ἔσχατα

46 2718 154 2754 πέπονθε,
177 2721 224 2747 κάν
252 2721 286 2752 εἰς
301 2724 468 2759 μετριώτερον
496 2722 521 2747 οὶ
549 2722 627 2757 et,sz
653 2724 689 2755 τῷ
717 2721 832 2757 τυράννῳ

48 2758 190 2798 mirﬁcum,
218 2769 261 2793 καὶ
289 2766 436 2804 ἀφαιρεθείη
457 2769 538 2803 priva;
555 2770 602 2797 τῆς
634 2764 731 2799 δεξιᾶς,
760 2766 834 2801 τάχα

885 2227 1000 2256 toribus
1026 2226 1194 2254 facinorum
1214 2226 1278 2261 ejus
1293 2225 1417 2260 angelis,
1434 2227 1466 2252 ut
1488 2225 1609 2252 beatam
1630 2223 1710 2251 illius

886 2273 1020 2300 animam
1037 2279 1071 2299 ac
1086 2271 1240 2298 virtutibus
1252 2270 1440 2306 splendidam
1457 2269 1614 2305 splendide
1635 2269 1710 2296 acci-

886 2317 968 2353 piant
982 2316 1175 2352 deferantque
1189 2316 1218 2343 in
1232 2315 1350 2343 coelum.
1366 2315 1416 2343 llic
1431 2322 1502 2343 vero
1516 2322 1578 2342 non
1592 2313 1710 2342 medio-

885 2362 942 2390 cris
957 2361 1080 2389 forsitan
1095 2361 1204 2388 exstitit
1227 2360 1407 2388 concertatio
1422 2360 1498 2388 inter
1520 2359 1627 2387 choros
1644 2366 1711 2387 san-

885 2405 1145 2439 ctorum,ubinam
1162 2405 1281 2433 divinus
1295 2405 1338 2433 vir
1356 2405 1409 2433 iste
1434 2405 1591 2437 locaretur,
1608 2405 1636 2432 et
1650 2403 1710 2431 cui-

884 2460 956 2480 nam
967 2459 1080 2486 eorum,
1090 2451 1142 2486 qui
1153 2451 1211 2478 Deo
1224 2450 1374 2482 assistunt,
1391 2449 1487 2478 ordini
1499 2449 1709 2485 prceticeretur,

885 2497 998 2524 Etenim
1014 2495 1173 2523 multitudo
1194 2497 1360 2530 martyrum
1388 2495 1487 2530 ipsum
1501 2493 1647 2521 invitabat
1669 2493 1709 2520 ad

885 2549 926 2576 se,
942 2541 1013 2577 quia
1029 2540 1170 2576 praeclare
1198 2540 1293 2568 fuerat
1319 2539 1472 2567 veritatem
1497 2537 1652 2565 confessus
1681 2540 1708 2565 et

885 2589 1000 2615 tantum
1009 2593 1070 2613 non
1083 2588 1214 2613 extrema
1224 2592 1381 2621 perpessus
1393 2593 1399 2616 ;
1410 2583 1562 2619 quamvis,
1577 2581 1708 2610 emollita

887 2630 925 2659 ad
954 2630 1185 2658 mediocritatem
1201 2629 1318 2666 tyranni
1345 2627 1510 2659 iracundia,
1531 2627 1595 2654 sola
1621 2626 1709 2654 fuerit

886 2675 1007 2704 dextera
1024 2675 1156 2711 privatus
1173 2684 1179 2702 :
1196 2675 1247 2711 qui
1262 2673 1466 2702 verosimiliter
1488 2671 1599 2699 idcirco
1627 2670 1709 2699 diffe-

885 2719 1015 2751 rebatur,
1039 2727 1169 2755 superna
1184 2719 1317 2755 quadam
1344 2716 1542 2754 providentia,
1576 2723 1613 2744 ne
1641 2717 1710 2744 ante

886 2767 1004 2801 tempus
1020 2765 1076 2793 cito
1091 2764 1256 2793 auferretur
1272 2763 1313 2791 vir
1337 2765 1398 2791 tam
1427 2761 1562 2797 insignis;
1586 2762 1614 2789 et
1639 2762 1712 2789 tetas
