1963 3084
258 73 312 101 883

857 69 1085 99 GONSTANTINI
1104 69 1344 101 ACROPOLYI‘E.
1913 73 1941 100 88

258 138 364 164 nostra
376 135 543 171 privaretur
572 132 774 166 sermonibus,
799 140 877 168 quos
901 141 1086 169 componens

1147 143 1171 169 γε
1200 134 1294 160 οἷνωθεν
1326 134 1517 170 ἐπισχεθέντος,
1545 137 1579 166 ὡς
1617 137 1654 171 μὴ
1685 135 1716 161 ἂν
1747 135 1772 166 ἐξ
1807 135 1941 172 ἆνθρώπτ.

258 180 420 209 Ecclesium
432 179 536 206 Christi
547 177 627 205 velut
642 177 679 205 de
695 185 774 204 novo
786 177 925 205 fundaret
946 181 974 206 et
996 178 1087 206 mira-

258 224 356 252 biliter
382 223 559 251 adornaret:
584 224 689 250 utnon
709 222 819 254 dicam,
843 224 989 258 tanquam
1012 222 1088 250 exile

259 269 359 297 nimis.
371 268 455 304 quod
470 275 544 303 opes
558 270 587 295 et
601 267 717 301 generis
741 266 906 294 claritatem
930 267 1086 301 abdicarit,

259 313 415 349 quodjam
432 312 501 340 inde
512 321 529 340 a
546 319 639 348 puero
656 319 789 339 amorem
804 311 906 339 saeculi
919 320 937 340 a
950 319 982 339 se
992 319 1087 340 remo-

259 358 344 391 verit,
355 356 438 393 quod
455 356 545 384 simul
555 356 658 384 omnia
674 356 845 384 transitoria
857 356 940 384 nihili
957 357 1087 384 aestima-

259 402 306 430 rit.
319 402 374 434 Qui
388 409 458 429 vero
472 401 558 429 aliter
567 409 660 437 quam
677 399 744 428 fuso
769 401 915 436 sanguine
938 401 1083 429 stabilive-

259 449 329 474 runt
344 445 516 481 Ecclesium,
533 445 571 473 ad
586 453 617 473 se
627 445 710 473 illum
722 444 928 477 traducebant,
937 445 975 472 de
991 453 1087 481 eoque

257 491 325 527 jure
344 490 536 518 meritissimo
551 489 766 525 gloriabantur.
789 491 821 517 ut
848 490 901 524 qui
924 489 1004 517 circa
1025 489 1089 518 reli—

260 536 381 571 gionem
392 535 521 571 plurima
531 534 691 570 scripserat
700 534 915 570 docueratque.
935 534 977 562 llli
987 542 1087 570 porro,

260 581 313 617 qui
325 580 439 608 ﬂuxam
451 580 529 608 hanc
545 582 679 607 nostram
691 579 881 614 solutamque
901 579 1021 607 vivendi
1042 586 1088 607 ra-

261 626 372 653 tionem
379 624 567 657 dimiserunt,
581 623 744 652 solitariam
760 623 1016 659 austerioremque
1026 631 1089 651 am-

260 669 351 706 plexi,
362 668 511 704 numquid
526 669 591 704 ejus
606 668 746 696 societate
758 668 858 695 ornari
874 668 963 696 etiam
974 668 1030 703 ipsi
1039 668 1088 696 de-

261 714 444 747 siderabant,
464 713 555 749 idque
579 713 695 748 optima
715 720 751 740 ex
779 712 897 740 causa?
918 712 989 744 Quis
1009 712 1089 740 enim

261 759 360 794 magis
388 758 437 786 illo
467 757 614 785 saeculum
634 759 662 785 et
688 756 838 792 quidquid
861 757 892 784 in
914 756 1026 785 saecula
1044 760 1091 784 est

263 806 421 832 aversatus
433 805 486 837 est,
501 805 529 830 et
540 802 626 838 plura
641 810 676 830 ac
688 801 806 836 majora
824 801 970 836 despexit,
993 801 1089 829 nihili-
1106 813 1126 841 Β

261 856 321 885 que
340 848 464 876 omnino
483 846 652 881 aestimavit,
676 845 824 881 quidquid
842 845 976 882 plerique
995 845 1091 874 homi-

262 901 337 921 num
355 892 480 920 maximi
504 892 626 925 faciunt,
653 893 742 927 atque
767 890 797 918 in
823 890 888 918 sola
905 898 993 920 cruce
1009 890 1090 925 vixit,

261 938 363 968 nudus
377 937 501 968 omnino
515 936 648 966 Chistum
659 938 787 966 secutus.

299 1086 344 1112 60.
356 1083 498 1110 Existimo
515 1083 616 1109 autem
631 1080 712 1117 quod
730 1081 817 1108 etiam
834 1081 868 1113 is,
895 1081 947 1117 qui
970 1081 1091 1108 tonitrui

260 1128 342 1155 ﬁlius
354 1126 586 1161 cognominatus
596 1128 651 1159 est,
676 1127 798 1160 propter
826 1133 912 1152 suam
939 1125 1090 1160 grandilo-

262 1171 418 1208 quentiam
438 1173 466 1198 et
484 1170 648 1197 verendam
669 1169 792 1197 omnino
812 1169 1003 1204 theologiam,
1029 1177 1091 1197 non

263 1216 361 1243 solum
371 1214 518 1250 judicavit
531 1214 630 1250 ipsum
647 1221 749 1241 secum
770 1214 919 1249 sociisque
938 1214 1000 1242 suis
1020 1221 1092 1250 apo-

264 1260 349 1288 stolis
365 1259 503 1287 collocari
514 1258 623 1286 debere
635 1267 642 1286 :
660 1258 712 1286 sed
725 1258 755 1285 id
768 1258 859 1286 etiam
869 1258 968 1294 reipsa
989 1258 1092 1286 eﬂ‘ecc-

262 1305 309 1337 rit,
323 1304 454 1331 rationes
475 1303 515 1331 ad
532 1303 562 1330 id
584 1310 731 1339 perquam
753 1303 852 1338 justas
874 1303 1039 1335 adducens,
1064 1305 1093 1331 et

263 1347 488 1384 propemodum
506 1347 655 1383 aequalem
665 1347 721 1375 sibi
731 1348 879 1375 Joannem
898 1350 1091 1376 contestatus.

265 1392 405 1429 Nunquid
415 1393 496 1420 enim
511 1392 766 1420 studiosissimum
777 1391 858 1419 hunc
883 1392 982 1420 virum
1006 1393 1092 1428 juxta

266 1445 369 1466 secum
379 1445 445 1465 esse
456 1436 630 1471 theologum
641 1437 880 1464 demonstravit?
889 1437 1027 1473 nunquid
1034 1437 1092 1464 vir-

266 1483 387 1518 ginem?
396 1482 534 1518 nunquid
547 1482 759 1518 mysteriorum
771 1489 789 1509 a
799 1484 909 1510 saeculo
919 1482 1091 1510 abditorum
1107 1494 1127 1522 ο

264 1535 446 1564 praeconem,
463 1530 606 1555 eteorum
621 1534 689 1563 quae
721 1527 882 1562 postremis
905 1526 1092 1562 temporibus

264 1573 344 1600 circa
353 1580 410 1599 nos
426 1574 553 1606 agentur
567 1571 730 1599 ferventem
743 1570 970 1606 praedicatorem
979 1572 993 1599 ?
1006 1570 1092 1604 Quod

264 1617 289 1645 si
301 1625 363 1645 non
378 1617 514 1645 recubuit
527 1623 619 1652 supra
633 1618 736 1652 pectus
750 1615 877 1648 Domini,
892 1615 1041 1651 acquievit
1050 1618 1092 1643 ta-

264 1670 334 1690 men
349 1662 449 1689 verbis
465 1661 593 1694 Domini,
609 1663 699 1696 atque
711 1661 819 1688 exinde
846 1661 935 1688 etiam
951 1661 1015 1697 ipse
1030 1663 1093 1689 tan-

266 1714 360 1743 quam
375 1714 391 1733 e
406 1706 486 1733 fonte
502 1705 678 1733 inexhausta
693 1705 848 1740 copiosam
864 1705 964 1733 hausit
977 1705 1093 1741 sapien-

267 1752 349 1779 tiam.
369 1749 397 1777 Si
411 1749 574 1785 purissima
588 1749 638 1776 Dei
654 1750 742 1776 Mater
756 1749 783 1776 ei
796 1749 1008 1777 commendata
1031 1757 1093 1778 non

268 1796 313 1823 est
322 1794 398 1827 (huic
405 1793 483 1821 enim
492 1795 524 1820 ut
537 1792 601 1820 aliis
611 1792 798 1828 temporibus
808 1796 973 1828 agerentur.
981 1801 1095 1828 magna

269 1840 360 1874 atque
370 1836 555 1865 inscrutabili
566 1836 617 1863 Dei
628 1835 817 1871 providentia
827 1836 1020 1865 constitutum
1031 1837 1093 1871 fuit,

268 1891 324 1911 nec
339 1882 404 1917 ejus
427 1881 547 1909 fuerunt
575 1881 687 1913 saeculi,
715 1881 802 1915 cujus
826 1884 927 1910 noster
952 1885 1094 1915 sanctus),

270 1925 515 1954 commendatam
532 1928 632 1952 tamen
646 1925 701 1952 sibi
715 1925 822 1953 habuit
833 1926 898 1961 ejus
912 1934 1047 1959 causam,
1068 1929 1097 1954 et

269 1971 431 2007 ipsammet
445 1970 476 1996 in
489 1969 550 1996 suis
566 1977 730 1996 numerans
745 1970 901 1998 exornavit
917 1980 923 2005 ;
938 1978 1036 2006 neque
1051 1979 1097 1999 so.

270 2015 333 2044 lum
344 2015 408 2052 ipse
423 2013 516 2042 multa
529 2022 596 2042 eam
612 2016 655 2041 est
667 2015 832 2042 reverentia
846 2018 1032 2050 prosecutus,
1045 2016 1098 2044 sed

270 2060 360 2088 etiam
376 2059 456 2087 hunc
474 2057 614 2085 affectum
628 2058 755 2094 ingessit
769 2058 919 2087 omnibus.
937 2059 966 2087 Si
981 2059 1007 2087 ei
1035 2067 1098 2088 non

271 2104 394 2138 contigit
407 2102 464 2130 sub
479 2110 565 2130 cruce
578 2103 749 2134 consistere,
779 2111 899 2132 crucem
924 2107 1024 2132 tamen
1047 2105 1098 2133 ad-

272 2147 383 2176 amavit
399 2149 427 2174 et
446 2146 549 2182 quoad
574 2147 644 2175 vixit
662 2155 724 2182 prae
744 2147 837 2175 oculis
858 2148 972 2182 habuit,
996 2150 1098 2176 lesum

271 2192 377 2220 mortis
391 2192 570 2220 damnatum
592 2192 720 2227 intuens,
737 2195 765 2220 et
778 2193 893 2221 nudum
919 2194 949 2221 in
977 2201 1014 2222 ea
1027 2202 1098 2230 pen-

273 2237 393 2265 dentem
402 2236 584 2264 Salvatorem
592 2245 660 2264 cum
673 2238 818 2266 memoria
826 2238 975 2274 passionis
983 2239 1057 2274 ejus,
1069 2241 1098 2267 et

273 2281 443 2309 communis
459 2281 632 2309 salvationis
648 2289 701 2317 per
715 2289 784 2309 eum
801 2284 935 2318 patratae,
954 2282 1033 2310 unde
1046 2291 1096 2310 ex-

272 2326 420 2354 citabatur
438 2326 477 2354 ad
494 2334 604 2362 corpus
616 2326 713 2360 magis
727 2326 928 2361 subigendum
941 2327 1097 2363 subjicien-

272 2371 406 2406 dumque
417 2370 542 2406 spiritui.
560 2370 715 2404 Caaterum,
728 2370 770 2397 uti
783 2370 837 2397 soli
861 2371 920 2398 Deo
944 2372 1098 2408 Deumque

272 2415 533 2444 circumstantibus
551 2417 657 2442 notum
673 2417 726 2447 est,
738 2422 777 2442 an
791 2414 845 2442 iste
855 2423 924 2442 cum
936 2416 1024 2444 sociis
1037 2417 1097 2444 sive

271 2461 347 2489 alius
371 2468 407 2488 ex
436 2459 537 2488 divino
562 2459 664 2492 choro,
692 2467 761 2486 eum
786 2459 843 2486 sibi
867 2459 1016 2488 vindicare
1049 2469 1098 2489 cu-

270 2505 365 2542 piens,
382 2504 614 2541 praerogativam
628 2502 727 2530 tulerit
741 2511 759 2530 a
774 2504 863 2531 totius
879 2511 978 2532 causa:
997 2505 1098 2533 diribi-

270 2553 333 2578 tore
347 2550 416 2579 Deo.
431 2548 471 2576 ita
481 2556 517 2576 ex
535 2548 572 2575 iis
596 2555 665 2583 quae
692 2546 824 2574 diximus
849 2556 975 2584 quaeque
1003 2549 1096 2578 multo

269 2593 356 2629 plura
369 2591 612 2628 prtetermisimus
633 2590 823 2618 manifestum
852 2594 942 2628 atque
972 2593 1096 2622 certissi-

269 2645 353 2666 mum
368 2638 420 2669 est,
435 2635 516 2672 quod
532 2643 549 2662 a
566 2636 625 2663 Deo
640 2634 802 2663 collocatus
829 2635 867 2664 sit
879 2636 955 2665 inter
966 2645 1017 2666 eos
1044 2638 1096 2675 qui

268 2681 397 2717 proximi
408 2680 465 2708 sibi
478 2679 633 2708 assistunt.

303 2728 346 2755 6!.
368 2726 450 2754 Nunc
460 2731 516 2759 age
531 2723 640 2758 chorus
650 2723 748 2752 omnis
752 2723 914 2770 justorum,
929 2733 1050 2768 oremus
1065 2729 1093 2761 et

1142 181 1192 215 πρὸ
1206 179 1274 215 ὧρας
1288 179 1364 204 καλὸν
1384 181 1493 214 γένοιτο,
1509 182 1553 205 καὶ
1586 180 1723 216 στερηθείη
1738 179 1833 215 λογων
1854 181 1869 205 ό
1891 179 1937 215 pio

1143 223 1187 254 οὓς
1205 223 1283 260 ἦμελε
1297 225 1398 255 συνθεὶς
1413 224 1449 255 εὶς
1481 227 1561 250 νεωτα
1587 225 1709 261 στηρίξαι
1733 234 1761 251 τε
1790 224 1890 254 καλῶς
1917 228 1941 251 τὶ

1143 267 1298 297 Ἐκκλησίαν
1330 272 1447 305 Χριστοῦ
1482 271 1527 295 καὶ
1558 273 1762 305 κατακοσμῆσαι
1796 270 1941 305 θανμασιο

1142 322 1217 339 rara.
1233 315 1332 349 Μικρὸν
1345 315 1394 351 γὰρ
1408 315 1474 350 πρὸς
1489 312 1553 340 τάδε
1566 313 1678 340 πλούτου
1705 323 1732 340 τε
1763 316 1941 350 μνημονεύῃ

1142 360 1186 383 καὶ
1211 360 1377 394 περιφανείας
1400 358 1479 394 λέγειν
1511 358 1657 396 ἀφαίρεσιν,
1683 360 1723 385 ὅτι
1740 361 1790 385 καὶ
1828 358 1941 395 ἄπρατοι

1141 411 1194 437 γως
1207 403 1272 439 πρὸς
1290 403 1324 428 τὰ
1353 401 1419 439 τῇδε
1450 402 1478 428 ἔκ
1493 401 1587 433 παιδὸς
1600 403 1673 434 εὐθὺς
1688 402 1754 439 εἶχε,
1770 406 1828 429 καὶ
1862 403 1941 434 nimii:

1141 456 1226 472 παντα
1240 451 1286 472 τοῦ
1305 445 1416 483 μηδενὸς
1435 447 1520 478 ἠξίου,
1534 449 1568 473 Oi
1593 457 1621 474 τε
1639 446 1674 477 δὴ
1701 448 1787 479 ἄλλως
1826 451 1881 477 τὴν
1911 449 1941 474 Ἐ

1142 490 1252 519 χλησίαν
1282 491 1445 528 στηρίξαντες
1471 493 1535 528 πρὸς
1561 492 1666 522 ἑαυτοὺς
1692 492 1722 518 ἂν
1741 493 1903 528 μεθίστωνρ
1919 503 1941 517 χι

1141 535 1174 560 τὰ
1202 535 1289 561 εἰκότα
1317 535 1514 572 ἐπεσεμνύνοντο
1547 538 1613 562 πάνυ
1637 546 1666 571 γε
1697 538 1731 567 ὼς
1749 536 1878 563 πλεῖστα
1903 547 1941 573 περ

1143 579 1275 610 εὐσεϐείας
1288 583 1332 606 καὶ
1360 580 1577 617 συγγραψάμενον
1602 583 1646 606 καὶ
1673 579 1846 612 διδάξαντα.
1876 583 1909 607 Ti
1932 580 1941 606 ἆ

1143 627 1188 650 καὶ
1203 625 1284 650 οἰτόν
1299 625 1378 661 ὑγρὸν
1390 628 1434 650 καὶ
1462 624 1595 661 λελυμένον
1621 627 1664 651 τὸν
1689 626 1823 662 ἡμέτερον
1856 635 1941 652 τουτσι

1145 668 1202 704 βίον
1231 668 1444 705 ἀποστερξαντες,
1483 672 1527 695 τὸν
1558 668 1583 696 δ’
1605 669 1728 706 ὶρημυιόν
1758 670 1888 706 ἑλόμενοι
1915 680 1941 695 ιε

1144 715 1324 750 τραχύτερον;
1344 714 1392 740 οὐκ
1416 714 1446 739 ἂν
1462 712 1496 743 δὴ
1530 713 1775 749 ἐγκαλλωπισθῆναι
1808 718 1860 740 καὶ
1887 715 1941 740 οὗτο

1147 759 1320 793 συνταχθὲντι
1336 761 1424 794 σφίσιν
1453 759 1608 788 ἠσπάσαντο
1623 768 1629 793 ;
1647 761 1697 786 Καὶ
1724 759 1802 791 μάλα
1832 759 1867 785 ἂν
1894 760 1941 785 rixo

1145 812 1192 832 τως
1204 811 1209 817 ⁸
1226 805 1266 833 τίς
1280 805 1324 828 καὶ
1338 804 1389 839 γὰρ
1409 801 1486 829 τοῦδε
1500 802 1595 839 μᾶλλον
1618 805 1661 829 τὸν
1689 803 1748 839 βίον
1778 807 1832 830 καὶ
1863 806 1897 829 τὰ
1912 813 1941 828 τε·

1147 846 1208 883 βίον
1223 846 1413 884 ἀπέστραπται,
1433 850 1478 873 καὶ
1506 847 1584 873 πλείω
1603 850 1648 874 καὶ
1672 848 1756 884 μείζω
1780 851 1941 885 περιεώρα

1146 894 1191 919 καὶ
1217 891 1303 922 ἁπλῶς
1335 895 1380 918 τοῦ
1408 890 1522 928 μηδενὸς
1549 891 1713 929 διακέκρικεν
1742 892 1813 924 ἄξια
1843 894 1879 918 τὰ
1906 896 1941 918 rei

1145 935 1249 968 πολλοῖς
1282 940 1416 974 τιμώμενα
1442 940 1489 962 τοῦ
1521 938 1625 970 παντὸς,
1653 939 1698 963 καὶ
1726 939 1802 973 μόνῳ
1829 937 1940 967 συνέζηκ

1145 987 1182 1018 τῷ
1199 986 1314 1020 σταυρῷ,
1344 983 1442 1019 γυμνὸς
1481 981 1600 1009 ἁπάντων
1640 981 1886 1014 κατηκολουθηκὼς
1918 986 1941 1017 τι

1146 1031 1253 1065 Χριστῷ
1270 1036 1277 1062 ;

1182 1072 1214 1104 ξ’.
1228 1072 1312 1109 Οἶμαι
1326 1071 1352 1098 δ’
1371 1074 1406 1104 ὡς
1419 1076 1465 1099 καὶ
1489 1073 1564 1104 αὐτὸς
1577 1075 1591 1099 ό
1620 1073 1731 1110 βροντῆς
1755 1075 1819 1105 υἱὸς
1847 1081 1941 1109 μετονο-

1145 1118 1251 1154 μασθεὶς
1272 1116 1320 1144 διὰ
1333 1119 1381 1146 τὴν
1395 1117 1544 1155 ἠψηγορίαν
1567 1119 1670 1149 πάντως
1695 1120 1740 1144 ιαὶ
1768 1120 1820 1147 τὴν
1845 1120 1941 1154 φρατίβ

1146 1162 1276 1198 θεολογίαν
1289 1162 1342 1198 οὐχ
1361 1163 1427 1192 ὅπως
1442 1162 1472 1188 ἂν
1485 1163 1566 1198 ἐαυτῷ
1592 1165 1636 1189 καὶ
1652 1166 1704 1192 τοῖς
1730 1163 1793 1188 κατ’
1821 1163 1900 1188 αὐτὸν
1922 1170 1941 1186 -ι

1146 1209 1190 1233 ιαὶ
1206 1209 1253 1233 σὺν
1265 1207 1336 1242 αὐτῷ
1352 1207 1577 1242 συγκαταλεγῆναι
1602 1211 1702 1243 χρῆναι
1729 1211 1827 1233 τοῦτον
1853 1206 1940 1243 ἐπέκρι-

1145 1261 1184 1278 νιν
1203 1251 1286 1278 -ἁλλὰ
1308 1254 1353 1278 καὶ
1380 1250 1415 1277 δι’
1443 1253 1519 1289 ἔργον
1543 1251 1573 1278 ἆν
1601 1251 1761 1287 ἐπεποιήκει,
1788 1255 1837 1278 καὶ
1862 1252 1940 1286 λιν-νοις

1147 1296 1266 1332 εὐλόγους
1293 1295 1453 1332 ὶπενηνόχει,
1493 1299 1538 1322 καὶ
1561 1300 1657 1333 μικροῦ
1681 1296 1883 1334 ἐπεμαρτύρατο
1901 1298 1936 1323 τήν

1149 1341 1266 1370 ἰσότητα.
1280 1340 1313 1367 Ἠ
1334 1342 1385 1378 γὰρ
1411 1341 1441 1367 οὐ
1471 1339 1578 1371 δεόντως
1597 1340 1689 1378 ἀκριϐῆ
1721 1344 1769 1368 καὶ
1798 1345 1891 1368 τοῦτον
1913 1342 1938 1369 ὡς

1147 1385 1236 1412 ἑαυτὸν
1255 1386 1372 1421 θεολόγον
1397 1387 1584 1422 «epici-non;
1612 1396 1641 1412 ου
1667 1387 1820 1422 παρθένονς
1847 1386 1876 1412 οὐ
1897 1389 1936 1411 τῶν

1146 1433 1196 1467 πρὸ
1235 1431 1333 1456 αἰώνων
1373 1433 1526 1467 μυστηρίον
1564 1430 1716 1469 ἆκφάντορα,
1760 1434 1809 1457 καὶ
1835 1435 1884 1457 τῶν
1914 1429 1936 1455 ἇς

1147 1475 1267 1511 ἐσχάτων
1279 1478 1325 1502 καὶ
1348 1473 1385 1501 δι’
1408 1477 1475 1511 ἡμᾶς
1498 1474 1655 1513 διαπρύσιον
1680 1478 1715 1507 ὡς
1740 1475 1848 1507 ἀληθῶς
1870 1476 1935 1511 κήρυ-

1147 1529 1199 1553 κα;
1213 1520 1243 1546 Εἰ
1259 1518 1288 1546 δι
1302 1522 1396 1556 καὶμὴ
1422 1520 1464 1546 επὶ
1487 1523 1516 1546 τό
1539 1525 1585 1547 τοῦ
1608 1524 1704 1558 Κυρίου
1731 1522 1834 1551 στῆθος
1860 1519 1936 1546 ἀναπι-

1149 1568 1200 1590 σὼν
1214 1566 1316 1600 ἔτυχεν,
1330 1564 1394 1590 ἀλλὰ
1407 1569 1462 1596 τοῖς
1476 1568 1522 1591 τοῦ
1541 1567 1637 1602 Κυρίου
1667 1565 1756 1601 λύγοις
1770 1565 1933 1595 ἀνεπαύσατο,

1147 1608 1264 1635 κάκεῖθεν
1282 1607 1316 1638 δὴ
1331 1612 1375 1635 καὶ
1389 1609 1465 1640 οὗτος
1491 1611 1526 1640 ὡς
1550 1609 1576 1640 εξ
1604 1609 1731 1636 ἁκενώτου
1759 1613 1847 1645 πηγῆς
1870 1607 1934 1642 δαψί-

1148 1654 1198 1685 λὼς
1209 1655 1276 1690 ἄγαν
1301 1656 1347 1683 τὴν
1363 1663 1455 1690 σοφιαν
1484 1654 1601 1690 ἠρύσατο
1617 1661 1624 1668 ·
1641 1654 1662 1681 εἱ
1689 1657 1725 1691 μή
1749 1657 1799 1684 τὴν
1820 1655 1932 1688 πάναγννι

1149 1698 1313 1735 ἐνεχειρίσθη
1328 1700 1373 1724 καὶ
1393 1701 1546 1735 Θεομὴτορα
1564 1698 1613 1734 (ἐπ’
1638 1699 1724 1730 ἄλλοις
1745 1701 1798 1736 γὰρ
1824 1698 1933 1725 διοικονον

1149 1744 1265 1780 μηθὴναι
1290 1747 1372 1769 ταῦτα
1397 1747 1449 1774 τοῖς
1471 1746 1578 1780 χρόνοις
1599 1746 1662 1781 πρὸς
1693 1748 1741 1775 τῆς
1765 1744 1876 1781 μεγάλης
1897 1743 1931 1767 καὶ

1149 1788 1332 1817 ἁκαταλήπτου
1365 1790 1488 1825 Προνοίας
1515 1787 1665 1826 ἀφώριστο,
1689 1799 1735 1815 και
1765 1789 1795 1816 οὐ
1822 1798 1866 1815 του
1878 1786 1931 1813 κατὰ

1148 1834 1192 1858 τὸν
1205 1835 1285 1868 μέγαν
1300 1836 1390 1858 τοῦτον
1406 1831 1473 1862 ἦσαν
1492 1834 1606 1869 καιρου),
1632 1832 1685 1859 ἀλλ’
1713 1831 1758 1860 οὖν
1785 1844 1829 1860 χαι
1855 1831 1931 1858 ἀνελά-

1150 1876 1208 1903 ϐετο
1222 1879 1255 1903 τὰ.
1269 1878 1331 1913 ὑπὲρ
1352 1877 1444 1911 αὐτῆς,
1467 1887 1511 1903 χαι
1537 1878 1624 1915 ὥσπερ
1648 1879 1746 1906 ταύτην
1778 1876 1930 1905 ὶδιοποιησάσ

1151 1931 1224 1958 μενος
1236 1924 1418 1958 κατεκόσμησε
1430 1930 1436 1936 ”
1453 1931 1498 1948 και
1510 1922 1562 1958 οὐχ
1577 1923 1618 1948 ὃτι
1632 1932 1661 1958 γε
1683 1922 1781 1952 πολλὴν
1811 1922 1851 1948 ἐπί
1863 1922 1928 1954 ταύτῃ

1151 1969 1197 1996 τὴν
1223 1965 1290 1992 uide}
1316 1969 1492 2004 συνετερησεν,
1517 1966 1581 1992 ἀλλὰ
1607 1977 1652 1992 και
1680 1971 1761 1993 πᾶσιν
1783 1967 1862 1996 ἄλλοις
1891 1963 1928 1990 ένί-

1152 2010 1212 2037 ϐαλε
1229 2021 1234 2027 ·
1249 2010 1297 2036 κᾶν
1324 2010 1346 2036 εἰ
1371 2014 1407 2047 μὴ
1424 2013 1557 2047 παρέτυχε
1584 2016 1620 2047 τῷ
1643 2016 1760 2049 σταυρῷ,
1785 2011 1836 2037 ἀλλ’
1859 2007 1927 2038 ἠσπά-

1153 2065 1216 2082 σατο
1231 2057 1274 2081 τὸν
1291 2057 1413 2092 σταυρὸν,
1428 2058 1472 2081 καὶ
1488 2056 1549 2093 παρ’
1565 2056 1621 2082 ὅλον
1650 2058 1692 2082 τὸν
1709 2056 1788 2083 αὐτοῦ
1801 2054 1855 2092 βίον
1867 2054 1926 2090 μόνω

1152 2100 1181 2126 οὐ
1201 2102 1348 2137 παρίστατο
1376 2097 1400 2126 δ’
1422 2099 1602 2131 ἁναπολήσεως
1627 2111 1634 2117 ι
1660 2103 1705 2126 καὶ
1727 2099 1926 2136 κατεψηφισμένων

1152 2144 1220 2181 ἑώρα
1233 2146 1277 2170 τὸν
1292 2144 1393 2174 Ἰησοῦν
1407 2147 1451 2170 καὶ
1465 2147 1563 2181 γυμνὸν
1591 2144 1631 2171 ἐπὶ
1655 2147 1749 2172 τούτου
1772 2148 1812 2172 τὸν
1841 2146 1926 2177 Σωτῆρα

1151 2190 1318 2226 κρεμάμενον,
1346 2191 1391 2215 καὶ
1414 2191 1442 2215 τό
1467 2190 1547 2219 πάθος
1574 2192 1695 2222 συνενοει,
1723 2193 1769 2216 καὶ
1793 2192 1837 2218 τὴν
1856 2188 1925 2213 κοινὴν

1153 2237 1282 2271 σωτηρίαν
1314 2233 1484 2270 ἀνελογίζετο,
1514 2235 1570 2260 ὅθεν
1596 2232 1629 2263 δή
1647 2238 1691 2261 καὶ
1721 2236 1763 2262 ἐπὶ
1785 2233 1869 2271 μᾶλλον
1889 2232 1922 2257 τὴν

1152 2279 1238 2316 σάρκα
1253 2288 1279 2305 τε
1300 2283 1435 2305 ταπεινοῦν
1459 2281 1504 2304 καὶ
1529 2281 1558 2305 τὸ
1591 2283 1692 2315 πνεῦμα
1718 2279 1857 2306 συστέλλειν
1878 2275 1923 2310 ἐπῇ-

1151 2333 1218 2360 ρετο.
1235 2323 1304 2353 Πλὴν
1317 2323 1371 2349 ἀλλ’
1387 2324 1432 2349 εἶθ’
1447 2323 1521 2354 οὗτος
1536 2326 1581 2349 καὶ
1595 2325 1619 2350 οἱ
1634 2326 1681 2350 σὺν
1707 2326 1799 2360 τούτῳ,
1820 2324 1863 2349 εἴτε
1882 2320 1919 2355 μὴν

1152 2368 1234 2400 ἄλλος,
1253 2368 1299 2394 εἶθ’
1313 2369 1397 2406 ἔτερος
1424 2369 1492 2394 θείου
1510 2372 1601 2394 τοῦτον
1628 2370 1823 2406 προαγορεύσεις
1845 2365 1919 2402 χοροῦ,

1151 2414 1223 2450 παρὰ
1236 2411 1359 2449 διαιτητῇ
1375 2416 1432 2448 Θεῷ
1450 2415 1496 2442 τὴν
1517 2417 1630 2439 νικῶσαν
1664 2413 1797 2449 ἠνέγκατο,
1822 2413 1879 2448 μόνῳ
1898 2405 1918 2431 ἂν

1153 2462 1209 2493 Θεῷ
1226 2460 1269 2483 καὶ
1288 2462 1341 2489 τοῖς
1361 2460 1419 2495 περὶ
1435 2459 1495 2484 θεὸν
1511 2459 1549 2487 εἴη
1560 2460 1676 2493 γνωστόν
1693 2469 1699 2474 ·
1721 2459 1761 2484 ὃτι
1777 2456 1804 2484 δὲ
1817 2458 1854 2482 καὶ
1868 2450 1918 2486 παρὰ

1152 2507 1209 2539 Θεῲ
1224 2506 1268 2529 καὶ
1286 2503 1310 2529 ἐν
1325 2507 1379 2534 ὀἷς
1393 2503 1509 2539 μάλιστα
1522 2508 1570 2529 τῶν
1600 2506 1659 2540 περὶ
1674 2505 1738 2530 Θεὸν
1764 2505 1878 2530 τέτακται,
1900 2494 1916 2525 εξ

1151 2548 1184 2573 ὧν
1198 2557 1223 2574 τε
1241 2547 1384 2585 εἰρήκειμεν
1408 2550 1453 2573 καὶ
1479 2547 1506 2580 ἐξ
1529 2548 1562 2573 ὧν
1589 2549 1656 2574 πάνυ
1673 2546 1701 2574 δὲ
1728 2548 1822 2574 πολλῶν
1840 2540 1915 2578 παρελί-

1151 2602 1239 2629 πομεν,
1257 2591 1365 2622 εὔδηλον
1380 2602 1406 2619 τε
1421 2594 1466 2618 καὶ
1479 2595 1688 2629 γνωριμώτατον.

1183 2727 1233 2762 ξοδ.
1249 2729 1339 2754 Τοίνυν
1355 2725 1429 2759 δεῦτε
1451 2725 1497 2762 δὴ,
1528 2728 1610 2764 χορὸς
1636 2726 1759 2762 εὐσεϐῶν,
1783 2722 1907 2752 δυσωπίαν
