1963 3084
22 100 69 127 885

25 171 65 198 μεν
83 163 131 188 καὶ
158 163 264 198 θερμῶς
288 162 365 188 αὐτόν
393 163 560 198 ὶκετεύσωμεν
588 163 738 198 μεμνῆσθαι
761 163 835 198 ἡμῶν

26 208 87 243 πρός
117 209 181 232 Θιόν
216 210 263 232 καί
285 208 517 243 ὑπερῖιτυγχὰνειν
544 209 627 241 τοὺτῳ
653 205 775 237 διηνεκῶς
791 211 836 233 τοῦ

26 255 110 276 κοινοῦ
139 261 168 276 τε
195 251 254 287 ἅμα
281 254 326 277 καὶ
354 256 400 282 τῆς
424 251 580 282 Ἐκκλησὶας
613 251 795 288 πληρώματος·
824 253 837 278 ὃ

27 297 70 321 καὶ
93 300 138 321 νυν
159 295 217 331 οὐχ
247 296 321 324 ἧττον
341 296 356 325 ἡ
378 297 470 322 τούτου
497 297 630 333 περιόντος
653 297 666 322 ό
689 296 837 333 ἁρχέκακος

29 338 160 375 διενοχλεῖ
185 343 311 373 σατανᾱς,
331 343 374 366 καὶ
407 338 462 377 ἰδία
505 341 674 377 ὑπερηγορεῖν
700 345 746 367 τόν
775 343 838 367 καθ-

29 387 143 410 ἐκαστα·
162 385 196 414 ὡς
227 387 387 422 καταρτίσαι
414 386 458 420 μὲν
486 385 589 415 πάντως
627 390 698 414 κοινῆ
726 385 761 416 εἰς
788 387 836 414 τὴν

29 429 94 453 κατά
107 429 174 454 Θεὸν
204 429 326 465 ὁμόνοιάν
352 439 379 455 τε
407 431 452 454 καὶ
478 430 633 464 σύμπνοιαν,
662 430 792 466 ῥυθμὶσαι
807 428 837 456 δέ

29 475 71 498 καὶ
86 473 128 498 ἕνα
140 473 203 499 καθ’
221 473 312 499 ἑαυτὸν
327 473 436 499 ἕκαστον
450 471 576 499 διαλῦσαί
605 483 631 500 τε
652 476 699 503 τὴν
721 474 835 510 ἐπέχου-

31 526 75 542 σαν
98 518 128 542 τό
155 521 211 543 πᾶν
238 516 299 544 τόδε
324 520 507 554 σκοτόμαιναν,
527 520 572 544 καὶ
591 516 764 544 διασκεδάσαι
788 521 835 548 τὴν

29 559 184 597 καταιγίδα,
218 564 264 588 καὶ
288 564 317 588 τὸ
345 560 427 588 δεινόν
447 564 640 599 καταστορέσαι
658 566 705 593 τῆς
731 563 835 592 Ἐκκλη-

30 609 85 636 cia;
110 605 273 640 κλυδώνιον,
297 609 342 632 καὶ
371 605 429 642 ἰδίᾳ
453 605 478 632 δ’
494 605 526 632 αὖ
552 609 596 632 καὶ
618 608 676 633 καθ’
705 608 748 633 ἕνα
772 610 835 644 πρὸς

31 648 111 676 εὖδιον
126 653 173 676 καὶ
201 653 333 688 σωτήριον
358 649 474 677 διιθύναι
502 651 602 686 λιμένα,
623 653 656 677 τά
679 656 727 678 τῶν
751 651 834 688 ἐμπα-

30 696 75 720 Θὼν
103 695 244 731 λογισμῶν
268 696 464 721 κατευνάσαντα
499 697 612 731 κύματα,
636 697 682 725 τὰς
710 695 835 731 βιωτικὰς

32 738 96 768 δῆτα
125 742 271 775 μερίμνας,
301 740 347 770 τὰς
371 739 464 776 ἀγρίας
500 744 549 770 τῆς
574 739 668 775 ψυχῆς
695 740 832 774 λαίλαπας,

31 784 69 819 ὑφ’
92 784 126 808 ὧν
152 785 165 809 ό
191 784 353 820 κυϐερνήτης
376 788 434 814 νοῦς
457 786 648 822 περιτρέπεται,
671 787 715 810 καὶ
740 785 834 811 οἰάκων

641 99 676 127 ΙΝ
696 99 723 127 S.
742 99 841 128 JOAN.

860 99 1107 129 DAMASCENUM.
1659 103 1711 130 886

854 163 876 190 Α
892 163 1037 190 ferventer
1052 163 1255 199 supplicemus
1269 164 1320 198 illi,
1332 167 1366 192 ut
1379 164 1448 192 velit
1456 166 1595 192 nostrum
1607 165 1712 193 memi-

892 209 973 235 nisse
983 208 1065 244 apud
1079 208 1182 240 Deum,
1212 216 1341 244 eumque
1359 211 1502 244 perpetuo
1524 209 1710 244 interpellare

891 261 946 288 pro
960 253 1098 281 universa
1111 253 1300 281 multitudine
1314 253 1461 288 Ecclesiae,
1478 261 1570 289 quam
1584 261 1646 282 non
1657 254 1711 281 mi-

891 305 948 325 nus
963 298 1030 332 hoc,
1048 305 1140 333 quam
1160 306 1221 334 quo
1233 298 1299 334 ipse
1313 298 1432 326 vivebat
1450 300 1593 333 tempore,
1609 301 1712 326 auctor

891 342 1041 370 malorum
1051 345 1172 370 satanas
1180 342 1306 375 infestat,
1316 345 1344 370 et
1357 342 1480 376 singulis
1488 342 1572 378 quod
1582 342 1713 370 maxime

891 387 1073 415 convenitim
1079 391 1192 423 petrare
1199 387 1427 423 patrocinando;
1440 389 1470 414 ut
1477 395 1582 414 omnes
1589 387 1712 422 quidem

890 432 1089 460 communiter
1099 431 1286 460 stabiliamus
1298 432 1328 459 in
1342 439 1413 459 vera
1431 431 1598 459 secundum
1619 432 1713 459 Deum

890 476 1061 504 animorum
1077 476 1248 510 concordia,
1262 475 1369 510 singuli
1383 483 1453 503 vero
1472 475 1622 510 sigillatim
1641 475 1713 503 libe-

889 527 990 546 remur
1004 519 1043 547 ab
1059 527 1103 552 ea,
1121 527 1187 555 quas
1201 520 1373 547 universum
1386 527 1466 546 nunc
1488 521 1627 555 occupat,
1643 519 1712 547 cali-

890 563 967 597 gine;
990 567 1021 591 ut
1041 564 1201 599 dissipetur
1231 566 1391 600 tempestas
1402 566 1430 591 et
1452 563 1550 598 gravis
1576 563 1710 591 Ecclesiae

886 609 1008 644 jactatio
1020 610 1221 644 conquiescat,
1239 612 1329 644 atque
1342 609 1379 636 ita
1392 616 1498 636 omnes
1513 611 1541 636 et
1552 608 1661 643 singuli
1669 608 1709 636 ad

889 654 1023 689 quietum
1039 654 1141 681 salutis
1162 656 1281 690 portum
1301 654 1477 688 dirigamur,
1499 653 1710 689 componendo

889 698 997 726 ﬂuctus
1012 699 1254 734 perturbatarum
1267 698 1482 733 cogitationum
1492 701 1520 725 et
1542 698 1642 725 saeculi
1662 706 1711 725 cu-

887 750 947 777 ras,
964 743 1074 778 quibus
1087 745 1233 778 tanquam
1247 742 1449 770 smvisanimie
1464 741 1613 778 procellis,
1623 749 1709 769 mens

888 787 1080 822 gubernatrix
1095 787 1314 821 circumagitur,
1331 789 1359 814 et
1372 786 1464 814 invita
1478 794 1599 822 quoque
1613 786 1710 814 dimo-

33 829 95 854 οἴκων
117 829 238 864 μεθίεται
258 833 304 858 τῆς
328 828 500 858 ἐπιστατικῆς
534 833 584 854 τῶν
607 828 731 865 ψυχικῶν
754 828 833 856 δυνα-

928 834 972 858 tur
987 840 1004 859 a
1018 831 1220 866 gubernaculo
1229 831 1415 867 praesidentis
1428 831 1507 858 circa
1516 839 1564 858 res
1575 830 1711 866 spiritua—

34 882 104 908 μεως,
132 875 178 898 καὶ
206 876 311 908 ναυτιᾷ,
336 875 381 898 καὶ
406 873 515 909 ili-77m},
541 875 583 899 καὶ
599 873 721 905 καθάπαξ
744 873 834 905 εξαπο-

34 921 77 953 ρεῐ,
104 920 149 943 καὶ
171 921 232 948 ταῖς
255 917 299 943 ὑπ’
326 917 403 943 αὐτὸν
440 915 835 953 δυνάμεσι”συγκαταϐαπτίζε-

35 971 84 995 ται,
98 964 143 987 καὶ
159 960 237 998 βυθῷ
263 961 390 992 ἀπωλείας
412 960 625 997 πγκαταδὺεται
641 972 647 978 ·
659 961 688 992 ἃς
703 963 835 998 σύμπλους

36 1007 76 1041 μὲν
90 1005 168 1041 {mli
195 1008 242 1032 καὶ
272 1005 335 1043 πρός
363 1007 500 1043 ἑμπορείαν
528 1007 676 1043 συνερίθους
701 1006 834 1042 γαλὴνιον,

39 1052 234 1086 συνναυαογήσας
266 1049 297 1076 δέ
321 1060 376 1081 πως
408 1053 452 1076 καὶ
490 1053 720 1088 συμπεριτραπεὶς,
755 1050 834 1078 ἀπόλ-

38 1094 91 1120 λυσί
100 1104 125 1120 τε
138 1097 184 1121 καὶ
201 1094 406 1123 συναπόλλυται.

71 1237 116 1274 ξβ.
138 1238 216 1265 Ἀλλά
243 1237 357 1275 δεόμεθά
385 1248 442 1274 σου,
468 1240 567 1275 μάκαρ,
594 1241 639 1266 καὶ
665 1241 765 1276 πρόσου
791 1242 835 1265 τὸν

41 1282 126 1308 ἱκέσιον
147 1293 153 1299 ·
181 1286 227 1309 καὶ
250 1287 295 1309 νῦν
314 1285 359 1320 μὲν
388 1283 495 1309 αὐτόθεν
522 1285 554 1309 τὰ
579 1284 638 1310 καθ’
660 1284 727 1319 ἡμᾶς
754 1285 841 1316 ἴθυνε,Δ

42 1329 79 1352 καὶ
95 1329 157 1358 πρὸς
181 1331 317 1364 σωτηρίαν
341 1325 496 1363 καθοδήγει,
523 1330 568 1354 καὶ
590 1332 636 1357 τῆν
665 1328 734 1359 θείας
758 1327 836 1365 Ἐδεμ

42 1374 242 1405 κατασκήνωσιν,
266 1372 301 1403 εἰς
322 1370 351 1398 δὲ
377 1373 452 1402 αυθις
481 1375 526 1398 καὶ
550 1373 615 1408 μετὰ
642 1375 689 1401 τὴν
714 1373 836 1398 ἀνάλυσιν

45 1417 162 1451 πρόστηθι
176 1417 289 1453 θερμῶς,
305 1418 340 1448 ὡς
353 1416 384 1442 οἶν
408 1426 437 1452 γε
455 1420 502 1447 τῆς
523 1417 629 1442 αἰωνίου
656 1419 690 1452 μὴ
718 1416 836 1453 ἀστοχή-

46 1468 125 1495 σαιμεν
150 1460 330 1494 ἀπολαύσεως,
357 1463 401 1487 καὶ
429 1465 473 1491 τῆς
500 1460 633 1497 ἀκηράτου
672 1466 772 1498 τρυφῆς
801 1464 836 1498 μὴ

46 1502 190 1541 ἐκπέσοιμι-ν.
221 1505 309 1542 Κάμοὶ
333 1505 434 1542 λιπαρῷ
455 1507 596 1541 σύγγνωθι,
610 1508 654 1532 καὶ
676 1510 724 1537 τῆς
746 1505 835 1542 ἐγχει-

47 1550 134 1583 ρήσεως
149 1550 218 1576 ἵλαθι
235 1561 241 1566 ·
261 1548 322 1576 οὐδέ
337 1551 386 1588 γὰρ
404 1550 431 1581 ἐξ
451 1548 591 1580 αὐθαδείας
609 1550 624 1579 ἢ
647 1552 712 1587 πρός
735 1549 835 1577 ἐπίδει-

48 1591 148 1623 ξιν,ἀλλ’
163 1593 189 1620 ἐκ
209 1594 318 1625 πολλῆς,
344 1594 378 1625 ὠς
401 1593 489 1627 οἶσθα,
519 1598 565 1624 τῆς
591 1594 690 1625 εὐνοίας
712 1598 755 1621 καὶ
778 1595 837 1621 εἰλι-

46 1641 138 1672 κρινοῦς
148 1643 193 1664 τοῦ
214 1639 334 1675 φίλτρου,
357 1639 387 1668 ἦν
403 1637 527 1665 παιδόθεν
548 1640 627 1674 ἔσχον
651 1641 716 1677 πρὸς
737 1641 765 1665 σε
792 1642 835 1666 καὶ

47 1682 74 1706 τὰ
95 1683 126 1708 σὰ
144 1685 340 1720 συγγράμματα
366 1686 411 1708 καὶ
439 1685 585 1718 πονήματα,
615 1687 670 1714 τοῖς
701 1686 759 1721 περὶ
789 1687 836 1710 σοῦ

48 1733 70 1750 τε
95 1725 174 1762 λόγοις
197 1727 368 1763 ἐπεϐαλόμην,
395 1728 440 1753 καὶ
475 1732 520 1753 τοῦ
553 1730 621 1754 κατά
651 1727 762 1765 δύναμιν
783 1729 836 1765 οὐχ

48 1769 176 1806 ὑστέρησα.
206 1775 260 1799 Ναὶ
286 1772 417 1808 σύγγνωθί
446 1782 500 1807 μοι,
528 1774 573 1798 καὶ
602 1770 675 1803 δέξαι
698 1771 774 1799 τόνδε
792 1775 836 1799 τὸν

47 1812 111 1849 λογον
133 1817 327 1853 εὐφημητὴριόν
350 1827 376 1843 τε
405 1816 460 1852 οἶμα
483 1819 528 1842 καὶ
553 1817 692 1853 ἱκετήριον,
725 1820 769 1844 καὶ
793 1827 837 1844 πε-

49 1860 108 1892 pitu:
133 1862 176 1896 μὲν
201 1860 267 1898 τῇδε
286 1864 330 1887 καὶ
356 1863 389 1887 τὰ
415 1861 503 1887 εἰκότα
524 1862 676 1897 κατάρτιζε,
703 1861 728 1888 ἐν
752 1862 836 1898 λόγοις

51 1901 71 1926 ἓν
90 1904 217 1940 πράξεσιν,
247 1905 270 1932 ἐν
300 1904 487 1942 διανοήμασιν,
522 1905 545 1931 ἐν
579 1904 767 1943 βονλεὺμασιν,
795 1906 835 1932 ἐπὶ

52 1950 107 1973 πᾶσί
129 1959 172 1984 μοι
192 1950 316 1981 καθάπαξ
342 1951 529 1985 συνιστάμενος
555 1959 581 1976 τε
613 1953 658 1976 καὶ
685 1953 835 1987 συναιρόμε-

52 1999 84 2019 νης
109 2002 114 2008 ·
135 1995 197 2028 μετὰ
220 1993 252 2020 δὲ
277 1996 322 2023 τὴν
346 1991 446 2020 ἐνθένδε
478 1996 522 2020 καὶ
548 1993 574 2025 ἐξ
596 1993 735 2030 ἀνθρώπων
759 1995 835 2031 μετά-

54 2042 134 2061 στασιν
161 2037 324 2075 ἁντιλήπτωρ
360 2039 452 2074 θερμός
492 2037 641 2074 ἐπιφάνηθι,
673 2041 717 2064 καὶ
753 2037 836 2070 δεξιός

54 2080 108 2114 πρὸς
132 2083 192 2107 Θεὸν
216 2084 376 2120 ὑπερήγορος
394 2092 399 2098 ·
429 2082 464 2112 ὡς
503 2081 532 2106 ἂν
561 2083 597 2117 μὴ
620 2085 665 2112 τῆς
693 2085 836 2119 κρείττονος

54 2126 158 2159 ﬁnium;
189 2127 285 2159 λήξεως
310 2128 447 2160 ἔκπτωτος,

55 2168 164 2201 πράξεων,

490 2124 695 2157 ακταδικασθεὶς
721 2126 748 2152 ἐκ
786 2131 836 2152 τῶν

202 2171 265 2197 ἀλλὰ
300 2171 476 2206 συνταχθείην
511 2173 566 2200 τοῖς
602 2175 637 2205 τῷ
682 2171 835 2208 θεανθρὼπῳ

56 2213 120 2248 Λόγῳ
133 2218 372 2252 παραστησομένοις
398 2214 425 2240 ἐκ
445 2213 546 2248 δεξιῶν,
573 2217 617 2241 καὶ
643 2219 687 2245 τῆς
707 2218 837 2252 μακαρίας

57 2258 139 2288 εκείνης
166 2266 247 2295 φωνῆς
279 2259 434 2295 ἀκούσαιμι,
467 2259 642 2290 καταξιούσης
679 2264 723 2290 τῆς
765 2262 837 2298 παρὰ

58 2303 94 2324 τοῦ
115 2301 226 2340 ἀνάρχου
253 2306 352 2342 Πατρός
384 2304 544 2340 κυρωθείσης
577 2304 671 2330 ἄνωθεν
706 2304 835 2340 εὐλογίας,

58 2345 92 2368 καὶ
111 2347 298 2380 μεταδιδούσης
326 2353 372 2378 τῆς
397 2347 508 2377 ἀλῄκτου
546 2351 747 2384 μακαριότητος,
783 2350 835 2385 χά-

59 2396 103 2422 ριτι
122 2394 163 2417 καὶ
189 2394 367 2431 φιλανθρωπίᾳ
385 2393 464 2418 αὐτοῦ
487 2402 514 2419 τε
535 2396 579 2418 τοῦ
614 2392 752 2428 ἀγεννήτου
783 2397 836 2430 Hoc:

60 2434 119 2467 τρὸς,
140 2441 182 2462 τοῦ
208 2437 345 2465 συναίδίου
373 2438 444 2468 Υὶοῡγ
480 2439 525 2462 καὶ
554 2441 598 2463 τοῦ
632 2440 760 2472 παναγὶου
793 2440 838 2464 καὶ

61 2478 145 2510 αγαθοῡ
157 2484 196 2507 καὶ
218 2483 344 2513 ζωοποιοῡ
367 2482 525 2517 Πνεῦμα-τος,
553 2485 598 2511 τῆς
617 2484 680 2518 μιᾶς
707 2481 837 2515 ἐξουσίας,

61 2523 100 2550 τῆς
118 2527 173 2558 μιᾶς
188 2526 330 2562 βασιλείας,
358 2530 403 2555 τῆς
429 2528 490 2561 μιᾶς
519 2527 563 2551 καὶ
591 2527 691 2562 φύσεως
707 2529 751 2552 καὶ
781 2527 838 2553 θεό-

62 2572 132 2596 τητος,
192 2575 280 2609 πρέπει
308 2575 381 2598 πᾶσα
400 2568 474 2604 δόξα,
497 2573 559 2606 τιμὴ
576 2574 620 2596 καὶ
648 2573 838 2608 προσκύνησις,

62 2611 98 2634 νῦν
111 2616 150 2639 καὶ
164 2614 209 2650 ἀεὶ,ι
225 2619 268 2643 χαὶ
283 2617 317 2648 εἰς
340 2625 400 2646 τους
428 2614 520 2645 αἰῶνας
546 2619 596 2641 τῶν
621 2615 728 2644 αἰώνων.
745 2617 837 2652 Ἀμήν,

888 876 930 903 les
947 876 1092 912 potentize,
1108 879 1255 912 tanquam
1281 883 1396 903 nausea
1409 875 1611 911 vertigine‘que
1623 877 1652 902 et
1662 875 1712 903 de-

888 920 981 956 liquio
996 920 1150 954 laborans,
1167 920 1255 947 simul
1264 928 1333 946 cum
1342 919 1485 954 subjectis
1507 919 1563 947 sibi
1573 919 1711 955 potentiis

890 965 1113 1000 submergenda
1128 964 1310 1000 etprofundo
1325 963 1497 999 perditionis
1519 963 1710 997 involvenda;

889 1010 933 1042 iis,
949 1002 1084 1045 inquam,
1098 1008 1246 1045 potentiis,
1264 1016 1340 1044 quas
1358 1008 1454 1036 socias
1468 1008 1668 1043 navigationis
1683 1011 1712 1036 et

889 1054 1056 1090 tranquillm
1076 1053 1285 1088 negotiationis
1306 1053 1466 1089 participes
1486 1052 1600 1080 futuras
1624 1059 1711 1080 mens

889 1099 1013 1135 accepit,
1029 1097 1219 1134 naufragium
1234 1100 1334 1125 autem
1357 1096 1634 1133 quomodocumque
1660 1104 1712 1133 pa-

889 1145 964 1173 tiens
987 1147 1076 1180 atque
1095 1143 1251 1176 subversa,
1277 1142 1384 1180 perdit,
1410 1143 1437 1171 et
1458 1149 1521 1172 una
1543 1149 1614 1170 cum
1637 1140 1711 1178 ipsis

890 1189 1031 1225 perditur.

926 1246 969 1271 92.
985 1245 1045 1278 Ego
1060 1252 1141 1278 vero,
1157 1252 1175 1272 o
1199 1244 1296 1278 beate,
1310 1251 1364 1271 oro
1379 1245 1416 1275 te,
1435 1243 1602 1279 supplicem
1627 1244 1713 1271 tuum

892 1289 1010 1324 suscipe
1035 1291 1086 1316 :et
1100 1296 1180 1316 nunc
1200 1287 1323 1323 quidem
1340 1288 1399 1315 mei
1423 1295 1527 1315 curam
1553 1295 1713 1315 assumens

891 1341 937 1360 res
953 1341 1036 1360 meas
1054 1332 1092 1360 ad
1108 1332 1234 1360 salutem
1253 1332 1442 1368 ccelestisque
1455 1330 1585 1367 paradisi
1598 1331 1714 1359 habita-

892 1378 1003 1405 tionem
1018 1377 1176 1413 perducas,
1190 1380 1352 1413 p0stquam
1362 1384 1434 1404 vero
1449 1376 1537 1404 fuerit
1549 1377 1651 1404 anima
1665 1384 1712 1404 so-

891 1422 952 1450 luta
975 1430 1100 1458 corpore
1122 1422 1258 1449 ardenter
1282 1422 1371 1454 insta,
1392 1429 1430 1449 ne
1443 1424 1555 1449 interna
1575 1421 1710 1457 privatus

891 1467 1003 1502 requie,
1020 1467 1157 1494 excidam
1174 1467 1292 1493 sincera
1312 1465 1472 1501 voluptate.
1486 1468 1609 1500 Ignosce
1622 1465 1713 1494 etiam

857 1515 878 1542 C
893 1512 999 1539 infelici
1015 1511 1098 1545 mihi,
1113 1513 1139 1538 et
1158 1511 1227 1538 huic
1246 1510 1367 1538 conatui
1389 1510 1535 1545 propitius
1559 1512 1634 1537 esto.
1651 1511 1714 1538 Non

892 1557 971 1583 enim
982 1564 1016 1584 ex
1029 1556 1199 1591 arrogantia
1210 1555 1248 1582 ad
1263 1554 1503 1588 ostentationem,
1532 1553 1582 1580 sed
1607 1553 1713 1588 multa,

893 1601 1023 1634 utnOsti,
1054 1600 1211 1627 devotione
1240 1600 1414 1634 sinceraque
1441 1605 1553 1633 amore,
1577 1605 1669 1633 quem
1696 1605 1714 1625 δ.

892 1645 1017 1680 pueritia
1025 1645 1118 1673 habui
1133 1652 1204 1679 erga
1220 1647 1245 1672 te
1257 1646 1285 1671 et
1303 1646 1370 1671 tuas
1386 1642 1617 1678 compositiones
1631 1641 1714 1669 lucu-

890 1690 1114 1725 brationesque,
1129 1689 1168 1716 ad
1175 1689 1252 1716 hanc
1262 1687 1299 1715 de
1306 1695 1336 1715 re
1346 1688 1512 1715 orationem
1523 1685 1714 1714 scribendam

891 1743 938 1762 me
953 1735 1073 1769 ingessi,
1089 1733 1162 1761 nihil
1181 1733 1264 1769 quod
1290 1732 1373 1768 potui
1396 1731 1633 1768 praetermittens.
1664 1730 1716 1758 Eia.

891 1787 961 1814 ergo
983 1778 1123 1806 condona
1145 1777 1226 1812 mihi,
1244 1780 1272 1804 et
1297 1777 1377 1804 hunc
1400 1775 1603 1803 laudatorium
1626 1774 1715 1803 simul

891 1822 1190 1858 deprecatoriumque
1216 1829 1386 1849 sermonem
1416 1819 1552 1856 suscipe;
1570 1821 1660 1856 atque
1684 1819 1715 1847 in

890 1867 947 1894 hac
961 1867 1083 1902 quidem
1100 1866 1160 1893 vita
1175 1874 1222 1893 me
1236 1865 1365 1893 reforma
1389 1865 1418 1892 in
1441 1863 1583 1891 omnibus
1605 1863 1713 1898 verbis,

890 1911 1042 1948 operibus,
1067 1909 1298 1946 cogitationibus
1323 1912 1413 1945 atque
1441 1908 1571 1936 consiliis
1596 1907 1716 1944 adjutor

890 1959 978 1992 atque
990 1955 1160 1991 opitulator,
1176 1957 1336 1990 postquam
1348 1955 1448 1981 autem
1464 1961 1479 1981 e
1492 1952 1566 1981 vivis
1590 1951 1715 1981 transla-

891 2004 937 2028 tus
960 2001 1028 2028 hinc
1055 1999 1149 2032 fnero,
1174 1998 1296 2026 ostende
1314 2001 1339 2026 te
1369 1998 1441 2026 mihi
1467 1999 1672 2034 susceptorem
1687 1999 1716 2025 et

891 2048 1096 2081 opportunum
1107 2044 1289 2071 advocatum
1311 2043 1391 2079 apud
1422 2044 1525 2076 Deum,
1542 2045 1575 2070 ut
1598 2041 1714 2070 meliori

891 2093 968 2117 sorte
984 2097 1045 2116 non
1062 2088 1199 2116 excidam
1215 2097 1251 2115 ex
1266 2088 1407 2123 operibus
1437 2088 1510 2115 meis
1540 2087 1712 2119 damnatus,

892 2135 943 2162 seil
964 2134 1078 2161 cumiis
1094 2133 1229 2167 collocer,
1257 2133 1309 2169 qui
1329 2133 1484 2160 incarnato
1503 2131 1628 2160 Verboa
1643 2131 1714 2160 dexo

853 2191 875 2218 ι)
891 2179 960 2206 teris
973 2179 1095 2206 stabunt
1107 2178 1282 2213 felicemque
1293 2177 1374 2205 illam
1389 2185 1493 2205 vocem
1505 2176 1714 2213 audiam,que

891 2224 1017 2258 dignum
1028 2222 1097 2251 facit
1116 2223 1271 2250 hominem
1293 2221 1498 2250 benedictione
1511 2222 1577 2257 jam
1591 2221 1661 2250 olim
1675 2221 1714 2250 ab

891 2273 1002 2296 aeterno
1018 2269 1099 2295 Patre
1110 2267 1239 2301 decreta,
1255 2275 1385 2302 eumque
1402 2267 1441 2294 ad
1462 2274 1624 2303 perennem
1639 2266 1714 2295 bea-

893 2313 1046 2340 titudinem
1069 2311 1214 2342 transfert.
1243 2311 1337 2345 gratia.
1363 2311 1542 2339 etbeneﬁcio
1564 2311 1657 2347 ipsius
1672 2310 1715 2339 in-

892 2357 982 2392 geniti
1005 2355 1096 2383 Patris
1124 2359 1151 2383 et
1173 2356 1312 2383 coaeterni
1338 2355 1400 2383 Filii
1432 2355 1675 2392 sanctissimique
1687 2357 1716 2383 et

891 2401 1090 2438 optimiatque
1098 2401 1206 2428 viviﬁci
1221 2400 1355 2436 Spiritus,
1366 2400 1452 2428 unius
1464 2401 1610 2434 essentne,
1627 2400 1716 2428 unius

893 2446 1041 2482 potentiue,
1059 2445 1146 2472 unius
1162 2445 1353 2478 auctoritatis,
1371 2445 1459 2472 unius
1474 2448 1589 2472 naturae
1605 2452 1639 2473 ac
1657 2444 1718 2472 dei-

892 2491 971 2522 tatis,
988 2498 1080 2526 quam
1096 2489 1180 2517 decet
1192 2490 1290 2516 omnis
1310 2489 1413 2525 gloria,
1437 2490 1544 2523 honor,
1561 2492 1589 2516 et
1612 2488 1717 2516 adora—

893 2536 943 2567 tio,
969 2543 1048 2562 nunc
1077 2536 1105 2561 et
1135 2542 1253 2569 semper
1269 2536 1297 2561 et
1329 2534 1357 2561 in
1388 2533 1498 2560 saecula
1526 2532 1716 2561 saeculorum.

894 2584 999 2607 Amen.
