1963 3084
227 111 280 138 887

842 106 1071 137 CONSTANTINI
1089 106 1327 136 ACROPOLITE.
1894 113 1935 140 833

227 155 1932 187 __.__l...__.._—._—.—.—.———————————————————~—.—.___.____.

648 183 1066 325 SANGTA
1104 183 1690 327 THEODOSIA

928 391 1142 427 MARTYRE
1164 391 1229 426 GP,

721 489 1158 536 COMMENTARIUS
1197 491 1264 531 ΡΒ
1271 491 1455 532 ίΕνΙυδ

344 591 497 628 Auctore
521 591 710 625 Godefrido
735 590 978 625 Henschensio
1004 590 1037 623 in
1063 590 1159 626 Actis
1184 591 1243 626 SS.
1270 592 1427 626 Bolland.
1454 593 1533 627 Maii
1558 596 1582 626 t.
1609 594 1667 635 VI,
1694 593 1750 627 die
1776 594 1841 627 29.

274 741 374 773 Causa
391 743 418 769 et
430 740 517 769 series
531 740 673 776 martyrii
681 747 719 769 ea:
728 747 795 768 mss.
809 738 992 775 Synaxariis
1009 745 1014 765 :
1029 737 1192 765 encomium
1203 745 1221 766 a
1234 739 1432 768 Constantino
1445 740 1605 776 Logothela
1621 741 1765 776 scriptum
1782 750 1790 775 ;
1808 741 1900 776 hujus

948 785 1020 809 mtas
1039 784 1067 809 et
1083 781 1226 809 dioniius.

948 785 1020 811 aetas
1039 784 1067 809 et
1083 781 1226 817 dignitas.

273 848 298 879 1.
313 847 467 878 Decimum
493 847 597 878 Leonis
623 847 742 876 Isaurici
767 855 881 875 annum
900 845 1061 874 funestavit
1080 845 1103 872 A
1153 847 1179 873 3.
1193 845 1404 883 Hrecille,quee
1414 855 1491 884 pene
1508 847 1615 876 iisdem
1626 847 1724 876 verbis
1738 847 1845 883 legere
1863 850 1903 876 est
1915 848 1939 876 in

239 900 393 924 sacrarum
407 893 574 928 imaginum
602 892 732 928 abolitio,
756 900 850 930 quam
866 891 983 930 pridem
1012 890 1061 919 ille

238 938 340 967 animo
349 937 500 967 decretam
509 938 668 973 meditans,
684 937 799 966 effectui
811 937 933 966 tandem
950 936 1061 965 manci-

237 983 330 1020 pavit,
345 985 448 1011 amoto
465 983 656 1012 sanctissimo
673 984 819 1012 Germano
839 981 1010 1019 patriarcha
1035 983 1063 1010 et

236 1029 268 1057 in
295 1028 360 1064 ejus
382 1028 482 1056 locum
507 1028 668 1056 substituto
689 1028 782 1064 impio
801 1027 968 1056 Anastasio.
997 1027 1062 1055 Mox

237 1073 317 1102 enim
333 1075 422 1109 atque
445 1072 560 1100 idolum
583 1072 662 1100 istud
691 1081 780 1100 suum
803 1080 896 1108 supra
920 1072 1062 1100 thronum

237 1117 378 1149 Ecclesiae
404 1117 568 1150 collocavit,
597 1117 716 1146 illarum
735 1117 988 1145 removendarum
1007 1116 1061 1144 ini-

237 1162 312 1190 tium
321 1162 388 1189 fecit
402 1169 420 1190 a
432 1161 582 1189 vestibulo
592 1161 704 1197 palatii,
719 1161 802 1198 quod
813 1161 852 1190 ab
859 1169 945 1190 {enea
955 1161 1062 1189 Christi

238 1208 337 1234 statua
353 1205 616 1234 ibidemcollocata
632 1214 743 1234 nomen
751 1208 914 1242 acceperat,
928 1208 959 1234 ut
969 1207 1058 1236 Χαλκῆ

237 1251 395 1279 diceretur.
420 1249 606 1278 Vestibulum
631 1250 722 1284 istud,
754 1252 825 1278 teste
846 1250 957 1279 Codino
984 1250 1061 1278 libro

238 1296 280 1324 De
289 1294 455 1330 originibus
470 1294 527 1322 CP.
548 1301 677 1330 magnus
689 1295 901 1323 Constantinus
910 1295 1058 1330 fundarat,

236 1340 266 1368 in
277 1347 372 1376 eaque
388 1341 518 1368 statuam
540 1339 715 1376 praedictam
739 1342 881 1373 erexerat,
895 1349 910 1367 ‹
925 1348 993 1377 ᾳυεθ
1019 1340 1060 1368 ibi

237 1384 314 1413 stetit
335 1391 431 1412 annos
448 1384 685 1421 quadringentos
706 1386 733 1413 et
755 1385 947 1422 quindecim;
975 1385 1060 1420 cujus

235 1429 342 1457 virtute
351 1429 465 1464 mulier,
474 1429 628 1464 sanguinis
637 1429 943 1466 protluviolaborans,
955 1431 1061 1458 sanata

235 1474 340 1505 fuerat.
369 1476 396 1502 et
432 1473 525 1502 multa
546 1473 605 1502 alia
627 1474 705 1502 facta
727 1477 812 1503 erant
839 1475 985 1503 miracula
1011 1483 1018 1502 :
1045 1486 1058 1499 ιι

1117 899 1152 919 ea
1158 899 1250 927 quam
1259 892 1469 928 Metaphrastes
1476 893 1601 929 scripsit,
1609 893 1747 928 ejusdem
1755 894 1773 921 S
1781 914 1788 920 .
1803 893 1937 930 Stephani

1116 936 1246 964 Junioris
1260 936 1334 970 Vita,
1348 945 1500 973 quamque
1515 937 1645 965 invenire
1658 940 1701 965 est
1712 938 1799 974 apud
1813 938 1938 974 Lipoma—

1117 989 1189 1009 num
1201 984 1228 1009 et
1240 982 1370 1014 Surium,
1386 990 1441 1010 nec
1459 990 1520 1010 non
1547 983 1624 1010 inter
1644 983 1741 1019 Opera
1769 983 1804 1012 S.
1825 983 1935 1011 Joannis

1118 1026 1301 1058 Damasceni,
1332 1029 1455 1064 propter
1486 1027 1670 1055 vicinitatem
1702 1027 1878 1064 argumenti
1906 1027 1935 1054 de

1117 1067 1198 1098 cultu
1224 1070 1400 1107 imaginum,
1425 1071 1464 1099 ab
1489 1071 1595 1100 eodem
1626 1072 1653 1100 S.
1677 1073 1794 1100 Joanne
1823 1071 1934 1107 egregiis

1116 1115 1301 1144 orationibus
1316 1118 1561 1152 propugnato.Ex
1576 1116 1662 1144 dictis
1678 1119 1781 1145 autem
1801 1117 1888 1144 facile
1901 1118 1935 1143 est

1116 1160 1262 1196 corrigere
1274 1161 1497 1197 Theophanem,
1513 1161 1550 1189 de
1564 1163 1675 1189 tentata
1687 1161 1854 1190 Dominieaa
1873 1162 1934 1189 ima-

1116 1205 1192 1241 ginis
1208 1205 1412 1239 subversione,
1428 1205 1489 1233 imo
1502 1207 1531 1234 et
1551 1205 1690 1242 perfecta,
1716 1209 1862 1241 agentem
1884 1213 1935 1233 uno

1116 1257 1196 1278 anno
1212 1250 1297 1278 citius
1313 1258 1405 1286 quam
1427 1250 1465 1278 de
1481 1251 1508 1279 S.
1537 1251 1675 1279 Germani
1702 1250 1892 1288 depositione
1913 1251 1934 1278 et

1115 1295 1263 1324 Anastasii
1289 1295 1460 1324 intrusione.
1493 1295 1612 1323 interim
1630 1296 1654 1323 ei
1690 1296 1814 1323 credere
1840 1303 1934 1332 posisu.

1115 1346 1183 1367 mus
1197 1339 1347 1367 dietarum
1366 1339 1524 1367 mulierum
1539 1340 1686 1376 supplicio
1697 1348 1759 1368 non
1774 1340 1818 1368 ita
1830 1347 1933 1376 repres-

1115 1392 1183 1412 sum
1197 1392 1262 1412 esse
1276 1384 1372 1412 zelum
1388 1385 1634 1418 orthodoxorum.
1649 1386 1722 1421 quin
1750 1386 1808 1414 viti
1834 1385 1931 1422 plures.

1115 1429 1252 1458 muliebri
1268 1429 1408 1457 stimulati
1421 1429 1570 1466 exemplo,
1588 1430 1686 1458 conati
1704 1430 1764 1458 sint
1775 1430 1815 1458 ab
1838 1429 1932 1458 eadem

1115 1474 1245 1509 imagine
1257 1481 1357 1502 arcere
1371 1474 1523 1510 injuriam,
1540 1475 1586 1503 vel
1597 1475 1706 1503 factata
1722 1475 1827 1503 ulcisci
1841 1483 1848 1507 ;
1864 1481 1931 1502 vere-

234 1519 373 1556 adeoque
392 1518 490 1556 posita
512 1518 562 1547 illa.
584 1521 662 1548 esset
672 1527 752 1548 anno
773 1520 833 1548 3t5.
860 1519 916 1548 Sed
943 1520 1060 1556 decepit
1075 1517 1096 1544 B
1115 1526 1173 1555 que
1188 1518 1345 1553 addiderit,
1356 1519 1439 1554 quod
1452 1529 1466 1544 «
1482 1519 1834 1556 Constantinopolitanus
1848 1526 1932 1556 popu-

237 1564 383 1593 Codinum
395 1563 568 1601 supputatio
590 1572 655 1599 sua,
680 1564 725 1592 vel
749 1564 863 1593 librarii
877 1565 908 1593 in
927 1565 1060 1593 numeris

236 1609 471 1638 transcribendis
484 1611 631 1640 errarunt:
650 1611 766 1638 constat
785 1610 864 1638 enim
886 1610 968 1646 quod
993 1612 1060 1638 ante

236 1662 352 1683 annum
366 1655 418 1682 328
434 1653 645 1682 Constantinus
659 1662 720 1682 non
733 1654 908 1691 applicuerit
924 1654 1060 1683 animum

238 1698 496 1734 Constantinopoli
511 1697 704 1726 mdiﬂcandae.

273 1747 300 1772 2.
320 1743 365 1771 Ad
375 1751 439 1771 rem
464 1744 564 1779 ipsum
584 1743 667 1778 quod
696 1743 807 1777 attinet,
833 1746 938 1772 testem
963 1745 1000 1773 de
1027 1753 1062 1774 ea

239 1788 397 1821 habemus,
419 1787 472 1824 qui
487 1790 556 1815 tunc
578 1787 707 1821 vivebat,
737 1788 920 1825 Stephanum
950 1791 1061 1825 Magnae

239 1831 369 1860 ecclesiae
392 1830 725 1867 Constantinopolitanae
747 1832 919 1867 diaconum,
945 1834 975 1861 in
999 1834 1062 1863 Vita

241 1875 423 1912 S.Stephani
440 1875 581 1908 Junioris,
600 1875 796 1903 memorabile
818 1878 994 1913 martyrium
1027 1886 1063 1906 ea

240 1921 398 1949 occasione
411 1919 503 1957 passi,
519 1919 622 1948 danda
633 1928 650 1947 a
665 1919 752 1948 nobis
767 1929 852 1948 xxviii
872 1922 1060 1956 Novembris,

241 1965 321 1995 unde
336 1965 400 1993 hrec
413 1964 514 2000 accipe
530 1972 536 1992 :
556 1975 569 1989 υ
582 1966 613 1992 In
626 1963 672 1992 his
689 1972 741 2000 per
765 1968 943 2000 potestatem
967 1975 1061 2002 agens

240 2011 388 2039 hmreseOs
404 2011 561 2045 tyrannus,
576 2009 699 2037 tentavit
713 2009 856 2038 continuo
876 2011 1061 2040 Dominicam

242 2054 346 2083 Christi
363 2053 411 2082 Dei
427 2052 519 2081 nostri
548 2052 721 2088 imaginem,
751 2062 842 2090 supra
864 2055 962 2090 regias
984 2056 1063 2084 fores

241 2100 393 2137 positam,
420 2106 455 2127 eo
479 2097 545 2126 loco
570 2105 637 2134 quas
666 2098 705 2126 ab
729 2098 794 2135 ipsa
823 2099 929 2128 dicitur
958 2101 1064 2130 Sancta

243 2145 349 2173 Chalee
363 2142 500 2171 demoliri
521 2144 550 2170 et
577 2143 639 2178 igni
664 2143 797 2172 tradere:
820 2145 903 2180 quod
932 2147 959 2173 et
985 2146 1063 2174 fecit.

1114 1563 1171 1596 lus,
1189 1563 1227 1591 ob
1243 1571 1354 1591 novam
1377 1563 1465 1592 istam
1485 1564 1653 1592 doctrinam
1678 1565 1815 1593 maximo
1840 1563 1929 1591 dolore

1115 1608 1254 1645 percitus,
1281 1611 1344 1636 tum
1372 1609 1472 1645 ipsum
1502 1608 1631 1637 Leonem
1657 1609 1761 1637 statuit
1787 1608 1928 1641 invadere,

1116 1655 1178 1681 tum
1195 1652 1306 1680 multos
1320 1661 1357 1681 ex
1369 1652 1558 1689 imperatoris
1571 1653 1726 1687 famulitio,
1742 1654 1796 1690 qui
1808 1653 1847 1682 ab
1864 1659 1929 1680 terea

1115 1700 1201 1734 porta
1216 1697 1334 1726 Domini
1353 1698 1515 1733 imaginem
1533 1698 1743 1731 deturbaliant,
1761 1698 1827 1726 neci
1841 1696 1940 1725 deditz'

1115 1750 1177 1780 quo
1191 1742 1304 1770 factum
1319 1744 1364 1770 est
1380 1743 1452 1770 utin
1466 1742 1586 1775 multos,
1598 1743 1715 1779 pietatis
1738 1750 1820 1779 ergo,
1848 1748 1928 1769 mem-

1115 1787 1240 1815 brorum
1255 1787 1450 1821 mutilatione,
1471 1787 1656 1820 verberibus,
1678 1788 1801 1823 exsiliis,
1822 1785 1928 1815 damnis

1115 1831 1204 1859 illatis
1219 1831 1463 1860 animadversum
1476 1832 1572 1860 fuerit.
1588 1843 1601 1857 n

1151 1877 1177 1904 4.
1197 1876 1254 1904 Sed
1279 1879 1548 1913 quantumcunque
1572 1877 1706 1905 animose
1734 1877 1847 1912 egerint
1872 1873 1927 1907 viri,

1116 1921 1226 1956 egregii
1239 1923 1338 1949 tamen
1353 1924 1477 1949 conatus
1488 1922 1604 1949 initium
1620 1921 1738 1950 feminis
1767 1920 1872 1949 ascribi
1888 1918 1927 1946 de-

1115 1966 1166 1994 bet
1183 1975 1189 1994 :
1206 1966 1352 2002 imprimis
1368 1969 1467 1994 autem
1481 1974 1585 1995 earum
1598 1966 1665 1994 duci
1680 1969 1804 2000 sancite,
1819 1965 1854 1994 de
1877 1971 1926 1999 qua

1117 2018 1205 2046 agere
1219 2011 1409 2044 instituimus,
1426 2011 1598 2039 Theodosius
1615 2020 1620 2039 :
1640 2012 1725 2046 cujus
1737 2019 1846 2039 nomen
1857 2012 1881 2037 et
1893 2008 1924 2035 \‘i-

1118 2057 1179 2085 tam
1195 2058 1382 2092 mortemque
1398 2059 1428 2084 ut
1447 2064 1506 2084 non
1523 2056 1740 2092 ignoraremus,
1759 2056 1852 2084 effecit
1873 2052 1925 2081 reli-

1119 2101 1203 2136 giosa
1219 2100 1615 2136 Coustantinopolitanorum
1632 2101 1740 2128 civium
1762 2101 1861 2137 pietas,
1883 2096 1925 2133 qui

1120 2144 1231 2173 crudeli
1251 2144 1376 2172 leniente
1389 2145 1574 2172 subtractum
1591 2153 1711 2181 corpus,
1728 2147 1792 2173 tum
1818 2142 1924 2180 quidem

244 2191 276 2218 ln
291 2189 359 2225 ipsa
373 2190 471 2216 autem
482 2187 673 2216 demolitione
684 2187 745 2216 zelo
766 2189 965 2218 corroborata:
983 2199 1063 2227 quae-
1080 2196 1101 2224 ο
1122 2190 1168 2226 pic
1183 2189 1389 2224 condiderunt,
1408 2191 1511 2225 postea
1534 2191 1645 2224 autem,
1669 2189 1784 2217 reddita
1807 2185 1924 2216 liccicsim

243 2234 315 2262 dam
325 2232 464 2261 mulieres
478 2232 658 2261 venerandae
670 2240 813 2268 generose
826 2233 1064 2264 insurrexerunt:

243 2277 499 2316 apprehensisque
512 2277 599 2306 scalis
614 2277 821 2307 demolitorem
843 2287 935 2307 sacra;
959 2280 1065 2316 imagi-

244 2325 291 2353 nis
307 2323 492 2359 spatharium
516 2322 711 2351 devolverunt
734 2323 763 2351 in
793 2325 913 2357 terram,
935 2332 1066 2361 eumque

243 2370 400 2406 carpentes
415 2368 601 2395 tradiderunt
618 2368 704 2396 morti
716 2376 722 2402 ;
734 2368 816 2396 nulla
840 2368 949 2397 deinde
970 2369 1063 2397 inter-

244 2414 342 2453 posita
357 2421 441 2441 mora
455 2414 674 2449 procurrentes,
695 2413 868 2441 invaserunt
883 2413 1065 2449 patriarcha-

243 2461 302 2489 lem
316 2459 451 2492 domum,
467 2457 618 2493 lapidibus
638 2457 813 2493 impetentes
833 2458 960 2494 impium
986 2463 1064 2488 Ana-

244 2502 653 2538 stasinm,vociferantesque.
661 2512 675 2526 »
683 2503 704 2530 Ο
712 2502 1063 2538 eaputimpurissimum!

244 2562 257 2576 (ι
283 2559 301 2578 o
320 2548 439 2577 inimice
460 2547 588 2576 veritatis
607 2547 613 2574 ι
638 2546 747 2574 ldeone
770 2546 966 2582 praesulatum
992 2549 1064 2576 arri-

243 2595 342 2632 puisti,
360 2594 605 2621 utsacrosanctas
622 2593 734 2618 statuas
752 2593 894 2618 evel-teres
910 2591 923 2619 ‘2
938 2603 952 2617 ››
968 2593 1064 2625 Quam

243 2638 457 2668 contumeliam
472 2645 533 2665 non
552 2636 649 2664 ferens
667 2634 812 2671 profanus
836 2635 895 2669 ille,
910 2636 979 2672 fuga
999 2646 1063 2666 sese

242 2683 383 2711 subduxit
409 2691 424 2710 e
448 2682 611 2716 conspectu
646 2678 853 2714 religiosarnm
877 2681 1060 2716 mulierum;

241 2731 330 2762 atque
345 2727 382 2755 ad
394 2730 556 2763 tyrannum
581 2731 645 2751 sese
656 2722 819 2764 recipiens;
843 2724 939 2754 effecit
961 2725 1059 2754 utilite

237 2771 352 2801 btn'mea
367 2768 660 2800 mortitraderentur-
679 2771 693 2793 n‘

220 2865 300 2904 Ἦ.

1121 2233 1560 2270 pace,cxtuleruntrcligiosius,
1577 2234 1747 2262 fortassisin
1758 2243 1793 2261 eo
1803 2234 1872 2270 ipso,
1885 2229 1924 2256 ubi

1121 2279 1355 2307 sanctimonialis
1370 2279 1491 2314 vixerat,
1508 2278 1657 2308 ριΒΠΟΜΟ.
1676 2279 1820 2312 Quoniam
1840 2278 1922 2305 autrul

1120 2323 1211 2358 diem,
1226 2332 1287 2360 quo
1302 2326 1432 2351 mactata
1447 2323 1605 2351 crudeliter
1620 2322 1889 2357 fuerat,adduxerat
1899 2320 1921 2345 iu

1120 2368 1300 2396 oblivionem
1316 2376 1401 2395 saeva:
1408 2368 1621 2404 persecutionis
1630 2368 1810 2396 diuturnitas
1821 2369 1846 2394 et
1865 2363 1921 2392 taci-

1121 2412 1438 2448 turnitasscriptorum,
1449 2412 1559 2448 placuit
1569 2421 1722 2440 assumere
1729 2413 1808 2440 hunc
1817 2411 1885 2439 diem
1898 2408 1920 2433 t‘J

1121 2458 1183 2486 Maii
1197 2457 1279 2494 quod
1305 2457 1459 2485 Orientalis
1478 2458 1576 2485 omnis
1599 2457 1727 2485 Ecclesia
1748 2454 1921 2485 celeberrimo

1120 2502 1200 2530 cultu
1222 2502 1411 2538 prosequitur
1426 2503 1453 2530 S.
1468 2502 1679 2536 Theodosium,
1706 2505 1862 2538 martyrem
1874 2499 1919 2525 CtB‘

1120 2555 1212 2575 sarem
1224 2547 1253 2574 in
1269 2546 1435 2581 Palaestina,
1444 2547 1480 2574 de
1489 2555 1550 2583 qua
1558 2555 1613 2575 nos
1623 2547 1739 2582 egimus
1747 2547 1794 2574 die
1801 2549 1816 2573 2
1824 2541 1918 2581 Aprilis-

1156 2593 1181 2620 εἰ.
1200 2592 1240 2619 ita
1256 2599 1366 2619 nomen
1381 2591 1444 2626 ejus
1458 2591 1632 2627 inscriptum
1655 2591 1800 2627 reperitur
1821 2584 1917 2618 Menzeis

1118 2637 1328 2672 exeusis,qute
1351 2636 1410 2663 fere
1434 2635 1567 2672 sequitur
1594 2636 1739 2664 Maximus
1768 2635 1916 2671 Cythereius

1117 2682 1141 2708 ἐν
1159 2682 1227 2718 (sint;
1240 2682 1344 2718 Ἀγὶων,
1361 2681 1410 2710 ubi
1427 2685 1495 2718 post
1521 2683 1693 2710 cncomiou
1717 2682 1857 2718 prmdictze
1875 2683 1915 2704 an-

1116 2727 1207 2763 tiqme
1219 2726 1392 2755 Theodosia:
1407 2727 1527 2754 additur
1547 2726 1690 2754 memoria
1701 2729 1813 2754 sancite
1838 2720 1916 2763 ilosiu-

1114 2762 1242 2808 inaryris
1253 2771 1426 2800 Theodosia:
1443 2771 1790 2808 Cotistantitiopotitanie,
1808 2768 1866 2799 cum
1879 2762 1911 2793 81'
