1963 3084
26 123 91 152 889

721 121 756 149 1N
777 121 805 149 S.
825 120 1060 149 THEODOSIAM.

1678 125 1732 153 890

26 187 166 216 lusione
177 187 216 215 ad
226 187 386 216 arietinum
396 193 505 219 cornu,
517 192 578 222 quo
586 183 686 212 cervix
697 183 724 212 ei
736 183 853 212 contra-
867 185 890 212 Α
908 184 999 220 toque
1013 185 1072 211 tres
1086 178 1142 211 sibi
1154 183 1301 219 imagines
1315 185 1511 221 comparavit,
1526 184 1643 222 [Christi
1655 186 1730 215 scili-

31 234 87 261 cta
105 235 168 267 est,
185 239 238 268 per
257 231 433 268 hujusmodi
452 229 620 259 distichon:

178 287 258 324 Κέρας
272 290 347 324 κριοῦ
365 286 464 314 κτεῖναν
478 295 515 318 σε,
533 282 676 318 Θιοδοσία,

175 330 262 368 Ὠφθη
273 333 327 358 νέον
347 341 389 358 σοι
401 335 448 362 τῆς
459 329 614 367 Ἀμαλθείας
624 331 710 365 κέρας.

74 376 101 406 Α
109 376 226 405 lterum
233 376 401 405 Amalthea;
408 377 500 404 visum
512 377 562 410 est,
576 372 747 402 Theodosia.
760 379 854 400 cornu

95 421 170 450 Hoc
182 421 246 456 tibi,
257 429 314 458 quo
326 420 445 450 Christo
456 421 576 449 victima
583 418 715 455 pulchra
726 417 817 446 cadis.

76 476 107 502 ϐ.
126 474 244 503 Eadem
258 474 415 508 memoria,
428 482 498 502 cum
508 472 597 501 simili
607 471 734 500 disticho
744 471 854 507 reperi~

37 521 92 547 tur
104 519 138 547 in
146 527 208 548 ms.
219 519 385 555 Synaxario
397 518 579 548 Chiﬁletiano
592 526 598 546 :
608 517 658 545 ubi
669 517 791 552 insuper
797 515 854 544 hoc

37 563 82 592 de
101 564 180 598 vita,
192 564 336 601 martyrio
348 566 376 592 et
390 563 471 592 cultu
484 564 550 599 ejus
565 563 696 597 elogium
724 560 852 593 additur,

36 608 132 644 quod
146 617 185 637 ex
201 609 268 645 ipso
284 609 428 638 collatum
441 616 510 637 cum
522 610 603 636 textu
615 606 772 643 Synaxarii
793 605 855 633 Cla-

36 654 224 682 romontani
234 653 274 681 ad
290 656 320 682 18
338 654 418 688 Julii,
431 653 473 681 sic
497 655 584 681 sonat
600 663 605 681 :
632 652 701 681 Αὕτη
718 650 748 680 ἦν
763 650 786 677 ἐν
799 654 855 681 τοῖς

39 700 158 736 χρόνοις
173 697 321 726 Θεοδοσίου
344 699 401 734 ίτοῦ
427 697 635 736 Ἀτραμυτηνοῡ]
663 698 754 733 γονέων
785 695 853 722 εὐσε-

318 743 345 770 ἱκ
383 748 429 774 τῆς
462 741 754 772 Κωνσταντινουπόλιως
777 751 784 758 ο
809 742 854 767 καὶ

40 790 190 824 γινομένης
224 788 362 820 ἑπταέτους
394 789 407 814 ὁ
439 790 525 825 πατὴρ
567 787 737 821 ὶτιλεύτησεν,
766 787 780 815 ἠ
825 783 854 812 δὲ

40 836 138 870 μήτηρ
171 832 288 860 λαϐοῦσα
317 835 363 862 τὴν
384 831 470 859 παῖδα
490 832 620 870 ἀπέκειρεν
635 833 659 858 ἓν
679 841 729 857 τινι
751 834 800 856 τῶν
828 829 853 856 ἄν

40 878 185 913 Βυζαντίῳ
203 879 405 914 μοναστηρὶων·
435 875 490 903 εἶτα
517 880 562 904 καὶ
590 878 604 906 ἡ
637 878 723 913 μήτηρ
749 875 855 911 τελευτᾷ

39 921 236 958 καταλείψασα
262 926 292 958 τῇ
322 924 447 959 Μακαρία
470 924 516 952 τήν
543 921 604 951 ὃλην
632 920 783 958 περιουσίαν
806 919 853 946 αὐ-

39 972 103 998 τῆς·
115 967 147 994 ἰι
165 965 196 994 δὲ
215 966 242 993 ἐκ
266 970 386 1003 χρουσοῡ
409 969 454 993 καὶ
481 965 594 1004 ἀργύρου
617 969 684 1003 τρεῖς
714 963 789 1000 ἁγίας
817 963 853 991 εἱ-

41 1014 121 1042 κόνας
138 1012 365 1038 κατασκιυὰσασα
387 1010 445 1047 [τοῦ
494 1009 693 1048 Χριστοὺ],τῆς
711 1010 852 1044 Θεοτὸκου,

44 1059 92 1083 καὶ
130 1061 180 1087 τῆς
205 1056 280 1092 ἁγίας
300 1057 488 1091 Ἀναστασίας,
505 1057 537 1082 τα
555 1055 634 1081 λοιπὰ
663 1053 773 1090 διένειμε
798 1057 853 1084 τοῖς

46 1105 171 1138 πτωχοῖς
189 1101 246 1136 [καὶ
260 1101 401 1138 ὀρφανοις].
428 1101 501 1127 Μετὰ
528 1098 558 1127 δὲ
573 1110 631 1126 τινα
656 1101 751 1136 χρόνον
777 1100 853 1126 Λέον-

44 1156 87 1176 τος
121 1150 170 1172 τοῦ
196 1144 343 1177 δυσσεϐοῦς
370 1149 417 1176 τῆς
450 1144 589 1181 βασιλείας
616 1143 790 1181 ὃραξαμένου,
819 1144 853 1175 ὡς

46 1195 94 1217 τοῦ
110 1190 298 1217 εὐσεϐεστάτου
319 1188 466 1217 Θεοδοσίου
484 1190 719 1226 ὑποχωρήσαντος,
745 1186 793 1215 διὰ
824 1189 853 1214 τὸ

40 743 96 771 ϐῶν
141 745 258 781 θυγάτηρ
270 766 278 780 ,

45 1238 82 1272 μὴ
100 1236 241 1262 πείθεσθαι
255 1239 309 1267 τοῖς
332 1234 452 1262 ἀσεϐέσιν
479 1234 558 1262 αὑτοῦ
587 1233 704 1271 δόγμασι
731 1235 775 1260 τὸν
805 1235 852 1269 μέ-

43 1291 94 1316 γαν
109 1280 135 1306 ἐν
151 1282 333 1317 πατριὰρχαις
351 1282 480 1317 Γερμανόν
511 1278 612 1316 [τοῦτον
639 1279 704 1316 μετά
734 1277 852 1316 ῥοπάλων

45 1328 91 1352 καὶ
121 1325 203 1361 ξιφῶν
228 1329 273 1351 τοῦ
304 1327 495 1362 πατριαρχείου
523 1324 673 1360 anthr/xc]
688 1335 694 1341 -
720 1323 785 1350 ἀλλὰ
809 1325 853 1350 καὶ

46 1373 94 1399 τὴν
123 1370 202 1405 ἁγίαν
249 1372 293 1396 καὶ
334 1371 493 1398 Δεσποτικήν
535 1369 621 1395 εἰχονα
659 1372 774 1405 Χριστοῦ
807 1371 852 1394 τοῦ

48 1417 113 1441 Θεοῦ
143 1415 228 1451 ἡμῶν,
255 1417 302 1444 τὴν
333 1413 503 1452 [ίδρυμέμην]
527 1415 643 1452 ὑπεράνω
676 1417 725 1440 τῶν
755 1413 851 1446 πυλῶν,

49 1460 74 1487 ἐν
90 1460 186 1496 αῐσπιρ
202 1457 262 1495 [διὰ
275 1461 317 1486 τόν
341 1461 514 1496 χαρακτῆρα]
532 1460 547 1488 ἡ
576 1458 640 1494 ἁγία
665 1458 754 1488 Χαλιῆ
785 1457 853 1493 λέγεο

49 1514 104 1538 ται,
133 1502 259 1532 ἔσπευδεν
285 1505 298 1530 ὁ
328 1505 490 1541 θηριὼνυμος
524 1507 683 1539 κατενεγκεῖν
710 1505 755 1529 καὶ
789 1504 854 1538 πυρί

50 1547 227 1586 παραδοῦναι.
253 1551 304 1576 Καὶ
333 1549 357 1575 ἄν
384 1547 404 1584 ᾧ
433 1552 517 1575 ταῦτα
546 1548 660 1581 ἐτελεῖτο,
688 1550 733 1574 καὶ
752 1548 765 1574 ὁ
788 1557 853 1574 σπα-
870 1544 889 1571 C

52 1595 141 1632 οὰριος
152 1592 183 1622 ἦν
205 1593 248 1620 ἐπί
274 1597 320 1624 τῆς
346 1592 474 1629 κλίμακος
499 1592 576 1629 [μετὰ
590 1596 637 1624 τῆς
661 1591 771 1627 alitum],
792 1591 854 1628 βου-

53 1638 156 1675 λόμενος
183 1640 230 1667 τήν
255 1636 356 1675 [ἁγίαν]
374 1638 460 1664 iam
472 1637 636 1670 καταϐαλεῖν,
660 1637 743 1671 εὐθύς,
768 1637 782 1666 ἡ
804 1646 854 1673 μα-

51 1687 130 1720 καρία
151 1681 286 1710 Θιοδοσία
299 1682 355 1719 μεθ’
384 1682 472 1720 ἱτερων
500 1686 628 1718 γυναικῶν
657 1681 779 1712 εὐσεϐῶν,
807 1685 854 1712 τῆς

51 1728 175 1763 κλίμακος
207 1725 380 1764 δραξάμεναι,
413 1729 458 1753 καὶ
492 1729 535 1753 τὸν
566 1727 710 1763 σπαθὰριον
748 1730 778 1762 τῇ
819 1730 853 1762 γῇ

53 1771 253 1809 προσριψασαι,
285 1775 322 1806 τῷ
352 1772 453 1807 θανάτῳ
479 1769 634 1807 παρέδωκαν
652 1782 658 1788 ·
688 1773 733 1798 καὶ
777 1780 856 1796 διατα-

50 1816 181 1843 λαξοὺσαι
201 1818 230 1842 τὸ
258 1819 458 1853 πατριαρχεῑον,
478 1815 640 1842 ἰλιθοϐυλονν
666 1817 709 1842 τὸν
737 1813 853 1844 δυσσεϐῆ

52 1861 228 1888 Ἀναστάσιον
242 1862 286 1887 τὸν
301 1861 482 1897 πατριάρχην.
504 1862 657 1897 Ηαραυτίκα
685 1858 728 1886 οὖν
756 1860 783 1885 αὶ
811 1860 855 1895 μὲν

52 1906 141 1933 λοιπαί
179 1910 229 1932 τῶν
262 1909 391 1941 γυναικῶν
435 1905 693 1941 ὰπεκεφαλίσθησαν,
737 1906 784 1933 τὴν
827 1902 856 1930 δὲ

55 1951 130 1987 ἁγίαν
166 1950 237 1987 ὠμὸς
269 1960 309 1981 τις
341 1952 386 1976 καὶ
431 1950 600 1986 ἀπάνθρωπος

52 1997 100 2032 πρὸ
127 1996 172 2021 τὸν
209 1997 281 2028 Βοῦν,
308 1993 392 2020 λαϐὼν
415 1996 492 2032 κέρας
528 1997 613 2030 κριοῦ,
647 1996 691 2020 καὶ
719 1991 856 2029 μανιωδῶς

641 1949 718 1976 ἢχων
760 1947 857 1984 δήμιος

54 2041 121 2066 κατά
136 2041 180 2065 τόν
196 2039 296 2074 αὐχένα
317 2038 420 2070 ἐλάσας,
452 2040 495 2064 τὸν
520 2043 565 2065 τον
590 2040 734 2075 μαρτυρίου
765 2040 857 2074 στέφα-

54 2095 94 2111 νον
108 2084 174 2120 αὐτῇ
204 2083 372 2121 προύξένησέ.
399 2085 462 2120 Περὶ
490 2081 519 2109 δὲ
546 2087 594 2109 τῶν
623 2082 733 2120 ἀπείρων
756 2083 856 2118 θαυμα-

55 2140 113 2163 των,
144 2132 194 2154 τῶν
223 2128 282 2154 καθ’
316 2128 429 2157 ἑκάστην
472 2126 509 2154 δι’
543 2127 624 2159 αὐτῆς
661 2127 855 2164 ἐνεργουμένων,

56 2175 138 2205 ἔξεστι
153 2174 280 2208 παντιτῷ
297 2172 444 2209 βουλομένῳ
466 2173 613 2208 μανῦάνειν.
638 2172 752 2199 Τελεῐται
782 2171 810 2199 δὲ
839 2173 853 2201 ἡ

56 2218 135 2247 αὐτῆς
162 2217 268 2249 σᾶναξις
301 2216 324 2243 ἐν
352 2220 383 2252 τῇ
409 2221 473 2252 μονῇ
508 2220 553 2242 τοῦ
597 2217 763 2253 Διοχράτους,
798 2217 892 2250 ἔνθαο

56 2263 183 2290 κεῖταιτό
211 2262 286 2297 ἅγιον
309 2262 389 2292 αὐτῆς
414 2260 544 2296 λείψανον.
576 2263 643 2289 Htec
675 2261 734 2295 ibi;
761 2261 856 2289 verbis

56 2316 122 2344 qua:
138 2307 147 2342 [
164 2306 289 2343 ]inclusi
300 2306 558 2335 eClaromontano
567 2306 705 2342 sumptis,
723 2306 774 2334 ubi
789 2306 857 2334 ﬁnis

56 2353 144 2380 etiam
160 2351 203 2379 sic
217 2350 354 2379 diversus
369 2351 514 2386 reperitur
526 2359 533 2378 :
551 2350 643 2377 Λαϐὼν
655 2353 728 2387 κέρας
742 2350 856 2387 ἀπέσφα-

58 2398 94 2429 ξεν
107 2396 199 2425 αὐτὴν.
221 2396 310 2426 Οὕτως
335 2394 378 2422 οὖν
407 2395 490 2426 καλῶς
521 2396 713 2432 ἁγωνισάμεναι
741 2396 776 2427 εἰς
800 2399 856 2431 χεῖ-

57 2452 103 2479 ρας
126 2444 193 2467 ϐίον
217 2442 249 2466 τὰ
283 2442 417 2476 πνεύματα
443 2440 539 2466 ἑαυτῶν
567 2441 714 2477 παρὲοεντο.
743 2440 857 2467 Τελεῐται

59 2485 87 2513 0“:
101 2487 115 2515 ἠ
128 2487 227 2516 ταύτης
243 2484 359 2518 σὺναξις,
375 2484 400 2510 ἐν
473 2485 537 2521 ἁγίᾳ
569 2489 632 2522 μονῇ
662 2495 708 2512 του
740 2489 858 2522 Σωτῆρος

60 2534 172 2568 Χριστοῦ
188 2534 234 2555 τοῦ
244 2529 384 2567 Εὐεργέτου

91 2579 117 2603 ‘7.
132 2587 142 2599 ‹
157 2574 221 2602 Fuit
233 2574 297 2602 haec
313 2574 341 2601 in
356 2574 624 2602 diebus'i‘lieodosii
639 2574 856 2610 [Adramyteni]

59 2622 174 2658 piorum
189 2621 348 2655 parentum
363 2619 424 2647 ﬁlia
439 2627 474 2647 ex
495 2619 569 2648 urbe
588 2619 855 2656 Constantinopoli,

60 2673 123 2702 quin
139 2672 208 2692 cum
223 2663 374 2699 septennis
385 2663 462 2692 facta
472 2664 857 2700 amisissetpatrem,mater

62 2709 168 2745 accepit
177 2707 282 2741 ﬁliam,
294 2706 322 2736 et
332 2708 362 2736 in
373 2716 433 2736 uno
441 2709 692 2737 monasteriorum
705 2709 856 2744 Byzantio-

62 2762 122 2787 rum
131 2752 260 2781 attondit
273 2761 281 2786 ς
292 2752 401 2791 deinde
416 2753 489 2790 obiit
498 2753 587 2792 etiam
598 2753 675 2790 ipsa,
685 2753 856 2791 relinquens

62 2798 335 2827 ﬁliasuamomnem
341 2793 543 2829 substantiam.
552 2798 617 2828 Hec
623 2806 660 2828 ex
670 2797 744 2829 auro
750 2798 855 2835 argen.

908 227 975 263 cet],
991 227 1184 264 Deiparaeque
1205 228 1412 264 sanctissimae,
1441 231 1469 258 et
1493 230 1520 258 S.
1551 231 1728 267 Anastasiaa,

909 274 1016 300 caetera
1029 272 1180 301 distribuit
1194 274 1224 301 in
1237 281 1394 310 pauperes.
1412 275 1480 302 Post
1506 274 1629 312 aliquod
1658 283 1729 304 vero

909 319 1037 353 tempus,
1046 325 1114 345 cum
1121 317 1230 354 impius
1242 319 1298 346 Leo
1305 319 1479 355 arripuisset
1488 319 1731 356 imperium,piis-

909 362 986 390 simo
999 362 1167 390 Theodosio
1174 371 1238 390 sese
1245 363 1430 392 subducente
1439 372 1445 397 ;
1453 372 1599 400 magnum
1606 365 1732 401 patriar-

909 405 998 434 cham
1014 407 1205 443 Germanum,
1221 415 1256 436 eo
1271 408 1353 444 quod
1368 408 1460 437 nollet
1474 409 1567 444 impio
1581 409 1645 445 ejus
1655 408 1731 444 dog-

908 452 982 480 mati
994 452 1157 486 adhaerere,
1174 453 1254 488 [cum
1270 453 1380 488 gladiis
1395 456 1424 482 et
1434 453 1563 482 fustibus
1578 462 1593 482 e
1607 454 1730 491 patriar-

909 497 986 532 chio]
1001 497 1122 533 expulit,
1140 499 1167 525 et
1181 501 1316 526 sanctam
1328 501 1416 534 atque
1429 498 1730 534 Dominicamimagi—

909 549 978 569 nem
994 542 1110 570 Domini
1121 543 1226 576 nostri,
1242 551 1332 579 supra
1346 545 1463 580 portam
1477 552 1555 580 quae,
1585 544 1636 581 [ab
1664 544 1730 580 ipso

909 586 1080 621 simulacro,
1093 587 1207 625 sancta]
1224 589 1316 616 {Enea
1334 588 1451 622 dicitur,
1479 588 1666 625 collocatam,
1683 596 1731 617 co-

908 632 996 658 natus
1010 633 1054 659 est
1068 631 1194 667 dejicere
1210 632 1318 660 efferus
1333 635 1422 669 atque
1436 633 1498 668 igni
1511 633 1639 662 tradere.
1656 635 1730 662 Cum

909 677 1009 703 autem
1020 676 1077 703 hoc
1086 678 1232 711 ageretur,
1244 679 1272 705 et
1283 677 1452 713 spatharius
1463 678 1542 713 [cum
1552 678 1658 714 securi]
1665 678 1730 713 jam

909 720 1024 748 essetin
1034 721 1239 755 scalis,volens
1251 729 1369 750 sacram
1376 722 1504 758 effigiem
1514 723 1648 757 amoliri;
1659 730 1729 751 con-
1740 733 1742 735 ·

909 765 991 792 tiuuo
1007 766 1034 793 S.
1046 765 1211 793 Theodosia
1227 766 1352 802 aliaeque
1365 767 1422 803 pire
1431 767 1570 795 mulieres
1578 767 1730 804 arripuere

909 810 1017 845 scalas,
1032 812 1061 838 et
1072 810 1221 845 dejectum
1237 812 1266 839 in
1282 813 1376 839 terras
1389 812 1575 848 spatharium
1592 812 1658 840 neci
1682 812 1731 840 de-

869 864 890 891 Β
909 854 1017 883 derunt
1035 865 1041 889 ;
1063 855 1307 892 incurrentesque
1321 856 1350 884 in
1361 857 1586 892 patriarchium,
1604 859 1730 886 Anasta-

909 899 986 926 sium
999 899 1334 935 pseudo-patriarcham
1345 903 1498 937 coeperunt
1512 901 1656 937 lapidare.
1670 902 1732 930 Sta.-

908 943 960 971 tim
975 943 1063 979 igitur
1077 943 1198 980 reliquae
1216 944 1339 981 quidem
1360 945 1499 973 mulieres
1514 946 1610 982 capite
1636 945 1730 982 plexas

908 991 987 1021 sunt,
1003 989 1142 1016 Sanctam
1155 996 1226 1017 vero
1244 989 1371 1017 crudelis
1391 989 1516 1026 quidam
1532 992 1621 1026 atque
1643 990 1731 1018 inhu-

906 1040 1016 1060 manus
1025 1033 1155 1061 carnifex
1167 1034 1289 1061 trahens
1301 1034 1340 1062 ad
1354 1034 1454 1062 locum
1466 1035 1553 1062 Bovis
1564 1034 1687 1068 dictum,
1703 1036 1731 1062 et

908 1085 1001 1105 cornu
1010 1077 1108 1105 arietis
1123 1078 1254 1114 rapiens,
1264 1078 1336 1106 illud
1349 1079 1378 1106 in
1393 1080 1538 1107 cervicem
1549 1078 1730 1107 furibundus

906 1122 1041 1158 impegit,
1058 1122 1144 1158 eique
1156 1123 1275 1159 martyii
1301 1131 1444 1152 coronam
1470 1123 1575 1152 attulit.
1602 1125 1642 1151 De
1664 1123 1731 1151 inﬁ-

907 1168 975 1195 nitis
981 1175 1071 1204 porro
1080 1168 1239 1201 miraculis,
1249 1176 1317 1205 quae
1326 1169 1459 1205 quotidie
1467 1176 1521 1205 per
1531 1169 1628 1205 ipsam
1644 1169 1730 1204 ﬁunt,

907 1213 1002 1240 cuivis
1023 1213 1096 1241 scire
1107 1213 1217 1241 volenti
1232 1216 1407 1250 promptum
1423 1216 1467 1242 est
1481 1214 1596 1242 discere
1612 1222 1618 1241 :
1635 1213 1732 1250 agitur

908 1259 1008 1285 autem
1022 1257 1098 1285 illius
1114 1257 1256 1286 festivitas
1273 1258 1302 1286 in
1315 1259 1497 1287 monasterio
1511 1258 1662 1294 Diocratis,
1678 1258 1731 1286 ubi

908 1305 1012 1330 sancta
1028 1302 1092 1337 ejus
1105 1302 1224 1338 lipsana
1234 1303 1435 1339 requiescunt.
1452 1314 1465 1328 η

944 1358 968 1384 8.
984 1355 1105 1390 Eadem,
1123 1355 1175 1382 sed
1191 1356 1229 1383 ad
1246 1356 1278 1383 18
1293 1356 1372 1390 Julii,
1389 1357 1512 1392 quando
1531 1357 1608 1385 forte
1630 1356 1732 1392 aliqua.

907 1400 1013 1428 elevati
1021 1399 1193 1428 translative
1200 1401 1333 1436 corporis
1343 1401 1489 1429 memoria
1502 1402 1608 1436 agitur,
1620 1400 1732 1429 haben-

907 1446 954 1472 tur
968 1444 998 1471 in
1012 1452 1066 1471 ms.
1083 1445 1249 1480 Synaxario
1266 1444 1508 1479 Claromontano,
1519 1446 1644 1482 aliisque
1657 1453 1729 1474 mss.

907 1489 937 1516 in
953 1488 1134 1516 bibliotheca
1163 1489 1364 1517 Ambrosiana
1388 1490 1554 1523 Mediolani,
1578 1493 1606 1517 et
1631 1490 1731 1517 Ducali

908 1533 1079 1561 Sabaudica
1096 1534 1214 1561 Taurini
1240 1534 1362 1569 repertis
1379 1534 1451 1562 :sed
1475 1535 1506 1562 in
1531 1534 1731 1562 Ambrosiano

909 1578 1021 1611 codice,
1037 1586 1092 1614 pro
1112 1580 1243 1614 tempore
1262 1578 1417 1606 Theodosii
1445 1578 1649 1615 Adramyteni,
1679 1578 1731 1614 qui

910 1622 998 1650 Leoni
1010 1623 1168 1658 imperium
1179 1623 1276 1657 cessit,
1289 1625 1408 1651 notatur
1418 1625 1537 1659 tempus
1546 1621 1732 1650 Constantini

910 1667 1101 1703 Copronymi,
1118 1675 1172 1703 per
1185 1668 1379 1695 manifestum
1404 1676 1554 1696 errorem:
1573 1670 1601 1695 et
1629 1674 1732 1695 mona-

910 1712 1043 1746 sterium,
1059 1712 1141 1748 quod
1158 1712 1226 1740 alibi
1243 1713 1475 1746 Dz‘ocratis,istic
1486 1713 1672 1741 Dexiocralis
1681 1719 1734 1748 ap-

910 1756 1048 1792 pellatur.
1064 1757 1109 1784 Sic
1122 1759 1222 1785 autem
1233 1765 1332 1785 revera
1346 1757 1561 1794 appellandum
1579 1757 1666 1787 docet
1677 1757 1732 1784 Co-

910 1802 1010 1835 diuus,
1019 1810 1053 1830 ex
1061 1810 1121 1838 quo
1132 1803 1259 1837 Cangius
1268 1803 1297 1830 in
1306 1811 1360 1831 sua
1372 1803 1635 1838 Constantinopoli
1647 1801 1732 1830 Chri-

910 1848 1010 1874 stiana
1022 1847 1137 1881 asserit,
1150 1848 1353 1875 Dexiocratem
1366 1848 1445 1875 hunc
1456 1847 1616 1884 patricium
1632 1846 1732 1880 fuisse,

911 1894 938 1919 et
952 1892 1008 1919 sub
1024 1892 1189 1920 Theodosio
1204 1893 1323 1920 Juniore
1348 1892 1495 1926 ﬂoruisse,
1521 1894 1550 1920 et
1577 1891 1734 1920 ecclesiam

911 1944 972 1964 una
983 1945 1052 1964 cum
1066 1937 1236 1970 gerocomio
1248 1937 1305 1973 ipsi
1317 1937 1419 1965 addito
1430 1938 1467 1965 de
1478 1945 1533 1965 suo
1546 1937 1668 1965 nomine
1683 1943 1734 1972 ap-

912 1982 1050 2017 pellasse.
1069 1985 1098 2010 In
1115 1982 1345 2010 Claromontano
1358 1985 1469 2016 autem,
1481 1983 1594 2010 omissa
1606 1982 1734 2010 miracu-

911 2026 1008 2054 lorum
1025 2029 1076 2054 aut
1104 2027 1297 2062 reliquiarum
1323 2028 1484 2061 mentione,
1521 2027 1583 2055 lucc
1614 2026 1734 2062 ponitur

912 2072 1045 2100 clausula
1064 2081 1069 2099 :
1083 2082 1097 2098 οι
1117 2072 1269 2107 Accipiens
1280 2080 1372 2099 cornu
1387 2072 1525 2100 mactavit
1536 2079 1613 2099 eam.
1629 2070 1733 2105 Sicigi-

912 2120 958 2145 tur
971 2117 1094 2153 pulchre
1108 2117 1304 2150 decertantes,
1322 2117 1477 2145 animasin
1490 2117 1539 2145 Dei
1553 2123 1664 2144 manus
1677 2117 1734 2143 tra-

911 2162 1068 2190 diderunt:
1092 2162 1168 2189 illius
1185 2170 1255 2190 vero
1278 2162 1419 2190 festivitas
1448 2163 1545 2198 agitur
1573 2162 1602 2190 in
1630 2162 1734 2190 sancto

912 2207 1093 2235 monasterio
1105 2207 1266 2235 Sulvatoris
1278 2207 1394 2242 Christi,
1404 2207 1472 2236 dicti
1488 2207 1648 2236 Benefici.»
1662 2205 1736 2234 Can-

911 2254 976 2288 gius
987 2253 1016 2280 in
1028 2261 1083 2280 sua
1095 2252 1355 2287 Constantinopoli
1366 2253 1541 2281 Christiana
1551 2252 1588 2280 de
1604 2252 1662 2280 hoc
1673 2259 1736 2279 mo-

911 2297 1041 2326 nasterio
1051 2297 1114 2324 fuse
1127 2297 1198 2330 agit.
1209 2296 1355 2333 docetque
1365 2296 1446 2324 haud
1458 2296 1561 2333 procul
1573 2304 1591 2325 δ.
1601 2296 1736 2324 Blacher-

911 2343 958 2370 nis
972 2343 1057 2377 juxta
1076 2341 1156 2369 littus
1177 2341 1268 2369 fuisse
1286 2351 1290 2369 :
1309 2350 1378 2370 cum
1405 2350 1466 2378 quo
1494 2341 1612 2369 videtur
1639 2341 1735 2369 facere

910 2387 994 2424 quod
1005 2387 1137 2423 sequitur
1151 2387 1335 2419 Encomium,
1348 2387 1420 2414 dum
1436 2395 1520 2414 num.
1536 2388 1569 2414 34
1580 2387 1629 2419 ait,
1642 2393 1735 2422 prope

910 2432 991 2460 littus
1002 2432 1113 2459 sedisse
1125 2434 1310 2459 contractum
1318 2432 1491 2467 quemdam,
1500 2431 1629 2467 indeque
1637 2430 1736 2459 subla-

912 2480 974 2504 tum
990 2477 1122 2504 humeris
1137 2484 1203 2504 esse
1213 2476 1249 2504 ad
1268 2477 1403 2504 tumbam
1414 2478 1538 2509 Sanctae,
1553 2476 1603 2503 ubi
1614 2478 1736 2503 curatus

912 2525 968 2550 est.
986 2523 1119 2550 Fortasse
1135 2522 1283 2549 sociarum
1298 2521 1456 2549 mulierum
1471 2529 1599 2556 corpora
1621 2520 1736 2556 sepulta.

912 2567 941 2595 in
954 2566 1132 2594 Dcxiocratis
1143 2566 1322 2594 monasterio
1337 2566 1468 2599 fuerant;
1485 2567 1514 2593 et
1524 2567 1644 2601 propter
1656 2572 1736 2592 com-

913 2620 1035 2639 munem
1051 2619 1153 2639 earum
1166 2619 1234 2639 cum
1249 2610 1414 2638 Theodosia
1430 2610 1614 2646 passionem,
1629 2609 1735 2645 hujus-

911 2664 1033 2693 quoque
1048 2656 1189 2683 festivitas
1204 2655 1316 2683 ibidem
1345 2655 1393 2690 agi
1422 2654 1595 2690 ibidemque
1624 2661 1735 2690 corpus

910 2701 1094 2737 requiescere
1110 2703 1257 2729 censetur.

946 2757 970 2782 9.
986 2756 1159 2782 Prmtactum
1174 2753 1364 2787 miraculum,
1387 2752 1506 2789 aliaque
1533 2752 1676 2789 deinceps
1705 2751 1736 2789 iu

911 2790 1053 2828 Encomio
1064 2800 1193 2834 narrata,
1210 2790 1320 2826 sceculo
1336 2787 1468 2834 primum
1483 2796 1534 2826 xin
1549 2787 1676 2826 exeunte
1685 2787 1737 2825 aut
