1963 3084
213 110 264 139 891

815 110 1049 140 CONSTANTINI
1065 111 1309 141 ACROPOLITE.

1874 115 1941 142 892

212 181 261 202 XIV
293 174 434 202 inchoato
452 175 571 210 patrata
594 176 687 202 sunt:
710 175 779 202 ante
805 181 873 210 quae
898 176 1035 210 tempora
1048 174 1073 200 Α
1092 174 1216 202 invidit:
1233 185 1246 198 η
1262 175 1290 202 ia
1306 175 1436 204 Diatriba
1455 180 1556 206 autem
1580 178 1617 206 de
1638 178 1817 207 Simeonum
1847 178 1941 205 scri—

213 218 488 255 oporteretpridem
514 218 658 246 accidisse
684 218 744 250 illa,
769 227 898 254 quorum
923 219 1034 246 mentio

212 263 247 290 ﬁt
270 263 299 290 in
329 262 512 298 Synaxariis,
540 265 569 290 et
592 263 764 299 antiquiora
801 263 903 299 aliqua
939 263 1035 299 ipsius

214 308 329 336 Sanctae
344 307 495 335 exstitisse
513 309 580 335 acta
595 308 674 335 unde
687 310 809 344 accepta
820 308 878 336 sint
899 309 1034 344 Synaxa—

212 352 327 380 riorum
342 360 415 379 mss.
427 352 523 387 elogia
540 363 546 380 :
562 360 629 388 quae
655 355 727 381 Acta
752 353 843 381 modo
868 361 929 381 non
955 354 1034 381 inve-

213 397 343 424 niantur.
360 397 542 433 Utorumque
554 398 704 432 jacturam
720 401 872 434 utcunque
887 397 1037 434 supplebit

213 443 266 467 Tot)
297 442 448 477 σοφωτάτου
477 441 589 477 μεγάλου
617 443 761 477 Λογοθέτου
792 446 873 478 κυροῡ
902 446 1035 469 Kurd-rav-

213 488 296 520 τίνου,
319 489 364 511 τοῦ
397 485 593 522 Ἀκροπολίτου,
621 486 695 522 λογος
727 487 762 517 si;
787 489 833 516 τὴν
864 487 940 522 ἁγίαν
966 488 1036 514 ὁσιο-

214 529 336 567 μάρτυρα
363 529 528 558 Θεοδοσίανῖ
567 542 581 555 ι(
621 531 836 567 Sapientissimi
873 534 902 559 et
934 533 1036 567 magni

213 575 385 611 logothetae,
400 575 505 603 domui
524 575 708 603 Constantini
735 576 920 612 Acropolitae,
938 584 1035 604 sermo

213 620 245 648 in
269 622 404 648 sanctam
435 620 688 656 hosiomartyrem
709 621 908 649 Theodosiam
922 630 929 649 :
945 633 959 646 »
986 621 1035 649 de-

215 664 341 700 scriptus
366 672 403 692 ex
435 664 537 693 codice
567 665 716 693 Vaticano.
745 666 956 694 Constantinus
970 666 1034 699 iste,

213 710 402 746 propinquas
426 710 563 746 sepulcro
600 711 679 738 aedes
715 710 864 743 habitans,
904 710 1036 746 magnis-

214 761 274 790 que
288 753 328 782 ad
340 762 376 782 ea
395 757 456 782 tam
467 754 497 782 in
511 762 566 782 sua
579 762 673 790 quam
687 754 717 782 in
733 755 834 789 generi
850 755 897 782 sui
908 762 1038 791 persona

215 798 340 826 allectus
353 798 516 833 beneﬁciis,
531 799 611 826 hanc
621 799 699 827 illius
714 799 918 827 laudationem
942 799 1037 835 publi-

1090 219 1158 255 ptis,
1175 222 1279 254 praeter
1293 220 1417 249 hancde
1432 224 1459 250 ὃ.
1486 222 1662 256 Theodosia,
1689 226 1748 250 tres
1774 230 1893 250 earum
1921 229 1942 248 a

1089 271 1120 290 se
1133 267 1309 299 conspectas
1324 271 1471 300 numerat,
1484 278 1496 291 ‹‹
1511 267 1542 294 in
1560 269 1587 294 S.
1603 267 1806 303 Neophytum,
1833 267 1864 294 in
1903 267 1937 293 S.

1088 307 1277 336 Theodorum
1290 309 1436 344 Tironem,
1453 315 1481 338 et
1493 311 1523 338 in
1539 312 1567 339 S.
1587 312 1732 339 Joannem
1757 313 1940 339 Damasce-

1089 359 1198 381 num.»
1228 353 1284 381 Sed
1303 353 1431 382 dubium
1452 355 1516 390 ipse
1542 364 1631 384 suum
1655 356 1771 384 solvere
1796 355 1939 383 videtur

1089 396 1220 429 Allatius,
1233 398 1356 433 quando
1367 407 1403 426 ex
1413 400 1596 436 Pachymere
1607 401 1794 437 praelaudato
1807 400 1940 433 allegat

1089 440 1198 474 locum,
1213 442 1265 469 ubi
1280 442 1386 471 dicitur
1408 445 1595 472 Andronicus
1621 445 1820 480 Palaeologos,
1852 446 1939 480 post

1090 485 1204 513 obitum
1220 487 1322 522 patris.
1341 499 1350 511 ι
1367 491 1435 516 ante
1450 489 1523 517 alios
1552 498 1623 517 usus
1646 489 1796 518 Muzalone
1829 489 1938 517 Theo-

1089 530 1172 565 doro,
1200 539 1291 566 quem
1321 532 1389 560 illus
1418 537 1502 569 pater
1535 534 1564 562 iu
1610 535 1713 568 magni
1754 534 1938 569 logothetae

1089 575 1264 610 Acropolitm
1279 575 1427 604 demortui
1443 577 1543 606 locum
1554 579 1732 613 subrogarat
1749 587 1756 605 ε
1771 590 1784 602 ι»
1816 578 1938 614 utique

1090 619 1204 654 Georgii
1221 629 1227 647 :
1242 628 1314 647 nam
1328 621 1537 650 Constantinus
1553 625 1652 651 noster
1668 623 1739 650 vixit
1762 629 1838 650 cum
1867 625 1939 649 An-

1089 664 1224 699 dronico,
1236 665 1276 693 uti
1286 666 1351 700 jam
1363 675 1455 702 supra
1464 667 1576 696 dictum
1591 671 1644 696 est.

1130 709 1168 736 11.
1187 709 1262 742 Quin
1281 710 1343 738 imo
1371 711 1486 746 Georgii
1514 712 1592 740 illius
1620 712 1699 740 ﬁlius
1722 711 1818 740 fuisse
1846 712 1934 739 Con»

1091 754 1247 787 stantinus,
1260 754 1348 790 plane
1364 754 1510 790 colligitur
1525 764 1562 784 ex
1581 756 1632 784 lib.
1649 765 1683 791 v1,
1700 765 1767 793 cap.
1796 759 1846 789 26,
1870 757 1934 783 ubi

1091 801 1238 830 narratur,
1254 799 1410 834 quomodo
1430 801 1550 828 Michael
1574 801 1806 829 Constantinum
1834 803 1940 828 Acro-

215 851 248 871 ce
265 842 451 871 recitandam
465 844 644 880 composuit,
658 843 778 880 qualem
806 844 975 872 invenimus
1007 844 1037 872 in
1053 850 1074 877 Β
1092 842 1226 878 politam,
1243 854 1257 867 «
1273 851 1363 879 quem
1379 852 1397 871 a
1409 847 1490 880 patre
1515 853 1626 880 magno
1653 845 1806 881 logotheta
1835 853 1936 873 acce-

215 895 272 916 ms.
286 887 440 915 Vaticano.
452 888 645 923 lntelligimus
657 891 757 916 autem
773 889 891 916 Viennae
915 897 1037 925 quoque

214 933 245 960 in
261 932 396 960 Caesarea
415 931 595 960 bibliotheca
622 935 749 967 exstare,
779 936 807 961 et
834 934 882 961 hic
906 934 1037 968 primum

216 977 461 1005 Graeco-Latinam
477 977 653 1005 exhibemus
670 977 742 1005 :sed
758 985 847 1006 antea
863 980 1036 1014 quaerimus,

215 1021 283 1058 quis
309 1021 523 1050 Constantinus
551 1022 605 1050 iste
628 1022 724 1054 fuerit,
752 1025 780 1050 et
806 1030 868 1058 quo
903 1025 1038 1059 tempore

215 1066 329 1094 vixerit.
345 1066 389 1094 Ad
401 1066 459 1094 hoc
471 1066 678 1101 indagandum
702 1067 765 1102 ipse
780 1067 867 1095 nobis
894 1068 1038 1103 suggerit,

215 1118 360 1146 generum
375 1110 432 1138 sibi
444 1110 535 1138 fuisse
562 1111 657 1139 ﬁlium
681 1110 823 1147 principis
848 1112 1039 1145 Choloorum,

215 1155 418 1191 eumdemque
427 1158 567 1190 nepotem
578 1155 709 1183 defuncti
719 1156 909 1192 imperatoris
916 1165 953 1184 ex
966 1157 1037 1190 ﬁlia,

215 1199 368 1234 regnantis
383 1207 484 1227 sorore
501 1208 510 1232 ;
522 1207 589 1235 qua:
601 1200 938 1236 Constantinopolitanae
951 1201 1040 1229 histo-

216 1243 279 1277 rias,
292 1243 378 1279 periti
397 1243 483 1271 facile
505 1243 672 1278 intelligunt
696 1244 735 1272 ad
763 1245 909 1273 Michaelis
935 1245 1040 1274 Palaeo-

215 1288 408 1324 logi,ﬁliique
420 1288 486 1323 ejus
498 1288 660 1316 Andronici
687 1289 811 1317 senioris
835 1292 971 1326 tempora
999 1291 1039 1318 sic

216 1333 323 1368 aptari,
335 1335 366 1361 ut
376 1332 415 1360 ad
424 1333 507 1361 nulla
517 1333 576 1361 alia
583 1341 668 1370 teque
680 1334 794 1370 possint
804 1335 1038 1363 accommodari.

218 1377 311 1413 Coepit
321 1379 421 1405 autem
429 1377 576 1414 imperare
587 1378 707 1406 Michael
720 1387 801 1407 anno
812 1381 880 1408 1260
889 1388 896 1413 ;
906 1383 934 1408 et
944 1379 1039 1408 ﬁlium

216 1421 431 1456 Andronicum,
445 1423 585 1458 conjugio
600 1426 692 1452 Annis
720 1424 787 1452 ﬁliae
815 1425 895 1460 regis
923 1425 1040 1453 Panno-

217 1466 274 1494 nia:
286 1466 435 1503 junctum,
452 1468 556 1496 ascivit
571 1468 688 1502 imperii
701 1469 746 1497 sui
772 1473 941 1498 consortem
960 1478 1039 1498 anno

1092 891 1176 924 ptum
1206 887 1348 916 educarat
1376 889 1458 924 apud
1485 897 1527 924 se,
1554 889 1767 925 informarique
1794 889 1936 925 optimis

1092 932 1205 960 artibus
1212 936 1338 965 curarat,
1350 945 1363 957 ››
1373 936 1493 969 propter
1502 934 1694 970 pertinaciam
1704 935 1734 962 iu
1743 934 1933 966 schismate,

1093 988 1106 1002 ‹‹
1124 977 1318 1013 privaritloco
1334 978 1435 1012 gratias
1461 986 1551 1015 quem
1577 980 1659 1015 prius
1675 979 1834 1011 habuerat,
1866 981 1900 1006 et
1913 987 1935 1006 a

1093 1029 1148 1049 sua
1162 1021 1360 1050 familiaritate
1371 1024 1529 1051 removerit
1544 1033 1550 1051 :
1569 1035 1583 1048 η
1596 1023 1678 1060 quod
1693 1023 1807 1051 factum
1836 1026 1931 1051 ante-

1092 1066 1256 1102 penultimo
1268 1067 1384 1102 imperii
1396 1075 1486 1095 anno.
1509 1069 1613 1096 Verum
1631 1069 1688 1096 cito
1707 1068 1789 1103 apud
1823 1067 1931 1095 ﬁlium

1092 1109 1296 1138 Andronicum
1337 1112 1521 1147 recuperavit
1563 1113 1789 1146 Constantinus,
1836 1111 1931 1147 quod

1093 1155 1176 1190 apud
1192 1155 1361 1184 Michaelem
1377 1157 1538 1184 amiserat:
1552 1157 1593 1184 uti
1616 1159 1643 1184 et
1669 1157 1857 1186 Theodorus.
1887 1156 1932 1183 ob

1094 1200 1233 1228 eamdem
1242 1209 1365 1229 causam
1381 1201 1476 1237 gradu
1485 1201 1643 1236 logothetm
1656 1204 1755 1230 motus
1766 1211 1773 1229 :
1784 1202 1840 1237 qui
1855 1209 1935 1229 cum

1094 1246 1235 1274 eumdem
1244 1245 1282 1274 ad
1297 1246 1466 1274 Andronico
1480 1246 1651 1282 recepisset,
1672 1247 1701 1274 in
1729 1246 1796 1282 ipso
1824 1253 1934 1281 perse—

1094 1291 1217 1323 veravit,
1257 1291 1474 1326 protovestiarii
1514 1290 1597 1318 titulo
1637 1291 1761 1326 insuper
1804 1293 1933 1323 auctus,

1095 1343 1190 1371 usque
1203 1334 1244 1362 ad
1255 1343 1304 1363 an.
1324 1337 1400 1369 1294,
1414 1343 1475 1371 quo
1501 1335 1592 1368 obiit;
1618 1338 1645 1362 et
1667 1336 1732 1372 ipso
1760 1335 1932 1370 logothetaa

1095 1387 1218 1408 munere
1235 1387 1438 1407 successorem
1468 1379 1572 1408 habuit
1591 1380 1767 1416 praedictum
1787 1380 1928 1414 Gregorii

1094 1424 1189 1452 ﬁlium
1206 1424 1441 1457 Constantinum,
1454 1425 1645 1459 imperatoria
1664 1432 1734 1452 mox
1765 1423 1929 1453 afﬁnitate.

1094 1469 1136 1497 uti
1148 1476 1239 1504 supra
1248 1469 1388 1501 diximus,
1399 1470 1591 1497 honoratum.
1604 1469 1745 1502 Quandiu
1754 1469 1804 1496 hic
1816 1472 1931 1504 postea

219 1513 297 1545 1272,
313 1512 376 1548 ipse
392 1514 492 1540 autem
503 1513 576 1542 obiit
588 1513 643 1541 sub
654 1513 744 1542 ﬁnem
760 1523 808 1542 an.
834 1516 910 1543 1281.
926 1515 994 1550 Ejus
1005 1522 1040 1542 ac
1059 1525 1080 1553 ο
1094 1514 1194 1542 vixerit
1221 1522 1280 1541 non
1301 1514 1435 1549 reperio:
1459 1522 1553 1541 unum
1580 1514 1790 1541 veroslmiliter
1820 1513 1930 1541 videor

217 1556 269 1584 ﬁlii
281 1565 328 1585 res
339 1558 438 1592 gestas
462 1559 609 1586 accuratis
622 1559 846 1587 commentariis
863 1562 1039 1595 prosecutus

218 1604 262 1630 est
272 1602 415 1637 Georgius
428 1602 636 1639 Pachymeres,
657 1611 718 1631 non
733 1604 774 1632 ita
795 1604 912 1640 pridem
937 1603 1041 1632 Latini-

217 1647 277 1674 tate
289 1645 420 1675 donatus
445 1654 463 1674 a
488 1650 591 1675 nostro
607 1649 690 1676 Petro
716 1648 850 1683 Possino,
872 1652 900 1676 et
928 1649 1041 1676 Graeco-

219 1691 319 1718 Latine
333 1690 431 1718 editus
443 1691 545 1719 Romae
564 1693 869 1726 magniﬁcentissimis
897 1701 932 1720 ac
954 1692 1043 1729 plane

217 1735 307 1768 regiis
340 1735 419 1771 typis
449 1735 623 1764 Barberinis.
650 1737 691 1764 Ex
713 1745 748 1765 eo
778 1737 932 1771 discimus,
957 1737 1042 1773 quod

220 1779 288 1806 ﬁliae
320 1778 453 1806 Michaeli
479 1779 588 1808 fuerint
613 1783 684 1814 tres,
713 1782 801 1809 etiam
835 1782 996 1810 nominatae
1026 1790 1044 1809 a

221 1822 410 1851 Christodulo
424 1823 453 1850 in
464 1824 589 1859 epistola
599 1825 710 1860 praevia
725 1825 764 1853 ad
780 1825 935 1854 historiam
957 1828 1043 1854 Joan-

221 1868 268 1896 nis
281 1868 486 1903 Cantacuzeni,
501 1869 582 1897 lrene
597 1870 716 1905 scilicet,
732 1870 872 1900 Eudocia.
897 1874 926 1899 et
940 1875 1038 1899 Anna.

221 1914 303 1940 lrene
319 1913 422 1948 nupsit
434 1914 536 1942 Asano
550 1914 674 1949 Jnuiori,
690 1915 835 1950 Bulgaria:
846 1916 907 1950 regi
926 1926 931 1948 ;
951 1916 1044 1943 Eud0«

221 1957 267 1984 cia
281 1957 406 1993 principi
437 1958 581 1986 Lazorum
605 1959 759 1993 collocata,
789 1961 896 1988 marito
925 1963 1044 1988 mortuo

221 2001 252 2030 in
264 2002 480 2030 monasterium
492 2011 556 2030 sese
583 2005 716 2040 recepit;
742 2008 836 2040 Anna,
867 2005 928 2033 tilio
958 2005 1045 2033 cralis

222 2054 275 2074 seu
288 2046 366 2081 regis
377 2046 484 2075 Serviae
497 2047 648 2084 desponsa
662 2049 795 2085 quidem.
812 2050 864 2078 sed
885 2051 1046 2086 conjuncta

220 2099 390 2128 nunquam,
410 2100 490 2120 anno
507 2094 573 2120 1278
589 2093 719 2122 Michaeli
738 2095 963 2130 consanguineo
989 2103 1044 2122 suo

221 2136 349 2169 nubens,
365 2137 462 2165 attulit
476 2137 502 2165 ei
518 2137 634 2166 titulum
649 2138 800 2175 despotic:
816 2142 844 2167 et
858 2140 927 2168 huic
950 2140 1045 2175 potuit

1095 1566 1182 1595 posse
1195 1558 1305 1591 dicere,
1323 1559 1498 1586 Encomium
1511 1560 1538 1587 S.
1556 1558 1729 1587 Theodosius
1746 1558 1786 1586 ab
1802 1566 1840 1586 eo
1857 1559 1931 1585 scri-

1094 1605 1180 1639 ptum
1204 1601 1297 1630 fuisse
1333 1606 1402 1630 ante
1442 1611 1555 1630 annum
1596 1604 1674 1634 t306,
1708 1602 1822 1638 alioqui
1864 1610 1928 1630 non

1096 1647 1246 1675 omisisset
1270 1646 1496 1674 celeberrimum
1529 1647 1609 1674 istud
1637 1647 1817 1674 miraculum
1844 1647 1932 1682 quod

1095 1691 1147 1719 lib.
1167 1699 1193 1726 ν,
1211 1691 1247 1719 de
1259 1691 1441 1722 Andronico.
1463 1699 1528 1727 cap.
1543 1694 1586 1726 32,
1602 1694 1704 1719 narrat
1723 1691 1931 1726 Pachymeres

1096 1737 1239 1772 quotque
1254 1735 1360 1763 eodem
1377 1736 1500 1770 contigit
1514 1743 1605 1764 anno.
1622 1737 1669 1763 Est
1681 1738 1782 1763 autem
1797 1747 1811 1759 ι(
1824 1736 1930 1770 magni

1096 1780 1254 1815 logothetaa
1266 1779 1398 1807 ofﬁcium
1414 1781 1578 1816 proprium,
1596 1783 1627 1808 ut
1642 1780 1683 1808 ait
1693 1779 1828 1808 Codinns
1853 1779 1931 1807 libro

1098 1826 1134 1853 de
1155 1826 1277 1860 Ofﬁciis,
1304 1825 1448 1853 mandata
1476 1826 1558 1860 regia
1586 1827 1614 1853 et
1642 1833 1729 1853 aures
1756 1824 1860 1852 bullas
1889 1825 1929 1852 ad

1097 1877 1192 1904 reges,
1219 1870 1363 1905 sultanos,
1395 1873 1530 1906 satrapas
1556 1870 1696 1906 expedire
1714 1878 1720 1897 :
1738 1880 1752 1894 »ι
1775 1869 1865 1905 isque
1890 1870 1929 1897 ab

1098 1915 1203 1943 eodem
1222 1915 1333 1942 Codino
1363 1917 1536 1942 numeratur
1565 1915 1594 1942 in
1617 1914 1720 1942 ordine
1748 1913 1928 1941 oﬁicialium

1099 1959 1298 1987 Palatinorum
1313 1959 1511 1986 duodecimus
1535 1961 1591 1986 Nec
1606 1958 1686 1986 aliud
1701 1961 1850 1994 prteterea
1872 1965 1926 1985 uo-

1099 2004 1224 2032 tandum
1239 2005 1317 2032 circa
1331 2005 1392 2032 haec
1408 2004 1544 2039 occurrit,
1562 2011 1654 2039 quam
1670 2003 1849 2038 Acropolitaa
1873 2010 1925 2038 ap-

1098 2048 1288 2085 pellationem
1300 2056 1360 2076 non
1377 2048 1465 2076 fuisse
1476 2049 1590 2084 patriir,
1604 2048 1656 2075 sed
1667 2047 1789 2075 familias
1811 2055 1926 2081 cogno-

1099 2094 1232 2121 mentum
1246 2101 1252 2120 :
1267 2101 1335 2120 cum
1353 2093 1424 2120 satis
1439 2097 1551 2120 certum
1575 2093 1720 2125 videatur,
1749 2094 1812 2119 tam
1839 2093 1927 2119 Geor-

1099 2138 1182 2172 gium
1193 2145 1285 2173 quam
1296 2138 1361 2173 ejus
1372 2137 1465 2165 ﬁlium
1476 2137 1702 2165 Constantinum
1715 2136 1928 2164 Constantino-

221 2181 309 2209 datus
324 2189 389 2210 esse
403 2182 588 2218 principatus
601 2183 790 2218 Colchorum,
807 2187 838 2212 ut
865 2192 901 2212 ex
926 2192 961 2212 eo
984 2193 1045 2212 ma-
1063 2198 1082 2224 υ
1099 2182 1249 2220 politanos
1265 2182 1357 2210 fuisse
1375 2192 1380 2210 :
1400 2182 1459 2210 alia
1480 2185 1581 2209 autem
1599 2181 1754 2215 gentilium
1774 2181 1928 2216 ejusmodi

222 2227 363 2256 trimonio
378 2230 465 2256 natus
477 2227 556 2256 filius
572 2229 708 2264 potuerit,
726 2230 804 2257 circa
824 2237 938 2257 annum
966 2231 1044 2263 t295,

221 2272 331 2300 ducere
344 2280 468 2300 uxorem
484 2272 577 2300 ﬁliam
605 2273 786 2301 Constantini
810 2273 980 2308 logothetae,
1008 2273 1045 2301 de

221 2324 284 2353 quo
299 2315 386 2344 nobis
401 2316 432 2344 in
446 2317 672 2353 prtesentiarum
687 2321 730 2345 est
744 2318 879 2354 qumstio.

260 2362 301 2389 t0.
319 2362 377 2390 Leo
396 2361 529 2394 Allatius,
544 2362 574 2390 in
603 2370 659 2390 sua
684 2361 721 2390 de
747 2362 878 2397 Georgiis
905 2361 1045 2394 Diatriba,

223 2406 304 2436 edita
340 2409 408 2443 post
436 2406 552 2442 Georgii
575 2407 750 2443 Acropolitte
781 2407 946 2442 historiam,
972 2406 1047 2433 inter

223 2453 337 2488 legatos
353 2460 371 2480 a
386 2452 523 2480 Michaele
535 2453 643 2490 missos
659 2452 697 2479 ad
713 2452 888 2486 Gregorium
911 2452 942 2485 X,
967 2459 1047 2478 anno

225 2499 304 2531 1273,
332 2497 521 2525 nominatum
545 2497 699 2525 inveniens
725 2496 805 2532 apud
834 2496 1047 2532 Pachymerem

223 2543 275 2572 lib.
287 2544 318 2576 ν,
331 2551 397 2579 cap.
423 2544 465 2574 t7,
490 2553 504 2567 ‹‹
534 2550 568 2570 ex
594 2541 744 2570 senatorio
771 2541 886 2571 ornline.
914 2541 1046 2576 primum

224 2588 565 2624 magnumlogothetam
582 2585 793 2622 Acropolitam,
817 2597 830 2609 υ
853 2585 978 2616 dubitat.
1007 2585 1048 2612 lo-

225 2641 317 2661 cusne
336 2633 383 2661 hic
396 2632 605 2667 inteliigendus
622 2631 658 2658 sit
678 2630 715 2657 de
741 2629 884 2665 prtedicto
913 2631 1047 2663 Georgio,

226 2682 327 2713 (quem
352 2678 442 2706 etiam
470 2676 574 2710 magni
601 2674 760 2709 logothetae
789 2674 924 2703 functum
951 2674 1049 2702 ofﬁcio

226 2723 363 2757 constat),
379 2731 417 2750 an
428 2723 466 2750 de
497 2733 507 2745 ι
531 2719 733 2748 Constantino.
765 2719 852 2754 cujus
878 2719 1048 2755 complures

227 2768 376 2801 orationes
397 2768 427 2796 in
451 2768 625 2803 sanctorum
648 2764 821 2802 festivitates
846 2767 965 2801 tempus
988 2772 1049 2792 non

1100 2227 1314 2262 cognominum
1337 2226 1452 2254 saeculis
1480 2226 1537 2253 illis
1564 2226 1741 2253 usitatorum
1775 2225 1927 2260 exempla.

1100 2280 1168 2308 qua:
1184 2279 1377 2307 nequaquam
1388 2271 1468 2298 credi
1480 2270 1592 2306 possim
1608 2270 1746 2306 patriam.
1782 2270 1824 2296 uti
1857 2269 1928 2296 alias

1100 2316 1280 2346 viderentur,
1303 2318 1416 2350 notare,
1437 2314 1504 2342 vide
1529 2315 1610 2350 apud
1639 2314 1769 2342 Leonem
1795 2313 1926 2345 Alltium,

1101 2361 1128 2388 iu
1141 2360 1294 2396 praecitata
1305 2360 1342 2388 de
1357 2360 1488 2394 Georgiis
1503 2359 1635 2387 Diatriba
1647 2358 1698 2386 ubi
1725 2358 1763 2385 de
1793 2360 1927 2393 Acropo-

1100 2405 1152 2433 lita
1162 2405 1232 2439 agit.

1138 2449 1182 2478 12.
1199 2451 1344 2477 Hactenus
1355 2448 1392 2475 de
1407 2450 1527 2476 auctore
1538 2450 1566 2475 et
1582 2451 1715 2482 tempore
1744 2446 1851 2482 scripti
1878 2448 1927 2474 En—

1102 2495 1200 2522 comii.
1220 2496 1258 2521 De
1274 2494 1340 2521 loco
1366 2493 1499 2528 martyrii
1525 2500 1543 2520 a
1569 2494 1596 2520 5.
1619 2491 1788 2519 Theodosia
1815 2491 1927 2520 tolerati

1103 2539 1225 2567 verbum
1243 2547 1335 2566 unum
1352 2538 1399 2565 hic
1415 2538 1657 2574 prmuittendum
1676 2539 1827 2572 superest.
1858 2538 1929 2564 Con‘

1103 2584 1250 2611 stantinus
1262 2591 1344 2611 num.
1362 2585 1395 2610 29
1411 2583 1441 2610 in
1457 2582 1583 2610 macello
1599 2584 1779 2618 pertractam
1794 2584 1927 2608 sanctam

1103 2630 1143 2656 ait
1156 2638 1162 2656 :
1177 2628 1352 2664 Synaxarin,
1366 2627 1467 2663 utique
1479 2635 1515 2654 ex
1531 2625 1752 2662 antiquioribus
1766 2625 1857 2660 Actis,
1869 2634 1928 2661 προς

1103 2677 1146 2701 τόν
1162 2678 1224 2700 Βοῦν
1239 2673 1279 2701 ad
1295 2673 1413 2701 Bovem.
1427 2672 1476 2700 Hic
1492 2672 1576 2699 locus
1592 2679 1631 2698 an
1646 2670 1730 2703 olim,
1753 2670 1800 2697 vel
1828 2670 1928 2698 saltem

1104 2718 1288 2747 Constantini
1297 2725 1373 2750 aevo,
1385 2716 1545 2744 macellum
1562 2715 1619 2743 sibi
1627 2714 1806 2750 adjunctum
1813 2714 1927 2742 habue-

1103 2765 1148 2800 rit,
1165 2771 1261 2800 eaque
1271 2762 1428 2792 occasione
1444 2762 1643 2789 mactatorum
1667 2759 1849 2788 animalium
1868 2767 1928 2787 cor.
