1963 3084
33 101 108 131 893

759 99 795 127 ΙΝ
815 98 844 127 ελ
863 99 1098 129 ΤΒΕΟΒΟΜΛΠ.

1719 103 1774 130 8M

36 172 121 192 nua.
132 164 255 192 ibidem
266 163 306 191 ad
319 169 444 190 manum
455 163 570 190 essent:
581 169 619 190 an
629 169 701 189 vero
711 161 742 189 id
752 162 897 190 Constan-
912 163 936 189 Α
951 168 1016 197 pro,
1046 161 1177 197 ἐχωνεύθη
1207 163 1353 197 conﬂatus
1376 166 1430 198 est,
1453 164 1483 192 in
1516 172 1571 192 ms.
1605 164 1771 200 legebatur,

40 210 142 237 tinus.
158 216 216 245 per
235 206 425 243 conjectandi
436 206 587 234 licentiam
603 206 643 234 ita
658 204 897 242 scripseritgnon

40 253 172 282 divino
188 262 194 280 :
209 252 247 280 de
263 254 340 280 Bove
356 251 418 279 scio
438 259 473 278 ex
490 250 607 279 Joanne
621 252 720 279 Tzetze
744 251 819 278 inter
832 250 897 278 fora

42 297 193 334 publica
205 297 396 325 nominatum
410 295 512 328 fuisse,
535 297 597 326 Βοός
622 295 728 333 ἀγορὰν,
750 297 809 324 ἤτοι
834 299 896 321 Βοῦν

43 344 98 368 τόν
117 344 218 376 τόπον,
229 343 312 369 Bovis
319 341 433 375 forum,
449 348 500 368 seu
516 341 612 368 locum
628 341 681 376 qui
690 341 748 368 Bos
762 341 894 368 dicitur:

44 395 91 415 ex
104 387 230 415 Codino
245 394 314 414 vero
323 386 365 413 De
377 385 541 420 originibus
551 392 621 413 eum
634 385 724 412 fuisse
736 392 795 413 non
809 384 896 414 valde

44 434 220 459 remotum
231 439 250 459 a
262 430 375 466 palatio
387 439 393 457 :
410 429 560 466 siquidem
576 430 651 457 inter
660 432 791 466 quatuor
805 429 895 465 porti-

45 483 124 505 cus.
138 476 256 512 quibus
267 474 373 502 urbem
384 475 501 502 ornavit
510 473 653 505 Eubulus.
661 473 738 501 duas
748 475 894 507 numerat,

50 531 64 545 ι
85 528 108 548 a
126 520 240 548 Chalce
253 527 307 556 per
322 518 430 547 Milium
445 521 474 546 et
488 519 595 546 Forum
611 526 706 554 usque
717 518 755 545 ad
766 519 895 546 Taurum

48 568 82 592 et
102 566 223 593 Bovem
239 567 266 592 et
282 563 509 599 Hexakyonium
529 563 636 590 ductas
653 572 660 590 :
677 573 692 587 »
707 565 812 599 postea
826 570 895 590 vero

49 608 94 637 de
129 609 242 637 statuis
266 615 359 644 agens
375 616 382 635 :
400 619 413 632 u
430 609 462 635 In
487 607 564 640 loco,
591 607 699 643 inquit,
722 609 895 642 nuncupato

50 654 158 688 Bove,
174 653 307 681 maxima
318 654 382 680 erat
395 651 513 686 fornax,
528 651 614 679 Bovis
627 654 717 687 caput
726 651 854 685 habens,
864 651 895 679 in

51 706 123 734 qua
152 697 284 726 maleﬁci
299 696 502 733 puniebantur
518 705 523 724 :
541 704 634 732 quare
649 696 738 724 etiam
761 695 895 723 Julianus

53 741 180 770 multos
197 741 379 769 ChristianOs
388 740 419 767 in
435 748 470 768 ea
481 739 655 767 combussit.
672 741 739 767 Erat
753 747 824 767 vero
837 739 893 767 for-

53 793 121 814 nax
134 785 190 814 illa
202 785 234 813 in
247 785 378 820 ﬁguram
390 784 477 812 bovis
488 784 675 812 conformata
690 783 894 820 spectaculum

951 206 1072 240 ἐφονεύθη
1091 209 1240 235 mactatus
1259 209 1300 235 est
1314 217 1320 234 :
1336 216 1404 243 quae
1423 209 1447 235 si
1461 209 1637 244 metaphora
1650 217 1711 237 non
1727 213 1771 238 est

951 251 1021 279 bovi
1029 259 1112 279 aeneo
1121 254 1233 288 aptata,
1241 253 1378 288 sphalma
1386 256 1432 281 est
1445 253 1651 287 librariorum;
1664 254 1712 282 ille
1720 263 1771 283 au-

952 298 1010 323 tem
1025 303 1060 323 eo
1075 304 1135 324 non
1160 297 1372 325 animadverso
1398 298 1438 325 ita
1463 298 1559 331 vertit,
1581 298 1697 333 integra
1720 307 1771 326 au-

951 343 1010 368 tem
1022 341 1186 376 permansit
1197 340 1301 369 fornax
1309 342 1358 370 illa
1369 350 1465 376 usque
1475 343 1515 370 ad
1524 345 1657 378 tempora
1668 343 1771 371 Phocaa

951 385 1079 420 tyranni,
1101 385 1153 420 qni
1178 385 1298 413 ultimus
1320 387 1456 414 omnium
1480 386 1520 414 ab
1544 386 1677 415 Heraclio
1693 387 1722 415 in
1737 396 1772 416 eo

950 429 1137 458 combustus.
1151 441 1164 454 »
1184 432 1242 458 Hoc
1253 439 1268 458 e
1283 431 1386 459 Phocm
1407 435 1501 460 morte
1521 440 1610 460 nemo
1627 432 1771 460 hactenus

951 474 1119 507 somniavit,
1130 482 1226 510 neque
1232 475 1279 502 vel
1289 484 1341 511 per
1352 475 1491 504 umbram
1503 477 1625 505 extundi
1645 485 1682 504 ex
1691 477 1772 504 hisce

949 517 1048 545 verbis
1073 518 1217 555 potest
1243 518 1272 546 δὲ
1296 521 1309 548 ἡ
1332 522 1437 556 κάμινος
1455 522 1501 551 ἕως
1521 524 1596 547 Φωχᾶ
1613 532 1618 537 ·
1637 521 1700 547 ἀλλὰ
1721 523 1770 547 ὑπὸ

948 561 1098 598 Ἡρακλείου
1114 562 1234 598 ἐφονεύθη
1259 563 1327 600 λόγῳ
1347 564 1450 600 φοὶέων,
1465 565 1544 592 unde
1569 565 1652 593 vides
1677 573 1770 601 quam

950 613 1055 641 parum
1066 607 1219 642 possimus
1229 608 1438 643 interpretibus
1448 609 1574 637 nimium
1587 609 1615 636 in
1627 617 1716 645 opere
1727 609 1770 636 fe-

950 650 1128 678 stinantibus
1142 651 1244 679 ﬁdere.
1256 653 1305 680 Est
1315 655 1415 680 tamen
1425 654 1625 689 verum,quod
1637 654 1667 681 in
1684 654 1770 681 Chro-

949 694 1016 722 nico
1031 695 1371 731 Constantinopolitano.
1390 697 1590 725 Alexandrino
1612 705 1772 734 perperam

949 739 1039 774 dicto,
1051 746 1120 775 pag.
1132 742 1182 767 576
1196 739 1321 775 legatur,
1338 741 1441 769 Phocze
1455 742 1612 777 cujusdam
1627 745 1655 770 et
1667 743 1771 770 Leonis

950 783 1074 811 scellarii
1090 791 1226 820 corpora,
1238 786 1344 813 trunca
1357 788 1385 812 et
1397 786 1450 813 diu
1465 788 1593 822 raptata,
1607 786 1644 814 ad
1664 788 1771 814 Bovem

52 831 154 865 longe
168 830 371 859 maximum...
397 832 425 857 et
440 829 552 857 mansit
576 837 671 865 usque
688 829 726 856 ad
750 828 892 861 Phocam,
910 841 929 867 Β
949 828 1049 856 delata
1057 828 1177 856 tandem
1190 833 1217 857 et
1230 833 1421 859 concremata
1431 831 1531 859 fuisse.
1548 831 1633 859 Plura
1645 831 1682 859 de
1694 833 1771 860 Bove

54 875 114 903 sed
125 875 283 903 Heraclius
293 882 360 902 eam
373 873 523 904 conﬂavit,
535 873 650 901 follium
661 874 754 908 (aereae
765 876 893 900 moneta:

53 927 161 955 genus
173 921 250 954 erat)
271 918 478 946 cudendorum
491 925 594 946 causa.
609 929 622 942 η
638 916 733 945 Torsit
747 917 794 944 hic
809 917 893 945 locus

54 963 170 992 Codini
190 963 381 999 interpretem
400 962 549 990 Joannem
573 961 793 993 Leunclavium,
809 961 892 997 quod

949 873 1030 909 apud
1042 873 1185 907 Cangium
1198 874 1266 902 vide
1280 874 1310 902 in
1323 875 1585 910 Constantinopoli
1596 875 1771 904 Christiana

947 917 999 945 lib.
1016 926 1034 944 ι.
1051 925 1107 953 cap
1126 919 1171 953 24,
1187 918 1240 946 ubi
1255 919 1291 946 de
1307 918 1377 946 foris
1390 920 1517 955 publicis
1531 928 1615 948 num.
1631 922 1662 948 XI
1677 920 1769 949 multa

946 961 1024 989 lectu
1038 965 1067 989 et
1081 962 1155 990 scitu
1169 963 1348 998 dignissima
1359 964 1504 992 invenies.

453 1162 541 1198 ΤΟΥ
567 1164 836 1198 ΣΟΦΩΤΑΤΟΥ
862 1165 1078 1198 ΜΕΓΑΛΟΥ
1110 1161 1382 1198 ΛΟΓΟΘΕΤΟΥ

868 1241 973 1265 ΚΥΡΟΥ

261 1297 843 1357 ΚΩΝΣΤΑΝΤΙΝΟΥ
893 1299 1027 1355 ΤΟΥ
1063 1293 1588 1355 ΑΚΡΟΠΡΛΙΤΟΥ

387 1403 583 1448 ΛΟΓΟΣ
609 1403 697 1446 ΕΙΣ
721 1404 835 1446 ΤΗΝ
862 1403 1039 1446 ΑΓΙΑΝ
1067 1401 1464 1447 ΟΣΙΟΜΑΡΤΥΡΑ

565 1489 1275 1580 ΘΕΟΔΟΣΙΑΝ.

440 1687 840 1722 SAPIENTISSIMI
876 1687 1044 1722 MAGNI
1081 1685 1407 1721 LOGOTHETIE

867 1779 977 1802 DOMINI

214 1859 906 1935 CONSTANTINI
955 1835 1630 1935 AGROPOLITAE

398 2006 611 2054 SERMO
641 2006 710 2054 IN
739 2007 1040 2055 SANCTAM
1068 2006 1439 2054 MARTYREM

550 2127 1310 2212 THEODOSIAM.

262 2276 324 2312 (Ea;
341 2275 438 2304 codice
468 2276 612 2304 Vaticano
631 2276 694 2310 800,
712 2276 769 2312 fol.
796 2278 850 2313 9!;
870 2277 1031 2312 interprete
1051 2277 1087 2305 Β.
1110 2277 1147 2305 P.
1170 2277 1296 2306 Daniele
1319 2277 1467 2311 Cardono,
1492 2277 1524 2304 S.
1546 2275 1589 2311 J.)

804 2410 1040 2442 PROLOGUS.

122 2505 144 2531 σί
162 2508 276 2532 Γυναῖκα
299 2506 343 2541 μὶν
364 2503 485 2542 ἀνδρείαν
500 2509 547 2532 πιῡ
567 2515 609 2536 τος
628 2504 658 2531 ἂν
683 2507 727 2531 καὶ
751 2507 820 2536 ὅπως
839 2507 878 2530 εὐ-

88 2559 135 2587 ροι,
159 2551 172 2575 ὁ
192 2551 270 2586 σοφὸς
291 2552 410 2587 ἠπόρησε
425 2550 550 2586 Σολομῶν.
573 2552 623 2576 Καὶ
642 2549 712 2586 μαλα
725 2559 755 2584 γε
776 2551 879 2580 εἰκότως

89 2595 210 2630 ἠπόρησε.
235 2595 288 2630 Πρὸ
316 2594 366 2630 γὰρ
391 2598 439 2624 τῆς
475 2595 586 2630 χάριτος
612 2592 733 2623 ἀσθενοῦς
758 2593 880 2625 χαθαπαξ

89 2643 134 2669 τῆς
159 2637 322 2674 ἀνθρωπίνης
357 2639 459 2674 φύσεως
489 2640 629 2674 πιφηννίας
664 2636 710 2664 διὰ
751 2640 797 2667 τὴν
834 2641 879 2664 τοὺ

92 2681 229 2719 δυσμαοῡς
246 2682 308 2718 ἡμῖν
327 2683 460 2713 ἄξαπάτην
484 2684 575 2716 σατὰν,
593 2685 644 2718 χαὶ
659 2685 706 2712 τὴν
722 2687 769 2713 τῆς
784 2678 881 2708 δεσπᾶ-

92 2731 161 2757 τικῆς
178 2726 328 2764 παράϐασιν
352 2726 464 2758 ἐντολῆς,
490 2727 622 2758 τοσαῦτης
652 2731 683 2764 ῇν
712 2725 880 2764 ἀνδρανεστε-

92 2777 141 2809 ρον,
156 2770 182 2803 ἐξ
201 2769 357 2803 Momm;
378 2771 504 2804 ἐξίτηλον.
520 2771 575 2809 'Agz‘
590 2769 619 2798 οὗ
644 2769 674 2798 δὲ
691 2773 756 2802 Θεὸς
777 2773 879 2807 γέγονεν

894 2488 914 2515 C

974 2506 998 2531 1.
1019 2503 1168 2531 Mulierem
1186 2503 1292 2531 fortem
1305 2502 1355 2531 ubi
1367 2503 1434 2539 quis
1446 2505 1591 2530 terrarum
1603 2504 1632 2529 et
1641 2509 1702 2537 qua
1715 2510 1762 2529 ra-

936 2550 1014 2577 tione
1034 2548 1119 2577 facile
1135 2551 1235 2585 posset
1250 2548 1387 2584 reperire,
1403 2555 1463 2574 non
1479 2554 1586 2583 parum
1603 2545 1760 2573 addubita-

935 2594 988 2622 bat
1003 2593 1242 2630 sapientissimus
1258 2592 1410 2620 Salomon.
1423 2593 1522 2626 Neque
1532 2590 1562 2617 id
1573 2597 1644 2618 sane
1655 2590 1761 2618 imme-

935 2639 1001 2667 rito.
1010 2641 1083 2666 Ante
1094 2638 1174 2666 enim
1185 2646 1278 2674 quam
1290 2636 1428 2665 uberiore
1438 2635 1547 2663 divinae
1560 2634 1659 2669 gratia:
1674 2634 1761 2670 copia

935 2682 1051 2710 cmlitus
1067 2681 1153 2710 nobis
1168 2682 1208 2710 uti
1221 2684 1298 2709 esset
1312 2688 1497 2715 concessum,
1513 2681 1541 2707 et
1550 2686 1611 2715 quo
1627 2681 1761 2714 tempore

936 2729 1044 2755 natura
1052 2727 1197 2759 humana,
1206 2728 1269 2753 tum
1278 2726 1318 2753 ob
1327 2733 1484 2762 nunquam
1493 2731 1554 2752 non
1563 2723 1662 2752 infesti
1673 2723 1760 2752 nobis

935 2773 1046 2805 satana
1055 2771 1186 2806 insignes
1195 2770 1327 2803 fraudes,
1339 2773 1403 2800 tum
1414 2769 1454 2798 ob
1462 2768 1677 2798 mandatorum
1689 2768 1761 2800 divis
