1963 3084
205 101 258 129 895

801 95 1029 125 CONSTANTINI
1049 95 1288 126 ACROPOLIT/E.
1843 98 1883 126 896

205 168 315 191 norum
321 160 598 198 prtevsricationem
607 160 855 197 continuam,suis
863 159 980 188 admodi

1109 160 1229 196 ιθρωπος,
1257 161 1302 186 καὶ
1321 161 1368 190 τὴν
1390 163 1556 186 πεπτωκυῖαν
1585 160 1754 198 ἂνώρθρωσι,
1784 163 1832 186 καὶ
1850 162 1884 186 τὸν

206 206 320 235 viribus
346 209 408 234 erat
433 205 570 239 defecta;
586 205 628 234 nil
654 205 786 242 profecto
808 205 929 238 mirum,
946 204 972 232 si
999 204 1029 232 in

207 252 354 288 majorem
379 259 506 288 semper,
532 251 764 279 imbecillitatem
783 250 918 287 delapsa,
934 249 1031 285 magis

207 296 296 325 etiam
312 296 444 333 quotidie
467 296 626 332 magisque
641 298 890 332 corrumperetur.
912 297 948 323 At
959 302 1030 323 vero

207 343 370 378 postquam
391 340 521 369 hominis
533 342 673 369 naturam
689 341 765 369 Deus
779 347 1031 372 assumere,eam~

207 393 267 422 que
286 385 494 414 miserabiliter
517 393 589 414 sane
613 385 747 414 habitam
770 393 892 414 rursum
908 385 1031 421 erigere,

208 430 280 467 quin
294 431 383 458 etiam
398 438 479 465 eum,
490 438 582 467 quem
592 432 624 458 ut
636 429 785 465 infestum,
800 430 842 458 sic
856 429 945 464 longe
958 437 1032 466 quo-

208 483 267 511 que
282 475 370 504 nobis
383 483 449 503 esse
459 475 652 503 valentiorem
665 475 739 503 tristi
749 475 952 511 experimento
967 482 1033 503 sen-

209 520 358 549 tiebamus
375 520 501 555 graviter
525 520 680 548 vulnerare
703 527 766 548 non
781 520 947 553 dubitavit;
964 528 1032 548 om-

209 564 492 601 nesque,communi
499 572 533 592 ac
539 564 703 593 sufficiente
711 565 855 593 adversus
861 565 1032 593 dtemonem

210 609 307 644 gratia
318 609 466 642 instructi,
481 609 635 637 victoriam
656 617 775 645 sperare
791 609 954 645 potuimus,
968 611 1032 637 tum

211 662 282 682 sane
297 661 358 682 non
374 654 426 682 viri
446 653 546 687 modo,
563 654 614 690 qui
640 654 839 682 robustiorem
855 654 948 682 sortiti
963 656 1034 682 sunt

210 698 352 732 indolem,
369 698 508 727 eamdem
522 699 664 735 praeclare
679 699 886 727 demonstrare
900 701 969 727 sunt
983 706 1034 734 ag-

211 744 314 779 gressi,
331 744 419 772 etiam
436 752 527 780 supra
541 746 656 772 naturas
672 744 779 772 limites
789 751 853 772 sese
868 743 1033 778 efferentes,

210 797 316 817 verum
323 788 524 816 imbecillioris
531 796 652 824 quoque
662 796 752 817 sexus
758 788 887 824 virgines
893 788 1035 825 quaedam

212 836 240 862 et
254 836 398 862 matronae
413 833 549 862 exstitere
569 833 706 869 illustres,
727 842 795 870 quae
817 834 958 862 adversus
973 841 1034 868 eos,

212 886 342 916 quorum
357 878 432 906 vires
445 878 553 906 nostris
563 877 651 913 longe
665 881 734 907 sunt
744 879 923 914 superiores,
934 878 1036 906 animo

212 923 280 960 plus
294 931 386 959 quam
403 922 537 951 muliebri
553 923 704 951 decertare
719 931 780 952 non
793 923 913 951 fuerunt
926 923 1034 957 verita},

213 967 391 1004 angelicam,
407 968 431 996 si
445 976 550 996 verum
575 968 723 1001 dicamus,
739 968 769 996 in
784 970 862 996 terra
874 968 965 996 vitam
982 967 1035 995 du-

213 1016 321 1046 centes,
338 1015 366 1041 et
384 1013 474 1041 veluti
496 1021 532 1041 ex
553 1012 613 1041 alto
628 1013 824 1048 despicientes
846 1019 1036 1049 quiscunque

213 1058 243 1086 in
258 1057 330 1086 orbe
347 1058 404 1086 hoc
419 1065 480 1086 non
495 1059 573 1091 sunt,
588 1057 640 1085 sed
659 1057 798 1085 videntur
812 1057 915 1091 magni
928 1057 1036 1084 facien-

213 1102 273 1130 da:
290 1102 398 1131 animae
413 1102 546 1138 profecto
568 1102 675 1138 seipsis
692 1101 810 1130 altiores
833 1101 954 1134 cﬁ‘ectte,
968 1109 1036 1138 quae

214 1154 283 1175 cum
299 1155 424 1182 corpora
437 1154 492 1174 sua
506 1146 619 1182 ubique
633 1146 866 1180 circumferrem,
882 1145 923 1174 sic
935 1148 1037 1175 tamen

214 1191 303 1226 quasi
315 1193 398 1219 extra
408 1198 543 1226 corpora,
556 1190 672 1227 absque
686 1190 747 1219 ulla.
757 1198 861 1218 eorum
875 1199 956 1224 cura,
972 1199 1037 1219 ver-

215 1235 368 1264 sabantur.
381 1236 491 1263 Earum
505 1235 603 1271 igitur,
616 1243 691 1271 quas
704 1235 795 1263 modo
806 1235 954 1270 dicebam,
970 1243 1037 1264 mu-

214 1280 319 1308 lierum
333 1287 394 1307 non
408 1287 523 1315 pauca,
539 1282 607 1316 post
617 1280 722 1314 ingens
733 1279 807 1308 illud
817 1287 852 1308 ac
863 1288 948 1308 sacro
962 1288 1038 1316 quo-

215 1325 287 1353 dam
301 1325 424 1352 horrore
436 1324 645 1360 plenissimum
657 1324 706 1352 Dei
717 1333 752 1352 ac
762 1324 922 1353 Salvatoris
932 1325 1036 1358 nostri,

215 1376 336 1398 carnem
356 1371 491 1397 nostram
512 1368 711 1404 suscipientis,
729 1377 886 1404 arcanum,
902 1369 1038 1404 ingentes

215 1415 254 1443 ad
265 1414 405 1442 virtutum
420 1414 612 1450 quantumvis
623 1413 786 1442 arduarum
797 1413 1039 1442 exercitationem

215 1458 404 1487 subeundam
420 1458 548 1493 animos,
566 1461 593 1486 et
607 1458 689 1486 virile
699 1458 855 1495 quoddam
871 1458 979 1487 mentis
993 1466 1040 1486 ro-

214 1504 272 1532 bur
281 1511 316 1531 ac
326 1503 513 1540 propositum
521 1503 551 1530 in
562 1503 597 1531 iis
609 1503 821 1531 certaminibus
832 1503 1037 1536 ostenderunt,
1055 1519 1074 1547 ρ

214 1557 283 1585 quis
307 1556 361 1584 pro
387 1548 501 1576 Christo
516 1550 545 1576 et
572 1547 709 1584 exemplo
730 1548 835 1576 Christi
860 1548 1038 1576 sustinuere.

214 1594 322 1621 Verum
336 1593 386 1621 illa
400 1601 468 1630 quae
484 1592 639 1621 laudanda
660 1592 749 1621 hodie
764 1592 851 1621 nobis
872 1594 918 1621 est
932 1599 1039 1628 propo-

216 1638 282 1671 sita,
299 1640 328 1666 et
342 1637 419 1665 velut
446 1637 681 1673 pulcherrimum
710 1637 866 1674 quoddam
891 1637 1006 1665 donum
1021 1644 1040 1664 a

1084 205 1146 235 τέως
1171 203 1229 230 καθ’
1250 205 1322 241 ἡμῶν
1353 204 1482 241 ἰσχύοντα
1502 205 1689 240 xui-«Esmun,
1714 207 1763 232 καὶ
1798 207 1887 241 χάριτι

1084 249 1142 276 κατ’
1183 249 1263 276 αὑτοῦ
1289 254 1361 279 κοινῆ
1402 251 1493 281 πάντες
1525 253 1572 280 τὴν
1601 255 1716 277 νικῶσαν
1749 250 1888 287 ἑλάχομῖδ,

1085 294 1138 330 οὐχ
1164 295 1204 320 ὅτι
1231 304 1261 330 γε
1291 293 1384 332 ἄνδρες
1412 298 1542 332 κρείττους
1567 293 1763 332 ἀνεδείχθησαν
1792 297 1890 332 φύσεως

1085 341 1130 366 καὶ
1149 339 1212 377 ὑπὲρ
1239 340 1315 376 φύσιν
1342 341 1509 377 ἠρίστευσαν,
1539 340 1593 367 ἀλλ’
1616 339 1670 370 ἤδη
1694 342 1742 367 καί
1769 344 1892 376 γυναῖκες

1086 385 1222 420 ὕπερφευῑς
1258 393 1324 414 τινες
1367 383 1538 421 ἀνεφάνησαν,
1577 395 1622 411 και
1649 389 1704 416 τοῖς
1727 385 1795 421 ὑπερ
1828 385 1893 420 ἡμᾶς

1087 428 1270 465 ἠμιλλήθησαν
1287 428 1430 465 ἁγγιλικῶς
1450 429 1491 455 ἐπι
1513 433 1561 465 γῆς
1579 433 1636 460 ταῖς
1656 428 1795 460 ἀληθείαις
1825 429 1895 455 πολι-

1086 474 1250 510 τευσάμιναι,
1264 482 1309 499 χαι
1323 477 1373 499 τῶν
1395 472 1461 510 τῇδε
1472 483 1517 500 και
1529 478 1627 511 ’γεηρῶν
1638 475 1688 501 ὅσα
1703 472 1738 503 δή
1755 483 1805 501 και
1821 475 1896 510 ὑπέρ-

1087 529 1160 557 τεραι
1173 519 1262 555 φύσεις
1278 516 1460 556 ὑπεριδὸῦσαι,
1484 529 1529 545 χαι
1550 521 1585 550 ὡς
1604 519 1741 556 ἀσώματοι
1761 521 1794 545 τό
1820 523 1896 555 σῶμα

1087 565 1323 600 περιφρονήσασαι.
1349 566 1450 599 Συχναι
1475 565 1520 600 μὶν
1546 561 1590 590 οὖν
1616 568 1759 600 γυναικῶν,
1777 564 1850 600 μετὰ
1868 565 1895 589 τὸ

1088 610 1153 644 μέγα
1181 617 1224 634 και
1252 609 1358 644 φρικτὸν
1381 611 1429 639 τῆς
1459 607 1676 642 ἕνανθρωπήσεως
1689 612 1736 634 τοῦ
1758 611 1832 634 Θεοῦ
1852 618 1896 633 και

1089 657 1207 690 Σωτῆρος
1232 654 1378 688 μυστήριον
1401 651 1523 689 ἀνδρεῖον
1549 654 1612 689 πρὸς
1635 654 1696 684 τοὺς
1715 653 1775 679 κατ’
1799 652 1895 690 ἀριτὴν

1089 697 1181 728 ἄθλους
1200 695 1357 728 ὶνεδιίξαντο
1380 699 1509 734 φρόνημα,
1528 698 1642 734 γενναῖόν
1656 707 1684 724 τι
1706 697 1807 733 ψυχῆς
1831 699 1897 734 πρὸς

1089 744 1148 773 τοὺς
1163 742 1226 779 ύπὶρ
1243 745 1359 778 Χριστοῦ
1372 751 1417 767 και
1445 743 1513 768 κατὰ
1541 744 1656 778 Χριστὸν
1680 741 1785 778 ἀγῶνας
1810 743 1896 779 rupti-

1091 797 1181 823 στημα
1198 787 1232 816 -ἡ
1263 785 1293 812 δὲ
1317 789 1360 812 νῦν
1387 787 1449 822 ἡμῖν
1475 785 1529 816 ἤδη
1548 786 1738 824 προϐεϐλημένη
1768 788 1839 823 πρός
1859 786 1897 813 εὑ-

1091 834 1189 868 φημίας
1216 831 1350 864 ὑπόθεσιν,
1375 832 1404 857 τὸ
1436 833 1590 869 φερωνύμως
1617 829 1755 858 θεόσδοτον
1782 830 1898 867 ἀγαθὸν,

1091 876 1232 910 Θεοδοσία,
1257 877 1272 905 ἡ
1301 875 1325 902 ἐν
1350 876 1435 906 ὁσίαις
1456 879 1620 914 πυρίπιστος,
1649 879 1694 902 καὶ
1723 875 1747 902 ἐν
1777 877 1899 913 μάρτυσι

1089 922 1254 960 περιϐόητος,
1289 924 1345 951 ταῖς
1371 922 1416 957 μὲν
1440 924 1490 946 τῶν
1528 923 1594 957 πρὸς
1630 921 1712 952 αὐτῆς
1748 921 1898 957 ἡμιλλήθη,

1090 971 1140 994 τῶν
1175 965 1200 993 δ’
1228 966 1258 992 οὗ
1281 966 1390 1001 πάμπαν
1431 965 1581 1002 ἀπελείφθη,
1616 967 1663 996 τὰς
1706 963 1738 992 δε
1769 965 1899 1002 λαμπρῶς

1090 1011 1247 1049 ὑπερήλασε,
1266 1015 1316 1037 τῶν
1338 1008 1368 1037 δὴ
1391 1010 1448 1046 μεθ’
1476 1010 1569 1040 ἑαυτὴν
1587 1010 1696 1037 ἁπασῶν
1713 1010 1846 1047 πρόϐολος
1858 1021 1899 1042 τις

1090 1058 1214 1094 ἄτρεστος
1242 1056 1277 1087 ὡς
1302 1055 1402 1086 ἀληθῶς
1435 1054 1576 1091 ἀνεδείχθη
1604 1065 1648 1082 χαι
1679 1055 1898 1092 texam/mmo;

1090 1103 1230 1139 πρόμαχος
1245 1110 1251 1118 '
1265 1103 1342 1127 τοῦτο
1433 1101 1592 1127 νουθετοῦσαι
1613 1110 1657 1127 και
1677 1100 1764 1131 καλῶς
1797 1109 1899 1137 καταρ-

1090 1146 1213 1177 τίζουσα,
1229 1148 1305 1172 τοῦτο
1332 1142 1361 1171 δὶι
1385 1144 1575 1180 ὺπαλείφουσα,
1596 1155 1641 1171 και
1657 1146 1723 1183 πρὸς
1747 1146 1812 1176 τοὺς
1833 1146 1900 1170 κατὰ

1092 1192 1155 1217 Θεὸν
1170 1189 1269 1226 ἀγῶνας
1284 1189 1437 1226 ἐπαίρονσα,
1452 1199 1496 1215 και
1512 1190 1545 1215 τὰ
1557 1189 1644 1215 εἰκότα
1659 1189 1897 1226 ύπερασπίζουσα,

1091 1236 1106 1264 ἦ
1121 1234 1216 1272 μᾶλλον
1231 1235 1343 1271 σπινθὴρ
1359 1244 1400 1265 τις
1426 1233 1557 1264 εὐσεϐείας
1573 1234 1663 1271 εὑρέθη
1691 1234 1724 1264 ὡς
1752 1233 1778 1260 ἓν
1795 1232 1899 1269 σποδιᾲ

1092 1284 1122 1316 τῇ
1146 1281 1203 1306 τότε
1228 1280 1379 1315 κατεχούσῃ
1411 1280 1558 1315 σκοτομήνῃ
1580 1282 1628 1309 τῆς
1665 1278 1830 1310 Ἐκκλησίας
1869 1280 1898 1304 τὸ

1091 1318 1220 1361 πλήρωμά
1247 1334 1253 1341 ·
1278 1323 1307 1354 ὂς
1325 1325 1387 1360 πρὸς
1406 1324 1450 1359 μὲν
1465 1324 1568 1360 μικρὸν,
1585 1324 1598 1349 ὅ
1622 1332 1649 1349 τι
1668 1320 1800 1358 διέλαθεν,
1828 1323 1897 1359 ἡρθη

1093 1367 1119 1395 δ’
1141 1369 1236 1401 εὐθὺς,
1269 1368 1304 1399 εἰς
1335 1369 1436 1405 πυρσὸν
1461 1377 1506 1393 και
1543 1369 1601 1398 τούς
1627 1369 1662 1404 μὴ
1699 1367 1898 1404 τνφλὼττοντας

1093 1423 1176 1440 εκοντι
1209 1411 1395 1448 καθωὸηγήκει
1426 1414 1490 1448 πρὸς
1518 1413 1551 1438 τά
1575 1414 1704 1450 σωτήρια.
1734 1411 1814 1438 Ἀλλὰ
1842 1414 1900 1439 τού-

1092 1467 1143 1484 των
1180 1457 1225 1494 μὲν
1259 1457 1316 1488 alii;
1345 1467 1351 1474 ~
1390 1458 1419 1483 τὸ
1462 1454 1488 1483 δ’
1531 1456 1621 1487 εἰωθὸς
1659 1457 1900 1494 προσφθεγξαμένῳ

1093 1512 1137 1528 και
1168 1506 1221 1533 νῦν,
1257 1502 1291 1533 ὡς
1315 1503 1353 1531 εἴη
1374 1511 1420 1537 μοι
1444 1505 1490 1527 τοῦ
1526 1503 1695 1538 προκειμένου
1738 1500 1900 1538 συλλήπτωρ

1094 1548 1166 1580 Θεὸς,
1192 1545 1356 1582 ἐγχειρητέον
1383 1546 1430 1582 ἄγε
1465 1550 1519 1576 τοῖς
1552 1549 1598 1576 τῆς
1636 1547 1767 1583 μακαρίας
1800 1545 1899 1581 ἀγῶσι,

1092 1600 1138 1617 και
1170 1594 1223 1621 τοῖς
1250 1591 1318 1617 κατά
1345 1592 1409 1618 Θεὸν
1439 1592 1537 1622 ταύτης
1564 1589 1713 1619 ἐπιϐ).ητέον
1741 1590 1900 1627 παλαίσμα-

1095 1645 1145 1664 σιν.

215 1684 275 1711 Deo
300 1682 475 1710 mortalibus
491 1690 644 1717 concessa,
658 1689 719 1710 non
733 1690 751 1710 a
769 1682 811 1710 rei
835 1682 959 1710 veritate
983 1681 1116 1709 alienum
1139 1680 1241 1710 sortita
1257 1682 1301 1709 est
1323 1687 1446 1715 nOmen,
1463 1679 1641 1719 Theodosia,
1667 1680 1805 1716 interque
1820 1679 1899 1708 alias

214 1727 344 1762 virgines
367 1727 571 1754 sanctissimas
590 1726 815 1754 ferventissimis
829 1726 900 1754 ﬁdei
914 1725 1112 1762 praerogativa
1133 1725 1268 1760 insignis,
1285 1726 1314 1753 et
1335 1725 1411 1753 inter
1432 1727 1579 1761 martyres
1603 1723 1809 1759 celeberrima,
1827 1733 1898 1753 cum

217 1770 252 1799 iis
266 1770 407 1798 omnibus
420 1778 488 1806 quae
503 1773 570 1798 ante
584 1770 683 1806 ipsam
698 1770 870 1798 exstiterunt
883 1770 1006 1806 pulchre
1020 1769 1174 1798 contendit
1191 1769 1228 1797 de
1244 1769 1375 1797 victoria.
1393 1769 1506 1798 Harum
1521 1769 1601 1798 enim
1617 1769 1682 1798 aliis
1696 1769 1770 1797 nihil
1790 1768 1898 1797 admo-

216 1815 290 1842 dum
306 1814 343 1842 de
365 1814 459 1849 gloria
473 1814 667 1848 concessisse,
683 1813 757 1842 alias
783 1814 873 1842 etiam
899 1822 960 1842 non
984 1814 1048 1843 sine
1071 1813 1216 1851 praeclara
1237 1822 1292 1842 sua
1313 1813 1402 1842 laude
1426 1814 1490 1842 visa
1513 1816 1559 1842 est
1581 1821 1759 1850 superasse;
1780 1814 1898 1842 cunctis

216 1867 287 1888 vero
304 1867 372 1895 quae
386 1859 484 1895 ipsam
499 1861 551 1887 aut
565 1861 682 1888 StBCuttB
689 1860 754 1893 jam
768 1859 886 1888 fuerunt
901 1861 952 1888 aut
962 1867 1052 1896 porro
1064 1860 1236 1896 sequentur,
1247 1866 1359 1895 praeses
1371 1858 1569 1887 certaminum
1584 1858 1754 1895 fortissima,
1771 1860 1802 1887 et
1813 1858 1900 1887 inex-

217 1903 388 1940 pugnabilis
410 1903 488 1932 facta
508 1905 552 1931 est
577 1903 807 1940 propugnatrix;
829 1904 938 1940 partim
963 1904 1002 1932 ad
1018 1903 1130 1932 fortiter
1155 1903 1331 1932 certandum
1356 1903 1513 1940 impellens
1532 1903 1630 1931 verbis
1655 1906 1683 1932 et
1707 1903 1899 1940 pulchr-asin

217 1956 351 1984 pugnam
367 1948 444 1976 vires
458 1947 629 1984 sufﬁciens;
653 1948 762 1984 partim
777 1947 816 1976 ad
839 1949 963 1985 propius
984 1956 1053 1976 cum
1074 1948 1161 1976 hoste
1177 1947 1433 1984 congrediendum
1453 1948 1626 1984 fortiterque
1637 1955 1693 1984 pro
1708 1948 1768 1976 Deo
1785 1947 1901 1976 auden-

217 1993 301 2025 dum,
315 1991 404 2020 rebus
419 1992 568 2021 instruens
587 1995 616 2021 et
634 1992 824 2021 sermonibus
844 1993 983 2028 incitans,
1003 1996 1093 2030 atque
1114 1993 1279 2022 etiamnum
1302 1995 1447 2022 certantes
1469 1993 1535 2030 ipsa
1549 2001 1605 2030 pro
1621 1993 1768 2029 cujusque
1784 1993 1900 2021 meritis

217 2037 326 2066 auxilio
339 2045 393 2066 suo
408 2037 512 2066 fovens
525 2046 560 2066 ac
573 2040 748 2074 protegens;
764 2037 822 2066 nisi
832 2037 946 2066 discere
957 2038 1044 2066 malis
1055 2037 1187 2066 scintillae
1201 2037 1362 2073 cujusdam
1373 2037 1520 2066 rationem
1531 2037 1675 2066 habuisse
1685 2037 1899 2066 Theodosiam-

217 2082 303 2116 Quod
317 2082 343 2110 si
357 2083 450 2116 dicas,
465 2082 563 2110 vivam
579 2082 707 2118 intellige
722 2082 838 2118 pietatis
853 2083 912 2111 huc
922 2082 1072 2118 religionis
1087 2081 1258 2115 scintillam,
1270 2081 1330 2110 aud
1346 2082 1465 2110 sordido
1480 2081 1530 2110 illo
1544 2084 1693 2118 repertam
1710 2081 1821 2116 cinere,
1837 2089 1900 2118 quo

218 2128 357 2155 universa
374 2127 509 2155 Ecclesiae
524 2127 625 2161 facies,
640 2127 728 2155 veluti
744 2127 907 2162 caliginosa
920 2127 1054 2163 quadam
1069 2126 1203 2157 nocte.id
1219 2126 1360 2163 temporis
1374 2126 1571 2162 obtegebatur
1583 2136 1589 2155 :
1602 2134 1670 2164 qum
1686 2126 1811 2163 quidem
1825 2135 1899 2164 pau-

217 2171 311 2199 lulum
326 2171 408 2208 prius
421 2171 607 2204 delitescens,
625 2174 655 2200 at
669 2171 738 2200 dein
754 2174 874 2208 repente
899 2172 1037 2207 excitata,
1052 2172 1083 2200 in
1097 2172 1254 2200 ﬂammam
1279 2171 1376 2208 erupit
1396 2171 1606 2204 clarissimam,
1623 2173 1655 2200 ut
1669 2179 1705 2200 ea
1718 2171 1797 2199 duce
1812 2174 1899 2208 quot-

217 2218 290 2252 quot
305 2223 364 2244 non
380 2217 503 2244 omnino
518 2216 723 2251 ementiebant,
744 2217 773 2244 in
789 2219 902 2245 rectum
917 2216 1125 2253 pulcherrimae
1141 2216 1245 2245 salutis
1261 2216 1409 2245 tramitem
1433 2216 1509 2244 ultro
1531 2216 1751 2244 reducerentur.
1779 2216 1839 2244 Sed
1861 2216 1898 2244 de

217 2260 264 2288 his
278 2260 369 2288 modo
380 2261 450 2289 satis
466 2269 472 2288 :
488 2261 554 2289 ideo
568 2263 669 2290 autem
680 2269 715 2289 ea
726 2261 934 2297 praemittenda
944 2261 1027 2296 duxi,
1043 2263 1074 2290 ut
1088 2261 1187 2298 operis
1201 2262 1330 2298 suscepti
1343 2261 1463 2298 adjutor
1478 2261 1551 2290 mihi
1565 2262 1641 2289 Deus
1652 2260 1739 2289 adsit.
1749 2261 1836 2289 Nunc
1846 2261 1898 2297 igi-

217 2306 264 2333 tur
280 2306 307 2333 B.
324 2305 463 2341 martyris
480 2306 510 2334 in
525 2305 737 2334 certaminibus
757 2305 971 2341 fortitudinem,
987 2308 1015 2334 ct
1029 2306 1060 2334 in
1073 2313 1166 2334 arena
1179 2314 1234 2343 pro
1250 2307 1309 2335 Deo
1324 2315 1379 2335 suo
1394 2306 1521 2343 gloriose
1537 2306 1739 2342 depugnantis
1755 2308 1898 2334 constan-

218 2351 290 2380 tiam
305 2350 510 2380 exhibeamus.

969 2396 1084 2425 CAPUT
1097 2396 1116 2423 ι.

607 2442 638 2470 S.
654 2442 821 2470 Theodosia:
837 2442 964 2475 natales,
980 2441 1190 2474 adolescentia,
1206 2441 1268 2470 vita
1278 2441 1453 2470 monastica.

253 2508 278 2534 2.
295 2506 390 2541 Atque
399 2505 428 2532 ut
441 2503 508 2532 inde
519 2504 633 2532 initium
641 2504 788 2533 ducamus
800 2503 947 2532 sermonis
960 2503 1028 2531 und«

1132 2502 1166 2538 β’.
1186 2502 1258 2529 ἈἎΥ
1285 2503 1316 2529 ἵν’
1345 2502 1491 2540 ἀρξώμεθα,
1513 2503 1569 2529 ὅθεν
1592 2503 1669 2529 ποθεν
1689 2502 1704 2531 ἡ
1731 2503 1826 2538 τέχνη,
1847 2505 1899 2533 τοῖς

218 2559 266 2578 ars
279 2549 397 2578 dicendi
413 2550 492 2586 (quae
507 2552 535 2577 et
549 2549 614 2585 ipsa
627 2549 732 2586 p05itis
751 2557 768 2577 a
793 2551 900 2576 natura
915 2548 1039 2576 sanctio-

217 2595 307 2623 nibus
343 2593 479 2628 religiose
518 2594 704 2630 obsequitur)
736 2592 939 2629 incipiendum
977 2599 1041 2620 esse

218 2639 393 2676 prrescribit,
410 2647 445 2667 ex
460 2639 496 2667 iis
509 2647 577 2675 quae
604 2639 634 2666 in
649 2641 727 2666 terra
743 2639 814 2665 sunt
827 2637 936 2674 posita,
953 2639 980 2666 et
1006 2646 1042 2666 ex

218 2683 329 2720 quibus
344 2683 523 2720 principium
549 2690 655 2710 omnes
681 2681 820 2709 ducimus
835 2689 842 2714 ;
857 2689 875 2710 θ,
900 2681 977 2715 loco,
999 2682 1041 2711 in-

219 2736 321 2764 quam,
338 2731 366 2756 ct
376 2729 441 2756 aliis
452 2727 594 2756 nascendi
604 2726 761 2762 adjunctis,
775 2726 953 2763 principium
967 2735 1042 2764 quo-

218 2776 278 2808 que
286 2771 424 2800 faciemus
432 2771 561 2801 dicendi:
574 2771 736 2800 Nativitatis
746 2771 834 2807 igitur
841 2771 941 2800 locum
953 2774 1042 2801 nacta

1095 2551 1143 2578 τῆς
1162 2549 1263 2584 φύσεως
1282 2549 1355 2584 τάχα
1381 2547 1611 2574 καταχώουθοῦσα
1641 2548 1755 2583 θεσμοῖς,
1778 2545 1900 2583 παρέδυ-

1095 2602 1137 2619 κεν
1153 2593 1294 2629 ἄρχεσθαι,
1313 2592 1340 2619 ἐκ
1366 2597 1415 2619 τῶν
1435 2594 1507 2619 κάτω
1519 2602 1564 2618 και
1590 2592 1649 2618 καθ’
1672 2594 1752 2628 ἡμᾶς,
1777 2592 1835 2618 ὅθεν
1857 2601 1900 2617 και

1092 2639 1142 2674 ςὴν
1158 2637 1245 2674 ἀρχὴν
1260 2639 1353 2669 πάντες
1367 2639 1472 2674 ἔχομεν,
1488 2639 1669 2673 “nica/wiser»:
1695 2640 1744 2666 τῆν
1773 2635 1899 2673 ἀπαρχήν

1097 2683 1273 2719 τοιησόμεθα.
1302 2682 1391 2719 Ταύτῃ
1413 2691 1507 2720 πατρις
1531 2683 1576 2718 μὲν
1604 2682 1619 2711 ἡ
1647 2683 1854 2714 Κωνσταντίνου,
1871 2683 1898 2707 τό

1095 2726 1263 2764 πιριλάλητον
1288 2727 1408 2753 Αὐσόνων
1438 2725 1583 2763 βασίλειον,
1612 2727 1641 2752 τὸ
1668 2724 1779 2752 παλαιὸν
1798 2729 1845 2756 τῆς
1863 2725 1897 2751 οἰ-

1095 2773 1222 2809 ὁιοὺμένης
1250 2771 1366 2809 ἀρχεῑοη
1387 2772 1417 2798 τὸ
1445 2773 1527 2810 μέχρι
1555 2771 1672 2810 περάτων
1700 2773 1746 2801 τῆς
1769 2773 1819 2806 γῆς
1841 2767 1897 2796 δια·
