1963 3084
60 134 123 161 897

744 126 778 157 ῘΝ
799 125 829 158 S.
850 125 1087 160 THEODOSIAM.

1699 141 1752 168 898

65 194 169 224 ϐόητον
196 196 285 231 ἄνομα,
315 198 357 229 ἤν,
386 196 487 231 μυρίοις
507 191 566 220 καθ’
593 191 674 222 αὐτὴν
703 192 872 229 demo,qu

963 193 1163 229 t'l‘heodosia,
1190 193 1289 230 ipsam
1310 195 1413 231 magni
1441 197 1625 228 Constantini
1644 201 1751 230 urbem

65 239 193 275 ἀγαθοῖς,
215 237 290 266 οὗὸὶν
315 240 397 269 οὕτως
416 238 547 274 ἐκόσμησε
570 240 615 264 καὶ
641 237 675 268 εἰς
702 239 731 263 τὸ
758 235 874 269 διηνεκὲς

65 285 132 320 ἔχει
158 288 275 320 κοσμεῖν,
292 285 327 315 ὡς
341 285 354 310 ὁ
369 285 467 315 ταύτης
492 282 619 313 πολιστὴς
645 291 672 308 τε
695 284 741 308 καὶ
769 282 873 308 πολιοῦ-

67 338 135 364 χος,
159 332 353 359 Κωνσταντῖνος
386 329 398 354 ὸ
424 330 516 364 μέγας,
545 330 600 357 τοῖς
628 328 695 353 κατά
723 329 787 354 Θεὸν
814 326 874 363 ἀρι-

66 374 220 409 στιύμοισιν
234 374 250 402 ἡ
266 377 315 399 τῶν
335 374 401 399 κατὰ
418 374 534 409 Χριστὸν
561 373 593 402 ὡς
617 371 718 402 ἀληθῶς
745 371 873 407 βασιλέων

66 417 167 453 βάσις,
195 419 224 444 τὸ
252 422 300 448 τῆς
323 417 451 448 εὐσεϐείας
487 418 605 453 ἔρεισμα,
629 418 659 442 τό
687 421 735 446 τῆς
760 418 872 447 πίστεως

66 465 221 498 στήριγμα,
243 463 256 488 ὁ
270 464 337 499 μετὰ
354 464 413 492 τοὺς
437 461 598 492 ἀποστόλους
626 460 778 491 ἀπόστολος.
807 464 871 487 Τοι-

63 509 154 537 αύτης
178 508 193 536 ἡ
219 509 338 544 μακαρία
365 505 492 544 πατρίδος
507 508 593 542 ἔτυχε,
621 507 730 541 τοιούτῳ
760 505 870 541 πολιστῇ

62 553 115 577 καὶ
143 551 278 587 πολιούχῳ
294 551 464 587 σεμνύνεσθαι
483 550 575 587 ἔλαχεν
593 560 598 566 ·
615 549 664 586 ἐρῶ
684 547 724 584 δὲ,
739 552 784 575 καὶ
800 550 873 585 τάχα

62 605 95 631 γε
120 595 228 626 εἰκότως
250 595 309 632 ἐρῶ,
332 599 449 622 τοιοῦτον
469 597 533 631 ἔσχε
551 596 594 621 τὸν
614 596 748 632 πρόγονον,
765 595 873 630 τοιούτῳ

64 638 242 676 διδασκάλῳ,
269 641 376 675 τοιούτῳ
398 650 427 676 γε
451 638 541 676 ὁδηγῷ
560 641 626 676 πρὸς
644 641 690 668 τὴν
711 638 789 676 ὀρθ-ὴν
813 641 872 675 περὶ

64 689 141 711 Θεοῦ
157 683 238 716 δόξαν
257 684 393 722 ἐχρήσατο
400 708 406 713 ,

929 238 1120 267 decantatam
1127 239 1202 267 adeo
1213 240 1414 268 Ausoniorum
1424 241 1637 278 imperatorum
1650 246 1752 275 sedem

928 283 1052 318 regiam,
1065 283 1196 312 universi
1205 285 1361 320 quondam
1368 285 1447 313 orbis
1455 287 1643 323 complexam
1655 290 1752 326 impe-

928 326 1017 361 rium,
1038 327 1125 363 cujus
1141 328 1180 356 ad
1200 331 1330 365 quatuor
1344 329 1450 358 mundi
1473 334 1572 366 partes
1605 336 1754 363 extremas

928 371 1010 399 fama
1029 379 1200 409 nomenque
1218 373 1364 409 inclytum
1393 376 1523 410 pervasit
1538 386 1545 410 ;
1561 384 1654 412 quam
1668 378 1754 407 innu-

928 416 1018 444 meris
1044 416 1250 449 abundantem
1265 417 1364 453 bonis,
1389 419 1462 447 nihil
1490 420 1531 448 ita
1556 422 1595 449 ad
1618 425 1753 457 pOsteros

927 460 1055 494 ornavit,
1069 463 1120 489 aut
1131 470 1265 498 unquam
1280 465 1326 490 est
1340 466 1563 498 exornaturum,
1582 474 1676 502 quam
1689 468 1753 503 ipse

928 504 980 540 qui
998 513 1066 533 eam
1087 505 1230 539 condidit,
1246 509 1275 534 et
1289 508 1446 543 praesentia
1473 517 1528 537 sua
1551 511 1753 548 praesidioque

928 549 1050 582 fulcivit,
1080 558 1209 585 magnus
1238 552 1458 586 Constantinus,
1488 554 1620 590 pulchris
1645 556 1675 584 in
1702 557 1753 585 Dei

927 601 1021 622 causa
1030 593 1184 622 laboribus
1199 595 1236 623 ad
1252 596 1344 624 tinem
1363 597 1514 632 perductis
1524 602 1750 638 memorandus,

928 641 956 666 et
981 646 1086 674 regum
1106 640 1242 667 omnium
1270 640 1489 670 Chritianorum
1509 643 1600 679 longe
1625 646 1751 681 primus,

928 683 1209 719 ﬁrmumreligionis
1225 693 1259 712 ac
1271 686 1389 721 pictatis
1404 686 1542 722 fulcrum,
1559 689 1627 717 ﬁdei
1643 693 1752 718 nostra;

64 728 273 757 sanctissimae
287 728 550 765 propugnaculum
571 736 643 756 sane
657 727 802 760 validum,
829 735 864 756 ac
890 730 957 763 past
985 727 1154 763 praecipuos
1176 728 1242 756 illos
1258 729 1410 765 apostolos
1432 730 1494 767 ipse
1509 740 1630 769 quoque
1654 734 1752 762 dicen-

64 773 129 802 dus
145 773 311 810 apostolus.
332 773 392 802 Tali
415 774 517 810 itaque
536 773 628 801 natali
644 772 707 800 solo
722 774 805 807 virgo
829 772 886 800 ista
900 772 988 800 beata
1005 772 1127 809 prodiit,
1153 773 1202 800 tali
1216 773 1342 801 civitatis
1367 782 1427 803 sua]
1447 777 1549 811 patriae
1577 778 1679 813 gavisa
1709 781 1753 807 cst

64 818 210 854 principe
223 821 252 846 et
265 818 402 846 inclaruit
414 820 552 854 patrono,
567 817 667 846 Dicam
695 817 846 853 equidem,
862 818 891 845 et
905 816 988 852 quod
1001 825 1048 844 res
1069 819 1112 844 est
1132 817 1232 845 dicam
1257 826 1263 852 ;
1280 818 1420 847 eumdem
1434 820 1528 855 illum,
1544 830 1634 858 quem
1660 824 1751 852 modo

66 863 231 899 descripsi,
246 863 313 899 ipsa
326 862 432 890 habuit
459 862 692 898 progenitorem,
708 861 850 890 eumdem
870 861 1060 889 instituendas
1075 861 1142 890 vitae
1164 865 1388 898 praeceptorem,
1409 865 1550 893 eumdem
1579 867 1618 895 ad
1640 876 1750 904 veram,

63 915 140 943 quae
155 907 186 935 in
201 909 258 936 Deo
273 910 300 935 et
315 915 333 936 a
349 909 408 935 Deo
421 909 477 940 est,
495 907 534 935 ad
554 906 679 942 gloriam
695 906 861 934 ductorem.

101 952 138 988 γ’.
161 951 239 978 Ἀλλα
257 953 332 978 ποθεῖ
357 962 397 983 τις
420 954 486 983 ’ἰσως
514 952 605 988 μαθεῖν
631 954 676 977 καὶ
705 952 799 978 ὁποίων
826 950 872 979 ηὐ-
893 951 913 978 Β

62 999 188 1034 μοιρήκει
219 1001 270 1023 τῶν
300 996 456 1033 ἀρχηγετῶν
479 1000 527 1027 τῆς
551 999 688 1032 γενέσεως,
717 997 762 1022 καὶ
787 994 873 1022 ὁποῖοί

63 1050 114 1078 περ
144 1040 218 1067 οὗτοι
240 1042 272 1067 τὰ
294 1043 360 1077 πρὸς
389 1042 453 1068 Θεὸν
484 1042 551 1071 ὅντες
580 1040 723 1076 ἐτύγχανον
741 1049 747 1074 ;
765 1040 872 1066 Εὐσεϐί-

66 1095 172 1119 στατοι,
207 1088 253 1112 καὶ
277 1085 399 1121 φιλόθεοι,
431 1087 475 1111 καὶ
508 1089 557 1111 τῶν
595 1085 700 1112 ἐντολῶν
728 1088 775 1111 τοῦ
804 1088 870 1111 Θεοῦ

65 1129 187 1166 ἀκριϐεῖς
211 1129 327 1166 φύλακες.
356 1132 388 1157 Τί
416 1128 458 1156 δεῖ
482 1130 563 1156 πολλὰ
589 1129 670 1166 λέγειν
688 1137 694 1162 ;
715 1129 746 1156 ἰῶ
769 1131 820 1166 γὰρ
836 1131 870 1161 ὼς

65 1174 168 1210 ἐκόμων
190 1174 303 1210 πλούτῳ,
326 1177 371 1201 καὶ
390 1172 468 1205 δόξης
483 1173 615 1204 ἀπήλαυον
633 1185 639 1191 ·
666 1173 690 1200 ἐν
715 1173 815 1212 βραχεῖ
840 1173 871 1200 δέ

65 1229 160 1255 φημι,
195 1222 342 1256 γεννήτορες
386 1221 505 1245 τοιούτου
546 1223 581 1254 τῷ
618 1221 671 1245 ὅντι
712 1221 870 1255 γεννήματος

67 1263 211 1301 ἀξιόχρεῳ.
233 1263 301 1290 Ἀλλ’
328 1265 399 1289 οὔπω
427 1263 525 1294 τελείας
552 1265 653 1299 γέγονεν
680 1262 793 1297 ἡλικίας,
824 1266 869 1289 καὶ

66 1307 264 1345 ἆπορφάνισται
283 1311 330 1334 τοῦ
348 1310 454 1345 πατρὸς,
490 1308 611 1338 ἑπταέτης
631 1309 667 1334 ἔτι
685 1309 869 1344 τυγχάνουσα,

66 1355 112 1378 καὶ
142 1352 236 1382 πολλῆς
258 1354 294 1378 ἔτι
318 1350 425 1389 δεομένη
455 1356 502 1383 τῆς
527 1353 688 1389 προμηθείας
722 1354 756 1383 ὡς
784 1352 870 1389 ἀμέμ-

67 1407 137 1428 πτως
156 1399 186 1423 τὸ
207 1397 255 1433 ζῇν
274 1397 449 1435 ἐκμετρὴσειε,
470 1399 515 1423 καὶ
543 1401 592 1423 τῶν
611 1395 731 1433 παγίδων
757 1396 871 1434 ἀνωτέρα

67 1443 191 1479 γενομένη
212 1445 259 1468 τοῦ
284 1440 440 1479 δυσμενοῦς,
470 1443 505 1472 ὡς
529 1446 565 1478 τῷ
592 1446 649 1477 Θεῷ
670 1441 798 1478 βουλητὸν
826 1443 869 1467 τὸν

67 1491 113 1513 τοῦ
139 1486 202 1523 βίον
232 1484 328 1523 δρόμον
364 1485 478 1513 ἀνύσειεν
505 1497 511 1504 ·
539 1486 601 1513 ἀλλὰ
627 1487 725 1516 ταύτης
748 1488 870 1522 οῧμενονν

68 1531 116 1557 οὐκ
141 1531 300 1568 ἠμοίρησεν.
319 1530 347 1557 ’0
367 1532 417 1568 γὰρ
433 1529 510 1562 εἰδὼς
525 1532 559 1557 τὰ
572 1532 657 1557 πάντα
670 1532 720 1568 πρὸ
747 1534 795 1561 τῆς
809 1532 869 1557 τού-

68 1585 118 1602 των
132 1578 264 1611 γενέσεως,
291 1576 304 1601 ὁ
335 1575 462 1613 ἀφορίζων
487 1575 514 1601 ἐκ
541 1575 643 1601 κοιλιῶν
667 1579 801 1613 μητρικῶν
822 1575 870 1601 ἄν·

70 1619 134 1658 δρας
161 1630 190 1647 τε
211 1623 257 1647 καὶ
275 1624 401 1656 γυναῖκας
427 1621 502 1656 ὁμοῦ,
532 1623 577 1646 καὶ
601 1620 708 1656 ἐκλογὴν
738 1623 778 1646 αεὶ
798 1630 871 1657 περι-

68 1667 222 1702 ποιούμενος
251 1665 343 1701 ἑαυτῷ,
381 1667 426 1691 καὶ
457 1668 503 1695 τῆς
530 1667 660 1702 μακαρίας
685 1666 792 1700 ταύτης,
822 1665 872 1691 ὅσα

892 1627 911 1654 C

68 1713 112 1736 καὶ
139 1711 241 1747 πατὴρ,
265 1709 455 1746 προύνοήσατο,
475 1709 547 1746 Ἀμα
571 1719 598 1735 τε
613 1710 661 1746 γὰρ
678 1710 691 1735 ὁ
714 1711 798 1746 πατὴρ
827 1711 870 1735 τὸν

69 1754 128 1791 βίον
159 1754 311 1790 μετήλλαξε,
339 1757 384 1780 καὶ
412 1754 467 1790 ἅμα
489 1763 518 1789 γε
551 1755 566 1783 ἡ
596 1756 683 1791 μήτηρ
706 1756 797 1790 κόσμῳ
825 1756 870 1780 καὶ

68 1803 120 1830 τοῖς
148 1799 172 1825 ἐν
201 1801 293 1835 κόσμῳ
329 1801 433 1836 χαίρειν
469 1799 588 1832 εἰποῦσα,
624 1798 714 1828 ἑαυτὴν
750 1801 795 1825 καὶ
827 1801 871 1828 τὴν

70 1844 162 1874 ἑαυτῆς
192 1841 277 1869 παῖδα
306 1846 412 1880 σεμνείῳ
437 1853 464 1869 τε
495 1842 662 1879 περιέκλεισε,
694 1846 739 1870 καὶ
773 1847 872 1879 σεμνῶς

70 1888 146 1923 βιοῦν
159 1887 331 1925 προύξένησεν
347 1886 560 1915 ὰπαιὸεᾶεσθαι.
580 1911 583 1914 .

963 953 988 978 3.
1010 952 1097 979 Estne
1116 953 1217 980 autem
1245 952 1298 989 qui
1324 953 1398 981 illud
1424 962 1545 991 quoque
1572 964 1752 991 cognoscere

926 994 1060 1023 fortassis
1074 996 1231 1030 desiderat,
1252 998 1355 1033 quales
1379 999 1546 1028 TlieouOsia
1559 1004 1750 1038 quantosque

925 1039 1002 1067 felici
1013 1043 1091 1068 sorte
1101 1043 1191 1069 nacta
1203 1041 1240 1070 sit
1250 1045 1387 1077 parentes
1400 1042 1413 1070 Τ
1426 1044 1436 1070 Ι
1441 1045 1468 1072 ta
1481 1045 1613 1080 profecto
1627 1046 1749 1081 habeat,

926 1092 1098 1120 supremam
1109 1085 1174 1113 illos
1189 1086 1239 1113 Dei
1249 1086 1438 1122 majestatem
1450 1089 1602 1125 praecipuo
1614 1090 1749 1126 quodam

925 1129 1006 1157 cultu
1018 1131 1047 1158 et
1059 1137 1161 1158 amore
1174 1130 1267 1158 fuisse
1278 1135 1463 1167 prosecutos,
1473 1135 1536 1161 tum
1550 1143 1619 1163 vero
1631 1144 1751 1164 summa

925 1174 1115 1202 accuratione
1124 1174 1265 1202 universa
1275 1176 1413 1210 ejusdem
1422 1177 1471 1204 Dei
1479 1179 1623 1207 mandata
1633 1188 1751 1216 semper

924 1218 1105 1254 implevisse.
1124 1219 1200 1252 Quid
1215 1228 1292 1256 opus
1308 1220 1445 1257 pluribus
1461 1222 1474 1250 ‘I
1489 1223 1611 1256 Quantis
1627 1225 1752 1254 circum—

925 1263 1064 1292 ﬂuxerint
1078 1264 1199 1298 divitiis,
1224 1268 1400 1302 quantaque
1419 1267 1525 1302 gloria,
1545 1269 1660 1297 silentio
1675 1278 1751 1306 prte-

925 1309 1005 1336 tereo
1027 1309 1180 1342 ;breviter
1207 1311 1378 1345 pronuntio,
1409 1315 1563 1348 parentem
1591 1316 1751 1351 utrumque

924 1351 1031 1380 habuit
1044 1353 1218 1387 Theodosia,
1246 1355 1329 1390 prole
1349 1358 1411 1383 tam
1428 1360 1532 1385 sancta
1550 1360 1672 1395 tamque
1685 1358 1750 1386 illu-

925 1396 977 1424 stri
991 1396 1210 1432 dignissimam.
1227 1399 1295 1434 ipsa
1319 1402 1430 1434 autem,
1444 1409 1512 1429 cum
1528 1404 1630 1431 tenera
1652 1404 1751 1431 adhuc

924 1441 1102 1476 virguncula
1117 1442 1279 1478 septimum
1299 1444 1393 1471 aetatis
1409 1453 1470 1473 suae
1485 1453 1600 1474 annum
1615 1448 1751 1476 nondum

925 1488 1002 1513 esset
1015 1487 1233 1521 prietergressa,
1261 1494 1390 1524 cumque
1409 1489 1448 1516 ad
1460 1489 1517 1517 hcc
1532 1494 1565 1518 ut
1579 1491 1643 1519 sine
1652 1500 1751 1528 repre-

925 1530 1070 1558 hensione
1098 1530 1190 1558 vitam
1223 1531 1302 1559 hanc
1330 1533 1488 1561 mortalem
1517 1535 1696 1571 decurreret,
1723 1540 1751 1566 et

926 1574 1147 1603 cacodaemonis
1159 1575 1275 1603 insidiis
1290 1575 1369 1604 facta
1383 1579 1528 1614 superior,
1544 1579 1617 1608 illud
1632 1581 1751 1610 vivendi

926 1619 1101 1653 institutum,
1130 1619 1213 1656 quod
1238 1622 1298 1649 Deo
1324 1622 1513 1657 potissimum
1538 1627 1615 1653 esset
1640 1625 1748 1662 visum,

926 1664 1078 1700 arriperet,
1095 1663 1187 1700 patris
1201 1665 1362 1693 etiamnum
1387 1667 1510 1696 consilio
1526 1670 1553 1696 et
1563 1670 1752 1705 providentia

926 1708 1059 1743 indigere
1072 1708 1232 1742 videretur,
1248 1709 1356 1738 eodem
1371 1711 1476 1740 orbata
1490 1712 1554 1741 fuit.
1572 1714 1628 1741 Sed
1641 1722 1696 1743 nec
1711 1715 1751 1744 ita

926 1753 1101 1782 necessariis
1115 1753 1156 1782 ad
1168 1753 1381 1783 instituendam
1395 1759 1473 1785 recte
1489 1757 1582 1786 vitam
1606 1760 1751 1794 prresidiis

926 1798 981 1826 fuit
992 1798 1141 1826 destituta.
1154 1798 1236 1827 Idem
1251 1799 1363 1836 quippe
1373 1800 1421 1829 ille
1435 1802 1488 1838 qui
1508 1803 1610 1831 omnia
1635 1807 1751 1840 nostra,

926 1843 979 1871 diu
997 1843 1086 1871 etiam
1106 1845 1176 1871 ante
1195 1852 1289 1879 quam
1312 1844 1410 1873 lucem
1435 1846 1515 1874 hanc
1535 1848 1750 1884 ingrediamur,

927 1887 1101 1923 cognoscit;
1126 1887 1178 1923 qui
1206 1887 1295 1916 nobis
1319 1889 1427 1918 deinde
1452 1891 1629 1929 obventura,
1655 1894 1693 1922 ab
1715 1902 1751 1922 eo

67 1934 132 1970 jam
148 1935 215 1961 tum
227 1935 361 1969 tempore
385 1940 446 1969 quo
471 1935 610 1961 materno
625 1932 724 1961 adhuc
743 1935 827 1960 utero
842 1940 1027 1966 coercemur,
1041 1940 1095 1968 pro
1111 1932 1259 1968 sapientia
1271 1941 1326 1962 sua
1341 1935 1453 1970 optime
1466 1936 1597 1972 disponit
1611 1948 1618 1972 ;
1633 1940 1661 1966 et
1674 1947 1751 1975 quos

69 1978 131 2006 vult
144 1977 300 2014 prmcipua
314 1976 449 2013 quadam
464 1984 546 2010 cura,
563 1977 624 2005 sive
635 1985 650 2005 e
669 1976 805 2004 maribus
822 1977 884 2004 sive
897 1976 1049 2011 efeminis,
1063 1975 1209 2004 fovendos
1224 1977 1305 2013 eligit
1320 1986 1327 2011 ;
1342 1979 1402 2014 hic,
1428 1979 1565 2016 inquam,
1593 1985 1752 2018 paternam

70 2030 158 2050 suam
183 2020 404 2057 providentiam
424 2028 496 2056 erga
518 2021 660 2049 tenellam
681 2020 781 2049 adhuc
804 2021 951 2056 virginem
970 2020 1135 2048 desiderari
1149 2029 1211 2049 non
1236 2024 1280 2050 est
1294 2030 1415 2058 passus.
1435 2025 1529 2053 Simul
1549 2026 1628 2055 enim
1642 2035 1752 2063 parens

70 2065 244 2094 Theodosia;
260 2065 352 2093 vitam
364 2065 444 2094 hanc
458 2073 528 2093 cum
552 2067 648 2093 morte
667 2073 720 2093 seu
748 2065 863 2093 meliori
889 2065 988 2101 potius
1015 2065 1075 2093 vita
1106 2067 1311 2101 commutavit,
1337 2068 1426 2096 simul
1454 2072 1482 2098 et
1507 2073 1602 2098 mater
1628 2072 1750 2099 caducis

71 2109 180 2139 mundi
193 2109 294 2143 rebus,
310 2109 486 2146 mundoque
497 2110 554 2146 ipsi
564 2110 703 2138 nuntium
723 2110 876 2138 remittens
901 2112 1020 2138 secretae
1032 2117 1067 2137 ac
1092 2109 1239 2145 religiosae
1268 2111 1377 2139 domus
1393 2113 1484 2149 septis
1498 2114 1630 2151 seipsam
1645 2115 1750 2145 ﬁliam-

69 2163 129 2191 que
147 2154 280 2188 inclusit,
296 2153 349 2182 ubi
363 2153 403 2182 ad
417 2154 510 2182 vitam
526 2153 668 2190 prmclare
684 2154 855 2182 ducendam
867 2154 1077 2191 pulcherrimis
1091 2161 1160 2182 eam
1171 2156 1327 2192 praeceptis
1335 2158 1450 2186 curavit
1462 2158 1566 2187 imbui.

106 2198 139 2226 δ’.
166 2202 240 2235 Τρεῖς
265 2207 291 2224 τι
322 2199 370 2236 γὰρ
401 2198 474 2229 ὅλους
499 2197 631 2229 ἐνιαυτοὺς
653 2198 716 2235 αὐτῇ
739 2202 870 2228 συνασκή-
888 2199 910 2226 D

72 2246 152 2279 σοὶσα,
171 2246 216 2270 καὶ
237 2246 287 2269 πᾶν
314 2245 335 2269 εἶ
358 2253 384 2269 τι
414 2243 617 2281 συμπραξαμένη
643 2243 719 2269 καλὸν
747 2246 793 2270 καί
816 2245 870 2270 θεά-

71 2299 172 2326 ρεττον,
200 2288 325 2314 κατέλυσε
350 2289 393 2314 τὸν
414 2287 472 2325 βίον
496 2287 546 2314 κάκ
572 2292 621 2314 τῶν
635 2290 730 2324 γηίνων
758 2291 869 2325 μετέστη

71 2336 132 2370 πρὸς
147 2334 181 2360 τὰ
200 2333 318 2370 οὐράνια,
341 2332 450 2359 πλοῦτον
474 2333 566 2370 ὁρατὸν
594 2333 659 2370 αὐτῇ
679 2333 870 2367 καταλιποῦσα,

72 2380 132 2409 ὅσος
159 2387 190 2414 γε
214 2377 352 2414 ὑπελείφθη
382 2380 427 2404 καὶ
455 2380 534 2414 μήπω
563 2375 696 2409 διαδοθεὶς
721 2379 784 2415 ἔφθη
818 2383 871 2410 τοῖς

72 2426 176 2457 πένησι,
203 2425 248 2448 καί
273 2425 337 2459 πρὸς
360 2431 389 2458 γε
411 2423 454 2449 τὸν
482 2424 591 2459 κρείττω
620 2425 664 2449 καὶ
684 2422 868 2457 ἀληθέστατον,

73 2468 100 2499 ὃς
123 2470 170 2494 καὶ
199 2470 319 2503 περιοῦσι
351 2468 466 2501 σύνεστι,
492 2469 537 2492 καὶ
573 2467 770 2503 μεθισταμένοις
806 2478 870 2494 συν-

73 2515 185 2544 άπεισιν,
197 2512 225 2543 ὃς
239 2511 303 2548 οὐχὶ
318 2513 386 2537 κατὰ
402 2513 445 2537 τὸν
461 2512 596 2547 ὁμώνυμον
626 2512 694 2548 αὗτῲ
719 2512 868 2549 τυφλώττει,

73 2557 136 2584 ἀλλὰ
155 2559 202 2583 καὶ
215 2557 272 2583 λίαν
292 2554 437 2593 ὀξυδορκεῖ,
453 2556 541 2582 καὶτὸ
567 2553 602 2584 δὴ
619 2557 707 2592 μεῖζον
735 2559 798 2595 πρὸς
824 2561 870 2587 τὴν

73 2604 138 2629 κατά
153 2603 218 2629 Θεὸν
232 2603 337 2638 πορείαν
357 2598 510 2636 adoriar/ai,
533 2602 579 2626 καὶ
606 2602 670 2638 πρὸς
694 2603 740 2631 τὴν
768 2602 803 2633 εἰς
825 2602 869 2629 οδ,

73 2649 162 2684 Pana-3;
200 2646 327 2683 ἄγουσαν,
370 2644 542 2681 ἁπρόσχοπτα
571 2643 694 2681 βαδίζειν
727 2650 808 2674 ποιεῖ.
839 2648 870 2674 Τί

74 2696 131 2728 γοῦν
147 2693 162 2721 ἡ
179 2693 295 2729 μακαρία
311 2699 318 2722 ;
333 2694 385 2720 πῶς
411 2693 464 2720 τοῖς
494 2687 631 2725 διαφόροις
654 2690 740 2721 αὐτοῖς
765 2690 871 2728 κλήροις

77 2739 207 2774 ἐχρήσατο
223 2745 230 2770 ;
247 2740 301 2772 μῶν
316 2737 350 2766 ὼς
365 2733 456 2765 ἀτελής
470 2742 476 2767 ;
489 2738 544 2770 μῶν
562 2735 597 2763 ὡς
620 2734 711 2766 ἀνῆλιξ
737 2744 744 2768 ;
773 2735 870 2763 Πολλοῦ

76 2789 101 2818 γε
120 2784 164 2808 καὶ
191 2779 243 2808 δεῖ.
266 2782 316 2807 Τὸν
337 2780 381 2816 μὲν
404 2779 455 2816 γὰρ
478 2780 642 2816 φθειρόμενον
672 2779 781 2807 πλοῦτον
806 2790 871 2818 παρ-

200 2646 327 2683 ἄγουσαν,

961 2200 989 2226 4.
1010 2198 1114 2227 Tribus
1129 2200 1252 2228 omnino
1263 2201 1349 2228 annis
1365 2209 1426 2230 una
1438 2211 1506 2231 cum
1530 2204 1592 2233 ﬁlia
1607 2205 1750 2234 traductis

925 2244 956 2272 in
970 2244 1036 2272 loco
1051 2243 1101 2272 illo
1116 2247 1144 2273 et
1158 2245 1375 2281 exercitatione,
1395 2248 1468 2276 nihil
1483 2250 1566 2285 quod
1591 2250 1681 2279 laude
1707 2252 1751 2280 di-

926 2296 1021 2323 gnum
1037 2291 1089 2317 aut
1103 2290 1162 2317 Deo
1175 2289 1318 2326 placitum
1332 2296 1526 2327 cognosceret
1539 2295 1689 2331 omittens,
1701 2297 1752 2333 pia

925 2333 1100 2362 Theodosire
1114 2337 1210 2363 mater
1223 2336 1342 2364 vivendi
1369 2337 1461 2366 ﬁnem
1487 2338 1565 2374 fecit,
1593 2343 1620 2369 et
1634 2344 1751 2371 terreno

925 2378 1028 2407 relicto
1050 2379 1201 2407 domicilio
1227 2380 1258 2408 in
1277 2381 1426 2411 caelestem
1448 2391 1512 2412 sese
1536 2384 1752 2415 habitationem

925 2424 1082 2452 transtulit.
1099 2425 1225 2452 Tantum
1240 2433 1310 2454 vero
1325 2435 1430 2456 earum
1454 2436 1522 2464 quae
1538 2430 1588 2458 hic
1615 2431 1752 2460 videntur

925 2468 992 2496 ﬁlim
1019 2477 1081 2496 sum
1105 2469 1222 2506 reliquit
1240 2471 1410 2500 divitiarum
1424 2477 1574 2509 quantum
1601 2484 1619 2503 a
1642 2476 1700 2512 piis
1719 2478 1750 2506 in

925 2522 1036 2549 egenos
1046 2514 1271 2549 elargitionibus
1286 2516 1343 2552 ipsi
1355 2518 1501 2554 superfuit
1517 2527 1522 2546 :
1539 2519 1605 2548 illas
1617 2521 1751 2551 videlicet

926 2559 1062 2587 meliores
1082 2567 1117 2587 ac
1132 2560 1260 2588 veriores
1282 2564 1347 2590 rata
1373 2570 1437 2590 csse
1457 2571 1538 2599 opes,
1564 2573 1632 2600 quae
1656 2568 1684 2594 et
1702 2567 1751 2595 hic

925 2603 1091 2632 viventibus
1102 2612 1256 2641 nunquam
1271 2614 1332 2634 non
1348 2606 1467 2640 adsunt,
1480 2610 1505 2636 et
1522 2608 1590 2637 hinc
1603 2610 1751 2646 emigran-

926 2651 968 2676 tes
981 2656 1170 2684 possessores
1187 2658 1258 2678 suos
1274 2651 1397 2679 minime
1423 2651 1565 2681 deserunt
1582 2661 1587 2687 ;
1604 2663 1671 2690 qum
1687 2664 1748 2691 eos,

924 2692 977 2729 qui
990 2693 1062 2729 ipsis
1073 2694 1236 2730 potiuntur,
1248 2703 1310 2723 non
1323 2696 1489 2725 secundum
1500 2697 1530 2726 id
1541 2699 1624 2734 quod
1637 2699 1751 2730 habent

925 2737 1068 2772 nominis,
1085 2747 1246 2776 excaecare,
1261 2740 1314 2768 sed
1333 2741 1371 2769 ad
1394 2742 1563 2771 acutissime
1585 2744 1750 2774 videndum

926 2781 1028 2811 oculos
1044 2784 1158 2820 aperire
1169 2783 1242 2821 ipsis
1257 2788 1386 2822 possunt
1400 2788 1429 2816 et
1447 2787 1543 2818 solent
1555 2797 1565 2825 ς
1579 2797 1647 2826 quae
1666 2790 1750 2820 deni-
