1963 3084
223 133 275 168 seu
818 130 1048 164 CONSTANTINI

1065 124 1309 163 AenoroLmE".
1865 132 1920 167 eeo

221 210 280 238 que
295 203 329 229 ut
338 199 500 237 plurimum
514 197 630 226 suosad
641 199 734 226 Deum
745 199 895 224 amatores
904 198 984 224 recto
991 198 1032 223 ira

1099 197 1168 222 αντὰ
1196 197 1334 232 σκορπίζει
1363 200 1419 227 τοῖς
1443 197 1547 230 πένησι,
1573 197 1698 223 τοσοῦτον
1725 198 1797 236 παρ’
1833 199 1917 230 ἑαυτῆ

221 246 292 274 mite
316 245 494 282 perducunt.
524 245 562 276 et,
587 250 656 270 cum
685 241 868 277 ipsissimam
896 240 927 268 in
955 239 1046 267 C(BIOS

221 291 301 318 viam
331 290 448 326 absque
473 295 572 316 errore
604 286 820 321 demonstrent,
857 285 887 312 in
921 283 1043 312 eosdem

220 343 342 371 quoque
370 335 435 361 sine
465 332 682 368 impedimento
707 330 767 358 ullo
794 332 826 357 ut
854 329 1045 366 perveniatur

221 379 363 408 eﬁiciunt.
378 378 452 412 Quid
467 377 555 412 igitur
576 377 607 404 Β.
626 375 792 403 Theodosia
803 374 817 402 εἰ
832 375 905 408 Qua,
922 372 1042 409 putatis,

221 425 336 452 ratione
350 423 469 455 divitiis,
487 424 644 458 parentum
674 422 767 447 morte
796 418 853 446 sibi
869 418 976 446 relictis
988 425 1044 445 usa.

221 473 264 497 est
289 469 303 496 ?
327 476 365 496 an
390 466 560 503 imperfecte
588 466 601 492 ?
619 473 657 492 an
681 465 744 491 sine
767 463 865 491 fructu
888 462 902 490 ?
926 462 1043 489 Minime

220 521 301 542 vero.
318 515 400 541 Dona.
409 511 521 548 quippe
542 508 722 545 corruptioni
735 510 764 535 et
777 507 933 536 amissioni
947 507 1042 534 obno-

220 558 270 586 xia
298 557 327 585 in
354 563 504 592 pauperes
530 553 681 582 distribuit
703 552 816 586 omnia,
846 553 962 579 tantum
991 550 1047 578 sibi

1099 245 1287 276 κατασχοῦσα,
1311 241 1407 267 ὁπόσον
1436 241 1474 272 εἰς
1501 242 1583 271 θείους
1608 240 1779 279 ἁποχρήσιιν
1810 246 1919 275 τύπους

1099 286 1210 321 ἐνόμισε.
1227 288 1263 312 Δι’
1285 286 1316 312 οὗ
1339 288 1383 312 καὶ
1410 289 1476 324 τρεῖς
1495 286 1595 317 εἰκόνας
1619 286 1763 319 ἐκτήσατο,
1795 292 1850 318 τὴν
1871 295 1918 316 τοῦ

1100 333 1196 367 Κυρίου
1211 333 1254 356 καὶ
1281 334 1398 368 Σωτῆρος
1422 331 1494 367 ἡμῶν
1520 331 1608 360 Ἰησοῦ
1634 335 1764 369 Χριστοῦ,
1795 336 1852 362 τὴν
1870 339 1919 365 τῆς

1098 376 1229 410 πανάγνου
1252 374 1331 401 τοῦδε
1344 377 1449 413 Μητρὸς
1463 378 1508 401 καὶ
1522 378 1585 413 πρός
1608 386 1637 412 γε
1657 379 1705 406 τὴν
1720 381 1770 408 τῆς
1791 378 1919 404 «0121273-

1097 418 1141 444 λου
1156 421 1288 457 μάρτυρος
1310 420 1495 453 Ἀναστασίας,
1523 420 1553 449 ἣν
1577 420 1603 446 ὲκ
1620 425 1667 452 τῆς
1691 419 1832 453 δοθείσης
1854 426 1919 449 ταύ-

1096 472 1127 499 τῃ
1152 467 1210 500 περὶ
1232 464 1298 490 αὐτὰ
1326 466 1434 501 χάριτος
1463 465 1691 502 Φαρμακολντρίαν
1711 467 1725 491 ὁ
1750 469 1917 503 Χριστώνυσ

1096 517 1144 543 μος
1158 509 1343 545 κατονομάζειν
1358 507 1414 535 οἶδε
1432 509 1503 540 λεώς.

1075 551 1222 581 duntaxat
1240 561 1276 581 ex
1303 554 1345 581 eis
1372 561 1541 587 reservans,
1569 558 1721 590 quantum
1738 555 1782 583 ad
1800 564 1913 584 sacras

220 603 366 638 imagines
379 599 558 629 coemendas
572 597 772 626 necessarium
783 597 845 624 fore
859 595 1070 630 arbitrabatur,
1084 604 1121 624 ex
1133 597 1243 632 quibus
1256 600 1313 625 tres
1325 598 1380 626 sibi
1391 598 1540 634 praecipue
1556 600 1753 634 comparavit,
1768 603 1910 636 primam

222 647 337 675 Domini
352 655 386 674 ac
405 644 565 673 Salvatoris
580 643 672 671 nostri
687 643 754 670 Jesu
773 640 889 669 Christi.
906 640 1074 677 purissimae
1090 640 1138 668 Dei
1154 641 1287 670 Parentis
1302 642 1436 677 alteram,
1454 650 1544 671 unam
1556 643 1675 679 insuper
1689 648 1810 673 sanctae
1829 653 1909 673 mar-

221 692 292 729 tyris
306 690 482 722 Anastasiie,
501 691 544 716 tot
558 688 606 716 Dei
621 695 713 715 causa
738 686 856 714 labores
872 692 1032 729 perpessae,
1047 692 1142 720 quam
1167 685 1206 713 ob
1232 686 1415 721 singularem
1427 687 1570 715 divinitus
1585 690 1740 724 acceptam
1757 690 1907 724 gratiam,

219 728 349 773 populus
364 734 548 763 Christianus
564 731 778 767 cognominare
798 729 873 758 solet
892 728 1108 757 Veneﬁciorum
1127 729 1343 759 dissolutricem
1363 731 1413 768 (l).

256 783 281 808 5.
293 782 388 816 Atque
403 779 467 806 haec
480 780 549 805 sunt
572 785 639 813 quae
665 776 702 804 de
714 775 750 803 iis
765 783 843 811 quas
859 774 919 802 dixi
934 773 1043 801 divitiis
1060 774 1079 800 Β
1131 774 1160 802 ι’,

218 824 384 853 Theodosia
391 821 601 854 sibifacienda,
609 824 638 849 et
652 823 749 848 mente
760 819 904 855 concepit,
913 821 940 846 et
947 818 1043 853 reipsa

219 872 359 898 exsecuta
374 870 426 896 est.
444 866 530 894 Bonis
546 874 617 894 vero
635 865 671 893 iis
699 873 765 901 qua:
783 872 850 892 vere
879 866 958 898 sunt,
988 871 1042 890 nec

219 914 294 942 falsa
308 913 533 941 nomenclatura
546 911 685 938 dicuntur
698 909 790 943 bona,
810 908 965 945 quomodo
981 908 1043 936 ani-

220 957 476 991 mumintenderit,
488 956 652 992 quisquam
665 962 702 982 ne
715 954 877 988 interrogat
890 952 904 980 7
919 953 1042 989 Sapien—

220 1006 261 1032 ter
271 1003 414 1039 profecto,
430 1009 484 1029 nec
495 1001 578 1028 aliter
599 1007 691 1036 quam
710 998 766 1026 illis
787 998 827 1025 uti
841 1006 895 1033 par
909 1000 961 1025 est.
979 999 1042 1025 Non

217 1048 298 1076 enim
313 1046 512 1075 differendum
529 1045 586 1072 sibi
607 1043 736 1080 amplius
755 1042 933 1070 existimavit
957 1041 1042 1078 quin,

219 1092 387 1121 secundum
407 1091 559 1118 altissimae
583 1088 864 1124 perfectissimseque
891 1086 1042 1122 sapientiae

219 1136 338 1172 placita,
346 1136 381 1163 iis
387 1143 451 1163 sese
459 1134 601 1162 omnibus
612 1140 679 1168 quae
695 1131 733 1159 ad
745 1131 895 1158 mundum
909 1133 1043 1166 spectant

217 1181 305 1210 bonis
319 1179 506 1216 exspoliaret,
525 1181 555 1205 ut
569 1177 654 1213 plura
668 1179 694 1204 et
709 1175 833 1203 meliora
852 1175 961 1202 deinde
973 1183 1042 1203 con-

219 1226 401 1261 sequeretur.
419 1224 491 1250 Cum
502 1229 572 1249 vero
587 1228 690 1248 curam
703 1227 825 1248 omnem
832 1222 859 1247 et
869 1219 1040 1248 sollicitudi-

218 1278 288 1298 nem
303 1276 364 1297 non
379 1266 580 1295 necessariam
596 1265 749 1300 abjiciens,
767 1264 807 1292 sic
823 1265 910 1300 quasi
924 1264 963 1292 ad
978 1273 1042 1301 per-

218 1314 325 1342 fectam
335 1313 400 1347 jam
425 1311 610 1347 pervenisset
627 1311 754 1343 aetatem,
775 1311 803 1336 et
822 1309 861 1336 ad
887 1317 1041 1337 summum

218 1357 381 1396 prudentiae
396 1356 495 1385 omnis
508 1358 616 1383 vocata
634 1356 711 1382 esset
724 1354 850 1390 apicem,
866 1361 884 1381 a
899 1354 1041 1382 continuo

218 1404 258 1433 ad
277 1403 415 1431 virtutem
429 1402 539 1429 conatu
557 1399 599 1428 ita
626 1406 687 1426 non
711 1399 841 1433 recessit,
867 1401 898 1426 ut
914 1398 1012 1435 potius
1024 1407 1042 1427 a

217 1447 424 1486 pulcherrimis
443 1444 579 1481 ejusdem
603 1444 692 1471 initiis
721 1446 748 1471 et
764 1443 830 1480 ipsa
849 1451 971 1471 sumens
986 1444 1041 1471 ini-

217 1493 300 1529 tium,
326 1492 364 1521 ad
384 1499 537 1519 summum
557 1489 680 1518 tandem
704 1488 894 1524 perfectionis
921 1488 1040 1516 culmen

215 1537 376 1575 pertigerit.
393 1535 468 1564 Nihil
483 1535 599 1563 interim
616 1534 647 1561 in
673 1534 813 1561 virtutum
840 1541 928 1560 cursu
952 1537 1040 1561 nacta

216 1581 429 1619 impedimenti,
437 1588 492 1608 nec
502 1580 580 1608 circa
590 1581 742 1615 postrema
754 1577 819 1605 vitm
830 1586 893 1605 suae
905 1581 1040 1614 tempora

214 1627 249 1656 iis
265 1634 333 1663 quae
348 1628 417 1654 ante
432 1627 533 1660 egerat
547 1623 698 1651 maculam
720 1622 812 1650 ullam
828 1622 926 1650 inferri
937 1631 1037 1659 passa,

214 1680 282 1708 quae
291 1670 392 1699 multis
403 1670 465 1705 jam
479 1672 542 1696 tum
554 1667 717 1704 putabatur
728 1667 766 1695 ad
778 1675 898 1695 summa
910 1675 1038 1704 quaeque

213 1715 361 1744 curriculo
374 1714 554 1750 pervenisse,
571 1719 717 1747 magnum
732 1710 804 1739 nihil
814 1711 851 1739 de
867 1719 899 1738 se
908 1711 963 1739 sibi
972 1719 1038 1748 per-

214 1759 307 1788 suasit
322 1767 329 1791 ;
345 1759 417 1794 quin
430 1757 529 1793 potius
542 1755 707 1784 secundum
723 1755 753 1782 id
768 1755 851 1790 quod
865 1763 883 1782 a
910 1756 1037 1784 Domino

213 1803 355 1832 inculcari
368 1802 462 1838 probe
476 1803 610 1832 noverat,
622 1799 767 1827 famulam
784 1807 815 1826 se
827 1799 955 1828 ducebat
969 1801 1036 1829 inu-

1189 774 1255 801 Ἀλλ’
1284 775 1349 801 οὕτω
1373 777 1418 812 μὲν
1440 778 1498 812 περὶ
1524 777 1616 802 τούτου
1640 775 1764 806 διενοήθη
1782 781 1833 804 καὶ
1853 777 1907 804 διε-

1096 818 1222 855 πράξατο.
1251 823 1312 856 Περὶ
1343 819 1373 846 δὲ
1392 824 1438 846 τοῦ
1459 820 1550 846 λοιποῦ
1574 821 1696 856 πλούτου,
1717 827 1765 848 τοῦ
1780 824 1820 854 ὡς
1846 822 1908 850 ἆλη-

1097 864 1147 894 θὼς
1165 863 1287 898 πλούτου,
1303 867 1348 891 καὶ
1367 867 1402 901 μὴ
1428 863 1637 901 διαψιυδομένου
1654 868 1701 895 τὴν
1723 866 1836 899 κλῆσιν,
1854 872 1909 898 πῶς

1096 909 1146 944 οῖρα
1170 910 1242 940 ζητεῖ
1256 919 1305 943 τις,
1334 908 1462 945 ἐσκέψατο
1479 918 1485 943 ;
1503 912 1569 936 Λίαν
1585 915 1703 943 συνετῶς,
1732 915 1780 937 καὶ
1805 913 1846 943 ὡς
1861 913 1908 938 οὐκ

1096 952 1178 983 ἄλλως
1201 953 1293 990 ἐχρῆν.
1318 952 1388 980 Οὐδέ
1407 955 1458 991 γὰρ
1479 954 1605 991 ἠνέσχετο
1621 958 1656 991 μὴ
1682 959 1811 993 παραυτά
1838 961 1909 993 φιλο-

1097 1001 1213 1034 σοφῆσαι
1241 998 1390 1035 τελεὼτιρόν
1419 1009 1446 1025 τε
1467 1002 1512 1026 καὶ
1541 999 1710 1036 ὑψηλότερον,
1746 1003 1794 1027 χαί
1840 1001 1906 1028 ἀπο-

1097 1041 1202 1079 στέρξαι
1223 1044 1268 1079 μὶν
1294 1044 1327 1070 τὰ
1351 1041 1426 1080 τῇδε,
1458 1046 1518 1080 περὶ
1552 1042 1582 1070 δὴ
1607 1044 1730 1071 πλείστου
1756 1047 1792 1072 τὰ
1823 1045 1906 1072 ἐκεῖσε

1095 1088 1270 1116 ποιήσασθαι.
1291 1088 1390 1124 ’Λμέλει
1418 1097 1457 1114 τοι
1476 1090 1519 1114 καὶ
1546 1090 1607 1115 ὡσεὶ
1634 1089 1732 1120 τελείας
1759 1094 1834 1116 οὖσα
1860 1094 1906 1120 τῆς

1096 1131 1206 1164 ἡλικίας,
1240 1133 1285 1158 καὶ
1322 1133 1356 1163 ὡς
1386 1133 1420 1162 εἰς
1452 1133 1531 1169 ἄκρον
1564 1132 1705 1162 ἐληλακυῖα
1737 1138 1901 1172 φρονήσεως,

1095 1180 1142 1206 τῆς
1167 1176 1222 1202 κατ’
1257 1176 1347 1213 ἀρετήν
1380 1179 1513 1207 συντονίας
1538 1177 1568 1203 οὐ
1596 1178 1754 1214 καθυφῆκιν,
1788 1177 1846 1204 ἀλλ’
1876 1179 1902 1204 ἐκ

1094 1225 1143 1246 τῶν
1171 1220 1398 1258 ἁρχοιιδεστάτων
1424 1221 1565 1259 ἀρξαμένη,
1579 1226 1629 1248 τῶν
1644 1221 1796 1258 ἀκροτάτων
1817 1226 1900 1261 μέχρι

1095 1265 1210 1302 ἀφίκετο,
1225 1264 1299 1292 οὐδὲν
1315 1264 1430 1296 οὗδόλως
1446 1265 1686 1302 παραποδισθεῖσα.
1717 1266 1786 1294 Οὐδ’
1811 1269 1827 1294 ὁ
1857 1271 1900 1294 χαὶ

1094 1310 1205 1341 τελείους
1220 1311 1287 1336 κατὰ
1308 1312 1412 1348 καιροὺς
1436 1310 1529 1346 ἔσφηλε
1552 1314 1611 1349 περὶ
1638 1313 1671 1337 τὰ
1685 1314 1754 1347 μέσα
1778 1322 1786 1330 ο
1813 1315 1861 1339 καὶ
1884 1312 1900 1338 ἆ

1095 1353 1127 1384 δὴ
1153 1359 1207 1386 τοῖς
1236 1355 1336 1385 πολλοῖς
1352 1356 1415 1392 ὑπὲρ
1437 1356 1471 1381 τὰ
1490 1356 1559 1393 ἄκρα
1579 1358 1729 1392 νενόμισται
1758 1358 1898 1392 φθάσασα,

1094 1400 1182 1436 μεῖζὸν
1210 1409 1236 1425 τι
1256 1402 1314 1437 περὶ
1339 1399 1432 1430 ἑαυτῆς
1464 1399 1612 1436 ἕφαντοὲσθη
1631 1410 1638 1417 ο
1664 1399 1727 1427 ἀλλά
1753 1403 1825 1428 κοττά
1853 1405 1899 1431 τὴν

1058 1450 1078 1477 C
1095 1443 1254 1473 δεσποτικὴν
1281 1443 1328 1471 διὰ
1360 1446 1456 1474 παντὸς
1483 1448 1633 1481 προσταγὴν
1661 1444 1772 1482 ἀχρείαν
1805 1447 1899 1476 ἑαυτήν

1095 1488 1191 1518 δούλην
1207 1489 1318 1525 ἐνόμιζε,
1339 1491 1383 1515 καί
1407 1490 1441 1520 ὡς
1469 1488 1544 1515 οὐδὲν
1569 1488 1691 1526 οὐδαμῶς
1719 1495 1770 1516 τῶν
1794 1491 1897 1527 ὀφειλο-

1093 1536 1174 1570 μένων
1201 1533 1368 1562 ἐκπλήσασαν
1397 1533 1538 1564 ἐταλάνιζει
1564 1535 1629 1560 κατά
1647 1544 1675 1560 τι
1698 1537 1746 1563 τὴν
1776 1539 1826 1561 τοῦ
1852 1546 1899 1572 μα-

1093 1581 1186 1615 καρίου
1210 1578 1313 1604 Παύλου
1343 1579 1411 1604 θείαν
1433 1581 1478 1604 καὶ
1507 1580 1646 1614 σωτήριον,
1672 1580 1823 1612 ὑποθήκην,
1845 1580 1897 1606 ἐπι-

1092 1623 1264 1659 λανθανομένη
1299 1627 1347 1649 τῶν
1388 1624 1504 1655 ὄπισθιν,
1533 1622 1724 1650 ἐπεκτείνεσθαι
1761 1628 1818 1655 τοῖς
1854 1626 1897 1660 ἒμ-

1091 1669 1203 1705 προσθεν
1229 1665 1363 1700 ἔσπευδεν,
1390 1666 1528 1705 ἐγκρατείᾳ
1557 1669 1586 1693 τὸ
1612 1671 1690 1704 σῶμα
1715 1671 1891 1705 μαραίνουσαἼ

1093 1711 1247 1749 ἀγρυπνίαις
1284 1710 1459 1743 ἀδιαλείπτως
1496 1712 1652 1748 ἐμμένουσα,
1688 1711 1816 1744 διηνεκεῖς
1848 1715 1893 1744 τὰς

1093 1759 1158 1794 πρὸς
1177 1759 1240 1783 Θεὸν
1282 1758 1413 1794 ἱκετηρίας
1439 1759 1591 1793 ποιουμένη,
1623 1760 1668 1784 καὶ
1694 1757 1740 1787 ὅλη
1770 1759 1893 1790 καθάπαξ

1090 1804 1209 1838 γινομένη
1226 1805 1272 1828 τοῦ
1288 1804 1443 1838 κρείττονος.

212 1848 293 1876 tilem
311 1855 318 1880 ;
334 1849 361 1874 et
381 1845 471 1873 veluti
492 1844 563 1872 nihil
587 1844 710 1872 omnino
726 1843 809 1879 quod
824 1844 862 1871 ad
878 1844 1044 1879 profectum
1062 1854 1152 1874 suum
1174 1847 1283 1874 faceret
1305 1846 1477 1882 peregisset,
1494 1846 1635 1874 miseram
1648 1854 1679 1874 se
1692 1849 1720 1874 et
1738 1846 1890 1876 bonorum

213 1899 339 1928 operum
350 1890 471 1925 inopem
483 1888 642 1924 reputabat
659 1897 664 1920 ;
676 1895 819 1921 nec,non.
833 1888 999 1916 secundum
1010 1889 1143 1918 divinam
1155 1893 1184 1918 et
1195 1890 1357 1918 salutarem
1373 1890 1454 1918 Pauli
1463 1890 1710 1926 admonitionem,
1723 1899 1793 1926 quae
1815 1895 1891 1920 retro

214 1938 298 1964 erant
308 1934 499 1966 obliviscens.
516 1933 554 1960 ad
569 1932 718 1960 anteriora
743 1939 773 1959 se
791 1932 969 1961 extendebat
983 1942 990 1966 ;
1007 1934 1248 1971 abstinentiaque
1264 1942 1373 1971 corpus
1389 1943 1478 1962 suum
1491 1942 1679 1968 emacerans,
1690 1938 1718 1963 et
1731 1943 1890 1972 nunquam

214 1988 275 2008 non
289 1978 397 2015 vigiliis
406 1986 436 2006 se
450 1985 602 2011 exercens,
622 1979 710 2012 atque
726 1976 867 2004 assiduas
879 1979 937 2005 Deo
951 1986 1053 2013 preces
1061 1979 1199 2013 offerens,
1217 1980 1402 2007 continenter
1418 1979 1593 2015 proﬁciebat
1602 1980 1632 2007 in
1649 1980 1769 2008 melius.

249 2027 275 2053 6.
288 2024 334 2052 Ad
350 2025 443 2051 Deum
458 2022 546 2057 igitur
563 2024 589 2049 et
602 2021 704 2048 divina
723 2021 805 2057 quod
827 2022 939 2055 attinet,
956 2023 1036 2051 dicta

208 2071 274 2105 jam
298 2069 413 2097 ratione
432 2069 496 2095 erat
508 2073 635 2102 operosa
655 2068 743 2101 atque
763 2065 894 2093 assidua.
912 2068 985 2094 Cum
1000 2067 1034 2094 iis

211 2118 312 2143 autem
322 2113 488 2147 virginibus
502 2119 569 2147 qua:
584 2111 614 2138 in
624 2111 729 2138 eodem
743 2112 924 2139 monasterio
944 2112 1034 2140 sacris

211 2168 280 2188 cum
292 2160 360 2195 ipsa
372 2156 632 2185 exercitationibus
646 2155 802 2189 vacabant,
820 2156 895 2183 Deus
910 2164 1033 2185 immor-

211 2204 277 2233 talis
291 2204 297 2231 ἔ
312 2211 374 2240 quo
385 2202 476 2230 modo
484 2209 514 2229 se
521 2200 728 2236 gerebat?quo
735 2201 826 2228 modo
834 2202 1033 2230 conversaba-

209 2251 258 2277 tur
271 2249 286 2276 θ]
300 2256 362 2284 quo
368 2246 595 2282 modoreliquas
603 2253 718 2274 ommes
727 2246 763 2274 de
771 2254 827 2274 sua
833 2246 1033 2282 spiritualium

209 2293 359 2321 donorum
379 2291 466 2327 copia
480 2289 625 2319 reddebat
638 2290 794 2326 participes
809 2292 823 2317 ?
833 2290 958 2326 Insuper
971 2291 1033 2319 illa-

208 2346 276 2366 rum
287 2336 422 2374 pluribus
435 2335 566 2364 habebat
581 2343 613 2362 se
626 2334 794 2363 inferiorem
812 2343 818 2368 ;
833 2342 931 2370 neque
944 2335 973 2363 id
987 2343 1032 2364 so-

207 2383 281 2417 lum,
299 2382 351 2410 sed
366 2380 452 2418 quasi
467 2388 567 2408 rerum
578 2379 728 2407 bonarum
740 2379 866 2414 incuria,
882 2382 909 2407 et
921 2379 960 2407 ad
970 2388 1033 2408 om-

206 2427 257 2456 nia
285 2427 361 2455 foret
382 2425 504 2457 inutilis,
530 2425 701 2453 divinorum
729 2424 941 2451 mandatorum
968 2424 1032 2451 nul-

206 2472 270 2501 lum
286 2480 347 2500 non
362 2470 533 2506 negligeret,
545 2477 614 2497 cum
629 2469 760 2504 ingenuo
774 2468 903 2504 quodam
917 2468 1031 2504 pudore

206 2518 283 2546 ultro
299 2516 461 2545 accedebat
476 2515 644 2545 universas,
660 2515 817 2550 propterea
831 2513 949 2549 quodin
963 2522 1031 2542 san-

206 2565 259 2590 ctae
275 2570 344 2590 cum
356 2563 415 2590 Deo
425 2558 660 2589 conversationis
670 2557 768 2585 studio
790 2557 830 2586 ab
845 2558 986 2586 omnibus
999 2567 1031 2586 se

241 2661 278 2695 (t)
294 2661 321 2688 S.
336 2659 495 2687 Anastasia
510 2658 713 2695 cognomento
738 2655 946 2695 φαρμακολίτρια
959 2656 1029 2685 coli-

206 2692 254 2723 tur
268 2692 325 2722 hoc
340 2695 461 2723 nomine
478 2701 495 2721 a
518 2692 624 2721 Grmcis
647 2693 682 2719 22
698 2692 877 2719 Decembris.
905 2700 973 2726 quae
990 2700 1029 2720 an

205 2730 417 2768 distinguenda
442 2730 478 2768 sit
491 2736 523 2768 __a
549 2729 684 2768 ttomana
696 2765 700 2768 _
714 2727 811 2768 istius_
821 2727 1029 2768 appellationis

207 2765 294 2794 Probi
300 2763 410 2798 Vuxore,
426 2764 616 2793 nobilissima
626 2765 756 2799 martyre
767 2763 823 2791 sub
837 2763 1027 2799 Diocletiano,

205 2801 386 2837 videbimus,
400 2800 494 2829 sinon
508 2801 588 2836 ante,
597 2801 675 2828 certe
687 2798 728 2828 ad
738 2800 772 2827 25
779 2799 950 2828 Decembris
974 2798 1028 2828 Co-

1050 2234 1070 2259 Ι)

1127 2023 1161 2056 ς’.
1179 2024 1254 2050 Ἀλλὰ
1279 2026 1311 2050 τὰ
1337 2027 1381 2060 μὲν
1404 2025 1468 2060 πρὸς
1495 2025 1525 2049 τὸ
1552 2027 1627 2051 Θιῖον
1641 2025 1736 2050 καὶτὰ
1762 2025 1821 2051 θεῖα
1844 2026 1890 2051 οὖ-

1089 2079 1137 2099 τως
1163 2067 1193 2098 ἦν
1223 2068 1334 2106 ἐνεργὴς,
1366 2069 1445 2099 οὕτως
1471 2067 1502 2098 ἧν
1527 2070 1647 2100 σύντονος
1664 2079 1670 2085 ·
1686 2071 1749 2105 πρὸς
1782 2067 1813 2096 δὲ
1844 2072 1889 2101 τὰς

1089 2116 1298 2149 σννασ-κουμένας
1324 2113 1388 2149 αὐτῇ
1420 2115 1549 2149 μοναχὰς,
1585 2114 1654 2143 ὃπως
1685 2111 1755 2149 εἶχεν
1786 2122 1794 2146 ;
1819 2115 1887 2146 ὅπως

1088 2156 1198 2184 διέκειτο
1215 2167 1221 2191 ;
1238 2157 1306 2195 ’Λρά
1320 2167 1350 2194 γε
1363 2156 1390 2183 ἐκ
1418 2162 1464 2184 τοῦ
1489 2158 1662 2194 ὑπερέχοντος
1689 2158 1779 2194 ὡμίλει
1807 2166 1814 2192 ;
1837 2156 1887 2195 ἆρά

1086 2212 1116 2238 γε
1131 2203 1267 2239 ὑπερετίθη
1297 2207 1367 2239 σφῶν
1390 2204 1414 2228 ἔν
1442 2212 1512 2229 τισιν
1536 2203 1628 2231 ἑαυτήν
1650 2212 1657 2237 ;
1684 2204 1816 2238 Οῧμινονν
1840 2204 1884 2229 οὐ-

1088 2245 1186 2283 δαμῶς.
1215 2247 1256 2277 Ὠς
1284 2248 1333 2283 γάρ
1357 2257 1395 2277 τις
1420 2246 1527 2283 ἀμελὴς,
1555 2248 1589 2278 ὡς
1617 2251 1666 2273 τῶν
1693 2246 1884 2284 ἐπηγγελμένων

1087 2292 1253 2329 ἐκπληροῦσα
1271 2290 1364 2328 μηδὲν,
1385 2292 1439 2329 μετ’
1464 2290 1553 2322 αἰδοῦς
1576 2292 1681 2322 ἁπάσας
1700 2294 1823 2329 προσῄει,
1843 2294 1883 2319 ὅτε

1087 2334 1186 2364 δήποτε
1211 2340 1261 2362 τῶν
1290 2338 1355 2373 πρὸς
1374 2337 1438 2362 Θιόν
1470 2335 1603 2367 ἐντεύξεων
1623 2334 1671 2372 ἦγε
1698 2335 1811 2371 σχολὴν,
1839 2339 1883 2363 καὶ

1087 2381 1172 2418 πάσας
1201 2381 1294 2411 ἑαυτῆς
1322 2381 1470 2418 ὑπερφέρειν
1500 2382 1597 2416 ἠγεῖτο,
1621 2383 1666 2406 καὶ
1701 2379 1881 2416 ηὔδαιμόνιζι.

1085 2427 1119 2450 Τὸ
1142 2427 1169 2451 τε
1197 2425 1295 2461 μεῖζον,
1317 2426 1384 2451 οὕτω
1414 2429 1554 2462 φρονοῦσα,
1584 2425 1651 2451 οὕτω
1681 2423 1880 2462 δεαλογιζομένη

1085 2472 1207 2507 περὶτῶν
1228 2468 1353 2506 ἀδελφῶν,
1382 2468 1444 2496 οὐδὲ
1467 2472 1517 2506 μιᾷ
1541 2471 1638 2496 τούτων
1661 2468 1797 2507 ἐφρόνησε,
1825 2472 1884 2508 πρὸς

1085 2513 1209 2550 οὐδεμίαν
1243 2514 1434 2545 ἐζηλοτύπησιν
1462 2525 1468 2531 ·
1494 2514 1547 2540 ἀλλ’
1583 2515 1672 2550 ἠγάπα
1710 2514 1799 2545 πάσας
1842 2517 1883 2540 χαί

1084 2560 1189 2596 ἔστεργε
1216 2570 1223 2575 ·
1243 2562 1288 2585 καὶ
1321 2559 1408 2596 ὥσπερ
1437 2569 1475 2589 τις
1501 2558 1660 2595 ἀρτιπαγὴς,
1690 2560 1725 2589 ὡς
1746 2563 1791 2589 τῆς
1819 2561 1882 2585 κατὰ

1084 2657 1174 2685 dinus
1181 2657 1216 2685 de
1225 2657 1397 2693 Originibus
1403 2657 1443 2685 ait
1452 2657 1598 2693 templum
1604 2657 1644 2684 illi
1655 2656 1836 2685 adiﬁcatnm
1847 2664 1879 2685 eo

1084 2693 1114 2720 in
1128 2692 1204 2725 loco.
1222 2692 1273 2721 ubi
1288 2693 1386 2721 fuerat
1402 2692 1686 2729 domus’cujrusdam
1696 2693 1822 2729 patricii,
1834 2700 1878 2721 co-

1084 2732 1247 2764 gnomento
1255 2729 1412 2757 Pharmaci
1421 2737 1426 2757 :
1434 2737 1503 2765 qua:
1510 2736 1551 2765 an
1556 2728 1591 2756 sit
1602 2728 1705 2764 prima
1708 2729 1827 2765 occasio
1833 2736 1876 2756 oo-

1081 2763 1244 2828 ignominis,
1251 2767 1303 2793 aut
1308 2763 1519 2805 ipsamco’ntra
1524 2763 1699 2805 pharmace,
1706 2763 1737 2792 id
1743 2767 1873 2795 estvene-

1104 2808 1160 2828 cia.
1172 2801 1344 2828 invocandi.
1359 2800 1434 2828 alias
1449 2808 1542 2828 quaeri
1554 2801 1671 2828 notent.

1094 2800 1160 2835 icia,
1172 2801 1344 2836 invocandi,
1359 2800 1434 2828 alias
1449 2800 1542 2837 quaeri
1554 2800 1671 2837 poterit.
