1963 3084
7 124 83 152 901
714 127 750 155 IN
769 127 799 156 S.
818 127 857 156 ΤΕ

940 127 1055 157 OSIAM.
1671 127 1726 156 Μ

13 187 102 212 Θεὸν
135 188 248 222 πορείας
279 185 374 217 ἆὴθης,
400 186 486 216 ὶζὴτει
518 187 580 224 παρ’
609 187 720 218 ἑκάστης
758 187 847 219 ποδη-

942 190 1039 226 perari
1055 189 1266 222 arbitrabatur,
1280 189 1421 217 miseram
1442 197 1506 217 sese
1527 190 1556 217 et
1578 188 1726 217 infelicem

15 231 163 265 νεῖσθαι,
191 233 236 256 καὶ
261 232 326 267 πρὸς
352 229 445 267 ἀρετὴν
474 231 534 267 παρ’
570 232 667 268 ἑκάστῃ
704 233 846 261 ἰθύνεσθαι.

21 275 119 300 Οὕτω
147 284 178 300 τε
202 278 304 311 πνεῦμα
326 278 551 311 τεταπεινωμένον,
576 279 620 302 καὶ
647 275 759 313 καρδίαν
791 288 850 304 συν-

19 321 218 355 τετριμμένην
251 319 381 353 ἒκέκτητο,
412 320 429 345 ἃ
463 323 498 356 μὴ
532 320 677 352 ἑξουθινοῡν
703 324 746 348 τὸν
785 324 849 349 Θεὸν

28 364 137 399 φθάνει
157 367 365 400 μεμαρτυρηκὼς
379 365 392 390 ὀ
408 363 500 391 Δαυίδ.

903 234 1068 270 appellans.
1081 233 1227 270 Quodque
1238 233 1326 269 longe
1341 235 1387 260 est
1401 233 1512 268 majus,
1525 241 1593 260 cum
1603 235 1688 261 tanta
1698 233 1726 262 ei

902 278 1016 306 inesset
1030 278 1200 315 prudentia,
1218 281 1340 313 tamque
1351 277 1496 313 praeclara
1511 277 1619 312 agendi
1640 277 1725 311 ratio,

903 323 978 350 inter
991 323 1127 358 ejusdem
1148 322 1334 350 contubernii
1354 321 1483 355 sodales,
1501 321 1584 349 nulla
1598 321 1728 349 elatioris

903 368 994 395 animi
1009 368 1116 395 edebat
1130 368 1226 402 signa,
1241 366 1356 394 nullam
1373 374 1496 394 suarum
1513 366 1663 396 sodalium
1684 366 1729 394 in-

28 408 126 435 vidia
144 408 397 444 prosequebatur,
414 409 466 436 sed
481 417 583 437 amore
598 414 720 438 cunctas
741 413 769 438 et
784 411 990 440 benevolentia
1016 411 1270 447 complectebatur
1295 411 1448 445 singulari.
1469 412 1533 439 Non
1548 411 1633 438 aliter
1651 418 1727 447 quo-

30 460 102 487 que
119 460 218 488 quam
231 452 256 479 si
272 453 301 480 in
313 453 417 481 divino
430 453 576 489 obsequio
590 455 692 483 fuisset
703 455 823 488 n0vitia,
839 458 867 483 et
879 456 1010 484 methodi
1033 456 1071 484 ad
1091 457 1183 483 Deum
1205 455 1469 491 appropinquandi
1484 455 1591 490 ignara
1612 458 1664 483 aut
1684 456 1729 483 in-

30 500 144 530 sueta,
160 505 178 523 a
192 497 319 531 singulis
334 497 455 533 petebat
468 499 583 531 instrui,
599 501 626 526 et
646 500 676 527 in
690 502 802 528 rectam
819 500 933 528 virtutis
949 501 1098 535 semitam,
1113 501 1137 528 si
1152 500 1224 527 forte
1249 499 1387 527 aberrare
1413 499 1597 534 contingeret
1614 500 1728 528 reduci.

34 542 84 568 Ita
103 541 248 577 spiritum
275 542 341 577 ipsa
356 542 488 570 habebat
502 543 704 576 humiliatum,
721 546 750 572 et
764 552 816 572 cor
830 545 1000 576 contritum,
1016 553 1084 581 quae
1112 544 1173 572 duo
1196 544 1349 580 despicere
1366 545 1441 572 Deus
1455 552 1631 580 nequaqum
1644 544 1729 579 solet,

30 585 312 621 quemadmodum
326 590 449 614 sanctus
464 590 588 615 testatur
599 588 700 616 David.

77 638 113 668 ζ.
143 639 247 675 Ἀμέλει
267 649 309 665 τοι
334 644 370 675 τῷ
399 641 498 676 Θυμικῷ
526 641 633 676 ἔχουσα
657 640 693 677 ἐφ’
725 641 770 667 οὔκ
803 645 848 672 τῆς

34 683 141 718 ψυχῆς
168 684 266 720 ὅτῳπερ
292 684 322 710 ἂν
349 687 495 720 χρήσαιτο,
520 685 575 711 ὅλον
602 687 669 711 κατὰ
692 690 738 712 τοῦ
765 685 848 723 ἆρχε-

34 728 128 754 κάχου
158 729 202 754 τὸν
236 729 316 764 θυμόν
339 728 423 764 ἐξέχεε
456 733 566 761 σατανᾱ,
606 730 736 767 πόρρωθεν
773 731 849 756 αὐτόν

39 771 229 808 ἀπερύκουσα,
252 773 382 810 ποῤῥωθεν
408 771 584 806 ὶκδιὼχουσα,
612 777 656 800 καὶ
681 777 718 811 μὴ
762 785 848 811 παρα-

40 820 180 851 χωροῦσα
197 818 226 842 τὸ
250 818 373 853 παράπαν
399 820 587 854 προσεγγίσαι,
621 818 697 855 μηδ’,
725 821 738 845 ὅ
761 829 849 855 φασιν,

43 860 71 892 ἐξ
94 859 263 897 ἀγχωμάλου
293 862 497 898 συμπλέκεσθαι.
527 863 564 888 Ou'
593 865 642 900 γὰρ
673 865 713 890 ὃτι
736 874 766 899 γε
789 866 852 900 πρὸς

45 903 143 941 βολαῖς
163 904 340 942 ἁκροϐολίζειν
369 907 415 933 οὐκ
440 905 557 933 ἐνεδίδου
580 910 623 934 τὸν
654 908 852 945 πολυμήχανον,

44 947 109 975 οὐδ’
121 950 160 980 εὶς
171 950 257 979 πάλην
282 950 346 981 ὅλως
373 950 437 977 ἀνίει
464 955 560 987 χωρεῖν
579 954 623 978 χαὶ
649 952 850 988 ξυμπλέκεσθαι·

48 993 104 1019 ἀλλ’
123 994 153 1020 εὖ
169 994 239 1030 μάλα
263 995 393 1032 πόρρωθεν
417 993 495 1032 εἶργε,
525 998 570 1021 καὶ
601 998 663 1022 ὡσεί
689 1006 727 1027 τις
749 996 854 1033 ἀριστος

48 1041 215 1074 στρατηγὸς,
243 1041 305 1065 ὡσεί
337 1049 377 1070 τις
404 1038 488 1070 δεξιὸς
517 1039 721 1076 ἀνταγωνιστὴς,
745 1040 772 1066 ἐκ
805 1046 855 1067 τῶν

49 1082 196 1109 ἀπωτάτων
215 1085 409 1119 χατηγωνίζετο
438 1085 581 1120 φθάνουσα.
607 1083 708 1113 Μηδινί
733 1084 853 1121 δ’ὰσχο-

47 1127 162 1163 λουμένῃ
191 1132 240 1153 τῶν
273 1127 399 1162 ἐνταυθοῖ,
426 1127 537 1164 μηδενὸς
564 1129 766 1166 ἐπιστρεφομένη
805 1134 855 1156 τῶν

50 1175 158 1208 κόσμου
193 1177 316 1209 τερπνῶν,
358 1172 414 1199 ὅλον
454 1175 483 1198 τὸ
521 1173 708 1209 ἐπιθυμητικὸν
748 1176 855 1201 ἀνέτεινε

49 1219 117 1254 πρὸς
129 1219 206 1246 Θεὸν.
223 1220 329 1248 καὶτῆς
342 1218 421 1243 αὐτοῦ
446 1228 578 1254 χατακρας
606 1218 710 1253 ἀγάπης
737 1219 853 1251 ἑάλωκεν,

52 1261 97 1298 ὅλη
115 1265 185 1288 Θεοῦ
199 1264 244 1288 καὶ
262 1266 312 1287 τῶν
342 1263 415 1288 θείων
436 1263 581 1299 ἱμειρομένη
605 1263 693 1299 ψυχῇ.
711 1263 800 1294 Οὕτως
829 1263 856 1289 ἐκ

52 1309 172 1341 πρώτης,
189 1307 202 1331 ὅ
216 1315 303 1341 φασιν,
320 1307 335 1335 ἡ
350 1309 574 1344 μακαρία-τριχὸς,
590 1310 664 1333 πᾶσα
678 1310 723 1344 μὲν
733 1311 777 1334 καὶ
788 1307 857 1334 ἐντο-

53 1348 100 1376 λὴν
115 1347 230 1386 ἐπλήρου
246 1352 416 1383 Δεσποτινιὴν,
433 1352 514 1387 μχρι
532 1354 636 1388 κεραίας
651 1355 694 1378 καὶ
710 1352 761 1382 ἐνὸς
783 1353 855 1385 ἰῶτα,

54 1394 88 1418 τὰ
102 1397 151 1419 τοῦ
165 1394 235 1419 θείου
250 1396 330 1430 νόμου
344 1395 487 1430 φυλάττειν,
503 1397 535 1426 ὡς
550 1396 626 1426 αὐτὸς
641 1397 757 1429 ὑπέθετο,
781 1398 858 1422 σπεῦ-

57 1435 156 1463 δουσα·
166 1438 245 1465 Ἀλλὰ
256 1441 286 1465 τὸ
299 1439 398 1475 μεῖζον,
413 1439 477 1466 ἀλλὰ
484 1442 512 1466 τὸ
518 1442 652 1476 μέγιστον,
665 1440 726 1476 ἐρῶν
733 1442 856 1478 ἔρχομαι.

940 634 967 660 7.
984 635 1110 662 Omnem
1126 634 1220 662 animi
1233 634 1344 661 fastum
1359 635 1388 660 et
1402 636 1517 661 motum
1530 634 1730 662 vehementio-

907 686 969 706 rem
984 679 1073 715 plane
1088 681 1220 711 exuerat,
1234 686 1302 706 cum
1316 677 1388 705 nihil
1403 678 1550 706 accideret
1563 679 1647 715 quod
1670 679 1729 707 vir-

908 723 1007 757 ginem
1022 726 1158 751 sanctam
1173 722 1212 750 ad
1227 721 1414 750 iracundiam
1430 725 1530 758 posset
1553 731 1728 759 provocare;

907 767 979 795 illud
996 767 1095 795 solum
1110 768 1271 795 retinuerat
1283 767 1335 794 zeli
1358 769 1386 794 et
1409 766 1617 802 animositatis,
1646 768 1730 804 quod

907 814 937 840 in
950 812 1121 840 daemonem
1146 811 1298 840 eﬂundere
1326 819 1388 839 non
1415 811 1479 839 sine
1507 812 1602 846 gloria
1630 815 1732 848 posset

909 858 1007 892 Longe
1021 857 1110 891 igitur
1128 856 1211 884 illum
1225 864 1243 884 a
1256 864 1286 883 se
1308 855 1438 890 abigere,
1453 855 1542 891 longe
1566 857 1731 892 fugientem

908 902 1056 938 persequi,
1070 910 1168 937 neque
1183 901 1317 929 ommino
1331 901 1605 937 appropinquandi,
1618 904 1671 930 aut
1693 910 1731 930 ex

908 955 1006 982 aequo,
1013 947 1094 982 quod
1102 946 1194 980 aiunt,
1203 945 1416 980 congrediendi
1429 953 1531 973 secum
1542 947 1731 974 occasionem

907 991 1088 1027 permittere.
1104 992 1166 1019 Non
1196 990 1275 1018 enim
1303 989 1450 1018 adversus
1477 990 1555 1017 hosti
1579 990 1731 1019 vaferrimi

908 1037 1037 1070 impetus
1056 1035 1102 1063 vel
1118 1035 1235 1062 eminus
1259 1043 1330 1062 suas
1352 1034 1479 1070 experiri
1499 1034 1619 1062 volebat
1642 1035 1730 1071 vires,

909 1088 963 1108 nec
978 1081 1008 1107 in
1023 1080 1194 1116 palaestram
1208 1079 1333 1106 omnino
1355 1078 1522 1106 sustinebat
1549 1078 1732 1107 descendere

909 1128 937 1152 et
954 1125 1092 1152 cominus
1113 1132 1181 1152 cum
1197 1132 1232 1152 eo
1247 1123 1399 1158 congredi,
1420 1123 1471 1151 sed
1501 1123 1616 1151 meliori
1643 1123 1732 1159 longe

909 1169 1033 1198 consilio
1048 1168 1153 1205 procul
1167 1168 1251 1196 illum
1265 1177 1283 1195 a
1293 1176 1324 1195 se
1332 1168 1443 1203 jubens
1469 1167 1623 1201 facessere,
1652 1176 1734 1203 egre-

910 1215 949 1249 gii
964 1222 1087 1251 prorsus
1107 1213 1202 1241 militis
1230 1216 1259 1240 et
1278 1212 1475 1247 antagonistze
1501 1215 1602 1249 partes
1627 1220 1733 1241 omnes

910 1259 1064 1295 implebat,
1085 1258 1158 1286 dum
1174 1266 1189 1285 e
1204 1257 1370 1293 longinquo
1385 1260 1414 1284 et
1428 1257 1515 1292 quasi
1533 1258 1650 1292 fugiens
1674 1258 1733 1286 ini-

910 1305 1022 1332 micum
1036 1310 1122 1329 suum
1139 1304 1225 1329 caute
1241 1302 1404 1337 impeteret.
1417 1301 1492 1329 Nulli
1507 1310 1611 1330 earum
1632 1310 1734 1331 rerum

909 1356 986 1385 quas
1008 1347 1056 1374 hic
1081 1346 1224 1373 miramur
1252 1346 1376 1380 intenta,
1406 1346 1495 1374 nullis
1518 1347 1624 1374 mundi
1642 1347 1734 1382 hujus

910 1391 1114 1428 voluptatibus
1128 1390 1248 1423 irretita,
1259 1390 1361 1418 omnia
1374 1398 1429 1418 sua
1443 1393 1513 1418 vota
1525 1391 1734 1428 desideriaque

912 1438 942 1465 in
958 1444 1050 1464 unum
1068 1437 1160 1462 Deum
1180 1434 1310 1469 deﬁgere
1328 1434 1381 1462 fuit
1411 1434 1498 1463 solita
1513 1446 1519 1462 :
1535 1435 1614 1463 illius
1644 1437 1734 1464 unius

56 1482 236 1518 capiebatur
255 1491 367 1517 amore,
384 1486 444 1512 toto
464 1485 564 1512 animo
580 1484 632 1512 diu
645 1488 796 1521 noctuque
811 1486 870 1512 Deo
886 1491 921 1511 ac
942 1481 1032 1509 rebus
1048 1479 1155 1506 divinis
1170 1478 1337 1506 intendens.
1357 1481 1396 1506 Ita
1411 1478 1524 1514 primis,
1540 1480 1624 1515 quod
1640 1481 1734 1514 aiunt,

57 1526 232 1561 unguiculis
247 1527 331 1562 virgo
345 1529 402 1556 ista
415 1528 592 1556 beatissima
610 1530 799 1565 praescriptas
809 1537 827 1556 θ.
841 1530 899 1556 Deo
913 1524 1086 1554 hominibus
1103 1523 1219 1551 vivendi
1231 1523 1311 1557 leges
1327 1522 1471 1558 implebat
1486 1531 1600 1554 omnes,
1615 1523 1646 1551 id
1659 1524 1737 1552 solli-

57 1572 112 1598 cite
125 1579 248 1605 curans,
262 1574 293 1599 ut
307 1580 345 1600 ne
361 1574 506 1608 punctum
520 1573 642 1609 quidem
659 1582 753 1602 unum
771 1580 885 1602 unusve
908 1579 985 1607 apex
1004 1569 1113 1597 divinae
1128 1568 1201 1603 legis
1220 1567 1386 1595 custoditus
1399 1566 1574 1600 elaberetur,
1590 1568 1736 1603 quemad-

55 1616 183 1644 modum
200 1617 328 1652 ipsemet
347 1617 490 1645 Dominus
506 1617 535 1645 id
551 1617 722 1646 faciendum
738 1617 897 1646 constituit.
908 1616 969 1644 Sed
982 1622 1062 1642 nunc
1074 1614 1174 1648 majus
1193 1612 1352 1649 quiddam,
1363 1611 1424 1639 imo
1439 1611 1617 1647 maximum,
1633 1619 1737 1648 aggre-

56 1661 122 1688 dior
136 1660 250 1688 dicere.

816 1733 930 1762 CAPUT
949 1731 981 1759 ll.

110 1804 167 1832 Leo
184 1803 346 1837 Isauricus,
363 1805 507 1839 imagines
518 1803 697 1839 aboliturus,
711 1803 905 1866 Gymnascz'izim
916 1802 1068 1865 putbfzt'cum
1084 1809 1150 1829 cum
1163 1801 1315 1836 magistris
1333 1799 1390 1828 sibi
1404 1801 1627 1830 adversantibus
1641 1802 1685 1830 in-

787 1847 840 1866 cen
864 1845 891 1866 ιο
907 1845 960 1866 ver
982 1845 990 1865 2
1008 1859 1013 1864 .

787 1845 891 1866 cenato
906 1845 1013 1872 perun.

97 1901 130 1931 η’.
159 1901 207 1927 Ἦν
235 1903 280 1937 μὶν
304 1901 385 1932 οὕτως
409 1902 423 1930 ἡ
454 1904 574 1940 μακαρία
600 1901 733 1937 διάγουσαι
766 1901 857 1938 ἀρετῆς

950 1901 976 1927 8.
993 1901 1074 1927 Hanc
1093 1897 1325 1934 pulcherrimam
1343 1906 1415 1926 sane
1445 1898 1562 1927 vivendi
1589 1899 1738 1928 rationem

68 1945 248 1983 ἱπιμιλομένη,
269 1945 364 1975 ἑαυτὴν
388 1950 419 1975 τῆ
441 1951 505 1983 μονῇ
530 1947 727 1984 περικλείουσα,
750 1948 795 1972 καὶ
814 1955 860 1982 μο-

65 2002 97 2027 νῳ
122 1995 179 2026 Θεῲ
203 1987 250 2016 διὰ
276 1992 371 2022 παντὸς
395 1994 609 2028 προσανέχουσα.
638 1991 705 2017 Ἀλλ’
743 1990 787 2020 ἕως
829 1991 862 2016 τὰ

65 2034 122 2061 καθ’
138 2036 206 2070 ἡμᾶς
220 2033 277 2070 εἶχε
292 2035 382 2067 καλῶς,
401 2038 518 2072 καὶπερὶ
538 2039 604 2061 Θεοῦ
635 2038 679 2061 καὶ
708 2039 756 2060 τῶν
789 2035 862 2060 θείων

67 2083 213 2118 φρονοῦντες
242 2077 304 2115 ἦμεν
333 2080 407 2116 ὀρθὰ,
437 2082 466 2106 τὸ
493 2080 526 2110 εἰς
556 2080 728 2116 κληρονομίαν
759 2078 861 2106 ἰδιωθεν

66 2125 135 2160 αὐτῷ
152 2126 308 2160 σχοίνισμα,
326 2126 338 2150 ο
362 2127 414 2155 νέος
441 2125 558 2162 Ἰσραὴλγ
589 2126 601 2151 ὁ
627 2126 775 2162 περιούσιος
801 2124 862 2155 λαὸς

66 2173 109 2195 καὶ
129 2169 267 2205 ἐξαίρετος.
295 2169 363 2195 Ἐπεὶ
398 2167 424 2195 δ’
456 2170 469 2195 ὁ
497 2170 592 2195 ἄνωθεν
618 2169 769 2206 βασκαίνων
799 2169 862 2205 ἡμῖν

66 2214 170 2244 πολλαῖς
200 2213 320 2244 πολλάκις
347 2213 405 2239 καθ’
440 2215 512 2250 ἡμων
554 2213 689 2250 ἐχρήσατο
727 2218 863 2250 μηχαναῖς

68 2257 151 2290 κούδὲν
165 2257 190 2284 δ’
205 2259 217 2284 ὃ
232 2268 257 2284 τι
282 2261 326 2284 καὶ
355 2258 456 2294 ἡνυσε),
482 2258 618 2285 κάντεῦθεν
643 2258 791 2296 ἐξηπορηθη
817 2261 862 2285 καὶ

68 2304 235 2339 ἠμηχάνησε,
266 2303 350 2328 πάντα
371 2304 425 2339 μὲν,
457 2304 470 2328 ό
503 2313 577 2339 φασι,

68 2350 132 2374 κατα
159 2351 207 2378 τῆς
237 2347 392 2378 Ἐκκλησίας
424 2350 502 2381 Θεόῡ,
545 2346 627 2384 μηδὲν
670 2346 695 2374 δ’
733 2347 863 2377 ἐκπλῆσαι

69 2391 186 2422 δυνηθείς
202 2396 251 2417 τῶν
262 2394 327 2429 πρὸς
342 2391 481 2428 βούλησιν,
496 2391 558 2418 ἁ).λά
583 2395 627 2418 καὶ
653 2392 749 2419 πλατὺν
783 2392 862 2428 ὀφλή-

69 2447 114 2468 σας
139 2436 295 2471 κατάγελων,
322 2436 386 2467 ὀλως
417 2437 498 2472 ἐαυτῷ
526 2439 622 2473 ’γίνεται
647 2439 692 2463 καὶ
716 2439 862 2474 καινότερον

68 2491 91 2507 τι
110 2481 274 2517 τεχνάζεται.
310 2481 347 2507 Οὐ
375 2482 426 2517 γάρ
450 2492 476 2507 τι
504 2486 554 2507 τῶν
582 2483 654 2508 θείων
678 2486 862 2519 παραποιῆσαι

70 2525 202 2562 δογμάτων
227 2525 337 2562 ἐπαίρει·
367 2524 413 2552 διὰ
443 2527 493 2563 γάρ
539 2528 640 2553 πάντων
677 2526 861 2564 ἐπιχειρήσας,

616 2303 698 2330 κάλων
740 2306 861 2335 κινήσας,

916 1944 1035 1972 tenebat
1056 1943 1229 1977 Theodosia,
1263 1943 1377 1970 virtutis
1416 1943 1515 1971 studio
1552 1944 1739 1973 continenter

916 1988 1085 2021 intendens,
1106 1987 1252 2022 virginem
1281 1995 1434 2015 sacrarum
1461 1987 1600 2016 coenobio
1623 1989 1736 2023 clausa,

916 2035 945 2061 et
955 2035 1054 2060 mente
1065 2033 1094 2060 in
1112 2033 1204 2059 Deum
1225 2039 1344 2067 semper
1364 2034 1472 2060 erecta.
1496 2033 1604 2060 Notum
1637 2036 1738 2062 autem

916 2081 969 2113 est,
985 2076 1140 2113 quomodo
1155 2084 1225 2104 cum
1240 2077 1342 2104 omnia
1352 2078 1454 2105 nostra
1469 2076 1551 2105 salva
1563 2077 1663 2105 adhuc
1671 2086 1737 2106 esse

917 2125 945 2151 et
964 2121 1135 2157 incolumia,
1152 2125 1181 2149 et
1197 2121 1234 2148 de
1263 2122 1321 2149 Deo
1350 2121 1516 2158 divinisque
1540 2121 1630 2150 rebus
1658 2126 1738 2152 recte

916 2175 1022 2196 omnes
1046 2166 1232 2198 sentiremus,
1259 2174 1380 2194 eramus
1410 2166 1541 2202 populus
1563 2167 1689 2195 eximius
1711 2171 1740 2197 et

916 2212 1037 2247 electus,
1055 2211 1107 2247 qui
1120 2211 1200 2238 velut
1214 2219 1309 2238 novus
1320 2210 1417 2243 Israel,
1438 2210 1495 2246 ipsi
1523 2212 1641 2247 proprie
1663 2213 1739 2241 obti-

917 2255 1410 2292 gimusinfuniculumhaereditatis
1430 2263 1502 2283 suae.
1520 2258 1555 2284 At
1574 2259 1738 2294 postquam

916 2310 932 2330 e
943 2301 1018 2329 cmlo
1028 2299 1133 2336 pulsus
1151 2299 1298 2336 superbiae
1310 2299 1431 2335 spiritus
1446 2307 1533 2327 suam
1555 2300 1586 2328 in
1600 2301 1740 2330 homines

916 2345 1060 2375 invidiam
1080 2345 1110 2372 in
1129 2346 1265 2380 apertum
1289 2343 1377 2380 coepit
1410 2344 1551 2380 proferre.
1580 2345 1681 2374 multis
1705 2355 1741 2374 ac

917 2391 1007 2419 variis
1023 2389 1192 2426 frequenter
1206 2389 1355 2417 machinis
1371 2388 1488 2416 animos
1503 2391 1620 2418 nostros
1644 2399 1742 2427 oppu-

917 2443 1009 2472 gnare
1024 2436 1068 2462 est
1087 2441 1260 2470 aggressus.
1278 2433 1614 2462 Utveroadversusillos
1630 2443 1740 2471 parum

916 2479 1018 2511 valuit,
1031 2481 1059 2506 et
1073 2479 1129 2506 hac
1149 2486 1185 2506 ex
1200 2481 1283 2514 parte
1298 2477 1472 2514 proﬁciendi
1483 2477 1639 2513 quidpiam
1654 2487 1741 2515 spem

917 2531 1040 2553 omnem
1055 2523 1274 2558 machinasque
1285 2523 1393 2557 abjecit
1407 2521 1534 2556 inutiles,
1553 2522 1611 2550 alia
1631 2523 1741 2553 deinde

70 2569 114 2596 διὰ
125 2571 225 2596 πάντων
254 2573 299 2596 καὶ
327 2569 546 2607 ἀποκέχρουσται-
572 2574 603 2597 Τί
628 2571 671 2597 οὖν
686 2571 699 2596 ὃ
715 2575 857 2608 σχαιωρεῐ;

940 2569 1030 2597 itione
1040 2567 1143 2596 omnia
1169 2567 1327 2603 susdeque,
1350 2569 1381 2594 ut
1399 2565 1537 2599 dicimus,
1566 2569 1688 2602 vertere,
1713 2571 1742 2596 et

69 2617 94 2640 τί
121 2617 275 2651 μηχανᾶται
301 2615 314 2640 ό
344 2615 543 2651 πολυμηχανος
572 2618 622 2646 Τὰς
655 2617 722 2646 θείας
753 2616 862 2649 εἰκόνας,

70 2661 100 2685 τὰ
125 2660 178 2696 ἱερά
207 2661 252 2684 καὶ
280 2660 416 2685 πάνσεπτα
442 2659 625 2696 ἐχτυπώματα,
656 2659 683 2686 ἐκ
712 2663 803 2696 μέσου,
830 2662 865 2691 ὡς

73 2705 162 2734 ἱκανοῖς
181 2703 255 2729 ταῦτ’
279 2702 416 2740 ἐνεργῆσαι
448 2702 581 2740 διέγνωκε,
612 2705 777 2733 ποιὴσασθαι
801 2704 866 2731 ὐπο-

73 2749 173 2774 τίθεται·
193 2749 238 2774 καὶ
254 2749 267 2776 ἠ
285 2749 417 2780 ὑποθήκη,
433 2750 462 2774 τὸ
489 2747 593 2782 δοκοῦν,
624 2747 708 2783 δεξιὰ,
739 2747 814 2779 δεξιά
840 2747 865 2776 δ’

73 2792 155 2818 ὁποίαν
176 2791 298 2818 ἐκκλίνειν
324 2795 356 2823 ὼς
380 2791 520 2827 δοκοῦσαν,
551 2791 616 2819 ἀλλὰ
639 2795 675 2830 μὴ
702 2793 794 2829 οὖσαν,
821 2796 866 2821 καὶ

917 2614 1015 2650 ipsam
1032 2613 1081 2641 Dei
1110 2612 1273 2641 Ecclesiam
1297 2611 1420 2646 aggredi
1448 2611 1581 2639 instituit.
1607 2613 1741 2649 Cumque

918 2665 1038 2687 rursum
1052 2657 1126 2685 nihil
1147 2665 1252 2685 eorum
1276 2664 1343 2693 qua:
1367 2654 1539 2689 singulatim
1566 2659 1744 2692 conceperat

919 2702 1034 2732 efﬁcere
1049 2702 1202 2737 valuisset,
1216 2702 1288 2739 quin
1297 2701 1386 2729 etiam
1399 2700 1493 2728 effuso
1513 2701 1574 2728 risu
1588 2702 1744 2732 meruisset

920 2748 1026 2784 excipi,
1043 2747 1082 2776 ad
1093 2755 1166 2776 suas
1178 2755 1209 2774 se
1224 2749 1302 2775 artes
1312 2748 1406 2774 totum
1418 2746 1570 2779 convertit,
1583 2754 1619 2774 ac
1629 2754 1744 2777 novum

919 2794 1010 2830 plane
1041 2792 1200 2821 consilium
1229 2791 1397 2826 excogitare
1422 2790 1521 2828 coepit.
1552 2792 1616 2821 Non
1661 2793 1743 2823 enim
