1963 3084
237 115 297 142 ’903

850 105 1076 135 CONSTANTINI
1094 105 1322 135 ACROPOLITAE

1871 115 1931 142 904

243 181 341 203 unum
357 172 524 210 quodpiam
539 170 708 199 divinorum
716 169 893 204 dogmatum
907 168 1062 205 suspicion:

1125 169 1209 195 πάντα
1229 170 1355 206 φέρουσαν
1376 168 1543 208 ἔπαρίστερα,
1568 170 1582 198 ὁ
1612 174 1691 209 σοφὸς
1717 174 1828 200 ὑπέθετο
1855 175 1932 201 Σολε-

243 219 382 248 falsitatis
404 217 569 245 obnoxium
592 216 717 244 reddere
748 216 793 243 est
821 221 995 249 aggressus,
1016 213 1070 241 sed

243 263 389 292 adversus
405 263 513 290 cuncta
534 260 623 288 simul
650 260 818 295 insurgens,
838 259 869 286 in
895 266 932 286 ea
954 257 1069 286 rabiem

244 316 332 337 suam
344 314 467 336 omnem
486 308 612 334 conatus
627 306 670 333 est
684 304 846 332 effundere.
882 303 958 336 Quid
981 303 1070 338 igitur

243 353 315 381 mali
334 351 454 380 molitus
468 352 513 378 est
533 351 547 378 ?
576 357 653 386 quas
674 348 912 377 machinationes
933 347 1069 376 adhibuit

243 397 395 434 pessimus
422 395 551 430 genius?
581 393 772 421 Venerandas
797 393 847 420 Dei
870 392 1069 428 divorumque

243 441 404 477 imagines,
418 447 518 468 sacras
529 439 594 467 illas
607 440 637 466 et
650 437 733 466 omni
747 437 861 465 honore
875 436 1068 471 dignissimas

244 485 367 521 efﬁgies,
391 485 494 520 utpote
513 491 590 520 quas
614 482 750 518 pluribus
783 489 843 509 non
882 488 991 516 parum
1029 480 1068 508 ad

243 532 322 559 recte
339 529 491 564 agendum
502 528 644 564 prodesse
654 525 820 562 judicabat,
835 524 1067 553 statuitemedio

244 575 301 603 sibi
317 582 383 602 esse
394 572 549 601 tollendas.
564 573 597 599 Et
611 571 659 600 via
674 570 797 607 quidem
808 569 848 597 ad
862 569 919 597 hoc
935 568 1066 604 tetendit,
1079 571 1159 597 recta
1171 569 1202 597 in
1218 570 1349 606 speciem
1370 579 1376 598 :

1124 217 1188 249 μῶν.
1202 211 1305 239 Εῐδωλα
1328 214 1442 249 νομίζειν
1467 215 1585 249 ὑπέϐαλε,
1614 220 1659 244 καὶ
1686 220 1735 247 τήν
1764 222 1825 255 περί
1848 223 1934 245 trita.

1125 256 1245 287 σπουδὴν
1259 263 1307 290 τῆς
1322 259 1434 290 παλαιᾶς
1449 258 1513 287 εἶναι
1528 261 1637 296 πλάνης,
1662 265 1707 289 καὶ
1732 268 1783 295 τῆς
1812 264 1933 301 ἀρχαίας

1123 302 1220 333 ἐκείνης
1247 303 1378 340 τερθρείας
1412 303 1514 340 ἀπᾷδον
1549 307 1632 335 πάντη
1681 310 1824 344 πεφηνέναι
1868 312 1937 345 Χρι-

1124 350 1237 378 πιανοίς
1260 347 1389 383 λείψανον.
1421 349 1502 376 Βαϐαἱ
1532 354 1581 382 τῆς
1617 351 1724 388 τόλμηςῐ
1759 351 1846 388 βαϐαὶ
1881 358 1934 382 τὶς

1124 394 1280 422 σκαιότητος
1294 392 1300 420 l
1313 396 1358 428 φεῦ
1373 397 1422 419 τῶν
1440 399 1567 430 μηχανῶν
1595 400 1642 422 τοῦ
1674 395 1823 434 ἀλάστορος
1841 397 1847 424 !
1873 401 1933 424 Nino

1122 437 1166 472 μὲν
1189 437 1277 469 οὔτως,
1304 441 1347 462 νῦν
1375 435 1400 463 δ’
1428 438 1516 475 ἑτέρως
1544 438 1682 477 ἕπιχειρςῖ,
1709 441 1761 467 χαι
1790 446 1845 467 τῶν
1882 441 1934 468 δι-

1122 481 1182 511 ξιῶν
1193 479 1293 517 βάλλει,
1308 480 1359 507 κάκ
1372 486 1421 508 τῶν
1443 482 1595 521 ἀριστερῶν,
1623 486 1636 511 ὁ
1663 488 1722 522 περὶ
1751 488 1780 512 τὸ
1810 496 1934 522 κακουρ-

1121 528 1175 561 γεῖν
1194 524 1418 562 ἀμφοτεροδέξιος.

1397 571 1449 599 sed
1473 575 1553 601 recta
1565 574 1686 610 qualem
1706 574 1930 603 declinandam

243 618 359 647 monuit
374 617 494 654 sapiens
514 616 668 647 Salomon,
681 617 783 651 utpote
797 621 865 650 quae
887 613 952 641 talis
964 613 1109 646 videatur,
1136 613 1189 641 sed
1218 621 1279 642 non
1308 615 1354 649 sit,
1384 623 1488 644 verum
1514 618 1552 645 ad
1568 619 1707 654 sequiora
1728 619 1836 648 ducat.
1855 621 1931 654 Sug-

243 664 327 699 gerit,
344 663 426 698 ipsas
442 660 636 689 testimandas
647 668 711 687 esse
726 659 817 691 idola,
834 661 862 686 et
874 666 964 686 omne
975 658 1053 685 circa
1064 665 1115 686 eas
1126 658 1271 693 studium,
1286 660 1393 687 veteris
1415 668 1479 689 esse
1495 662 1602 690 erroris
1617 665 1708 700 atque
1725 664 1863 700 antiquae
1882 673 1932 691 su—

241 707 423 745 perstitionis
434 705 597 734 evanidum
607 705 776 739 vestigium,
792 703 868 731 inter
887 703 1054 730 Chistianos
1067 702 1211 730 relictum.
1233 703 1294 731 Vah
1323 704 1482 733 audaciam
1503 707 1625 742 pessimi
1646 707 1809 742 daemonis,
1825 712 1854 736 et
1871 709 1934 736 im-

242 753 325 789 piam
339 751 492 780 stultitiam
510 750 516 777 !
533 750 592 777 vah
608 749 731 776 insanas
755 747 924 775 molitiones
945 746 950 773 !
972 746 1057 775 Modo
1083 746 1192 775 scilicet
1219 747 1308 782 hanc,
1330 748 1422 777 modo
1442 749 1523 778 illam
1550 751 1694 787 perdendi
1711 752 1856 780 homines
1881 761 1933 780 ra-

243 798 355 826 tionem
371 796 425 823 init
438 804 443 822 :
460 803 478 822 a
493 794 604 822 dextris
619 795 647 821 et
656 801 674 821 a
685 792 810 820 sinistris
822 793 946 820 miseros
961 791 1085 827 impetit,
1097 791 1284 820 ambidexter
1297 793 1337 822 ad
1348 794 1538 823 inferendum
1550 800 1778 825 nocumentum.

280 844 306 869 9.
327 840 455 874 Quinam
468 841 567 866 autem
587 838 668 866 fuere
682 845 760 873 quos
774 837 919 872 judicavit
942 836 1066 864 idoneos
1085 837 1107 863 Β

244 888 295 914 aut
307 883 419 920 quibus
435 890 509 910 usus
524 882 566 910 rei
583 884 627 909 est
646 881 837 915 administris,
867 880 991 916 quando
1017 880 1067 908 Dei

244 929 525 966 permissuregnum
534 927 589 954 sibi
600 928 661 954 erat
669 925 872 953 vindicaturus
885 925 898 952 ‘2
909 927 964 953 Leo
979 925 1002 952 is
1014 925 1067 952 fuit

243 974 283 1002 ab
298 973 409 1001 Isauria
422 972 531 1005 dictus,
548 971 714 998 saevissima
731 969 1065 1006 absqucdubiobellua,

243 1019 410 1053 eademque
429 1016 595 1044 indomita:
612 1015 663 1051 qui
678 1017 782 1043 contra
800 1013 916 1042 Domini
945 1022 1066 1049 gregem

242 1063 384 1091 continuo
401 1061 559 1089 intremere
571 1068 743 1095 aggressus,
759 1059 790 1087 in
811 1067 881 1086 eum
905 1066 966 1086 non
984 1058 1067 1086 aliter

242 1115 334 1144 quam
349 1106 506 1134 carnivora
520 1104 662 1141 quaedam
684 1104 748 1132 fera
769 1103 892 1131 insiluit.
920 1103 1067 1135 Quemad-

241 1151 368 1180 modum
396 1152 424 1178 et
444 1150 469 1178 is
493 1149 546 1185 qui
573 1157 626 1184 per
647 1147 844 1184 antiphrasim
864 1150 989 1175 vocatus
1013 1147 1068 1175 fuit

241 1195 428 1228 Anastasius;
444 1194 558 1230 quippe
567 1195 635 1229 post
646 1193 677 1219 Β.
688 1194 871 1220 Germanum
883 1191 913 1219 in
939 1191 990 1219 Dei
1017 1192 1067 1219 Ec-

242 1240 363 1268 clesiam
373 1246 484 1274 magno
491 1237 627 1273 ejusdem
638 1236 719 1264 malo
731 1236 927 1269 introductus,
939 1238 1066 1264 mortem

241 1293 302 1313 non
320 1284 426 1320 paucis
446 1285 475 1310 et
489 1281 639 1310 interitum
666 1280 770 1309 attulit.
793 1280 847 1308 Sed
868 1288 930 1316 qua
945 1281 1066 1308 tandem

240 1331 356 1358 ratione
376 1336 431 1364 pro
441 1327 483 1355 rei
496 1326 648 1362 dignitate,
663 1333 863 1361 quaecumque
873 1324 904 1352 id
925 1325 1066 1360 temporis

240 1374 351 1402 misera
366 1372 540 1401 acciderunt
558 1373 647 1406 atque
660 1369 779 1405 acerba,
800 1369 898 1397 verbis
921 1369 1066 1397 efferam?

241 1419 453 1455 episcoporum
459 1415 557 1450 exilia,
572 1413 854 1450 comprehensiones
865 1413 1065 1445 sacerdotum,

240 1464 373 1491 virorum
391 1460 561 1497 principum
581 1459 765 1487 calamitates
779 1458 868 1486 simul
889 1460 917 1486 et
936 1458 1065 1493 ignomi-

239 1508 317 1542 nias,
329 1508 503 1534 sanctorum
513 1504 671 1532 hominum
687 1503 870 1538 etvirginum
886 1510 1039 1531 sacrarum
1050 1510 1065 1530 e

239 1551 431 1580 monasteriis
445 1549 588 1578 violentas
603 1548 799 1581 detrusiones,
821 1550 849 1576 et
858 1547 977 1583 publice
997 1555 1066 1576 con-

242 1598 360 1626 stitutas
373 1595 551 1625 earumdem
563 1594 808 1631 proscriptiones,
825 1593 994 1621 vexationes
1004 1600 1065 1621 non

239 1642 378 1671 ferendas
393 1641 523 1674 vincula,
539 1639 701 1673 cruciatus,
712 1638 855 1666 violenter
868 1637 974 1665 allatas
989 1645 1066 1665 mor-

240 1690 292 1720 tes,
307 1689 335 1714 et
349 1686 451 1721 pejora
465 1683 614 1712 mortibus
629 1685 777 1711 tormenta
793 1683 807 1710 ?
822 1683 929 1710 Verum
946 1684 979 1710 ut
998 1690 1066 1710 san-

239 1734 293 1759 cire
305 1730 397 1764 hujus
406 1728 530 1764 virginis
542 1727 687 1754 illustrem
703 1734 826 1762 prorsus
835 1734 870 1753 ac
884 1726 1065 1762 intrepidam

1159 836 1190 865 θ’.
1214 840 1285 868 Τίνες
1314 836 1339 864 δ’
1362 842 1406 870 οῦς
1436 842 1481 866 καὶ
1509 839 1627 877 ἐνέκρινε,
1658 844 1704 868 καὶ
1724 844 1796 868 τίσιν
1825 843 1931 879 51:21::-

1121 890 1179 912 ταις
1191 880 1232 908 ἐπὶ
1256 884 1353 913 τούτοις
1368 882 1503 920 εχρὴσατο
1520 893 1527 919 ;
1554 884 1587 910 Ὀ
1603 895 1629 911 τε
1645 883 1678 914 δὴ
1708 888 1754 915 τὴν
1782 886 1928 922 ﬁcto-Lirin

1121 930 1188 951 Θεοῦ
1230 929 1421 963 παραχωρήσει
1458 930 1682 966 σφετερισάμενος,
1731 932 1805 956 Λέων
1844 932 1858 957 ό
1901 933 1930 962 ἐξ

1122 969 1255 1008 Ὶσαὺρων,
1282 972 1294 997 ὁ
1323 972 1412 1008 ἄγριος
1441 973 1601 1010 αὐτόχρημα
1626 975 1674 1010 Οὴρ
1704 977 1749 1000 καὶ
1780 975 1929 1005 {trimam-aa;

1121 1013 1147 1045 ὂς
1163 1016 1230 1040 κατά
1243 1020 1288 1046 τῆς
1302 1018 1413 1052 ποίμνης
1435 1017 1508 1047 ιῦοὺς
1534 1022 1600 1044 Θεοῦ
1627 1017 1710 1044 δεινὸν
1737 1018 1926 1056 ἐϐρυχήσατο,

1121 1061 1165 1084 καὶ
1188 1061 1256 1085 κατά
1283 1062 1366 1096 μέσης
1393 1061 1474 1092 αὐτῆς
1496 1063 1564 1088 καθα
1593 1073 1631 1093 τις
1665 1063 1792 1099 ὠμηστὴς
1833 1065 1926 1096 ialm,

1121 1105 1424 1143 χαὶὸκατ¹ἀντίφροισιν
1445 1106 1625 1142 Ἀναστάσιος,
1657 1108 1670 1133 ὁ
1701 1110 1769 1144 μετὰ
1796 1110 1839 1134 τὸν
1873 1119 1926 1145 μα-

1121 1149 1212 1185 κάριον
1232 1152 1359 1187 Γερμανὸν
1388 1150 1430 1176 ἐπὶ
1453 1155 1525 1186 κακῷ
1555 1155 1586 1188 τῇ
1611 1152 1755 1189 Ἐκκλησία
1778 1153 1927 1191 ἱπεισφρή-

1122 1202 1170 1223 σας
1198 1197 1275 1229 Θεοῦ,
1297 1196 1340 1220 καὶ
1368 1194 1472 1226 πολλοῖς
1502 1196 1541 1221 ὅτι
1569 1197 1678 1222 θανατοῦ
1711 1200 1757 1223 καὶ
1794 1196 1929 1229 ἀπωλείας

1120 1239 1253 1273 γενόμενος
1273 1239 1366 1269 αἴτιος.
1392 1238 1469 1266 Ἀλλὰ
1497 1244 1552 1270 πῶς
1580 1240 1610 1266 ἄν
1639 1242 1704 1277 πρὸς
1728 1240 1805 1272 ἀξίαν
1829 1241 1928 1279 ἐκτρα-

1119 1280 1276 1319 γῳόἠσαιμι
1289 1285 1322 1309 τὰ
1335 1285 1392 1310 τότε
1406 1282 1489 1317 dsunt;
1514 1286 1559 1314 τὰς
1585 1289 1633 1310 τῶν
1662 1285 1807 1323 ἀρχιερέων
1825 1287 1924 1323 ὑπερο-

1120 1329 1188 1362 ρίας
1216 1328 1260 1357 τὰς
1284 1331 1334 1353 τῶν
1360 1329 1443 1364 ἱερέων
1472 1328 1638 1364 καθείρξεις;
1663 1331 1711 1361 τὰς
1726 1334 1778 1356 τὼν
1806 1330 1832 1356 ὲν
1861 1331 1925 1357 τέλει

1121 1370 1215 1407 ζημίας
1231 1371 1286 1399 ἅμα
1304 1374 1348 1398 καὶ
1375 1374 1487 1407 ἀτιμίας
1513 1374 1557 1404 τὰς
1585 1377 1635 1399 τῶν
1663 1375 1740 1400 ὁσίων
1765 1373 1872 1412 ἀνδρῶν
1898 1385 1926 1401 τε

1120 1418 1164 1442 καὶ
1184 1426 1322 1451 γυναικων,
1338 1416 1364 1442 ἐκ
1388 1427 1414 1443 τε
1441 1422 1490 1444 τῶν
1519 1417 1686 1454 ἀσκητηρίων
1712 1418 1852 1450 ἀπελάσεις
1880 1422 1925 1445 καὶ

1120 1459 1162 1486 ἐπὶ
1184 1460 1309 1487 πλατειῶν
1338 1460 1489 1498 δημεύσεις
1518 1464 1565 1493 τας
1605 1462 1782 1495 ὰνυποίστους
1822 1466 1923 1490 τούτων

1086 1504 1248 1539 Canitiem;
1272 1507 1303 1531 τὰ
1332 1504 1435 1542 (impii;
1463 1507 1508 1536 τὰς
1537 1506 1716 1543 στρεϐλώσεις;
1754 1510 1814 1538 τοὺς
1844 1508 1919 1545 βιαί-

1119 1558 1163 1579 ους
1191 1550 1326 1583 θανάτους
1364 1552 1397 1577 τὰ
1434 1553 1516 1588 χείρω
1555 1553 1664 1578 θανάτου
1708 1551 1921 1590 ﬁucmm‘nﬁpm;

1120 1593 1187 1620 Ἀλλ’
1211 1595 1252 1620 ἵνα
1280 1595 1374 1630 μᾶλλον
1402 1597 1431 1621 τὸ
1457 1600 1501 1626 τῆς
1541 1599 1673 1634 μακαρίας
1716 1602 1833 1633 γενναῖον
1879 1601 1923 1624 καὶ

1118 1639 1240 1675 ἄτρεστον
1257 1641 1460 1676 παραστήσαιμι
1479 1642 1607 1678 φρόνημα,
1631 1641 1655 1667 ἓν
1681 1651 1707 1667 τι
1728 1646 1777 1672 τῆς
1809 1641 1923 1678 βασιλι-

1118 1687 1165 1714 κῆς
1188 1682 1322 1718 ἀπηνειας,
1350 1683 1432 1710 τᾶλλα
1454 1688 1508 1716 τοῖς
1536 1685 1704 1722 βουλομένοις
1730 1687 1799 1712 ἐνθεν
1846 1686 1915 1723 ἀφεὶς

1120 1731 1251 1763 σννορᾷνῖ,
1269 1726 1446 1765 διηγήσομαι,

239 1773 480 1809 magnitudinem
493 1771 584 1800 animi
595 1770 704 1798 clarius
717 1771 746 1797 in
761 1769 894 1797 medium
908 1770 1069 1806 adducam,
1083 1779 1179 1799 unum
1194 1772 1361 1808 quodpiam
1372 1773 1557 1802 crudelitatis
1568 1773 1655 1809 regiae
1666 1774 1844 1812 exemplum
1858 1783 1913 1812 pro

237 1820 343 1850 feram,
358 1817 474 1853 reliqua
490 1816 526 1843 iis
542 1815 653 1852 quibus
672 1814 801 1842 lubitum
817 1814 904 1842 fuerit
918 1814 1107 1850 inspicienda
1121 1816 1250 1852 pcnitius
1266 1817 1450 1853 relinquens.

273 1863 317 1892 10.
342 1862 535 1898 Superiorum
554 1867 660 1894 regum
690 1858 886 1894 temporibus,
913 1866 982 1887 cum
1009 1859 1062 1896 qui

237 1914 400 1943 regnorum
413 1904 650 1933 moderabantur
660 1903 806 1937 habenas,
820 1910 854 1930 eo
877 1903 958 1939 quod
983 1911 1063 1938 gere-

236 1953 310 1981 bant
323 1950 445 1979 nomine
460 1958 523 1978 sese
538 1948 620 1977 haud
632 1947 831 1976 ostendebant
839 1947 990 1982 indignos,
1003 1948 1060 1976 sub

235 1997 406 2033 jectamque
417 1995 475 2023 sibi
484 1995 628 2022 ditionem
639 2001 674 2021 ex
688 1993 920 2029 zequojustoquc
936 1993 1062 2021 admini-

238 2042 375 2070 strabant
388 2040 618 2075 fulciebantque,
629 2046 729 2066 rerum
739 2037 857 2065 nonnisi
865 2038 1060 2066 honestarum

237 2095 339 2117 amore
354 2094 388 2114 ac
411 2084 619 2122 prcsecutione
649 2085 827 2111 exornantes
857 2083 1060 2119 principatum

237 2129 520 2168 suum,etquidquid
527 2128 667 2157 eumdem
683 2128 722 2156 ad
733 2128 911 2164 posteriores
923 2128 1062 2156 illustrio-

234 2185 299 2206 rem
320 2174 563 2212 poteratreddere
575 2181 687 2208 magno
695 2173 793 2201 studio
801 2176 1013 2209 promoventes
1021 2173 1060 2202 ad

235 2218 737 2254 incrementum.Horum,inquam,
753 2225 856 2252 regum
873 2218 1059 2254 temporibus

234 2266 322 2303 plura
342 2264 483 2293 tradentis
507 2263 655 2299 diciplinis
676 2263 742 2291 loca
767 2262 952 2291 exaediﬁcata
979 2266 1058 2299 sunt,

234 2320 302 2347 quae
318 2313 396 2339 certa
411 2309 543 2345 quadam
554 2308 669 2336 ratione
685 2308 821 2343 sejuncta
832 2310 916 2336 erant
929 2307 968 2336 ab
981 2308 1060 2336 invi-

236 2363 311 2389 cem,
322 2355 488 2390 eademque
503 2354 674 2389 conjuncta;
689 2353 823 2389 sejuncta
838 2352 961 2389 quidem
984 2352 1058 2380 locis

234 2403 262 2429 et
277 2400 419 2436 aediﬁciis,
434 2402 464 2427 at
478 2406 548 2427 vero
563 2400 667 2426 mutua
688 2397 821 2434 quadem
847 2397 1058 2433 conjunctione

233 2448 262 2475 et
272 2445 427 2474 communi
437 2444 554 2480 porticu
567 2444 597 2471 in
613 2451 705 2471 unum
715 2443 805 2471 veluti
816 2442 977 2470 aedificium
991 2449 1058 2470 coa-

231 2490 363 2524 lescenti;
380 2490 420 2518 ita
436 2491 477 2525 ut,
493 2487 630 2525 quamvis
659 2487 810 2516 exterioris
831 2486 935 2514 formze
965 2487 1059 2515 varie-

233 2539 291 2565 tate
302 2538 330 2564 et
344 2542 470 2564 numero
485 2533 744 2568 distinguerentur,
762 2539 823 2559 non
836 2530 935 2567 plures
947 2533 1056 2563 tamen,

233 2581 286 2608 sed
305 2588 365 2608 una
375 2579 522 2608 duntaxat
537 2578 646 2607 domus
659 2577 716 2604 dici
728 2578 839 2610 posset.
859 2575 891 2602 in
906 2575 952 2603 his
967 2583 1057 2612 porro

233 2625 447 2661 iediticiis,quze
456 2623 617 2652 duodecim
629 2621 754 2650 omnino
765 2619 974 2654 censebantur,
983 2628 1057 2648 nun-

232 2677 323 2705 quam
337 2677 399 2698 non
414 2669 538 2698 colocati
552 2669 636 2695 crant
647 2667 854 2701 praeceptores,
874 2667 963 2701 atque
982 2665 1058 2693 inter

233 2722 284 2741 eos
298 2715 502 2750 unusaliquis,
514 2713 566 2748 qui
580 2711 654 2739 alios
666 2718 771 2738 omnes
785 2712 961 2738 cunctarum
972 2710 1058 2738 disci-

231 2757 381 2796 plinarum
397 2758 502 2794 peritia
517 2756 681 2792 superaret.
699 2754 761 2791 Hic,
776 2757 809 2783 ut
820 2755 902 2784 omni
923 2754 1055 2784 scientia-

1154 1860 1179 1889 ι’.
1208 1862 1275 1898 Πρὸς
1304 1866 1354 1887 τῶν
1380 1863 1432 1888 ἆνω
1461 1861 1602 1898 βασιλέων,
1631 1863 1656 1889 οἳ
1681 1866 1725 1889 καὶ
1747 1866 1796 1893 τήν
1827 1864 1920 1894 κλῆσιν

1117 1905 1273 1941 emotum,
1290 1907 1322 1936 ὡς
1333 1906 1385 1932 ἐνὸν
1401 1905 1448 1933 διιά
1464 1906 1525 1943 βίον
1545 1910 1695 1944 σννέχοντές
1714 1917 1741 1935 τε
1771 1912 1817 1936 καὶ
1851 1919 1917 1938 στη-

1115 1952 1229 1988 ρίζοντίς
1240 1953 1268 1976 τὸ
1295 1952 1418 1986 ὑπήκοον,
1447 1955 1491 1978 καὶ
1518 1956 1549 1989 τῇ
1586 1953 1722 1989 φιλοκαλίᾳ
1744 1955 1793 1982 τὴν
1827 1953 1916 1990 ἀρχὴν

1116 1997 1326 2032 κατεχὸσμησαν,
1352 1996 1419 2022 ἄπα)
1449 1996 1461 2022 ὃ
1488 1999 1584 2026 ταύτην
1619 1997 1799 2034 εὐκλεεστέραν
1837 2000 1915 2025 καθί-

1117 2048 1207 2074 στησι,
1225 2038 1271 2066 διὰ
1285 2039 1405 2071 σπουδῆς
1422 2041 1507 2072 αὔξειν
1521 2043 1679 2078 ποιούμενοι·
1702 2044 1767 2078 πρὸς
1793 2043 1839 2069 οὖν
1867 2044 1915 2069 τῶν

1115 2084 1298 2122 μεγαλουργῶν
1320 2084 1419 2111 ἐκείνων
1446 2084 1547 2123 ἀνδρῶν
1572 2085 1748 2122 διδασκαλεῖα
1775 2086 1799 2113 ἐν
1832 2090 1914 2124 ταύτῃ

1116 2126 1149 2157 δὴ
1174 2133 1203 2165 τῇ
1229 2129 1398 2165 μεγαλοπόλει
1427 2128 1584 2167 δεδόμηται,
1613 2129 1760 2168 διῃρημένα
1788 2142 1846 2163 πως
1872 2135 1917 2158 καὶ

1841 2179 1916 2206 οἰκή-

1114 2227 1190 2254 μασι,
1206 2222 1236 2254 τῇ
1255 2216 1279 2244 δ’
1301 2218 1463 2256 ἀλληλουχίᾳ
1482 2222 1526 2246 καὶ
1554 2225 1589 2256 τῷ
1622 2225 1699 2256 κοινῴ
1725 2221 1856 2258 περιϐόλῳ
1882 2224 1916 2252 si;

1116 2176 1266 2210 συνημμένα
1295 2175 1470 2210 τυγχάνοντα·
1495 2173 1642 2213 διῃρημένα
1666 2178 1711 2212 μὲν
1740 2180 1796 2208 τοῖς

1114 2264 1138 2289 ἓν
1164 2261 1293 2292 δήπουθεν
1322 2266 1492 2300 συναγόμενα,
1519 2266 1554 2296 ὡς
1579 2265 1622 2292 ἕνα
1661 2275 1691 2301 γε
1727 2263 1814 2292 δοκεῖν
1862 2270 1915 2297 τοῖς

1114 2307 1204 2338 ἔξωθέν
1228 2307 1344 2334 ποικίλον
1376 2311 1421 2335 καὶ
1458 2309 1626 2346 πολυόφορον·
1666 2312 1710 2336 καὶ
1751 2308 1912 2337 διδάσκαλοι

1114 2351 1151 2378 ἐπ’
1167 2351 1264 2387 αὐτοῖς,
1278 2353 1327 2379 ὅσα
1342 2350 1376 2382 δὴ
1397 2357 1481 2379 ταῦτα
1500 2352 1661 2381 δυοκαιὸεκα
1695 2353 1719 2381 δ’
1747 2358 1789 2387 ἣν,
1813 2355 1850 2386 εἰς
1876 2355 1913 2381 ἀεὶ

1113 2395 1298 2433 καθιδρύοντο,
1317 2400 1361 2423 καὶ
1374 2397 1416 2424 ἐπὶ
1432 2399 1528 2424 τούτων
1553 2400 1566 2425 ὁ
1594 2403 1643 2425 τῶν
1674 2399 1737 2426 ὅλων
1763 2401 1833 2427 κατὰ
1863 2404 1912 2427 πᾶν

1113 2439 1183 2472 εἶδος
1208 2440 1330 2473 παιδείας
1369 2443 1527 2480 ὑπερφέρων,
1563 2446 1607 2470 καὶ
1642 2447 1698 2474 ταῖς
1738 2444 1912 2482 ἐπιστήμαις

1113 2485 1307 2523 ἐπισημότερος,
1323 2486 1350 2518 ὃς
1367 2489 1412 2513 καὶ
1433 2487 1610 2524 οἰκονμενικός
1637 2487 1800 2520 διδασκαλος
1824 2491 1910 2519 ἣκοντ-

1111 2532 1207 2560 ταύτην
1228 2533 1276 2569 γὰρ
1301 2533 1347 2561 τὴν
1371 2533 1449 2568 τιμὴν
1476 2535 1541 2569 πρὸς
1571 2537 1617 2560 τοῦ
1646 2532 1776 2570 βασιλέως
1801 2533 1911 2571 ἐλάμϐα-

1111 2582 1146 2609 νε,
1168 2578 1212 2602 καὶ
1229 2578 1276 2605 τὴν
1300 2576 1415 2614 ἐφορείαν
1434 2582 1616 2614 μυσταγωγῶν
1643 2579 1707 2615 ὁμοῦ
1735 2580 1780 2605 καὶ
1805 2584 1910 2616 μυστῶν

1112 2619 1292 2659 ἐπετέτραπτο.
1323 2622 1370 2648 Ἤν
1395 2624 1440 2658 μὲν
1460 2619 1503 2648 οὖν
1536 2622 1602 2648 οὕτω
1625 2627 1702 2650 τοῦτο
1730 2621 1909 2660 διενεργούμε-

1111 2675 1152 2691 νον
1167 2666 1272 2700 οἶνωοεν,
1286 2668 1331 2692 καὶ
1349 2667 1361 2692 ὁ
1378 2666 1453 2703 λογος
1469 2666 1537 2694 ἒνΰεν
1569 2669 1639 2704 εἶχεν
1663 2668 1835 2702 αὐξάνεσθαι,
1868 2671 1909 2694 καὶ

1111 2713 1139 2737 τὸ
1170 2711 1237 2737 κατὰ
1268 2712 1345 2747 φύσιν
1389 2710 1515 2748 ἀνθρώπῳ
1560 2714 1626 2750 πρὸς
1667 2717 1713 2739 τοῦ
1755 2712 1908 2749 mirator/au,

1111 2757 1173 2793 πρὸς
1201 2760 1248 2787 τῆς
1275 2756 1434 2792 αὐτοσοφίας
1463 2757 1541 2789 αὖςῆς
1567 2761 1612 2788 τῆς
1646 2760 1766 2794 γίνέᾱευς
1802 2758 1909 2796 573mm-
