1963 3084
7 50 63 76 )05

7 112 135 147 ῖπαρὲν,

7 158 56 183 τὴν
82 155 157 181 κατ’
189 154 391 185 ἐπιτηδειότητα
415 156 522 193 ἐπήρετο
564 160 677 191 κίνησιν,
711 161 756 184 καὶ
774 159 834 185 πολ-

7 202 67 229 λοῖς
92 199 138 230 εὶς
160 198 297 236 ἐνέργειαν,
323 200 344 226 εἰ
370 203 414 226 καὶ
438 203 473 237 μὴ
506 205 571 228 πᾶσι
595 204 734 237 προήγετο,
758 207 790 232 τῆ
808 212 835 229 τε

7 241 139 269 ἲιοιχείν
186 242 275 280 είδυίᾳ
302 244 449 281 φιλοσοφίᾳ,
479 248 523 272 καὶ
542 248 606 282 πρὸς
624 249 652 272 τὸ
676 251 790 284 κρεῖττον
802 249 835 274 τὰ

7 288 74 313 καθ’
99 288 182 324 ἡμᾶς
210 291 357 327 μεταφέρειν
375 292 419 316 καὶ
447 290 615 327 ὑψηλότερον,
649 294 694 318 καὶ
713 291 836 328 βασιλεία

7 331 270 368 πεπαιδαγώγητο,
303 336 348 359 καὶ
382 334 499 360 πολιτεία
534 336 706 372 κοίτήρτιστο,
735 338 779 362 καὶ
805 338 834 362 τὸ

7 374 157 412 δημὼδες
172 387 218 404 και
228 379 263 408 ὡς
281 377 374 405 ἐπίπαν
402 378 582 415 ἀστάθμητον,
607 382 640 411 ὡς
665 380 719 407 ἐνὸν
743 381 835 418 ἑῤῥὺθ-

8 430 101 456 μισ-το
119 424 172 448 καὶ
185 422 354 450 σννέσταλτο.

702 53 736 80 IN
757 52 786 80 S.
807 53 1044 82 THEODOSIAM.

182 113 227 137 καὶ
254 110 268 137 ὃ
297 110 406 148 δυνάμει
434 116 501 138 πᾶσι
536 118 627 144 κοινῶς
657 115 750 147 ἔνεστι,
771 116 833 152 πρὸς

928 123 958 142 m
972 123 1078 150 genere
1093 117 1215 143 caeteros
1228 116 1305 144 inter
1318 116 1407 152 plane
1420 118 1580 154 eminebat,
1597 120 1714 149 univer-

1662 60 1714 88 906

890 160 962 187 salis
986 167 1107 196 quoque
1131 160 1273 194 magister
1295 161 1439 197 appellari
1466 162 1568 190 solitus
1583 166 1647 192 erat
1662 174 1667 190 :
1682 165 1715 192 ut

890 206 990 232 autem
1006 204 1061 231 isto
1077 204 1198 232 nomine
1226 205 1348 233 honoris
1363 213 1456 233 causa
1481 210 1645 241 vocaretur,
1674 209 1713 237 ab

889 248 954 284 ipso
970 248 1106 276 videlicet
1118 256 1186 283 rege
1202 252 1367 285 acceperat,
1384 252 1412 277 et
1422 253 1483 278 tam
1496 251 1526 278 in
1537 259 1588 279 ens
1598 252 1651 288 qui
1666 260 1714 280 sa-

890 292 946 320 cris
961 292 1108 328 initiandi,
1124 301 1218 329 quam
1233 294 1285 330 qui
1300 294 1335 321 iis
1347 294 1452 323 initiati
1465 295 1530 331 jam
1545 298 1638 331 erant,
1665 305 1716 325 au-

890 337 1056 365 ctoritatem
1079 345 1166 365 suam
1186 346 1321 366 exercere
1341 342 1466 374 poterat.
1484 340 1541 367 Res
1557 343 1657 369 autem
1673 341 1716 370 sic

890 384 974 409 erant
986 381 1138 418 dispositae
1149 382 1188 410 ab
1199 383 1293 418 initio,
1310 386 1341 411 ut
1352 384 1403 412 tibi
1413 384 1611 413 ratiocinandi
1627 394 1716 421 auge-

889 428 969 454 retur
981 425 1117 461 facultas;
1131 430 1159 455 et
1171 427 1254 464 quod
1267 427 1383 456 homini
1396 436 1432 457 ex
1446 437 1508 465 quo
1523 430 1554 457 in
1565 430 1716 459 mundum

8 465 166 500 gignitur
180 474 199 494 a
217 469 326 495 natura
336 468 534 496 communiter
548 469 670 497 insitum
683 471 738 503 est,
754 471 786 498 ut
810 469 960 498 intellectu
986 470 1152 499 discurrere
1183 474 1272 508 atque
1301 480 1405 508 sapere
1430 481 1484 509 per
1507 474 1642 510 seipsum
1665 483 1716 503 va-

8 509 89 544 leat,
123 510 171 539 ad
199 518 378 546 congruum,
406 515 496 548 prout
521 521 598 549 opus
627 513 710 544 foret,
747 516 863 542 motum
890 515 1067 543 excitaretur
1083 524 1090 549 ;
1106 516 1276 552 multisque,
1298 517 1322 544 si
1337 524 1398 544 non
1413 509 1566 554 omnibus,
1583 519 1714 548 daretur.

9 554 236 584 commoditas
252 558 330 584 recte
342 555 574 594 philosophandi
591 567 597 591 ;
612 557 689 586 adeo
700 560 732 586 ut
752 561 779 586 et
794 558 953 594 imperium
969 559 1033 587 istic
1045 560 1220 593 erudiretur,
1236 562 1265 588 et
1279 561 1372 588 civilis
1389 563 1484 590 status
1518 563 1716 595 ordinaretur,

10 598 157 634 ipsaque
177 599 269 628 etiam
282 599 378 636 plebs,
399 600 538 636 quamvis
560 601 783 630 inconsiderata
801 604 829 631 et
843 604 1009 640 vaga,'qua
1030 604 1094 632 ﬁeri
1120 606 1218 640 potest
1240 605 1450 634 ordinanretur
1470 610 1717 644 componeretur-

11 650 78 678 que
83 664 90 670 .

55 687 103 715 ια’.
122 687 176 714 Ἦν
190 689 236 724 μὲν
252 687 295 714 οὖν
311 687 339 714 ἐκ
352 693 455 726 μακροῦ
474 690 545 716 τοῦθ’
565 690 644 721 οὕτως
672 692 733 727 ἔχον
746 702 752 708 -
777 692 834 717 κατ’
851 695 871 722 Β

14 731 104 758 ἐκεῖνο
126 730 160 758 δὲ
179 742 209 769 γε
235 737 328 770 καιροῦ
354 732 446 771 ἄνδρες
465 733 613 771 ἁριπρεπεῖς
637 738 683 762 καὶ
705 734 835 772 διάσημοι

13 779 78 807 τοὺς
97 777 178 813 παρὰ
193 779 240 808 τὰς
256 776 372 808 σπουδὰς
387 779 493 815 θρόνους
507 779 549 806 ἐπὶ
570 782 662 816 κόσμῳ
685 785 755 816 σφῶν
775 771 834 807 ἔλῖἶῗ

12 831 78 857 χον,
96 824 148 848 καὶ
161 822 257 858 μᾶλλον
273 824 286 849 ὁ
301 827 350 849 τῶν
361 822 442 849 ἄλλων
458 825 604 860 πρωτεύων,
625 827 670 851 καὶ
694 827 741 854 τήν
756 828 834 862 τιμὴν

13 866 132 897 ὕπατος.
153 867 194 892 Οὐ
208 868 259 904 ’γὰρ
273 865 307 896 δὴ
331 869 364 894 τὰ
385 867 459 899 ἐκτὸς
481 868 553 895 οὗτοι
579 872 624 895 καὶ
651 870 760 907 θύραθεν
786 872 834 906 μό-

13 920 69 946 νον,
83 910 155 937 ἀλλὰ
179 913 225 937 καὶ
249 913 282 938 τὰ
301 910 374 938 ἔνδον
399 915 444 938 καὶ
473 913 530 939 θεῖα
554 913 700 950 φιλοσοφεῖν
732 913 832 943 ἤθελον.

15 956 124 992 Ἀμέλει
141 965 185 982 τοι
204 959 249 983 καὶ
272 957 328 983 θεῖα
353 958 469 986 ἤσκηντο
490 955 623 994 δόγματα,
650 961 695 984 καὶ
718 957 834 996 παραδό-

17 1010 72 1030 σεις
98 1000 323 1031 ἓχχλησιαοτικὰς
355 1001 534 1038 ἠκριϐὡκεσαν
563 1013 569 1019 -
595 1004 697 1038 εἶχοντό
721 1013 748 1030 τε
771 1005 834 1029 τού-

18 1055 70 1070 των
83 1046 133 1071 κάὶ
157 1048 333 1082 περιιίχοντο,
364 1045 429 1072 κάπὶ
456 1048 562 1077 ταύταις
580 1048 678 1078 πάντας
699 1052 834 1085 συντηρεῖν

19 1091 97 1127 ἔργον
108 1093 262 1126 πεποίηντο,
280 1092 336 1117 ὅθεν
348 1093 392 1117 καὶ
404 1089 451 1118 διὰ
463 1095 540 1128 τιμῆς
558 1093 658 1127 πάσης,
673 1091 720 1119 διὰ
738 1092 833 1119 πολλοῦ

20 1145 49 1161 τε
65 1134 239 1171 σεϐάσματος
253 1135 326 1172 εἶχον
337 1138 403 1172 σφᾶς
419 1135 538 1167 ἅπαντες.
554 1136 593 1163 Οὔ
609 1135 642 1166 δὴ
657 1136 785 1173 βασιλεὺς
801 1139 834 1164 εῖ-

22 1189 84 1206 νεκα
99 1182 213 1211 τούτους
226 1182 276 1217 πρό
288 1181 390 1207 πάντων
406 1180 488 1207 ἄλλων
507 1181 649 1218 ὁμόφρονάς
669 1191 696 1208 τε
709 1185 754 1209 καὶ
769 1183 833 1218 ὁμο-

22 1228 163 1261 γνώμονας
178 1228 254 1261 σχιῖν
266 1224 431 1263 ἓπειράσατο,
442 1224 545 1262 ἐνόμισε
559 1227 608 1263 γὰρ
625 1227 669 1259 ὡς,
687 1227 756 1264 εἴπερ
772 1227 834 1263 ὀμο-

24 1268 119 1301 ὃοξους
130 1269 228 1300 αὐτοὺς
240 1271 368 1298 κτήσαιτο
383 1273 429 1296 καὶ
442 1270 492 1301 ἔξει
500 1268 600 1306 σχεδὸν
611 1272 707 1301 πάντας
722 1272 834 1309 ὁμόφρο-

25 1324 80 1345 νας.
99 1313 174 1340 Ἀλλ’
195 1314 242 1340 οὐκ
256 1316 369 1350 ἴσχυσεν
386 1313 481 1340 οὐδένα
503 1318 573 1350 σφῶν
601 1320 777 1351 μεταστῆσαι,
804 1317 834 1342 οὗ

24 1363 140 1396 πρῶτον,
156 1358 205 1384 οὐκ
220 1360 343 1395 ῖσχατον,
361 1359 390 1385 οὗ
407 1361 485 1395 μέσον
502 1370 508 1375 -
522 1362 588 1385 πᾶσι
604 1361 649 1396 μὲν
663 1361 713 1397 γὰρ
729 1360 771 1386 ἐπὶ
786 1364 834 1396 τῷ-

26 1401 53 1429 δε
67 1405 179 1440 τρόποις
194 1405 340 1441 ἐχρήσατο,
356 1401 432 1430 οὐδὶιν
444 1401 470 1429 δ’
485 1404 498 1429 ὅ
509 1413 535 1429 τι
550 1406 594 1430 καὶ
616 1404 705 1433 ἣνυσε.
732 1406 771 1430 Τὰ
790 1407 835 1441 μέν

24 1449 73 1485 γὰρ
86 1452 180 1484 πρῶτα
192 1449 258 1484 μετὰ
269 1447 366 1479 πολλῆς
387 1449 429 1474 ὅτι
457 1450 606 1486 πραότητος
635 1449 668 1474 τὰ
696 1453 743 1479 τῆς
770 1452 835 1485 γνὼ-

25 1503 72 1528 μης
88 1492 237 1528 ἐξήγγελλε,
251 1495 296 1519 καὶ
311 1494 336 1519 ot
351 1493 501 1530 σύμφρονας
530 1496 604 1529 σχεῖν
629 1492 717 1522 ἤθελεν
735 1503 741 1510 ι
761 1495 795 1524 ὡς
809 1492 837 1520 δ’

26 1536 181 1573 ἐλέγχοντας
210 1535 276 1563 εἶδεν
300 1537 380 1563 αὐτοῦ
399 1539 446 1567 τὴν
471 1537 604 1573 ἀπόνοιαν,
630 1540 674 1564 καὶ
700 1536 765 1574 μηδ’
793 1538 834 1573 ἂν,

27 1584 46 1608 εἴ
66 1592 93 1608 τι
119 1584 166 1608 καὶ
193 1583 304 1617 γένοιτο,
327 1584 374 1611 τὴν
389 1586 439 1608 τῶν
467 1581 547 1618 ἁγίων
567 1582 670 1608 εἰκόνων
696 1581 835 1620 διισχυρι-

27 1627 149 1663 ζομένους
177 1625 304 1656 ἀθετῆσαι
339 1627 530 1663 προσκύνησιν,
557 1628 623 1664 πρὸς
654 1626 758 1658 ἀπειλὰς
787 1630 834 1654 καὶ

28 1671 111 1708 ὕϐρεις
131 1670 278 1708 ἐχώρησεν,

28 1723 92 1744 cere
106 1715 200 1744 valuit
216 1717 263 1749 ;et
280 1715 420 1752 quamvis
445 1715 554 1744 modos
581 1723 687 1744 omnes
710 1717 835 1753 viasque

851 1383 871 1410 Ο

925 693 970 721 14.
992 694 1050 722 Hac
1079 693 1177 729 igitur,
1207 701 1301 730 quam
1328 694 1399 730 dixi,
1429 695 1544 724 ratione
1573 704 1621 724 res
1651 705 1716 725 sese

889 737 1044 765 habebant
1053 738 1225 774 antiquitus.
1248 738 1356 766 Iisdem
1369 747 1440 767 vero
1460 741 1646 776 temporibus
1662 741 1715 770 viri

890 781 1020 816 insignes
1032 790 1155 818 prorsus
1165 785 1255 820 atque
1265 783 1401 820 praeclari
1411 791 1462 812 eas
1473 793 1540 821 quae
1555 793 1608 822 per
1618 786 1717 815 studia

888 825 1011 854 honoris
1033 834 1127 854 causa
1148 827 1320 856 obtinentur
1334 828 1421 856 sedes
1436 829 1468 856 in
1486 830 1655 858 maximum
1671 830 1718 859 sui.

889 870 1078 907 accipiebant
1101 874 1322 905 ornamentum,
1351 873 1543 908 potissimum
1570 877 1671 903 autem
1690 875 1716 903 is

889 915 942 951 qui
963 915 1085 951 reliquis
1113 915 1256 944 omnibus
1271 919 1300 944 et
1323 919 1385 944 erat
1399 919 1427 945 et
1449 918 1619 947 habebatur
1638 926 1716 955 pree-

890 960 1024 993 stantior,
1048 960 1159 996 quique
1175 960 1325 989 consulari
1343 961 1541 997 praefulgebat
1560 963 1716 998 dignitate.

888 1004 954 1032 Non
976 1004 1056 1032 enim
1071 1006 1225 1032 externam
1240 1004 1340 1033 solum
1354 1007 1382 1033 et
1397 1006 1571 1034 saecularem
1587 1006 1717 1042 philoso-

889 1048 992 1084 phiam
1013 1048 1066 1084 illi,
1091 1049 1146 1076 sed
1166 1049 1338 1077 interiorem
1362 1057 1483 1085 quoque
1498 1050 1649 1085 religionis
1664 1059 1717 1080 no-

890 1094 957 1120 strae
968 1093 1146 1126 tractabant,
1159 1100 1249 1129 seque
1260 1101 1329 1121 cum
1338 1094 1398 1122 otio
1406 1094 1514 1122 divinis
1523 1094 1718 1130 dogmatibus

890 1137 1076 1171 exercebant,
1102 1139 1130 1165 et
1158 1145 1270 1173 magna
1280 1145 1349 1166 cum
1364 1138 1517 1173 diligentia
1544 1140 1717 1168 traditiones

890 1182 1101 1210 scrutabantur
1116 1182 1341 1211 ecclesiasticas.
1368 1184 1418 1211 His
1438 1183 1496 1220 ipsi
1510 1183 1717 1219 intendebant,

889 1226 997 1254 harum
1023 1226 1124 1255 studio
1137 1227 1189 1255 toti
1204 1227 1442 1263 occupabantur,
1455 1228 1600 1265 nullaque
1612 1236 1718 1258 earum

889 1273 921 1298 ut
940 1271 1138 1307 negligeretur
1161 1271 1224 1300 suis
1243 1272 1322 1300 curis
1349 1280 1464 1309 suaque
1483 1273 1636 1309 vigilantia
1654 1273 1717 1302 etii-

890 1315 1009 1343 ciebant
1021 1323 1028 1349 ;
1040 1315 1120 1343 unde
1131 1318 1157 1344 et
1167 1315 1242 1343 illud
1252 1317 1501 1353 consequebatur,
1509 1317 1717 1346 utsecundum

889 1367 996 1388 omnes
1011 1360 1176 1388 honestatis
1193 1368 1228 1388 ac
1251 1361 1404 1395 religionis
1418 1361 1499 1397 leges
1520 1362 1613 1390 vitam
1627 1362 1717 1391 duce-

890 1406 964 1433 rent.
974 1404 1057 1432 Tales
1069 1412 1138 1432 cum
1149 1407 1257 1439 essent,
1269 1405 1341 1433 nihil
1351 1406 1434 1441 prius
1442 1406 1718 1443 habuitimperator

891 1457 984 1486 quam
1005 1451 1038 1477 ut
1053 1457 1105 1477 eos
1117 1449 1147 1477 in
1163 1457 1251 1478 suam
1266 1450 1444 1478 sententiam
1458 1451 1641 1487 pertraheret
1655 1461 1661 1486 ;
1676 1451 1718 1480 ita

891 1493 948 1521 sibi
963 1493 1074 1522 scilicet
1087 1492 1150 1521 fore
1160 1493 1357 1530 persuadens,
1369 1496 1401 1522 ut
1422 1495 1447 1522 si
1467 1495 1547 1524 viros
1572 1495 1639 1523 illos
1660 1495 1716 1524 im-

890 1537 992 1574 pietati
1005 1546 1067 1566 suae
1080 1538 1204 1567 haberet
1215 1538 1443 1573 consentientes,
1457 1539 1584 1567 aliorum
1593 1547 1716 1576 quoque

891 1583 1009 1611 animos
1024 1582 1102 1610 facili
1114 1583 1234 1618 negotio
1253 1585 1448 1618 expugnaret.
1468 1585 1504 1611 At
1517 1591 1586 1612 vero
1610 1591 1716 1612 eorum

889 1627 1017 1661 nullum,
1028 1634 1090 1655 non
1105 1627 1248 1664 primum,
1264 1634 1325 1655 non
1339 1627 1488 1662 inﬁmum,
1504 1635 1566 1656 non
1580 1627 1717 1657 medium

889 1680 908 1701 a
931 1680 1006 1700 sana
1030 1671 1165 1700 doctrina
1178 1673 1319 1708 rectoque
1337 1672 1458 1700 vivendi
1472 1672 1606 1701 instituto
1624 1673 1718 1702 dedu-

862 1718 1016 1750 tentasset,
1043 1716 1117 1744 nihil
1140 1718 1239 1745 tamen
1267 1716 1391 1745 omnino
1422 1716 1527 1745 effecit.
1565 1717 1716 1754 Principio

28 1761 141 1798 quippe
155 1768 226 1789 cum
238 1760 322 1789 omni
335 1761 569 1789 mansuetudine
584 1763 612 1789 et
627 1761 777 1790 modestia
789 1770 877 1790 suam
895 1761 951 1789 illis
964 1763 1096 1789 mentem
1108 1761 1274 1789 renuntiari
1287 1761 1362 1794 fecit,
1379 1762 1462 1797 quod
1477 1760 1544 1790 illos
1566 1761 1716 1799 opinionis

29 1813 88 1834 suae
104 1805 203 1834 socios
216 1813 252 1834 ac
271 1804 485 1840 suifragatores
498 1805 609 1834 habere
626 1805 791 1842 plurimum
806 1806 997 1835 desideraret.
1009 1807 1118 1834 Verum
1137 1807 1169 1833 ut
1181 1805 1221 1834 ab
1248 1806 1290 1834 eis
1317 1813 1405 1834 suam
1419 1806 1582 1834 amentiam
1611 1806 1717 1835 acriter

29 1850 156 1879 incusari
176 1849 337 1886 perspexit,
352 1857 461 1886 neque,
488 1857 671 1886 quacunque
694 1851 818 1880 demum
848 1851 969 1880 fortuna
996 1850 1166 1887 periculove
1190 1850 1354 1887 proposito,
1383 1850 1493 1879 adduci
1522 1851 1605 1879 viros
1626 1859 1717 1888 posse

30 1898 58 1924 ut
77 1897 251 1924 sanctarum
264 1894 380 1924 cultum
391 1894 550 1930 inaginum
564 1902 599 1923 ac
613 1896 837 1925 venerationem
855 1895 1051 1932 rejiciendam
1084 1894 1225 1929 dicerent,
1257 1894 1297 1923 ad
1329 1895 1428 1924 minas
1456 1897 1484 1923 et
1516 1896 1715 1925 contumelias

31 1947 190 1969 conversus
210 1941 264 1968 est.

62 1993 111 2030 ιβ’.
126 1993 167 2024 Ὠς
191 1990 216 2019 δ’
230 1991 292 2019 οὖδὲ
306 1992 374 2019 οὕτω
398 1993 541 2029 μετέπειθε,
566 1993 670 2020 πάττων
698 1992 827 2030 ἀπογνοὺς
847 1988 868 2015 Ῑ)

33 2038 120 2072 ἱλλων,
140 2037 196 2068 ὅλος
222 2042 270 2068 τῆς
297 2038 422 2068 (inuia;
448 2037 539 2064 ἑαυτοῦ
555 2039 654 2073 γίνεται
671 2048 676 2054 ·

34 2085 119 2119 χώραν
131 2081 193 2112 δοὺς
207 2082 296 2113 αὐτοῖς
315 2081 441 2117 σκέψεως,
463 2084 557 2118 πέμπει
572 2084 631 2114 τοὺς
647 2083 732 2113 αὐτοῖς
755 2083 827 2112 οἰχή-

35 2137 96 2163 μασι
119 2128 309 2158 χαταύσαντας.

703 2039 759 2064 ὃθεν
783 2041 827 2064 χαὶ

350 2128 399 2153 καὶ
428 2126 452 2152 οἳ
480 2129 527 2155 τὴν
569 2128 636 2164 ὥραν
667 2130 828 2164 τηρήσαντες

35 2174 71 2198 ὅτε
85 2175 129 2198 καὶ
147 2173 171 2198 οἱ
184 2173 249 2208 πρὸς
268 2173 311 2197 τόν
330 2173 416 2197 κοινὸν
445 2171 564 2196 ἁπάντων
597 2169 730 2200 δυνάστην
760 2171 829 2198 ἀντι-

36 2217 156 2248 ϐαίνοντες
183 2216 269 2250 ίόπνον1
301 2217 430 2245 ἡττῶνται
455 2217 549 2241 τούτου
567 2218 612 2241 καὶ
639 2215 827 2249 ὰνακλίνονται,

37 2262 105 2292 hic;
128 2261 229 2288 ἄλλοθεν
255 2261 439 2298 περιελθόντες,
455 2264 507 2297 πῦρ
529 2261 722 2295 ύπανάπτουσι,
743 2262 829 2287 καὶτὸ

38 2311 78 2337 τῆς
91 2308 177 2342 σοφίας
191 2306 224 2336 ὡς
236 2304 337 2335 ἀληθῶς
356 2303 515 2341 ἰνδιαίτημα
530 2308 561 2341 τῇ
593 2304 670 2341 φλογὶ
696 2307 829 2341 πανταχό-

39 2352 72 2378 θῢ
91 2349 319 2387 περιλαμϐάνουσι,
335 2351 380 2376 καὶ
394 2352 481 2375 πᾶσαν
496 2352 550 2379 τοῖς
579 2347 654 2375 ἔνδον
680 2348 831 2376 ἀποκλείου-

38 2405 74 2422 σιν
90 2393 183 2427 ἔξοδον.
199 2395 241 2420 Ἐν
257 2393 300 2420 οὖν
314 2395 382 2421 πάνυ
400 2393 500 2432 βραχεῖ
519 2403 555 2429 τῳ
584 2394 718 2430 παμφάγῳ
740 2395 831 2425 πάντες

37 2443 95 2478 πυρὶ
108 2439 194 2470 αὑταῖς
209 2438 320 2476 βίϐλοις,
337 2439 429 2469 αὐταῖς
443 2439 542 2469 οἰκίαις
558 2448 565 2455 ο
581 2438 784 2466 κατανάλωνται.
798 2438 832 2465 Ὠ

38 2486 135 2517 πάθους,
154 2485 173 2509 ὧ
185 2484 300 2520 ζημίαςι
317 2484 348 2513 ἣν
363 2485 495 2513 ὑποσταίη
509 2484 555 2520 μὲν
567 2484 597 2510 τὸ
621 2481 716 2510 δοκοῦν
731 2485 745 2513 ἠ
764 2487 832 2517 Κων-

41 2531 174 2562 σταντίνον,
195 2532 250 2559 ταῖς
275 2526 301 2555 δ’
328 2527 463 2559 ἀληθείαις
496 2529 569 2564 γένος
593 2527 661 2554 ἅπαν
689 2527 831 2568 Ῥωμαίων,

42 2576 81 2600 καὶ
117 2574 139 2600 οἱ
177 2576 223 2604 τὴν
265 2575 356 2610 σοφίαν
384 2573 522 2604 ζητοῦντες
556 2572 676 2599 ἀνέκαθεν
703 2571 832 2606 Ἕλληνες,

44 2619 122 2655 ὥσπερ
148 2620 190 2644 καὶ
213 2618 227 2644 ό
250 2618 316 2649 θιῑος
351 2617 453 2649 Παῦλος
477 2616 682 2655 δίεμαρτύροιτο.
704 2617 742 2644 Οὔ
782 2619 833 2654 γὰρ

47 2665 115 2699 ὃτιγι
135 2664 254 2689 τοιούτων
279 2661 382 2700 ἀνδρῶν
410 2662 558 2700 ἐπέρηται,
579 2662 644 2689 ἀλλὰ
671 2664 716 2688 καὶ
749 2666 835 2698 σοφῶν

48 2706 138 2745 ἀνδρῶν
158 2708 366 2745 συγγραμμάτων
394 2708 524 2734 πλείστων
553 2717 581 2735 τι
611 2709 657 2734 καὶ
689 2706 836 2734 καλλίστων

143 2753 265 2782 ΡΑτιιοι..
282 2754 333 2782 Gn.
344 2753 419 2783 CXL.

923 1996 964 2021 l2.
983 1994 1117 2030 Cumque
1125 1993 1182 2021 hoc
1200 1992 1290 2021 etiam
1303 1993 1395 2021 modo
1409 1993 1491 2029 apud
1516 1993 1598 2022 viros
1626 1994 1716 2023 fortes

884 2037 958 2066 nihil
985 2037 1152 2074 proﬁceret,
1176 2039 1203 2065 et
1227 2037 1309 2065 aliud
1338 2037 1411 2065 nihil
1437 2046 1498 2074 quo
1520 2046 1571 2066 eos
1598 2041 1716 2073 cogeret

885 2090 1042 2118 superesse
1064 2082 1314 2110 animadverteret
1330 2091 1336 2109 :
1352 2090 1413 2110 suat
1429 2091 1460 2110 se
1477 2083 1622 2111 ferocitati
1637 2083 1716 2110 abri-

884 2127 1029 2162 piendum
1041 2129 1135 2154 totum
1148 2126 1267 2154 tradidit
1281 2136 1288 2159 ;
1301 2134 1506 2163 concessoque
1520 2127 1591 2163 ipsis
1606 2127 1716 2155 delibe-

883 2171 972 2199 randi
985 2171 1092 2207 spatio,
1109 2171 1247 2198 submisit
1259 2171 1309 2207 qui
1324 2171 1439 2199 uadibus
1455 2179 1559 2200 eorum
1575 2171 1716 2201 ﬂammas

884 2216 1047 2252 injicerent.
1074 2216 1106 2243 Hi
1130 2218 1332 2252 opportunum
1361 2217 1493 2244 maxime
1519 2216 1715 2245 observantes

885 2263 1012 2297 tempus,
1021 2269 1088 2288 cum
1097 2260 1310 2296 sapientissimi
1321 2261 1461 2289 homines
1472 2261 1524 2298 qui
1535 2261 1575 2289 ad
1586 2262 1716 2290 multum

885 2305 980 2334 noctis
989 2305 1133 2333 adversus
1144 2304 1281 2333 omnium
1293 2305 1473 2334 domitorem
1484 2314 1625 2334 somnum
1635 2306 1715 2334 forti-

887 2352 929 2378 ter
942 2357 1075 2386 pugnare
1095 2349 1172 2377 soliti
1186 2351 1282 2380 erant,
1299 2349 1397 2378 eidem
1407 2350 1499 2378 etiam
1519 2351 1717 2379 succumbere

886 2396 986 2422 essent
998 2393 1103 2428 coacti,
1115 2396 1143 2422 et
1154 2394 1289 2422 cubitum
1302 2395 1446 2431 tantisper
1458 2403 1489 2423 se
1502 2395 1716 2431 contulissent;

887 2439 936 2468 alii
948 2439 1022 2468 alias
1035 2439 1146 2467 mdium
1160 2441 1261 2475 partes
1277 2439 1498 2468 circumeuntes
1514 2439 1616 2475 ignem
1632 2448 1719 2476 spar-

888 2492 966 2520 gere,
989 2483 1241 2520 verissimumque
1254 2484 1408 2520 sapientite
1428 2484 1524 2520 ipsius
1552 2484 1717 2520 hospitium

887 2528 1018 2557 ﬂammis
1034 2527 1166 2564 undique
1184 2527 1336 2556 involvere
1356 2530 1520 2564 coeperunt;
1533 2536 1657 2556 omnem
1669 2528 1716 2556 in-

889 2575 936 2601 tus
950 2573 1144 2601 manentibus
1159 2572 1272 2600 exitum
1286 2572 1515 2608 praecludentes.
1531 2572 1644 2601 Modico
1659 2572 1718 2608 igi—

890 2619 937 2646 tur
960 2617 1058 2653 spatio
1080 2617 1221 2653 temporis
1243 2625 1349 2645 omnes
1374 2617 1590 2645 devorantibus
1610 2620 1720 2646 cuncta

890 2662 1022 2690 ﬂammis
1029 2661 1128 2690 hausti
1134 2664 1224 2698 atque
1234 2661 1387 2697 absumpti
1397 2663 1477 2695 sunt,
1484 2669 1547 2689 una
1555 2669 1624 2689 cum
1634 2661 1719 2690 libris

891 2709 981 2743 atque
1008 2706 1082 2743 ipsis
1100 2706 1229 2735 aedibus.
1261 2707 1283 2735 0
1306 2706 1434 2741 cladem,
1458 2714 1476 2735 ο
1500 2705 1718 2735 aﬂlictioneml
