1963 3084
249 55 298 80 907

842 52 1072 80 CONSTANTXNI
1092 52 1330 82 ACROPOLITE.

245 120 338 149 quam
345 111 644 140 sustinuissevidetur
650 112 722 140 urbs
730 113 1044 149 Constantinopolitam

1131 117 1364 151 συναπεστέρηται.
1387 114 1466 140 Ἀλλὰ
1494 115 1577 150 τούτῳ
1597 116 1652 150 μὲν,
1679 117 1714 146 ὡς
1736 116 1830 151 ἔφθην,
1860 115 1928 141 sim.

242 164 348 185 revera
372 159 473 185 autem
496 157 577 185 natio
599 158 734 186 Romana
760 157 900 185 sustinuit
920 158 1068 191 universa,

241 201 360 238 ipsique
384 201 472 229 etiam
490 201 623 238 gentiles,
641 204 801 238 quotquot,
818 204 892 230 teste
907 202 1009 236 Paulo,
1027 211 1072 231 sa-

242 246 387 283 pientiam
410 246 449 274 ab
467 246 552 274 initio
566 247 776 283 quaesiverunt.
793 248 858 274 Non
872 247 953 274 enim
967 247 1070 275 talium

242 289 377 318 virorum
398 290 546 318 duntaxat
570 289 649 318 facta
664 292 708 318 est
717 290 847 326 jactura,
863 299 965 318 verum
982 291 1072 319 etiam

1129 159 1153 184 ἓν
1166 169 1191 185 τι
1207 163 1256 185 τῶν
1269 163 1314 185 τοῦ
1329 158 1457 195 βασιλέως
1481 159 1539 185 καθ’
1564 161 1636 195 ἡμῶν
1662 161 1753 197 ἔργων,
1782 161 1808 185 ἓν
1835 170 1861 185 τι
1888 165 1931 185 τῶν

1129 205 1186 230 τότε
1214 201 1315 237 δεινῶν,
1338 206 1382 229 καὶ
1407 207 1453 234 τῆς
1489 203 1633 239 μελλούσης
1661 205 1695 234 ὡς
1732 204 1817 230 εἰπεῖν
1845 208 1931 235 κακίας

1128 250 1284 285 προοίμιον
1300 249 1333 274 τὰ
1349 247 1427 274 λοιπὰ
1448 246 1473 274 δ’
1502 248 1524 274 εὶ
1556 247 1678 284 βούλοιτό
1702 258 1744 279 τις
1772 250 1881 284 μαθεῖν,
1906 254 1931 284 τῇ

1127 295 1185 329 περὶ
1199 292 1283 318 αὐτῶν
1298 293 1402 328 ἱστορίᾳ
1411 294 1583 328 περιτυχέτω.

242 335 374 372 plurium
385 342 420 363 ac
435 334 706 371 pulcherrimorum
721 334 877 370 librorum,
893 343 971 371 quos
986 336 1199 372 sapientissimi
1217 336 1356 364 homines
1375 336 1617 373 conscripserunt
1631 337 1682 372 (2).
1697 337 1756 365 Sed
1773 337 1837 365 huc
1853 338 1934 365 devc-

242 379 285 414 ni,
301 379 398 407 dicere
408 378 513 407 volens
528 387 624 407 unum
644 379 738 407 nostri
766 381 956 416 Imperatoris
983 380 1109 415 facinus,
1128 389 1163 409 ac
1177 381 1268 409 veluti
1298 381 1480 418 prooemium
1505 381 1569 417 ejus
1595 389 1664 417 quin
1690 384 1839 410 secutura
1863 386 1935 410 esset

243 423 422 454 calamitatis
434 431 442 458 ;
452 426 560 453 caetera
571 423 671 461 siquis
681 431 864 460 cognoscere
873 426 983 461 cupiat,
996 425 1097 461 ipsam
1107 433 1175 461 quas
1187 425 1224 454 de
1236 425 1292 454 illis
1306 425 1476 462 conscripta
1487 427 1542 457 est,
1551 425 1708 454 historiam
1732 425 1879 454 consulat
1889 427 1926 462 (3}

1011 506 1101 534 CAUT
1115 505 1159 534 Ill.

291 562 616 600 Spatham‘umﬂhristi
624 563 784 600 imaginem
800 564 1169 600 dejecturummraecipital
1182 563 1357 598 Theodosia,
1372 566 1399 592 et
1409 563 1481 597 ﬁdei
1490 571 1551 591 sua;
1566 562 1711 592 rationem
1723 565 1867 598 tyranno

1025 608 1135 638 reddit.

275 669 317 695 13.
332 667 406 695 Cum
419 666 508 701 igitur
523 668 586 695 tam
598 666 703 702 gravia
731 667 854 703 tamque
869 666 1068 695 intolerabilia

238 711 834 748 suppliciainfcrrentursacrasimagines
845 711 1068 751 venerantibus,

236 755 294 784 illae
307 758 408 784 autem
421 755 622 789 abolerentur,
638 758 666 783 et
681 755 824 787 funditus,
839 758 871 784 ut
883 756 925 784 sic
949 755 1067 792 loquar,

236 800 482 837 exstirparentur,
499 800 722 836 spathariorum
737 800 846 836 aliquis
859 801 948 829 etiam
964 802 1069 829 contra

237 844 399 873 Salvatoris
416 844 520 872 Christi
535 843 671 872 divinam
690 844 829 880 efﬁgiem,
846 847 974 873 stantem
990 845 1019 872 in
1033 853 1069 873 ea

235 891 325 926 porta
336 896 404 925 quae
418 889 514 917 zEnea
525 888 642 922 dicitur,
657 897 745 916 suum
759 891 803 917 est
815 897 975 925 aggressus
988 889 1068 917 furo-

1158 665 1200 702 17'.
1216 665 1288 692 Ἀλλ’
1301 663 1345 692 οὖν
1358 666 1424 692 οὕτω
1440 664 1530 692 δεινῶν
1550 666 1633 697 οὕτως
1652 665 1824 692 ἀννποίστων
1841 665 1928 701 ἔπαγε.

1121 713 1201 747 μένων
1224 711 1292 737 κατὰ
1327 715 1376 736 τῶν
1401 712 1448 742 τὰς
1481 712 1548 748 ἱερὰς
1581 711 1678 742 εἰκόνας
1710 713 1927 748 προσκυνούντων

1121 759 1261 792 τιμωριῶν,
1279 754 1479 792 ἀμαυρουμένων
1507 753 1536 782 δὲ
1550 759 1599 781 τῶν
1630 756 1702 781 θείων
1722 755 1927 792 ἔκτυπωμάτων,

1121 803 1166 826 καὶ
1202 801 1236 831 ὡς
1266 800 1344 827 εἰπεῖν
1373 801 1607 837 κατερειπωθέντων
1641 801 1744 826 πάντων
1773 800 1926 836 ἁπανταχῇ

1122 849 1171 871 τῶν
1195 855 1234 875 τις
1262 845 1424 882 σπαθαρίων,
1444 847 1489 871 καὶ
1515 846 1582 871 χατά
1602 848 1650 876 τῆς
1671 845 1743 875 θείας
1770 844 1873 876 εἰκόνος
1888 848 1928 870 τοῦ

1122 893 1241 926 Σωτῆρος
1255 893 1383 926 Χριστοῦ,
1410 893 1454 920 τῆς
1479 890 1620 926 ἱσταμένης
1642 889 1683 915 ἐπὶ
1711 894 1762 920 τῆς
1785 890 1858 916 οὕτω
1885 900 1927 915 xa-

235 941 300 962 rem
313 941 459 967 exercere,
475 941 604 970 eamque
619 933 649 961 in
672 935 781 962 terram
797 936 993 970 prosternere.
1009 935 1044 962 Hc

1121 933 1371 970 λουμένηςΧαλχῆς,
1393 935 1512 971 ὥρμησεν
1535 933 1662 967 ἀπελθεῖν,
1691 933 1730 969 ἐφ’
1810 944 1843 970 γε
1871 936 1928 960 ταῦ-

235 980 336 1007 autem
359 980 392 1006 ut
410 977 506 1006 beatae
521 978 696 1006 Theodosiae
711 980 755 1006 est
769 978 983 1012 renuntiatum,
1005 979 1067 1006 Phi-

234 1031 307 1052 nees
320 1030 392 1051 mox
406 1022 488 1051 illam
498 1022 577 1050 zelus
590 1024 618 1051 et
631 1023 699 1050 Elim
712 1023 831 1051 invasit.
845 1022 946 1051 Plures
959 1023 1067 1052 deinde

232 1067 388 1103 religiosas
399 1069 632 1104 matronas,quae
644 1068 792 1096 mundum
803 1067 969 1104 mundique
980 1076 1066 1096 orna-

233 1114 339 1141 menta
365 1112 540 1141 omniaase
564 1115 763 1146 removerant,
790 1115 852 1140 toto
878 1113 980 1141 animo
1011 1113 1067 1141 soli

233 1157 421 1186 adhaerentes
431 1159 502 1192 Deo,
514 1157 612 1186 socias
622 1157 678 1185 sibi
690 1157 727 1185 ad
728 1157 738 1192 j
743 1165 868 1193 ungens,
883 1159 986 1185 sancto
993 1165 1066 1193 quo-

236 1202 309 1231 dam
337 1201 436 1230 furore
452 1202 492 1230 ad
506 1202 661 1230 hominem
677 1201 762 1236 virgo
780 1201 882 1230 fertur.
900 1202 942 1230 Ex
962 1210 1066 1230 eorum

233 1247 283 1275 hic
307 1249 371 1275 erat
385 1247 502 1280 ordine,
517 1246 570 1282 qui
595 1245 704 1282 gladio,
729 1254 792 1274 non
808 1246 915 1280 securi,
931 1246 1067 1277 instructi

234 1299 338 1327 regem
358 1292 480 1328 stipant,
496 1291 549 1327 qui
564 1290 638 1319 ordo
654 1293 698 1319 est
716 1291 820 1319 ordine
837 1291 1006 1325 satellitum,
1023 1291 1065 1319 uti

233 1336 355 1371 indicat,
371 1335 574 1364 nomenclatio
592 1335 643 1371 (4),
665 1335 810 1371 posterior
824 1344 831 1367 ;
847 1343 949 1371 regem
964 1338 1064 1364 autem

233 1381 370 1415 custodit,
385 1382 414 1409 et
434 1382 545 1416 atergo
558 1379 745 1416 subsequens
765 1382 854 1416 atque
873 1380 911 1408 ab
933 1380 1064 1416 impera-

232 1427 294 1454 tore
317 1433 470 1461 nusquam
492 1424 661 1457 discedens,
677 1425 795 1459 regium
815 1427 907 1453 noctu
921 1426 1064 1453 conclave

234 1471 344 1505 servat,
370 1469 597 1506 principemque
627 1469 658 1496 in
681 1468 837 1505 publicum
862 1469 1062 1505 prodeuntem

232 1514 444 1550 cingit.Contra
453 1513 630 1549 hujusmodi
643 1512 958 1549 hominem,generoso
971 1513 1060 1550 plane

230 1561 320 1596 atque
329 1557 477 1595 intrepido
490 1558 602 1592 animo,
619 1558 704 1593 virgo
719 1558 919 1594 progreditur.

267 1605 310 1632 14.
336 1603 451 1636 Quibus
471 1605 571 1631 autem
587 1602 638 1630 illa
654 1602 846 1630 sermonibus
873 1602 1060 1631 audientium
1080 1611 1100 1639 (ς

227 1650 355 1682 mentes,
372 1650 405 1676 ut
418 1646 514 1676 zelum
530 1646 579 1675 Dei
594 1647 795 1682 conciperent,
812 1646 960 1675 excitabat
973 1648 986 1675 ?
996 1655 1061 1682 qut-

227 1693 285 1722 bus
301 1694 395 1721 Deum
420 1691 521 1727 ipsum
548 1690 648 1718 verbis
663 1690 882 1726 alloquebatur,
906 1692 1060 1726 utjustam

227 1738 292 1772 ejus
304 1737 450 1765 adversus
462 1735 600 1764 homines
612 1735 688 1762 iram
699 1734 832 1770 placaret
844 1733 857 1760 7
867 1743 960 1770 quam
971 1743 1058 1770 gene-

226 1788 312 1810 rosos
327 1779 539 1808 comitantibus
562 1786 594 1806 se
617 1778 770 1806 sororibus
789 1777 913 1807 indebat
928 1781 1059 1815 spiritus,

227 1827 256 1854 et
271 1825 310 1854 ad
325 1824 484 1861 pulchrum
497 1831 550 1859 pro
566 1823 690 1851 veritate
702 1824 852 1850 certamen
864 1824 1056 1853 subeundum

228 1878 322 1907 quam
334 1869 445 1898 fortiter
460 1867 635 1896 animabat?
648 1867 693 1895 Sic
709 1867 862 1896 enimvero
874 1876 977 1896 secum
992 1869 1060 1905 ipsa

231 1915 391 1950 cogitabat,
408 1914 449 1942 sic
468 1912 720 1941 ratiocinabatur:
736 1912 898 1948 Oportebat
920 1914 1060 1950 equidem

232 1967 300 1988 eam
322 1967 381 1993 me,
397 1965 492 1994 quam
507 1957 584 1985 ultro
609 1956 737 1992 suscepi,
763 1956 909 1985 rationem
940 1957 1061 1986 vivendi

232 2007 346 2034 sartam
353 2005 462 2032 tectam
475 2008 662 2030 conservare.
674 2002 733 2029 Hoc
750 2001 831 2029 enim
849 2009 951 2030 coram
963 2002 1022 2030 Deo
1033 2003 1060 2031 et

229 2050 404 2080 hominibus
427 2048 575 2076 facturam
598 2054 646 2074 me
660 2046 814 2083 proposui,
831 2047 871 2075 ad
890 2047 947 2075 hoc
963 2055 1060 2076 sacra-

229 2097 331 2124 mento
355 2101 405 2122 me
427 2090 583 2127 obstrinxi,
608 2098 677 2118 cum
694 2092 753 2119 Deo
770 2091 835 2119 solo
850 2093 878 2120 et
892 2100 1012 2120 mecum
1027 2094 1059 2120 ut

228 2147 374 2174 versarer,
387 2137 572 2173 reliquorum
596 2138 697 2164 autem
711 2136 870 2164 hominum
886 2136 1058 2165 societatem

228 2184 359 2219 effugere
373 2184 484 2211 conatu
499 2181 581 2209 omni
601 2181 989 2217 contenderemJ’ostquam
1005 2189 1057 2209 au-

227 2230 288 2257 tem
309 2227 425 2263 generis
439 2226 567 2255 humani
581 2234 650 2254 osor
665 2226 839 2260 acerrimus,
856 2227 883 2254 et
897 2225 979 2254 nullo
994 2233 1055 2254 non

263 2299 300 2335 (2)
322 2297 496 2335 Teophanes
521 2297 703 2335 ad_annum
729 2296 832 2335 Leonis
850 2296 892 2335 lQ,
920 2296 1056 2335 animad-

226 2332 348 2363 versum
361 2332 392 2361 iii
412 2341 463 2362 eos
489 2332 638 2369 praecipue
652 2332 703 2366 ait,
717 2332 770 2369 qui
787 2332 941 2359 sanctitate
956 2334 983 2359 et
1003 2332 1053 2360 do-

227 2370 323 2399 ctrina
337 2367 512 2397 clarebant‘:
536 2367 612 2396 adeo
628 2371 660 2395 ut
685 2367 791 2394 scholae
804 2375 866 2395 una
880 2375 949 2394 cum
969 2375 1054 2396 sacra

225 2406 361 2435 doctrina
376 2404 549 2436 exciderint,
566 2411 634 2439 quae
653 2411 671 2430 a
687 2403 796 2439 saeculo
813 2404 841 2431 S.
869 2403 1053 2431 Constantini

223 2442 322 2478 Magni
349 2448 445 2477 usque
471 2439 508 2478 _de
530 2438 726 2478 ea’tempora
753 2438 925 2478 ﬂoruerant:
955 2439 1053 2478 Grzece

227 2474 380 2512 σϐιὲθῆναι,
396 2474 670 2512 'exstinguerentur.
694 2474 839 2512 Profecto
854 2474 923 2506 (nisi
943 2474 1052 2512 scholas

223 2514 287 2542 ista:
298 2509 381 2542 extra
392 2509 584 2540 communem
596 2510 703 2538 civium
717 2509 931 2537 habitationem
944 2509 1053 2538 fuerint

245 2551 338 2585 ositre)
353 2549 403 2576 vix
418 2550 463 2575 est
486 2545 638 2585 credibile,
660 2546 784 2585 aedibus
796 2544 887 2585 fuisse
901 2544 1051 2585 subjectas

245 2553 338 2585 ositse)
353 2556 403 2576 Vix
418 2553 463 2575 est
487 2553 636 2579 CI‘eGIDlle,
660 2553 775 2585 mutnus
796 2553 887 2572 inisse
901 2553 996 2607 S_llD{8(

222 2558 376 2616 gemmas,
386 2591 456 2611 cum
466 2582 580 2610 viciniae
590 2582 677 2609 totius
688 2580 846 2608 manifesto
856 2588 954 2616 pericu
969 2588 996 2608 ο.

258 2605 1051 2656 tantumgsaziigaagaafngista;gregna-

221 2652 294 2683 rein'
307 2664 388 2684 nunc
403 2654 553 2687 novimus,
568 2661 624 2681 nec
639 2652 712 2680 alibi
727 2652 843 2679 citatam
858 2652 1023 2686 reperimus
1041 2660 1047 2679 ε

221 2691 333 2719 mirum
357 2693 458 2719 autem
479 2690 554 2717 foret
567 2696 635 2716 eam
650 2688 779 2715 auctoris
795 2689 880 2716 aetate
895 2687 1048 2723 exstitisse,

220 2732 302 2755 nunc
315 2726 447 2762 ignorari
462 2735 469 2760 ;
483 2731 577 2761 quare
595 2723 636 2752 ad
661 2723 848 2759 Theophanis
868 2723 1049 2758 chronogra-

1121 988 1168 1007 την
1190 978 1353 1006 καταϐαλεῖν.
1378 978 1446 1004 Ἀλλ’
1478 977 1606 1013 ἀνηγγέλη
1641 981 1716 1004 τοῦτο
1741 981 1775 1013 τῇ
1800 981 1927 1014 μακαρίᾳ,

1121 1025 1166 1049 καὶ
1181 1023 1195 1052 ἢ
1214 1022 1290 1054 ζῆλον
1312 1022 1434 1060 πὰραυτὰ
1459 1023 1553 1055 Φινεὲς,
1583 1021 1658 1053 ζῆλον
1678 1021 1800 1048 ἀνέλαϐεν
1817 1022 1905 1048 Ἠλιοῦ
1920 1033 1925 1038 ·

1120 1071 1156 1102 τῷ
1181 1077 1222 1094 τοι
1257 1069 1302 1094 καὶ
1334 1070 1470 1102 γυναῖκας,
1513 1068 1614 1102 κόσμου
1643 1076 1689 1092 και
1714 1070 1766 1092 τῶν
1792 1071 1925 1103 κοσμιιὼν

1122 1111 1314 1149 ἅπορῤαγείσας
1337 1111 1486 1148 ὁλοσχερῶς
1526 1113 1572 1136 καὶ
1600 1110 1846 1147 προσκολληθεὶσας
1872 1111 1926 1141 ὅλας

1121 1160 1188 1191 Θεῷ,
1223 1156 1279 1192 μεθ’
1313 1155 1406 1186 ἑαυτῆς
1443 1155 1577 1192 λαμϐάνει,
1615 1157 1660 1181 καὶ
1702 1155 1752 1191 ὅλῳ
1778 1157 1849 1182 κατὰ
1885 1159 1925 1182 τοῦ

1121 1201 1268 1237 σπαθαρὶου
1297 1203 1406 1226 κινεῖται
1436 1201 1518 1236 θυμῷ.
1546 1201 1640 1236 Τάγμα
1667 1203 1745 1225 τοῦτο
1785 1204 1837 1226 τῶν
1872 1202 1926 1237 περὶ

1119 1247 1162 1271 τὸν
1195 1244 1308 1281 βασιλέα
1342 1245 1529 1281 σπαθηφόρων,
1558 1244 1587 1270 οὗ
1613 1244 1805 1281 πελεκυφόρων,
1832 1246 1865 1275 ὡς
1886 1247 1927 1270 καὶ

1119 1290 1134 1319 ἡ
1157 1289 1249 1320 κλῆσις
1273 1287 1360 1324 δηλοῖ,
1390 1287 1524 1327 δευτερεῖα
1543 1290 1588 1325 μὲν
1619 1291 1691 1325 φέρον
1715 1293 1768 1314 τῶν
1798 1289 1925 1326 ἐπωρώθη

1120 1333 1263 1370 ἀνεχόντων
1278 1336 1339 1364 τοὺς
1354 1333 1477 1366 πελέκεις,
1497 1338 1639 1370 σνντηροῦν
1654 1332 1682 1359 δὲ
1709 1335 1790 1370 σφίσι
1815 1335 1851 1360 τὰ
1879 1339 1924 1361 τῶν

1119 1378 1248 1415 βασιλέων
1285 1378 1404 1411 ὀπίσθια,
1442 1380 1642 1415 συμπαραμένον
1672 1381 1729 1409 τοῖς
1760 1377 1923 1415 ἀνακτόροις,

1118 1425 1245 1455 καὶτοὺς
1273 1422 1424 1460 βασιλείους
1463 1425 1551 1453 νυκτός
1592 1422 1721 1459 θαλάμους
1756 1424 1922 1460 περιπολοῡν,

1116 1469 1164 1494 κάν
1190 1469 1245 1498 ταῖς
1277 1466 1402 1504 προόδοις
1432 1469 1476 1494 τὸν
1503 1467 1616 1504 βᾶσιλὲα
1637 1466 1822 1504 περικυκλονν.
1855 1470 1923 1495 Κατά

1117 1511 1151 1542 δὴ
1175 1513 1269 1539 τούτου
1308 1514 1416 1548 γενναίῳ
1444 1513 1512 1538 πάνυ
1535 1522 1580 1539 και
1605 1511 1728 1548 ἀπτοήτῳ
1753 1511 1845 1548 βαίνει
1863 1523 1922 1550 φρο-

1115 1557 1223 1593 νήματι.

1152 1600 1195 1628 id".
1217 1603 1250 1628 Τί
1264 1603 1309 1638 μὲν
1334 1602 1364 1628 οὐ
1389 1599 1587 1638 διαλογιζομένη
1617 1605 1667 1628 τῶν
1694 1602 1758 1638 πρὸς
1784 1603 1830 1628 τὸν
1859 1603 1919 1639 ὑπὲρ

1114 1650 1160 1672 τοῦ
1176 1648 1238 1673 Θεοῦ
1264 1646 1341 1676 ζῆλον
1363 1645 1518 1683 ἐπαιρόντων
1547 1654 1554 1679 ;
1579 1647 1606 1672 τί
1626 1644 1655 1672 δε
1676 1650 1725 1672 τῶν
1748 1648 1815 1683 πρὸς
1836 1646 1921 1674 δυσω-

1114 1701 1195 1720 πησιν
1213 1691 1305 1716 ἱκανῶν
1322 1690 1350 1717 οὐ
1367 1689 1536 1727 διαλεγομένη
1562 1694 1619 1726 Θεῷ
1641 1699 1648 1724 ;
1676 1693 1702 1716 τί
1722 1689 1752 1717 δὲ
1781 1691 1812 1717 οὗ
1838 1693 1919 1718 νουθε-

1114 1739 1198 1762 τοῦσα
1223 1739 1280 1767 ταῖς
1307 1737 1354 1761 σὺν
1375 1735 1439 1772 αὐτῇ
1457 1737 1501 1761 καὶ
1529 1737 1588 1772 περὶ
1610 1734 1689 1764 αὐτὴν
1715 1733 1854 1771 ἀδελφαῖς,
1878 1738 1919 1762 καὶ

1114 1782 1178 1816 πρὸς
1203 1781 1246 1806 τὸν
1307 1781 1370 1817 ὑπὲρ
1400 1784 1448 1810 τῆς
1486 1779 1608 1810 ἀληθείας
1642 1776 1718 1805 ἆθλον
1756 1778 1915 1816 adsimus-4!;

1115 1826 1184 1862 Πρὸς
1198 1826 1242 1860 μὲν
1257 1825 1307 1861 γὰρ
1322 1824 1415 1853 ἑαυτὴν
1438 1827 1546 1850 τοιαῦτα
1576 1822 1608 1853 δή
1637 1833 1696 1850 τινα
1724 1822 1849 1850 διενοεῖτο
1877 1826 1916 1850 καὶ

1116 1867 1282 1895 διεσκέπτετο
1308 1879 1314 1885 ·
1344 1867 1415 1895 Ἐδει
1441 1870 1486 1905 μὲν
1516 1868 1542 1894 ὃν
1569 1868 1672 1904 εἱλόμην
1704 1867 1763 1904 βίον
1802 1873 1915 1905 τηρῆσαι

1116 1911 1163 1940 διὰ
1180 1915 1276 1944 παντὸς
1293 1924 1298 1930 ·
1315 1917 1389 1939 τοῦτο
1404 1914 1455 1949 γὰρ
1483 1913 1642 1949 προύθέμην,
1669 1914 1740 1939 τοῦτ’
1765 1912 1914 1949 ἔπηπειλᾰ-

1115 1967 1166 1994 μην
1196 1956 1261 1984 Θεοῦ
1287 1960 1333 1983 καὶ
1362 1957 1501 1994 ἀνθρώπων
1529 1957 1693 1994 ἐπίπροσθεν,
1722 1956 1823 1994 ἐμαυτῇ
1853 1961 1912 1994 μόνῃ

1114 2001 1267 2040 προσλαλεῖν
1295 2005 1339 2028 καὶ
1367 2005 1433 2038 Θεῷ,
1464 2001 1517 2028 ἀλλ’
1553 2000 1610 2028 οὐδ’
1641 2001 1845 2038 ἐπεστρέφεσθαι
1869 2013 1913 2039 μη-

1116 2045 1205 2077 δενός·
1224 2046 1278 2073 ἐπεὶ
1306 2045 1331 2073 δ’
1357 2048 1369 2073 ὁ
1395 2045 1545 2083 βασκαίνων
1569 2047 1631 2083 ἡμῖν
1661 2047 1755 2072 ἄνωθεν
1785 2050 1832 2074 καὶ
1860 2048 1914 2074 καθ’

1114 2092 1186 2126 ἡμῶν
1212 2093 1349 2117 τέκταίνων
1381 2090 1421 2117 ἀεὶ
1454 2093 1498 2120 τὴν
1538 2090 1694 2120 Ἐκκλησίαν
1730 2094 1799 2118 Θεοῦ
1828 2090 1914 2119 διετει-

1111 2135 1183 2173 ραξε,
1213 2138 1258 2162 καὶ
1289 2134 1372 2162 δεινὸν
1401 2135 1534 2173 ἐπήγειρεν
1556 2135 1621 2172 αὐτῇ
1642 2134 1764 2162 κλύδωνα
1781 2147 1787 2152 -
1811 2137 1859 2172 ἄγε
1882 2135 1913 2166 δὴ

1111 2182 1238 2217 προϊτέον,
1265 2182 1311 2209 τὴν
1334 2181 1452 2216 ἡσυχίαν
1478 2182 1647 2217 παρορατέον,
1680 2180 1778 2216 ψυχῆς
1807 2179 1915 2217 ἀφείδη-

1111 2227 1166 2251 τέον
1198 2224 1253 2261 οἶμα
1291 2227 1336 2251 καὶ
1379 2227 1510 2261 σώματος,
1538 2225 1601 2262 ὑπὲρ
1641 2228 1686 2251 τοῦ
1719 2228 1915 2262 προαγαγόντος

1074 2292 1096 2319 D
1110 2296 1214 2332 phiam
1221 2298 1273 2324 aut
1279 2295 1375 2324 simile
1382 2295 1502 2332 aliquod
1513 2303 1589 2332 opus
1595 2295 1736 2324 lectorem
1749 2295 1801 2324 hic
1807 2297 1914 2326 remitti

1111 2333 1260 2360 existimo.

1145 2367 1351 2404 (4)Securigeri
1359 2367 1467 2395 scilicet
1474 2367 1695 2404 praecedebant,
1704 2367 1911 2404 sequebantur

1110 2403 1264 2439 spatharii.
1291 2403 1348 2431 Sed
1367 2403 1522 2439 quomodo
1545 2403 1575 2430 in
1601 2403 1705 2431 ordine
1731 2403 1912 2439 stipatorum

1109 2438 1258 2474 regiorum
1271 2438 1437 2467 secundum
1445 2439 1543 2466 locum
1554 2439 1685 2467 tenuisse
1691 2438 1912 2474 spathariosin-

1108 2474 1187 2502 dicat
1199 2475 1213 2503 ἡ
1228 2474 1319 2504 κλῆσις
1331 2476 1345 2502 ?
1365 2474 1505 2510 Suspicor
1518 2482 1580 2502 non
1608 2477 1668 2502 tam
1695 2481 1810 2502 nomen
1837 2475 1910 2503 indi-

1107 2510 1176 2546 cari,
1190 2510 1237 2537 cui
1248 2512 1272 2545 ej
1279 2510 1484 2538 usmodinotio
1490 2510 1730 2546 haudquaquam
1738 2517 1793 2545 per
1799 2517 1832 2538 se
1841 2519 1909 2538 con-

1103 2545 1209 2581 juncta
1219 2549 1273 2579 est,
1283 2553 1376 2581 quam
1388 2545 1577 2573 matriculam
1585 2545 1699 2581 palatii,
1716 2552 1770 2581 seu
1786 2554 1908 2574 nomen-

1106 2580 1247 2617 claturam
1254 2580 1526 2617 ofﬁciorum,qualis
1533 2580 1640 2617 passim
1647 2581 1677 2608 in
1684 2580 1824 2617 manibus
1836 2584 1904 2614 erat,

1105 2616 1317 2653 indicabatque
1326 2616 1475 2653 ofﬁciicuj
1481 2616 1574 2653 usque
1585 2617 1733 2653 ordinem,
1743 2616 1905 2645 observan-

1105 2651 1178 2680 dum
1189 2651 1305 2688 quoties
1316 2653 1347 2680 in
1359 2651 1512 2688 publicum
1523 2651 1772 2688 progrediebatur
1780 2653 1903 2688 impera-

1105 2690 1159 2728 tor,
1173 2688 1203 2716 in
1215 2688 1249 2728 iis
1264 2696 1341 2724 quos
1352 2690 1507 2726 προκένσους
1520 2688 1678 2723 vocabant,
1701 2695 1757 2716 nos
1784 2695 1900 2724 process

1105 2723 1204 2752 siones
1218 2723 1397 2753 diceremus.
