1963 3084
2 105 62 132 909
694 103 727 130 IN
748 103 777 130 S.
796 102 1030 131 THEODOSIAM.
1646 107 1700 134 910

2 167 86 202 ἡμᾶς
103 167 155 191 καί
169 167 356 202 προνοουμένου
381 169 430 190 τῶν
458 165 515 191 καθ’
531 165 612 201 ἡμᾶς,
640 167 684 190 καί
709 165 754 194 τας
773 168 822 190 τῶν
841 189 845 195 4

931 172 1014 200 ipore
1022 163 1146 192 insidias
1152 164 1240 192 nobis
1248 166 1373 200 struens,
1383 165 1542 194 Ecclesiam
1553 165 1603 194 Dei
1613 167 1702 203 coepit

2 211 160 247 πρακτέων
201 209 239 236 ἐπ’
269 209 387 246 ἐσχάτων
414 209 523 244 ἀμοιϐὰς
561 211 620 245 ἡμῖν
650 211 823 245 ταμιεύοντος.

931 209 1064 241 turbare,
1079 210 1106 235 et
1121 216 1244 243 gravem
1264 208 1340 236 adeo
1354 211 1458 236 contra
1485 217 1552 237 eam
1576 211 1701 239 excitare

3 256 246 290 tempestatem,
268 256 331 282 tum
343 262 414 282 sane
429 253 641 290 prodeundum
654 254 744 282 etiam
763 253 862 286 nobis,
874 253 976 288 quieta
988 253 1132 288 tantisper
1146 253 1206 280 vita
1221 252 1388 281 deserenda
1401 262 1408 280 :
1424 261 1486 282 non
1500 254 1565 282 vitae
1580 262 1704 289 parcen-

3 299 108 331 dum,
127 306 192 326 non
206 298 342 335 corpori;
368 298 446 326 illius
463 298 653 334 potissimum
673 298 777 333 gratia,
799 296 850 333 qui
861 297 1022 332 pulchrum
1042 297 1145 325 hacin
1167 299 1250 333 parte
1266 297 1438 333 exemplum
1461 297 1550 326 nobis
1565 299 1702 334 praebuit,

4 343 139 380 quique
155 351 211 371 nos
232 345 261 371 et
274 345 379 371 nostra
400 351 462 371 non
483 343 583 370 minus
606 343 683 371 bene
704 350 798 379 quam
822 341 946 378 provide
969 341 1126 377 gubernat,
1147 344 1175 370 et
1196 349 1323 378 operum
1338 344 1510 371 nostrorum
1532 343 1702 372 mercedem

5 387 111 416 nobis
124 387 166 416 ad
176 389 344 416 extremum
355 389 453 416 servat
466 388 639 424 repositam.

52 432 99 460 ιε’.
122 435 167 467 Τῷ
189 430 220 458 δέ
232 436 262 468 γὲ
291 436 392 469 σωτῆρι
419 436 475 468 Θεῷ
502 433 586 458 ἐκεῖνοὶ
606 441 659 462 πως
688 435 737 458 τῶν
762 430 830 458 Ψαλ-

6 481 71 513 μῶν
103 475 280 511 ἀναλεξαμένη
326 479 371 503 καί
403 476 584 510 ὑπαλλάξασα,
624 476 829 511 ἀνθωμολογεῖτο

7 523 61 547 καί
79 519 218 557 διελέγετο
233 532 238 538 ·
254 523 376 556 Δίκασον,
401 523 490 559 Κύριε,
519 523 579 553 τοὺς
609 519 765 552 ἀδικοῦντάς
790 530 828 554 σε,

7 565 176 602 πολέμησον
214 568 273 596 τοὺς
302 565 477 602 πολεμοῦντας
507 575 548 594 σε.
580 565 719 592 Ἐπιλαϐοῦ
751 564 830 592 ὅπλον

6 613 62 637 καί
81 611 193 648 θυρεοῦ,
208 613 254 637 καί
267 610 397 640 ἀνάστηθι
409 611 443 641 εἰς
455 612 502 640 τὴν
518 610 641 647 βοήθειαν
651 615 698 641 τῆς
714 614 760 640 τῆς
770 610 832 639 κλη-

7 657 147 692 ρονομίας
172 665 230 683 σου.
269 653 340 682 Ἰδοὺ
366 656 418 692 γὰρ
444 654 509 692 ἦραν
533 656 558 682 οἱ
593 655 744 692 ἁνομοῦντες
772 652 830 681 κατ’

10 701 105 731 αὐτῆς
138 700 259 736 κεφαλὴν,
285 702 329 726 καί
356 704 405 726 τῶν
431 704 483 726 σῶν
513 701 711 736 θυσιαστηρίων
739 709 830 737 κατορ-

11 755 141 781 χουνται
163 745 188 770 οἱ
214 743 340 778 ἀναιδεῖς,
365 747 410 770 καί
424 746 456 771 τὰ
470 745 534 780 οἷγιά
556 754 603 771 σου
626 744 782 781 βεϐηλοῦσιν
806 745 831 771 οἱ

921 433 963 458 l5.
977 431 1026 459 His
1042 431 1136 466 dictis,
1155 430 1278 460 selectas
1298 431 1451 467 quasdam
1475 440 1491 460 e
1516 432 1705 462 Psalmorum

883 474 959 503 libro
975 475 1135 503 sententias
1148 475 1312 511 proferens,
1330 475 1444 504 alterno
1463 478 1552 505 cantu
1567 478 1626 505 Deo
1646 477 1706 506 Sal-

884 519 978 548 vatori
993 520 1034 547 ita
1046 519 1225 548 concinebat
1240 528 1275 548 ac
1299 519 1642 555 conﬁtebaturzludica,
1652 523 1707 549 Do-

885 564 965 592 mine
975 586 982 597 ,
998 566 1140 593 nocentes
1149 573 1206 599 me,
1215 565 1574 601 expugnaimpugnantes
1581 575 1629 594 me
1640 575 1708 603 :ap-

884 609 1036 646 prehende
1049 618 1135 637 arma
1147 612 1175 637 et
1191 611 1320 643 scutum,
1337 611 1365 637 et
1379 618 1506 645 exsurge
1530 611 1561 638 in
1589 611 1708 646 adjuto-

885 653 962 681 rium
974 653 1155 681 heereditatis
1166 655 1233 681 tute.
1250 655 1321 681 Ecce
1336 654 1415 682 enim
1427 654 1498 689 legis
1525 656 1582 682 tuae
1593 663 1707 691 praeva-

885 699 1029 727 ricatores
1044 701 1147 727 contra
1161 701 1189 726 te
1204 699 1376 727 levaverunt
1386 703 1488 735 caput,
1512 700 1709 736 profanarum

886 743 986 780 impiis
1000 743 1135 779 tripudiis
1149 743 1251 770 altaria
1269 745 1329 777 tua,
1349 745 1378 771 et
1397 746 1479 772 sacta
1496 746 1547 772 tua
1570 744 1708 772 homines

13 790 234 825 παναγέστατοι.
251 788 319 816 ’Δ).λ¹
335 788 474 824 ἐπίσκεψαι
501 790 571 825 ἡμᾶς
597 788 621 815 ἐν
647 793 683 824 τῷ
709 791 829 826 σωτηρίῳ

931 776 997 824 puri
1013 776 1047 815 ac
1063 787 1195 815 scelerati
1211 787 1390 823 polluerunt.
1404 787 1461 815 Sed
1483 788 1596 825 respice
1607 797 1662 816 nos
1677 789 1708 817 in

16 844 85 869 σου,
100 838 150 860 τοῦ
179 832 243 861 ἰδεῖν
257 834 283 860 ἐν
298 838 328 870 τῇ
354 836 522 872 χρηστότητι
545 838 593 861 τῶν
622 833 744 860 ἐκλεκτῶν
772 843 831 867 σου,

17 882 71 906 τοῦ
103 878 281 916 εὐφρανθῆναι
310 879 333 905 ἐν
358 883 389 915 τῇ
418 879 560 916 εὐφροσύνῃ
591 882 636 905 τοῦ
653 879 741 909 ἔθνους
773 884 833 904 σου.

17 923 187 960 Εὐφροσύνη
214 922 244 950 δέ
259 933 306 950 σου
330 928 366 959 τῷ
388 923 467 960 λάχει
491 925 506 953 ἠ
528 928 578 950 τῶν
607 928 658 950 σῶν
687 923 834 960 σεϐασμίων

23 968 137 995 εἰκόνων
176 969 364 1006 προσκύνησις,
397 969 412 998 ἡ
440 970 505 1006 πρὸς
531 971 578 998 τὴν
614 967 730 1006 ἀρχαίαν
760 969 836 1000 αὖθις

23 1017 79 1039 τῶν
114 1014 191 1040 θείων
213 1017 279 1039 ναῶν
321 1013 473 1050 εὐπρέπειαν
517 1013 708 1052 ἀναμόρφωσις.
751 1013 836 1050 Κάμοί

23 1061 72 1083 νῦν
87 1059 136 1084 καί
162 1061 221 1088 ταῖς
257 1057 425 1094 ὁμογνώμοσι
462 1059 569 1088 ταύταις
604 1059 661 1094 εμοί
696 1059 741 1084 καί
775 1058 836 1094 ὁμό-

25 1112 121 1140 φροσι,
146 1103 211 1139 πρὸς
226 1103 268 1128 τὸν
295 1102 360 1137 ὑπὲρ
381 1106 431 1128 τῶν
456 1107 507 1128 σῶν
533 1103 606 1129 θείων
631 1102 733 1129 εἰκόνων
760 1099 836 1129 ἆθλον

23 1147 189 1184 χωρούσαις
215 1149 260 1173 καί
274 1150 320 1177 τῆς
347 1151 394 1177 σῆς
417 1149 578 1183 παναμώμου
601 1148 709 1184 μητρὸς,
738 1150 789 1173 τῶν
811 1157 837 1173 τε

24 1191 92 1228 ὑπερ
125 1195 176 1218 σοῦ
208 1192 275 1218 κᾱτὰ
301 1189 442 1229 διαφόρους
477 1193 586 1228 καιροὺς
624 1194 836 1229 καταπροεμένων

24 1238 56 1262 τό
86 1238 149 1272 ζῇν,
165 1238 210 1262 καί
234 1240 284 1262 τῶν
313 1236 395 1262 ἄλλων
423 1246 466 1262 σοι
495 1236 733 1273 ιηῦοιριστησάντων,
758 1240 838 1274 χεῖρα

28 1280 162 1317 βοηθείας
186 1280 214 1312 ἐξ
229 1280 305 1316 ἁγίου
332 1290 379 1307 σου
404 1283 609 1319 κατοικητηρίου
638 1281 808 1317 κατάπεμψον
829 1291 836 1298 θ

28 1327 192 1362 ένίσχυσον,
220 1328 282 1362 μόνε
323 1324 428 1359 δυνατὶς,
465 1328 511 1355 τὴν
539 1327 664 1364 ἡμετέραν
693 1327 837 1362 ἀσθένειαν,

31 1369 77 1402 δός
94 1372 161 1407 ἡμῖν
173 1368 285 1407 δύναμιν
298 1373 342 1397 καί
352 1373 523 1408 κραταίωσιν.

888 832 1009 861 salutari
1035 834 1086 860 tuo
1099 834 1131 860 ut
1154 832 1310 860 videamus
1337 832 1368 860 in
1393 832 1527 861 bonitate
1549 832 1710 861 electorum

889 879 1019 912 tuorum,
1030 879 1062 905 ut
1069 876 1287 904 exsultemusin
1297 876 1398 904 laetitia
1411 877 1506 912 gentis
1519 879 1586 905 tuae.
1602 878 1712 906 Laetitia

888 930 978 958 porro
994 923 1045 949 tua
1059 921 1089 949 in
1102 929 1137 949 eo
1153 921 1252 957 posita
1266 923 1321 954 est,
1337 923 1370 949 ut
1381 921 1464 949 cultu
1478 924 1506 950 et
1519 922 1712 951 veneratione

889 966 972 995 omni
982 966 1178 1001 dignissimae,
1187 973 1280 994 sacrae
1287 968 1345 994 tum
1355 967 1535 1002 tuorumque
1541 969 1714 994 sanctorum

889 1011 1053 1040 adorentur
1065 1011 1222 1046 imagines,
1238 1013 1329 1047 utque
1364 1010 1531 1039 secundum
1557 1019 1624 1039 eam
1644 1019 1714 1047 quae

890 1055 1056 1092 antiquitus
1066 1058 1129 1084 erat
1146 1055 1313 1083 decentiam
1327 1055 1440 1091 templa
1453 1055 1560 1084 iisdem
1570 1063 1715 1084 exornen-

891 1100 948 1127 tur.
964 1100 1049 1127 Nunc
1064 1099 1153 1134 igitur
1166 1099 1248 1133 mihi,
1265 1101 1294 1127 et
1305 1099 1420 1134 cunctis
1445 1099 1519 1127 meis
1548 1099 1715 1134 sodalibus,

890 1151 986 1172 unum
999 1151 1119 1171 mecum
1131 1143 1272 1180 idemque
1288 1143 1494 1178 sentientibus,
1520 1151 1649 1180 quaeque
1662 1151 1717 1180 pro

892 1196 1048 1217 sacrarum
1065 1188 1244 1223 imaginum,
1254 1195 1310 1224 pro
1321 1188 1424 1216 matris
1450 1190 1508 1216 tum
1535 1188 1715 1224 purissimae,

891 1241 946 1269 pro
962 1240 1066 1261 eorum
1080 1233 1132 1268 qui
1142 1232 1230 1260 variis
1245 1232 1431 1268 temporibus
1443 1232 1537 1260 vitam
1566 1233 1609 1260 tui
1626 1239 1718 1261 causa

892 1279 920 1306 et
935 1277 1114 1312 sanguinem
1127 1276 1305 1312 effuderunt,
1316 1285 1371 1313 pro
1386 1276 1515 1305 aliorum
1529 1277 1658 1313 denique
1665 1276 1718 1313 qui

892 1329 1016 1358 quoquo
1030 1321 1121 1349 modo
1136 1322 1212 1356 grati
1223 1321 1275 1349 tibi
1288 1321 1461 1349 exstiterunt
1482 1321 1607 1354 honore,
1627 1324 1717 1350 certa~

893 1374 963 1394 men
974 1373 1095 1394 mecum
1103 1366 1203 1393 subire
1215 1365 1338 1393 minime
1359 1365 1525 1394 detrectant
1539 1374 1546 1400 ;
1562 1366 1660 1399 nobis,
1672 1366 1716 1394 in-

30 1423 140 1452 quam,
155 1415 305 1443 universis
320 1415 421 1443 auxilii
437 1415 479 1443 tui
503 1415 658 1444 dexteram
678 1423 715 1443 ex
738 1414 911 1444 habitaculo
927 1412 978 1439 tuo
993 1412 1096 1438 sancto
1117 1410 1256 1446 porrige;
1272 1409 1478 1438 inﬁrmitatem
1500 1412 1645 1445 nostram,
1666 1410 1720 1447 qui

33 1461 119 1489 solus
135 1462 234 1496 potes,
246 1459 411 1494 conﬁrma;
427 1460 536 1496 largire
550 1460 628 1488 vires
639 1462 668 1488 et
686 1459 899 1488 fortitudinem-

70 1504 114 1537 ιζ’.
130 1508 194 1535 Ταῖς
207 1503 238 1531 δέ
248 1514 277 1541 γε
300 1506 346 1531 σὺν
375 1505 441 1541 αὐτῇ
469 1507 514 1531 καί
538 1507 598 1542 περί
622 1505 704 1535 αὐτὴν
728 1509 839 1532 τοιαῦτα
859 1507 879 1534 C

34 1550 171 1580 δήπουθεν
206 1552 366 1586 προηγόρευε
398 1570 405 1578 .
433 1553 486 1576 Νῦν
523 1551 612 1587 καιρὸς
638 1548 838 1588 εὐπρόσδεκτος,

33 1599 79 1622 νῦν
101 1596 188 1631 ἡμέρα
206 1596 347 1632 σωτηρίας.
373 1592 561 1631 Ἐνδυσὼμεθα
587 1595 653 1621 ὅπλα
672 1599 718 1621 τοῦ
733 1597 816 1629 φωτός
833 1605 839 1612 ·

34 1641 107 1667 κατὰ
132 1643 183 1665 τῶν
197 1639 299 1676 ἐχθρῶν
314 1643 360 1669 τῆς
381 1637 501 1670 ἀληθείας
526 1641 701 1676 χωρήσωμεν.
725 1640 843 1670 Θάνατος

35 1686 102 1721 ἡμῖν
134 1685 268 1721 πρόκειται
291 1693 297 1700 ·
323 1685 358 1720 μὴ
387 1683 620 1720 φιλοψνχὴσωμεν.
658 1685 770 1710 Βάσανοι
792 1685 843 1722 πρὸ

38 1730 154 1756 θανάτου
171 1730 216 1754 καί
233 1727 397 1764 κολαστήρια
411 1739 417 1745 ·
431 1730 467 1765 μὴ
499 1726 670 1765 δειλιάσωμεν
692 1727 762 1765 μηδέ
795 1738 843 1764 φο-

38 1774 162 1810 ϐηθῶμεν
183 1774 243 1803 τοὺς
263 1774 292 1799 τὸ
318 1776 394 1809 σῶμα
417 1774 462 1809 μὶν
483 1773 644 1808 ἀποκτεῖναι,
670 1775 716 1802 τὴν
743 1771 773 1799 δε
794 1773 845 1809 ψυ-

38 1821 95 1855 χήν
121 1820 157 1853 μή
198 1816 370 1854 παραϐλάψαι
399 1815 565 1855 δυναμένους,
600 1818 633 1848 ὤς
658 1818 845 1855 προσετάχθη-

39 1873 97 1900 μεν.
111 1861 147 1889 Ἥ
161 1863 212 1899 γὰρ
225 1861 254 1888 οῦ
267 1865 312 1892 τῆς
320 1862 446 1898 ἡμετέρας
462 1863 560 1898 φύσεως
576 1862 686 1893 ἐτὺσεως
701 1862 845 1898 ἐτύγχανον

41 1906 123 1934 οὖσαι
135 1907 163 1933 αὶ
177 1907 271 1933 ἄνωθεν
286 1908 332 1932 καί
360 1905 404 1932 ἀπ’
431 1906 513 1937 αὐτῆς
537 1910 582 1937 τῆς
605 1908 667 1944 πρὸς
696 1906 847 1943 ἀνθρώπους

42 1950 186 1987 ὶπεδημίας
212 1954 279 1978 Θεοῦ
303 1951 366 1988 ὑπὲρ
394 1955 461 1978 Θεοῦ
497 1953 542 1977 καί
568 1955 619 1977 τῶν
642 1952 715 1978 θείων
745 1952 845 1987 θεσμῶν

44 1996 225 2025 διαθλὴσασαι
252 2004 259 2029 ;
282 1994 371 2032 Ἶσμεν
402 1997 461 2025 τοὺς
489 2000 536 2026 τῆς
560 1997 780 2033 πρωτομάρτυρος
800 1997 847 2022 Θέ-

44 2041 109 2072 κλης
132 2039 232 2076 ἀγῶνας
258 2041 303 2066 καί
331 2040 365 2066 τὰ
397 2039 572 2076 παλαίσματα
610 2048 616 2055 ·
635 2039 682 2066 οῦκ
707 2039 846 2076 ἀγνοοῦμεν

45 2088 109 2117 τοὺς
137 2088 183 2115 τῆς
206 2086 338 2121 μακαρίας
363 2084 458 2115 οἷθλους
484 2083 631 2121 Βαρϐάρας,
654 2086 714 2115 τοὺς
733 2088 778 2114 τῆς
792 2093 848 2119 γεν-

46 2134 122 2161 ναίας
151 2129 268 2167 Εἰρήνης,
294 2131 355 2160 τοὺς
379 2132 424 2160 τὴς
451 2129 642 2166 μεγαλόφρονος
667 2129 763 2161 ἐκείνης
790 2132 848 2155 Μα-

931 1500 972 1527 16.
986 1498 1096 1527 Exinde
1112 1498 1151 1526 ad
1166 1498 1294 1526 soldales
1307 1500 1386 1532 Lsuas
1399 1506 1554 1534 conversa,
1571 1499 1652 1527 hisce
1667 1506 1718 1528 eas

893 1545 1020 1574 vocibus
1031 1546 1075 1572 est
1085 1543 1214 1572 allocuta
1227 1552 1234 1571 :
1252 1545 1335 1571 Nunc
1352 1545 1481 1579 tempus,
1497 1551 1720 1576 sorores,acce-

894 1589 1018 1627 ptabile,
1036 1596 1117 1616 nunc
1143 1595 1211 1616 vere
1231 1587 1294 1615 dies
1317 1589 1387 1616 sunt
1415 1587 1528 1615 salutis.
1555 1587 1721 1616 Induamur

896 1642 982 1663 arma
994 1633 1078 1666 lucis,
1095 1635 1122 1661 et
1132 1632 1278 1660 adversus
1290 1632 1536 1668 hostesﬁeritatis
1547 1632 1719 1668 progredia-

896 1687 975 1708 mur.
994 1679 1069 1707 Mors
1087 1677 1175 1705 nobis
1183 1679 1226 1705 est
1236 1677 1392 1713 proposita
1404 1676 1481 1705 :vite:
1491 1677 1721 1712 igituramorem

895 1723 1013 1752 nullum
1028 1721 1235 1758 praeferamus.
1248 1721 1401 1749 Cruciatus
1411 1723 1539 1750 mortem
1551 1721 1722 1758 praecedant

897 1776 932 1796 ac
939 1767 1095 1804 supplicia,
1104 1766 1156 1794 sed
1164 1773 1225 1794 non
1232 1768 1404 1802 terreamur,
1416 1773 1514 1802 neque
1525 1765 1722 1794 formidemus

898 1820 949 1841 eos
961 1812 1014 1848 qui
1029 1811 1146 1848 corpori
1160 1810 1285 1847 quidem
1304 1812 1430 1838 mortem
1441 1809 1556 1844 afferre,
1572 1810 1626 1838 sed
1658 1810 1722 1838 ani-

898 1864 981 1885 mam
995 1858 1132 1884 nOStram
1141 1855 1250 1883 laedere
1257 1854 1459 1883 nullaratione
1471 1856 1598 1890 possunt
1605 1862 1612 1887 ;
1619 1862 1723 1890 quem-

899 1900 1065 1928 admodum
1078 1899 1250 1936 praecipitur
1273 1898 1371 1927 nobis.
1403 1899 1544 1935 Nunquid
1566 1899 1646 1927 enim
1667 1907 1722 1927 na~

900 1947 973 1973 iuras
989 1946 1099 1972 nostrae
1107 1945 1260 1972 consortes
1273 1951 1334 1971 non
1353 1945 1473 1972 fuerunt
1495 1943 1638 1972 sublimes
1658 1944 1722 1972 istae

901 1989 1020 2023 animle,
1028 1996 1096 2025 quae
1103 1988 1186 2024 apud
1192 1996 1316 2024 superos
1323 1987 1414 2016 modo
1420 1990 1587 2023 versantur,
1595 1995 1725 2025 quaeque

902 2034 940 2062 ab
955 2034 1021 2070 ipso
1036 2033 1085 2061 Dei
1096 2033 1126 2061 in
1142 2034 1236 2060 terras
1251 2032 1384 2060 adventu
1394 2040 1448 2069 pro
1470 2033 1530 2061 Deo
1557 2032 1726 2068 divinisque

901 2078 1020 2113 legibus
1035 2076 1373 2110 decertarunt?Theclee,
1384 2077 1459 2105 inter
1466 2078 1612 2113 martyres
1622 2077 1726 2113 primae

903 2130 1016 2158 agones
1027 2124 1055 2150 et
1081 2121 1245 2150 certamina
1257 2121 1425 2149 novimus:
1454 2129 1515 2150 non
1544 2122 1726 2150 beatissimus

47 2179 131 2213 ρὶνης,
150 2174 164 2204 ἢ
188 2176 233 2200 καί
258 2175 393 2212 τυράννοις
416 2173 536 2210 ἀντέστη,
567 2176 611 2200 καί
631 2172 742 2210 δαίμοσι
764 2182 845 2211 «poc-

931 2167 1053 2202 arbarae,
1067 2174 1129 2195 non
1143 2173 1296 2201 generosae
1310 2167 1419 2199 lrenes,
1448 2174 1510 2194 non
1525 2167 1730 2201 magnanimae

50 2220 181 2254 επάλαισε,
208 2221 251 2245 καί
269 2218 376 2256 λαμπρὰ
403 2219 462 2245 καθ’
492 2218 618 2255 ἑκατέρων
660 2220 754 2248 ἔστησε
790 2220 849 2255 τρό-

52 2275 127 2294 nam.

88 2353 130 2385 ιζ.
156 2354 254 2390 Μικρὸν
277 2354 321 2387 μεν
336 2354 401 2384 ἴσως
414 2350 488 2379 δοκεῖ
514 2361 572 2379 τισι
596 2353 626 2378 τὸ
653 2352 814 2388 τολμώμενον
842 2362 849 2368 ·

54 2399 107 2426 ἀλλ’
118 2400 174 2425 ἴστε
187 2400 255 2434 μέγα
267 2399 346 2424 κακὸν
371 2399 401 2424 τὸ
428 2398 500 2434 παρὰ
525 2398 586 2427 τούς
617 2401 666 2429 τῆς
694 2397 852 2428 Ἐκκλησίας

55 2445 162 2480 θεσμοὺς
189 2443 328 2479 ἁπανοαχῆ
363 2445 406 2468 νῦν
434 2441 625 2479 ἐνεργούμενον.
653 2443 688 2468 Τὸ
722 2442 773 2479 γάρ
812 2450 853 2467 τοι

55 2490 101 2520 τὰς
128 2489 194 2518 θείας
212 2486 360 2523 ἀπαλείφειν
382 2486 492 2519 εἰκόνας,
515 2488 562 2513 καί
592 2487 653 2517 τούς
686 2487 769 2522 ἱεροὺς
791 2487 853 2517 νεὼς

57 2531 256 2570 ἆχρειοῡν,ὅλην
281 2531 367 2563 ἁπλῶς
391 2534 533 2568 παραποιεῖ
558 2533 605 2560 τήν
629 2529 771 2564 εὐσέϐειαν,
796 2530 853 2557 ὅλον

58 2578 139 2604 ἀθετεί
164 2578 192 2603 τὸ
218 2580 263 2607 τῆς
282 2575 499 2614 ἕνανθρωπήσεως
520 2578 568 2602 τοῦ
588 2578 655 2602 Θεοῦ
666 2577 711 2601 καί
739 2578 854 2612 Σωτῆρος

60 2624 208 2659 μυστήριον.
232 2620 302 2648 Ἀλλ’
321 2620 343 2647 εἰ
369 2622 412 2647 καί
430 2622 523 2658 μικρὸν
550 2617 592 2653 ἧν,
614 2621 710 2646 ὁπόσον
737 2620 802 2653 ἐστί,
826 2621 855 2646 τὸ

97 2721 133 2756 (5)
147 2719 294 2756 Coluntur,
308 2718 341 2756 AS.
352 2717 485 2756 Barbara
497 2719 514 2747 4
526 2717 709 2756 Decembris,
718 2717 759 2756 is.
770 2717 857 2756 lrene

66 2761 80 2786 ‘5
99 2753 170 2792 Maii,
187 2755 214 2784 S.
247 2753 367 2790 marina,
389 2754 499 2783 Latinis
523 2753 691 2791 Margarita,
715 2755 750 2782 20
765 2753 833 2781 Julii
849 2762 856 2782 :

904 2212 983 2240 illius
995 2211 1112 2240 Marinus
1125 2211 1162 2247 (5)
1176 2211 1352 2245 ignoramus
1371 2211 1485 2246 praelia,
1501 2219 1569 2248 quae
1593 2211 1730 2248 tyrannis

903 2256 1015 2293 pariter
1029 2258 1058 2284 et
1067 2255 1257 2283 daemonibus
1265 2255 1415 2292 opposita,
1432 2255 1596 2291 gloriosum
1603 2255 1640 2284 de
1647 2255 1730 2285 utris-

904 2308 964 2337 que
979 2302 1125 2336 tropaeum
1143 2300 1256 2337 posuit.

942 2348 984 2372 17.
1000 2345 1104 2380 Exigui
1116 2344 1250 2373 fortassis
1263 2344 1408 2372 momenti
1424 2344 1609 2381 quibusdam
1627 2344 1731 2374 videa-

905 2391 954 2417 tur
978 2388 1036 2417 ista
1057 2388 1241 2416 nefariorum
1269 2388 1428 2417 hominum
1451 2389 1634 2417 machinatio
1651 2398 1657 2416 :
1677 2389 1731 2417 sed

905 2441 959 2462 vos
982 2433 1072 2468 longe
1096 2432 1203 2461 melius
1224 2433 1375 2467 instituta,
1405 2433 1479 2461 illud
1498 2434 1612 2470 optime
1639 2433 1731 2466 scitis,

905 2486 968 2507 non
984 2478 1133 2507 mediocre
1148 2485 1212 2506 esse
1236 2477 1363 2513 malum,
1384 2478 1466 2514 quod
1487 2480 1592 2507 contra
1618 2480 1732 2506 veteres

908 2522 1042 2551 Ecclesia:
1048 2522 1216 2551 sanctiones
1222 2522 1301 2559 impii
1307 2523 1419 2559 ubique
1426 2530 1505 2551 nunc
1512 2524 1581 2551 sunt
1586 2522 1731 2558 aggressi.

908 2567 1028 2595 Divinas
1043 2567 1125 2596 enim
1140 2567 1298 2602 imagines,
1324 2567 1405 2595 calce
1433 2567 1552 2602 oblitas,
1581 2574 1618 2594 ex
1638 2565 1734 2594 oeulis

910 2611 1021 2646 tollere,
1033 2613 1061 2640 et
1071 2619 1156 2640 sacra
1169 2611 1281 2648 templa
1287 2610 1427 2640 informia
1438 2619 1474 2640 ac
1484 2610 1601 2640 inutilia
1610 2609 1736 2639 reddere

911 2716 988 2746 quas
1004 2710 1055 2738 CP.
1066 2709 1253 2746 praecipuam
1264 2708 1645 2745 venerationemhabuisse,
1666 2708 1739 2739 alibi

912 2754 1082 2783 docuimus.
