1963 3084
275 121 324 148 9H

867 118 1095 147 CONSTANTINI
1114 117 1358 146 ACROPOLITIE.

273 180 348 218 quid
362 180 445 209 aliud
459 181 505 208 est
529 187 622 217 quam
635 180 786 216 pietatem,
811 188 904 216 quam
920 181 1085 215 religionem

1153 183 1198 206 καί
1216 183 1308 218 μικρὸν
1323 191 1348 206 τι
1371 183 1451 217 νόμου
1477 181 1627 218 παραϐῆναι
1645 185 1690 209 καί
1714 182 1828 218 ἐντολῆς,
1858 185 1871 210 ὀ
1909 188 1950 210 Σω

273 233 396 254 omnem
403 226 532 253 evertere
539 224 683 258 funditus,
693 227 722 253 et
735 225 907 253 universum
914 225 1095 253 lncarnatio-

271 270 320 298 nis
328 269 437 298 divina
444 269 621 306 mysterium
628 269 717 297 inane
725 269 848 297 reddere
856 272 946 305 atque
955 269 1072 297 nullum
1081 269 1095 298 ?

271 316 307 343 Αι
319 314 466 343 faciamus
480 313 567 350 parvi
581 313 665 350 quod
693 316 850 342 conantur.
876 314 983 346 Quanti
995 316 1095 342 tamen

271 359 346 387 illud
356 358 529 388 faciendum
541 358 579 386 sit
593 358 676 394 quod
687 357 883 386 velmediocre
895 358 1047 394 quidpiam
1058 358 1095 386 de

271 402 336 439 lege
342 403 445 432 divina
452 405 480 432 et
486 403 638 432 mandatis
643 402 833 438 infringatur,
846 402 982 431 Salvator
993 405 1096 431 noster

271 455 307 476 ac
317 448 458 476 Dominus
464 447 495 476 in
501 447 698 476 sacrosanctis
710 447 876 482 Evangeliis
887 447 998 483 docuit,
1014 447 1095 475 viain

269 492 460 530 prefectionis
472 493 562 520 unius
573 492 634 521 iota
651 491 802 528 uniusque
816 491 910 528 apicis
925 492 1023 527 rigore
1038 492 1094 520 cir-

272 537 478 566 cumscribens
484 557 490 564 .
495 537 511 564 J
513 545 562 565 am
569 544 640 565 vero
645 544 738 573 quam
746 535 911 571 gloriosum
918 536 981 569 erit,
989 536 1013 563 si
1019 536 1093 564 divi-

270 582 476 618 narumlegum
482 589 520 610 ne
526 581 674 610 minimam
681 581 804 618 quidem
810 583 926 617 partem
932 581 1093 616 infringere

270 626 480 655 sustinemus.
490 626 621 654 Illustres
628 625 782 662 quondam
789 625 960 658 Machabaei,
969 633 1024 653 nec
1031 633 1093 653 non

268 671 445 701 beatissima
464 670 582 699 illorum
606 673 712 704 mater,
737 672 899 706 prmsentes
927 670 1090 698 assistunt:

267 715 358 753 quale
370 715 412 744 illi
433 715 606 751 exemplum
632 714 827 743 observanda:
855 714 928 750 legis
957 714 1092 743 similiter

268 761 422 789 certaturis
432 760 617 796 reliquerunt
634 759 648 786 ?
660 759 799 787 Porcinas
814 766 918 787 carnes
943 759 1043 787 solum
1059 761 1092 787 ut

266 807 432 841 gustarent,
448 812 467 833 a
481 806 611 841 tyranno
631 803 791 840 compulsi,
804 811 865 832 non
880 803 973 832 modo
988 804 1015 832 ei
1029 812 1091 833 non

1152 228 1200 263 τὴρ
1230 226 1302 261 ἡμῶν
1325 227 1371 252 καί
1397 227 1529 257 Δεσπότης
1557 226 1581 253 ἐν
1601 230 1655 258 τοῖς
1676 227 1849 263 Εὖαγγιλίοις
1862 227 1952 255 ὶδὶδα

1152 269 1200 303 ξεν,
1219 270 1253 300 εὶς
1275 269 1299 296 ὃ
1313 269 1376 296 ἰῶτα
1390 272 1434 296 καί
1464 273 1525 307 μίαν
1557 274 1662 308 κεραίαν
1677 274 1705 298 τὸ
1732 272 1829 299 τέλειον
1851 283 1952 310 reply:

1149 317 1252 350 γραφώς
1271 325 1276 331 ·
1306 314 1398 344 ἡλίκην
1421 324 1449 341 τε
1475 317 1543 352 φίρει
1566 318 1612 345 τὴν
1635 316 1749 342 εὔκλειαν
1778 319 1809 343 τὸ
1835 319 1872 353 μὴ
1902 317 1952 343 ὰ5ε

1149 362 1230 388 τῆσαι
1249 362 1298 385 τῶν
1330 359 1537 396 τεθεσπισμένων
1567 359 1661 398 βραχὺ
1685 362 1710 387 οἰ
1730 365 1846 396 γενναῖοι
1871 362 1952 388 πάλη

1149 402 1325 437 Μακκαϐαῑοι,
1350 406 1395 430 καί
1416 406 1481 440 πρός
1503 413 1533 439 γε
1548 405 1561 433 ἡ
1578 407 1696 442 μακαρία
1723 407 1824 432 τούτων
1851 408 1952 442 μήτηρ

1148 450 1328 485 παρέστησαν,
1351 450 1394 474 καί
1404 458 1459 480 πως
1481 447 1630 486 ὑπόδειγμα
1655 453 1710 481 τοῖς
1739 449 1851 482 ἐσαῦθις
1878 450 1951 487 ἔαρι

1148 491 1209 523 ϐοῦς
1236 492 1350 528 φυλακῆς
1376 496 1426 518 τῶν
1463 495 1577 530 νομίμων
1599 493 1821 520 καταλελοίπεσαν
1848 505 1856 511 ·
1881 495 1952 521 {ante

1147 539 1225 574 κρέως
1244 536 1389 573 ἁπογεῡσαι
1412 538 1489 573 μόνον
1521 537 1737 574 ἀναγκαζόμενοι,
1765 540 1897 575 οὗμενουν
1933 549 1952 565 οη

1146 583 1311 616 κατένευσαν,
1343 580 1407 608 ἀλλὰ
1433 583 1479 608 καί
1500 584 1595 619 μυρίας
1621 583 1685 618 ὑπερ
1711 581 1792 610 τοῦδε
1819 582 1951 620 βασάνου

1146 627 1297 656 ὑπέστησαν
1315 637 1321 643 ·
1337 629 1383 652 καί
1401 629 1465 664 πυρί
1479 628 1530 664 γὰρ
1548 629 1593 653 καί
1612 626 1715 665 σιδήρῳ
1741 626 1950 665 παραδοθέντες

1145 673 1190 697 καί
1220 673 1270 697 πᾶν
1307 671 1488 707 ὑπενεγκόντες
1533 669 1628 705 δεινὸν,
1656 670 1787 708 διέμειναν
1816 671 1952 710 ἆπερίτρε

1145 725 1214 743 πτοι.
1241 718 1324 742 Τοῦτο
1353 714 1387 745 δὴ
1421 715 1446 742 ἓν
1466 720 1501 752 νῷ
1527 715 1684 752 βαλλόμεναι
1710 719 1756 743 καί
1780 717 1872 753 ἡμεῖς,
1909 718 1952 752 ᾶγι

1144 762 1208 798 πρὸς
1236 762 1278 787 τὸν
1309 760 1372 797 ὑπὲρ
1401 765 1449 792 τῆς
1475 760 1606 792 εὐσεϐείας
1631 758 1708 788 ἆθλον
1738 763 1807 798 μετά
1837 763 1952 800 Θάρσουκ

1146 803 1351 841 ἀποδυσώμεθα,
1381 806 1534 842 σπεύσωμεν
1562 806 1662 842 φθάσαι
1688 807 1732 832 τὸν
1759 811 1952 844 κατεπιχειρὲ-

266 849 472 883 obediverunt,
501 848 554 877 sed
580 849 757 876 innumeros
789 855 911 884 quoque
931 851 1085 885 propterea

1147 859 1192 876 σαι
1211 849 1367 886 βουλόμενον
1395 853 1441 881 τῆς
1468 851 1539 881 θείας
1559 854 1606 877 τοῦ
1625 853 1743 889 Σωτῆρος
1755 851 1857 883 εἰκόνος
1888 861 1952 879 cum

265 894 415 923 cruciatus
429 893 655 923 sustinuerunt:
676 893 799 929 ignique
827 901 862 922 ac
888 893 965 921 ferro
992 893 1090 922 traditi

1146 895 1235 931 θάριον
1243 915 1249 922 .

264 940 293 968 et
306 940 574 976 quantumcunque
590 938 694 974 gravia
707 937 867 966 tolerantes
887 940 1044 974 tormenta,
1060 939 1231 968 inconcussi
1240 940 1478 975 perseverarunt.
1492 940 1575 968 Nune
1585 939 1676 975 igitur
1689 942 1718 969 et
1739 948 1810 975 nos,
1837 940 1952 970 illustri

263 983 340 1012 adeo
350 982 522 1019 exemplum
531 984 629 1010 mente
642 982 805 1019 animoque
817 984 982 1016 versantes,
999 983 1040 1010 ad
1055 983 1214 1019 pulchrum
1229 991 1283 1019 pro
1296 983 1438 1019 religione
1449 986 1600 1012 certamen
1613 984 1810 1014 subeundum
1821 985 1952 1014 ﬁdenter

263 1028 403 1056 accinctae
417 1035 474 1056 nos
488 1027 690 1062 conferamus,
706 1029 734 1055 et
756 1026 930 1054 festinemus
953 1027 1143 1062 spatharium
1166 1027 1267 1062 istum,
1292 1028 1345 1064 qui
1367 1027 1504 1064 impuras
1528 1035 1639 1057 manus
1669 1029 1700 1057 in
1723 1029 1867 1059 divinam
1895 1030 1952 1059 Sal-

262 1073 374 1102 vatoris
390 1072 484 1100 nostri
495 1071 660 1106 imaginem
674 1073 762 1107 parat
780 1071 911 1106 injicere,
927 1071 1067 1100 cohibere
1088 1080 1106 1102 a
1121 1072 1240 1101 scelere.

299 1117 342 1145 18.
359 1118 426 1145 Hec
438 1116 498 1153 illa,
512 1118 542 1144 et
565 1115 721 1144 confestim
732 1115 771 1144 ad
800 1115 926 1144 Chalcen
951 1115 1066 1144 accedit
1087 1127 1094 1144 :

262 1162 292 1190 et
301 1161 483 1198 (oinsignem
490 1160 734 1189 animiﬁduciam
750 1160 770 1196 l)
785 1167 857 1188 mox
870 1159 999 1188 utfuitin
1013 1160 1092 1189 loco:

264 1205 413 1234 anemine
428 1205 602 1234 mortalium
616 1204 769 1241 prohiberi
785 1212 815 1232 se
839 1212 940 1240 passa,
968 1204 1042 1241 quin
1063 1207 1092 1233 et

260 1249 365 1278 ﬁdenti
379 1249 462 1278 vultu
476 1251 600 1277 cunctos
614 1250 776 1284 praesentes
786 1248 902 1280 intuita,
918 1248 1015 1276 scalas
1023 1255 1089 1285 ipsa

261 1294 400 1322 omnium
414 1294 515 1330 prima
527 1293 640 1329 arripit,
648 1300 684 1320 ac
696 1292 861 1326 sodalibus,
884 1292 964 1320 idem
971 1295 1003 1320 ut
1014 1293 1087 1329 ipsae

260 1338 383 1372 faciant,
403 1338 517 1367 fortiter
530 1338 666 1374 imperat.
689 1337 744 1371 Qui
770 1337 859 1372 igitur
884 1337 914 1365 in
936 1337 1086 1366 scalarum

261 1383 504 1419 summitatejam
523 1382 583 1411 fere
612 1382 792 1410 consistebat
819 1382 943 1418 impius,
968 1390 1085 1410 sacram

263 1427 392 1463 effigiem
421 1430 585 1464 antequam
613 1426 784 1463 corriperet,
800 1426 835 1454 iis
859 1434 1012 1462 excussus,
1052 1427 1084 1454 in

259 1471 446 1508 profundum
461 1471 569 1500 inferni
583 1471 716 1505 corruit;
743 1471 876 1506 dejectus
904 1473 948 1499 est
980 1471 1080 1499 enim:

258 1518 288 1544 et
300 1516 353 1554 qui
366 1516 457 1554 paulo
472 1519 540 1545 ante
554 1516 715 1544 insolenter
731 1523 762 1544 se
779 1515 907 1551 iactans,
933 1523 967 1543 os
993 1523 1082 1543 suum

257 1560 289 1590 in
303 1561 410 1590 caelum
421 1562 548 1598 aperire,
563 1562 593 1590 et
614 1560 696 1589 caelis
719 1560 861 1588 omnibus
883 1560 1081 1588 Excelsiorem

256 1605 399 1643 impetere
411 1605 591 1642 blasphema
618 1605 722 1641 lingua
745 1604 841 1632 fuerat
865 1613 964 1638 ausus,
994 1605 1080 1632 mise-

256 1652 387 1680 randum
402 1653 472 1679 ante
486 1650 591 1678 oculos
615 1650 752 1678 omnium
771 1649 900 1678 cadaver
917 1649 1080 1685 jacuit,se-

256 1695 383 1731 pulturae
398 1695 487 1723 etiam
499 1695 614 1723 honore
621 1695 769 1731 privatus.
789 1694 952 1729 Repentina
967 1694 1080 1730 quippe

1186 1117 1231 1146 ιη’.
1264 1117 1342 1144 Ταῦτ’
1373 1118 1432 1153 εφη,
1460 1117 1536 1154 κοιίῇ
1564 1118 1648 1154 τάχος
1666 1119 1738 1155 παρὰ
1763 1121 1813 1148 τὴν
1839 1119 1952 1149 Χαλκῆν

1146 1163 1257 1197 γέγονεν.
1295 1160 1361 1188 Ἀλλ’
1385 1161 1406 1186 ὣ
1437 1163 1554 1197 γενναίου
1581 1161 1676 1198 ψυχῆς
1710 1164 1952 1200 παραστήματοςὲ

1145 1205 1238 1232 αὐτίκα
1267 1209 1303 1240 τῷ
1326 1206 1528 1243 παραγενέσθαι,
1568 1204 1635 1242 μηδ’
1663 1206 1718 1237 ἑνὸς
1741 1206 1952 1245 ἂπιοτραφεὶσα,

1143 1251 1242 1281 πάντας
1274 1250 1338 1286 ὁμοῦ
1366 1249 1568 1287 παραϐλέψασα,
1604 1255 1653 1282 τῆς
1680 1250 1808 1288 κλίμακος
1838 1250 1952 1290 δρᾶττε-

1141 1303 1194 1330 ται,
1211 1297 1256 1320 καί
1270 1297 1324 1324 ταῖς
1349 1296 1396 1320 σὺν
1425 1294 1489 1331 αὐτῇ
1510 1294 1727 1322 συνεπιλαϐέσθαι
1741 1297 1767 1322 οἱ
1792 1294 1951 1324 διακελιύε-

1140 1348 1194 1368 ται.
1216 1341 1266 1365 Καὶ
1294 1342 1356 1374 γοῦν
1381 1339 1394 1364 ὁ
1413 1340 1539 1376 μετέωρος
1565 1339 1707 1376 τολμητὴς,
1721 1342 1813 1377 πρίνῆ
1842 1351 1874 1368 τι
1902 1347 1949 1372 τῆς

1140 1383 1210 1414 θείας
1225 1383 1318 1413 εἰκόνος
1350 1383 1533 1419 λωϐήσασθοιι⁷
1563 1384 1597 1415 εἰς
1622 1383 1689 1420 ᾆδον
1717 1384 1855 1423 βάραθρον
1887 1397 1949 1413 κατ-

1138 1430 1266 1457 ενήνεκται
1295 1438 1300 1444 ·
1327 1430 1416 1454 πίπτει
1450 1430 1496 1454 καί
1522 1429 1583 1465 γὰρ,
1609 1431 1654 1455 και
1677 1430 1691 1455 ὁ
1725 1431 1789 1461 τέως
1833 1436 1946 1469 αυριῶν,

1137 1474 1226 1498 καὶτὸ
1255 1474 1341 1508 στόμα
1355 1472 1392 1504 εἰς
1423 1472 1530 1510 οὐρανὸν
1557 1474 1668 1510 θέμενος,
1683 1476 1729 1500 καί
1754 1476 1799 1501 τὸν
1833 1475 1947 1514 ὕπερον-

1136 1518 1223 1552 ράνιον
1248 1517 1370 1554 ἄντικρυς
1403 1516 1578 1553 βλασφημῶν,
1611 1522 1706 1555 πτῶμα
1731 1516 1868 1548 δύστηνον
1906 1523 1945 1556 γέ-

1134 1570 1203 1596 γονε,
1239 1559 1304 1597 μηδ’
1334 1562 1441 1598 ἐκφορᾶς
1476 1561 1625 1598 ἀξιούμενος
1651 1584 1658 1591 .
1682 1563 1696 1589 ὁ
1719 1564 1770 1601 γὰρ
1794 1563 1945 1601 ἁπρόοπτος

1136 1605 1245 1636 θάνατος
1259 1607 1320 1637 τοὺς
1338 1608 1398 1643 περί
1419 1605 1498 1632 αὐτὸν
1513 1604 1663 1644 διεθρόησε,
1692 1610 1737 1634 καί
1763 1607 1839 1635 ἀλλον
1867 1609 1944 1636 ἀλλα·

1133 1653 1186 1686 χοῦ
1201 1648 1367 1683 διεσκέδασε,
1387 1653 1435 1680 τήν
1452 1659 1480 1677 τε
1507 1651 1639 1688 μακᾶρίαν
1662 1653 1707 1678 καί
1720 1653 1769 1683 τὰς
1795 1654 1844 1679 σὺν
1872 1655 1941 1690 αὐτῇ

1133 1695 1219 1725 πάσαις
1234 1694 1367 1733 ὶλευθίρως
1378 1695 1455 1725 ἀνῆκε
1469 1697 1516 1725 τὴν
1532 1696 1571 1722 ἐπ’
1583 1695 1656 1723 οἰκον
1670 1698 1841 1734 πορεύεσθαι.

255 1738 387 1766 hominis
416 1738 522 1766 nefarii
548 1738 665 1774 punitio
693 1745 799 1766 omnes
830 1738 882 1774 qui
907 1739 1077 1774 spectaculo
1105 1738 1272 1774 interfuere,
1300 1740 1440 1768 attonitos
1466 1739 1607 1773 reddidit,
1632 1742 1722 1777 atque
1755 1740 1850 1770 alium
1879 1741 1940 1771 alio

253 1781 323 1811 fecit
333 1782 514 1817 abscedere;
529 1782 571 1810 ita
586 1783 616 1810 Β.
626 1781 801 1810 Theodosiae
816 1783 845 1810 et
857 1782 971 1811 cunctis
982 1791 1050 1819 quae
1069 1791 1139 1812 cum
1152 1782 1220 1819 ipsa
1234 1785 1319 1812 erant
1335 1783 1522 1820 viriginibus,
1537 1784 1665 1814 domum
1687 1792 1719 1813 se
1733 1786 1806 1814 tutis
1824 1786 1938 1816 referre

253 1825 345 1856 licuit.

291 1873 334 1900 19.
347 1872 454 1900 Verum
470 1871 553 1908 quod
567 1871 679 1900 factum
703 1870 810 1906 fuerat,
834 1870 925 1899 latere
952 1871 1076 1900 minime

253 1915 349 1951 potuit
362 1915 579 1944 ferocissimum
593 1923 704 1951 regem,
718 1915 771 1951 qui
784 1922 897 1950 magna
911 1923 983 1944 mox
992 1916 1075 1944 rabie

252 1960 283 1988 in
294 1967 395 1989 sacras
405 1961 465 1989 Deo
475 1960 616 1996 viriglnes
626 1960 975 1993 concitatus,infrenduit.
987 1961 1075 1993 Quid-

251 2004 326 2042 quid
340 2004 430 2040 igitur
451 2004 583 2033 habebat
608 2004 767 2040 supercilii,
801 2005 832 2032 ni
847 2004 888 2032 ita
911 2004 1021 2038 dicam,
1042 2005 1074 2033 in

251 2057 347 2078 unum
357 2056 543 2085 congregans
557 2058 564 2077 :
581 2050 634 2077 Per
647 2050 748 2085 caput,
771 2048 876 2085 inquit,
899 2057 1000 2077 meum
1014 2049 1073 2085 (hic

251 2094 492 2129 scilicetregibus
506 2093 624 2130 pridem
638 2094 764 2122 usitatus
776 2093 898 2130 jurandi
927 2102 993 2122 mos
1016 2094 1073 2130 est)

248 2138 332 2166 haud
343 2138 482 2175 equidem
489 2138 611 2167 credam
622 2146 658 2166 ex
667 2138 752 2166 vobis
758 2139 891 2174 aliquem
903 2146 1005 2167 amare
1012 2147 1071 2174 me,

249 2182 274 2209 si
282 2181 329 2210 vel
339 2190 401 2211 una
415 2182 567 2219 quaepiam
582 2190 598 2210 e
611 2182 786 2211 facinorosis
811 2182 874 2210 istis
896 2182 1070 2211 mulieribus
1087 2198 1108 2224 ο

247 2233 357 2254 manus
369 2234 453 2255 meas
467 2227 598 2262 effugiat,
614 2229 665 2255 aut
675 2234 849 2255 nonomnes
857 2227 1010 2263 continuo,
1034 2236 1070 2256 ex

247 2271 357 2299 abditis
370 2279 493 2300 suarum
504 2271 616 2299 aedium
630 2271 660 2299 in
669 2271 823 2307 publicum
842 2274 1069 2308 protractae,au-

246 2315 340 2344 daciae
349 2317 438 2344 tanta;
453 2323 560 2352 poenas
571 2315 755 2352 persolvant.
769 2316 838 2344 Haec
859 2317 908 2344 vix
936 2317 1069 2346 edixerat

244 2359 417 2397 imperator,
429 2368 499 2388 cum
511 2368 527 2388 e
542 2359 684 2388 ministris
711 2360 775 2395 ejus
790 2360 922 2396 plurimi,
948 2368 1001 2397 per
1009 2361 1068 2390 alia

244 2405 295 2434 alii
319 2404 401 2433 urbis
424 2404 492 2434 loca
514 2404 653 2441 dispersi,
680 2404 886 2439 religiosarum
915 2406 1065 2440 virginum

242 2449 351 2479 domos
364 2451 391 2479 et
409 2450 492 2478 urbis
504 2449 594 2478 totius
606 2449 789 2478 monasteria
805 2450 983 2486 perscrutari
996 2454 1067 2480 sunt

241 2495 376 2531 aggressi
388 2495 566 2533 ;requirent_
578 2494 701 2531 quidem
709 2496 737 2522 et
751 2494 824 2522 alias
845 2502 960 2529 omnes,
986 2503 1065 2532 quae-

241 2548 360 2577 cunque
393 2540 513 2576 injicere
541 2540 571 2568 in
596 2539 785 2576 spatharium
800 2547 931 2567 manuus
946 2540 1064 2568 fuerant

239 2592 331 2621 ausas,
353 2584 409 2613 sed
420 2585 541 2613 beatam
555 2584 753 2613 TheodOSiam
773 2585 948 2620 cumprimis
977 2593 1062 2613 com-

238 2629 424 2665 prehendere
443 2629 605 2666 cupientes.
624 2630 688 2657 Non
707 2629 786 2657 enim
801 2629 964 2657 mediocria
979 2638 1061 2665 quas-

237 2680 309 2701 nam
317 2673 509 2708 autvulgaria
515 2674 659 2702 adversus
666 2673 748 2701 illam
759 2681 788 2701 m
793 2673 897 2701 editari
911 2674 971 2702 suis
977 2674 1060 2702 visus

237 2715 335 2744 fuerat
343 2725 404 2750 rex,
420 2725 514 2754 quam
527 2717 663 2745 omnium
678 2718 808 2753 primam
825 2717 940 2746 facinus
967 2718 1059 2746 fuisse

237 2767 411 2797 aggressam
417 2761 569 2795 didicerat,
577 2763 605 2790 et
611 2761 651 2790 rei
658 2761 747 2790 totius
754 2762 899 2790 exstitisse
915 2769 1040 2790 causam
1046 2783 1053 2790 .

1166 1871 1207 1899 ιϐ’.
1221 1871 1290 1899 Ἀλλ’
1304 1873 1398 1909 ᾔσθετο
1423 1876 1470 1899 τοῦ
1487 1875 1624 1910 γενομένου
1645 1874 1658 1900 ὁ
1678 1874 1840 1912 θηριώννμος
1855 1875 1938 1912 βασι-

1128 1915 1193 1952 λεὺς,
1210 1917 1256 1943 κά(
1270 1919 1339 1953 μέγα
1350 1927 1375 1943 τι
1388 1919 1433 1944 καί
1456 1918 1548 1955 ἄγριον
1568 1918 1628 1944 κατ’
1648 1918 1733 1946 αὐτῶν
1757 1919 1833 1951 εὐθὺς
1860 1920 1934 1958 ἔϐρυ-

1127 1963 1242 1996 χήσατο.
1263 1964 1438 1998 Συναγηοχὼς
1457 1963 1518 1999 γὰρ,
1549 1962 1580 1988 ἶν’
1606 1963 1674 1989 οὕτω
1706 1965 1796 2000 φαίην,
1819 1965 1850 1991 τὸ
1880 1965 1935 1992 ἔπι-

1128 2007 1243 2039 σκύνιον,
1280 2006 1317 2032 οὗ
1345 2007 1381 2042 μὰ
1407 2008 1454 2036 τὴν
1481 2005 1554 2042 ἐμὴν,
1577 2008 1674 2044 εἴρηκε,
1703 2008 1814 2044 κεφαλὴν
1843 2010 1934 2046 (τοῦτο

1128 2047 1162 2079 δὴ
1177 2052 1206 2076 τὸ
1219 2050 1255 2081 εἰς
1270 2051 1345 2087 ὁρκον
1365 2054 1418 2081 τοῖς
1443 2050 1598 2088 βασιλεῦσιν
1620 2051 1653 2082 ὠς
1676 2051 1718 2079 ἐπὶ
1745 2052 1810 2079 πολὺ
1837 2063 1930 2091 προφε-

1125 2094 1254 2131 ρόμενον),
1275 2096 1305 2121 οὗ
1324 2096 1382 2121 τινά
1397 2105 1428 2131 με
1454 2095 1534 2132 φιλεῖν
1558 2096 1629 2132 ὑμῶν
1654 2097 1803 2134 ἡγήσομαι,
1831 2098 1854 2124 εἰ
1880 2104 1929 2125 τῶν

1125 2147 1164 2168 τις
1191 2141 1343 2177 κακούργων
1369 2142 1478 2166 τουτωνὶ
1507 2142 1620 2176 γυναίων
1650 2144 1743 2178 χεῖρας
1777 2144 1825 2174 τᾲς
1867 2143 1927 2180 ἔμας

1126 2181 1260 2220 διαφύγοι,
1275 2186 1367 2220 καὶμὴ
1387 2182 1434 2210 διὰ
1464 2185 1566 2220 τάχους
1590 2184 1618 2211 ἐκ
1646 2189 1696 2212 τῶν
1716 2189 1828 2213 σκοτίων
1858 2192 1927 2225 σφῶν

1124 2227 1272 2264 οἰκημάτων
1306 2229 1548 2266 συναθροισθεῖσαι,
1574 2227 1651 2261 δίκας
1684 2234 1730 2257 τοῦ
1759 2231 1925 2269 τολμήματος

1123 2274 1232 2300 τίσειαν.
1265 2272 1344 2299 Ταῦτ’
1373 2274 1430 2309 ἔφη,
1452 2275 1496 2300 καί
1523 2273 1548 2300 οἰ
1570 2275 1711 2312 παρευθὺς,
1743 2275 1821 2307 ἄλλος
1849 2276 1924 2303 alia.

1123 2320 1177 2352 χοῦ
1208 2315 1428 2355 διαμερισθίντες,
1462 2318 1496 2344 τὰ
1522 2321 1570 2349 τῆς
1583 2318 1678 2349 πόλεως
1707 2321 1812 2356 σεμνεῑά
1833 2330 1861 2348 τε
1881 2324 1923 2348 καί

1121 2364 1308 2398 φροντιστήρια
1350 2360 1529 2399 διειλήφεσᾶν,
1569 2362 1758 2396 ἀναζητοῦντες
1797 2366 1845 2402 μὲν
1880 2369 1922 2392 καί

1119 2406 1167 2437 τὰς
1194 2406 1281 2442 ἄλλας,
1303 2407 1365 2432 ὅσαι
1390 2416 1419 2442 γε
1441 2411 1487 2433 τοῦ
1513 2408 1661 2445 σπαθαρίου
1684 2412 1920 2448 κατεπεχείρησαν,

1119 2451 1169 2486 πρὸ
1186 2448 1211 2476 δ’
1225 2450 1306 2477 ἄλλων
1332 2450 1440 2478 ἁπασῶν
1469 2453 1517 2482 τὴν
1543 2452 1675 2489 μακαρίῶ
1700 2454 1802 2483 ταύτην
1830 2454 1920 2483 Θεοδο-

1120 2494 1179 2520 σίᾶν
1204 2505 1210 2512 ·
1239 2495 1287 2522 οὐκ
1310 2495 1386 2532 ὀλίγα
1413 2498 1459 2522 καί
1493 2497 1544 2533 γὰρ
1569 2495 1706 2524 ἰδιαίτατα
1738 2499 1822 2535 φθαίη
1850 2503 1918 2537 σφίσι

1117 2542 1176 2576 περι
1199 2539 1279 2570 αὐτῆς
1317 2539 1469 2576 ἂπισκήψας
1492 2542 1505 2567 ὁ
1532 2540 1667 2578 βασιλεὺς,
1692 2546 1863 2581 πρωτουργόν
1875 2545 1930 2572 ira

1116 2585 1272 2620 μεμαθηκὼς
1281 2586 1326 2611 καί
1348 2586 1377 2611 τὸ
1391 2589 1441 2612 πᾶν
1457 2583 1493 2612 δι’
1506 2585 1573 2616 αὐτῆ
1579 2596 1589 2617 ς
1616 2587 1740 2622 γονίσθάι
1761 2586 1780 2614 δ
1782 2593 1914 2625 imum;

1117 2631 1167 2655 Καί
1183 2627 1216 2658 δὴ
1238 2631 1336 2673 ταυτας
1365 2630 1537 2666 συλλέξαντες,
1551 2631 1587 2662 εἰς
1603 2631 1626 2658 ἓν
1649 2631 1754 2663 ἁπάσας
1780 2636 1915 2673 συνήθροι-

1116 2683 1163 2699 σαν
1179 2684 1185 2690 ·
1204 2675 1251 2700 σὺν
1265 2671 1290 2700 δ’
1311 2673 1427 2706 ἁπάσαις
1439 2678 1486 2704 τὴν
1501 2676 1565 2713 ὑπὲρ
1578 2675 1684 2710 ἁπάσας
1702 2679 1749 2703 καί
1773 2677 1849 2707 ἡλίου
1864 2671 1913 2705 Ἶδι-

1113 2728 1161 2748 κην
1184 2717 1294 2756 ἀστέρας
1329 2719 1374 2750 τὰς
1389 2719 1468 2750 ἄλλοις
1506 2720 1742 2757 ὑπιραυγάζουσαν
1770 2725 1852 2760 μέσον
1869 2723 1912 2750 ιιηᾶ-

1112 2767 1162 2789 τῶν
1179 2764 1293 2793 ἔστησαν
1306 2766 1349 2791 καί
1360 2768 1397 2800 τῷ
1412 2763 1519 2801 βασιλεῖ
1531 2767 1767 2803 συμπαρεστησαν.
