1963 3084
45 102 143 133 913

761 104 796 132 ΙΝ
817 104 844 132 S.
860 103 1095 133 THEODOSIAM.

1723 101 1774 129 914

30 169 34 205 ξ
51 164 331 203 Gomprehensas
343 173 415 201 ergo
427 173 533 194 omnes
544 165 576 195 in
590 165 744 203 publicum
757 166 867 202 pariter
877 166 1056 203 protrahunt
1069 175 1075 192 :
1100 165 1154 193 sed
1168 166 1197 193 et
1219 171 1289 192 cum
1303 163 1446 192 omnibus
1461 171 1529 191 eam
1550 170 1682 200 quoque,
1704 170 1773 200 quae

50 211 265 245 praeellen
291 210 446 245 omnibus,
461 210 504 239 uti
522 210 567 240 sol
585 218 647 247 prae
675 210 776 245 stellis,
799 210 873 241 alias
899 211 1062 248 superabat
1081 210 1207 246 fulgore,
1235 209 1370 245 ipsarum
1389 208 1420 236 in
1436 207 1546 244 medio,
1562 215 1664 237 coram
1678 208 1773 245 impe-

52 257 190 284 ratore
203 255 397 284 constituunt.

121 299 158 329 κ’.
186 299 216 327 ’0
257 298 287 327 δὶ
309 302 354 327 καὶ
387 301 452 338 πρὸς
483 300 529 337 μὶν
566 300 614 332 τὰς
653 300 729 331 ἄλλοις
762 300 881 338 βλοσυρό

985 301 1029 328 20.
1046 299 1096 328 Ille
1119 306 1200 334 vero,
1223 298 1255 326 in
1278 297 1354 326 alias
1377 296 1501 333 quidem
1529 304 1635 325 omnes
1653 297 1773 326 torvum

58 343 191 380 ἲϐλεψε,
224 346 279 379 καὶ,
312 343 368 372 ’Ῑνα
401 346 438 380 τί,
469 346 546 381 φησὶ,
578 343 698 374 δύστηνα
724 346 828 380 γύναια,
860 345 893 375 εἰς

62 392 217 415 τοσοῦτον
251 389 326 418 iure
360 388 465 426 τόλμης,
500 390 534 420 ὡς
571 391 617 416 καὶ
647 393 800 426 προσταγῆς
830 389 893 426 ἐμῆς

67 431 234 467 adv/ﬁam,
254 435 299 460 καὶ
318 434 362 460 τὸν
394 432 454 470 ἒμὸν
486 434 631 471 σπαθοὲριον
654 433 707 470 οὐχ
732 434 772 460 ὃτι
798 443 828 470 ’μ
846 437 892 461 τοῦ

62 477 165 513 ἔργον
184 476 380 514 παραποδίσαι,
410 477 475 505 ἀλλὰ
501 479 547 504 καὶ
576 477 658 515 βιαίῳ
685 479 784 514 θανάτῳ
805 488 892 516 παρα-

62 521 192 558 πέμψαι
219 531 226 556 ;
256 523 325 560 Πρὸς
351 521 382 549 δ”ι
396 524 443 552 τὴν
470 525 601 561 μακαρίαν
627 524 725 552 ταύτην
745 521 892 550 Θιοδοσίαν

64 564 267 604 ἐπιστραφιὶς,
295 566 351 593 Οὐκ
383 566 472 598 mei;
504 577 559 603 μοι,
582 571 736 605 κακοῦργον,
760 568 817 603 ἔφη,
846 569 892 594 καὶ

63 613 252 648 μιαρώτατον
270 612 377 647 γύναιον
391 621 398 628 ο
414 611 462 638 οὐκ
487 611 606 647 ἠγνοήσοξ
635 621 681 638 σου
710 613 740 638 τὸ
753 611 890 647 ἀλόγιστον

68 655 194 691 Θράσος,
212 655 242 681 οὗ
259 657 305 684 τὴν
328 655 478 693 παράϐαλον
501 655 609 692 τόλμαν,
636 656 689 692 οὐχ
717 656 730 682 ὂ
760 659 818 693 περὶ
846 657 890 682 τὸν

70 700 236 737 σπαθάριον
262 698 389 738 ἔδρασας,
414 703 459 727 καὶ
489 701 524 731 ὡς
554 700 647 731 ἁνιῖλες
671 704 707 736 τῷ
734 700 786 737 ἐμῷ
809 711 890 738 προσ-

67 745 204 780 τάγματι
226 742 441 781 ὑπηρετούμενον.
465 745 573 781 Ἔμοιγε
589 745 711 783 ἀπῆρας,
742 745 799 772 κατ’
828 745 890 782 ἐμοῦ

70 789 130 819 τὰς
157 792 252 825 χεῖρας
277 789 400 820 ἄκίνησας
428 800 434 805 ·
463 790 596 828 τοιγάρτοι
622 788 765 820 διαναστὰς
798 791 887 826 ἔγωγε,

71 834 132 864 τὰς
147 834 213 871 ὑπὲρ
233 833 347 870 ἐμαυτοῦ
373 832 450 865 δικας
468 833 616 870 ἀπαιτήσω,
641 837 685 861 καὶ
714 833 824 866 δικαίως
850 835 890 861 ὅτι

70 875 215 914 λήψομαι,
239 880 284 904 καὶ
308 880 340 907 τὴ
369 878 457 905 εἰκότα
480 888 509 905 σε
540 881 588 908 τὴν
621 877 753 915 ἀλάστορα
770 888 887 915 τισομαι,

73 921 118 953 ὡς
131 924 170 958 μὴ
198 923 242 948 τὸν
268 921 424 959 βουλόμενον
452 927 502 949 τῶν
528 922 718 960 βασιλιυόντων
745 923 781 954 εἰς
808 925 890 949 νέωτα

948 345 1079 378 intuens,
1095 345 1130 372 Ut
1144 343 1228 380 quid,
1242 342 1291 376 ait,
1303 342 1435 371 infelices
1448 341 1641 375 mulierculae,
1652 349 1688 370 eo
1701 349 1773 378 pro-

948 389 1077 418 cessistis
1087 388 1232 421 audaciae,
1246 389 1278 416 ut
1294 395 1355 416 non
1366 395 1433 415 mea
1442 386 1534 415 modo
1549 387 1693 415 mandata.
1702 394 1773 415 con-

947 435 1091 468 temnere,
1115 434 1167 461 sed
1192 440 1294 461 meum
1318 439 1440 468 quoque
1459 431 1646 468 spatharium
1665 431 1704 460 ab
1721 439 1772 460 eo-

946 479 1082 507 rumdem
1090 477 1295 506 mandatorum
1303 477 1492 506 exsecutione
1500 476 1670 513 prohibere,
1676 484 1772 513 neque

945 523 978 552 id
992 523 1099 557 solum,
1111 530 1216 551 verum
1232 521 1350 550 funesta
1362 521 1452 550 etiam
1467 522 1562 549 morte
1584 521 1684 550 delere
1709 528 1772 550 non

946 568 1008 596 sitis
1022 568 1121 596 veritee
1136 567 1150 594 ?
1162 567 1208 595 Ad
1222 567 1343 595 beatam
1358 565 1467 594 deinde
1481 565 1680 594 Theodosium
1699 573 1770 594 con-

943 620 1048 640 versus
1060 621 1066 639 :
1084 614 1157 646 Non,
1169 611 1335 648 inquiebat,
1348 611 1440 639 latere
1453 618 1502 638 me
1516 610 1649 646 potuisti,
1661 610 1771 640 facino-

943 663 1014 685 rosa
1024 658 1051 685 et
1065 656 1225 684 mulierum
1241 656 1375 684 omnium
1386 654 1519 691 pessima
1535 662 1615 682 :non
1629 654 1703 683 mihi
1717 655 1772 683 fuit

944 701 1047 736 ignota
1061 700 1169 729 tuailla
1181 700 1339 728 infrasnata
1346 699 1500 735 jactantia,
1512 706 1574 727 non
1585 698 1715 728 audacia
1727 699 1772 727 in-

945 746 1046 781 signis.
1063 745 1135 773 Novi
1151 744 1284 781 profecto
1295 743 1442 780 quidquid
1454 743 1598 771 adversus
1612 743 1769 771 satellitem

943 798 1056 823 meum,
1072 791 1098 818 te
1113 789 1272 817 hortatrice
1285 796 1320 817 ac
1335 788 1421 820 duce,
1431 790 1549 823 gestum
1560 787 1656 823 fuerit,
1669 790 1698 816 et
1707 795 1770 824 qua

943 834 1058 862 ratione
1073 833 1243 861 ministrum
1249 832 1338 868 regiis
1349 832 1606 868 obtemperantem
1617 832 1768 861 mandatis

942 878 1110 906 interimere
1125 877 1248 906 minime
1259 876 1452 905 dubitaveris.
1464 876 1531 904 Mihi
1546 884 1616 904 cum
1626 884 1662 904 eo
1676 876 1768 906 modo

943 930 1018 951 ausa
1032 930 1064 951 es
1080 921 1242 955 adversari,
1255 924 1323 950 tuas
1338 922 1443 949 contra
1456 920 1607 957 meipsum
1625 929 1735 949 manus
1750 929 1769 951 a

72 967 301 1004 κατιπαίρεσθαι,
320 965 386 1004 μηδ’
397 967 464 993 οὕτω
479 968 549 994 κατὰ
575 971 624 999 τῆς
649 967 738 1006 ἀρχῆς
761 966 881 994 αὖθαδιοίι

979 966 1152 1003 compulsas
1161 966 1251 994 fuisse
1258 966 1396 1000 ignorare
1405 972 1467 993 non
1479 967 1575 1001 potes.
1585 966 1667 993 Nunc
1679 965 1768 1001 igitur

75 1011 188 1042 Cutem.
212 1010 279 1038 Ἀλλ’
297 1012 381 1038 ἔνεστι
408 1011 663 1048 μεταϐουλευσαμένῃ
687 1015 732 1038 καὶ
753 1013 887 1049 πεισθείσῃ

73 1055 288 1092 συμϐουλεύοντι
302 1055 386 1088 πλίον,
407 1057 422 1086 ἡ
439 1057 473 1088 ὡς
492 1055 599 1093 βασιλεῖ
613 1066 655 1082 σοι
680 1057 888 1093 προστάσσοντι,

73 1101 264 1136 παρισωθῆναι
277 1102 323 1137 μὲν
346 1099 412 1137 τῇδε
426 1103 471 1127 καὶ
490 1099 636 1127 διαϐιῶσαι
669 1103 888 1138 περιφανέστατα,

75 1143 134 1171 εκεῖ
149 1142 180 1171 δὲ
192 1147 314 1182 γενομένῃ
327 1149 374 1176 τῆς
388 1147 520 1183 μακαρίας
539 1144 637 1176 ἓκείνης
663 1149 755 1182 τυχεῖν
781 1146 889 1177 λήξεως.

942 1011 1026 1040 haud
1041 1011 1233 1046 saneinjusto
1248 1010 1408 1038 adversum
1418 1011 1445 1037 te
1459 1009 1558 1038 furore
1571 1017 1767 1045 consurgens,

943 1063 998 1091 pro
1015 1055 1132 1084 sceleris
1138 1054 1347 1089 magnitudine
1357 1062 1463 1090 poenas
1468 1061 1625 1090 reposcam
1634 1062 1640 1088 ;
1648 1061 1703 1082 nec
1713 1054 1767 1082 mi-

943 1109 1001 1129 nus
1012 1102 1092 1137 juste
1105 1101 1205 1137 reipsa
1219 1107 1338 1128 sumam
1349 1099 1529 1135 supplicium
1538 1098 1627 1127 simul
1635 1100 1665 1127 et
1672 1099 1767 1128 vindi-

944 1148 1034 1180 ctam,
1047 1147 1078 1174 ut
1087 1153 1175 1174 nemo
1185 1144 1274 1180 regiis
1287 1152 1353 1172 sese
1357 1144 1449 1180 jussis
1464 1143 1660 1180 imposterum
1674 1151 1767 1180 oppo-

74 1195 166 1224 nere,
186 1188 282 1217 aliave
297 1189 411 1218 ratione
428 1189 539 1218 audeat
566 1192 671 1218 contra
685 1189 852 1226 principem
880 1189 994 1217 eﬂ'erre.
1019 1190 1103 1218 Potes
1126 1191 1228 1217 tamen
1243 1189 1279 1224 (si
1294 1187 1337 1216 vis
1349 1189 1467 1216 mutare
1481 1189 1623 1221 mentem,
1650 1189 1679 1216 et
1698 1195 1768 1216 sua-

73 1231 174 1268 denti,
189 1237 242 1262 aut
252 1234 361 1270 potius,
379 1235 411 1262 ut
429 1241 532 1269 regem
547 1233 642 1268 decet,
668 1234 829 1270 imperanti
854 1234 974 1271 parere)
997 1233 1045 1262 hic
1071 1233 1194 1270 quidem
1217 1233 1326 1261 salvari
1345 1234 1374 1260 et
1399 1232 1641 1269 splendidissime
1655 1232 1766 1268 vivere,

73 1278 110 1306 in
124 1277 221 1307 altero
236 1280 336 1307 autem
352 1277 460 1307 saeculo
476 1279 566 1307 beata
580 1278 692 1312 perfrui
707 1278 819 1315 requie.

114 1322 169 1351 ια’.
201 1322 280 1350 Ἀλλὰ
318 1327 372 1354 πῶς
404 1323 434 1348 ὂω
476 1323 555 1355 ἀξίως
584 1326 790 1360 παραστήσαιμι
817 1323 885 1360 λόγῳ

73 1370 127 1397 τὴν
151 1368 219 1404 μετὰ
241 1367 341 1398 παλλῆς
365 1369 404 1394 ὅτι
431 1370 556 1399 συνέσεως
578 1372 626 1399 τῆς
655 1369 792 1406 Μάρτυρος
821 1367 886 1394 ἁπο-

75 1421 170 1450 κρισιν
198 1414 265 1450 πρὸς
295 1414 339 1439 τόν
359 1413 482 1450 τύραννον
512 1415 616 1446 ;ποίαν
634 1412 712 1449 λόγου
740 1412 885 1442 πεπλουτη-

75 1459 132 1487 ιὼς
157 1455 270 1493 δύναμιν
301 1465 308 1491 ;
333 1457 349 1487 ἦ
373 1457 468 1494 μᾶλλον
496 1459 573 1484 ποίαν
608 1456 722 1493 εἰληχὼς
751 1456 885 1484 ἐπίπνοιαν

75 1502 187 1536 ἄνωθεν,
203 1499 240 1528 δι’
259 1501 289 1532 ἧς
308 1501 374 1531 αὕτη
388 1504 434 1528 καὶ
451 1505 533 1538 σοφῶς
560 1500 726 1539 ἁπεκρίνατο,
754 1504 799 1527 καὶ
828 1511 885 1527 νου-

74 1550 165 1582 νεχῶς
185 1545 341 1583 ἕπεστόμισι
359 1548 403 1572 τὸν
421 1545 551 1584 βλοσυρόν
581 1548 628 1576 τὴν
661 1545 751 1584 ὀφρὺν,
774 1547 818 1572 τὸν
837 1548 884 1576 τὴν

74 1591 196 1628 γλῶτταν
210 1591 301 1626 πολὺν,
325 1592 368 1618 τὸν
389 1592 511 1629 ἄντικρυς
539 1594 673 1617 καταπιεῖν
703 1591 784 1620 αὐτὴν
811 1590 885 1627 βριν-

77 1636 203 1672 θυόμενον
225 1637 292 1662 κατὰ
310 1637 353 1662 τόν
377 1634 525 1662 ἕνοιχοῡντά
552 1636 587 1671 οἱ,
615 1637 658 1662 τὸν
690 1637 738 1665 τὴν
763 1640 813 1671 γῆν
839 1638 884 1662 καὶ

77 1680 216 1707 θάλασσαν
230 1679 368 1717 ἆξαλιίφιιν
396 1680 574 1718 ὶπαιρόμενον,
598 1681 630 1710 ὡς
657 1679 711 1706 ἐνόν
735 1689 780 1715 μοι
801 1684 884 1706 ταῦτα

76 1722 266 1761 διεννοήσομαι
311 1732 318 1758 ;
361 1727 406 1751 καὶ
429 1726 462 1756 ὡς
491 1724 518 1757 ἒξ
545 1725 648 1751 ιίκότων
677 1724 736 1762 ἐρῶ.
772 1724 883 1760 Ἔγωγε,

75 1773 155 1806 φησι,
183 1769 303 1806 βασιλεῦ,
325 1769 354 1796 εχ
378 1767 476 1800 παιδὸς
499 1769 573 1800 εὐθὺς
595 1771 641 1798 τὴν
673 1770 794 1805 ἡσυχίαν
826 1769 883 1795 ἑπό-

77 1815 162 1849 θησα,
194 1816 240 1840 καὶ
264 1816 295 1843 τὴ
332 1813 396 1850 ἐμὴν
425 1816 554 1851 σωτηρίαν
581 1813 709 1847 ἐζήτησα,
732 1816 777 1840 καὶ
808 1812 883 1840 οὐδέν

75 1868 109 1895 με
133 1863 184 1885 τῶν
212 1859 259 1885 τοῦ
286 1861 387 1896 κόσμου
429 1863 552 1897 τερπνῶν,
590 1861 654 1886 Θεοῦ
693 1860 882 1895 συναραμένου,

77 1907 125 1935 τῆς
137 1903 284 1941 προθέσεως
306 1908 473 1940 μιταστῆσαι
500 1906 652 1940 κατίσχυσε
668 1914 674 1920 ·
696 1905 740 1929 καὶ
759 1907 803 1928 νῦν
826 1904 884 1929 ἴσθι

76 1952 126 1979 τῆς
146 1950 211 1985 πρὸς
224 1949 288 1975 Θιόν
303 1947 407 1984 ἀγάπης
434 1952 483 1975 τῶν
516 1948 636 1974 ἁπάντων
662 1946 738 1974 οὐδὲν
765 1947 882 1977 ἀποστή-

77 1996 189 2021 σειν.¹0
201 1991 309 2029 γοῦνᾶν
329 1994 368 2022 εἴη
397 2002 438 2019 σοι
466 1991 625 2029 βουλομένῳ,
655 1994 689 2029 μὴ
717 1994 883 2022 κατοκνήσας

75 2038 125 2073 ἄγε
158 2035 193 2066 δὴ
213 2038 343 2074 πάραγον·
361 2038 456 2075 σάρκες
484 2035 543 2064 ἰδοὺ
571 2037 664 2069 ξαίνειν
694 2037 775 2068 αὐτὰς
801 2039 881 2073 πρόσ-

76 2091 164 2116 ταττε,
187 2081 311 2119 ἁρμονίας
338 2081 418 2118 μελῶν
452 2080 579 2118 διασπᾷν,
608 2081 675 2108 ὀστᾶ
706 2081 882 2115 συνθλάττειν,

75 2125 173 2163 κεφαλῇ
198 2128 246 2155 τὴν
272 2128 353 2162 τομὴν
371 2126 511 2162 ὶπενεγκιῖν
530 2136 535 2142 ·
552 2126 576 2152 ἐν
606 2125 707 2163 βραχεῖ
728 2136 805 2162 φημι,
837 2130 882 2156 τῆς

75 2169 170 2198 ἐνθάδε
183 2172 253 2202 ζωῆς
268 2173 405 2209 στέρησον,
435 2171 468 2201 ὠς
487 2171 518 2197 οἶν
545 2180 577 2207 με
604 2172 697 2198 θᾶττον
723 2175 754 2200 τῆ
787 2171 882 2207 αἰωνίῳ

75 2219 122 2243 καὶ
140 2218 270 2254 κριίττονι
290 2215 501 2254 παραπίμψειας.

975 1323 1022 1351 21.
1038 1324 1104 1357 Qua
1119 1330 1200 1351 nunc
1211 1330 1268 1358 ego
1278 1321 1399 1350 dicendi
1416 1321 1557 1350 facultate
1583 1321 1768 1358 sapientissi-

939 1375 1023 1396 mam
1039 1368 1179 1403 martyris
1195 1367 1235 1396 ad
1250 1370 1414 1403 tyrannum
1426 1366 1655 1403 responsionem
1663 1367 1694 1395 in
1702 1374 1766 1396 me-

939 1412 1024 1440 dium
1036 1412 1189 1449 proferam
1201 1412 1214 1438 ?
1233 1420 1297 1448 qua
1309 1411 1472 1439 verborum
1491 1419 1527 1439 ac
1550 1411 1768 1440 sententiarum

939 1457 1028 1493 copia
1042 1457 1214 1490 instructus,
1230 1456 1277 1484 vel
1293 1456 1392 1492 potius
1405 1463 1467 1492 qua.
1482 1456 1519 1484 de
1532 1456 1610 1485 ccelo
1639 1456 1767 1493 inspira-

939 1501 1019 1530 tione
1032 1503 1202 1530 commotus
1214 1500 1228 1528 ’ἲ
1240 1508 1294 1537 per
1311 1500 1433 1536 qualem
1448 1500 1559 1528 scilicet
1571 1500 1638 1537 ipsa
1656 1503 1685 1529 et
1698 1508 1768 1536 pru-

938 1547 1043 1575 denter
1075 1545 1238 1582 respondit,
1269 1546 1298 1573 et
1323 1545 1529 1572 obmutescere
1567 1544 1635 1573 fecit
1670 1545 1764 1581 illum,

939 1590 1096 1627 supercilio
1112 1590 1241 1619 ferocem
1255 1591 1283 1618 et
1298 1596 1349 1617 ore
1360 1588 1513 1623 turgidum
1535 1597 1542 1623 ;
1562 1588 1656 1624 illum,
1672 1589 1767 1618 instar

938 1637 1086 1665 daemonis
1094 1643 1125 1664 se
1132 1634 1337 1669 inhabitantis,
1344 1632 1530 1662 frondentem
1542 1641 1578 1661 ex
1588 1633 1715 1662 adverso
1726 1633 1766 1662 ad

937 1680 1164 1716 deglutiendam
1178 1679 1286 1716 ipsam,
1298 1680 1470 1714 terramque
1481 1679 1509 1705 et
1523 1685 1606 1705 mare
1632 1685 1664 1705 se
1676 1685 1765 1714 posse

938 1725 1057 1754 abolere
1065 1726 1310 1761 praesumentem;
1320 1722 1475 1759 quomodo
1481 1721 1554 1750 talia
1563 1721 1637 1750 mihi
1643 1722 1764 1751 credam

938 1768 1221 1805 comprehensibilia
1230 1776 1306 1800 esse,
1319 1770 1371 1796 aut
1385 1775 1421 1796 ea
1428 1766 1640 1795 convenienter
1655 1766 1764 1796 valebo

937 1814 1057 1851 eloqui?
1068 1815 1139 1849 Ego,
1149 1812 1483 1850 respondit'i‘heodosia,
1488 1813 1553 1848 jam
1563 1811 1765 1848 indeaprima

937 1861 1022 1887 iactate
1031 1858 1188 1895 quietioris
1204 1858 1281 1887 etab
1295 1857 1380 1886 omni
1394 1857 1553 1885 hominum
1572 1857 1696 1893 strepitu
1714 1863 1763 1884 re-

935 1904 1072 1932 motioris
1092 1903 1159 1932 vitae
1172 1903 1321 1932 desiderio
1337 1910 1464 1931 accensa
1474 1902 1528 1937 fui,
1554 1909 1572 1930 ο
1587 1902 1762 1938 imperator,

936 1957 991 1978 nec
999 1949 1099 1977 minus
1113 1948 1331 1985 consequendaz
1343 1947 1445 1976 salutis
1459 1954 1535 1975 meae
1551 1946 1764 1983 studiosa;sed

936 2002 991 2022 nec
1006 1993 1087 2022 exiis
1101 1993 1278 2030 quidquam,
1289 2000 1358 2029 quae
1380 1991 1514 2020 mundus
1531 1991 1562 2020 in
1588 1991 1678 2020 bonis
1701 1991 1763 2019 suis

936 2038 1115 2074 gaudiisque
1128 2037 1228 2072 habet,
1237 2045 1255 2066 a
1265 2038 1404 2073 suscepto
1416 2036 1541 2064 consilio
1554 2043 1694 2064 revocare
1701 2044 1761 2070 me,

936 2084 996 2111 Deo
1019 2083 1096 2110 bene
1114 2082 1254 2119 propitio,
1273 2081 1376 2110 valuit.
1396 2082 1478 2109 Nunc
1497 2087 1619 2117 quoque
1638 2080 1696 2108 hoc
1708 2080 1761 2109 tibi

936 2130 980 2156 est
994 2127 1160 2163 sciendum,
1174 2135 1189 2155 e
1205 2126 1296 2155 rebus
1320 2126 1460 2155 omnibus
1489 2125 1603 2154 nullam
1625 2125 1760 2161 reperiri,

935 2181 1003 2209 quae
1019 2171 1094 2201 aDei
1105 2171 1247 2200 charitate
1254 2171 1349 2208 possit
1358 2178 1406 2199 me
1417 2170 1508 2199 modo
1521 2169 1582 2198 ullo
1598 2169 1759 2203 abducere,

936 2217 964 2244 Si
978 2217 1067 2253 igitur
1094 2217 1135 2245 ita
1156 2216 1209 2244 tibi
1230 2216 1357 2251 videtur,
1382 2223 1448 2251 age,
1475 2215 1559 2243 nulla
1582 2214 1760 2251 interposita

75 2268 174 2295 mora,
186 2268 292 2289 necem
302 2260 376 2289 after
388 2270 394 2288 :
407 2260 535 2288 exhibeo
550 2268 659 2297 corpus
675 2267 778 2288 meum
794 2260 832 2288 ad
847 2261 994 2297 supplicia
1007 2270 1014 2289 :
1030 2261 1205 2290 verberibus
1217 2260 1290 2289 illud
1310 2261 1382 2296 jube
1396 2260 1536 2296 discerpi,
1547 2259 1756 2289 membrorum

75 2312 200 2341 quoque
214 2305 352 2333 omnium
364 2311 544 2341 compagem
558 2304 692 2340 dissolvi,
711 2304 857 2339 confringi
870 2313 940 2334 ossa
956 2314 962 2338 ;
979 2306 1084 2342 capitis
1102 2305 1320 2334 abscissionem
1334 2305 1458 2341 impera,
1469 2307 1570 2342 atque,
1586 2307 1619 2333 ut
1631 2304 1760 2333 breviter

75 2350 189 2384 dicam,
203 2349 271 2378 vitm
279 2349 369 2386 hujus
382 2357 474 2378 usura
488 2349 600 2386 privari
612 2357 660 2378 me
672 2349 756 2385 jube,
773 2352 806 2378 ut
819 2349 904 2378 citius
924 2350 963 2379 ad
983 2350 1183 2379 immortalem
1202 2350 1418 2386 melioremque
1443 2349 1538 2377 vitam
1552 2357 1605 2386 per
1624 2351 1652 2378 te
1662 2350 1759 2378 trans-

75 2395 190 2423 mittar.

112 2438 166 2476 ιβ’.
193 2439 299 2469 Τούτοις
327 2439 340 2465 ὀ
367 2440 486 2476 τύραννος
520 2438 696 2476 ἐξαπορηθεὶς,
733 2442 778 2466 καὶ
812 2440 877 2477 πρὸς
894 2440 915 2468 D

75 2485 121 2514 τὰς
147 2483 239 2514 λοιπὰς
257 2485 301 2510 τὸν
325 2483 400 2519 λόγον
422 2483 588 2521 τρεψάμενος,
621 2483 690 2510 Ἀλλ’
724 2485 796 2521 ὑμεῖς
836 2494 876 2520 γε,

76 2531 154 2565 φησι,
175 2531 211 2565 μὴ
231 2532 262 2564 τῇ
300 2531 471 2566 ματαιόφρονι
499 2530 581 2565 ταύτῃ
618 2529 876 2564 κατακολουθὴσητι,

75 2571 142 2611 μηδ’
158 2572 184 2604 ἐς
197 2576 320 2600 τοσοῦτον
339 2575 434 2610 μανίας
460 2572 560 2607 ἔλθητε,
587 2573 620 2604 ὡς
640 2576 685 2600 καὶ
715 2578 764 2600 τῶν
791 2573 877 2600 ἐνταύ-

76 2619 110 2645 θα
124 2616 210 2647 ἡδέων
230 2618 387 2655 στερηθῆναι
413 2620 459 2644 χαὶ
483 2621 533 2644 τῶν
562 2616 644 2644 ἐκεῖσε
669 2617 722 2654 οὐχ
743 2618 831 2651 ἧττον,
855 2617 877 2644 εἰ

76 2665 112 2699 μὴ
136 2661 241 2698 μᾶλλον,
267 2661 412 2699 ἁμοιρῆσαι
433 2666 556 2698 τερπνῶν,
585 2664 631 2688 καὶ
653 2664 716 2699 πρός
740 2672 770 2698 γε
792 2672 876 2688 κατα-

75 2706 238 2736 δικασθῆναι
258 2706 366 2733 θάνατον
384 2707 428 2732 τὸν
451 2705 588 2733 ἀθάνατον.
615 2707 648 2732 Αἰ
668 2704 708 2738 δὴ,
735 2707 769 2737 ὡς
795 2707 877 2738 καλῆς

76 2750 244 2779 διδασκάλου
267 2751 345 2778 καλαὶ
374 2755 411 2788 τῷ
438 2753 492 2778 ὄντι
515 2752 671 2788 μαθήτριαι,
700 2753 742 2781 Μὴ
776 2753 875 2788 γίνοιτο

967 2442 1012 2468 22.
1027 2441 1087 2468 Hoc
1101 2447 1247 2475 responso
1262 2439 1302 2468 ad
1316 2447 1466 2468 summam
1489 2438 1604 2468 consilii
1622 2438 1758 2474 inopiam

932 2484 1080 2512 adductus
1112 2487 1269 2520 tyrannus,
1296 2484 1428 2519 virgines
1457 2483 1532 2512 alias
1564 2483 1622 2511 hoc
1649 2482 1758 2511 iterum

932 2537 1070 2557 sermone
1085 2529 1264 2565 compellat:
1280 2530 1336 2557 Vos
1352 2530 1428 2557 certe
1442 2528 1533 2556 nolite
1547 2527 1662 2555 insanas
1686 2526 1758 2555 huic

931 2573 1047 2602 mulieri
1071 2573 1258 2610 pertinaciter
1279 2573 1442 2606 adhaerere,
1474 2579 1570 2608 eoque
1597 2571 1757 2599 dementiae

930 2618 1081 2654 progredi,
1095 2620 1127 2646 ut
1141 2626 1194 2646 vos
1209 2620 1238 2646 et
1252 2618 1288 2646 iis
1313 2626 1381 2654 quae
1404 2617 1452 2646 hic
1468 2619 1537 2645 sunt
1554 2615 1643 2644 bonis
1664 2615 1757 2644 orbas

930 2670 1006 2694 esse,
1021 2665 1049 2691 et
1063 2671 1131 2699 quae
1145 2663 1175 2691 in
1201 2663 1294 2692 altera
1317 2663 1376 2691 vita
1402 2661 1599 2698 reperiuntur,
1632 2660 1757 2697 paribus

930 2709 1017 2741 certe,
1047 2708 1071 2736 si
1095 2716 1156 2736 non
1192 2707 1369 2745 majoribus,
1403 2706 1605 2743 voluptatibus
1632 2705 1755 2742 privari,

929 2753 1003 2788 quin
1018 2753 1108 2781 etiam
1128 2753 1168 2781 ad
1179 2755 1308 2782 mortem
1323 2751 1518 2781 condemnari
1532 2753 1686 2787 aeternam,
1703 2757 1757 2787 pa-
