1963 3084
227 127 279 155 915

849 122 1078 152 CONSTANTINI
1090 122 1323 152 ACROPOLITIE

1869 125 1918 151 9l6

224 187 352 223 tiamini,
366 188 426 217 Illae
445 189 557 222 autem,
588 187 815 224 quemadmodo
848 187 974 223 egregiae
989 195 1053 215 ma-

1117 188 1194 223 ἡμᾶς,
1209 189 1284 223 φασὶ,
1310 190 1342 223 τῇ
1373 187 1534 223 θεοπνεύστῳ
1562 186 1761 223 ἡμῶν¹ἐναντία
1785 191 1919 224 φρονῆσαι

228 234 326 270 gistrae
346 233 510 269 discipulas
525 233 651 261 decebat
678 240 740 261 non
769 232 868 261 minus
897 233 1051 268 egregias:

229 278 322 313 Absit,
335 277 484 314 inquiunt,
506 279 539 305 ut
551 286 620 305 cum
640 277 781 305 divinitus
793 277 939 313 inspirata
962 280 1055 305 matre

231 330 266 351 ac
282 322 427 358 magistra
441 324 546 350 nostra
560 330 622 350 non
638 322 745 350 eadem
762 322 937 357 sentiamus,
953 323 984 349 ut
1000 322 1057 350 tuis

231 374 347 396 morem
361 374 502 402 geramus
528 366 690 399 blanditiis,
711 368 744 394 ut
770 366 860 394 minis
881 368 1056 394 terreamur.

232 412 327 447 Hujus
342 419 398 439 nos
413 411 547 440 instituta
556 419 592 439 ac
606 419 706 439 mores
715 411 878 447 sequimur,
893 411 932 439 ab
951 411 1008 439 hac
1020 418 1058 439 ne

232 463 418 492 separemur.
425 464 494 484 cum
500 455 706 484 obsecratione
713 456 853 492 petimus.
867 456 1058 491 Quaecunque

231 500 322 536 igitur
336 500 375 529 ab
387 508 423 529 ea
437 500 491 529 tibi
505 500 585 529 dicta
599 503 678 534 sunt,
703 500 811 528 eadem
824 508 843 528 a
869 500 958 528 nobis
979 500 1059 528 dicta

231 544 286 572 tibi
298 547 415 581 putato.
436 544 551 580 Ingenti
566 545 606 573 ad
620 545 684 573 haec
695 545 787 573 verba
801 544 900 573 furore
919 544 1059 580 impletus

232 591 394 626 tyrannus:
407 589 542 623 insanas,
551 589 707 624 exclamat,
717 589 856 618 mulieres
868 597 883 617 e
898 591 1060 625 conspectu

1110 235 1287 269 μνσταγωγῷ,
1316 233 1352 268 μὴ
1391 235 1448 262 ταῖς
1485 235 1544 263 σαῖς
1587 232 1678 264 ὑπεξαι
1712 233 1856 266 θωπείαις,
1885 235 1917 268 μή

1112 277 1254 314 θροηθῆναι
1291 279 1347 306 ταῖς
1387 275 1512 307 ἀπειλαῖς.
1561 277 1663 307 Ταύτης
1696 277 1775 313 ἐσμὲν
1805 274 1919 313 ὀπαδοὶ,

1110 322 1192 358 ταύτῃ
1208 323 1253 347 καὶ
1282 325 1441 356 συνταγῆναι
1468 322 1613 358 ποιούμεθα
1638 319 1674 348 δι’
1695 321 1781 357 εὐχῆς
1799 331 1806 338 ·
1824 321 1844 347 ἃ
1857 326 1920 357 γοῦν

1111 366 1183 402 παρὰ
1197 367 1292 396 ταύτης
1307 365 1434 400 ἀκήκοας,
1449 365 1521 392 ταῦτ’
1547 367 1670 404 ἄντικρυς
1694 368 1738 392 καὶ
1753 365 1820 402 παρ’
1846 367 1920 402 ἡμῶν

1111 409 1362 446 ἀκηκοὼςγίνωσκε.
1380 413 1473 446 Θυμοῦ
1488 410 1596 442 πληθεὶς
1606 409 1648 437 ἐπὶ
1671 412 1775 442 τοὺτοις
1789 411 1803 436 ὁ
1825 412 1921 447 τύραν-

1111 465 1163 489 νος,
1176 456 1376 488 Μεταστήσατε,
1397 456 1471 491 φησὶ,
1505 456 1548 486 τὰς
1572 454 1776 491 ἀπονενοημένοις
1801 454 1832 487 ἐξ
1858 454 1921 490 ἐμοῦ

1112 498 1159 526 διὰ
1173 501 1278 535 ταχέος,
1294 500 1310 530 ἦ
1326 499 1420 536 μᾶλλον
1431 498 1458 525 ἐκ
1474 503 1519 526 τοῦ
1530 499 1592 536 βίον
1610 501 1643 526 τὰ
1655 501 1771 526 κάκιστα
1784 503 1920 529 ποιήσατε

1111 545 1216 580 γύναια,
1241 543 1321 580 βιαίῳ
1350 545 1450 580 θανάτῳ
1467 542 1601 582 παράδοτε
1622 545 1657 576 ὦς
1669 544 1699 571 ἄν
1714 545 1742 571 αἱ
1760 548 1809 575 τῆς
1837 545 1920 575 αὐτῆς

1113 588 1236 619 ἀπονοίας
1248 591 1283 625 μὴ
1299 592 1346 615 τοῦ
1369 589 1459 615 λοιποῦ
1475 589 1655 625 κατατολμῷεν
1670 591 1703 616 τὰ
1725 589 1917 626 παραπλήσια.

231 634 486 670 meoquantocius
496 634 631 671 abripite,
647 636 699 663 aut
713 634 821 670 potius,
833 636 866 662 ut
894 636 1046 662 merentur
1071 633 1183 661 crudeli
1207 635 1302 662 morte
1325 633 1470 670 perimite,
1496 636 1529 662 ut
1551 634 1576 662 si
1599 641 1667 670 qua
1694 634 1781 662 istius
1813 633 1918 662 adhuc

230 678 365 707 fortassis
378 680 447 708 sunt
461 679 630 715 dementia,
649 678 756 707 similia
771 680 942 715 perpetrare
957 678 1177 707 exhorrescant.

978 741 1090 768 CAPUT
1116 740 1162 768 lV.

484 804 517 832 S.
534 803 704 832 Theodosia
712 806 779 838 post
789 803 938 832 sociarum
953 810 1053 832 necem
1068 802 1190 831 crudele
1203 803 1385 838 martyrium
1403 805 1432 831 et
1445 802 1546 838 gloria
1559 802 1591 830 in
1607 803 1698 831 σωιὶε.

269 868 314 895 23.
326 864 408 893 Talia
421 872 490 893 cum
512 864 635 894 dixisset
663 867 820 901 tyrannus,
844 865 986 893 continuo
1003 864 1058 892 mi-
1079 865 1099 892 Β

233 911 318 941 nistri
329 910 403 946 ejus,
411 910 638 946 tanquamignis
645 909 727 945 ligna
738 910 910 946 corripiens,
925 911 1060 938 sanctam

235 956 373 985 auferunt
387 962 405 983 a
420 956 582 990 conspectu
609 954 702 991 ipsius
725 963 732 989 ;
755 956 784 983 et
807 957 928 982 caeteras
952 954 1061 990 pariter

235 1008 304 1030 cum
324 1007 360 1028 ea
380 998 546 1031 abducunt,
574 999 696 1027 trahunt
718 1007 771 1035 per
791 999 896 1031 crines,
924 998 1061 1027 maxillas

234 1045 413 1083 percutiunt,
429 1051 483 1080 per
501 1043 616 1079 plateas
639 1046 761 1080 raptant
773 1043 943 1072 insolenter.
965 1045 1061 1079 Atque

233 1091 290 1119 has
310 1088 433 1126 quidem
463 1087 580 1124 absque
606 1096 692 1116 mora
719 1088 876 1117 crudeliter
902 1087 1059 1121 trucidant,

233 1134 483 1169 venerandasque
497 1140 602 1161 revera
627 1133 773 1167 victimas,
798 1133 951 1167 religionis
967 1140 1060 1160 causa

233 1180 389 1213 mactatas,
406 1177 525 1206 Numini
539 1185 680 1213 supremo
697 1172 804 1206 sistunt
826 1177 964 1205 homines
979 1177 1061 1205 nefa-

232 1223 279 1252 rii.
294 1225 453 1259 postrema:
478 1221 738 1250 condemnationis
766 1221 796 1249 in
824 1221 930 1249 ultimo
956 1221 1061 1249 mundi

233 1271 380 1304 tempore,
396 1274 457 1294 non
468 1266 531 1294 sine
546 1266 655 1302 insigni
668 1274 723 1294 suo
738 1266 863 1303 pudore,
882 1265 971 1294 futuri
996 1266 1038 1294 rei
1054 1274 1061 1294 :

233 1313 356 1342 beatam
379 1319 449 1340 vero
473 1311 682 1346 Theodosiam,
698 1311 735 1339 de
761 1319 821 1347 qua
840 1310 986 1348 plurimus
1000 1310 1063 1346 regi

235 1358 332 1386 fuerat
345 1363 454 1389 sermo,
470 1355 509 1384 ad
524 1356 647 1384 alteram
677 1357 829 1384 servantes
853 1356 1061 1392 quaestionem,

236 1403 346 1431 iterum
366 1408 436 1428 cum
455 1407 490 1428 ea
512 1400 596 1436 loqui
622 1401 786 1436 coeperunt,
811 1401 840 1428 et
862 1399 1064 1436 quamobrem

237 1445 429 1483 pertinaciter
443 1445 519 1473 adeo
537 1444 573 1472 iis
587 1452 655 1481 quae
670 1444 899 1481 imperabantur
914 1444 1063 1473 contradi-

242 1491 331 1525 ceret,
349 1489 531 1526 pecunctari.

273 1536 318 1564 24.
343 1536 379 1563 At
402 1542 474 1563 vero
505 1533 596 1562 beata
624 1535 745 1570 martyr,
775 1542 896 1563 summa
918 1534 1064 1571 sapientia
1082 1545 1102 1573 ρ

238 1587 420 1616 summaque
435 1578 528 1607 animi
538 1578 708 1607 fortitudine
723 1579 764 1607 ita
776 1587 828 1607 eos
843 1581 888 1607 est
911 1579 1040 1607 allocuta
1055 1588 1061 1607 :

236 1625 296 1660 Ego
316 1631 437 1660 quoque
459 1623 501 1657 id,
527 1631 545 1651 ο
571 1623 653 1656 boni,
679 1631 715 1651 ex
733 1624 819 1652 vobis
851 1632 964 1660 quaero,
989 1624 1064 1660 quid

235 1668 358 1697 tandem
373 1676 440 1696 esse
455 1668 550 1704 possit
565 1667 595 1696 in
615 1676 718 1700 causa,
740 1676 793 1696 cur
811 1668 850 1696 ad
873 1669 1020 1696 cruciatus
1036 1671 1064 1697 et

234 1715 361 1741 mortem
376 1720 425 1741 me
435 1711 656 1747 designetis?An
666 1712 912 1748 proptereajquod
926 1713 1063 1748 religiose

234 1758 370 1786 venerari
382 1757 549 1785 staduerim
562 1757 626 1793 ejus
639 1756 814 1791 imaginem,
829 1757 881 1792 qui
895 1765 964 1785 cum
988 1759 1064 1785 Deus

236 1803 314 1830 esset
330 1803 451 1838 propter
470 1810 518 1829 me
538 1803 627 1829 natus
655 1803 700 1828 est
722 1800 825 1835 homo,
854 1801 957 1829 similis
981 1802 1063 1830 mei?

237 1849 290 1874 aut
305 1846 370 1881 ejus
380 1845 432 1882 qui
444 1847 537 1873 Deum
551 1846 578 1872 et
592 1844 746 1872 hominem
761 1844 876 1881 absque
905 1845 963 1874 ulla
977 1846 1063 1881 virgi-

239 1890 339 1919 nitatis
353 1898 415 1918 sum
430 1889 498 1918 labe
510 1888 625 1925 peperit
635 1889 707 1916 ?aut
722 1896 825 1917 eorum
840 1890 891 1926 qui
905 1890 1063 1918 Salvatoris

240 1934 405 1963 adventum
431 1933 546 1962 mundo
577 1932 717 1960 universo
746 1934 962 1962 annuntiarunt
980 1935 994 1962 ?
1013 1937 1064 1962 aut

241 1979 371 2015 denique
397 1986 501 2007 eorum
527 1977 579 2013 qui
606 1985 694 2005 suum
715 1986 770 2014 pro
799 1979 905 2007 Christi
928 1980 1064 2009 doctrina

238 2023 381 2052 fuderunt
403 2022 593 2058 sanguinem,
620 2022 732 2059 quique
764 2023 823 2052 alia
837 2024 927 2052 etiam
950 2025 1063 2053 ratione

243 2068 379 2097 divinam
394 2067 450 2095 sibi
477 2066 640 2095 amicitiam
661 2067 817 2096 conciliare
837 2071 906 2096 sunt
928 2069 1026 2097 conati
1049 2070 1063 2098 ?

243 2112 401 2147 Quomodo
416 2119 487 2140 vero
497 2119 559 2139 non
583 2111 698 2148 optima
712 2120 780 2140 cum
802 2112 917 2140 ratione
943 2113 1063 2142 stultam

242 2167 291 2187 me
305 2158 438 2186 dicerent
452 2159 480 2185 et
489 2157 638 2191 insanam,
652 2158 676 2185 si
690 2160 789 2186 vestra
803 2157 935 2193 profecto
960 2158 1063 2187 deliria

243 2211 299 2238 ego
313 2202 402 2229 etiam
413 2201 537 2230 delirare
552 2202 583 2230 in
596 2202 731 2230 animum
748 2202 921 2230 inducerem
931 2203 945 2231 ‘2
965 2203 1062 2231 autab
1082 2220 1104 2246 Β

240 2249 277 2277 iis
291 2245 466 2283 persuaderi
480 2247 553 2275 mihi
565 2247 705 2279 sinerem,
720 2246 772 2283 qui
787 2248 825 2274 ad
840 2247 973 2276 absurda
987 2248 1063 2276 adeo

241 2290 412 2329 pertrahere
420 2299 468 2320 me
487 2295 634 2320 conantur
652 2292 666 2319 ?
685 2291 719 2319 ld
742 2293 842 2319 autem
866 2300 927 2328 qua
941 2293 1064 2321 tandem

1149 863 1197 900 κγ’.
1223 866 1273 891 Καὶ
1287 865 1300 890 ὁ
1324 866 1369 900 μὲν
1388 865 1462 891 ταῦτ’
1485 865 1542 901 ἔφη,
1559 866 1593 891 Oi
1612 863 1637 891 δ’
1667 865 1752 898 εὐθὺς,
1783 869 1839 902 πῦρ
1856 865 1918 896 ὕλης

1113 910 1199 946 ὥσπερ
1215 907 1385 946 δραξάμενον,
1400 911 1447 939 τήν
1470 919 1497 936 τε
1521 909 1597 945 ἁγίαν
1623 910 1766 945 μεθιστᾶσι
1795 912 1844 936 καὶ
1874 912 1920 940 τὰς

1115 955 1162 980 σὺν
1177 954 1242 990 αὐτῇ
1269 955 1463 990 συναπάγουσι,
1492 958 1541 980 τῶν
1568 958 1668 990 τριχῶν
1697 954 1822 988 ἕλκοντες,
1852 957 1920 981 κατά

1113 1002 1224 1035 παρειῶν
1254 1000 1400 1032 τύπτοντες,
1432 997 1479 1025 διὰ
1515 998 1639 1024 πλατειῶν
1676 1000 1811 1035 σύροντες.
1842 999 1919 1026 Ἀλλὰ

1113 1044 1160 1073 τὰς
1172 1044 1217 1079 μὲν
1235 1043 1313 1075 ἄλλας
1332 1043 1406 1074 εὐθὺς
1433 1043 1588 1079 σφάττουσι,
1617 1045 1661 1069 καὶ
1689 1043 1795 1079 θύματα
1823 1045 1920 1074 ταύτας

1113 1090 1188 1124 τίμια
1200 1092 1236 1123 τῷ
1252 1089 1306 1114 ὁντι
1317 1097 1347 1124 γε
1361 1091 1406 1114 καὶ
1429 1087 1562 1124 σεϐάσμιοι
1588 1091 1769 1125 προσήνεγκαν
1800 1093 1838 1124 τῷ
1861 1093 1919 1124 Θεῷ

1115 1133 1139 1158 οἱ
1175 1136 1222 1162 τῆς
1249 1131 1366 1168 ἐσχάτης
1391 1134 1456 1170 πρὸς
1494 1136 1525 1168 τῇ
1570 1131 1753 1170 ἀνυπερϐλήτῳ
1798 1133 1918 1170 αἰσχύνῃ

1114 1175 1261 1207 καταδίκης
1285 1176 1324 1203 ἐπ’
1359 1176 1466 1213 ἐσχάτῳ
1496 1179 1540 1203 καὶ
1564 1177 1702 1203 ὑπεύθυνοι
1728 1187 1734 1194 ·
1759 1179 1807 1207 τὴν
1833 1176 1865 1204 δέ
1891 1188 1921 1214 γε

1115 1223 1246 1257 μακαρίαν
1260 1222 1357 1249 ταύτην
1391 1218 1547 1254 Θεοδοσίαν,
1569 1221 1599 1251 ἧς
1619 1223 1678 1258 πέρι
1696 1223 1740 1247 καὶ
1758 1225 1795 1256 τῷ
1813 1220 1922 1257 βασιλεῖ

1115 1264 1188 1300 λόγος
1212 1265 1251 1291 ὅτι
1275 1264 1354 1296 πολὺς
1381 1265 1428 1299 ἦν,
1457 1265 1493 1296 εἰς
1528 1263 1650 1302 δευτέραν
1677 1265 1836 1301 ἐταμίευσαν
1871 1268 1921 1295 τὴν

1117 1309 1244 1342 ἐξέτασιν,
1257 1312 1302 1336 καὶ
1320 1309 1356 1341 εἰς
1369 1309 1462 1346 λόγους
1476 1307 1552 1341 αὖθις
1571 1308 1648 1339 ἦλθον
1675 1310 1752 1347 αὐτῇ,
1778 1313 1825 1336 καὶ
1855 1311 1920 1348 {mila

1116 1354 1176 1380 ὅτου
1200 1355 1330 1389 τοσαύτην
1361 1358 1472 1381 ποιεῖται
1509 1356 1556 1383 τὴν
1589 1355 1710 1381 ἔνστασιν
1740 1356 1921 1381 πυνθάνεσθαι

1117 1397 1218 1428 ἤθελον.

1152 1530 1203 1560 κδ’.
1233 1534 1282 1559 Καὶ
1310 1531 1326 1561 ἣ
1365 1532 1436 1568 μάλα
1468 1535 1588 1566 συνετῶς,
1615 1533 1685 1569 μάλα
1706 1534 1829 1568 γενναίως
1855 1535 1921 1571 πρὸς

1117 1577 1210 1608 αὐτοὺς
1236 1578 1328 1612 ἔφησεν
1345 1587 1351 1593 ~
1372 1577 1440 1603 Ἀλλ’
1467 1577 1541 1613 ὑμεῖς
1567 1586 1606 1612 γε,
1633 1575 1652 1602 ὦ
1680 1577 1787 1613 λῷστοι,
1817 1579 1921 1604 πυνθά-

1116 1631 1204 1657 νομαι,
1230 1623 1298 1652 τίνος
1319 1631 1350 1657 με
1375 1621 1458 1648 εἱντια
1494 1619 1683 1652 καταδικάζετε
1717 1623 1826 1648 θάνατον
1852 1631 1858 1655 ;
1881 1624 1920 1649 ὅτι

1116 1670 1269 1703 προσκυνεῖν
1296 1665 1373 1692 ἐθέλω
1399 1668 1446 1695 τὴν
1475 1666 1560 1692 εἰκόνα
1578 1670 1624 1692 τοῦ
1653 1664 1690 1693 δι’
1725 1665 1769 1703 ἔμε
1792 1667 1851 1692 κατ’
1878 1667 1920 1703 ἔμε

1115 1712 1249 1746 γεγονότος
1275 1714 1341 1736 Θεοῦ
1374 1718 1381 1744 ;
1408 1711 1471 1746 πρὸς
1497 1708 1526 1736 δε
1549 1720 1579 1746 γε
1600 1715 1647 1741 τῆς
1669 1710 1808 1748 ἀχραντως
1831 1715 1920 1738 τουτον

1116 1756 1266 1788 removing;
1292 1759 1342 1780 τῶν
1368 1754 1533 1791 κηρυξάντων
1560 1755 1639 1781 αὑτὸν
1662 1754 1686 1781 ἐν
1713 1759 1772 1786 ταῖς
1798 1758 1920 1793 πέρασις

1116 1803 1166 1825 τῶν
1192 1799 1425 1836 ὑπεραθλησάντων
1441 1799 1520 1826 αὐτοῦ
1546 1808 1553 1832 ;
1581 1803 1630 1825 τῶν
1661 1799 1743 1830 ἄλλως
1782 1799 1922 1837 εὐαρεστη-

1118 1846 1216 1871 σάντων
1240 1845 1309 1880 αὐτῷ
1329 1853 1335 1878 ;
1360 1847 1410 1871 Καὶ
1431 1848 1486 1875 πῶς
1514 1844 1558 1875 οὖς
1583 1844 1631 1876 ἔξω
1655 1847 1775 1881 γενοίμην
1800 1849 1846 1871 νοῦ
1877 1848 1921 1872 καὶ

1117 1893 1221 1927 φρενῶν,
1248 1893 1303 1919 τοῖς
1329 1889 1490 1925 αὐτόχρημα
1516 1888 1685 1927 παραπλῆξιν
1728 1890 1789 1925 ὑμῖν
1810 1899 1922 1927 συμφρο-

1116 1936 1230 1966 νήσασα,
1258 1934 1272 1963 ἦ
1297 1935 1341 1960 καὶ
1367 1933 1489 1964 καθάπαξ
1515 1934 1657 1960 πεισθεῖσα
1691 1937 1800 1960 τοιαῦτα
1841 1944 1920 1960 κατα-

1116 1980 1279 2015 ναγκάζουσι
1309 1988 1316 2013 ;
1352 1982 1407 2009 Πῶς
1432 1977 1457 2005 δ’
1495 1978 1675 2015 ἀνασχοίμην,
1709 1979 1754 2010 τάς
1779 1980 1849 2010 θείας
1876 1983 1919 2006 καὶ

1117 2026 1214 2055 σεπτὰς
1242 2024 1342 2055 εἰκόνας
1369 2023 1551 2060 χλευαζόντων
1590 2024 1673 2060 ὑμῶν,
1705 2026 1750 2050 καὶ
1774 2024 1919 2051 καλούντων

1116 2070 1195 2100 αὐτὰς
1225 2067 1320 2095 εἴδωλα
1343 2076 1350 2102 ;
1379 2069 1418 2095 Τὰ
1451 2069 1500 2106 γὰρ
1542 2066 1637 2095 εἴδωλα
1668 2068 1853 2095 ἂννποστάτων
1875 2072 1916 2095 καί

1116 2115 1179 2150 ψιλῇ
1208 2111 1419 2149 διατυπουμένων
1454 2112 1554 2149 ἕπινοίᾳ
1579 2112 1722 2149 πλάσματά
1756 2123 1783 2140 τε
1818 2116 1863 2140 καί
1885 2114 1917 2140 εῖ-

1117 2161 1241 2195 κάσματα
1269 2157 1454 2194 ὃιεγνωκαμεν,
1490 2156 1548 2184 οὐδ’
1589 2156 1671 2187 ἀληθῆ
1699 2159 1731 2184 τὰ
1760 2161 1917 2194 πρωτότνπα

1118 2206 1163 2230 καί
1190 2206 1267 2239 τίμια
1292 2203 1350 2228 καθ’
1377 2202 1444 2228 αὗτὰ
1471 2205 1516 2228 καί
1545 2201 1687 2238 σεϐάσμια,
1707 2206 1752 2232 τῆς
1771 2203 1852 2233 αὐτῆς
1875 2204 1916 2228 καί

1120 2249 1147 2274 αἱ
1185 2247 1276 2277 εἰκόνες
1313 2246 1340 2272 ἐκ
1376 2249 1420 2273 τοῦ
1463 2247 1559 2277 εἰκότος
1601 2250 1679 2282 τιμῆς
1724 2248 1915 2276 καθεστήκασιν

1119 2293 1190 2324 ἄξια.

241 2335 358 2366 ratione
369 2335 487 2365 valeam
502 2337 638 2370 tolerare,
654 2335 737 2372 quod
753 2343 844 2364 sacrae
858 2339 887 2365 et
899 2338 1079 2366 venerandae
1093 2337 1240 2372 imagines
1255 2336 1325 2364 odio
1341 2335 1426 2364 vobis
1446 2335 1506 2363 sint
1520 2337 1549 2364 et
1563 2335 1704 2367 ludibrio.
1721 2339 1750 2364 et
1763 2343 1818 2372 pro
1831 2336 1918 2364 idolis

241 2381 436 2410 habeantur?
450 2381 531 2410 idola
545 2383 623 2409 certe
646 2380 786 2409 novimus
800 2389 868 2410 esse
897 2382 1057 2411 simulacra
1082 2390 1181 2411 rerum
1197 2389 1258 2410 non
1285 2380 1522 2415 subsistentium,
1538 2382 1566 2408 et
1580 2380 1679 2409 solerti
1702 2380 1849 2409 industria
1872 2389 1917 2409 re-

239 2428 490 2463 praesentatarum
508 2426 652 2462 ﬁgmenta
666 2433 672 2452 :
686 2433 817 2461 quorum
838 2428 997 2463 prototypa
1020 2435 1090 2455 cum
1099 2434 1171 2455 vera
1182 2433 1244 2454 non
1257 2425 1324 2461 sint,
1339 2433 1437 2461 neque
1451 2432 1505 2461 per
1520 2432 1586 2453 sese
1605 2425 1814 2453 mstimationis
1830 2424 1916 2453 ullius

241 2472 294 2500 aut
306 2471 402 2507 pretii,
417 2477 605 2506 consequens
615 2472 668 2504 est,
682 2472 712 2499 ut
724 2470 798 2507 ipsas
813 2471 960 2506 imagines
977 2471 1069 2500 nihilo
1082 2471 1189 2508 majori
1203 2470 1392 2498 veneratione
1408 2469 1466 2497 sint
1479 2469 1588 2505 dignae.

276 2517 320 2544 95.
342 2517 377 2544 Ut
391 2515 480 2551 igitur
492 2514 591 2543 verbis
606 2514 679 2543 nihil
691 2518 794 2544 contra
807 2523 875 2544 eam
888 2515 964 2544 efﬁci
973 2524 1063 2553 posse

241 2562 455 2598 cognoverunt,
471 2567 564 2596 quam
578 2561 660 2588 tanta
673 2560 767 2588 animi
778 2560 917 2588 ﬁrmitate
940 2568 1064 2597 respon-

241 2605 373 2640 dentem,
390 2604 522 2641 'tamque
553 2605 702 2642 sapienter
728 2612 842 2632 errores
862 2604 1066 2634 confutantem

241 2650 428 2685 audiverant,
451 2649 622 2678 immaniter
648 2657 716 2678 eam
736 2648 849 2676 credere
879 2653 1033 2686 cmperunt
1059 2659 1065 2684 ;

240 2694 383 2731 quodque
396 2694 529 2723 oratione
544 2693 725 2730 persuadere
735 2701 796 2721 non
813 2693 978 2728 valuerant,
1001 2703 1065 2723 ver-

240 2739 347 2767 berum
369 2739 522 2768 atrocitate
550 2741 724 2775 extorquere
745 2741 813 2766 sunt
839 2740 985 2774 aggressi.
1009 2740 1066 2768 Sed

241 2783 323 2820 quod
336 2783 524 2812 intenderant
538 2790 598 2811 non
611 2783 703 2811 modo
721 2789 781 2810 non
807 2786 877 2812 sunt
903 2785 1065 2821 consecuti,

1153 2515 1197 2542 κε’.
1223 2515 1265 2545 Ὠς
1290 2513 1334 2541 οὖν
1367 2515 1481 2550 ἔγνωσαν
1517 2513 1546 2540 οὗ
1582 2513 1670 2550 λόγοις
1694 2517 1784 2541 πεῖσαι
1822 2515 1917 2543 ταύτην

1121 2559 1269 2596 δυνάμενοι,
1295 2560 1362 2586 οὕτω
1390 2569 1430 2585 τοι
1470 2559 1581 2596 στερρῶς
1614 2558 1818 2596 ἁποκρινομένην
1844 2560 1917 2596 ὁρῶν-

1120 2615 1161 2636 τες
1195 2607 1239 2631 καί
1283 2608 1394 2635 συνετῶς
1435 2603 1516 2633 αὐτὴν
1556 2606 1773 2642 περιτρέπουσαν,
1810 2603 1917 2635 ἀνηλεῶς

1120 2650 1258 2686 μαστίζειν
1285 2650 1472 2687 προήχθησαν,
1500 2651 1545 2675 καί
1572 2648 1585 2674 ὃ
1611 2651 1648 2685 μὴ
1674 2650 1762 2684 φθαῖεν
1788 2647 1917 2679 δνηθέντες

1120 2696 1215 2727 πειθοῖ,
1232 2693 1279 2731 βίᾳ
1309 2695 1477 2730 κατισχύσαι
1502 2692 1685 2722 διενοήθησαν.
1706 2693 1774 2720 Ἀλλ’
1789 2693 1916 2729 ἀπέτυχον

1120 2744 1166 2766 τοῦ
1191 2743 1300 2772 σκοποῦ,
1335 2738 1399 2764 ἀλλὰ
1425 2737 1570 2775 διήμαρτον
1592 2742 1639 2769 τῆς
1663 2736 1769 2768 ἐλπίδος
1790 2740 1852 2775 πρὸς
1873 2740 1915 2774 μῇ

1119 2786 1170 2821 γὰρ
1195 2785 1287 2822 μικρὸν
1318 2783 1382 2812 αὐτὴ
1411 2782 1533 2818 θέλξασα,
1565 2782 1670 2820 βρατῶν
1701 2781 1912 2818 ἁφρονεστάτους,
