1963 3084
57 147 116 175 917

740 145 775 172 ΙΝ
797 144 824 174 S.
846 143 1081 173 THEODOSIAM.

1696 144 1748 173 918

56 210 132 235 κατά
148 210 192 235 τὸν
223 208 337 243 εἰπόντα,
366 206 507 244 διήλεγξεν.
532 208 565 234 Οἱ
591 208 636 244 μὶν
658 207 707 244 γὰρ
739 208 797 238 τούς
822 207 856 233 τύ

952 214 1026 234 erum
1040 206 1129 234 etiam
1144 205 1227 234 omni
1243 212 1368 242 prorsus
1397 205 1570 234 exciderunt
1600 213 1663 242 spe,
1679 214 1747 243 quae

57 263 175 284 πτοντας
191 253 337 282 ἐπέστησαν
361 254 406 279 καὶ.
434 253 481 284 τὰς
507 253 636 288 μάστιγας
663 250 863 289 διηντρέπισαν·

57 299 74 327 ἡ
94 297 123 325 δ’
138 296 233 325 οὐδένα
254 298 329 333 λόγον
354 301 425 333 σφῶν
455 299 630 333 ποιησαμένη,
655 297 689 328 ὡς
715 296 752 328 εἰς
775 296 866 332 λόγους

58 342 143 373 αὖθις
158 344 223 378 ἔγνω
250 346 346 380 χωρεῖν
375 341 522 378 μέλλοντας,
552 341 585 367 Ὀ
617 341 751 375 βούλεσθε,
775 343 864 377 φησίν,

57 389 98 423 μὴ
133 387 236 424 μέλλετε
279 385 500 424 διαπράττεσθαι.
530 386 600 413 Ἱστε
621 390 678 421 τῆς,
710 386 741 417 ἧς
770 387 867 422 ἔχομαι

57 434 182 468 γνώμης,
209 430 402 468 ἔχστησομένην
437 429 570 458 οὐδέποτε·
613 430 642 457 οὗ
679 431 729 467 γάρ
768 432 799 462 μέ
826 439 867 461 τις

58 478 177 505 πτοήσει
207 480 256 502 τῶν
286 475 437 502 ἀποκτεῖναι
473 478 518 512 μέν
546 477 575 502 τὸ
606 479 682 512 σῶμα
705 473 865 511 δυναμένων,

56 520 233 557 λυμήνασθαι
259 519 289 547 δὲ
299 519 477 557 μηδοπωσοῦν
508 520 654 556 ἰσχυόντων
679 530 728 556 μου
757 524 788 550 τῆ
815 519 866 555 ψυ-

56 569 112 601 χῆ,
139 565 172 596 ὡς
198 567 212 592 ὁ
235 568 280 592 καὶ
306 565 399 601 ψυχὴν
428 567 493 603 πρὸς
526 569 562 601 τῷ
591 567 694 601 σώματι
725 563 866 601 δυνάμενος

56 609 200 644 ἀπολέσαι,
223 610 268 637 ἅτε
297 609 460 648 δημιουργὸς
488 610 522 636 ὢν
550 609 645 646 ἀμφοῖν
667 611 712 636 καὶ
737 607 867 640 δεσπότης

56 655 182 682 ὑπέθετο.

93 787 147 820 κζ.
178 790 238 818 Πῶς
271 788 357 814 οἴεσθε
395 786 464 814 ταῦτ’
500 786 656 817 ἀκούσαντες
694 785 866 820 amitino-av;

56 835 118 864 Πῶς
135 833 162 858 οἱ
176 834 224 862 τήν
240 832 319 869 ὀφρὺν
335 831 363 858 ἐκ
378 836 423 858 τοῦ
440 831 581 868 βασιλείου
610 832 722 868 κρά-ους
750 831 867 867 αὐχοῦν-

53 886 98 908 τες
131 879 180 906 τήν
222 878 352 906 τοσαύτην
401 881 471 913 σφῶν
506 878 691 914 περιφρόνησιν
737 876 865 912 ἢνςγκανς

55 921 126 949 Βὲλει
145 923 216 948 καθοί
229 932 280 948 τινι
307 924 354 951 τὴν
382 920 494 960 καρδίαν
528 921 685 951 ἐϐλήθησαν·
707 921 791 948 τοίνυν
819 923 864 947 χαὶ

57 968 248 1003 συνεχύθησαν
275 971 311 1002 τῷ
336 967 422 1003 θυμῷ,
453 969 498 993 καὶ
532 967 650 1003 ἐκμανεῖς
692 965 862 1003 ἐγεγόνεισαν,

54 1010 106 1037 κὰκ
120 1015 168 1038 τοῦ
185 1012 261 1049 ἔργον
277 1015 354 1038 τοῦτο
383 1013 562 1049 παρέστησαν·
591 1011 620 1038 οὗ
641 1012 691 1048 γὰρ
717 1011 757 1037 ὃτι
784 1013 862 1046 γυνη,

55 1054 227 1082 οὐδ’ὁτιτόν
243 1055 301 1092 βίον
321 1057 400 1088 ὁσίως
425 1066 452 1083 τε
485 1058 530 1083 χαὶ
563 1055 703 1093 ἁμίμπτως
728 1054 861 1087 διήνυσεν,

55 1101 91 1132 si;
107 1104 171 1127 νοῦν
197 1100 262 1132 ὅλως
292 1100 390 1136 ἔϐαλον,
416 1100 468 1127 ἀλλ’
491 1101 554 1127 ὡσεί
583 1111 640 1126 τινα
664 1100 773 1134 ληστήν,
800 1100 863 1127 ὠσπί

53 1155 114 1172 τινα
138 1150 296 1182 κακοῦργον,
328 1147 343 1175 ἤ
370 1149 415 1172 καὶ
441 1156 466 1172 τι
492 1149 541 1172 τῶν
575 1144 753 1177 ἑξωλεστοὲτων
782 1145 862 1176 ἄλλως

53 1193 170 1226 γυναίων
190 1191 314 1228 ῥιπτοῡσι
343 1192 411 1217 κατὰ
438 1194 495 1226 γῆς,
536 1191 710 1227 μαστίζουσιν
749 1189 859 1221 ἀπηνῶς.

54 1235 124 1262 Ἀλλ’
139 1237 164 1262 οὶ
184 1237 229 1272 μὲν
245 1237 360 1271 ἔτυπτον,
377 1238 422 1262 καὶ
437 1237 485 1265 ὅση
501 1245 531 1271 γε
551 1235 631 1272 ἰσχὺς
644 1237 762 1270 ἔτυπτον,
787 1236 801 1265 ἡ
835 1233 860 1262 δ’

56 1280 92 1311 εἰς
119 1280 231 1318 οὐρανὸν
251 1282 294 1306 τὸν
315 1284 373 1307 νοῦν
399 1280 563 1314 ἀνατιίνασα,
588 1283 632 1306 καὶ
665 1280 709 1310 ὅλη
739 1281 859 1316 γενομένη

52 1329 100 1351 τοῦ
115 1328 272 1362 κρείττονος,
287 1324 344 1362 εὖγε
362 1329 409 1352 τοῦ
425 1325 558 1362 θάρσουςι
586 1329 644 1361 εὖγε
670 1329 717 1355 τῆς
740 1325 773 1355 εἰς
796 1326 860 1352 Θεὸν

53 1371 389 1408 πεποιθήσεωςῑύπέρευγε
421 1371 503 1399 ταύτη
561 1375 606 1400 τῆς
662 1369 857 1406 γενναιότητοςί

52 1414 187 1451 ὗπέψαλλε
215 1417 328 1451 κειμένη·
394 1416 488 1452 Κύριος

51 1462 194 1496 καταφυγή
209 1469 270 1496 μου,
287 1462 331 1486 καὶ
345 1460 443 1497 ῥύστης
465 1469 525 1495 μου·
556 1460 568 1485 ό
593 1462 657 1491 Θεὸς
689 1468 738 1495 μου
761 1457 858 1495 βοηθός

52 1514 115 1540 μου,
144 1506 222 1542 κέρας
245 1506 378 1542 σωτηρίας
420 1514 480 1540 μου,
525 1507 571 1530 καὶ
605 1503 767 1541 ἀντιλήπτωρ
795 1513 857 1539 μου,

51 1550 78 1575 ὃν
107 1548 298 1585 ἐπικαλουμένη
344 1550 510 1585 σωθήσομαι.
550 1551 600 1575 Καὶ
625 1553 713 1584 τεῖχος
734 1547 758 1574 ἐν
788 1547 857 1583 αὐτῷ

52 1593 248 1629 ὑπερϐήσομαι,
265 1595 294 1619 τὸ
325 1597 372 1624 τῆς
400 1591 558 1624 κακοδοξίας
589 1597 664 1619 τοῦτο
691 1591 856 1630 διάφραγμα,

51 1638 64 1663 ὀ
79 1637 243 1674 διατειχίζει
257 1640 302 1674 μὲν
314 1642 391 1674 Θεοῦ,
409 1637 571 1674 διατειχίζεῑ
586 1636 615 1664 δὲ
630 1640 674 1664 καὶ
695 1641 742 1669 τῆς
772 1637 858 1674 ὄφρά-ι

53 1691 116 1708 στου
133 1682 230 1712 ἐκείνης
239 1685 283 1708 καὶ
298 1682 411 1712 ἀλήκτου
427 1685 662 1720 μαχαταριότητος.

542 1415 674 1451 στερέωμα
720 1423 769 1450 μου
814 1416 859 1440 καὶ

920 251 1077 288 paululum
1090 259 1141 279 eos
1153 251 1316 287 decipiens,
1332 250 1473 287 probavit
1492 258 1566 284 esse,
1582 252 1615 279 ut
1634 250 1674 279 ait
1688 250 1746 287 ille,

921 295 1112 324 stultissimos
1123 295 1265 324 virorum.
1276 295 1319 323 Illi
1331 295 1411 324 enim
1423 295 1614 324 verberantes
1624 295 1748 324 instrue-

919 340 994 369 bant
1003 342 1031 368 et
1046 340 1315 376 dirigebantictus:
1333 341 1399 377 ipsa
1410 348 1480 368 vero
1503 340 1588 368 nihili
1620 348 1672 369 eos
1701 339 1747 369 fa-

921 385 1012 419 ciens,
1022 388 1054 413 ut
1069 385 1139 413 vidit
1151 393 1170 413 a
1182 385 1356 413 verberibus
1366 385 1405 413 ad
1419 385 1512 413 verba
1521 392 1642 413 rursum
1654 385 1745 414 deve-

919 429 983 458 nire
997 431 1118 466 parat0s
1133 438 1140 456 :
1155 429 1251 464 Quod,
1273 429 1380 465 inquit,
1406 429 1503 458 facere
1524 429 1610 458 vultis
1642 429 1747 458 incun-

920 476 1033 502 ctanter
1039 473 1180 510 peragite.
1189 473 1284 502 Nostis
1296 481 1344 502 me
1351 473 1389 502 ah
1402 481 1436 502 ea
1447 481 1638 510 quamnunc
1646 473 1745 503 habeo

920 520 1018 547 mente
1029 518 1230 546 discessuram
1239 526 1407 554 nunquam.
1424 520 1481 546 Nec
1494 526 1566 546 sane
1583 519 1746 555 quisquam

920 571 968 591 me
984 563 1118 591 terruerit
1133 570 1247 597 eorum,
1263 562 1316 598 qui
1335 570 1444 599 corpus
1459 563 1584 599 quidem
1596 563 1679 591 istud
1697 570 1746 592 oc-

920 607 1017 636 cidere
1023 607 1272 644 possunt,animte
1284 609 1385 635 autem
1394 607 1645 644 meaalmolestiam
1655 607 1748 636 ullam

920 652 1025 681 afferre
1039 659 1101 680 non
1115 654 1253 688 possunt,
1269 651 1529 688 quemadmodum
1545 653 1642 688 potest
1656 652 1681 680 is
1695 652 1748 689 qui

921 697 1054 725 animam
1067 704 1128 725 una
1138 696 1262 732 perdere
1275 695 1352 724 valet
1361 704 1429 724 cum
1442 703 1577 732 corpore,
1589 697 1662 733 quia
1685 699 1748 725 tam

920 741 1011 777 hujus
1025 749 1118 777 quam
1131 741 1209 768 illius
1226 741 1322 769 factor
1335 743 1380 769 est
1394 743 1422 769 et
1447 743 1572 769 creator.

955 788 999 814 26.
1015 787 1078 819 Qua
1090 786 1206 814 ratione
1221 785 1343 814 affectos
1358 786 1448 814 fuisse
1460 786 1571 823 putatis
1591 786 1656 814 haec
1689 794 1746 815 au-

920 829 1056 858 dientes?
1069 838 1130 867 quo
1142 830 1237 858 modo
1254 832 1371 859 tantum
1384 830 1431 859 sui
1450 830 1585 867 ipsorum
1613 832 1746 860 contem-

885 884 905 912 Β
919 877 1004 910 ptum
1017 875 1169 911 excepisse
1182 882 1246 910 eos,
1257 874 1308 911 qui
1323 874 1362 903 ob
1377 875 1481 904 datam
1504 875 1561 903 sibi
1590 883 1608 903 a
1631 875 1745 904 crudeli

917 920 1096 957 imperatore
1122 921 1310 956 potestatem,
1346 919 1490 949 tollebant
1526 920 1742 957 supercilium?

917 965 1158 1000 Transﬁgebatur
1172 971 1224 993 cor
1238 971 1343 993 eorum
1355 964 1434 993 velut
1441 964 1542 1001 jaculo
1552 964 1698 1001 quodam,
1713 966 1742 994 et

917 1009 969 1037 toti
979 1009 1242 1038 confundebantur
1251 1016 1313 1045 prin
1341 1008 1450 1042 furore,
1476 1009 1741 1045 eﬂiciebanturque

916 1054 1024 1089 rabidi,
1044 1056 1072 1082 et
1093 1062 1146 1090 per
1166 1053 1355 1083 iracundiam
1383 1053 1515 1090 agebant
1540 1054 1652 1083 omnia.
1675 1055 1741 1082 Non

916 1099 997 1127 enim
1009 1098 1133 1127 omnino
1144 1098 1174 1126 in
1187 1100 1318 1126 mentem
1333 1098 1390 1126 sibi
1414 1098 1513 1126 venire
1538 1097 1739 1135 patiebantur,

916 1145 967 1172 aut
981 1143 1064 1180 quod
1076 1142 1181 1171 mulier
1191 1145 1277 1176 esset,
1294 1144 1346 1171 aut
1356 1142 1439 1179 quod
1450 1142 1527 1171 adeo
1541 1141 1680 1178 religiose
1699 1142 1742 1171 in-

915 1188 1092 1225 culpateque
1107 1187 1245 1220 vixisset;
1259 1187 1323 1222 sed,
1334 1187 1423 1216 veluti
1435 1187 1604 1216 maleﬁcam
1617 1189 1646 1215 et
1657 1187 1742 1216 femi-

914 1241 1024 1261 narum
1039 1232 1176 1261 omnium
1199 1232 1336 1260 ultimam
1359 1232 1647 1269 nequissimamque,
1677 1232 1742 1261 solo

914 1278 1084 1307 afﬂixerunt
1094 1277 1321 1306 etinclementer
1330 1277 1530 1314 ﬂagellarunt.
1540 1277 1742 1307 Verberabant

913 1323 964 1358 illi,
976 1325 1005 1351 et
1017 1322 1218 1351 verberabant
1227 1322 1340 1350 viribus
1356 1322 1434 1357 totis,
1447 1322 1517 1359 ipsa
1541 1330 1612 1351 vero
1637 1324 1740 1351 mente

912 1373 943 1401 in
956 1367 1064 1396 calum
1080 1367 1189 1400 deﬁxa,
1205 1367 1354 1402 etmajora
1371 1366 1554 1404 melioraque
1565 1368 1668 1397 omnia
1694 1375 1741 1396 00<

913 1413 1010 1447 gitans
1022 1412 1051 1448 (ο
1070 1411 1219 1446 insignem
1233 1411 1326 1439 animi
1341 1411 1564 1440 fortitudinem!
1583 1420 1602 1441 0
1617 1412 1740 1448 praecla-

911 1465 977 1485 ram
989 1457 1020 1484 in
1035 1457 1128 1484 Deum
1141 1455 1301 1484 ﬁduciam!
1315 1463 1334 1484 ο
1345 1463 1504 1492 nunquam
1518 1456 1590 1485 satis
1611 1457 1740 1487 laudan-

912 1501 983 1529 dam
999 1500 1226 1536 generositatem
1253 1499 1325 1535 l):in
1352 1501 1463 1528 terram
1491 1500 1559 1529 licet
1587 1504 1739 1537 prostrata

911 1547 977 1575 hinc
987 1545 1138 1574 ePsalmis
1162 1544 1294 1573 suaviter
1307 1544 1500 1573 concinebat:
1516 1546 1660 1573 Dominus
1687 1546 1738 1576 ﬁr-

913 1593 1100 1619 mamentum
1111 1597 1214 1618 meum
1227 1592 1255 1617 et
1269 1589 1418 1626 refugium
1429 1597 1541 1623 meum,
1558 1592 1585 1617 et
1596 1589 1738 1620 liberator

912 1644 1008 1664 meus.
1025 1636 1101 1662 Deus
1116 1642 1212 1667 meus,
1228 1633 1387 1662 auxiliator
1400 1641 1495 1666 meus,
1512 1641 1606 1662 cornu
1635 1634 1738 1664 salutis

912 1688 998 1714 meae,
1006 1681 1034 1707 et
1045 1681 1201 1715 susceptor
1212 1687 1309 1714 meus,
1317 1686 1409 1715 quem
1424 1679 1569 1707 invocans
1581 1679 1665 1708 salva
1675 1687 1737 1713 ero,

51 1727 82 1755 in
95 1727 163 1763 ipso
176 1727 379 1762 transgrediar
393 1735 534 1761 murum;
557 1735 689 1761 murum,
712 1727 848 1763 inquam,
877 1724 1080 1762 perversitatis
1108 1724 1207 1760 hujus,
1233 1724 1286 1760 qui
1310 1725 1431 1760 separat
1458 1731 1476 1752 a
1503 1723 1563 1752 Deo
1583 1726 1674 1761 atque
1698 1725 1738 1753 ab

53 1774 166 1799 aeterna
179 1771 385 1808 ineﬁ‘abilique
398 1771 428 1799 in
442 1771 525 1800 caelis
538 1771 711 1799 beatudine.

90 1815 205 1846 κζ.Ἧν
227 1815 272 1842 οὖν
293 1814 358 1842 ἰδεῖν
383 1817 497 1852 αἱμάτων
524 1815 551 1841 ἐκ
581 1814 711 1853 διαφόρων
735 1819 780 1842 τοῦ
808 1817 858 1841 σώ-

54 1870 135 1896 ματος
169 1864 253 1897 μερῶν
289 1860 481 1898 προχεομένους
516 1863 647 1898 κρουνοὺς,
695 1859 858 1896 ἑδαφοςνφοι-

54 1908 219 1942 νισσόμενον,
247 1907 363 1942 κέρματα
399 1909 502 1942 σαρκῶν
533 1904 636 1931 ἄλλοθεν
665 1905 729 1931 ἄλλα
751 1903 857 1931 διασκι-

54 1949 179 1986 δνάμινα,
211 1954 288 1986 σῶμα
314 1950 436 1981 καθάπαξ
468 1949 634 1984 χαταξανθὲν,
668 1953 744 1986 σῶμα
777 1959 855 1975 κατα-

51 1994 153 2027 ϐληθὲν,
170 1996 216 2020 καὶ
244 1996 294 2031 πρὸ
318 1998 365 2025 τῆς
390 1995 487 2031 φθορᾶς
514 2004 608 2032 μικρου
638 1995 716 2030 φάναι
744 1992 853 2030 διαφθα-

52 2040 101 2074 ρὲν,
116 2038 223 2074 ψυχὴν,
238 2037 264 2064 δ’
278 2037 378 2073 ἀπαθῆ,
405 2041 450 2065 καὶ
473 2041 548 2069 ὅντως
575 2038 780 2076 οὗρανοϐοὲμονου
806 2040 853 2067 τὴν

50 2084 100 2120 γάρ
126 2093 168 2109 τοι
199 2083 310 2119 κεφαλήν
345 2084 360 2112 ἡ
390 2086 509 2120 μακαρία
537 2081 665 2120 διάρασα,
679 2084 793 2110 Tui-min
819 2083 852 2113 ὡς

51 2127 131 2163 ἰσχύς
156 2128 219 2164 ὑμῖν
258 2128 316 2164 ἔφη,
353 2129 472 2154 ruma-tr
512 2127 556 2164 ἐμὲ
577 2129 639 2164 γὰρ,
666 2126 693 2154 εὖ
720 2127 782 2162 iure,
805 2131 853 2158 τῆς

50 2173 196 2208 προθέσεως
224 2170 337 2203 οὐδολως
371 2171 522 2206 ἐκστήσετε,
558 2170 619 2198 οὐδὲ
642 2176 696 2204 τοῖς
722 2172 851 2208 ὑμετέροις

49 2217 193 2253 θελήμασιν
204 2216 339 2243 ὑποκλῖναι
361 2215 516 2246 δυνήσεσθε.
533 2216 600 2253 Ἀρ’
629 2217 676 2243 οὐχ
707 2216 848 2253 ἐμφιλοσος

51 2265 157 2298 φώτατα
176 2262 205 2287 τὸ
220 2265 265 2287 τοῦ
284 2261 447 2297 Ἀναξάρχου
470 2259 643 2295 dinam-aro;
661 2259 702 2298 ἆρ’
728 2261 757 2287 οὗ
768 2265 849 2298 κρεῖτ-

49 2316 89 2332 τον
101 2306 210 2341 ἐκείνου,
224 2309 271 2331 τοῦ
284 2305 325 2332 ἐπὶ
352 2308 515 2342 γενναιότητι
543 2305 700 2341 διαϐοήτου,
732 2310 777 2332 τοῦ
802 2308 848 2336 τὴν

51 2353 142 2387 σοφίαν
182 2350 394 2387 πολυθρυλλήτον
433 2351 462 2376 τὸ
503 2355 580 2387 σῶμα
612 2353 847 2388 πιριπεφρόνηκενς,

50 2395 78 2422 Εἰ
92 2396 143 2432 γὰρ
160 2397 206 2421 καὶ
220 2397 256 2431 μὴ
274 2394 383 2421 θύλακον
399 2396 501 2431 ἔφησῖα,
523 2395 574 2422 ἀλλ’
607 2395 709 2432 ἐνόμισε
735 2398 780 2422 καὶ
803 2399 848 2422 τοῦ

50 2438 162 2476 μηδενός
175 2441 296 2476 ὶτίμησε,
325 2443 442 2476 κρεῖττον
467 2441 542 2470 ὅντως
566 2439 662 2466 ἐκείνου
694 2442 738 2466 καὶ
764 2439 848 2476 ἐφιλο-

50 2487 148 2520 σόφησε
163 2486 208 2509 καὶ
234 2482 389 2520 ἠνδρὶσατο.
412 2484 441 2510 Ὀ
464 2486 509 2520 μὲν
537 2486 588 2521 γὰρ
615 2483 654 2510 ἐπ’
676 2484 761 2520 ὀλίγον
790 2484 849 2521 ἐμα-

49 2529 159 2564 στίχθη,
175 2530 221 2554 χαὶ
236 2528 268 2558 ὠς
281 2528 305 2554 ἐν
322 2529 419 2566 θεάτρῳ
439 2533 491 2559 τοῖς
517 2532 718 2565 παρατυχοῦσιν
743 2528 848 2565 ἐμφανί-

49 2573 140 2603 ξισθαι
152 2572 236 2606 ἤθελε,
262 2576 307 2599 καὶ
332 2576 379 2602 τὴν
406 2573 468 2611 παρ’
500 2573 639 2611 ἀνθρώπων
667 2572 745 2605 δόξαν
774 2573 847 2612 ἐχαρ.

48 2619 112 2654 τέρει
141 2618 300 2654 θηρώμενος,
336 2620 361 2644 οἷ
397 2628 424 2644 τε
465 2620 515 2655 γὰρ
540 2619 645 2655 ὁρῶντος
684 2618 845 2654 στιζόμενον,

49 2664 91 2688 καὶ
122 2666 178 2692 ταῖς
206 2662 320 2694 στίξισιν
347 2663 376 2689 οὐ
403 2666 649 2700 καταχαμπτὸμενον
678 2662 845 2698 ἄτεθὴπισοιν,

82 2743 540 2780 (θλΑυωυυιηΑδᾱπηωωυω
549 2745 635 2780 jussu
646 2745 845 2774 Nicocreontis

50 2779 145 2814 Cyprii
155 2780 290 2842 αἴτιοιηοί
307 2780 337 2807 in
348 2788 439 2808 saxeo
447 2780 591 2809 mortario
601 2780 841 2817 contunderetur,

50 2822 83 2842 ea
93 2822 152 2842 vox
184 2815 313 2842 audatur
332 2823 351 2842 a
376 2817 500 2842 Laertia.
527 2817 677 2842 Cicerone.
706 2816 821 2842 Valerio
835 2826 841 2842 :

50 2822 83 2843 ea
93 2822 152 2843 vox
172 2815 313 2844 laudatur
332 2823 351 2845 a
376 2817 500 2850 Laertio,
527 2817 677 2850 Cicerone,
706 2815 841 2846 Valerio:

949 1815 991 1842 27.
1005 1814 1129 1842 Cernere
1144 1813 1233 1849 igitur
1248 1814 1312 1841 erat
1325 1813 1405 1841 rivos
1430 1814 1518 1850 quasi
1544 1814 1700 1850 sanguinis
1722 1823 1738 1844 e

912 1859 1002 1887 variis
1014 1859 1140 1894 virginei
1152 1858 1320 1894 corpusculi
1333 1858 1470 1895 partibus
1485 1859 1677 1895 proﬂuentes,
1691 1868 1738 1889 so-

910 1904 974 1932 lum
989 1906 1200 1941 purpuratum,
1223 1903 1360 1931 carnium
1385 1903 1480 1932 frusta
1502 1903 1561 1932 alio
1585 1903 1644 1932 alia
1669 1905 1736 1934 loco

910 1957 1025 1986 sparsa,
1033 1957 1141 1985 corpus
1148 1948 1419 1984 prorsuslacerum,
1427 1956 1536 1985 corpus
1544 1949 1733 1987 dissolutum,

910 1997 937 2022 et
948 1997 1016 2022 ante
1027 1996 1155 2022 mortem
1167 1993 1254 2030 quasi
1278 1996 1506 2030 praemortuum,
1535 2002 1605 2023 cum
1633 1995 1736 2024 anima.

907 2038 1026 2066 interim
1036 2037 1268 2074 perturbationis
1275 2045 1381 2074 expers
1389 2038 1492 2074 inipso
1505 2039 1734 2074 quodammodo

908 2082 1101 2112 coeloversari
1120 2082 1279 2110 videretur.
1296 2082 1410 2110 Etenim
1425 2082 1542 2111 sublato
1555 2083 1733 2119 aliquantis-

907 2135 960 2164 per
968 2127 1063 2163 capite
1075 2137 1080 2161 ;
1090 2126 1257 2160 Verberate,
1267 2126 1432 2163 inquiebat,
1439 2129 1586 2163 quantum
1596 2129 1731 2165 potestis,

906 2171 980 2208 quin
995 2171 1085 2200 etiam
1098 2173 1221 2199 cunctas
1234 2170 1265 2198 in
1274 2170 1400 2199 verbera
1414 2171 1516 2200 afferte
1526 2171 1602 2200 vires
1614 2180 1620 2207 ;
1636 2174 1731 2202 nostis

907 2216 997 2249 enim,
1014 2224 1032 2244 a
1044 2216 1169 2253 pristina
1179 2215 1286 2244 mentis
1302 2216 1447 2244 sententia
1461 2216 1544 2245 nullo
1565 2225 1614 2246 me
1639 2218 1732 2248 modo

906 2261 1139 2294 dimovendam;
1155 2268 1209 2289 nec
1223 2260 1328 2288 vestris
1343 2268 1479 2297 unquam
1500 2261 1655 2290 desideriis
1684 2271 1731 2292 me

906 2306 1052 2342 subjicere
1061 2306 1203 2342 poteritis.
1215 2307 1317 2334 Nonne
1324 2313 1395 2340 ergo
1415 2306 1498 2342 quod
1510 2306 1541 2334 in
1552 2309 1731 2337 Anaxarcho

904 2352 943 2387 (6)
959 2350 1140 2387 philosopho
1155 2350 1210 2378 fuit
1224 2350 1489 2387 praeclarissimum
1512 2352 1666 2388 insigniter
1690 2356 1731 2383 te-

903 2396 992 2424 nuit?
1004 2403 1104 2424 nonne
1120 2395 1226 2423 melius
1235 2403 1328 2432 quam
1347 2396 1405 2430 ille,
1422 2396 1462 2424 ob
1473 2397 1660 2427 nobilitatem
1684 2407 1729 2428 ce-

903 2441 1006 2474 lebris,
1019 2443 1047 2469 et
1060 2440 1100 2469 ob
1114 2440 1293 2477 sapientiam
1304 2440 1500 2475 clarissimus,
1516 2449 1625 2479 corpus
1638 2451 1728 2472 suum

903 2485 1138 2521 contempsit?Si
1151 2485 1241 2520 enim,
1254 2485 1366 2513 femina
1377 2485 1531 2520 exsistens,
1541 2486 1630 2516 molle
1642 2488 1727 2524 nihil,

902 2530 977 2558 nihil
989 2531 1079 2558 sensit
1094 2532 1146 2558 aut
1160 2530 1234 2557 dixit
1252 2529 1426 2564 femineum,
1450 2537 1506 2558 nec
1532 2531 1658 2560 reverita
1683 2536 1728 2562 est

902 2583 1087 2611 quemquam
1100 2584 1106 2609 ;
1123 2574 1280 2602 sublimius
1289 2574 1422 2610 profecto
1430 2582 1521 2611 quam
1534 2575 1582 2603 ille
1593 2576 1726 2612 philoso-

901 2620 994 2656 phata
1007 2622 1061 2653 est,
1074 2622 1102 2647 et
1115 2618 1289 2656 generosius
1305 2619 1373 2654 egit.
1391 2618 1441 2647 Hic
1459 2619 1596 2648 videlicet
1617 2621 1726 2658 exiguo

902 2663 1001 2692 solum
1010 2666 1143 2700 tempore
1151 2663 1326 2692 verberibus
1343 2666 1497 2698 contusus,
1509 2665 1725 2701 spectatoribus

900 2758 914 2772 «
928 2746 1040 2779 Tunde,
1057 2745 1148 2774 tunde
1170 2746 1340 2775 Anaxarchi
1375 2747 1484 2780 follem,
1512 2748 1725 2778 Anaxarchum

898 2782 980 2810 enim
995 2790 1056 2811 non
1071 2781 1182 2810 tundis.
1197 2792 1211 2806 ››
