1963 3084
251 169 302 196 919
849 167 1077 196 CONSTANTINI

250 230 348 266 gestiit
356 229 617 266 quemadmodum
627 230 658 258 in
667 230 782 259 theatro
788 230 969 267 conspicuus
983 232 1059 259 esset
1070 239 1076 265 ;

250 275 442 303 ethominum
451 275 662 303 tantummodo
672 275 793 303 laudem
804 277 1002 309 consectatus,
1020 275 1077 303 for-

250 319 316 348 titer
329 319 417 355 fecit;
435 327 504 347 cum
521 319 632 348 scilicet
647 322 808 356 praesentes
833 320 1079 356 obstupescerent

249 363 416 399 hominem,
428 364 557 400 subipsa
568 364 744 392 contusione
763 372 800 392 ne
811 364 935 401 quidem
948 372 1013 392 sese
1022 367 1079 392 tor-

251 410 392 445 quentem
405 408 436 436 in
448 408 537 442 latus,
551 409 669 445 ipsique
681 409 734 446 qui
758 417 827 437 eum
854 409 1079 438 contundebant

1095 166 1338 196 acnopomm.
1647 203 1653 209 ἢ

1095 233 1177 260 Ακαι
1205 231 1231 256 οἱ
1268 230 1440 267 μαστίζοντις
1471 230 1594 267 παραυτὰ
1618 227 1836 266 μιταδ).ηθέντες
1870 222 1939 308 ἐξῆ

1132 276 1225 308 μαζον·
1267 275 1315 305 τὴν
1353 273 1383 301 δέ
1420 285 1450 308 γε
1473 276 1604 308 μακαρίαν
1626 276 1723 304 ταύτην
1745 275 1772 301 οἱ
1804 275 1900 301 rimo
1917 295 1923 301 .

1132 276 1225 312 μαζον·
1267 275 1315 305 τὴν
1353 273 1383 301 δέ
1420 285 1450 311 γε
1473 276 1604 312 μακαρίαν
1626 276 1723 304 ταύτην
1745 275 1772 301 οἱ
1804 275 1923 301 rimas:

1134 321 1236 356 σύναιμα
1250 329 1292 346 κοι
1304 321 1328 346 οἱ
1346 321 1506 356 τυπτομένην
1535 320 1655 355 ϐιώμενοι
1683 319 1737 355 οὐχ
1771 320 1818 346 ὅτι
1848 329 1883 354 7:
1908 319 1939 346 οὶ

1132 364 1221 394 ἠλέουν
1252 364 1315 391 αλλὰ
1327 374 1371 391 και
1382 364 1488 400 ἑμίσουν
1515 363 1542 390 ἐκ
1569 363 1670 399 ψυχῆς,
1700 373 1746 390 και
1775 362 1940 400 ἆλοιδοροῡοὲ

1132 419 1161 436 το
1176 411 1258 439 ταύτῃ
1273 414 1319 440 τῆς
1331 409 1464 444 ἀπονοίας,
1480 419 1524 435 και
1539 408 1700 439 ἐταλάνιζον.

251 453 412 481 commotis
433 453 543 481 animis
565 453 707 481 eumdem
726 453 953 482 demirarentur.
970 455 1089 482 Beatam
1110 462 1179 482 vero
1200 454 1289 489 hanc,
1310 456 1373 483 tam
1387 454 1439 491 qui
1461 453 1626 489 caedebant,
1643 461 1737 490 quam
1759 453 1821 490 qui
1835 461 1940 483 caesam

251 497 438 533 spectabant,
452 505 515 526 non
525 498 627 533 modo,
647 505 709 526 non
725 498 955 533 miserebantur,
973 498 1026 526 sed
1036 499 1239 528 iuiensissimo
1251 507 1374 536 quoque
1392 499 1652 536 prosequebantur
1665 499 1748 534 odio,
1765 501 1800 528 et
1821 499 1941 527 dement

251 541 325 570 tiam
337 541 364 570 ei
379 542 582 578 objectabant,
599 545 720 579 propter
733 551 826 579 quam
845 551 913 571 eam
926 543 1074 579 putabant
1090 543 1247 572 infelicem.

287 587 331 614 28.
342 587 452 614 Revera
466 588 536 623 post
544 586 624 615 illam
635 587 686 615 Dei
695 595 787 624 supra
796 589 936 615 naturam
958 595 1080 616 omnem

251 629 343 666 positi
357 630 605 665 incarnationem,
620 631 656 658 iis
671 639 793 668 quoque
814 631 867 668 qui
891 632 948 659 sub
972 634 1080 660 natura

251 676 322 702 sunt
333 683 426 711 supra
436 677 574 704 naturam
586 683 674 711 agere
684 676 880 713 multaetpati
900 684 1079 704 concessum

251 718 316 748 fuit.
330 721 431 756 Neque
463 720 494 748 id
526 720 675 749 immerito
692 730 698 754 ;
715 721 827 757 quippe
851 724 960 749 natura
995 721 1078 749 omni

252 764 398 800 superior,
405 767 580 801 natumque
586 764 706 792 effector
713 766 800 799 Deus,
807 767 836 793 et
843 767 950 801 praeter
963 767 1078 793 naturas

251 809 334 845 leges
349 811 438 837 natus
448 809 540 837 homo
554 809 709 846 multaque
729 818 822 846 supra
832 811 896 846 ejus
923 811 1001 838 vires
1017 809 1077 839 efﬁ-

253 862 319 882 cere
332 854 446 889 valens,
459 856 574 882 naturae
591 862 712 890 quoque
727 853 809 882 dedit
827 855 972 883 nonnulla
986 863 1078 891 supra

252 899 330 926 vires
345 899 470 935 perpeti,
486 898 746 934 quemadmodum
761 899 791 926 in
804 899 861 928 hac
887 899 975 928 beata
1000 900 1076 928 fecit.

253 944 318 977 Quo
331 943 411 971 enim
421 942 514 970 modo
526 943 637 971 valeret
656 943 777 977 femina,
801 943 956 972 imbecillis
993 952 1077 972 sexu:

252 988 433 1025 poenitentiis
449 988 604 1023 exhausta,
617 996 740 1024 corpore
754 988 928 1017 verberibus
945 989 986 1017 sic
996 989 1077 1017 lace-

251 1035 326 1067 rato,
340 1034 440 1070 atque,
464 1034 497 1060 ut
521 1033 562 1061 ita
590 1032 702 1069 dicam,
717 1033 879 1070 discerpto,
904 1033 976 1062 talia
1003 1034 1079 1062 inter

251 1077 369 1106 medios
380 1077 528 1105 cruciatus
545 1078 654 1105 sentire
676 1080 705 1106 et
731 1078 865 1114 profari?
879 1078 1021 1114 Equidem
1035 1078 1078 1106 sic

252 1122 398 1158 existimo,
432 1121 567 1150 divinam
605 1122 813 1157 Theodosiam,
838 1123 1078 1152 Machabaaorum

252 1166 400 1203 exemplo,
408 1174 621 1203 corporearum
628 1167 765 1195 omnium
775 1167 968 1196 affectionum
981 1167 1078 1196 domi-

251 1219 324 1240 nam
338 1211 526 1239 constituisse
560 1211 718 1246 rationem,
747 1219 815 1240 vere
834 1212 986 1247 invictam,
1010 1220 1078 1240 vere

250 1255 499 1292 insuperabilem.
517 1256 672 1289 Caeterum,
683 1257 716 1284 ut
736 1257 799 1283 tam
822 1256 935 1284 fortiter
957 1258 1078 1292 tamque

211 1311 215 1314 ·
251 1302 421 1329 constanter
429 1299 578 1327 cruciatus
592 1299 772 1336 peracerbos
784 1300 823 1328 ab
833 1308 869 1328 ea
882 1300 1019 1328 sustineri
1034 1300 1078 1328 vi-

250 1343 904 1381 deruntquieosinferebant,partimquidem
918 1344 1001 1381 quod
1014 1344 1078 1373 afe-

251 1388 434 1417 minavictos
441 1388 555 1424 seipsos
561 1388 896 1425 erubescerent,partim
906 1392 1010 1418 contra
1024 1397 1078 1417 su-

251 1432 805 1469 amipsorumpravitatemagentes,et
818 1433 849 1461 in
867 1433 983 1462 rabiem
998 1441 1077 1469 quo-

250 1476 416 1505 dammodo
431 1477 588 1513 acti,quod
599 1479 669 1505 tunc
680 1485 775 1506 unum
792 1480 957 1514 supererat,
972 1478 1002 1506 in
1015 1486 1078 1506 car-

1171 589 1223 617 xu'.
1254 588 1352 619 Ὄντως
1380 589 1446 624 μετὰ
1473 589 1520 617 τὴν
1547 591 1592 614 τοῦ
1621 589 1752 624 ὑπεφυοῠς
1771 591 1849 615 Θεοῦ
1880 587 1940 614 ἐνω-

1135 629 1269 665 θρώπησιν
1296 631 1427 666 καρτερεῖν
1470 630 1502 654 τὰ
1525 629 1588 666 ὑπὲρ
1626 630 1703 664 φύσιν
1737 632 1795 658 τοῖς
1826 629 1881 654 ὑπὸ
1903 630 1940 663 φύ-

1135 683 1175 699 σιν
1209 674 1378 709 κεχάρισται,
1428 683 1473 699 και
1499 674 1567 698 κατὰ
1612 672 1686 708 λόγον
1715 673 1810 703 ὄντως,
1841 673 1873 698 ’0
1895 674 1940 709 γὰρ

1133 719 1196 754 ὑπὲρ
1209 720 1285 754 φύσιν
1309 720 1377 753 Θεὸς,
1404 727 1449 744 και
1476 722 1522 748 τῆς
1544 719 1642 754 φύσιως
1676 716 1849 754 δημιουργὸς
1881 718 1941 754 ὑπὲρ

1133 764 1210 798 φύσιν
1234 772 1260 789 τε
1295 765 1416 798 γεγονὼς,
1461 772 1506 788 και
1547 763 1579 788 τὰ
1613 763 1676 799 ὑπὲρ
1713 763 1792 798 φύσιν
1831 762 1940 799 ἐνηργη-

1131 809 1194 841 κὼς,
1223 809 1304 844 φέρειν
1336 811 1367 836 τῆ
1406 808 1482 843 φύσει
1509 807 1542 832 τὰ
1578 807 1641 843 ὑπὲρ
1670 806 1753 835 αὐτὴν
1781 806 1937 842 ἐχαρίσατο,

1132 852 1209 878 ὁποῖά
1234 861 1264 888 γε
1288 851 1336 878 κᾶν
1374 855 1404 880 τῆ
1447 853 1564 888 μακαρίᾳ
1598 852 1678 880 ταύτή
1706 851 1871 877 τετέλεσται·
1899 860 1938 876 και

1131 900 1187 926 πῶς
1209 897 1260 933 γὰρ
1293 896 1375 927 ἄλλως
1397 897 1509 932 ἴσχυσεν
1531 895 1562 921 ἂν
1589 897 1696 930 ’γύναιον
1716 895 1821 921 ἁπαλὸν
1843 899 1876 924 τῆ
1898 898 1936 931 ρυ-

1098 941 1183 974 Βσει,
1209 941 1311 967 ἑκτακὲν
1352 944 1382 970 τῆ
1411 939 1534 972 ἀσκήσει,
1562 941 1609 971 τὰς
1636 941 1735 978 σάρκας
1756 939 1828 966 οὕτω
1864 949 1938 965 κατα-

1135 986 1311 1022 στιχθέν,και
1324 985 1356 1016 ὠς
1385 985 1464 1012 ιίπείν
1496 983 1710 1022 διασπαραχθὶν,
1732 989 1851 1011 τοιαῦτα
1874 984 1938 1020 φίλοι

1134 1029 1220 1066 σοφιῖν
1231 1030 1255 1057 ἐν
1268 1029 1573 1064 τοῖςπάθισινςὊντως
1598 1029 1780 1067 αὐτοκράτορα
1807 1033 1859 1055 τῶν
1894 1039 1937 1055 πα-

1134 1075 1184 1101 θῶν
1205 1076 1248 1101 τὸν
1281 1075 1408 1111 λογισμὸν
1440 1076 1507 1101 κατὰ
1547 1077 1605 1105 τοὺς
1641 1074 1722 1101 πάλαι
1746 1074 1938 1104 Μακκαϐαίονς

1132 1121 1306 1156 παρέστησεν,
1357 1120 1434 1150 ὅντως
1464 1118 1603 1152 ἀήττητον,
1661 1118 1738 1149 ὅντως
1776 1117 1938 1154 ἁκαταγὼνι-

1134 1173 1204 1192 στον.
1217 1163 1287 1193 Πλὴν
1307 1163 1360 1189 ἀλλ’
1391 1164 1426 1195 ὼς
1442 1161 1512 1190 εἶδον
1539 1163 1605 1190 οὕτω
1630 1168 1752 1199 γενναίως
1776 1164 1826 1193 τὰς
1853 1162 1936 1199 βασά-

1132 1217 1201 1242 νους,
1232 1207 1300 1234 οὑτω
1326 1212 1457 1245 καρτερῶς
1482 1210 1621 1245 φέρουσαν,
1645 1211 1720 1234 τοῦτο
1746 1208 1793 1244 μὶν
1814 1211 1935 1243 γυναικὸς

1132 1252 1276 1289 ἡττώμενοι
1290 1263 1335 1279 και
1358 1255 1406 1282 τὴν
1435 1251 1514 1281 ἧτταν
1543 1252 1774 1288 ἐπαισχυνόμενοι,
1803 1255 1887 1278 τοῦτο
1910 1250 1935 1277 δὲ

1132 1301 1178 1328 τῆς
1222 1301 1292 1334 σφῶν
1328 1295 1486 1329 κακοδοξίας
1531 1296 1737 1333 ἀντιποιούμενοι
1758 1307 1806 1323 και
1833 1298 1889 1323 οἷον
1912 1298 1934 1323 ἐκ

1134 1343 1310 1380 θηριοὺμενοι,
1345 1345 1373 1369 τό
1415 1352 1445 1378 γε
1463 1346 1507 1368 νῦν
1537 1343 1601 1368 εἶναι
1625 1344 1725 1380 φρουρᾷ
1745 1344 1932 1379 παραπέμπον-

1134 1397 1172 1422 σι⁷
1188 1397 1232 1414 και
1245 1391 1301 1418 τοῖς
1313 1391 1359 1418 τῆς
1371 1390 1483 1424 φρουρᾶς
1512 1385 1705 1424 παραδιδοῦσι,
1738 1384 1850 1419 δεινοῖς,
1875 1388 1934 1422 κοίμ-

1132 1431 1181 1467 ψαι
1201 1433 1296 1461 ταύτην
1318 1433 1384 1458 οὕτω
1407 1431 1570 1468 βουλόμενοι,
1597 1441 1642 1458 και
1665 1435 1701 1466 τῷ
1729 1430 1862 1468 βασιλείῳ
1888 1431 1932 1456 καθ

1133 1477 1261 1509 υποτάξαι
1276 1476 1436 1513 βουλήματι.

249 1529 348 1550 cerem
361 1523 556 1550 amandatam
570 1522 770 1551 carceralibus
783 1522 905 1551 tradunt
920 1522 1073 1556 aerumnis,
1086 1522 1128 1550 ita
1141 1529 1210 1550 eam
1219 1521 1344 1557 fatigare
1358 1521 1501 1555 volentes,
1518 1522 1546 1550 et
1559 1521 1648 1557 regiae
1656 1520 1778 1550 tandem
1787 1520 1930 1557 subjicere

249 1566 406 1595 voluntati.

285 1613 330 1640 29.
348 1612 412 1639 Non
426 1610 531 1647 paucis
541 1610 650 1639 deinde
664 1611 775 1648 elapsis
798 1611 915 1645 diebus,
943 1619 1012 1640 cum
1039 1611 1076 1640 de
1096 1611 1116 1640 C

250 1663 286 1684 ea
301 1656 410 1684 iterum
433 1655 596 1692 periculum
618 1655 758 1690 facerent,
776 1657 977 1693 eamdemque
1001 1656 1077 1685 sicut

250 1703 318 1729 ante
331 1700 490 1737 persistere
504 1700 680 1734 invenirent,
696 1709 732 1729 ac
748 1701 883 1736 ejusdem
910 1709 1076 1736 cognosce—

248 1747 315 1773 rent
328 1752 450 1773 manere
479 1746 642 1780 sententiae,
664 1747 789 1773 mortem
815 1746 880 1781 ejus
901 1745 1074 1774 decernunt.

250 1790 315 1818 Mox
324 1789 373 1817 alii
389 1789 530 1817 manibus
543 1797 612 1818 eam
631 1789 821 1825 accipientes,
834 1789 946 1825 aliiper
972 1790 1076 1826 capitis

250 1833 352 1862 velum
368 1834 528 1868 trahentes,
540 1834 605 1862 aliis
621 1833 670 1862 alii
695 1834 829 1869 corporis
848 1833 992 1862 membris
1008 1842 1075 1862 eam

249 1881 412 1915 raptantes,
434 1879 516 1907 velut
527 1886 619 1914 pecus
633 1878 798 1914 quoddam,
815 1877 966 1907 ducebant
986 1879 1024 1907 ad
1035 1878 1075 1907 la-

251 1924 374 1952 nienam
387 1924 576 1952 innocentem
590 1922 639 1950 Dei
652 1922 804 1956 buculam,
820 1923 955 1958 ejusdem
966 1923 1076 1952 stabuli

252 1969 280 1995 et
291 1968 396 2004 pascui
405 1969 587 2000 consortem,
598 1974 696 2002 neque
708 1966 747 1995 ab
757 1967 800 1995 eis
818 1967 917 1996 divelli
939 1975 1075 2004 unquam

252 2019 284 2040 se
296 2019 430 2048 passam.
446 2013 511 2040 Non
524 2011 647 2038 deerant
662 2010 779 2039 interim
792 2013 844 2048 qui
859 2020 927 2040 eam
942 2014 1076 2048 percute-

251 2060 326 2090 rent,
341 2059 369 2086 et
382 2057 575 2085 inclementer
584 2055 774 2084 verberarent
787 2066 794 2091 ;
806 2065 878 2085 nam
888 2060 1010 2085 caeteros
1025 2057 1077 2093 qui

252 2110 320 2130 eam
335 2101 481 2133 convitiis,
493 2108 509 2127 e
522 2099 610 2135 pleno
625 2100 669 2136 (ut
681 2100 800 2138 dicitur)
812 2101 946 2138 plaustro
967 2102 1077 2138 petitis,

253 2145 420 2173 onerabant
450 2143 554 2172 omitto
580 2144 689 2173 dicere.
724 2146 885 2183 Postquam
914 2148 1014 2174 autem
1043 2154 1078 2174 eo

252 2191 408 2220 venerunt,
423 2188 476 2216 ubi
489 2188 680 2217 decreverant
694 2189 786 2218 ﬁnem
823 2190 920 2218 facere
949 2191 984 2218 iis
1011 2199 1078 2227 quae

253 2233 451 2262 intendebant
465 2233 667 2268 (decreverant
683 2237 783 2263 autem
798 2235 828 2263 id
844 2235 941 2264 facere
967 2235 996 2263 in
1017 2243 1079 2264 ma-

1166 1611 1215 1640 κθ’.

1131 1665 1176 1682 και
1190 1659 1281 1692 πεῖραν
1301 1656 1381 1686 αὐτῆς
1399 1657 1572 1692 ποιησάμενοι
1609 1655 1663 1682 ἕπει
1682 1657 1726 1684 τὴν
1755 1655 1838 1684 αὐτὴν
1859 1653 1930 1684 αὖθις

1259 1611 1288 1637 Ὠ
1327 1609 1356 1637 δὲ
1390 1615 1440 1637 τῶν
1478 1612 1580 1648 ἡμερῶν
1613 1610 1702 1646 ὀλίγαι
1711 1609 1930 1648 παρεληλύθεσαν.

1131 1701 1216 1737 εὗρον,
1244 1703 1291 1730 τὴν
1315 1700 1395 1730 αὐτὴν
1418 1699 1494 1731 αὖθις
1518 1700 1678 1736 ἀνέγνωσαν,
1705 1697 1928 1730 καταδικάζουσιν

1132 1745 1214 1776 αὐτῆς
1229 1746 1349 1772 θάνατον.
1372 1745 1460 1772 Ἔνθεν
1489 1755 1530 1772 τοι
1555 1755 1601 1771 και
1629 1745 1653 1771 οἱ
1681 1745 1726 1780 μὶν
1760 1747 1810 1770 τῶν
1838 1748 1929 1781 χειρῶν

1130 1791 1227 1820 ταύτης
1250 1789 1396 1826 λαϐόμενοι9
1435 1790 1459 1816 οἱ
1489 1787 1518 1816 δὴ
1550 1793 1598 1820 τῆς
1640 1788 1750 1825 κεφαλῆς
1784 1788 1929 1825 καλύπτρας

1130 1831 1384 1871 δραξάμενοι,ἁ’λλοι
1400 1832 1424 1860 δ’
1449 1834 1527 1861 ἄλλον
1555 1834 1647 1870 μὲρους
1675 1837 1721 1859 τοῦ
1747 1836 1865 1869 σώματος
1883 1833 1928 1860 εἶλ-

1129 1888 1184 1913 κον,
1199 1888 1244 1904 και
1258 1879 1293 1910 ὠς
1309 1878 1436 1916 βόσκημα
1462 1878 1526 1915 ἦγον
1565 1879 1607 1905 ἑπι
1632 1880 1735 1915 σφαγὴν
1760 1880 1807 1907 τὴν
1830 1877 1927 1914 ἀπειρό-

1129 1932 1208 1949 κακον
1224 1923 1256 1954 ὡς
1271 1923 1372 1954 ἀληθῶς
1400 1927 1467 1950 Θεοῦ
1498 1922 1620 1960 δάμαλιν,
1647 1933 1692 1949 και
1719 1926 1765 1953 τῆς
1789 1923 1867 1953 αὐτῆς
1891 1932 1929 1948 νο-

1130 1971 1219 2004 μῆςτι
1248 1977 1293 1993 και
1321 1965 1440 2004 μάνδραις
1460 1967 1646 2004 ὄινιίχομένινλν⁹
1670 1977 1716 1994 και
1745 1969 1780 2004 μὴ
1802 1970 1927 2003 μεταστῆ-

1130 2022 1172 2038 ναι
1193 2014 1222 2038 τό
1246 2013 1369 2048 παράπαν
1396 2012 1476 2043 αὐτῆς
1505 2011 1673 2049 ἂναχομίνην.
1697 2011 1755 2039 Εἰσι
1781 2009 1804 2038 δ⁹
1830 2011 1853 2038 οἱ
1877 2013 1926 2038 ἔτν-

1131 2066 1194 2083 πτον
1209 2056 1233 2082 έν
1246 2061 1282 2092 τῷ
1299 2056 1406 2093 μεταξὺ,
1433 2067 1477 2083 και
1506 2056 1618 2088 ἀνηλεῶς
1645 2058 1762 2083 ἔτυπτον·
1792 2057 1852 2087 τοὺς
1877 2059 1924 2092 ’γὰρ

1133 2100 1223 2136 ὕϐρεσι
1234 2101 1372 2132 πλύνοντας
1383 2111 1427 2128 και
1447 2101 1481 2132 ὠς
1509 2102 1535 2133 ἐξ
1560 2101 1670 2138 ἁμάξης,
1690 2102 1704 2127 ὃ
1732 2110 1806 2137 φασι,
1833 2099 1924 2127 διαλοι-

1134 2145 1307 2183 δορουμένους
1342 2149 1466 2183 παρίημι.
1505 2146 1574 2173 Ἀλλ’
1607 2146 1711 2184 ἑπείπιρ
1736 2146 1848 2182 ἔφθασαν
1869 2147 1922 2172 ὅποι

1135 2189 1168 2220 δή
1183 2191 1254 2222 τέλος
1264 2189 1356 2217 δοῦναι
1370 2193 1519 2228 προῦκειτο,
1532 2195 1584 2222 τοῖς
1608 2193 1677 2217 κατὰ
1700 2192 1796 2218 σκοπὸν
1823 2191 1856 2226 (ἐν
1880 2201 1922 2227 μα-

1135 2235 1213 2272 κέλλῳ
1228 2234 1253 2262 δ’
1269 2235 1358 2267 αὐτοῖς
1380 2238 1527 2274 προῦκιιτο,
1556 2236 1589 2262 ἶν’
1613 2239 1648 2267 ὡς
1667 2234 1772 2273 ἀμνάδα
1792 2234 1922 2272 παραδῶσι

255 2278 329 2307 cello
343 2278 390 2314 (‘7),
403 2280 435 2306 ut
445 2279 589 2314 tanquam
602 2278 858 2315 cvisjugularetur
868 2282 920 2308 aut
933 2280 1021 2308 veluti
1031 2281 1078 2317 ju-

1138 2285 1289 2317 σφαγῆ.και
1304 2280 1338 2311 ὡς
1348 2281 1373 2307 ἕν
1383 2290 1408 2307 τι
1430 2285 1478 2307 τῶν
1505 2284 1603 2310 κτηνῶν
1633 2283 1777 2313 κτείνωσιν,
1805 2281 1858 2316 ἄμα
1883 2282 1922 2316 μὲν

255 2325 391 2352 mentum
406 2325 586 2352 mactaretur
604 2326 667 2352 tam
677 2324 717 2352 ad
740 2325 953 2353 contumeliam
973 2325 1079 2361 ipsius,

255 2375 350 2405 quam
363 2367 402 2396 ad
432 2368 560 2397 aliorum
587 2368 669 2397 idem
709 2377 779 2398 cum
800 2369 868 2406 ipsa
892 2369 1081 2398 sentientium

255 2413 435 2449 irrisionem)
450 2421 456 2447 ;
472 2415 644 2450 postquam,
671 2416 703 2442 ut
731 2414 802 2448 dixi,
835 2421 998 2451 pervenere
1021 2422 1082 2450 quo

255 2457 409 2492 volebant,
444 2457 620 2486 carniﬁcum
658 2466 811 2487 nonnemo
839 2466 953 2486 novum
994 2458 1083 2494 quid—

257 2503 330 2531 dam
350 2504 378 2530 et
411 2502 565 2530 insolitum
593 2503 770 2537 excogitavit
787 2511 793 2529 :
809 2502 891 2530 illam
911 2502 991 2530 enim
1014 2510 1083 2539 qua:

257 2548 362 2585 capitis
369 2547 551 2577 abscissione
557 2549 608 2576 aut
614 2547 772 2575 machaerae
778 2546 910 2583 impulsu
921 2548 1082 2583 peragitur,

257 2596 387 2623 mortem
408 2592 550 2621 acerbam
567 2592 692 2628 quidem
705 2591 850 2626 accidere,
864 2593 995 2620 attamen
1009 2592 1083 2621 tole-

258 2638 384 2667 rabilem
400 2636 610 2665 arbitrabatur.
626 2638 749 2672 Arrepto
763 2636 863 2672 itaque
874 2637 957 2673 quod
980 2637 1011 2665 in
1034 2636 1084 2665 via

260 2682 383 2719 publica
389 2682 462 2710 forte
468 2680 791 2716 offerebaturcornu(8)
806 2681 945 2716 virginem
954 2684 1084 2710 sanctam

296 2756 335 2791 (7)
352 2757 391 2784 De
403 2755 470 2783 loco
493 2762 584 2791 supra
607 2754 671 2791 jam
686 2756 786 2782 actum
804 2756 858 2784 est.
884 2755 1015 2782 Μάκελλον
1035 2764 1085 2784 au-

262 2792 332 2825 tem,
352 2790 536 2819 Latinalicet
555 2797 613 2818 vox
639 2790 685 2825 sit,
714 2790 804 2819 etiam
831 2791 941 2819 Paulus
964 2792 1046 2823 dixit,
1075 2792 1085 2820 Ι

216 2852 221 2853 γ
263 2826 328 2862 Cor,
344 2834 371 2860 Χ,
387 2829 431 2855 25.
447 2825 600 2853 Μακελλιῖον
622 2826 691 2860 alii;
717 2826 787 2856 hinc
811 2826 1004 2864 λεωμακελλιον,
1028 2829 1085 2856 Ma-

1137 2325 1173 2356 εἰς
1187 2325 1283 2361 χλεύην
1309 2329 1358 2356 τῆς
1382 2328 1522 2362 μακαρίας,
1549 2326 1604 2361 ἅμα
1626 2324 1656 2352 δὲ
1679 2335 1724 2351 και
1751 2329 1800 2351 τῶν
1822 2325 1923 2361 ὁμοφρό-

1136 2381 1184 2396 νων
1195 2371 1276 2398 ταύτη
1308 2369 1477 2405 κατάγελων),
1508 2369 1561 2396 ἀλλ’
1588 2370 1620 2401 ὠς
1647 2370 1707 2396 ὅποι
1738 2367 1772 2398 δὴ
1800 2379 1843 2395 και
1867 2369 1922 2405 βού-

1136 2415 1219 2442 λοιντο
1245 2417 1429 2451 παραγένοιντο
1447 2419 1497 2441 τῶν
1521 2424 1561 2446 τις
1591 2413 1698 2451 ’δημίων
1737 2416 1876 2450 καινότερόν
1900 2423 1922 2439 τι

1138 2457 1303 2488 διενοήσατο·
1320 2460 1367 2489 τὴν
1378 2461 1423 2496 μὲν
1437 2461 1487 2496 γὰρ
1517 2458 1564 2486 διὰ
1590 2463 1636 2486 τοῦ
1661 2459 1748 2496 ξίφους
1772 2460 1860 2495 τομὴν,
1886 2469 1920 2485 πι-

1137 2505 1201 2542 κρὰν
1226 2505 1271 2540 μὲν
1299 2514 1344 2530 και
1384 2504 1464 2534 ἄλλως
1494 2502 1635 2541 ὀδυνηρὰν,
1671 2503 1725 2530 ἀλλ’
1754 2502 1797 2530 οὖν
1821 2505 1920 2541 φορητὸν

1139 2547 1172 2578 δή
1199 2559 1253 2580 πως
1279 2550 1408 2585 ἡγήσατο,
1423 2559 1469 2575 και
1496 2552 1542 2579 τὴν
1570 2547 1617 2576 διὰ
1642 2551 1780 2586 μαχαίρας
1802 2548 1919 2577 ὡσαύτως.

1140 2595 1220 2630 Κέρας
1255 2592 1298 2620 οὖν
1327 2598 1376 2620 τῶν
1398 2595 1602 2631 παριυριθὶντων
1627 2594 1723 2627 λαϐὼν,
1751 2593 1786 2623 εἰς
1820 2597 1866 2628 γῆν
1899 2602 1921 2618 τι

1137 2642 1184 2670 τὴν
1211 2641 1302 2675 ’Λγίαν
1340 2638 1502 2674 καταϐωιὼν,
1539 2649 1584 2665 και
1610 2644 1655 2670 τῆς
1679 2642 1764 2676 κόμης
1789 2640 1848 2676 πρὸς
1871 2637 1921 2664 ἑαυ-

1138 2686 1181 2711 τὸν
1205 2683 1350 2715 ἀνακλάσας
1390 2683 1437 2710 διὰ
1469 2687 1515 2710 τοῦ
1552 2684 1733 2722 γαρέγαριῶνος
1785 2683 1850 2716 ὠθεῖ,
1883 2684 1920 2708 καὶ

1139 2755 1246 2796 callum
1261 2755 1418 2796 publicum
1433 2755 1710 2796 apudCedrenum.
1764 2792 1770 2796 _
1825 2789 1842 2796 μ
1862 2789 1876 2796 μ
1894 2788 1917 2796 ν

1174 2792 1212 2827 (8)
1219 2789 1382 2820 Arietinum
1390 2789 1483 2820 cornu
1490 2791 1697 2819 fuisseindicat
1705 2792 1807 2819 auctor
1816 2789 1917 2818 distichi

1140 2827 1171 2855 in
1184 2827 1364 2863 Synaxariis.
