1963 3084
47 173 119 200 921

54 232 242 265 σπονδύλους
266 235 347 270 τούτῳ
375 232 515 270 διατεμὼν,
557 234 702 271 πικρότατα
742 237 787 263 τῆς
818 234 875 263 τοὺς

52 284 135 310 πνοῆ
140 290 152 310 ς
165 279 247 308 αὐτὴν
263 278 411 316 ἀφαιρεῖται
420 280 522 315 σύναιμα
536 280 581 304 καὶ
596 282 643 309 τῆς
655 278 733 308 ζωῆς.

747 170 783 198 ΙΝ
802 171 831 199 S.
850 168 1086 199 THEODOSIAM.

1495 135 1507 143 ο

1705 168 1758 196 922

930 231 1090 269 prosternit
1105 231 1169 259 solo
1185 238 1192 263 ;
1211 231 1238 258 et
1250 229 1383 258 crinibus
1390 237 1457 257 eam
1464 228 1758 264 oorripiens’magna

931 277 960 304 vi
975 277 1006 304 in
1018 276 1159 312 jugulum
1176 276 1214 311 (9)
1229 283 1323 304 cornu
1342 274 1475 311 impellit,
1492 275 1521 302 et
1533 273 1675 301 diffractis
1690 280 1757 310 quae

55 323 184 352 deinde
196 325 356 351 occurrunt
369 323 522 356 vertebris,
537 321 733 350 acerbissimo
746 330 816 350 cum
831 321 942 350 doloris
957 328 1047 348 sensu
1060 320 1197 356 spiritum
1213 319 1336 356 martyri
1353 319 1506 355 vitamque
1521 317 1643 345 ademit.

804 363 880 395 ἠδέ

571 422 578 428 ·
604 412 796 448 παραπομπούς
827 412 878 448 γὰρ

56 457 205 493 ἀγγέλους
231 457 334 493 εὑρήκει
358 460 403 483 καὶ
431 457 612 494 προπομπούς,
649 457 674 482 οἳ
711 458 757 482 καὶ
796 465 876 492 προη-

53 505 168 537 γοῦντο
193 503 302 534 ταύτης,
315 503 361 527 καὶ
383 501 438 538 μετ’
461 501 600 537 εὐφημίας,
628 502 805 537 παρέπεμπον,
833 501 878 526 καὶ

55 546 99 576 εἰς
114 546 230 584 οὐρανὸν
245 545 273 572 ἐκ
289 549 338 581 γῆς
362 545 539 581 μετιϐἰϐαζον.
566 546 646 581 Τάχα
673 543 698 571 δ’
727 544 757 570 ἂν
782 544 878 580 ἀναγο-

54 593 132 627 μένη
150 594 264 617 τοιαῦτα
275 591 309 617 τὰ
320 591 383 627 πρὸς
397 591 442 621 τὰς
467 590 563 627 ἀρχὰς,
591 591 656 626 πρὸς
685 590 733 620 τὰς
758 589 879 621 ἔξουσίας

53 636 136 671 μετὰ
168 634 321 672 παῤῥησίας
352 634 500 671 ἐφθέγγετο,
518 634 635 670 ΨΥψώοη
665 636 741 670 χέρας
771 644 821 670 μου
853 632 877 659 ἓν

55 684 126 707 Θεῶ
144 689 208 716 μου.
224 679 265 706 Ἐν
289 680 339 715 γὰρ
369 679 436 714 οὐτῷ
462 680 521 709 τούς
547 678 622 715 ἰμοὺς
651 679 763 716 ἐχθροὺς
786 678 877 716 ἔκσρὰ-

54 734 146 757 τισα,
164 726 210 750 καὶ
224 727 268 749 νῦν
283 722 342 750 ἰδοὺ
354 725 419 760 πρὸς
439 723 516 750 αὑτὸν
536 724 638 759 ἄπειμι,
667 723 745 749 αὐτόν
774 725 878 760 αμέσως

55 770 112 795 τὸν
134 767 173 795 δι’
193 768 237 805 ἐμέ
266 768 391 804 ’γι-γονότα
413 767 471 794 κατ’
500 767 543 804 ἐμὲ
571 770 803 804 προσκυνήσουσα,
831 772 878 799 τῆς

59 815 243 850 Θεομήτορος
277 813 347 844 θιίας
377 812 612 844 ἁπαπολαύσουσα,
645 813 689 842 τὰς
727 810 775 839 διὰ
808 816 876 849 Χρι-

58 860 133 884 στὸν
145 857 312 890 ἀθλησὰσας,
327 857 373 888 τὰς
397 856 538 894 βιωσάσας
560 856 642 888 ἄλλως
667 857 735 882 κατὰ
761 859 876 893 Χριστόν

56 901 256 938 ἀσπασαμένη,
272 903 379 933 καὶτῆς
402 905 471 937 σφῶν
496 901 599 938 ὁμιλίας
624 903 874 938 κατατρυφὴσουσα,

57 948 134 973 εἴπω
166 946 322 981 συνελοῡσα,
337 950 387 972 τῶν
415 948 478 977 τέως
501 956 545 982 μοι
577 950 764 982 προσκννητὼν
788 947 875 972 τύπων

101 367 137 395 λ’.
157 370 210 395 Καὶ
224 369 249 394 οἱ
266 369 310 404 μὲν
325 367 390 394 οὓτω
405 369 436 393 τὰ
450 368 517 393 χατά
531 367 612 403 θυμὸν
636 366 751 396 ἔπλησαν
768 377 774 383 ·

55 413 149 444 εὐθὺς
189 417 240 439 τῶν
263 413 321 438 κατ’
352 414 436 449 ἔφεσιν
463 413 541 448 ἔτυχε

62 991 190 1027 ὀψομένη
206 994 250 1017 νῦν
277 990 428 1027 ἀπέρχομαι
460 991 492 1017 τὰ
520 992 699 1027 πρωτότυπα·
734 990 785 1017 ἀπό
811 994 874 1025 ’γοῦν

59 1035 132 1072 ἐμοῦ
154 1036 180 1062 οἱ
195 1037 394 1072 πονηριῦόμινοι
410 1035 505 1066 πὰν-τες
532 1034 674 1063 ἀπόστητε.
701 1034 767 1061 Ἀλλ’
787 1035 801 1064 ἡ
828 1037 874 1071 μέν

62 1080 157 1111 οὓτως
184 1078 264 1115 εἶχεν,
294 1080 377 1110 οὕτως
404 1078 556 1116 ἁνήρχιτο·
573 1080 597 1104 οε
632 1077 662 1105 δέ
684 1080 780 1109 ταύτὴς
811 1088 873 1116 προ-

59 1126 248 1160 πορενόμινοι,
265 1125 438 1160 παριπόμενοί
464 1133 492 1149 τε
522 1125 567 1150 καὶ
594 1125 761 1159 συνεπόμενοι
788 1125 814 1149 τί
843 1123 873 1149 ἂν

59 1167 184 1201 ἐποίουν,
199 1171 245 1194 καὶ
263 1168 330 1199 ὅπως
358 1166 506 1201 διέκιιντο;
531 1167 561 1194 Εἰ
585 1169 636 1204 γὰρ
662 1167 704 1194 ἐπὶ
723 1168 759 1194 ἑνὶ
785 1167 873 1204 ἀμαρ-

59 1213 143 1248 τωλῷ
163 1216 339 1249 μιτοινοοῡνιῚ1
367 1213 402 1244 ὡς
425 1213 438 1238 ὁ
467 1214 558 1250 Κύριος
583 1213 662 1243 αὐτὸς
688 1222 783 1249 ιιρηχι,
811 1222 874 1248 χαι-

61 1267 168 1295 ροντες,
192 1260 278 1289 πόσης
301 1257 331 1284 ἂν
347 1257 390 1284 ἐπὶ
411 1262 442 1294 τῇ
459 1257 487 1284 ἐκ
510 1255 605 1289 παιδός
630 1257 704 1287 εὐθύς
731 1257 872 1295 αὔαρςστη-

63 1303 141 1339 σάοῃ
170 1307 220 1329 τῶν
247 1303 340 1329 τούτου
368 1303 469 1338 θεσμῶν
496 1305 582 1338 χαρᾶς
608 1312 636 1329 τε
663 1304 708 1328 καὶ
735 1299 873 1338 χυμηδίας

61 1347 132 1376 ἐπλή
137 1357 186 1373 σαν
203 1356 210 1382 ;

969 367 1013 393 30.
1030 367 1126 401 Atque
1137 364 1167 392 hi
1181 363 1304 400 quidem
1318 371 1354 391 ea
1367 371 1430 400 qua.
1444 363 1555 390 dictum
1577 364 1622 390 est
1643 361 1758 390 ratione

933 410 1065 438 furorem
1077 418 1164 438 suum
1176 409 1371 446 expleverunt
1386 418 1393 442 ;
1418 407 1566 436 Thodosia
1589 415 1660 435 vero
1682 407 1759 435 votis

933 462 970 483 ac
985 454 1139 482 desideriis
1155 454 1217 482 suis
1240 453 1364 482 omnino
1390 453 1483 489 potita
1507 454 1562 480 est.
1588 451 1758 480 leestium

932 499 1044 535 quippe
1052 499 1207 534 geniorum
1218 498 1443 534 praecedentium
1450 496 1758 533 subsequentiumque

933 543 1075 571 comitatu
1091 543 1209 579 stipata,
1226 550 1287 570 non
1301 543 1363 570 sine
1377 542 1487 577 insigni
1497 541 1624 569 laudum
1647 549 1758 576 praeco-

932 588 1018 622 nio,e
1031 588 1115 616 terris
1135 588 1166 616 in
1180 587 1290 616 coelum
1316 586 1446 615 deducta
1465 587 1529 615 fuit.
1557 587 1633 614 Dum
1657 587 1757 614 autem

933 633 1116 667 ascenderet,
1131 633 1248 668 poterat
1271 631 1310 660 ad
1332 632 1517 668 principatus
1543 633 1573 659 et
1596 632 1757 667 potestates

932 677 974 705 sic
989 677 1114 705 ﬁdenter
1127 677 1210 713 loqui
1227 686 1233 710 ;
1250 676 1417 705 Exaltatum
1439 678 1485 704 est
1501 683 1595 704 cornu
1610 683 1711 703 meum
1726 675 1757 703 in

933 721 994 750 Deo
1014 729 1102 754 meo;
1132 721 1183 749 illo
1208 721 1321 758 quippe
1349 721 1487 757 propitio,
1509 720 1646 748 inimicos
1673 727 1757 747 meos

931 767 1072 795 ventilavi
1089 775 1184 795 cornu
1199 775 1206 800 ;
1224 769 1252 795 et
1263 774 1330 795 ecce
1346 774 1426 794 nunc
1434 765 1474 794 ad
1487 773 1557 793 eum
1572 764 1756 801 proﬁciscor,

931 811 1094 848 ipsummet
1109 812 1161 848 qui
1181 820 1234 847 pro
1250 819 1297 839 me
1314 812 1408 840 factus
1421 813 1466 839 est
1487 810 1590 838 homo.
1610 810 1757 838 velamine

931 859 1033 885 emoto
1049 857 1222 891 adoratura,
1238 858 1266 884 et
1278 856 1375 884 Matris
1390 856 1455 892 ejus
1486 855 1681 884 sanctissimae
1689 854 1757 882 frui-

896 903 916 930 B
930 902 997 929 tura
1021 903 1195 937 conspectu,
1220 908 1255 928 ac
1280 900 1446 929 salutatura
1472 902 1595 928 caeteras
1619 907 1686 935 quae
1709 898 1758 927 vel

929 953 985 981 pro
996 945 1111 973 Christo
1135 952 1236 981 passm
1261 947 1331 973 sunt
1349 944 1395 972 vel
1419 944 1586 972 secundum
1609 944 1673 978 ejus
1685 951 1758 979 prae-

930 993 1016 1026 cepta
1032 990 1141 1022 vixere,
1156 991 1184 1017 et
1203 997 1239 1017 ex
1251 997 1356 1017 earum
1372 988 1598 1017 conversatione
1620 995 1681 1015 non
1696 987 1756 1015 exi-

930 1042 1025 1069 guum
1037 1037 1162 1071 captura
1178 1034 1334 1069 gaudium.
1346 1033 1438 1068 Abeo,
1462 1032 1628 1069 inquiebat,
1650 1039 1755 1060 earum

929 1079 1107 1114 imaginum,
1122 1087 1200 1115 quas
1216 1078 1356 1114 religioso
1375 1085 1494 1114 semper
1505 1078 1586 1105 cultu
1615 1077 1757 1104 venerata

930 1132 1009 1157 sum,
1024 1123 1155 1160 ipsamet
1164 1126 1363 1159 conspectura
1380 1124 1549 1159 prototypa.
1573 1120 1718 1149 Discedite
1738 1128 1757 1149 a

929 1176 978 1196 me
993 1167 1084 1203 igitur
1102 1175 1208 1196 omnes
1223 1167 1276 1203 qui
1295 1165 1461 1203 operamini
1480 1166 1679 1201 iniquitatem.
1699 1166 1756 1193 Hoc

927 1212 1028 1248 itaque
1047 1212 1139 1240 modo
1155 1211 1328 1240 Theodosim
1359 1219 1405 1239 res
1432 1218 1498 1239 sese
1526 1210 1669 1243 habuere,
1699 1209 1756 1238 hac

928 1257 1043 1285 ratione
1062 1257 1093 1285 in
1112 1256 1203 1285 caelos
1222 1256 1328 1285 evasit.
1349 1257 1432 1284 Nunc
1452 1257 1562 1288 autem,
1589 1254 1642 1290 qui
1674 1253 1755 1282 illam

929 1301 1148 1338 praecedebant,
1157 1301 1210 1337 qui
1224 1301 1447 1329 comitabantur
1461 1300 1574 1336 quique
1591 1298 1756 1334 subseque-

929 1346 1041 1374 bantur
1051 1345 1159 1381 angeli,
1171 1346 1246 1382 quid
1267 1345 1371 1374 fecisse
1384 1347 1436 1373 aut
1461 1344 1574 1381 quibus
1596 1343 1755 1372 incessisse

62 1391 169 1420 modis
185 1391 389 1420 arbitramur?
404 1391 517 1420 Etenim
532 1391 557 1419 si
572 1399 662 1427 super
674 1399 736 1419 uno
749 1393 904 1428 peccatore
920 1390 1127 1428 paenitentiam
1143 1393 1260 1425 agente,
1280 1389 1541 1426 quemadmodum
1560 1389 1686 1425 ipsemet
1702 1388 1756 1416 Do-

61 1436 168 1464 minus
191 1438 316 1464 testatus
343 1437 398 1469 est,
419 1438 536 1464 tantum
550 1436 624 1472 ipsis
649 1436 686 1464 sit
708 1435 866 1471 gaudium,
891 1438 1006 1472 quanta
1030 1442 1082 1463 eos
1104 1434 1206 1463 laetitia
1223 1437 1338 1471 quanto
1365 1434 1478 1469 gaudio
1503 1433 1639 1461 dicemus
1663 1432 1756 1460 fuisse

61 1480 207 1517 repletos,
224 1480 264 1508 ob
283 1487 361 1514 eam,
378 1488 446 1516 quin
460 1488 478 1508 a
494 1480 598 1517 primis
612 1480 680 1508 vitae
691 1488 754 1508 sum
766 1480 854 1508 annis
869 1480 897 1508 ei
910 1479 1021 1516 placuit
1036 1487 1090 1516 per
1103 1479 1316 1508 mandatorum
1335 1479 1400 1515 ejus
1414 1477 1655 1506 observationem
1667 1477 1681 1505 τὶ

103 1525 266 1561 λα’.⁴Εγωγι
279 1525 367 1561 οἰομαι
383 1525 418 1555 ὡς
444 1525 497 1561 οὐχ
531 1525 607 1554 ἧττον
636 1525 650 1554 ἣ
683 1525 725 1551 ὅτι
751 1527 798 1554 τὴν
825 1528 869 1555 τῆς

969 1526 1005 1552 ιι.
1018 1524 1064 1552 Ad
1075 1532 1124 1552 me
1137 1523 1220 1560 quod
1233 1523 1344 1555 attinet,
1355 1530 1417 1551 non
1430 1522 1539 1550 minori
1551 1521 1633 1550 illam
1647 1521 1756 1557 plausu

63 1571 288 1607 πρωτομὰρτυρος
333 1571 500 1606 παρέπεμπον
543 1569 643 1600 Θέχλης
679 1569 783 1606 ψυχὴν,
827 1572 871 1596 καὶ

65 1615 190 1652 ὲιρὸτουν
205 1616 250 1640 καὶ
280 1615 397 1650 ἔχαιρον,
432 1616 477 1640 καὶ
504 1615 548 1640 τὸν
573 1615 708 1652 ἄνθρωπον
739 1615 803 1652 ὑπὶρ
830 1613 872 1640 ἁν-

67 1660 179 1696 θρώπων
211 1661 344 1695 γενόμενον
376 1659 472 1695 ὕμνουν
498 1668 526 1685 τι
538 1661 583 1685 καὶ
612 1657 746 1690 ἐδόξαζον
776 1662 806 1685 'H
826 1659 870 1695 μὲν

66 1705 120 1741 γὰρ
135 1707 172 1738 τῷ
187 1703 222 1734 εἰς
235 1705 323 1741 τρίτον
348 1703 455 1741 οὐρανὸν
488 1702 618 1730 ἁνιλθὸντι
641 1705 744 1740 Παύλῳ,
769 1706 813 1730 χαὶ
838 1705 871 1730 τὰ

66 1749 171 1786 ἄρρητα
185 1749 311 1784 μυηθέντι
335 1748 556 1782 κατηκολούθησι,
583 1746 630 1775 διά
652 1758 680 1775 τί
705 1748 802 1780 πολλῆς
829 1749 871 1775 ὅτι

65 1794 258 1830 μυσταγωγίας
275 1794 340 1830 πρὸς
366 1794 395 1818 τὸ
422 1796 468 1819 τοῦ
495 1795 640 1830 μαρτυρίου
670 1791 779 1819 στάδιον
807 1792 870 1820 ἀπι-

67 1835 192 1864 δύσατο·
218 1837 234 1866 ἡ
261 1834 286 1863 δ’
316 1837 368 1872 οὐχ
395 1837 465 1868 ὅπως
493 1835 649 1873 διδασκάλῳ
675 1839 743 1864 κατὰ
769 1838 870 1864 Παῦλον

66 1881 214 1919 ἐχρήσατο,
233 1879 297 1907 ἀλλὰ
316 1879 378 1907 οὐδό
395 1885 445 1907 τῶν
469 1881 534 1908 πολὺ
566 1881 621 1918 μετ’
649 1881 741 1908 ἐκεῖνον
756 1893 763 1899 -
777 1884 807 1908 τὸ
840 1881 870 1909 δέ

66 1935 96 1962 γε
107 1925 208 1962 μεῖζον.
225 1926 266 1952 ὅτι
294 1928 338 1952 καὶ
373 1929 481 1962 συχνοῖς
504 1926 569 1962 ἄγαν
598 1930 649 1952 τῶν
683 1927 869 1963 ὀμογνωμόνων

68 1968 146 1999 δῆθιν
159 1971 226 2007 πρὸς
243 1969 390 1996 τούναντίον
415 1969 597 2006 μεθιλκομένῆ,
623 1974 668 1997 τοῦ
698 1971 776 2009 ὀρθοῦ
799 1981 870 2009 περι-

67 2017 172 2051 έσχατα,
186 2016 231 2041 καὶ
247 2015 398 2052 ὑπερθανεῖν
428 2015 509 2041 αὐτοῦ
535 2015 623 2043 silere.
653 2018 703 2042 Καὶ
733 2017 747 2046 ἠ
766 2018 812 2052 μέν
827 2015 869 2043 επὶ

67 2061 202 2098 πράγματι
229 2061 276 2089 τὴν
313 2060 434 2086 ἔνστασιν
485 2057 637 2094 ὶνεδιὶξατο,
677 2061 737 2098 παρ’
776 2061 871 2088 ἅπαντι

69 2104 256 2141 ὠμολογημένῳ
284 2104 369 2140 τιλιὶῳ
396 2114 424 2130 τι
452 2104 508 2141 ἅμα
535 2107 581 2131 καὶ
603 2104 686 2132 ἀτελεῖ
698 2116 704 2122 -
730 2107 745 2135 ἠ
776 2104 800 2132 δ’
830 2103 871 2132 ἐπ’

69 2148 280 2186 ἁμφιϐαλλομένῳ
318 2151 438 2185 συχνοῖς,
487 2148 597 2182 ἀτελέσι,
649 2149 730 2186 λέγω,
766 2151 792 2176 οἰ
826 2151 869 2176 καὶ

923 1568 1086 1605 laetitiaque
1115 1570 1282 1605 exceptam.
1307 1575 1363 1596 nec
1389 1567 1547 1604 pauciores
1573 1565 1699 1594 laudum
1718 1573 1754 1594 ac

925 1614 1089 1649 gratiarum
1096 1613 1228 1650 hymnos
1235 1615 1293 1641 Deo
1300 1615 1420 1649 propter
1425 1611 1580 1640 hominem
1586 1611 1753 1639 humanato

924 1658 1099 1686 decantatas
1109 1658 1199 1687 fuisse
1213 1657 1383 1690 arbibitror,
1393 1665 1485 1693 quam
1497 1658 1567 1684 tunc
1579 1663 1648 1684 cum
1659 1657 1755 1691 proto-

924 1703 1064 1739 martyris
1076 1703 1188 1731 Theclaa
1201 1703 1258 1739 (10)
1272 1703 1407 1731 animam
1417 1701 1568 1730 deduxere
1582 1700 1691 1736 angeli.
1702 1700 1755 1728 llla

924 1748 1042 1784 quidem
1067 1747 1157 1776 Paulo
1182 1748 1211 1776 in
1235 1747 1355 1775 tertium
1371 1755 1466 1783 usque
1489 1745 1599 1774 caelum
1614 1747 1709 1782 rapto,
1725 1746 1754 1773 et

924 1800 1036 1821 arcana
1050 1800 1112 1821 non
1125 1792 1286 1821 revelanda
1298 1792 1413 1827 edocto,
1429 1791 1578 1827 discipula
1589 1790 1726 1824 adhaesit,
1736 1796 1756 1818 a

923 1845 986 1873 quo
999 1845 1068 1864 cum
1079 1844 1140 1865 non
1150 1844 1249 1873 pauca
1261 1837 1298 1864 de
1309 1836 1398 1864 rebus
1409 1835 1578 1864 caelestibus
1591 1834 1753 1867 didicisset,

924 1881 963 1910 ad
971 1881 1106 1918 martyrii
1117 1882 1247 1910 stadium
1258 1881 1395 1910 alacriter
1404 1880 1626 1908 decurrendum
1637 1878 1754 1914 egregie

923 1926 1057 1962 profecto
1082 1926 1136 1954 fuit
1158 1926 1311 1954 instructa.
1339 1925 1415 1958 Quid
1439 1927 1536 1954 autem
1560 1923 1725 1952 Theodosia
1739 1922 1754 1950 ‘l

924 1973 988 2000 Non
1004 1971 1140 2004 Paulum,
1161 1971 1280 1999 Paulive
1301 1970 1440 2005 similem,
1462 1972 1514 1998 aut
1532 1970 1622 1998 etiam
1649 1975 1754 1997 eorum

923 2023 1019 2044 unum
1045 2016 1098 2052 qui
1121 2015 1173 2044 diu
1189 2023 1261 2044 sane
1277 2020 1346 2052 post
1359 2015 1440 2043 Pauli
1456 2017 1592 2051 tempora
1606 2013 1753 2047 vixerunt,

923 2062 1138 2096 praeceptorem
1150 2063 1238 2088 nacta
1245 2062 1303 2089 est:
1312 2059 1364 2088 sed
1372 2060 1456 2096 quod
1466 2059 1559 2096 pluris
1569 2058 1753 2092 faciendum,

923 2112 994 2133 cum
1013 2104 1133 2141 plurimi
1153 2105 1386 2133 Christianorum
1403 2105 1459 2140 (tl)
1475 2103 1577 2140 palam
1592 2103 1622 2131 in
1638 2105 1754 2130 contra-

923 2150 999 2178 riam
1014 2152 1131 2186 partem
1145 2149 1303 2183 traherent,
1317 2152 1429 2177 rectam
1442 2152 1543 2176 tamen
1554 2148 1635 2176 viam
1646 2147 1752 2180 tenuit,

68 2194 180 2227 πλείους,
218 2194 253 2224 ὦς
284 2203 359 2229 φασι,
389 2195 433 2219 καὶ
460 2193 555 2225 πολλὰς
581 2194 620 2220 ὄτι
649 2196 695 2226 τὰς
721 2195 868 2231 ἀντιλογίας

969 2201 1021 2230 pro
1036 2194 1157 2222 veritate
1173 2194 1249 2222 mori
1264 2193 1360 2229 elegit.
1376 2193 1427 2222 illa
1443 2193 1644 2221 constantiam
1660 2191 1754 2219 tenuit

69 2237 246 2274 εὔρίσχουσιν,
272 2238 344 2273 ὤφθη
368 2246 396 2263 τι
423 2236 629 2274 ἀπειρὶτρεπτος,
658 2241 702 2265 καὶ
728 2240 761 2264 τὰ
785 2248 868 2275 παρα-

69 2281 168 2310 πλήσια
180 2280 295 2307 ὶνστᾶσα
316 2285 347 2318 τῇ
372 2282 574 2319 πρωτομὰρτυρι
604 2284 636 2308 τὰ
658 2282 703 2309 ἶσα
733 2281 866 2319 διεκαρτέ-

71 2335 143 2364 ρησε.
159 2327 244 2352 Πόσον
263 2323 288 2352 δ’
305 2325 336 2352 ἄν
351 2327 483 2362 ἡγήσαντο
499 2326 539 2352 ὁτι
561 2329 605 2354 καὶ
634 2327 774 2358 συνάθλους
801 2327 868 2354 πλεῖ-

73 2381 133 2402 στας
145 2373 281 2403 πεποίηκε,
304 2373 350 2397 καὶ
379 2372 444 2407 πρός
466 2373 508 2397 τόν
538 2371 614 2398 αὐτὸν
639 2372 702 2408 ὑπὲρ
728 2376 795 2399 Θιοῡ
822 2374 868 2404 ζῆ-

71 2415 111 2442 λον
139 2415 228 2452 ἐπῆρε,
266 2418 311 2442 καὶ
346 2419 394 2446 τῆς
431 2415 483 2441 ἂνω
520 2415 657 2452 βασιλείας
693 2416 869 2454 κληρονόμους

72 2461 229 2489 uariantur
254 2467 261 2493 ;
285 2458 353 2486 Ἀλλ’
379 2459 484 2495 ἄγγελοι
511 2462 555 2497 μέν
581 2461 679 2487 οὗτωσί
711 2471 763 2493 πως
789 2463 869 2498 ἔχαι-

73 2514 124 2541 ρον,
147 2505 227 2531 ὁσίων
252 2513 279 2530 τε
306 2502 389 2541 δῆμοι
411 2506 457 2530 καὶ
491 2506 629 2542 μαρτύρων
662 2505 766 2532 ἄλλοθεν
796 2506 869 2533 ἄλλοι

74 2553 311 2586 προσυπαντῶντις,
330 2549 363 2580 ὼς
388 2550 417 2575 τὸ
443 2549 521 2583 εἰκός,
544 2548 689 2582 ἐδεξιοῦντο
717 2553 765 2580 τὴν
793 2552 868 2578 ὁσίαν

74 2594 125 2631 ἁμα
137 2596 181 2620 καὶ
196 2595 325 2631 μάρτυρα,
357 2596 402 2620 καὶ
429 2598 477 2624 τῆς
513 2596 636 2632 σφετέρας
662 2597 754 2632 μοςοας
782 2597 867 2623 ἕκατι-

75 2641 233 2675 ροιποιῆσοι
267 2639 364 2667 ταύτην
389 2637 497 2664 ὶπόθουν
517 2641 563 2665 καὶ
588 2637 773 2666 ἰδιώσασθαι·
803 2643 868 2672 Θεὸς

108 2727 143 2767 (9)
152 2726 252 2767 Melius
259 2726 334 2767 forte
342 2727 574 2767 Ambrosianum
590 2728 789 2767 Synaxarium
800 2730 869 2767 κατὰ

77 2762 169 2798 αὐχένα
183 2762 213 2790 in
223 2763 337 2790 cervice
352 2771 358 2789 :
371 2762 439 2798 quis
456 2764 536 2791 enim
552 2762 647 2792 nescit
665 2765 815 2792 vertebrae
836 2765 867 2793 in

79 2798 193 2830 cervice,
207 2805 268 2826 non
282 2798 311 2826 in
324 2801 444 2833 gutture
459 2806 523 2827 esse
534 2799 548 2827 ‘I

109 2834 162 2871 (10)
179 2835 208 2862 S.
225 2833 346 2868 Thecla,
360 2833 509 2870 discipula
519 2836 547 2864 S.
577 2835 669 2870 Pauli,
700 2835 816 2871 colitur,
833 2838 867 2865 23

924 2247 1016 2275 super
1029 2246 1071 2273 re,
1091 2239 1272 2272 imperfectis
1286 2247 1372 2275 aeque
1387 2246 1422 2267 ac
1437 2238 1574 2274 perfectis
1584 2236 1754 2265 indubitata

921 2283 1098 2319 Theodosia,
1110 2292 1165 2320 pro
1175 2292 1211 2312 ea
1225 2292 1293 2320 quae
1308 2292 1326 2312 a
1337 2283 1438 2312 multis
1454 2283 1619 2311 vocabatur
1634 2282 1664 2310 in
1682 2289 1754 2310 con-

923 2329 1109 2361 troversiam.
1136 2328 1175 2357 ab
1198 2328 1377 2362 imperfectis
1397 2328 1517 2361 scilicet,
1533 2327 1586 2364 qui
1601 2326 1710 2355 multas
1725 2327 1754 2354 et

923 2380 1051 2408 magnas
1062 2373 1093 2400 in
1109 2373 1292 2402 contrarium
1307 2372 1438 2401 rationes
1449 2373 1635 2407 invenerant,
1646 2373 1679 2400 ut
1693 2371 1752 2400 aie-

921 2417 1005 2450 bant,
1019 2417 1129 2445 mansit
1138 2417 1319 2446 inconcussa
1333 2425 1339 2450 ;
1353 2417 1384 2445 in
1397 2417 1510 2445 caeteris
1522 2424 1593 2444 vero
1603 2415 1669 2452 pari
1683 2422 1753 2444 cum

922 2464 1143 2498 protomartyre
1155 2462 1377 2498 perseverantia
1390 2461 1463 2490 nihil
1478 2469 1571 2497 quam
1585 2461 1636 2488 illa
1650 2460 1752 2488 minus

922 2507 982 2542 egit
990 2506 1110 2534 fortiter.
1121 2506 1195 2535 lllud
1204 2514 1294 2543 porro
1304 2507 1409 2542 quanti
1419 2504 1591 2534 faciendum
1603 2506 1658 2539 est,
1667 2504 1753 2540 quod

922 2551 1023 2588 plures
1033 2551 1171 2587 ejusdcm
1182 2551 1353 2580 certaminis
1364 2550 1492 2578 effecerit
1502 2550 1608 2582 socias,
1622 2557 1701 2585 quas
1712 2548 1752 2577 ad

922 2596 1050 2624 similem
1062 2596 1157 2624 zelum
1170 2604 1226 2633 pro
1242 2597 1300 2624 Deo
1311 2595 1458 2624 excitavit.
1482 2602 1598 2630 suoque
1613 2593 1752 2630 exemplo

922 2641 954 2670 in
969 2641 1097 2670 caelestis
1110 2641 1195 2677 regni
1213 2641 1418 2669 hereditatem
1432 2639 1580 2668 immisit?
1600 2639 1662 2667 Hoc
1681 2646 1752 2674 ergo

924 2731 958 2758 Se
983 2729 1117 2760 tembris.

959 2737 1017 2801 81)
1043 2766 1117 2798 Quia
1136 2769 1185 2791 τῶν
1210 2765 1411 2801 ὀμογυωμᾲνων,
1436 2763 1750 2801 ελαδιίεηιμβεξηζεηιξκ,

923 2799 968 2829 de
981 2801 1041 2828 fide
1061 2801 1140 2829 circa
1155 2799 1320 2829 Chri‘stunn‘
1334 2799 1483 2830 duntaxat
1501 2799 1625 2835 intelligi
1638 2799 1687 2828 hic
1703 2799 1753 2828 de-

922 2837 982 2870 bet,
1001 2837 1239 2865 Chrz‘stianorum
1257 2836 1340 2864 verti.
