1963 3084
247 162 297 188 923

845 159 1072 188 CONSTANTINI
1092 159 1330 188 ACROPOLITE.

1783 7 1963 75 qui

1896 161 1951 188 924

246 221 339 251 modo
349 221 528 250 lmtabantur
546 221 654 257 angeli,
669 224 840 251 sanctorum
861 229 931 251 vero
945 225 974 251 et
993 229 1057 250 mar

1131 220 1155 248 δ’
1180 221 1243 259 ὕπερ
1271 221 1301 248 οὗ
1329 231 1374 248 και
1402 219 1439 249 δι’
1454 223 1481 249 ὄν
1500 222 1648 259 ἠγωνίσατο
1678 220 1808 253 διατὴσας
1828 221 1950 258 ἀμφοῖν,

247 269 345 302 tyrum
354 269 470 299 turmae,
489 265 553 294 alia;
569 266 689 294 aliunde
700 266 922 303 progredientes
937 266 1070 302 obviam,

247 313 358 339 sanctae
373 310 461 338 simul
472 318 507 339 ac
522 311 646 348 martyri
656 311 862 343 occurrebant,
879 313 911 339 ut
930 318 986 347 par
999 312 1073 344 erat,

247 357 275 383 et
288 363 350 383 suae
361 355 474 392 quique
482 355 561 391 parti
572 355 734 391 cupiebant
747 355 902 392 propriam
923 355 1083 383 vindicare.

1130 270 1180 292 τῶν
1204 266 1313 293 αἰωνίων
1351 266 1455 303 ἀγαθῶν
1482 267 1576 304 ἀμφοῖν
1604 267 1790 294 συναπολαύειν
1822 264 1952 293 ἐνδέδω-

1129 321 1181 338 κεν.

1104 355 1182 384 Deus
1195 357 1306 388 autem,
1320 356 1406 392 cujus
1421 363 1478 393 ope
1500 358 1527 385 et
1543 357 1628 393 cujus
1643 363 1734 385 causa
1752 357 1951 387 certaverat,

247 407 317 428 cum
336 399 469 437 utrisque
489 407 671 429 conversans
691 401 759 429 fecit
778 402 810 429 ut
829 408 898 429 cum
918 399 1054 436 utrisque
1068 401 1195 437 prmmio
1208 400 1408 437 perfrueretur
1422 404 1543 430 aeterno.

1005 450 1116 478 CAPUT
1134 450 1166 477 V.

468 494 619 523 Mz‘racula
633 495 675 523 ad
693 495 725 523 S.
746 494 914 523 Theodosia?
928 494 1143 522 invocationem
1157 497 1294 529 patrata,
1305 495 1358 523 ubi
1370 495 1483 523 Auctor
1495 495 1532 523 de
1545 502 1576 523 se
1589 495 1699 524 etsuis.

284 541 327 567 32.
341 539 436 575 Atque
446 539 498 576 huj
504 539 622 567 usmodi
631 539 723 567 ferme
737 539 818 567 fuere
828 547 863 567 ea
874 547 942 575 quae
960 539 1076 567 Sanctae

247 584 277 611 tn
293 583 370 611 coelo
384 584 586 619 contigerunt,
602 586 690 620 prout
705 591 838 620 congrue
858 584 1025 619 conjectare
1044 583 1076 610 li~

247 630 311 662 cet;
326 635 381 656 nos
405 636 476 657 vero
501 629 590 664 quiin
610 631 687 657 terra
710 629 799 665 positi
823 636 925 657 sacras
944 628 1009 664 ejus
1032 635 1076 656 re-

247 672 356 709 liquias
367 673 490 701 feliciter
505 673 709 710 possidemus,
730 674 803 710 quid
824 673 946 701 tandem
966 673 1074 705 facere,

247 719 298 745 aut
316 725 378 754 qua
393 718 507 746 ratione
526 718 648 746 aﬂ‘ectos
669 726 736 746 esse
755 717 1076 754 oporteat,considere-

246 769 325 797 mus,
347 763 513 798 praesertim
538 771 608 790 cum
628 765 670 791 tot
689 763 755 798 ejus
779 762 960 790 admiranda
983 769 1076 798 opera

246 805 329 834 nullo
348 814 410 834 non
421 806 469 834 die
484 807 686 843 experiamur,
699 807 915 843 videamusque
926 806 1075 842 homines,

247 851 381 886 corporis
396 858 452 879 usu
464 851 636 888 viribusque
648 851 964 884 destitutos,hactenus
983 859 1076 879 mem-

247 894 374 923 brorum
386 903 508 924 suorum
519 898 630 924 rectam
642 896 785 933 consequi
796 896 1075 929 conformationem;

248 939 356 968 surdos
384 948 420 968 ac
441 942 552 974 mutos,
573 943 749 977 recuperato
769 941 889 969 aurium
916 943 945 969 et
964 940 1076 976 linguae

246 991 318 1017 usu,
335 985 374 1013 ob
391 985 521 1020 insignia
534 985 609 1013 adeo
625 986 768 1014 miracula
784 985 894 1022 gaudio
909 985 1076 1019 exsultare;

247 1030 275 1056 et
288 1029 360 1063 Deo,
375 1030 427 1066 qui
441 1032 525 1059 tanta
545 1037 616 1065 erga
634 1031 773 1059 homines
793 1033 944 1066 operatur,
965 1030 1077 1065 gratias

245 1072 384 1101 exhibere
401 1083 408 1108 ;
428 1077 457 1103 et
470 1076 551 1104 illam
579 1078 702 1114 propter
717 1076 803 1111 cujus
835 1075 940 1103 merita
958 1076 1076 1103 tantum

245 1116 461 1148 beneﬁciorum
481 1121 800 1157 accipimus,qumque
830 1122 910 1147 tanta
938 1119 967 1147 in
999 1119 1074 1147 coelo

248 1161 450 1196 gloria,tanta
461 1166 491 1194 in
508 1167 592 1195 terris
611 1168 757 1203 potestate
779 1164 880 1201 pollet,
901 1163 1008 1192 debitis
1023 1164 1075 1192 ho-

246 1215 356 1237 norum
376 1212 405 1238 et
423 1210 550 1239 laudum
579 1211 679 1245 titulis,
701 1212 732 1238 ut
755 1217 810 1246 par
835 1211 887 1241 est,
914 1208 1069 1245 prosequi.

1164 537 1217 575 λβζ
1245 539 1287 566 ἐν
1312 541 1358 576 μὶν
1381 539 1481 577 οὐρανῷ
1519 540 1628 566 τοιαῦτά
1658 549 1698 566 τοι
1731 543 1764 575 τῇ

1129 581 1193 620 τῇδε
1207 586 1356 619 συνήτηκεν,
1372 585 1423 610 ὅσα
1436 594 1464 620 γε
1490 583 1517 610 ἐκ
1544 588 1593 610 τῶν
1619 584 1721 610 εἰκότων
1745 585 1802 610 ἔστι
1836 585 1948 619 στοχα-

1131 628 1230 654 σασθαι
1244 639 1250 644 ·
1266 630 1326 660 τοὺς
1345 627 1371 654 δ’
1386 628 1429 655 ἐπι
1442 633 1493 665 γῆς
1516 629 1714 665 εὑρισκομένους
1737 629 1806 665 ἡμᾶς
1836 638 1890 654 και
1917 630 1946 653 τὸ

1131 673 1197 710 ἱερὸν
1212 673 1293 704 αὐτῆς
1305 675 1464 709 κατέχοντας
1478 673 1597 709 λείψανον
1621 676 1648 700 τί
1670 677 1752 699 ποιεῖν
1781 673 1839 709 ἄρα
1872 675 1946 709 χρὴ,

1129 727 1175 743 και
1209 718 1280 748 ὅπως
1311 716 1352 744 δεῖ
1376 716 1536 754 διαχεῖσθαι,
1568 720 1752 754 σχοπήσωμεν,
1784 727 1833 743 χαι
1866 717 1948 743 ταῦθ’

1130 762 1260 799 ὁσημέραι
1288 766 1338 788 τῶν
1367 763 1504 799 θαυμάτων
1534 762 1613 793 αὐτῆς
1641 762 1829 795 ἀπολαϐόντας,
1882 763 1948 791 τούς

1130 807 1192 836 τέως
1202 808 1371 843 παρειμένους
1387 809 1435 837 τὴν
1456 807 1602 844 ὁλομίλειαν
1634 807 1682 838 τῆς
1711 811 1781 843 σφῶν
1806 805 1944 843 διαρτίας

1097 860 1117 888 c
1131 851 1242 888 ὁρῶντας
1266 849 1342 882 αὖθις
1370 849 1402 878 αὖ
1441 851 1625 887 ἀπολαϐόντας,
1659 853 1758 888 κωφοὺς
1790 861 1838 877 χαι
1878 850 1944 876 ἁλὰ-

1129 895 1197 928 λους,
1236 897 1380 932 φωνοῦντας
1414 906 1441 923 τε
1474 907 1519 924 και
1555 896 1694 927 ἀκούοντας
1741 895 1940 932 ἑφηδὺνεσῦαι,

1129 941 1230 971 πὰντως
1257 945 1312 972 ταῖς
1341 943 1566 979 θαυματουργίαις
1602 941 1769 979 εὐχαριστεῖν
1811 945 1854 976 τῷ
1905 941 1941 976 ὶᾳ³

1130 985 1202 1021 ἡμῶν
1230 990 1341 1012 τοιαῦτα
1373 984 1547 1024 διενεργοῡντι
1574 990 1641 1022 Θεῷ,
1675 996 1719 1012 και
1745 988 1794 1015 τὴν
1823 985 1868 1012 δι’
1911 985 1943 1016 ξς

1805 542 1918 575 Μακαρ
1924 540 1950 573 ig:

1129 1030 1202 1057 ταῦτ’
1231 1030 1402 1068 ἐνεργούμεθα
1428 1034 1474 1061 τὴν
1504 1030 1698 1068 δεδοξασμένων
1720 1033 1819 1060 ταύτην
1851 1031 1880 1057 ἓν
1900 1030 1943 1057 οτὶ⁸

1128 1078 1227 1112 ρανοῖς,
1253 1085 1298 1102 και
1326 1076 1393 1102 οὕτω
1418 1076 1520 1113 μεγαλα
1546 1076 1694 1113 ἰσχύουσαν
1723 1075 1764 1102 Exi
1795 1080 1847 1107 τῆς
1878 1080 1942 1111 γῆς,

1129 1121 1161 1146 τὰ
1176 1119 1263 1146 εἰκότα
1282 1130 1328 1146 χαι
1350 1124 1479 1159 γεραίρειν
1505 1131 1549 1147 χαι
1575 1121 1707 1158 εὐφημεῖν.
1742 1120 1863 1147 Πλεῖστα

1128 1166 1199 1195 οῡνή
1221 1168 1297 1202 ’Δγία
1321 1167 1450 1203 ὁσημέραι
1473 1170 1657 1203 τερατουργεῖ·
1686 1164 1741 1192 ἀλλ’
1765 1166 1847 1203 οὗπερ
1879 1165 1942 1191 αὖτ’

1128 1211 1209 1241 όπτης
1217 1209 1339 1246 ὶγενόμην
1349 1210 1397 1236 οὐκ
1407 1210 1496 1240 ἀνήσω
1505 1213 1541 1246 μὴ
1558 1208 1751 1246 διηγήσασθαι.

246 1253 335 1282 Multa
358 1257 428 1283 sunt
444 1255 567 1291 quidem
587 1263 655 1292 qua:
674 1256 780 1283 Sancta
795 1253 927 1290 quotidie
945 1253 1016 1281 facit
1034 1252 1224 1288 admiranda,
1240 1255 1293 1283 sed
1313 1263 1382 1291 quae
1405 1255 1479 1292 ipsis
1505 1255 1587 1283 hisce
1601 1255 1695 1283 oculis
1707 1255 1810 1283 videre
1826 1254 1939 1288 merui,

245 1306 306 1327 non
319 1306 444 1335 possum
464 1307 525 1328 non
536 1307 685 1328 enarrare.

281 1345 326 1372 33.
344 1345 416 1372 Puer
430 1344 556 1380 quidam
568 1346 632 1372 erat
646 1345 731 1372 aetate
745 1343 785 1371 ad
793 1343 958 1380 pubertatis
979 1350 1075 1370 annos

246 1387 310 1424 jam
322 1396 558 1424 progressus,ex
583 1397 688 1417 eorum
715 1396 864 1424 pagorum
892 1396 953 1416 uno
964 1387 1074 1424 aliquo,

245 1433 298 1469 qui
310 1433 340 1460 in
356 1433 484 1469 Phrygia
494 1433 532 1462 ad
550 1433 675 1462 ﬂuvium
700 1433 899 1469 Rhyndacum
915 1432 972 1469 (t2)
996 1433 1074 1466 sunt,

248 1477 404 1512 oriundus,
422 1478 477 1506 sed
491 1486 509 1506 a
523 1478 622 1514 patrio
637 1477 701 1506 solo
715 1477 902 1514 peregrinus.
923 1478 974 1506 Hic
993 1476 1076 1513 quod

246 1521 328 1550 dictu
344 1522 707 1558 abominabile,vagorum
722 1524 928 1557 Agarenorum
941 1521 1076 1557 impieta-

245 1568 305 1594 tem
329 1566 510 1600 sectabatur,
537 1569 565 1594 et
585 1565 874 1601 Constantinopolim
899 1564 1075 1598 adveniens,

246 1609 303 1638 hac
321 1610 388 1638 illac
408 1618 462 1647 per
476 1611 625 1639 civitatem
644 1610 816 1639 oberrabat.
836 1611 909 1638 Ecce
929 1612 1041 1643 autem,
1057 1616 1076 1636 ο

244 1655 359 1683 rabiem
384 1655 541 1690 daemonis,
562 1656 699 1684 omnium
722 1657 826 1684 contra
842 1663 898 1683 nos
924 1655 1074 1683 malorum

246 1700 376 1727 auctoris
393 1700 399 1727 l
423 1700 471 1728 die
483 1700 616 1736 quadam
641 1700 781 1736 impletur
807 1699 936 1727 tenebris
950 1702 979 1727 et
991 1699 1077 1727 verti-

245 1744 323 1779 gine.
349 1744 543 1773 Meridianum
570 1745 681 1773 scilicet
709 1747 772 1772 erat
796 1747 925 1780 tempus,
951 1744 1076 1780 quando

246 1788 336 1816 etiam
361 1789 454 1817 David
470 1790 511 1818 ait
526 1797 587 1817 non
600 1788 806 1817 habitantibus
820 1788 851 1816 in
865 1788 1014 1823 adjutorio
1029 1788 1076 1816 Al-

246 1832 361 1866 tissimi,
372 1836 399 1861 et
411 1833 441 1861 in
453 1834 505 1862 Dei
523 1833 717 1862 tabernaculo
732 1840 793 1860 non
807 1833 1074 1868 commorantibus,

245 1877 449 1906 deemoniacas
471 1878 702 1914 imaginationes
728 1877 875 1913 ingruere.
900 1880 968 1906 Cum
988 1878 1077 1913 igitur

246 1922 287 1950 sic
313 1923 484 1958 agitaretur,
512 1924 540 1950 et
565 1922 641 1950 ratio
653 1922 679 1949 ei
693 1930 754 1950 non
777 1930 886 1958 parum
906 1925 983 1950 esset
1006 1930 1077 1950 con-

245 1967 375 2000 turbata,
386 1968 546 2003 derepente
561 1967 650 1994 etiam
667 1967 810 1995 contortis
824 1967 864 1996 ita
876 1970 1011 2003 repertus
1023 1967 1078 1996 fuit

245 2012 382 2046 genibus,
399 2015 431 2039 ut
450 2012 530 2039 tibiae
551 2011 713 2039 femoribus
735 2012 932 2046 adhwrerent,
949 2014 977 2040 et
991 2011 1076 2040 abor-

246 2055 311 2083 tivis
331 2055 387 2083 illis
407 2055 488 2083 haud
508 2055 659 2083 dissimilis
674 2059 928 2093 appareret,quos
947 2056 985 2084 ad
1005 2064 1078 2092 prae.

246 2100 424 2128 tereuntium
441 2099 650 2128 consitandam
664 2101 956 2130 commiserationem
971 2101 1078 2137 plateis

245 2145 398 2181 expositos
415 2144 584 2181 frequenter
596 2146 807 2182 conspicimus:
820 2147 893 2183 quin
906 2146 994 2174 etiam
1007 2154 1078 2182 apo-

245 2189 388 2224 pleeticus
415 2191 496 2217 totus
512 2192 583 2225 erat,
610 2198 666 2218 nec
679 2191 768 2227 plane
783 2191 945 2225 intelligere
961 2193 1078 2226 poterat

245 2233 319 2268 quid
332 2236 490 2269 pateretur.
517 2236 590 2263 Cum
606 2238 706 2264 autem
731 2239 839 2264 natura
855 2238 973 2270 cogeret
987 2236 1024 2264 ad
1042 2243 1077 2264 ea

245 2277 357 2313 quibus
374 2279 513 2313 assuevit,
539 2283 609 2309 tunc
626 2281 698 2309 satis
714 2288 902 2316 cognoscens
917 2280 990 2316 quid
1005 2280 1077 2317 mali

245 2324 323 2350 esset
336 2323 457 2359 (reptilis
471 2324 551 2353 enim
562 2325 658 2353 factus
669 2327 742 2358 erat,
759 2325 811 2360 qui
825 2326 947 2352 eatenus
962 2324 1077 2354 solebat

244 2366 375 2403 pedibus
385 2367 531 2405 incedere)
544 2369 684 2397 manibus
696 2376 781 2405 mque
792 2376 827 2396 ac
839 2369 967 2404 pedidus
979 2372 1073 2403 utens,

245 2420 337 2449 supra
345 2421 400 2441 sua
407 2421 437 2441 se
443 2421 541 2448 genua
548 2422 608 2441 non
616 2413 876 2450 prOmovebat,sed
884 2413 1076 2450 protrahebat

245 2459 368 2485 eatenus
376 2457 477 2486 saltem
486 2459 610 2486 rationis
619 2465 755 2493 compos,
766 2459 798 2485 ut
807 2458 918 2486 victum
929 2459 1075 2494 quaereret

244 2502 424 2531 mendicato.
433 2503 479 2532 Sic
486 2503 543 2531 hac
549 2502 637 2538 illacq
641 2510 675 2530 ue
682 2510 772 2538 repen
777 2506 836 2531 tem
842 2511 894 2539 seq
899 2511 934 2530 ue
940 2503 1074 2531 volutan-

246 2549 303 2576 tem
317 2552 382 2583 (nec
395 2547 476 2575 enim
486 2547 572 2575 aliter
582 2549 709 2582 poterat)
722 2547 760 2575 ad
774 2555 986 2583 measlquoque
995 2547 1074 2575 uades

245 2599 315 2620 eum
329 2592 453 2626 contigit
463 2591 611 2625 devenire,
628 2592 761 2627 mihique
773 2593 802 2619 in
817 2595 1012 2628 conspectum
1024 2599 1074 2620 ve-

243 2636 381 2671 nire,non
392 2644 497 2671 gressu
504 2635 708 2669 debilem,non
716 2636 942 2669 claudicantem,
950 2637 1003 2664 sed
1013 2645 1076 2666 ma-

245 2681 352 2709 nifeste
364 2688 430 2717 repe
436 2683 517 2709 ntem
527 2684 555 2710 et
566 2681 750 2717 gradientem
762 2689 853 2718 supra
861 2684 963 2717 pectus
969 2690 1004 2711 ac
1011 2690 1077 2712 ven.

246 2725 501 2762 trem,secundum
516 2729 646 2755 veterem
661 2725 902 2755 maledictionem
917 2726 1074 2764 serpentis.

1165 1342 1213 1379 )7'.
1229 1341 1340 1371 Παιδίον
1367 1346 1413 1374 τὴν
1437 1344 1540 1374 ἡλικίαν
1567 1341 1621 1374 ἤδη
1652 1343 1786 1381 πρόσηϐον
1813 1346 1854 1379 ὃν,
1887 1353 1939 1369 ποι-

1129 1389 1186 1424 τρίς
1195 1386 1263 1423 τῷδε
1277 1393 1327 1415 τῶν
1342 1391 1400 1426 περί
1424 1390 1468 1415 τὸν
1495 1387 1634 1415 Ῥυνδακὸν
1659 1390 1777 1425 ποταμὸν
1803 1390 1857 1424 μία
1885 1398 1938 1414 κω-

1130 1436 1195 1469 μῶν,
1228 1437 1273 1464 τῆς
1310 1435 1515 1470 προενεγκούσης
1551 1435 1712 1470 μεταναστὰν
1739 1435 1768 1460 τὸ
1800 1431 1829 1459 δ’
1869 1434 1937 1462 ὅπως

1129 1477 1211 1514 λέγειν
1243 1478 1273 1504 οὐ
1299 1480 1420 1516 φορητὸν,
1451 1477 1550 1505 ἀσεϐῶν
1581 1480 1611 1504 τὸ
1637 1478 1723 1514 κύκλῳ
1747 1476 1936 1515 καταδραμόν-

1129 1532 1177 1548 των
1208 1522 1366 1559 Ἀγαρηνῶν,
1396 1533 1439 1549 και
1468 1524 1540 1560 παρὰ
1565 1524 1612 1552 τὴν
1636 1525 1835 1550 Κωνσταντίνου
1868 1524 1937 1558 γινό-

1130 1577 1214 1603 μενον,
1227 1565 1293 1604 τῇδε
1315 1566 1418 1594 κάκεῖσε
1445 1572 1493 1598 τῆς
1518 1567 1613 1598 πόλεως
1640 1567 1766 1604 ἀλώμενον
1796 1566 1840 1596 ἦν.
1868 1567 1936 1594 Ἀλλ’

1130 1612 1150 1638 ὦ
1177 1616 1224 1643 τῆς
1254 1611 1374 1639 minus.»
1400 1617 1446 1639 τοῦ
1466 1613 1617 1649 ἀρχεκάκου
1643 1614 1708 1650 πρὸς
1734 1613 1806 1648 ἡμῶς
1831 1611 1936 1648 δυσμε-

1129 1659 1198 1688 νείας
1215 1657 1221 1684 l
1240 1659 1333 1683 σκότου
1359 1667 1404 1683 και
1432 1656 1509 1688 δίνης
1535 1660 1596 1693 μιᾶς
1620 1657 1765 1693 πληροῦται
1794 1661 1847 1683 τῶν
1873 1659 1935 1692 ἠμε-

1130 1701 1378 1738 ρῶν.Μισημϐρίας
1393 1705 1423 1731 ἥν
1447 1702 1460 1728 ὁ
1483 1703 1581 1738 καιρὸς,
1608 1702 1649 1728 ὅτε
1680 1700 1714 1730 δὴ
1742 1711 1787 1728 και
1816 1703 1831 1728 ὁ
1871 1703 1934 1731 Θείος

1130 1747 1176 1782 ἔφη
1211 1744 1298 1772 Ααυὶδ
1329 1750 1381 1776 τοῖς
1411 1748 1446 1782 μὴ
1475 1750 1643 1772 κατοικοῦσιν
1674 1746 1699 1772 ἄν
1737 1745 1856 1782 βοηθείᾳ
1890 1749 1932 1772 τοῦ

1131 1790 1268 1826 Ὕψιστον,
1284 1789 1351 1827 μηδ’
1373 1790 1396 1817 ἐν
1422 1794 1454 1827 τῇ
1485 1792 1568 1827 σκέπῃ
1597 1794 1644 1817 τοῦ
1659 1794 1725 1817 Θεοῦ
1739 1790 1930 1827 αὐλιζομένοις,

1130 1837 1164 1862 τὰ
1179 1833 1343 1872 δαιμονιώὸη
1372 1837 1530 1871 συμπίπτειν
1555 1837 1746 1871 φαντάσματα·
1777 1836 1863 1861 παθὸν
1890 1833 1929 1861 οὖν

1130 1881 1198 1907 οὕτω
1212 1890 1257 1906 και
1271 1890 1313 1906 τον
1328 1879 1452 1916 λογισμὸν
1481 1879 1528 1906 οὐκ
1553 1879 1592 1906 ἐπ’
1621 1879 1704 1916 ὀλίγον
1736 1881 1927 1916 συνταραχθέν,

1130 1927 1178 1957 τὰς
1211 1926 1300 1961 ἰγνύας
1343 1926 1570 1961 συνεστραμμένας
1607 1926 1700 1960 αἴφνης
1738 1925 1800 1960 ἔχον
1829 1925 1927 1961 εὑρέθη,

1131 1974 1186 2002 τοῖς
1216 1973 1309 2006 μηροῖς
1338 1970 1385 2000 τὰς
1408 1971 1509 2006 κνὴμας
1537 1971 1743 2005 συμπιφυκυίας,
1771 1970 1853 1995 ὁποῖα
1884 1973 1928 1994 τῶν

1132 2015 1159 2042 ἐκ
1185 2019 1289 2050 γενετῆς
1318 2014 1493 2051 ἀμϐλωμοὶτων
1531 2015 1606 2050 συχὰ
1630 2015 1702 2051 παρὰ
1729 2015 1776 2044 τὰς
1811 2014 1928 2042 πλατείας

1132 2065 1177 2090 τῆς
1202 2059 1299 2089 πόλεως
1326 2059 1438 2096 ἔρριπτε,
1468 2060 1511 2084 τὸν
1541 2063 1591 2084 τῶν
1625 2061 1770 2096 παριόντων
1798 2058 1869 2085 ἔλεον
1893 2058 1930 2084 ἐκ·

1133 2103 1267 2140 δεχόμεθα
1279 2114 1285 2120 ·
1301 2103 1354 2129 ἀλλ’
1370 2104 1401 2132 ἦν
1416 2104 1451 2134 ὡς
1476 2102 1569 2129 ἐπίπαν
1590 2103 1755 2132 ἀπόπληκτον
1783 2105 1812 2130 τὸ
1834 2101 1927 2130 παιδα-

1132 2158 1197 2186 ριον⁷
1214 2158 1258 2174 χαι
1281 2146 1373 2184 μηδ’ὃ
1402 2157 1428 2174 τι
1455 2148 1585 2182 πεπόνθει,
1616 2149 1730 2174 συνιέναι
1751 2149 1781 2174 τὸ
1810 2149 1926 2185 παράπαν

1133 2192 1284 2230 δυνάμενον,
1304 2193 1376 2219 Ἐπεί
1393 2191 1418 2218 δ’
1434 2193 1449 2221 ἡ
1466 2194 1544 2228 φύσις
1565 2193 1631 2230 πρὸς
1657 2192 1721 2230 ἅπερ
1749 2194 1824 2219 εἴωθε
1853 2201 1927 2220 κατη-

1131 2239 1255 2273 νάγχασε,
1282 2237 1334 2263 τότ’
1360 2238 1466 2272 ἔγνωκεν
1495 2235 1609 2273 ἀκριϐῶς
1645 2236 1676 2263 οὗ
1706 2240 1789 2262 κακοῦ
1831 2239 1926 2272 γέγονεν

1131 2282 1300 2318 (ἐρπνστικὸν
1336 2282 1387 2318 γὰρ
1424 2283 1536 2310 κατέστη
1588 2283 1618 2307 τό
1648 2283 1711 2312 τέως
1760 2279 1926 2317 βαδιστιχόν)

1131 2329 1212 2364 χερσί
1226 2327 1271 2362 μεν
1287 2326 1329 2352 οἶα
1356 2335 1401 2351 και
1429 2328 1495 2352 ποσί
1519 2328 1664 2363 χρώμενον,
1689 2329 1744 2356 τοῖς
1766 2324 1797 2352 δὲ
1824 2328 1925 2361 γόνασιν

1131 2371 1183 2407 οὐχ
1212 2371 1278 2400 ὃπως
1305 2370 1332 2396 λε
1361 2369 1508 2406 προϐαῖνον,
1536 2369 1601 2396 ἀλλὰ
1623 2372 1773 2406 συρόμενον,
1803 2374 1864 2396 νοῦν
1889 2369 1925 2396 οὗ-

1130 2426 1178 2446 τως
1190 2417 1258 2451 ἔχων
1273 2414 1392 2447 επιπολὺ,
1413 2416 1445 2441 τὰ
1473 2416 1538 2451 πρὸς
1566 2417 1660 2450 χρείας
1686 2414 1712 2446 ἐξ
1733 2414 1864 2446 αἰτήσεως
1887 2423 1924 2441 πο-

1129 2460 1275 2498 ριζόμενον,
1306 2460 1381 2496 ἕρπον
1409 2469 1436 2485 τι
1461 2457 1526 2495 τῇδε
1553 2458 1658 2485 κάκεῖσε
1684 2468 1728 2485 και
1753 2458 1923 2496 κυλινδούμε-

1129 2514 1181 2533 νον,
1209 2504 1349 2532 Ἦτοιαύτη
1377 2513 1406 2539 γε
1431 2506 1483 2540 μὴν
1513 2503 1562 2533 ἆλη
1588 2505 1679 2530 τούτου
1706 2513 1750 2529 χαι
1782 2506 1857 2541 παρὰ
1885 2505 1922 2531 τὴν

1095 2139 1117 2167 D

1130 2549 1193 2585 ὶμὴν
1221 2548 1304 2575 οἰκίαν
1331 2549 1451 2584 γενέσθαι
1476 2551 1610 2581 πεποίηκε,
1638 2558 1682 2574 χαι
1710 2558 1756 2584 μοι
1785 2551 1850 2586 πρὸς
1872 2549 1923 2584 ὄψιν

1131 2593 1216 2627 ἦλθεν,
1233 2594 1262 2620 οὐ
1273 2593 1398 2629 χωλεῡον,
1419 2593 1467 2619 οὐκ
1491 2593 1611 2627 ὀχλὰζον,
1648 2593 1712 2619 ἀλλὰ
1740 2598 1832 2630 σαφῶς
1845 2594 1920 2632 ἕρπον,

1130 2638 1195 2665 κὰπί
1217 2642 1253 2674 τῷ
1277 2639 1368 2668 στὴθεί
1400 2648 1445 2664 και
1469 2642 1500 2667 τῆ
1533 2638 1620 2674 κοιλιᾳ
1650 2639 1717 2664 κατὰ
1743 2640 1792 2667 τὴν
1820 2639 1921 2665 παλαιὰν

1131 2683 1228 2712 ἐκείνην
1247 2684 1362 2719 κατὰραν
1382 2686 1430 2709 τοῦ
1447 2685 1526 2719 ὄφεως
1537 2685 1714 2719 πορευόμενον.

281 2797 338 2832 (t2)
349 2796 531 2833 Rhymlacus
545 2797 654 2825 ﬂuvius
666 2797 763 2833 Mysiae
775 2797 923 2834 (Phrygia:
934 2799 1100 2834 majorisea
1110 2806 1181 2836 pars
1197 2801 1250 2829 est)
1267 2799 1297 2827 in
1310 2799 1519 2836 Propontidem
1535 2798 1632 2827 inﬂuit
1643 2799 1681 2827 ad
1694 2799 1917 2835 congnominem

246 2841 302 2869 sibi
312 2848 429 2877 urpem.
439 2841 574 2878 Suntqui
584 2841 708 2871 credant
722 2841 814 2872 Plinio
830 2843 942 2880 Lycum
950 2843 1020 2872 dici.
