1963 3084
25 164 97 193 925

76 225 133 254 Id".
150 225 219 254 Ἀλλ’
238 226 268 253 οὐ
282 227 350 252 πάνυ
365 235 395 261 γε
417 227 517 261 συχναὶ
546 223 679 261 παρῆλθον
706 226 755 249 τῶν
782 223 847 259 ἠμε-
861 224 885 251 Α

24 275 103 307 ρῶν,
126 273 174 298 καὶ
201 269 321 307 βαδίζων
349 268 422 300 αὖθις
441 271 503 307 πρὸς
527 270 597 305 ἡμᾶς
625 268 638 294 ὁ
664 271 724 298 παῖς
748 269 847 303 γέγονε,

27 315 128 351 βαίων
155 316 338 353 ἁπρόσχοπτα,
362 314 404 341 ἐπί
428 323 455 340 τε
472 318 523 340 τῶν
551 311 644 339 ποδοῖν
664 312 757 348 ἀμφοῖν
785 321 849 340 σκη-

25 363 208 396 Ιδιπτύμλνος,
237 362 282 386 καὶ
298 360 434 396 ἱστάμενος
459 360 554 396 ὄρθιος.
580 359 615 388 ὦς
637 367 667 393 γε
696 355 729 386 δὴ
757 357 848 387 πάντες

27 405 62 430 οἱ
77 403 129 431 διὰ
159 404 279 436 πλάσεως
295 403 321 431 εὖ
349 405 463 440 ἲχοντες¹
491 405 567 441 τέρας
595 406 672 429 τοῦτο
690 405 744 432 τοῖς
769 405 847 438 προῖ-

28 447 137 476 δοῦσιν
155 449 254 476 ἅπασιν
278 447 361 483 ἔδοξε,
388 451 432 475 καὶ
446 448 521 479 ἄλλος
540 447 615 474 ἄλλον
639 447 715 478 εὐθὺς
737 455 847 483 μετεκα-

25 494 120 527 λιῖτο,
152 496 198 520 καὶ
229 494 314 532 ἔτερος
351 494 436 530 ἕτερον
478 495 537 530 περὶ
570 492 641 527 αὐτῷ
683 491 845 524 ἐπυνθάνετο,

26 539 102 574 Οὐχ
125 539 204 569 οὗτος
229 538 332 571 ἐκεῖνος,
359 537 449 574 λέγων,
475 538 488 564 ό
505 539 555 575 πρὸ
583 540 678 574 μικροῦ
704 537 848 573 μεταφορη-

23 586 78 613 τος
97 593 104 618 ;
123 583 187 619 Οὐχ
202 583 275 613 οὗτος
300 583 313 609 ὁ
341 583 408 619 χθὲς
438 583 505 619 ἔχων
530 584 574 608 καὶ
597 583 726 618 πρότριτα
751 590 846 616 συγκι-

26 630 162 664 καμμένα
182 629 216 654 τά
243 629 340 663 γόνατα
360 636 367 661 ;
390 629 439 654 Καὶ
473 626 515 653 ἐπὶ
530 626 594 653 πολὺ
621 635 676 656 πως
705 623 846 662 διηποροῦ-

27 673 119 708 μεθα,
144 672 166 698 εἷ
201 671 394 701 ἐπαληθεύοντά
422 671 488 698 εἰσιν
520 672 583 708 ἡμῖν
612 671 645 696 τὰ
676 674 725 701 τῆς
752 669 844 706 ὅψεως,

28 718 86 748 ἕως
119 716 201 748 αὐτὸς
239 717 319 752 ἔγωγε
339 716 473 753 ἐγγύτερον
500 715 605 752 ἀγαγὼν
633 715 703 745 ὃπως
732 724 760 741 τε
786 715 846 751 ἠρό-

27 771 102 798 μην,
115 763 164 788 καὶ
179 762 241 788 πὸτε
254 762 337 797 ὑγιεῖς
364 761 431 788 οὕτω
463 762 522 791 τοὺς
548 758 635 791 πόδας
660 758 768 796 ἐγένετο.
796 761 846 786 Καὶ

28 806 73 841 ὃς,
89 805 229 841 Ἐξῆλθον,
254 806 312 842 ἔφη,
328 810 378 832 τῶν
407 805 534 839 ἐνταυθοῖ,
562 805 635 842 παρὰ
662 805 706 830 τὸν
728 803 845 840 αἰγιαλὸν

27 851 148 887 γέγονα,
161 850 198 881 ὦς
211 854 261 876 τῶν
276 853 422 888 παριόντων
447 850 568 886 αἰτοίμην
592 849 626 880 ὠς
654 852 699 875 τοῦ
714 848 775 886 παρ’
801 848 846 874 αὕ-

26 899 86 922 τῶν
101 895 187 926 ελέους
201 896 363 931 τυγχάνοιμι
378 903 384 910 ·
402 894 465 921 ἀλλά
493 904 531 925 τις
546 898 594 920 τῶν
608 891 703 920 ὁδιτῶν
720 893 777 926 (οὐκ
792 891 845 920 οἷδ’

28 941 107 971 ὅπως
123 950 176 974 τις,
192 939 222 965 οὔ
251 941 301 977 γὰρ
326 939 428 976 ἑώρακα
455 941 590 976 πρότερον,
617 938 646 964 οὐ
671 939 736 974 μετὰ
761 942 845 965 ταῦτα

347 986 493 1021 καινότερον
539 983 578 1010 ἄπ’
608 982 664 1019 ἕμοὶ
705 985 843 1012 πεποίηκεν

361 1031 406 1055 καὶ
433 1029 484 1065 γὰρ
522 1026 671 1064 ἓπωμάδιον
698 1028 769 1064 παρὰ
796 1029 843 1056 τήν

28 989 130 1011 τοῦτον
162 985 296 1020 τεθέαμαι)

29 1030 116 1062 ἔλεον,
158 1030 225 1067 ἄρας
265 1037 329 1065 με·

39 1076 128 1110 Αγίαν
164 1075 245 1111 φέρων
282 1074 434 1100 κατέθετο·

30 1121 173 1156 μακαρίαν
193 1119 289 1148 ταύτην
317 1116 463 1145 Θεοδοσίαν
492 1119 506 1147 ἡ
536 1121 585 1144 τῶν
615 1118 753 1153 θαυμάτων
782 1127 843 1143 συν-

32 1166 116 1198 έχεια
152 1164 224 1199 παρὰ
250 1172 280 1199 γε
302 1167 333 1199 τῇ
375 1161 542 1199 μεγαλοπόλει
581 1163 661 1198 ταύτῃ
692 1164 841 1195 πεποίηκεν,

32 1207 113 1244 οἶμαι
141 1205 170 1233 δί
198 1209 243 1233 καὶ
267 1211 316 1233 τῶν
345 1207 442 1234 πόλεων
463 1210 587 1242 πανταχῆ
605 1216 611 1222 ·
641 1210 764 1242 πανταχῆ
792 1208 841 1243 γὰρ

32 1252 148 1284 ἐξαστλοί
169 1254 213 1281 τὴν
232 1253 314 1289 χάριν
342 1263 348 1268 ·
375 1253 416 1278 ὃτι
438 1253 483 1278 καὶ
505 1252 669 1287 πανταχόθεν
697 1250 842 1288 ξυῤῥὲοντες

32 1298 58 1324 οἱ
74 1301 165 1328 κακῶς
178 1298 283 1333 ἔχοντες
306 1301 356 1323 τῶν
388 1297 479 1324 ἰάσεων
505 1296 639 1323 ἓπανίασιν
662 1295 840 1326 ἀπολαϐόντες.

461 1073 528 1100 οὕτω
555 1071 606 1108 γὰρ
636 1071 771 1098 καλεῖσθαι
796 1074 843 1101 τὴν

717 159 754 188 IN
775 161 802 189 S.
823 161 1060 190 THEODOSIAM.

865 901 885 928 Β

1674 164 1728 192 926

941 224 986 252 34.
1000 224 1064 252 Non
1076 223 1160 252 multi
1178 224 1247 252 inde
1259 223 1437 253 effluxerant
1450 224 1524 259 dies,
1540 233 1609 254 cum
1624 233 1727 255 rursus

904 268 943 297 ad
958 268 1039 296 aedes
1054 271 1174 297 nostras
1187 269 1267 297 idem
1285 277 1315 297 se
1327 269 1502 297 adolescens
1515 269 1649 305 contulit,
1660 271 1728 299 abs-

902 320 961 348 que
975 313 1057 341 omni
1069 313 1285 349 impedimento
1296 313 1439 350 omnique
1452 313 1647 342 incommodo
1661 321 1730 350 pro-

902 357 1050 393 grediens,
1066 360 1193 394 utroque
1208 358 1333 386 firmiter
1346 358 1510 386 consistens
1525 358 1611 395 pede,
1626 360 1654 387 et
1664 367 1727 387 cor-

902 409 975 438 pore
989 402 1019 430 in
1029 402 1123 430 altum
1136 405 1242 437 erecto,
1255 403 1516 439 quemadmodum
1526 403 1622 431 solent
1634 403 1653 431 ii
1665 404 1729 440 qui-

901 446 958 474 bus
971 447 1053 474 omni
1069 455 1106 475 ex
1120 449 1204 482 parte
1216 447 1357 475 absoluta
1368 447 1574 475 membrorum
1590 448 1726 476 omnium

902 490 1100 519 conformatio
1113 491 1229 527 obtigit.
1252 491 1424 527 Prodigium
1444 492 1501 520 hoc
1518 492 1659 520 omnibus
1673 493 1727 529 qui

901 543 919 563 a
933 535 1029 564 lerant
1042 543 1103 564 non
1118 536 1270 564 mediocre
1279 536 1374 564 visum
1386 539 1432 564 est
1447 545 1453 564 :
1467 544 1501 564 ac
1509 536 1558 564 alii
1569 537 1726 565 confestim

900 579 984 615 alios,
1000 582 1031 608 ut
1067 580 1109 616 ﬁt,
1139 580 1330 616 advocantes,
1353 588 1442 617 super
1465 581 1653 609 adolescente
1675 581 1726 610 illo

901 624 995 652 multa
1001 624 1170 653 exinvicem
1180 625 1725 662 sciscuabantur.Nonne,inquiebant,

899 668 947 696 ille
961 668 1009 696 hic
1024 671 1078 702 est,
1099 669 1151 705 qui
1163 677 1225 697 non
1238 677 1256 697 a
1271 670 1368 697 multo
1384 672 1516 706 tempore
1531 670 1590 698 huc
1612 670 1651 698 ad
1669 678 1725 698 nos

900 712 954 741 fuit
970 712 1086 741 delatus
1097 715 1111 741 Ρ
1126 715 1229 742 Nonne
1244 713 1324 742 idem
1339 714 1403 750 ipse
1420 714 1460 742 ab
1476 714 1540 742 heri
1556 716 1584 742 et
1597 714 1725 742 nudius-

900 758 1004 786 tertius
1028 761 1181 787 contracta
1200 758 1332 787 habebat
1359 759 1479 794 genua?
1503 759 1624 788 Multum
1637 759 1726 794 igitur

900 802 1125 839 dubitabamus,
1149 811 1222 831 nam
1244 812 1316 832 vera
1339 805 1438 832 essent
1460 812 1528 840 qua:
1545 803 1724 833 videbamus

900 847 993 876 oculis
1005 857 1012 882 ;
1025 847 1122 876 donec
1136 856 1191 884 ego
1207 848 1270 885 ipse
1286 848 1410 884 propius
1425 849 1465 877 ad
1480 857 1550 877 eum
1565 849 1723 885 accedens,

899 893 1086 929 percunctari
1098 894 1184 929 ccepi,
1196 901 1258 930 qua
1270 893 1394 922 tandem
1404 894 1530 928 ratione,
1542 902 1639 930 quove
1652 896 1724 922 tem-

899 945 971 973 pore
986 937 1097 973 pedum
1125 938 1283 966 sanitatem
1305 941 1484 966 consecutus
1504 940 1589 966 esset.
1607 939 1643 966 At
1664 938 1721 972 ille,

899 983 962 1010 Non
987 981 1028 1010 ita
1056 982 1183 1018 pridem,
1200 982 1305 1019 inquit,
1328 982 1398 1010 hinc
1422 982 1461 1010 ad
1483 982 1562 1010 littus
1582 990 1723 1017 egressus

899 1034 977 1059 sum,
994 1028 1055 1054 uta
1069 1027 1308 1062 pretereuntibus
1323 1027 1522 1063 eleemosynaa
1546 1027 1659 1063 aliquid
1673 1035 1722 1055 ro—

897 1070 999 1105 gando
1024 1078 1222 1108 consequerer
1243 1080 1249 1105 ;
1279 1079 1348 1100 cum
1372 1080 1439 1100 ecce
1456 1080 1471 1100 e
1496 1072 1722 1100 transeuntibus

897 1123 975 1143 unus
990 1116 1151 1152 quisquam
1162 1116 1225 1151 (nec
1236 1116 1317 1144 enim
1328 1116 1395 1152 quis
1407 1116 1494 1145 fuerit
1504 1117 1576 1151 scio,
1591 1117 1643 1153 qui
1654 1119 1723 1145 ante

896 1168 1055 1197 nunquam
1070 1161 1224 1189 hominem
1239 1161 1383 1195 videram,
1400 1163 1428 1189 et
1447 1161 1555 1189 deinde
1572 1169 1634 1189 non
1650 1170 1722 1190 con-

897 1206 979 1242 spexi
990 1205 1131 1242 amplius)
1141 1206 1291 1234 insolitam
1300 1206 1373 1234 mihi
1384 1206 1608 1242 eleemosynam
1620 1209 1722 1235 contu-

896 1250 938 1286 lit,
952 1250 1026 1278 dum
1040 1254 1191 1287 arreptum
1203 1259 1250 1278 me
1265 1253 1355 1287 atque
1366 1251 1395 1278 in
1411 1251 1554 1279 humeros
1570 1259 1641 1279 suos
1654 1251 1723 1279 sub-

895 1295 1001 1330 latum,
1018 1295 1158 1331 deposuit
1182 1296 1265 1332 apud
1283 1297 1422 1324 Sanctam
1440 1305 1447 1324 :
1463 1295 1521 1324 hoc
1540 1296 1654 1332 quippe
1667 1304 1722 1324 no-

35 1342 123 1370 mine
139 1340 260 1370 beatam
277 1341 477 1370 Theodosiam
492 1340 649 1377 appellari,
664 1340 695 1368 in
714 1340 772 1368 hac
794 1347 907 1375 magna
928 1340 1042 1368 civitate
1060 1340 1128 1369 fecit
1151 1340 1366 1369 miraculorum
1382 1341 1542 1369 multitudo
1560 1349 1566 1368 :
1583 1340 1722 1370 existimo

31 1389 141 1414 autem
156 1386 198 1414 sic
213 1386 302 1414 etiam
316 1386 347 1414 in
361 1385 427 1414 aliis
438 1386 550 1422 ubique
562 1384 689 1413 urbibus
699 1384 867 1419 nominari,
883 1384 993 1420 ubique
1007 1385 1086 1412 enim
1102 1385 1230 1420 gratiam
1245 1385 1387 1413 divinitus
1401 1385 1458 1413 sibi
1473 1385 1613 1413 collatam
1627 1386 1723 1422 expli-

31 1432 105 1465 cat;
121 1438 216 1466 quare
231 1430 321 1458 etiam
336 1430 470 1467 undique
485 1429 642 1458 conﬂuunt
655 1428 735 1457 male
749 1428 895 1457 habentes
911 1431 938 1456 et
952 1428 1111 1456 discedunt
1125 1429 1261 1457 sanitatis
1276 1429 1491 1457 restitutionem
1505 1430 1668 1458 consecuti.

69 1475 120 1502 λε’.
135 1476 227 1501 Τοίνυν
245 1477 290 1502 καὶ
306 1474 444 1512 ἀνωνύμως
474 1474 541 1501 οὕτω
569 1475 598 1500 τὸ
625 1471 766 1510 παιδάριον
793 1473 842 1499 ἀπ-

31 1519 168 1546 ικοίλεσεν.
186 1521 236 1546 Καὶ
249 1518 283 1549 δή
298 1529 330 1556 με
345 1520 459 1553 ὑποθεὶς,
488 1520 545 1556 ῖφη,
574 1523 606 1556 τῇ
633 1519 732 1549 ταύτης
761 1521 841 1556 σορῷ,

31 1564 113 1600 ἱλαίῳ
149 1573 177 1590 τε
222 1574 321 1601 χρισας
362 1568 407 1595 τῆς
453 1563 639 1601 ἑπῃωρημένης
683 1567 842 1600 φωταγωγοῦ

31 1608 109 1640 ἐξιὼν
147 1608 248 1644 εὔχετο.
287 1609 355 1644 Ἐγὼ
383 1607 409 1635 δ’
448 1608 636 1645 ἐναπολειφθεὶς
662 1607 686 1634 ἐν
710 1607 842 1644 ἀμηχάνῳ

30 1655 177 1689 γεγένημαὶ
205 1661 213 1669 ·
244 1653 273 1679 οὔ
300 1654 351 1690 γὰρ
398 1653 546 1690 προϐαίνειν
573 1653 646 1686 ὅλως,
669 1653 699 1679 οὐ
721 1652 842 1689 μεταϐαί-

30 1707 85 1723 νειν
114 1695 266 1733 ἠδυνάμην,
295 1696 349 1723 ἀλλ’
374 1698 409 1728 ὧς
432 1707 458 1724 τι
480 1697 662 1735 παρεῤῥίμμην
686 1698 771 1733 ἄχθος
796 1698 841 1722 καὶ

31 1747 84 1768 τῶν
108 1751 173 1779 προς
199 1744 292 1779 χρείαν
315 1741 473 1780 ἐστερούμην
498 1743 511 1768 ὁ
541 1741 664 1773 δείλαιος.
692 1745 767 1778 Τρεῖς
791 1746 840 1767 τῶν

30 1788 138 1823 ἡμερῶν
166 1786 362 1824 παρερῥύησαν,
393 1789 438 1813 χαὶ
471 1796 516 1823 μοι
541 1787 606 1817 ζάλῃ
637 1796 677 1818 τις
708 1789 767 1823 περὶ
796 1787 840 1812 τὸν

31 1831 163 1867 λογισμὸν
185 1833 298 1867 γέγονιν,
327 1831 379 1868 οὐχ
404 1832 493 1869 οἵαπερ
518 1831 599 1861 ἐκείνη
628 1832 641 1861 ἦ
667 1833 717 1868 πρὸ
743 1834 838 1867 μικροῦ

32 1876 218 1912 ξυμπεσοῡσα,
238 1877 283 1901 καὶ
310 1877 342 1902 τὰ
366 1878 461 1912 γόνατα
486 1877 714 1914 παραρθρὼσασα,
743 1878 837 1913 γρὶκην

31 1930 79 1956 μοι
103 1922 150 1946 καὶ
175 1929 256 1955 μονης
287 1919 338 1946 ἀπὸ
365 1923 468 1957 μνήμης
494 1920 590 1951 ἐκείνης
615 1924 693 1953 ποιεῖ,
722 1920 837 1956 γαλήνης

34 1963 64 1991 δὲ
95 1966 141 1993 τὴν
173 1962 285 2001 καρδίαν
319 1965 467 2002 πληροῦσα,
502 1968 546 1991 καὶ
577 1966 642 2002 πρὸς
670 1966 698 1990 τὸ
726 1965 836 2000 εὔθυμον

31 2008 233 2045 μπαϐάλλουσα
271 2018 278 2024 ·
305 2010 362 2036 ὅθεν
401 2012 446 2036 καὶ
474 2009 507 2040 ὡς
536 2011 560 2036 ἓν
586 2009 657 2045 ὕπνῳ
685 2007 834 2045 πεπεδημέ-

32 2062 76 2084 νος
112 2051 178 2078 εἶναι
222 2051 312 2088 δόξας,
360 2054 437 2089 ὑγιὴς
476 2054 608 2090 άναθορῶν
648 2054 769 2091 ιῦρημαι,
813 2055 835 2080 ἱ-

33 2107 100 2126 στην
126 2106 153 2124 τε
181 2096 224 2123 ἐπὶ
253 2096 348 2131 πόδας,
376 2100 421 2124 καὶ
448 2097 559 2136 προέϐην
598 2097 639 2124 ἐπὶ
673 2099 782 2134 μακρόν,
810 2098 834 2124 ἐν

32 2142 116 2177 ἑαυτῷ
152 2151 179 2168 τε
204 2144 348 2178 γενόμενος,
380 2144 425 2168 καὶ
450 2144 506 2169 ὅθεν
539 2143 587 2172 ἧκέ
608 2152 653 2179 μοι
679 2141 791 2169 συνιδὼν
817 2144 831 2172 ἡ

32 2186 156 2222 βοήθεια,
182 2189 213 2222 τῇ
238 2191 284 2218 τῆς
303 2186 397 2224 Ἀγίας
424 2185 669 2224 προσδεδραμήκειν
685 2191 764 2224 σορῷ,
788 2189 833 2213 καὶ
850 2182 870 2209 D

31 2235 63 2267 τῇ
89 2232 187 2262 ταύτης
213 2233 322 2268 περιφὺς
353 2232 440 2268 εἰκόνι,
466 2235 511 2258 καὶ
531 2233 619 2268 συχνὰ
640 2233 736 2261 ταύτην
762 2242 832 2269 περι-

32 2275 193 2311 πτυξάμενος
227 2274 342 2310 ὶξῆλθον,
368 2276 401 2308 ὠς
428 2277 513 2313 ὁρᾶτε,
543 2280 588 2302 τοῦ
603 2276 643 2303 ἐπ’
670 2276 727 2313 ἐμοὶ
755 2274 831 2307 δοξά-

32 2320 83 2350 ξων
124 2321 396 2357 θαυματουργήματος
427 2330 432 2336 ·
459 2324 504 2348 καὶ
525 2325 568 2347 νῦν
597 2322 692 2358 ἡμέραι
715 2323 832 2358 τέτταρες

31 2363 85 2393 ἤδη
103 2363 130 2395 ἔξ
142 2364 173 2390 οὗ
189 2366 236 2394 τὴν
259 2365 332 2391 πόλιν
361 2370 512 2402 περινοστῶ,
544 2365 680 2403 ἐλευθέρως
701 2367 761 2392 ὅποι
787 2369 831 2392 καὶ

32 2409 163 2446 βούλομαι
177 2411 354 2446 πορευόμενος.

66 2552 118 2584 λς’,
135 2552 214 2579 Ἀλλά
237 2550 306 2588 μηδὲ
327 2554 360 2579 τὰ
375 2552 425 2590 ίμά
449 2554 537 2590 ὅτιπερ
568 2553 618 2590 ὶμὰ
643 2553 830 2589 παραλειπτέον

32 2596 99 2632 ἐμοὶ,
122 2597 207 2633 ὡςμὴ
242 2600 286 2624 καὶ
314 2597 382 2624 αὕτὰ
413 2597 492 2628 λήθης
522 2599 730 2634 παραπεμφθεῖεν
743 2597 829 2634 βυθῷ,

32 2641 104 2676 κάγὼ
132 2640 230 2677 μέμψει
265 2640 358 2678 δικαίᾳ
394 2641 619 2672 χαθυποϐληθείην
656 2642 828 2680 ἀχαριστίας,

33 2683 101 2721 μηδὲ
119 2684 186 2721 λόγῳ
205 2685 273 2722 ψιλῷ
292 2685 457 2724 παραδοῦναι
486 2688 673 2724 προθυμηθεὶς,
708 2689 772 2724 οἷπερ
803 2686 829 2714 εὖ

34 2734 85 2760 τοῖς
103 2731 186 2767 ἶργοις
205 2731 282 2766 ἔφθην
302 2733 390 2758 παθών
414 2742 420 2748 ι
440 2734 499 2769 περὶ
519 2730 548 2759 δὲ
580 2737 625 2758 τοῦ
645 2730 768 2770 δευτέρου
787 2735 829 2759 τὸν

34 2774 106 2809 λόγον
125 2777 271 2810 ποιήσομαι
290 2778 422 2813 πρότερον.
442 2776 561 2814 Γαμϐρός
597 2778 658 2813 ὶμὸς
677 2777 720 2803 ἐπὶ
752 2778 829 2813 θυγα-

36 2821 76 2855 τρί
110 2823 161 2845 τῶν
200 2819 303 2854 εὐγενῶν
339 2820 413 2852 οὗτος
442 2824 487 2847 καὶ
505 2821 689 2858 περιϐλέπτων,
721 2819 829 2858 ἀδελφι-

930 1473 975 1501 35.
997 1474 1099 1509 Itaque
1115 1473 1258 1502 Sanctam
1279 1481 1401 1510 quoque
1427 1481 1502 1509 puer
1527 1474 1581 1502 iste
1607 1482 1721 1503 vocans

897 1517 1014 1554 absque
1028 1518 1151 1555 proprio
1167 1518 1299 1546 nomine.
1317 1519 1412 1554 Super
1429 1518 1530 1554 hujus,
1547 1519 1652 1555 inquit,
1676 1521 1722 1547 tu-

896 1563 1012 1592 mulum
1027 1571 1075 1592 me
1085 1572 1200 1600 ponens
1212 1563 1269 1597 ille,
1278 1565 1306 1592 et
1315 1563 1444 1600 desuper
1453 1571 1595 1600 appensa
1605 1563 1721 1599 lampa-

895 1608 940 1636 dis
951 1608 1017 1636 oleo
1030 1608 1188 1644 inungens,
1205 1608 1301 1636 oravit
1315 1610 1343 1636 et
1363 1608 1443 1636 abiit.
1456 1609 1517 1643 Ego
1530 1615 1601 1636 vero
1614 1608 1720 1636 dereli-

895 1655 972 1687 ctus,
982 1653 1057 1689 quid
1071 1660 1192 1687 agerem
1202 1653 1373 1680 nesciebam
1386 1662 1392 1680 :
1405 1661 1477 1680 nam
1489 1660 1588 1688 neque
1601 1660 1720 1689 progre-

894 1697 924 1724 di
934 1705 1030 1733 neque
1050 1696 1166 1732 digredi
1185 1697 1254 1725 inde
1268 1699 1414 1733 poteram,
1431 1696 1484 1724 sed
1499 1696 1610 1725 inutilis
1625 1696 1720 1725 instar

894 1742 1036 1778 ponderis
1052 1742 1258 1777 remanebam,
1272 1741 1412 1770 omnibus
1424 1742 1463 1770 ad
1478 1741 1569 1770 vitam
1582 1749 1720 1770 necessa-

893 1786 943 1814 riis
967 1787 1057 1814 rebus
1081 1786 1240 1815 destitutus
1263 1787 1364 1814 miser.
1391 1788 1460 1814 Tres
1484 1786 1620 1814 abierant
1643 1786 1717 1820 dies,

893 1839 962 1859 cum
974 1831 1046 1860 mihi
1070 1831 1211 1868 quaedam
1227 1831 1334 1860 mentis
1349 1831 1506 1860 concussio
1524 1831 1641 1864 accidit,
1656 1839 1717 1859 non

891 1876 991 1912 qualis
1009 1878 1078 1904 ante
1100 1876 1241 1912 exiguum
1265 1879 1384 1912 tempus
1409 1876 1620 1913 superveniens
1643 1876 1717 1904 mihi

892 1929 991 1956 genua
1005 1921 1161 1954 contraxit,
1183 1923 1211 1949 et
1226 1920 1273 1948 vel
1288 1921 1353 1949 sola
1367 1921 1572 1949 recordatione
1588 1920 1634 1948 sui
1648 1920 1716 1948 hor-

890 1973 988 1994 rorem
1001 1965 1072 1993 mth
1087 1965 1204 1999 incutit;
1222 1965 1276 1993 sed
1285 1965 1419 1993 animum
1431 1965 1560 2001 implens
1575 1965 1716 2002 tranquil-

889 2009 980 2041 litate,
993 2010 1166 2047 optimeque
1177 2018 1377 2046 componens;
1390 2009 1480 2041 unde,
1495 2010 1584 2038 veluti
1597 2010 1620 2037 si
1633 2018 1714 2038 som-

889 2055 983 2082 nianti
998 2056 1114 2082 tantum
1130 2054 1266 2082 oblatum
1278 2054 1382 2082 fuisset
1392 2054 1503 2091 pedum
1515 2054 1714 2090 impedimen-

889 2101 964 2132 tum,
984 2099 1025 2127 ita
1040 2107 1088 2127 me
1113 2106 1223 2127 sanum
1247 2099 1385 2127 exsiliens
1408 2099 1514 2135 reperi,
1536 2098 1661 2135 stetique
1682 2099 1713 2127 in

888 2144 979 2180 pedes
995 2146 1111 2172 erectus
1134 2146 1162 2171 et
1176 2143 1329 2171 modicum
1345 2151 1523 2180 progressus
1538 2151 1614 2171 sum.
1638 2145 1712 2172 Tum

887 2196 957 2216 vero
972 2188 1002 2216 in
1018 2188 1168 2224 meipsum
1180 2195 1345 2223 regressus,
1355 2190 1382 2216 et
1392 2188 1473 2216 unde
1484 2188 1625 2216 auxilium
1639 2188 1713 2216 mihi

887 2233 1028 2267 venisset,
1053 2232 1232 2268 intelligens,
1258 2232 1298 2260 ad
1313 2234 1427 2261 Sanctae
1442 2233 1635 2269 sepulchrum
1664 2242 1714 2261 cu-

886 2278 982 2312 curri;
1003 2280 1032 2306 et
1046 2286 1138 2306 sacrm
1164 2278 1229 2313 ejus
1251 2277 1375 2314 imagini
1396 2278 1522 2313 affusus,
1545 2286 1615 2306 cum
1629 2278 1712 2306 illam

886 2323 1046 2360 complexu
1067 2323 1214 2359 frequenti
1228 2322 1423 2358 strinxissem,
1446 2323 1534 2356 exivi,
1559 2326 1592 2351 ut
1605 2323 1712 2352 videtis

885 2367 1065 2396 miraculum
1078 2368 1109 2395 in
1124 2375 1171 2396 me
1184 2367 1297 2396 factum
1313 2367 1479 2396 celebrans.
1502 2369 1629 2402 Quartus
1642 2376 1711 2397 vero

885 2419 966 2440 nunc
983 2412 1046 2440 dies
1061 2414 1114 2447 est,
1129 2420 1165 2440 ex
1180 2420 1241 2448 quo
1257 2412 1362 2441 urbem
1385 2412 1464 2440 hanc
1478 2421 1600 2441 omnem
1617 2421 1710 2441 sanus

885 2456 1060 2491 obambulo,
1089 2459 1116 2485 et
1131 2465 1314 2494 quocunque
1337 2457 1473 2485 locorum
1493 2457 1580 2486 fuerit
1593 2457 1711 2487 libitum

885 2501 999 2538 absque
1015 2501 1231 2538 impedimento
1245 2509 1350 2538 pergo.

920 2557 964 2584 36.
985 2555 1041 2584 Sed
1056 2563 1124 2592 quas
1151 2563 1220 2584 mea
1241 2557 1320 2590 sunt,
1335 2557 1482 2592 tanquam
1507 2555 1532 2583 si
1554 2563 1622 2583 mea
1648 2563 1709 2584 non

885 2602 996 2636 essent,
1012 2600 1162 2636 praeterire
1184 2608 1245 2629 non
1268 2600 1380 2633 debeo;
1397 2607 1434 2628 ne
1457 2599 1481 2628 si
1496 2600 1646 2636 profundo
1674 2607 1710 2628 eo

885 2644 1002 2673 silentio
1033 2645 1171 2679 obruam,
1201 2644 1422 2681 ingratitudinis
1449 2648 1528 2673 notae
1555 2643 1708 2679 subjiciar,

884 2689 968 2726 quod
981 2697 1035 2718 nec
1051 2697 1189 2718 sermone
1208 2690 1331 2726 quidem
1354 2689 1422 2718 exili
1437 2689 1578 2725 dignatus
1593 2696 1629 2717 ea
1646 2689 1709 2717 fue-

884 2734 950 2768 rim,
966 2735 997 2762 in
1011 2734 1123 2771 quibus
1133 2742 1223 2770 opere
1234 2734 1369 2763 beneﬁco
1382 2736 1552 2771 praeventus
1561 2741 1629 2762 sum
1640 2742 1710 2762 cum

885 2787 981 2807 essem
997 2779 1145 2807 inﬁrmus.
1165 2779 1251 2812 Quod
1266 2781 1366 2807 autem
1380 2780 1527 2816 posterius
1542 2779 1659 2815 accidit,
1672 2779 1710 2808 de

885 2830 920 2851 eo
947 2823 1029 2859 prius
1057 2831 1226 2851 sermonem
1250 2823 1413 2852 instituam.
1440 2825 1534 2852 Gener
1560 2823 1633 2852 mihi
1658 2831 1711 2860 per
