1970 3082
277 133 327 160 927

1758 27 1956 105 ι-

869 131 1099 161 CONSTANTINI
1117 131 1357 161 ACROPOLlTE.
1918 133 1956 159 921.

275 193 368 222 ﬁliam
384 194 427 221 est
439 192 548 221 nobilis
563 194 652 229 atque
666 192 796 227 illustris,
813 195 913 230 utpote
923 201 1019 230 nepos
1034 194 1099 230 ejus

1158 191 1216 224 δοῦς
1235 195 1285 230 γὰρ
1303 196 1349 219 τοῦ
1363 196 1407 219 νῦν
1435 192 1545 223 εὐσεϐῶς
1569 193 1642 229 ἡμῶν
1670 191 1880 228 βασιλεύοντος,
1911 197 1954 219 παῖ

275 238 327 274 qui
351 237 444 266 modo
461 245 514 273 per
537 238 699 273 imperium
716 238 908 273 moderatur;
927 238 1004 266 illius
1029 247 1100 267 vero

275 281 364 316 ﬁlius,
380 281 432 318 qui
446 289 481 309 ex
495 281 628 316 legitima
639 284 809 318 parentum,
822 290 957 317 avorum,
972 285 1000 311 et
1014 291 1100 319 proa-

275 334 383 355 vorum
399 326 589 354 successione
605 326 751 356 Colchidis
763 327 964 364 principatum
978 327 1096 356 hwredi-

275 373 335 400 tate
348 371 461 404 tenuit;
482 379 576 407 quam
600 371 680 399 enim
701 371 749 400 hic
765 372 953 408 imperatoris
968 372 1100 400 defuncti

275 416 369 445 ﬁliam
392 415 575 444 matrimonii
589 415 654 451 lege
670 416 725 444 sibi
749 416 915 452 conjunxit,
935 416 1025 452 hujus
1040 425 1100 453 quo

276 460 314 488 de
328 460 436 496 loquor
449 463 544 488 mater
558 459 677 488 exstitit.
694 461 776 488 Hunc
789 468 858 489 cum
871 460 928 488 sub
942 469 1101 498 vesperam

275 513 312 534 ex
327 505 397 533 aula
412 505 605 540 imperatoria
619 504 745 533 domum
759 513 791 533 se
807 513 876 533 cum
893 505 954 533 suis
969 505 1099 542 referret,

276 550 386 586 cupido
401 549 491 578 subiit
504 557 582 586 equo
609 557 640 577 se
665 550 833 583 exercendi,
858 550 888 577 in
909 558 1005 587 eoque
1024 559 1100 579 non-

276 594 350 623 nihil
360 603 392 622 se
400 594 595 628 exbilarandi,
605 594 866 631 quemadmodum
875 594 1043 631 frequenter
1055 604 1101 624 so-

276 639 338 667 lent
351 639 443 666 aetatis
456 638 542 666 istius
552 639 689 674 juvenes,
702 638 733 666 in
749 639 846 674 prima
862 639 1026 675 prasertim
1042 648 1100 676 pu-

275 683 399 719 bertate,
427 683 526 720 qualis
550 683 614 719 ipse
638 686 710 711 erat.
728 684 785 712 Eos
814 686 914 712 autem
940 684 991 720 qui
1021 685 1100 714 circa

275 728 374 764 ipsum
384 729 478 762 erant,
486 730 514 756 et
524 727 617 755 multo
626 735 797 764 magnoque
806 731 915 756 conatu
926 729 1100 757 dissuadere

275 772 307 800 id
331 772 529 805 conabantur,
556 772 800 808 intempestivum
816 780 880 800 esse
896 775 1099 809 suggerentes,

277 819 482 850 contemnens,
498 816 529 844 in
549 817 693 844 sententia
706 817 830 844 omnino
845 817 1029 853 permansit;
1044 817 1101 846 hoc

1156 237 1185 265 δί
1212 242 1257 265 τοῦ
1289 241 1336 268 τήν
1369 242 1417 269 τῆς
1450 235 1580 274 Κολχίδος
1608 236 1696 274 ἀρχὴν
1714 238 1743 263 εκ
1762 246 1791 264 τε
1827 239 1954 275 πατέρων

1154 285 1277 319 πάππων,
1297 286 1341 309 καὶ
1356 282 1510 310 ἕπιπάππων
1529 282 1729 320 κληρωσαμένων
1759 293 1766 300 ·
1793 283 1892 318 τούτῳ
1920 285 1956 319 γά,

1154 329 1170 357 ἠ
1204 332 1250 354 τοῦ
1286 326 1550 364 προϐιϐασιλευκότος
1591 328 1708 364 θυγάτηρ
1757 328 1854 363 γάμου
1899 337 1956 363 vom

1157 374 1326 409 συναφθεῖσα,
1347 374 1434 408 μήτηρ
1452 370 1530 398 τοῦδε
1557 373 1690 408 γεγένηται
1704 382 1710 388 ·
1741 372 1818 402 οὗτος
1839 369 1883 401 δή
1907 382 1956 408 πρε

1155 417 1264 455 ἑσπέραν
1277 421 1327 443 τῶν
1351 416 1497 453 ἀνακτόρων
1521 415 1600 452 ὶξῄει,
1615 418 1660 442 καὶ
1675 418 1722 445 τήν
1749 415 1790 442 ὶπ¹
1806 418 1893 442 οἴκου
1924 426 1956 442 σι

1154 466 1207 492 τοῖς
1222 464 1280 500 περὶ
1298 462 1376 488 αὐτόν
1404 461 1536 499 ἱπορεύετο
1553 471 1560 477 θ
1576 461 1620 487 οἵα
1641 459 1671 488 δὶ
1697 461 1730 487 τὰ
1754 464 1807 487 τῶν
1833 462 1907 487 νέων
1933 462 1956 487 ἓτ

1154 510 1201 537 τὴν
1215 506 1328 540 ἠλικίαν,
1355 508 1400 533 καὶ
1419 505 1535 542 μάλιστα
1555 509 1604 532 τῶν
1630 504 1741 542 ἕφὴϐων,
1767 506 1864 536 ὁποῖος
1891 505 1954 531 οὗτο

1155 551 1296 588 ὶτύγχανιν
1328 551 1374 586 ὢν,
1405 549 1587 579 ἱππηλατῆσαι
1614 551 1638 576 οἱ
1666 549 1783 583 ἆπῆλθιν,
1818 548 1862 585 ἄφ*
1937 561 1954 584 7

1155 595 1320 632 διαχυθῆναι
1338 597 1443 632 μικρόν.
1460 596 1525 626 Τοὺς
1540 593 1584 621 οὖν
1597 593 1659 631 ἀμφ’
1685 593 1763 620 αὐτὸν
1921 598 1956 619 ui

1153 645 1237 667 ταῦτα
1259 641 1416 671 κωλύοντας,
1458 642 1503 666 καὶ
1541 641 1588 668 τὴν
1614 638 1710 676 ἀωρίαν
1740 641 1956 675 προίσχομὲνουι

1153 683 1289 722 περιιδὼν,
1310 684 1372 716 ὅλως
1388 688 1433 711 τοῦ
1463 685 1529 720 πρὸς
1553 683 1656 712 θέλησιν
1681 685 1779 719 γέγονε,
1797 687 1885 710 τοῦτο
1916 686 1956 719 μὸ-

1154 740 1195 756 νον
1216 732 1306 766 σφίσιν
1332 729 1555 765 ἐγκελευσάμενος,
1571 727 1673 760 ’Ἄπη-ε,
1703 729 1762 758 τούς
1788 731 1861 758 σῠας
1894 727 1956 753 in?)

1156 784 1219 801 σατε
1234 784 1241 791 ·
1257 778 1304 805 τῆς
1322 775 1373 811 γάρ
1395 773 1522 810 λεωφόρου
1548 772 1659 801 πλησίον
1686 770 1754 801 ἦσαν
1781 772 1860 798 οὗτοι
1891 775 1956 808 “per

1155 829 1235 855 μενοι.
1260 821 1310 845 Καὶ
1332 819 1357 845 οἱ
1384 819 1429 854 μὶν
1451 817 1483 848 ὡς
1515 817 1717 854 προσετάγησαν
1747 819 1956 846 mxumum-

277 863 394 890 tantum
409 861 464 889 illis
488 861 650 897 imperans,
666 863 698 888 ut
719 869 797 893 sues,
822 861 874 897 qui
890 865 1008 898 propter
1022 862 1100 890 viam

1158 862 1210 890 ὁδ’
1230 863 1307 894 εὐθὺς
1339 863 1427 898 συχνὰ
1459 862 1599 898 μυωπίςων
1632 862 1742 898 ἐφέρετο,
1774 860 1832 887 ἀλλ’
1860 861 1956 898 ὶςνίρετς

278 905 430 942 publicam
447 905 659 942 pascebantur,
679 905 842 941 abigerent.
859 907 1000 934 Fecerunt
1014 906 1055 934 illi
1070 909 1102 935 ut

274 951 350 986 jussi
365 953 450 978 erant
466 960 471 976 :
486 951 549 987 ipse
572 958 642 978 vero
657 950 842 978 multimodis
859 958 971 987 equum
985 954 1101 980 tentans

276 995 437 1030 ferebatur,
447 995 544 1023 donec
560 995 671 1023 scilicet
683 1003 752 1023 sues
768 995 893 1028 abactas,
907 998 950 1024 ter
959 999 1102 1033 quaterve

275 1040 456 1073 redeuntes,
474 1040 531 1068 sub
544 1040 617 1076 ipsis
633 1040 701 1076 equi
714 1039 842 1076 pedibus
856 1040 983 1068 volutari
1001 1049 1101 1078 coepe—

275 1087 355 1117 runt,
372 1092 503 1120 eumque
518 1084 673 1119 impedire.
696 1085 796 1120 Equus
811 1084 902 1117 enim,
916 1085 1033 1121 quoties
1044 1085 1102 1113 sub

275 1129 404 1166 pedibus
419 1128 484 1163 ejus
498 1128 696 1156 versabantur
711 1137 778 1156 sues
794 1129 883 1157 veluti
898 1129 936 1158 de
955 1129 1102 1159 industria

277 1173 308 1201 id
324 1175 455 1207 agentes,
479 1172 590 1200 cadens
606 1173 694 1200 simul
720 1181 955 1210 assurgensque,
980 1175 1102 1203 tandem

277 1218 318 1245 ita
331 1216 471 1250 concidit,
494 1219 526 1244 ut
540 1224 696 1253 resurgere
710 1217 846 1254 nequiret
865 1227 871 1252 ;
887 1226 987 1247 sessor
1001 1221 1102 1247 autem

278 1269 423 1290 excussus
449 1263 595 1297 tanquam
610 1269 625 1290 e
644 1261 750 1297 funda,
778 1263 876 1291 statim
901 1263 985 1291 humi
1009 1264 1104 1299 jacuit

277 1313 392 1343 pronus
402 1306 488 1342 juxta
507 1313 631 1342 equum,
652 1307 929 1343 parumadmodum
955 1308 1071 1336 distans
1085 1317 1104 1337 a

277 1354 408 1387 mortuo,
420 1351 477 1380 nisi
490 1350 573 1388 quod
589 1351 685 1379 tenuis
696 1351 820 1388 quidem
829 1352 945 1381 artoriae
957 1353 1071 1389 pulsus,
1085 1361 1104 1382 δ,

278 1396 397 1424 medicis
414 1396 629 1432 deprehensus,
650 1405 720 1425 cum
739 1397 839 1425 adhuc
858 1397 889 1426 in
909 1398 985 1426 vivis
1000 1406 1103 1426 nume-

277 1441 408 1470 randum
438 1441 627 1476 suggerebat.

313 1489 357 1515 37.
371 1488 436 1515 Non
445 1486 556 1521 longue
569 1494 587 1514 a
597 1486 709 1523 palatio
719 1487 784 1515 haec
795 1487 977 1522 acciderunt,
997 1496 1032 1516 eo
1050 1488 1104 1516 sci-

1155 909 1199 939 Ξως
1214 909 1238 934 οἱ
1253 907 1400 938 ἀπελθόντες
1414 905 1454 938 δίς
1469 916 1496 933 τε
1527 908 1714 942 συστραφέντες
1726 907 1771 932 καὶ
1803 908 1880 944 τρὶς,
1908 910 1956 937 τοῖς

1155 956 1201 979 τοῦ
1219 953 1299 979 ἵππον
1313 954 1390 979 ποσὶν
1410 953 1534 988 ὤφθησαν
1548 949 1745 987 κυλινδούμενοι
1769 960 1797 977 τι
1822 953 1873 977 καὶ
1896 961 1956 987 συμ-

1155 996 1317 1028 ποδίζοντες.
1343 996 1376 1023 Ὀ
1402 1006 1429 1023 τι
1451 998 1502 1033 γὰρ
1527 996 1605 1026 ἵππος
1634 996 1723 1026 ὁσάκις
1736 996 1761 1021 οἱ
1796 999 1859 1026 σῦες
1890 1006 1956 1033 περι-

1156 1042 1297 1075 ισκῐλιςον,
1331 1043 1403 1078 ἰργον
1430 1042 1516 1078 ὥσπερ
1545 1044 1623 1067 τοῦτο
1652 1041 1815 1076 ποιούμενοι,
1858 1043 1956 1067 πίπτω

1156 1087 1212 1124 ἅμα
1251 1089 1296 1113 καὶ
1330 1086 1496 1122 ἐγειρόμενος,
1539 1084 1611 1116 τῦος
1638 1085 1728 1118 εἰπεῖν,
1762 1085 1900 1122 ὰνὴγρετε.
1920 1095 1956 1111 πε-

1155 1141 1240 1158 πτωκε
1266 1139 1273 1145 ·
1306 1133 1352 1157 καὶ
1388 1131 1401 1157 ὀ
1427 1129 1557 1161 ἀναϐάτης
1587 1129 1762 1166 ὶκτιναχθεὶς,
1797 1132 1845 1156 καὶ
1875 1131 1955 1165 ὥσπερ

1157 1172 1390 1212 ἀποσφενδονηθεὶς
1429 1174 1536 1212 ιῦρηται
1566 1176 1680 1210 κείμενος
1705 1175 1851 1210 παρωθύς,
1881 1174 1955 1210 ἀγχι-

1157 1221 1207 1247 στά
1222 1229 1271 1246 που
1300 1223 1345 1246 τοῦ
1361 1220 1441 1246 ἶππου
1460 1221 1569 1256 πρηνὴς,
1595 1216 1679 1255 μηδὲν
1699 1218 1765 1250 ὅλως
1784 1223 1882 1255 νεκροῦ
1905 1218 1955 1244 διε-

1156 1267 1284 1301 νηνοχὼς,
1310 1263 1373 1293 πλὴν
1399 1264 1460 1290 ὅσον
1485 1265 1605 1300 σφυγμὸς
1627 1261 1752 1300 ἀμυδρός,
1784 1265 1832 1289 καὶ
1861 1267 1955 1299 πνεῦμα

1155 1313 1208 1340 τοῖς
1241 1309 1482 1345 περιεργαζομένοις
1522 1307 1624 1342 λεπτὸν,
1663 1311 1718 1338 τοῖς
1748 1311 1888 1345 περιοῦσιν
1924 1310 1954 1334 ἔτι

1158 1353 1357 1390 συγκαταλέγειν
1372 1356 1462 1379 τοῦτον
1477 1351 1610 1380 ὗπέϐαλεν.

1193 1487 1242 1519 λζ’.
1275 1487 1331 1514 Οὐκ
1346 1487 1398 1513 ἄπο
1429 1489 1511 1513 ταῦτα
1538 1489 1588 1512 τῶν
1610 1485 1758 1522 ἀνακτόρων
1783 1485 1951 1523 ξυμϐέϐηκεο

277 1531 346 1560 licet
367 1531 445 1565 loco,
467 1531 519 1568 qui
548 1532 693 1568 Stagnum
714 1532 879 1560 rotundum
901 1532 1018 1561 dicitur.
1035 1532 1101 1567 Sed,

1158 1535 1232 1563 τόπος
1246 1534 1295 1570 γὰρ
1311 1531 1335 1558 ἐν
1351 1531 1370 1567 ᾧ
1390 1532 1403 1557 ὀ
1418 1532 1516 1558 οὑτωσί
1540 1541 1595 1562 πως
1623 1530 1767 1568 Γυρολίμνη
1791 1530 1950 1567 καλούμενος,

277 1576 537 1613 quemadmodum
552 1584 588 1604 ea
603 1576 699 1605 solent
713 1585 780 1613 quae
794 1577 877 1606 fama
899 1577 1044 1612 feruntur,
1060 1585 1102 1606 re-

277 1623 366 1658 pente
392 1621 505 1657 ubique
529 1620 686 1656 vulgatum
709 1620 773 1655 fuit,
801 1621 910 1649 obiisse
936 1630 971 1650 ex
994 1621 1104 1650 infelici

278 1666 461 1702 equitatione
471 1665 625 1701 juvenem.
640 1666 714 1693 Tum
727 1664 799 1694 verd
814 1666 873 1700 alii,
900 1667 922 1695 Ο
945 1666 1102 1701 infelicem,

279 1710 461 1745 exclamant,
477 1717 583 1737 casum
611 1710 618 1738 l
634 1718 652 1738 o
667 1710 863 1739 infortunium
880 1711 886 1738 i
907 1711 967 1747 alii,
995 1713 1103 1746 Quam,

278 1754 428 1790 inquiunt,
451 1753 549 1781 subito
569 1753 599 1780 id
618 1754 725 1781 accidit
742 1754 748 1781 i
776 1762 870 1790 quam
900 1754 1104 1792 inexspectato

280 1798 391 1826 corruit
402 1798 407 1825 i
420 1797 464 1825 Ad
476 1805 522 1825 me
533 1805 655 1834 quoque
665 1806 680 1826 e
691 1798 817 1833 vestigio
827 1798 953 1834 quidam
967 1802 1102 1834 accurrit.

279 1841 483 1878 lacrymarum
506 1841 623 1878 plenus,
644 1844 672 1870 et
692 1842 816 1878 cupiens
831 1843 953 1879 quidem
968 1844 998 1872 id
1021 1845 1104 1881 quod

279 1887 428 1915 acciderat
437 1886 617 1921 renuntiare,
630 1886 682 1914 sed
692 1894 765 1914 voce
773 1895 834 1914 non
843 1888 990 1916 continuis
1005 1890 1105 1918 minus

281 1931 461 1966 singultibus
475 1939 569 1968 quam
580 1931 675 1959 multo
684 1931 816 1959 anhelitu
831 1931 983 1969 impedita,
995 1941 1032 1962 ex
1042 1934 1106 1963 sola

280 1975 405 2004 demissi
433 1976 463 2003 in
494 1978 602 2004 terram
628 1975 727 2004 vultus
751 1976 900 2011 maestitia,
930 1979 957 2006 et
983 1979 1106 2007 commi-

282 2020 440 2049 serationis
453 2028 543 2056 quem
557 2020 784 2048 demonstrabat
802 2021 920 2056 affectu,
937 2022 1018 2050 triste
1032 2023 1106 2052 mihi

280 2066 438 2104 quidpiam
457 2065 617 2093 videbatur
641 2065 817 2100 significare.
844 2069 939 2104 Atque
965 2075 1021 2103 ego
1044 2076 1107 2096 non

279 2119 388 2148 parum
402 2111 503 2139 animo
515 2112 693 2138 commotus.
707 2111 770 2144 Cui,
782 2111 918 2148 inquam,
929 2121 1066 2141 meorum
1077 2116 1106 2141 et

280 2156 355 2193 quid
369 2155 490 2184 tandem
515 2154 667 2183 infortunii
687 2156 821 2184 accidit?
838 2157 929 2190 Tunc,
952 2157 1105 2193 respondit

1160 1578 1227 1605 Ἀλλ’
1251 1578 1294 1604 οἵα
1319 1575 1353 1606 δὴ
1382 1578 1415 1603 τὰ
1434 1579 1482 1606 τῆς
1504 1577 1602 1612 φήμης,
1626 1575 1650 1601 ἐν
1676 1574 1770 1612 δοιαρεί
1793 1573 1952 1612 διαπερὴμι-

1159 1633 1220 1649 σται
1244 1625 1380 1658 πανταχῇ,
1399 1621 1433 1652 ὡς
1458 1621 1577 1650 τέθνηκεν
1592 1621 1605 1646 ὀ
1621 1618 1694 1647 δεῖνα
1719 1619 1883 1649 ἱππηλατῶν.
1909 1622 1953 1646 Καὶ

1158 1667 1300 1704 οἱμὲν,“Ω
1326 1670 1372 1692 τοῦ
1403 1665 1571 1702 συμϐάματος
1587 1664 1594 1691 l
1611 1665 1630 1690 ὡ
1657 1668 1704 1696 τῆς
1732 1662 1822 1696 δεινῆς
1849 1666 1951 1695 ταύτης,

1158 1713 1251 1748 ελεγον,
1276 1713 1411 1747 συμφορᾶς
1432 1709 1438 1736 l
1455 1711 1480 1736 οἱ
1495 1708 1531 1742 δ’,
1555 1709 1590 1735 Ὣ.
1608 1710 1660 1735 οἷον
1689 1710 1782 1745 αἴφνης
1798 1710 1898 1745 γέγονεν
1916 1708 1921 1735 !
1937 1710 1952 1733 ὦ

1159 1758 1212 1784 οἷον
1241 1753 1446 1792 ἀπροσδοκήτως
1480 1756 1603 1780 συνέπεσε
1623 1753 1629 1780 i
1648 1755 1698 1780 Καὶ
1713 1755 1758 1789 μοί
1784 1763 1825 1784 τις
1851 1753 1952 1790 Epicra-

1159 1812 1203 1828 ται
1229 1799 1349 1838 δακρύων
1373 1799 1509 1833 ὑπόπλεος,
1536 1798 1612 1825 θίλων
1644 1799 1689 1835 μὶν
1717 1797 1837 1834 ἀγγεῖλαι
1865 1799 1893 1824 τό
1913 1807 1951 1833 γε·

1159 1847 1243 1882 γονὰς,
1271 1847 1318 1873 τὴν
1343 1842 1372 1870 δὴ
1400 1846 1484 1878 φωνήν
1512 1843 1566 1879 οὐχ
1590 1842 1666 1871 ἧττον
1694 1845 1750 1873 τοῖς
1775 1843 1948 1878 στιναγμοῑςὲ

1159 1895 1213 1922 τοῖς
1251 1890 1385 1926 ἄσθμασιν
1420 1889 1617 1924 ἓγκοπτόμενος,
1658 1888 1686 1913 ἐκ
1721 1889 1801 1923 μόνης
1831 1891 1877 1917 τῆς
1910 1891 1949 1913 τοῦ

1159 1938 1300 1972 προσώπου
1325 1935 1476 1970 κατηφείας,
1496 1933 1540 1958 καὶ
1571 1936 1617 1963 τῆς
1640 1933 1705 1968 πρός
1730 1941 1763 1968 με
1783 1932 1948 1965 συμπαθείας,

1160 1981 1190 2010 ἣν
1219 1981 1378 2015 ὑπενέφαινεν
1413 1977 1476 2012 ἐμὴν
1502 1977 1636 2014 γνωρίζων
1662 1978 1708 2005 τὴν
1727 1977 1861 2013 συμφορὰν
1886 1978 1951 2012 ἔμοι-

1159 2035 1199 2061 γε.
1217 2025 1294 2059 Κάγὼ
1321 2021 1520 2059 διαταραχθεὶς,
1538 2023 1594 2048 Τίνι
1620 2025 1670 2047 τῶν
1685 2021 1751 2057 ίμῶν
1779 2023 1898 2047 συνέπεσε
1925 2023 1950 2047 τὸ

1161 2068 1254 2102 δεινὸν,
1270 2070 1315 2094 καὶ
1329 2069 1355 2093 τί
1379 2076 1426 2103 περ
1457 2066 1470 2092 ὃ
1496 2063 1844 2102 πέπονθε;διεπυνθανόμην
1870 2065 1948 2097 εὐθύς.

1162 2115 1212 2140 Καὶ
1240 2112 1275 2146 ὂς,
1299 2112 1329 2138 '0
1355 2113 1398 2142 σὸς
1425 2110 1563 2140 ἱππηλάται
1589 2109 1717 2147 γαμϐρὸς,
1743 2119 1789 2136 και
1822 2111 1845 2136 οἱ
1860 2112 1949 2146 συμπέ-

1161 2167 1259 2184 πτωκεν
1277 2157 1289 2183 ὁ
1306 2157 1394 2190 ἱππος,
1407 2158 1452 2181 καὶ
1470 2155 1504 2186 εἰς
1531 2156 1568 2181 ἔτι
1595 2158 1690 2187 κεῖται,
1715 2152 1800 2191 μηδεν
1813 2164 1837 2180 τι
1865 2154 1946 2190 λέγων,

282 2208 373 2236 gener
387 2207 465 2236 equo
479 2199 637 2234 ferebatur,
659 2208 727 2228 cum
743 2208 804 2237 quo
815 2201 925 2237 pariter
949 2201 978 2229 in
996 2205 1103 2230 terram

1161 2200 1274 2239 μηδενὸς
1311 2201 1504 2237 αἰσθανόμενος.
1541 2199 1639 2235 Ἐξῄειν
1669 2198 1763 2225 αὐτίκα
1785 2202 1830 2225 τοῦ
1850 2197 1948 2234 διηγου-

282 2245 413 2280 corruit;
431 2252 465 2273 ac
480 2244 753 2274 etiamnuminfelix
759 2246 838 2282 jacet
851 2245 966 2283 absque
984 2246 1105 2283 loquela

282 2292 309 2318 et
321 2297 422 2318 sensu.
433 2289 480 2317 His
495 2290 623 2318 narratis
635 2290 770 2326 egredior
783 2290 874 2319 domo
891 2299 898 2319 ε
914 2299 1012 2327 neque
1025 2291 1106 2320 aliud

282 2335 386 2364 audire
403 2343 455 2370 per
469 2335 548 2363 viam
563 2335 636 2364 mihi
651 2335 784 2371 contigit,
795 2343 898 2372 quam,
918 2337 940 2364 0
951 2336 1106 2372 quomodo

282 2379 311 2408 id
329 2379 481 2416 intelliget.
491 2380 641 2417 quomodo
656 2380 769 2408 videbit
780 2387 865 2408 socer
872 2380 936 2415 ejus
949 2380 955 2407 !
969 2381 1029 2408 Hac
1038 2380 1106 2409 illac

282 2424 410 2460 gemitus
430 2427 458 2452 et
473 2432 619 2453 manuum
636 2424 859 2460 complosiones
881 2424 1081 2453 audiebantur
1097 2435 1104 2459 -,

282 2478 352 2498 cum
362 2477 418 2505 ego
429 2470 467 2498 ad
476 2470 576 2498 locum
586 2470 638 2498 ubi
644 2469 763 2505 jacebat
771 2468 958 2504 perveniens,
966 2477 1106 2498 manum-

281 2523 341 2552 que
360 2515 591 2552 apprehendens
610 2517 639 2542 et
665 2513 788 2542 brachia
808 2513 1010 2547 circumdans,
1031 2515 1107 2547 Quid

281 2560 402 2597 pateris,
425 2559 555 2593 aiebam,
580 2558 653 2595 quid
668 2557 761 2591 doles,
784 2557 956 2586 charissima
971 2559 1011 2587 ﬁli
1027 2559 1107 2594 ?age

1160 2250 1248 2284 μένου,
1272 2249 1316 2273 καί
1345 2255 1390 2282 μοι
1408 2246 1480 2282 παρὰ
1496 2246 1542 2273 τὴν
1572 2242 1633 2270 ὁδὸν
1663 2242 1748 2277 mitra,
1770 2243 1822 2269 ἀλλ’
1836 2244 1851 2273 ἣ
1879 2248 1947 2270 τοῦτο

1160 2294 1236 2329 μόνον
1252 2291 1368 2326 ἠκούετο,
1385 2289 1419 2316 Ὣ-
1434 2290 1486 2315 οἶον
1513 2288 1653 2315 ἀκούσεται
1681 2297 1688 2322 ;
1715 2288 1735 2313 ὡ
1762 2289 1815 2314 οἷον
1841 2289 1854 2314 ὁ
1879 2286 1947 2317 κηδε-

1162 2339 1225 2368 στὴς
1248 2334 1326 2362 τοῦδε
1354 2335 1474 2361 θεάσεται
1503 2342 1510 2367 ;
1540 2335 1679 2369 Στεναγμοὶ
1704 2342 1732 2359 τε
1758 2331 1823 2369 τῇδε
1841 2332 1945 2365 κάκεῖσε,

1160 2384 1206 2408 καὶ
1218 2384 1314 2417 χειρῶν
1327 2380 1450 2414 πάταγοι.
1474 2377 1543 2405 Ἀλλ’
1571 2377 1679 2406 ἕπεο-την
1711 2375 1791 2415 οὗπερ
1819 2376 1847 2407 ἦν
1871 2380 1946 2413 κείμε-

1160 2436 1212 2459 νος,
1245 2427 1289 2451 καὶ
1317 2423 1456 2460 λαϐόμενος
1483 2427 1531 2453 τῆς
1555 2423 1643 2459 χειρὸς
1669 2423 1714 2448 καὶ
1746 2423 1856 2459 περιθεὶς
1878 2422 1944 2448 avitis

1159 2474 1217 2501 ταῖς
1244 2469 1376 2506 ἀγκάλαις,
1393 2470 1426 2494 TL’
1456 2468 1571 2503 πάσχεις
1595 2475 1602 2500 ;
1629 2467 1700 2502 ἔφην,
1728 2468 1754 2492 τί
1781 2464 1861 2502 ὀδννᾷ
1884 2465 1944 2499 ﬁt-

1160 2516 1244 2543 λωσόν
1258 2523 1312 2550 μοι,
1328 2515 1378 2539 παῖ
1398 2511 1514 2548 φίλτατε.
1526 2511 1554 2537 Ὀ
1571 2508 1596 2537 δ’
1619 2509 1694 2536 οὐδεν
1717 2519 1743 2536 τι
1765 2514 1877 2548 κρεῖττον
1891 2510 1945 2545 ἁφή·

1161 2570 1215 2598 χον
1235 2563 1285 2585 τῶν
1299 2557 1440 2593 λεγομενων
1455 2555 1486 2585 ἦν
1500 2555 1606 2583 ἐπαΐων.

282 2605 382 2633 indica
399 2613 405 2632 :
422 2604 486 2640 ipse
499 2611 570 2632 vero
584 2603 668 2631 mihil
678 2602 776 2638 magis
801 2602 942 2632 audiebat
965 2612 1033 2639 quae
1057 2603 1196 2636 dicebam
1216 2611 1309 2640 quam
1329 2602 1353 2629 si
1366 2601 1514 2629 exanimis
1527 2599 1653 2628 omnino
1672 2598 1787 2628 fuisset.

317 2650 498 2685 38.1amque
517 2656 578 2676 nox
595 2647 644 2675 illa
665 2647 856 2683 praeterierat,
878 2647 951 2676 nihil
970 2649 1106 2677 omitten-

283 2693 362 2721 tibus
373 2692 498 2721 medicis
511 2700 615 2720 eorum
630 2699 699 2728 qum
714 2691 771 2720 hac
786 2692 956 2726 occasione,
975 2696 1007 2722 ut
1021 2693 1105 2729 ﬁant,

285 2745 334 2765 ars
348 2737 467 2765 medica
481 2736 660 2774 praescribit:
681 2736 838 2773 utriusque
860 2745 969 2766 manus
997 2741 1106 2776 apertas

285 2784 355 2810 sunt
381 2789 477 2816 venae,
501 2782 559 2810 alia
577 2783 690 2810 tentata
717 2782 851 2811 remedia
869 2783 980 2818 omnia,
1004 2783 1107 2812 omnia

1195 2648 1248 2678 λη’.
1276 2646 1409 2684 Παρῆλθεν
1437 2646 1452 2675 ἡ
1489 2645 1535 2676 νὺξ
1561 2644 1644 2673 ἐκείνη
1682 2647 1733 2670 τῶν
1760 2643 1942 2673 ’Λαληπιαδῶν

1161 2692 1236 2722 οὐδεν
1252 2691 1375 2729 οὐδαμῶς
1403 2693 1553 2728 παριέντων,
1580 2691 1678 2725 ὅσαπερ
1704 2688 1748 2715 ἐπὶ
1767 2688 1855 2716 τοῖσδε
1872 2691 1942 2726 πράτ-

1160 2749 1212 2766 τειν
1241 2739 1256 2767 ἡ
1286 2739 1367 2774 τέχνη
1392 2738 1539 2774 παρεγγυᾷ,
1573 2733 1665 2771 φλέϐας
1690 2731 1797 2763 δηλαδὴ
1822 2743 1940 2770 τιμνοντων

1160 2783 1310 2820 ἀμφοτέρων
1333 2785 1441 2819 χειρῶν,
1465 2782 1510 2806 καὶ
1540 2778 1706 2816 βοηθούντων
1735 2777 1837 2805 ἄλλοθεν
1861 2778 1937 2811 ἄλλως,
