1970 3082
9 106 92 133 929

714 109 749 136 ΙΝ
764 108 791 136 S.
812 108 1051 139 THEODOSIAM.

1681 112 1733 139 930

9 168 127 194 κάτω
140 170 175 195 τὰ
192 169 246 194 ᾶνω
274 169 423 202 κινούντων,
445 169 458 195 ὅ
483 178 561 205 φασιν
587 167 669 203 οὗτοι,
697 173 742 197 καὶ
770 171 855 198 πάντα

953 175 991 200 ηδ
1005 180 1056 200 sus
1070 172 1178 208 deque,
1194 174 1226 200 ut
1240 171 1352 206 dicunt,
1364 174 1392 200 et
1405 172 1479 200 nihil
1493 181 1553 200 non
1565 172 1733 201 adhibitum

11 215 152 249 τρόπον
176 215 371 249 μηχανωμένων
399 215 432 244 ὡς
457 213 490 244 εἰς
516 215 640 243 αἴσθησιν
677 213 792 250 ἀγαγεῖν*
825 215 855 242 Ὀ

13 255 53 282 δ’
72 256 172 284 οὐδεὶς
191 257 294 294 ἄμεινον
314 256 393 294 εἶχιν,
419 257 473 284 ἀλλ’
497 259 592 295 ὁμοίως
620 258 784 289 ἀναισθητῶν
813 259 853 290 ἧν.

16 301 196 340 Παριῤῥύη
209 304 254 328 καὶ
272 303 302 328 τὸ
328 306 373 333 τῆς
402 300 592 339 διαδεξαμένης
618 305 713 341 ἡμέρας
740 303 856 334 διάστη-

16 356 90 382 μα,
117 349 168 373 καὶ
182 344 255 377 οὗτος
271 347 284 372 ὁ
300 346 376 377 αὐτὸς
389 345 430 377 ἦν,
445 347 509 383 Ὀψε
524 345 554 375 δὲ
579 351 624 375 καὶ
650 350 713 386 πρὸς
746 349 857 386 ἑσπέραν

20 389 289 427 ἕφϐἐγξατοβιαιόν
301 401 327 418 τι
343 394 389 418 καὶ
404 390 593 428 ἀδιάρθρωτον,
617 393 632 422 ἣ
660 393 755 429 μᾶλλον
779 394 858 420 εἰπεῖν

19 435 263 472 παραφθέγξατο.
291 439 342 463 Καὶ
366 440 413 462 τοῦ
440 438 530 463 λόιποῦ
569 440 787 474 παρακεκομμένα
814 438 857 464 λα-

22 479 96 505 λῶν
116 479 164 513 ἦν,
191 479 256 506 ἄλλα
273 481 319 516 μὶν
341 479 509 517 ἓρωτώμενος,
535 480 600 508 ἄλλα
635 480 660 509 δ’
690 482 859 520 ἀποκρινόμε-

23 533 97 557 νος,
135 523 290 556 πλειστάκις
319 529 364 556 τῆς
392 526 488 562 ἡμέρας
523 530 705 564 παραφρονῶν,
733 530 778 554 καὶ
807 528 859 564 οὐχ

28 568 160 597 ἣκιστα
182 572 231 600 τῆς
257 571 360 604 νυκτὸς,
387 574 431 596 νῦν
457 572 502 607 μεν
528 575 615 605 τοῦτο,
645 575 689 597 νῦν
724 571 749 598 δ’
780 571 860 599 ὶκεῐνο

28 613 242 649 φθεγγόμενος,
259 612 343 650 μηδὲν
368 612 393 641 δ’
422 615 435 640 ὅ
461 624 487 641 τι
512 617 555 641 καὶ
583 617 759 653 παριστάνων,
790 615 860 652 μηδε

32 655 55 683 δ
58 656 220 692 ηλοποιῶν,
235 658 331 694 μεταξύ
353 668 381 685 τε
396 657 465 696 βοῶν
487 661 609 696 γεγονὼς,
638 662 683 687 καὶ
706 661 738 691 ὡς
764 670 860 687 πεπον-

34 701 102 732 θώς
136 711 166 727 τι
192 706 242 728 τῶν
266 701 424 738 ἀνηκέστων,
446 706 514 741 μέγα
545 705 648 742 κράζων
686 706 776 741 αἴφνης
815 708 860 732 καὶ

35 744 228 783 ὀδυρόμενος.

82 915 142 944 λθ’.
161 915 342 953 Ἠσχάλλομεν
355 914 409 953 οὖν,
434 917 466 948 ὦς
497 919 527 944 τὸ
556 917 635 954 εἰκὸς,
666 915 860 955 ἓδυσφοροῦμεν

39 960 71 987 οἱ
105 958 334 991 κηδεσταυδέος
358 971 409 999 γαρ
437 962 499 998 ἡμῖν
528 962 601 992 ἕπήει
629 965 666 999 μὴ
703 965 776 999 μείνῃ
814 961 861 989 διὰ

40 1007 156 1036 παντὸς
188 1005 256 1032 οὕτω
277 1005 445 1043 παραληρῶν,
469 1009 514 1033 καὶ
539 1008 586 1038 τὰς
613 1009 706 1044 φρένας
742 1008 781 1037 sin
814 1005 862 1034 διὰ

45 1048 120 1086 βίου
134 1050 300 1087 παράκοπος·
318 1050 357 1077 Οὐ
371 1052 422 1087 γὰρ
439 1049 473 1080 δή
485 1061 540 1082 πως
563 1051 599 1082 εἰς
629 1051 727 1088 ἀγαθὸν
755 1055 800 1078 καὶ
831 1054 861 1078 τὸ

44 1098 106 1120 τῶν
146 1096 248 1131 χοίρων
287 1093 497 1132 ἰξελαμϐάνομεν,
538 1097 598 1127 τοὺς
644 1095 861 1133 ἐξαιτησαμενους

46 1139 99 1164 τὸν
115 1140 215 1176 Κύριον
230 1138 390 1175 ἐμϐληθῆναι
418 1142 523 1177 χοὶροις
551 1138 774 1178 διινθυμοὺμειοι,
803 1143 862 1172 τοὺς

48 1184 122 1218 ἡμῖν
152 1181 269 1219 ἀρχῆθεν
296 1182 506 1215 ἐπιϐουλεύοντας
530 1182 667 1221 δαίμονας,
701 1189 746 1213 καὶ
785 1185 863 1222 μάλι-

51 1236 112 1253 στα
122 1228 253 1264 μαθόντες
276 1229 310 1258 ὡς
340 1226 498 1264 διωχθέντες
524 1229 689 1267 ὑπέστρεψαν
716 1230 741 1256 οἳ
759 1233 860 1268 χοῖροι,

49 1275 104 1299 καὶ
131 1273 169 1303 ὡς
194 1272 248 1309 οὐχ
275 1272 345 1304 ἅπαξ
366 1275 489 1304 εἰσιόντες
516 1283 544 1300 τε
573 1277 618 1301 καὶ
647 1274 766 1307 ἕξιόντες,
782 1284 863 1312 προσ-

51 1316 198 1347 ϐάλλοντες
225 1318 337 1354 ὡσπερεὶ
365 1319 411 1344 καὶ
440 1318 591 1355 ἡττώμενοι,
621 1319 763 1346 τελευταῖον
801 1321 864 1357 θρα-

52 1363 173 1399 σύτερον
192 1360 351 1393 ἂπιτιθέντες
372 1361 524 1391 κατέϐαλον.
557 1363 590 1390 ‘0
613 1373 639 1390 τι
668 1362 695 1390 δ’
718 1365 747 1390 οὺ
776 1365 864 1403 πόρῥω

52 1410 104 1437 τῆς
131 1405 257 1437 ἀληθείας
285 1405 493 1443 ἔστοχαζόμιθα,
523 1407 599 1438 αὐτὸς
624 1409 637 1435 ὀ
660 1412 744 1436 ταῦτα
775 1411 864 1436 παθὼν

51 1452 127 1487 μετὰ
144 1453 190 1480 τὴν
209 1454 255 1477 τοῦ
268 1451 369 1481 πάθους
388 1450 541 1488 ἀπαλλαγὴν
571 1457 659 1489 σαφῶς
683 1454 744 1489 ἡμῖν
770 1451 864 1483 διεδή-

51 1494 153 1523 λωσεν.
170 1496 265 1533 Εἰρηκε
279 1497 324 1521 καὶ
346 1496 397 1533 γὰρ
425 1497 458 1526 ὡς
490 1494 576 1528 ἔδοξεν
605 1495 690 1535 ἄνδρα
715 1498 788 1535 ὁρᾷν,
816 1500 864 1534 μέ-

51 1539 124 1566 λανα
151 1541 200 1569 τὴν
238 1540 345 1577 χροιὰν,
372 1540 463 1577 ἄγριον
489 1543 536 1570 τὴν
562 1541 632 1577 ὄψιν,
653 1543 814 1579 ὑπερμεγέθη
833 1544 863 1570 τὸ

55 1588 150 1621 σῶμα,
178 1586 297 1620 σχοίνοις
327 1587 549 1622 περιισχημένους
580 1588 640 1618 τοὺς
669 1590 732 1618 σῡας
751 1586 864 1623 ἕφέλκον-

53 1638 91 1656 τα
103 1632 160 1659 τοῖς
181 1632 228 1655 τοῦ
249 1629 328 1656 ἵππου
355 1632 434 1656 ποσίν
446 1641 452 1646 -
469 1629 598 1666 ἂφώγειν
617 1640 645 1658 τε
671 1633 776 1662 τούτους
804 1631 865 1668 βια-

56 1675 199 1711 ζομένους,
221 1675 287 1710 πρὸς
313 1672 343 1700 δὴ
371 1673 433 1710 βίαν
466 1674 652 1712 ἀπαγομένους,
684 1677 731 1707 ἕως
760 1686 866 1714 συμπο-

57 1716 199 1749 διαθέντος
213 1720 309 1754 πεσὼν,
324 1718 354 1744 οὖ
364 1721 494 1755 μέμνηται
505 1720 519 1746 ὃ
534 1729 560 1746 τι
574 1723 620 1747 καὶ
630 1721 765 1749 πέπονθεν.

874 889 895 918 Β

909 224 1020 252 operas,
1046 219 1078 244 ut
1102 216 1241 244 sensibus
1270 216 1442 244 redderetur
1467 216 1642 244 adolescens
1659 226 1665 244 :
1681 217 1734 254 qui

910 261 1004 289 nihilo
1020 263 1120 289 tamen
1135 260 1240 288 melius
1255 260 1324 288 inde
1334 260 1452 295 habuit,
1468 261 1521 289 sed
1534 261 1641 289 eadem
1652 269 1734 296 pror-

911 313 963 333 sus
975 305 1090 334 ratione
1103 305 1225 340 jacehat
1237 313 1344 333 sensus
1356 305 1454 333 omnis
1469 313 1588 341 expers.
1616 307 1736 333 Prester-

911 350 944 378 iit
957 358 1080 386 quoque
1094 358 1128 378 ea
1140 357 1208 386 quas
1223 352 1341 377 noctem
1350 350 1414 384 jam
1438 350 1549 378 dictam
1576 349 1737 378 subsecuta.

912 397 976 423 erat
990 395 1064 430 dies,
1075 397 1165 431 atque
1179 394 1227 422 ille
1241 395 1272 422 in
1287 395 1394 422 eodem
1409 402 1506 431 usque
1520 396 1599 423 statu
1615 402 1734 430 perma-

913 447 983 468 nere
1002 439 1098 467 visus:
1127 447 1196 467 cum
1219 447 1287 467 ecce
1311 439 1367 467 sub
1396 447 1554 475 vesperam
1585 438 1736 475 quasdam

913 484 1000 520 quasi
1014 486 1132 512 coactas
1141 492 1195 512 nec
1210 483 1366 512 distinctas
1381 484 1452 512 satis
1469 491 1626 518 voces,seu
1636 483 1736 519 potius

913 529 1121 563 deliramenta,
1132 528 1264 565 proferre
1273 528 1371 564 ccepit;
1379 527 1520 564 deinceps
1527 536 1598 556 vero
1616 527 1738 556 concisa

913 573 1056 609 quaedam
1070 572 1258 608 loquebatur,
1282 572 1365 600 aliud
1371 580 1464 608 quam
1477 573 1560 608 quod
1573 572 1738 608 interroga-

913 617 1004 646 batur
1029 618 1224 654 respondens.
1258 617 1375 645 Diurnis
1417 620 1450 646 ut
1466 617 1632 654 plurimum
1654 617 1737 645 horis

914 663 1046 690 maxime
1061 671 1131 690 vero
1151 662 1316 695 nocturnis,
1343 663 1436 690 modo
1457 663 1526 697 hoc,
1546 662 1639 690 modo
1665 662 1739 690 illud

915 707 1027 742 dicens,
1034 707 1108 735 nihil
1118 707 1189 736 certi
1198 707 1331 736 indicare
1341 710 1393 735 aut
1403 708 1570 744 exprimere
1582 706 1738 735 manifeste

914 752 1042 780 valebat-
1057 751 1210 780 Clamores
1227 751 1356 780 subinde
1371 751 1479 780 edebat
1492 751 1640 787 ingentes,
1651 751 1739 787 quasi

914 795 1098 824 intolerabile
1109 795 1257 832 quiddam
1274 799 1429 831 cogeretur
1446 796 1586 832 perferre,
1607 804 1642 824 ac
1652 795 1739 824 vehe-

914 842 1030 868 menter
1054 848 1127 869 sane
1154 840 1388 869 lamentabatur.

949 911 992 939 39.
1023 911 1083 940 Nos
1103 911 1232 946 interim,
1253 912 1305 947 qui
1325 919 1430 939 curam
1454 911 1518 947 ejus
1546 911 1737 947 gerebamus,

914 956 1053 990 graviter,
1068 958 1099 984 ut
1113 964 1168 992 par
1179 958 1250 989 erat,
1279 956 1468 992 angebamur
1483 965 1490 983 :
1514 959 1611 984 metus
1625 956 1739 992 quippe

913 1000 1001 1028 nobis
1017 1000 1226 1036 incutiebatur,
1242 1009 1280 1029 ne
1294 1003 1437 1037 perpetuo
1453 1000 1577 1033 delirus,
1599 1002 1651 1028 aut
1677 1002 1740 1028 tota

914 1046 975 1074 vita
995 1046 1094 1082 impos
1123 1046 1231 1074 mentis
1262 1049 1475 1082 perseveraret.
1503 1046 1560 1075 Sed
1578 1053 1632 1073 nec
1662 1044 1738 1073 boni

913 1090 1082 1127 quidquam
1112 1091 1325 1120 ominabamur
1365 1099 1398 1119 ex
1426 1090 1536 1127 porcis:
1562 1090 1628 1118 illos
1657 1089 1739 1117 enim

915 1135 1124 1170 cogitabamus
1141 1135 1305 1171 daemones,
1317 1135 1369 1172 qui
1382 1139 1410 1163 et
1425 1135 1496 1164 olim
1511 1143 1531 1164 a
1558 1134 1684 1162 Domino
1708 1132 1739 1162 id

915 1180 1074 1216 petierunt,
1085 1182 1118 1208 ut
1128 1180 1518 1217 inporcosimmitterentur,
1530 1182 1559 1208 et
1570 1187 1587 1207 a
1596 1178 1742 1215 principio

915 1225 1052 1256 insidiari
1066 1225 1155 1254 nobis
1170 1233 1231 1254 non
1248 1226 1374 1260 cessant;
1388 1224 1518 1253 maxime
1534 1232 1604 1252 cum
1626 1222 1742 1251 audire-

917 1270 1158 1307 mus,quomodo
1164 1269 1282 1306 depulsi
1295 1278 1313 1298 θ.
1323 1270 1422 1303 via,in
1433 1269 1572 1297 eamdem
1584 1267 1743 1296 rediissent

916 1317 1007 1353 idque
1022 1323 1084 1344 non
1091 1315 1262 1351 simpliciter
1268 1314 1450 1350 egrediendo
1458 1311 1741 1350 redeundoque,sed

918 1364 1051 1398 tanquan
1061 1360 1227 1388 assilientes
1237 1359 1449 1395 cedentesque,
1461 1367 1496 1387 ac
1506 1359 1636 1394 denique
1651 1357 1745 1386 auda-

918 1407 981 1434 cius
1002 1406 1198 1435 incurrentes.
1225 1404 1368 1440 juvenem
1399 1403 1628 1431 sudverlissent.
1659 1401 1746 1435 Quod

917 1457 989 1479 vero
1003 1449 1085 1477 haud
1099 1448 1189 1483 longe
1205 1457 1222 1476 a
1237 1448 1279 1476 rci
1298 1448 1420 1476 veritate
1440 1447 1614 1483 conjectura
1641 1447 1746 1474 nostra

919 1495 1047 1527 abesset,
1059 1494 1185 1530 ipsemet
1197 1492 1250 1529 qui
1262 1492 1326 1520 hzec
1339 1491 1517 1528 patiebatur,
1544 1493 1709 1528 postquam
1728 1497 1747 1518 a.

920 1539 1002 1569 malo
1016 1546 1072 1567 suo
1082 1537 1224 1566 liberatus
1237 1537 1345 1565 deinde
1355 1536 1420 1572 fuit,
1430 1536 1604 1572 planissime
1615 1535 1746 1563 declara-

919 1585 971 1613 vit.
985 1583 1117 1612 Asseruit
1133 1581 1246 1618 quippe
1259 1581 1358 1609 visum
1371 1581 1428 1609 sibi
1445 1580 1535 1608 fuisse
1551 1579 1661 1613 virum,
1682 1580 1746 1607 atro

919 1629 1028 1661 colore,
1044 1635 1147 1656 severo
1160 1626 1254 1660 vultu,
1275 1625 1408 1662 corporis
1423 1623 1631 1660 magnitudine
1654 1622 1747 1650 inusi-

920 1673 1049 1710 tata,qui
1057 1672 1178 1701 funibus
1188 1670 1366 1700 constrictos
1380 1678 1487 1706 porcos
1505 1669 1562 1697 sub
1581 1669 1663 1704 ipsos
1677 1667 1748 1703 equi

919 1719 1012 1757 pedes
1026 1717 1175 1753 adigebat.
1185 1718 1290 1744 Porcos
1298 1717 1398 1744 autem
1409 1715 1510 1750 fugere
1520 1713 1654 1750 primum
1663 1719 1747 1740 com-

55 1763 178 1800 pulsos,
188 1762 250 1792 alie.
260 1762 370 1791 deinde
384 1764 414 1792 vi
427 1764 457 1792 in
468 1772 581 1802 equum
593 1765 694 1795 denuo
708 1766 873 1803 immissos,
900 1765 998 1795 donec
1012 1764 1054 1792 sic
1066 1761 1211 1800 impedito
1225 1760 1386 1797 collapsus,
1401 1761 1554 1797 pateretur
1568 1766 1603 1788 ea
1615 1764 1748 1794 quorum

56 1807 197 1844 amplius
216 1814 278 1836 non
291 1807 438 1837 meminit.

95 1893 137 1930 μ’.
174 1893 227 1931 Ἐφ’
260 1894 360 1926 ἱκαναῖς
388 1892 432 1920 οὖν
464 1892 528 1931 ἦμεν
559 1895 626 1922 οὕτω
653 1893 865 1934 διαπορούμενοι,

59 1939 132 1969 ὅπως
159 1942 206 1965 τοῦ
234 1937 393 1966 ἁνυποίστον
421 1939 523 1970 πάθους
550 1939 628 1966 αὐτὸν
662 1939 865 1978 ἀπαλλάξαιμεν,

59 1984 132 2014 ὃπως
144 1983 253 2015 ἕαυτοὺς
275 1987 319 2014 τῆς
338 1983 381 2010 ἰπὶ
399 1981 468 2019 τῷδε
496 1982 633 2021 φροντίδος
652 1995 680 2012 τε
709 1987 754 2012 καὶ
781 1985 866 2017 λύπης

58 2027 288 2065 ἕλιυθερὼσαιμεν.
319 2027 388 2055 Ἀλλ’
421 2028 456 2059 εἰς
488 2032 547 2055 νοῦν
574 2030 652 2066 μόγις
672 2029 794 2066 ἐϐάλομεν
832 2030 866 2057 τὰ

59 2077 91 2110 τῇ
130 2072 209 2109 Ἃγίᾳ
251 2073 416 2101 καθεκάστην
458 2075 708 2111 τερατουργούμινα,
748 2077 793 2101 καὶ
832 2076 866 2106 ὡς

61 2117 89 2144 ix
113 2117 196 2149 ζάλης
234 2117 267 2148 εἰς
289 2117 386 2153 λιμένα,
418 2119 540 2155 παραυτά
569 2119 802 2156 καθωρμίσθημεν,
822 2122 868 2146 καὶ

62 2164 129 2200 πρὸς
148 2163 178 2188 τὸ
208 2161 377 2199 εὐθυμότερον
411 2161 487 2192 εὐθὺς
513 2161 674 2199 ἕπανῄειμεν,
703 2165 750 2189 καὶ
780 2164 867 2201 ὥσπερ

64 2205 161 2232 ἑαυτῶν
197 2205 366 2242 ἐγεγόνειμεν,
393 2206 418 2231 οἱ
445 2207 494 2243 πρὸ
517 2210 612 2244 μικροῦ
637 2205 737 2243 σχεδὸν
764 2207 868 2239 ἐξεστη-

65 2253 150 2285 κότες,
178 2252 224 2276 καὶ
253 2260 311 2277 τινα
344 2251 440 2288 τρόπον
465 2255 500 2286 τῷ
524 2252 664 2278 πεπονθότι
694 2253 869 2288 συμπάσχον-
886 2271 908 2299 D

66 2305 116 2326 τις,
130 2296 237 2322 Πάντων
259 2293 302 2322 οὖν
328 2294 410 2321 ἄλλων
443 2295 538 2322 αὐτίκα
561 2296 719 2333 ἠλογηκότες
742 2297 814 2334 παρά
841 2307 868 2333 γι

67 2343 98 2376 τῇ
131 2343 201 2376 σορῷ
231 2343 278 2371 τῆς
306 2339 397 2376 Ἀγίας
428 2341 562 2377 γινόμεθα,
589 2343 634 2368 καὶ
664 2341 806 2378 ῥιπτοῦμεν
831 2340 870 2368 ἕπ¹

69 2383 180 2421 ἰδάφους
205 2383 283 2410 αὐτόν
298 2394 305 2401 ·
322 2387 368 2410 καὶ
393 2385 406 2410 ὁ
425 2387 548 2422 νεωκόρος
576 2389 624 2417 τῆς
649 2385 762 2412 κιϐωτοῦ
777 2387 820 2412 τὸν
837 2387 870 2412 ἱε-

68 2430 113 2466 ρὸν
136 2428 272 2465 ἐξενεγκὼν
291 2429 434 2467 θησαυρὸν,
463 2431 507 2456 τὸν
534 2430 620 2460 ζῶντα
641 2433 701 2461 ταῖς
731 2429 870 2468 ἐνεργείαις

69 2475 146 2504 ὅντως
175 2475 274 2511 νεκρὸν,
298 2473 348 2509 ὅλῳ
371 2473 536 2512 ἔπιστηρίζει
559 2478 595 2510 τῷ
621 2478 732 2511 σώματι,
760 2474 870 2512 κεφαλῆς

69 2518 151 2550 αὐτῆς
169 2517 356 2554 ἀπαρξάμενος,
382 2521 454 2556 χρίει
466 2528 493 2545 τε
533 2519 617 2546 λαϐὼν
640 2520 723 2546 ἴλαιον
745 2524 790 2550 τῆς
818 2531 870 2557 φω-

69 2566 190 2599 ταγωγοῦ
217 2561 394 2601 σταυροειδῶς
417 2562 485 2599 τῷδε
510 2566 539 2590 τὸ
561 2567 712 2601 πρόσωπον,
741 2567 786 2591 καὶ
806 2567 870 2602 πρός

70 2615 98 2643 γε
125 2609 218 2645 στέρνα
242 2617 269 2634 τι
296 2610 341 2634 καὶ
377 2609 531 2645 μετάφρενα.
564 2611 614 2636 Καὶ
643 2609 687 2645 (ὢν
718 2610 870 2646 θαυμασίων

72 2655 138 2678 Θεοῦ
152 2651 158 2679 l
174 2650 294 2685 ὢδόξης,
309 2652 338 2683 ἧς
364 2651 518 2682 ἀπήλαυσαν
540 2653 630 2690 ψυχαὶ
658 2655 724 2690 μετὰ
744 2655 871 2690 σωμάτων

73 2696 287 2733 ὕπεραθλήσασαι
305 2700 352 2723 τοῦ
367 2701 443 2731 Θεοῦ,
458 2698 549 2734 ψυχαὶ
562 2700 631 2725 κατὰ
655 2700 720 2725 Θεὸν
734 2701 787 2728 τοῖς
818 2701 871 2724 σώ-

75 2750 140 2776 μασι
173 2741 372 2778 σνμϐιὼσασαι)
397 2743 431 2773 ὡς
459 2741 535 2770 οὐδὲν
553 2744 696 2777 πεπονθὼς,
721 2743 753 2773 ὡς
768 2743 872 2770 οὔποτέ

75 2794 100 2812 τι
130 2786 384 2824 παραφθεγξάμενος,
407 2785 475 2824 ἇξῄει
503 2788 592 2826 ῥώμης
616 2785 644 2815 εὖ
664 2788 732 2824 ἶχων
751 2789 797 2814 καὶ
821 2791 872 2813 τῶν

957 1897 1000 1924 40.
1022 1895 1086 1923 Non
1100 1893 1190 1929 igitur
1204 1892 1319 1928 absque
1328 1890 1444 1919 ratione
1457 1889 1656 1926 angebamur,
1672 1896 1748 1925 quo-

921 1939 1014 1969 modo
1033 1947 1048 1967 e
1065 1941 1125 1967 tam
1142 1937 1250 1973 grandi
1265 1935 1346 1964 malo
1360 1935 1561 1963 eximeremus
1574 1933 1749 1962 adolescen-

921 1987 992 2019 tem,
1010 1985 1039 2011 et
1051 1991 1107 2011 nos
1117 1982 1200 2018 ipsos
1215 1988 1342 2009 maerore
1357 1982 1385 2008 et
1402 1979 1599 2008 sollicitudine
1609 1978 1749 2007 liberare-

921 2037 1000 2057 mus.
1008 2028 1060 2056 Vix
1073 2029 1173 2055 autem
1185 2034 1220 2054 ea
1226 2034 1294 2062 quae
1302 2026 1329 2054 S.
1340 2023 1750 2060 Theodosiaquotidiepatrat

922 2072 1112 2105 admiranda,
1124 2078 1312 2107 caperemus
1323 2072 1421 2098 mente
1433 2068 1593 2101 revolvere,
1605 2075 1673 2095 cum
1681 2074 1750 2094 ecce

922 2117 1010 2154 quasi
1020 2125 1056 2145 ex
1067 2117 1245 2152 tempestate
1256 2114 1346 2142 delati
1357 2114 1387 2142 in
1398 2115 1529 2150 portum,
1543 2112 1662 2140 animos
1680 2118 1751 2139 con-

922 2163 1007 2190 tinuo
1015 2162 1146 2196 majores
1153 2160 1346 2196 sumpsimus,
1356 2161 1385 2186 et
1394 2158 1483 2186 nobis
1494 2157 1582 2185 veluti
1590 2156 1750 2192 derepente

925 2215 1032 2235 sumus
1047 2205 1164 2241 redditi,
1172 2204 1225 2241 qui
1238 2204 1329 2240 paulo
1340 2206 1409 2231 ante
1425 2202 1539 2230 consilii
1549 2202 1656 2238 inopes
1667 2203 1751 2229 extra

923 2259 980 2280 nos
1003 2251 1086 2288 ipsos
1106 2249 1313 2282 versabamur,
1339 2249 1366 2276 et
1382 2247 1489 2276 iisdem
1509 2245 1748 2283 quodammodo,

924 2295 1035 2333 quibus
1046 2294 1232 2325 adolescens,
1246 2292 1496 2321 excruciabamur
1504 2291 1670 2319 doloribus.
1682 2291 1751 2318 0m-

924 2341 974 2369 nia
993 2340 1082 2375 igitur
1097 2338 1157 2367 alia.
1171 2341 1359 2375 seponentes,
1378 2337 1417 2365 ad
1437 2337 1552 2365 Sanctae
1576 2334 1749 2372 sepulcrum

924 2385 1089 2422 pergimus,
1103 2384 1264 2420 ipsumque
1279 2383 1310 2410 in
1321 2381 1423 2418 templi
1438 2381 1610 2418 pavimento
1625 2380 1754 2409 colloca-

924 2438 1002 2458 mus.
1024 2430 1098 2458 Tum
1116 2427 1244 2456 aedituus
1255 2435 1375 2455 sacrum
1391 2434 1406 2454 e
1418 2425 1752 2462 lipsanothecathesau-

925 2483 993 2503 rum
1005 2480 1154 2510 promere,
1170 2471 1266 2508 iisque
1281 2471 1426 2505 hominis,
1451 2469 1592 2506 spirantis
1615 2468 1752 2505 quidem,

925 2518 979 2547 sed
1001 2525 1092 2555 quem
1114 2517 1154 2545 ob
1174 2517 1274 2544 virum
1290 2514 1473 2544 naturalium
1494 2513 1643 2542 defectum
1662 2513 1752 2540 inter-

926 2565 1079 2592 mortuum
1095 2561 1284 2595 aestimasses,
1306 2563 1401 2588 totum
1416 2567 1526 2595 corpus
1547 2558 1675 2592 signare,
1696 2557 1752 2585 ini-

926 2608 1000 2637 tium
1015 2615 1033 2635 a
1047 2607 1143 2643 capite
1153 2606 1276 2639 ducens,
1293 2605 1420 2641 oleoque
1438 2611 1454 2632 e
1465 2602 1607 2639 lampade
1628 2603 1752 2638 accepto

926 2653 956 2681 in
967 2652 1092 2680 modum
1102 2651 1198 2680 crucis
1206 2650 1456 2686 vultum,pectus,
1468 2656 1504 2677 ac
1514 2648 1638 2676 dorsum
1649 2647 1753 2682 jacen-

926 2697 963 2725 tis
975 2696 1117 2725 oblinere.
1135 2697 1208 2724 Ecce
1224 2697 1324 2723 autem
1337 2699 1367 2727 (ο
1379 2692 1560 2722 admiranda
1572 2692 1621 2720 Dei
1637 2699 1729 2728 opera
1743 2691 1751 2718 ι

927 2750 944 2771 o
961 2741 1062 2777 gloria
1077 2740 1203 2776 insignis
1215 2739 1464 2775 magnitudinem,
1481 2746 1542 2775 qua
1557 2737 1588 2766 in
1599 2737 1675 2766 caelo
1685 2744 1753 2774 per-

927 2786 1067 2816 fruuntur
1079 2786 1199 2820 animae,
1211 2793 1280 2822 qua
1293 2785 1344 2814 Dei
1358 2792 1451 2814 causa
1461 2784 1493 2813 in
1505 2782 1682 2820 corporibus
1692 2789 1754 2811 cer-
