1970 3082
240 68 288 94 931

844 59 1075 89 CONSTANTlNl
1098 59 1327 89 ACROPOLITIE

1883 62 1933 88 93‘!

238 115 495 152 taverunt,animae
502 122 570 150 quae
579 114 745 143 secundum
756 115 849 142 Deum
855 113 1066 142 vixeruntcum

1126 118 1219 149 φρῦῶν
1243 112 1414 149 ἀπρόσκοπτα
1446 113 1551 149 ὁμιλῶν,
1581 117 1625 141 καὶ
1652 118 1702 140 τῶν
1728 114 1884 150 λεγομένων
1914 114 1934 139 ὸ

236 160 424 197 corporibus)
443 158 531 195 quasi
550 158 623 186 nihil
647 166 782 195 unquam
801 158 872 186 mali
893 165 1065 194 perpessus.

237 213 337 241 neque
361 203 474 240 aliquid
496 204 604 238 praeter
622 203 768 231 rationem
787 202 914 233 locutus,
941 201 1065 236 integris

238 249 373 285 corporis
398 256 433 276 ac
456 247 564 275 mentis
592 247 785 276 facultatibus
805 246 904 279 exivit,
931 245 1065 282 expedite

236 293 373 330 loquens,
390 294 419 320 et
428 300 464 320 ea
476 299 544 327 quae
558 291 739 328 loquebatur
759 291 935 326 intelligens.
955 290 1064 318 Omitto

1124 160 1225 184 συνέσει
1251 159 1392 193 γινόμενος.
1428 157 1476 183 Ἐῶ
1505 159 1555 194 γὰρ
1585 160 1618 189 ὡς
1643 161 1687 185 καὶ
1713 162 1867 196 προκόπτει
1909 168 1934 183 τι

1122 201 1172 228 ἀπό
1187 199 1265 228 τοῦδε
1280 201 1332 237 οὐχ
1352 201 1428 230 ἧττον
1454 201 1470 231 ἣ
1499 206 1530 238 τῇ
1554 202 1645 239 ἡλικίᾳ
1671 203 1799 239 ψυχικοῖς
1831 212 1863 228 τε
1894 213 1935 228 ιιι

1121 250 1279 282 σωματικοῖς
1308 248 1511 283 προτερήμασιν·
1540 248 1553 272 ὃ
1581 248 1650 278 θείας
1686 252 1774 284 σαφῶς
1819 249 1936 273 ἐπισκο-

1118 295 1168 321 πῆς
1192 292 1305 326 ἥγημαι,
1338 290 1351 316 ὁ
1378 291 1496 326 μείζονος
1529 292 1741 329 θαυματουργίας
1767 292 1934 327 λογίζομαι.

236 338 334 366 dicere
346 338 494 374 quantum
511 344 547 364 ex
559 343 595 364 eo
608 337 743 372 tempore
757 335 924 372 profecerit,
941 342 1002 363 non
1017 334 1117 363 minus
1131 342 1224 371 quam
1238 337 1335 370 aetate,
1359 335 1480 371 spiritus
1501 337 1530 364 et
1544 337 1678 373 corporis
1693 335 1936 373 praerogativis;

237 382 321 420 quod
333 390 389 417 ego
399 380 531 417 profecto
543 380 686 415 singulari
701 380 830 417 cuipiam
846 380 897 408 Dei
910 387 981 414 erga
997 379 1090 412 illum,
1106 379 1300 415 providentia!
1311 379 1483 415 attribuere,
1493 380 1552 408 hoc
1565 381 1690 409 minoris
1703 380 1852 409 miraculi
1869 379 1938 408 loco

236 427 347 456 habere
359 425 431 454 mihi
449 433 538 462 posse
554 424 668 453 videor.

272 514 317 541 44.
331 512 388 540 Sed
403 519 501 547 neque
517 510 608 546 aliud,
621 510 704 547 quod
719 510 826 538 eadem
842 509 954 538 Sancta
973 508 1068 538 admi-

236 557 368 586 randum
384 556 458 584 mihi
471 555 653 584 beneﬁcium
677 555 823 591 prmstitit,
849 554 968 583 silentio
993 554 1066 584 duxi

236 601 534 639 prmtermittendum.
550 602 623 628 Ante
636 607 697 628 non
707 599 851 634 exiguum
865 601 985 635 tempus
995 606 1064 626 crus

237 647 309 676 mihi
323 647 378 674 fuit
392 646 476 674 valde
492 645 630 673 aﬁ‘ectum
661 653 698 673 ex
712 644 834 673 vulnere
849 645 930 681 quod
942 644 1064 672 recalci-

237 695 317 720 trans
331 699 427 728 equus
441 690 616 726 impegerat,
629 697 682 718 nec
690 689 793 724 magni
803 689 860 717 sub
870 689 986 717 initium
999 697 1062 717 esse

235 735 394 764 videbatur
403 735 557 763 momenti.
570 734 733 770 Postquam
745 736 846 762 autem
856 736 987 770 quatuor
996 741 1061 762 om-

236 781 309 809 nino
325 780 418 816 elapsi
429 782 514 808 erant
539 779 613 812 dies,
637 778 792 807 doloribus
807 786 972 814 oppressus
993 786 1061 806 sum

1116 774 1170 800 ἀλλ¹
1185 775 1227 801 ἐπὶ
1243 779 1361 811 σφυροῖς,
1379 774 1420 802 ἐπὶ
1436 774 1586 809 δακτύλοις,
1603 775 1640 812 ἐφ’
1667 776 1716 812 ὅλῳ
1744 780 1780 811 τῷ

236 833 297 853 non
304 824 443 858 ferendis,
451 831 512 851 non
519 831 554 851 ea
560 823 656 851 solum
663 830 723 859 qua
734 822 822 850 lassus
833 830 915 850 eram
926 822 1059 858 corporis

236 871 330 906 parte,
347 869 399 897 sed
422 869 484 897 ima
503 868 594 896 etiam
611 867 697 904 pedis
730 866 834 904 planta
857 867 969 902 digitis,
987 866 1059 896 talo.

235 914 366 942 Pessime
389 913 479 949 igitur
493 912 566 941 mihi
586 912 637 940 diu
662 914 742 940 erat:
770 919 900 948 cumque
913 911 1000 939 dolor
1011 911 1058 939 ille

235 958 371 987 nonnihil
380 958 520 986 leniretur
538 956 743 985 claudicabam
750 958 850 985 tamen
858 956 1056 989 vehementer,

235 1011 289 1032 nec
305 1003 368 1031 sine
381 1010 493 1038 magna
504 1001 642 1030 molestia
650 1001 757 1029 affecto
768 1008 852 1028 crure
860 1000 911 1028 niti
922 1002 1058 1036 poteram

235 1049 315 1076 Duos
330 1048 359 1075 in
375 1047 431 1075 isto
447 1047 579 1075 cruciatu
594 1053 674 1074 anno
699 1053 868 1079 exegeram,
889 1044 971 1072 nullo
986 1044 1058 1072 mali

234 1092 317 1129 quod
324 1090 769 1128 patiebarlevamine,annisque
775 1089 916 1125 deinceps
922 1088 1056 1124 singulis,

235 1135 496 1172 quemadmodum
512 1134 715 1170 certiquidem
735 1133 834 1162 morbi
854 1134 941 1161 certis
957 1141 1057 1161 recur-

235 1188 299 1208 rere
309 1180 403 1208 solent
412 1179 598 1215 temporibus
603 1201 610 1213 ,
619 1178 731 1215 pedum
737 1186 858 1214 quoque
865 1186 1001 1206 meorum
1008 1177 1059 1206 ἀοι

234 1224 280 1252 lor
290 1223 485 1251 increscebat.
501 1225 542 1250 Ac
559 1230 678 1251 rursum
693 1221 776 1250 haud
790 1222 831 1250 ita
845 1222 974 1250 multum
991 1224 1060 1259 post

234 1267 390 1304 temporis,
401 1267 474 1296 anni
488 1267 576 1295 unius
590 1267 686 1303 spatio
703 1266 749 1294 bis
761 1268 840 1294 terve
854 1266 935 1294 idem
949 1274 997 1294 me
1015 1268 1058 1294 te-

234 1313 325 1341 nebat
345 1312 471 1340 malum.
488 1313 578 1340 Metus
593 1313 665 1345 erat,
692 1319 730 1339 ne
754 1313 904 1339 crescente
920 1313 1004 1339 aetate
1016 1311 1060 1339 in-

234 1358 420 1385 crementum
431 1355 542 1392 pariter
550 1355 668 1383 dolores
679 1355 856 1392 acciperent.
868 1355 923 1390 (Fit
932 1355 1012 1383 enim
1023 1363 1058 1384 ex

234 1401 434 1430 immoderato
444 1400 578 1437 quadam
589 1400 655 1428 vitm
668 1407 781 1432 amore,
791 1403 822 1428 ut
833 1401 1059 1436 omnespassim

1156 508 1209 545 μα’·
1230 508 1300 537 Ἀλλ’
1320 506 1383 536 οὐδε
1407 510 1438 535 τὸ
1463 508 1504 536 ἄπ’
1532 509 1589 546 ὶμοὶ
1621 507 1860 547 παραδραμοῡμαι
1888 515 1938 539 τῆς

1119 552 1210 589 ’Δγίας
1233 555 1377 591 τεράστιόν.
1408 553 1541 590 Ἐπλήγην
1566 552 1639 581 πόδα
1661 556 1704 580 τόν
1747 552 1842 586 δεξιόν
1884 556 1935 591 πρὸ

1118 600 1221 633 χρόνων
1234 598 1274 624 ὅτι
1285 599 1430 633 captivi)
1457 597 1487 625 δὲ
1511 598 1612 635 πληγή,
1640 600 1719 629 ἵππος
1747 598 1791 625 ἐπὶ
1827 601 1934 635 κνήμης

1117 641 1165 673 λὰξ
1179 641 1281 677 ἔτυψεν,
1298 642 1311 668 ὃ
1331 644 1395 678 πρὸς
1417 644 1446 669 τό
1474 645 1557 680 παρόν
1581 643 1797 681 εὖπεριφρόνητον
1827 641 1932 675 ἔδοξε-ι,

1117 685 1180 712 ἀλλά
1204 696 1248 722 μοι
1273 687 1338 723 μετὰ
1363 689 1409 716 τὴν
1433 688 1557 724 τετάρτην
1584 685 1677 714 ὀδύναι
1711 690 1874 723 γεγόνεισοα
1891 689 1932 713 οὑ-

1117 729 1254 757 δοπωσοῦν
1265 733 1386 768 φορηταὶ,
1415 732 1462 758 οὐκ
1490 731 1527 768 ἐφ’
1604 742 1634 767 γε
1661 731 1812 767 ὶπεπλήγην
1840 734 1929 769 μέρει,

1832 781 1931 813 ταρσῷ

1114 822 1158 845 καὶ
1177 823 1214 855 τῷ
1232 819 1353 853 πίλματι-
1369 819 1417 846 Ἦν
1433 818 1476 846 οὖν
1499 822 1617 857 πονήρως
1645 821 1713 856 ἒχων
1739 820 1778 857 ἐφ’
1809 822 1928 856 ίκᾶναῖς,

1113 865 1158 889 καὶ
1188 867 1234 890 τοῦ
1257 864 1357 894 πάθους
1385 863 1561 900 λωφήσαντος,
1597 864 1721 900 χωλεύων
1763 862 1843 895 αὖθις
1887 866 1927 891 ἐπὶ

1113 907 1189 941 πολὺ,
1218 910 1262 934 καὶ
1287 908 1334 934 οὐκ
1362 908 1389 934 εὖ
1433 907 1665 946 ἐπιστηριζόμενος
1707 912 1742 944 τῷ
1778 910 1927 936 πεπονθότι

1112 950 1185 979 ποδί.
1202 953 1251 979 Δύο
1265 956 1315 978 τῶν
1327 951 1448 979 ἐνιαυτῶν
1475 953 1670 990 παρερῥύήσαν,
1698 956 1742 980 καὶ
1768 952 1846 980 πόδα
1885 956 1927 982 τὸν

1112 996 1190 1023 αὐτόν
1203 996 1320 1033 ἤλγησα,
1343 999 1388 1023 καὶ
1409 1000 1455 1023 τοῦ
1478 996 1570 1024 λοιποῦ
1599 1007 1644 1033 μοι
1671 997 1728 1024 κατ’
1753 998 1809 1029 ἔτος
1834 1000 1872 1029 ὥς
1902 1007 1928 1024 τι

1112 1045 1162 1067 τῶν
1185 1040 1211 1067 ἐι
1235 1039 1360 1079 περιόδου
1389 1041 1512 1073 ξυναντᾶν
1546 1041 1671 1068 εἰωθότων
1703 1043 1866 1079 νοσημάτων
1898 1045 1927 1069 τό

1113 1091 1163 1113 τῶν
1175 1085 1264 1113 ποδῶν
1288 1087 1368 1123 ἄλγός
1391 1086 1544 1116 ἁνίσκηπτε,
1575 1089 1648 1114 Μετὰ
1679 1086 1708 1114 δι
1737 1091 1859 1125 χρόνους
1897 1088 1927 1114 οὔ

1112 1132 1180 1158 πάνυ
1190 1131 1300 1162 πολλοὺς
1316 1129 1358 1163 δις
1373 1135 1419 1158 τοῦ
1448 1133 1520 1163 ἔτους
1553 1132 1684 1163 ξυνέϐαινί
1706 1142 1752 1169 μοι
1779 1135 1809 1159 τό
1833 1134 1923 1163 πάθος

1112 1178 1157 1202 καὶ
1171 1178 1237 1214 τρίς.
1253 1178 1303 1203 Καί
1320 1185 1365 1212 μοι
1376 1174 1434 1207 δέος
1469 1176 1553 1206 εἰσήει
1576 1178 1654 1211 ἔνθεν,
1674 1180 1710 1213 μή
1734 1187 1790 1209 πως
1816 1179 1927 1215 προίόν-

1112 1229 1157 1251 τος
1175 1224 1222 1247 τοῦ
1241 1223 1339 1258 χρόνον
1367 1223 1412 1247 καὶ
1436 1225 1482 1247 τοῦ
1509 1225 1591 1248 κακοῦ
1617 1221 1656 1257 (ἐκ
1681 1223 1732 1260 γὰρ
1764 1222 1923 1258 φιλοζωίας,

1113 1262 1198 1301 οἶμαι,
1224 1267 1275 1296 πᾶς
1303 1274 1344 1296 τις
1370 1267 1404 1295 ὡς
1429 1266 1502 1301 κάγὼ
1532 1265 1690 1302 φαντάζεται
1721 1268 1748 1292 τὸ
1775 1266 1925 1303 μσαρόϐιον

1112 1309 1267 1346 καὶμᾶλλον
1283 1309 1304 1336 εἰ
1318 1309 1374 1336 κατ’
1397 1308 1440 1346 ἔμε
1463 1312 1650 1347 προστετηκὼς
1676 1311 1714 1340 εἴη
1735 1315 1790 1341 τοῖς
1819 1313 1924 1347 γητνοις

1112 1352 1204 1380 τοισδε
1218 1357 1263 1380 καὶ
1286 1353 1398 1383 κηλουσι
1424 1356 1469 1383 τὴν
1497 1355 1635 1390 αισθησιν)
1659 1365 1666 1372 ·
1695 1354 1772 1391 φόϐος
1799 1357 1849 1382 οὑν
1879 1365 1924 1391 μοι

1112 1401 1212 1435 γεγόνει
1242 1401 1278 1435 μὴ
1319 1399 1414 1436 χεῖράς
1444 1409 1471 1425 τε
1502 1399 1679 1437 παραλυθείην
1705 1402 1750 1426 καὶ
1776 1399 1879 1435 πόδας,
1906 1402 1920 1429 ἦ

233 1446 382 1480 homines,
394 1453 429 1474 ac
445 1453 501 1481 ego
516 1445 674 1481 imprimis,
686 1445 797 1473 multos
808 1444 857 1472 hic
874 1444 962 1473 nobis
973 1444 1060 1481 polli-

1113 1445 1157 1470 καὶ
1183 1445 1212 1469 τό
1244 1445 1348 1480 σύμπαν
1375 1443 1576 1481 ἔξαρθρωθειην,
1610 1447 1655 1471 καὶ
1690 1444 1815 1476 καθάπαξ
1842 1455 1922 1471 κατα·

233 1496 355 1517 ceamur
367 1496 473 1522 annos,
492 1488 583 1524 idque
598 1488 773 1524 praesertim,
790 1487 814 1515 si
830 1487 889 1515 mei
907 1487 946 1515 ad
964 1487 1060 1516 instar

232 1533 317 1562 vanis
327 1532 433 1562 mundi
442 1533 534 1568 hujus
543 1532 643 1566 rebus,
653 1534 795 1560 etsensus
802 1534 921 1560 nostros
931 1531 1058 1560 nimium

233 1579 271 1608 ad
282 1587 313 1607 se
323 1578 521 1615 rapientibus,
536 1577 674 1606 addictus
689 1578 749 1613 sit.)
763 1579 854 1606 Metus
874 1577 963 1612 igitur
984 1577 1058 1605 mihi

233 1625 350 1658 erat,ne
357 1623 500 1652 manibus
517 1623 707 1659 pedibusque
723 1630 758 1650 ac
765 1624 825 1650 toto
832 1622 922 1650 etiam
933 1629 1058 1658 corpore

1115 1490 1208 1517 σταίην
1227 1487 1385 1519 κλινοπετής.
1412 1488 1470 1515 Ἐπὶ
1499 1486 1528 1515 δὲ
1548 1488 1643 1525 μᾶλλον
1672 1488 1779 1526 ἐφόϐουν
1813 1491 1841 1516 oi
1872 1494 1921 1516 τῶν

1114 1532 1208 1570 ὶατρων
1228 1531 1411 1570 δοκιμώτεροι,
1437 1533 1553 1564 ξυνήθεις
1580 1535 1648 1565 ὄντες
1667 1533 1723 1570 ἐμοὶ
1737 1536 1783 1561 καὶ
1813 1534 1924 1564 ἡλικιῶε

1112 1587 1165 1611 ται,
1182 1576 1265 1614 μηδέν
1283 1588 1338 1609 πως
1359 1578 1463 1614 ἰσχύειν
1477 1580 1543 1617 πρὸς
1562 1580 1609 1608 τὴν
1635 1581 1710 1606 νόσον
1740 1581 1787 1609 τὴν
1820 1582 1922 1616 τεχνῑν

1112 1622 1326 1660 ἰσχυριζόμενοι.

230 1667 362 1705 paralysi
378 1667 542 1700 dissolutis,
565 1667 674 1695 afﬁxus
689 1667 812 1695 omnino
828 1667 904 1695 lecto
918 1667 1075 1694 haererem.
1087 1667 1146 1703 lpsi
1156 1667 1279 1703 insuper
1291 1667 1476 1696 medicorum
1489 1668 1741 1704 praestantissimi,
1757 1668 1809 1705 qui
1825 1669 1920 1698 mori-

230 1712 288 1741 bus
303 1715 423 1741 etaatate
435 1714 463 1740 et
481 1711 697 1740 consuetudine
712 1711 867 1747 propiores
878 1710 950 1739 mihi
959 1713 1053 1745 erant,
1069 1719 1131 1740 non
1145 1711 1254 1748 exiguo
1268 1711 1446 1740 tenebantur
1458 1714 1550 1747 metu,
1564 1720 1635 1741 cum
1649 1712 1751 1741 nullus
1767 1713 1840 1742 artis
1855 1721 1921 1742 me-

231 1757 305 1785 dicae
321 1759 447 1786 conatus
463 1758 623 1784 adversum
638 1755 713 1784 mala
723 1762 791 1784 mea
805 1755 970 1791 quidquam
985 1755 1096 1784 valeret
1108 1755 1234 1784 efﬁcere.

230 1830 275 1857 43.
292 1828 398 1861 Qualia
409 1828 499 1863 igitur
512 1835 637 1864 passum
652 1834 701 1854 me
722 1826 908 1859 credis,cum
919 1820 989 1855 inde
1008 1835 1056 1855 ve-

230 1876 310 1902 tarer
322 1875 496 1910 exspectare
512 1871 647 1905 meliora,
672 1871 753 1899 unde
767 1874 847 1899 certo
871 1871 944 1900 mihi
968 1872 1055 1908 adju-

230 1918 287 1947 turi
302 1918 403 1947 auxilii
416 1925 486 1953 spes
500 1915 599 1944 omnis
612 1915 707 1943 fuerat
721 1916 735 1943 ‘I
763 1917 828 1944 Jam
840 1916 959 1945 animos
975 1916 1057 1952 abje-

230 1970 341 1996 ceram,
349 1965 376 1989 et
384 1961 468 1997 quod
474 1967 662 1996 consequens
671 1962 724 1996 est,
733 1960 841 1989 inerter
851 1961 1035 1996 languebam
1047 1969 1054 1995 ;

229 2006 362 2044 quando,
381 2005 548 2034 secundum
561 2004 733 2034 Davidicam
745 2005 924 2041 doctrinam,
939 2013 1056 2034 memor

229 2051 272 2080 fui
285 2051 346 2087 Dei,
358 2052 513 2087 etrepente
524 2049 762 2078 delectatussum
776 2059 784 2086 ,-
809 2052 840 2078 In
851 2050 918 2087 ipso
930 2050 1053 2087 quippe,

1144 1826 1203 1863 μβ’.
1223 1829 1255 1854 Τί
1266 1831 1329 1863 γοῦν
1357 1827 1513 1864 ἐπεπόνθειν,
1531 1828 1588 1855 ὅθεν
1601 1837 1647 1865 μοι
1676 1827 1713 1856 δι’
1729 1827 1836 1860 ἐλπίδος
1852 1828 1887 1859 ἦν
1902 1831 1915 1858 ἠ

1110 1870 1232 1908 βοήθεια,
1253 1872 1336 1898 λαϐὼν
1355 1871 1449 1899 ἔκεῖθεν
1477 1874 1525 1902 τὴν
1553 1872 1731 1911 ἀπαγόρευσιν
1757 1882 1764 1907 ;
1799 1874 1917 1911 ’Δθνμίᾳ

1109 1917 1285 1952 κατεσχίθην,
1302 1918 1348 1943 καὶ
1367 1918 1402 1948 ὡς
1423 1918 1453 1943 τὸ
1469 1917 1534 1948 εἰκός
1565 1916 1705 1947 ἠκηδίασα
1724 1929 1731 1935 ·
1762 1917 1816 1945 ἀλλ’
1837 1918 1916 1955 ἐμνή-

1111 1961 1176 1990 σθην
1190 1961 1257 1987 κατὰ
1276 1963 1320 1990 τὴν
1343 1959 1488 1991 Δαυῑδικὴν
1515 1962 1654 1998 εἰσήγησιν
1682 1966 1729 1989 τοῦ
1759 1967 1839 1998 Θεοῦ,
1872 1965 1916 1990 καὶ

1111 2003 1242 2042 θυμηδίας
1256 2005 1389 2035 ἂπλήσθην
1405 2006 1491 2036 εὐθύς,
1516 2006 1556 2033 Ἐν
1583 2008 1634 2044 γάρ
1668 2007 1749 2043 αὐτῷ,
1787 2010 1833 2034 καὶ
1860 2010 1913 2045 γὰρ

1110 2051 1181 2086 ἔφην,
1199 2050 1221 2076 εἰ
1239 2052 1284 2077 καὶ
1315 2051 1330 2080 ἡ
1348 2052 1425 2082 νόσος
1458 2051 1560 2088 ἰσχυρὰ
1578 2053 1624 2078 καὶ
1643 2053 1690 2081 τὴν
1718 2054 1815 2088 τέχνην
1843 2056 1915 2088 νικᾷ,

230 2096 360 2130 aiebam,
373 2096 426 2123 etsi
445 2094 648 2122 validissimus
673 2094 710 2122 sit
732 2102 793 2131 quo
808 2095 913 2124 laboro
928 2095 1053 2123 morbus

1113 2093 1164 2120 ἀλλ’
1188 2096 1332 2124 ἡττήσεται
1358 2099 1406 2126 τῆς
1431 2098 1559 2132 κραταιᾶς
1587 2095 1680 2132 ἰσχύος
1695 2098 1758 2123 Θεοῦ
1777 2107 1783 2113 -
1800 2097 1833 2127 ὡς
1862 2099 1913 2133 γὰρ

230 2143 256 2169 et
269 2140 352 2169 omni
363 2139 547 2168 medentium
562 2141 623 2168 arte
638 2139 783 2176 superior,
791 2142 923 2169 attamen
937 2139 1049 2176 potenti

227 2185 307 2213 illius
322 2184 428 2213 virtute
440 2184 622 2213 domabitur.
635 2185 729 2214 Simul
737 2186 815 2213 enim
831 2187 921 2221 atque
932 2185 1055 2213 ﬁrmiter

227 2229 348 2258 credere
364 2231 393 2257 et
413 2236 533 2265 sperare
551 2229 580 2258 in
604 2230 706 2264 ipsum
727 2230 895 2263 statuimus,
912 2229 1054 2259 continuo

227 2281 296 2310 quae
311 2273 375 2302 ﬁeri
389 2281 477 2310 posse
488 2281 548 2302 non
566 2273 756 2308 videbantur,
777 2273 837 2301 Deo
861 2272 938 2300 ﬁunt
959 2272 1055 2309 possi-

227 2318 309 2352 bilia,
327 2326 382 2347 nec
398 2319 614 2355 estquidquam
629 2318 712 2355 quod
722 2318 857 2346 divinam
870 2317 935 2353 ejus
949 2320 1053 2354 poten-

227 2363 301 2391 tiam
313 2365 443 2400 superet.
459 2365 491 2392 lu
499 2363 680 2392 memoriam
690 2369 811 2398 quoque
818 2369 958 2390 revocare
965 2363 1053 2398 ccepi,

226 2408 383 2444 quomodo
398 2408 561 2444 purissima
585 2408 636 2436 Dei
653 2408 753 2440 Mater,
768 2413 867 2434 rerum
883 2408 1053 2434 nostrarum

225 2452 358 2489 quotidie
372 2452 454 2481 haud
464 2461 573 2490 parum
587 2450 880 2486 satagens.divinam
892 2458 946 2487 pro
956 2451 1053 2479 omni-

225 2497 284 2526 bus
303 2498 541 2527 misericordiam
555 2496 716 2532 implorare
728 2503 789 2524 non
807 2498 911 2524 cesset.
927 2497 1052 2524 Sanctos

225 2550 349 2580 quoque
362 2543 429 2571 illos
441 2541 569 2577 cogitavi
583 2549 617 2569 ac
631 2542 762 2573 sanctas,
785 2540 895 2577 quibus
917 2540 956 2569 ab
975 2540 1053 2569 altis-

225 2587 302 2615 simo
317 2587 349 2615 in
364 2587 446 2616 caelis
462 2588 522 2614 Deo
536 2587 652 2614 tantum
667 2584 716 2613 hic
733 2585 834 2620 gratiae
858 2585 913 2613 fuit
933 2593 1053 2614 conces-

226 2639 305 2666 sum,
313 2634 345 2660 ut
355 2630 539 2660 insanabiles
551 2637 656 2658 curare
667 2629 790 2657 morbos
796 2631 825 2658 et
844 2630 930 2658 malis
945 2630 1052 2658 imme-

225 2675 406 2704 dicabilibus
432 2674 545 2703 mederi
571 2676 714 2711 possent:
750 2674 932 2702 Demetrium
971 2674 1050 2711 dico,

226 2718 305 2748 illum
311 2721 387 2750 inter
393 2722 534 2757 martyres
540 2718 770 2755 celeberrimum,
776 2726 831 2748 nec
837 2727 898 2749 non
911 2727 998 2755 magn
1003 2728 1051 2748 um

1108 2140 1326 2176 πεπιστεύκαμεν,
1365 2141 1410 2166 καὶ
1435 2140 1468 2166 τὰ
1492 2138 1609 2167 ἀδύνατα
1642 2144 1699 2176 Θεῷ
1727 2139 1837 2175 δυνατὰ,
1870 2143 1914 2168 καὶ

1108 2182 1183 2210 οὐδὲν
1198 2184 1212 2210 ὅ
1226 2193 1251 2210 τι
1263 2188 1308 2214 τῆς
1323 2184 1403 2210 αὐτοῦ
1423 2182 1558 2221 δυνάμεως
1590 2185 1780 2222 ὑπερκείσεται.
1809 2188 1860 2213 Καὶ
1886 2195 1913 2222 γε

1108 2227 1292 2265 ἔνενοησάμην,
1321 2229 1389 2260 ὅπως
1421 2238 1449 2255 τε
1483 2229 1499 2257 ἡ
1539 2229 1668 2265 πάναγνος
1707 2229 1788 2256 αὐτοῦ
1815 2232 1912 2268 Μήτηρ

1107 2277 1180 2309 κοινῇ
1208 2282 1236 2299 τε
1273 2275 1317 2300 καὶ
1351 2274 1500 2300 καθέκαοτα
1527 2274 1600 2310 ἡμῶν
1633 2271 1777 2310 κηδομένη,
1811 2275 1913 2301 πάντων

1107 2318 1327 2355 ὑπερεντυγχάνει
1374 2316 1510 2348 διηνεκῶς.
1555 2317 1660 2354 Ἂγίους
1702 2328 1729 2345 τε
1757 2321 1803 2345 καὶ
1836 2319 1913 2355 ἁγίας

1108 2361 1308 2399 ἀνελογισάμην,
1323 2363 1360 2393 οἷς
1374 2364 1419 2389 καὶ
1445 2361 1511 2399 τῇδε
1535 2363 1619 2400 χάρις
1644 2364 1685 2389 ὃτι
1712 2365 1824 2400 μεγίστη
1851 2366 1913 2402 πρὸς

1106 2410 1152 2433 τοῦ
1178 2406 1202 2433 ἐν
1231 2406 1349 2444 οὐρανοῖς
1369 2405 1531 2438 δοξάσαντοε
1561 2405 1680 2443 δίδοται,
1714 2408 1747 2438 ὡς
1772 2411 1818 2434 καὶ
1842 2409 1913 2446 θερα-

1106 2452 1191 2478 πεύειν
1218 2450 1346 2482 ἀνήκεστα
1371 2453 1416 2478 καὶ
1449 2451 1541 2478 ἰᾶσθαι
1561 2451 1657 2478 ἀνίατα
1689 2450 1821 2479 δύνασθαι
1844 2463 1851 2470 υ
1866 2456 1913 2482 Δη-

1105 2498 1216 2532 μήτριόν
1239 2505 1306 2532 φημι
1317 2497 1361 2522 τὸν
1382 2496 1407 2522 ἐν
1435 2497 1553 2533 μάρτυσι
1583 2494 1735 2528 διαϐόητον,
1764 2498 1808 2523 τὸν
1830 2498 1913 2535 ἱεράρ-

1105 2550 1160 2577 χην
1173 2542 1254 2577 μέγαν
1273 2541 1410 2572 Νικόλαον,
1438 2538 1538 2567 Εὖπλον
1572 2541 1615 2567 τὸν
1641 2540 1770 2567 πολύτλαν
1796 2543 1842 2568 καὶ
1868 2545 1912 2568 τοῦ

1106 2585 1265 2622 Εὖαγγελίου
1276 2589 1313 2621 τῷ
1339 2587 1393 2612 ὅντε
1420 2583 1541 2611 διάκονον
1570 2596 1577 2602 ·
1607 2584 1649 2612 ἐπὶ
1677 2584 1707 2612 δε
1739 2587 1842 2616 τούτοις
1869 2589 1911 2613 καὶ

1105 2631 1170 2667 μετὰ
1187 2631 1286 2657 τούτων
1308 2632 1356 2660 τὴν
1371 2631 1446 2657 όσιαν
1465 2631 1563 2659 ταύτην
1591 2632 1637 2657 καὶ
1669 2631 1801 2667 μάρτυρα,
1832 2629 1861 2661 ἧς
1886 2630 1909 2657 ἓν

1104 2676 1223 2711 γειτόνων
1237 2675 1270 2701 ὢν
1293 2679 1324 2711 τῇ
1351 2678 1431 2713 σορῷ,
1461 2676 1508 2705 τὰς
1527 2675 1658 2713 ὁσημέραι
1689 2684 1717 2701 τε
1737 2677 1783 2701 καὶ
1811 2675 1908 2712 όσῶραι

1106 2721 1315 2758 θαυματουργίας
1343 2721 1385 2748 ἐπὶ
1418 2717 1537 2748 τοιοῖσδέ
1566 2729 1636 2748 τισιν
1665 2720 1846 2757 ἐπυνθανόμην
1871 2729 1907 2748 τε·
