1970 3082
9 68 83 95 933
708 67 741 96 IN
763 68 791 96 S.
811 66 854 95 ΤΗ

940 67 1049 95 ]8ΙΑΜ.
1670 68 1726 96 934

9 128 162 165 λουμένας
172 131 218 154 καί
237 130 353 165 χείροσι.
380 132 441 159 Τοῖς
466 128 510 155 οὖν
539 129 636 166 ἰατροις
661 128 757 155 αὐτίκα
777 131 840 166 χαί.

940 129 1072 165 iscopum
1084 129 1248 156 Nicolaum.
1265 131 1294 156 et
1308 129 1434 165 Euplum
1455 129 1511 164 (t3)
1536 130 1576 156 tot
1601 130 1727 165 tamque

12 183 86 210 ρειν
117 176 165 199 καί
197 173 286 204 αὐτοῖς
313 174 456 210 φαρμάκοις
490 174 566 199 εἰπὼν
604 175 711 205 τούτους
747 177 841 210 μόνους

940 174 1009 201 erba
1019 173 1176 210 quondam
1194 173 1244 200 Dei
1260 181 1352 201 causa
1368 181 1556 209 perpessum,
1582 181 1617 201 ac
1651 174 1727 201 sacri

14 218 236 255 πρύστῆσάμην
249 222 294 248 τῆς
305 219 383 244 νόσου
401 219 568 256 θεραπευτάς.

940 218 1046 253 angelii
1069 219 1260 246 verissimum
1287 218 1460 246 diaconum.
1489 218 1598 246 Praeter
1620 219 1676 246 hos
1699 220 1728 247 et

15 270 107 290 cum
120 262 205 290 hisce
219 265 352 290 sanetam
369 262 633 299 illammartyrem,
647 271 665 291 a
677 263 764 298 cujus
780 262 894 291 tumulo
906 263 989 291 haud
1000 263 1088 298 longe
1099 262 1463 299 commorabar,qureque
1474 262 1625 298 perpetuis
1634 271 1668 290 ac
1675 262 1727 290 ad-

17 307 188 335 mirandis
202 315 263 335 non
274 306 367 335 modo
380 307 411 335 in
427 306 501 341 dies,
516 315 621 335 verum
637 307 727 335 etiam
740 308 770 335 in
785 307 876 336 horas
888 307 1041 343 operibus,
1072 315 1134 335 non
1156 307 1215 335 mei
1237 309 1357 335 tantum
1381 307 1492 335 similes
1515 306 1650 340 morbos,
1676 306 1729 334 sed

18 351 127 388 longe
143 351 237 380 etiam
251 351 406 386 graviores
420 351 568 388 depellere
583 354 690 388 potest,
706 352 737 379 in
751 351 896 380 auxilium
910 352 1024 380 vocavi.
1046 352 1228 380 Medicorum
1256 352 1357 388 itaque
1379 353 1408 380 et
1419 352 1654 388 pharmacorum
1671 359 1729 388 ope

19 396 141 424 valere
154 396 252 431 jussa,
262 395 356 424 hosce
371 395 471 424 solum
485 396 594 425 morbo
605 399 755 425 curatores
766 396 985 433 proponebam.

67 440 128 477 μγ’·
161 444 220 471 Πῶς
243 442 331 467 τοίνυν
359 443 536 478 παραστήσω,
559 445 612 472 πῶς
643 443 686 468 τὸν
716 441 793 475 ἔλεον,
821 441 848 468 ὃν

23 483 188 517 ἐνεδείξατο
203 495 250 522 μοι
263 489 300 521 τῷ
316 484 415 523 ἀχρείῳ
426 486 519 512 τούτου
537 484 623 522 δούλῳ
639 487 703 517 Θεὸς
723 484 770 514 διὰ
797 490 848 512 τῶν

25 530 257 566 εὖηρεστηκότῶν
271 529 352 565 αὐτῷ,
377 527 424 556 διὰ
452 529 566 566 βραχέος
594 530 653 567 ἇρῶε
686 532 796 568 Χρόνοις
824 530 848 556 ἐν

26 574 139 610 ὀλίγοις
172 574 367 612 ἕξαρθρωθῆναι
403 573 585 612 προσδόκιμος
624 575 668 609 ὢν,
710 575 848 606 πλείστους

28 617 93 649 ἤδη
117 619 287 656 παρήμειψα,
317 621 362 645 καί
390 617 513 657 διαρτίας
537 619 564 646 εὗ
590 620 658 656 ἔχων
686 619 776 656 μελῶν,
803 622 849 646 καί

30 662 154 699 βαδίζω
183 663 218 694 ὠς
244 664 286 689 ὅτε
315 661 345 692 ἦν
374 663 519 695 εἰκοσιέτης
557 662 691 698 ἐϐάδιζον,
718 667 764 691 καί
804 674 849 700 μοι

30 708 184 745 ἐλευθέρως
197 710 224 735 αἱ
239 711 335 746 χεῖρες,
357 709 417 745 ὃμοι
446 719 473 736 τε
498 708 627 746 βουλητὸν
655 709 720 746 ἐμοί,
746 711 791 736 καί
819 711 848 736 τὸ

30 753 164 789 ψυχικὸν
189 756 290 789 πνεῦμα
317 756 392 786 κινεῖ,
420 755 538 789 φέρονταί
562 763 590 780 τε
615 756 660 780 καὶ
695 756 847 790 μεταφέρον-

29 807 91 824 ται.
123 798 235 824 Τοιαῦθ¹
263 798 360 834 ὁρῶμεν
390 801 421 834 τῇ
452 799 528 834 Ἀγίᾳ
560 797 707 834 τελούμενα,
746 798 848 825 τοιαῦθ’

935 443 979 470 43.
994 443 1079 469 Nunc
1094 449 1163 470 vero
1176 449 1239 478 qua
1251 441 1366 470 ratione
1382 441 1546 470 edisseram
1572 449 1640 477 quae
1664 442 1730 469 acta

902 486 996 515 sunt?
1010 494 1072 522 quo
1085 486 1177 514 modo
1190 486 1439 520 misericordiam,
1450 493 1544 522 quam
1556 485 1631 514 mihi
1643 493 1729 514 servo

901 540 956 560 suo
969 531 1075 565 inutili,
1082 539 1136 568 per
1145 533 1265 559 sanctos
1276 539 1347 559 suos
1359 531 1436 559 Deus
1444 531 1591 567 praestitit,
1601 530 1731 559 breviter

902 578 1006 613 potero
1012 576 1160 613 explicare
1169 576 1183 604 ‘I
1196 576 1245 604 llle
1255 583 1322 611 ego,
1330 576 1383 612 qui
1395 576 1487 612 paulo
1498 578 1568 604 ante
1584 575 1729 604 membris

901 620 1043 649 omnibus
1059 629 1112 657 per
1124 620 1279 656 paralysin
1293 620 1418 648 videbar
1428 620 1653 654 dissolvendus,
1664 620 1729 655 jam

901 665 1002 701 plures
1017 665 1148 699 transegi
1159 672 1264 698 annos,
1282 666 1310 692 et
1327 666 1388 692 toto
1399 671 1524 700 corpore
1538 663 1628 692 ﬁrma
1650 672 1730 692 com-

902 717 979 745 page
990 711 1076 737 utens
1092 709 1134 737 sic
1149 709 1256 736 incedo
1272 711 1304 736 ut
1319 708 1498 736 incedebam
1528 716 1597 736 cum
1625 708 1730 744 viginti

901 753 1050 782 duntaxat
1069 761 1220 782 annorum
1242 761 1350 781 essem:
1378 761 1488 781 manus
1513 761 1636 789 quoque
1655 753 1730 781 mihi

903 798 1037 826 feruntur
1046 798 1138 826 libere
1156 797 1420 831 ettransferuntur,
1432 804 1615 834 quocunque
1627 797 1730 825 animo

31 843 174 879 ὁσημέραι
208 843 455 879 τερατουργούμενα.
483 845 514 869 Τί
536 846 599 878 γοῦν
624 841 658 872 δὴ
690 844 724 869 τὰ
767 843 848 870 πάλαι

941 842 1067 871 llibitum
1083 845 1136 878 est,
1153 845 1204 870 aut
1218 842 1316 871 vitalis
1330 843 1452 878 spiritus
1473 842 1610 878 impellit.
1639 843 1732 871 Tanta

31 887 236 923 καταλέγειν,ἣ
261 885 440 925 παραδιδόναι
468 888 501 914 τὰ
529 887 567 924 ἐφ’
592 889 664 924 ἡμῶν
691 892 845 926 σμγγραγῇς

31 930 179 968 μηδεμίαν
210 935 261 958 σῶν
291 930 472 968 λαμϐανόντων
508 931 637 968 διίχειαν,
664 933 786 969 κυμάτων
823 943 850 961 τε

35 975 123 1006 δίκην
140 977 225 1014 ἕτερον
248 976 334 1014 ἱτίρου
360 976 612 1013 καταλαμϐάνοντος·
647 979 693 1003 καί
719 978 769 1014 γάρ
795 987 851 1009 πως

35 1020 232 1057 παραπλήσιον
247 1020 278 1046 ἂν
308 1021 399 1048 παθεῖν
427 1019 524 1053 δόξειεν
557 1022 666 1048 ὁταῦτα
692 1022 849 1058 συγγράφειν

37 1069 204 1103 πειρώμενος
229 1068 284 1096 τοῖς
316 1065 356 1092 ἐπ’
385 1065 517 1103 ἀφροσύνη
548 1064 699 1097 διαϐοήτοις
731 1065 848 1100 ἐκείνοις,

38 1110 74 1136 ὧν
92 1111 119 1137 οἱ
132 1110 179 1146 μὶν
196 1108 313 1147 ἀριθμεῖν
327 1111 506 1148 προήχθησαν
527 1112 642 1147 κύματα,
672 1112 696 1137 οἱ
720 1108 745 1137 δ’
774 1110 850 1137 ἀστέ-

38 1164 101 1192 ρας,
117 1155 143 1181 οἱ
157 1153 185 1181 δ’
212 1154 280 1181 ἆλλω
307 1157 359 1182 τινί
383 1159 432 1181 τῶν
460 1153 596 1182 ἀδυνάτων
623 1154 848 1192 ἐπιχειρήσαντες

39 1199 254 1235 ἐνεπαίχθησαν·

903 887 1042 915 videmus
1051 886 1145 914 ﬁeria
1166 887 1274 914 Sancta
1303 889 1332 915 et
1357 886 1491 922 quotidie
1517 885 1731 914 admirabiliter

903 931 1014 968 perﬁei-
1030 931 1086 960 Sed
1097 931 1171 967 quid
1181 931 1285 959 attinet
1298 933 1397 958 vetera
1413 938 1663 964 commemorare,
1680 932 1732 959 aut

903 983 940 1004 ea
955 975 1063 1012 qurein
1079 975 1166 1003 nobis
1177 983 1257 1003 nunc
1281 975 1459 1010 contingunt
1483 975 1593 1011 scripto
1616 975 1731 1003 tradere

905 1028 969 1048 cum
986 1020 1100 1048 nullam
1115 1020 1182 1056 ipsa
1195 1020 1252 1048 sibi
1264 1020 1461 1048 cessationem
1475 1019 1661 1054 indulgeant.
1678 1019 1731 1047 sed

905 1065 947 1093 uti
961 1064 1070 1092 ﬂuctus
1082 1064 1217 1098 ﬂuctum,
1234 1064 1275 1092 sic
1285 1063 1366 1092 aliud
1377 1064 1503 1092 alterum
1515 1064 1731 1100 consequendo

905 1109 1032 1146 excipiat
1045 1109 1060 1136 ?
1076 1109 1189 1137 Etenim
1204 1109 1256 1145 qui
1271 1108 1320 1137 illa
1335 1109 1437 1137 omnia
1459 1108 1619 1144 seriptione
1644 1108 1733 1136 vellet

905 1153 1073 1190 complecti,
1085 1154 1120 1181 iis
1135 1153 1207 1182 mihi
1224 1161 1287 1181 non
1302 1153 1419 1181 videtur
1433 1153 1551 1181 futurus
1573 1153 1732 1186 absimilis,

905 1207 1036 1236 quorum
1050 1198 1100 1226 alii
1120 1199 1230 1226 lluctus
1246 1198 1347 1232 maris,
1364 1197 1463 1226 stellas
1491 1197 1540 1226 alii
1561 1205 1731 1234 numerare,

40 1243 186 1273 nonnulli
198 1244 280 1272 aliud
294 1244 394 1273 nescio
414 1244 488 1281 quid
502 1252 539 1273 ex
550 1244 586 1273 iis
600 1253 668 1282 quae
681 1244 745 1274 ﬁeri
761 1246 915 1281 nequeunt
933 1251 996 1272 non
1022 1243 1087 1271 sine
1111 1242 1232 1271 stultitia
1258 1242 1400 1279 perﬁcere
1425 1242 1570 1278 aggressi,
1589 1242 1733 1271 omnibus

43 1297 78 1318 se
95 1288 243 1318 ridendos
259 1289 460 1326 praebuerunt.

792 1377 936 1406 EPILOG
942 1377 993 1406 US.

82 1466 141 1504 μαῖ’.
173 1466 243 1493 Ἀλλ’
271 1468 332 1505 ὅπερ
358 1468 430 1503 ἔφην,
458 1469 485 1493 τί
510 1477 540 1503 γε
569 1464 627 1493 δέον
660 1467 731 1503 ἡμᾶς
768 1470 851 1494 ποιεῖν

943 1467 987 1494 44.
996 1464 1201 1501 Verum,quod
1209 1464 1274 1500 jam
1286 1465 1355 1493 ante
1365 1471 1487 1500 quoque
1499 1463 1648 1498 dicebam,
1660 1463 1735 1500 quid

43 1511 152 1538 τοιαῦθ’
172 1512 297 1550 ὁρῶντας,
324 1513 447 1538 τοιούτων
470 1512 534 1548 παρ’
559 1511 637 1542 αὐτῆς
664 1510 851 1545 ἀπολαύοντας

43 1558 157 1593 Χαίρειν
188 1557 235 1592 μὲν
259 1557 347 1592 χαρὰν
382 1557 475 1589 ἔνθεον,
504 1555 613 1594 πρέσϐιν
653 1554 683 1582 δὲ
719 1556 854 1582 ποιεῖσθαι

42 1602 116 1638 πρὸς
139 1602 244 1637 Κύριον,
260 1602 306 1627 καί
334 1598 487 1633 δεξιοῦσθαι
518 1602 563 1637 μὶν
591 1600 625 1631 εἰς
658 1598 768 1636 δύναμιν
797 1601 854 1627 ἔκα-

45 1655 124 1680 στον,
145 1646 291 1682 προστάτιν
323 1643 348 1671 5“
379 1644 543 1681 ἀφιλονείκως
593 1643 726 1672 ἰδιοῡσθαι
770 1646 855 1672 πάντα

44 1692 94 1716 καί
109 1690 319 1726 σφετερίζεσθαι·
338 1691 388 1716 Καί
403 1689 475 1726 μάλα
502 1690 552 1726 γὰρ
584 1689 698 1721 εἰκότως·
727 1693 770 1716 ἵνα
801 1691 853 1726 γὰρ

45 1734 120 1760 ἐάσω
139 1735 174 1760 τὰ
192 1736 300 1770 κρείττω
324 1736 369 1760 καί
397 1733 556 1771 ὑψηλότερα,
582 1734 615 1759 ὧν
639 1735 703 1772 παρ’
730 1734 812 1765 αὐτῆς
836 1735 852 1764 ἣ

46 1777 63 1805 ὃ
67 1779 87 1804 ι’
104 1777 187 1808 αὐτῆς
202 1777 371 1815 ἀπελαύομεν,
386 1779 449 1816 ὑπὲρ
470 1779 542 1814 ἡμῶν
572 1778 607 1810 εἰς
634 1777 720 1805 ἀΐδιον
750 1788 854 1815 τυγχα-

45 1824 147 1853 νούσης
174 1826 242 1858 Θεῷ,
269 1825 315 1849 καί
336 1822 513 1860 ἐξιλεόυμένης
544 1824 633 1859 συχνὰ
672 1823 855 1860 πλημμελοῦσι

46 1870 97 1894 καί
112 1867 333 1905 παροργίζουσιν.
355 1867 422 1894 Ἀλλ’
456 1867 526 1905 εἰπερ
555 1867 642 1904 ἰατρόν
670 1867 791 1902 ἀνιάτων⁷
816 1878 855 1895 νο-

48 1913 178 1948 σημάτων
207 1914 283 1948 μόνον
317 1911 451 1948 ηὗχουμιν
495 1911 588 1947 αὐτὴν,
632 1914 732 1944 πόσους
772 1913 856 1950 ἐχρῆν

48 1957 117 1986 αὐτῆ
136 1956 344 1983 καταϐάλλεσθαι
369 1958 429 1988 τοὺς
452 1957 571 1994 μισθούς
607 1958 694 1988 πόσης
723 1967 752 1993 γε
777 1961 855 1994 τιμῆς

47 2002 142 2034 ἀξιοῦν
169 2001 239 2028 Ἐπεί
270 1999 299 2028 δε
325 2004 370 2027 καί
398 2002 525 2038 σωμάτων
559 2004 652 2032 νόσους
693 2001 775 2038 ἰᾶται,
810 2004 856 2029 καί

45 2048 147 2082 ψυχῶν
164 2046 299 2084 θεραπεύει
313 2048 462 2082 νοσήματα,
490 2045 535 2082 ἆγε
565 2044 598 2076 δὴ
628 2047 663 2077 ὡς
690 2046 771 2083 ἰσχὺς
797 2047 856 2073 ἰκα-

47 2101 111 2122 στος
125 2090 286 2118 ἁποτιννύτω
307 2090 362 2127 μετ’
387 2091 584 2127 εὐγνωμοσύνης
610 2092 640 2117 τὸ
666 2091 780 2128 ὄφλημα,
810 2091 856 2119 καί

45 2138 112 2172 πρὸς
127 2136 197 2162 ἆπαν
217 2137 300 2166 πάθος
315 2135 495 2164 ἑπικεκλήσθω
507 2138 552 2162 καί
573 2145 687 2172 νόσημα.

908 1519 964 1540 nos
980 1510 1104 1539 tandem
1128 1517 1183 1546 par
1204 1511 1249 1538 est
1269 1509 1378 1544 facere,
1406 1508 1458 1545 qui
1479 1510 1562 1536 tanta
1584 1508 1734 1542 videmus,

908 1558 991 1585 tanta
1014 1555 1187 1591 accepimus
1205 1562 1259 1591 per
1279 1555 1420 1582 Sanctam
1435 1553 1583 1581 beneﬁcia
1597 1553 1611 1580 7
1633 1552 1736 1581 latitia

908 1600 1012 1637 utique
1027 1600 1161 1628 maxima
1178 1599 1338 1633 exsultare,
1363 1597 1568 1626 mediatricem
1591 1596 1734 1625 adhibere

909 1645 992 1682 apud
1010 1645 1181 1678 Dominum,
1194 1651 1263 1672 cum
1280 1643 1445 1678 gratiarum
1461 1642 1578 1670 actione
1600 1641 1735 1678 excipere

909 1689 1038 1725 singula,
1061 1691 1219 1726 patronam
1244 1688 1274 1716 in
1298 1686 1441 1716 omnibus
1463 1686 1526 1714 sine
1548 1685 1736 1714 cunctatione

909 1742 1060 1763 accersere
1075 1735 1102 1762 et
1112 1733 1201 1762 nobis
1212 1733 1365 1761 vindicare
1378 1732 1535 1766 debemus;
1556 1731 1647 1767 idque
1671 1738 1736 1759 ma-

909 1787 970 1815 gna
984 1787 1053 1807 cum
1064 1779 1190 1807 ratione.
1207 1778 1283 1806 Nam
1296 1779 1329 1805 ut
1343 1776 1458 1813 optima
1468 1783 1596 1813 qumque
1614 1778 1641 1804 et
1663 1783 1738 1811 pra)-

910 1825 1104 1858 stantissima,
1123 1831 1192 1860 qua:
1207 1823 1247 1852 ab
1272 1831 1308 1851 ea
1330 1824 1358 1850 et
1383 1829 1437 1858 per
1461 1829 1528 1850 eam
1552 1821 1736 1857 accepimus,

909 1869 1046 1898 omittam
1055 1868 1198 1905 proferre;
1205 1866 1336 1896 assiduis
1343 1866 1391 1894 illa
1399 1867 1492 1894 Deum
1515 1864 1739 1902 supplicationi-

909 1914 967 1943 bus
981 1913 1086 1948 fatigat
1099 1917 1202 1941 nostra
1212 1919 1315 1944 causa,
1324 1910 1477 1947 nostrique
1487 1918 1555 1938 eam
1566 1917 1678 1945 magna
1691 1917 1738 1938 ca-

909 1959 952 1995 pit
963 1957 1124 1991 miseratio,
1135 1957 1187 1993 qui
1201 1956 1301 1984 multis
1322 1955 1398 1984 adeo
1408 1954 1662 1984 delictisdivinam
1675 1962 1744 1984 ma-V

907 2003 1044 2039 jestatem
1057 2001 1096 2030 ad
1115 2000 1308 2029 irascendum
1322 1999 1410 2028 nobis
1430 2007 1640 2035 provocamus.
1652 1998 1738 2031 Quod

910 2047 934 2075 si
946 2046 1096 2074 medicam
1108 2046 1172 2081 ejus
1189 2044 1280 2073 solius
1293 2051 1419 2073 manum
1431 2044 1463 2072 in
1475 2043 1591 2071 morbis
1602 2042 1740 2078 gravissi-

909 2091 967 2120 mis
981 2093 1009 2119 et
1020 2090 1217 2126 imploremus
1230 2091 1259 2117 et
1274 2089 1451 2122 sentiamus,
1467 2090 1613 2124 quantam
1626 2086 1668 2114 illi
1685 2094 1740 2122 pu-

909 2136 977 2165 tatis
996 2135 1166 2164 mercedem
1175 2142 1240 2162 esse
1258 2133 1446 2162 reddendam
1454 2133 1468 2161 ‘I
1477 2134 1551 2161 Cum
1563 2134 1663 2160 autem
1677 2138 1740 2160 non

46 2188 214 2218 corporum
229 2182 345 2208 tantum
361 2180 516 2209 medeatur
527 2180 767 2216 inﬁrmitatibus,
782 2181 836 2210 sed
849 2181 1021 2210 animorum
1036 2187 1158 2216 quoque
1169 2179 1293 2207 morbos
1309 2177 1411 2206 tollere
1421 2185 1482 2206 non
1498 2179 1604 2208 cesset,
1616 2177 1672 2212 eia,
1685 2183 1740 2213 pro

47 2225 112 2253 suis
119 2224 251 2261 quisque
258 2224 370 2252 viribus
377 2224 508 2253 debitum
516 2233 579 2252 cum
587 2224 767 2260 gratitudine
774 2225 967 2262 persolvat,et
973 2225 1068 2261 ipsam
1076 2224 1223 2252 adversus
1229 2222 1309 2252 mala
1315 2222 1418 2251 omnia
1424 2222 1604 2258 morbosque
1610 2221 1739 2255 invocet,

83 2269 132 2306 με’.
159 2272 193 2295 ὀ
221 2267 255 2298 δὴ
283 2269 355 2305 κάγὼ
382 2273 465 2296 ποιεῖν
489 2269 595 2303 εἰωθώς,
629 2269 676 2296 οὔκ
705 2269 774 2297 ἐάσω
815 2272 850 2308 μὴ
872 2271 894 2298 D

47 2318 163 2344 ποιῆσαι
182 2315 227 2339 καί
255 2317 299 2339 νῦν
323 2313 359 2344 εἰς
382 2313 501 2343 ἐπήκοον·
532 2313 585 2340 ἀλλ’
613 2315 675 2351 ὑπερ
721 2315 783 2351 ἐμοῦ
826 2325 854 2342 τε

48 2362 95 2388 τὴν
112 2359 248 2395 ἱκετηρίαν
273 2360 318 2384 καί
330 2362 380 2384 τῶν
405 2358 472 2394 ἱμῶν
500 2359 613 2395 θέμενος,
646 2360 726 2386 τύπον
755 2359 854 2397 ὡσπερ-

49 2406 69 2430 εί
93 2402 175 2430 δώσω
204 2404 237 2429 τὰ
265 2402 439 2439 παραπλήσια
460 2402 589 2440 λιπαρεῖν,
628 2406 673 2430 καί
714 2405 748 2430 τὰ
789 2404 854 2431 αὐτὰ

49 2447 184 2477 δήπουθεν
214 2450 262 2477 τήν
293 2447 381 2483 Ἀγίαν
403 2446 545 2474 δυσωπεινη
577 2448 607 2475 Ἠ
635 2450 679 2474 καί
709 2452 786 2485 σῶμα
810 2453 856 2478 καί

48 2492 144 2528 ψυχὴν
172 2492 200 2518 ἐκ
226 2490 324 2523 παιδός
356 2493 521 2529 παραθεμένη
551 2496 608 2528 Θεῷ
637 2495 681 2519 καί
711 2497 788 2530 σῶμα
809 2495 855 2530 μέν

50 2537 167 2566 ἀσκήσει
191 2539 289 2573 χρονίᾳ
314 2536 428 2572 τήξασα,
454 2536 548 2573 ψυχὴν
594 2535 624 2563 δὲ
657 2542 706 2564 τῶν
746 2538 856 2566 ἐνταῦθα

49 2584 94 2608 καί
119 2583 172 2618 πρὸ
200 2579 347 2612 διαλύσεως
379 2584 581 2617 μεταστήσασα,
610 2585 656 2608 καί
682 2582 751 2613 τελος
779 2583 857 2620 ἄμφω

50 2628 191 2663 προεμένη,
208 2627 253 2652 καί
267 2629 313 2652 τοῦ
336 2623 448 2662 μηδενός
476 2625 538 2658 ἀξια
561 2628 684 2665 κρίνασα,
712 2627 776 2664 ύπὶρ
810 2630 857 2653 τοῦ

945 2273 989 2298 45.
1002 2269 1088 2302 Quod
1098 2268 1172 2297 dum
1184 2275 1240 2304 ego
1254 2275 1413 2303 nunquam
1431 2274 1493 2295 non
1507 2266 1604 2295 facere
1621 2265 1679 2294 sim
1695 2273 1740 2294 sec

908 2313 987 2347 litus,
1003 2321 1085 2342 nunc
1096 2321 1218 2350 quoque
1230 2320 1292 2341 non
1302 2311 1440 2340 omittam
1457 2311 1488 2339 id
1513 2311 1614 2347 ipsum
1640 2317 1740 2346 agere:

910 2359 963 2387 sed
975 2367 1031 2396 pro
1049 2366 1097 2387 me
1110 2358 1246 2394 meisque
1254 2356 1488 2394 supplicationes
1497 2356 1665 2389 instituens,
1677 2355 1742 2384 aliis

909 2411 1032 2440 quoque
1045 2403 1176 2431 formam
1192 2402 1390 2439 praescribam
1406 2401 1514 2430 similia
1526 2409 1582 2437 pro
1599 2409 1631 2429 se
1654 2400 1742 2428 obse-

914 2448 1031 2483 erandi,
1048 2447 1216 2484 eademque
1232 2446 1388 2482 ﬂagitandi
1404 2455 1422 2475 a
1442 2447 1567 2480 Sancta;
1593 2446 1614 2473 Ο
1639 2452 1707 2481 quae
1724 2452 1742 2472 a

910 2492 1018 2529 primis
1032 2492 1129 2521 aetatis
1144 2494 1202 2520 tute
1221 2491 1310 2520 anuis
1325 2489 1541 2527 corpusculum
1569 2491 1654 2517 tuum
1681 2490 1741 2516 Deo

909 2537 1027 2567 voluisti
1041 2545 1105 2565 esse
1118 2544 1249 2570 sacrum,
1264 2538 1292 2564 et
1313 2535 1371 2563 hoc
1394 2534 1516 2571 quidem
1545 2532 1743 2562 exlenuavisti

911 2581 1122 2610 exercitatione
1130 2581 1286 2615 diuturna;
1299 2579 1436 2608 animum
1450 2581 1560 2612 autem,
1572 2580 1642 2606 ante
1652 2577 1742 2605 etiam

912 2634 1006 2663 quam
1020 2633 1056 2654 ex
1070 2626 1128 2654 hac
1139 2625 1200 2654 vita
1208 2625 1359 2661 migraret,
1371 2631 1389 2652 θ.
1399 2623 1490 2652 rebus
1503 2622 1647 2651 omnibus
1661 2629 1744 2650 erea-

83 2733 144 2768 (13)
161 2731 303 2762 Coluntur
316 2733 344 2762 S.
360 2733 526 2762 Demetrius
537 2735 552 2762 8
568 2733 714 2768 Octobris,
727 2734 756 2763 S.
768 2733 905 2764 Nicolaus
922 2736 950 2762 tl
966 2733 1156 2768 Novembris,
1170 2733 1200 2762 S.
1214 2731 1326 2769 Euplus
1340 2732 1374 2761 12
1384 2731 1524 2767 Augusti.
