1970 3082
238 55 289 80 935

844 49 983 78 ARSENII
1002 51 1052 78 CP.
1073 49 1310 77 PATRIARCIUE.
1866 48 1911 75 936
1942 48 1943 93 ἦ

236 113 272 140 tis
284 111 501 140 alienissimum
515 111 644 140 habuisti
670 121 676 140 :
694 119 728 140 ac
748 111 872 139 demum
895 114 957 140 tam
980 112 996 140 h

1117 111 1143 142 ἐξ
1157 110 1218 141 ὅλης
1234 120 1276 136 σοι
1295 110 1398 145 ψυχῆς,
1416 110 1441 141 ἐξ
1463 109 1524 141 ὅλης
1552 119 1593 136 σοι
1621 107 1740 141 ὃιᾶνοίας
1767 110 1912 145 πεποθημέ-
1942 118 1943 123 ‘

235 164 327 192 quam
343 156 415 184 illud
431 164 574 191 generose
588 156 790 192 contempsisti
809 164 844 184 ac
863 157 948 192 parvi
967 156 1061 184 fecisti

234 201 313 229 illius
324 200 459 228 videlicet
474 209 575 234 causa,
594 209 686 237 quam
702 209 737 228 ex
751 203 811 228 tota
824 201 925 229 anima
940 204 1062 237 totaque

234 248 333 274 mente
348 245 554 279 desiderabas;
570 248 712 279 mentem,
725 253 788 280 oro,
800 245 995 281 animamque
1010 254 1061 273 no-

239 292 332 318 stram
351 290 389 318 ab
401 290 484 317 omni
496 289 565 317 labe
578 297 686 325 puram
698 298 778 318 nunc
794 297 924 326 quoque,
938 298 1007 318 cum
1031 290 1061 318 in

234 335 310 363 ccelo
326 334 457 369 exsistis,
470 341 627 367 conserva;
637 334 848 369 cogitationem
863 343 985 363 omnem
997 343 1061 371 per-

233 387 353 408 versam
361 387 465 407 arcens
472 379 510 407 ab
518 379 627 407 animis
634 379 742 407 nostris
751 381 924 416 mentesque
930 381 960 408 in
968 381 1061 408 Deum

233 424 428 457 transferens,
445 425 533 459 atque
549 423 593 460 (ut
607 424 736 452 breviter
751 424 854 452 omnia
869 424 1061 461 complectar)

233 469 404 497 universam
419 468 484 496 vitae
495 470 604 496 nostra;
622 476 657 496 ac
680 469 826 497 sermonis
857 469 1005 497 rationem
1015 477 1061 497 se.

234 513 369 541 cundum
384 512 606 548 beneplacitum
619 512 754 540 divinum
770 512 873 548 dirige.
895 513 1061 542 Misericor--

233 558 301 586 dem
319 558 412 585 Deum
428 557 516 585 nobis
530 556 622 585 redde
635 557 797 593 placatum,
811 559 844 586 ut
858 560 936 586 recte
951 561 979 586 et
993 558 1059 586 abs-

233 610 291 638 que
306 601 487 629 oﬂ'endiculo
502 601 568 629 vitae
581 604 692 629 nostra;
718 609 840 630 cursum
866 602 1059 630 instituamus

233 646 272 675 ab
287 647 370 674 omni
384 645 461 674 labis
480 646 612 682 periculo
635 646 752 679 remoti,
775 647 951 683 cunctisque
972 647 1058 675 malis

232 690 411 728 superiores;
428 690 701 719 exhacautemvita
711 691 985 719 abeuntibusnobis
1004 699 1058 727 pa-

232 736 379 764 trocinare
393 735 550 769 ferventer,
566 735 703 771 supplica
716 735 869 769 instanter,
895 736 1056 772 deprecare

1115 165 1159 182 νου
1180 159 1256 182 Θεοῦ·
1283 153 1382 191 βλάϐης
1406 156 1468 191 ἡμῖν
1491 153 1596 186 ἁπάσης
1623 157 1668 180 καί
1692 154 1769 190 ἄμφω
1795 156 1865 191 πρὸς
1888 158 1912 180 τὸ

1115 202 1198 238 παρὸν
1225 200 1336 236 ἀνώτερα
1360 197 1491 237 διατήρει,
1522 199 1590 226 ἁπαν
1632 198 1764 235 διανόημα
1802 201 1911 236 πονηρὸν

1114 250 1162 272 τῶν
1186 245 1281 280 ψυχῶν
1315 243 1496 270 ἁπελαύνουσα
1520 247 1564 270 καί
1587 246 1631 270 τὸν
1655 248 1713 270 νοῦν
1740 245 1815 279 ἡμῶν
1855 246 1912 279 πρὸς

1116 292 1179 317 Θεὸν
1203 289 1241 316 ἀεὶ
1264 291 1454 326 μεταφέρουσα·
1466 291 1512 315 καί
1539 299 1570 315 το
1600 290 1705 325 σύμπαν
1735 288 1826 322 εἰπεῖν,
1858 288 1912 325 βίον

1114 343 1142 361 τι
1155 336 1200 360 καί
1223 334 1298 370 λόγον
1321 334 1383 369 ἡμῖν
1409 336 1474 370 πρός
1501 335 1531 359 τὸ
1557 337 1594 369 τῷ
1627 337 1684 369 Θεῷ
1711 332 1806 359 δοκοῦν
1833 333 1912 366 Wars,

1114 381 1159 405 καί
1175 380 1217 405 τὸν
1227 379 1351 415 συμπαθῆ
1376 379 1436 405 Θεὸν
1466 377 1573 412 ἐξιλεοῦ,
1600 378 1634 409 ὥς
1660 378 1778 416 εὐμαρῶς
1806 387 1834 404 τε
1869 381 1911 404 καί

1115 423 1287 460 ἁπροσκόπως
1302 424 1349 452 τὴν
1368 427 1414 449 τοῦ
1442 421 1503 459 βίον
1534 422 1621 461 τρίϐον
1650 421 1795 459 ὀδεύοιμεν,
1826 424 1914 454 πάσης

1113 468 1291 505 περιστάσεως
1309 467 1494 504 ἐξαιρούμενοι,
1510 469 1554 493 καί
1578 465 1665 493 δεινοῦ
1693 468 1789 497 παντὸς
1818 467 1912 493 ἀνώτε-

1113 522 1155 550 ροι
1193 513 1403 549 συντηρούμενον
1431 516 1480 539 τῶν
1510 510 1537 538 δ’
1582 512 1693 539 ἐνταῦθα
1728 513 1911 548 μεταστάντων

1112 558 1253 594 πρόστηθι,
1289 558 1388 594 θερμῶς
1429 558 1571 594 πρόστηθι,
1613 557 1743 583 ἱκέτευσον
1784 556 1908 594 λιπαρῶς,

1113 599 1274 630 δυσώπησον
1308 601 1421 634 ἐκτενῶς,
1449 603 1495 628 καί
1537 601 1672 638 ἁφράστου
1716 603 1909 639 μακαριότητος

1111 648 1156 672 καί
1187 650 1233 676 τῆς
1255 646 1322 676 Θείας
1343 646 1440 677 ἐκείνης
1464 648 1509 672 καί
1542 645 1676 683 ἁφράστου
1717 647 1910 683 μακαριότητος

1110 692 1248 727 τύχοιμεν,
1259 690 1275 719 ἧ
1281 701 1291 722 ς
1304 693 1404 726 ’γένοιτο
1418 691 1515 721 πάντας
1530 691 1599 727 ἡμᾶς
1623 693 1715 726 τυχεῖν
1745 692 1843 728 χάριτι
1868 693 1910 716 καί

1111 735 1289 772 φιλανθρωπίᾳ
1309 739 1355 761 τοῦ
1379 738 1446 761 Θεοῦ
1469 737 1514 761 καί
1551 739 1670 771 Σωτῆρος
1709 736 1782 771 ἡμῶν
1826 735 1912 764 Ἰησοῦ

231 787 367 816 operose,
384 782 415 807 ut
429 787 532 807 severo
549 779 681 816 exempti
697 780 822 815 judicio,
844 780 953 808 divinae
976 780 996 808 il

1112 783 1237 817 Χριστοῦ,
1304 782 1395 816 πρέπει
1420 783 1495 806 πᾶσα
1521 778 1596 813 δόξα,
1618 781 1694 816 τιμὴ,
1725 781 1771 806 καί
1799 781 1912 816 προπύ-

231 833 266 854 ac
285 824 443 853 ineﬁ'ahilis
455 824 603 852 beatitatis
617 826 734 861 partem
746 824 879 861 aliquam
886 825 1055 861 capiamus:

230 869 313 905 quod
332 868 419 896 nobis
432 867 573 896 omnibus
583 869 745 904 contingat,
761 877 815 905 per
827 869 955 904 gratiam
966 871 994 898 et
1006 869 1057 897 be-

230 913 406 948 nignitatem
423 913 471 941 Dei
487 920 522 940 ac
534 912 699 941 Salvatoris
722 913 816 941 nostri
845 913 915 941 Jesu
938 913 1055 948 Christi,

1110 834 1196 859 νησις,
1214 826 1260 850 σὺν
1287 828 1323 860 τῷ
1340 824 1449 861 ἀνάρχῳ
1477 824 1558 851 αὐτοῦ
1582 828 1676 861 Πατρι,
1699 826 1745 850 καί
1775 827 1814 859 τῷ

1109 871 1156 896 καί
1177 870 1285 906 ὁμοφυεῖ
1316 869 1396 895 αὐτοῦ
1420 870 1560 906 Πνεύματι,
1591 873 1635 895 νῦν
1657 871 1702 895 καί
1728 868 1779 902 iii,
1809 870 1856 895 καί
1884 868 1912 898 εὶς

1110 915 1172 945 τοὺς
1188 913 1281 944 αἰῶνας
1294 917 1344 939 τῶν
1360 913 1468 940 αἰώνων·
1486 914 1580 950 ’Δμὴνι

230 957 278 986 cui
293 957 391 985 omnis
405 956 510 992 gloria,
521 956 627 989 honor,
644 959 672 985 et
686 957 823 985 adoratio
837 957 972 993 debetur,
987 965 1057 985 cum
1070 965 1105 986 eo
1120 958 1172 994 qui
1187 958 1334 994 principio
1363 960 1444 986 caret
1466 959 1560 993 Patre,
1586 960 1614 987 et
1639 959 1744 987 sancto
1775 957 1914 993 ejusdem

229 1004 344 1030 natura:
359 1002 478 1038 Spiritu,
493 1009 574 1029 nunc
594 1004 622 1029 et
637 1009 756 1038 semper
770 1002 841 1030 etin
854 1001 964 1030 secula
979 1001 1171 1030 saeculorum.
1186 1004 1291 1031 Amen.

864 1180 950 1204 ANNO
972 1181 1084 1204 DOMINI
1106 1182 1262 1205 MCCLXXIII
1267 1198 1274 1205 .

353 1279 927 1363 ARSENIUS
993 1280 1740 1364 AUTOBIANUS
1783 1269 1794 1280 ’

920 1427 971 1455 ΟΡ.
992 1427 1213 1456 PATRIARCHA

527 1598 861 1656 ANACREONTIGllN
888 1598 930 1654 ΙΝ
966 1598 996 1654 Ι]4

1113 1598 1198 1656 (IAM
1233 1598 1599 1656 BESURBEGTMNIS.

913 1723 1216 1772 MONITUM

761 1831 934 1867 (Matranga,
954 1832 1114 1861 Anecdota
1132 1833 1244 1864 Graeca,
1266 1833 1284 1860 ι.
1307 1832 1353 1868 ΙΙ.)

255 2009 372 2047 Arsenii
390 2007 611 2047 Archiepiscopi
639 2008 848 2047 anacreonlico
875 2010 909 2039 εἵς
933 2011 981 2038 τὴν

1112 2019 1127 2035 ;ν
1154 2011 1287 2047 ξυριακήν
1303 2009 1347 2044 (in
1362 2009 1545 2047 Dominicam
1569 2007 1824 2047 Resqrreetionis)
1845 2006 1907 2047 vidi

222 2046 253 2074 in
266 2045 334 2075 cod.
354 2046 413 2072 Vat.
427 2046 490 2076 208,
506 2051 668 2080 versusque
677 2052 746 2072 cum
760 2052 820 2072 non
836 2044 1021 2079 invenustos,
1041 2044 1112 2072 imo
1140 2044 1292 2080 elegantes
1313 2047 1342 2072 et
1361 2045 1511 2080 poeticam
1528 2044 1697 2080 quamdam
1725 2044 1907 2080 suavitatem

221 2081 333 2110 olentes
348 2079 540 2108 invenissem!
558 2079 658 2107 statim
669 2080 699 2107 in
710 2080 784 2108 meis
799 2079 978 2108 adversariis
989 2080 1085 2114 retuli,
1110 2083 1139 2107 et
1167 2079 1328 2115 typothetm
1350 2079 1469 2108 tradidi.
1499 2079 1652 2112 Arsenius,
1678 2080 1715 2107 de

1762 2088 1803 2107 uo
1832 2077 1906 2107 nihil

220 2117 402 2152 comperitur
413 2118 611 2152 praeterquam
626 2116 707 2152 quod
720 2116 816 2144 Allatii
832 2116 935 2152 notitia
952 2123 1023 2143 mox
1038 2116 1067 2143 in
1082 2116 1159 2143 notis
1171 2115 1340 2150 alleganda,
1356 2116 1481 2152 fortasse
1492 2118 1536 2143 est
1556 2115 1694 2152 Corcyra:
1717 2115 1905 2152 arhiepisco-

265 2150 389 2191 s,'cujus
400 2150 549 2178 orationes
560 2150 658 2179 adhuc
673 2151 853 2192 ineditas,in
867 2151 988 2179 laudem
1004 2152 1030 2179 S.
1061 2152 1197 2192 Barbarie
1218 2154 1246 2179 et
1268 2153 1295 2179 S.
1323 2151 1433 2192 Andriae
1462 2150 1590 2187 apostoli
1603 2150 1654 2214 4d)
1684 2159 1702 2179 a
1722 2151 1759 2178 cl.
1784 2150 1905 2178 Ahdrea

265 2186 411 2214 Lstoxvdlo
427 2189 581 2214 exontatas
596 2195 611 2214 e
627 2188 812 2214 membranis
827 2195 857 2214 xx
870 2189 898 2214 et
922 2195 959 2214 xu
984 2187 1086 2214 saeculi
1116 2194 1213 2214 nuner
1235 2195 1388 2214 BXSCI‘IDSII
1417 2187 1543 2214 alteram
1567 2189 1680 2214 scncet
1705 2194 1720 2214 e
1745 2187 1814 2214 cod.
1843 2186 1903 2212 Vat.

243 2160 289 2186 us,
302 2160 388 2186 cujus
400 2160 549 2178 orationes
560 2160 658 2179 aanuc
673 2160 811 2184 ineuitas,
823 2160 853 2179 ιιι
867 2160 988 2179 laudem
1004 2160 1030 2179 δ.
1061 2160 1197 2179 barbarae
1218 2160 1246 2179 et
1268 2160 1295 2179 δ.
1325 2160 1433 2179 Μαι-ιε
1462 2160 1590 2187 aposrou

219 2160 411 2222 Elustoxydio
427 2189 581 2223 exoptatas
593 2195 611 2223 e
627 2187 812 2215 membranis
827 2195 857 2215 xx
870 2189 898 2214 et
922 2195 959 2215 xu
984 2187 1086 2215 seaculi
1116 2194 1213 2223 nuper
1235 2187 1388 2223 exscripsi;
1417 2187 1543 2215 alteram
1567 2187 1608 2214 sci

896 2230 968 2250 uam
992 2222 1064 2250 bibl.
1091 2221 1342 2259 praefectusiﬂev:
1367 2225 1399 2250 A.
1428 2223 1588 2259 Theinerus
1609 2222 1686 2250 mira
1708 2221 1902 2259 liberalitate.

220 2222 450 2259 679,alterumre
463 2223 528 2250 cod.
552 2222 749 2251 Vallicelliano
763 2224 798 2251 3i-
820 2224 850 2255 B,
874 2231 894 2259 q

1622 2187 1680 2214 icet
1705 2194 1720 2214 e
1745 2187 1814 2214 cod.
1843 2186 1903 2212 Vat.

219 2261 253 2286 ut
267 2258 337 2286 viris
352 2258 446 2286 doctis
463 2266 530 2286 mos
542 2260 597 2290 est,
613 2259 686 2286 mihi
697 2259 811 2286 obtulit.
831 2257 990 2286 Prtémissa
1005 2257 1211 2286 exhortatione
1224 2258 1264 2286 ad
1276 2260 1338 2286 tam
1349 2258 1528 2294 praeclarum
1549 2257 1658 2286 festum
1674 2257 1904 2294 celebrandum,

218 2294 366 2330 Arsenius
375 2294 453 2330 veris
464 2294 696 2330 descriptionem
709 2294 823 2330 poetice
831 2294 1027 2330 persequitur,
1042 2302 1111 2330 quas
1117 2293 1283 2321 maximam
1291 2291 1434 2322 carminis
1441 2296 1558 2330 partem
1566 2295 1704 2330 occupat;
1715 2293 1786 2321 dein
1797 2291 1906 2330 laudes

220 2329 268 2358 SS.
283 2329 381 2358 Triadi
396 2327 574 2362 tribuuntur:
591 2332 619 2357 et
635 2331 662 2358 S.
677 2327 898 2363 Ge'orgiusﬂoci
912 2327 1062 2364 protector
1075 2329 1128 2357 ubi
1144 2330 1284 2357 Arsenius
1296 2327 1482 2364 morabatur,
1497 2329 1588 2357 veluti
1611 2327 1791 2357 intercessor
1820 2327 1904 2364 apud

217 2365 539 2401 martyrasadhibetur.
549 2366 785 2401 Quapropterest
796 2364 848 2400 qui
855 2364 995 2401 opinatur
1002 2367 1139 2401 nostrum
1146 2366 1306 2393 Arsem‘um
1314 2365 1622 2400 Monembasiwfuisse
1628 2364 1901 2401 archiepiscopum,

217 2402 270 2437 qui
288 2399 746 2437 Veneriisseptuagenariusljﬁ
759 2399 965 2437 decessilr(b),et
977 2401 1008 2437 in
1015 2401 1046 2428 S.
1059 2400 1485 2437 Georgiiecclesiatumulatus
1494 2399 1696 2437 est,quamvis
1711 2407 1749 2437 ex
1759 2399 1901 2437 ejusdem

217 2435 350 2466 ecclesias
368 2435 666 2467 annalibus’constet,
683 2435 749 2463 Kal.
763 2436 922 2463 Novembr.
934 2436 1004 2463 anni
1023 2438 1089 2464 1539
1103 2444 1138 2463 su

218 2482 304 2501 mum
318 2473 454 2509 ejusdem
466 2472 599 2509 lapidem
620 2470 746 2509 solemni
758 2471 815 2509 ritu
830 2471 1032 2509 benedictum,
1047 2479 1082 2500 ac
1094 2473 1129 2499 24
1142 2472 1229 2509 annis
1243 2474 1311 2509 post
1330 2471 1501 2509 absolutam

1175 2436 1262 2464 Marci
1285 2436 1455 2464 Samariarii
1471 2434 1626 2500 mrem
1644 2434 1826 2472 praafectura
1843 2435 1901 2475 pri-_

1175 2472 1229 2500 mis
1243 2474 1311 2500 post
1330 2471 1501 2500 absolutam
1540 2471 1628 2500 uisse.
1648 2471 1716 2500 Mihi
1735 2479 1811 2500 vero
1836 2470 1901 2500 stvli

1540 2471 1628 2500 uisse.
1645 2470 1716 2500 Mihi
1735 2479 1811 2500 vero
1836 2470 1902 2507 styli

215 2506 377 2545 puritatem
389 2508 420 2537 in
435 2506 588 2543 ode—saepe
599 2506 800 2535 consideranti
819 2506 934 2535 videtur
944 2509 1047 2535 auctor
1059 2515 1110 2535 xv1
1124 2507 1234 2535 saeculo
1243 2506 1334 2543 longe
1344 2508 1498 2536 vetustior.

262 2599 291 2627 α)
306 2597 398 2625 Edere
411 2596 615 2632 proposuerat
625 2595 654 2632 ΙΛέ
672 2594 798 2632 Allatius
811 2594 842 2622 in
857 2595 1027 2632 Symmictis
1039 2595 1091 2624 lib.
1105 2603 1134 2631 γ,
1155 2597 1216 2625 108.

262 2599 291 2627 α)
306 2597 398 2625 Edere
411 2597 610 2632 proposuerat
625 2597 654 2622 L.
672 2597 795 2622 Allatius
811 2597 842 2622 in
857 2597 996 2630 Symmict

249 2597 292 2669 ξὺ)
308 2632 350 2661 Cf.
367 2632 418 2660 Ch.
436 2632 465 2660 F.
480 2631 618 2658 Boerneri
632 2631 676 2659 De
686 2631 763 2659 doct.
786 2630 864 2658 hom.
881 2631 976 2659 Graec.
991 2640 996 2659 ι

1112 2604 1134 2631 7,
1155 2597 1216 2625 108.

1113 2633 1174 2660 155.
1195 2631 1273 2668 Lips.
1292 2632 1369 2660 i740.

252 2721 262 2731 '
272 2719 342 2748 Vide
355 2719 489 2749 Cotelerii
500 2721 605 2749 notam
619 2720 660 2763 ad
668 2719 783 2749 Arsenii
797 2721 1028 2756 Testamentum,
1039 2720 1126 2750 infra.
