1970 3082
9 42 279 61 _2._~

9 128 54 154 IM

447 124 670 152 PRIVILEGIUM
689 124 756 151 PRO
777 122 998 152 MONASTERIO
1019 122 1270 150 MACRINITISSO.

1644 125 1696 151 942

9 192 96 223 τοφοῡ
117 191 166 214 τῶν
191 187 305 214 παλαιῶν
336 187 521 223 γνωμὰτευμα.
552 186 581 212 Εἰ
607 185 636 212 δε
671 188 715 211 καὶ
742 195 787 211 σπι

920 185 941 217 i,
959 184 1064 212 veteris
1079 184 1220 220 sapientis
1235 184 1380 211 sententia
1395 186 1447 211 est.
1464 185 1538 212 Nam
1550 184 1574 212 si
1587 186 1615 212 et
1625 193 1698 220 prte-

9 231 40 262 ἳῆ
50 243 61 263 ς
92 234 242 269 παρούσης,

9 281 81 311 χούς
112 277 177 313 ὑπὲρ
202 279 248 302 τοῦ
282 276 480 312 κατορθωθῆναι
497 285 522 300 τι
543 279 592 300 τῶν
623 274 770 308 ἐπαινετῶν,
794 276 823 300 τὸ

9 319 35 347 δ’
50 318 117 347 οὐδ’
142 320 220 350 οὕτως
244 320 359 357 εὐχερῶς
387 319 423 350 εἰς
448 321 522 357 ἔργον
549 318 694 356 προϐαίνει,
734 321 778 344 καὶ
804 320 825 344 εἴ

9 367 60 392 πού
87 375 118 391 τι
144 367 188 391 καὶ
213 364 356 391 ἁντιϐαῖνον
399 366 449 399 εἴη⁷
483 363 581 390 πολλῶν
622 366 666 390 καὶ
696 365 824 402 σθεναρῶν

10 409 196 446 συμπράξεως
219 407 304 435 δεῖται
343 410 408 446 πρὸς
450 407 647 445 τελεσφόρησιν·
675 408 759 434 πολλῶ
797 405 826 433 δὲ

9 454 114 491 μᾶλλον
150 451 295 486 κάντεῦθεν⁹
342 452 372 479 οὗ
395 456 445 478 τῶν
466 456 553 478 κακῶν
578 451 690 479 ἑκκυλίει
722 453 755 478 τὰ
779 455 827 481 τῆς

9 497 158 531 ἀναϐολῆς,
186 496 386 534 διαδραμεῖται.

283 234 328 257 καὶ
373 231 481 267 μελέτης
505 230 661 267 ἐμμερὶμνου
677 233 722 255 καὶ
752 240 823 256 συνε-

427 496 504 524 ³Δλλόι
542 500 572 526 τῆ
613 498 658 534 μὲν
689 497 761 532 ἡμῶν
785 505 827 532 με·

9 545 141 580 τριότητι
155 545 215 579 περὶ
241 543 338 568 τούτων
367 541 435 568 οὕτω
459 540 593 568 διαλαϐεῖν
617 542 753 577 εὐστόχως
774 540 827 576 ἐγέ-

10 597 82 614 νετο·
111 587 254 624 πράγμασι
283 585 310 613 δ’
330 586 419 617 αὐτοῖς
444 587 508 622 ἔγνω
533 590 617 612 ταῦτα
640 590 763 612 τοιαῦτα.
796 584 828 611 Ἡ

10 633 84 659 κατὰ
108 634 161 660 τήν
187 630 284 667 ἐνορίαν
325 629 509 667 Δημητριάδος
533 631 548 660 ἠ
570 630 613 656 ἐπὶ
641 631 829 666 στανροπηγίῳ

12 679 58 713 μὲν
92 674 288 713 πατριαρχικῷ
322 676 529 711 χαταπηχθεῖσα
557 677 634 711 μονὴ,
659 674 697 701 ἐπ’
723 674 830 710 ὀνόματι

14 721 44 748 δε
75 720 234 757 δομηθιῖσα
270 724 318 751 τῆς
354 721 486 756 πανάγνου
521 722 688 756 Θεομήτορος
709 721 755 745 καὶ
785 723 831 748 τῆς

15 766 239 802 Μακρινιτίσσης
271 763 449 800 ἓπιλεγομένη,
492 764 584 799 ἔμαθεν
634 763 711 797 αὕτη,
753 760 829 793 ἐδάη,

17 810 52 840 εἰς
67 809 226 845 ἐπιστήμην
241 806 316 837 ἦλθεν
339 807 445 845 ἀκριϐῆ.
471 807 523 841 Ὡς,
553 807 575 833 εἰ
598 810 690 844 μικρὸν
723 817 750 833 τι
777 805 830 832 ἐνέ-

17 852 129 885 δωκενς,
149 853 173 879 εἰ
188 852 280 890 βραχύ
305 862 331 878 τι
356 851 486 886 ἀνέπεσεν,
512 852 534 878 εἰ
557 853 624 889 πρὸς
639 851 724 887 ὀλίγον
759 853 831 880 ὄκνος

18 898 102 928 αὐτὴν
116 895 264 934 ὑπέδραμε,
293 895 414 928 κίνδυνος
438 898 484 923 καὶ
511 900 611 926 πτῶσις
647 898 706 934 περὶ
739 895 828 925 αὐτὴν.

19 946 70 970 Καὶ
88 943 119 969 ἐκ
152 945 201 968 τοῦ
224 943 423 979 πατριαρχικήν
458 940 624 977 ἁνυψοῦσθαι
647 942 757 973 ταύτην,
796 941 830 970 ὡς

20 989 74 1015 ἔστι
96 990 146 1014 καὶ
188 986 401 1023 ἀναγορεύεσθαι,
430 985 580 1022 μεταλλαγὴ
607 987 654 1014 τὴν
691 985 831 1011 ἑπισκοπι-

20 1035 67 1062 κήν
92 1035 142 1058 τοῦ
181 1028 365 1067 Δημητριάδος
402 1030 496 1059 κλῆσιν
527 1029 730 1066 ὁνοματίζουσα.
769 1031 834 1055 Τίνα

22 1079 71 1114 γὰρ
91 1078 142 1102 καὶ
156 1076 209 1102 ὅσα
239 1076 263 1101 οἱ
287 1076 355 1101 κατὰ
382 1076 488 1112 καιροὺς
517 1073 651 1112 ἀρχιερεῖς
680 1074 832 1110 Δημητριά-

26 1120 70 1152 aa;
93 1121 162 1158 ὑπὲρ
198 1123 244 1146 τοῦ
278 1120 375 1148 ταύτην
413 1121 460 1148 τὴν
511 1121 591 1155 μονὴν
633 1118 836 1156 σφετερίσασθαι

536 1163 666 1200 ὀφθαλμὸν
714 1162 835 1189 ἐπέϐαλον

107 1209 270 1243 αὐτήν;καὶ
304 1210 427 1244 οὕμενουν
468 1205 591 1244 οὐδαμῶς
630 1208 778 1243 ἠνείχοντο,
799 1209 834 1243 μὴ

32 1253 192 1290 περιϐοήτου
216 1254 335 1279 τοιούτου
373 1251 453 1278 καλοῦ
486 1251 624 1278 καλεῖσθαι
657 1253 777 1287 μέτοχοιι
804 1248 837 1276 εἴ-

31 1297 74 1325 δον
89 1298 158 1334 ὕψος
184 1300 229 1323 καὶ
261 1299 430 1333 σιμνὼματος
458 1297 576 1332 μέγεθος,
600 1297 755 1326 ἡττηθέντες
773 1305 836 1321 παν-

32 1346 105 1369 τοίων
119 1344 221 1374 οῖησιν,
236 1343 322 1368 πάντα
345 1345 475 1371 κινοῦντες
505 1343 599 1377 τρόπον
626 1342 649 1366 εἴ
674 1350 725 1370 πως
741 1339 835 1376 εὕροιεν

35 1389 61 1414 τὸ
89 1388 263 1423 ποθούμενον.
303 1385 370 1411 Ἀλλ’
397 1386 430 1416 εἰς
457 1386 543 1422 μάτην
563 1385 653 1415 αὐτοῖς
692 1385 705 1410 ὁ
747 1386 833 1419 πόνος,

34 1433 101 1469 παρὰ
115 1431 214 1468 φαῦλον
229 1432 263 1457 τὰ
291 1428 441 1464 διαϐούλια,
471 1427 546 1456 οὐδὲν
579 1434 627 1460 τῆς
648 1427 836 1458 κενοσπονδίας

33 1476 114 1502 αᾶτών
128 1476 278 1508 ἀπώναντο,
295 1475 316 1501 εἰ
342 1477 378 1511 μὴ
409 1477 455 1501 καὶ
478 1474 573 1511 μᾶλλον
598 1473 778 1510 ἀσφαλέστερα
803 1472 836 1498 τὰ

34 1525 76 1552 τῆς
91 1524 176 1557 μονῆς
195 1521 289 1547 ἔθεντο.
304 1523 352 1551 Οις
369 1521 419 1557 γὰρ
438 1520 453 1548 ἡ
484 1521 548 1555 μονὴ
588 1517 707 1550 διενέξεις
731 1517 760 1543 ἐκ
790 1520 835 1542 τοῦ

35 1567 183 1603 μέρους-τῆς
207 1564 352 1594 ἐπισκοπῆς
378 1561 564 1600 Δημητριάδος
587 1564 652 1599 ἔσχε
681 1564 726 1588 καὶ
750 1563 835 1598 πράγ-

35 1619 109 1646 ματα,
125 1611 232 1640 τούτοις
258 1609 385 1645 λαμπρῶς
417 1610 462 1634 καὶ
489 1607 679 1644 ἀναντῐῤῥὴτως
708 1615 836 1644 πατριαρ-

38 1656 97 1690 χιχὴ
128 1654 253 1690 ἀνεφάνη.
282 1655 333 1680 Καὶ
353 1654 383 1679 τὸ
410 1652 521 1679 ἐντεῦθεν
569 1650 746 1686 διαναστᾶσα,

38 1701 201 1736 τριαρχικοίς
222 1707 250 1724 τι
278 1698 460 1735 κατωχυρώθη
488 1697 660 1732 ὑπομνήμασι
683 1700 732 1722 τῶν
761 1695 839 1731 ἁγιω.

41 1744 117 1769 eam.»
130 1746 307 1779 πατριαρχῶν
333 1745 378 1768 τοῦ
407 1751 434 1768 τε
459 1745 541 1778 κυροῦ
558 1743 698 1777 Γερμανοῡ,
721 1742 766 1766 καὶ
794 1743 840 1765 τοῦ

42 1791 116 1825 κυροῦ
132 1786 270 1816 Μανουήλ.
290 1789 338 1813 Καὶ
356 1788 406 1823 πρὸ
434 1790 485 1812 τῶν
513 1785 706 1822 ὑπομνημάτων
730 1783 760 1811 δὲ
782 1784 841 1810 τού-

43 1841 87 1858 των
113 1831 282 1864 κατεξὲτασιν
323 1830 458 1867 ἀπειλήφει
484 1834 531 1857 τοῦ
568 1831 715 1867 μακαρίτου
744 1829 839 1855 ἐκείνου

26 1165 204 1201 ἡγωνίσαντο,
234 1163 356 1195 καθάπαξ
395 1163 485 1200 )ἰχνον

29 1219 58 1236 επ

850 1553 871 1580 C

786 1660 838 1676 πα-

46 1875 169 1904 δεσπότου
195 1879 276 1914 κυροῦ
308 1875 441 1909 Μανουὴλ,
469 1877 596 1912 φέρουσαν
625 1874 765 1912 ἐπιγραφὰς
795 1875 840 1899 καὶ

46 1920 119 1947 mm
134 1923 182 1958 μεν
204 1922 358 1957 ἀρχιερέων,
385 1922 430 1946 καὶ
456 1919 536 1946 αὑτοῦ
568 1917 597 1946 δὲ
622 1922 667 1944 τοῦ
692 1918 840 1954 Δημητριά-

47 1963 89 1996 ὃος
110 1965 243 1993 Νικολάου
265 1969 310 1991 τοῦ
333 1964 444 1999 Βλαττῆ,
476 1968 522 1990 τοῦ
551 1966 658 2000 πρώτως
697 1963 759 1998 ὑπὲρ
795 1965 840 1991 τῆς

48 2014 121 2044 μονῆς
166 2009 368 2047 ἀμφιϐαλόντος.
396 2011 447 2036 Καὶ
503 2010 666 2045 παρίστησιν
709 2005 840 2044 ἁριδήλως

49 2054 107 2083 αὐτη
122 2056 137 2084 ἡ
154 2054 323 2086 κατιξέτασις
349 2054 384 2084 ὡς
408 2054 424 2082 ἡ
454 2055 517 2090 μονὴ
552 2056 600 2083 τῆς
631 2053 841 2088 Μακρινιτίσσης

50 2101 224 2136 πατριαρχικὴ
264 2100 309 2124 καὶ
336 2098 348 2124 ό
385 2095 571 2134 Δημητριάδος
607 2095 743 2132 ἀμετόχως
778 2096 841 2131 ὑπερ

52 2142 296 2174 α’)τῆςδιενὶστοιτο.
313 2144 366 2169 Ναὶ
390 2144 441 2179 μὴν
467 2144 512 2168 καὶ
540 2142 553 2167 ὁ
578 2139 761 2178 Δημητριαδος
789 2139 844 2165 ἐπι-

55 2189 195 2218 σκοπώσας
218 2189 282 2224 μετὰ
318 2189 361 2214 τὸν
399 2187 512 2216 Βλαττῆν
559 2189 687 2222 Νεοφντος
728 2183 844 2214 δήλωσιν

877 238 945 258 sens
961 229 1104 262 studium,
1118 230 1145 256 et
1164 228 1289 256 sollicita
1310 236 1380 256 cura
1405 230 1493 264 atque
1518 229 1639 257 assidua
1660 229 1699 257 ad

877 273 1033 310 quidpiam
1043 272 1193 301 laudabile
1202 272 1320 300 feliciter
1327 272 1492 307 gerendum
1506 272 1699 306 adhibeatur;

877 320 934 348 hoc
947 327 1045 355 neque
1058 321 1120 347 tam
1135 318 1219 346 facile
1233 318 1264 346 iu
1279 326 1355 354 opus
1373 318 1540 350 deducitur,
1562 320 1589 346 et
1604 317 1701 346 sicubi

878 363 991 399 aliquid
1004 363 1188 397 adversetur,
1204 363 1368 391 multorum
1381 371 1416 391 ac
1430 362 1552 391 fortium
1569 363 1702 391 virorum

879 408 1124 444 ministerioopus
1136 409 1190 440 est,
1200 409 1232 435 ut
1242 407 1423 443 perducatur
1439 407 1478 435 ad
1490 407 1593 440 tinem,
1606 407 1701 435 multo

880 455 980 481 autem
991 452 1099 486 magis,
1117 452 1141 479 si
1160 452 1284 485 caeteris,
1300 451 1412 488 quibus
1431 459 1477 479 res
1496 451 1629 480 involuta
1648 452 1702 484 est,

879 496 968 524 malis
982 496 1131 524 cunctatio
1140 496 1277 524 addatur.
1291 497 1348 524 Sed
1355 498 1464 524 nostrae
1471 496 1594 533 quidem
1601 496 1703 524 mode-

881 541 989 570 rationi
1008 541 1096 569 dehis
1105 541 1162 569 ista
1173 541 1317 569 disserere
1324 541 1423 569 visum
1431 543 1476 570 est
1488 543 1702 577 opportunum,

880 593 972 621 reque
987 585 1053 621 ipsa
1067 585 1208 613 novimus
1223 585 1288 613 haec
1306 585 1378 613 talia
1399 593 1475 613 esse.
1494 585 1705 613 Monasterium

882 638 976 667 prope
991 630 1167 658 territorium
1177 630 1373 658 Demetriadis
1396 630 1568 658 subditioue
1581 630 1706 666 patriar-

883 674 958 703 chali
969 675 1070 708 situm,
1087 675 1144 702 sub
1159 675 1280 702 nomine
1295 675 1471 703 castissimae
1492 675 1542 702 Dei
1555 675 1662 709 Matris,
1679 676 1708 703 et

884 719 1109 748 Macriuitissum
1125 719 1248 753 dictum,
1264 719 1329 747 hzec
1345 727 1416 748 sane
1431 719 1544 753 didicit,
1564 719 1707 754 novitque

884 767 973 801 atque
989 766 1131 792 accurata
1141 764 1247 800 peritia
1261 765 1400 800 percepit.
1419 765 1493 792 Cum
1513 764 1593 792 enim
1608 763 1707 791 modi-

884 818 953 837 cum
965 809 1139 842 remisisset,
1155 811 1183 836 et
1198 809 1355 845 paululum
1370 809 1487 837 desidia
1506 810 1643 844 torperet,
1665 809 1707 836 at-

884 862 943 890 que
955 853 1060 882 inertia
1071 853 1170 889 ipsum
1181 853 1583 890 comprehendisset,lapsus
1591 853 1707 890 pericu-

884 898 946 926 lum
963 897 1062 926 statim
1082 896 1123 925 illi
1136 897 1294 930 imminuit,
1318 899 1408 934 atque
1432 897 1644 926 transmutatio
1669 904 1707 926 ex

883 942 1076 979 patriarchali
1091 942 1213 976 ditione,
1239 942 1297 970 sub
1309 950 1371 978 qua
1385 943 1607 979 proclamatum
1633 943 1706 976 erat,

885 987 915 1015 in
922 986 1123 1023 episcopalem
1132 987 1327 1015 Demetriadis
1334 987 1475 1015 denomin
1480 987 1620 1015 ationem.
1630 987 1708 1019 Quot

885 1031 976 1063 enim,
994 1031 1141 1067 etquibus
1154 1031 1253 1058 modis
1269 1031 1461 1059 Demetriadis
1485 1031 1629 1068 episcopi,
1646 1031 1708 1058 suis

886 1076 1015 1112 quisque
1027 1075 1220 1112 temporibus,
1241 1076 1458 1104 monasterium
1480 1076 1538 1104 hoc
1561 1082 1708 1112 usurpare

887 1122 1048 1153 tentarunt,
1062 1120 1230 1156 avidosque
1244 1120 1275 1147 in
1285 1120 1386 1156 ipsum
1397 1119 1500 1148 oculos
1515 1120 1682 1155 injecerunt
1695 1119 1710 1147 ?

888 1164 950 1192 imo
959 1173 1030 1193 vero
1040 1172 1119 1199 aegre
1129 1164 1274 1199 ferebant,
1281 1172 1312 1192 se
1322 1172 1383 1192 non
1390 1173 1453 1192 esse
1472 1164 1607 1201 prmclari
1620 1164 1711 1199 hujus

889 1209 961 1237 boni
971 1209 1139 1245 participes;
1152 1211 1297 1237 noverant
1311 1209 1507 1243 altitudinem,
1528 1211 1617 1245 atque
1623 1216 1713 1236 vene-

890 1254 1012 1282 rationis
1026 1253 1277 1288 magnitudinem,
1292 1254 1460 1282 minuentes
1472 1250 1608 1282 omnium
1618 1252 1714 1281 existi-

889 1299 1058 1332 mationem,
1067 1305 1248 1334 omnemque
1257 1299 1559 1335 moventeslapidem,
1569 1300 1601 1326 ut
1611 1297 1713 1334 aliquo

889 1343 981 1371 modo
996 1342 1057 1370 voti
1072 1344 1227 1378 compotes
1242 1343 1355 1371 ﬁerent.
1374 1343 1431 1371 Sed
1444 1343 1474 1370 in
1499 1351 1614 1371 vanum
1640 1342 1714 1378 ipsis

889 1387 994 1415 cecidit
1004 1386 1100 1420 labor,
1112 1389 1202 1422 atque
1218 1387 1247 1414 in
1263 1387 1349 1422 pejus
1375 1395 1459 1415 versa
1485 1389 1554 1415 sunt
1575 1386 1711 1422 consilia,

888 1431 1022 1467 nihilque
1029 1431 1117 1459 inane
1133 1431 1266 1458 studium
1280 1431 1352 1467 ipsis
1365 1431 1487 1467 profuit,
1498 1434 1714 1468 praeterquam-

889 1475 971 1512 quod
981 1474 1212 1503 resmonasterii
1227 1476 1322 1503 certas
1335 1476 1432 1510 magis
1453 1478 1481 1503 et
1500 1476 1621 1504 stabiles
1641 1476 1712 1503 effe-

889 1522 1001 1548 cerunt.
1013 1520 1034 1552 Q
1040 1519 1127 1547 uibus
1136 1519 1211 1547 enim
1219 1519 1317 1547 modis
1324 1520 1545 1553 monasterium,
1557 1519 1712 1548 facultates

891 1567 918 1593 et
935 1564 1017 1592 bona
1030 1572 1067 1592 ex
1081 1566 1164 1599 parte
1179 1563 1369 1600 episcopatus
1385 1563 1713 1598 Demetriadoshabuit,

890 1609 937 1636 his
943 1610 1085 1645 patenter,
1093 1615 1128 1636 ac
1135 1607 1197 1635 sine
1205 1607 1265 1635 ulla
1271 1610 1354 1635 contr
1360 1608 1507 1636 adictioue
1514 1608 1714 1644 patriarchale

893 1653 1042 1689 apparuit,
1059 1654 1148 1689 atque
1154 1652 1222 1680 hinc
1229 1654 1398 1686 excitatum,
1405 1652 1654 1688 patriarchah'bus
1659 1652 1716 1688 hy-

893 1697 1093 1734 pomnematis
1109 1698 1412 1725 sanctorumPatrum
1433 1697 1537 1725 domni
1566 1697 1714 1730 Germani,

893 1744 922 1769 et
936 1740 1409 1769 domniManuelisconﬁrmatum
1424 1743 1480 1775 est,
1495 1742 1597 1769 etaute
1612 1741 1717 1777 hujus-

893 1785 976 1813 modi
991 1785 1228 1821 hypomnemata
1246 1786 1480 1820 recognitionem
1507 1786 1619 1822 recepit
1637 1785 1718 1814 beati

870 1840 874 1845 -
894 1830 1028 1865 despotze
1041 1829 1155 1858 domini
1174 1829 1316 1858 Manuelis
1328 1829 1472 1858 ferentem
1493 1830 1718 1866 inscriptionem

893 1874 1021 1903 aliorum
1027 1874 1249 1910 episcoporum,
1257 1874 1410 1910 ipsiusque
1419 1875 1551 1911 episcopi
1558 1874 1718 1903 Demetria-

894 1919 939 1946 dis
954 1918 1065 1946 Nicolai
1078 1918 1189 1952 Blattae,
1205 1919 1258 1954 qui
1268 1919 1400 1954 primum
1411 1919 1448 1947 de
1463 1920 1520 1948 hoc
1533 1919 1717 1948 monasterio

894 1963 1049 1991 dubitavit.
1068 1963 1195 1999 ipsaque
1214 1963 1376 1999 recognitio
1396 1964 1537 2000 praeclare
1559 1964 1718 2000 adprobat,

895 2007 1101 2035 monasterium
1110 2007 1332 2035 Macrinitissum
1339 2008 1535 2044 patriarchale
1541 2008 1717 2043 habendum,

895 2054 986 2088 atque
1004 2051 1199 2079 Demetriadis
1219 2052 1395 2088 episcopum
1410 2053 1525 2081 nullam
1544 2053 1719 2081 monasterii

895 2096 987 2132 hujus
1017 2096 1201 2125 Macrinitissi
1220 2097 1480 2132 participationem
1504 2097 1623 2125 habere.
1655 2098 1718 2125 Imo

896 2149 967 2169 vero
982 2142 1010 2168 et
1023 2142 1085 2177 ipse
1102 2141 1200 2168 Blattae
1220 2148 1376 2169 successor
1399 2141 1429 2169 in
1451 2142 1627 2178 episcopatu
1648 2144 1719 2170 Neo-

899 2186 1010 2222 phytus
1016 2184 1248 2213 declarationem
1257 2185 1400 2221 scriptam
1409 2185 1501 2221 dedit,
1515 2189 1604 2223 atque
1616 2187 1722 2215 Deme-

55 2233 173 2269 ἔγγραφον
189 2232 286 2264 ἐξέθιτο
315 2234 359 2259 καὶ
387 2232 473 2267 αὐτὸς,
496 2233 541 2258 καὶ
568 2232 637 2261 ὅπως
661 2231 673 2256 ὁ
698 2230 833 2267 Δημητριά

944 2230 1002 2258 ldis
1017 2230 1193 2266 episcopum
1208 2229 1323 2257 nullam
1335 2231 1506 2258 monasterii
1521 2231 1612 2267 hujus
1622 2231 1722 2260 Macri-

58 2274 98 2307 δσς
121 2278 150 2304 οὐ
178 2280 284 2314 μετέχει
308 2278 341 2308 εὶς
368 2279 415 2307 τὴν
436 2280 516 2313 μονὴν
535 2278 633 2306 ταύτην
666 2281 715 2307 τῆς
746 2279 847 2311 Μακρι-

57 2323 178 2356 νιτίσσης,
203 2321 338 2359 διασαφεῖ,
364 2320 511 2358 ἀναφανδὸν
548 2323 746 2358 πατριαρχικὴν
784 2319 848 2346 εἶναι

60 2366 147 2396 ταύτην
175 2367 317 2403 ὁμολογῶν.
357 2369 408 2393 Καὶ
434 2366 518 2398 ἔξεστι
541 2370 577 2402 τῷ
604 2365 752 2402 βουλομένῳ
775 2366 849 2391 καθέ-

59 2418 138 2438 more:
153 2415 204 2438 τῶν
233 2409 418 2448 δικαιωμάτων
441 2411 621 2447 ἀναλέγεσθαι,
647 2413 692 2436 καὶ
719 2413 766 2440 τὴν
792 2411 851 2436 τού-

60 2462 104 2480 των
126 2455 307 2493 ἁναγνωρίζιιν
343 2454 463 2492 δύναμιν,
501 2458 544 2482 καὶ
574 2455 711 2492 γνωρίζειν
740 2455 807 2484 ὃπως
834 2455 849 2483 ἠ

63 2501 120 2532 μονὴ
133 2503 325 2538 πατριαρχικὴ,
355 2503 400 2527 καὶ
421 2498 546 2536 οὐδεμίαν
571 2501 687 2536 μετοχὴν
718 2500 731 2526 ὁ
765 2502 852 2535 Δημη-

64 2542 162 2579 τριάδος
176 2545 199 2571 ἐν
213 2549 276 2575 αὐτῆ
289 2547 422 2574 κέκτηταυ
447 2545 476 2571 οὐ
491 2547 568 2581 μόνον
590 2542 620 2570 δί
639 2543 663 2570 ἒν
693 2544 770 2577 oriri,
800 2543 853 2569 ἀλλ’

65 2588 116 2613 οὔτε
138 2588 161 2614 ὶν
184 2594 220 2623 τῷ
244 2590 414 2627 παραλαυρίῳ
449 2589 528 2619 αὐτῆς
554 2593 590 2624 τῷ
609 2587 647 2615 ἐπ’
675 2588 783 2625 ὀνόματι
808 2591 854 2614 τοῦ

43 2636 45 2640 τ
67 2631 133 2658 ὁσίου
155 2633 317 2672 ὀνουφρίου,
343 2634 404 2660 ⁴Οτι
426 2635 476 2672 γὰρ
497 2635 541 2660 καὶ
569 2634 582 2658 ὀ
606 2633 678 2663 ὅσιος
708 2633 856 2670 Ὀνούφριος

69 2681 262 2715 πατριαρχικὸν,
288 2681 317 2706 τὸ
340 2680 451 2716 γράμμα
482 2677 618 2715 διατρανοί
655 2681 701 2703 τοῦ
732 2682 768 2713 τῷ
799 2679 857 2704 τότε

70 2725 143 2756 καιρῷ
155 2724 187 2750 τὰ
204 2725 386 2762 πατριαρχικὰ
399 2725 481 2750 ἐκεῖσε
495 2722 628 2753 διέποντος
657 2719 750 2748 δίκαια
773 2722 858 2748 Ἰωάν-

72 2773 110 2790 ννδ
124 2764 242 2808 διακόνου
260 2772 306 2796 τοῦ
328 2769 457 2804 Ἀττικοῦ,
482 2770 512 2795 τὸ
546 2766 594 2795 διά
612 2777 671 2795 τινα
698 2771 744 2794 τοῦ
772 2769 859 2803 Δημή-

900 2274 995 2303 nitissi
1004 2274 1263 2311 participationem
1283 2274 1395 2302 habere
1409 2275 1605 2310 demonstrat,
1621 2276 1725 2312 palam

902 2321 1063 2356 aperteque
1078 2318 1276 2355 patriarchale
1290 2318 1363 2346 illud
1377 2327 1442 2347 esse
1457 2321 1667 2356 pronuntians.
1683 2321 1727 2349 Li-

903 2367 949 2392 cet
959 2371 1048 2400 porro
1057 2363 1177 2392 cuilibet
1195 2363 1305 2391 volenti
1314 2363 1433 2399 singula
1447 2364 1645 2394 instrumenta
1659 2373 1727 2401 per-

903 2408 1011 2444 legere,
1026 2415 1191 2443 eorumque
1211 2408 1274 2435 vim
1296 2408 1529 2444 deprehendere,
1560 2417 1595 2437 ac
1622 2417 1726 2445 nosse,

905 2453 1060 2490 quomodo
1066 2452 1282 2480 monasterium
1295 2453 1493 2489 patriarchale
1499 2454 1545 2488 sit,
1551 2453 1729 2490 nullamque

906 2498 984 2527 illius
998 2497 1256 2534 participationem
1270 2497 1380 2525 habeat
1406 2497 1600 2526 Demetriadis
1616 2497 1730 2534 episco-

907 2551 983 2580 pus:
997 2549 1058 2570 non
1070 2541 1167 2569 solum
1176 2544 1277 2570 autem
1295 2541 1385 2574 illius,
1403 2541 1456 2569 sed
1475 2549 1572 2578 neque
1596 2541 1730 2570 radicula)

909 2587 965 2624 ipsi
978 2587 1127 2622 adjuncta:
1145 2586 1201 2614 sub
1220 2585 1341 2614 nomine
1357 2586 1451 2614 sancti
1476 2586 1630 2622 Ouuphrii.
1645 2586 1733 2618 Quod

910 2632 990 2660 enim
1005 2634 1032 2659 et
1046 2631 1141 2659 sancti
1156 2630 1300 2667 Onuphrii
1315 2630 1442 2658 aedicula
1452 2630 1658 2667 patriarchalis
1684 2631 1733 2666 sit,

911 2677 1066 2713 perspicue
1081 2675 1251 2704 manifestat
1265 2674 1368 2704 charta
1379 2675 1503 2704 Joannis
1513 2675 1630 2704 diaconi
1639 2675 1735 2711 Attici,

912 2729 948 2750 eo
961 2723 1093 2756 tempore
1099 2719 1310 2757 patriarchalia
1315 2720 1384 2755 jura
1395 2719 1641 2754 administrantis,
1655 2720 1737 2749 facta

914 2766 1072 2795 occasione
1086 2765 1231 2794 molestiae
1245 2764 1406 2800 cujusdam
1417 2764 1504 2794 illatae
1515 2773 1533 2794 a
1543 2764 1738 2806 Demetriadig
