1970 3082
262 109 313 137 943

864 104 1005 133 ARSENH
1027 105 1076 133 CP.
1097 103 1342 133 PATRIARCHIE.
1892 110 1930 136 94'}
1941 114 1942 117 ‘

261 168 413 207 episcopo,
422 167 609 205 quaeidcirco
623 165 748 195 refertur
757 166 788 194 in
804 166 890 194 dictis
901 167 1060 203 patriarcha

1140 165 1249 203 τριάδος
1276 167 1471 205 παρενόχλησιν
1509 170 1623 204 γεγονός,
1648 171 1693 195 καὶ
1717 169 1856 206 ἐμφέρεται
1886 174 1931 207 περὶ

260 215 338 243 libus
346 211 605 249 hypomnematis.
625 212 665 239 Ac
673 210 846 247 simpliciter
860 212 940 247 quod
954 219 1020 239 vere
1035 219 1086 248 pa-

261 257 429 287 triarchalia
449 256 508 284 sint
522 257 583 284 tam
607 255 824 283 monasterium
847 255 1083 291 Macrinitissum,

260 310 355 339 quam
371 302 462 337 hujus
476 300 639 337 hospitium
650 302 772 328 sanctus
792 300 976 336 Onuphrius,
1002 300 1085 329 nulla

260 349 305 376 est
319 345 476 378 dubitatio,
492 344 546 373 sed
565 344 680 372 clarum
695 346 740 372 est
765 346 855 380 atque
876 344 907 372 in
935 344 1082 373 confesso.

261 390 458 427 Similiterque
487 388 658 417 indubitata
689 388 851 425 multisque
878 388 1084 417 instrumentis

260 435 440 465 conﬁrmata
445 434 503 463 hac
509 441 551 468 re,
558 441 664 462 rursus
670 433 768 468 magis
779 432 1005 467 conﬁrmantur,
1016 441 1084 470 quae

259 479 301 510 ad
314 478 530 508 monasterium
541 479 570 506 et
576 477 625 512 adj
631 479 753 505 unctam
760 476 919 505 aediculam
926 478 1083 514 pertinent.

258 525 323 554 Non
337 523 428 559 igitur
441 522 572 559 amplius
587 521 706 550 diﬂerre
719 521 822 557 voluit,
840 521 1083 550 ardentissimum

258 576 332 605 erga
340 568 405 597 haec
414 575 549 596 amorem
563 566 708 600 nutriens,
723 566 840 602 animo!
850 567 947 602 magis
972 567 1081 601 adhuc,

257 621 353 651 quam
365 620 500 649 corpore,
513 610 724 640 nobilissimus
740 611 912 639 Comnenus
941 611 1084 641 dominus

258 657 396 687 Nicolaus
410 656 580 686 Maliasinus
588 655 805 684 moderationis
832 657 943 684 nostrae
951 655 1084 691 {dilectis-

258 703 353 731 simus
370 701 462 730 ﬁlius.
479 700 531 729 Hic
560 700 641 728 enim
661 707 731 728 cum
746 699 929 728 laudabilem
948 699 1044 728 zelum
1064 709 1083 729 a

256 749 342 784 patre
352 746 501 775 suobeato
517 744 670 774 Comneno
680 744 806 772 domino
822 743 1016 773 Constantino
1027 746 1082 774 Ma-

255 792 365 821 liasino
376 790 526 826 derivarit,
540 791 601 818 toto
616 789 718 817 animo
746 791 868 825 totaque
893 792 992 818 mente
1016 798 1081 818 mo-

1140 214 1233 238 τούτου
1248 215 1292 238 καὶ
1307 212 1332 238 ἐν
1347 216 1401 244 τοῖς
1417 211 1610 249 διειλημμένοις
1646 217 1857 250 πατριαρχικαῖς
1883 216 1931 240 ὖπμ

1139 259 1268 292 μνήμασι.
1298 259 1348 283 Καὶ
1376 256 1463 288 ἁπλῶς
1489 258 1529 284 ὅτι
1556 259 1741 295 πατριαρχικὰ
1760 261 1808 284 καὶ
1844 261 1874 284 τό
1896 264 1932 289 τῆς

1139 303 1351 337 Μηκρινιτὶσσης
1369 304 1552 339 μοναστὴριον,
1578 304 1620 328 καὶ
1642 304 1673 328 τό
1697 304 1792 328 τούτου
1820 305 1932 338 μετόχιον

1140 346 1154 371 6
1182 346 1255 377 ὅσιος
1278 345 1429 383 Ὀνούφριος
1457 345 1569 383 οὐδεμία
1593 346 1745 383 ἀμφιϐολία,
1777 346 1844 374 ἀλλὰ
1870 358 1932 384 φανί-

1138 391 1183 426 ρὸν
1206 392 1251 416 καὶ
1294 390 1506 427 ὁμολογούμενον.
1550 391 1638 428 Ὅμως
1680 389 1707 417 δ’
1730 391 1776 418 οὖν
1803 394 1850 418 καὶ
1866 393 1934 422 οὗτος

1139 434 1314 470 ἀναμφιϐόλου
1337 437 1381 461 καὶ
1406 435 1507 466 πολλοῖς
1531 435 1555 461 ἐν
1580 433 1743 471 δικαιώμασι
1768 435 1880 472 βεϐαίου
1898 441 1934 462 τοῦ

1137 479 1298 516 πράγματος,
1314 477 1372 505 οὐδ’
1387 479 1463 511 αὖθις
1482 481 1519 516 μὴ
1544 481 1590 506 καὶ
1616 479 1702 506 πλεῖον
1727 480 1883 518 ἕνστηρὶξιι
1912 484 1935 506 τὰ

1138 527 1183 554 τῆς
1195 526 1330 559 μονῆςκαὶ
1343 527 1390 550 τοῦ
1418 524 1599 562 παραλανρίου
1628 523 1710 555 αὐτῆς
1738 525 1847 552 τούτου.
1877 526 1935 552 Οὗχ-

1138 577 1182 593 ουν
1213 565 1383 594 οὗδοπωσοῡν
1422 566 1586 595 διανεϐοίλετο
1625 569 1638 594 6
1667 568 1730 606 ὑπὲρ
1757 570 1860 596 τούτων
1885 568 1933 596 διά-

1137 621 1218 650 πυρον
1246 612 1349 650 φίλτρον
1378 615 1486 650 τρέφων,
1509 614 1521 639 6
1545 615 1590 639 καὶ
1622 613 1715 649 ψυχὴν
1740 613 1795 650 οὐχ
1825 612 1899 644 ἧττον
1920 616 1930 644 ἑ

1137 657 1205 683 κατὰ
1225 661 1301 693 σῶμα
1327 657 1350 684 εἰ
1368 659 1403 693 μὴ
1431 659 1476 683 καὶ
1504 657 1598 694 μᾶλλον
1621 657 1807 694 εὐγενέστατος
1835 659 1848 685 6
1875 662 1931 695 Κομ-

1136 702 1210 732 νηνὸς
1236 703 1317 739 κυρὸς
1339 701 1468 733 Νικόλαος
1493 703 1506 728 6
1536 701 1715 738 Μαλιασηνὸς,
1741 705 1773 729 τό
1801 707 1849 734 τῆς
1869 705 1931 740 ἡμῶν

1136 748 1303 783 μετριότητος
1330 745 1465 782 ἀγαπητὸν
1502 748 1598 774 τέκνον.
1635 747 1717 777 οὗτος
1741 749 1805 785 γὰρ,
1844 747 1933 775 Exul-us-

1134 791 1178 816 τὸν
1192 790 1269 820 ζῆλον
1293 790 1426 817 ἀναλαϐὼν
1453 794 1499 817 τοῦ
1528 792 1627 828 πατρὸς
1650 791 1731 818 αὐτοῦ
1758 795 1807 819 τοῦ
1830 796 1932 829 μακαρί-

256 835 378 865 nasterii
403 834 494 871 hujus
523 833 718 868 Macrinitissi,
748 835 777 861 et
797 833 918 870 hospitii
943 834 1060 869 ejusder

1135 844 1181 861 του
1197 834 1293 861 ἐκείνου
1324 838 1458 872 Κομνηνοῦ
1482 839 1563 872 κυροῦ
1587 839 1784 863 Κωνσταντίνου
1813 842 1861 864 τοῦ
1886 841 1932 865 Μα-

255 881 413 910 utilitatem
419 878 552 912 anhelat;
561 878 645 907 ardet
653 877 777 906 omnino
788 885 842 914 pro
853 877 1080 907 conﬁrmatione

255 928 284 955 et
301 925 442 954 beneﬁtio
463 931 578 957 eorum,
603 922 846 959 tranquillitatem
872 925 961 959 atque
983 924 1079 952 omni-

254 969 507 1000 modamillorum
528 968 695 996 libertatem
714 967 874 1003 desiderat,
896 975 1079 1004 omnemque

252 1015 389 1046 laborem
401 1015 432 1043 in
446 1014 504 1042 hoc
519 1021 596 1049 opus
603 1012 731 1040 confert:
742 1011 889 1048 quoniam
896 1016 1079 1041 memoratus

252 1062 320 1097 ejus
335 1062 420 1098 pater
434 1058 541 1087 beatus
560 1057 608 1085 ille
628 1057 758 1085 multum
771 1056 929 1089 laboravit,
943 1059 971 1085 et
986 1057 1077 1093 pluri-

252 1113 338 1134 mam
350 1102 488 1132 adhibuit
497 1109 602 1130 curam
617 1100 656 1129 ad
671 1100 889 1129 monasterium
898 1101 1078 1130 conﬁrman-

252 1149 337 1184 dum,
354 1150 387 1176 ut
400 1145 572 1183 simpliciter
584 1145 695 1178 dicam,
712 1144 801 1181 quale
824 1145 916 1173 modo
941 1148 986 1173 est
1013 1146 1077 1181 (sed

251 1193 320 1222 licet
331 1192 389 1226 hoc
396 1198 498 1224 nosse,
512 1192 602 1226 atque
610 1189 778 1225 perspicere
793 1189 821 1217 in
829 1189 1077 1225 patriarchalibus

251 1237 379 1266 relatum
387 1233 631 1271 hypomnematis
645 1234 664 1269 ).
681 1233 732 1261 Hic
750 1233 840 1268 igitur
867 1241 936 1262 vere
947 1234 1077 1270 religiosi

251 1281 346 1318 patris
359 1279 515 1314 religiosus
529 1278 619 1312 ﬁlius,
643 1277 750 1306 divinis
784 1279 909 1306 omnino
934 1278 1075 1314 intentus,

251 1328 470 1363 paternamque
486 1323 629 1352 curamin
641 1323 764 1359 iisquae
778 1323 817 1351 ad
825 1323 1074 1360 Deum'spectant,

251 1370 388 1399 aemulari
403 1376 595 1405 summopere
602 1367 736 1402 studens,
747 1368 851 1404 quales
861 1376 923 1396 non
939 1368 1077 1398 adhibuit

250 1423 354 1452 preces
369 1414 450 1451 apud
469 1413 707 1442 moderationem
722 1420 833 1444 meam,
847 1415 957 1449 quotve
973 1416 1075 1449 postu-

250 1458 412 1488 lationibus
424 1464 547 1486 exorare
560 1465 621 1485 non
632 1456 742 1484 destitit
752 1464 815 1484 non
830 1457 938 1490 solum,
954 1460 987 1485 ut
1000 1465 1075 1493 prae-

249 1504 352 1533 berem
366 1502 550 1533 monasterio
562 1501 631 1530 huic
646 1509 749 1530 meum
758 1501 976 1537 hypomnema,
985 1502 1038 1530 sed
1045 1504 1074 1530 et

249 1549 381 1588 praefecti
397 1549 571 1577 electionem
584 1549 612 1575 et
630 1547 777 1578 ordinem,
793 1546 880 1574 valde
895 1547 1074 1584 deprecatus

249 1597 295 1624 est
308 1597 337 1623 et
367 1593 501 1622 maximo
527 1591 643 1621 ardoris
657 1591 781 1619 fervoris
793 1599 851 1627 que
862 1591 976 1628 impetu
988 1592 1075 1621 obse-

249 1639 363 1673 crabat,
379 1638 575 1674 impensaque
587 1635 717 1672 rogabat
736 1635 963 1671 supplicationis
981 1636 1074 1665 ﬁnem

248 1684 360 1712 videre.
375 1683 408 1710 Et
417 1682 466 1709 hic
480 1680 603 1717 quidem
624 1688 779 1708 summum
795 1687 866 1715 erga
881 1681 974 1708 Deum
990 1689 1074 1709 amo-

248 1735 314 1756 rem
323 1727 381 1755 hoc
395 1725 489 1754 modo
499 1724 629 1753 ostendit
644 1731 650 1751 ε
659 1724 825 1752 moderatio
832 1726 933 1752 autem
944 1733 1012 1754 mea
1022 1733 1074 1762 op-

249 1772 323 1800 timo
337 1770 491 1806 proposito
505 1768 636 1803 benigne
649 1775 798 1801 annuens,
814 1768 958 1804 piumque
984 1769 1073 1806 hujus

249 1816 303 1845 viri
316 1817 420 1843 votum
435 1812 613 1849 adimplens,
626 1819 757 1848 praesens
768 1812 950 1840 omnimodae
961 1813 1072 1842 immu—

249 1859 350 1891 uitatis
363 1859 570 1895 hypomnema
589 1855 717 1889 exhibet,
728 1856 830 1884 virtute
846 1857 943 1892 cujus,
966 1861 995 1886 et
1010 1858 1072 1894 Spi-

248 1905 320 1934 ritus
331 1903 425 1932 sancti
437 1902 542 1939 gratia,
567 1900 681 1934 deﬁnit,
706 1900 829 1928 omnino
853 1900 981 1930 liberum
1007 1910 1072 1931 esse

249 1949 363 1977 dictum
390 1945 606 1975 monasterium
637 1945 874 1980 Macrinitissum,
913 1946 1072 1983 ipsiusque

248 1992 414 2030 hospitium
428 1993 565 2020 sanctum
589 1989 787 2025 Onuphrium,
816 1992 918 2026 utpote
939 1999 1007 2027 quae
1020 1999 1072 2028 pa-

248 2037 419 2067 triarchalia
433 2035 526 2064 modo
537 2036 616 2068 sunt,
628 2041 663 2062 ac
671 2041 790 2070 semper
797 2037 891 2068 erunt,
899 2037 928 2063 et
935 2036 1072 2064 nomina-

246 2084 371 2118 buntur,
384 2079 605 2114 secundumea,
620 2078 731 2115 quibus
758 2079 902 2107 instructa
925 2083 1004 2115 sunt,
1027 2081 1071 2108 di-

247 2128 384 2165 plomata
403 2128 493 2161 atque
500 2123 711 2161 patriarchalia
727 2123 966 2160 hypomnemata
983 2133 1071 2153 sanc-

247 2174 347 2201 torum
358 2169 595 2207 patriarcharum
606 2170 830 2197 antecessorum
841 2176 988 2197 meorum.
1005 2170 1060 2198 Nul

1135 878 1327 914 λιασηνοῡ,ὁλη
1352 879 1429 916 ψυχῆ
1456 882 1502 906 καὶ
1527 883 1615 917 γνώμη
1635 880 1680 910 ὅλη
1710 883 1781 908 πνέιι
1804 883 1871 920 ὑπερ
1893 887 1931 914 τῆς

1134 924 1215 960 μονῆς
1229 925 1324 955 ταύτης
1347 928 1396 955 τῆς
1418 927 1631 961 Μακρινιτίσσης
1664 928 1709 952 καὶ
1734 930 1783 952 τοῦ
1812 930 1930 963 μιτοχίον

1134 968 1224 999 αὐτῆς·
1256 966 1365 996 σπεύδει
1395 969 1458 1006 ὑπὲρ
1492 970 1645 1001 συστάσεως
1676 970 1761 996 αὐτῶν
1783 970 1932 998 nail-7:136-

1134 1021 1209 1046 σεως,
1236 1015 1281 1039 καὶ
1304 1014 1333 1039 τὸ
1357 1012 1568 1051 ἀπαρενόχλητον
1592 1016 1638 1041 καὶ
1654 1012 1828 1041 ἆδιάσειστον
1842 1017 1932 1042 τούτων

1131 1057 1216 1091 ποθεῖ,
1245 1059 1290 1083 καὶ
1322 1058 1407 1084 πάντα
1447 1060 1524 1084 πόνον
1557 1059 1620 1096 ὑπὲρ
1659 1060 1752 1085 τούτου
1783 1060 1931 1096 ὑφίσταται.

1132 1101 1204 1128 Ἐπεί
1229 1104 1270 1128 τοί
1303 1111 1333 1138 γε
1370 1105 1415 1129 καὶ
1451 1103 1464 1128 ὁ
1491 1103 1674 1139 μνημονευθςὶς
1703 1104 1798 1130 τούτου
1825 1106 1932 1142 πατὴρό

1131 1148 1279 1184 μακαρίτης
1311 1146 1406 1177 ἐκεῖνος
1442 1147 1582 1183 πάμπολλα
1617 1149 1770 1174 κεκοπίακα
1803 1150 1868 1186 ὑπὲρ
1892 1153 1932 1176 τοῦ

1131 1192 1178 1219 τὴν
1197 1192 1278 1226 μονὴν
1304 1195 1483 1224 καταστῆσαι,
1509 1191 1597 1222 ἁπλῶς
1626 1192 1714 1228 φάναι,
1745 1193 1781 1224 εἰς
1808 1192 1822 1219 ὃ
1855 1192 1930 1221 ἐστιν.

1130 1234 1200 1262 Ἀλλ’
1225 1235 1281 1266 ἐξὸν
1303 1239 1380 1262 τοῦτο
1407 1237 1558 1272 γνωσθῆναι
1576 1235 1601 1262 ἐν
1633 1237 1687 1267 τοῖς
1727 1243 1932 1276 πατριαρχικοῖς

1131 1279 1300 1316 ἐμφερόμενον
1320 1281 1514 1317 ὑπομνήμασιν.
1543 1279 1626 1312 Οὗτος
1650 1280 1675 1308 δ’
1701 1282 1746 1308 οὖν
1774 1283 1787 1308 6
1808 1282 1928 1321 ὶνὲργοις

1132 1324 1271 1360 θεαρέστου
1298 1326 1394 1359 πατρὸς
1437 1326 1574 1362 θεάρεστος
1594 1327 1661 1360 υίὸς,
1688 1327 1701 1352 ό
1735 1327 1865 1363 θεάρεστα
1890 1330 1932 1353 καὶ

1132 1367 1315 1405 βουλευόμενος
1338 1371 1383 1396 καὶ
1420 1367 1652 1406 διαπραττόμενος,
1677 1373 1722 1396 καὶ
1748 1369 1870 1398 σπεύδων
1898 1375 1931 1408 μή

1131 1412 1271 1449 ἁπολεῖψαι
1288 1417 1335 1444 τῆς
1349 1418 1481 1451 πατρικῆς
1502 1413 1622 1445 σπουδῆς
1647 1413 1671 1440 ἐν
1695 1419 1752 1446 τοῖς
1779 1414 1838 1442 Θεῶ
1873 1415 1931 1442 δια-

1131 1459 1250 1493 φέρουσι,
1280 1461 1344 1484 ποῖα
1368 1461 1415 1487 τὴν
1443 1459 1515 1494 ἡμῶν
1542 1460 1572 1485 οὺ
1605 1459 1800 1496 παραλήτευσε
1824 1464 1930 1497 μητριό-

1129 1503 1298 1535 τητα;πὸσα
1322 1502 1352 1528 οὗ
1379 1503 1632 1538 καθικέτενσενςού
1670 1507 1730 1541 περὶ
1770 1509 1818 1531 τοῦ
1846 1507 1931 1543 ἔπορε-

1128 1547 1229 1582 χθῆναι
1256 1549 1332 1582 μόνον
1358 1551 1389 1577 τῆ
1421 1551 1486 1583 μονῆ
1513 1549 1596 1578 ταύτῃ
1620 1550 1665 1575 καὶ
1697 1547 1836 1584 ἡμεδαπὸν

1129 1600 1228 1627 μνημα,
1252 1590 1315 1617 ἀλλὰ
1340 1594 1385 1617 καὶ
1407 1594 1465 1628 περὶ
1488 1595 1535 1623 τῆς
1568 1596 1612 1619 τοῦ
1651 1594 1797 1629 ἡγουμένου
1823 1593 1933 1631 ὸιλογῆς

1128 1637 1172 1661 καὶ
1199 1635 1281 1667 τάξως
1303 1635 1382 1662 πολὺν
1408 1635 1568 1674 παρεξέτεινε
1594 1638 1638 1663 τόν
1661 1637 1757 1664 ἱκέσιον
1784 1640 1852 1674 μετὰ
1878 1640 1935 1676 θερ-

1127 1683 1180 1716 μῆς
1193 1681 1237 1706 καὶ
1265 1680 1378 1710 ζεοὺσης
1402 1681 1483 1717 ὁρμῆς
1508 1680 1646 1715 ἠντιϐόλει,
1673 1681 1826 1719 ἓξελιπάρει,
1856 1686 1934 1721 πέρας

1127 1728 1175 1754 τῆς
1200 1723 1298 1754 ἱκεσίας
1328 1723 1401 1751 ἰδεῖν.
1435 1723 1503 1750 Ἀλλ’
1530 1722 1605 1756 οὗτος
1630 1726 1676 1761 μὲν
1698 1730 1811 1753 τοιαῦτα
1834 1729 1882 1756 τὴν
1903 1728 1934 1758 εἰς

1127 1771 1191 1795 Θεὸν
1223 1768 1327 1804 ἀγάπην
1365 1768 1467 1800 δεικνὺς
1498 1772 1546 1799 τὴν
1572 1769 1708 1799 αὐτοῦ,Ἡ
1735 1769 1765 1798 δὲ
1793 1775 1935 1810 μετριότης

1126 1814 1199 1848 ἡμῶν
1213 1817 1259 1843 τῆς
1279 1814 1380 1849 ἀγαθῆς
1407 1814 1553 1851 προθέσεως
1576 1812 1755 1852 ἀποδεξαμένη
1778 1817 1823 1843 τὸν
1847 1815 1935 1854 ἄνδρα

1126 1860 1171 1883 καὶ
1183 1859 1229 1887 τὴν
1243 1857 1325 1884 αὐτοῦ
1353 1859 1488 1896 θεάριστον
1515 1861 1615 1885 ίκισίαν
1641 1859 1790 1896 πληροῦσα,
1817 1863 1848 1887 τὸ
1870 1872 1935 1898 παρ-

1126 1903 1153 1928 ὸν
1177 1906 1222 1932 τῆς
1257 1902 1396 1933 καθολιχῆς
1417 1902 1559 1940 ἕλευθερίας
1608 1903 1742 1933 ἔκτίθησιν
1778 1905 1932 1946 ὑπόμνημα,

1126 1944 1163 1971 δι’
1179 1944 1209 1972 οὗ
1234 1949 1278 1972 καὶ
1293 1945 1317 1972 ἐν
1342 1946 1410 1983 ἁγίῳ
1436 1949 1566 1984 Πνεῦματι
1591 1946 1737 1986 διορίζεται
1762 1944 1933 1977 παντάπασιν

1126 1989 1257 2028 ἐλευθέραν
1289 2000 1354 2017 ειναι
1390 1994 1434 2021 τήν
1468 2001 1496 2018 τε
1527 1992 1654 2029 ῥηθεῖσαν
1678 1997 1724 2024 τῆς
1745 1995 1932 2032 Μαρινίσσης

1125 2037 1273 2071 μονὴν,καὶ
1290 2037 1320 2062 τὸ
1343 2036 1440 2066 ταύτης
1465 2038 1588 2072 μετὸχιον
1610 2039 1654 2063 τὸν
1679 2037 1753 2074 ἅγιον
1777 2039 1932 2078 Ὀνούφριον

1126 2080 1160 2110 ὡς
1175 2081 1359 2117 πατριαρχικὰ
1377 2082 1422 2106 καὶ
1447 2082 1508 2106 ὄντα
1526 2084 1571 2108 καὶ
1598 2081 1669 2108 ἐσαεὶ
1699 2081 1810 2119 ἔσόμινᾰ
1830 2093 1860 2110 τε
1887 2095 1933 2111 και

1126 2123 1358 2161 ὀνομασθησόμενος
1386 2126 1454 2151 κατὰ
1488 2126 1522 2152 τὰ
1544 2128 1678 2163 προσόντα
1703 2127 1791 2158 αὐτοῖς
1823 2127 1932 2155 δικαιώ-

1125 2177 1196 2204 ματα
1221 2171 1266 2195 καὶ
1305 2170 1338 2195 τὰ
1374 2171 1559 2207 πατριαρχικὰ
1593 2171 1768 2208 ὑπομνήματα
1802 2177 1854 2199 τῶν
1879 2176 1930 2210 πρό

246 2214 529 2251 lusigituromnium
536 2213 688 2248 ordinum,
698 2214 760 2241 sive
767 2212 995 2249 ecclesiasticus,
1008 2215 1060 2242 δίνη

1129 2213 1197 2248 ἡμῶν
1213 2213 1362 2249 ἁγιωτάτων
1376 2219 1559 2252 πατριαρχῶν.
1578 2213 1674 2247 Οὐδεὶς
1698 2216 1742 2242 οὖν
1769 2221 1821 2243 τῶν
1850 2219 1931 2245 ἀποίν-

244 2261 350 2294 laicus,
362 2260 424 2288 sive
436 2260 565 2293 senator,
580 2257 642 2286 sive
668 2257 806 2294 specialis
832 2258 984 2294 quaepiam
1006 2267 1072 2294 per-

245 2313 321 2334 sona
333 2304 444 2334 audeat
458 2310 595 2339 unquam
606 2302 657 2338 jus
676 2302 799 2339 aliquod
810 2302 841 2330 in
862 2302 898 2330 iis
910 2310 1070 2332 revocare:

246 2350 298 2379 sed
325 2356 424 2386 neque
449 2347 503 2385 qui
515 2355 570 2384 pro
596 2349 728 2383 tempore
753 2347 840 2375 fuerit
875 2347 1071 2375 Demetriadis

246 2395 416 2431 episcopus,
428 2392 574 2421 rationem
588 2392 700 2420 habeat
719 2393 771 2419 aut
782 2391 832 2426 jus
862 2390 1029 2426 quodpiam
1039 2392 1070 2419 in

244 2439 359 2469 dictum
381 2437 608 2473 monasterium,
633 2436 681 2464 vel
705 2437 843 2463 sanctum
868 2435 1067 2470 Onuphrium.

243 2483 371 2522 Speciali
392 2483 472 2511 enim
498 2482 613 2511 ratione
639 2480 724 2508 illum
752 2478 881 2507 excludit
902 2479 1069 2509 moderatio

243 2538 324 2565 mea,
343 2530 444 2564 utpote
459 2528 511 2564 qui
529 2527 687 2555 turbarum
706 2531 798 2551 causa
820 2523 851 2551 in
884 2526 1068 2554 monasterio

243 2582 308 2604 esse
322 2573 426 2602 soleat.
441 2574 508 2601 Haec
516 2572 558 2600 ita
566 2569 671 2598 deﬁnit
698 2568 862 2596 moderatio
889 2577 967 2604 mea,
984 2572 1012 2598 et
1025 2570 1068 2599 in-

242 2621 385 2648 temerata
398 2618 429 2646 in
452 2618 627 2654 perpetuum
651 2620 770 2641 servare
789 2613 925 2649 cupiens,
947 2622 1066 2643 excom-

241 2663 477 2692 municationem
486 2659 594 2694 inﬂigit
605 2666 623 2686 a
632 2657 751 2686 viviﬁca
768 2657 904 2686 Trinitate
920 2658 1066 2688 adversus

241 2715 304 2744 eos,
326 2708 379 2745 qui
407 2706 555 2740 abrogare
579 2702 756 2731 tentaverint
781 2702 939 2739 quidpiam
961 2711 1065 2732 eorum

240 2760 310 2790 qua
324 2750 449 2781 deﬁnita
463 2751 554 2784 sunt;
579 2747 887 2778 excommunicatione
915 2747 1061 2785 damnati,

1124 2267 1174 2284 των
1188 2259 1238 2284 εἴτε
1265 2257 1494 2293 ἐκκλησιαστικὸς,
1523 2261 1538 2288 ἣ
1570 2257 1745 2296 δημοσιακὸς,
1768 2262 1784 2291 ἦ
1814 2262 1931 2298 συγκλι-

1124 2304 1206 2336 τικός,
1223 2304 1238 2332 ἥ
1259 2301 1390 2330 ἰδιωτικόν
1405 2306 1543 2342 πρόσωπον
1559 2304 1684 2341 τολμήσει
1698 2308 1803 2333 πώποτε
1822 2305 1929 2334 δίκαιον

1124 2357 1150 2373 τι
1166 2346 1377 2374 ἀνακαλέσασθαι
1396 2347 1424 2374 ἐκ
1447 2348 1545 2379 αὐτοῖς.
1560 2348 1630 2376 Ἀλλ’
1645 2348 1707 2376 οὖδὶ
1735 2350 1811 2381 αὐτὸς
1834 2352 1848 2378 6
1861 2353 1930 2379 κατὰ

1123 2394 1230 2429 καιροὺς
1244 2390 1428 2430 Δημητριάδος
1438 2392 1580 2425 ἔπιστιοπος
1604 2393 1680 2430 λόγον
1699 2394 1749 2426 ἔξει
1775 2395 1791 2425 ἦ
1822 2393 1929 2423 δικαιο-

1123 2436 1211 2473 λογίαν
1226 2438 1285 2464 τινὰ
1298 2437 1332 2468 εἰς
1347 2439 1394 2467 τὴν
1410 2438 1536 2475 ῥηθεῖσαν
1562 2441 1643 2475 μονὴν
1672 2439 1688 2469 ἣ
1723 2439 1758 2470 εἰς
1780 2441 1825 2466 τὸν
1853 2440 1927 2477 ἅγιον

1122 2480 1283 2520 Ὀνούφριον.
1313 2480 1469 2519 Ἰδικωτέρω
1496 2485 1542 2510 καὶ
1572 2484 1624 2521 γὰρ
1649 2483 1717 2520 λόγῳ
1743 2483 1927 2522 ἀποπέμπεται

1122 2527 1137 2555 ἡ
1158 2529 1295 2564 μετριότης
1310 2528 1382 2564 ἡμῶν
1397 2531 1497 2561 τοῦτον,
1514 2529 1547 2558 ὡς
1573 2527 1650 2555 αὐτόν
1677 2537 1739 2555 ποτε
1763 2533 1814 2556 τῶν
1844 2529 1927 2566 ὀχλή-

1122 2580 1185 2596 σεων
1199 2572 1280 2597 αἴτιον
1296 2575 1328 2601 τῆ
1355 2576 1431 2607 μονῆ.
1457 2575 1547 2599 Ταῦτα
1574 2572 1640 2599 οὕτω
1665 2571 1814 2610 διορίζεται
1835 2575 1851 2603 ἡ
1881 2584 1926 2611 με·

1120 2617 1223 2652 τριότης
1251 2617 1334 2652 ἡμῶν·
1368 2618 1413 2643 καὶ
1449 2615 1607 2654 ἀπαράϐατοι
1644 2615 1832 2655 διατηρεῖσθαι
1858 2618 1925 2656 βου-

1119 2659 1211 2696 λομένη
1239 2660 1273 2691 εἰς
1300 2659 1419 2695 δινέκειν,
1436 2661 1582 2699 ἀφορισμὸν
1639 2661 1748 2690 ἐπισείεί
1794 2665 1839 2690 τὸν
1871 2663 1924 2690 ἀπὸ

1119 2710 1166 2736 τῆς
1190 2706 1346 2743 ζωαρχικῆς
1385 2705 1499 2744 Τριάδος
1524 2708 1592 2734 κατά
1616 2712 1666 2734 τῶν
1688 2709 1867 2738 eam:an
1896 2719 1924 2736 τι

1118 2754 1167 2776 τῶν
1190 2748 1379 2788 διωρισμένων.
1405 2751 1475 2779 ’Δλλ’
1501 2753 1542 2779 ὅτι
1564 2753 1610 2789 μὲν
1633 2750 1787 2781 ἁλίσκονται
1804 2758 1841 2790 τῷ
1857 2755 1923 2791 ἁγο-
