1970 3082
10 121 99 150 945

10 186 136 219 ρισμῷ
167 183 193 209 οἰ
230 182 357 212 ἀθετῆσαί
382 191 408 209 τι
431 185 481 208 τῶν
510 183 694 219 ἕντιταλμένων
723 185 848 221 παραθη-

13 229 163 264 σόμενοι,
179 228 297 253 ἴστωσαν
307 230 385 253 τοῦτο
410 227 494 254 αὖτοίσ
521 228 535 257 ἡ
561 226 590 254 δὲ
613 230 749 265 μιτριότης
775 229 847 264 ἡμῶν

10 274 90 298 καὶ
105 274 167 309 μορ).
177 275 223 302 τῆς
236 271 344 308 ἱκλογῆς
367 275 414 298 τοῦ
439 271 463 299 ἓν
488 276 520 309 τῇ
552 277 616 310 μονῇ
643 277 690 304 τῆς
717 276 848 309 Μακρινι-

12 317 142 347 τίσσης
164 319 328 352 προιστῶτος
353 319 438 343 ταῦτα
474 314 608 345 διατυποῖ.
634 317 745 344 Ὀπόταν
770 318 849 352 ἡγού-

14 369 121 395 μενος
147 363 199 386 τῶν
225 364 312 397 χρεῶν
341 359 529 398 λῃτουργήσας
555 362 618 398 πρὸς
646 363 741 398 Κύριον
765 360 848 390 ὶκδη-

14 407 73 439 μή
83 413 134 440 an,
148 405 261 440 γινέσθω
279 403 372 441 ἐκλογὴ
406 409 566 441 προεστῶτος
590 406 640 433 ὑπὸ
668 407 770 432 πάντων
797 410 847 433 τῶν

16 447 163 485 aedes»
187 448 242 485 μετ’
281 447 406 481 ιίδὴσιως
441 452 486 477 καὶ
519 454 565 476 τοῦ
595 451 725 487 θεοφιλοῦς
753 450 849 490 ἀνδρὸς

14 494 140 520 τούτου
163 497 211 520 τοῦ
235 492 419 529 εὐγενεστάτου
445 497 580 531 Κομνηνοῦ
607 499 688 532 κυροῦ
718 496 847 524 Νικολάου

16 538 229 574 Μαλιασ-ηνοῡ,
262 542 308 564 τοῦ
342 538 463 566 πλεῖστον
501 540 561 566 ὅσον
594 542 768 577 πνευματικὸν
802 551 847 568 κι-

15 585 172 619 κτημένου
187 584 270 620 ᾕοωτα
288 584 353 621 πρὸς
370 586 417 613 τήν
439 585 520 620 μονὴν
539 585 636 614 ταύτην
660 588 705 611 καὶ
719 587 752 612 τὰ
778 586 844 616 αὑτῆ

18 625 211 664 διαφέροντα.
229 627 305 654 Οὕτω
328 629 380 666 γὰρ
408 627 531 664 βούλεται
560 630 576 659 ἡ
605 632 739 667 μετριότης
763 631 845 667 ἡμῶν,

18 673 79 698 ἵνα
93 674 144 699 καὶ
164 673 221 708 μετ’
236 672 316 699 αὑτοῦ
331 675 436 708 γίνηται
450 674 464 703 ἠ
495 677 542 700 τοῦ
567 675 711 711 ἡγουμῄιου
743 674 846 712 ἐκλογὴ.

18 717 77 747 Εἰς
94 716 177 743 αὐτὸν
192 717 243 754 γὰρ
257 718 302 743 καὶ
335 717 370 748 εἰς
393 719 454 749 τοὺς
491 716 617 754 ἇδιλφοὺς
645 719 761 750 ἅπαντας
787 722 848 752 τοὺς

18 761 51 787 ἐν
73 765 109 798 τῇ
142 766 209 798 μονῇ
240 761 381 791 ἀνατίθησι
408 764 441 788 τὰ
468 766 516 794 τῆς
537 762 644 799 ἇκλογής
671 767 716 790 τοῦ
736 765 849 801 ἡγουμέ-

18 815 78 832 νου
94 807 112 836 ἠ
127 808 266 843 μετριότης
276 807 358 843 ἡμῶν.
383 809 433 834 Καὶ
458 810 543 844 χωρὶς
568 806 692 838 οἰδήσιως
713 811 758 835 καὶ
789 809 846 846 ἀρε-

472 120 698 150 PRIVILEGIUM
715 121 782 150 PRO
802 121 1025 151 MONASTERIO
1045 119 1303 149 MACRINITISSO.

1682 118 1737 148 946

905 183 958 219 qui
972 183 1192 219 praeceptorum
1207 181 1321 218 aliquid
1337 180 1485 216 abrogare
1516 181 1658 216 auserint,
1674 189 1727 212 ma

903 230 995 256 neant
1007 227 1038 255 in
1054 235 1089 255 eo
1105 229 1194 255 statu.
1211 225 1373 254 Moderatio
1385 228 1487 254 autem
1500 233 1568 254 mea
1590 226 1669 255 circa
1687 235 1734 255 or-

903 271 1004 300 dinem
1019 274 1110 308 atque
1124 271 1300 300 electionem
1320 270 1453 307 prafecti
1480 271 1656 299 monasterii
1679 272 1737 300 Ma-

903 317 1042 345 crinitissi
1056 317 1121 344 haec
1135 315 1308 352 praescribit.
1326 316 1399 344 Cum
1413 315 1573 352 praefectus
1596 315 1733 344 debitum

903 362 962 390 Deo
975 361 1103 390 reddens
1118 363 1255 389 mortuus
1272 361 1367 396 fuerit,
1397 359 1450 388 ﬁat
1471 360 1603 396 praefecti
1629 359 1734 388 electio

902 406 942 434 ab
957 405 1098 434 omnibus
1112 405 1262 440 fratribus,
1284 405 1393 434 sciente
1421 404 1561 441 religioso
1585 404 1650 433 viro
1675 404 1735 433 hoc

901 450 1088 480 nobilissimo
1108 452 1261 478 Comneno
1275 450 1388 478 domno
1417 449 1538 477 Nicolao
1566 449 1731 483 Maliasino,

902 495 954 532 qui
969 495 1099 532 plurimo
1112 497 1202 532 atque
1217 495 1365 532 spirituali
1388 501 1492 523 amore
1516 494 1733 523 monasterium

902 542 931 568 et
945 548 1013 576 qua:
1026 540 1066 568 ad
1080 540 1182 577 ipsum
1197 542 1342 576 spectant,
1356 538 1555 576 amplectitur.
1569 540 1624 574 ,lta
1651 537 1733 567 enim

902 585 1039 621 praecipit
1056 585 1222 613 moderatio
1246 592 1324 620 mea,
1353 586 1386 612 ut
1413 584 1480 620 ipso
1509 583 1652 620 participe
1679 583 1734 612 ﬁat

902 629 1033 665 praefecti
1047 629 1160 657 electio.
1178 631 1209 657 ln
1223 630 1325 665 ipsum
1340 628 1421 657 enim
1442 630 1471 657 et
1492 628 1599 657 fratres
1626 635 1732 657 omnes

903 674 1076 702 monasterii
1091 673 1232 702 transfert
1244 673 1293 709 jus
1309 672 1438 708 eligendi
1449 673 1580 709 prmfecti
1594 673 1731 702 modera-

902 718 942 746 tio
956 726 1034 753 mea,
1048 720 1076 746 et
1087 717 1202 754 absque
1212 717 1290 746 ilhus
1306 718 1431 746 scientia
1457 719 1486 746 et
1510 717 1621 753 placito
1646 717 1730 746 nolu-

901 770 970 791 mus
995 762 1059 791 ﬂeri
1095 763 1280 791 electionem.
1312 762 1369 790 Sed
1393 761 1533 790 monachi
1561 769 1667 790 omnes
1700 764 1731 791 et

902 807 1070 836 Comnenus
1085 807 1133 836 hic
1148 807 1322 835 electionem
1335 807 1431 835 facere
1444 806 1564 835 debent.
1580 807 1654 835 Cum
1675 815 1728 836 au-

20 852 131 882 σιιίας
145 853 191 877 καὶ
213 852 306 877 τούτου
330 851 360 877 οὐ
386 851 488 888 θελομιν
511 853 631 888 γίνεσθαι
658 854 705 882 τὴν
729 853 798 889 ἐκλον)

949 860 960 879 1
973 852 1041 888 quis
1053 852 1208 880 communi
1218 859 1369 880 consensu
1381 851 1492 880 electus
1510 851 1606 886 fuerit,
1618 852 1642 880 si
1663 852 1727 888 qui-

20 894 89 921 ἀλλ’
102 896 129 921 oi
141 897 258 931 μονοιχοὶ
272 896 365 927 πάντες
384 898 428 922 καὶ
458 897 472 923 ό
501 898 634 933 Κομνηνὸς
659 897 732 928 οὗτος
760 898 845 925 ποιιί-

19 949 126 966 τωο-αν
151 942 200 969 τὴν
240 939 357 977 ἐκλογὴν.
394 940 442 967 "Ov
478 939 503 968 δ’
524 941 555 967 οἷν
583 945 672 972 κοινῶς
696 942 846 980 ἁρεσθέντες

21 983 201 1019 ἕκλέξωνται,
218 984 241 1011 εὶ
266 985 312 1020 μὶν
349 986 420 1022 τύχη
454 985 478 1011 ἐν
511 989 566 1017 τοῖς
593 985 677 1013 ἐκεῖσε
706 985 805 1023 διάγων
831 988 844 1014 ὁ

21 1033 84 1055 τῶν
110 1034 315 1067 πατριαρχικῶν
361 1027 471 1057 δικαίων
520 1030 642 1068 ἲξαρχος,
681 1032 844 1068 σφραγιζέτω

22 1074 113 1100 αὐτόν
137 1078 293 1111 προεστῶτα
328 1076 395 1101 κατὰ
430 1076 460 1101 τὸ
482 1074 601 1102 ἀνέκαθεν
627 1075 844 1105 ἐκκλησιαστικὸν

23 1118 100 1149 ἔθος·
128 1118 153 1144 εἰ
191 1116 217 1144 δ’
258 1118 287 1145 οὔ
315 1119 387 1154 τύχη
410 1121 470 1146 τότε
490 1120 556 1146 εἶναι
583 1121 622 1146 τὸν
648 1123 843 1157 πατριαρχικὸν

22 1162 150 1199 ἔξαρχον
172 1162 197 1189 ἄν
221 1166 275 1194 τοῖς
297 1164 410 1199 μέρισιν,
435 1163 447 1190 ὁ
469 1163 579 1200 ἐκλεγεὶς
617 1164 653 1195 εἰς
679 1168 843 1201 προστασίαν

22 1208 107 1244 παρὰ
116 1211 168 1233 τῶν
199 1211 322 1243 μοναχῶν
345 1208 447 1234 πάντων
476 1210 521 1235 καὶ
542 1212 588 1234 τοῦ
623 1212 757 1245 Κομνηνοῦ
779 1211 842 1237 του-

22 1261 88 1285 του,
121 1252 157 1282 ὡς
182 1249 386 1284 διατετύπωται,
433 1251 603 1290 ἔπικρατείτω
657 1253 735 1284 αὐτὸς
773 1254 842 1280 οὕτω

23 1297 119 1322 πάντα
134 1296 168 1322 τὰ
191 1299 237 1326 τῆς
263 1300 344 1332 μονῆς
367 1299 413 1323 καὶ
438 1299 485 1326 τὴν
512 1299 602 1332 πονὴν,
632 1300 680 1324 καὶ
703 1296 842 1335 διιξαγίτω

24 1341 120 1367 πάντα
136 1341 171 1372 ὡς
185 1342 318 1377 προεστὼς
344 1343 426 1377 μέχρι
451 1345 544 1379 καιροῦ
572 1345 618 1372 τῆς
643 1340 768 1378 ὸδημίας
795 1347 841 1370 τοῦ

24 1389 235 1422 πατριαρχικοῦ
262 1384 386 1421 ἐξάρχου,
424 1385 507 1417 οὕτως
535 1387 571 1416 ὡς
594 1386 679 1422 ἔμελλε
713 1385 841 1423 διεξάγειν

24 1433 119 1456 ταῦτα
134 1431 180 1456 καὶ
196 1430 363 1466 σφραγισθιί.
399 1429 465 1457 Ἀλλ’
489 1431 530 1456 ὅτι
554 1429 700 1467 ἕνδημήσει
727 1432 739 1457 ὁ
768 1431 840 1468 ἔξαρ-

24 1484 93 1510 χος,
132 1474 317 1511 σφραγιζέσθω
356 1475 426 1512 παρά
480 1478 526 1501 τοῦ
575 1474 700 1512 ἐξάρχου.
744 1475 842 1506 Ἀπλῶς

24 1520 82 1556 γάρ
96 1518 143 1545 ὑπ’
169 1516 274 1565 οὐδενὸς
306 1518 392 1556 ἑτέρου
420 1520 650 1565 σφρηισθήσεται
673 1521 686 1546 ὁ
712 1524 758 1551 τῆς
785 1523 878 1565 Mat-0

25 1565 210 1600 κρινιτίσσης,
235 1563 385 1599 ἠγούμινος,
407 1563 430 1590 εἰ
453 1565 489 1600 μὴ
518 1565 590 1600 παρὰ
613 1568 659 1595 τῆς
691 1565 764 1601 ἡμῶν
792 1574 840 1601 με-

24 1610 179 1646 τριότητος,
202 1607 283 1644 ἢμην
311 1611 357 1634 τοῦ
383 1607 498 1646 ἐξάρχου
521 1609 610 1639 αὐτῆς.
637 1609 781 1645 ’Δνηνέχθη
811 1607 841 1637 δὲ

24 1655 150 1690 καὶπερὶ
171 1655 218 1678 τοῦ
251 1653 452 1688 καταταχθῆναι
494 1653 530 1684 εἰς
570 1653 747 1690 παραλαύριον
793 1657 841 1686 τῆς

23 1698 253 1734 Μαχρινιτίσσης,
282 1699 328 1726 τὴν
367 1699 435 1724 κατὰ
457 1700 503 1727 τὴν
526 1697 625 1734 ἔνοριαν
653 1702 701 1729 τῆς
722 1698 840 1734 ἁγιωτά-

24 1752 75 1772 της
96 1741 246 1772 ἐπισκοπῆς
288 1741 436 1768 Βελσστὶνου
476 1740 642 1778 διακειμένην
684 1745 765 1778 μονὴν
793 1747 841 1774 τῆς

23 1787 164 1822 πανάγνου
192 1787 321 1822 Θιοτὸκοιε
352 1788 399 1815 τὴν
428 1785 470 1813 επὶ
497 1789 685 1824 σταυροπηγίῳ
707 1789 751 1823 μὲν
778 1789 841 1813 ταύ-

26 1842 78 1862 της
102 1835 152 1861 τῆς
183 1829 327 1861 ἕπισκοπῆς
361 1830 519 1864 Βελεστίνου,
564 1829 754 1868 δεδομημένην,
795 1834 841 1858 τοῦ

27 1879 116 1913 κυροῦ
143 1875 288 1912 Ἱλαρίωνος
323 1873 352 1903 δί
384 1875 532 1912 λεγομένην.
584 1876 654 1903 Ἐπεὶ
681 1879 767 1903 τοίνυν
790 1880 842 1907 τοῖς

30 1923 133 1957 ἱχουσι
147 1919 229 1949 αὐτὴν
251 1920 353 1949 θιλητόν
369 1920 426 1947 ἔστι
440 1923 565 1957 μιτόχιον
600 1921 733 1948 ὑποθεῖναι
760 1921 841 1950 αὐτὴν

31 1966 67 1996 si;
92 1967 140 1994 τὴν
181 1967 262 2000 μονὴν
300 1969 348 1995 τῆς
370 1967 592 2001 Μακρινιτίσσης,
625 1964 772 2001 διορίζεται
797 1967 843 1991 καὶ

30 2013 114 2036 τοῦτο
139 2009 154 2038 ἠ
193 2011 330 2046 μιτριότης
356 2010 428 2046 ἡμῶν
453 2009 520 2036 οὓτω
543 2010 673 2045 γενέσθαι,
694 2011 739 2036 καὶ
764 2019 844 2036 κατα-

33 2055 176 2090 ταχθῆναι
201 2055 299 2083 ταύτην
333 2056 380 2083 τὴν
414 2056 494 2090 μονὴν
518 2057 565 2080 τοὺ
591 2058 672 2092 χυροῡ
699 2054 844 2091 ἰλαρίωνος

34 2099 164 2135 μετόχιον
194 2102 243 2129 τῆς
282 2100 501 2135 Μακρινιτίσσης.
537 2099 676 2125 Κανονικὸν
711 2100 761 2136 γὰρ
798 2101 843 2125 καὶ

33 2147 115 2170 τοῦτο
131 2144 176 2168 καὶ
189 2140 303 2170 δίκαιον.
321 2142 390 2172 Πλὴν
403 2143 416 2169 ὁ
431 2142 572 2172 ἐπίσκοπος
602 2142 631 2168 οὐ
665 2142 707 2169 ἆπὶ
734 2152 843 2179 σταυρο-

34 2187 155 2223 πηγὶῳή
173 2189 250 2222 μονὴ,
273 2186 355 2222 ὶχὶτω
384 2186 408 2212 ἄν
434 2187 500 2215 αὐτῇ
530 2189 577 2215 τὴν
604 2186 732 2224 ἀναφορὰν
762 2187 842 2213 αὑτοῦ

34 2234 83 2258 καὶ
108 2233 139 2257 τό
170 2230 327 2267 ὀφειλόμενον
364 2231 432 2267 αὐτῷ
469 2233 611 2258 κανονικόν.
656 2232 710 2267 Ἐφ’
744 2232 842 2258 ἅπασιν

35 2277 83 2303 οὗν
108 2277 208 2306 τούτοις
233 2275 344 2312 ἐγεγόνει
363 2279 393 2305 τῆ
435 2275 604 2312 διειλημμένη
630 2280 694 2312 μονῆ
715 2280 761 2306 τῆς
782 2279 843 2303 Μα-

35 2323 207 2359 χρινιτίσσης
220 2322 264 2347 καὶ
277 2323 344 2347 πᾶσι
359 2324 411 2351 τοῖς
431 2320 497 2350 αὐτῆ
529 2319 683 2358 διαφέρουσι
710 2322 738 2348 τὸ
762 2322 844 2358 παρὸν

899 896 969 925 dem
980 896 1133 933 contingat
1142 896 1184 924 ibi
1198 896 1342 925 diversari
1354 895 1600 932 patriarchalium
1612 896 1727 932 jurium

899 948 934 969 ex
938 941 1062 969 archum
1067 963 1074 976 ,
1082 949 1168 969 cruce
1175 941 1231 969 insi
1234 941 1354 976 gniatur
1359 940 1399 969 ah
1406 948 1441 969 eo
1448 940 1615 976 praefectum
1623 948 1728 969 secun-

899 984 973 1013 dum
989 985 1144 1021 antiquam
1156 984 1390 1013 ecclesiasticam
1412 983 1670 1013 consuetudinem.
1697 985 1726 1013 Si

898 1031 1000 1058 autem
1014 1029 1148 1058 fortassis
1164 1029 1243 1058 absit
1257 1029 1296 1057 ab
1311 1029 1347 1057 iis
1362 1028 1498 1065 partibus
1509 1028 1726 1065 patriarchicus

898 1074 1058 1109 exarchus,
1068 1074 1290 1102 monachorum
1309 1073 1447 1101 omnium
1460 1075 1488 1101 et
1498 1072 1643 1102 Comneni
1656 1080 1726 1102 con-

899 1126 990 1146 sensu
1005 1118 1116 1146 electus
1132 1118 1264 1153 antistes,
1285 1117 1361 1146 sicut
1381 1117 1563 1154 praeﬁnitum
1588 1119 1642 1152 est,
1671 1117 1726 1146 ob-

898 1162 989 1190 tineat
1002 1162 1067 1199 ipse
1078 1163 1190 1197 omnia,
1205 1170 1273 1199 qua;
1289 1161 1329 1191 ad
1343 1162 1561 1191 monasterium
1590 1163 1727 1198 spectant

897 1214 960 1235 una.
967 1215 1034 1235 cum
1042 1207 1226 1236 monasterio
1232 1207 1308 1244 ipso,
1317 1208 1346 1235 et
1353 1207 1538 1235 administrat
1544 1206 1648 1235 omnia
1660 1208 1726 1235 tan-

896 1259 990 1288 quam
1005 1251 1162 1288 prtefectus
1186 1259 1282 1288 usque
1308 1252 1348 1279 ad
1369 1251 1498 1279 reditum
1519 1251 1726 1288 patriarchalis

896 1296 1027 1330 exarchi,
1044 1304 1080 1324 eo
1095 1304 1219 1333 prorsus
1231 1296 1335 1330 modo,
1350 1303 1412 1332 quo
1434 1295 1576 1332 deinceps
1599 1295 1727 1324 admini-

896 1343 1043 1369 straturus
1059 1343 1113 1375 est,
1131 1349 1201 1369 cum
1231 1348 1319 1369 cruce
1347 1341 1507 1375 insignitus
1532 1340 1629 1369 fuerit.
1652 1341 1727 1370 Cum

895 1393 966 1413 vero
971 1385 1090 1413 redierit
1096 1385 1244 1413 exarchus
1249 1406 1256 1417 ,
1267 1387 1332 1413 tum
1341 1385 1380 1413 ab
1386 1393 1421 1413 eo
1427 1393 1515 1413 cruce
1530 1385 1723 1420 insigniatur:

896 1428 1012 1458 anullo
1026 1428 1186 1457 enimlalio
1210 1428 1395 1457 Macrinitissi
1422 1428 1578 1464 praefectus
1606 1437 1726 1458 crucem

895 1473 1026 1509 recipere
1041 1475 1147 1510 potest,
1162 1474 1364 1509 praterquam
1378 1480 1397 1501 a
1411 1472 1619 1502 moderatione
1644 1481 1725 1506 mea,

895 1517 943 1545 vel
956 1517 1035 1545 illius
1046 1518 1186 1546 exarcho.
1204 1517 1393 1553 Propositum
1426 1519 1470 1545 est
1498 1519 1610 1552 autem,
1635 1519 1668 1545 ut
1693 1518 1726 1546 in

895 1561 1060 1598 hospitium
1099 1561 1283 1590 Macrinitissi
1321 1561 1475 1596 redigatur
1506 1562 1725 1590 monasterium

896 1605 1091 1634 sanctissimae
1098 1606 1231 1642 Deiparas
1243 1605 1332 1634 situm
1345 1613 1440 1642 prope
1450 1605 1629 1634 territorium
1639 1613 1725 1634 sanc-

895 1650 1002 1679 tissimi
1013 1651 1206 1687 episcopatus
1219 1650 1365 1684 Belestini,
1381 1649 1439 1678 sub
1452 1649 1563 1678 ditione
1595 1649 1721 1686 quidem

894 1695 985 1731 hujus
1000 1695 1138 1723 Belestini
1166 1694 1301 1731 episcopi
1326 1694 1520 1728 aediﬁcatum,
1549 1694 1725 1731 dictumque

894 1739 998 1768 domni
1014 1739 1191 1768 Hiliarionis.
1205 1739 1353 1773 Quoniam
1368 1739 1459 1774 igitur
1479 1739 1557 1768 illius
1588 1746 1725 1775 posesso-

894 1792 942 1813 res
957 1785 988 1812 in
1002 1784 1167 1821 hospitium
1178 1784 1362 1813 Macrinitissi
1373 1784 1508 1819 redigere
1520 1784 1622 1820 ipsum
1631 1784 1726 1812 inten-

895 1829 980 1863 dunt,
990 1829 1047 1857 hoc
1062 1829 1152 1858 etiam
1168 1828 1351 1857 exsecutioni
1364 1828 1504 1858 mandari
1518 1828 1649 1857 decernit
1661 1836 1725 1857 ino-

895 1873 1009 1902 deratio
1024 1881 1101 1909 mea,
1122 1876 1151 1902 et
1171 1873 1267 1910 redigi
1292 1873 1350 1901 hoc
1375 1873 1594 1902 monasterium
1620 1870 1725 1901 domni

896 1917 1054 1946 Hilarionis
1067 1918 1098 1946 in
1108 1918 1274 1954 hospitium
1288 1917 1473 1946 Macrinitissi
1489 1926 1495 1945 :
1511 1917 1569 1946 hoc
1581 1917 1663 1946 enim
1683 1916 1724 1945 le-

896 1963 1007 1991 ditione
1019 1963 1235 1991 monasterium
1246 1965 1300 1998 est,
1314 1963 1443 2000 accipiat
1456 1963 1495 1992 ab
1515 1962 1583 2000 ipso
1612 1961 1725 1991 sensio-

896 2016 966 2036 nem
979 2008 1175 2045 debitumque
1190 2008 1346 2037 tributum.
1361 2009 1521 2044 Propterea
1535 2007 1624 2043 igitur
1645 2007 1724 2037 dicto

896 2053 1078 2081 monasterio
1110 2052 1305 2081 Macrinitisso
1338 2055 1366 2081 et
1394 2051 1536 2081 omnibus
1558 2051 1598 2080 ad
1623 2052 1725 2088 ipsum

897 2097 1101 2134 spectantibus
1122 2105 1256 2133 praesens
1281 2097 1486 2133 hypomnema
1511 2096 1725 2125 moderationis

896 2150 971 2170 meae
978 2141 1172 2177 impertiorad
1178 2144 1350 2178 perpetuam
1357 2142 1634 2170 ﬁrmitatem.Mense
1640 2141 1724 2170 Octo-

896 2187 942 2215 bri
957 2187 1080 2214 decimas
1095 2186 1208 2222 quintae
1221 2186 1401 2218 indictionis,
1419 2186 1491 2215 anni
1519 2188 1588 2214 6765
1610 2186 1726 2222 (Christi

900 2233 987 2265 i257),
1003 2231 1084 2267 quod
1098 2230 1221 2267 quidem
1247 2230 1454 2266 hypomnema
1478 2231 1601 2267 propria
1629 2238 1725 2259 manu

898 2275 1120 2303 subscribentes
1127 2274 1383 2310 subsignavimus,
1391 2276 1420 2303 et
1426 2277 1602 2304 consuetam
1608 2274 1724 2304 bullam

899 2320 1023 2348 inferius
1037 2319 1265 2356 suspendimus.

36 2367 182 2402 ὑπόμνημα
202 2369 250 2396 τῆς
283 2366 356 2402 ἡμῶν
393 2367 562 2403 μετριότητος
594 2365 632 2396 εἰς
660 2363 767 2395 διηνεκῆ
810 2365 961 2402 ἀσφάλειαν.
993 2366 1066 2391 Κατὰ
1093 2369 1164 2401 μῆνα
1189 2363 1344 2402 Ὀκτὼϐριον
1366 2368 1414 2396 τῆς
1436 2366 1510 2391 πέντε
1540 2366 1585 2392 καὶ
1614 2362 1724 2395 δεκατης

36 2411 214 2446 ἑπινιμήσιως
249 2414 296 2436 τοῦ
317 2409 548 2446 ἇξακισχιλιοστοῡ
595 2409 802 2437 ἑπτακοσιοστοῡ

858 2409 1000 2441 ἇξηκοστοῦ
1036 2411 1154 2446 πέμπτου
1196 2409 1281 2440 ἔτους.
1337 2409 1378 2436 Ἐν
1432 2409 1453 2444 ᾦ

1499 2411 1544 2436 καὶ
1584 2412 1616 2439 τῆ
1644 2409 1723 2436 αὖτο-

36 2457 122 2492 χιιρῳ
132 2455 268 2492 ὑπογραφῇ
281 2455 503 2491 ὑποσημηναμένη
521 2456 536 2484 ἡ
551 2457 690 2492 μετριότης
699 2456 782 2492 ἡμῶν,
803 2457 848 2482 καὶ
861 2456 908 2484 τὴν
927 2455 1026 2483 συνήθη
1040 2453 1150 2490 βοῦλλαν
1165 2454 1279 2481 κάτωθιν
1291 2453 1458 2491 ἀπηώρησεν.

145 2525 238 2562 Στίχοι
250 2527 282 2556 ὡς
292 2527 319 2553 ix
334 2528 475 2563 προσώπου
490 2530 536 2553 τοῦ
562 2530 695 2565 κτήτορος.

74 2598 149 2634 Ἐμοὶ
158 2599 235 2633 μοναὶ
246 2600 315 2634 τρεῖς
326 2598 381 2634 οἶμα
401 2601 604 2635 συντεταγμέναι

75 2643 128 2669 Καὶ
143 2645 199 2672 ταῖς
208 2641 345 2678 μεγίσταις
359 2641 470 2671 κλήσεσι
483 2643 648 2680 κικλημέναι,

73 2686 103 2713 Ἠ
118 2687 164 2722 μὲν
178 2687 229 2723 γὰρ
243 2686 313 2712 ἔστιν
324 2686 351 2712 ἔκ
364 2690 481 2723 χριστοῦ
491 2691 537 2713 τοῦ
553 2690 683 2724 Λατόμου,

73 2731 104 2757 ’Π
123 2729 150 2757 δ’
161 2729 189 2756 ix
201 2731 333 2766 πανάγνου
343 2734 387 2758 καὶ
401 2732 519 2769 καθαρᾶς
537 2733 678 2769 Παρθένου,

75 2777 158 2804 Ταίτη
176 2773 194 2801 δ
197 2774 294 2811 ’ἇφιξῆς
307 2775 382 2808 αὖθις
398 2775 569 2812 ὠνομασμένη

993 2525 1098 2554 Versus
1114 2527 1256 2562 tanquam
1270 2533 1308 2554 ea:
1318 2531 1446 2561 persona
1454 2523 1630 2552 conditoris.

931 2597 997 2626 Tria
1007 2597 1082 2626 mihi
1092 2598 1275 2627 monasteria
1289 2597 1379 2626 simul
1404 2597 1584 2630 constructa,

932 2645 1027 2679 Atque
1042 2642 1193 2679 praeclaris
1206 2643 1382 2672 nominibus
1403 2643 1587 2677 nuncupata.

934 2689 1031 2715 Unum
1046 2687 1169 2724 quidem
1185 2689 1230 2715 est
1244 2687 1350 2716 Christi
1372 2686 1495 2716 Latomi.

930 2732 1063 2760 Alterum
1076 2732 1250 2760 castissimae
1266 2740 1410 2769 puraeque
1426 2731 1561 2767 Virginis,

931 2776 1059 2806 Tertium
1072 2780 1174 2806 autem
1188 2784 1291 2805 rursus
1306 2777 1482 2813 insignitum
