1970 3082
27 140 102 168 949

28 256 90 278 νος
111 249 239 284 κρίμασιν
270 244 340 276 ἰδίας
365 246 560 282 εὐσπλαγχνίας
587 245 763 283 ἐγχειρισθείς
792 248 851 277 τοὺς

28 291 286 321 ἄχκλησιαστικούς
317 291 407 322 οἴακας
443 294 488 317 τοῦ
520 294 714 328 πατριαρχικοῡ
749 292 850 328 Θρόνον,

31 337 91 362 ἱνα
107 337 137 362 τὸ
152 339 201 366 τῆς
215 335 388 373 κληροτομίας
403 335 483 362 αὐτοῦ
502 337 652 372 σχοίνισμα
673 336 734 372 ὅπερ
749 337 761 362 ὁ
790 339 852 362 Ποι-

30 383 100 417 μήν
125 381 138 406 ὅ
175 380 253 411 καλος
277 384 313 415 τῷ
344 379 404 416 ἰδίῳ
436 380 527 416 αἵματι
557 379 724 417 ἐξηγόρασεν,
754 381 852 416 εἰσάγω

29 427 113 462 πρὸς
126 426 210 462 νομὰς
224 435 274 451 των
301 424 381 451 αυτοῦ
410 424 513 451 ἐντολῶν
542 426 577 455 ὡς
610 424 777 455 ἐνεστηκυίας
797 423 851 455 ἤδη

30 467 217 501 τῆςέξοδίου
239 479 299 506 μου,
327 472 374 498 τὴν
399 469 545 496 τελευταίαν
572 479 622 506 μου
649 469 778 506 βούλησιν
804 479 854 496 πα-

29 513 161 551 ραδηλῶ
174 518 228 545 τοῖς
239 517 330 548 πᾶσιν,
347 514 389 540 ἳνα
405 518 486 550 γνῶσι
498 516 529 540 τὰ
541 514 600 540 κατ’
616 514 659 550 ἐμέ
672 515 711 541 ὅτι
737 512 853 545 οὐδόλως

31 561 239 595 συνήργησαῆ
267 557 381 586 ἔνέδωκα
412 561 504 596 μικρόν
533 569 559 585 τι
587 559 623 590 εἰς
649 561 696 590 τὰς
724 569 852 596 προγεγο-

29 603 121 634 νυίας
146 603 281 640 ἐπιορκίας
308 606 352 630 καὶ
385 606 559 640 παραναμίας.
587 605 761 641 Μαρτὺρομαι
777 605 852 637 Θεὸν,

31 649 220 686 μαρτύρομαι
247 649 307 679 τοὺς
343 648 476 678 ἐκλεκτοὺς
513 651 558 675 καὶ
595 648 684 684 ἁγίους
721 648 852 684 ὰγγελους.

80 701 122 730 Γ.
153 701 286 738 Ὁμολογῶ
311 699 365 736 οὖν,
395 704 514 738 ποίμνιον
541 705 587 728 τοῦ
614 705 680 728 Θεοῦ
709 704 754 728 καὶ
786 703 854 728 κατὰ

35 748 249 784 παραχώρησιν
263 747 356 772 τούτου
377 746 448 783 ἐμὸν,
481 748 614 773 πιστεύειν
644 756 675 783 με
702 747 779 780 οὕτω,
805 756 853 772 κα-

38 791 98 821 Θὼς
120 792 147 817 οἱ
162 793 362 828 κοσμοσώτηρες
385 793 430 817 καὶ
459 792 522 817 θεῖοι
545 792 661 827 μαθηταὶ
687 793 733 817 τοῦ
756 793 853 828 Κυρίου

36 845 100 871 μου
114 833 282 872 παρέδωκαν,
308 836 392 865 καθὼς
419 835 443 861 οὶ
470 835 540 871 οἷγιοι
569 837 679 872 Πατέρες
698 838 744 861 καὶ
771 834 853 862 διδα-

37 879 146 906 σκαλοί
178 889 205 906 τε
231 883 276 910 τῆς
302 880 452 916 οἰκουμένης
479 879 669 916 ἐδογμάτισαν,
696 882 740 906 καὶ
767 881 852 912 καθὼς

37 926 72 951 αἱ
92 924 173 961 ἅγιαι
185 927 231 951 καὶ
255 924 433 961 οἰκουμενικαὶ
462 923 569 951 σύνοδοι
593 924 656 951 ἐπτά
684 924 851 952 ἐϐεϐαίωσαν.

38 971 101 996 Καὶ
133 968 180 999 οὓς
206 970 251 1005 μεν
280 969 351 995 οὑτοι
381 968 548 1006 ἀπεκήρυζαν
577 971 621 996 καὶ
655 968 851 1006 ἀνεθεμάτισαν,

38 1017 93 1040 καὶ
130 1013 305 1051 ἀποκηρύττει)
342 1017 387 1040 καὶ
426 1014 607 1051 ἁναθὲματίζω
624 1025 630 1031 ·
658 1014 701 1045 οὓς
727 1012 756 1041 δέ
778 1014 854 1040 πάλιν

39 1057 184 1094 ἐδέξαντο,
221 1061 268 1084 καὶ
287 1057 404 1095 δὲχομαι
444 1061 488 1085 καὶ
503 1063 651 1096 προσκυνῶ.
666 1060 738 1086 Μετὰ
765 1057 795 1085 δέ
824 1068 853 1095 γε

39 1108 135 1130 ταῦτα
146 1103 277 1130 ἀκούσατε
292 1113 351 1140 μου.
369 1103 407 1130 Οὐ
434 1105 484 1140 γὰρ
512 1105 546 1134 ὡς
569 1107 744 1140 καυχώμενος
772 1107 856 1130 ταῦτα

41 1150 209 1185 φθέγγομαι,
248 1148 302 1175 ἀλλ’
331 1149 365 1179 ὡς
403 1148 533 1178 ἀληθεύων
559 1150 598 1175 ὅτι
626 1148 780 1179 ἐπικαθίσας
808 1152 855 1175 τοῦ

41 1197 235 1230 πατριαχικοῦ
269 1193 433 1229 Θρὸνου,οὐκ
450 1192 563 1219 ἐνεδωκα
591 1193 669 1219 ὕπνον
702 1197 758 1224 τοῖς
787 1192 855 1229 ἐμοῖς

42 1237 202 1273 ὀφθαλμοῖς,
218 1235 280 1264 οὐδε
299 1241 354 1268 τοῖς
379 1237 519 1274 βλεφάροις
547 1246 597 1273 μου
622 1239 790 1273 νυσταγμόν·
818 1237 854 1263 οἰ-

42 1282 144 1317 χέσθω
157 1282 246 1317 φθόνος
261 1281 371 1317 ἐλέγχων
385 1284 428 1310 τὴν
451 1281 559 1318 ἀνομίαν
578 1284 623 1308 καὶ
656 1280 762 1308 ἀδικίαν
776 1290 782 1296 ’
808 1281 855 1307 οὐκ

761 137 1024 169 TESTAMENTUM.

81 202 120 230 B'.
138 201 187 228 Διά
201 210 243 227 τοι
260 203 335 227 τοῦτο
349 201 422 237 κάγὼ
441 201 454 228 ὁ
467 202 538 239 παρὰ
562 204 608 228 τοῦ
625 203 730 238 πρώτου
760 203 851 238 ποιμέ-
865 204 888 230 Α

1682 141 1735 170 950

939 204 971 231 II.
985 202 1098 231 Idcirco
1118 210 1174 238 ego
1187 203 1239 239 qui
1252 211 1270 232 a
1282 204 1380 240 primo
1395 205 1524 241 pastore,
1537 203 1656 240 judiciis
1678 203 1734 232 mi-

907 247 1075 275 sericordiae
1087 248 1161 283 ejus,
1178 247 1208 276 in
1223 256 1333 276 manus
1346 249 1448 286 accepi
1463 249 1668 285 patriarchicae
1691 257 1734 277 se-

906 292 952 320 dis
961 292 1161 320 ecclesiastica
1171 293 1385 329 gubernacula,
1399 296 1432 322 ut
1446 293 1626 322 hereditatis
1639 292 1735 329 ipsius

906 336 1084 370 funiculum,
1100 345 1191 373 quem
1208 337 1308 366 bonus
1333 338 1436 367 Pastor
1463 337 1590 366 redemit
1613 337 1735 374 proprio

907 381 1064 418 sanguine,
1075 382 1247 410 inducerem
1260 383 1289 410 in
1301 390 1415 418 pascua
1422 383 1635 412 mandatorum
1642 382 1733 418 illius,

904 426 968 462 jam
982 426 1112 454 instante
1125 426 1172 454 die
1186 427 1281 454 exitus
1297 427 1365 462 mei,
1380 435 1553 464 supremam
1567 435 1668 455 meam
1683 434 1734 455 vo-

906 471 1052 499 luntatem
1059 472 1172 498 cunctis
1179 471 1336 507 patefacio,
1345 474 1377 500 ut
1386 474 1621 507 cognoscantres
1634 479 1734 506 meas;

907 515 989 551 quod
1005 515 1174 544 nullatenus
1190 519 1367 552 cooperatus
1382 516 1499 551 fuerim,
1521 519 1573 545 aut
1587 516 1636 545 vel
1649 516 1736 544 mini-

907 560 1210 594 mumlconseuserim
1220 561 1282 597 perj
1288 561 1358 588 uriis
1367 569 1401 589 ac
1410 561 1571 590 sceleribus
1582 569 1650 598 quae
1661 568 1736 597 prae-

908 606 1067 632 cesserunt.
1087 605 1180 632 Deum
1193 607 1294 641 testor,
1309 607 1401 633 testor
1415 606 1523 634 electos
1550 607 1578 634 et
1616 607 1736 634 sanctos

908 649 1042 683 angelos.

943 701 988 729 III.
1007 701 1095 736 [gitur
1110 701 1263 735 conﬁteor,
1281 710 1298 730 ο
1321 703 1370 730 Dei
1400 702 1488 737 ovile,
1520 710 1617 739 exque
1641 702 1734 739 ipsius

908 747 1097 775 concessione
1105 755 1216 780 meum,
1225 747 1266 775 ita
1276 755 1324 776 me
1334 748 1464 782 credere,
1474 748 1547 776 sicut
1557 748 1663 775 mundi
1673 755 1735 776 ser-

908 793 1026 819 vatores
1038 799 1073 819 ac
1086 791 1178 819 divini
1189 792 1326 828 discipuli
1336 793 1454 820 Domini
1465 792 1524 820 mei
1537 792 1732 826 tradiderunt,

909 836 983 864 sicut
996 836 1090 864 sancti
1097 836 1198 864 Patres
1206 839 1234 864 et
1243 837 1323 864 orbis
1331 837 1467 872 magistri
1474 837 1650 872 docuerunt,
1658 837 1735 865 sicut

875 886 893 912 Β
909 888 962 908 con
968 880 1125 909 ﬁrmarunt
1133 882 1243 909 sanctae
1252 882 1480 910 etoecumenicae
1491 881 1598 918 synodi
1606 883 1733 918 septem,

909 925 990 957 Quos
1002 924 1043 952 illi
1056 924 1229 960 abjecerunt
1240 926 1572 961 etanathematizarunt,
1581 926 1670 954 etiam
1683 926 1736 954 ab-

906 969 976 1005 jicio
984 977 1017 997 ac
1025 969 1241 998 anathematizo
1252 980 1257 1004 ;
1266 977 1343 1006 quos
1349 978 1420 998 vero
1431 972 1615 1006 receperunt,
1623 970 1734 1006 recipio

909 1016 998 1050 atque
1014 1021 1148 1041 veneror.
1160 1015 1229 1042 Post
1238 1014 1312 1049 haec,
1325 1015 1426 1043 audite
1437 1023 1496 1043 me.
1513 1015 1576 1042 Non
1585 1014 1664 1042 enim
1677 1015 1735 1044 ista

908 1059 1027 1094 loquor,
1034 1058 1260 1093 gloriabundus,
1268 1059 1321 1087 sed
1327 1067 1399 1088 vera
1406 1059 1586 1096 praedicans.
1595 1059 1736 1092 Quandiu

910 1103 1032 1132 consedi
1044 1103 1074 1131 iu
1089 1103 1280 1139 patriarchali
1292 1104 1411 1139 throno,
1426 1111 1488 1132 non
1508 1103 1578 1132 dedi
1594 1111 1736 1132 somnum

909 1147 1003 1176 oculis
1017 1148 1104 1181 meis,
1120 1156 1176 1176 nec
1190 1148 1343 1184 palpebris
1351 1148 1426 1176 meis
1438 1148 1694 1177 dormitatiomem
1705 1149 1716 1166 ⁸
1729 1156 1736 1176 :

909 1191 1030 1220 recedat
1044 1192 1157 1221 invidia
1170 1193 1355 1228 redarguens
1369 1192 1594 1229 improbitatem
1609 1194 1636 1220 et
1657 1192 1737 1228 inju—

911 1236 1253 1274 stitiam:nequaqnam
1269 1237 1353 1270 cessi,
1380 1245 1443 1265 non
1470 1237 1587 1272 neglexi
1615 1244 1738 1272 gregem

910 1289 1012 1309 meum
1029 1289 1089 1309 non
1109 1282 1225 1310 cassavi
1237 1284 1322 1310 nocte
1333 1289 1368 1311 ac
1383 1278 1430 1310 die
1441 1290 1496 1318 pro
1511 1281 1561 1310 illo
1573 1281 1734 1311 decertare.

42 1324 166 1352 ἐνέδωκα
185 1326 258 1361 ὅλως,
280 1326 313 1352 σύ
336 1327 508 1362 κατημέλιησα
522 1330 567 1352 τοῦ
592 1324 662 1352 ἰδίου
684 1328 816 1362 ποιμνίου,
832 1325 879 1352 οὐκ
894 1325 1048 1362 ἐπαυσάμην
1061 1328 1151 1357 νυκτὸς
1164 1329 1209 1353 καὶ
1225 1327 1316 1365 ἐμέρας
1329 1327 1575 1365 ὒπεραγονιζόμενος
1589 1327 1693 1354 τούτου.

85 1379 121 1406 Δ’.
143 1379 248 1406 Ἰσασιν
261 1381 286 1406 οἱ
300 1383 459 1416 μεμυημένοι
472 1381 524 1416 (3)⁷
544 1381 622 1411 ὅσους
647 1379 746 1415 ἀγῶνας
777 1381 852 1415 ἠγω-

42 1426 166 1460 νισαμην
187 1423 228 1450 ἰπὶ
242 1429 289 1455 τῆς
315 1424 450 1461 βασιλείας
475 1428 521 1451 τοῦ
539 1425 563 1450 ἐν
592 1424 746 1461 βασιλεῦσιν
770 1422 853 1450 ἁοιὸἰι

43 1478 102 1505 μου
122 1471 168 1495 καὶ
184 1468 371 1495 εὐσεϐεστάτου
387 1472 467 1506 κυροῦ
484 1467 622 1505 Θεοδώρου
648 1471 694 1494 τοῦ
719 1469 850 1505 Λάσκαρι.

44 1513 114 1549 Οὐχ
130 1514 194 1549 ὑπὲρ
211 1513 341 1544 εὐσεϐείας
355 1512 385 1540 δέ
400 1512 430 1542 ἦν
445 1514 458 1539 ὀ
488 1513 569 1549 ἁγὼν,
598 1515 631 1543 ὡς
659 1512 757 1539 ἀσεϐῶν
786 1513 854 1538 κατὰ

43 1561 73 1584 τὶ
91 1556 310 1589 ὀεῦσεϐέστατος,
330 1557 385 1584 ἀλλ’
409 1558 471 1594 ὑπέρ
499 1561 601 1595 χηρῶν,
638 1557 701 1594 ὑπὲρ
726 1556 851 1594 ὀρφανῶν,

44 1603 115 1638 ὑπέρ
135 1600 324 1638 ἀδικουμένων,
353 1602 426 1630 Ἐπεί
455 1601 480 1629 δ’
510 1602 605 1632 ἐκεῖνος
622 1601 802 1639 ἐλειτούργησε
825 1602 853 1627 τὸ

44 1648 138 1684 χρεὼν
171 1645 196 1672 ἐν
227 1649 351 1683 μετανοίᾳ
387 1646 567 1684 ὑπερϐαλούσῇ
603 1648 648 1672 καὶ
674 1645 854 1682 ἐξομολογήσει

46 1692 145 1727 Θερμῇ,
163 1692 206 1716 καὶ
229 1692 273 1717 τὸν
300 1691 379 1717 αὐτοῦ
407 1689 493 1717 παῖδα
519 1691 678 1728 κληρονόμον
704 1694 750 1721 τῡς
776 1689 855 1726 βασι-

43 1735 121 1766 λείας
147 1737 192 1761 καὶ
219 1735 299 1761 αὑτοῦ
334 1733 466 1771 διὰδοχον
493 1735 623 1770 κατέλιπε,
659 1736 703 1760 καὶ
745 1734 855 1765 ἅπαντες

44 1781 134 1815 τούτῳ
147 1780 264 1816 ὤμοσαν,
285 1781 319 1810 ὡς
347 1783 391 1806 καὶ
419 1782 617 1817 προγενέστερον
633 1780 717 1815 τούτῳ
744 1779 854 1815 ὀμόσαν-

42 1833 96 1859 τες,
114 1826 160 1850 καὶ
178 1823 311 1860 ἀρχιερεῖς
340 1827 383 1850 καὶ
413 1824 555 1860 σύγκλητος
591 1822 706 1854 καὶᾶπας
745 1825 854 1859 στρατὸς

43 1870 92 1895 καὶ
107 1869 178 1900 ἅπας
198 1867 292 1905 δῆμος.
317 1871 497 1906 Περιέχουσαν
525 1866 555 1894 δὲ
583 1867 696 1904 κεφαλὴν
722 1867 853 1899 λείποντος

44 1923 99 1950 μου
118 1915 163 1939 τὸν
180 1913 355 1949 Παλαιολόγον
370 1916 545 1942 πεποίηκασιν
561 1913 586 1938 οῖ
598 1922 625 1939 τε
651 1912 783 1950 ἀρχιερεῖς
809 1915 854 1938 καὶ

45 1959 62 1987 ἠ
83 1957 229 1992 σύγκλητος
244 1955 291 1984 διὰ
304 1960 334 1984 τὸ
346 1961 392 1984 τοῦ
408 1957 537 1994 βασιλέως
557 1956 652 1986 ἀνηϐον
668 1967 674 1973 ·

44 2002 95 2031 λὴν
109 2002 188 2028 αὐτόν
205 2000 326 2038 εὖρον,ἐκ
339 2006 387 2033 τῆς
413 2004 526 2033 Νικαίας
552 2003 615 2038 πρὸς
642 2003 689 2030 τὴν
717 2001 853 2038 βασίλειαν

46 2047 140 2074 ἐλθών.

46 2091 242 2128 κατησφάλισε,
268 2093 313 2117 καὶ
345 2093 421 2128 τόμοι
455 2092 502 2117 σύν
531 2093 586 2121 τοῖς
609 2091 696 2127 ὅρκοις
729 2089 851 2126 ἐγένοντο.

47 2136 88 2162 Οὐ
103 2135 170 2162 πολὺ
186 2134 215 2162 δὴ
230 2137 259 2162 τὸ
275 2135 299 2161 ἐν
319 2138 391 2171 μέσῳ
420 2137 464 2161 καὶ
498 2133 629 2164 δεσπότην
658 2134 735 2160 αὑτὸν
761 2136 786 2160 οἱ
809 2137 851 2161 καὶ

673 2181 724 2205 Καὶ

45 2235 135 2262 τομοι,
159 2227 204 2251 καὶ
230 2225 307 2251 πάλιν
336 2226 419 2262 ὅρκοι⁷
447 2227 493 2251 καὶ
522 2228 572 2250 τῶν
596 2225 727 2261 προτέρων
756 2233 852 2260 φρικω-
871 2216 890 2243 D

47 2268 179 2306 δέστεροι.
195 2271 268 2297 Μετὰ
283 2268 312 2296 δὲ
326 2279 354 2306 γε
366 2271 463 2298 ταύτην
478 2268 517 2305 (4)
545 2271 590 2294 καὶ
615 2271 662 2298 τὴν
687 2272 737 2294 τῶν
764 2270 852 2294 κοκκί-

45 2325 95 2340 νων
109 2312 222 2340 ᾶνδυσιν
243 2312 376 2349 ἐνέδυσαν,
394 2313 455 2350 βίαν
477 2316 522 2340 καὶ
551 2317 599 2338 τῶν
624 2315 753 2351 προτέρων
765 2311 850 2349 βιαιο-

44 2361 122 2395 τέραν
135 2360 201 2396 πρὸς
208 2360 240 2395 μέ
255 2357 438 2394 ἕνδειξάμενοι.

705 1959 750 1982 καὶ
779 1967 854 1992 κεφα-

180 2048 230 2074 Καὶ
267 2047 354 2084 ὅρκοις
391 2045 611 2083 φρικωδεστάτοις
648 2045 726 2077 αὐτὸς
762 2045 853 2071 ἑαυτὸν

46 2180 163 2216 κεφαλὴν
199 2181 375 2216 ποιησὰμενοι
413 2179 625 2208 ἁποκατέσησαν.
673 2181 724 2205 Καὶ
776 2178 852 2205 πάλιν

82 2415 121 2442 Ε’.
143 2416 319 2452 Μαρτύρομαι
346 2415 437 2445 πάντες
465 2416 526 2445 τοὺς
550 2412 653 2445 εἰδοτας
679 2416 726 2443 τὴν
752 2414 848 2451 ὑπερᾶ-

46 2469 137 2496 πειρον
165 2459 263 2488 ἐκείνην
291 2458 363 2496 βίαν,
398 2462 443 2485 καὶ
472 2461 519 2488 τὴν
546 2464 596 2485 τῶν
623 2463 735 2496 φρικτῶν
751 2459 848 2487 συνθη-

43 2509 96 2530 κῶν
109 2507 156 2531 καὶ
170 2505 251 2541 ὅρκων
277 2503 417 2540 ἀσφάλειαν
446 2503 477 2530 Εἰ
508 2502 537 2530 δε
565 2513 595 2539 γε
623 2503 693 2530 οὗτοι
720 2502 847 2532 ἀναισθηι-

79 2603 91 2621 ³
104 2602 183 2631 Psal.
200 2609 290 2635 cxxn,
304 2604 331 2630 4.

78 2691 166 2729 (3)γς)ὶ
180 2693 350 2729 μεμυημὲιοι.
370 2691 527 2729 Gregorius
555 2693 709 2729 Nyssenus
741 2691 846 2719 homil.

42 2730 58 2755 ‘2
69 2727 100 2756 ἰὴ
112 2727 367 2763 Ecclesiaslem,p.
383 2728 434 2755 389
455 2728 485 2760 C,
500 2727 529 2753 Ὁ
553 2727 577 2753 ἐν
592 2730 669 2754 παντί
683 2729 728 2753 καὶ
742 2729 766 2753 'w
780 2730 847 2754 πᾶσι

44 2766 203 2800 μεμνημένος
228 2762 338 2794 Παῦλος.
367 2763 505 2800 Rescribe
532 2771 601 2800 cum
626 2763 728 2800 codice
755 2763 846 2800 Regio

46 2798 310 2835 I797,pspvnpévo;.
329 2798 435 2826 Peuico
451 2798 582 2827 etiamin
599 2799 777 2835 Paraphrasi
791 2800 843 2827 Pa-

943 1379 988 1408 IV.
1005 1379 1106 1408 Sciunt
1119 1387 1219 1408 rerum
1233 1380 1329 1416 periti,
1345 1382 1419 1416 quot
1433 1388 1547 1415 agones
1567 1380 1736 1409 decertave-

906 1424 963 1452 rim
975 1423 1030 1451 sub
1044 1424 1170 1460 imperio
1186 1424 1311 1452 celebris
1331 1426 1406 1453 inter
1417 1424 1615 1460 imperatores
1638 1425 1736 1461 piissi—

908 1469 1009 1504 mique
1031 1468 1147 1496 domini
1174 1467 1320 1496 Theodori
1347 1469 1490 1497 Lascaris.
1521 1470 1586 1496 Non
1617 1469 1736 1505 pietatis

873 1538 893 1564 Ο
908 1521 1001 1541 causa
1014 1515 1077 1541 erat
1090 1515 1250 1547 certamen,
1265 1513 1353 1549 quasi
1370 1513 1524 1549 piissimus
1546 1513 1577 1541 in
1600 1513 1702 1550 aliquo
1717 1521 1736 1542 a

908 1558 1016 1594 pietate
1032 1557 1209 1586 descisceret
1225 1566 1231 1591 ;
1246 1557 1298 1585 sed
1312 1565 1367 1593 pro
1383 1557 1493 1592 viduis,
1509 1557 1665 1593 orphauis,
1689 1558 1736 1586 in-

906 1602 1018 1638 juriam
1037 1603 1148 1639 passis.
1173 1602 1338 1638 Postquam
1359 1610 1430 1630 vero
1451 1602 1500 1630 ille
1523 1601 1660 1630 debitum
1683 1610 1735 1630 na-

909 1649 982 1675 turae
997 1647 1126 1675 reddidit
1141 1655 1210 1674 cum
1226 1655 1347 1675 summa
1371 1646 1547 1682 poenitentia
1568 1648 1598 1674 et
1621 1645 1734 1674 confes-

909 1691 992 1720 sione
1016 1691 1140 1727 fervida,
1167 1691 1324 1727 ﬁliumque
1360 1699 1448 1719 suum
1459 1690 1612 1719 haeredem
1639 1690 1734 1726 impe-

908 1736 943 1764 rii
957 1744 1106 1772 suumque
1120 1744 1323 1764 successorem
1348 1736 1514 1772 dereliquit,
1535 1735 1631 1763 cuncti
1663 1735 1734 1764 huic

909 1780 1047 1809 dixerunt
1081 1783 1315 1812 sacramentum,
1347 1780 1423 1808 sicut
1446 1782 1537 1808 antea
1559 1779 1600 1808 illi
1613 1781 1734 1816 jurave-

908 1828 975 1853 rant
995 1834 1000 1852 :
1020 1833 1128 1862 nempe
1153 1825 1320 1861 pontiﬁces,
1345 1827 1476 1858 senatus,
1501 1825 1599 1852 omnis
1623 1824 1734 1852 exerci-

910 1872 966 1905 tus,
983 1870 1139 1898 universus
1151 1869 1293 1906 populus.
1315 1871 1410 1905 Caput
1423 1871 1524 1897 autem
1539 1876 1634 1905 supra
1646 1870 1732 1896 caete-

908 1923 970 1949 ros,
986 1914 1108 1942 absente
1125 1922 1183 1948 me,
1201 1914 1417 1942 constituerunt
1431 1913 1645 1948 Palzeologum,
1662 1921 1732 1941 cum

908 1959 1065 1996 pontiﬁces
1078 1962 1140 1987 tum
1151 1961 1283 1992 senatus,
1295 1958 1334 1986 ob
1344 1957 1533 1994 imperatoris
1542 1959 1662 1986 aetatem
1673 1958 1733 1986 im—

908 2004 1055 2040 puberem
1072 2012 1078 2031 :
1095 2011 1221 2040 eumque
1237 2005 1328 2039 caput
1340 2002 1453 2031 factum
1467 2002 1575 2039 reperi,
1586 2002 1733 2039 quandoe

908 2049 1006 2077 Nicaea
1029 2048 1096 2076 veni
1120 2048 1150 2076 in
1171 2048 1297 2083 regiam.
1325 2047 1374 2075 Ille
1398 2047 1578 2083 juramentis
1601 2047 1733 2075 maxime

907 2093 1065 2122 horrendis
1082 2093 1207 2121 munivit
1221 2101 1252 2120 se
1263 2100 1298 2120 ac
1312 2091 1405 2120 ﬁdem
1419 2091 1511 2126 dedit,
1527 2093 1555 2119 et
1569 2090 1642 2119 tomi
1663 2098 1733 2119 cum

908 2138 1101 2166 sacramentis
1113 2137 1213 2173 scripti
1224 2139 1304 2170 sunt,
1316 2138 1380 2164 Non
1391 2136 1486 2164 multo
1499 2135 1733 2171 interjectotem-

907 2191 991 2219 pore,
1008 2183 1060 2218 qui
1073 2184 1163 2218 caput
1184 2181 1389 2215 designarant,
1412 2180 1570 2209 dominum
1590 2179 1732 2208 eumdem

908 2230 1094 2256 creaverunt.
1108 2228 1190 2254 Tunc
1203 2226 1310 2254 iterum
1324 2225 1425 2258 libelli,
1440 2225 1548 2253 iterum
1559 2225 1732 2260 juramenta

906 2280 1003 2308 eaque
1020 2271 1170 2308 prioribus
1189 2270 1387 2299 terrribiliora.
1413 2269 1524 2297 Deinde
1544 2277 1616 2298 vero
1640 2270 1731 2298 etiam

905 2325 1041 2353 purpura
1063 2316 1234 2350 induerunt,
1259 2323 1329 2343 cum
1350 2315 1498 2351 majorem
1523 2322 1616 2351 quam
1639 2316 1729 2343 antea

904 2362 966 2390 vim
981 2360 1242 2396 mihijntulissent.

939 2415 971 2443 V.
986 2415 1087 2442 Testor
1101 2414 1249 2449 quotquot
1272 2414 1419 2441 noverunt
1441 2413 1626 2441 immensam
1645 2411 1728 2441 illam

902 2459 974 2494 vim,
991 2461 1020 2486 et
1033 2457 1221 2486 horribilium
1234 2460 1392 2494 pactorum
1408 2459 1727 2492 sacramentorumtu

903 2502 1085 2532 cautionem.
1101 2501 1187 2535 Quod
1198 2502 1222 2530 si
1232 2502 1272 2530 illi
1283 2500 1585 2532 sensumamiseruut,
1601 2508 1655 2529 seu
1662 2508 1726 2529 ma-

902 2699 1053 2743 chymerae
1063 2707 1133 2735 cap.
1149 2699 1176 2732 9,
1187 2698 1231 2727 De
1244 2697 1355 2726 caelesti
1371 2696 1543 2726 hierarchia
1554 2703 1586 2725 n.
1597 2697 1624 2732 2,
1635 2698 1728 2732 μυοῦν‹

905 2746 945 2762 ται
962 2737 994 2762 τά
1015 2736 1079 2763 θεῖα,

937 2772 977 2808 (4)
991 2773 1064 2798 Μετὰ
1080 2769 1109 2797 δὲ
1123 2780 1151 2807 γε
1159 2769 1423 2805 ταύττηνᾸΠῖΟΙΙὶεο
1435 2770 1544 2806 ἡμέραν.
