1970 3082
41 114 119 143 953

780 113 1042 143 TESTAMENTUM.

1696 120 1749 149 954

41 186 113 208 κος
133 178 180 204 καὶ
208 176 291 214 ὅρκων
322 176 335 202 ό
359 174 569 214 φρικωδέστατος
592 178 636 202 καὶ
671 175 865 213 φοϐερώτατος-

950 185 1052 206 )τιιπιθε
1069 177 1101 205 in
1115 177 1257 206 omnibus
1290 178 1464 214 primatum,
1486 179 1518 208 in
1546 181 1747 216 coronatione,

42 222 139 257 ἔχειν
163 222 209 247 τὸν
239 220 417 250 Καλοῐωοὶννην
455 222 498 246 τὸν
534 219 646 256 βασιλέα
669 220 702 251 εὶς
725 221 810 247 πάντα
837 222 870 247 τὰ

42 269 193 303 πρωτιῖα,
237 267 282 291 καὶ
322 264 356 295 εἷς
383 267 430 294 τὴν
454 264 555 300 στέψεν,
579 267 624 291 καὶ
649 265 684 296 εἰς
711 267 759 295 τὴν
788 266 869 302 εὖφὴ-

44 320 119 346 μην
150 310 218 346 (10)⁷
240 312 286 336 καὶ
317 310 352 340 εἰς
376 311 424 339 τὴν
454 311 622 347 προπομπὴν,
650 311 696 336 καὶ
718 310 755 341 εἰς
782 313 868 337 πᾶσαν

44 354 147 384 ἄλλην
162 357 242 390 τιμήν
259 365 265 371 ·
278 356 322 381 τὸν
342 352 371 381 δι
392 353 567 390 Παλαιολόιγον
589 355 623 381 τὰ
638 352 770 391 δευτερεῖα
790 365 797 372 ·

45 400 139 435 ῐχειν
167 399 262 430 αὐτοὺς
290 400 351 429 τοὺς
376 398 509 436 ἀρχιερεῖς
537 398 636 436 ἔνοχεῖν
663 402 707 426 καὶ
735 404 869 438 συντηρεῖν

44 446 110 470 καὶ
148 443 291 480 φυλάσσειν
314 445 358 470 τὸν
394 443 552 481 κληρονόμον
591 447 638 474 τῆς
659 443 806 480 βασιλείας,
825 447 870 471 καὶ

43 489 133 524 μετὰ
170 489 279 515 θάνατον
313 492 361 515 τοῦ
386 487 565 524 Πάλαιολὸγου
599 487 757 526 ἐγχειρίζειν
786 489 870 525 τούτῳ

44 534 109 559 καὶ
124 535 173 562 τὴν
185 533 266 560 αὐτοῦ
279 532 424 569 βασιλείαν.

95 577 136 604 Ζ’.
153 577 199 609 Ὠς
210 576 240 604 δε
254 581 301 608 τῆς
317 577 455 614 βασιλείας
478 576 567 612 ὶπίϐη,
597 580 642 604 καὶ
671 577 787 609 πλείονας
814 577 870 604 ἀνο-

45 625 147 659 μαίας
171 626 222 649 τῶν
245 624 375 659 προτέρων
403 619 473 649 εἶδον
496 625 586 649 τοῦτον
614 622 796 660 ἄργαζόμενον,
825 624 870 648 καὶ

46 669 98 694 ἔτι
131 667 299 704 ἓργάσασθαι
332 667 361 693 ἐκ
386 671 436 694 τῶν
451 669 608 704 φαινομένων
622 669 781 706 πραγμάτων
802 668 872 694 ὑπω-

46 713 184 745 πτιύετο,
219 711 405 748 ἀγανακτήσας
439 712 614 749 ὑπεχώρησα,
663 714 713 739 Καὶ
742 714 784 739 τόν
817 713 870 739 ἀπὸ

46 757 176 793 Ἐφέσου
202 756 295 783 ὶκεῖνον
319 756 355 788 εἰς
382 759 426 783 τὸν
446 758 640 795 πατριαρχικόν
667 756 743 789 ἀνῆξε
769 758 868 794 θρόνον·

45 801 103 832 Ὡς
119 800 151 828 δε
166 802 181 831 ἠ
197 805 244 828 τοῦ
273 802 384 828 θανάτου
405 799 520 838 δρεπάνη
552 805 643 828 τοῦτον
667 801 802 838 ἕξεθέρισι,
823 803 869 828 καὶ

47 848 128 883 πρὸς
153 847 183 872 τὸ
210 846 304 872 ἐκεῖθεν
332 848 468 884 κριτήριον
505 846 671 883 παρέπεμψεν
703 845 868 882 ἀπολογησό-

48 900 140 927 μενον
169 892 229 927 περὶ
262 895 312 917 τῶν
335 893 480 927 πρακτέων,
511 890 587 917 πάλιν
611 891 658 927 ἰμὶ
685 890 866 918 ἀνεκαλέσατο.

47 935 106 966 Ὠς
137 933 168 961 δὶ
192 938 238 961 τοῦ
283 935 379 962 οἰκείου
409 934 501 964 ἐπέϐην
531 936 632 972 θρόνου,
663 937 726 962 ποία
750 938 865 973 γραφικὴ

50 979 193 1016 ἐξήγησις
205 983 373 1017 παραστῆσαι
391 981 439 1011 τὰς
465 979 491 1012 ἕξ
511 980 591 1007 αὐτοῦ
615 990 660 1017 μοι
682 981 867 1017 συμπεσούσας

53 1023 126 1060 βιας
141 1033 148 1059 ;
165 1024 251 1051 Θίλων
272 1026 323 1063 Ινὸιρ
340 1026 381 1051 ἵνα
402 1026 446 1051 τὸν
462 1025 641 1054 Καλοῑωάννην
661 1024 772 1062 βασιλέα
795 1023 867 1051 idin»

51 1071 139 1105 τίσῃ,
180 1071 225 1095 καὶ
254 1072 320 1106 μήτε
341 1069 456 1106 εὖφήμην
478 1071 557 1106 ἔχειν,
596 1072 662 1106 μήτε
690 1072 865 1106 μνημόσυνον,

53 1116 131 1150 μήτε
157 1112 294 1150 βασιλείας
321 1123 348 1140 τι
377 1117 494 1150 σημεῖον,
527 1115 588 1145 τοὺς
620 1116 715 1144 κακοὺς
745 1116 867 1150 ποιμένας

54 1167 110 1184 και
132 1159 195 1189 τοὺς
212 1162 258 1189 τῆς
272 1158 428 1189 Ἐκκλησίας
451 1159 563 1196 ἐχθροὺς
589 1159 684 1195 μᾶλλον
705 1159 720 1188 ἣ
750 1160 866 1196 προστά-

53 1212 109 1233 τας
125 1205 268 1241 συνεργοὺς
281 1204 314 1234 εἰς
328 1208 405 1230 τοῦτο
422 1203 558 1242 ἐχρήσατο
589 1213 596 1221 ·
625 1204 718 1235 ἤλπιζε
747 1202 776 1230 δὴ
800 1203 867 1240 κάμέ

54 1247 134 1278 me;
156 1252 206 1274 τῶν
221 1248 321 1275 οἰκείων
345 1248 425 1275 αὐτοῦ
449 1248 550 1285 ἀρκύων
574 1248 645 1282 ἄξαι,
667 1247 714 1275 διὰ
732 1250 761 1275 τὸ
779 1258 866 1286 προσ-

54 1292 268 1328 ταλαιπωρῆσαί
279 1297 355 1330 μετῇ
379 1292 476 1329 ἐξορίᾳ.
505 1292 547 1324 Ὠς
568 1291 598 1320 δε
625 1294 640 1322 ἠ
668 1297 714 1320 τοῦ
743 1295 806 1320 Θεοῦ
827 1293 867 1319 εὑ-

56 1336 222 1373 σπλα-νχνίᾶ
246 1341 296 1364 τῶν
328 1337 410 1364 αὐτοῦ
448 1336 568 1374 παγίδων
596 1337 724 1375 ἇῤῥύσατό
749 1348 791 1375 με⁷
822 1343 868 1368 καὶ

55 1379 127 1408 οὐδε
150 1381 198 1407 κᾶν
218 1383 263 1408 τὸν
300 1383 378 1418 τόμον
407 1381 434 1408 ὃν
467 1383 543 1408 κακοὶ
569 1385 615 1409 καὶ
642 1384 732 1419 πικροὶ
752 1385 868 1420 ποιμένες

55 1426 193 1455 ἐποίησαν
209 1425 322 1453 ἀκοῦσαι
348 1427 476 1461 ἠθέλησα,
504 1429 587 1458 πόσας
606 1430 736 1458 κακώσοις
751 1427 794 1464 ἔμε
809 1427 868 1454 ἔκαε-

55 1481 144 1507 κωσε,
171 1473 216 1498 καὶ
245 1473 330 1503 πόσας
356 1481 389 1508 με
415 1471 514 1508 θλίψεις
536 1472 646 1508 somn,
673 1471 731 1499 οἶδε
757 1473 868 1499 ταῦταὸ

825 357 870 381 καὶ

923 221 1107 257 laudatione,
1132 229 1288 258 processu,
1317 226 1346 251 et
1370 223 1402 251 in
1429 224 1513 252 omni
1541 224 1600 253 alio
1624 225 1749 261 honore,

923 266 1111 302 Palaaologus
1146 274 1216 295 vero
1248 267 1414 296 secundum
1450 268 1569 302 locum;
1585 272 1674 305 utque
1692 270 1751 307 ipsi

923 311 1079 347 pontiﬁces
1094 311 1237 345 foverent,
1265 313 1427 348 tuerentur,
1453 316 1672 350 conservarent,
1702 323 1751 343 cu-

925 355 1069 383 stodirent
1082 356 1232 385 hueredem
1254 357 1379 393 imperii,
1408 365 1464 386 nec
1488 366 1549 387 non
1580 361 1648 395 post
1670 367 1750 387 mor~

924 401 984 448 tem
997 399 1156 448 Palmologi
1169 401 1320 430 traderent
1342 401 1369 430 ei
1394 402 1494 439 ipsum
1523 411 1644 440 quoque
1673 403 1750 432 illius

923 444 1093 481 imperium.

961 579 1016 606 VII.
1042 580 1203 616 Postquam
1241 581 1341 608 autem
1382 580 1546 616 assumpsit
1581 580 1750 617 imperium,

926 623 1275 661 animadvertiqueillum
1284 624 1372 660 plura
1381 624 1579 661 iniquequam
1585 629 1674 654 antea
1682 634 1752 663 ope-

924 668 993 702 rari,
1009 670 1038 696 et
1052 667 1211 696 verisimile
1224 676 1260 696 ex
1275 668 1366 697 rebus
1381 668 1456 705 ipsis
1470 668 1533 697 ﬁeri
1552 669 1651 698 adhuc
1677 678 1751 707 ope-

924 715 1070 746 raturum,
1085 721 1147 749 prie
1166 712 1374 748 indignatione
1400 714 1519 742 recessi.
1546 715 1626 742 Tunc
1652 715 1751 751 Ephe-

925 757 1025 786 sinum
1046 757 1129 785 illum
1157 757 1198 787 ad
1221 757 1452 794 patriarchalem
1475 758 1569 787 evexit
1596 758 1749 788 thronum.

925 802 1020 834 Quem
1035 809 1104 830 cum
1124 801 1229 830 mortis
1257 802 1316 830 falx
1342 801 1564 837 demessuisset,
1599 805 1688 839 atque
1712 803 1751 832 ad

887 853 907 880 Β
924 844 1054 873 tribunal
1066 845 1188 873 alterius
1204 845 1271 874 vitas
1299 846 1523 882 transmisisset,
1553 847 1699 876 rationem
1713 847 1751 876 de

923 889 1275 926 operibusredditurum,
1300 890 1407 919 iterum
1427 891 1578 920 revocavit
1601 900 1660 920 me.
1697 892 1751 920 Ubi

921 941 993 962 vero
1008 935 1163 971 proprium
1176 935 1318 963 thronum
1335 936 1506 971 conscendi,
1522 944 1661 972 quasnam
1679 936 1751 964 scri-

921 981 974 1015 pta
991 979 1122 1007 narratio
1143 979 1295 1008 exhibebit
1314 980 1346 1008 in
1365 988 1443 1017 quas
1462 988 1515 1017 per
1528 988 1597 1008 eum
1621 981 1751 1008 incurre-

921 1024 978 1052 rim
992 1023 1183 1052 difficultates
1197 1024 1211 1052 ?
1226 1024 1333 1052 Voiens
1348 1024 1428 1052 enim
1442 1025 1654 1061 imperatorem
1669 1024 1749 1053 Calo-

920 1068 1068 1096 Joannem
1081 1068 1120 1096 ad
1135 1068 1284 1105 privatum
1304 1071 1415 1097 statum
1429 1069 1575 1105 redigere,
1591 1072 1620 1097 et
1634 1069 1750 1105 privare

920 1112 1102 1146 laudatione,
1122 1115 1330 1147 monumento,
1351 1113 1494 1150 omnique
1512 1114 1630 1150 imperii
1648 1116 1720 1142 nota
1742 1122 1750 1147 ;

921 1157 1009 1186 malis
1021 1157 1192 1194 pastoribus
1207 1160 1236 1186 et
1247 1157 1382 1186 Ecclesiae
1394 1158 1533 1187 hostibus
1545 1159 1642 1194 magis
1656 1166 1750 1195 quam

921 1202 1100 1239 praesulibus
1123 1204 1152 1230 et
1179 1202 1313 1239 patronis
1338 1203 1369 1231 in
1392 1203 1450 1231 hoc
1473 1203 1662 1239 adjutoribus
1677 1211 1750 1231 usus

921 1249 966 1275 est
983 1255 990 1275 :
1011 1247 1153 1284 sperabat
1168 1250 1268 1276 autem
1288 1247 1378 1276 etiam
1395 1256 1442 1276 me
1461 1247 1540 1276 intra
1559 1255 1630 1276 suos
1649 1255 1750 1276 casses

921 1291 1072 1326 inducere,
1087 1291 1171 1328 quod
1184 1292 1213 1320 in
1236 1291 1339 1320 exsilio
1354 1292 1464 1320 multas
1477 1300 1628 1321 aerumnas
1651 1294 1750 1329 pertu-

921 1337 1032 1365 lissem.
1052 1341 1126 1364 Lum
1147 1344 1217 1364 vero
1237 1337 1287 1365 Dei
1305 1337 1510 1365 misericordia
1528 1345 1576 1365 me
1596 1345 1614 1366 a
1632 1337 1748 1374 laqueis

922 1381 987 1417 ejus
1015 1380 1161 1417 liberavit,
1189 1383 1218 1409 et
1233 1389 1332 1418 neque
1360 1381 1407 1409 vel
1431 1385 1547 1410 tomum
1565 1389 1656 1418 quem
1666 1382 1751 1419 pravi

922 1425 1054 1462 aevique
1073 1428 1208 1462 pastores
1233 1426 1423 1454 confecerant
1441 1426 1545 1454 audire
1560 1426 1650 1459 volui,
1677 1428 1751 1463 quot

922 1470 1009 1498 malis
1024 1478 1072 1498 me
1087 1470 1244 1504 vexaverit,
1265 1470 1385 1506 quantis
1401 1469 1623 1498 calamitatibus
1635 1470 1750 1499 afﬂixe-

57 1514 291 1553 πωδερκέστατος
318 1515 459 1552 ὀφθαλμός.
487 1518 552 1543 Ilo-rh
582 1518 626 1554 μεν
635 1516 704 1553 ἔλεγέ
728 1527 783 1553 μοι,
812 1517 865 1543 οὐκ

950 1517 971 1548 t,
985 1514 1070 1543 novit
1083 1514 1136 1551 qui
1151 1514 1255 1543 omnia
1278 1516 1436 1543 contuetur
1450 1513 1565 1542 oculus.
1581 1514 1750 1551 Aliquando

56 1560 179 1598 ἀπέλθῃς
209 1560 246 1591 εἰς
269 1563 316 1590 τὴν
342 1563 466 1596 Νίκαιαν,
494 1561 550 1588 ἐπεὶ
575 1561 868 1594 Κωνσταντινουπόλεως

57 1605 265 1643 ἃχειροτονήθης
291 1615 299 1622 ·
330 1607 393 1632 ποτὶ
420 1603 450 1632 δι
478 1605 544 1632 illa
575 1610 622 1637 τῆς
652 1606 733 1633 αὐτοῦ
760 1605 868 1637 διπλόης

57 1650 138 1682 ἄξια.

100 1695 141 1724 Η’.
166 1694 210 1734 ᾩς
239 1693 270 1722 δι
294 1695 310 1724 ἠ
349 1695 620 1727 Κωνσταντινούπολις
649 1695 790 1733 ἐκρατήθη,
821 1698 867 1722 καὶ

56 1741 130 1778 πρὸς
154 1739 237 1769 αὐτὴν
265 1739 452 1776 ἆπηρχόμεθα,
480 1743 535 1770 πῶς
559 1740 620 1777 ὑμῖν
643 1743 807 1777 παραστήσω
823 1742 868 1771 τὰς

57 1785 133 1812 κατὰ
161 1786 190 1810 τὸ
216 1785 356 1821 Σκουτάριν
387 1785 444 1820 (Η)
479 1784 507 1816 ἓξ
535 1784 614 1811 αὐτοῦ
639 1784 798 1816 ἰπελθοὺσας
823 1795 868 1822 μοι

59 1829 183 1865 θλίψειςς
203 1833 256 1859 πῶς
274 1830 321 1860 τὰς
335 1828 398 1866 βίας
413 1838 420 1863 ;
437 1828 538 1865 βιάζων
553 1839 585 1866 με
601 1829 729 1866 ὀνομάσαι
741 1831 868 1868 πατριάρ-

59 1884 118 1910 χην
134 1875 179 1900 τὸν
191 1873 260 1908 ιάπὸ
275 1874 386 1910 Ἐφέσου
415 1873 518 1907 ἐκεῖνον,
549 1876 594 1900 καὶ
621 1876 681 1905 τοὺς
694 1875 756 1911 παρ’
789 1875 868 1901 αὐτοῦ

60 1920 280 1957 χειροτονηὲπας
305 1917 440 1956 ἁρχιιρεῖς
478 1920 523 1944 καὶ
556 1919 630 1956 ἱεριῖς
656 1921 701 1945 καὶ
731 1917 869 1950 διακόνους

61 1962 195 1995 δέξασθαι
209 1973 216 1979 ·
233 1962 255 1990 εἰ
274 1961 304 1990 δὲ
318 1966 354 1999 μή
370 1972 412 1999 γε,
425 1962 540 1989 κωλυτέα
561 1973 606 1999 μοι
622 1961 653 1992 ἦν
670 1963 686 1992 ἡ
707 1966 868 1990 Κωνσταντι-

59 2008 209 2039 νουπόλεως
227 2006 340 2038 εἴσοδος.
366 2007 410 2038 Ὠς
439 2005 469 2034 δι
497 2009 627 2037 πειθήνιον
655 2007 708 2044 οὐχ
723 2007 790 2044 ἑώρα
811 2018 843 2044 με
860 2018 867 2024 ·

61 2051 154 2084 οὐδεὶς
180 2053 231 2090 γὰρ
260 2056 312 2078 τῶν
343 2052 408 2088 παρ’
439 2051 535 2079 ἐκείνου
550 2053 781 2089 χειροτονηθέντων
810 2062 865 2078 συν«

61 2097 248 2133 ελεττούρ-γησέ
285 2105 340 2132 μοι,
381 2094 434 2121 ἀλλ’
475 2095 666 2133 ἀποτροπαίους
701 2097 746 2122 καὶ
775 2094 869 2133 βδελυ-

61 2144 150 2174 κτοὺς,
166 2143 202 2172 ὡς
229 2143 274 2167 καὶ
303 2141 386 2176 θέμις,
412 2140 521 2171 τούτους
553 2140 625 2176 εἶχον
649 2151 655 2157 ·
686 2140 868 2176 ἀγανακτήσας

61 2187 242 2224 παρεχώρησε
269 2195 314 2222 μοι
339 2187 388 2214 τὴν
425 2183 540 2213 εἴσοδον.
564 2185 643 2212 Πάλιν
671 2183 701 2212 δὲ
728 2188 867 2222 σκαιωρίαι

61 2233 108 2257 καὶ
122 2230 201 2257 πάλιν
221 2230 323 2266 ἄπειροι
351 2230 481 2260 κακώσεις
499 2229 558 2255 κατ’
586 2228 648 2265 ὶμοῦ
681 2229 704 2255 ἄν
734 2233 766 2265 τῇ
793 2233 867 2256 Κων-

63 2273 279 2301 σταντινουπόλει
292 2273 354 2310 παρ’
368 2273 448 2300 αὐτοῦ
463 2272 590 2309 ὶγένοντο.

99 2319 139 2346 ϐ’.
157 2318 200 2350 Ὠς
216 2319 267 2355 γὰρ
281 2320 325 2345 τὸν
352 2318 432 2344 αὐτοῦ
472 2317 597 2346 αὐθέντην
624 2317 736 2354 βασιλέα
755 2316 868 2347 ἠθέλησε

64 2367 198 2400 φονεῦσαι,
233 2365 265 2394 ὡς
288 2365 324 2400 μή
354 2372 380 2389 τι
414 2362 522 2398 κώλυμα
551 2364 639 2398 φανείη
675 2362 703 2394 ἐξ
739 2362 812 2399 ἐμοῦ,
839 2364 867 2389 αὶ

65 2411 209 2445 σκαιωρίαι
228 2408 286 2434 κατ’
313 2408 377 2444 ἐμοῦ
410 2407 618 2437 συνεπλάκησαν.
646 2407 688 2438 Ὠς
718 2405 747 2434 δε
766 2408 867 2444 μάταια

100 2498 161 2540 (ιοὶ
189 2496 324 2540 Eine“-
363 2497 412 2540 Es'
440 2496 771 2540 εάφήιηιβάφημιῖμδςν.
789 2497 866 2540 ἀεξη-

65 2532 113 2569 μία
127 2536 179 2569 τῶν
195 2532 336 2569 ὀνᾳμὰτςυν,
353 2532 477 2569 εὐφημίαι
493 2536 521 2560 et
533 2534 628 2569 prim,
646 2532 745 2569 Latine
760 2532 863 2562 lauda-

66 2567 117 2603 tio,
124 2571 153 2597 et
163 2567 277 2603 laudes,
285 2567 559 2596 faustaacclamatio
570 2567 796 2603 imperatoribus
802 2569 865 2597 ﬁeri

66 2604 162 2645 solita.
198 2603 454 2645 υςιάεωεύφγιμξςν,
476 2603 640 2645 ὶπευῗημεῖν,
672 2603 863 2645 ἐπευφῃμίζειν,

66 2639 206 2679 ίαιιᾷιινε,
221 2639 360 2679 ίᾳαάίίζιιε
367 2639 533 2679 diffamgre,
547 2639 623 2667 bene
629 2647 664 2667 ac
671 2639 791 2679 feliciter
798 2647 864 2675 pre-

67 2675 136 2716 cari,
150 2675 256 2716 faustis
267 2674 528 2716 acclamationibus
539 2675 690 2716 prosequi,
700 2676 864 2716 acclamare

66 2711 95 2751 in
110 2710 216 2751 laudes
227 2710 425 2751 imperatoris,
431 2710 584 2751 familiare.
596 2710 671 2751 Item
680 2711 864 2751 εὐφημέζσθαι.

68 2746 268 2787 ειξγημηθῆναιη
298 2745 564 2787 acclamationibus
594 2745 865 2787 salutari."Dici-tur

68 2781 156 2810 etiam
179 2782 209 2807 τὸ
225 2781 409 2818 πολυχρόνιον,
427 2782 460 2808 τὰ
481 2781 655 2818 πολυχρόνια,
667 2782 682 2811 ἠ
698 2781 863 2818 πολυχρόνη-

921 1559 1045 1596 quidem
1072 1559 1173 1588 aiebat
1195 1559 1268 1587 mihi
1296 1561 1302 1586 ε
1334 1560 1398 1587 Non
1424 1559 1517 1587 abeas
1550 1558 1679 1587 Nicteam
1698 1559 1750 1595 qui

923 1603 1222 1640 Constantinopoleos
1242 1603 1400 1632 ordinatus
1424 1612 1455 1631 es
1472 1613 1479 1638 ;
1496 1603 1659 1640 aliquando
1679 1611 1749 1632 vero

922 1649 991 1683 alia,
1007 1649 1101 1684 digna
1113 1649 1206 1686 ipsius
1216 1649 1356 1677 versutia.

958 1693 1018 1721 VII.
1037 1695 1182 1722 Caeterum
1204 1695 1380 1730 recuperata
1400 1692 1667 1728 Constantinopoli,
1693 1699 1748 1721 no-

920 1738 1029 1774 bisque
1056 1746 1090 1766 eo
1117 1737 1265 1774 profectis,
1294 1737 1449 1774 quomodo
1474 1737 1561 1766 vobis
1588 1744 1749 1773 repraesen-

921 1782 994 1811 tabo
1019 1782 1173 1818 angustias
1195 1790 1263 1819 quasI
1288 1782 1360 1810 mihi
1387 1790 1424 1810 ex
1449 1789 1485 1810 eo
1514 1782 1554 1810 ad
1581 1781 1749 1810 Scutarium

923 1830 1161 1863 supervenerunt
1172 1828 1187 1855 ‘I
1199 1827 1354 1864 quomodo
1368 1827 1430 1855 vim
1443 1826 1457 1854 ?
1473 1826 1602 1862 Urgebat
1614 1828 1646 1854 ut
1657 1826 1749 1862 Ephe~

922 1872 1020 1900 sinum
1040 1871 1124 1900 illum
1146 1872 1334 1900 nominarem
1349 1871 1562 1908 patriarcham,
1577 1873 1668 1907 atque
1683 1878 1749 1898 sus-

921 1916 1051 1953 ciperem
1075 1917 1229 1945 ordinatos
1253 1916 1292 1944 ab
1313 1924 1349 1944 eo
1373 1916 1538 1952 pontiﬁces,
1567 1915 1749 1949 sacerdotes,

921 1961 1065 1990 diaconos
1082 1969 1088 1995 ;
1105 1961 1151 1989 sin
1178 1962 1290 1995 minus,
1306 1961 1514 1998 prohibendus
1538 1961 1612 1989 mihi
1627 1963 1690 1989 erat
1704 1961 1749 1989 in-

921 2014 1043 2042 gressus
1070 2006 1352 2042 Constantinopolis.
1379 2005 1487 2034 Videns
1501 2007 1601 2034 autem
1628 2013 1677 2033 me
1695 2013 1750 2033 ne—

921 2058 1076 2087 quaquam
1094 2050 1277 2085 morigerum
1294 2060 1301 2085 ;
1316 2050 1417 2078 nullus
1433 2050 1513 2078 enim
1526 2058 1629 2078 eorum
1643 2050 1695 2086 qui
1710 2049 1749 2078 ab

922 2095 971 2124 illo
986 2095 1115 2124 ordinati
1130 2095 1258 2129 fuerant,
1279 2095 1352 2123 mihi
1361 2094 1617 2129 comministravit,
1631 2095 1683 2123 sed
1694 2102 1749 2130 pro

922 2141 1096 2169 aversandis
1115 2139 1398 2176 abominandisque,
1415 2143 1504 2176 prout
1522 2148 1578 2176 par
1593 2142 1667 2174 erat,
1682 2140 1749 2168 illos

921 2185 1015 2214 babui
1031 2195 1038 2219 ;
1055 2185 1230 2220 indignatus
1259 2185 1407 2213 concessit
1421 2185 1495 2213 mihi
1508 2185 1689 2221 ingressum,
1714 2186 1750 2213 At

922 2229 1179 2266 Constantinopoli
1213 2229 1319 2258 iterum
1347 2229 1418 2261 doli,
1446 2230 1555 2258 iterum
1583 2230 1750 2258 innumerae

921 2274 1097 2302 vexationes
1108 2274 1252 2302 adversus
1262 2282 1310 2302 me
1319 2281 1373 2310 per
1382 2281 1452 2302 eum
1463 2277 1685 2310 processerunt.

957 2320 1000 2348 IX.
1021 2319 1148 2352 Quando
1174 2318 1254 2346 enim
1283 2318 1441 2347 dominum
1468 2327 1557 2347 suum
1572 2327 1608 2347 ac
1622 2319 1750 2356 impera-

920 2366 1016 2392 torem
1041 2363 1132 2392 voluit
1154 2363 1328 2396 interﬁcere,
1344 2370 1382 2391 ne
1401 2363 1484 2400 quod
1499 2363 1749 2400 impedimentum

919 2416 956 2437 ex
972 2416 1019 2437 me
1034 2408 1168 2441 oriretur,
1185 2407 1306 2436 fraudes
1334 2407 1479 2437 adversus
1499 2416 1547 2436 me
1562 2409 1748 2437 concinnatae

921 2507 973 2537 εις,
997 2496 1222 2537 πολυχρονᾶσθαι,
1247 2499 1283 2537 ¹ιιι
1307 2496 1554 2537 πολυχρονεξσθται,
1589 2496 1749 2537 πολυχρονιῗ

921 2533 985 2567 ξειν,
1002 2532 1069 2568 βοᾴν
1083 2532 1114 2558 τὸ
1133 2532 1319 2570 πολυχρόνιον’
1345 2532 1421 2570 Quia
1443 2532 1555 2570 Μᾳίίοε
1575 2532 1684 2570 annos,
1699 2532 1749 2560 Ad

918 2567 1027 2597 multas
1046 2567 1157 2596 annos.
1184 2567 1227 2599 εἰς’
1245 2568 1328 2595 πολλὰ
1353 2569 1407 2601 im,
1433 2567 1515 2594 πολλὰ
1535 2569 1565 2596 τὴ
1592 2569 1646 2600 ἔτη,
1672 2568 1748 2596 inter

917 2604 1022 2632 laudes
1028 2603 1294 2632 etacclamationes
1300 2606 1422 2632 cmteras
1432 2603 1586 2632 vociferari
1596 2603 1746 2639 praecipue

917 2648 985 2668 mos
997 2642 1072 2668 erat.
1081 2642 1175 2676 Atque
1188 2640 1252 2668 haec
1263 2639 1449 2676 pervulgata.

954 2675 1010 2712 (lt)
1033 2677 1068 2712 Τρ
1087 2673 1236 2712 Σκὸυτάριν.
1254 2673 1436 2712 Scutarium.
1464 2673 1533 2712 Vide
1556 2682 1617 2712 prae
1633 2674 1745 2712 caeteris

917 2710 1040 2739 inﬁnite:
1053 2710 1191 2739 lectionis
1201 2714 1230 2738 et
1244 2710 1388 2739 doctrina;
1397 2710 1492 2738 virum
1507 2710 1646 2738 Carolum
1662 2711 1745 2738 Fres-

917 2747 1001 2775 nium
1014 2746 1059 2774 Ad
1073 2747 1309 2782 Villharduinum
1320 2753 1354 2782 p,
1362 2747 1423 2773 286.
1437 2745 1602 2774 Dorotheus
1616 2747 1745 2775 Monam-

917 2782 1062 2811 basiensis
1073 2783 1103 2810 in
1115 2782 1244 2819 Synopsi
1255 2781 1405 2816 historica,
1416 2782 1554 2819 Σκούταρι.
