1970 3082
238 127 290 155 935

698 123 839 152 ARSENII
858 122 910 151 (ΖΡ.
931 122 1069 151 ΡΑΤΒῘᾹΙ

1123 121 1169 151 [ΑΞ
1187 121 1453 150 TESTAMENTUM.
1878 123 1922 150 956

237 190 315 218 sunt.
334 188 393 217 Sed
418 189 489 216 tunc
503 187 608 216 omnia
621 187 651 215 in
664 194 777 216 vanum
791 185 969 214 reciderunt.
983 187 1064 214 Post-

1123 193 1204 220 πάντα
1221 197 1256 229 τῷ
1285 194 1343 219 τότε
1358 192 1554 229 ἀπεφάνθησαν,
1598 194 1642 219 καὶ
1666 193 1741 229 μετὰ
1758 195 1853 218 ταῦτα
1876 195 1924 223 τούς

237 241 273 262 ea
301 233 405 261 oculos
428 232 544 260 domini
566 239 601 260 ac
624 231 813 268 imperatoris
836 231 881 258 sui
904 238 974 258 cum
995 229 1065 258 eﬂ‘o—

238 278 339 311 disset,
355 284 463 313 resque
480 276 552 304 mihi
567 278 638 305 nota
655 276 732 304 facta
756 277 844 308 esset,
863 275 1066 304 excommuni-

238 321 348 350 cationi
365 329 434 349 eum
455 321 579 357 subieci.
601 322 781 357 Optaveram
801 322 902 348 autem
921 322 954 348 ut
973 319 1066 356 poeni-

238 366 362 394 tentiam
402 367 513 400 ageret,
547 365 737 401 multumque
762 373 839 393 onus
875 364 1065 399 tributorum,

238 410 428 447 vectigalium
452 418 468 439 e
489 410 680 443 commercio,
709 409 836 438 aliarum
863 409 1065 446 iniquitatum,

237 457 358 492 propter
386 455 561 491 hujusmodi
589 457 745 491 peccatum
777 454 933 486 minueret,
965 453 1066 490 sicque

237 499 325 527 venia
347 499 520 528 donaretur.
546 500 652 527 Verum
677 499 751 535 quia
776 498 985 534 pcenitentiam
1005 505 1067 526 non

238 543 378 577 ostendit,
389 551 445 572 nec
456 544 588 580 aliquam
599 543 749 572 malorum
760 543 969 576 minutionem,
980 543 1066 578 quin-

239 589 301 617 imo
312 587 562 621 additamentum,
577 588 603 616 ei
616 596 677 616 non
691 587 793 624 ignovi
808 596 814 620 ;
829 587 882 615 sed
896 589 966 623 post
980 585 1067 614 trien'

239 633 324 661 nium
347 641 449 661 coram
468 633 656 670 patriarchis,
679 632 886 669 metropolitis,
909 633 1015 659 senatu
1037 632 1067 659 et

239 678 321 706 omni
351 677 440 711 clero,
467 677 552 706 illum
582 685 618 705 ex
648 677 772 706 ecclesia
802 676 885 712 ejeci,
919 678 1064 712 tanquam

240 722 398 758 indignum
417 723 470 758 qui
488 723 519 750 in
541 730 609 750 eam
628 722 841 757 ingrederetur,
866 723 907 749 Ex
931 728 966 748 eo
989 722 1064 748 tem-

238 773 311 803 pore
341 769 512 795 commenta
534 766 681 795 adversus
701 774 761 800 me,
785 774 853 802 quae
876 767 1065 794 commentus

240 813 284 839 est
311 811 374 839 sine
397 811 632 844 accusatoribus,
662 811 724 839 sine
752 809 885 844 testibus,
915 818 952 838 ex
980 809 1064 838 nudo

239 855 386 884 duntaxat
399 863 547 884 sermone.
571 857 630 884 Hoc
649 858 702 889 est,
717 855 833 884 decrevi
851 854 1063 883 communione
1078 863 1098 891 Β

238 900 383 936 impertiri
407 900 515 929 sultani
543 908 660 937 pueros.
692 899 823 928 Ecclesia
847 907 896 928 me
913 898 1025 936 expulit
1055 908 1060 928 :

238 944 330 981 idque
344 953 414 974 cum
429 945 647 974 sacratissimus
661 945 778 973 Pisidia
793 944 981 980 metropolita
994 943 1065 972 scri-

237 991 290 1025 pto
309 990 464 1018 confessus
481 990 597 1026 fuisset,
618 990 701 1027 quod
713 989 779 1027 ipse
799 989 865 1018 illos
886 989 1067 1025 baptizasset

239 1036 266 1063 et
282 1035 495 1064 communione
509 1035 654 1064 donasset
672 1043 680 1068 ;
697 1042 752 1070 ego
768 1041 838 1062 vero
853 1041 906 1070 per
923 1033 1067 1070 scriptum

238 1079 391 1116 professus
407 1088 515 1113 essem,
527 1087 575 1108 me
591 1079 762 1108 nullatenus
777 1079 808 1107 id
822 1079 906 1106 scire.

275 1125 304 1152 X.
326 1125 415 1152 Porro
435 1126 505 1160 post
522 1124 672 1158 exsilium,
690 1122 772 1152 mille
790 1122 974 1151 mihirursus
989 1122 1067 1150 intu-

237 1167 271 1196 lit
280 1168 447 1196 calumnias
457 1170 486 1196 et
495 1176 656 1196 aerumnas.
669 1167 820 1196 Interdum
833 1167 966 1204 quidem,
980 1162 1069 1203 quasi

237 1211 425 1240 insidiatores
448 1212 624 1240 excitassem
640 1211 692 1249 qui
708 1219 778 1240 eum
793 1211 974 1240 occiderent.
991 1212 1068 1244 Quo-

237 1257 316 1284 circa
335 1256 454 1285 maecha
479 1256 614 1292 synodus
627 1256 946 1285 excommunicationis
960 1263 1066 1284 censu-

238 1308 305 1329 ram
321 1300 352 1329 in
370 1309 419 1330 me
434 1301 532 1329 emisit
546 1310 553 1335 ;
570 1308 604 1329 ac
619 1309 675 1337 ego
689 1301 789 1337 ipsum
805 1309 853 1329 me
866 1301 1067 1336 segregationi

239 1345 372 1380 subdidi,
385 1345 410 1373 si
419 1344 457 1374 de
467 1353 623 1382 quoquam
634 1346 783 1382 ejusmodi
797 1353 893 1374 essem
904 1346 1044 1374 conscius
1057 1355 1066 1382 ;

239 1389 285 1417 sin
300 1389 413 1425 minus,
427 1389 586 1418 calumnias
599 1393 735 1419 auctores
749 1390 998 1426 insidiarumque,
1018 1390 1067 1418 iis-

239 1442 299 1470 que
317 1435 454 1463 credulos
469 1435 728 1464 excommunicavi
759 1438 787 1463 et
804 1435 1065 1464 anathematizavi.

239 1479 302 1508 Alio
332 1487 400 1508 vero
423 1482 557 1517 tempore
580 1481 732 1515 Barangos
754 1482 940 1514 Narmaram,
965 1480 1067 1508 locum

1120 238 1267 274 ὀφθαλμοὺς
1283 241 1329 264 τοῦ
1349 237 1473 264 αὐθέντου
1490 239 1535 264 καὶ
1566 237 1692 274 βασιλέως
1719 237 1815 263 αὐτοῦ
1842 237 1924 272 ἐξώρυ.

1120 283 1156 318 ξε,
1185 285 1229 309 καὶ
1260 285 1375 318 γνωστόν
1420 292 1465 319 μοι
1488 286 1564 309 τοῦτο
1591 281 1696 318 ἐγένετο,
1718 285 1763 316 τῷ
1792 281 1926 319 ἂφορισμῷ

1120 327 1195 354 αὐτὸν
1226 327 1414 354 καθυπέϐαλον.
1435 327 1542 354 ’Ἠθιλον
1561 325 1591 354 δὲ
1614 327 1655 352 ἵνα
1680 327 1831 362 μετάνοιαν
1856 325 1927 352 ἐνὸιί-

1120 372 1207 406 ξηται¹
1232 374 1277 398 καὶ
1301 374 1348 401 τὴν
1390 371 1485 401 πολλὴν
1526 370 1665 408 βαρύτητα
1691 375 1744 397 τῶν
1772 373 1863 408 φόρων
1892 374 1927 397 καὶ

1120 418 1279 453 κουμερκίων
1305 418 1351 442 καὶ
1390 415 1480 454 ἐτέρων
1517 414 1627 442 ἀδικιῶν
1658 413 1706 441 διὰ
1731 417 1783 444 τὴν
1810 416 1928 443 τοιαύτην

1120 461 1249 497 ἁμαρτίαν
1271 459 1427 496 ἐκκόψηται,
1456 463 1501 486 καὶ
1527 460 1593 486 οὕτω
1623 460 1838 496 συγχωρηθείη,
1853 459 1895 489 Ὠς
1906 457 1930 485 δι

1121 506 1256 542 μετᾰνοιαν
1275 504 1321 531 οὐκ
1337 503 1476 538 ἄδείκνυεν,
1504 503 1566 531 ούδὲ
1591 514 1649 530 τινα
1663 503 1784 532 ἐκκοπὴν
1807 508 1860 530 τῶν
1884 514 1928 528 χιι-

1120 553 1182 584 κῶν,
1209 548 1272 575 ἀλλὰ
1294 550 1340 575 καὶ
1364 548 1458 585 μᾶλλον
1491 549 1655 586 προσθήκην,
1689 547 1718 574 οὐ
1751 550 1928 583 συνεχώρησα

1120 593 1189 629 αὐτῷ
1206 593 1289 620 ’ἀλλὰ
1302 594 1368 629 μετὰ
1390 595 1503 630 τριετίαν
1531 593 1636 619 ἐνώπιον
1665 596 1716 618 τῶν
1747 596 1924 629 πατριαρχῶν

1119 640 1165 664 καὶ
1186 642 1235 664 τῶν
1259 637 1456 674 μητροπολιτῶν
1483 640 1527 664 καὶ
1553 641 1601 668 τῆς
1631 637 1790 672 συγκλήτου
1820 640 1866 662 καὶ
1887 640 1924 662 τοῦ

1119 682 1200 708 αὐτοῦ
1214 681 1323 718 κλήρου,
1348 681 1376 708 ὶκ
1404 685 1453 712 τῆς
1477 681 1618 713 ἐκκλησίας
1642 685 1734 707 τοῦτον
1758 680 1881 712 ἐξέϐαλον
1901 682 1925 710 ὡς

1119 726 1228 758 ἀπάξιον
1242 731 1289 757 τῆς
1315 727 1380 763 πρὸς
1402 726 1483 755 αὐτὴν
1499 724 1614 753 εἰσόδου.
1632 726 1741 752 Ἐκτοτε
1775 727 1806 751 αἱ
1837 735 1925 752 σκαιω-

1117 774 1174 809 ρὶαι
1201 771 1258 797 κατ’
1285 770 1357 807 ἐμοῦ,
1382 769 1410 801 ἃς
1441 768 1475 799 δὴ
1496 773 1540 796 καὶ
1561 770 1742 807 ἔσκαιώρησεν
1771 771 1836 796 ἀνευ
1857 779 1927 797 κατη-

1117 818 1201 853 γόρων
1224 817 1269 842 καὶ
1286 816 1435 853 μαρτύρων,
1464 814 1515 841 ἀπὸ
1544 814 1622 851 ψιλοῦ
1646 817 1725 851 μόνου
1757 814 1852 850 λόγον.
1874 817 1927 840 Του-

1118 862 1204 887 τέστιν
1220 861 1304 898 ὥρισα
1319 863 1477 889 κοινωνῆσαι
1496 863 1557 891 τοῦς
1576 863 1622 886 τοῦ
1639 859 1790 886 σουλτιὶνου
1812 857 1907 888 παῖδας
1922 861 1926 866 ⁵

1118 909 1166 936 τῆς
1180 904 1382 941 Ἐκκ)ησίας,με
1397 903 1511 935 ἐξώθησε
1531 915 1538 921 ·
1561 906 1605 930 καὶ
1633 908 1717 930 ταῦτα
1727 907 1781 930 τοῦ
1811 913 1926 939 πανιιρω-

1119 950 1199 976 τάτου
1229 949 1421 986 μητροπολίτου
1457 947 1602 980 Πισσιδίας
1631 947 1774 985 ἐγγράφως
1809 947 1926 984 ὁμολογὴ-

1122 1003 1215 1025 σαντος
1232 995 1264 1024 ὡς
1279 993 1372 1024 ἐκεῖνος
1396 995 1441 1019 καὶ
1461 992 1585 1020 ἆϐοῐπτισι
1615 994 1724 1023 τούτους
1751 995 1802 1018 καὶ
1832 992 1923 1018 ἐκοινώ-

1121 1048 1185 1068 νησε
1203 1049 1209 1055 -
1226 1037 1312 1074 κάμοῦ
1334 1047 1362 1064 τε
1387 1037 1524 1074 ἐγγράφως
1547 1037 1763 1074 ὁμολογήσαντος
1784 1039 1822 1073 μή
1841 1035 1925 1063 εἰδέναι

1123 1093 1154 1119 με
1168 1084 1197 1109 τὸ
1213 1082 1318 1109 σύνολον
1338 1085 1427 1111 τοῦτο.

1159 1126 1186 1155 1’.
1202 1129 1275 1154 Μετὰ
1290 1125 1320 1153 δὲ
1341 1129 1388 1156 τὴν
1416 1126 1516 1163 ἆξορίαν
1540 1128 1636 1164 μυρίας
1659 1128 1704 1153 καὶ
1737 1126 1822 1153 πάλιν
1845 1135 1926 1151 nam

1123 1174 1180 1209 ρίας
1199 1175 1244 1198 καὶ
1273 1171 1373 1207 θλίψεις
1401 1181 1445 1208 μοι
1466 1171 1588 1207 ἐπήνεγκε

1124 1216 1229 1247 δούλους
1261 1214 1419 1252 διεγείραντι
1438 1219 1483 1242 τοῦ
1512 1216 1590 1242 αὐτὸν
1618 1219 1741 1252 φονεῦσαι
1758 1227 1765 1233 -
1785 1216 1843 1242 ὃθεν
1857 1217 1897 1240 καὶ
1911 1225 1922 1242 ιτ

1123 1259 1318 1297 μοιχοσύνοδος
1341 1260 1486 1298 ἀφορισμόν
1529 1270 1572 1298 μοι
1617 1259 1786 1292 ἐξαπέστειλε
1817 1270 1824 1277 '

1122 1305 1248 1332 ὑπέϐαλον
1288 1304 1399 1342 ἐμαυτὸν
1437 1305 1471 1335 εἰς
1513 1304 1657 1342 ἂφορισμόν
1698 1305 1720 1331 εἰ
1756 1306 1875 1331 τοιοῦτον
1903 1313 1923 1328 τι

1124 1348 1236 1377 σύνοιδα
1249 1358 1255 1364 “
1273 1349 1295 1376 εἰ
1311 1348 1340 1376 δὲ
1355 1351 1404 1386 μὴ,
1428 1351 1489 1380 τοὺς
1515 1352 1732 1387 σκαιωρήσαντας
1747 1352 1798 1376 καὶ
1829 1347 1923 1375 ἐπιϐου-

1122 1394 1295 1431 λευσαμένους
1333 1397 1378 1421 καὶ
1423 1395 1615 1426 πιστεύσαντας
1651 1397 1693 1420 καὶ
1734 1394 1862 1432 ἀφώρισα
1885 1387 1923 1418 καὶ

1123 1438 1297 1475 ἀνεθεμάτισα
1311 1449 1318 1456 ·
1335 1438 1422 1465 ἄλλοτε
1445 1436 1475 1466 δὲ
1489 1440 1642 1476 Rapui-nou;
1656 1439 1711 1474 (t2)
1731 1438 1771 1470 εἰς
1791 1441 1836 1465 τὸν
1863 1441 1922 1472 Ναρ-

1122 1493 1208 1520 μαραν
1232 1483 1259 1510 ὃν
1285 1483 1439 1521 ἐξωρίσθην,
1470 1482 1603 1510 ἀπέστειλε
1622 1483 1798 1519 φυλάττοντας
1821 1493 1862 1519 με,
1884 1483 1920 1507 καὶ

1614 1192 1620 1199 .
1644 1173 1706 1198 ποτὲ
1726 1172 1789 1207 μὲν,
1818 1172 1853 1201 ὡς
1879 1170 1924 1195 ἐπι-

1861 1259 1923 1294 κᾶγὼ

239 1524 333 1552 exsilii
355 1525 424 1559 mei,
439 1525 527 1561 misit,
549 1525 750 1553 custodituros
765 1533 814 1553 me
830 1534 836 1558 ;
851 1527 916 1553 tum
930 1525 1067 1553 innume-

1123 1531 1218 1565 μυρίας
1245 1527 1343 1564 θλίψεις
1380 1538 1426 1564 μοι
1452 1527 1634 1565 προύξένησεν.
1663 1527 1711 1554 Ἐῶ
1745 1529 1801 1565 γὰρ
1828 1528 1860 1553 τὰ
1881 1530 1919 1555 τῆς

237 1568 346 1597 rabilia
363 1570 437 1598 mihi
450 1569 644 1599 incommoda
665 1569 844 1598 conciliavit.
867 1569 978 1598 Omitto
1000 1577 1067 1605 quas

238 1613 277 1642 ad
298 1614 478 1643 Tricocciam
500 1615 659 1651 pertinent,
688 1623 781 1651 quem
797 1614 836 1643 ad
851 1614 978 1642 modum
995 1614 1069 1642 mihi

238 1666 342 1687 eorum
366 1659 494 1687 insultus
517 1659 705 1696 imposuerit.
733 1661 808 1687 Nam
831 1659 855 1686 si
879 1666 1069 1695 quaecunque

237 1703 269 1730 in
283 1711 331 1731 me
346 1703 469 1739 peregit,
485 1706 514 1732 et
531 1704 677 1732 adversus
698 1703 859 1732 Ecclesiam
879 1703 931 1731 Dei
949 1703 1069 1731 molitus

238 1748 293 1779 est,
316 1747 425 1775 referre
439 1748 632 1784 contendero,
649 1750 839 1776 enarrantem
863 1747 980 1775 deﬁciet
996 1749 1069 1776 tem-

237 1798 308 1826 pus.
324 1791 364 1818 De
385 1791 486 1819 multis
507 1799 578 1820 vero
593 1799 692 1827 pauca
705 1791 927 1828 repraesentavi,
947 1794 1069 1828 propter

240 1835 388 1862 sermonis
405 1835 570 1863 satietatem
587 1838 616 1864 et
629 1835 823 1864 nimietatem
842 1843 910 1872 quae
927 1836 1069 1864 nimirum

239 1878 362 1907 inimica
374 1881 419 1907 est
431 1879 567 1908 auribus.
581 1879 721 1908 Dicebam
736 1881 846 1913 tamen,
863 1879 909 1907 Ab
924 1879 981 1908 hoc
994 1882 1069 1908 tem-

239 1931 312 1960 pore
339 1924 463 1952 satiatus
484 1924 615 1953 amentia
630 1926 659 1952 et
673 1924 831 1961 tyrannide
847 1932 918 1961 erga
941 1933 990 1953 me
1009 1933 1069 1953 ser-

240 1976 355 2004 vosque
377 1969 437 2003 Dei,
457 1968 582 2004 desinet,
611 1972 679 2004 aget
697 1969 913 2005 paanitentiam,
932 1971 964 1997 ut
983 1969 1070 1998 venia

240 2013 346 2041 donari
360 2013 466 2050 possit.

277 2059 320 2086 XI.
338 2058 395 2088 Sed
417 2058 563 2095 quoniam
590 2058 752 2087 Ecclesium
766 2059 815 2088 Dei
843 2060 929 2087 vertit
944 2059 974 2087 in
990 2066 1043 2095 spe
1055 2074 1068 2080 -

240 2103 361 2132 luncam
386 2103 548 2138 latronum,
569 2105 598 2131 et
611 2103 740 2140 lupanar
757 2104 848 2137 ;item
876 2112 968 2140 quem
984 2103 1068 2139 prius

241 2148 573 2182 excommunieaveram,
581 2148 611 2176 in
619 2148 690 2176 sede
696 2157 765 2177 mea
775 2148 939 2184 collocavit,
950 2156 1068 2176 necnon

243 2191 556 2227 adillamimpietatem
565 2192 833 2229 omnimodamque
843 2192 1001 2229 perﬁdiam
1007 2200 1068 2228 qua

242 2236 335 2264 Latini
356 2238 494 2264 tenentur
517 2239 642 2266 conatus
667 2239 711 2266 est
733 2237 882 2266 adducere
908 2236 1068 2265 Ecclesiam

242 2281 302 2315 Dei,
315 2289 382 2317 quas
395 2281 544 2310 immenso
555 2283 702 2317 sanguine
716 2284 784 2311 ante
795 2284 901 2319 etpost
916 2281 1066 2310 Christum

242 2333 277 2354 ac
296 2334 349 2362 per
372 2326 518 2355 Christum
539 2335 683 2363 magnam
702 2327 832 2356 hostiam
855 2326 923 2354 fuso
945 2325 1069 2355 collecta

241 2370 296 2398 fuit
325 2379 331 2398 ε
358 2370 481 2400 demum
509 2372 661 2408 ingentem
692 2371 929 2409 persecutionem
964 2374 1069 2400 contra

241 2415 378 2444 eamdem
391 2416 554 2445 Ecclesiam
569 2417 714 2448 excitavit,
730 2418 800 2452 post
810 2418 852 2444 tot
865 2423 962 2444 annos
975 2424 992 2444 a
1005 2424 1069 2452 per-

241 2460 443 2489 secutionibus
457 2470 464 2489 :
476 2464 635 2498 eapropter
645 2460 987 2489 excommunicationem
1002 2469 1069 2497 pro-

239 2505 340 2542 tendo,
356 2506 404 2534 cui
422 2506 487 2542 ipse
501 2506 629 2541 subjecit
643 2513 675 2533 se
689 2505 812 2542 propria
825 2504 986 2537 voluntate,
1002 2513 1069 2541 pro-

276 2579 333 2616 (172)
354 2579 526 2616 ready-your.
557 2579 646 2616 Erant
668 2577 793 2612 Barangi
817 2584 869 2616 seu
889 2578 1020 2613 Varaugi
1041 2580 1071 2607 et

240 2613 602 2654 Varingi,_imperatorum
617 2614 794 2654 Graacoru-m‘
806 2613 962 2654 stipatores
975 2617 1003 2642 et
1019 2622 1070 2642 sa-

240 2648 354 2686 tellites.
372 2652 411 2686 De
421 2648 462 2686 iis
476 2652 545 2686 post
560 2648 730 2686 Meursium,
743 2648 908 2686 Fabrotum
923 2649 1068 2685 aliosque,

241 2684 327 2721 docte
333 2693 368 2713 ac
376 2684 711 2721 dilligenter,utomnia,
722 2684 800 2712 idem
811 2684 946 2721 Fresnius
957 2684 1067 2721 noster,

243 2719 371 2749 historia;
383 2719 550 2757 Byzantium
560 2720 722 2748 illustrator
732 2720 911 2757 precipuus.

279 2756 337 2792 (Ia)
360 2755 475 2792 Τᾱίτῆς
507 2758 670 2792 Γρικοκκίας.
695 2755 831 2792 ΒέροιῚὰ
853 2755 890 2784 de
922 2756 1070 2785 Tricoccia

244 2797 310 2818 arce
329 2791 413 2820 circa
445 2791 584 2824 Nicaeam,
605 2793 633 2819 et
656 2791 851 2827 Tricocciotis,
875 2792 1069 2828 Nicsenosque

1122 1575 1280 1609 Τρικοκκίας
1302 1574 1370 1608 (13),
1383 1576 1436 1603 πῶς
1465 1573 1501 1604 εἰς
1527 1572 1569 1609 ἐμὲ
1598 1575 1643 1598 καὶ
1668 1575 1713 1602 τήν
1740 1572 1845 1599 ἐκείνων
1872 1570 1921 1597 ἑπα-

1122 1617 1250 1646 νάστασιν
1289 1616 1452 1645 ἐπιτέθεικεν.
1478 1617 1508 1643 Εἰ
1542 1618 1593 1653 γὰρ
1622 1618 1708 1643 πάντα
1734 1618 1789 1643 ὃσα
1817 1626 1861 1653 μοι
1883 1623 1921 1641 πι-

1122 1663 1232 1696 ποίηκε,
1258 1663 1304 1687 καὶ
1317 1661 1369 1687 ὅσα
1393 1662 1461 1687 κατὰ
1483 1665 1532 1692 τῆς
1546 1665 1592 1687 τοῦ
1611 1665 1678 1688 Θεοῦ
1699 1661 1858 1691 Ἐκκλησὶας
1870 1659 1921 1695 ἐμιτ-

1124 1707 1273 1742 χανήσατο,
1302 1704 1472 1742 ἀγωνίσωμαι
1515 1705 1717 1741 ἀφηγήσασθαι,
1755 1704 1881 1740 ἐπιλείψει
1896 1711 1922 1739 με

1126 1749 1298 1787 διηγούμενον
1326 1751 1340 1776 ὁ
1378 1753 1485 1787 χρόνος.
1523 1750 1567 1777 Ἐκ
1597 1754 1647 1776 τῶν
1684 1750 1786 1776 πολλῶν
1809 1748 1839 1776 δε
1857 1749 1921 1783 ὀλίγα

1124 1793 1304 1832 παρεδήλωσα
1321 1793 1369 1822 διὰ
1395 1797 1438 1821 τὸν
1460 1798 1507 1821 τοῦ
1531 1794 1610 1831 λόγου
1632 1797 1708 1832 κόρον
1724 1805 1730 1812 ·
1747 1793 1841 1823 ἐπειδὴ
1856 1796 1922 1829 κόρος

1124 1839 1202 1875 λόγου
1222 1839 1346 1876 πολέμιος
1375 1843 1474 1870 ἀκοαῖς.
1502 1839 1606 1875 Ἔλεγον
1636 1837 1676 1874 δὲ,
1709 1839 1760 1865 ἀπὸ
1785 1849 1816 1875 γε
1829 1842 1871 1864 τοῦ
1884 1840 1920 1862 νῦν

1125 1884 1258 1921 κορεσθεὶς
1269 1887 1314 1914 τῆς
1330 1883 1452 1914 ἀπονοίας
1477 1886 1522 1910 καὶ
1549 1882 1706 1920 τυραννίδος
1724 1887 1775 1915 τῆς
1801 1884 1864 1920 πρὸς

1124 1931 1169 1955 καὶ
1181 1933 1231 1954 τῶν
1247 1932 1292 1955 τοῦ
1313 1932 1380 1955 Θεοῦ
1405 1927 1518 1964 δούλων,
1552 1931 1596 1955 καὶ
1623 1930 1750 1955 παύσεται
1777 1930 1822 1955 καὶ
1851 1934 1918 1963 μετα-

1124 1975 1223 2006 νοὴσει,
1240 1975 1285 1999 καὶ
1296 1975 1455 2009 συγγνώμης
1471 1972 1605 2004 ἀξιωθείη.

1159 2061 1209 2089 ΙΑ’.
1231 2061 1302 2088 Ἐπεὶ
1328 2061 1358 2088 δὲ
1387 2064 1434 2091 τὴν
1461 2065 1508 2088 τοῦ
1533 2061 1600 2089 Θεοῦ
1624 2061 1780 2091 Ἐκκλησίαν
1801 2060 1914 2089 σπήλαιον

1124 2105 1302 2143 ἀπηργάσατο
1327 2105 1441 2142 λῃστῶν,
1481 2108 1526 2132 καὶ
1549 2110 1666 2143 πορνεῖον
1697 2117 1702 2123 ·
1733 2108 1776 2132 καὶ
1804 2106 1829 2131 ὃν
1852 2102 1914 2139 εἶχον

1122 2152 1365 2187 προαφωρισμένον,
1401 2151 1437 2181 εἰς
1459 2152 1502 2176 τὸν
1529 2151 1617 2188 θρόνον
1641 2160 1690 2187 μου
1719 2150 1824 2177 ἐκάθισε
1849 2159 1855 2165 ’
1877 2148 1913 2172 καὶ

1123 2195 1156 2226 εἰς
1178 2197 1274 2224 ταύτην
1300 2197 1347 2224 τὴν
1376 2194 1495 2221 ἀσέϐειαν
1516 2198 1561 2221 καὶ
1589 2195 1699 2225 παντελῆ
1732 2194 1853 2221 ἀπιστιαν
1875 2193 1913 2218 τὴν

1122 2245 1172 2266 τῶν
1193 2241 1309 2266 Λατίνων
1347 2242 1496 2276 ἠγωνίσατο
1527 2242 1573 2269 τὴν
1599 2244 1645 2266 τοῦ
1674 2243 1742 2266 Θεοῦ
1765 2238 1910 2267 Ἐκκλησίαν

1123 2284 1193 2319 ἄξαι,
1218 2287 1264 2314 τήν
1290 2284 1486 2320 συνειλεγμένην
1514 2287 1619 2321 μυρίοις
1641 2285 1734 2320 οῖμασι
1763 2287 1818 2314 τοῖς
1831 2283 1875 2319 πρό
1887 2288 1911 2314 γε

1122 2332 1240 2366 Χριστοῦ
1260 2331 1305 2355 καὶ
1333 2330 1398 2365 μετὰ
1435 2331 1551 2365 Χριστὸν
1573 2331 1618 2355 καὶ
1639 2329 1720 2355 αὐτοῦ
1747 2333 1794 2355 τοῦ
1812 2325 1910 2364 μιγάλον

1125 2375 1235 2410 θύματος
1252 2375 1315 2399 ’καὶ
1346 2375 1425 2410 μέγαν
1453 2371 1570 2410 διωγμὸν
1601 2373 1660 2399 κατ’
1688 2373 1771 2404 αὐτῆς
1796 2373 1909 2401 κεκίνηκε,

1122 2419 1270 2444 παυθίντων
1303 2422 1349 2445 τῶν
1369 2416 1491 2454 διωγμῶν
1515 2420 1565 2455 πρὸ
1593 2420 1695 2454 χρόνων
1721 2417 1818 2444 πολλῶν
1841 2426 1847 2432 '
1872 2415 1908 2439 καὶ

1124 2463 1239 2489 ὶπιτεὶνω
1265 2464 1306 2488 τόν
1344 2462 1499 2500 ἀφορισμὸν,
1525 2462 1551 2488 ὃν
1595 2465 1673 2494 αὐτὸς
1704 2463 1788 2498 ἐαυτῷ
1815 2457 1908 2487 ὑπέϐαλε

1125 2506 1161 2534 δι’
1172 2507 1267 2534 οἰκείαν
1283 2507 1377 2544 ὄρεξιν,
1399 2506 1437 2533 δι’
1460 2507 1556 2534 οἰκείαν
1582 2507 1737 2542 ἀπόλαυσιν,
1763 2506 1800 2534 δι’
1826 2505 1906 2532 οἰκείαν

1124 2580 1243 2607 montes
1250 2578 1481 2607 incolentibus.“
1488 2579 1792 2607 mstexcaacationem
1798 2572 1904 2605 Joannis

1126 2614 1270 2647 Lascaris,
1281 2614 1426 2652 adversus
1439 2614 1609 2652 Michaelem
1625 2614 1905 2652 Ealasologumﬁrma

1124 2653 1276 2685 ceperunt,
1286 2652 1320 2687 ut
1326 2649 1450 2687 refertur
1460 2658 1479 2678 a
1493 2649 1617 2686 Georgio
1630 2647 1902 2687 Papehyméreﬁibiﬂ,

1124 2693 1191 2722 cap.
1222 2687 1261 2721 13,
1286 2685 1343 2722 ubi
1367 2685 1736 2722 Τρικοκκιώῖαςςῃρωίυᾶῑ.
1766 2685 1903 2722 Τρικοιιίας

1125 2720 1225 2749 ειιῆοω
1233 2720 1309 2748 arcis
1321 2720 1502 2749 mentionem
1512 2721 1581 2749 facit
1591 2721 1643 2749 lib.
1654 2729 1713 2755 xm,
1722 2720 1791 2756 cap.
1799 2721 1828 2747 33
1836 2722 1903 2752 ;queB

1123 2757 1185 2784 duo
1199 2756 1265 2784 loca
1277 2756 1353 2784 inter
1371 2765 1402 2784 se
1428 2756 1537 2784 collata
1551 2756 1799 2784 Tricocciotarum
1809 2757 1900 2782 nomen

1123 2791 1280 2827 illustrant,
1287 2792 1456 2820 hominibus
1462 2792 1616 2827 insigniter
1625 2792 1900 2820 litteratisobscurum
