  <div class='ocr_page' id='page_1' title='image "/cluster/home/n/w/nwhite01/storage/ocr_20150623/140/njp.32101010942850/515.png"; bbox 0 0 1970 3082; ppageno 0'>
   <div class='ocr_carea' id='block_1_1' title="bbox 253 27 1955 134">
    <p class='ocr_par' dir='ltr' id='par_1_1' title="bbox 253 27 1955 134">
     <span class='ocr_line' id='line_1_1' title="bbox 253 27 1955 134; baseline -0.002 -8"><span class='ocrx_word' id='word_1_1' title='bbox 253 99 304 127; x_wconf 84' lang='lat'>963</span> <span class='ocrx_word' id='word_1_2' title='bbox 881 95 1056 125; x_wconf 80' lang='lat' dir='ltr'>GEORGIUS</span> <span class='ocrx_word' id='word_1_3' title='bbox 1075 95 1303 124; x_wconf 79' lang='lat' dir='ltr'>ACROPOLITA.</span> 
     </span>
    </p>
   </div>
   <div class='ocr_carea' id='block_1_2' title="bbox 246 156 1943 193">
    <p class='ocr_par' dir='ltr' id='par_1_2' title="bbox 246 156 1943 193">
     <span class='ocr_line' id='line_1_2' title="bbox 246 156 1943 193; baseline -0.002 -4"><span class='ocrx_word' id='word_1_4' title='bbox 246 160 438 188; x_wconf 82' lang='lat' dir='ltr'>Precationes</span> <span class='ocrx_word' id='word_1_5' title='bbox 457 158 522 193; x_wconf 84' lang='lat' dir='ltr'><strong>XIII,</strong></span> <span class='ocrx_word' id='word_1_6' title='bbox 543 165 620 193; x_wconf 90' lang='lat' dir='ltr'>quas</span> <span class='ocrx_word' id='word_1_7' title='bbox 644 156 774 185; x_wconf 84' lang='lat' dir='ltr'>Michaeli</span> <span class='ocrx_word' id='word_1_8' title='bbox 795 157 971 192; x_wconf 76' lang='lat' dir='ltr'>Paleaologo,</span> <span class='ocrx_word' id='word_1_9' title='bbox 993 157 1099 185; x_wconf 85' lang='lat' dir='ltr'>urbem</span> <span class='ocrx_word' id='word_1_10' title='bbox 1125 157 1228 193; x_wconf 90' lang='lat' dir='ltr'>Cpolin</span> <span class='ocrx_word' id='word_1_11' title='bbox 1258 157 1390 191; x_wconf 73' lang='lat' dir='ltr'>intranti,</span> <span class='ocrx_word' id='word_1_12' title='bbox 1411 165 1442 185; x_wconf 88' lang='lat' dir='ltr'>se</span> <span class='ocrx_word' id='word_1_13' title='bbox 1475 157 1685 193; x_wconf 85' lang='lat' dir='ltr'>composuisse</span> <span class='ocrx_word' id='word_1_14' title='bbox 1711 159 1835 191; x_wconf 81' lang='lat' dir='ltr'>narrat,</span> <span class='ocrx_word' id='word_1_15' title='bbox 1872 159 1943 185; x_wconf 75' lang='lat' dir='ltr'>c.8‘.</span> 
     </span>
    </p>
   </div>
   <div class='ocr_carea' id='block_1_3' title="bbox 245 202 1852 238">
    <p class='ocr_par' dir='ltr' id='par_1_3' title="bbox 245 202 1852 238">
     <span class='ocr_line' id='line_1_3' title="bbox 245 202 1852 238; baseline -0.002 -6"><span class='ocrx_word' id='word_1_16' title='bbox 245 205 387 232; x_wconf 60' lang='lat' dir='ltr'>Historia</span> <span class='ocrx_word' id='word_1_17' title='bbox 400 205 428 231; x_wconf 88' lang='lat' dir='ltr'>et</span> <span class='ocrx_word' id='word_1_18' title='bbox 443 203 544 230; x_wconf 82' lang='lat' dir='ltr'>Oratio</span> <span class='ocrx_word' id='word_1_19' title='bbox 555 202 591 230; x_wconf 86' lang='lat' dir='ltr'>de</span> <span class='ocrx_word' id='word_1_20' title='bbox 605 205 721 236; x_wconf 82' lang='lat' dir='ltr'>recepta</span> <span class='ocrx_word' id='word_1_21' title='bbox 735 202 823 236; x_wconf 74' lang='grc' dir='ltr'>ϐροιί</span> <span class='ocrx_word' id='word_1_22' title='bbox 838 202 924 236; x_wconf 86' lang='lat' dir='ltr'>cujus</span> <span class='ocrx_word' id='word_1_23' title='bbox 940 205 1152 237; x_wconf 80' lang='lat' dir='ltr'>argumentum</span> <span class='ocrx_word' id='word_1_24' title='bbox 1168 210 1233 238; x_wconf 85' lang='lat' dir='ltr'>cap.</span> <span class='ocrx_word' id='word_1_25' title='bbox 1249 203 1284 230; x_wconf 86' lang='lat'>89</span> <span class='ocrx_word' id='word_1_26' title='bbox 1300 202 1399 236; x_wconf 80' lang='lat' dir='ltr'>refert,</span> <span class='ocrx_word' id='word_1_27' title='bbox 1419 202 1641 230; x_wconf 79' lang='lat' dir='ltr'>interciderunt.</span> <span class='ocrx_word' id='word_1_28' title='bbox 1659 202 1826 229; x_wconf 84' lang='lat' dir='ltr'>Addantur</span> <span class='ocrx_word' id='word_1_29' title='bbox 1845 211 1852 229; x_wconf 87' lang='lat'>:</span> 
     </span>
    </p>
   </div>
   <div class='ocr_carea' id='block_1_4' title="bbox 283 246 1944 282">
    <p class='ocr_par' dir='ltr' id='par_1_4' title="bbox 283 246 1944 282">
     <span class='ocr_line' id='line_1_4' title="bbox 283 246 1944 282; baseline -0.001 -6"><span class='ocrx_word' id='word_1_30' title='bbox 283 249 386 276; x_wconf 78' lang='lat' dir='ltr'>Oratio</span> <span class='ocrx_word' id='word_1_31' title='bbox 396 248 427 275; x_wconf 88' lang='lat' dir='ltr'>in</span> <span class='ocrx_word' id='word_1_32' title='bbox 439 247 582 281; x_wconf 81' lang='lat' dir='ltr'>templum</span> <span class='ocrx_word' id='word_1_33' title='bbox 597 247 761 274; x_wconf 63' lang='lat' dir='ltr'>Dominicw</span> <span class='ocrx_word' id='word_1_34' title='bbox 779 247 1004 274; x_wconf 74' lang='lat' dir='ltr'>resurrectionis</span> <span class='ocrx_word' id='word_1_35' title='bbox 1020 247 1266 279; x_wconf 84' lang='lat' dir='ltr'>mstauratum,in</span> <span class='ocrx_word' id='word_1_36' title='bbox 1287 247 1436 280; x_wconf 88' lang='lat' dir='ltr'>cod.3088,</span> <span class='ocrx_word' id='word_1_37' title='bbox 1458 246 1642 282; x_wconf 76' lang='lat' dir='ltr'>publ.I‘aris.</span> <span class='ocrx_word' id='word_1_38' title='bbox 1663 246 1845 282; x_wconf 63' lang='lat' dir='ltr'>Logothetz</span> <span class='ocrx_word' id='word_1_39' title='bbox 1863 247 1944 274; x_wconf 82' lang='lat' dir='ltr'>dom.</span> 
     </span>
    </p>
   </div>
   <div class='ocr_carea' id='block_1_5' title="bbox 247 290 1945 328">
    <p class='ocr_par' dir='ltr' id='par_1_5' title="bbox 247 290 1945 328">
     <span class='ocr_line' id='line_1_5' title="bbox 247 290 1945 328; baseline -0.002 -7"><span class='ocrx_word' id='word_1_40' title='bbox 247 293 366 328; x_wconf 81' lang='lat' dir='ltr'>Georgii</span> <span class='ocrx_word' id='word_1_41' title='bbox 373 292 552 326; x_wconf 68' lang='lat' dir='ltr'>Acropolitz</span> <span class='ocrx_word' id='word_1_42' title='bbox 561 291 682 319; x_wconf 85' lang='lat' dir='ltr'>iambici</span> <span class='ocrx_word' id='word_1_43' title='bbox 697 299 798 319; x_wconf 81' lang='lat' dir='ltr'>versus</span> <span class='ocrx_word' id='word_1_44' title='bbox 814 290 900 325; x_wconf 82' lang='lat' dir='ltr'>LXIII,</span> <span class='ocrx_word' id='word_1_45' title='bbox 912 291 964 327; x_wconf 88' lang='lat' dir='ltr'>qui</span> <span class='ocrx_word' id='word_1_46' title='bbox 988 293 1057 319; x_wconf 87' lang='lat' dir='ltr'>sunt</span> <span class='ocrx_word' id='word_1_47' title='bbox 1080 291 1263 319; x_wconf 71' lang='lat' dir='ltr'>Praefationis</span> <span class='ocrx_word' id='word_1_48' title='bbox 1294 291 1360 319; x_wconf 87' lang='lat' dir='ltr'>loco</span> <span class='ocrx_word' id='word_1_49' title='bbox 1387 291 1418 319; x_wconf 93' lang='lat' dir='ltr'>in</span> <span class='ocrx_word' id='word_1_50' title='bbox 1442 290 1588 318; x_wconf 90' lang='lat' dir='ltr'>Theodori</span> <span class='ocrx_word' id='word_1_51' title='bbox 1618 291 1751 318; x_wconf 86' lang='lat' dir='ltr'>Lascaris</span> <span class='ocrx_word' id='word_1_52' title='bbox 1771 291 1945 321; x_wconf 78' lang='lat' dir='ltr'>Epistolas.</span> 
     </span>
    </p>
   </div>
   <div class='ocr_carea' id='block_1_6' title="bbox 245 334 1946 372">
    <p class='ocr_par' dir='ltr' id='par_1_6' title="bbox 245 334 1946 372">
     <span class='ocr_line' id='line_1_6' title="bbox 245 334 1946 372; baseline -0.002 -6"><span class='ocrx_word' id='word_1_53' title='bbox 245 338 318 366; x_wconf 92' lang='lat' dir='ltr'>Tum</span> <span class='ocrx_word' id='word_1_54' title='bbox 337 335 471 365; x_wconf 85' lang='lat' dir='ltr'>Lascaris</span> <span class='ocrx_word' id='word_1_55' title='bbox 486 335 616 372; x_wconf 62' lang='lat' dir='ltr'>epistolae</span> <span class='ocrx_word' id='word_1_56' title='bbox 631 337 676 369; x_wconf 89' lang='lat'>38,</span> <span class='ocrx_word' id='word_1_57' title='bbox 692 335 731 363; x_wconf 91' lang='lat' dir='ltr'>ad</span> <span class='ocrx_word' id='word_1_58' title='bbox 747 343 893 370; x_wconf 88' lang='lat' dir='ltr'>magnum</span> <span class='ocrx_word' id='word_1_59' title='bbox 906 334 1122 371; x_wconf 82' lang='lat' dir='ltr'>philosophum</span> <span class='ocrx_word' id='word_1_60' title='bbox 1140 336 1221 364; x_wconf 75' lang='lat' dir='ltr'>Dom-</span> <span class='ocrx_word' id='word_1_61' title='bbox 1239 335 1346 370; x_wconf 85' lang='lat' dir='ltr'>Georg.</span> <span class='ocrx_word' id='word_1_62' title='bbox 1366 335 1574 370; x_wconf 83' lang='lat' dir='ltr'>Acropolitam</span> <span class='ocrx_word' id='word_1_63' title='bbox 1595 337 1662 363; x_wconf 84' lang='lat' dir='ltr'>ante</span> <span class='ocrx_word' id='word_1_64' title='bbox 1676 335 1846 363; x_wconf 84' lang='lat' dir='ltr'>Marcionis</span> <span class='ocrx_word' id='word_1_65' title='bbox 1863 335 1946 370; x_wconf 86' lang='lat' dir='ltr'>lega-</span> 
     </span>
    </p>
   </div>
   <div class='ocr_carea' id='block_1_7' title="bbox 247 379 1945 416">
    <p class='ocr_par' dir='ltr' id='par_1_7' title="bbox 247 379 1945 416">
     <span class='ocr_line' id='line_1_7' title="bbox 247 379 1945 416; baseline -0.001 -6"><span class='ocrx_word' id='word_1_66' title='bbox 247 382 359 410; x_wconf 84' lang='lat' dir='ltr'>tionem</span> <span class='ocrx_word' id='word_1_67' title='bbox 375 381 414 409; x_wconf 89' lang='lat' dir='ltr'>ad</span> <span class='ocrx_word' id='word_1_68' title='bbox 428 381 576 408; x_wconf 80' lang='lat' dir='ltr'>Joannem</span> <span class='ocrx_word' id='word_1_69' title='bbox 592 379 717 413; x_wconf 90' lang='lat' dir='ltr'>Ducam,</span> <span class='ocrx_word' id='word_1_70' title='bbox 738 379 901 415; x_wconf 73' lang='lat' dir='ltr'>Florentiae,</span> <span class='ocrx_word' id='word_1_71' title='bbox 912 379 944 407; x_wconf 92' lang='lat' dir='ltr'>in</span> <span class='ocrx_word' id='word_1_72' title='bbox 958 380 1024 407; x_wconf 91' lang='lat' dir='ltr'>cod.</span> <span class='ocrx_word' id='word_1_73' title='bbox 1042 380 1178 413; x_wconf 79' lang='lat' dir='ltr'>Laurent,</span> <span class='ocrx_word' id='word_1_74' title='bbox 1191 379 1294 408; x_wconf 88' lang='lat' dir='ltr'>Medic.</span> <span class='ocrx_word' id='word_1_75' title='bbox 1310 382 1354 414; x_wconf 88' lang='lat'>35,</span> <span class='ocrx_word' id='word_1_76' title='bbox 1373 379 1446 416; x_wconf 88' lang='lat' dir='ltr'>plut.</span> <span class='ocrx_word' id='word_1_77' title='bbox 1463 380 1496 407; x_wconf 81' lang='lat'>59</span> <span class='ocrx_word' id='word_1_78' title='bbox 1518 387 1611 416; x_wconf 84' lang='lat' dir='ltr'>quem</span> <span class='ocrx_word' id='word_1_79' title='bbox 1635 379 1760 415; x_wconf 82' lang='lat' dir='ltr'>copiose</span> <span class='ocrx_word' id='word_1_80' title='bbox 1792 383 1945 408; x_wconf 85' lang='lat' dir='ltr'>recenset</span> 
     </span>
    </p>
   </div>
   <div class='ocr_carea' id='block_1_8' title="bbox 246 424 904 460">
    <p class='ocr_par' dir='ltr' id='par_1_8' title="bbox 246 424 904 460">
     <span class='ocr_line' id='line_1_8' title="bbox 246 424 904 460; baseline -0.003 -7"><span class='ocrx_word' id='word_1_81' title='bbox 246 426 374 454; x_wconf 84' lang='lat' dir='ltr'>Bandin.</span> <span class='ocrx_word' id='word_1_82' title='bbox 391 425 421 453; x_wconf 89' lang='lat' dir='ltr'>in</span> <span class='ocrx_word' id='word_1_83' title='bbox 437 427 485 453; x_wconf 86' lang='lat' dir='ltr'>cat</span> <span class='ocrx_word' id='word_1_84' title='bbox 501 445 507 452; x_wconf 93' lang='lat'>.</span> <span class='ocrx_word' id='word_1_85' title='bbox 523 424 613 453; x_wconf 91' lang='lat' dir='ltr'>codd.</span> <span class='ocrx_word' id='word_1_86' title='bbox 625 425 675 452; x_wconf 90' lang='lat' dir='ltr'>Gr.</span> <span class='ocrx_word' id='word_1_87' title='bbox 693 425 726 452; x_wconf 87' lang='lat' dir='ltr'>H.</span> <span class='ocrx_word' id='word_1_88' title='bbox 741 431 772 460; x_wconf 84' lang='lat' dir='ltr'>p.</span> <span class='ocrx_word' id='word_1_89' title='bbox 790 426 841 452; x_wconf 82' lang='lat'>555</span> <span class='ocrx_word' id='word_1_90' title='bbox 858 431 904 460; x_wconf 87' lang='lat' dir='ltr'>sq.</span> 
     </span>
    </p>
   </div>
   <div class='ocr_carea' id='block_1_9' title="bbox 283 467 1061 505">
    <p class='ocr_par' dir='ltr' id='par_1_9' title="bbox 283 467 1032 505">
     <span class='ocr_line' id='line_1_9' title="bbox 283 467 1032 505; baseline -0.003 -9"><span class='ocrx_word' id='word_1_91' title='bbox 283 470 435 505; x_wconf 79' lang='grc' dir='ltr'>Ἐπιτάφιος</span> <span class='ocrx_word' id='word_1_92' title='bbox 452 473 489 504; x_wconf 87' lang='grc' dir='ltr'>τῷ</span> <span class='ocrx_word' id='word_1_93' title='bbox 507 467 621 505; x_wconf 80' lang='grc' dir='ltr'>ἀοιδίμῳ</span> <span class='ocrx_word' id='word_1_94' title='bbox 641 467 750 505; x_wconf 73' lang='grc' dir='ltr'>βασιλιῖ</span> <span class='ocrx_word' id='word_1_95' title='bbox 761 472 831 504; x_wconf 75' lang='grc' dir='ltr'>κνρῷ</span> <span class='ocrx_word' id='word_1_96' title='bbox 853 467 957 504; x_wconf 76' lang='grc' dir='ltr'>Ἰωάννῃ</span> <span class='ocrx_word' id='word_1_97' title='bbox 995 472 1032 504; x_wconf 74' lang='grc' dir='ltr'>τῷ</span> 
     </span>
    </p>
   </div>
   <div class='ocr_carea' id='block_1_10' title="bbox 1162 467 1940 505">
    <p class='ocr_par' dir='ltr' id='par_1_10' title="bbox 1179 468 1940 502">
     <span class='ocr_line' id='line_1_10' title="bbox 1179 468 1940 502; baseline 0.001 -6"><span class='ocrx_word' id='word_1_98' title='bbox 1179 469 1210 496; x_wconf 89' lang='lat' dir='ltr'>in</span> <span class='ocrx_word' id='word_1_99' title='bbox 1241 468 1311 498; x_wconf 88' lang='lat' dir='ltr'>cod.</span> <span class='ocrx_word' id='word_1_100' title='bbox 1345 469 1480 498; x_wconf 86' lang='lat' dir='ltr'>Naniano</span> <span class='ocrx_word' id='word_1_101' title='bbox 1512 469 1575 502; x_wconf 81' lang='lat' dir='ltr'>28t,</span> <span class='ocrx_word' id='word_1_102' title='bbox 1607 475 1638 496; x_wconf 92' lang='lat' dir='ltr'>n.</span> <span class='ocrx_word' id='word_1_103' title='bbox 1672 470 1732 497; x_wconf 79' lang='grc'><strong>109.</strong></span> <span class='ocrx_word' id='word_1_104' title='bbox 1767 469 1805 497; x_wconf 83' lang='grc' dir='ltr'><strong>ν.</strong></span> <span class='ocrx_word' id='word_1_105' title='bbox 1843 469 1940 498; x_wconf 84' lang='lat' dir='ltr'>Catal.</span> 
     </span>
    </p>
   </div>
   <div class='ocr_carea' id='block_1_11' title="bbox 246 514 663 550">
    <p class='ocr_par' dir='ltr' id='par_1_11' title="bbox 246 514 663 550">
     <span class='ocr_line' id='line_1_11' title="bbox 246 514 663 550; baseline -0.005 -7"><span class='ocrx_word' id='word_1_106' title='bbox 246 514 336 543; x_wconf 85' lang='lat' dir='ltr'>codd.</span> <span class='ocrx_word' id='word_1_107' title='bbox 346 514 393 542; x_wconf 89' lang='lat' dir='ltr'>Gr.</span> <span class='ocrx_word' id='word_1_108' title='bbox 410 515 482 542; x_wconf 88' lang='lat' dir='ltr'>Nan.</span> <span class='ocrx_word' id='word_1_109' title='bbox 487 534 495 549; x_wconf 88' lang='lat'>,</span> <span class='ocrx_word' id='word_1_110' title='bbox 512 521 582 550; x_wconf 88' lang='lat' dir='ltr'>pag.</span> <span class='ocrx_word' id='word_1_111' title='bbox 601 515 663 541; x_wconf 85' lang='lat'>474.</span> 
     </span>
    </p>
   </div>
   <div class='ocr_carea' id='block_1_12' title="bbox 281 557 1059 596">
    <p class='ocr_par' dir='ltr' id='par_1_12' title="bbox 281 557 1059 596">
     <span class='ocr_line' id='line_1_12' title="bbox 281 557 1059 596; baseline -0.003 -10"><span class='ocrx_word' id='word_1_112' title='bbox 281 558 530 596; x_wconf 76' lang='grc' dir='ltr'>Ερισηροσκώληκος</span> <span class='ocrx_word' id='word_1_113' title='bbox 551 558 669 593; x_wconf 80' lang='lat' dir='ltr'>Georgii</span> <span class='ocrx_word' id='word_1_114' title='bbox 695 557 862 593; x_wconf 74' lang='lat' dir='ltr'>Logothetae</span> <span class='ocrx_word' id='word_1_115' title='bbox 893 557 1059 593; x_wconf 64' lang='lat' dir='ltr'>interpolatt</span> 
     </span>
    </p>
   </div>
   <div class='ocr_carea' id='block_1_13' title="bbox 1161 557 1939 596">
    <p class='ocr_par' dir='ltr' id='par_1_13' title="bbox 1180 557 1939 596">
     <span class='ocr_line' id='line_1_13' title="bbox 1180 557 1939 596; baseline 0.003 -11"><span class='ocrx_word' id='word_1_116' title='bbox 1180 565 1211 586; x_wconf 86' lang='lat' dir='ltr'>se</span> <span class='ocrx_word' id='word_1_117' title='bbox 1239 559 1328 595; x_wconf 84' lang='lat' dir='ltr'>ipso:</span> <span class='ocrx_word' id='word_1_118' title='bbox 1362 557 1514 596; x_wconf 79' lang='grc' dir='ltr'>Παραϐολαὶ</span> <span class='ocrx_word' id='word_1_119' title='bbox 1546 559 1614 584; x_wconf 78' lang='grc' dir='ltr'>κατὰ</span> <span class='ocrx_word' id='word_1_120' title='bbox 1643 558 1760 595; x_wconf 75' lang='grc' dir='ltr'>Μάρκον,</span> <span class='ocrx_word' id='word_1_121' title='bbox 1778 558 1939 591; x_wconf 73' lang='lat' dir='ltr'>Leidte,in</span> 
     </span>
    </p>
   </div>
   <div class='ocr_carea' id='block_1_14' title="bbox 245 601 1410 639">
    <p class='ocr_par' dir='ltr' id='par_1_14' title="bbox 245 601 1410 639">
     <span class='ocr_line' id='line_1_14' title="bbox 245 601 1410 639; baseline 0 -7"><span class='ocrx_word' id='word_1_122' title='bbox 245 603 319 637; x_wconf 85' lang='lat' dir='ltr'>bibl,</span> <span class='ocrx_word' id='word_1_123' title='bbox 340 603 425 639; x_wconf 90' lang='lat' dir='ltr'>publ.</span> <span class='ocrx_word' id='word_1_124' title='bbox 441 603 516 631; x_wconf 87' lang='lat' dir='ltr'>inter</span> <span class='ocrx_word' id='word_1_125' title='bbox 531 602 619 630; x_wconf 91' lang='lat' dir='ltr'>codd.</span> <span class='ocrx_word' id='word_1_126' title='bbox 637 602 772 630; x_wconf 88' lang='lat' dir='ltr'>Vossian.</span> <span class='ocrx_word' id='word_1_127' title='bbox 790 601 861 629; x_wconf 83' lang='lat' dir='ltr'>Vide</span> <span class='ocrx_word' id='word_1_128' title='bbox 873 601 963 630; x_wconf 89' lang='lat' dir='ltr'>Catal.</span> <span class='ocrx_word' id='word_1_129' title='bbox 991 601 1069 630; x_wconf 89' lang='lat' dir='ltr'>illius</span> <span class='ocrx_word' id='word_1_130' title='bbox 1081 601 1167 635; x_wconf 68' lang='lat' dir='ltr'>bibl,</span> <span class='ocrx_word' id='word_1_131' title='bbox 1183 610 1214 638; x_wconf 91' lang='lat' dir='ltr'>p.</span> <span class='ocrx_word' id='word_1_132' title='bbox 1231 605 1292 636; x_wconf 87' lang='lat'>402,</span> <span class='ocrx_word' id='word_1_133' title='bbox 1307 611 1338 631; x_wconf 94' lang='lat' dir='ltr'>n.</span> <span class='ocrx_word' id='word_1_134' title='bbox 1365 606 1410 633; x_wconf 83' lang='lat' dir='ltr'>I7.</span> 
     </span>
    </p>
   </div>
   <div class='ocr_carea' id='block_1_15' title="bbox 280 646 1939 683">
    <p class='ocr_par' dir='ltr' id='par_1_15' title="bbox 280 646 1939 683">
     <span class='ocr_line' id='line_1_15' title="bbox 280 646 1939 683; baseline 0 -7"><span class='ocrx_word' id='word_1_135' title='bbox 280 647 410 683; x_wconf 80' lang='lat' dir='ltr'>Gregorii</span> <span class='ocrx_word' id='word_1_136' title='bbox 422 647 595 675; x_wconf 88' lang='lat' dir='ltr'>Nazianzeni</span> <span class='ocrx_word' id='word_1_137' title='bbox 610 647 759 675; x_wconf 89' lang='lat' dir='ltr'>orationes</span> <span class='ocrx_word' id='word_1_138' title='bbox 773 648 815 680; x_wconf 88' lang='lat' dir='ltr'>t6,</span> <span class='ocrx_word' id='word_1_139' title='bbox 832 654 902 674; x_wconf 93' lang='lat' dir='ltr'>cum</span> <span class='ocrx_word' id='word_1_140' title='bbox 915 646 1066 682; x_wconf 78' lang='lat' dir='ltr'>perpetuis</span> <span class='ocrx_word' id='word_1_141' title='bbox 1085 646 1216 683; x_wconf 86' lang='lat' dir='ltr'>scholiis,</span> <span class='ocrx_word' id='word_1_142' title='bbox 1231 647 1261 675; x_wconf 92' lang='lat' dir='ltr'>in</span> <span class='ocrx_word' id='word_1_143' title='bbox 1277 650 1390 676; x_wconf 69' lang='lat' dir='ltr'>catenae</span> <span class='ocrx_word' id='word_1_144' title='bbox 1404 647 1530 676; x_wconf 90' lang='lat' dir='ltr'>modum</span> <span class='ocrx_word' id='word_1_145' title='bbox 1545 646 1834 682; x_wconf 83' lang='lat' dir='ltr'>contextis,Georgii</span> <span class='ocrx_word' id='word_1_146' title='bbox 1847 649 1939 676; x_wconf 81' lang='lat' dir='ltr'>Acro-</span> 
     </span>
    </p>
   </div>
   <div class='ocr_carea' id='block_1_16' title="bbox 241 691 1935 728">
    <p class='ocr_par' dir='ltr' id='par_1_16' title="bbox 241 691 1935 728">
     <span class='ocr_line' id='line_1_16' title="bbox 241 691 1935 728; baseline 0 -8"><span class='ocrx_word' id='word_1_147' title='bbox 241 692 498 728; x_wconf 73' lang='lat' dir='ltr'>poiitae,Maz&#39;imi</span> <span class='ocrx_word' id='word_1_148' title='bbox 512 692 690 726; x_wconf 78' lang='lat' dir='ltr'>confessoris</span> <span class='ocrx_word' id='word_1_149' title='bbox 701 693 728 719; x_wconf 86' lang='lat' dir='ltr'>et</span> <span class='ocrx_word' id='word_1_150' title='bbox 753 691 863 719; x_wconf 77' lang='lat' dir='ltr'>Basilii</span> <span class='ocrx_word' id='word_1_151' title='bbox 888 691 1014 723; x_wconf 84' lang='lat' dir='ltr'>minimi,</span> <span class='ocrx_word' id='word_1_152' title='bbox 1035 692 1176 719; x_wconf 66' lang='lat' dir='ltr'>Cmsareaa</span> <span class='ocrx_word' id='word_1_153' title='bbox 1203 691 1346 728; x_wconf 87' lang='lat' dir='ltr'>episcopi,</span> <span class='ocrx_word' id='word_1_154' title='bbox 1372 692 1439 720; x_wconf 92' lang='lat' dir='ltr'>cod.</span> <span class='ocrx_word' id='word_1_155' title='bbox 1464 691 1609 724; x_wconf 83' lang='lat' dir='ltr'>Naniano,</span> <span class='ocrx_word' id='word_1_156' title='bbox 1635 692 1703 719; x_wconf 93' lang='lat' dir='ltr'>cod.</span> <span class='ocrx_word' id='word_1_157' title='bbox 1717 693 1764 720; x_wconf 87' lang='lat'>64.</span> <span class='ocrx_word' id='word_1_158' title='bbox 1790 691 1868 719; x_wconf 89' lang='lat' dir='ltr'>Vid.</span> <span class='ocrx_word' id='word_1_159' title='bbox 1887 693 1935 720; x_wconf 88' lang='lat' dir='ltr'>Ca-</span> 
     </span>
    </p>
   </div>
   <div class='ocr_carea' id='block_1_17' title="bbox 243 734 1934 773">
    <p class='ocr_par' dir='ltr' id='par_1_17' title="bbox 243 734 1934 773">
     <span class='ocr_line' id='line_1_17' title="bbox 243 734 1934 773; baseline -0.001 -7"><span class='ocrx_word' id='word_1_160' title='bbox 243 737 293 766; x_wconf 86' lang='lat' dir='ltr'>tal.</span> <span class='ocrx_word' id='word_1_161' title='bbox 309 737 397 766; x_wconf 90' lang='lat' dir='ltr'>codd.</span> <span class='ocrx_word' id='word_1_162' title='bbox 414 737 460 765; x_wconf 92' lang='lat' dir='ltr'>Gr.</span> <span class='ocrx_word' id='word_1_163' title='bbox 476 738 550 765; x_wconf 84' lang='lat' dir='ltr'>Nan.</span> <span class='ocrx_word' id='word_1_164' title='bbox 572 743 643 772; x_wconf 88' lang='lat' dir='ltr'>pag.</span> <span class='ocrx_word' id='word_1_165' title='bbox 662 737 721 763; x_wconf 78' lang='lat' dir='ltr'>H4.</span> <span class='ocrx_word' id='word_1_166' title='bbox 738 735 812 763; x_wconf 81' lang='lat' dir='ltr'>Add.</span> <span class='ocrx_word' id='word_1_167' title='bbox 827 734 905 763; x_wconf 88' lang='lat' dir='ltr'>infra</span> <span class='ocrx_word' id='word_1_168' title='bbox 919 735 956 763; x_wconf 89' lang='lat' dir='ltr'>de</span> <span class='ocrx_word' id='word_1_169' title='bbox 983 735 1123 770; x_wconf 81' lang='lat' dir='ltr'>Gregorio</span> <span class='ocrx_word' id='word_1_170' title='bbox 1137 736 1272 764; x_wconf 89' lang='lat' dir='ltr'>Nazianz.</span> <span class='ocrx_word' id='word_1_171' title='bbox 1301 736 1353 765; x_wconf 89' lang='lat' dir='ltr'>lib.</span> <span class='ocrx_word' id='word_1_172' title='bbox 1382 745 1409 771; x_wconf 79' lang='grc' dir='ltr'>ν,</span> <span class='ocrx_word' id='word_1_173' title='bbox 1427 744 1494 773; x_wconf 87' lang='lat' dir='ltr'>cap.</span> <span class='ocrx_word' id='word_1_174' title='bbox 1521 738 1563 771; x_wconf 87' lang='lat' dir='ltr'>t3,</span> <span class='ocrx_word' id='word_1_175' title='bbox 1578 735 1637 764; x_wconf 87' lang='lat' dir='ltr'>vol.</span> <span class='ocrx_word' id='word_1_176' title='bbox 1663 735 1717 769; x_wconf 88' lang='lat' dir='ltr'><strong>VII,</strong></span> <span class='ocrx_word' id='word_1_177' title='bbox 1734 743 1765 772; x_wconf 91' lang='lat' dir='ltr'>p.</span> <span class='ocrx_word' id='word_1_178' title='bbox 1779 736 1838 764; x_wconf 79' lang='grc'><strong>540</strong></span> <span class='ocrx_word' id='word_1_179' title='bbox 1865 736 1934 764; x_wconf 84' lang='lat' dir='ltr'>edit.</span> 
     </span>
    </p>
   </div>
   <div class='ocr_carea' id='block_1_18' title="bbox 243 783 422 810">
    <p class='ocr_par' dir='ltr' id='par_1_18' title="bbox 243 783 422 810">
     <span class='ocr_line' id='line_1_18' title="bbox 243 783 422 810; baseline -0.006 0"><span class='ocrx_word' id='word_1_180' title='bbox 243 784 301 810; x_wconf 82' lang='lat' dir='ltr'>vet.</span> <span class='ocrx_word' id='word_1_181' title='bbox 336 783 422 810; x_wconf 70' lang='grc' dir='ltr'><strong>ΒΑΜ..</strong></span> 
     </span>
    </p>
   </div>
   <div class='ocr_carea' id='block_1_19' title="bbox 420 824 1793 861">
    <p class='ocr_par' dir='ltr' id='par_1_19' title="bbox 420 824 1793 861">
     <span class='ocr_line' id='line_1_19' title="bbox 420 824 1793 861; baseline -0.002 -7"><span class='ocrx_word' id='word_1_182' title='bbox 420 826 512 854; x_wconf 73' lang='lat' dir='ltr'>Iedez&#39;</span> <span class='ocrx_word' id='word_1_183' title='bbox 523 825 728 861; x_wconf 79' lang='lat' dir='ltr'>episcoporum</span> <span class='ocrx_word' id='word_1_184' title='bbox 743 827 770 853; x_wconf 88' lang='lat' dir='ltr'>et</span> <span class='ocrx_word' id='word_1_185' title='bbox 783 825 912 853; x_wconf 82' lang='lat' dir='ltr'>aliorum</span> <span class='ocrx_word' id='word_1_186' title='bbox 924 824 1133 860; x_wconf 75' lang='lat' dir='ltr'>quorumdam,</span> <span class='ocrx_word' id='word_1_187' title='bbox 1149 825 1182 853; x_wconf 82' lang='lat' dir='ltr'>in</span> <span class='ocrx_word' id='word_1_188' title='bbox 1198 825 1383 860; x_wconf 72' lang='lat' dir='ltr'>Acropotitae</span> <span class='ocrx_word' id='word_1_189' title='bbox 1392 825 1529 854; x_wconf 77' lang='lat' dir='ltr'>Historia</span> <span class='ocrx_word' id='word_1_190' title='bbox 1547 827 1793 853; x_wconf 85' lang='lat' dir='ltr'>memoratarum.</span> 
     </span>
    </p>
   </div>
   <div class='ocr_carea' id='block_1_20' title="bbox 741 868 1448 908">
    <p class='ocr_par' dir='ltr' id='par_1_20' title="bbox 741 868 1448 908">
     <span class='ocr_line' id='line_1_20' title="bbox 741 868 1448 908; baseline 0.006 -12"><span class='ocrx_word' id='word_1_191' title='bbox 741 868 887 905; x_wconf 77' lang='lat' dir='ltr'>(Numeris</span> <span class='ocrx_word' id='word_1_192' title='bbox 894 868 1002 904; x_wconf 88' lang='lat' dir='ltr'>capita,</span> <span class='ocrx_word' id='word_1_193' title='bbox 1018 875 1080 897; x_wconf 88' lang='lat' dir='ltr'>non</span> <span class='ocrx_word' id='word_1_194' title='bbox 1094 869 1213 905; x_wconf 74' lang='lat' dir='ltr'>pagina:</span> <span class='ocrx_word' id='word_1_195' title='bbox 1229 870 1448 908; x_wconf 79' lang='lat' dir='ltr'>designantur.)</span> 
     </span>
    </p>
   </div>
   <div class='ocr_carea' id='block_1_21' title="bbox 278 914 1056 954">
    <p class='ocr_par' dir='ltr' id='par_1_21' title="bbox 278 914 1056 952">
     <span class='ocr_line' id='line_1_21' title="bbox 278 914 1056 952; baseline -0.006 -8"><span class='ocrx_word' id='word_1_196' title='bbox 278 915 448 952; x_wconf 87' lang='lat' dir='ltr'>Acropolita</span> <span class='ocrx_word' id='word_1_197' title='bbox 462 914 499 943; x_wconf 91' lang='lat' dir='ltr'>de</span> <span class='ocrx_word' id='word_1_198' title='bbox 515 922 546 943; x_wconf 88' lang='lat' dir='ltr'>se</span> <span class='ocrx_word' id='word_1_199' title='bbox 561 921 627 951; x_wconf 87' lang='lat' dir='ltr'>cap.</span> <span class='ocrx_word' id='word_1_200' title='bbox 643 914 688 949; x_wconf 82' lang='lat'>27,</span> <span class='ocrx_word' id='word_1_201' title='bbox 705 915 750 948; x_wconf 77' lang='lat'>29,</span> <span class='ocrx_word' id='word_1_202' title='bbox 765 914 810 949; x_wconf 80' lang='lat'>32,</span> <span class='ocrx_word' id='word_1_203' title='bbox 837 915 881 947; x_wconf 87' lang='lat'>39,</span> <span class='ocrx_word' id='word_1_204' title='bbox 907 914 942 939; x_wconf 83' lang='grc' dir='ltr'>Τὸ</span> <span class='ocrx_word' id='word_1_205' title='bbox 953 915 1025 949; x_wconf 71' lang='grc' dir='ltr'>γένος</span> <span class='ocrx_word' id='word_1_206' title='bbox 1046 923 1056 939; x_wconf 85' lang='grc' dir='ltr'>τ</span> 
     </span>
    </p>
   </div>
   <div class='ocr_carea' id='block_1_22' title="bbox 1153 914 1931 954">
    <p class='ocr_par' dir='ltr' id='par_1_22' title="bbox 1153 914 1931 954">
     <span class='ocr_line' id='line_1_22' title="bbox 1153 914 1931 954; baseline -0.004 -10"><span class='ocrx_word' id='word_1_207' title='bbox 1153 914 1192 950; x_wconf 57' lang='grc' dir='ltr'>πὲς,</span> <span class='ocrx_word' id='word_1_208' title='bbox 1217 922 1312 950; x_wconf 88' lang='lat' dir='ltr'>genus</span> <span class='ocrx_word' id='word_1_209' title='bbox 1336 915 1402 951; x_wconf 87' lang='lat' dir='ltr'>ejus</span> <span class='ocrx_word' id='word_1_210' title='bbox 1422 915 1536 946; x_wconf 82' lang='lat' dir='ltr'>illustre</span> <span class='ocrx_word' id='word_1_211' title='bbox 1548 919 1594 947; x_wconf 85' lang='lat'>32.</span> <span class='ocrx_word' id='word_1_212' title='bbox 1611 917 1792 954; x_wconf 76' lang='lat' dir='ltr'>Imperatori</span> <span class='ocrx_word' id='word_1_213' title='bbox 1806 916 1931 951; x_wconf 85' lang='lat' dir='ltr'>iunctus</span> 
     </span>
    </p>
   </div>
   <div class='ocr_carea' id='block_1_23' title="bbox 242 958 1932 997">
    <p class='ocr_par' dir='ltr' id='par_1_23' title="bbox 242 958 1932 997">
     <span class='ocr_line' id='line_1_23' title="bbox 242 958 1932 997; baseline -0.002 -8"><span class='ocrx_word' id='word_1_214' title='bbox 242 960 396 994; x_wconf 76' lang='lat' dir='ltr'>afﬁnitate,</span> <span class='ocrx_word' id='word_1_215' title='bbox 411 962 455 988; x_wconf 90' lang='lat'>70.</span> <span class='ocrx_word' id='word_1_216' title='bbox 467 958 667 996; x_wconf 78' lang='lat' dir='ltr'>Imperatoris,</span> <span class='ocrx_word' id='word_1_217' title='bbox 683 958 807 986; x_wconf 83' lang='lat' dir='ltr'>Joannis</span> <span class='ocrx_word' id='word_1_218' title='bbox 835 959 974 989; x_wconf 61' lang='lat' dir='ltr'>Vatatzae,</span> <span class='ocrx_word' id='word_1_219' title='bbox 992 958 1114 986; x_wconf 87' lang='lat' dir='ltr'>nomine</span> <span class='ocrx_word' id='word_1_220' title='bbox 1127 958 1268 994; x_wconf 85' lang='lat' dir='ltr'>epistolas</span> <span class='ocrx_word' id='word_1_221' title='bbox 1291 960 1410 996; x_wconf 85' lang='lat' dir='ltr'>scripsit</span> <span class='ocrx_word' id='word_1_222' title='bbox 1421 963 1451 989; x_wconf 90' lang='lat' dir='ltr'>et</span> <span class='ocrx_word' id='word_1_223' title='bbox 1476 961 1704 997; x_wconf 88' lang='lat' dir='ltr'>imperatorium</span> <span class='ocrx_word' id='word_1_224' title='bbox 1729 960 1870 996; x_wconf 87' lang='lat' dir='ltr'>sigillum</span> <span class='ocrx_word' id='word_1_225' title='bbox 1880 959 1932 986; x_wconf 90' lang='lat' dir='ltr'>im-</span> 
     </span>
    </p>
   </div>
   <div class='ocr_carea' id='block_1_24' title="bbox 240 1001 1934 1043">
    <p class='ocr_par' dir='ltr' id='par_1_24' title="bbox 240 1001 1934 1043">
     <span class='ocr_line' id='line_1_24' title="bbox 240 1001 1934 1043; baseline -0.001 -10"><span class='ocrx_word' id='word_1_226' title='bbox 240 1005 359 1042; x_wconf 85' lang='lat' dir='ltr'>pressit,</span> <span class='ocrx_word' id='word_1_227' title='bbox 374 1006 418 1039; x_wconf 87' lang='lat'>44,</span> <span class='ocrx_word' id='word_1_228' title='bbox 434 1005 478 1032; x_wconf 83' lang='lat'>49.</span> <span class='ocrx_word' id='word_1_229' title='bbox 492 1003 587 1032; x_wconf 82' lang='lat' dir='ltr'>Judex</span> <span class='ocrx_word' id='word_1_230' title='bbox 594 1003 632 1031; x_wconf 90' lang='lat' dir='ltr'>de</span> <span class='ocrx_word' id='word_1_231' title='bbox 646 1002 729 1031; x_wconf 79' lang='lat' dir='ltr'>Mich.</span> <span class='ocrx_word' id='word_1_232' title='bbox 745 1003 908 1034; x_wconf 89' lang='lat' dir='ltr'>Comneno,</span> <span class='ocrx_word' id='word_1_233' title='bbox 920 1003 965 1030; x_wconf 78' lang='lat'>50.</span> <span class='ocrx_word' id='word_1_234' title='bbox 979 1003 1010 1029; x_wconf 92' lang='lat' dir='ltr'>In</span> <span class='ocrx_word' id='word_1_235' title='bbox 1023 1001 1169 1030; x_wconf 89' lang='lat' dir='ltr'>Theodori</span> <span class='ocrx_word' id='word_1_236' title='bbox 1181 1003 1322 1037; x_wconf 90' lang='lat' dir='ltr'>Junioris,</span> <span class='ocrx_word' id='word_1_237' title='bbox 1335 1012 1427 1041; x_wconf 87' lang='lat' dir='ltr'>quem</span> <span class='ocrx_word' id='word_1_238' title='bbox 1438 1005 1469 1034; x_wconf 91' lang='lat' dir='ltr'>in</span> <span class='ocrx_word' id='word_1_239' title='bbox 1481 1005 1580 1042; x_wconf 83' lang='lat' dir='ltr'>logica</span> <span class='ocrx_word' id='word_1_240' title='bbox 1601 1006 1762 1043; x_wconf 83' lang='lat' dir='ltr'>disciplina</span> <span class='ocrx_word' id='word_1_241' title='bbox 1795 1005 1934 1033; x_wconf 86' lang='lat' dir='ltr'>institue-</span> 
     </span>
    </p>
   </div>
   <div class='ocr_carea' id='block_1_25' title="bbox 240 1045 1928 1086">
    <p class='ocr_par' dir='ltr' id='par_1_25' title="bbox 240 1045 1928 1086">
     <span class='ocr_line' id='line_1_25' title="bbox 240 1045 1928 1086; baseline -0.001 -8"><span class='ocrx_word' id='word_1_242' title='bbox 240 1052 295 1085; x_wconf 79' lang='lat' dir='ltr'>rat,</span> <span class='ocrx_word' id='word_1_243' title='bbox 307 1049 545 1084; x_wconf 83' lang='lat' dir='ltr'>indignationem</span> <span class='ocrx_word' id='word_1_244' title='bbox 561 1047 672 1080; x_wconf 87' lang='lat' dir='ltr'>incidit,</span> <span class='ocrx_word' id='word_1_245' title='bbox 690 1049 735 1074; x_wconf 87' lang='lat'>63.</span> <span class='ocrx_word' id='word_1_246' title='bbox 751 1046 782 1074; x_wconf 88' lang='lat' dir='ltr'>Ei</span> <span class='ocrx_word' id='word_1_247' title='bbox 794 1045 1013 1080; x_wconf 84' lang='lat' dir='ltr'>reconciliatur,</span> <span class='ocrx_word' id='word_1_248' title='bbox 1033 1046 1105 1074; x_wconf 83' lang='lat' dir='ltr'>ibid.</span> <span class='ocrx_word' id='word_1_249' title='bbox 1136 1048 1242 1076; x_wconf 63' lang='lat' dir='ltr'>Praetor</span> <span class='ocrx_word' id='word_1_250' title='bbox 1271 1048 1437 1078; x_wconf 83' lang='lat' dir='ltr'>Occidentis</span> <span class='ocrx_word' id='word_1_251' title='bbox 1459 1051 1650 1086; x_wconf 86' lang='lat' dir='ltr'>constitutus,</span> <span class='ocrx_word' id='word_1_252' title='bbox 1667 1052 1712 1086; x_wconf 84' lang='lat'>66,</span> <span class='ocrx_word' id='word_1_253' title='bbox 1736 1052 1784 1084; x_wconf 89' lang='lat'>67,</span> <span class='ocrx_word' id='word_1_254' title='bbox 1800 1051 1848 1082; x_wconf 84' lang='lat'>68,</span> <span class='ocrx_word' id='word_1_255' title='bbox 1884 1050 1928 1076; x_wconf 85' lang='lat'>70.</span> 
     </span>
    </p>
   </div>
   <div class='ocr_carea' id='block_1_26' title="bbox 227 1089 1930 1132">
    <p class='ocr_par' dir='ltr' id='par_1_26' title="bbox 227 1089 1930 1132">
     <span class='ocr_line' id='line_1_26' title="bbox 227 1089 1930 1132; baseline -0.002 -9"><span class='ocrx_word' id='word_1_256' title='bbox 227 1093 409 1131; x_wconf 50' lang='lat' dir='ltr'>,AMichaele</span> <span class='ocrx_word' id='word_1_257' title='bbox 421 1092 564 1129; x_wconf 89' lang='lat' dir='ltr'>perduelli</span> <span class='ocrx_word' id='word_1_258' title='bbox 581 1093 696 1128; x_wconf 87' lang='lat' dir='ltr'>captus,</span> <span class='ocrx_word' id='word_1_259' title='bbox 712 1093 757 1124; x_wconf 87' lang='lat'>72,</span> <span class='ocrx_word' id='word_1_260' title='bbox 776 1092 810 1117; x_wconf 84' lang='lat'>79</span> <span class='ocrx_word' id='word_1_261' title='bbox 822 1092 865 1118; x_wconf 89' lang='lat'>83.</span> <span class='ocrx_word' id='word_1_262' title='bbox 880 1090 1007 1125; x_wconf 86' lang='lat' dir='ltr'>Legatus</span> <span class='ocrx_word' id='word_1_263' title='bbox 1020 1089 1059 1118; x_wconf 89' lang='lat' dir='ltr'>ad</span> <span class='ocrx_word' id='word_1_264' title='bbox 1075 1091 1294 1128; x_wconf 86' lang='lat' dir='ltr'>Constantium,</span> <span class='ocrx_word' id='word_1_265' title='bbox 1307 1093 1504 1128; x_wconf 87' lang='lat' dir='ltr'>Bulgarorum</span> <span class='ocrx_word' id='word_1_266' title='bbox 1515 1095 1693 1132; x_wconf 81' lang='lat' dir='ltr'>principem,</span> <span class='ocrx_word' id='word_1_267' title='bbox 1719 1096 1765 1123; x_wconf 82' lang='lat'>84.</span> <span class='ocrx_word' id='word_1_268' title='bbox 1792 1092 1930 1121; x_wconf 81' lang='lat' dir='ltr'>Michaeli</span> 
     </span>
    </p>
   </div>
   <div class='ocr_carea' id='block_1_27' title="bbox 242 1134 1930 1175">
    <p class='ocr_par' dir='ltr' id='par_1_27' title="bbox 242 1134 1930 1175">
     <span class='ocr_line' id='line_1_27' title="bbox 242 1134 1930 1175; baseline -0.001 -9"><span class='ocrx_word' id='word_1_269' title='bbox 242 1139 395 1166; x_wconf 88' lang='lat' dir='ltr'>Comneno</span> <span class='ocrx_word' id='word_1_270' title='bbox 406 1137 585 1165; x_wconf 90' lang='lat' dir='ltr'>solemnium</span> <span class='ocrx_word' id='word_1_271' title='bbox 597 1143 721 1172; x_wconf 89' lang='lat' dir='ltr'>precum</span> <span class='ocrx_word' id='word_1_272' title='bbox 732 1134 1027 1163; x_wconf 84' lang='lat' dir='ltr'>tredecimformulas</span> <span class='ocrx_word' id='word_1_273' title='bbox 1043 1136 1271 1172; x_wconf 86' lang='lat' dir='ltr'>componitpost</span> <span class='ocrx_word' id='word_1_274' title='bbox 1281 1140 1402 1174; x_wconf 84' lang='lat' dir='ltr'>captam</span> <span class='ocrx_word' id='word_1_275' title='bbox 1414 1139 1530 1175; x_wconf 90' lang='lat' dir='ltr'>Cpolin,</span> <span class='ocrx_word' id='word_1_276' title='bbox 1541 1141 1584 1168; x_wconf 88' lang='lat'>87.</span> <span class='ocrx_word' id='word_1_277' title='bbox 1595 1139 1743 1168; x_wconf 83' lang='lat' dir='ltr'>Orationis</span> <span class='ocrx_word' id='word_1_278' title='bbox 1757 1139 1797 1166; x_wconf 93' lang='lat' dir='ltr'>de</span> <span class='ocrx_word' id='word_1_279' title='bbox 1808 1140 1930 1174; x_wconf 80' lang='lat' dir='ltr'>recepta</span> 
     </span>
    </p>
   </div>
   <div class='ocr_carea' id='block_1_28' title="bbox 242 1178 1928 1222">
    <p class='ocr_par' dir='ltr' id='par_1_28' title="bbox 242 1178 1928 1222">
     <span class='ocr_line' id='line_1_28' title="bbox 242 1178 1928 1222; baseline -0.001 -11"><span class='ocrx_word' id='word_1_280' title='bbox 242 1182 345 1218; x_wconf 85' lang='lat' dir='ltr'>Copoli</span> <span class='ocrx_word' id='word_1_281' title='bbox 359 1183 580 1216; x_wconf 81' lang='lat' dir='ltr'>argumentum,</span> <span class='ocrx_word' id='word_1_282' title='bbox 592 1181 636 1208; x_wconf 82' lang='lat'>89.</span> <span class='ocrx_word' id='word_1_283' title='bbox 649 1181 744 1208; x_wconf 86' lang='lat' dir='ltr'>Duces</span> <span class='ocrx_word' id='word_1_284' title='bbox 760 1178 948 1207; x_wconf 83' lang='lat' dir='ltr'>exercituum</span> <span class='ocrx_word' id='word_1_285' title='bbox 962 1187 1017 1207; x_wconf 91' lang='lat' dir='ltr'>nec</span> <span class='ocrx_word' id='word_1_286' title='bbox 1030 1180 1155 1209; x_wconf 87' lang='lat' dir='ltr'>omnino</span> <span class='ocrx_word' id='word_1_287' title='bbox 1178 1181 1349 1211; x_wconf 86' lang='lat' dir='ltr'>laudandos</span> <span class='ocrx_word' id='word_1_288' title='bbox 1369 1183 1495 1220; x_wconf 81' lang='lat' dir='ltr'>judicat,</span> <span class='ocrx_word' id='word_1_289' title='bbox 1534 1192 1589 1212; x_wconf 86' lang='lat' dir='ltr'>nec</span> <span class='ocrx_word' id='word_1_290' title='bbox 1614 1183 1847 1222; x_wconf 77' lang='lat' dir='ltr'>vituperandos,</span> <span class='ocrx_word' id='word_1_291' title='bbox 1879 1181 1928 1210; x_wconf 88' lang='lat' dir='ltr'>sed</span> 
     </span>
    </p>
   </div>
   <div class='ocr_carea' id='block_1_29' title="bbox 242 1225 694 1258">
    <p class='ocr_par' dir='ltr' id='par_1_29' title="bbox 242 1225 694 1258">
     <span class='ocr_line' id='line_1_29' title="bbox 242 1225 694 1258; baseline -0.007 -4"><span class='ocrx_word' id='word_1_292' title='bbox 242 1226 345 1254; x_wconf 86' lang='lat' dir='ltr'>omnia</span> <span class='ocrx_word' id='word_1_293' title='bbox 356 1226 406 1253; x_wconf 89' lang='lat' dir='ltr'>Dei</span> <span class='ocrx_word' id='word_1_294' title='bbox 416 1227 491 1253; x_wconf 91' lang='lat' dir='ltr'>nutu</span> <span class='ocrx_word' id='word_1_295' title='bbox 500 1225 575 1256; x_wconf 87' lang='lat' dir='ltr'>ﬁeri,</span> <span class='ocrx_word' id='word_1_296' title='bbox 591 1226 636 1258; x_wconf 78' lang='lat'>44,</span> <span class='ocrx_word' id='word_1_297' title='bbox 648 1225 694 1252; x_wconf 82' lang='lat'>46.</span> 
     </span>
    </p>
   </div>
   <div class='ocr_carea' id='block_1_30' title="bbox 276 1267 1082 1304">
    <p class='ocr_par' dir='ltr' id='par_1_30' title="bbox 276 1267 1082 1304">
     <span class='ocr_line' id='line_1_30' title="bbox 276 1267 1082 1304; baseline -0.005 -5"><span class='ocrx_word' id='word_1_298' title='bbox 276 1270 464 1299; x_wconf 82' lang='lat' dir='ltr'>Andronicus</span> <span class='ocrx_word' id='word_1_299' title='bbox 477 1270 658 1303; x_wconf 89' lang='lat' dir='ltr'>Comnenus,</span> <span class='ocrx_word' id='word_1_300' title='bbox 679 1267 828 1296; x_wconf 82' lang='lat' dir='ltr'>Michaelis</span> <span class='ocrx_word' id='word_1_301' title='bbox 846 1267 920 1304; x_wconf 89' lang='lat' dir='ltr'>imp.</span> <span class='ocrx_word' id='word_1_302' title='bbox 934 1267 1023 1303; x_wconf 86' lang='lat' dir='ltr'>ﬁlius,</span> <span class='ocrx_word' id='word_1_303' title='bbox 1037 1269 1082 1296; x_wconf 86' lang='lat'>89.</span> 
     </span>
    </p>
   </div>
   <div class='ocr_carea' id='block_1_31' title="bbox 276 1312 1012 1348">
    <p class='ocr_par' dir='ltr' id='par_1_31' title="bbox 276 1312 1012 1348">
     <span class='ocr_line' id='line_1_31' title="bbox 276 1312 1012 1348; baseline -0.003 -6"><span class='ocrx_word' id='word_1_304' title='bbox 276 1314 467 1343; x_wconf 79' lang='lat' dir='ltr'>Andronicus</span> <span class='ocrx_word' id='word_1_305' title='bbox 478 1313 600 1347; x_wconf 87' lang='lat' dir='ltr'>Muzalo,</span> <span class='ocrx_word' id='word_1_306' title='bbox 616 1320 747 1348; x_wconf 86' lang='lat' dir='ltr'>magnus</span> <span class='ocrx_word' id='word_1_307' title='bbox 757 1312 952 1345; x_wconf 88' lang='lat' dir='ltr'>domesticus,</span> <span class='ocrx_word' id='word_1_308' title='bbox 968 1314 1012 1340; x_wconf 83' lang='lat'>63.</span> 
     </span>
    </p>
   </div>
   <div class='ocr_carea' id='block_1_32' title="bbox 276 1357 893 1394">
    <p class='ocr_par' dir='ltr' id='par_1_32' title="bbox 276 1357 893 1394">
     <span class='ocr_line' id='line_1_32' title="bbox 276 1357 893 1394; baseline -0.005 -6"><span class='ocrx_word' id='word_1_309' title='bbox 276 1359 475 1393; x_wconf 81' lang='lat' dir='ltr'>Andronicus,</span> <span class='ocrx_word' id='word_1_310' title='bbox 491 1358 648 1387; x_wconf 86' lang='lat' dir='ltr'>Sardensis</span> <span class='ocrx_word' id='word_1_311' title='bbox 662 1357 832 1394; x_wconf 88' lang='lat' dir='ltr'>episcopus,</span> <span class='ocrx_word' id='word_1_312' title='bbox 846 1359 893 1386; x_wconf 95' lang='lat'>84.</span> 
     </span>
    </p>
   </div>
   <div class='ocr_carea' id='block_1_33' title="bbox 276 1402 1923 1441">
    <p class='ocr_par' dir='ltr' id='par_1_33' title="bbox 276 1402 1923 1441">
     <span class='ocr_line' id='line_1_33' title="bbox 276 1402 1923 1441; baseline 0 -9"><span class='ocrx_word' id='word_1_313' title='bbox 276 1404 428 1438; x_wconf 85' lang='lat' dir='ltr'>Arsenius,</span> <span class='ocrx_word' id='word_1_314' title='bbox 443 1412 459 1432; x_wconf 92' lang='lat' dir='ltr'>e</span> <span class='ocrx_word' id='word_1_315' title='bbox 469 1403 622 1432; x_wconf 83' lang='lat' dir='ltr'>monacho</span> <span class='ocrx_word' id='word_1_316' title='bbox 634 1410 696 1431; x_wconf 87' lang='lat' dir='ltr'>una</span> <span class='ocrx_word' id='word_1_317' title='bbox 710 1402 902 1431; x_wconf 89' lang='lat' dir='ltr'>hebdomade</span> <span class='ocrx_word' id='word_1_318' title='bbox 917 1402 1075 1438; x_wconf 81' lang='lat' dir='ltr'>diaconus,</span> <span class='ocrx_word' id='word_1_319' title='bbox 1088 1403 1228 1432; x_wconf 87' lang='lat' dir='ltr'>sacerdos</span> <span class='ocrx_word' id='word_1_320' title='bbox 1253 1406 1281 1433; x_wconf 90' lang='lat' dir='ltr'>et</span> <span class='ocrx_word' id='word_1_321' title='bbox 1309 1405 1491 1441; x_wconf 78' lang='lat' dir='ltr'>patriarcha,</span> <span class='ocrx_word' id='word_1_322' title='bbox 1512 1408 1555 1435; x_wconf 81' lang='lat'>53.</span> <span class='ocrx_word' id='word_1_323' title='bbox 1568 1406 1760 1435; x_wconf 89' lang='lat' dir='ltr'>Theodorum</span> <span class='ocrx_word' id='word_1_324' title='bbox 1771 1405 1923 1441; x_wconf 83' lang='lat' dir='ltr'>juniorem</span> 
     </span>
    </p>
   </div>
   <div class='ocr_carea' id='block_1_34' title="bbox 240 1447 1923 1484">
    <p class='ocr_par' dir='ltr' id='par_1_34' title="bbox 240 1447 1923 1484">
     <span class='ocr_line' id='line_1_34' title="bbox 240 1447 1923 1484; baseline -0.001 -7"><span class='ocrx_word' id='word_1_325' title='bbox 240 1449 325 1483; x_wconf 80' lang='lat' dir='ltr'>ibid.,</span> <span class='ocrx_word' id='word_1_326' title='bbox 341 1451 370 1477; x_wconf 88' lang='lat' dir='ltr'>et</span> <span class='ocrx_word' id='word_1_327' title='bbox 382 1449 466 1477; x_wconf 84' lang='lat' dir='ltr'>Mich.</span> <span class='ocrx_word' id='word_1_328' title='bbox 478 1449 664 1477; x_wconf 87' lang='lat' dir='ltr'>Comnenum</span> <span class='ocrx_word' id='word_1_329' title='bbox 679 1449 812 1483; x_wconf 89' lang='lat' dir='ltr'>coronat,</span> <span class='ocrx_word' id='word_1_330' title='bbox 829 1449 874 1476; x_wconf 90' lang='lat'>77.</span> <span class='ocrx_word' id='word_1_331' title='bbox 887 1447 1055 1483; x_wconf 87' lang='lat' dir='ltr'>Depositus,</span> <span class='ocrx_word' id='word_1_332' title='bbox 1070 1447 1114 1475; x_wconf 91' lang='lat'>84.</span> <span class='ocrx_word' id='word_1_333' title='bbox 1127 1447 1293 1484; x_wconf 87' lang='lat' dir='ltr'>Nicephoro</span> <span class='ocrx_word' id='word_1_334' title='bbox 1308 1449 1453 1478; x_wconf 84' lang='lat' dir='ltr'>exstincto</span> <span class='ocrx_word' id='word_1_335' title='bbox 1465 1450 1574 1480; x_wconf 85' lang='lat' dir='ltr'>iterum</span> <span class='ocrx_word' id='word_1_336' title='bbox 1588 1450 1755 1483; x_wconf 85' lang='lat' dir='ltr'>restitutus,</span> <span class='ocrx_word' id='word_1_337' title='bbox 1767 1449 1845 1478; x_wconf 82' lang='lat' dir='ltr'>ibid.</span> <span class='ocrx_word' id='word_1_338' title='bbox 1870 1448 1923 1477; x_wconf 87' lang='lat' dir='ltr'>Sed</span> 
     </span>
    </p>
   </div>
   <div class='ocr_carea' id='block_1_35' title="bbox 241 1493 637 1531">
    <p class='ocr_par' dir='ltr' id='par_1_35' title="bbox 241 1493 637 1531">
     <span class='ocr_line' id='line_1_35' title="bbox 241 1493 637 1531; baseline -0.005 -9"><span class='ocrx_word' id='word_1_339' title='bbox 241 1494 322 1531; x_wconf 88' lang='lat' dir='ltr'>Cpoii</span> <span class='ocrx_word' id='word_1_340' title='bbox 330 1496 450 1530; x_wconf 88' lang='lat' dir='ltr'>recepta</span> <span class='ocrx_word' id='word_1_341' title='bbox 460 1493 580 1528; x_wconf 88' lang='lat' dir='ltr'>absens,</span> <span class='ocrx_word' id='word_1_342' title='bbox 594 1495 637 1521; x_wconf 88' lang='lat'>88.</span> 
     </span>
    </p>
   </div>
   <div class='ocr_carea' id='block_1_36' title="bbox 274 1536 1919 1576">
    <p class='ocr_par' dir='ltr' id='par_1_36' title="bbox 274 1536 1919 1576">
     <span class='ocr_line' id='line_1_36' title="bbox 274 1536 1919 1576; baseline 0.001 -10"><span class='ocrx_word' id='word_1_343' title='bbox 274 1540 373 1568; x_wconf 88' lang='lat' dir='ltr'>Aurea</span> <span class='ocrx_word' id='word_1_344' title='bbox 393 1538 484 1573; x_wconf 87' lang='lat' dir='ltr'>Bulla,</span> <span class='ocrx_word' id='word_1_345' title='bbox 504 1546 523 1566; x_wconf 88' lang='lat' dir='ltr'>a</span> <span class='ocrx_word' id='word_1_346' title='bbox 534 1539 648 1567; x_wconf 79' lang='lat' dir='ltr'>Joanne</span> <span class='ocrx_word' id='word_1_347' title='bbox 661 1538 743 1566; x_wconf 88' lang='lat' dir='ltr'>Duca</span> <span class='ocrx_word' id='word_1_348' title='bbox 756 1538 831 1573; x_wconf 89' lang='lat' dir='ltr'>imp.</span> <span class='ocrx_word' id='word_1_349' title='bbox 844 1536 1089 1565; x_wconf 80' lang='lat' dir='ltr'>Melenicensibus</span> <span class='ocrx_word' id='word_1_350' title='bbox 1103 1537 1185 1572; x_wconf 87' lang='lat' dir='ltr'>data,</span> <span class='ocrx_word' id='word_1_351' title='bbox 1199 1539 1246 1566; x_wconf 89' lang='lat'>44.</span> <span class='ocrx_word' id='word_1_352' title='bbox 1262 1538 1326 1567; x_wconf 90' lang='lat' dir='ltr'>Alia</span> <span class='ocrx_word' id='word_1_353' title='bbox 1335 1538 1493 1568; x_wconf 88' lang='lat' dir='ltr'>ﬁrmandis</span> <span class='ocrx_word' id='word_1_354' title='bbox 1506 1539 1819 1570; x_wconf 84' lang='lat' dir='ltr'>Thessalonicensium</span> <span class='ocrx_word' id='word_1_355' title='bbox 1830 1538 1919 1576; x_wconf 86' lang='lat' dir='ltr'>privi-</span> 
     </span>
    </p>
   </div>
   <div class='ocr_carea' id='block_1_37' title="bbox 240 1584 397 1620">
    <p class='ocr_par' dir='ltr' id='par_1_37' title="bbox 240 1584 397 1620">
     <span class='ocr_line' id='line_1_37' title="bbox 240 1584 397 1620; baseline -0.013 -7"><span class='ocrx_word' id='word_1_356' title='bbox 240 1584 336 1620; x_wconf 88' lang='lat' dir='ltr'>legiis,</span> <span class='ocrx_word' id='word_1_357' title='bbox 351 1585 397 1612; x_wconf 85' lang='lat'>45.</span> 
     </span>
    </p>
   </div>
   <div class='ocr_carea' id='block_1_38' title="bbox 276 1625 1920 1666">
    <p class='ocr_par' dir='ltr' id='par_1_38' title="bbox 276 1625 1920 1666">
     <span class='ocr_line' id='line_1_38' title="bbox 276 1625 1920 1666; baseline -0.001 -9"><span class='ocrx_word' id='word_1_358' title='bbox 276 1628 503 1664; x_wconf 70' lang='lat' dir='ltr'>Balduiniimp.’</span> <span class='ocrx_word' id='word_1_359' title='bbox 520 1627 665 1657; x_wconf 84' lang='lat' dir='ltr'>interfecti</span> <span class='ocrx_word' id='word_1_360' title='bbox 700 1628 791 1663; x_wconf 86' lang='lat' dir='ltr'>caput</span> <span class='ocrx_word' id='word_1_361' title='bbox 815 1625 923 1654; x_wconf 85' lang='lat' dir='ltr'>Joanni</span> <span class='ocrx_word' id='word_1_362' title='bbox 945 1625 1018 1661; x_wconf 88' lang='lat' dir='ltr'>regi,</span> <span class='ocrx_word' id='word_1_363' title='bbox 1038 1633 1093 1662; x_wconf 90' lang='lat' dir='ltr'>pro</span> <span class='ocrx_word' id='word_1_364' title='bbox 1122 1626 1243 1663; x_wconf 89' lang='lat' dir='ltr'>poculo,</span> <span class='ocrx_word' id='word_1_365' title='bbox 1275 1629 1317 1655; x_wconf 84' lang='grc'><strong>13.</strong></span> <span class='ocrx_word' id='word_1_366' title='bbox 1345 1628 1437 1664; x_wconf 82' lang='lat' dir='ltr'>Regia</span> <span class='ocrx_word' id='word_1_367' title='bbox 1467 1629 1598 1665; x_wconf 83' lang='lat' dir='ltr'>insignia</span> <span class='ocrx_word' id='word_1_368' title='bbox 1627 1629 1710 1666; x_wconf 88' lang='lat' dir='ltr'>Cpoli</span> <span class='ocrx_word' id='word_1_369' title='bbox 1736 1630 1839 1665; x_wconf 89' lang='lat' dir='ltr'>capta,</span> <span class='ocrx_word' id='word_1_370' title='bbox 1877 1629 1920 1656; x_wconf 84' lang='lat'>86.</span> 
     </span>
    </p>
   </div>
   <div class='ocr_carea' id='block_1_39' title="bbox 275 1670 1291 1708">
    <p class='ocr_par' dir='ltr' id='par_1_39' title="bbox 275 1670 1291 1708">
     <span class='ocr_line' id='line_1_39' title="bbox 275 1670 1291 1708; baseline -0.002 -6"><span class='ocrx_word' id='word_1_371' title='bbox 275 1672 484 1702; x_wconf 84' lang='lat' dir='ltr'>Constantinus</span> <span class='ocrx_word' id='word_1_372' title='bbox 499 1672 661 1704; x_wconf 86' lang='lat' dir='ltr'>Cabasilas,</span> <span class='ocrx_word' id='word_1_373' title='bbox 673 1671 808 1699; x_wconf 86' lang='lat' dir='ltr'>Achridis</span> <span class='ocrx_word' id='word_1_374' title='bbox 822 1670 966 1706; x_wconf 66' lang='lat' dir='ltr'>Bulgaria:</span> <span class='ocrx_word' id='word_1_375' title='bbox 978 1670 1235 1708; x_wconf 85' lang='lat' dir='ltr'>archiepiscopus,</span> <span class='ocrx_word' id='word_1_376' title='bbox 1247 1673 1291 1701; x_wconf 91' lang='lat'>80.</span> 
     </span>
    </p>
   </div>
   <div class='ocr_carea' id='block_1_40' title="bbox 273 1714 1006 1752">
    <p class='ocr_par' dir='ltr' id='par_1_40' title="bbox 273 1714 1006 1752">
     <span class='ocr_line' id='line_1_40' title="bbox 273 1714 1006 1752; baseline -0.007 -6"><span class='ocrx_word' id='word_1_377' title='bbox 273 1719 402 1747; x_wconf 83' lang='lat' dir='ltr'>Joannes</span> <span class='ocrx_word' id='word_1_378' title='bbox 415 1718 598 1750; x_wconf 88' lang='lat' dir='ltr'>Camaterus,</span> <span class='ocrx_word' id='word_1_379' title='bbox 607 1715 779 1752; x_wconf 83' lang='lat' dir='ltr'>patriarcha</span> <span class='ocrx_word' id='word_1_380' title='bbox 789 1714 886 1751; x_wconf 88' lang='lat' dir='ltr'>Cpol.,</span> <span class='ocrx_word' id='word_1_381' title='bbox 897 1722 964 1751; x_wconf 82' lang='lat' dir='ltr'>cap.</span> <span class='ocrx_word' id='word_1_382' title='bbox 979 1717 1006 1742; x_wconf 88' lang='lat'>6.</span> 
     </span>
    </p>
   </div>
   <div class='ocr_carea' id='block_1_41' title="bbox 274 1759 1052 1799">
    <p class='ocr_par' dir='ltr' id='par_1_41' title="bbox 274 1759 1052 1797">
     <span class='ocr_line' id='line_1_41' title="bbox 274 1759 1052 1797; baseline -0.004 -7"><span class='ocrx_word' id='word_1_383' title='bbox 274 1762 445 1797; x_wconf 88' lang='lat' dir='ltr'>Canipanus</span> <span class='ocrx_word' id='word_1_384' title='bbox 460 1759 655 1791; x_wconf 78' lang='grc' dir='ltr'>δυσνούστατος</span> <span class='ocrx_word' id='word_1_385' title='bbox 670 1761 738 1786; x_wconf 79' lang='grc' dir='ltr'>κατὰ</span> <span class='ocrx_word' id='word_1_386' title='bbox 750 1761 794 1785; x_wconf 83' lang='grc' dir='ltr'>τὸν</span> <span class='ocrx_word' id='word_1_387' title='bbox 806 1760 920 1794; x_wconf 71' lang='grc' dir='ltr'>κωμικὸν</span> <span class='ocrx_word' id='word_1_388' title='bbox 932 1759 1052 1796; x_wconf 66' lang='lat' dir='ltr'>(Aristo;</span> 
     </span>
    </p>
   </div>
   <div class='ocr_carea' id='block_1_42' title="bbox 757 1759 1535 1799">
    <p class='ocr_par' dir='ltr' id='par_1_42' title="bbox 757 1759 1535 1799">
     <span class='ocr_line' id='line_1_42' title="bbox 757 1759 1535 1799; baseline 0.009 -15"><span class='ocrx_word' id='word_1_389' title='bbox 757 1761 794 1785; x_wconf 71' lang='grc' dir='ltr'>τὸν</span> <span class='ocrx_word' id='word_1_390' title='bbox 806 1760 920 1794; x_wconf 71' lang='grc' dir='ltr'>κωμικὸν</span> <span class='ocrx_word' id='word_1_391' title='bbox 932 1759 1105 1796; x_wconf 68' lang='lat' dir='ltr'>(Aristoph)</span> <span class='ocrx_word' id='word_1_392' title='bbox 1119 1760 1142 1786; x_wconf 72' lang='grc' dir='ltr'>εἰ</span> <span class='ocrx_word' id='word_1_393' title='bbox 1159 1770 1203 1788; x_wconf 80' lang='grc' dir='ltr'>και</span> <span class='ocrx_word' id='word_1_394' title='bbox 1227 1764 1263 1798; x_wconf 78' lang='grc' dir='ltr'><em>μὴ</em></span> <span class='ocrx_word' id='word_1_395' title='bbox 1277 1761 1475 1799; x_wconf 79' lang='grc' dir='ltr'>κλεπτίστατος,</span> <span class='ocrx_word' id='word_1_396' title='bbox 1491 1765 1535 1793; x_wconf 65' lang='grc'><strong>45.</strong></span> 
     </span>
    </p>
   </div>
   <div class='ocr_carea' id='block_1_43' title="bbox 276 1806 726 1842">
    <p class='ocr_par' dir='ltr' id='par_1_43' title="bbox 276 1806 726 1842">
     <span class='ocr_line' id='line_1_43' title="bbox 276 1806 726 1842; baseline -0.004 -8"><span class='ocrx_word' id='word_1_397' title='bbox 276 1806 457 1842; x_wconf 84' lang='lat' dir='ltr'>Chrysopus,</span> <span class='ocrx_word' id='word_1_398' title='bbox 467 1806 537 1841; x_wconf 88' lang='lat' dir='ltr'>equi</span> <span class='ocrx_word' id='word_1_399' title='bbox 546 1812 668 1838; x_wconf 88' lang='lat' dir='ltr'>nomen,</span> <span class='ocrx_word' id='word_1_400' title='bbox 681 1807 726 1832; x_wconf 80' lang='grc'><strong>61.</strong></span> 
     </span>
    </p>
   </div>
   <div class='ocr_carea' id='block_1_44' title="bbox 275 1847 1275 1886">
    <p class='ocr_par' dir='ltr' id='par_1_44' title="bbox 275 1847 1275 1886">
     <span class='ocr_line' id='line_1_44' title="bbox 275 1847 1275 1886; baseline -0.002 -6"><span class='ocrx_word' id='word_1_401' title='bbox 275 1849 718 1886; x_wconf 85' lang='lat' dir='ltr'>Constantius,Mesopotamita,</span> <span class='ocrx_word' id='word_1_402' title='bbox 730 1847 920 1884; x_wconf 83' lang='lat' dir='ltr'>metropolita</span> <span class='ocrx_word' id='word_1_403' title='bbox 933 1847 1215 1884; x_wconf 85' lang='lat' dir='ltr'>Thessalonicensis,</span> <span class='ocrx_word' id='word_1_404' title='bbox 1231 1852 1275 1879; x_wconf 84' lang='grc'>21.</span> 
     </span>
    </p>
   </div>
   <div class='ocr_carea' id='block_1_45' title="bbox 275 1893 1026 1930">
    <p class='ocr_par' dir='ltr' id='par_1_45' title="bbox 275 1893 1026 1930">
     <span class='ocr_line' id='line_1_45' title="bbox 275 1893 1026 1930; baseline -0.005 -6"><span class='ocrx_word' id='word_1_405' title='bbox 275 1895 417 1924; x_wconf 85' lang='lat' dir='ltr'>Cosmidii</span> <span class='ocrx_word' id='word_1_406' title='bbox 431 1894 647 1923; x_wconf 88' lang='lat' dir='ltr'>monasterium</span> <span class='ocrx_word' id='word_1_407' title='bbox 657 1902 750 1930; x_wconf 90' lang='lat' dir='ltr'>prope</span> <span class='ocrx_word' id='word_1_408' title='bbox 760 1894 960 1926; x_wconf 86' lang='lat' dir='ltr'>Blachermas,</span> <span class='ocrx_word' id='word_1_409' title='bbox 982 1893 1026 1921; x_wconf 89' lang='lat'>88.</span> 
     </span>
    </p>
   </div>
   <div class='ocr_carea' id='block_1_46' title="bbox 275 1938 920 1976">
    <p class='ocr_par' dir='ltr' id='par_1_46' title="bbox 275 1938 920 1976">
     <span class='ocr_line' id='line_1_46' title="bbox 275 1938 920 1976; baseline -0.002 -7"><span class='ocrx_word' id='word_1_410' title='bbox 275 1941 352 1968; x_wconf 84' lang='lat' dir='ltr'>Crux</span> <span class='ocrx_word' id='word_1_411' title='bbox 364 1939 557 1976; x_wconf 87' lang='lat' dir='ltr'>imperatoria</span> <span class='ocrx_word' id='word_1_412' title='bbox 575 1947 594 1967; x_wconf 92' lang='lat' dir='ltr'>a</span> <span class='ocrx_word' id='word_1_413' title='bbox 608 1938 740 1974; x_wconf 88' lang='lat' dir='ltr'>Bulgaris</span> <span class='ocrx_word' id='word_1_414' title='bbox 760 1941 857 1976; x_wconf 83' lang='lat' dir='ltr'>capta,</span> <span class='ocrx_word' id='word_1_415' title='bbox 875 1941 920 1968; x_wconf 90' lang='grc'>11.</span> 
     </span>
    </p>
   </div>
   <div class='ocr_carea' id='block_1_47' title="bbox 276 1983 850 2022">
    <p class='ocr_par' dir='ltr' id='par_1_47' title="bbox 276 1983 850 2022">
     <span class='ocr_line' id='line_1_47' title="bbox 276 1983 850 2022; baseline 0 -10"><span class='ocrx_word' id='word_1_416' title='bbox 276 1986 355 2022; x_wconf 79' lang='grc' dir='ltr'>Κύριε</span> <span class='ocrx_word' id='word_1_417' title='bbox 368 1983 483 2017; x_wconf 72' lang='grc' dir='ltr'>ἐλέησον,</span> <span class='ocrx_word' id='word_1_418' title='bbox 499 1983 610 2012; x_wconf 87' lang='lat' dir='ltr'>centies</span> <span class='ocrx_word' id='word_1_419' title='bbox 621 1983 788 2020; x_wconf 88' lang='lat' dir='ltr'>repetitum,</span> <span class='ocrx_word' id='word_1_420' title='bbox 806 1986 850 2013; x_wconf 88' lang='lat'>88.</span> 
     </span>
    </p>
   </div>
   <div class='ocr_carea' id='block_1_48' title="bbox 275 2028 1912 2067">
    <p class='ocr_par' dir='ltr' id='par_1_48' title="bbox 275 2028 1912 2067">
     <span class='ocr_line' id='line_1_48' title="bbox 275 2028 1912 2067; baseline 0 -8"><span class='ocrx_word' id='word_1_421' title='bbox 275 2030 451 2065; x_wconf 88' lang='lat' dir='ltr'>Demetrius,</span> <span class='ocrx_word' id='word_1_422' title='bbox 468 2028 612 2064; x_wconf 68' lang='lat' dir='ltr'>Bulgaria}</span> <span class='ocrx_word' id='word_1_423' title='bbox 622 2028 879 2066; x_wconf 79' lang='lat' dir='ltr'>archiepiscopus,</span> <span class='ocrx_word' id='word_1_424' title='bbox 893 2030 939 2058; x_wconf 80' lang='grc'><strong>21.</strong></span> <span class='ocrx_word' id='word_1_425' title='bbox 949 2030 1107 2067; x_wconf 76' lang='grc' dir='ltr'>Αὐτόνομος,</span> <span class='ocrx_word' id='word_1_426' title='bbox 1125 2029 1195 2057; x_wconf 84' lang='lat' dir='ltr'>ibid.</span> <span class='ocrx_word' id='word_1_427' title='bbox 1211 2028 1311 2064; x_wconf 82' lang='lat' dir='ltr'>[Atius</span> <span class='ocrx_word' id='word_1_428' title='bbox 1322 2029 1498 2066; x_wconf 87' lang='lat' dir='ltr'>Demetrius,</span> <span class='ocrx_word' id='word_1_429' title='bbox 1511 2030 1658 2059; x_wconf 89' lang='lat' dir='ltr'>Theodori</span> <span class='ocrx_word' id='word_1_430' title='bbox 1671 2029 1764 2065; x_wconf 85' lang='lat' dir='ltr'>ﬁlius,</span> <span class='ocrx_word' id='word_1_431' title='bbox 1780 2030 1912 2067; x_wconf 79' lang='lat' dir='ltr'>despota,</span> 
     </span>
    </p>
   </div>
   <div class='ocr_carea' id='block_1_49' title="bbox 239 2073 385 2112">
    <p class='ocr_par' dir='ltr' id='par_1_49' title="bbox 239 2073 385 2112">
     <span class='ocr_line' id='line_1_49' title="bbox 239 2073 385 2112; baseline -0.007 -9"><span class='ocrx_word' id='word_1_432' title='bbox 239 2082 307 2112; x_wconf 85' lang='lat' dir='ltr'>cap.</span> <span class='ocrx_word' id='word_1_433' title='bbox 326 2073 385 2111; x_wconf 75' lang='lat'>45.]</span> 
     </span>
    </p>
   </div>
   <div class='ocr_carea' id='block_1_50' title="bbox 273 2117 1051 2156">
    <p class='ocr_par' dir='ltr' id='par_1_50' title="bbox 273 2117 1051 2154">
     <span class='ocr_line' id='line_1_50' title="bbox 273 2117 1051 2154; baseline -0.001 -6"><span class='ocrx_word' id='word_1_434' title='bbox 273 2121 326 2148; x_wconf 86' lang='lat' dir='ltr'>Per</span> <span class='ocrx_word' id='word_1_435' title='bbox 338 2118 473 2147; x_wconf 87' lang='lat' dir='ltr'>dulleum</span> <span class='ocrx_word' id='word_1_436' title='bbox 490 2119 518 2146; x_wconf 88' lang='lat' dir='ltr'>et</span> <span class='ocrx_word' id='word_1_437' title='bbox 532 2117 645 2146; x_wconf 85' lang='lat' dir='ltr'>ferrum</span> <span class='ocrx_word' id='word_1_438' title='bbox 660 2117 793 2146; x_wconf 84' lang='lat' dir='ltr'>candens</span> <span class='ocrx_word' id='word_1_439' title='bbox 809 2119 960 2154; x_wconf 86' lang='lat' dir='ltr'>purgatio,</span> <span class='ocrx_word' id='word_1_440' title='bbox 983 2120 1026 2147; x_wconf 83' lang='lat'>50.</span> <span class='ocrx_word' id='word_1_441' title='bbox 1047 2135 1051 2146; x_wconf 79' lang='grc'>1</span> 
     </span>
    </p>
   </div>
   <div class='ocr_carea' id='block_1_51' title="bbox 1130 2117 1908 2156">
    <p class='ocr_par' dir='ltr' id='par_1_51' title="bbox 1130 2118 1908 2156">
     <span class='ocr_line' id='line_1_51' title="bbox 1130 2118 1908 2156; baseline 0.003 -11"><span class='ocrx_word' id='word_1_442' title='bbox 1130 2119 1219 2145; x_wconf 69' lang='lat' dir='ltr'>maereo</span> <span class='ocrx_word' id='word_1_443' title='bbox 1246 2118 1371 2155; x_wconf 72' lang='grc' dir='ltr'>ἓγγελχος</span> <span class='ocrx_word' id='word_1_444' title='bbox 1383 2126 1438 2156; x_wconf 88' lang='lat' dir='ltr'>per</span> <span class='ocrx_word' id='word_1_445' title='bbox 1451 2119 1557 2148; x_wconf 85' lang='lat' dir='ltr'>mortis</span> <span class='ocrx_word' id='word_1_446' title='bbox 1571 2120 1724 2149; x_wconf 82' lang='lat' dir='ltr'>intentatse</span> <span class='ocrx_word' id='word_1_447' title='bbox 1737 2122 1908 2156; x_wconf 63' lang='lat' dir='ltr'>praesentem</span> 
     </span>
    </p>
   </div>
   <div class='ocr_carea' id='block_1_52' title="bbox 238 2162 613 2200">
    <p class='ocr_par' dir='ltr' id='par_1_52' title="bbox 238 2162 613 2200">
     <span class='ocr_line' id='line_1_52' title="bbox 238 2162 613 2200; baseline -0.008 -7"><span class='ocrx_word' id='word_1_448' title='bbox 238 2166 375 2193; x_wconf 88' lang='lat' dir='ltr'>mentum</span> <span class='ocrx_word' id='word_1_449' title='bbox 387 2162 525 2200; x_wconf 69' lang='lat' dir='ltr'>qumstio,</span> <span class='ocrx_word' id='word_1_450' title='bbox 542 2162 613 2190; x_wconf 83' lang='lat' dir='ltr'>ibid.</span> 
     </span>
    </p>
   </div>
   <div class='ocr_carea' id='block_1_53' title="bbox 274 2205 1451 2247">
    <p class='ocr_par' dir='ltr' id='par_1_53' title="bbox 274 2205 1451 2247">
     <span class='ocr_line' id='line_1_53' title="bbox 274 2205 1451 2247; baseline 0.002 -13"><span class='ocrx_word' id='word_1_451' title='bbox 274 2207 424 2244; x_wconf 71' lang='grc' dir='ltr'>Ἐγκύκλιος</span> <span class='ocrx_word' id='word_1_452' title='bbox 435 2205 586 2243; x_wconf 74' lang='grc' dir='ltr'>παίδευσις,</span> <span class='ocrx_word' id='word_1_453' title='bbox 599 2208 644 2235; x_wconf 84' lang='lat'>29.</span> <span class='ocrx_word' id='word_1_454' title='bbox 656 2208 836 2244; x_wconf 79' lang='grc' dir='ltr'>Μαθημάτιων</span> <span class='ocrx_word' id='word_1_455' title='bbox 852 2210 898 2235; x_wconf 83' lang='grc' dir='ltr'>καί</span> <span class='ocrx_word' id='word_1_456' title='bbox 910 2208 1059 2247; x_wconf 70' lang='grc' dir='ltr'>ὑψηλοτέρα</span> <span class='ocrx_word' id='word_1_457' title='bbox 1068 2211 1117 2236; x_wconf 83' lang='grc' dir='ltr'>τῶν</span> <span class='ocrx_word' id='word_1_458' title='bbox 1136 2207 1218 2244; x_wconf 62' lang='grc' dir='ltr'><strong>λόγων</strong></span> <span class='ocrx_word' id='word_1_459' title='bbox 1235 2205 1384 2244; x_wconf 73' lang='grc' dir='ltr'>παίδευσις,</span> <span class='ocrx_word' id='word_1_460' title='bbox 1407 2209 1451 2236; x_wconf 70' lang='grc'><strong>32.</strong></span> 
     </span>
    </p>
   </div>
   <div class='ocr_carea' id='block_1_54' title="bbox 274 2251 881 2289">
    <p class='ocr_par' dir='ltr' id='par_1_54' title="bbox 274 2251 881 2289">
     <span class='ocr_line' id='line_1_54' title="bbox 274 2251 881 2289; baseline 0 -8"><span class='ocrx_word' id='word_1_461' title='bbox 274 2254 393 2281; x_wconf 85' lang='lat' dir='ltr'>Festum</span> <span class='ocrx_word' id='word_1_462' title='bbox 406 2251 685 2288; x_wconf 84' lang='lat' dir='ltr'>Transﬁgurationis</span> <span class='ocrx_word' id='word_1_463' title='bbox 702 2252 818 2289; x_wconf 89' lang='lat' dir='ltr'>Christi,</span> <span class='ocrx_word' id='word_1_464' title='bbox 837 2255 881 2281; x_wconf 89' lang='lat'>63.</span> 
     </span>
    </p>
   </div>
   <div class='ocr_carea' id='block_1_55' title="bbox 272 2296 896 2334">
    <p class='ocr_par' dir='ltr' id='par_1_55' title="bbox 272 2296 896 2334">
     <span class='ocr_line' id='line_1_55' title="bbox 272 2296 896 2334; baseline 0 -8"><span class='ocrx_word' id='word_1_465' title='bbox 272 2296 510 2332; x_wconf 86' lang='lat' dir='ltr'>GeorgiusClida,</span> <span class='ocrx_word' id='word_1_466' title='bbox 522 2297 615 2333; x_wconf 80' lang='lat' dir='ltr'>Cyzici</span> <span class='ocrx_word' id='word_1_467' title='bbox 627 2297 827 2334; x_wconf 84' lang='lat' dir='ltr'>metropolita,</span> <span class='ocrx_word' id='word_1_468' title='bbox 851 2299 896 2326; x_wconf 90' lang='lat'>88.</span> 
     </span>
    </p>
   </div>
   <div class='ocr_carea' id='block_1_56' title="bbox 273 2341 1670 2378">
    <p class='ocr_par' dir='ltr' id='par_1_56' title="bbox 273 2341 1670 2378">
     <span class='ocr_line' id='line_1_56' title="bbox 273 2341 1670 2378; baseline -0.002 -8"><span class='ocrx_word' id='word_1_469' title='bbox 273 2342 439 2370; x_wconf 86' lang='lat' dir='ltr'>Germanus</span> <span class='ocrx_word' id='word_1_470' title='bbox 452 2341 633 2378; x_wconf 84' lang='lat' dir='ltr'>patriarcha,</span> <span class='ocrx_word' id='word_1_471' title='bbox 645 2343 688 2376; x_wconf 89' lang='lat'>33,</span> <span class='ocrx_word' id='word_1_472' title='bbox 699 2343 744 2369; x_wconf 82' lang='lat'>42.</span> <span class='ocrx_word' id='word_1_473' title='bbox 1653 2351 1670 2367; x_wconf 77' lang='grc' dir='ltr'><strong>ο</strong></span> 
     </span>
    </p>
   </div>
   <div class='ocr_carea' id='block_1_57' title="bbox 273 2385 1488 2423">
    <p class='ocr_par' dir='ltr' id='par_1_57' title="bbox 273 2385 1488 2423">
     <span class='ocr_line' id='line_1_57' title="bbox 273 2385 1488 2423; baseline 0 -8"><span class='ocrx_word' id='word_1_474' title='bbox 273 2386 419 2416; x_wconf 86' lang='lat' dir='ltr'>Gradibus</span> <span class='ocrx_word' id='word_1_475' title='bbox 434 2386 474 2414; x_wconf 86' lang='lat' dir='ltr'>ad</span> <span class='ocrx_word' id='word_1_476' title='bbox 488 2385 619 2414; x_wconf 88' lang='lat' dir='ltr'>Ecclesia</span> <span class='ocrx_word' id='word_1_477' title='bbox 629 2385 787 2422; x_wconf 87' lang='lat' dir='ltr'>prohibitis</span> <span class='ocrx_word' id='word_1_478' title='bbox 802 2385 956 2415; x_wconf 86' lang='lat' dir='ltr'>connubia</span> <span class='ocrx_word' id='word_1_479' title='bbox 967 2385 1197 2422; x_wconf 80' lang='lat' dir='ltr'>imperatoribus</span> <span class='ocrx_word' id='word_1_480' title='bbox 1208 2386 1431 2423; x_wconf 87' lang='lat' dir='ltr'>permittuntur,</span> <span class='ocrx_word' id='word_1_481' title='bbox 1443 2389 1488 2416; x_wconf 87' lang='lat'>50.</span> 
     </span>
    </p>
   </div>
   <div class='ocr_carea' id='block_1_58' title="bbox 273 2430 620 2470">
    <p class='ocr_par' dir='ltr' id='par_1_58' title="bbox 273 2430 620 2470">
     <span class='ocr_line' id='line_1_58' title="bbox 273 2430 620 2470; baseline -0.003 -11"><span class='ocrx_word' id='word_1_482' title='bbox 273 2433 418 2470; x_wconf 79' lang='grc' dir='ltr'>Γράμματα</span> <span class='ocrx_word' id='word_1_483' title='bbox 437 2430 559 2468; x_wconf 65' lang='lat' dir='ltr'>ipa-irini,</span> <span class='ocrx_word' id='word_1_484' title='bbox 575 2432 620 2458; x_wconf 83' lang='lat'>68.</span> 
     </span>
    </p>
   </div>
   <div class='ocr_carea' id='block_1_59' title="bbox 272 2474 829 2514">
    <p class='ocr_par' dir='ltr' id='par_1_59' title="bbox 272 2474 829 2514">
     <span class='ocr_line' id='line_1_59' title="bbox 272 2474 829 2514; baseline -0.007 -8"><span class='ocrx_word' id='word_1_485' title='bbox 272 2476 430 2514; x_wconf 83' lang='lat' dir='ltr'>Hyacinthi</span> <span class='ocrx_word' id='word_1_486' title='bbox 447 2474 661 2503; x_wconf 82' lang='lat' dir='ltr'>monasterium</span> <span class='ocrx_word' id='word_1_487' title='bbox 672 2476 714 2508; x_wconf 87' lang='lat' dir='ltr'>t0,</span> <span class='ocrx_word' id='word_1_488' title='bbox 733 2476 774 2510; x_wconf 88' lang='lat' dir='ltr'>I8,</span> <span class='ocrx_word' id='word_1_489' title='bbox 785 2476 829 2502; x_wconf 81' lang='lat'>42.</span> 
     </span>
    </p>
   </div>
   <div class='ocr_carea' id='block_1_60' title="bbox 271 2519 1900 2558">
    <p class='ocr_par' dir='ltr' id='par_1_60' title="bbox 271 2519 1900 2558">
     <span class='ocr_line' id='line_1_60' title="bbox 271 2519 1900 2558; baseline -0.002 -8"><span class='ocrx_word' id='word_1_490' title='bbox 271 2521 474 2558; x_wconf 62' lang='lat' dir='ltr'>Imperatoriae</span> <span class='ocrx_word' id='word_1_491' title='bbox 494 2520 608 2552; x_wconf 77' lang='lat' dir='ltr'>litterae,</span> <span class='ocrx_word' id='word_1_492' title='bbox 622 2519 715 2547; x_wconf 90' lang='lat' dir='ltr'>rubro</span> <span class='ocrx_word' id='word_1_493' title='bbox 734 2519 927 2554; x_wconf 80' lang='lat' dir='ltr'>consignatae,</span> <span class='ocrx_word' id='word_1_494' title='bbox 942 2519 988 2553; x_wconf 71' lang='lat'>26,</span> <span class='ocrx_word' id='word_1_495' title='bbox 1022 2521 1067 2548; x_wconf 89' lang='lat'>38.</span> <span class='ocrx_word' id='word_1_496' title='bbox 1101 2522 1275 2556; x_wconf 88' lang='lat' dir='ltr'>Imperator,</span> <span class='ocrx_word' id='word_1_497' title='bbox 1292 2522 1377 2549; x_wconf 87' lang='lat' dir='ltr'>scuto</span> <span class='ocrx_word' id='word_1_498' title='bbox 1392 2520 1538 2556; x_wconf 89' lang='lat' dir='ltr'>insidens,</span> <span class='ocrx_word' id='word_1_499' title='bbox 1556 2519 1771 2557; x_wconf 79' lang='lat' dir='ltr'>proclamatur.</span> <span class='ocrx_word' id='word_1_500' title='bbox 1799 2521 1842 2555; x_wconf 80' lang='lat'>53,</span> <span class='ocrx_word' id='word_1_501' title='bbox 1863 2523 1900 2548; x_wconf 81' lang='lat'>77.</span> 
     </span>
    </p>
   </div>
   <div class='ocr_carea' id='block_1_61' title="bbox 272 2564 1221 2602">
    <p class='ocr_par' dir='ltr' id='par_1_61' title="bbox 272 2564 1221 2602">
     <span class='ocr_line' id='line_1_61' title="bbox 272 2564 1221 2602; baseline -0.001 -7"><span class='ocrx_word' id='word_1_502' title='bbox 272 2567 366 2601; x_wconf 87' lang='lat' dir='ltr'>Irene,</span> <span class='ocrx_word' id='word_1_503' title='bbox 378 2564 567 2602; x_wconf 88' lang='lat' dir='ltr'>imperatoris</span> <span class='ocrx_word' id='word_1_504' title='bbox 580 2571 674 2598; x_wconf 86' lang='lat' dir='ltr'>soror,</span> <span class='ocrx_word' id='word_1_505' title='bbox 690 2572 721 2592; x_wconf 91' lang='lat' dir='ltr'>1n</span> <span class='ocrx_word' id='word_1_506' title='bbox 735 2564 902 2592; x_wconf 89' lang='lat' dir='ltr'>monastico</span> <span class='ocrx_word' id='word_1_507' title='bbox 913 2565 1017 2593; x_wconf 82' lang='lat' dir='ltr'>habitu</span> <span class='ocrx_word' id='word_1_508' title='bbox 1031 2565 1163 2601; x_wconf 87' lang='lat' dir='ltr'>Eulogia,</span> <span class='ocrx_word' id='word_1_509' title='bbox 1177 2567 1221 2594; x_wconf 89' lang='lat'>86.</span> 
     </span>
    </p>
   </div>
   <div class='ocr_carea' id='block_1_62' title="bbox 270 2608 1897 2647">
    <p class='ocr_par' dir='ltr' id='par_1_62' title="bbox 270 2608 1897 2647">
     <span class='ocr_line' id='line_1_62' title="bbox 270 2608 1897 2647; baseline -0.001 -8"><span class='ocrx_word' id='word_1_510' title='bbox 270 2612 410 2643; x_wconf 85' lang='lat' dir='ltr'>Joannes,</span> <span class='ocrx_word' id='word_1_511' title='bbox 422 2608 698 2645; x_wconf 80' lang='lat' dir='ltr'>Hierosolymorum</span> <span class='ocrx_word' id='word_1_512' title='bbox 711 2616 772 2641; x_wconf 84' lang='lat' dir='ltr'>rex,</span> <span class='ocrx_word' id='word_1_513' title='bbox 780 2610 910 2637; x_wconf 86' lang='lat' dir='ltr'>27.Hunc</span> <span class='ocrx_word' id='word_1_514' title='bbox 920 2609 1071 2645; x_wconf 87' lang='lat' dir='ltr'>octoginta</span> <span class='ocrx_word' id='word_1_515' title='bbox 1081 2617 1178 2639; x_wconf 88' lang='lat' dir='ltr'>annos</span> <span class='ocrx_word' id='word_1_516' title='bbox 1185 2612 1290 2639; x_wconf 85' lang='lat' dir='ltr'>natum</span> <span class='ocrx_word' id='word_1_517' title='bbox 1301 2612 1329 2639; x_wconf 92' lang='lat' dir='ltr'>et</span> <span class='ocrx_word' id='word_1_518' title='bbox 1339 2609 1419 2639; x_wconf 91' lang='lat' dir='ltr'>mole</span> <span class='ocrx_word' id='word_1_519' title='bbox 1428 2610 1561 2647; x_wconf 84' lang='lat' dir='ltr'>corporis</span> <span class='ocrx_word' id='word_1_520' title='bbox 1568 2610 1743 2646; x_wconf 83' lang='lat' dir='ltr'>viribusque</span> <span class='ocrx_word' id='word_1_521' title='bbox 1750 2609 1897 2646; x_wconf 83' lang='lat' dir='ltr'>insignem,</span> 
     </span>
    </p>
   </div>
   <div class='ocr_carea' id='block_1_63' title="bbox 235 2652 831 2689">
    <p class='ocr_par' dir='ltr' id='par_1_63' title="bbox 235 2652 831 2689">
     <span class='ocr_line' id='line_1_63' title="bbox 235 2652 831 2689; baseline -0.005 -6"><span class='ocrx_word' id='word_1_522' title='bbox 235 2655 308 2684; x_wconf 77' lang='lat' dir='ltr'>vidit</span> <span class='ocrx_word' id='word_1_523' title='bbox 323 2658 351 2683; x_wconf 90' lang='lat' dir='ltr'>et</span> <span class='ocrx_word' id='word_1_524' title='bbox 364 2655 490 2682; x_wconf 87' lang='lat' dir='ltr'>miratus</span> <span class='ocrx_word' id='word_1_525' title='bbox 503 2655 548 2682; x_wconf 89' lang='lat' dir='ltr'>est</span> <span class='ocrx_word' id='word_1_526' title='bbox 559 2652 737 2689; x_wconf 85' lang='lat' dir='ltr'>Acropolita,</span> <span class='ocrx_word' id='word_1_527' title='bbox 759 2653 831 2681; x_wconf 85' lang='lat' dir='ltr'>ibid.</span> 
     </span>
    </p>
   </div>
   <div class='ocr_carea' id='block_1_64' title="bbox 271 2697 990 2735">
    <p class='ocr_par' dir='ltr' id='par_1_64' title="bbox 271 2697 990 2735">
     <span class='ocr_line' id='line_1_64' title="bbox 271 2697 990 2735; baseline 0.003 -9"><span class='ocrx_word' id='word_1_528' title='bbox 271 2699 455 2735; x_wconf 88' lang='lat' dir='ltr'>Joannicius,</span> <span class='ocrx_word' id='word_1_529' title='bbox 472 2699 633 2735; x_wconf 87' lang='lat' dir='ltr'>episcopus</span> <span class='ocrx_word' id='word_1_530' title='bbox 647 2697 924 2734; x_wconf 85' lang='lat' dir='ltr'>Philadelphiensis,</span> <span class='ocrx_word' id='word_1_531' title='bbox 945 2701 990 2728; x_wconf 92' lang='lat'>84.</span> 
     </span>
    </p>
   </div>
   <div class='ocr_carea' id='block_1_65' title="bbox 271 2742 1891 2781">
    <p class='ocr_par' dir='ltr' id='par_1_65' title="bbox 271 2742 1891 2781">
     <span class='ocr_line' id='line_1_65' title="bbox 271 2742 1891 2781; baseline -0.001 -9"><span class='ocrx_word' id='word_1_532' title='bbox 271 2745 399 2773; x_wconf 84' lang='lat' dir='ltr'>Joannes</span> <span class='ocrx_word' id='word_1_533' title='bbox 417 2745 568 2777; x_wconf 84' lang='lat' dir='ltr'>Macrotes,</span> <span class='ocrx_word' id='word_1_534' title='bbox 583 2750 645 2779; x_wconf 90' lang='lat' dir='ltr'>quo</span> <span class='ocrx_word' id='word_1_535' title='bbox 659 2742 699 2771; x_wconf 87' lang='lat' dir='ltr'>ad</span> <span class='ocrx_word' id='word_1_536' title='bbox 713 2743 853 2779; x_wconf 87' lang='lat' dir='ltr'>epistolas</span> <span class='ocrx_word' id='word_1_537' title='bbox 867 2745 971 2781; x_wconf 86' lang='lat' dir='ltr'>magni</span> <span class='ocrx_word' id='word_1_538' title='bbox 983 2745 1128 2774; x_wconf 89' lang='lat' dir='ltr'>momenti</span> <span class='ocrx_word' id='word_1_539' title='bbox 1141 2745 1316 2774; x_wconf 87' lang='lat' dir='ltr'>scribendas</span> <span class='ocrx_word' id='word_1_540' title='bbox 1335 2753 1408 2774; x_wconf 88' lang='lat' dir='ltr'>usus</span> <span class='ocrx_word' id='word_1_541' title='bbox 1420 2746 1549 2774; x_wconf 84' lang='lat' dir='ltr'>Joannes</span> <span class='ocrx_word' id='word_1_542' title='bbox 1583 2746 1716 2774; x_wconf 77' lang='lat' dir='ltr'>Vetatzes</span> <span class='ocrx_word' id='word_1_543' title='bbox 1741 2743 1829 2781; x_wconf 92' lang='lat' dir='ltr'>imp.,</span> <span class='ocrx_word' id='word_1_544' title='bbox 1851 2744 1891 2772; x_wconf 80' lang='lat'>48.</span> 
     </span>
    </p>
   </div>
   <div class='ocr_carea' id='block_1_66' title="bbox 235 2789 737 2823">
    <p class='ocr_par' dir='ltr' id='par_1_66' title="bbox 235 2789 737 2823">
     <span class='ocr_line' id='line_1_66' title="bbox 235 2789 737 2823; baseline 0 -5"><span class='ocrx_word' id='word_1_545' title='bbox 235 2789 332 2819; x_wconf 79' lang='lat' dir='ltr'>Judex</span> <span class='ocrx_word' id='word_1_546' title='bbox 349 2789 386 2819; x_wconf 90' lang='lat' dir='ltr'>de</span> <span class='ocrx_word' id='word_1_547' title='bbox 401 2789 486 2818; x_wconf 81' lang='lat' dir='ltr'>Mich.</span> <span class='ocrx_word' id='word_1_548' title='bbox 502 2789 676 2823; x_wconf 88' lang='lat' dir='ltr'>Commeno,</span> <span class='ocrx_word' id='word_1_549' title='bbox 693 2789 737 2818; x_wconf 85' lang='lat'>50.</span> 
     </span>
    </p>
   </div>
  </div>
