1970 3082
50 123 115 150 1001

806 124 977 152 ANNALES.

1663 124 1732 152 1002

50 194 126 214 ουτος
139 186 205 220 μετά
221 187 267 213 τὴν
285 189 333 216 τῆς
359 188 552 212 Κωνσταντίνου
577 185 674 212 ἅλωσιν
701 188 855 224 νεωτερίσας

956 187 966 214 i
990 185 1092 222 parari
1109 185 1250 220 audisset,
1277 193 1340 213 sese
1364 185 1561 220 subterduxit,
1585 187 1613 214 et
1630 194 1732 222 parvae

50 229 108 254 καθ’
135 229 235 262 ἑαυτὸν,
263 232 309 256 καὶ
336 231 461 266 Κορίνθου
494 232 586 267 ἄρχων
623 234 667 257 καὶ
705 235 754 256 τῶν
799 233 855 267 περὶ

49 275 149 302 ταύτην
172 278 278 311 χωρῶν,
305 277 337 305 ὡς
358 278 404 301 καὶ
427 275 516 312 ἑτέρων
553 278 643 313 ἕτεροι.

50 321 96 344 καὶ
137 322 189 348 τοῖς

686 278 786 312 Μικρὸν
827 274 855 302 δὲ

231 319 314 346 ἐκεῖσε
328 319 550 357 προσδιατρίψας,
578 323 652 356 γνοὺς
674 322 746 357 παρά
781 331 855 346 τινων

51 364 85 394 ὡς
97 363 254 389 ἁλίσκεσθαι
267 364 362 400 μέλλει,
391 363 503 402 ἀπέδρα.
532 365 575 392 Ἐκ
602 364 802 401 Λογγιϐαρδίας
828 363 856 391 δὲ

50 417 108 433 τισι
136 407 272 444 ξυντυχών
302 409 447 444 ἁλίσκεται,
470 412 536 446 πρὸς
562 411 604 436 τὸν
644 408 856 447 πρωτεξάδελφον

51 451 134 478 αὖτοῦ
168 452 280 488 Μιχαὴλ
302 454 349 484 τὰς
377 457 493 485 κινήσεις
530 456 691 491 ποιούμενος·
735 455 765 483 ἦν
806 456 855 491 ’γὰρ

51 494 125 526 οὗτος
139 498 197 523 τότε
222 499 317 534 μέρους
345 500 413 528 τινὸς
441 503 487 530 τῆς
514 499 628 530 παλαιᾶς
651 499 775 535 Ἠπείρου
798 500 856 535 (62)

51 543 187 577 κραπήσας
202 544 246 567 καὶ
263 542 343 568 πολλὰ
355 544 409 573 τοῖς
423 545 487 580 πρὸς
512 544 544 569 τὰ
573 543 656 570 ἐκεῖσε
686 546 750 581 μέρη
776 543 856 579 ἀφιγ-

50 587 137 621 μένοις
166 585 274 617 Ἰταλοῖς
299 589 422 624 παρέχων
452 589 604 624 πράγματα.
633 591 682 614 Και
714 586 744 617 ἦν
783 586 857 619 οὖτος

55 629 224 657 δυναστεύων
247 635 293 662 τῆς
326 633 452 662 τοιαύτης
489 635 590 669 χώρας
633 633 780 660 Ἰωαννίνων
806 635 856 670 γὰρ

53 672 125 710 ἦρχε
148 677 193 701 καὶ
218 675 317 711 ’Δρτης
337 678 382 702 καὶ
405 677 486 713 μέχρι
514 678 684 703 Ναυπάκτου.
717 676 761 708 Ὠς
795 681 857 712 γοῦν

52 718 119 744 ἑάλω
148 721 220 757 παρά
245 724 294 746 τῶν
322 719 515 757 Λογγιϐάρὸων
542 721 554 747 ὁ
581 720 704 757 βασιλεὺς
734 721 857 755 Ἀλέξιος,

51 765 97 788 καὶ
128 763 314 800 ἀπεμπολεῖται
343 765 406 802 παρ’
433 765 516 791 αὐτῶν
547 767 650 801 σύναμα
676 770 707 802 τῇ
742 768 856 802 γυναικί.

53 809 158 847 Μικρὸν
175 808 204 836 δὲ
225 810 291 846 μετὰ
316 813 362 835 τοῦ
394 809 505 845 Μιχαὴλ
533 813 768 848 προσκαρτερήσας
794 809 859 847 βού-

911 230 1178 265 Longobardorum
1194 229 1298 258 manui
1312 230 1496 266 impingens,
1513 230 1588 258 dum
1603 230 1643 258 ad
1666 239 1734 259 con-

909 274 1064 302 sobrinum
1080 274 1252 302 Michaelem
1274 273 1438 309 contendit,
1466 273 1590 310 capitur.
1614 274 1735 302 Michael

910 319 1022 355 Buippe
1039 319 1117 355 parti
1131 319 1236 347 veteris
1252 319 1330 354 Epiri
1345 321 1416 347 tunc
1433 318 1575 354 temporis
1596 318 1736 347 domina-

909 363 1090 397 batur,lta1is
1098 363 1177 392 circa
1184 371 1219 391 ea
1227 363 1294 391 loca
1300 363 1525 391 excurrentibus
1531 363 1586 399 16
1594 362 1737 391 molestus

910 416 1126 444 operosusque.
1143 408 1203 443 Hic,
1219 408 1356 444 inquam,
1372 415 1591 444 usquequaque
1614 406 1738 436 Michael

910 452 1133 486 dominabatur,
1160 461 1229 481 cum
1250 452 1404 481 Joanninis
1426 455 1454 481 et
1472 455 1548 480 Artes
1571 459 1666 489 usque
1697 451 1737 480 ad

911 498 1521 534 Naupactumimperaret.Captusitaquea
1528 497 1735 533 Longobardis

911 542 1075 578 imperator
1089 542 1207 570 Alexius
1221 542 1375 579 pretioque
1391 543 1575 579 redemptus,
1591 550 1652 570 una
1665 549 1736 570 cum

911 587 1039 622 conjuge
1056 587 1096 615 ad
1109 587 1262 615 sullanum
1277 587 1367 615 lconii
1382 587 1562 615 Jathatinem
1576 587 1631 615 sibi
1650 586 1737 614 fami—

910 631 1035 660 liaritate
1049 633 1152 660 notum
1169 631 1318 668 proﬁcisci
1331 631 1488 660 deliberat:
1497 639 1630 668 namque
1638 631 1736 660 Jatha-

912 676 986 704 tines
1002 684 1017 704 e
1032 676 1132 704 fratris
1150 678 1219 704 tunc
1232 675 1491 704 Musulmanarum
1514 683 1615 704 rerum
1634 676 1737 704 mode-

911 721 1017 749 ratoris
1051 720 1193 749 manibus
1225 720 1342 756 fugiens
1372 720 1518 757 profugus
1549 720 1664 756 Cpolim
1688 727 1741 756 δρα

912 766 1002 802 pellit,
1023 768 1225 802 exceptusque
1259 766 1298 794 ab
1322 766 1502 802 imperatore
1527 765 1629 794 Alexio
1654 773 1741 794 sacro

911 811 1045 839 initiatur
1076 811 1197 839 lavacro
1226 810 1367 847 ﬁliusque
1396 810 1567 847 adoptatur.
1593 811 1644 838 Hic
1669 818 1739 838 cum

52 856 127 882 λεῖαι
140 856 204 892 πρὸς
227 856 270 880 τὸν
301 858 347 880 τοῦ
375 854 482 880 Ἰκονίου
512 854 650 880 σουλτάνον
675 854 803 889 ἀπελθεῖν,
832 855 859 881 ὃν

956 857 1090 891 peratore
1106 854 1209 882 Alexio
1223 854 1306 891 Cpoli
1318 854 1448 889 fugiente
1463 862 1525 883 una
1540 853 1666 890 aufugit.
1680 856 1739 883 Nec

54 901 203 928 Ἰαθατίνην
218 899 276 935 (63)
298 899 441 934 ὠνόμαζον.
471 898 519 925 Ἦν
543 901 593 936 γὰρ
620 901 703 935 τούτῳ
732 901 857 930 συνήθης·

53 946 65 971 ό
91 946 145 981 γὰρ
166 944 297 981 εἰρημένος
322 943 469 974 Ἰαθατίνης
493 945 537 973 τὰς
565 947 611 970 τοῦ
638 942 750 980 ἀδελφοῦ
779 944 858 970 αὐτοῦ

53 994 150 1026 χεῖρας
165 987 281 1025 ἀποδρὰς
294 987 433 1018 Ἀζατίνου
448 989 628 1025 κατάρχοντας
655 993 690 1025 τῷ
720 991 778 1015 τότε
809 993 858 1015 τῶν

54 1032 277 1069 Μουσουλμάνων,
314 1034 399 1068 φυγὰς
439 1034 512 1069 παρὰ
570 1035 615 1062 τὴν
664 1035 858 1060 Κωνσταντὶνου

55 1081 153 1115 ᾤχετο,
169 1081 214 1104 καὶ
226 1081 262 1113 τῷ
286 1076 393 1114 βασιλεί
415 1075 591 1104 ὑποδέδεκται
622 1077 736 1114 Ἀλεξίῳ,
765 1077 861 1114 βαπτί-

56 1124 129 1154 ζεται
141 1132 169 1149 τε
182 1122 243 1160 παρ’
271 1122 351 1148 αὑτοῦ
378 1124 423 1148 καὶ
451 1123 606 1148 υἱοθετεῖται
637 1123 671 1140 ⁸ο·
698 1124 725 1154 ὃς
753 1125 797 1149 καὶ
823 1127 858 1160 τῷ

56 1168 165 1205 βασιλεί
196 1167 301 1203 Ἀλεξίῳ
343 1165 496 1204 συναπέδρα
533 1165 679 1204 ἀποδράντι
711 1171 757 1197 τῆν
792 1171 860 1194 Κων-

57 1215 195 1239 σταντίνου
228 1212 262 1238 ⁴¹.
292 1211 360 1238 Ἀλλ’
384 1211 425 1246 [Ρ.
456 1212 483 1247 8]
508 1213 578 1237 οὔπω
604 1214 703 1248 συχναὶ
728 1212 860 1249 παρῆλθον

913 899 1006 927 multo
1020 901 1087 935 post
1097 899 1141 927 vir
1152 899 1278 936 quidam
1290 899 1367 927 clam
1381 899 1421 927 ad
1433 899 1534 935 ipsum
1543 899 1740 935 proﬁciscens

913 943 1010 972 fratris
1039 943 1154 972 obitum
1191 943 1308 972 nuntiat
1335 953 1341 978 ;
1367 943 1420 980 qui
1459 943 1509 971 vili
1537 944 1568 971 in
1596 945 1678 972 veste
1703 951 1740 972 ac

913 988 1079 1025 squallente
1111 996 1180 1016 cum
1193 988 1299 1016 nuntio
1315 988 1369 1016 iter
1383 987 1560 1023 ingreditur.
1588 988 1626 1017 Et
1644 996 1663 1016 a
1677 988 1740 1016 suis

914 1033 1050 1068 cognitus
1064 1034 1220 1061 Persarum
1236 1032 1418 1068 principatui
1441 1034 1557 1068 praeest,
1581 1032 1738 1062 Theodoro

912 1077 1086 1113 imperatori
1111 1077 1182 1105 belli
1205 1076 1429 1105 discriminibus
1452 1085 1532 1113 saepe
1555 1076 1665 1105 afﬂicto
1686 1076 1740 1105 de-

913 1121 1088 1158 bilitatoque
1100 1129 1162 1149 non
1177 1120 1270 1149 modo
1283 1121 1478 1149 auxiliaribus
1493 1121 1597 1157 copiis,
1615 1121 1668 1149 sed
1686 1121 1740 1149 fae-

914 1166 984 1194 dere
997 1166 1086 1194 etiam
1095 1168 1184 1202 pacto
1194 1166 1324 1201 (Annam
1335 1165 1416 1194 enim
1426 1165 1647 1202 imperatricem
1658 1173 1742 1194 soro-

915 1219 979 1239 rem
994 1210 1207 1246 compellabat)
1221 1210 1359 1246 apprime
1373 1210 1538 1247 proﬁcuus.

56 1258 163 1294 ἡμέραι,
186 1258 232 1282 καὶ
256 1255 402 1292 ἀφικνεῖται
419 1257 483 1292 πρὸς
506 1255 582 1282 αὑτὸν
610 1255 673 1292 ἀνὴρ
698 1257 784 1294 κρύφα
805 1257 909 1292 μηνύων
932 1255 1002 1290 αὐτῷ
1028 1257 1071 1281 τὸν
1096 1258 1141 1281 τοῦ
1169 1253 1281 1291 ἀδελφοῦ
1309 1255 1390 1281 αὐτοῦ
1409 1257 1487 1293 μόρον
1505 1265 1512 1272 ⁵
1528 1255 1556 1286 ὃς
1576 1256 1622 1281 καὶ
1648 1255 1743 1293 ῥάκεσι

56 1305 193 1337 πενιχρῶς
210 1300 361 1336 ἐσταλμένος
383 1300 440 1336 μετ’
453 1299 532 1326 αὐτοῦ
548 1299 702 1336 ἀφικνεῖται,
725 1300 770 1326 καὶ
793 1305 848 1332 τοῖς
867 1301 946 1327 αὐτοῦ
965 1300 1100 1331 καταστὰς
1113 1302 1243 1336 γνώριμος
1267 1301 1426 1337 Πιρσάρχης
1441 1299 1635 1336 ἐπιφημίζεται.
1662 1298 1744 1330 Οὗτος

55 1349 98 1372 καὶ
114 1350 153 1381 τῷ
168 1344 272 1381 βασιλει
286 1343 419 1382 Θεοδώρῳ
430 1345 454 1370 ἓν
477 1354 533 1370 τισι
547 1348 645 1382 καιροῖς
662 1347 885 1382 στενοχωρηθέντι
899 1346 922 1362 ⁸²
937 1346 1073 1382 χρήσιμος
1089 1343 1209 1380 ἀνεφάνη,
1228 1347 1384 1381 συμμαχίαν
1404 1342 1468 1376 δοὺς
1481 1346 1526 1371 καὶ
1540 1346 1574 1371 τὰ
1588 1344 1624 1375 εἰς
1640 1345 1744 1382 ιὶρήνην

56 1390 232 1426 σπεισάμενος
252 1389 275 1406 ⁸³
291 1400 297 1406 -
312 1389 347 1420 ὡς
362 1387 475 1425 ἀδελφὴν
490 1388 539 1425 γὰρ
557 1391 602 1418 τὴν
623 1388 752 1426 βασιλίδα
763 1389 860 1417 Ἀνναν
881 1389 1021 1426 ὠνόμαζεν.

91 1436 113 1462 θ’
147 1436 216 1471 Πρὸς
241 1437 331 1460 τοῦτον
367 1435 383 1463 ἡ
422 1437 497 1460 πᾶσα
526 1432 630 1463 σπουδὴ
659 1438 705 1461 τοῦ
735 1434 899 1471 βασιλέωςϐ

61 1480 170 1511 Αλεξιου
218 1480 358 1515 ἀφικέσθαι
405 1482 507 1515 προσῆν
533 1489 539 1495 ·
564 1477 774 1515 έδυσανασχέτει
812 1479 863 1515 γὰρ

57 1524 138 1551 ἐλθεῖν
169 1525 242 1561 παρὰ
264 1525 308 1549 τόν
334 1522 447 1560 βασιλέα
469 1526 514 1549 καὶ
536 1523 653 1560 γαμϐρὸς
675 1522 811 1562 Θεοδωρον
828 1524 862 1552 “.

55 1565 188 1605 Ἐῴοδίοις
210 1568 272 1604 γοῦν
301 1567 405 1605 ἀπάρας
441 1573 488 1599 τῆς
521 1571 567 1594 τοῦ
597 1568 708 1605 Μιχαὴλ
740 1572 788 1605 ’γῆς
818 1570 863 1594 καὶ

56 1618 126 1652 φορῷ
150 1614 323 1649 χρησάμενος
350 1614 476 1648 πνεύματι
500 1616 531 1649 τῇ
560 1616 606 1644 τῆς
633 1613 758 1640 Ἀττάλου
782 1623 863 1649 προσ-

56 1663 182 1696 ώρμισιν.
224 1658 417 1694 ΙΔομεηιιέστατοι
453 1661 516 1693 γοῦν
555 1659 626 1694 παρὰ
666 1661 710 1683 τοῦ
752 1657 862 1684 σουλτὰν

57 1700 263 1740 προσδέδεκται.
277 1702 306 1728 Ὀ
322 1701 447 1739 βασιλεὺς
466 1700 496 1728 δε
511 1700 647 1740 Θεοδωρος
671 1701 762 1738 διῆγεν
781 1704 806 1729 εν
829 1706 860 1739 τῇ

56 1749 168 1784 Νικαίᾳ,
198 1749 242 1773 καὶ
261 1746 387 1783 πρεσϐεία
413 1748 476 1784 πρὸς
508 1750 553 1773 τοῦ
583 1747 693 1773 σουλτάν
719 1747 775 1782 (64)
800 1746 863 1784 παρ’

57 1793 134 1819 αὐτόν
167 1791 312 1828 ἀφικνεῖπαι
347 1793 394 1821 τὴν
429 1795 476 1817 τοῦ
510 1790 639 1828 βασιλέως
666 1794 711 1817 καὶ
741 1792 862 1829 πενθεροῦ

55 1837 227 1874 γνωριζουσα
250 1835 349 1872 ἄφιξιν,
372 1838 417 1861 καὶ
433 1837 465 1866 ὡς
489 1834 580 1866 ἄδικος
606 1837 641 1861 εἴν
672 1835 770 1867 ξενικῆς
794 1836 862 1862 ἐπει-

55 1881 189 1919 λημμένος
215 1881 314 1918 ἀρχῆς.
338 1880 493 1918 Ἐταράχθη
587 1885 650 1916 ’γοῦν
678 1880 720 1906 ἐπὶ
747 1885 801 1912 τοῖς
820 1880 863 1907 λό-

55 1937 110 1962 γοις
133 1928 148 1953 ὁ
168 1925 301 1963 βασιλεύς,
321 1928 366 1952 καὶ
392 1923 448 1956 δέος
475 1925 544 1960 αὐτῷ
569 1926 684 1961 ἐπεισῂει
712 1925 775 1961 οὐχὶ
798 1935 863 1961 σμι-

55 1974 116 2008 κρὸν
139 1983 145 1988 -
164 1971 176 1997 ὁ
192 1972 237 2007 μὲν
252 1971 302 2007 γὰρ
320 1969 430 1996 σουλτὰν
445 1972 577 2006 πρόφασιν
603 1968 660 2005 εἶχε
685 1971 729 1996 τὸν
751 1969 863 2006 βασιλέα

55 2016 183 2050 ἈΜξιο-ι,
199 2020 230 2052 τῇ
257 2014 287 2041 δὲ
309 2014 417 2050 ἀλῃθείᾳ
437 2016 535 2044 σκοπὸς
558 2012 589 2042 ἧν
614 2014 683 2049 αὐτῷ
705 2017 792 2040 πᾶσαν
816 2017 863 2044 τὴν

58 2062 194 2098 Ῥωμαίων
225 2058 403 2097 καταδραμεῖν
437 2062 482 2084 καὶ
521 2058 736 2087 καταληῖσασθαι
769 2061 784 2088 ἤ
818 2061 863 2085 καὶ

954 1436 980 1463 9.
996 1434 1041 1462 Ad
1054 1433 1135 1462 hunc
1157 1435 1191 1461 ut
1214 1433 1369 1462 accederet
1394 1441 1451 1462 sua
1477 1434 1577 1463 studia
1599 1434 1745 1463 convertit

917 1479 1021 1508 omnia
1034 1478 1154 1506 Alexius
1167 1478 1351 1515 imperator:
1367 1478 1406 1506 ad
1425 1478 1638 1514 imperatorem
1662 1478 1744 1507 enim

917 1525 945 1552 et
951 1523 1285 1559 generumTheodorum
1297 1523 1420 1552 moleste
1430 1523 1742 1553 accedebat.Comme-

918 1570 984 1596 atus
998 1567 1099 1604 itaque
1112 1567 1283 1596 subvehens
1299 1575 1315 1595 e
1330 1567 1441 1596 ditione
1472 1567 1620 1596 Michaelis
1644 1567 1742 1600 solvit,

917 1615 945 1640 et
961 1613 1013 1648 17
1033 1612 1128 1640 ventis
1152 1620 1278 1648 operam
1300 1612 1443 1640 dantibus
1467 1611 1506 1640 ad
1529 1611 1616 1640 Attali
1634 1612 1743 1640 urbem

917 1656 1080 1690 descendit,
1093 1659 1121 1685 et
1130 1665 1224 1693 quam
1235 1656 1430 1693 cupidissime
1441 1664 1459 1685 a
1467 1656 1586 1685 sultano
1597 1656 1744 1692 excipitur

916 1701 1036 1730 Interim
1065 1701 1169 1729 Nicaeae
1196 1701 1354 1730 Theodoro
1375 1701 1549 1738 imperatori
1580 1700 1701 1736 degenti
1725 1709 1745 1730 a.

917 1745 1035 1774 sultano
1042 1745 1152 1781 legatio
1164 1745 1369 1782 mittitur,quae
1376 1747 1404 1774 et
1414 1746 1603 1782 imperatoris
1611 1747 1638 1774 et
1648 1745 1744 1773 soceri

917 1790 1066 1819 nontiaret
1082 1790 1255 1826 adventum,
1273 1793 1301 1818 et
1312 1797 1406 1825 quam
1421 1790 1551 1826 injustus
1561 1792 1642 1819 esset
1652 1789 1742 1818 alieni

916 1834 1102 1872 principatus
1114 1837 1286 1872 occupator.
1295 1834 1495 1863 Conturbatus
1507 1835 1609 1863 animo
1616 1835 1745 1871 impera-

918 1881 964 1908 tor
977 1879 1068 1907 nimis
1078 1878 1156 1907 male
1169 1879 1267 1907 timuit
1280 1881 1359 1907 totus
1368 1880 1398 1908 S.
1408 1879 1548 1908 Sultanus
1556 1879 1636 1907 enim
1647 1878 1745 1915 specie

917 1923 1132 1961 propugnandi
1143 1923 1247 1956 Alexii,
1263 1932 1295 1952 re
1309 1926 1406 1952 autem
1416 1924 1484 1960 ipsa
1495 1925 1646 1953 Romanos
1655 1931 1745 1959 agros

918 1977 1023 1998 omnes
1036 1976 1192 1997 excurrere
1205 1969 1444 2005 populabundus
1456 1972 1485 1998 et
1498 1969 1601 1998 ditioni
1621 1969 1743 1998 Persica»,

918 2013 1029 2042 addere
1038 2013 1174 2041 animum
1187 2013 1355 2042 induxerat.
1368 2015 1516 2051 Erantque
1536 2022 1583 2042 res
1597 2014 1744 2043 Theodori

917 2059 948 2087 in
964 2061 1095 2094 angusto
1107 2058 1218 2095 oppido
1234 2061 1352 2095 coactae,
1369 2063 1397 2088 et
1410 2062 1442 2088 ut
1454 2060 1538 2088 aiunt
1549 2060 1579 2088 in
1599 2059 1662 2088 acie
1686 2067 1743 2087 no-

56 2106 105 2132 ὖπὸ
133 2106 209 2142 ξεῖρα
234 2105 409 2137 ποιήσασθαι,
430 2106 474 2129 καὶ
501 2101 532 2132 ἦν
557 2102 598 2129 ἐπὶ
623 2107 721 2141 χνροῡ,
751 2105 766 2129 ὅ
788 2113 862 2140 φασι,

955 2103 1143 2136 culleQuare
1154 2103 1326 2131 convocatis
1338 2104 1401 2132 suis
1408 2105 1549 2132 omnibus
1557 2104 1742 2140 explorabat,

56 2155 90 2186 τῷ
109 2149 220 2187 βασιλεί
246 2147 371 2186 Θεοδώρῳ
400 2150 433 2174 τὰ
460 2149 614 2186 πράγματα.
643 2151 796 2184 Συναγαγὼν
819 2146 863 2174 οὖν

57 2197 116 2226 τοὺς
147 2195 230 2221 αὐτοῦ
263 2193 383 2231 ἐπειρᾶτο
416 2194 524 2226 τούτων,
558 2194 607 2219 εἴτε
635 2194 706 2229 αὐτῷ
735 2195 863 2230 προσανέ-

57 2249 151 2276 χοντες
177 2238 207 2264 ἂν
237 2239 284 2265 εἷεν
312 2239 363 2264 εἴτε
390 2241 426 2273 τῷ
452 2238 567 2274 πενθερῷ
587 2237 666 2263 αὐτοῦ
691 2241 728 2272 τῷ
759 2237 865 2274 βασιλεῖ

917 2148 948 2176 in
965 2156 1092 2176 suamne
1109 2156 1148 2176 an
1163 2148 1193 2176 in
1208 2148 1301 2176 soceri
1316 2149 1505 2185 imperatoris
1517 2149 1611 2178 Alexii
1625 2151 1743 2186 partem

920 2193 1028 2222 abituri
1039 2193 1214 2222 essent?llli
1222 2200 1395 2222 omnesuno
1406 2202 1457 2222 ore
1476 2194 1567 2223 veluti
1589 2196 1744 2223 extessera

919 2237 1093 2273 inclamare,
1102 2240 1154 2267 aut
1165 2246 1226 2266 una
1243 2246 1313 2266 cum
1325 2246 1360 2266 eo
1384 2247 1416 2267 se
1423 2239 1523 2267 vivere
1534 2241 1586 2268 aut
1596 2247 1658 2268 una
1667 2238 1746 2268 mori

93 2290 117 2308 ⁴⁰
134 2289 219 2326 φυγὰς
232 2304 266 2308 -——
279 2287 372 2322 υἱσθ.]
389 2287 414 2318 ἐς
430 2287 612 2326 Ἀλέξιοκῇκε
638 2291 728 2314 τοῦτον
755 2289 799 2326 καὶ
820 2297 862 2324 παλ

958 2289 1083 2326 οῡηυὶοθ.
1107 2288 1139 2314 D.
1169 2288 1191 2306 “
1209 2285 1361 2326 ’ἀποδράντα
1377 2293 1438 2326 Ατῆς
1463 2291 1657 2316 Κωνοταντίνου
1682 2296 1745 2318 om.

60 2327 90 2354 D.
108 2321 411 2361 ⁸²”ενῖστενοχωρηοέντι
423 2331 484 2351 om.
499 2324 531 2351 Ι).
547 2323 571 2340 ¹’³
584 2325 676 2349 καὶ-
691 2321 862 2359 σπεισάμενος

955 2327 972 2351 ι.
988 2324 1012 2341 ⁸⁸
1026 2325 1091 2360 πρὸς
1105 2339 1141 2344 --
1151 2321 1293 2362 Θεόδωρον
1301 2331 1362 2352 om.
1376 2324 1408 2352 D.

439 2381 442 2385 '
486 2371 658 2405 Theodori
683 2373 808 2406 Dousae
833 2377 867 2406 et
890 2372 1014 2407 Leonis
1037 2372 1156 2406 Allalii
1180 2377 1281 2407 notae.

60 2432 168 2461 cedere
175 2431 306 2465 cogitur;
319 2432 347 2458 et
357 2430 422 2458 aliis
429 2430 519 2458 etiam
528 2429 666 2458 cladibus
673 2431 785 2458 fractus
796 2438 866 2458 cum

59 2471 156 2503 ArgOS
167 2470 197 2496 et
209 2467 336 2494 ﬁnitima
345 2466 457 2503 oppida
469 2468 614 2503 occupata
622 2474 692 2503 esse
706 2469 867 2503 cernereta

61 2501 249 2537 marcbione,
265 2502 294 2530 in
312 2501 524 2530 Acrocorintho
540 2501 628 2529 veluti
642 2502 673 2529 in
689 2504 774 2530 antro
794 2504 822 2530 et
836 2501 867 2529 in

61 2539 210 2576 spelunca
226 2537 366 2576 seabdit,
381 2538 418 2576 _in_
437 2537 534 2565 arduo
554 2539 655 2565 monte
663 2537 725 2576 _silo
748 2546 783 2566 ac
797 2537 867 2576 _fere

61 2573 307 2611 inexpugnabili,»
318 2574 363 2600 vir
376 2573 566 2611 inhumanus
586 2581 622 2601 ac
642 2573 759 2607 efferus,
771 2573 869 2611 _cladi-

62 2611 120 2638 bus
136 2609 275 2646 ’urbium,
301 2609 458 2637 hominum
483 2609 616 2646 caedibus
637 2611 665 2637 et
687 2609 868 2646 populorum

61 2645 285 2682 direptionibus
304 2652 494 2682 summopere
510 2645 656 2682 gaudens,
678 2646 729 2681 qui
749 2653 868 2682 necpa-

62 2680 205 2710 trim’suae
216 2680 340 2716 Nauplio
351 2681 492 2716 pepercit,
503 2684 532 2708 et
541 2680 697 2709 Nicolaum
706 2680 866 2709 Corinthio.

63 2717 338 2752 archiepiscopum,
367 2724 436 2752 cum
478 2724 539 2751 quo
567 2716 774 2744 reconciliatus
809 2717 869 2744 fue-

64 2756 121 2791 rat,
138 2751 216 2780 inter
241 2751 347 2791 epulas
369 2751 468 2791 etfosis
488 2752 582 2780 oculis
595 2752 737 2788 primum,
763 2755 869 2788 postea

65 2789 102 2817 de
118 2796 194 2824 rupe
213 2787 416 2824 praecipitavit.

321 2833 443 2861 PATROL.
465 2833 515 2861 Gn.
537 2833 608 2861 CXL.

954 2430 1012 2470 (62)
1031 2431 1157 2470 Ἠν-γὰρ
1185 2429 1266 2470 ουτ-σς-
1281 2433 1340 2458 τότε
1358 2433 1546 2470 μέρους-’ςινὸς
1559 2435 1608 2463 τῆς
1619 2431 1745 2470 παλαιᾶς.

921 2466 1062 2501 Blondus,
1078 2467 1120 2494 De
1134 2466 1223 2502 gestis
1241 2466 1427 2501 Venetoi'u'm,
1443 2467 1566 2496 ridicule
1580 2467 1651 2495 satis
1663 2468 1747 2502 pario

922 2502 1139 2540 lerGo/fredu;
1162 2503 1200 2540 de
1226 2503 1316 2540 γειιαὶ
1342 2503 1486 2540 Gallicus,
1503 2504 1600 2540 quiin
1624 2503 1747 2531 Achaia

919 2539 1096 2573 principatu
1113 2538 1267 2567 Dominico
1296 2538 1332 2566 de
1358 2539 1389 2567 la
1408 2541 1488 2568 Dosa
1505 2538 1695 2573 Successerat,
1718 2540 1747 2566 et

921 2574 1052 2603 Michael
1068 2575 1232 2602 Comnenos
1246 2575 1366 2602 Gracus
1398 2575 1505 2604 nobilis
1528 2584 1596 2604 cum
1624 2575 1748 2608 Pelopo-

922 2618 1001 2642 neso,
1017 2617 1099 2638 nunc
1118 2610 1222 2638 Morea
1233 2610 1325 2644 dicta,
1340 2617 1395 2645 per
1404 2611 1545 2645 fraudem
1563 2612 1677 2640 Veneta
1689 2609 1745 2638 rei-

921 2646 1049 2681 publicae
1061 2646 1317 2681 obedienlz‘amque
1328 2646 1562 2680 spoponderunt.
1577 2649 1650 2675 ALL.

958 2682 1016 2716 (63)
1031 2683 1185 2718 Ἱαθαῖίνην.
1199 2681 1414 2716 Gregoras,lib.
1430 2690 1452 2709 ι.
1467 2689 1496 2718 p.
1514 2685 1556 2710 l7.
1571 2686 1638 2710 ALL.

959 2717 1015 2754 (64)
1030 2717 1160 2754 [Ipsa-Stier
1172 2719 1234 2754 πρὸς
1246 2720 1292 2744 τοῦ
1304 2717 1425 2745 σουλτάν.
1441 2718 1585 2753 Gregoras
1609 2727 1646 2747 ex
1658 2719 1748 2747 Acro-

924 2752 1026 2789 polita,
1044 2752 1098 2780 sua
1113 2752 1229 2786 habuit,
1249 2761 1278 2789 p.
1301 2756 1344 2781 17.
1364 2756 1431 2782 ALL.

961 2789 1014 2824 (65)
1026 2789 1189 2825 Ἐταράχθηι
1206 2790 1361 2825 Gregoras,
1377 2797 1407 2826 p.
1425 2792 1467 2818 l7.
1483 2791 1550 2818 ALL.

1520 2835 1557 2863 32
