1970 3082
223 152 291 179 1007

861 140 1002 169 GEORGII
1017 138 1249 166 ACROPOLITIE

1834 137 1906 164 1008

217 215 329 242 tanam.
342 217 437 239 uxore
451 208 619 240 demortua,
631 212 725 242 quam
736 211 827 240 supra
837 203 977 231 diximus.
990 202 1046 228 Un-
1062 200 1085 227 Α
1104 201 1267 238 κατάρχοντο

1121 201 1292 238 ατάρχοντος,
1309 203 1352 226 καὶ
1373 205 1420 231 τῆς
1439 205 1555 237 γαμετῆς
1581 201 1711 230 θανούσης
1729 199 1822 232 αὐτοῦ,
1844 198 1908 232 irini.

221 264 327 294 geram
344 256 533 290 Ungarorum
544 250 687 288 principis
700 249 792 277 ﬁliam
813 255 938 276 uxorem
953 245 1047 274 duxit.

220 289 295 330 Eum
312 289 474 336 appararet
486 295 608 332 nuptias
623 301 736 330 easque
752 292 862 328 regias,
884 289 1049 326 magniﬁcis

220 334 343 383 quoque
355 334 531 379 sumptibus
543 341 685 370 decorare
695 338 835 367 decrevit.
851 337 923 365 Hinc
941 344 977 364 ex
986 334 1050 363 uni-

221 381 310 420 versa.
319 391 524 418 Romanorum
538 385 649 413 ditione
664 383 805 421 pecudes,
820 390 888 410 sues
902 389 937 409 ac
957 381 1050 408 boves

224 433 498 471 congregabantur.
514 430 572 459 Sed
586 437 656 457 cum
669 428 780 457 harum
800 435 901 456 rerum
915 424 1052 461 Bulgaria

226 479 364 510 omnium
378 475 564 506 feracissima
584 474 632 508 sit,
654 473 786 510 plurima
811 479 933 508 quoque
955 470 994 498 ab
1017 476 1053 497 ea

227 523 477 562 deposcebantur.
493 519 612 556 Bulgari
635 520 665 547 et
683 519 771 546 antea
794 516 917 554 quidem
940 511 1054 544 inimici

227 560 382 603 Romanis,
397 567 514 602 illisque
529 564 693 593 multorum
719 562 878 595 bellorum,
903 560 1055 597 captivita-

228 617 304 648 tum,
320 612 504 642 excidiorum
518 609 639 638 urbium
655 610 683 637 et
695 607 823 636 aliorum
847 607 1056 634 sexcentorum

228 658 460 688 infortuniorum
473 663 524 692 per
534 662 631 683 annos
647 653 748 690 plures
760 659 862 686 causa,
878 651 1000 679 tandem
1019 649 1058 678 ab

227 705 409 741 imperatore
415 701 533 736 Basilio,
543 707 634 736 quem
640 706 702 727 non
711 697 802 726 aliam
809 697 849 725 ob
858 704 982 724 causam
993 695 1058 723 Bul-

228 751 422 786 garoctonum
439 746 547 774 dictum
558 745 635 773 fama
649 745 737 779 atque
749 743 803 777 21
818 741 968 770 auditione
979 748 1061 768 acce.

227 794 340 832 pimus,
355 791 495 820 debellati
507 789 548 819 ad
559 787 749 825 imperatoris
765 794 862 823 usque
872 786 973 814 lsaacii
983 787 1061 813 tem-

227 830 304 875 pora
315 836 459 866 Romanis
474 835 585 863 tributa
597 832 782 870 pendebant.
798 833 871 859 Tum
884 830 924 859 ob
939 838 975 859 ea
992 837 1060 866 quae

1102 255 1160 281 γετο
1188 245 1221 275 εἰς
1260 249 1373 281 γυναῖκα
1398 249 1444 275 τὴν
1467 245 1497 275 ἣν
1520 247 1694 282 προειρήκειν,
1721 244 1747 275 ἐξ
1773 243 1909 278 ΟὑγΊρίας

1103 290 1266 327 ὡρμημένην,
1297 292 1426 328 θυγατέρα
1453 288 1533 316 οὖσαν
1557 294 1603 316 τοῦ
1628 294 1678 315 τῶν
1709 289 1837 325 Οὗγγρων
1862 287 1910 323 ἀρ-

1103 344 1208 371 χοντος.
1221 334 1289 361 Ἐπεὶ
1312 333 1342 361 δὲ
1370 335 1454 371 ἔμελλε
1473 337 1516 361 τὸν
1540 336 1623 371 γάμον
1651 337 1733 360 ποιεῖν
1757 335 1804 359 καὶ
1824 332 1910 367 ὑπῆρ-

1104 389 1155 416 χον
1170 380 1245 411 οὗτος
1274 379 1424 416 βασιλικὸς,
1448 379 1572 415 ἀξιόλογα
1591 377 1645 405 ἔδει
1670 378 1789 414 γενέσθαι
1818 377 1911 402 τούτου

1105 425 1138 450 τὰ
1167 424 1331 461 ἀναλώματα.
1364 424 1493 451 Ἐντεῦθεν
1521 424 1548 456 ἐξ
1574 424 1680 454 ἁπάσης
1709 426 1754 453 τῆς
1775 422 1912 457 Ῥωμαίων

1107 468 1238 507 ἐπαρχίας
1252 469 1372 506 πρόϐατά
1383 479 1409 496 τε
1424 472 1468 495 καὶ
1484 472 1575 506 χοῖροι
1599 471 1643 495 καὶ
1668 467 1725 504 βόες
1755 468 1912 502 συνήγοντΨ

1106 517 1177 541 Ἐπεὶ
1193 513 1222 540 δὲ
1233 514 1312 541 πλείω
1335 518 1384 540 τῶν
1408 513 1488 540 ἄλλων
1506 515 1521 542 ἡ
1539 513 1690 549 Βουλγάρων
1714 513 1800 549 τρέφει
1817 514 1915 544 ταῦτα⁹

1109 562 1153 586 καὶ
1176 559 1254 586 πλείω
1278 561 1350 596 παρὰ
1379 561 1475 590 ταύτης
1501 557 1658 595 ἀπῃτοῦντο.
1682 558 1716 583 Τὸ
1745 554 1775 582 δὲ
1797 555 1914 590 Βουλγά-

1110 615 1160 643 ρων
1185 604 1260 641 φῦλον
1284 604 1341 641 (80)
1368 601 1511 630 ἔκσπονδον
1539 605 1583 639 μὲν
1607 604 1640 628 τὰ
1658 605 1749 638 πρῶτα
1774 600 1915 636 Ῥωμαίοις

1111 649 1198 676 τελοῦν
1222 651 1266 675 καὶ
1301 648 1415 685 πολέμων
1445 648 1543 674 πολλῶν
1567 646 1687 684 πρόξενον
1722 645 1831 682 γεγονὸς
1871 643 1916 669 αὖ·

1113 698 1168 725 τοῖς
1192 692 1414 731 ἀνδραποδισμῶν
1443 703 1470 719 τε
1499 694 1543 719 καὶ
1570 692 1688 718 ἁλώσεων
1726 690 1784 725 (81)
1818 688 1915 715 πόλεων

1114 742 1158 766 καὶ
1171 741 1269 776 μυρίων
1289 738 1370 764 ἄλλων
1389 736 1490 773 δεινῶν,
1504 739 1548 763 καὶ
1576 740 1658 763 ταῦτα
1681 737 1704 762 ἐν
1731 734 1836 763 πολλοῖς
1861 736 1917 763 τοῖς

1114 785 1204 817 ἔτεσιν,
1234 783 1337 810 ὕστατα
1370 784 1442 820 παρὰ
1461 786 1506 808 τοῦ
1533 781 1662 819 βασιλέως
1691 779 1827 806 Βασιλείον
1857 776 1916 813 (32)

1115 832 1262 866 χειροῦται,
1292 828 1318 854 ὂν
1345 826 1392 854 διὰ
1430 831 1513 853 ταῦτα
1545 825 1766 863 Βουλγαροκτόνον
1797 823 1813 851 ἠ
1840 823 1914 858 φήμη

229 867 467 912 memoravimus
479 867 673 909 rebellionem
682 876 855 911 moliantur,
869 877 898 904 et
911 875 950 903 ab
961 877 1059 903 Asano
1076 878 1098 907 Β
1115 872 1226 900 ἐκάλεσε.
1252 877 1269 900 Ν

1120 872 1226 900 ἐκάλεσε.
1252 875 1340 909 Μέχρι
1354 876 1416 908 γοῦν
1436 875 1481 898 τοῦ
1507 870 1633 908 βασιλέως
1662 869 1795 896 Ἰσαακίου
1820 867 1918 902 ὑποφο-

231 926 334 956 nescio
344 934 405 963 quo
417 932 540 954 suasore
550 926 639 960 atque
649 922 824 959 impulsore,
838 919 980 949 omnibus
991 927 1059 956 quae

232 973 311 1002 intra
325 973 462 1000 Haemum
476 970 516 998 ad
531 969 662 997 Histrum
677 975 774 1003 usque
787 967 948 994 excurrunt
964 964 995 992 in
1008 972 1059 1000 po-

232 1018 371 1047 testatem
384 1014 522 1050 redactis,
536 1013 618 1048 regio
630 1014 804 1048 occupatur.
816 1011 855 1039 Eo
868 1017 915 1037 res
926 1010 1059 1037 Romana

235 1070 331 1100 quam
344 1061 477 1090 maxime
491 1058 602 1088 afﬂicta
616 1059 680 1086 est:
699 1055 815 1091 Bulgari
834 1061 966 1090 namque
990 1061 1060 1080 cum

235 1097 353 1146 écythaa
374 1108 495 1135 mutuas
518 1110 625 1140 operas
655 1100 858 1134 tradidissent,
874 1098 960 1127 multi
972 1097 1060 1126 malis

236 1144 388 1184 Romanos
393 1151 549 1179 vexarunt.
556 1149 714 1184 Propterea
719 1146 726 1174 i
731 1145 893 1180 ndignatus
900 1144 1061 1180 imperator

236 1198 367 1228 lsaacius
373 1195 403 1224 in
409 1202 504 1223 unum
513 1192 641 1221 collectis
649 1190 743 1227 copiis
752 1190 896 1218 adversus
907 1197 958 1217 eos
966 1188 1061 1216 aciem

236 1243 329 1277 ducit,
344 1243 373 1269 et
395 1238 546 1268 maritima
571 1238 800 1273 praetergressus
820 1236 910 1270 atque
929 1241 983 1269 per
1009 1234 1062 1261 Me-

236 1286 402 1317 sembriam
408 1280 734 1312 civitatemiterfaciens
746 1281 880 1308 {tremum
888 1278 1060 1313 ingreditur.

234 1335 352 1362 Asanus
369 1337 438 1357 cum
453 1327 584 1356 exercitu
593 1326 624 1354 in
639 1324 783 1362 oppidulo
798 1324 845 1352 cui
865 1331 976 1351 nomen
997 1322 1064 1350 Stri-

236 1377 318 1407 nabo
339 1375 517 1404 immoratur
532 1381 540 1407 ;
554 1374 583 1400 et
605 1371 767 1407 imperator
790 1369 910 1397 Alexius
932 1367 1065 1396 tentoriis

239 1422 307 1451 ﬁxis
322 1419 464 1456 Bulgaros
479 1416 608 1446 obsidet.
627 1415 685 1444 Sed
699 1414 738 1443 ab
749 1414 806 1442 illis
821 1413 959 1442 eluditur.
985 1414 1066 1456 Unus

239 1466 320 1495 enim
346 1455 386 1493 exi
415 1463 472 1492 illis
500 1461 687 1496 transfugam
721 1458 866 1488 simulans
893 1455 1068 1493 imperatori

240 1510 420 1547 Scytharum
434 1506 628 1543 irruptionem
643 1504 808 1533 denuntiat.
824 1504 989 1539 imperator
999 1510 1069 1530 con-

1114 920 1199 954 ροντό
1227 919 1297 954 γένος
1316 917 1394 943 ἐτέλει
1419 915 1565 953 Ῥωμαίοις,
1593 913 1640 941 διὰ
1664 912 1694 940 δὲ
1718 915 1764 942 τὴν
1791 912 1917 939 τοιαύτην

1112 965 1243 1001 πρόφασιν
1271 961 1438 999 μεμελέτηκεν
1461 960 1613 998 ἁνταρσὶαν,
1640 961 1684 985 καὶ
1711 957 1851 984 ἀνίσταταί
1881 964 1919 985 τις

1112 1009 1193 1034 Ἀσάν
1207 1008 1265 1043 (83)
1280 1008 1394 1043 τοῦνομα
1405 1008 1449 1032 καὶ
1468 1005 1600 1042 βασιλεύει
1624 1008 1670 1035 τῆς
1694 1005 1796 1040 χώρας,
1812 1001 1919 1027 ἅπαντα

1112 1055 1145 1080 τὰ
1159 1052 1228 1084 ἐντὸς
1256 1056 1301 1078 τοῦ
1317 1052 1400 1088 Αἵμου
1428 1053 1510 1088 μέχρι
1535 1052 1580 1076 καὶ
1606 1053 1652 1076 τοῦ
1666 1047 1773 1086 Ἴστρον
1789 1047 1832 1082 ὑφ’
1862 1045 1919 1072 ἐαυ-

1113 1100 1155 1124 τὸν
1181 1108 1214 1124 πο
1219 1107 1242 1126 ιη
1248 1098 1366 1133 σάμενος.

1112 1145 1246 1178 ’Ῥωμαίοις
1277 1141 1366 1173 ξυνέϐη
1400 1151 1405 1157 -
1435 1142 1539 1176 ἔχοντες
1568 1140 1618 1175 γὰρ
1648 1139 1673 1164 οἱ
1704 1136 1848 1172 Βούλγαροι
1890 1136 1919 1160 τὸ

1115 1188 1239 1214 Σκυθικὸν
1276 1188 1418 1223 σύμμαχον
1446 1184 1527 1211 πολλὰ
1571 1183 1672 1209 ἐποίουν
1714 1185 1744 1218 τῇ

1406 1097 1451 1123 Ἐκ
1473 1097 1567 1121 τοὺτου
1593 1094 1639 1120 οὐκ
1673 1093 1748 1128 ὀλίγα
1773 1092 1921 1128 πράγματα

1785 1180 1920 1216 Ῥωμαίων

1117 1232 1199 1260 δεινά.
1213 1235 1254 1268 Τῷ
1270 1242 1310 1258 τοι
1324 1233 1369 1257 καὶ
1388 1231 1401 1257 ὁ
1415 1230 1540 1267 βασιλεὺς
1562 1228 1746 1265 ἀγανακτήσας
1772 1226 1920 1258 Ἰσαάκιος,

1116 1280 1146 1304 τὸ
1180 1281 1230 1304 τῶν
1263 1277 1394 1313 Ῥωμαίων
1435 1276 1503 1301 ἅπαν
1544 1275 1698 1310 συναγαγὼν
1727 1272 1763 1303 εἰς
1786 1271 1812 1297 ἓν
1842 1269 1923 1307 στρά-

1118 1333 1210 1360 τευμα,
1226 1321 1283 1348 κατ’
1298 1321 1381 1347 αὐτῶν
1412 1322 1516 1358 ἐχώρει.
1544 1321 1597 1348 Τὴν
1626 1322 1687 1354 γοῦν
1716 1315 1844 1354 παράλιον
1874 1324 1923 1340 πα-

1119 1357 1180 1405 ριῶν
1209 1369 1253 1392 καὶ
1283 1364 1329 1392 διὰ
1366 1369 1411 1395 τῆς
1443 1357 1615 1400 Μεσημϐρίας
1643 1362 1737 1392 πόλεως
1765 1363 1813 1390 τὴν
1829 1357 1922 1386 δίοδον

1120 1412 1295 1448 ποιησάμενος
1322 1412 1372 1437 ἔσω
1401 1413 1447 1436 τοῦ
1479 1410 1562 1445 Αἴμου
1590 1410 1700 1444 γίνεται.
1727 1406 1757 1432 Ὀ
1783 1404 1813 1432 δὲ
1839 1405 1922 1430 Ἀσαν

1121 1458 1187 1494 μετὰ
1201 1460 1246 1483 τοῦ
1268 1455 1311 1482 ὑπ’
1327 1454 1405 1481 αὑτὸν
1424 1454 1614 1492 στρατεύματος
1630 1452 1697 1483 me;
1720 1454 1766 1477 τοῦ
1781 1449 1923 1485 πολιχνίου

1123 1502 1152 1528 οὖ
1165 1499 1198 1530 δὴ
1213 1503 1242 1527 τὸ
1271 1502 1351 1536 ὄνομα
1378 1498 1513 1537 Στρίναϐος
1541 1498 1699 1534 εἰσέρχεται,
1719 1496 1780 1522 ἔνθα
1809 1496 1855 1520 καὶ
1881 1494 1925 1523 τὰς

241 1538 380 1585 turbatus
392 1538 508 1587 nuntio,
521 1551 589 1579 licet
601 1549 648 1578 die
662 1549 795 1586 sequenti
805 1538 984 1584 oppidulum
1000 1547 1068 1575 sub-
1085 1562 1106 1592 ρ
1125 1547 1219 1575 σκηνὰς
1242 1555 1269 1571 πι

1125 1547 1219 1575 σκηνὰς
1242 1545 1416 1580 ποιησάμενος
1435 1545 1447 1570 ὁ
1474 1542 1597 1579 βασιλεύς
1620 1541 1750 1571 Ἰσαάκιος
1763 1541 1827 1570 τοὺς
1848 1538 1925 1565 Βουλ-

243 1601 364 1628 acturus
376 1598 463 1630 esset,
478 1595 546 1624 loco
569 1593 656 1627 cedit,
679 1601 734 1621 nec
758 1599 825 1620 eam
847 1599 940 1628 quam
964 1592 1070 1620 inierat

240 1644 318 1673 redit
327 1643 417 1674 viam,
441 1640 495 1669 sed
504 1639 629 1667 delusus
643 1646 662 1666 a
676 1637 803 1672 Bulgaro
829 1636 999 1665 breviorem
1013 1645 1069 1665 nec

242 1686 432 1717 inconsultus
453 1683 636 1720 aggreditur.
656 1681 896 1717 Progredientem
922 1681 1022 1718 itaque
1042 1681 1070 1710 et

239 1732 272 1762 in
286 1732 417 1767 angusta
431 1729 537 1758 semita
557 1728 745 1756 laborantem
761 1725 877 1761 Bulgari
892 1726 1069 1761 aggrediun-

239 1779 298 1812 tur,
313 1775 435 1804 militem
446 1773 585 1807 fundunt,
600 1772 840 1808 apparatumque
853 1778 976 1798 omnem
988 1771 1071 1798 belli-

240 1829 311 1850 cum
326 1819 548 1856 depraedantur,
559 1817 657 1853 ipsam
669 1815 760 1844 etiam
777 1815 965 1851 imperatoris
975 1815 1072 1852 supel-

240 1865 367 1895 lectilem
373 1864 529 1900 diripiunt.
540 1863 581 1890 Ex
589 1859 732 1889 Romanis
740 1859 842 1896 plures
855 1860 1012 1893 caesisunt;
1021 1862 1073 1896 qui

242 1910 493 1946 cumimperatore
505 1907 665 1935 evaserant
676 1905 732 1940 22
741 1905 831 1940 pauci
841 1905 1000 1933 admodum
1011 1905 1073 1933 fue-

243 1964 276 1986 re
292 1958 321 1984 et
332 1963 455 1992 prorsus
470 1952 555 1981 nudi.
572 1951 632 1979 Hac
646 1949 776 1984 victoria,
792 1950 894 1986 praeda
910 1949 1071 1986 spoliisque

244 2003 450 2030 Romanorum
469 1995 588 2032 Bulgari
614 1994 703 2023 nimis
716 1996 744 2022 et
766 1994 927 2023 insolenter
954 1994 1072 2023 animos

246 2041 565 2078 sublevaruntzquippe
571 2048 607 2068 ex
614 2039 686 2076 ipsis
695 2039 892 2076 imperatoriis
903 2039 1072 2074 insignibus

247 2089 423 2128 pretiosiora
433 2085 664 2122 conquisierant,
676 2086 704 2113 et
714 2087 820 2121 praeter
832 2092 868 2112 ea
878 2084 976 2118 regias
984 2092 1073 2120 pyra~

248 2135 359 2169 midas,
369 2131 487 2170 phialas
502 2129 641 2163 celebres,
657 2129 793 2166 pecuniae
805 2129 865 2156 vim
878 2129 1070 2164 immensam,

1122 1592 1220 1627 γάρους
1243 1589 1395 1627 ἐπολιόρκει.
1435 1590 1697 1624 Καταστρατηγεῖτοιι
1728 1583 1757 1612 δὲ
1785 1584 1848 1622 παρ’
1880 1583 1925 1608 ωὖ-

1124 1640 1192 1662 τῶν-
1219 1640 1268 1661 τῶν
1297 1644 1337 1665 τις
1362 1633 1513 1670 Βουλγάρων
1537 1633 1588 1670 γάρ
1621 1634 1783 1670 προσωπεῖον
1814 1625 1927 1657 ὑπενδὺς

1125 1678 1242 1716 φυγάδος
1277 1679 1421 1715 ἀφικνεῖται
1454 1679 1526 1715 παρὰ
1553 1679 1598 1704 τὸν
1628 1676 1738 1713 βασιλέα
1762 1677 1809 1701 καὶ
1834 1675 1926 1711 μηνύει

1125 1725 1193 1760 αὐτῷ
1208 1725 1310 1751 Σκυθῶν
1322 1722 1424 1760 ἔφοδον,
1454 1724 1467 1749 ὁ
1491 1721 1521 1749 δὲ
1548 1721 1673 1759 βασιλεὺς
1698 1725 1733 1756 τῷ
1760 1719 1831 1755 λόγῳ
1850 1719 1927 1755 Oport-

1127 1771 1186 1802 θεὶς,
1211 1771 1256 1795 καὶ
1281 1772 1365 1795 ταῦτα
1387 1770 1434 1798 τὴν
1461 1767 1584 1794 ἐπιοῦσαν
1608 1767 1637 1793 τὸ
1663 1765 1799 1801 πολίχνιον
1829 1765 1928 1800 χειρώ-

1128 1815 1226 1840 σασθαι
1253 1813 1359 1850 μελλων,
1376 1812 1551 1839 ἀπανίσταται
1577 1815 1622 1838 τοῦ
1651 1812 1744 1837 τόπου.
1777 1808 1836 1835 Οὐκ
1861 1807 1930 1839 ἐξῆλ-

1130 1859 1168 1885 θεν
1193 1856 1236 1884 οὖν
1260 1860 1307 1887 τὴν
1322 1858 1352 1887 ἣν
1374 1857 1480 1887 ἐπῆλθεν
1509 1855 1581 1892 ὁδὸν,
1607 1855 1659 1882 ἀλλ’
1683 1854 1855 1886 ἐξαπατηθεὶς
1881 1854 1929 1879 ὑπὸ

1127 1907 1172 1930 τοῦ
1188 1903 1335 1940 Βουλγάρου
1351 1905 1398 1932 τὴν
1414 1904 1561 1938 ταχυτέραν
1585 1902 1659 1938 τάχα
1685 1898 1810 1931 διεξιέναι
1840 1898 1931 1935 βεϐού-

1126 1948 1223 1977 λευται.
1263 1949 1493 1984 Ἐπεισγίπτουσιν
1529 1944 1573 1973 οὖν
1613 1945 1681 1981 αὐτῷ
1715 1943 1884 1982 διερχομένῳ
1910 1944 1931 1969 οἱ

1127 1993 1269 2029 Βούλγαροι
1306 1992 1348 2019 ἐπί
1378 2002 1430 2018 τινι
1460 1995 1580 2026 στενωπῷ
1610 1991 1746 2027 γενομένῳ,
1775 1991 1822 2015 καὶ
1851 1998 1933 2015 κατα-

1126 2038 1219 2065 λύουσι
1231 2040 1259 2064 τὸ
1285 2038 1328 2064 ὑπ’
1352 2037 1429 2064 αὐτὸν
1444 2037 1512 2063 ἅπαν
1527 2037 1686 2073 στράτευμα,
1701 2037 1746 2061 καὶ
1772 2033 1933 2061 σκυλεύουσι

1126 2087 1213 2110 πᾶσαν
1240 2085 1287 2112 τὴν
1317 2087 1364 2113 τῆς
1396 2085 1522 2119 στρατιᾶς
1545 2081 1704 2114 ἀποσκευὴν,
1733 2079 1799 2105 ἀλλὰ
1825 2078 1861 2108 δὴ
1890 2081 1933 2105 καὶ

1125 2130 1172 2158 τὴν
1198 2132 1244 2154 τοῦ
1279 2127 1408 2165 βασιλέως
1433 2126 1523 2161 αὐτοῦ,
1551 2129 1683 2153 Πίπτουσι
1710 2123 1739 2151 δὲ
1766 2123 1862 2150 πολλοὶ
1884 2127 1933 2150 τῶν

248 2181 348 2218 ipsam
355 2169 445 2207 etiam
452 2175 673 2213 imperatoriam
682 2181 812 2209 crucem,
822 2182 916 2210 quam
931 2173 1072 2202 sacerdos
1086 2174 1110 2204 Β
1124 2175 1265 2210 Ῥωμαίων.

1124 2175 1265 2210 Ῥωμαίων.
1302 2174 1334 2199 Οἱ
1360 2171 1389 2199 δὲ
1422 2171 1593 2203 διασωθέντες
1629 2171 1695 2208 μετὰ
1726 2173 1772 2196 τοῦ
1803 2169 1934 2206 βασιλεως

678 2262 849 2298 Theodori
872 2264 997 2298 Dousa:
1023 2268 1055 2298 et
1078 2263 1203 2298 Leonis
1227 2262 1345 2297 Allatii
1369 2266 1470 2297 notas.

243 2357 370 2389 vocibus
385 2356 570 2386 clamitarent
578 2356 643 2391 jam
654 2354 747 2382 armis
759 2354 913 2391 Romanos
927 2354 1073 2391 invaden-

244 2395 311 2430 dos,
331 2396 432 2430 captos
447 2401 553 2430 omnes
569 2390 609 2419 ad
623 2398 718 2430 unum
728 2390 922 2430 inclementer
937 2390 1073 2430 occiden-

244 2426 314 2464 dos',
323 2426 398 2467 pace
408 2431 437 2458 et
448 2429 543 2466 pretio
554 2426 730 2467 repudiatis.
743 2427 794 2467 llis
805 2429 868 2467 tota
882 2434 958 2467 gens
972 2426 1072 2454 conci-

243 2462 359 2496 tata'éd
374 2462 459 2494 arma
469 2462 609 2502 cucurrit,
625 2463 653 2502 et
663 2469 697 2489 ex
709 2462 791 2502 initio
802 2462 986 2502 defectionis,
1003 2470 1071 2498 qua:

243 2502 400 2539 auspicata
412 2502 540 2539 fuerunt,
550 2498 659 2539 animis
674 2498 794 2533 magnis
808 2497 1070 2533 constabiliuntur,

243 2534 336 2568 Deum
347 2535 476 2566 libertati
492 2543 555 2562 suus
573 2534 681 2562 favere.
701 2537 767 2562 ALL.

277 2576 334 2611 (80)
361 2574 396 2600 Τὸ
426 2570 455 2598 δὲ
485 2570 636 2607 Βουλγάρων
661 2569 748 2607 φῦλον.
775 2571 930 2604 Gregoras,
961 2569 1014 2597 lib.
1042 2578 1068 2604 ll,

266 2633 273 2640 .
289 2613 334 2639 26.
348 2612 415 2637 ALL.

242 2619 273 2648 Ρ.
289 2619 334 2639 Ζῧ.
348 2619 415 2637 ALL-

278 2646 336 2682 (81)
378 2641 617 2682 ἶΑνὸρᾳποεδισμών
647 2651 686 2682 ’τε
735 2643 780 2666 καὶ
829 2640 958 2682 ξιλώςιέῳτ
984 2641 1070 2682 ‘Quze

240 2676 453 2715 mala'Bulgar'i
462 2679 492 2707 in
500 2676 620 2715 Gnaeos
627 2680 769 2715 eteorum
776 2676 912 2715 regiones
920 2677 1070 2715 intulerint

238 2717 328 2746 variis
339 2711 577 2752 excursionibus,
595 2713 668 2752 aliis_
689 2715 786 2752 atque
797 2711 862 2752 aliis
886 2712 1024 2745 ducibus,
1042 2715 1070 2741 et

239 2760 344 2781 eorum
358 2751 500 2785 historiae,
512 2751 608 2778 donec
625 2757 642 2776 a
653 2748 759 2785 Basilio
771 2748 987 2785 Bulgaroctono
1008 2751 1069 2785 tan-

238 2789 308 2816 dem
319 2787 377 2816 fusi
394 2795 428 2816 ac
446 2783 584 2815 debellati
598 2787 674 2819 sunt,
700 2783 779 2812 unde
794 2784 836 2812 illi
860 2792 972 2812 nomen
1003 2784 1068 2812 Bul-

237 2825 403 2860 garoctono
415 2822 480 2851 fuit.
501 2824 570 2850 ALL.

1164 2354 1217 2389 (82)
1241 2355 1281 2382 De
1298 2353 1405 2382 Basilio
1433 2352 1650 2389 Bulgaroctono
1664 2351 1782 2389 praeter_
1793 2352 1932 2389 nostrum

1128 2386 1331 2426 Acropolitam
1343 2389 1404 2424 agit
1413 2386 1570 2423 Gregoras,
1581 2387 1658 2426 libro
1671 2386 1808 2426 secundo
1820 2394 1828 2419 ;
1840 2387 1931 2426 zona:

1127 2434 1186 2458 ras,
1199 2421 1498 2460 Cedrenusjoannes
1507 2426 1619 2452 Tzetzes
1637 2423 1666 2450 in
1679 2421 1796 2460 Chiliad
1806 2430 1813 2455 ;
1825 2421 1930 2458 reliqui

1127 2461 1187 2489 fere
1203 2469 1309 2489 omnes
1332 2457 1464 2489 historici
1483 2459 1583 2489 Graeci.
1603 2460 1642 2487 De
1661 2458 1731 2494 ejus
1741 2457 1931 2486 cadavere’et

1127 2497 1279 2533 sepultura
1304 2497 1445 2533 Georgius
1472 2493 1683 2533 Pachymeres,
1703 2493 1759 2533 lib.
1774 2503 1791 2527 ι,
1810 2502 1849 2533 p.
1873 2495 1927 2533 l2}.

1126 2529 1216 2561 Porro
1230 2533 1373 2561 Basilium
1382 2529 1413 2560 in
1428 2531 1534 2560 eodem
1551 2529 1661 2566 templo
1676 2529 1928 2566 sepultum_tradit

1127 2569 1281 2604 Cedrenus
1291 2571 1419 2604 ζΤαφῆναι
1438 2565 1467 2594 δὲ
1479 2563 1637 2604 παρεκάλεσε
1647 2568 1690 2592 τὸν
1697 2563 1796 2604 *ἑαυτοῦ
1808 2563 1928 2601 ἀὸελγόν,

1126 2605 1153 2630 ὃν
1164 2607 1208 2630 καὶ
1220 2601 1351 2640 διάδοχον
1368 2604 1487 2630 κατέλιπε
1502 2601 1550 2633 τῆς
1568 2603 1665 2640 ἀρχῆς,
1693 2601 1731 2640 ἐν.
1746 2605 1783 2636 τῷ
1811 2604 1882 2627 κατὰ
1904 2602 1929 2626 τὸ

1125 2640 1254 2676 Ἔϐδομον
1269 2635 1323 2675 ναξ
1335 2644 1381 2666 τοῦ
1407 2635 1654 2675 εὐαγγελίστουναὶ
1682 2635 1815 2672 θεολόγον,
1843 2640 1876 2663 ‘0
1897 2635 1927 2665 δη

1124 2679 1236 2712 γέγονεν.
1255 2678 1323 2704 ALL.

1160 2708 1215 2753 (83)
1229 2713 1320 2753 ‘Aa-aéu.
1332 2711 1531 2752 Defectionem
1543 2710 1749 2753 l3ulgaro‘rumz
1764 2708 1927 2753 expeditio-

1124 2744 1194 2776 nem
1208 2744 1238 2775 in
1251 2744 1615 2782 eoslsaaciiimperatoris
1638 2744 1812 2782 admodum
1837 2744 1927 2772 infeli-

1125 2792 1200 2823 cem,
1213 2787 1248 2823 _et_
1259 2784 1373 2823 damna
1388 2780 1625 2812 illata—Romanis
1641 2780 1706 2809 fuse
1731 2781 1928 2817 prosequitur

1126 2819 1279 2848 Choniala.
1297 2819 1363 2847 ALL.
