1970 3082
17 64 83 92 [033

769 61 941 90 ANNALES.

1635 63 1644 91 t
1651 63 1704 92 034

17 125 77 161 ἂπέρ
96 124 221 154 ὀχταετὲς
240 124 270 153 ἧν
286 124 364 152 ἡνίκα
377 124 390 150 ὁ
407 123 532 160 βασιλεὺς
559 126 604 150 καὶ
634 126 718 160 πατὴρ
743 124 823 150 αὑτοῦ

930 125 1044 160 perator
1057 124 1230 153 Theodorus
1250 125 1383 153 Lascaris
1406 132 1503 153 annos
1526 124 1661 161 quinque
1675 125 1705 154 et

17 169 169 198 Ξτεθνήκει.
189 170 234 195 Διά
247 178 280 194 πο
298 168 412 204 ἀμοιρεῖν
436 173 498 205 γοῦν
536 169 613 195 αὐτόν
640 169 744 206 οἰρῥενος
771 168 825 198 ἐνή-

17 213 60 240 ῗου
74 215 190 250 γονῆςό
211 213 253 239 ἐπὶ
266 218 296 243 τῆ
315 215 426 250 θυγατρί
448 213 564 251 γαμϐρός
598 213 677 240 αὐτού
702 218 748 244 τῆς
778 214 826 250 βοι-

17 259 119 289 τιλείας
156 258 319 295 κληρονομεῖ.
340 258 388 284 Ἦν
414 257 443 284 δὲ
470 259 482 284 6
516 258 641 295 βασιλεύς
666 257 827 296 Θεόδωροςὸ

17 306 175 340 Λασκαρις,
196 304 272 329 όπότι
298 304 327 329 τὸ
351 303 419 333 τέλος
446 304 510 339 ἔσχε
539 307 585 329 τοῦ
608 302 680 339 βίου,
707 308 756 329 τῶν
783 305 827 340 μὲν

17 349 222 383 τεσσαράκοντα
250 349 324 374 πέντε
365 346 426 374 ἐτῶν
453 348 609 385 ὑπερέκεινα,
650 347 758 374 ἐλάττων
799 346 828 374 δὲ

17 397 65 418 τῶν
81 395 258 425 πεντήκοντα,
277 391 436 428 βασιλεύσας
450 391 478 418 ἐκ
505 394 603 418 τούτων
633 393 676 421 ἐτη
712 392 745 422 ιη’
759 393 826 428 (3ο).

17 437 64 463 Ἤν
79 435 111 462 δὲ
127 439 161 463 τὸ
196 440 272 472 σῶμα
297 438 400 473 μικρὸς,
432 437 478 463 οὐκ
498 436 564 473 ἀγαν
591 435 630 472 δὲ,
665 437 829 474 μελάγχρους

17 481 54 517 ἔφ’
70 482 177 514 ἰκανὸν,
206 481 355 516 καθειμένον
382 481 450 516 ἔχων
476 482 504 507 τὸ
531 483 625 516 γένειον
651 484 696 507 καὶ
717 483 774 518 περὶ
800 483 828 507 τὸ

17 527 97 558 ἀκρον
130 525 304 561 σχιζόμενον,
349 524 387 551 ἐπ’
418 525 503 561 ὀλίγον
539 525 735 562 ἑτερόφθαλμος,
766 527 829 563 πρὸς

18 580 61 600 τας
77 571 180 606 μάχας
193 570 262 604 ὀξὺς,
286 571 369 606 θυμοῦ
397 579 423 596 τε
447 570 501 606 (51)
523 573 567 596 καὶ
591 569 752 607 ἀφροδισίων
785 571 830 600 ἡτ-

19 618 146 651 τώμενος,
187 614 392 651 ἐλευθεριώτερος
421 613 444 640 ἐν
481 618 536 644 ταῖς
569 613 690 651 δωρεαῖςε
714 615 750 645 οἷς
778 616 828 651 γὰρ

21 660 48 684 ἄν
65 658 210 695 βούλοιτο,
225 659 290 685 πολύ
305 661 334 684 τό
356 661 469 696 χρυσίον
502 657 617 691 ἐδίδοτο,
638 660 672 690 ὡς
687 659 711 685 ἐν
739 658 830 695 ἀχαρεῖ

20 705 130 734 τούτους
160 703 292 730 πλουτεῖν.
326 703 542 740 Τεταλαιπώρηκε
580 702 609 729 δὲ
642 703 781 739 πάμπολλα
805 703 828 730 ἐν

21 751 76 778 ταῖς
89 749 201 784 μάχαις
217 751 274 778 ταῖς
286 757 312 774 τε
326 749 392 784 πρὸς
414 748 526 779 Ἰταλοὺς
554 750 598 774 καὶ
629 750 686 778 τοὺς
717 750 827 785 Πέρσας.

880 170 1080 205 quadraginta
1090 172 1118 197 et
1126 169 1265 206 a'nplius,
1277 171 1374 198 minor
1385 170 1604 206 quinquaginta
1614 172 1704 198 natus

881 214 1015 248 excessit,
1031 223 1046 242 e
1062 215 1130 248 vita,
1145 214 1249 242 decem
1260 218 1288 243 et
1303 218 1369 243 octo
1392 215 1535 250 regnavit,
1566 222 1705 251 corpore,

881 259 934 286 sed
948 267 1010 286 non
1027 259 1164 292 nimium,
1190 259 1328 295 pusillus,
1362 259 1515 287 moderate
1540 259 1704 293 nigricante

882 303 1032 339 promissa
1042 303 1147 338 barba,
1169 304 1221 332 sed
1233 312 1300 340 quae
1315 305 1345 332 in
1357 304 1497 332 extremis
1508 304 1704 338 scinderetur,

881 348 982 381 variis,
998 348 1050 376 sed
1064 356 1236 385 parumper,
1256 349 1360 384 oculis,
1386 357 1520 386 praeceps
1545 349 1576 377 in
1588 348 1705 385 proelia,

882 393 933 421 irae
950 401 985 421 ac
998 394 1118 422 Veneris
1134 394 1303 430 impatiens,
1327 395 1358 423 in
1384 395 1560 423 muneribus
1584 394 1706 423 muniﬁ-

883 439 997 466 centior
1014 448 1021 466 ;
1038 439 1149 474 quibus
1163 440 1244 468 enim
1262 439 1302 468 illi
1317 440 1492 468 collubitum
1507 441 1579 474 erat,
1598 440 1708 475 ingens

884 483 946 510 auri
963 483 1008 510 vis
1023 483 1203 518 donabatur,
1218 487 1250 512 ut
1264 485 1366 513 statim
1381 485 1514 521 opulenti
1536 484 1707 513 evaderent.

883 527 992 562 Pugnis
1025 527 1168 556 adversus
1193 529 1280 557 italos
1301 532 1329 557 et
1353 529 1458 558 Persas
1479 529 1709 566 quammaxime

883 572 1081 605 conﬂictatus,
1105 573 1204 609 prima
1229 576 1331 602 tamen
1357 575 1484 603 Romani
1512 574 1628 610 imperii
1642 574 1708 610 ipse

883 616 1080 645 fundamenta
1091 618 1171 653 jecit,
1195 619 1242 646 cui
1269 627 1287 646 a
1312 619 1453 647 Romanis
1478 619 1708 655 quammaxime

884 661 941 696 35
959 662 1059 695 gratias
1079 662 1226 691 habendae
1242 665 1319 691 sunt.
1345 663 1483 699 Sepultus
1503 663 1558 691 fuit
1575 663 1606 691 in
1631 665 1708 699 Hya-

884 705 974 733 cinthi
983 707 1173 740 monasterio,
1185 707 1234 735 ubi
1245 710 1272 736 et
1285 708 1574 744 imperatorAlexius
1589 708 1707 744 positus

883 748 979 777 fuerat
992 752 1020 778 et
1035 751 1208 787 imperatrix
1221 757 1307 780 Anna
1322 753 1445 780 thalami
1461 760 1596 780 consors.

21 793 106 829 Ἀρχὴ
119 796 188 828 γοῦν
204 790 276 822 οὗτος
291 791 402 828 ἐγεγόνει
415 796 461 822 τῆς
476 796 525 818 τῶν
537 792 668 828 Ῥωμαίων
685 792 782 829 ἀρχῆς,
839 795 884 819 καὶ
898 793 991 823 πολλὴν
1007 797 1087 833 χάριν
1103 796 1184 832 ἄφλειν
1205 800 1259 827 τοῖς
1271 796 1408 833 Ῥωμαίοις
1420 797 1487 823 πάνυ
1504 795 1561 823 δέον
1574 798 1708 827 καθέστη-

22 838 70 864 κέν.
86 837 223 866 Κατετέθη
241 835 270 863 δὲ
283 837 295 862 6
309 838 397 873 νεκρὸς
414 837 493 863 αὑτοῦ
509 836 533 862 ἐν
545 841 576 866 τῆ
592 841 638 863 τοῦ
656 837 790 864 Ὑακίνθου
806 842 882 874 μονῆ,
900 839 960 865 ἔνθα
974 842 1018 866 καὶ
1037 841 1049 866 ὁ
1078 840 1202 877 βασιλεὺς
1234 841 1347 873 Ἀλέξιος
1372 843 1499 869 τέθαπται
1511 844 1556 868 καὶ
1572 843 1587 872 ἠ
1603 841 1710 879 βασιλὶς

23 886 99 912 Ἀννα
116 887 131 915 ἡ
150 887 250 912 τούτου
267 886 392 922 σύζυγος,

56 930 98 958 ιθ’.
115 932 214 961 Καθὼς
231 934 294 967 γοῦν
322 931 442 968 εἰρήκειν,
469 932 534 967 μετὰ
564 933 610 960 τὴν
638 931 756 960 τελευτήν
781 931 827 962 qu}-
843 932 864 959 Β

25 980 66 1001 τοῦ
85 975 294 1012 ἐπιλαμϐάνεται
317 979 367 1001 τῶν
391 974 539 1012 Ῥωμαϊκῶν
569 978 707 1012 σκήπτρων
741 975 828 1002 Ἰωάν-

26 1021 98 1051 νηςὸ
119 1021 251 1051 Δούκαςὸ
277 1019 393 1058 ’γαμϐρὸς
421 1019 512 1054 αὐτοῦ,
544 1021 660 1056 στεφθεὶς
686 1022 757 1058 παρὰ
783 1024 828 1046 τοῦ

29 1067 195 1102 πατριάρχου
213 1065 335 1094 Μανουὴλ
359 1065 427 1100 (32),
443 1064 470 1095 ὃς
499 1066 541 1091 τὸν
566 1065 685 1100 Μάξιμον
710 1063 829 1096 διεδέξα-

27 1119 59 1136 το.
75 1111 148 1136 Μετὰ
160 1111 215 1146 γὰρ
240 1111 287 1139 τήν
305 1109 425 1139 τελευτὴν
452 1113 498 1136 τοῦ
523 1110 692 1146 πατριάρχου
719 1110 830 1146 Μιχαὴλ

30 1155 41 1179 ό
66 1155 206 1191 Εἰρηνικος
237 1152 373 1191 Θεόδωρος
410 1158 447 1189 τῷ
476 1157 664 1191 πατριαρχικῷ
697 1153 830 1191 ἐνίδρυται

31 1199 116 1236 θρόνῳ,
132 1200 159 1229 ὃς
174 1201 223 1225 καὶ
240 1202 334 1230 Κωπᾶς
347 1198 405 1233 (33)
431 1199 481 1224 ὑπὸ
507 1202 556 1224 τῶν
585 1198 683 1225 πολλῶν
705 1197 828 1234 ἐκαλεῖτο,

32 1244 90 1279 μετὰ
104 1241 133 1270 δε
153 1243 292 1273 ὶνιαυτοὺς
310 1243 336 1274 ἔξ
349 1242 406 1279 (34)
421 1242 516 1269 ἐκείνου
533 1244 576 1269 τὸν
605 1242 663 1279 βίον
693 1242 830 1269 ἀπολιπόν-

31 1289 94 1319 τοςό
121 1290 241 1325 μοναχὸς
269 1287 388 1324 Μάξιμος
417 1288 474 1323 (35)
494 1287 528 1318 εἰς
555 1289 598 1314 τὸν
636 1289 830 1325 πατριαρχικὸν

34 1331 146 1368 ἀνάγεται
177 1334 279 1371 θρόνον,
308 1333 453 1370 θεραπεύων
480 1334 527 1361 τὴν
555 1331 761 1368 ’γυναικωνίτιδος
786 1335 830 1358 καὶ

35 1378 78 1404 ὑπό
92 1380 188 1408 ταύτης
205 1378 466 1415 ἀντιθεραπευόμενος
482 1387 488 1394 ’
505 1375 580 1403 οὐδὲν
606 1378 656 1413 γάρ
668 1377 729 1403 ἄλλο
745 1375 776 1406 ἦν
801 1379 830 1402 τὸ

37 1424 66 1453 ιίς
79 1424 174 1452 ταύτην
191 1421 354 1449 ἀναϐιϐάσαν
375 1422 452 1448 αὐτὸν
469 1423 516 1452 τήν
535 1424 678 1458 περιωπήν.
700 1421 831 1451 Ἐπιϐιοὺς

38 1464 63 1493 δὲ
74 1472 153 1503 μῆνας
168 1468 198 1499 εξ
215 1467 270 1503 (36)
286 1467 399 1502 τελευτᾷ,
421 1469 466 1492 καὶ
482 1467 495 1492 ὁ
509 1466 628 1495 Μανουὴλ
645 1466 702 1501 (37)
729 1469 765 1497 εἰς
787 1467 831 1492 τὸν

919 933 963 960 19.
980 934 1242 966 Quemadmodum
1256 943 1328 970 ergo
1343 935 1414 969 dixi,
1422 937 1490 972 post
1501 935 1580 964 illius
1593 935 1710 964 obitum

883 978 1008 1006 Romani
1021 979 1137 1015 imperii
1153 980 1358 1014 gubernacula
1368 981 1498 1009 Joannes
1509 982 1605 1009 Ducas
1619 987 1712 1015 gener

882 1021 961 1050 illius
974 1024 1105 1061 suscipit,
1122 1032 1140 1052 a
1157 1025 1288 1053 Manuele
1301 1025 1482 1062 patriarcha,
1503 1025 1554 1062 qui
1577 1025 1705 1054 Maximo

884 1071 1077 1103 successerat,
1100 1071 1271 1098 coronatus.
1295 1071 1430 1106 Namque
1452 1072 1520 1106 post
1530 1070 1708 1106 patriarchas

884 1112 1033 1141 Michaelis
1061 1122 1219 1142 excessum
1255 1115 1384 1143 lrenicus
1405 1115 1591 1148 Theodorus,
1617 1114 1666 1142 cui
1690 1122 1710 1142 ε.

884 1157 1033 1194 plerisque
1049 1160 1136 1195 Copiae
1152 1167 1263 1188 nomen
1278 1159 1407 1188 inditum
1419 1159 1526 1195 fuerat,
1541 1160 1571 1188 in
1582 1159 1709 1196 patriar-

884 1202 972 1230 cham
981 1203 1107 1238 eligitur;
1120 1206 1288 1240 postannos
1296 1212 1347 1232 sex
1355 1213 1390 1233 eo
1399 1205 1557 1233 demortuo
1565 1204 1709 1233 Maximus

885 1248 1052 1276 monachus
1067 1249 1265 1284 patriarchale
1277 1249 1386 1277 solium
1401 1249 1545 1283 ascendit,
1555 1248 1710 1286 gynaaceio

885 1292 1013 1328 palpans
1025 1301 1060 1321 ac
1071 1294 1308 1329 supparasitans,
1321 1297 1349 1322 et
1357 1295 1419 1322 vice
1429 1303 1516 1323 versa
1523 1303 1559 1322 ex
1567 1302 1602 1323 eo
1611 1301 1712 1322 assen-

885 1336 1012 1364 tationes
1026 1340 1054 1365 et
1063 1337 1226 1366 blanditias
1239 1346 1397 1374 aucupans
1415 1348 1421 1366 :
1433 1347 1531 1375 neque
1542 1339 1622 1367 enim
1630 1337 1712 1367 aliud

886 1388 955 1408 eum
967 1381 997 1408 in
1014 1384 1076 1409 tam
1095 1381 1223 1410 sublime
1250 1383 1368 1411 culmen
1393 1386 1543 1412 evexerat.
1569 1383 1626 1411 Sed
1645 1385 1714 1420 post

886 1434 1005 1454 menses
1016 1435 1068 1454 sex
1079 1427 1215 1461 moritur,
1226 1430 1255 1456 et
1265 1427 1380 1456 Manuel
1391 1428 1421 1456 in
1431 1428 1624 1464 patriarchali
1638 1428 1712 1457 solio

886 1471 1058 1504 collocatur,
1070 1479 1138 1499 vere
1153 1472 1198 1499 vir
1208 1471 1417 1508 philosophus,
1430 1474 1462 1500 ut
1472 1473 1682 1509 apparebat,et
1693 1480 1714 1502 α

38 1514 225 1549 πατριαρχικόν
248 1511 369 1547 ἀνάγεται
394 1512 493 1548 θρόνον,
516 1511 665 1547 φιλόσοφος,
683 1512 714 1541 ὼς
734 1509 830 1545 ἐδόκει,

930 1516 988 1544 iltis
1001 1524 1036 1544 eo
1052 1517 1174 1545 nomine
1188 1503 1373 1546 honestatus.

40 1557 68 1581 ὧν
79 1558 121 1583 καὶ
135 1557 186 1584 ὑπὸ
202 1556 301 1583 πολλῶν
314 1556 570 1592 χατονομαζόμεπος·

69 1601 87 1626 κ’
106 1602 152 1628 Ἐπ
180 1600 214 1628 δί
238 1603 272 1628 τὰ
296 1601 446 1637 Βουλγάρων
465 1603 510 1627 καὶ
528 1599 602 1631 αὖθις
629 1602 642 1626 ό
668 1599 742 1636 λόγος
770 1599 831 1626 ἁνα-

41 1650 122 1683 χωριῑ.
137 1646 166 1673 Ὀ
180 1650 287 1684 πρῶτος
316 1645 440 1682 βασιλέὺς
478 1649 528 1671 τῶν
562 1644 715 1682 Βουλγάρων
752 1645 831 1672 Ἀσὰν

42 1687 81 1716 δύο
93 1691 167 1727 ἴσχεν
178 1692 265 1724 υἱοὺς,
289 1692 333 1717 τὸν
358 1690 481 1718 Ἰωάννην
508 1691 553 1716 καὶ
581 1690 624 1716 τόν
649 1688 828 1727 Ἀλέξανδρον.

41 1736 82 1760 Τοῦ
93 1740 152 1771 γοῦν
172 1736 309 1773 εἰρημένου
327 1734 421 1772 Βορίλα
435 1735 491 1770 (38)
514 1733 657 1770 βασιλικῶς
675 1738 723 1761 τῶν
749 1734 831 1760 Βουλ-

40 1780 115 1815 γάρων
128 1781 311 1818 κατάρχοντος
326 1779 394 1815 (39),
411 1780 424 1805 6
440 1783 485 1805 τοῦ
515 1779 594 1805 Ἀσαν
624 1781 680 1810 υἱὸς
710 1780 832 1810 Ἰωάννης

44 1823 160 1862 φνγαδείᾳ
186 1826 356 1862 χρησάμενος
384 1823 426 1850 ἐπὶ
454 1825 488 1850 τὰ
514 1827 563 1850 τῶν
597 1823 697 1850 Ῥώσων
737 1827 829 1861 χωρεῖ,

43 1867 113 1896 inici
126 1879 152 1896 τι
166 1871 265 1907 χρόνον
281 1868 318 1906 ἐφ’
334 1870 420 1895 ἱκανόν
441 1866 590 1904 διαμείνας,
616 1870 661 1895 καί
689 1878 761 1899 τινας
781 1873 831 1894 τῶν

45 1912 182 1948 συγκλύδων
197 1917 298 1941 Ῥώσων
323 1915 370 1940 σὺν
396 1913 479 1948 ἑαυτῷ
505 1915 680 1949 περιαγαγὼν,
709 1915 756 1942 τὴν
782 1923 832 1939 πα-

45 1960 123 1993 τρικήν
138 1958 307 1986 ἀνακαλεῖται
334 1957 506 1996 κληρονομίαν
530 1960 575 1984 καὶ
598 1957 704 1994 πολεμεῖ
728 1961 764 1993 τῷ
788 1961 833 1984 B0-

47 2000 96 2038 ρϋᾳ
107 2006 227 2040 καίνικᾴ
239 2007 340 2037 τοῦτον,
364 2004 409 2029 καὶ
435 2005 526 2039 χώρας
554 2002 601 2028 οὐκ
630 2001 718 2037 ὀλίγης
742 2001 833 2038 ἐγκρα-

48 2047 84 2076 τὴς
103 2050 209 2083 γίνεται.
231 2052 261 2075 '0
294 2046 324 2074 δί
349 2047 457 2084 Βορίλας
489 2045 562 2073 ἔνδον
603 2046 750 2083 εἰσέρχεται
788 2051 833 2073 τοῦ

48 2091 167 2128 Τρινὸϐου,
180 2095 228 2120 καὶ
247 2092 289 2119 επὶ
304 2092 368 2119 ἑπτὰ
391 2093 460 2118 ἔτεσι
488 2094 617 2128 τειχήρης
644 2091 831 2129 πολιορκεῖται.

48 2133 107 2162 Ἐπεὶ
131 2135 160 2164 δέ
186 2137 319 2174 ἀπέκαμον
347 2138 371 2163 οἱ
400 2138 520 2166 συνόντες
556 2136 637 2170 αὐτῷ,
676 2140 713 2171 τῷ
750 2136 833 2163 Ἀσὰν

920 1599 966 1627 20.
983 1598 1040 1627 Sed
1056 1597 1097 1626 ad
1124 1606 1171 1626 res
1198 1598 1367 1633 Bulgaricas
1388 1597 1558 1626 redeamus.
1589 1597 1709 1626 Primus

887 1644 1082 1679 Bulgarorum
1091 1651 1142 1671 rex
1151 1645 1266 1671 Asanus
1275 1643 1350 1671 duos
1358 1643 1464 1672 habuit
1472 1643 1559 1677 ﬁlios,
1566 1644 1711 1671 Joannem

886 1691 914 1716 et
924 1687 1136 1716 Alexandrum.
1152 1688 1254 1724 Itaque
1267 1687 1372 1721 Borila,
1385 1687 1471 1723 cujus
1482 1695 1574 1724 supra
1582 1687 1709 1717 mentio-

885 1741 955 1761 nem
966 1733 1100 1768 t‘ecimus,
1111 1733 1191 1769 regie
1202 1732 1335 1767 Bulgaris
1343 1733 1519 1769 imperante,
1530 1732 1622 1761 Asani
1630 1732 1710 1761 ﬁlius

886 1779 1012 1806 Ioannes
1023 1777 1094 1812 fuga
1109 1785 1140 1805 se
1151 1777 1303 1813 abripiens
1314 1777 1345 1805 in
1356 1779 1451 1805 Rusos
1460 1776 1710 1814 confugit,ibique

885 1831 939 1859 per
957 1824 1077 1858 tempus
1094 1822 1216 1858 aliquod
1232 1823 1446 1855 commoratus,
1462 1823 1490 1850 et
1504 1829 1711 1850 convenarum

887 1869 1033 1895 Rusorum
1046 1867 1199 1894 nonnullis
1210 1866 1240 1894 in
1254 1874 1349 1894 unum
1365 1866 1524 1902 congestis,
1551 1869 1711 1903 paternam

885 1911 1090 1939 hmreditatem
1105 1910 1243 1946 reposcit,
1255 1910 1313 1946 36
1327 1912 1355 1938 et
1369 1910 1399 1938 in
1411 1909 1539 1938 Borilam
1549 1918 1635 1938 arma
1649 1918 1714 1938 sus-

887 1956 966 1993 cipit,
978 1958 1007 1984 et
1018 1955 1116 1989 vincit,
1126 1955 1330 1991 dominusque
1341 1954 1374 1983 ﬁt
1384 1963 1445 1983 non
1454 1955 1569 1990 exiguae
1583 1954 1715 1990 regionis

888 2000 999 2028 Borilas
1024 1999 1186 2028 Trinobum
1211 1999 1365 2035 ingressus
1385 2001 1501 2035 septem
1521 2007 1620 2028 annos
1636 1999 1716 2028 obsi-

887 2045 1004 2073 dionem
1018 2044 1142 2072 sustinet
1159 2053 1164 2078 ;
1181 2046 1291 2073 etcum
1306 2044 1379 2072 socii
1398 2043 1552 2079 defatigati
1578 2051 1713 2072 succum-

886 2090 1002 2124 berent,
1015 2089 1054 2117 ad
1071 2089 1164 2117 Asani
1176 2090 1322 2117 Joannem
1341 2088 1495 2116 deﬁciunt.
1510 2089 1620 2116 Borilas
1645 2088 1716 2116 inde

888 2136 963 2163 inter
997 2133 1172 2170 fugiendum
1198 2133 1402 2170 deprehensus
1430 2133 1470 2162 ab
1490 2134 1603 2162 Joanne
1618 2132 1714 2161 oculis

50 2178 138 2218 Ἰωάννῃ
162 2168 369 2220 προσὸρὶονται.
400 2183 503 2217 Φεύγων
517 2179 547 2207 δὲ
584 2168 743 2206 ἁλίσκεταιό
783 2184 833 2207 Βο-

930 2179 1013 2213 ditur,
1026 2168 1128 2215 sicque
1138 2168 1278 2207 universa
1287 2178 1399 2206 ditione
1410 2178 1604 2214 Bulgarorum
1619 2177 1714 2207 Joan-

50 2223 112 2257 Ρῧεας
127 2229 172 2254 καὶ
203 2228 274 2265 παρὰ
298 2230 346 2253 τοῦ
371 2225 489 2253 Ἰωάννου
513 2224 663 2262 τυφλοῦται,
688 2227 733 2251 καὶ
753 2225 833 2257 οὕτως

890 2233 944 2253 nes
957 2225 1077 2261 potitur.
1092 2225 1126 2253 Et
1139 2224 1203 2252 11th
1215 2223 1339 2260 quidem
1354 2223 1392 2252 de
1409 2223 1557 2259 Bulgaria.

471 2295 641 2330 Theodori
666 2296 791 2330 Dousae
815 2300 848 2330 et
871 2296 998 2331 Leonis
1022 2295 1141 2330 Allatii
1165 2300 1266 2329 nota.

92 2369 132 2404 30)
149 2369 211 2400 Ἒτη
228 2369 271 2399 ιη’.
289 2371 442 2405 Gregoras,
455 2376 484 2405 p,
499 2368 546 2403 24,
558 2369 626 2396 ALL.

93 2403 212 2468 Ξιέᾇῐιερὶ
227 2407 272 2438 τὰς
282 2403 371 2442 μάχᾶς
391 2403 552 2441 ὀξὺξθυμοῦ
566 2413 603 2431 τε.
620 2405 766 2440 Gregoras
784 2403 838 2432 lib.

109 2460 114 2467 .
161 2463 167 2468 .
209 2451 250 2468 LL.

54 2443 78 2471 It,
87 2446 114 2474 p.
125 2443 167 2470 24.
181 2445 250 2470 ALL.

83 2475 133 2514 (ἓξ)
148 2478 271 2507 Dehisce
282 2475 629 2514 patitiarchis,_Manuele,
641 2475 782 2514 Maximo2
793 2475 842 2504 Mi-

56 2507 153 2548 chael'e,
161 2507 324 2546 Theodoro,
336 2512 445 2548 Cpolita
452 2507 506 2548 nis,
515 2507 724 2540 Nicaeae'tamen
731 2511 842 2539 seden-

56 2543 266 2583 tibus,diximus
277 2543 423 2577 nonnulla
438 2548 468 2575 in
479 2543 569 2583 opere
580 2549 681 2575 nostro
689 2547 725 2575 de
738 2554 843 2583 perpe-

58 2555 266 2579 uuus,mx1mus
277 2555 423 2577 nonnulla
438 2555 468 2575 in
479 2555 497 2575 ο
522 2555 569 2575 ere
580 2555 681 2575 nostro
689 2555 725 2575 ac
738 2555 792 2583 per
815 2555 841 2574 e-

58 2580 101 2624 ilia
112 2583 258 2624 utriusque
266 2584 411 2624 Ecclesiae,
419 2555 617 2624 occidentalis
628 2586 667 2624 et
673 2555 841 2624 prientaiis,

59 2619 249 2656 consensione,
266 2629 302 2649 ex
316 2628 377 2656 quo
390 2619 483 2656 lector
499 2621 589 2656 petat,
602 2619 636 2656 isi
650 2619 731 2647 libet.
746 2621 812 2646 ALL.

80 2653 253 2691 .(33)Kw1ra‘c§-
280 2658 312 2685 in
324 2653 444 2684 'Notitia
472 2653 711 2690 patriarcharum
739 2656 844 2684 Κουπᾶς

61 2683 162 2718 dicitur.
177 2683 285 2721 Dou'si.

90 2721 141 2764 (εξ-ξ)
164 2730 222 2764 ltlsr‘
240 2728 371 2758 ἐνιαυτούς
403 2726 443 2758 ἔξ.
473 2726 580 2755 Notitia
606 2726 846 2764 patriarcharum

63 2755 377 2793 traditvixisse-tantum
392 2755 483 2790 ann.t
499 2769 595 2791 mens.
607 2755 624 2791 ἒς
634 2762 698 2791 dies
710 2764 844 2791 5.Dousa.

187 2800 307 2830 PATROL.
323 2801 374 2829 Gn.
387 2799 464 2828 CXL.

926 2369 983 2403 (35)
998 2367 1117 2404 Μάξιμος
1147 2369 1275 2403 μοναχός.
1307 2367 1358 2395 Hic
1381 2368 1470 2404 antea
1495 2368 1623 2404 praeerat
1648 2374 1717 2404 mo-

896 2402 1026 2432 nasterio
1039 2402 1088 2430 τῶν
1103 2402 1276 2440 Ἀκοιμήτων,
1293 2405 1326 2431 ut
1348 2405 1392 2432 est
1414 2402 1445 2431 in
1467 2402 1574 2432 Netitia
1594 2403 1722 2439 patriar-

895 2440 1031 2468 charum.
1049 2441 1157 2468 Dousa.

932 2477 987 2511 (36)
1014 2479 1104 2506 Μῆνας
1142 2475 1179 2506 ἐξ.
1215 2474 1323 2503 Notitia
1363 2473 1604 2510 patriarcharum
1632 2473 1723 2503 tradit

896 2519 1016 2540 menses
1037 2513 1065 2540 8.
1087 2513 1193 2540 Dousa.

934 2550 990 2582 (37)
1009 2547 1038 2573 Ὀ
1061 2547 1194 2576 nimum.
1223 2547 1273 2574 Hic
1301 2548 1347 2574 est
1370 2543 1486 2573 Manuel
1512 2543 1724 2582 Charitopulus

897 2583 929 2612 in
943 2583 1050 2611 Notitia
1062 2582 1310 2612 patriarcharum.
1328 2582 1432 2609 DOUSA.

933 2619 991 2655 (38)
1006 2615 1203 2656 Βορίὶαηῡίχίῐ
1226 2625 1320 2656 supra
1337 2619 1370 2644 ut
1397 2616 1588 2652 occupaverit
1619 2615 1724 2651 Bulga-

898 2662 1002 2682 rorum
1020 2654 1190 2688 imperium,
1206 2662 1231 2682 c.
1247 2654 1291 2681 13.
1307 2654 1377 2680 ALL.

947 2691 992 2726 39)
1012 2692 1050 2718 De
1061 2687 1134 2726 fuga
1145 2689 1267 2719 Joannis
1283 2688 1377 2717 Asani
1390 2687 1443 2716 filii
1457 2695 1550 2724 supra
1561 2687 1623 2725 agit
1632 2687 1725 2718 Acro-

900 2726 993 2762 polita
1008 2735 1034 2755 c.
1052 2728 1084 2755 i2
1099 2728 1127 2755 et
1146 2728 1187 2755 t3.
1204 2727 1273 2754 ALL.

1558 2793 1592 2822 33
