1970 3082
47 167 62 193 1
70 166 126 194 0“
812 161 859 188 AN
863 160 984 190 NALES.
1678 162 1749 191 4042

57 227 250 257 Ελλήσποντον
265 227 360 257 ταύτας
384 227 492 256 ἔστησεν
517 225 542 252 ἔν
557 226 626 261 τόπῳ
650 224 678 255 ὃς
695 223 786 255 Ὀλκός
810 222 964 260 ὀνομάζεται
976 223 1010 258 ’5,
1028 224 1072 250 καὶ
1094 221 1124 252 ἧν
1148 222 1231 250 πολλὰ
1252 224 1373 259 παρέχων
1397 221 1485 253 αὐτοῖς
1507 222 1658 259 πράγματα,
1679 224 1748 250 κατὰ

46 270 137 299 δύσιν
153 273 302 310 ὁρμώμενος
317 273 361 298 καὶ
378 271 446 299 λείαν
468 272 502 297 τὰ
525 270 625 297 ἐκείνων
640 270 800 305 ποιούμενος,
815 269 918 306 πορθῶν
933 278 960 295 τε
974 269 1003 295 τό
1018 272 1068 295 τῶν
1084 266 1210 295 Μαδύτυν
1224 268 1293 294 ἄστυ
1312 270 1356 294 καὶ
1377 269 1424 297 τὴν
1447 267 1633 295 Κώλιοπᾶπολιν
1646 270 1692 295 καὶ
1711 269 1745 296 τὰ

50 316 239 355 παραιγιάλια
253 317 335 343 ταντα
348 319 404 348 τοῖς
417 315 524 347 Ἰταλοῖς
538 316 655 352 ὑπόφορα
670 315 740 342 όντα.

95 361 146 398 κγ’.
163 362 207 388 Ἐν
230 363 348 387 τουτοισὶ
369 359 398 388 δὲ
424 363 493 391 ὄντος
515 364 562 387 τοῦ
583 359 710 396 βασιλέως
735 358 860 390 Ἰωάννου,

956 358 999 386 23.
1023 358 1097 385 Cum
1119 356 1183 386 haec
1204 358 1305 391 ageret
1327 357 1490 393 imperator
1516 357 1658 393 Joannes,
1672 357 1746 386 acri-

51 408 104 432 καὶ
131 406 252 444 ἀκρατῶς
280 407 431 443 μαχομένου
458 409 511 436 τοῖς
537 405 644 436 Ἰταλοῖς
663 405 729 430 κατά
751 413 778 430 τε
804 405 865 440 χάρ-

54 460 107 477 σον
130 453 178 477 καὶ
203 451 348 485 θάλασσαν,
373 453 542 487 σκευωρεὶται
569 451 650 485 τούτῳ
678 447 810 478 ἐπιϐουλή,
836 447 864 473 ’0

53 493 91 522 δὲ
112 497 212 526 ταύτην
235 496 431 532 συστησάμενος
445 492 656 532 πρωτεξάδελφος
670 492 701 523 ἧν
716 496 762 520 τοῦ
782 492 864 529 βασι-

52 539 121 571 λέως
151 541 164 567 ὁ
192 542 340 576 Nicro-770;
365 538 542 577 Ἀνδρόνικος.
567 540 666 565 Οὑτοσὶ
697 537 727 564 δὲ
749 539 794 564 καὶ
817 539 865 566 τὴν

49 589 108 615 τῆς
141 587 292 621 συγγενείας
319 586 413 621 σχέσιν
441 584 503 622 παρ’
530 582 605 610 οὐδὲν
628 584 728 620 θέμενος
757 583 864 609 καὶτὸν

51 633 105 660 τῆς
131 629 221 666 φιλίας
249 629 401 667 ἀπορρήξας
430 627 528 665 δεσμὸν
555 628 696 664 ἁνταρσίαν
726 628 794 654 κατὰ
819 629 864 653 τοῦ

49 672 278 710 πρωτεξαδέλφου
306 673 433 710 βασιλέως
463 673 632 710 βεϐούλευται
652 673 688 705 9⁸,
715 673 783 708 ἔχων
806 681 865 698 συνο

49 720 132 756 ιργόν
160 719 196 750 εὶς
220 722 297 745 τοῦτο
318 720 362 744 τὸν
392 717 501 754 ἀδελφὸν
529 718 659 744 Ἰσαάκιον
685 719 730 742 καὶ
764 716 865 753 ἑτέρους

49 768 108 790 τῶν
143 763 272 799 ἐπιφανῶν
303 763 349 789 οὐκ
375 762 489 799 ὀλίγους,
521 765 564 789 τόν
590 772 617 788 τε
641 761 810 798 Φλαμούλιον,
837 761 863 787 ὂν

49 809 139 844 μέγαν
167 808 352 844 ἐταιριιάρχην
381 807 424 844 [Ρ.
447 807 494 844 20]
524 807 536 833 ό
566 806 689 843 βασιλεὺς
717 808 862 842 τετίμηκεν,

50 855 101 879 τὸν
124 855 328 890 Ταρχανειώτην
345 850 504 886 Συναδηνὸν,
524 854 568 878 τὸν
584 851 624 878 ἐπ’
648 849 746 887 ἀδελφῇ
771 852 863 877 τούτου

50 897 179 934 γαμϐρόν
211 899 359 931 Στασηνὸν,
387 898 431 923 τὸν
464 898 602 934 Μακρηνὸν
635 898 680 922 καὶ
710 895 803 926 οῦ.λους
830 895 863 925 εἰς

50 942 158 972 πλῆθος
177 943 221 968 τόν
247 941 357 978 ἀριθμόν
369 942 444 968 97-”.
460 942 575 977 Ἐγένετο
590 939 619 967 δὲ
642 941 657 970 ἠ
679 939 800 969 ἐπιϐουλή
817 949 864 966 πο-

51 987 200 1024 λυήμερος.
227 987 270 1014 Ἐν
295 991 325 1023 τῇ
355 986 495 1023 Λαμψάκῳ
524 984 553 1012 δὲ
576 984 676 1021 διάγων
701 985 714 1011 ὁ
740 984 865 1021 βασιλεὺς

53 1033 186 1068 μανθάνει
214 1035 304 1059 ταῦτα.
336 1033 403 1069 Πυρὶ
432 1029 476 1057 οὖν
506 1032 551 1061 τὰς
575 1032 691 1068 τριήρεις
717 1029 864 1055 καταναλώ-

54 1086 120 1108 σας,
147 1077 189 1102 ἱνα
213 1078 248 1111 μὴ
275 1079 328 1106 τοῖς
356 1075 464 1106 Ἰταλοῖς
490 1075 540 1102 ὑπὸ
568 1079 648 1112 χεῖρα
675 1076 797 1110 γένοιντο,
818 1076 862 1100 καὶ

51 1123 275 1160 προύργιαίτερον
299 1122 341 1147 τόν
369 1122 464 1147 ἔσωθεν
488 1120 597 1156 πόλεμον
621 1122 711 1158 κρίνας
734 1123 780 1146 τοῦ
805 1119 863 1151 ἔξω-

54 1167 110 1201 θεν,
145 1165 249 1203 ἀπάρας
282 1165 376 1192 ἐκεῖθεν
409 1165 452 1191 ἐπὶ
484 1167 531 1194 τὴν
565 1165 712 1202 ’Δχυράους
745 1163 861 1200 ἀφίκετο.

52 1211 177 1237 κάκεῖθεν
214 1213 262 1240 τὴν
295 1209 412 1241 ἐξέτασιν
448 1214 495 1241 τῆς
528 1209 668 1240 ἐπιϐουλῆς
707 1209 860 1238 ἐποιήσατο.

51 1257 108 1282 Καὶ
130 1255 198 1284 ἦσαν
226 1255 250 1280 οἰ
275 1256 423 1291 συνωμόται
447 1254 540 1285 πάντες
559 1257 618 1285 ταῖς
645 1252 733 1284 δίκαις
749 1254 862 1280 ὑπεύθυ-

51 1309 104 1326 νοι.
128 1298 198 1325 Ἀλλ’
227 1299 240 1324 ό
269 1297 395 1334 βασιλεὺς
422 1297 660 1335 φιλανθρωπότερον
690 1301 746 1328 τοῖς
776 1299 862 1334 νόμοις

51 1344 203 1379 ἐχρήσατο,
230 1345 275 1369 καὶ
299 1345 342 1369 τὸν
362 1344 407 1379 μιν
434 1345 582 1379 Νεστόγγον
610 1342 741 1369 Ίσαάκιον
765 1342 862 1378 τυφλώ-

53 1397 97 1415 σιι
120 1386 296 1418 καταδικάζει
319 1390 365 1413 καὶ
393 1390 562 1425 χειροκοπίᾳ,
590 1388 715 1418 ὡσαύτως
745 1388 790 1412 καὶ
817 1388 860 1412 τὸν

52 1435 196 1470 Μακρηνόν
214 1443 221 1450 ·
256 1431 419 1468 ἐξελήλεγκτο
452 1433 502 1470 γὰρ
535 1433 567 1462 ὡς
596 1431 720 1462 πολλάκις
742 1430 860 1468 ἐφώρμη-

52 1487 95 1510 σε,
122 1479 192 1504 κατὰ
218 1481 297 1503 νῶτον
325 1478 465 1513 τυγχάνων
489 1480 534 1502 τοῦ
560 1475 700 1513 βασιλέως,
721 1475 861 1511 ἐφιλκύσαι

53 1525 102 1551 τὴν
128 1523 233 1551 σπάθην
257 1524 302 1548 καὶ
326 1521 489 1559 καταρράξαι
514 1523 627 1558 καιρίαν,
649 1522 699 1547 Καὶ
722 1520 811 1550 ἄλλους
830 1518 861 1546 δέ

51 1571 127 1597 τινᾶς
158 1571 267 1604 μικραῖς
291 1570 392 1597 ποιναῖς
417 1565 611 1599 καθυπέϐαλεν,
634 1567 695 1596 τοὺς
723 1564 753 1592 δὲ
785 1565 860 1592 πλεί-

53 1621 136 1642 στους
164 1611 260 1648 ἀφῆκεν
289 1613 403 1648 εἱρκταῖς
428 1613 510 1647 μέχρι
533 1613 599 1641 τινος
627 1610 800 1648 περικλείσας,
814 1612 859 1637 καὶ

51 1657 134 1682 αὐτόν
163 1655 197 1685 δὴ
221 1658 264 1682 τὸν
292 1657 461 1693 πρωτουργόν
488 1659 532 1686 τῆς
563 1655 708 1688 ἐπιϐουλῆς,
738 1656 782 1681 τόν
814 1657 859 1681 καὶ

51 1700 193 1737 βασιλείας
221 1700 359 1737 ἔφείμενον,
387 1702 432 1726 τὸν
462 1703 609 1736 Νεστόγγον
641 1698 808 1735 Ἀνδρόνικον
833 1701 858 1717 99

49 1745 74 1771 ἄν
99 1750 137 1781 τῷ
161 1748 277 1783 φρουρίῳ
305 1749 353 1776 τῆς
378 1747 537 1780 Μαγνησίας
565 1744 733 1771 συνέκλεισεν.
759 1747 858 1770 Τοσοῦ-

48 1799 92 1816 τον
118 1791 134 1819 ἡ
161 1794 210 1820 τῆς
235 1789 336 1825 ἀγάπης
356 1791 450 1825 σχέσις
462 1791 505 1815 τόν
526 1789 638 1826 βασιλεα
653 1793 699 1815 τοῦ
714 1793 858 1818 κακοποιῆ-

51 1844 98 1860 σαι
126 1838 219 1860 τοῡτον
243 1833 402 1860 ἐκώλυσεν¹.
424 1833 472 1864 ⁸ος
499 1836 544 1860 καὶ
568 1843 615 1870 μετ
639 1833 724 1869 ὀλίγον
744 1831 856 1870 ἀπέδρα,

45 1880 79 1909 ὡς
106 1881 153 1915 μέν
182 1888 249 1910 τινες
278 1880 398 1914 ἔφασκον,
424 1878 526 1907 θελήσει
552 1882 597 1904 τοῦ
626 1877 756 1914 βασιλέως
785 1877 857 1904 ἐλευ-

48 1924 198 1960 θεριωτερον
239 1922 339 1959 βαίνειν
382 1926 472 1948 τοῦτον
513 1922 773 1958 παρακελευσαμένου
812 1925 857 1948 καὶ

47 1969 101 1994 οἷον
135 1966 232 2002 κλέψαι
262 1971 354 1993 τοῦτον
388 1970 435 1996 τὴν
470 1969 601 2004 σωτηρίαν
634 1966 854 2003 βουλευσαμνου.

48 2012 98 2044 ⁴Ος
123 2014 170 2038 καὶ
200 2014 291 2042 νυκτὸς
319 2014 406 2048 φυγὼν
437 2011 479 2037 ἐπὶ
507 2013 539 2038 τὰ
570 2016 619 2037 τῶν
646 2011 856 2048 Μουσουλμάνων

52 2056 203 2094 ἐφώρμησε,
229 2059 274 2083 καὶ
299 2055 390 2092 διῆγεν
413 2055 495 2082 ἐκεῖσε
519 2056 624 2092 μέχρι²
646 2060 692 2087 τῆς
717 2055 797 2082 αὐτοῦ
819 2066 858 2082 τε·

51 2101 154 2132 λευτῆς.
185 2101 314 2128 Ἐντεῦθεν
343 2102 356 2127 ὀ
385 2100 509 2137 βασιλεὺς
542 2103 775 2138 προσεκτικώτερον
811 2100 857 2137 ἐχ-

51 2150 116 2183 ροὶτο
145 2149 201 2176 τοῖς
227 2146 376 2183 πράγμασι,
393 2148 438 2172 καὶ
468 2149 511 2175 τῆς
538 2147 664 2182 προτέρας
684 2145 856 2182 ἐλινθεριὸτηυ

50 2200 91 2221 τος
112 2190 162 2216 οὐκ
192 2189 349 2216 ἀντεποιεῖτο
362 2190 384 2224 ⁸,
401 2189 513 2225 φύλακας
539 2199 566 2215 τε
592 2191 648 2225 περὶ
678 2190 755 2215 αὑτὸν
780 2191 855 2219 ἕστη-

52 2245 80 2261 σε
103 2237 152 2262 καὶ
181 2236 309 2272 φρουροὺς
333 2236 433 2272 νύκτωρ
462 2244 488 2260 τε
517 2236 561 2260 καὶ
590 2234 646 2270 μεθ’
674 2235 771 2270 ἡμέραν
800 2239 852 2266 τοῖς

918 401 1036 438 busque
1062 401 1150 430 Italos
1177 401 1286 438 praeliis
1312 403 1392 430 terra
1418 401 1554 438 marique
1582 401 1743 437 divexaret,

917 446 1035 475 insidiae
1047 447 1114 475 vitae
1128 446 1206 475 illius
1219 447 1371 482 parantur.
1393 445 1544 474 Fucinoris
1561 449 1665 475 auctor
1683 448 1746 476 erat

919 493 1086 527 Nestongus
1098 491 1286 519 Andronicus
1298 491 1487 527 imperatoris
1498 491 1707 520 consobrinus.
1718 492 1745 519 Is

917 536 1076 564 artissima:
1097 536 1249 564 afﬁnitatis
1272 535 1483 571 conjunctione
1502 535 1638 572 neglecta
1661 544 1744 573 spre-

918 581 1014 618 tisque
1028 581 1164 609 amicitize
1175 581 1295 617 juribus
1309 580 1341 609 in
1356 580 1573 609 consobrinum
1586 589 1676 610 suum
1690 581 1745 610 im-

917 628 1085 663 peratorem
1101 626 1246 662 conjurat,
1263 625 1477 661 conjurationis
1497 628 1635 655 consorte
1655 626 1744 656 fratre

918 671 1030 699 isaacio
1043 673 1071 699 et
1082 678 1143 699 non
1160 670 1264 707 paucis
1280 678 1315 698 ex
1327 670 1511 706 proceribus.
1529 670 1588 707 40
1603 673 1660 700 Nec
1675 671 1743 700 dee-

917 719 985 744 rant
1005 715 1122 743 sceleris
1142 715 1300 752 participes
1320 714 1504 743 Phlamulius
1523 715 1628 751 magni
1651 715 1743 744 hetae-

916 760 1041 789 riarchae
1055 760 1199 796 dignitate
1223 759 1369 788 beneﬁcio
1387 759 1576 796 imperatoris
1596 759 1743 789 condeco-

916 808 1010 840 ratus,
1027 804 1205 840 Synadenus
1220 804 1425 838 Tarchaniota,
1446 804 1556 832 sororis
1578 803 1657 833 illius
1674 811 1743 833 ma—

916 850 1000 883 ritus,
1022 851 1175 884 Stasenus,
1200 850 1352 878 Macrenus
1377 848 1487 885 aliique
1513 849 1741 886 quamplurimi.

917 895 990 922 Cum
1006 901 1076 922 vero
1097 901 1150 930 per
1168 893 1279 922 multos
1293 893 1358 922 dies
1373 894 1540 930 conjuratio
1555 894 1743 931 protrahere-

917 941 973 972 tur,
987 938 1142 975 Lampsaci
1159 938 1272 974 degens
1291 938 1455 974 imperator
1471 940 1598 967 conatus
1622 938 1744 975 conspi-

917 984 1047 1012 rantium
1060 983 1185 1015 rescivit,
1197 986 1226 1012 et
1239 983 1409 1012 triremibus
1422 991 1460 1012 ne
1470 983 1509 1012 ab
1523 983 1601 1012 italis
1614 991 1744 1020 occupa-

884 1037 903 1064 Β
916 1031 1019 1057 rentur
1034 1028 1242 1063 concrematis,
1256 1028 1335 1056 bello
1349 1028 1513 1057 domestico
1528 1028 1626 1064 magis
1647 1036 1743 1065 quam

916 1076 1038 1102 externo
1060 1073 1279 1108 invigilandum
1293 1075 1388 1108 ratus,
1403 1073 1472 1101 inde
1487 1073 1640 1109 digressus
1655 1072 1742 1102 Achi-

916 1125 1003 1147 raum
1020 1117 1224 1154 proﬁciscitur,
1240 1117 1342 1154 ibique
1356 1118 1554 1154 questionem,
1573 1119 1605 1146 ut
1619 1125 1743 1147 consor-

916 1165 960 1192 tes
976 1163 1094 1191 sceleris
1110 1162 1322 1194 indicarentur,
1339 1163 1449 1191 habet:
1466 1164 1494 1191 et
1508 1163 1656 1199 conjurati
1679 1170 1743 1192 om-

916 1216 970 1236 nes
980 1208 1106 1236 convicti
1116 1207 1368 1244 condemnatique
1379 1210 1457 1236 sunt.
1469 1209 1606 1237 Attamen
1615 1208 1744 1245 impera-

915 1255 962 1281 tor
975 1253 1185 1281 humaniorem
1199 1260 1231 1280 se
1246 1252 1384 1289 praebens
1397 1254 1580 1289 Nestongum
1594 1252 1742 1282 lsaacium

914 1298 1028 1326 lumine
1047 1300 1076 1326 et
1091 1305 1185 1325 manu
1200 1297 1326 1332 mutilat,
1340 1299 1511 1326 Macrenum
1532 1305 1670 1334 quoque;
1687 1305 1742 1327 sae-

915 1342 983 1378 pius
1007 1342 1087 1369 enim
1111 1350 1180 1369 cum
1201 1350 1219 1370 a
1234 1343 1316 1376 tergo
1332 1342 1522 1378 imperatoris
1543 1344 1621 1371 esset
1634 1344 1663 1371 et
1674 1342 1742 1378 gla-

914 1387 999 1414 dium
1020 1387 1164 1421 stringere
1186 1388 1214 1414 et
1229 1386 1338 1414 vulnus
1355 1386 1489 1421 inﬂigere
1512 1386 1598 1415 letale
1613 1389 1743 1418 tentasse

914 1431 1120 1467 deprehensus
1144 1433 1199 1459 est.
1224 1430 1304 1459 Alios
1325 1431 1428 1459 itidem
1450 1431 1618 1460 mitioribus
1641 1431 1741 1468 pcenis

914 1475 1059 1509 multavit,
1071 1475 1216 1512 plurimos
1229 1475 1268 1504 ad
1279 1477 1398 1512 tempus
1410 1476 1537 1504 detrusit
1549 1476 1580 1504 in
1595 1484 1740 1510 carceres,

914 1522 942 1548 et
970 1520 1070 1555 ipsum
1095 1519 1322 1555 conspirationis
1347 1522 1502 1548 auctorem
1527 1522 1556 1548 et
1581 1519 1742 1556 imperium

913 1564 1105 1593 affectantem
1121 1566 1305 1599 Nestongum
1321 1564 1526 1592 Andronicum
1541 1565 1696 1601 Magnesiae
1710 1565 1742 1593 in

913 1617 1014 1637 arcem
1034 1608 1186 1644 relegavit.
1199 1608 1245 1637 Sic
1260 1609 1371 1637 amoris
1389 1608 1535 1636 illecebras
1555 1609 1594 1637 ab
1606 1608 1663 1636 illis
1677 1617 1742 1638 ma-

912 1654 1070 1682 leficiendo
1108 1654 1320 1689 imperatorem
1356 1653 1540 1682 abstraxere.
1571 1655 1740 1689 Nestongus

878 1714 898 1742 ο
912 1699 1004 1736 paulo
1016 1700 1084 1735 post
1104 1698 1229 1734 aufugit,
1245 1700 1277 1726 ut
1295 1698 1420 1735 quidam
1442 1698 1572 1733 tradunt,
1588 1701 1740 1728 annuente

912 1744 1102 1780 imperatore,
1118 1743 1169 1779 qui
1188 1742 1273 1771 illum
1289 1743 1411 1771 liberius
1433 1743 1538 1779 vagari
1557 1751 1647 1780 posse
1661 1751 1739 1780 prie.

912 1791 1040 1824 ceperat,
1053 1790 1084 1816 ut
1098 1787 1233 1824 quodam
1249 1787 1340 1816 modo
1357 1787 1485 1816 salutem
1500 1787 1664 1816 suﬂ‘uratus
1673 1795 1738 1817 esse

911 1833 1068 1861 videretur.
1081 1834 1174 1860 Noctu
1188 1832 1236 1860 ille
1251 1832 1281 1860 in
1292 1832 1396 1867 fugam
1409 1832 1562 1869 conjectus
1577 1833 1737 1862 Musulma-

911 1886 967 1906 nos
990 1877 1138 1910 convenit,
1152 1877 1229 1905 inter
1248 1876 1303 1913 41
1327 1885 1403 1913 quos
1422 1877 1463 1905 ad
1481 1879 1648 1906 extremum
1669 1878 1737 1906 vitm

910 1923 1023 1950 exitum
1045 1924 1163 1950 aetatem
1187 1920 1282 1949 duxit.
1308 1921 1380 1949 Hinc
1407 1921 1570 1958 imperator
1597 1922 1739 1956 attentius

910 1967 1000 1995 rebus
1011 1966 1184 2000 advertere;
1201 1965 1343 1994 omnibus
1362 1966 1402 1994 ad
1417 1974 1448 1994 se
1467 1966 1601 1994 adeundi
1616 1966 1739 1995 faculta—

911 2014 980 2046 tem,
996 2019 1058 2047 qua
1079 2010 1162 2047 prius
1180 2010 1340 2038 utebantur
1355 2010 1503 2045 liberiore,
1518 2019 1673 2045 coercere;
1690 2019 1740 2040 cu-

912 2056 1012 2085 stodes
1024 2063 1059 2084 ac
1069 2055 1182 2090 vigiles,
1191 2055 1242 2091 qui
1254 2057 1344 2083 noctu
1356 2055 1546 2092 interdiuque
1557 2063 1588 2084 se
1600 2063 1636 2084 ac
1648 2056 1739 2084 ratio-

909 2110 963 2130 nes
971 2109 1041 2129 suas
1050 2100 1254 2135 defenderent,
1261 2099 1381 2128 addere.
1391 2101 1448 2129 Sed
1456 2100 1593 2128 omnium
1606 2100 1738 2130 maxime

910 2145 1084 2182 imperatrix
1100 2146 1191 2179 Irene,
1207 2144 1344 2172 moribus
1358 2152 1393 2173 ac
1405 2145 1525 2180 ingenio
1545 2144 1693 2181 mascula,
1709 2147 1739 2174 et

910 2199 979 2218 cum
992 2189 1134 2218 omnibus
1154 2189 1249 2225 magis
1268 2189 1348 2225 regie
1360 2197 1453 2226 quam
1466 2197 1522 2227 par
1533 2191 1597 2218 erat
1615 2197 1737 2219 conver-

909 2243 988 2269 sans,
1003 2235 1043 2263 ad
1055 2234 1295 2262 conservandum
1310 2242 1380 2262 eum
1395 2235 1579 2264 incumbere.

51 2278 151 2306 ἐκείνου
168 2281 349 2317 προσέχοντας
365 2280 385 2306 ‘.
406 2279 530 2306 Μάλιστα
544 2277 573 2305 δέ
593 2281 651 2315 περὶ
670 2282 754 2305 ταῦτα
776 2281 914 2307 συνέτεινεν
929 2281 944 2309 ἠ
962 2279 1067 2316 βασιλὶς
1081 2279 1189 2315 Εἰρήνη,
1206 2278 1409 2317 ὰρῥενωπότερον
1432 2281 1462 2306 τὸ
1482 2278 1543 2310 ἦθος
1564 2281 1667 2316 ῖχουσα
1689 2280 1736 2307 καὶ

51 2328 104 2355 τοῖς
119 2327 190 2350 πᾶσι
205 2323 411 2362 βασιλικώτερον
426 2323 632 2359 ὶντυγχάνουσα.

87 2370 131 2400 Εἰς
157 2370 290 2400 συνθήκας
310 2368 340 2396 ὃε
368 2369 521 2399 θελήσαντες
537 2368 616 2395 ἐλθεῖν
631 2369 656 2394 οἱ
677 2368 769 2395 Ἰταλοὶ
795 2368 856 2396 ἀπέ-
874 2371 896 2398 Ι)

50 2414 134 2441 λυσαν
148 2414 159 2431 ⁵
183 2415 246 2450 πρὸς
264 2415 306 2440 τόν
327 2413 440 2450 βασιλέα
461 2415 505 2440 καὶ
529 2415 558 2439 τό
581 2417 630 2439 τῶν
655 2417 749 2449 Πηγῶν
774 2414 853 2442 ἄστυ.

52 2461 102 2485 Καὶ
127 2458 195 2484 οὕτω
223 2456 256 2487 δὴ
283 2458 338 2494 μετ’
358 2458 442 2484 αὐτῶν
462 2458 474 2484 ὁ
503 2457 626 2494 βασιλεὺς
652 2458 772 2489 Ἰωάννης
789 2458 856 2495 εὶρὴ-

50 2504 268 2536 νενσιν,πὰντων
297 2507 346 2529 τῶν
369 2504 433 2539 πρὸς
461 2504 532 2528 νότον
556 2503 787 2538 ὑποχωρησὰντων
812 2505 857 2529 αὺ-

50 2552 86 2584 τῷ
103 2550 233 2579 Λατίνων,
250 2548 287 2573 ἐτι
302 2545 332 2574 δὲ
355 2548 516 2585 κρατούντων
537 2548 601 2585 πρὸς
623 2547 720 2584 Βορρᾶν
740 2548 774 2573 τὰ
788 2546 856 2576 πλη-

51 2595 108 2619 σίον
132 2594 196 2618 ὄντα
219 2595 264 2622 τῆς
294 2591 587 2623 Κωνσταντινουπόλεως
612 2594 657 2617 καὶ
682 2595 713 2628 τῇ
739 2595 785 2618 τοῦ
810 2595 858 2618 Νι-

49 2635 187 2673 κομὴδους
200 2636 272 2663 πόλει
286 2635 435 2672 ἐγγίζοντα.

947 2368 1011 2397 Itali
1028 2368 1147 2396 interim
1168 2376 1238 2397 cum
1256 2369 1436 2405 imperatore
1449 2369 1642 2398 concordiam
1663 2376 1736 2398 con-

909 2414 1031 2442 ﬁrmare
1050 2412 1183 2441 volentes
1204 2416 1301 2442 castro
1325 2415 1472 2450 Pegarum
1487 2422 1618 2450 cessere;
1633 2414 1736 2451 sicque

910 2466 980 2486 cum
991 2458 1032 2485 eis
1044 2459 1174 2486 Joannes
1186 2458 1348 2495 imperator
1357 2467 1464 2495 pacem
1477 2459 1656 2496 composuit,
1665 2466 1736 2487 cum

910 2502 950 2531 ad
970 2504 1112 2530 Austrum
1133 2501 1275 2530 omnibus
1299 2502 1533 2538 renuntiassent,
1549 2502 1604 2531 sed
1624 2501 1736 2538 adhuc,

910 2554 978 2583 quae
1005 2546 1085 2574 circa
1113 2548 1235 2575 Boream
1261 2546 1364 2575 afﬁnia
1387 2546 1469 2583 Cpoli
1497 2549 1583 2575 erant
1609 2545 1736 2583 urbique

910 2591 1130 2620 Nicomediensi
1145 2592 1294 2628 proxima,
1307 2591 1476 2620 retinerent.

86 2708 111 2725 ’5
129 2706 154 2733 ἐν
170 2722 205 2726 -—
219 2706 383 2745 Δὀνομάζεται
405 2714 466 2735 om.
486 2707 526 2745 _D.
566 2707 590 2745 9f
606 2707 696 2732 οὑτοσὶ
718 2721 752 2726 -
775 2705 944 2745 βεϐονλινται
967 2715 1027 2735 om.
1048 2709 1079 2736 ι).
1118 2709 1181 2745 ξἺ-θθ
1203 2710 1246 2735 τόν
1268 2717 1295 2734 τε
1317 2723 1352 2745 _—-
1371 2708 1479 2745 αριθμὸν
1501 2715 1561 2736 om.
1579 2708 1628 2745 D.»
1650 2707 1674 2725 ⁸⁹
1690 2707 1734 2734 τὸν

50 2745 204 2784 Νεστογγον
219 2742 384 2785 Ἀνᾷρονικον
403 2751 464 2785 oin.
532 2757 566 2782 -ἶ
582 2743 588 2759 ¹
605 2746 729 2768 τοσοῦτον
748 2742 779 2762 -ἑ
794 2742 922 2785 ἐκΙωλνσσν
938 2751 998 2785 ραι.
1016 2745 1047 2772 D.
1087 2746 1097 2762 ²
1112 2742 1139 2774 ὃς
1153 2747 1198 2770 καὶ
1213 2745 1306 2780 ὐστρον
1322 2742 1498 2785 ἀπῳραξτερι
1513 2743 1734 2785 ιξιρνσουλμοίνους

50 2783 96 2805 και
108 2777 154 2815 ,ἧν
180 2777 234 2815 ἐκεῖ
249 2777 330 2815 μέχρι
351 2780 382 2807 D.
421 2779 432 2796 ⁸
447 2781 492 2804 καὶ
506 2793 542 2799 -
555 2777 712 2805 ἀντεποιεῖτο
737 2785 799 2806 om.
814 2779 847 2806 D.

51 2814 148 2842 Ἰταλοὶ
169 2813 296 2841 συνελθεῖν
303 2813 344 2842 ’1)-

887 2779 898 2797 ⁵
919 2780 1020 2816 νύκτωρ
1040 2795 1075 2800 -
1092 2779 1270 2816 προσέχοντας
1284 2787 1346 2809 om.
1362 2779 1396 2808 ΒΣ

1435 2780 1446 2797 ³
1471 2779 1497 2807 δ’
1520 2779 1686 2813 ἐθελήσαντες
1709 2781 1734 2807 οἱ
