1970 3082
32 163 118 192 1053

837 159 1010 190 ANNALES-

1666 164 1734 192 1054

29 226 208 264 ἐκεκράτητο
238 227 296 255 ταῖς
325 227 376 250 τῶν
411 223 582 260 ἀναλωμάτων
617 221 765 260 δαψιλείαις
805 225 847 250 καὶ

936 223 1073 252 imodum
1086 223 1356 260 prosequebantur,
1373 223 1562 258 detineretur,
1588 232 1642 252 nec
1667 225 1731 254 leve

29 275 96 302 ταῖς
114 274 192 306 σφῶν
210 268 358 302 δεξιώσεσι,
379 270 424 294 καί
446 270 474 295 τὸ
503 268 598 298 πολλὴν
623 270 693 305 ἲχειν
719 271 777 307 περί
806 269 851 295 αὐ-

32 318 83 342 τὸν
118 316 269 351 ὑπηρεσίαν
298 315 375 340 τέκνα
400 323 427 340 τε
453 314 610 350 θεράποντάς
634 323 662 340 τε
693 315 738 339 καὶ
773 315 850 351 θερα-

33 358 176 391 παινίδας
188 359 233 386 οὐκ
249 359 335 395 ὀλίγον
364 357 444 385 ἐποίει
464 359 548 394 τούτῳ
573 360 602 384 τὸ
629 357 759 395 ἰμποδὼν.
782 358 852 385 Ἀλλ’

35 407 71 435 ἧν
89 405 169 440 αὐτῷ
184 405 253 430 κατὰ
266 407 324 430 νοῦν
337 407 373 438 τῷ
387 406 455 436 τότε,
472 404 555 434 καθὼς
584 403 614 429 ἆν
637 404 689 440 ἄρα
718 401 851 440 δυνάμεως

38 452 146 487 σχοίη,
162 449 184 476 εἰ
203 447 304 481 δεήσει,
326 446 568 486 παρακινδυνεῦσαι
592 450 658 484 πρὸς
683 450 730 478 τὴν
759 447 852 480 ὶξὶλευ-

38 505 84 521 σιν
100 497 151 520 καὶ
167 492 361 523 ἁποπλῆσαιτό
385 491 608 529 σπουδαζόμενον.
640 493 686 519 Διά
710 502 750 519 τοι
776 497 851 519 τοῦτο

35 539 111 576 κάμὲ
136 540 202 576 πρὸς
233 540 276 564 τόν
316 541 460 574 κρατοῦντα
499 539 676 575 προπέπομφε.
720 537 852 564 mox“:

38 583 72 611 δὲ
88 588 187 610 τοῦτον
213 585 289 613 νόσος
314 581 418 619 βαρεῖά-
444 583 557 618 ἠμιθνὴς
589 583 640 619 γὰρ
675 579 774 618 σχεδὸν
806 584 852 608 καὶ

36 629 177 666 ἡμίξηρος
209 629 328 664 γεγονὼς,
363 629 422 664 περὶ
455 625 504 653 δύο
536 636 586 653 που
618 628 662 655 ἔτη
699 631 729 663 τῇ
777 626 849 664 κλίνῃ

35 672 369 711 προσπεπατταλευμένος,
397 671 504 698 ἀπελιπε
524 675 570 698 τοῦ
600 671 672 708 βίον,
703 671 781 702 αὐτὸς
821 669 852 698 δὲ

37 718 231 754 ἐναπελείφθην
253 721 308 748 τοῖς
332 716 484 753 ἀνακτόροις
516 717 676 753 προμηθείας
710 715 851 752 βασιλικῆς

38 763 209 800 ἀξιούμενος.

78 807 110 834 λ’.
126 808 173 839 Ὠς
198 810 261 843 γοῦν
290 807 395 842 ἔφημεν,
423 805 575 832 καταλαϐὼν
599 805 612 831 ό
638 805 689 843 ρὴξ
719 805 849 839 Ἰωάννης,

40 854 55 879 ὁ
88 855 136 879 καὶ
177 851 301 889 βασιλεὺς
336 850 630 881 Κωνσταντινουπόλεως
666 850 849 887 φημιζόμενος,

38 901 91 927 την
117 896 268 933 Λάμψακον
296 898 354 932 περὶ
385 897 428 922 τὸν
466 896 534 922 οὕτω
574 905 627 926 πως
664 895 850 932 ὀνομαζόμενον
866 903 885 930 Β

38 944 123 969 τόπον
146 941 238 968 Ὁλκὸν
265 942 312 972 τὰς
338 944 400 970 νῆας
424 941 517 966 τούτου
543 941 719 977 καθώρμισεν,
749 939 778 966 Ὀ
820 938 849 966 δὲ

43 986 175 1024 βασιλεὺς
196 986 318 1016 Ἰωάννης
341 984 396 1011 ἐπεὶ
419 987 455 1022 μὴ
482 984 538 1021 εἶχε
564 985 620 1021 μεθ’
650 984 742 1011 ἑαυτοῦ
768 994 849 1022 στρα-

40 1034 85 1058 τόν
101 1031 251 1067 ἀξιόμαχον
266 1030 384 1056 κωλύσαι
398 1031 482 1064 τούτῷ
497 1032 544 1058 τὴν
559 1027 646 1061 ἔξοδον
661 1027 698 1056 δι’
717 1029 748 1061 ἇς
777 1029 849 1066 εἰρῆ-

42 1087 96 1103 κειν
113 1076 202 1106 αἰτίας
216 1076 252 1108 δ’,
272 1067 396 1111 μεθόδοις
422 1078 612 1111 στρατηγικαῖς
637 1075 692 1110 μεθ’
717 1074 750 1100 ὧν
779 1075 849 1110 εἶχεν

43 1122 140 1157 ὀλίγων
162 1121 208 1152 τὰς
236 1124 285 1147 τῶν
309 1120 438 1156 πολεμίων
463 1121 576 1150 κινήσεις
607 1118 725 1148 ὶκώλυεν.
756 1119 849 1151 Ἐξῆλ-

45 1168 89 1193 Θον
102 1170 168 1202 γοῦν
183 1166 208 1192 οἱ
219 1168 326 1192 Λατῖνοι
350 1166 394 1190 καὶ
417 1165 429 1190 ό
456 1165 552 1190 τούτων
577 1163 627 1201 ῥήξ
646 1164 775 1196 Ἰωάννης,
803 1167 849 1190 καὶ

45 1209 177 1237 ἐϐάδισαν
192 1212 236 1246 μὲν
251 1211 347 1239 τόπους
369 1210 441 1240 τινὰς
462 1208 673 1246 παραιγιαλίους.
704 1207 773 1235 Οὐδί
798 1210 848 1246 γὰρ

45 1255 179 1286 ἠδύναντο
212 1256 371 1292 μακρότερον
403 1257 452 1279 τῶν
481 1257 550 1282 νηῶν
577 1253 660 1279 αὐτῶν
689 1253 847 1283 ἁποστῆνὰιο

45 1303 58 1327 ό
80 1302 134 1337 γὰρ
159 1300 374 1336 άντιστρατηγῶν
401 1298 490 1329 αὐτοῖς
521 1297 645 1334 βασιλεὺς
682 1297 849 1327 ἐπηκολούθει

45 1349 92 1372 καὶ
119 1346 227 1382 ὑπῆρχε
263 1343 346 1375 δεινός
383 1345 448 1380 μετὰ
478 1346 572 1381 μικρᾶς
607 1353 673 1369 πανυ
716 1341 848 1380 δυνάμεως

46 1391 224 1427 ἀναχαιτίσαι
236 1390 294 1419 τοὺς
311 1388 442 1419 ἕναντίους
471 1388 506 1417 ⁵³.
529 1387 558 1414 Ὀ
582 1389 627 1424 μὶν
651 1386 695 1414 οὖν
724 1387 848 1424 βασιλεὺς

45 1438 106 1473 περὶ
122 1436 167 1465 τὰς
181 1438 231 1460 τῶν
247 1433 347 1470 βουνῶν
370 1433 498 1469 ὑπωρείας
520 1432 630 1459 ἐποιεῖτο
658 1433 704 1463 τὰς
730 1434 846 1470 πορείας,

43 1482 106 1518 περὶ
134 1477 164 1506 δὲ
186 1479 230 1509 τὰς
258 1479 347 1509 ἠῐόνας
367 1479 392 1504 οἱ
419 1477 527 1506 Ἰταλοί.
553 1477 656 1513 Ὀλίγον
679 1476 722 1503 οὖν
751 1479 847 1514 χρόνον

45 1523 248 1554 διαϐιϐάσαντες
263 1522 288 1548 ἐν
301 1526 331 1558 τῇ
348 1526 394 1549 τοῦ
416 1521 545 1558 βασιλέως
563 1521 739 1558 παραιγιαλίῳ
770 1518 862 1559 χώρᾳ’

45 1569 132 1605 (οὔπω
153 1569 204 1605 γὰρ
229 1565 399 1604 παρέδραμον
425 1568 544 1604 τέτταρες
570 1566 657 1602 μῆνες)
693 1568 738 1592 καὶ
762 1565 847 1606 ολίγον

44 1617 124 1640 τόπον
151 1614 312 1642 πατήσαντες
325 1611 389 1646 (ἀπὸ
415 1611 465 1648 γὰρ
494 1615 541 1642 τῆς
572 1610 721 1647 Λαμψάκου
765 1612 847 1648 μέχρι

45 1661 92 1684 καὶ
118 1661 167 1684 τῶν
195 1660 332 1694 Κεγχρεῶν
361 1656 385 1673 ⁵⁸
413 1655 557 1691 ἀφίκοντο),
583 1657 676 1691 μικρὸν
709 1655 723 1685 ἡ
764 1653 846 1692 μηδὲν

45 1703 206 1739 λυμήναντες
224 1701 386 1738 (προῦφθασε
400 1701 451 1737 γὰρ
480 1701 492 1726 ό
513 1699 638 1736 βασιλεὺς
663 1700 696 1726 τὰ
726 1698 845 1736 χρειώδη

45 1749 133 1774 πάντα
162 1749 217 1776 τοῖς
251 1745 422 1782 ὑψηλοτέροις
449 1747 537 1776 τόποις
565 1743 763 1779 διασώσασθαι)
805 1744 847 1771 επὶ

46 1794 76 1819 τό
98 1796 148 1818 τῶν
172 1794 266 1826 Πηγῶν
293 1789 434 1827 ἰχὼρησαν
463 1790 542 1823 ἄστυ,
570 1790 594 1815 ἔν
620 1791 697 1825 μόνον
725 1790 846 1827 φρούριον

46 1836 249 1873 χειρωσάμενοι,
275 1834 288 1861 ὂ
318 1832 471 1871 Κεραμιδᾶς
500 1834 665 1870 ὀνομάζεται,
701 1836 761 1870 περί
796 1843 845 1860 που

45 1884 107 1912 τοὺς
118 1879 228 1917 βουνοὺς
242 1878 404 1916 διακείμενον
417 1882 462 1909 τῆς
486 1880 615 1910 Κυζίκου.
646 1877 726 1914 Εἶχον
750 1876 780 1905 δε
801 1880 846 1905 καὶ

45 1927 92 1956 τὰς
105 1929 166 1956 ναῦς
183 1924 268 1951 αὐτῶν
295 1924 415 1960 ἑτοίμους
439 1924 473 1955 εἰς
496 1926 543 1953 τὴν
575 1925 769 1950 Κωνσταντίνου
794 1933 845 1950 πα-

45 1971 212 2004 λινοστῆσαι,
240 1971 290 1996 Καὶ
314 1970 416 2005 ᾤχοντο
439 1968 469 1995 ἂν
499 1970 629 2004 αὶσχύνης
662 1970 708 1994 καὶ
749 1970 845 2004 ζημίας

45 2015 250 2051 πεπληρωμένοι,
268 2014 340 2050 εἰμὴ
366 2017 412 2040 τοῦ
437 2018 486 2040 τῶν
513 2017 608 2049 Πηγῶν
635 2014 730 2044 ἄστεως
760 2023 845 2050 περιι-

44 2063 147 2097 γένοντο
161 2063 192 2095 τῇ
209 2059 302 2095 κλοπῇ-
318 2059 383 2096 ἀνὴρ
393 2059 444 2095 γάρ
474 2068 512 2088 τις
542 2056 625 2089 δεινὸς
649 2057 845 2095 ἀναῤῥιχᾶσθαι

45 2115 111 2142 προς
132 2103 298 2141 ἀκρωνυχίας
325 2107 422 2140 πετρῶν
449 2103 488 2139 [Ρο
518 2102 565 2139 26]
592 2101 653 2129 ὁδὸν
680 2102 777 2140 ἐφεῦρε,
807 2101 844 2129 δι’

46 2149 78 2181 ἧς
93 2149 267 2184 ὡπλισμένους
278 2150 406 2178 Λατίνους
421 2148 445 2165 ⁵⁵
459 2147 494 2178 εἰς
509 2149 556 2176 τὴν
584 2147 722 2185 ἀκρόπολιν
751 2149 844 2179 νυκτὸς

46 2193 206 2226 ἀνεϐίϐασεν,
222 2193 247 2219 οῖ
266 2195 309 2219 καὶ
340 2195 395 2223 τοίς
420 2191 527 2228 φύλαξιν
555 2193 647 2228 αἴφνης
673 2191 844 2218 ἐπεισπεσόν-

45 2249 88 2269 τες
102 2239 196 2269 αὐτούς
212 2248 238 2264 τι
264 2237 402 2274 ἐφόνευσαν
430 2239 475 2263 καὶ
504 2236 569 2263 εἶλον
598 2238 626 2262 τό
653 2237 732 2264 ἄστυ.
760 2240 842 2263 Τοῦτο
862 2258 886 2286 D

45 2286 111 2320 πρός
139 2282 231 2319 βραχὺ
256 2284 301 2319 μὲν
330 2282 366 2312 εὶς
407 2279 506 2308 δειλίαν
548 2281 689 2318 Ῥωμαίους
733 2281 841 2308 ἐνέϐαλε-

46 2328 145 2364 πλήρης
156 2329 207 2364 γὰρ
225 2328 256 2356 ἧν
277 2328 292 2356 ἠ
320 2326 394 2357 πόλις
422 2324 523 2363 ἀνδρῶν
557 2325 640 2352 καλῶν
671 2335 697 2352 τε
723 2325 844 2362 κάγαθῶν

47 2372 97 2399 κάκ
120 2376 166 2398 τῶν
189 2373 407 2408 περιφανεστέρων
434 2369 459 2396 ἐν
496 2373 670 2407 στρατιώταις
700 2371 734 2398 ⁵⁸,
773 2371 846 2398 Ἀλλ’

46 2419 61 2447 ἡ
93 2421 137 2443 τοῦ
160 2415 291 2453 βασιλέως
324 2416 441 2452 περὶτὰ
472 2419 581 2441 τοιαῦτα
624 2415 759 2451 οἰκονομία
800 2419 846 2442 καὶ

48 2462 276 2499 στρατηγικωτάτη
293 2459 409 2490 δεινότης
436 2462 484 2489 τὴν
511 2464 559 2486 τῶν
582 2459 712 2496 Ῥωμαίων
746 2459 845 2486 δειλίαν

46 2516 102 2532 τοτε
118 2505 296 2538 ἀπετινάξατο,
315 2507 358 2531 καὶ
374 2504 410 2535 εἰς
434 2506 525 2530 πτοίαν
556 2503 650 2540 μᾶλλον
674 2506 733 2535 τοὺς
763 2507 844 2531 Λατί-

906 268 1163 297 essetdomesticm
1170 268 1359 304 supellectilis
1366 269 1609 305 amplitudo,ﬁlii,
1617 269 1730 303 famuli,

906 313 1088 349 famulaeque
1097 313 1345 349 impedimentum
1360 322 1366 341 :
1378 313 1408 340 in
1420 321 1455 342 ea
1464 313 1658 341 nihilominus
1668 322 1733 350 per—

906 357 1006 386 stabat
1019 357 1176 391 sententia,
1197 358 1358 393 siquando
1374 357 1499 386 facultas
1523 360 1615 393 esset,
1642 358 1732 387 etiam

905 403 983 431 vires
998 405 1184 430 exserturum
1192 402 1337 430 etexitum
1350 404 1532 430 tentaturum
1546 405 1574 431 et
1588 406 1733 439 concepta

905 449 977 475 vota
985 447 1148 480 obiturum,
1155 447 1283 483 ideoque
1289 455 1337 475 me
1344 447 1384 475 ad
1394 447 1604 484 imperatorem
1615 448 1733 484 praemi-

907 494 993 520 serat.
1012 492 1068 521 Sed
1083 491 1208 520 morbus
1217 492 1318 527 gravis
1328 494 1454 520 conatus
1465 492 1620 528 intercepit
1631 501 1637 520 :
1649 501 1732 521 nam-

906 544 965 573 que
980 544 1057 573 pene
1064 537 1224 565 semivivus
1233 539 1261 565 et
1276 537 1377 565 media
1387 537 1434 565 sui
1442 539 1526 574 parte
1537 537 1595 565 fere
1604 537 1733 566 exsicca-

907 582 966 615 tus,
981 589 1138 618 annosque
1149 581 1264 609 circiter
1275 581 1353 609 duos
1363 581 1439 610 lecto
1450 581 1596 617 detentus,
1608 582 1732 611 tandem

905 625 998 654 vitam
1008 626 1118 654 amisit.
1130 627 1194 662 lpse
1203 634 1272 654 vero
1285 626 1316 653 in
1327 626 1397 654 aula
1406 626 1599 663 imperatorio
1610 629 1732 663 sumptu

905 671 1082 700 necessariis
1101 670 1291 707 providebar.

939 805 984 833 30.
1001 805 1062 833 Rex
1074 804 1153 833 enim
1167 805 1307 837 Joannes,
1322 807 1355 833 ut
1369 804 1481 833 dictum
1501 807 1555 840 est,
1581 805 1634 841 qui
1660 805 1730 834 item

905 849 1079 885 Cpolitanus
1092 849 1255 885 imperator
1280 849 1514 883 acclamabatur,
1529 851 1731 886 Lampsacum

904 894 1051 930 appulsus
1065 894 1096 921 in
1106 894 1207 922 locum
1221 894 1343 922 Holcum
1355 894 1468 922 dictum
1478 902 1571 923 naves
1585 902 1655 923 suas
1672 895 1726 932 51

904 938 1057 967 subduxit.
1072 939 1204 967 Joannes
1219 941 1319 967 autem
1339 939 1511 975 imperator,
1537 947 1605 967 cum
1632 939 1671 968 ad
1686 948 1731 968 re-

904 983 1072 1012 sistendum
1088 991 1123 1012 ac
1149 983 1328 1012 descensum
1352 984 1579 1019 impediendum
1600 984 1640 1012 ob
1664 986 1730 1019 jam

903 1028 998 1056 dictas
1023 1036 1131 1057 causas
1157 1029 1260 1065 copias
1289 1036 1352 1057 non
1380 1029 1514 1064 haberet,
1551 1029 1730 1058 militaribus

903 1074 1018 1102 artibus
1034 1082 1104 1102 cum
1124 1074 1232 1110 exiguo
1248 1074 1342 1102 milite
1367 1074 1498 1102 hostium
1523 1076 1622 1102 motus
1636 1075 1729 1111 repri-

903 1118 1015 1146 mebat.
1028 1118 1250 1147 Descenderunt
1261 1119 1353 1146 Latini
1364 1121 1392 1146 et
1402 1126 1506 1146 eorum
1516 1127 1567 1146 rex
1586 1119 1727 1155 Joannes,

903 1171 1016 1199 perque
1030 1162 1098 1191 loca
1117 1163 1258 1199 quaedam
1278 1163 1428 1191 maritima
1442 1163 1497 1191 iter
1524 1163 1728 1199 intendebant,

903 1215 972 1236 cum
989 1215 1007 1236 a
1025 1207 1154 1242 navigiis
1179 1207 1331 1235 discedere
1346 1207 1450 1243 procul
1474 1215 1535 1235 non
1562 1207 1728 1236 auderent:

902 1260 976 1280 nam
988 1259 1040 1280 eos
1066 1251 1200 1280 adversis
1224 1252 1318 1288 copiis
1346 1251 1508 1288 imperator
1537 1251 1727 1288 sequebatur,

902 1296 1024 1333 ingenio
1039 1299 1196 1333 promptus
1210 1299 1239 1324 et
1251 1304 1328 1330 acer,
1344 1297 1397 1333 qui
1421 1305 1491 1324 cum
1519 1304 1613 1332 parva
1640 1297 1730 1325 etiam

902 1341 1132 1370 manuhostium
1143 1341 1275 1377 impetus
1286 1340 1488 1377 propulsaret.
1497 1342 1662 1378 Imperator
1676 1349 1729 1377 per

902 1385 1019 1413 radices
1034 1385 1194 1419 montium,
1207 1385 1270 1413 Itali
1284 1393 1337 1421 per
1358 1385 1456 1414 littora
1480 1385 1535 1414 iter
1564 1385 1728 1415 habebant.

901 1431 1010 1458 Parum
1024 1430 1125 1466 itaque
1137 1429 1166 1457 in
1180 1437 1233 1458 ora
1241 1429 1393 1458 maritima
1404 1430 1578 1466 imperatori
1593 1430 1729 1466 subjecta.

901 1474 1195 1510 commorati(neque
1202 1474 1277 1502 enim
1285 1476 1426 1510 quattuor
1432 1481 1546 1502 menses
1558 1475 1728 1510 exegerant)

901 1527 957 1547 nec
967 1518 1061 1547 multo
1072 1519 1185 1547 calcato
1197 1518 1272 1553 solo,
1283 1527 1353 1546 cum
1364 1527 1382 1546 a
1394 1519 1561 1554 Lampsaco
1570 1519 1729 1547 Cenchrias

902 1572 997 1600 usque
1006 1571 1043 1592 ne
1056 1563 1180 1591 minimo
1191 1562 1314 1600 quidem
1333 1563 1446 1591 damno
1457 1563 1548 1590 illlato
1566 1563 1728 1599 processis-

902 1611 968 1637 sent
983 1609 1127 1645 (namque
1146 1607 1309 1644 imperator
1335 1607 1579 1635 eminentioribus
1589 1607 1661 1634 locis
1675 1615 1727 1635 ne-

901 1653 1033 1682 cessaria
1057 1660 1186 1690 qumque
1213 1655 1301 1681 antea
1328 1652 1478 1680 conducta
1502 1651 1532 1679 in
1559 1651 1727 1680 custodiam

902 1697 1085 1734 tradiderat),
1098 1697 1137 1726 ad
1148 1699 1293 1733 Pegarum
1307 1697 1454 1734 oppidum
1463 1696 1620 1732 deﬂexere,
1638 1696 1727 1725 unico

901 1744 1019 1771 tantum
1035 1742 1167 1778 castello,
1184 1742 1232 1770 cui
1245 1742 1408 1770 Ceramidaa
1421 1749 1533 1770 nomen
1567 1743 1619 1775 est,
1649 1741 1729 1770 circa

901 1788 995 1824 Cyzici
1006 1788 1085 1816 coles
1097 1788 1165 1821 sito,
1186 1787 1315 1815 devicto.
1345 1788 1440 1815 Naves
1460 1794 1532 1815 vero
1558 1789 1727 1823 promptas,

900 1833 1012 1870 quibus
1026 1841 1057 1862 se
1078 1833 1193 1869 Cpolim
1225 1832 1410 1866 reducerent,
1434 1832 1599 1865 habebant,
1629 1833 1658 1860 et
1684 1839 1729 1860 re-

901 1880 1052 1906 meassent
1067 1878 1169 1914 utique
1189 1877 1307 1914 probris
1317 1885 1352 1905 ac
1367 1877 1487 1905 damnis
1502 1876 1591 1913 pleni,
1604 1876 1635 1904 ni
1646 1876 1727 1904 furto

900 1924 1047 1958 Pegarum
1057 1923 1204 1959 oppidum
1212 1924 1437 1959 expugnassent
1443 1943 1449 1950 .
1455 1922 1504 1950 Vir
1512 1921 1593 1949 enim
1601 1920 1728 1957 quidam

900 1975 1042 1996 saxorum
1057 1969 1209 2004 praerupta
1219 1967 1363 1995 scandere
1371 1966 1473 1994 dexter
1485 1974 1521 1994 ac
1532 1966 1625 1994 solers
1644 1965 1726 1994 viam

899 2012 1020 2048 invenit,
1036 2020 1089 2048 per
1112 2020 1205 2049 quam
1231 2014 1322 2040 noctu
1343 2012 1399 2048 52
1424 2012 1453 2039 in
1473 2019 1573 2039 arcem
1593 2012 1725 2039 armatos

900 2057 988 2085 Italos
998 2057 1172 2090 introduxit,
1183 2056 1236 2093 qui
1256 2057 1422 2093 improvisa
1440 2056 1605 2092 irruptione
1629 2057 1725 2083 custo-

898 2101 988 2130 dibus
1011 2101 1222 2130 contrucidatis
1257 2101 1403 2137 oppidum
1444 2102 1638 2136 occuparunt.
1666 2101 1725 2128 Hoc

898 2146 1040 2175 Romanis
1050 2154 1112 2174 non
1128 2154 1235 2182 parum
1249 2146 1364 2174 timoris
1376 2146 1500 2174 incussit
1515 2154 1522 2173 :
1549 2145 1621 2172 urbs
1643 2144 1725 2172 enim

899 2199 935 2219 ea
949 2191 1019 2219 viris
1037 2191 1139 2227 probis
1155 2199 1189 2219 ac
1202 2190 1290 2219 bonis
1306 2193 1334 2218 et
1346 2191 1421 2218 inter
1436 2190 1543 2218 milites
1559 2189 1724 2218 celebriori-

900 2235 958 2263 bus
986 2235 1173 2264 abundabat.
1205 2237 1312 2263 Verum
1340 2235 1528 2272 imperatoris
1555 2235 1634 2263 circa
1660 2235 1726 2262 haec

900 2280 1060 2316 prudentia
1073 2282 1102 2308 et
1124 2281 1286 2317 plusquam
1309 2280 1446 2308 militaris
1461 2279 1606 2308 calliditas
1619 2281 1725 2308 Roma-

900 2333 1009 2353 norum
1047 2325 1171 2361 quidem
1198 2327 1311 2352 metum
1340 2324 1479 2359 excussit,
1519 2324 1629 2352 Latinis
1653 2331 1725 2352 vero

900 2370 1047 2406 majorem
1058 2369 1249 2398 formidinem
1263 2369 1372 2405 injecit,
1384 2371 1412 2397 et
1426 2377 1504 2406 quos
1522 2369 1579 2405 ipsi
1596 2369 1724 2406 impetus

900 2423 936 2443 ex
949 2414 1052 2451 prazda
1064 2414 1142 2442 facta
1155 2421 1310 2450 sumpsere
1326 2413 1463 2442 inhibuit.
1479 2413 1575 2448 Quare
1589 2422 1657 2442 cum
1672 2422 1724 2450 pa-

899 2467 967 2488 rum
986 2462 1038 2487 aut
1052 2458 1136 2492 nihil,
1148 2460 1180 2486 ut
1194 2458 1309 2486 dictum
1321 2460 1376 2493 est,
1386 2458 1591 2495 profecissent,
1608 2458 1724 2494 Cpolim

898 2505 1092 2533 reverterunt.

47 2561 103 2581 νους
124 2549 229 2585 ἐνέϐαλε,
247 2552 292 2576 καὶ
306 2553 353 2580 τῆς
365 2559 392 2576 τε
409 2553 522 2586 φυσικῆς
541 2549 622 2586 ῥοπῆς
638 2551 682 2575 καὶ
699 2553 744 2580 τῆς
759 2549 879 2581 ἁλώσεως
893 2554 942 2577 τῶν
955 2550 1169 2585 κατασχεθέντων
1179 2550 1346 2584 γεγενημένης
1363 2549 1452 2584 σφίσιν
1474 2548 1558 2584 ὁρμῆς
1582 2546 1721 2576 ἀνέστειλε.

49 2598 98 2622 Καὶ
117 2595 277 2632 ὑπέστρεψαν
304 2594 338 2624 εἰς
352 2596 399 2622 τὴν
416 2596 621 2627 Κωνσταντίνου,
637 2595 740 2631 μικρὸν,
751 2596 785 2624 ὡς
796 2595 890 2631 ἔφημεν
904 2594 919 2624 ἢ
933 2592 1008 2620 οὐδὲν
1022 2594 1188 2630 εἰργασμένοι
1203 2593 1240 2620 ⁵⁷.

81 2639 129 2668 λα’.
157 2639 186 2666 Ὀ
214 2641 259 2676 μὲν
289 2639 332 2665 οὖν
359 2637 486 2675 βασιλεὺς
518 2638 648 2669 Ἰωάννης.
673 2637 716 2664 οἷα
751 2638 845 2670 έκεῖνος

50 2683 130 2715 δεινὸς
153 2683 266 2722 ἐφευρεῖν
289 2681 418 2720 μεθόδους
447 2682 471 2709 ἐν
499 2684 672 2721 περιστάσεσι
706 2685 792 2710 σῶσαί
816 2693 845 2710 τε

83 2796 118 2814 δ”
131 2795 248 2822 κωλῦσαι
261 2811 296 2816 -—
309 2797 393 2826 αἰτίας
420 2802 480 2823 om.
502 2796 534 2823 Ι).

52 2832 164 2869 Θρώπους
178 2835 243 2860 Λατ.
262 2833 293 2859 D.

573 2795 597 2813 ⁵³
612 2797 656 2821 καὶ
671 2811 706 2815 -
720 2795 850 2826 ἐναντίους
877 2803 937 2824 om.
966 2795 997 2823 Β.

333 2831 357 2848 ⁵⁸
376 2832 426 2858 κάκ
438 2847 473 2851 -
491 2833 664 2868 στρατιώταις
679 2838 739 2860 om.
756 2832 790 2860 D.
806 2832 828 2849 ⁵⁷
845 2842 847 2856 1

936 2841 985 2861 ;——
998 2833 1162 2867 εἰργασμένοι
1178 2838 1239 2859 om.
1257 2831 1288 2859 D.

934 2641 977 2668 3t.
996 2641 1160 2674 Imperator
1173 2639 1301 2666 Joannes
1318 2636 1562 2674 impendentibus
1584 2635 1723 2672 periculis

898 2686 926 2712 et
940 2683 1032 2712 rebus
1047 2683 1078 2711 in
1093 2685 1260 2712 extremum
1271 2682 1408 2711 adductis
1422 2682 1582 2710 discrimen
1605 2689 1724 2710 succur-

1050 2795 1074 2812 ⁵⁵
1090 2795 1171 2831 ἄχρις
1193 2797 1237 2821 καὶ
1258 2798 1308 2820 τῶν
1334 2795 1471 2831 Κιγχρέων
1486 2794 1518 2822 D.
1559 2793 1583 2812 ⁵⁵
1598 2793 1662 2822 ὡπλ.
1680 2793 1722 2821 ἁν-
