1970 3082
243 151 311 181 1055

881 148 1023 177 GEORGII
1038 147 1276 176 ACROPOI‘lTE.

1937 22 1948 73 λ

1869 149 1931 177 ίῦόὃ

239 222 304 243 rere
319 213 477 251 perspicax
488 214 516 242 et
527 214 644 248 acutus,
659 214 692 241 ut
711 219 782 240 suos
800 211 875 240 tueri
898 219 933 240 ac
949 218 1066 239 servare
1082 210 1107 237 A
1122 220 1143 236 τε

1122 211 1152 236 τὸ
1183 210 1288 244 οἰκεῖον,
1317 211 1380 249 ὑπὲρ
1407 209 1437 238 οὖ
1465 213 1510 238 χαὶ
1536 211 1652 243 πλείονος
1679 210 1763 239 ὶδιῖτο
1798 213 1892 248 λόγου
1904 213 1934 247 ⁵³,

240 261 352 295 posset,
362 258 445 295 quod
455 260 483 286 et
493 258 590 293 magis
601 257 728 292 dignum
738 256 976 285 consideratione
992 258 1066 290 erat,

240 305 269 332 et
281 304 383 332 hostes
398 303 562 337 inﬁrmare,
572 305 601 330 et
614 310 668 338 per
677 302 741 330 haec
751 301 812 329 duo
819 301 940 337 propria
950 304 1067 329 consta-

239 348 345 382 biliret,
362 350 395 376 ut
418 347 510 376 ambo
540 347 704 383 perﬁceret,
727 346 854 374 modum
872 346 995 374 invenit.
1025 347 1066 374 Ex

239 392 426 429 imperatrice
436 394 519 420 Irene
528 391 624 419 ﬁlium
637 393 820 427 susceperat,
836 390 884 419 cui
907 390 946 418 ab
970 390 1065 427 impe-

239 439 337 465 ratore
352 437 507 465 Theodoro
521 436 640 464 Lascari
663 438 772 472 patruo
797 443 909 464 nomen
932 435 1063 467 dederat,

240 481 380 510 undecim
394 482 458 517 jam
469 489 566 509 annos
589 489 625 509 eo
639 480 782 517 temporis
807 482 922 509 natum.
948 481 1065 508 Asanus

239 526 311 555 item
325 526 449 554 ﬁliolam
461 525 566 554 habuit
580 525 720 553 Helenam
736 525 868 558 nomine,
884 525 923 553 ab
949 526 1066 559 Ungara

240 574 350 605 ortam,
364 579 546 600 novennem.
563 571 728 606 Imperator
739 571 778 598 ad
805 573 939 598 Asanum
956 569 1064 605 Bulga-

238 624 341 645 rorum
355 617 515 652 principem
530 618 663 644 oratores
678 615 774 649 mittit,
802 617 834 643 ut
846 615 1064 651 sponsaliorum

239 660 316 688 inter
333 661 389 696 53
406 668 516 697 pueros
529 662 558 688 et
581 660 657 687 inter
682 667 713 687 se
739 659 890 688 afﬁnitatis
913 659 1064 687 mentione

238 704 361 733 inducta
372 704 410 732 de
419 707 524 732 mutuo
539 704 649 732 auxilio
664 703 835 740 mutuisque
857 703 931 731 inter
951 711 982 731 se
1003 705 1064 731 tra-

238 749 345 777 dendis
354 749 453 785 operis
465 757 637 777 sermonem
649 751 849 777 consererent.
861 750 977 776 Asanus
985 748 1064 782 lega-

236 794 351 822 tionem
366 793 516 830 approbat
531 802 537 827 ;
554 796 643 830 pacta
657 795 805 822 conventa
817 793 1016 821 conﬁciuntur
1037 794 1065 820 et

235 838 432 874 jurejurando
447 838 673 866 conﬁrmantur.

274 930 317 956 32.
341 929 422 956 Tunc
458 927 532 956 mihi
575 928 794 957 matbematum
827 928 1064 957 et-sublimioris

237 972 402 1009 disciplinae
410 981 512 1001 amore
517 973 624 1008 excito,
631 973 772 1001 omnibus
778 974 875 1002 valere
879 974 890 1010 j
895 974 981 1007 ussis,
1003 981 1064 1001 una

238 1025 308 1046 cum
324 1017 388 1046 aliis
403 1018 654 1051 adolescentibus,
666 1018 707 1046 ita
717 1021 868 1047 annuente
885 1019 1064 1054 imperatore

238 1064 327 1098 atque
343 1063 530 1099 Exapterygo
555 1063 711 1091 Theodoro
740 1063 930 1096 informante,
960 1063 1064 1099 logica:

238 1107 368 1134 scientiae
394 1106 493 1135 aditus
511 1107 648 1143 foresque
672 1108 855 1144 aperiuntur.
898 1108 970 1136 Cum
996 1110 1064 1136 ante

237 1150 450 1187 imperatorem
466 1152 723 1185 convenissemus,
736 1152 765 1180 in
782 1160 829 1179 me
849 1153 982 1180 oratione
993 1160 1064 1180 con-

237 1202 325 1223 versa
344 1195 507 1232 imperator
525 1196 600 1224 dixit
619 1205 624 1224 :
643 1207 667 1223 ››.
681 1198 739 1224 Hos
765 1197 860 1225 Nicasa
889 1197 1064 1233 desumptos

238 1241 412 1276 praeceptori
427 1240 535 1268 tradidi
552 1249 559 1268 :
574 1240 625 1268 tibi
640 1248 655 1268 e
668 1241 762 1268 domu
784 1249 851 1269 mea
875 1244 1007 1277 accepto,
1033 1244 1065 1270 ut

238 1292 299 1312 una
314 1293 382 1312 cum
395 1284 444 1313 his
458 1284 656 1319 instruereris,
670 1285 841 1313 facultatem
855 1285 920 1314 feci.
937 1286 1064 1314 Ostende

237 1328 339 1365 itaque
355 1331 382 1358 te
397 1337 466 1357 vere
478 1337 493 1356 e
504 1337 572 1357 mea
581 1329 675 1357 domu
684 1337 836 1365 egressum
848 1330 950 1364 fuisse,
963 1331 1064 1367 sicque

238 1373 430 1402 mathematis
442 1373 583 1402 incumbe
594 1382 600 1401 :
609 1373 766 1402 militarem
776 1375 856 1402 enim
866 1375 954 1403 vitam
963 1378 1064 1403 secuto

236 1420 311 1454 quot
324 1426 361 1446 ex
375 1417 551 1446 liberalitate
561 1418 752 1454 imperatoris
765 1419 915 1455 stipendia
923 1419 1063 1447 constitui

238 1465 388 1499 poterunt,
405 1465 447 1490 tot
462 1462 516 1491 tibi
540 1465 592 1491 aut
617 1471 678 1491 non
708 1463 802 1492 multo
829 1463 915 1500 plura
943 1466 1064 1500 propter

237 1507 358 1535 familite
371 1507 579 1536 claritudinem
592 1511 780 1544 supererunt.
802 1511 838 1537 At
860 1509 911 1537 ubi
930 1509 1064 1545 philoso-

237 1552 316 1588 phiae
338 1552 508 1580 insinuatus
534 1553 683 1587 frugiferis
705 1554 814 1589 opibus
835 1556 862 1582 te
880 1553 1061 1590 impleveris,

237 1604 365 1632 magnos
379 1597 510 1626 honores
535 1606 570 1626 ac
593 1597 753 1633 dignitates
779 1598 830 1626 tibi
859 1598 1061 1634 comparabis.

237 1642 371 1678 Namque
382 1642 601 1670 inter-homines
614 1643 747 1671 maxime
758 1643 896 1670 omnium
908 1642 1062 1678 conspicui

235 1687 410 1722 praecellunt
433 1687 593 1723 imperator
627 1690 717 1723 atque
752 1687 961 1723 philosophus.
975 1699 988 1712 ‹‹
1003 1689 1063 1716 Hac

235 1730 432 1759 rationeraula
445 1739 582 1766 egressus
594 1732 773 1767 praeceptori
786 1739 834 1759 me
847 1731 947 1759 dedidi
966 1740 1062 1760 annos

236 1777 350 1809 septem
357 1775 494 1802 etdecem
503 1778 607 1803 natum
621 1777 842 1803 .Verumtamen
856 1777 1060 1812 Exapterygus

236 1819 267 1846 in
279 1819 470 1848 mathematis
481 1827 541 1848 non
553 1820 719 1848 admodum
736 1820 907 1856 prmstabat,
925 1821 976 1849 sed
988 1821 1062 1850 mul-

236 1865 300 1892 tum
308 1863 437 1892 dicendo
448 1864 551 1895 valuit,
560 1867 663 1901 utpote
669 1864 823 1893 rhetoricis
833 1866 937 1894 studiis
954 1867 1062 1897 eximie

235 1907 386 1936 institutus
397 1911 425 1936 et
439 1909 479 1936 ad
491 1908 695 1946 eloquendum
709 1910 874 1945 composite
900 1919 957 1939 usu
973 1915 1062 1948 atque

234 1951 356 1986 ingenio
369 1956 574 1988 comparatus,
586 1953 918 1990 ideoqueuomenillius
931 1956 1060 1984 celeber-

234 1996 346 2024 rimum
367 1997 424 2034 54
446 1997 509 2025 fuit.
535 1999 574 2026 Eo
594 1998 762 2032 demortuo,
788 2001 947 2036 postquam
972 2001 1060 2029 nobis

235 2044 410 2077 poematum
421 2042 567 2077 ambages
582 2043 761 2079 explicasset
775 2047 802 2072 et
816 2045 959 2073 orationis
970 2046 1061 2074 conﬁ-

234 2086 349 2115 cienda:
357 2089 452 2115 artem
462 2087 642 2121 tradidisset,
655 2088 694 2116 ad
707 2088 904 2117 Blemmidem
916 2090 1060 2126 Nicepho-

234 2138 313 2165 rum,
329 2139 391 2167 quo
416 2131 577 2160 neminem
596 2132 626 2160 in
653 2133 867 2169 philosophicis
895 2133 1060 2170 disciplinis

1121 254 1294 291 ἀναχαιτίσαι
1308 265 1335 282 τι
1350 257 1395 282 καὶ
1410 258 1439 282 τὸ
1454 257 1612 290 ὑπιναντὶον,
1643 258 1676 287 ὡς
1702 257 1732 283 ἂν
1763 256 1809 284 δι’
1841 256 1934 293 {gnosia

1120 301 1154 326 τὰ
1181 300 1264 326 οἰκεῖα
1285 301 1447 337 κρατύνοιτο,
1482 303 1598 338 εὑρίσκει
1635 304 1729 339 τρόπον
1766 301 1938 339 ἀποπληρω-

1120 346 1191 371 τικὸν
1211 349 1264 371 τοῖν
1285 343 1368 371 δυοῖν.
1392 346 1529 381 Ἐγεννήθη
1556 347 1607 383 γὰρ
1634 346 1703 382 αὐτῷ
1732 347 1794 382 (63)
1827 347 1894 376 υἱὸς
1917 347 1938 372 ἐῖ

1120 393 1168 419 τῆς
1188 387 1330 425 βασιλίδος
1358 390 1478 426 Εἰρήνης,
1505 389 1525 426 ᾧ
1548 394 1592 417 καὶ
1617 390 1708 421 κλῆσις
1734 395 1782 417 τοῦ
1819 392 1939 417 πάππον

1120 435 1165 459 καὶ
1191 433 1321 470 βασιλέως
1344 432 1464 472 Θεδώρου
1485 438 1530 461 τοῦ
1547 436 1706 473 ΔΔασκοὲριος
1736 435 1939 462 ὶπετέθειτο⁵⁹·

1120 477 1255 505 ἑνδέκατον
1269 476 1299 505 δέ
1325 480 1350 505 οὶ
1381 480 1437 510 ἔτος
1457 482 1514 506 τότε
1539 481 1640 509 ἠνύετο.
1668 482 1718 507 Καὶ
1744 480 1757 506 ὁ
1783 481 1886 506 Ἀσὰεν
1914 478 1940 505 ξι

1121 523 1260 560 Θυγάτριον
1290 525 1379 560 ἔσχεν,
1411 523 1494 554 Ἐλένη
1524 524 1589 554 αὐτῆ
1617 526 1741 561 τοῦνομα,
1771 526 1862 561 παρὰ
1894 528 1940 553 τῆς

1119 566 1146 599 ἐξ
1172 567 1298 605 Οὗγγρων
1324 569 1492 604 γαμηθείσης
1515 568 1596 604 αὐτῷ·
1623 569 1724 595 ἔννατον
1751 571 1801 595 καὶ
1850 569 1937 604 fair;

1118 613 1176 642 ἔτος
1200 616 1241 641 ῆν.
1272 612 1412 649 Πρισϐιίαν
1437 617 1499 649 γοῦν
1526 613 1623 640 στέλλει
1649 615 1662 640 ὁ
1689 613 1828 650 pote-Osi);
1871 615 1938 650 πρὸς

1118 658 1160 682 τὸν
1184 656 1333 695 Βονλγάρων
1362 658 1481 694 ἄρχοντα
1501 658 1593 692 Ἀσὰν,
1622 661 1667 684 καὶ
1695 661 1854 694 μνηστείας
1890 662 1938 683 τίὲν

1118 699 1220 727 παίδων
1252 703 1406 738 μνημονεύει
1431 705 1477 728 καί
1499 706 1547 734 τῆς
1565 703 1659 739 ἀμφοῖν
1694 705 1871 739 ἀγχιστείας
1896 704 1939 727 καὶ

1118 750 1165 772 τοῦ
1191 745 1227 772 δι’
1255 746 1377 777 ἀλλήλους
1403 752 1588 784 συνασπισμοῦ
1623 757 1649 774 τε
1689 750 1734 773 καὶ
1772 757 1938 784 συγχροτη-

1120 800 1182 821 eam;
1201 791 1234 808 “°-
1264 793 1314 818 Καὶ
1341 790 1449 828 δέχεται
1472 793 1485 818 ό
1512 791 1594 819 Ἀσάν
1623 795 1669 821 τὴν
1692 791 1857 830 πρεσϐείαν,
1892 794 1936 817 καὶ

1117 835 1277 872 πληροῦνται
1297 837 1324 862 αἱ
1339 839 1495 873 συμφωνίαι.
1508 839 1558 863 Καὶ
1577 838 1620 863 ἐπὶ
1643 838 1746 868 τούτοις
1772 838 1823 862 καὶ
1859 837 1936 874 ὅρκοι

1083 876 1103 903 Β
1118 879 1271 916 προῦϐησαν
1281 881 1315 908 θί.

1152 923 1204 961 λβ·
1229 927 1292 952 Τότι
1317 929 1379 961 γοῦν
1400 927 1444 952 καὶ
1470 925 1547 956 αὐτὸς
1572 927 1648 962 ἔρωτι
1669 930 1717 952 τῶν
1755 926 1933 962 μαθημάτων

1119 970 1196 1000 ἁλοὺς
1219 973 1263 996 καὶ
1290 974 1337 1001 τῆς
1368 970 1530 1009 ἁψηλοτέρας
1558 975 1607 997 τῶν
1630 971 1712 1007 λόγων
1743 969 1931 1000 παίδεὺσεως.

1117 1018 1172 1046 τοῖς
1197 1017 1264 1041 πᾶσι
1292 1017 1395 1053 χαίρειν
1417 1015 1504 1048 εἰπὼν,
1527 1015 1652 1052 θελήματι
1679 1019 1725 1042 τοῦ
1762 1019 1934 1053 κρατοῦντος

1119 1061 1184 1096 μετὰ
1209 1062 1254 1086 καί
1282 1059 1371 1096 ἑτέρων
1400 1061 1528 1097 μειράκων
1562 1061 1595 1091 εἰς
1634 1060 1680 1092 τὰς
1726 1064 1777 1086 τῶν
1810 1060 1931 1096 λθγαῶν

1118 1102 1304 1140 παιδευμάτων
1327 1105 1403 1140 θύρας
1433 1106 1597 1142 παρήγγισα,
1635 1103 1783 1135 Παιδευτὴς
1825 1103 1860 1130 δέ
1902 1104 1931 1132 ἐν

1119 1150 1181 1184 ἡμῖν
1199 1149 1212 1174 ὁ
1239 1148 1427 1186 Ἐξαπτέρυσγος
1453 1148 1588 1186 Θεόδωρος
1619 1149 1687 1186 (64)·
1720 1149 1793 1176 Ἐπεὶ
1824 1147 1857 1176 δὲ
1888 1150 1932 1184 ἔμ-

1119 1194 1230 1230 προσθεν
1258 1198 1304 1220 τοῦ
1329 1193 1460 1230 βασίλέως
1485 1194 1654 1230 συνήλθομεν,
1682 1196 1748 1231 πρός
1775 1204 1810 1230 με
1841 1196 1931 1224 τείνας

1119 1240 1162 1264 τόν
1176 1238 1251 1274 λόγον
1267 1239 1279 1264 ὁ
1293 1237 1418 1274 βασιλεὺς
1433 1239 1540 1275 εἰρήκει,
1551 1240 1586 1270 ὡς
1605 1241 1719 1270 Τούτους
1744 1241 1790 1275 μὶν
1820 1239 1852 1265 ἐκ
1884 1242 1931 1265 Νι-

1118 1284 1194 1313 καίας
1212 1282 1296 1309 λαϐὼν
1317 1287 1354 1318 τῷ
1382 1281 1561 1320 διδασκαλείῳ
1584 1282 1735 1320 παρέδωκα,
1766 1285 1796 1310 σὲ
1823 1282 1856 1310 δὲ
1884 1287 1931 1309 τοῦ

1119 1327 1181 1364 ἐμοῦ
1192 1327 1303 1354 ἐκϐαλὼν
1322 1329 1393 1354 οἴκου
1416 1331 1535 1355 τουτοισί
1566 1332 1703 1365 συναφῆκα
1727 1327 1929 1361 διδάσκεσθαι,

1119 1373 1204 1404 Δεῖξον
1224 1372 1267 1399 οὖν
1293 1374 1327 1404 ὡς
1357 1372 1458 1403 ἀληθῶς
1483 1376 1529 1404 τῆς
1552 1372 1613 1409 ἐμῆς
1640 1373 1724 1404 οἰκίας
1753 1373 1850 1409 ἐξῄιις,
1886 1375 1930 1399 καὶ

1119 1418 1217 1444 οὐτωσί
1239 1422 1289 1444 τῶν
1325 1419 1486 1454 μαθημάτων
1523 1417 1715 1448 ἁντιποιὴθητι·
1756 1422 1929 1454 Στρατιώτης

1120 1464 1165 1499 μὲν
1175 1463 1225 1500 γὰρ
1241 1464 1270 1488 τὸ
1293 1461 1456 1499 ἕπιτὴδιυμα
1477 1465 1586 1498 ’γεγονὼς
1612 1464 1698 1490 ὁπόσα
1726 1462 1757 1489 ἂν
1784 1465 1872 1499 ἔσχες
1898 1465 1929 1489 τὰ

1118 1511 1163 1534 τοῦ
1192 1509 1343 1545 σιτηρεσίου
1369 1509 1441 1545 παρὰ
1486 1512 1532 1538 τῆς
1574 1507 1716 1544 βασιλικῆς
1761 1507 1927 1541 διξιὼσιως,

1084 1556 1104 1583 C
1118 1556 1234 1579 τοσαῦτα
1248 1551 1278 1578 ἃν
1294 1554 1383 1583 ἴσωςῆ
1399 1555 1443 1579 καὶ
1468 1552 1553 1588 ὀλίγον
1579 1553 1657 1579 πλείω
1680 1563 1723 1579 σοι
1746 1551 1794 1579 διὰ
1818 1558 1849 1580 το
1882 1557 1927 1579 τού

1116 1599 1203 1633 γένους
1229 1599 1365 1634 περιφανὲς
1398 1599 1483 1624 ἔσται.
1517 1597 1646 1633 Ἐμπλιως
1690 1596 1719 1623 δὲ
1764 1597 1928 1635 φιλοσοφίας

1117 1644 1202 1678 φανεὶς
1229 1642 1345 1678 μεγάλων
1379 1642 1513 1679 agnuam—9
1542 1646 1593 1668 τῶν
1620 1646 1700 1678 τιμῶν
1733 1652 1761 1669 τε
1786 1645 1834 1669 καὶ
1876 1647 1926 1669 τῶν

1115 1691 1206 1724 γερῶν.
1231 1689 1305 1723 μόνοι
1331 1689 1381 1723 γὰρ
1410 1687 1528 1713 ἁπάντων
1557 1686 1696 1724 ἀνθρώπων
1710 1687 1926 1724 ὀνομαστότατοι

1117 1731 1243 1769 βασιλεὺς
1266 1734 1311 1758 καὶ
1336 1731 1481 1768 φιλόσοφος.
1507 1732 1583 1757 Οὗτω
1607 1733 1652 1768 μὲν
1680 1735 1728 1758 τῶν
1769 1731 1925 1770 ἀνακτόρων

1116 1779 1294 1814 ὑποχωρήσας
1318 1778 1350 1807 ὡς
1374 1775 1540 1803 διδασκάλου
1568 1779 1648 1814 φέρων
1674 1776 1790 1803 ἐνέϐαλον
1817 1777 1922 1812 ἑαυτὸν,

1116 1820 1336 1848 ἕπτακαιδεκατον
1359 1821 1410 1851 Ero;
1436 1822 1515 1856 οῖγων.
1544 1821 1592 1848 Ἦν
1617 1820 1647 1848 δὲ
1670 1821 1755 1854 οὗτος,
1782 1823 1818 1853 ὡς
1847 1823 1921 1858 ἔφην,

1116 1867 1129 1892 ὀ
1154 1866 1348 1904 Ἐξαπτέρυγος,
1373 1865 1437 1903 ἀνὴρ
1465 1866 1494 1891 οὐ
1521 1867 1588 1892 πάνυ
1617 1867 1662 1902 μὲν
1701 1867 1854 1903 ἐπιστήμων
1899 1867 1922 1893 ὲδ

1115 1915 1167 1942 τοῖς
1195 1912 1359 1947 μαθήμασιν,
1388 1911 1426 1946 [P'
1455 1910 1502 1946 27]
1530 1909 1628 1946 ἀγαθὸς
1644 1908 1673 1937 δὲ
1709 1911 1830 1947 φράζειν,
1879 1911 1921 1938 οἶᾶ

1114 1957 1254 1994 ῥητορικῆς
1296 1957 1432 1992 κατάκρως
1469 1954 1640 1993 ἑνδιατρίψας
1677 1955 1767 1992 λόγοις
1801 1959 1848 1983 καὶ
1892 1959 1919 1983 τὸ

1114 2000 1257 2037 ἐξαγγέλειν
1293 2000 1389 2036 εὐφυῶς
1421 2000 1597 2037 μεμελετηκὼς
1643 2002 1688 2027 καὶ
1736 2001 1833 2027 πολλοῦ
1872 2000 1919 2028 διὰ

1114 2050 1189 2073 τοῦτο
1215 2045 1355 2082 ἠξιωμένος
1386 2045 1522 2082 ὀνόματος.
1547 2045 1659 2072 Ἐκείνου
1688 2043 1718 2072 δὲ
1742 2045 1916 2076 τελευτήσαν-

1113 2100 1158 2121 τος
1183 2091 1248 2126 μετὰ
1274 2093 1320 2119 τὴν
1349 2089 1384 2121 εἰς
1410 2091 1481 2126 ἡμᾶς
1505 2093 1554 2116 τῶν
1584 2091 1738 2126 ποιημάτων
1771 2094 1914 2127 σαφήνειαν

1114 2137 1158 2161 καί
1174 2136 1219 2163 τὴν
1244 2138 1292 2165 τῆς
1320 2139 1369 2160 τῶν
1396 2134 1478 2170 λόγων
1502 2137 1597 2171 τέχνης
1626 2133 1816 2170 διδασκαλίαν,
1843 2138 1913 2173 παρὰ

236 2177 472 2210 praestantiorem
492 2176 643 2210 novimus,
658 2186 705 2206 me
721 2178 819 2214 ipsum
834 2179 1060 2216 contuli,etqui-
1075 2181 1097 2208 D
1115 2181 1143 2206 τὸ

1117 2181 1158 2206 τὸν
1185 2178 1332 2215 Βλεμμίδην
1356 2181 1505 2216 Νικηφόρον
1532 2180 1602 2215 (65),
1627 2179 1653 2205 ὃν
1679 2181 1736 2206 τότε
1764 2182 1859 2212 πάντες
1881 2183 1914 2208 οἰι

271 2223 295 2240 ⁵⁸
316 2224 378 2266 ὑπὲρ
391 2240 426 2266 —_
440 2223 592 2266 λογουλοιη.
609 2225 655 2266 .D._
679 2227 708 2266 F9
724 2226 815 2255 κλῆσιν
831 2231 876 2253 τοῦ
891 2228 998 2266 πάππου
1016 2227 1154 2266 Θεοδώρου
1169 2227 1299 2266 ἔμεθέτετο
1313 2227 1345 2256 D.

1394 2228 1417 2266 ἐξ
1433 2228 1532 2254 ἔννατον
1546 2243 1589 2266 ἶ
1598 2230 1803 2266 συγκροτήσεως
1819 2229 1914 2256 στελλςι

235 2258 279 2284 οὖν
293 2258 486 2296 πρὸξτοῡτονό
507 2260 630 2298 βασιλιύς
645 2263 704 2300 ὑρὲρ
720 2265 858 2298 μνηστείας
870 2267 919 2289 τῶν
932 2262 1034 2290 παίδων
1049 2266 1081 2293 D.
1107 2258 1140 2282 ’⁸⁸
1159 2258 1203 2290 καὶ
1221 2264 1264 2291 πλ.
1285 2279 1320 2284 —
1333 2263 1486 2300 προῦϐησαν
1501 2271 1562 2292 om.
1575 2265 1606 2292 D.

677 2337 849 2372 Theodori
873 2339 999 2373 Donsae
1023 2344 1056 2373 et
1079 2340 1206 2374 Leonis
1229 2339 1348 2373 Allatii
1371 2344 1473 2374 notae.

269 2416 327 2452 (63)
343 2416 482 2453 Ἐγεννήθη
505 2418 557 2455 γὰρ
586 2417 666 2454 αὐτῷ.
721 2418 832 2446 Eadem
871 2420 1063 2455 prosequitur

235 2453 380 2487 Gregoras
400 2461 429 2488 p.
446 2455 490 2487 29,
515 2453 626 2482 caetera
642 2453 838 2482 conveniunt.
856 2453 1005 2483 lntcrsunt
1020 2458 1062 2483 ta-

234 2496 304 2526 men
319 2488 394 2526 inter
404 2489 564 2526 Gregoram
572 2492 600 2517 et
606 2489 804 2526 Acropolitam
814 2498 819 2516 :
830 2497 903 2526 nam
911 2491 941 2518 in
955 2491 1061 2526 Grego-

233 2532 268 2552 ra
282 2524 371 2559 legati
378 2532 413 2562 ex
420 2524 555 2562 Bnlgaris
562 2524 693 2559 veniuui;
703 2525 732 2552 in
734 2525 906 2562 Acropolita
915 2526 953 2554 ab
968 2524 1060 2562 impe-

233 2563 331 2588 ratore
344 2560 519 2592 mittuntur;
535 2561 567 2588 in
582 2561 711 2594 Gregora
730 2560 791 2587 ﬁlia
812 2560 927 2595 Bulgari
952 2560 1061 2590 Helena

234 2595 376 2623 decennis
392 2599 445 2631 est,
459 2596 489 2623 in
505 2596 673 2631 Acropolita
687 2595 842 2628 novennis,
858 2599 926 2625 ALL.

270 2631 328 2669 (>64)
343 2629 487 2669 Θεόδωρος.
506 2631 572 2665 Legi
584 2629 683 2669 nescio
698 2630 770 2669 quid
785 2631 892 2669 hujus“
902 2632 1058 2669 Theodori,

235 2667 288 2694 sed
304 2666 451 2694 memoria
465 2674 526 2694 non
541 2667 673 2703 suggerit
686 2666 842 2703 quodnam
865 2666 937 2695 illud
955 2666 1058 2697 fuerit}

236 2704 275 2729 ad
289 2710 336 2729 res
352 2704 454 2730 tamen
476 2702 704 2730 mathematicas
733 2705 884 2739 spectasse
913 2704 1057 2740 suspicor.

236 2740 303 2765 ALL.

270 2772 384 2814 (6:5)_‘Pe
399 2773 563 2814 Blemmide
577 2773 713 2814 pluribus
727 2773 799 2814 alibi
814 2774 947 2814 egimus.
974 2775 1059 2814 Edita

237 2809 307 2836 sunt
321 2807 399 2836 illius
416 2807 622 2845 Philosophica
633 2809 784 2845 etLogica,
793 2811 822 2838 et
833 2807 984 2839 orationes
991 2811 1058 2839 dum

1115 2419 1153 2448 de
1167 2420 1358 2456 processicne
1371 2420 1495 2456 Spiritus
1502 2420 1596 2448 sancti
1611 2427 1666 2456 per
1679 2428 1728 2448 me
1735 2420 1766 2448 in
1779 2421 1912 2450 Latinum

1115 2455 1309 2493 versaedllulto
1320 2455 1405 2493 plura
1413 2458 1485 2493 sunt
1498 2455 1528 2483 in
1539 2455 1737 2493 bibliothecis.
1755 2457 1853 2493 Penes
1869 2466 1913 2485 me

1115 2491 1220 2529 suntej
1227 2490 1330 2529 usrdenj
1344 2492 1449 2524 oratio,
1462 2493 1549 2518 ὁποῖον
1560 2527 1567 2529 Ξ
1577 2490 1617 2518 δεῖ
1637 2490 1714 2529 εἶναιὲ
1725 2494 1770 2518 τόν
1792 2492 1911 2529 βασιλέα,

1115 2530 1144 2554 et
1163 2527 1286 2555 historia
1309 2527 1346 2555 de
1371 2530 1475 2555 sancto
1499 2527 1589 2556 Paulo
1613 2530 1642 2555 et
1668 2527 1733 2555 aliis
1765 2527 1910 2563 Patribus,

1113 2562 1166 2599 qui
1179 2563 1209 2590 in
1225 2565 1308 2591 Latro
1320 2566 1421 2599 monte
1435 2563 1599 2591 solitariam
1613 2563 1706 2591 vitam
1719 2565 1912 2599 egerunt,ele-

1115 2598 1290 2637 gantissime
1306 2601 1333 2637 et
1350 2598 1389 2637 ad
1403 2599 1561 2637 antiquum
1582 2607 1706 2637 succum
1732 2598 1910 2637 conscripta.

1115 2635 1146 2671 l_n
1160 2634 1299 2671 vaticana
1308 2634 1416 2671 legitur
1430 2634 1578 2671 ejusdem:
1593 2636 1678 2671 ᾼὸγος
1694 2634 1722 2665 ὃς
1737 2634 1865 2671 ἐπεστάλὴ
1879 2641 1911 2671 τῲ

1115 2669 1230 2706 βασιλεῖ,
1261 2668 1399 2706 βασιλικὸς
1431 2668 1674 2707 κληθεὶς-ἀνδριᾷς·
1710 2671 1768 2707 ἔστι
1807 2670 1836 2698 δὲ
1870 2668 1910 2698 καὶ

1113 2704 1265 2741 μονασταῖςν
1286 2707 1330 2731 καὶ
1354 2707 1432 2732 παντὶ
1466 2704 1610 2741 σπουδαίῳ’
1635 2705 1784 2738 λυσιτελής.
1808 2708 1909 2735 Princi-

1114 2741 1208 2780 pium:
1238 2743 1325 2780 Νόμος
1341 2741 1467 2780 ’ἀρχῆθεν
1495 2742 1643 2780 συμϐαίνων
1679 2745 1736 2773 τοῖς
1774 2745 1908 2780 πράγμασι

1114 2752 1208 2776 plum:
1238 2752 1325 2777 Πομ-ος
1351 2752 1467 2778 αρχησεν
1495 2752 1527 2767 συ
1551 2752 1643 2767 naut-tv
1679 2752 1716 2768 τοι

1113 2778 1173 2808 τούς
1185 2779 1315 2807 ὑπηκόους
1326 2777 1450 2814 εἰσφέρειν
1465 2781 1500 2813 τῷ
1515 2752 1630 2813 ﬁliiﬁlii.
1647 2780 1716 2806 ALL“
