1970 3082
37 76 121 104 1057

822 75 984 103 ANNALES

1674 76 1742 105 1058

28 137 132 174 δαμεν
168 138 322 175 τελεώτερον
347 141 396 163 τῶν
428 137 509 164 ἄλλων
540 138 565 164 ἐν
593 142 651 169 ταῖς
675 139 742 164 κατὰ
760 138 860 175 φιλοσο-

961 146 1038 175 nque
1053 147 1113 166 una
1126 146 1246 167 mecum
1260 138 1364 174 logicis
1380 139 1633 175 speculationibus
1647 141 1742 168 atten-

31 186 103 219 φίαν
135 184 316 219 ἐπιστήμαις,
354 181 481 218 ἐφοίτησοί
506 192 533 208 τε
554 182 633 214 αὐτὸς
658 186 703 209 xui
730 184 787 209 ὅσοι
815 185 862 209 σὺν

30 227 103 264 ἐμοὶ
129 227 270 254 ἐτελοῦντο
298 227 331 253 τὰ
355 226 456 262 λογικά.
484 229 534 254 Καὶ
559 228 572 253 ὁ
596 230 654 264 περὶ
686 228 758 264 ἡμῶν
787 227 864 263 λόγος

33 275 134 308 μέχρι
151 273 287 298 τοσούτου
313 274 367 298 νυνί
382 282 388 288 ·
424 271 531 303 ἆσαῦθις
558 270 587 299 δι
611 273 661 301 ὅπη
685 275 804 310 παρείκοι
829 276 860 309 τῇ

36 317 163 353 ἱστορίᾳ
178 315 314 354 παρεμϐλη
319 316 426 345 θήσεται
437 317 471 344 ⁸³.

79 361 138 397 λη’.
174 361 248 387 Ἐπεὶ
268 359 308 395 δε,
336 362 370 392 ὡς
414 363 586 398 προειρήκειν,
615 363 660 387 καὶ
687 361 781 398 ἀμφοῖν
808 364 862 387 τοῖν

39 405 197 442 βασιλέοιν
218 407 245 432 αἱ
266 404 379 432 σπονδαὶ
403 410 450 436 τῆς
466 405 648 442 σνμϐιϐάσεως
672 408 796 442 γένοιντο,
826 409 861 441 τῷ

36 460 71 477 τε
91 448 213 477 ϐασιλεῖ
225 460 291 486 φημι
303 450 406 486 Ἰωάννῃ
421 455 457 486 τῷ
482 452 566 487 Δούκᾳ
593 454 637 478 καὶ
663 455 698 486 τῷ
725 454 862 489 κρατοῦντι

37 499 98 521 τῶν
129 495 291 532 Βουλγοίρων
321 495 401 522 Ἀσάν
429 496 545 532 Ἰωάννῃ,
575 495 750 534 προκατέλαϐε
778 497 822 532 μὲν
848 496 861 521 ὁ

41 538 188 576 βασιλεὺς
204 539 229 557 ⁸³
246 541 294 569 τὴν
308 539 467 576 Λάμψακον,
495 543 539 566 καὶ
572 539 773 577 διαπεραιοῦται
797 542 863 577 μετὰ

36 588 96 610 τῶν
114 584 224 610 οἰκείων
241 581 374 620 δυνάμεων
401 584 436 615 εἰς
466 585 662 620 Καλλιοὺπολιν,
688 588 733 612 καὶ
759 585 863 622 πολεμεῖ

38 630 74 654 τὸ
97 629 187 661 ἄστυ,
218 628 343 660 ἑλεπόλεις
368 631 479 664 στήσας,
507 632 552 656 xui
573 629 597 656 ἓν
626 629 656 656 οὐ
671 630 755 666 πολλῷ
773 633 862 667 χρόνῳ

41 677 200 710 χειροῦται
215 677 301 709 τοῦτο,
323 677 370 704 τῆς
383 677 434 699 τῶν
461 676 597 700 Βενετίκων
630 673 765 705 διασώσας
786 679 863 701 τοῦτο

44 720 146 755 χειρός
169 718 205 745 6‘.
236 719 308 744 Μετὰ
337 721 414 744 τοῦτο
441 718 633 754 καταλαμϐάνει
662 721 709 748 τήν
737 719 864 746 Καλλιού-

46 762 130 789 πολιν
146 764 194 789 καὶ
214 763 227 788 ὁ
243 762 322 789 Ἀσὰν
337 764 384 789 σὺν
398 767 428 799 τῇ
447 763 529 799 οἰκείᾳ
555 767 655 800 γαμετῇ
685 767 716 800 τῇ
744 763 771 796 ἐξ
797 765 865 800 Οὔγ-

918 183 1040 212 debant.
1057 185 1089 211 Et
1104 184 1141 211 de
1158 192 1206 211 me
1222 184 1288 220 ipso
1300 183 1365 212 haec
1379 184 1410 211 in
1426 184 1563 220 praesenti
1576 185 1646 213 satis
1663 184 1743 213 dicta

918 228 1038 256 sintzin
1062 231 1216 264 posterum
1237 237 1307 257 vero
1330 228 1454 265 reliqua,
1483 229 1536 257 ubi
1557 237 1621 257 sese
1647 229 1744 258 tulerit

917 274 1047 309 occasio,
1065 274 1194 302 historiae
1210 274 1388 303 inserentur.

954 365 997 391 33.
1014 362 1087 391 Cum
1101 363 1214 399 itaque,
1229 364 1262 391 ut
1281 363 1492 400 prmdixeram,
1508 363 1599 392 ambo
1613 364 1745 391 Joannes

918 407 1015 435 Ducas
1031 407 1194 443 imperator
1216 410 1244 436 et
1259 410 1374 436 Asanus
1395 409 1524 436 Joannes
1549 407 1745 442 Bulgarorum

917 460 970 481 rex
983 452 1014 479 in
1032 460 1126 480 unum
1138 452 1249 480 foedere
1268 453 1326 480 icto
1342 453 1561 487 convenissent,
1584 453 1747 489 imperator

919 498 1117 533 Lampsacum
1145 499 1347 533 praeoccupat,
1371 499 1399 525 et
1422 497 1515 533 copiis
1555 497 1746 533 Calliupolim

916 541 1036 577 trajicit,
1052 541 1226 578 adactisque
1243 542 1392 570 machinis
1408 542 1562 570 castellum
1578 541 1702 576 invadit,
1719 542 1748 569 et

915 594 977 614 non
994 586 1087 614 multo
1107 589 1175 622 post
1198 594 1212 614 e
1229 586 1409 614 Venetorum
1424 586 1565 614 manibus
1578 587 1745 622 recuperat.

916 631 984 659 Post
997 631 1061 659 haec
1074 633 1192 659 Asanus
1213 639 1282 659 cum
1297 639 1389 659 uxore
1405 631 1494 659 Maria
1510 632 1630 665 Ungara
1645 634 1673 659 et
1685 630 1748 658 ﬁlia

918 676 1027 704 Helena
1060 675 1248 712 Calliupolim
1275 676 1364 711 venit,
1393 676 1444 703 ubi
1470 684 1540 703 cum
1567 675 1746 711 imperatore

919 729 1090 749 sermonem
1102 721 1231 749 conserit
1244 730 1250 748 :
1263 721 1435 757 ibidemque
1449 720 1610 748 amicitiam
1624 723 1747 756 uterque

920 766 1109 794 conﬁrmant.
1132 766 1181 794 llic
1197 765 1418 802 Hellespontum
1434 773 1496 793 non
1511 765 1633 801 trajecit,
1646 765 1699 793 sed
1716 765 1747 794 in

46 817 125 844 γρων
142 809 238 845 Μαρίᾳ
251 808 274 825 ⁸⁵
289 809 334 834 xui
347 811 378 839 τῆ
396 809 505 844 θυγατρὶ
533 807 616 845 Ἑλένη
644 809 678 842 ⁸⁷,
708 811 753 835 καὶ
778 811 865 846 συνέρ-

961 810 1091 846 lliupolis
1111 810 1247 846 partibus
1264 810 1417 838 remansit.
1433 811 1564 838 Joannes
1586 810 1749 846 imperator

48 861 137 887 χεται
172 851 206 882 εἰς
234 851 421 879 Καλλιούπολιν
451 853 473 870 ⁵⁷
499 857 534 888 τῷ
562 852 676 890 βασιλιῖ,
706 856 751 880 καὶ
777 855 809 880 τὰ
831 853 866 884 εἰς

50 896 146 932 φιλίαν
168 895 313 933 ἀμφότεροι
345 894 561 933 διαπράττονται,
592 897 675 929 Οὗτος
702 899 745 928 μὲν
767 896 810 924 οὖν
837 898 865 924 οὐ

53 939 203 978 διεπέρασε
245 942 289 967 τὸν
318 941 514 977 Ἑλλήσποντον,
555 941 608 968 ἀλλ’
636 943 729 978 ἔμεινεν
762 942 786 969 ἕν
813 946 866 974 τοῖς

52 990 101 1016 τῆς
127 985 341 1016 Καλλιουπόλεως
356 988 460 1022 μέρεσιν
476 987 510 1004 “-
541 987 554 1012 ὁ
578 985 608 1013 δί
633 985 756 1023 βασιλεὺς
779 987 867 1013 Ἰωάν-

53 1040 100 1061 νης
113 1033 165 1060 τὴν
182 1030 263 1057 αὐτοῦ
277 1030 391 1066 σύζυγον
404 1032 450 1057 σὺν
462 1035 492 1068 τῇ
512 1032 620 1069 θυγατρὶ
632 1031 716 1069 Ἑλένῃ
736 1031 820 1058 λαϐὼν
842 1033 866 1050 ⁶⁹

56 1073 267 1113 διαπεραιοῦται
297 1075 332 1106 ςὶς
361 1076 518 1112 Λάμψακον,
563 1077 623 1102 ἔνθα
651 1075 682 1106 ἦν
711 1077 726 1106 ἡ
761 1076 868 1113 βασιλὶς

56 1120 170 1156 Εἰρήνη,
188 1122 234 1146 καὶ
248 1119 380 1156 πληροῦσι
394 1123 440 1149 την
458 1125 507 1147 τῶν
533 1119 635 1147 παίδων
662 1121 688 1138 ⁷⁰
717 1122 866 1158 συνάφειαν,

56 1169 107 1191 τοῦ
123 1166 294 1201 πατριάρχου
313 1168 443 1202 Γιρμανοῡ
462 1166 495 1191 τὰ
520 1169 565 1196 τῆς
595 1166 735 1203 ἱερολογίας
748 1167 771 1184 ⁷¹
800 1166 866 1193 τελέ-

59 1219 165 1240 σαντος.
180 1213 245 1236 Τοτε
257 1212 302 1236 καὶ
324 1211 338 1236 ὁ
353 1209 478 1247 Τρινόϐου
509 1209 646 1247 ἀρχιερεὺς
674 1210 732 1247 (66)
747 1211 796 1237 ὑπὸ
823 1213 866 1237 τὸν

59 1259 109 1285 τῆς
140 1254 436 1285 Κωνσταντινουπόλεως
459 1255 535 1281 τελῶν
563 1255 705 1292 αὐτονομίᾳ
732 1257 867 1292 τετίμηται

59 1302 106 1326 καὶ
134 1300 309 1337 πατριὰρχης
343 1299 547 1336 ἀναγορεύεσθαι
577 1302 694 1338 κέκριται
735 1300 866 1337 βασιλικῷ

60 1346 107 1370 καὶ
125 1342 258 1379 συνοδικῷ
273 1347 308 1378 τῷ
325 1345 487 1380 θεσπίσματι
512 1345 547 1378 ⁷³,
572 1345 686 1381 χάριτας
711 1349 761 1370 τῶν
786 1345 867 1382 προῦ-

61 1391 165 1424 χόντων
195 1387 369 1414 ἀποτινύντων
399 1392 435 1424 τῷ
464 1389 616 1426 Βουλγὰρων
646 1390 758 1427 οἰρχοντι
787 1390 867 1416 Ἀσὰν

62 1437 109 1460 τοῦ
125 1431 224 1464 κήδους
239 1433 312 1459 ἕνεκα
325 1436 370 1459 xui
391 1438 435 1464 τῆς
459 1433 542 1469 φιλίας
571 1433 605 1461 ⁷³.
634 1433 704 1460 Ἐπεὶ
729 1438 790 1470 γοῦν
817 1435 868 1460 ὅσα

63 1477 87 1509 ἰς
116 1479 148 1504 τὰ
178 1482 286 1504 τοιαῦτα
314 1480 383 1515 φέρει
424 1477 600 1515 πεπλήρωται,
629 1479 644 1508 ἡ
683 1480 728 1514 μὲν
761 1478 867 1515 βασιλὶς

62 1523 161 1561 Εἰρήνη
178 1524 221 1549 τὸν
243 1524 299 1549 υἱὸν
315 1523 381 1559 μετὰ
393 1527 441 1553 τῆς
456 1524 558 1559 νύμφης
577 1522 695 1549 λαϐοῦσα
719 1527 773 1554 τοῖς
796 1524 868 1559 ἐῴοι,

64 1566 227 1604 συνδιῃτᾶτο
241 1570 352 1604 χώροις,
369 1568 493 1598 ᾧσαύτως
509 1565 539 1593 δὲ
567 1570 612 1594 καὶ
639 1569 653 1597 ἡ
670 1571 716 1594 τοῦ
742 1569 767 1586 7‘
785 1569 867 1595 Ἀσάν

65 1614 181 1648 σύζυγος
205 1611 229 1638 ἐν
257 1616 313 1643 τοῖς
343 1611 448 1643 οἰκείοις
476 1614 564 1642 τόποις
601 1612 770 1649 ὑπέστρεψεν,
799 1614 811 1639 ὁ
839 1612 868 1640 δε

65 1657 192 1694 βασιλεὺς
213 1656 333 1688 Ἰωάννης
358 1659 403 1682 καὶ
430 1657 444 1682 ὁ
465 1657 544 1683 Ἀσάν
568 1657 615 1688 τὰς
630 1657 725 1688 οἰκείας
744 1655 867 1694 δυνάμεις

64 1701 268 1738 προσειληφοτες
278 1704 322 1728 καὶ
350 1701 426 1738 ἄμφω
455 1703 502 1730 τὴν
525 1699 634 1731 δοτικὴν
662 1702 718 1737 (67)
739 1701 868 1740 κατέδρα-

65 1757 114 1784 μον
129 1749 231 1783 χώραν,
248 1747 332 1775 ὁπόση
345 1744 376 1776 ἦν
395 1750 449 1777 τοῖς
472 1748 596 1777 Λατίνοις
615 1744 786 1775 δουλεύουσα.
818 1749 869 1774 Καὶ

65 1792 136 1818 λείαν
156 1793 200 1828 μὲν
223 1791 315 1820 πολλὴν
345 1792 500 1820 ἐποιήσαντο
524 1791 548 1808 ⁷⁵
563 1793 606 1817 καὶ
631 1792 734 1818 Σκυθῶν
759 1791 868 1828 ἐρημίαν

65 1838 110 1871 (τό
133 1841 178 1866 τῆς
196 1838 338 1873 παροιμίας
364 1836 390 1853 ⁷⁸
413 1835 501 1871 εἰπεῖν)
532 1837 579 1864 τὴν
604 1835 708 1862 ἅπασαν
741 1835 870 1874 ἀπειργά-

69 1891 159 1913 σαντο,
176 1883 250 1917 σφίσι
266 1879 295 1907 δὲ
311 1881 396 1910 αὐτοῖς
420 1881 487 1906 κατὰ
513 1881 570 1910 τοὺς
593 1881 686 1918 ὅρκους
700 1881 722 1898 ⁷⁷
740 1882 773 1907 τὰ
800 1882 868 1910 ἄστη

68 1929 116 1953 καὶ
130 1928 175 1955 τὴν
194 1928 285 1963 χώραν
303 1923 494 1962 διεμερίσαντο.
512 1927 562 1951 Καὶ
594 1925 782 1956 Καλλιούπολις
813 1928 868 1962 μὲν,

69 1971 125 1997 ἐπεὶ
139 1973 182 1996 καὶ
210 1971 259 2007 πρὸ
287 1974 333 2000 τῆς
362 1968 533 2000 συνελεύσεως
561 1973 608 1995 τοῦ
623 1970 704 1997 ’Δσὰν
726 1969 798 2007 παρὰ
823 1974 870 1997 τοῦ

71 2014 233 2052 ﬂuendi-ig"
248 2013 322 2048 ἰάλω¹
343 2014 393 2040 ὑπὸ
421 2015 465 2039 τὸν
502 2012 614 2050 βασιλέα
637 2013 744 2050 ἐγένετο,
778 2015 871 2051 ὁμοίως

70 2062 118 2086 καὶ
141 2057 254 2086 Μάδυτα
267 2061 313 2085 καὶ
342 2061 416 2085 πᾶσα
447 2059 463 2087 ἠ
494 2058 670 2095 ὀνομαζομένη
696 2058 868 2097 Χερρόνησος.

109 2105 132 2122 ⁸³
145 2107 241 2130 Τότε-
250 2102 498 2139 παρεμωηθὴσεται
525 2111 586 2132 om.
608 2104 648 2139 Β.

109 2113 132 2122 ιη
145 2113 241 2130 Τοτε-
250 2113 287 2130 πα
306 2113 498 2139 spumans-stuc

71 2145 123 2168 τῶν
141 2140 238 2166 οἰκείων
251 2140 264 2165 ό
283 2113 407 2175 βασιλεὺς
422 2139 459 2169 εἰς
475 2139 507 2167 Ι).

73 2178 97 2196 ⁶⁷
116 2176 151 2207 εἰς
163 2175 349 2202 Καλλιοὺπολιν
368 2182 429 2202 0111.
450 2175 483 2202 Ι).

73 2212 157 2240 λαϐὼν
171 2212 202 2238 l).
256 2211 281 2228 7°
294 2210 439 2241 πληροῦται
454 2211 487 2236 τὰ
500 2213 546 2236 τοῦ
558 2208 658 2241 κήδους
669 2208 835 2237 τῶνπαίδων
853 2212 884 2238 D.

74 2247 157 2283 οδικῷ
170 2247 323 2283 ψηφίσματι
342 2247 374 2274 D.

75 2288 169 2314 ἡσαντο
197 2291 257 2310 om.
280 2284 300 2310 Ι)

75 2321 135 2351 λὲως
150 2326 210 2348 om.
229 2319 262 2346 D.

563 2139 587 2156 ⁸⁵
602 2138 739 2177 ῲασὼσας
754 2142 842 2177 χειρός

431 2246 455 2263 ⁷⁸
470 2247 584 2282 χάριτας
595 2262 630 2266 --
642 2247 728 2282 φιλίας
743 2255 802 2274 οω.
819 2248 850 2274 D.

366 2282 391 2299 ⁷⁸
406 2282 435 2308 τὸ
450 2286 497 2312 τῆς
512 2282 664 2319 παροιμίας]
679 2283 714 2312 ὡς
738 2283 798 2314 ἔπος
814 2283 847 2310 D.

542 2174 565 2192 δι’
584 2174 804 2212 οξτος-μέρεσιτξ
816 2184 876 2203 om.
895 2176 927 2203 D.

945 2244 1056 2284 διῃτᾷτο
1071 2249 1189 2284 χωρίοις,
1209 2247 1224 2276 ἡ
1242 2244 1272 2273 δὲ
1291 2251 1336 2274 τοῦ

904 2283 927 2300 ⁷⁷
957 2283 1024 2309 κατά
1053 2283 1119 2313 τοὺς
1144 2283 1235 2320 ὅρκους
1263 2290 1325 2311 om.
1353 2283 1387 2310 D.

921 863 990 883 cum
1003 863 1096 882 uxore
1115 857 1144 882 et
1166 854 1228 882 ﬁlia
1253 854 1363 883 Helena
1378 855 1589 891 Lampsacum,
1615 854 1667 882 ubi
1686 855 1750 882 erat

921 899 1202 935 lreneimperatrix,
1231 902 1354 928 remeat.
1383 901 1416 927 Et
1437 906 1600 935 puerorum
1627 900 1748 935 nuptias

921 946 1081 980 apparant,
1095 952 1163 972 cum
1173 945 1337 972 Germanus
1348 943 1518 980 patriarcha
1528 943 1584 980 55
1598 944 1675 972 inter
1683 951 1749 972 rem

921 988 1056 1016 divinam
1076 989 1252 1025 nuptiarum
1268 989 1461 1016 caeremonias
1470 988 1654 1017 absolvisset.
1668 990 1749 1016 Tunc

923 1035 952 1062 et
966 1034 1085 1062 ’l‘rinobi
1099 1034 1210 1070 praesul
1225 1034 1378 1070 Cpolitano
1393 1034 1542 1062 obnoxius
1557 1033 1749 1070 imperatorio

922 1086 957 1106 ac
973 1078 1119 1114 synodico
1135 1078 1264 1111 decreto,
1281 1081 1313 1106 ut
1326 1081 1427 1106 Asano
1447 1079 1641 1114 Bulgarorum
1667 1079 1749 1115 prin-

923 1122 980 1159 cipi
995 1122 1150 1150 afﬁnitatis
1169 1125 1198 1150 et
1218 1122 1357 1150 amicitiae
1382 1130 1476 1151 causa
1504 1123 1748 1158 gratiﬁcarentur,

923 1175 978 1194 suo
991 1167 1056 1202 jure
1070 1167 1170 1195 vivere
1184 1169 1211 1195 et
1226 1167 1402 1203 patriarchae
1420 1168 1542 1195 nomine
1558 1167 1751 1196 condecorari

922 1211 1059 1240 obtinuit.
1076 1211 1126 1240 His
1141 1219 1212 1247 ergo
1226 1220 1261 1240 ac
1274 1211 1421 1240 similibus
1436 1211 1559 1248 expletis
1577 1212 1751 1248 imperatrix

922 1256 1004 1283 lrene
1021 1264 1090 1284 cum
1115 1255 1178 1284 ﬁlio
1205 1264 1239 1284 ac
1265 1264 1378 1292 sponsa
1401 1257 1432 1284 in
1457 1256 1651 1285 orientalibus
1677 1257 1750 1284 locis

921 1300 1108 1334 versabatur,
1124 1300 1215 1328 Asani
1230 1309 1306 1328 uxor
1320 1301 1349 1328 in
1374 1301 1459 1329 sedes
1474 1309 1544 1329 suas
1560 1309 1679 1329 reversa
1693 1303 1750 1329 est.

921 1345 1049 1372 Joannes
1069 1344 1212 1381 deinceps
1231 1346 1394 1381 imperator
1414 1348 1442 1373 et
1461 1348 1578 1374 Asanus
1596 1345 1750 1374 conductis

922 1390 1016 1425 copiis
1033 1391 1157 1425 uterque
1169 1389 1325 1417 occiduam
1339 1389 1473 1426 plagam,
1487 1398 1555 1426 quae
1567 1390 1676 1419 Latinis
1690 1399 1750 1419 ser-

922 1433 1030 1467 viebat,
1046 1436 1249 1466 excurrerant,
1262 1434 1434 1470 ingentique
1448 1434 1517 1462 inde
1528 1437 1631 1470 praeda
1643 1435 1750 1471 depor-

887 1463 907 1490 C
924 1481 983 1508 tata
1003 1463 1172 1514 Scythicam
1208 1463 1410 1513 solitudinem,
1431 1481 1463 1507 ut
1487 1463 1647 1515 proverbio
1672 1463 1750 1514 utar,

922 1523 1097 1551 universam
1129 1522 1300 1557 effecerunt,
1343 1523 1471 1551 urbibus
1497 1531 1533 1552 ac
1562 1525 1693 1559 regione,
1718 1526 1752 1552 ut

920 1568 1118 1604 jurejurando
1138 1570 1348 1603 convenerant,
1363 1568 1420 1596 sibi
1434 1568 1548 1596 divisis.
1577 1569 1749 1605 Calliupolis

922 1621 990 1641 cum
1003 1615 1072 1641 ante
1086 1612 1250 1641 adventum
1273 1612 1365 1641 Asani
1380 1615 1553 1649 expugnata
1567 1613 1676 1646 fuisset,
1693 1613 1750 1642 sub

923 1657 1113 1694 imperatoris
1143 1659 1290 1694 potestate
1332 1657 1422 1685 venit.
1458 1657 1551 1686 Simili
1582 1658 1698 1686 ratione
1722 1660 1751 1687 et

923 1702 1050 1738 Madyta,
1078 1704 1105 1729 et
1141 1701 1241 1730 omnis
1266 1702 1312 1730 cui
1341 1702 1527 1730 Chersoneso
1554 1710 1667 1731 nomen
1695 1704 1748 1731 est.

923 1747 1059 1775 Habebat
1073 1749 1217 1783 praeterea
1225 1747 1388 1783 imperator
1396 1749 1424 1775 et
1434 1747 1506 1775 Cissi
1521 1750 1662 1783 castrum,
1673 1750 1702 1776 et
1711 1747 1751 1776 ad

926 1791 1047 1820 ﬂuvium
1055 1791 1107 1828 qui
1116 1791 1232 1820 Maritza
1242 1799 1260 1819 a
1275 1791 1375 1819 multis
1386 1794 1511 1820 vocatur
1523 1792 1598 1820 ﬁnes
1608 1792 1750 1821 extendit.

922 1836 1036 1864 Potitus
1049 1839 1092 1864 est
1106 1836 1145 1864 ad
1160 1836 1224 1864 hinc
1235 1838 1264 1864 et
1281 1838 1382 1864 monte
1396 1837 1488 1872 Gano,
1501 1836 1532 1864 in
1547 1845 1608 1873 quo
1623 1837 1751 1874 oppidu-

923 1881 985 1909 lum
1005 1881 1158 1914 exstruxit,
1173 1880 1258 1916 cujus
1273 1881 1304 1908 in
1320 1881 1486 1909 custodiam
1503 1881 1584 1910 misit
1596 1882 1750 1910 Nicolaum

924 1925 1096 1958 Cotertzem.
1119 1925 1216 1953 virum
1244 1925 1379 1961 plurimis
1407 1925 1519 1962 prmliis
1533 1927 1704 1960 exercitum,
1720 1927 1750 1955 in

924 1969 1035 2006 quibus
1051 1969 1128 1998 adeo
1143 1970 1321 2006 praestiterat
1335 1972 1368 1998 ut
1389 1970 1445 2006 56
1463 1971 1545 2007 apud
1557 1979 1663 1999 omnes
1678 1971 1752 2000 illud

886 2034 907 2061 ο
923 2015 1080 2050 vulgatum
1093 2014 1181 2042 fuerit
1196 2014 1348 2042 neminem
1368 2023 1466 2051 neque
1479 2018 1547 2044 ante
1569 2024 1639 2044 eum
1654 2024 1751 2053 neque

925 2062 993 2096 post
1004 2067 1073 2087 eum
1089 2058 1180 2086 fuisse
1194 2059 1247 2095 qui
1258 2061 1300 2087 tot
1310 2067 1345 2086 ac
1357 2062 1440 2087 tanta
1455 2059 1588 2087 facinora
1600 2060 1647 2088 vel
1661 2063 1753 2089 atten-

705 2104 728 2122 ⁶⁸
757 2101 877 2167 (Te—alga
902 2102 928 2131 δ’
944 2105 970 2130 αἱ
986 2102 1084 2130 σποδαὶ
1100 2102 1222 2140 ἐγενοντο,
1255 2102 1455 2141 διαπεραιοῦται
1472 2103 1500 2130 ἐκ
1520 2102 1674 2140 Λααψάκου
1685 2106 1752 2141 μετὰ

705 2149 739 2167 τας
755 2142 842 2167 γειοός
882 2161 888 2167 .
946 2141 969 2158 ⁸⁵
987 2144 1018 2167 τῆ
1040 2139 1067 2167 ἐξ
1082 2141 1208 2167 Οὗσγνοων
1223 2143 1313 2167 Μαρία
1328 2148 1388 2167 om.
1410 2141 1441 2167 D.
1499 2141 1522 2158 ⁵⁸
1537 2132 1620 2167 Ἑλένη
1636 2149 1698 2167 om.
1719 2142 1751 2167 D.

946 2141 969 2158 ⁸⁵
987 2144 1018 2175 τῇ
1040 2139 1208 2177 ἐξ-Οῦγγρων
1223 2143 1313 2177 Μαρία
1328 2139 1388 2168 Om.
1410 2141 1441 2167 Ι).

983 2173 1010 2193 ⁵⁷
1023 2177 1035 2201 ὁ
1051 2173 1095 2201 οὖν
1110 2173 1189 2201 ’Ᾰσάν
1203 2177 1250 2205 τὴν
1268 2173 1300 2201 αὖ

940 2211 964 2247 ⁷⁷
986 2210 1168 2247 ίεροτελεστίας
1184 2211 1216 2238 Ι).

1499 2141 1522 2158 ⁵⁸
1537 2132 1620 2178 Ἑλένῃ
1636 2132 1698 2170 οω’.
1719 2142 1751 2169 Ι).

1237 2186 1250 2201 ν
1269 2177 1349 2214 αὐτοῦ
1370 2178 1486 2214 γαμετὴν
1501 2177 1545 2214 καί
1557 2178 1585 2203 τό
1613 2177 1754 2214 Θυγάτριον

1273 2212 1297 2230 ⁷*
1318 2211 1441 2248 τετίμητο
1469 2211 1602 2248 βασιλικῷ
1626 2211 1671 2239 καί
1694 2211 1754 2239 συν-

1444 2248 1469 2265 ⁷⁸
1484 2250 1529 2274 καὶ
1554 2248 1624 2275 λείαν
1638 2265 1672 2269 -
1686 2248 1755 2275 ἐποι-

1447 2283 1471 2300 ⁷⁸
1500 2285 1571 2322 παρὰ
1596 2288 1642 2311 τοῦ
1673 2284 1754 2321 βασι-

514 2378 684 2414 Theodori
707 2380 832 2414 Dousae
857 2384 890 2414 et
912 2379 1038 2414 Leonis
1062 2379 1180 2413 Allatii
1204 2384 1306 2414 notae.

114 2453 169 2488 (66)
190 2451 220 2478 Ὀ
255 2449 381 2488 Τρινὸϐου
396 2449 542 2488 ἀρχιερεύς.
567 2450 737 2487 Acropolita
763 2452 813 2478 ὑπὸ
834 2452 877 2477 τὸν

82 2486 370 2517 Κώνσταντινουπολεως
396 2486 482 2519 relati-1;
512 2487 657 2521 Gregoms
679 2491 714 2522 τῷ
739 2489 799 2518 τέως
827 2488 877 2513 ὑπὸ

82 2528 124 2552 τὸν
145 2523 353 2561 ἁρχιεπίσκοπον
381 2526 434 2561 τῆς.
458 2524 565 2561 πρώτη-ς
586 2522 663 2561 τελῷν
677 2523 876 2555 Ἰουστινιανῆς.

83 2563 115 2589 Et
129 2557 270 2588 conientit
287 2557 516 2594 Ephreemius‘in
533 2558 678 2594 Chronico
691 2568 697 2588 :

116 2599 156 2631 Τῷ
174 2593 319 2623 τηνικαῦτά
330 2594 510 2631 ποιμινὰρχης
522 2593 657 2631 Τρινόϐου,

118 2635 157 2666 Τῷ
174 2630 332 2666 Βουλγαρίας
344 2630 506 2665 ὑποκείμενος
518 2630 620 2666 βρόνῳ,

120 2659 171 2695 Οὖκ
187 2665 230 2693 οἶδ
240 2659 315 2696 ’ὅπως
324 2659 440 2702 κέκριτᾶ
448 2659 560 2690 συνόδου
579 2659 665 2701 χρίσει

120 2704 285 2738 Θεσπισματί
299 2711 326 2728 τι
341 2700 386 2727 τοῦ
400 2704 552 2738 κρατοῦντος
572 2700 692 2727 Αὐσόνων

121 2740 206 2775 Τιμὴν
220 2736 390 2775 πατριάρχου
403 2736 432 2773 7s
443 2738 489 2764 καὶ
501 2736 594 2767 κλῆσιν
609 2737 690 2773 ἔχειν,

969 2449 1028 2480 Κήδ
1030 2461 1072 2489 ους
1086 2452 1204 2489 τινόντων
1217 2452 1437 2489 τῶνκρατούντων
1451 2453 1476 2489 ot
1484 2453 1575 2488 χάριν.
1587 2453 1756 2489 ᾼοτοροηιᾶ

932 2487 1085 2515 memorias
1113 2486 1200 2522 lapsu
1226 2486 1273 2514 vel
1293 2486 1406 2522 parum
1434 2486 1529 2515 rebus
1547 2486 1755 2517 ecclesiasticis

932 2523 1063 2560 intentus
1089 2522 1155 2550 hth
1177 2522 1215 2550 de
1233 2522 1363 2560 qTernobi
1391 2523 1688 2560 episcoporscripsit.
1715 2525 1755 2552 De

931 2558 1057 2587 Ternobi
1084 2558 1260 2586 autonomia
1284 2566 1339 2586 nos
1362 2558 1453 2586 etiam
1481 2558 1561 2592 alibi,
1586 2558 1757 2588 Ternobum

932 2602 1022 2630 porro
1047 2594 1182 2622 omnium
1208 2594 1300 2622 Hiemi
1319 2594 1440 2630 urbium
1466 2595 1702 2623 munitissimam
1728 2597 1757 2624 et

932 2629 1207 2666 prmstantissimam
1220 2630 1291 2666 dicit
1305 2629 1458 2664 Choniata,
1478 2630 1509 2658 in
1524 2631 1634 2659 montis
1648 2631 1757 2661 vertice

933 2665 1032 2698 sitam,
1048 2665 1126 2700 ﬁmis
1139 2665 1355 2694 circumdatam
1370 2666 1531 2700 moenibus,
1545 2669 1613 2695 ALL.

968 2701 1080 2738 (θητὴν
1095 2699 1216 2731 δυτικὴν.
1233 2703 1387 2737 Gregoras,
1398 2709 1428 2738 p.
1442 2704 1485 2730 30.
1499 2699 1568 2732 ALL.
