1970 3082
873 84 1016 113 GEORGII
1033 83 1271 112 ACROPOLITE.

233 117 298 146 1059

1857 88 1920 114 1060

228 144 298 180 tarit
306 150 419 179 felicius
433 151 481 179 vel
489 150 663 187 prosperius
672 148 805 185 gesserit,
817 150 849 175 ut
859 147 929 175 inde
945 146 1052 175 Latinis
1071 152 1095 178 Α
1110 144 1136 171 Ei

1110 144 1174 182 Εἶχε
1186 144 1242 172 δεὸ
1263 145 1387 182 βασιλεὺς
1399 149 1443 173 καὶ
1468 148 1497 173 τὸ
1519 150 1566 174 τοῦ
1586 150 1687 174 Κισσοῡ
1705 149 1850 186 φρούριον,
1880 154 1922 175 καὶ

227 196 281 232 qui
304 196 335 224 in
354 195 478 224 Tzurulo
495 198 579 224 erant
603 194 724 230 negotia
747 193 914 221 facesseret.
937 193 1054 219 Asanus

227 240 376 268 dictorum
383 240 519 268 locorum
529 242 629 276 partes
642 238 811 274 superiores
823 237 862 265 ad
876 235 1054 272 Aquilonem

228 284 329 312 tenuit.
347 284 426 311 Etad
434 284 517 320 ipsos
527 291 624 320 usque
638 281 733 318 Cpolis
750 281 973 309 murosloanne
985 287 1055 314 rege

227 329 258 357 in
271 329 327 356 illis
344 328 498 356 adsidente
514 330 542 355 et
566 328 697 355 intuente
724 327 849 361 uterque
878 324 1055 361 perveniens

226 373 380 408 ingentem
392 373 529 400 timorem
547 371 656 400 Latinis
669 371 807 406 injecere,
820 377 930 405 resque
950 376 1055 397 eorum

226 418 258 447 in
285 421 452 446 extremum
482 417 642 445 discrimen
676 415 836 443 deduxere.
867 415 958 442 Porro
986 421 1055 441 cum

227 465 392 492 autumnus
405 462 597 498 prmteriisset
612 468 647 489 ac
666 460 763 488 hiems
778 460 908 490 instaret,
925 459 1055 486 Joannes

225 508 389 544 imperator
415 509 505 543 atque
523 508 641 534 Asanus
669 507 832 541 postquam
860 504 936 532 inter
969 511 999 530 se
1018 502 1056 530 de

227 551 366 588 gerendis
387 551 613 583 deliberassent,
634 552 752 578 Asanus
782 549 903 585 quidem
930 547 1056 576 domum

225 596 392 630 revertitur,
409 596 574 632 imperator
587 595 616 623 in
634 595 781 623 Orientem
801 593 984 622 transfertur.

1109 193 1191 228 μέχρι
1217 194 1336 227 ποταμοῦ
1361 192 1387 216 ὃν
1419 192 1555 229 Μαρίτζαν
1589 193 1601 218 ό
1636 193 1714 223 πολὺς
1740 196 1923 230 μετονομάζει

1108 235 1170 266 λαὸς
1184 237 1217 261 τὰ
1233 236 1255 253 ’⁷9
1273 237 1370 274 σύνορα
1397 238 1477 263 ἔθετο.
1502 237 1646 273 Ἐκράτησε
1663 236 1693 263 δὲ
1707 241 1753 264 καὶ
1767 242 1818 264 τοῦ
1851 241 1925 275 o'pou;

1108 284 1155 307 τοῦ
1172 281 1265 314 Γάνου,
1281 283 1327 307 καὶ
1341 280 1364 307 ἐν
1381 281 1451 317 αὐτῷ
1471 280 1590 318 ἐδείματο
1606 285 1651 309 καὶ
1677 282 1833 319 πολίχνιον,
1866 285 1926 309 ἓιθςι

1109 323 1153 351 καί
1165 327 1206 351 τὸν
1239 326 1385 362 Κοτέρτζην
1411 326 1538 353 Νικόλαον
1567 327 1702 363 φυλάττειν
1728 328 1773 363 [Ρ.
1792 328 1846 364 28]
1877 328 1925 358 ἒξε-

1109 369 1194 406 πεμψε
1213 372 1257 396 καὶ
1275 371 1419 407 πράγματα
1440 373 1565 408 παρέχειν
1599 374 1719 403 Λατίνοις
1742 376 1802 403 τοῖς
1836 372 1864 398 ὲν
1896 377 1923 408 τῇ

1109 414 1273 450 Τζουρουλῷ,
1290 413 1375 451 ἀνδρα
1398 415 1502 446 πολλοῖς
1525 416 1746 452 κατεξητασμένον
1777 416 1924 452 πολέμοις,

1109 461 1154 485 καὶ
1175 458 1197 489 ἐς
1216 463 1340 485 τοσοῦτον
1360 458 1573 496 εὐδοκιμήσαντα
1605 462 1639 492 ὡς
1657 462 1758 491 πάντας
1788 463 1924 490 τοιαύτην

1111 501 1189 534 δόξαν
1208 505 1268 540 περὶ
1282 505 1374 530 τούτου
1392 508 1477 541 σχεῖν,
1505 507 1568 541 μήτε
1600 507 1650 542 πρὸ
1666 506 1746 531 αὐτοῦ
1768 509 1844 542 μήτε
1871 509 1923 542 μὴν

1110 549 1164 584 μετ⁷
1181 547 1258 574 αὐτὸν
1273 548 1348 574 ἄλλον
1367 553 1477 585 φανῆναι
1490 551 1617 580 τοιούτοις
1647 551 1729 587 ἔργοις
1757 550 1920 587 ἒγκεχειρτ-

1109 594 1174 618 κότα
1192 592 1207 622 ἧ
1235 597 1352 619 τοσαῦτα
1383 595 1575 631 χατωρθωκὸτα
1598 595 1633 622 ⁸ο.
1658 594 1688 620 ὀ
1715 593 1746 621 δε
1768 594 1859 622 Ἀσὰν
1890 597 1919 621 τὰ

225 642 342 679 ὑπεράνω
367 645 418 667 τῶν
444 640 582 677 εἰρημένων
610 641 704 676 χώρων
737 641 782 664 καὶ
808 639 873 674 πρὸς
899 637 996 674 Βορρᾶν
1026 637 1131 663 νεύοντα
1166 637 1209 673 ὑφ’
1238 637 1327 664 ἑαυτου
1366 640 1454 675 ἴσχεν.
1484 641 1572 675 Μέχρι
1600 641 1645 676 μὲν
1673 638 1718 665 οὖν
1740 642 1792 670 καζ
1831 640 1916 666 αὐτῶν

224 691 274 712 τῶν
301 689 396 722 τειχῶν
421 689 468 715 τῆς
493 686 688 711 Κωνσταντίνου
717 685 761 709 καὶ
788 682 928 720 ἀμφότεροι
953 683 1160 717 κατηντὴκεσαν,
1198 685 1244 708 τοῦ
1282 683 1363 720 ῥηγὸς
1388 683 1506 710 Ἰωάννου
1529 684 1567 710 ἐπ’
1601 684 1684 710 αὐτῶν
1718 685 1915 721 καθερζομένον

222 733 267 758 καὶ
293 732 465 768 καθορῶντος,
491 731 536 756 καὶ
563 731 655 756 πτοίαν
674 728 767 758 πολλὴν
794 731 847 758 τοῖς
880 729 1000 757 Λατίνοις
1029 725 1154 760 ἐνέϐαλον,
1187 729 1231 753 καὶ
1259 726 1283 753 ἐν
1304 732 1381 764 στενῷ
1407 727 1505 765 κομιδῆ
1535 730 1567 755 τὰ
1603 730 1659 755 κατ’
1688 729 1784 761 αὐτοὺς
1817 730 1914 756 ἔθεντο,

225 776 296 802 Ἐπεὶ
309 773 338 802 δι
363 776 376 802 6
404 778 449 801 τοῦ
477 777 628 812 μετοπώρου
654 772 785 810 πάρερρύη
811 773 902 810 καιρὸς
930 774 976 798 καὶ
995 771 1017 789 θί
1046 771 1059 797 6
1087 773 1187 807 χειμὼν
1216 772 1334 807 ἤγγιζεν,
1366 772 1483 804 ἀλλήλοις
1512 773 1700 810 συνταξάμενοι
1729 775 1743 800 ὃ
1769 783 1798 800 τε
1831 773 1914 810 βασι-

222 820 281 851 λεὺς
295 820 415 850 Ἰωάννης
433 819 506 845 καὶὸ
534 819 641 846 Ἀσὰνό
659 819 705 854 μεν
734 817 768 848 εἰς
789 819 836 846 τὴν
865 818 961 843 οίκείαν
981 817 1072 853 χώραν
1103 819 1152 841 τῶν
1182 815 1332 853 Βουλγάρων
1364 821 1458 855 χωρεῖ,
1486 818 1498 844 ὁ
1531 816 1560 844 δὲ
1595 818 1718 849 Βασιλεὺς
1748 818 1776 849 ἐς
1806 821 1857 848 τὴν
1885 820 1914 844 ἔω

224 863 339 902 διαπερᾷ
353 865 387 893 εί.

260 911 304 938 34.
321 909 412 945 Cujus
427 908 506 936 ﬁlius
517 907 691 936 Theodorus
701 915 770 935 cum
779 906 878 935 adhuc
889 906 1051 934 immatura
1066 903 1090 932 Β

1143 903 1196 933 la".
1213 905 1284 933 Ἐπεὶ
1299 904 1328 933 δὲ
1341 907 1354 932 6
1369 908 1426 938 υἱὸς
1438 907 1519 934 αὑτοῦ
1543 905 1680 944 Θεόδωρος
1707 907 1808 944 ἀφῆλιξ
1842 907 1916 943 ir},-

226 956 305 982 esset
318 956 414 987 astate,
424 955 525 990 utpote
535 953 587 989 qui
595 960 709 980 annum
719 951 923 986 undecimum,
936 952 967 978 ut
977 949 1052 978 dixi-

223 1007 304 1033 mus,
313 1007 374 1027 non
383 998 540 1027 excederet
548 1005 617 1025 cum
626 997 760 1032 reginam
769 996 909 1024 Helenam
920 995 1050 1027 duceret,

224 1044 338 1079 integer
347 1043 386 1071 ab
395 1042 578 1079 imperatrice
589 1043 669 1070 lrene
676 1049 738 1069 una
748 1049 816 1069 cum
827 1039 928 1076 puella
935 1047 1052 1067 conser-

225 1088 356 1117 vabatur
368 1096 375 1116 :
390 1087 565 1116 colebantur
575 1086 655 1114 enim
667 1086 705 1114 ab
716 1093 752 1114 ea
762 1085 847 1121 pueri
857 1086 946 1120 atque
957 1084 1050 1111 infor-

223 1133 398 1167 mabantur,
422 1134 568 1167 tanquam
593 1138 661 1166 quae
679 1130 832 1166 ingenium
856 1137 891 1156 ac
910 1130 1050 1156 naturam

223 1177 369 1213 Optimam
383 1178 470 1204 nacta
479 1175 509 1203 in
517 1182 608 1203 omne
617 1175 733 1202 bonum
741 1174 876 1202 animum
884 1173 1049 1200 inclinaret.

222 1222 313 1257 Igitur
322 1221 493 1249 Latinorum
503 1227 550 1247 res
559 1219 687 1247 nimium
696 1219 726 1246 in
738 1221 898 1253 angustum
909 1217 1047 1254 deducta,

222 1266 353 1294 duorum
364 1265 453 1293 etiam
463 1264 678 1300 imperatorum
690 1263 832 1291 afﬁnitate
840 1263 871 1290 in
882 1265 1049 1291 extremum

221 1310 318 1339 fastus
329 1310 377 1337 ille
388 1309 547 1345 depressus
557 1310 611 1336 est.
625 1309 684 1336 Rex
694 1307 832 1336 interium
842 1307 972 1336 Joannes
983 1315 1048 1335 cum

222 1362 284 1383 non
295 1354 347 1382 diu
355 1353 487 1388 vixisset,
501 1353 554 1389 57
567 1361 603 1380 ex
613 1352 786 1380 hominibus
794 1352 928 1380 sublatus
939 1359 1048 1387 genero

223 1407 278 1427 suo
291 1399 438 1427 Balduino
453 1397 639 1434 Cpolitanum
653 1397 812 1433 imperium
827 1397 1048 1425 haereditarium

221 1444 350 1480 reliquit.
362 1446 479 1471 Asanus
495 1445 652 1479 pactorum
665 1450 734 1478 qua:
746 1450 816 1470 cum
828 1441 943 1470 Joanne
956 1441 1048 1478 impe-

221 1490 318 1517 ratore
330 1489 469 1516 sanxerat
480 1489 635 1523 pertaesus,
650 1494 785 1523 quanam
795 1486 911 1514 ratione
921 1486 1014 1514 ﬁliam
1030 1493 1048 1514 ο.

220 1533 329 1561 marito
338 1532 494 1561 Theodoro
507 1532 686 1568 imperatore
701 1531 840 1560 avelleret
848 1532 876 1559 et
890 1530 939 1558 alii
954 1530 1047 1559 collo-

221 1580 302 1607 caret
315 1577 471 1614 quaarebat
484 1585 491 1605 :
508 1578 712 1605 Romanorum
731 1583 864 1612 namque
878 1575 909 1604 in
923 1575 1047 1604 meliora
1061 1580 1082 1609 ς,
1101 1585 1136 1601 τοι

1102 1579 1147 1601 τοῦ
1161 1574 1300 1613 Θεοδώρου
1323 1579 1367 1602 καὶ
1386 1576 1463 1614 ἑτέρῳ
1488 1577 1586 1606 ταύτην
1608 1574 1727 1613 κηδεύσῃ

219 1630 413 1659 progressum
445 1621 639 1654 formidabat,
691 1621 786 1656 gentis
813 1620 878 1656 ipse
904 1620 1046 1648 Romanis

219 1668 359 1697 obnoxiae
387 1669 559 1703 occupator.
603 1666 757 1694 Meditatur
784 1666 887 1701 itaque
911 1673 1045 1700 causam,

216 1713 330 1750 justam
341 1712 423 1740 illam
432 1711 554 1748 quidem
565 1713 656 1746 atque
667 1710 870 1746 conspicuam,
883 1712 915 1738 ut
926 1710 1046 1738 videba-

219 1760 278 1791 tur,
304 1756 374 1784 licet
404 1758 542 1791 expertos
568 1761 730 1790 rerumque
758 1761 868 1788 gnaros
887 1754 1046 1782 consilium

218 1800 351 1829 hominis
377 1807 439 1827 non
468 1799 639 1834 praeteriret.
670 1798 751 1826 Mittit
778 1798 815 1825 ad
836 1798 1046 1834 imperatorem

219 1847 309 1882 atque
323 1843 540 1880 imperatricem
566 1842 690 1877 legatos,
706 1841 758 1878 qui
773 1842 915 1870 referrent
929 1851 959 1870 se
977 1851 1046 1871 cum

219 1897 321 1921 uxore.
336 1889 409 1917 dum
421 1886 647 1923 Adrianopolim
659 1886 795 1920 venisset,
807 1886 926 1915 ﬁliolam
939 1888 1046 1916 intueri

217 1934 293 1964 velle
303 1936 332 1961 et
341 1935 466 1969 paterna
479 1931 699 1960 necessitudine
713 1931 852 1968 amplecti
865 1932 1045 1960 exosculari-

217 1986 286 2015 que,
316 1978 445 2013 aliaque,
471 1977 513 2004 uti
542 1984 596 2012 par
635 1983 700 2004 esse
742 1976 867 2010 videtur,
913 1977 1044 2013 explere,

216 2030 398 2059 rursumque
409 2030 439 2049 se
447 2029 515 2050 eam
523 2021 563 2048 ad
572 2028 690 2049 socrum
700 2023 728 2049 et
738 2024 909 2049 consortem
919 2021 1043 2050 thalami

216 2068 423 2097 remissurum.
453 2067 583 2094 Joannes
609 2065 772 2102 imperator
807 2069 836 2094 et
869 2066 1045 2102 imperatrix

216 2112 308 2146 Irene,
320 2112 375 2141 etsi
394 2111 529 2140 fabulam
543 2111 582 2139 ad
595 2111 739 2139 amussim
755 2111 897 2139 callerent
913 2113 940 2139 et
954 2111 1044 2148 plane

217 2158 339 2186 technas
355 2164 390 2185 ac
404 2155 560 2184 machinas
575 2159 782 2192 cognocerent,
803 2157 923 2185 mittunt
934 2157 1042 2185 ninilo-

215 2202 317 2230 minus
332 2201 371 2229 ad
384 2202 520 2229 Asanum
532 2201 625 2229 filiam
649 2201 707 2229 hoc
722 2201 886 2235 enuntiato,
903 2212 917 2226 ‹‹
942 2201 965 2229 si
993 2201 1041 2229 ille

1107 959 1186 986 χανεν
1206 950 1250 984 ὡν,
1270 949 1405 978 ἑνδέκατον
1431 953 1483 988 γὰρ
1508 950 1612 982 διήνυεν
1639 953 1704 987 ἔτος,
1737 953 1829 989 ὥσπερ
1855 954 1913 988 ἔγη-

1106 1004 1151 1031 μεν
1181 995 1246 1031 (68),
1282 996 1360 1025 ἡνίκα
1389 1001 1420 1033 τῇ
1459 995 1582 1033 βασιλίδι
1607 997 1690 1033 Ἑλένῃ
1714 996 1737 1028 ἐς
1769 1000 1913 1023 συνουσίαν

1106 1040 1192 1075 ἰμενον
1209 1039 1295 1069 ἀτελῆ.
1318 1040 1457 1076 Ἀνὴγοντο
1474 1039 1503 1067 δὲ
1529 1043 1599 1078 παρὰ
1626 1045 1674 1072 τῆς
1702 1040 1846 1078 βασιλίδος
1871 1041 1912 1067 Ei-

1105 1087 1186 1122 ρήνης
1205 1086 1250 1111 καὶ
1284 1084 1460 1120 ἐπαιδεύοντο,
1487 1086 1530 1112 οἷα
1567 1085 1648 1115 ἐκείνη
1674 1088 1774 1122 φύσεως
1807 1086 1912 1122 ἀγαθῆς

1104 1133 1228 1165 Τυχοῡσα
1245 1132 1291 1156 καὶ
1313 1131 1379 1166 πρὸς
1408 1131 1476 1157 ἅπαν
1505 1130 1581 1157 καλὸν
1605 1130 1769 1159 ὶπινεὺουσα,
1795 1132 1836 1157 Τὰ
1865 1133 1909 1166 μὲν

1104 1173 1148 1199 οὖν
1163 1178 1213 1199 τῶν
1232 1176 1349 1201 Λατίνων
1368 1176 1510 1212 πράγματα
1536 1175 1678 1204 συνεστάλη
1699 1185 1726 1202 τε
1744 1177 1804 1202 τότε
1830 1175 1906 1208 πολὺ,

1103 1220 1148 1244 καὶ
1171 1223 1206 1254 τῷ
1234 1217 1312 1248 κήδει
1343 1223 1392 1245 τῶν
1422 1218 1471 1246 δύο
1499 1219 1697 1257 αὐτοκρατόρων
1726 1220 1764 1250 εἰς
1786 1222 1907 1246 ταπεινόν

1103 1263 1170 1298 οἷγαν
1185 1266 1375 1290 κατεπεπτώκει
1391 1265 1420 1291 τὸ
1445 1266 1563 1302 φρόνημα
1582 1264 1617 1292 ⁸³.
1633 1264 1661 1290 Ὀ
1690 1263 1720 1290 δε
1742 1264 1795 1301 ῥὴξ
1815 1264 1906 1290 Ἰωάν-

1103 1317 1149 1338 νης
1178 1310 1271 1344 μικρὸν
1300 1308 1439 1339 ἐπιϐιώσας
1476 1308 1502 1340 ἐξ
1535 1308 1675 1346 ἀνθρώπων
1718 1309 1828 1344 ἐγένετο,
1860 1311 1906 1337 τὴν

1102 1355 1148 1382 τῆς
1182 1353 1473 1385 Κωνοταντινουπόλεως
1513 1353 1632 1385 ἐξουσίαν
1660 1357 1696 1389 τῷ
1729 1353 1811 1379 αὐτοῦ
1838 1363 1905 1388 γαμ-

1103 1396 1156 1434 ϐρῷ
1180 1401 1216 1433 τῷ
1232 1396 1380 1435 Βαλὸουῖνῳ
1405 1399 1437 1429 ὡς
1461 1398 1555 1436 κλῆρον
1581 1397 1738 1425 καταλιπών.
1764 1398 1793 1424 Ὀ
1820 1396 1851 1424 δέ
1876 1407 1904 1432 γε

1102 1441 1183 1467 ’Λσὰν
1222 1442 1362 1478 μετάμελος
1403 1441 1444 1468 ἐπὶ
1468 1446 1524 1473 ταῖς
1548 1446 1594 1468 τοῦ
1624 1441 1753 1478 βασιλέως
1784 1442 1902 1468 Ἰωάννου

1103 1487 1253 1522 συνθηκαις,
1269 1489 1304 1518 ὡς
1330 1487 1419 1524 ἐφάνη,
1442 1489 1575 1524 γενόμενος
1602 1489 1696 1525 τρόπον
1721 1487 1810 1517 ἐζήτει
1834 1488 1902 1518 ὅπως

1102 1529 1131 1556 ἂν
1151 1533 1198 1560 τὴν
1224 1532 1354 1568 θυγατέρα
1377 1531 1518 1568 ἀποσπάσῃ
1548 1535 1594 1558 τοῦ
1628 1532 1746 1567 συζύγου
1773 1530 1902 1568 βασιλέως

1752 1587 1758 1593 ·
1775 1581 1825 1602 τῶν
1851 1578 1900 1614 γὰρ

1101 1619 1232 1656 Ῥωμαίων
1247 1618 1343 1648 ἐδεδίει
1371 1622 1438 1647 πάνυ
1469 1623 1514 1650 τὴν
1541 1620 1565 1651 ἐς
1583 1623 1616 1648 τὰ
1638 1620 1732 1657 βελτίω
1757 1621 1781 1639 ³⁸
1809 1631 1900 1659 προκο-

1101 1667 1163 1698 πὴν,
1184 1666 1272 1696 ἔθνους
1290 1666 1381 1702 ἄρχων
1397 1666 1605 1702 ὑποτεταγμένον
1620 1665 1699 1692 πάλαι
1714 1665 1852 1702 Ῥωμαίοις
1866 1666 1901 1686 “-

1101 1712 1245 1739 Σκὴπτεται
1258 1714 1321 1746 γοῦν
1336 1710 1432 1745 αἰτίαν,
1453 1710 1487 1741 ὠς
1515 1708 1600 1736 ἐδοκει
1630 1711 1685 1746 μὲν,
1711 1710 1825 1746 εὔλογον,
1854 1710 1899 1736 κᾶν

1099 1755 1146 1781 οὐκ
1174 1754 1292 1781 ἐλάνθανε
1323 1757 1385 1786 τοὺς
1410 1754 1595 1791 ἐπισταμένους
1632 1755 1665 1780 τὰ
1691 1755 1837 1792 πράγματα
1865 1756 1898 1787 ⁸⁸,

1099 1802 1144 1826 καὶ
1157 1799 1306 1826 ἆποστελλει
1321 1799 1442 1837 πρέσϐεις
1455 1801 1520 1837 πρὸς
1541 1801 1583 1825 τὸν
1598 1798 1710 1835 βασιλέα
1735 1802 1782 1826 καὶ
1809 1802 1855 1829 τὴν
1875 1800 1897 1818 ⁸9

1100 1843 1239 1881 βασιλίδα,
1265 1846 1299 1875 ὡς
1325 1843 1379 1871 ἐπεὶ
1404 1844 1558 1874 πλησιάσειε
1586 1848 1617 1881 τῇ
1638 1842 1780 1880 Ἀδριανοῦ
1795 1845 1820 1862 ⁹⁰
1835 1843 1897 1881 βού-

1098 1889 1169 1916 λεται
1184 1889 1262 1921 αὐτὸς
1275 1899 1302 1915 τε
1317 1891 1362 1916 καὶ
1381 1890 1395 1918 ἡ
1420 1890 1535 1925 σύζυγος
1553 1891 1583 1915 τὸ
1609 1890 1747 1926 θυγάτριον
1775 1887 1839 1915 ἰδεῖν
1853 1892 1895 1915 καὶ

1098 1938 1232 1971 πατρικῶς
1271 1933 1481 1969 περιπτύξασθαι
1508 1935 1553 1959 καὶ
1585 1934 1619 1959 τὰ
1649 1933 1737 1959 εἰκότα
1760 1932 1896 1970 πληρῶσαι

1099 1981 1143 2004 καὶ
1172 1976 1244 2008 αὖθις
1268 1977 1422 2014 ἀποπέμψαι
1445 1980 1510 2015 πρὸς
1535 1979 1579 2004 τὸν
1608 1978 1727 2015 πενθερὸν
1748 1980 1795 2004 καὶ
1819 1979 1896 2008 σύζυ-

1098 2033 1144 2058 γον
1160 2024 1195 2051 9‘.
1214 2022 1243 2049 Ὀ
1269 2024 1314 2059 μὲν
1338 2021 1381 2049 οὖν
1406 2022 1531 2059 βασιλεὺς
1550 2023 1656 2054 Ἰωάνης
1684 2025 1729 2048 καὶ
1753 2024 1769 2052 ἡ
1794 2022 1895 2059 βασιλὶς

1098 2068 1207 2104 Εἰρήνη,
1232 2070 1319 2094 καίτοι
1346 2078 1376 2104 γε
1415 2067 1528 2105 ἀκριϐῶς
1555 2067 1651 2098 εἰδότες
1682 2069 1711 2094 τὸ
1743 2065 1832 2104 δρᾶμα
1852 2071 1895 2094 καὶ

1097 2112 1218 2148 καθαρῶς
1254 2113 1398 2147 ἐπιγνόντες
1432 2113 1456 2130 9'
1483 2115 1530 2141 τὴν
1557 2114 1710 2148 σκευωρίαν,
1742 2113 1810 2148 ὅμως
1833 2116 1893 2148 πεμ-

1097 2166 1178 2183 πουσι
1196 2158 1262 2194 πρὸς
1280 2158 1323 2182 τόν
1355 2157 1436 2183 Ἀσὰν
1463 2159 1510 2186 τὴν
1532 2157 1670 2194 θυγατέρα,
1694 2157 1768 2182 ταῦτ’
1797 2158 1892 2194 εἰρηκό-

1096 2211 1135 2231 τες
1148 2203 1182 2233 ὡς
1208 2201 1230 2227 εἰ
1243 2203 1289 2230 τὴν
1319 2202 1448 2238 θυγατέρα
1469 2203 1603 2237 κατάσχοι
1634 2203 1680 2227 καὶ
1707 2205 1754 2227 τοῦ
1783 2204 1892 2238 νομίμως

214 2246 308 2274 ﬁliam
319 2245 487 2274 retinuisset
498 2248 526 2274 et
539 2254 556 2274 θ.
568 2245 700 2281 legitimo
716 2246 843 2281 conjuge
859 2248 1039 2282 separasset,
1053 2257 1078 2287 ι)
1097 2255 1136 2272 συ‹

1102 2246 1288 2282 γυζευχθέντος
1302 2246 1504 2281 ἀποστερήσειε-θ
1519 2246 1553 2279 ⁸³,
1570 2247 1627 2272 ἔστι
1650 2247 1711 2277 Θεὸς
1730 2246 1742 2271 6
1767 2247 1800 2272 τὰ
1812 2248 1890 2272 mbas:

215 2299 279 2320 esse
312 2292 417 2324 Deum,
453 2291 505 2327 qui
542 2291 654 2319 omnia
674 2290 830 2326 conspicit,
860 2298 1039 2327 poenamque

249 2373 273 2390 ⁷⁸
290 2374 372 2410 μέχρι
388 2375 436 2410 τοῦ
462 2375 582 2410 ποταμοῦ
614 2371 750 2410 Μαρίτζας
774 2372 805 2410 τὰ

213 2407 257 2434 λὺν
272 2405 367 2444 χρόνον
383 2408 502 2444 ιξπόῗτῶν
520 2405 753 2444 Ῥωμαϊκῶν-ἑάλω
778 2405 924 2443 δυνάμενων
941 2409 973 2436 D.

213 2446 246 2471 τὰ
260 2441 337 2476 οἴκοι,
358 2445 371 2470 6
385 2442 414 2470 δὲ
429 2441 605 2487 βασιλεὺςοειὶς
619 2443 651 2469 ἔω
671 2441 823 2477 διεπέρασεν
845 2441 882 2471 Ὀ,

214 2483 233 2487 -
359 2482 364 2487 .
476 2480 494 2487 ,ς
635 2482 645 2487 -
725 2479 736 2487 Α
747 2481 752 2487 ,
866 2483 875 2486 -

214 2482 410 2508 Κωνσταντίνου
425 2480 460 2511 ὡς
475 2480 507 2507 D.

213 2516 369 2552 ἀποσπάσῃ.
384 2518 439 2541 Τῶν
452 2516 484 2543 Ι).
506 2550 521 2552 _
541 2515 565 2532 ⁸⁸
579 2513 648 2552 ἐςλτᾲ
663 2513 758 2552 βελτίω
776 2523 837 2552 om.
863 2513 894 2543 DL

210 2552 234 2570 "
249 2549 350 2579 στέλλει
361 2552 427 2587 πρὸς
441 2552 487 2587 τὴν
504 2550 537 2577 D.
594 2550 623 2587 ὀἱ
639 2549 851 2587 Ἀὃριανουπόλει
876 2553 908 2585 D,

213 2587 358 2624 ἐπιγνόντες
374 2585 406 2616 D.
463 2586 488 2604 9’
505 2587 596 2612 καὶ-
612 2585 812 2624 ἀποστερήσαιεν
825 2595 885 2615 om.
899 2589 931 2615 D.

940 2444 967 2482 εξ
985 2444 1055 2471 Ἐπεὶ
1069 2460 1104 2465 ~—
1117 2447 1236 2482 φρόνημα
1250 2452 1311 2482 oin.
1328 2445 1360 2472 D.

563 2479 816 2517 1ηξταίςονυνθήκαις
831 2483 876 2505 τοῦ
892 2478 1022 2517 βασιλέως
1041 2478 1235 2517 φανεὶξτρότὼν
1261 2479 1345 2510 ἐζήτει
1367 2478 1404 2506 δι’
1432 2478 1509 2517 οὗΔτὸ
1532 2478 1676 2516 θυγάτριον
1701 2483 1748 2506 τοῦ
1778 2478 1885 2517 συζύγου

952 2516 973 2533 ⁸⁷
994 2517 1080 2547 ἔθνους
1094 2531 1131 2536 —
1143 2516 1279 2553 Ῥωμαίοις
1292 2524 1351 2543 om.
1374 2517 1406 2544 Ι).

965 2552 988 2570 ⁹¹
1004 2554 1049 2578 καὶ
1077 2553 1110 2578 τὰ
1123 2567 1158 2574 ——
1174 2553 1289 2588 σύζυγον
1308 2559 1369 2580 om.
1395 2552 1427 2579 D.

1095 2291 1191 2330 ἐφορῶν
1205 2294 1250 2318 καὶ
1265 2293 1392 2328 τιμωρίαν
1415 2290 1516 2327 ἐπάγων
1532 2291 1574 2327 [p.
1604 2291 1661 2327 92.]
1684 2294 1740 2322 τοῖς
1766 2293 1826 2322 τούς
1851 2292 1889 2327 ὅρ-

923 2372 962 2436 ”D
973 2374 1136 2427 κατοὲιρθωκότ

923 2420 924 2427 η
967 2430 973 2436 ,
1066 2419 1079 2435 ο
1093 2425 1128 2429 __

1102 2372 1176 2410 κότα]
1200 2377 1276 2399 τοῦτο
1317 2371 1346 2399 δὲ
1366 2374 1394 2399 τὸ
1422 2376 1471 2403 τῆς
1502 2372 1655 2410 Τζουρουλὼ
1690 2372 1720 2398 οὗ
1753 2374 1819 2408 μετὰ
1842 2383 1887 2400 πο-

1102 2411 1185 2435 -καὶ
1209 2417 1269 2437 om.
1292 2410 1324 2437 Β.
1381 2409 1405 2426 ⁸³
1436 2407 1620 2437 συνταξάμενοι
1649 2409 1662 2434 ὁ
1682 2410 1726 2437 μὲν
1749 2409 1831 2435 Ἀσάν
1858 2409 1887 2437 εἰς

1066 2418 1185 2435 ο-και
1209 2417 1269 2437 om.
1292 2417 1324 2437 Ι).

1381 2409 1405 2426 ⁸³
1436 2407 1620 2444 συνταξάμενοι
1649 2409 1662 2434 ὁ
1681 2407 1831 2444 μὲν-Ἀσάν
1858 2409 1887 2439 εἰς

1418 2444 1505 2487 "vuln
1528 2442 1638 2487 χαμῆοῷ
1672 2442 1820 2481 Βαλδουίνῳ
1846 2447 1886 2473 τὴν

1462 2515 1486 2532 ⁸⁸
1510 2515 1746 2552 «εις-πράγματα
1771 2524 1832 2544 om.
1847 2515 1883 2544 'D.

1484 2551 1509 2569 9³
1535 2552 1560 2578 οἱ
1588 2549 1631 2577 οὖν
1657 2549 1778 2587 βασιλεῖς
1807 2554 1884 2579 καίτοι

657 2656 827 2701 Theodori
853 2667 978 2702 Dousa:
1003 2672 1036 2701 et
1058 2667 1185 2702 Leonis
1209 2668 1326 2702 Allatii
1350 2672 1452 2703 notae.

248 2749 302 2785 (68)
317 2748 444 2786 Ἔφημεν.
464 2749 534 2786 Cap.
548 2750 579 2778 31
589 2771 595 2777 .
614 2750 680 2777 ALL.
