1970 3082
38 88 119 116 1061

811 87 982 115 ANNALES.

1673 87 1740 115 1062

36 159 115 181 κους
144 150 340 188 παραϐαίνουσι
375 152 420 176 καὶ
444 151 489 179 τὰς
514 149 653 182 συνθήκας,
676 149 708 180 οἷς
733 148 774 175 ἐπὶ
802 153 859 184 Θεῷ

955 147 1109 184 risjurandi
1124 147 1311 176 elfcederum
1340 151 1397 176 sub
1413 149 1486 176 teste
1510 148 1569 176 Deo
1599 148 1740 177 initurum

37 196 172 232 μάρτυρι
200 197 404 228 συνεστήσαντο,
430 192 595 222 διαλύουσιν.
613 194 643 220 Ὁ
667 195 711 230 μὶν
724 192 768 220 οὖν
781 194 859 220 Βούλ-

37 249 134 276 γαρος
152 241 178 257 ⁹¹ι
196 242 243 269 τὴν
259 241 389 276 θυγατέρα
415 238 498 265 λαϐὼν
525 241 619 274 ᾤχετο,
649 240 709 269 τούξ
724 238 861 274 ἑπομένους

39 283 119 320 αὐτῇ
149 285 247 314 πάντας
266 284 479 320 ὀπισθορμήτους
499 285 621 315 ποιήσας,
641 285 685 309 καὶ
708 285 752 309 τὸν
776 283 860 318 Αἷμον

41 326 150 358 διαϐὰς
166 328 262 365 ἐχώρει
290 327 332 354 ἰπὶ
357 330 401 354 τὸν
427 327 560 364 Τρίνοϐον,
590 327 732 357 κλαιούσης
754 328 798 363 μὲν
813 330 861 357 τῆς

38 372 135 399 αὐτοῦ
177 373 306 410 θυγατρὸς
338 375 383 398 καὶ
418 372 617 409 ὀλοφυρομένης,
659 373 703 397 καὶ
738 373 862 408 πενθερᾶς

37 419 95 444 καὶ
112 415 256 454 βασιλίδος
276 417 387 454 Εἰρήνης
400 427 444 444 και
471 420 517 443 τοῦ
540 416 657 452 συζύγου
685 415 741 442 λίαν
765 414 862 443 ἐποδυ-

37 464 165 499 ρομένης
180 463 223 488 τὸν
239 462 377 498 χωρισμὸν
391 462 426 496 9⁵,
440 462 482 488 ὅτε
497 464 561 497 φασι
585 463 629 486 τὸν
652 457 732 487 Ἀ’σὰν
747 461 861 498 προσλα-

38 506 162 542 ϐόμενον
203 506 283 535 αὐτὴν
316 510 363 536 τῆς
391 505 470 532 αὐτοῦ
517 503 667 542 ignem-pido;
718 506 862 543 ἔμπροσθεν

38 550 212 577 ἐπικαθίσαι
229 552 273 576 καὶ
291 550 316 568 ⁹⁶
330 549 414 586 τύψαι
432 551 499 576 κατὰ
514 549 609 587 κόρρης
637 553 692 580 τοῖς
721 547 862 582 δακτύλοις

38 597 94 621 καὶ
127 595 304 624 ἐπαπειλῆσαι
332 593 431 628 δεινῶς,
471 595 492 620 εἰ
520 596 555 630 μὴ
576 598 638 631 σιγῇ
665 597 734 631 φέρει
762 595 813 621 ὅσα
837 596 862 622 οἱ

42 637 102 666 διὰ
118 639 219 676 βουλῆς
234 639 304 665 ἔστιν
315 638 353 665 ἐπ’
371 639 436 669 αὐτῆ
454 637 654 677 διαπράξασθαι
674 640 710 668 ³⁷.

82 684 133 712 λε’.
166 684 229 711 Κατ’
255 684 335 710 ἐκεῖνο
365 687 459 720 καιροῦ
476 686 522 710 καὶ
536 685 565 710 τὸ
591 688 641 710 τῶν
668 685 771 710 Σκυθῶν
804 685 860 720 (69)

39 731 140 765 γένος,
178 733 227 755 τῶν
256 729 396 766 Ταρτάρων
429 728 489 764 (70)
516 727 739 764 καταδραμόντων
766 728 860 762 αὐτῶν,

39 775 150 800 ὁπόσοι
165 775 195 799 τὸ
210 773 278 810 ξίφος
307 774 408 799 ἐκείνων
424 772 555 809 ἔξίφυγον,
580 772 670 803 ἀσκοῖς
692 774 736 799 τὸν
758 772 861 811 Ἵστρον

915 192 1112 220 violatoribus
1133 192 1249 227 inﬂigit.
1269 203 1282 217 n
1300 191 1358 220 Sed
1385 191 1532 227 Bulgarus
1546 195 1664 228 recepta
1679 193 1741 221 tilia

915 237 1141 270 abiit,omnibus
1147 245 1214 264 eam
1221 236 1414 272 sequentibus
1420 237 1559 264 recessim
1574 237 1630 272 58
1637 237 1740 266 cedere

915 281 1034 317 coactis,
1065 289 1099 309 ac
1143 282 1279 309 Haemum
1316 283 1545 316 praetergressus
1579 281 1741 310 Trinobum

915 325 1124 354 contendebat.
1143 327 1216 354 Cum
1228 325 1465 362 illacrymaretur
1474 326 1535 354 ﬁlia
1546 325 1740 362 ejularetque,

916 379 1007 407 seque
1020 378 1038 399 δ.
1064 378 1160 404 socro,
1185 370 1372 406 imperatrice
1400 371 1493 404 Irene,
1509 373 1599 406 atque
1614 371 1742 406 conjuge

916 418 1086 451 separatam
1097 423 1161 442 esse
1179 415 1267 442 anxie
1299 423 1334 442 ac
1347 415 1474 442 nimium
1489 415 1644 448 indoleret,
1660 415 1743 443 fama

916 462 959 488 est
972 463 1106 488 Asanum
1121 467 1189 488 eam
1201 462 1268 487 ante
1281 460 1401 496 suiequi
1414 459 1552 494 sagulum
1568 459 1740 493 collocasse,

915 504 1076 540 digitisque
1092 504 1122 532 in
1135 504 1242 532 faciem
1254 504 1446 540 percussisse,
1463 504 1610 532 minatum
1626 504 1741 539 acriter,

914 548 946 585 ni
962 549 1078 577 silentio
1088 551 1208 585 raptum
1221 548 1318 583 ferret,
1335 556 1366 576 se
1377 548 1408 576 in
1422 556 1489 577 eam
1503 548 1606 577 omnia
1617 556 1685 585 quas
1700 549 1741 576 illi

915 593 1026 630 probro
1045 596 1145 622 essent
1164 595 1384 621 exsecuturum.

951 685 995 712 35.
1012 683 1068 711 Per
1083 683 1163 711 idem
1174 684 1293 719 tempus
1308 683 1486 719 Scytharum
1500 691 1574 718 gens
1589 683 1628 712 ab
1637 691 1741 712 excur-

916 728 1033 756 sionibu
1038 736 1062 761 s,
1071 727 1234 756 latrociniis
1241 736 1276 756 ac
1282 729 1470 756 Tartarorum
1478 727 1610 756 cmdibus
1616 728 1740 764 reliqua,

915 782 984 802 cum
992 773 1059 801 ﬁliis
1071 775 1099 801 et
1109 773 1267 809 uxoribus,
1279 772 1411 808 Bulgaris
1422 773 1489 801 licet
1496 773 1739 809 reclamantibus,

41 817 251 855 διαπεράσατες
263 819 361 848 τέκνοις
387 817 410 835 9⁸
436 817 491 854 ἅμα
516 819 562 844 καὶ
587 817 701 854 γυναιξὶ,
725 820 769 844 καὶ
787 817 860 844 ἀκόν-

955 826 986 846 m
1022 818 1181 846 innumera
1223 819 1302 845 esset
1325 817 1496 850 multitudo,
1528 817 1645 845 utribus
1670 819 1741 846 Istro

39 873 103 890 των
131 862 283 899 Βουλομέρων
320 862 424 899 (πολλαὶ
458 863 508 900 γὰρ
550 863 671 900 ὑπῆρχον
703 862 862 898 χιλιοστύες)

40 909 115 938 τοὺς
142 911 188 937 τῆς
211 905 373 937 Μακεδονίας
400 909 505 944 χώρους
531 906 679 938 κατέλαϐον,
710 908 793 943 οἱμὲν
803 909 862 943 περὶ

42 954 95 979 τὸν
112 951 207 989 Ἕϐρον
221 953 271 990 ,καὶ
292 952 326 977 τὰ
347 951 430 978 ἐκεῖσε
457 949 539 978 πεδία
564 953 611 981 τὰς
636 952 715 988 νομὰς
740 952 861 987 ποιούμε-

42 1007 105 1031 νοι,
119 997 145 1023 οἱ
161 994 191 1023 δὲ
206 999 265 1034 περὶ
284 997 317 1022 τὰ
340 998 478 1033 κατωτέρω
507 998 572 1032 μίρη
600 998 645 1022 καὶ
672 998 715 1022 τὸν
744 997 861 1032 ποταμόν

44 1042 77 1068 ὃν
104 1042 120 1070 ἡ
150 1039 240 1077 χύδην
269 1041 367 1078 ῥέουσα
391 1041 503 1077 γλῶττα,
531 1042 648 1077 καθάπερ
675 1042 780 1077 ἔφημεν,
807 1044 861 1067 Μα-

45 1086 150 1123 ρίτξαν
163 1085 346 1121 κατονομάζει.
363 1087 415 1112 Καὶ
437 1086 487 1122 γὰρ
504 1086 574 1111 ἔστιν
602 1087 636 1116 ὡς
651 1084 751 1116 ἀληθῶς
768 1084 862 1122 Ἕϐρος

47 1133 141 1168 μέχρι
164 1133 210 1156 καὶ
236 1134 280 1160 τῆς
309 1130 394 1166 Δίμου
418 1130 460 1165 (α)
476 1131 524 1161 τὰς
550 1127 684 1166 ἐκδρομὰς
699 1131 860 1166 ποιούμενος,

47 1176 176 1201 κάκεῖθεν
217 1173 260 1200 ἐπὶ
294 1176 324 1200 τὸ
351 1174 459 1210 Αἰγαῖον
487 1174 580 1212 ἐκρέων
608 1174 729 1211 πέλαγος.
759 1175 799 1201 ὅτι
833 1173 862 1202 δὲ

50 1218 242 1255 συμϐάλλουσι
271 1220 354 1255 τούτῳ
381 1221 426 1245 καὶ
451 1220 532 1255 ἕτεροι
564 1222 678 1256 ποταμοὶ
707 1221 752 1245 καὶ
781 1222 863 1256 μείζω

49 1267 192 1297 ποιοῦσιν,
207 1263 352 1290 ἐναλλάττιι
368 1267 424 1295 τοῖς
449 1267 608 1300 παροικοῦσι
631 1266 676 1290 καὶ
701 1265 814 1301 τοῦνομα
826 1265 861 1292 9⁸.

50 1308 179 1338 Ἐλὴῑζον
193 1306 236 1333 οὖν
251 1309 285 1334 τὰ
296 1308 321 1334 ἐν
334 1306 486 1344 Μακεδονίᾳ
499 1309 593 1341 πάντα,
618 1310 663 1335 καὶ
689 1309 721 1338 ὡς
739 1308 762 1335 ἐν
785 1308 863 1344 ὀλίγῳ

52 1355 146 1390 ἔρημα
172 1354 256 1379 πάντα
282 1356 332 1378 τῶν
365 1353 508 1389 οἰκητόρων
536 1352 672 1387 ἐποίησαν,
699 1355 745 1379 καὶ
761 1354 863 1379 Σκυθῶν

53 1397 172 1434 ἐρημίαν
198 1398 237 1433 (τὸ
264 1401 311 1428 ’ῆς
339 1400 484 1434 παροιμίας
515 1397 590 1435 ἐρεῖν)
623 1398 817 1435 ἀπειργάσαντο
842 1398 863 1432 ι,

52 1444 104 1468 καὶ
130 1442 273 1478 πολιχνίων
299 1440 328 1468 δε
343 1442 429 1468 ὁπόσα
447 1443 569 1479 ὑπῆρχον
593 1442 737 1478 εὐχείρωτοι
762 1442 864 1478 πολέμῳ

53 1488 246 1523 περιεγένοντο.
294 1489 344 1513 Καὶ
384 1485 528 1523 ἕφονεύοντο
567 1488 611 1523 μὲν
649 1486 748 1520 πολλοὶ,
785 1486 865 1513 ἄσκυ-

53 1531 164 1557 λεύοντο
182 1529 211 1557 δὲ
237 1531 330 1561 πάντες
357 1534 402 1557 καὶ
429 1531 643 1568 ᾖχμαλωτίζοντο
670 1533 714 1558 καὶ
739 1530 865 1568 ἀπημπο-

54 1576 152 1602 λοῡντο
177 1574 202 1601 ἄν
224 1578 280 1606 τοῖς
305 1575 424 1611 μείζοσιν
447 1576 566 1609 οἷστισιν,
592 1576 644 1602 οἷον
668 1579 699 1612 τῇ
727 1577 738 1593 ²
759 1574 863 1613 Ἀδρια-

97 1620 122 1638 ⁹⁸
133 1621 209 1657 ἔσται
225 1621 289 1657 Θιρς
304 1621 428 1657 τιμωρός.
446 1622 496 1647 Καὶ
511 1621 525 1657 o'_
539 1619 683 1657 ιξούλγαρος
699 1621 732 1648 D'

771 1621 795 1638 9⁵
818 1622 864 1646 καὶ
878 1621 1002 1657 πενθερᾶς
1013 1635 1049 1640 —
1063 1621 1202 1657 χωρισμόν
1218 1627 1278 1647 om.
1295 1619 1327 1646 D.

57 1655 82 1682 εἰ
95 1670 131 1676 -
148 1653 167 1682 δ
169 1653 347 1692 ιαπραξασθαι
356 1653 416 1683 όω.
432 1657 465 1684 D.
503 1655 527 1673 ⁸⁸
541 1653 745 1692 διαπεράσαντες
760 1658 805 1692 καί
828 1657 873 1682 τόν
894 1653 976 1692 Αἷμον
992 1653 1223 1692 ὑπερπηδήσαντες
1251 1656 1348 1685 τέκνοις
1375 1655 1407 1682 Ι).

916 864 1065 898 superato,
1085 861 1341 890 Macedoniaeloca
1364 864 1567 898 occuparunt:
1597 862 1646 890 alii
1664 862 1742 891 circa

916 907 1044 935 Hebrum
1055 910 1083 935 et
1094 909 1227 943 aequatas
1235 906 1299 942 agri
1312 906 1449 942 planities
1459 906 1553 935 victus
1564 907 1622 935 sibi
1631 915 1742 944 suppe-

915 952 1021 986 ditant,
1050 951 1100 980 alii
1123 952 1154 979 in
1180 951 1246 979 loca
1270 951 1419 986 inferiora,
1445 954 1473 980 et
1501 952 1627 980 ﬂuvium
1650 960 1742 988 quem

915 997 1085 1037 communis
1109 996 1223 1031 lingua,
1248 999 1281 1024 ut
1295 995 1438 1030 diximus,
1460 997 1610 1025 Maritzam
1635 1004 1742 1024 vocare

915 1041 998 1077 solet,
1012 1041 1196 1075 deferuntur,
1213 1041 1327 1069 Hebrus
1350 1048 1483 1078 namque
1503 1049 1534 1069 re
1564 1043 1593 1069 et
1620 1041 1742 1069 nomine

915 1093 1012 1122 usque
1024 1085 1162 1114 Haemum
1171 1086 1306 1118 excurrit,
1326 1085 1456 1121 indeque
1466 1085 1496 1113 in
1512 1085 1649 1120 IEgaeum
1663 1085 1742 1122 pela-

916 1138 971 1166 gus
983 1130 1186 1163 inﬂuit.Quod
1200 1138 1271 1158 vero
1286 1130 1315 1157 in
1330 1138 1399 1158 eum
1419 1130 1468 1158 alii
1481 1130 1563 1158 tluvii
1573 1130 1743 1166 ingrediun-

916 1178 963 1204 tur
985 1177 1013 1203 et
1032 1175 1196 1203 auctiorem
1215 1174 1354 1208 reddunt,
1370 1174 1494 1202 nomina
1507 1174 1688 1208 accolarum,
1701 1174 1744 1202 uti

918 1227 983 1248 sese
996 1219 1134 1252 oﬂerunt,
1146 1219 1252 1247 induit.
1265 1219 1416 1255 Diripuere
1435 1219 1536 1255 itaque
1560 1218 1664 1246 omnia
1675 1226 1744 1255 quae

916 1265 948 1292 in
974 1263 1148 1292 Macedonia
1185 1266 1280 1298 erant,
1310 1263 1387 1291 adeo
1411 1265 1442 1291 ut
1463 1263 1590 1291 minimo
1613 1266 1745 1299 tempore

918 1309 1058 1337 universa
1068 1308 1231 1336 cultoribus
1245 1308 1573 1344 spoliatadesolaretur,
1587 1311 1616 1336 et
1624 1308 1745 1344 Scytha-

917 1362 985 1382 rum
1003 1353 1060 1389 59
1076 1353 1215 1385 solitudo,
1229 1356 1261 1380 ut
1270 1353 1429 1389 proverbio
1440 1353 1556 1386 dicitur,
1569 1353 1744 1382 efﬁceretur.

919 1397 1074 1434 Oppidulis
1106 1397 1177 1425 item
1199 1400 1288 1434 captu
1322 1397 1458 1425 facilibus
1485 1397 1563 1426 bello
1595 1406 1656 1426 non
1681 1399 1746 1426 sine

919 1441 1084 1470 multorum
1106 1444 1204 1477 strage
1229 1441 1311 1477 potiti
1336 1444 1405 1469 sunt
1419 1451 1425 1470 :
1441 1442 1552 1478 rapinis
1571 1450 1605 1470 ac
1620 1443 1746 1479 popula-

919 1486 1051 1515 tionibus
1066 1486 1170 1514 omnia
1184 1488 1300 1514 vastata
1321 1485 1393 1520 ;viri
1408 1486 1439 1514 in
1459 1486 1630 1514 servitutem
1650 1487 1746 1515 abacti

919 1531 950 1560 in
963 1530 1129 1566 majoribus
1145 1530 1283 1564 urbibus,
1294 1530 1496 1566 Adrianopoli,
1509 1530 1745 1566 Didymotoecho,

920 1570 1017 1611 Bizya,
1042 1574 1210 1611 Calliupoli.
1237 1577 1265 1602 et
1290 1574 1314 1602 si
1329 1583 1398 1611 quae
1418 1575 1476 1602 alia
1501 1576 1563 1602 erat
1588 1583 1746 1603 murorum

1366 1619 1390 1636 9°
1402 1622 1449 1650 τῆς
1464 1634 1499 1639 --
1513 1621 1557 1645 καὶ
1571 1626 1633 1647 om.
1650 1620 1682 1646 D.
1722 1619 1744 1636 °"

1447 1655 1470 1672 ⁰⁹
1497 1657 1556 1692 περὶ
1579 1656 1623 1681 τὸν
1655 1653 1746 1691 Ἕϐρον

56 1707 96 1713 -
111 1690 240 1728 τοῦνομα]
255 1700 315 1728 περι
330 1694 377 1721 τήν
391 1691 527 1729 Μαρίτζαν
543 1692 575 1719 D.
615 1690 625 1709 ί
639 1693 685 1718 καὶ
699 1693 734 1723 ὡς
746 1707 781 1712 —-
796 1691 878 1728 iursz

955 1701 988 1717 ντο
1003 1690 1066 1720 om.
1086 1693 1120 1719 D.
1157 1692 1167 1709 ³
1182 1693 1287 1721 τοῖς-
1301 1694 1332 1727 τῇ
1348 1698 1409 1719 om.
1424 1691 1458 1718 D.

514 1779 836 1826 TheodorﬁDousaa
860 1785 893 1814 et
916 1780 1039 1815 Leonis
1062 1779 1182 1814 Allatii
1207 1783 1307 1813 notae.

99 1878 160 1914 (69)
169 1877 282 1905 Σκυθῶν.
299 1877 375 1914 Cum
389 1878 521 1906 Joannes
536 1878 633 1914 Ducas
646 1885 746 1914 rerum
760 1878 856 1914 polire

60 1917 122 1947 tur,
136 1913 273 1942 maxima
288 1913 467 1948 Scytharum
483 1913 644 1941 multitudo
660 1913 698 1941 ab
714 1913 867 1949 Hyperbo-

60 1950 123 1978 reis
139 1949 238 1977 eﬂusa
251 1949 289 1977 ad
299 1949 440 1984 Caspium
450 1956 532 1976 mare
545 1949 709 1982 descendit,
722 1952 751 1977 et
763 1957 868 1977 eorum

61 1985 142 2013 duce
152 1984 310 2012 Sitziscane
321 1984 462 2012 defuncto
471 1984 523 2012 ﬁlii
534 1984 599 2018 ejus
616 1984 744 2012 Chalaus
752 1987 780 2012 et
787 1985 866 2012 Tele-

62 2028 163 2061 puges
176 2020 322 2061 e§ercitus
332 2020 609 2061 dividuntllhalaus
622 2020 764 2061 Caspium
780 2023 807 2048 et
823 2022 866 2047 la-

61 2055 182 2084 iartem
190 2055 316 2083 ﬂuvium
323 2055 361 2083 ad
374 2055 621 2092 Septemtrionem
632 2055 802 2091 relinquens
811 2063 868 2092 per

63 2092 238 2119 inferiorem
255 2092 352 2118 Asiam
366 2090 537 2127 descendit;
552 2090 867 2127 Telepuges’limitibus

62 2127 185 2163 imperii
201 2127 248 2163 sui
263 2127 429 2163 constitutis
445 2126 602 2154 meridiem
616 2126 722 2163 versus
744 2126 867 2155 Caucasi

64 2162 277 2191 cacuminibus
290 2165 318 2190 et
327 2162 468 2198 deinceps
477 2162 554 2190 mari
569 2162 686 2198 Caspio,
697 2170 750 2198 per
760 2164 868 2191 Massa-

65 2201 205 2234 getarum
214 2197 495 2225 etSauromatai-um
501 2197 654 2233 regionem
662 2197 867 2234 proﬁciscitur.

65 2233 240 2274 subigitque
247 2235 349 2274 gentes
357 2241 463 2274 omnes
471 2241 540 2274 qua;
555 2233 718 2274 hineotidem
726 2233 868 2274 paludem

66 2272 94 2298 et
103 2268 229 2297 Tanaim
240 2269 425 2297 accolebant.
439 2268 549 2296 Deinde
562 2269 651 2296 Tanai
664 2268 806 2304 superato
818 2268 870 2296 ad-

66 2313 175 2333 versus
182 2305 342 2340 Europmas
351 2307 453 2340 gentes
462 2304 572 2332 multas
586 2312 621 2332 ac
632 2304 730 2332 varias
740 2307 768 2333 et
776 2312 812 2332 ex
818 2304 870 2332 iis-

68 2340 138 2368 dem
153 2339 269 2376 Scythis
281 2342 361 2368 ortas
372 2339 518 2376 impetum
529 2340 691 2376 facieque:
702 2340 871 2376 impressio-

67 2384 106 2404 ne
126 2376 178 2404 illa
191 2375 538 2412 perterritmdmutandas
562 2375 619 2412 sibi
633 2375 724 2412 sedes
745 2375 870 2412 censue-

67 2416 154 2440 runt:
163 2410 261 2440 néaue
269 2411 348 2439 enim
357 2410 414 2439 illis
420 2411 490 2439 satis
496 2411 613 2439 ﬁducia
620 2411 660 2439 ad
672 2411 870 2439 resistendum

69 2449 153 2483 erat,
167 2446 223 2474 sed
237 2455 343 2474 omnes
363 2450 391 2474 et
406 2449 508 2483 gentes
527 2449 555 2474 et
570 2446 659 2475 urbes
682 2447 872 2483 trepidabant

70 2485 100 2511 et
113 2482 293 2519 velutspicaa
304 2483 334 2509 in
347 2490 417 2510 area
425 2482 606 2519 terebantur.
630 2483 711 2519 Unde
722 2482 789 2519 ethi
799 2484 870 2519 Scy-

69 2519 151 2546 thico
160 2517 237 2546 bello
248 2518 408 2554 desperato
420 2517 547 2554 pellibus
556 2517 643 2554 palea
653 2518 748 2554 plenis
759 2526 813 2554 pro
826 2517 872 2546 ra-

71 2554 153 2582 tibus
169 2555 214 2581 usi
232 2561 300 2581 cum
307 2553 459 2581 uxoribus
473 2556 501 2581 et
513 2553 612 2581 liberis
628 2553 734 2582 Istrum
750 2554 871 2582 transie-

69 2592 151 2623 runt,
163 2597 219 2617 nec
236 2589 319 2617 brevi
334 2591 467 2625 tempore
483 2589 514 2617 in
535 2590 658 2618 Thracia
682 2589 871 2626 aberrarunt,

922 1877 1063 1905 idoneam
1079 1877 1135 1906 sibi
1147 1877 1295 1914 coloniam
1304 1878 1484 1914 quaerentes,
1497 1876 1601 1905 decem
1614 1877 1747 1905 millibus

922 1914 1003 1941 haud
1015 1914 1180 1949 pauciores.
1199 1913 1240 1940 Ex
1255 1914 1393 1949 Gregora.
1411 1916 1479 1940 ALL.

959 1947 1023 1984 (70)’
1042 1951 1081 1976 De
1104 1950 1294 1977 Tartarorum
1318 1948 1443 1976 colluvie
1465 1950 1493 1975 et
1510 1947 1650 1977 barbarie
1673 1947 1749 1976 varii

922 1985 1005 2012 varia
1023 1985 1215 2020 scripserunt,
1236 1984 1407 2020 Haithonus
1415 1984 1586 2017 Armenius,
1601 1984 1631 2011 in
1648 1985 1749 2012 Orien-

924 2021 981 2048 tali
988 2019 1378 2054 Histoh‘a;Marcusl’aulus
1385 2019 1525 2052 Venetus,
1537 2019 1567 2047 in
1576 2020 1746 2054 Itinerario;

924 2055 1089 2083 Alexander
1096 2055 1258 2090 Gagninus,
1268 2055 1297 2083 in
1304 2055 1624 2090 SarmatiaEuropma,
1633 2058 1748 2083 etcom-

924 2091 1024 2126 plures
1035 2091 1093 2118 alii.
1110 2092 1250 2119 Omnium
1259 2090 1492 2118 luculentissime
1503 2090 1675 2118 Vincentius
1691 2090 1748 2118 Bel-

923 2127 1073 2159 vacensis,
1101 2126 1132 2154 in
1161 2126 1242 2161 Spec.
1268 2127 1381 2154 Histor.
1402 2126 1454 2154 lib.
1477 2134 1547 2154 xm
1578 2129 1607 2154 et
1620 2134 1696 2154 xxxn
1713 2134 1750 2154 ex

926 2162 1045 2190 Simone
1053 2161 1091 2189 de
1099 2163 1207 2190 Sancto
1216 2162 1357 2194 Quintino
1365 2165 1393 2190 et
1399 2163 1512 2190 Joanne
1518 2162 1556 2189 de
1563 2161 1748 2197 Planocarpi;

925 2197 1064 2233 quaedam
1080 2198 1170 2226 etiam
1186 2205 1222 2225 ex
1237 2197 1366 2226 Historia
1387 2199 1587 2225 Tartarorum.
1609 2198 1666 2225 H05
1681 2198 1749 2226 Vin-

924 2233 1012 2260 centii
1022 2236 1159 2261 auctores
1171 2236 1306 2261 secutum
1321 2233 1408 2261 video
1417 2235 1483 2260 Ant.
1500 2233 1668 2261 Bonﬁnium
1681 2234 1749 2261 Rcr.

926 2269 1038 2304 Ungar.
1056 2268 1161 2296 decad.
1179 2278 1207 2302 ll,
1224 2269 1276 2298 lib.
1294 2277 1351 2299 vin.
1374 2268 1426 2296 ubi
1442 2269 1542 2296 statim
1566 2269 1597 2296 in
1615 2269 1699 2297 initio
1711 2269 1749 2297 de

924 2304 1072 2332 mirandis
1087 2305 1276 2332 Tartarorum
1284 2304 1420 2340 moribus
1431 2304 1577 2340 nonnulla
1588 2305 1749 2340 praemittit,

925 2341 1114 2376 Ungarorum
1129 2343 1212 2376 gesta
1226 2348 1295 2376 cum
1310 2339 1382 2376 ipsis
1401 2339 1480 2376 bella
1489 2339 1750 2376 postcommemoé

924 2379 1054 2403 raturus.
1070 2374 1221 2408 Illic'vide,
1239 2375 1263 2403 si
1276 2374 1401 2403 fortasse
1426 2374 1554 2403 ulla’tibi
1583 2375 1677 2403 libido
1708 2378 1752 2405 est

925 2411 1127 2446 cognoscendi
1136 2410 1261 2446 bipedes
1275 2410 1486 2446 nequissimos,
1504 2411 1651 2441 homines.
1668 2414 1700 2439 ut
1711 2412 1752 2440 ita

925 2447 1035 2480 dicam,
1050 2454 1111 2474 non
1121 2446 1268 2481 homines,
1290 2448 1343 2482 aut
1353 2446 1452 2482 potius
1465 2454 1578 2482 magna
1590 2449 1674 2482 parte
1687 2447 1752 2475 bel—

924 2482 1000 2515 luas,
1014 2483 1037 2509 si
1056 2489 1128 2510 vera.
1143 2484 1211 2509 sunt
1232 2489 1300 2517 quia
1315 2481 1399 2517 de'iis
1424 2481 1516 2516 vulgo
1538 2481 1697 2509 traduntur
1712 2483 1752 2510 ab

925 2518 982 2546 illis
996 2518 1048 2554 qui
1063 2520 1115 2554 aut
1126 2517 1183 2553 ipsi
1194 2516 1313 2552 gentem
1329 2516 1477 2554 viderunt,
1488 2519 1540 2545 aut
1550 2525 1568 2545 a
1582 2517 1641 2544 ﬁde
1653 2517 1751 2552 dignis

924 2562 962 2582 ea
975 2552 1043 2590 quin
1058 2552 1190 2581 referunt
1205 2560 1357 2589 accepere.
1372 2552 1479 2581 DOUSA.

105 2676 148 2711 (α)
166 2675 337 2712 Legendum
353 2677 397 2703 est
408 2679 454 2712 τῆς
465 2676 552 2704 Αἴνου.
562 2675 676 2704 Hebrus
687 2675 766 2704 enim
776 2683 838 2704 non
848 2676 888 2704 ad
901 2675 1037 2704 Haemum
1052 2675 1126 2710 ﬂuit,
1145 2675 1198 2704 sed
1209 2675 1247 2704 ab
1258 2683 1293 2704 eo
1303 2673 1644 2712 descenditulabiturque
1654 2682 1753 2712 usque

72 2709 113 2741 ad
122 2709 230 2739 Enum
246 2710 352 2738 urbem
368 2711 444 2739 mari
459 2713 549 2746 Egeo
566 2712 748 2747 appositam,
760 2715 788 2740 et
799 2712 886 2747 juxta
899 2719 967 2740 eam
980 2711 1011 2739 in
1027 2709 1194 2741 mareexit.
1223 2711 1264 2740 Cf.
1296 2710 1371 2739 Frid.
1400 2709 1482 2739 Tat'el
1492 2710 1524 2738 in
1538 2709 1753 2742 Dissertatiéne

72 2748 110 2776 de
128 2747 338 2776 Thessalonica
347 2747 468 2783 ejusque
481 2754 566 2783 agro,

606 2747 721 2783 erolini,
735 2750 813 2780 1839,
833 2756 865 2784 p.
874 2747 938 2776 301.
957 2748 1032 2775 Emr.
