1970 3082
221 96 286 124 1063

855 90 996 120 GEORGII
1010 90 1242 119 ACROPOLITIE

1832 98 1906 125 loss
1948 84 1949 87 “

217 157 361 185 tutiorum
373 155 451 182 strue
467 153 652 182 circumdata
667 155 718 182 aut
729 153 931 182 habitantium
946 153 1043 182 multi-
1061 154 1086 182 Α
1100 156 1179 179 νουπό

1100 153 1227 186 νουπολει,
1256 157 1291 189 τῷ
1316 152 1506 192 Λιδυμοτοίχῳ
1541 157 1562 191 ⁸,
1591 161 1622 194 τῇ
1656 158 1749 195 Βιζύῃ,
1837 158 1908 185 Καλ-

217 200 320 229 tudine
340 199 548 235 circumsepta,
562 198 705 227 divenditi
721 201 799 227 sunt.

255 340 297 367 36.
313 340 386 367 Cum
396 338 461 366 haec
475 338 514 366 ita
529 337 731 372 succederent,
744 337 837 366 Latini
848 344 969 374 quoque
980 344 1044 373 per-

217 385 307 420 petuo
335 383 366 410 in
381 391 435 410 nos
451 382 520 410 odio
529 390 564 410 ac
576 382 672 410 furore
688 382 912 415 inﬂammati,et
923 384 1045 418 propter

218 436 310 464 quam
319 427 349 455 in
362 435 414 455 eos
425 429 553 456 Joannes
563 427 725 463 imperator
735 429 762 455 et
776 430 893 455 Asanus
905 426 1043 462 irruptio-

217 480 286 501 nem
295 472 436 506 fecerant,
445 475 473 500 et
482 471 602 500 urbium
613 480 648 500 ac
658 472 839 508 oppidorum
845 471 1044 508 privationem

217 517 314 552 magis
327 525 361 545 ac
374 516 469 552 magis
479 516 596 550 infensi,
612 519 716 544 nostra
725 516 918 551 aggrediendi
929 523 1045 552 nosque

217 562 407 598 opprimendi
414 562 601 590 occasionem
608 561 824 597 quaerebant,et
829 561 868 589 ad
874 560 951 589 vires
958 560 1047 589 amis-

219 615 268 635 sas
281 607 493 635 instaurandas
506 607 577 634 satis
587 606 659 634 illud
674 608 933 642 peropportunum
946 606 1046 634 visum

218 653 273 679 est.
290 651 419 679 Primum
436 651 493 678 sibi
508 654 640 678 Asanum
654 650 823 685 conciliant,
837 659 905 678 cum
918 658 979 687 quo
994 658 1046 686 pa-

219 704 282 724 cem
296 698 481 732 componunt
494 704 500 729 ;
511 696 652 732 deinceps
662 696 788 732 Scythas
800 695 958 730 barbaros,
968 703 1046 724 erro—

217 749 280 775 nes,
291 741 465 777 peregrinos
472 743 500 769 et
511 741 644 769 advenas
655 740 844 777 munusculis
856 741 982 775 exiguis,
994 741 1046 768 sed

217 785 408 814 uberioribus
416 785 786 822 promissionibusillectos
798 785 855 812 sibi
865 785 1044 818 adsciscunt,

219 831 469 866 agendorumque
481 830 538 858 sibi
551 830 648 858 socios
657 830 798 865 allegant.
808 830 878 858 Hinc
885 830 1003 865 magnis
1009 838 1046 858 ex
1061 839 1081 865 Β

220 875 337 912 Scythis
353 878 381 903 et
404 875 539 910 Bulgaris
558 875 753 903 auxiliaribus
771 875 864 911 copiis
883 875 1045 903 recollectis

219 919 283 948 Itali
291 927 352 948 una
362 928 467 948 omnes
476 919 564 947 simul
575 919 721 949 adversus
731 921 876 948 Joannem
887 919 1047 956 imperato-

219 972 285 993 rem
300 965 395 993 aciem
421 965 580 993 instruunt.
610 966 642 993 Et
666 973 735 993 cum
757 972 849 1001 prope
868 964 1046 992 Tzurulense

219 1010 279 1046 60
286 1012 418 1038 castrum
424 1009 592 1045 esset,vires
599 1009 636 1037 ad
644 1009 673 1037 id
680 1009 919 1046 oppugnandum
927 1017 1049 1037 conver-

220 1058 294 1090 tunt,
306 1055 413 1083 eodem
425 1057 526 1083 Asano
541 1056 686 1090 praesente
697 1062 767 1082 cum
778 1055 821 1081 tot
832 1053 959 1082 millenis
976 1055 1046 1090 Scy-

218 1100 340 1128 tharum
353 1102 381 1127 et
394 1099 590 1134 Bulgarorum
603 1101 630 1125 et
640 1098 746 1126 Italicis
760 1098 917 1126 machinis.
931 1097 1046 1126 Tzuruli

219 1143 356 1172 custodia
364 1143 531 1178 Nicephoro
541 1142 756 1176 Tarchaniotm,
767 1142 819 1178 qui
831 1150 846 1170 e
856 1150 963 1170 mensa
976 1145 1047 1170 tunc

220 1190 283 1216 erat
298 1187 496 1223 imperatoris,
508 1187 704 1223 postmodum
719 1194 848 1222 magnus
864 1187 1047 1215 domesticus

220 1234 337 1260 creatus
347 1233 401 1266 est,
414 1231 517 1265 magni
526 1231 683 1260 domestici
696 1230 857 1267 Paiaaologi
866 1239 967 1266 gener,
977 1239 1046 1260 cum

220 1276 352 1313 primum
363 1276 440 1304 illius
454 1276 548 1304 ﬁliam
568 1275 688 1304 Mariam
701 1275 757 1303 sibi
772 1276 882 1312 nuptiis
894 1276 1047 1311 adjunxis-

221 1323 273 1356 set,
291 1321 330 1348 ab
345 1320 523 1356 imperatore
538 1321 651 1348 Joanne
662 1320 846 1349 demandata
857 1320 961 1348 fuerat.
980 1322 1048 1350 Erat

219 1365 416 1394 Tarchaniota
436 1365 521 1392 miles
541 1366 685 1401 praestans
715 1368 742 1393 et
763 1365 895 1401 optimus
923 1365 995 1399 dux,
1019 1367 1048 1395 et

220 1409 312 1438 divini
322 1409 450 1445 praesidii
462 1409 623 1446 saepissime
630 1409 786 1445 particeps,
801 1411 832 1438 ut
841 1409 1047 1447 exituﬁneque

219 1461 320 1482 rerum
340 1456 474 1491 patenter
488 1454 616 1482 innotuit
636 1462 643 1481 :
660 1462 792 1490 namque
816 1462 886 1482 eum
912 1454 1046 1491 plerique

219 1499 370 1535 aspirante
380 1499 476 1534 magis
486 1498 605 1527 fortuna
613 1506 659 1526 res
671 1498 824 1527 absolvere
835 1507 926 1535 quam
938 1499 1046 1528 robore

219 1530 382 1572 et-militari
396 1530 501 1579 peritia
520 1543 622 1571 hostes
650 1551 792 1579 superare
818 1530 1045 1574 existimabant.
1061 1530 1082 1558 Ο

219 1589 381 1625 Postquam
397 1591 527 1616 castrum
539 1587 955 1624 amilitccircnmseptumest,
968 1588 1045 1616 arie-

218 1635 262 1661 tes
279 1635 487 1670 tormentaque
509 1632 587 1660 Italis
614 1632 736 1660 adfuere
756 1632 852 1660 multa
880 1634 908 1661 et
933 1633 1043 1667 valida,

218 1677 329 1713 quibus
339 1685 401 1705 non
413 1678 471 1705 hoc
481 1677 579 1704 solum
591 1676 643 1705 sed
656 1676 775 1705 altiores
793 1677 884 1705 etiam
900 1686 1002 1705 muros
1018 1679 1046 1706 et

217 1722 398 1758 ingentiores
411 1722 501 1750 urbes
513 1724 671 1758 quassatas
682 1722 855 1751 diruissent.
871 1724 952 1750 Tunc
967 1723 1046 1758 cogi--

217 1767 344 1795 tationes
351 1774 477 1801 magnas
483 1766 546 1794 etin
554 1765 666 1794 bellicis
672 1766 1046 1802 disponendisindustriam

218 1817 280 1839 una
300 1818 368 1838 cum
385 1810 482 1842 sociis.
499 1810 552 1846 qui
571 1818 587 1838 e
607 1817 712 1837 mensa
732 1812 803 1842 erat,
834 1810 963 1839 dilucide
975 1812 1046 1840 satis

218 1855 444 1883 demonstravit.
457 1855 565 1882 Verum
578 1855 672 1882 totum
686 1853 717 1881 id
732 1853 840 1882 divinae
851 1855 901 1891 opi
916 1855 1045 1884 tribuen-

218 1899 292 1928 dum
305 1902 359 1928 est.
377 1901 451 1928 Nam
472 1898 668 1927 Tarchaniota
682 1898 713 1926 in
727 1900 865 1928 externas
885 1900 1042 1929 machinas

218 1945 292 1974 alias
307 1945 370 1981 ipse
385 1943 625 1977 machinabatur,
638 1946 666 1971 et
676 1946 765 1971 tanta;
774 1944 930 1980 copiarum
940 1945 1043 1974 multi-

218 1990 313 2017 tudini
322 1989 413 2017 robur
424 1997 459 2017 ac
469 1989 604 2016 animum
627 1996 695 2025 quae
708 1988 738 2016 in
753 1990 904 2019 immensa
914 1989 1042 2019 militum

217 2034 405 2063 multitudine
411 2034 532 2070 reperiri
541 2036 674 2070 possent,
684 2034 834 2070 opposuit.
842 2035 909 2063 Haec
918 2035 1041 2064 anxium

217 2088 253 2109 ac
268 2080 427 2109 sollicitum
433 2078 968 2115 habebantJoannemimperatorem,
979 2087 1041 2108 non

217 2127 335 2154 tantum
353 2125 390 2152 de
407 2126 506 2152 castro
526 2124 792 2160 pertimescentem,
809 2124 861 2152 sed
894 2126 1041 2161 tanquam

217 2177 337 2198 summo
348 2168 468 2203 ingenio
479 2169 505 2196 et
516 2168 675 2204 prudentia
685 2168 792 2196 bellica
806 2168 967 2204 praeditum
980 2169 1036 2205 ει

1101 198 1229 224 λιουπόλιι
1262 201 1307 224 καὶ
1335 201 1357 225 εἴ
1385 209 1410 225 τι
1439 199 1499 226 ἄλλο
1532 200 1563 231 ἧν
1589 204 1704 238 τείχεσιν
1720 203 1909 239 ἐρυμνοτέρως

1101 243 1272 280 ὡχυρωμενον
1300 246 1345 270 καὶ
1373 249 1409 280 τῷ
1443 245 1535 275 πλήθει
1573 251 1622 273 τῶν
1649 247 1786 273 οἰκούντων
1817 248 1911 284 ἠσφα-

1099 286 1217 323 λισμένον
1234 288 1254 314 ⁸.

1135 331 1188 359 λθ¹.
1211 332 1280 359 Ἐπεὶ
1302 335 1364 368 γοῦν
1389 333 1456 360 οὕτω
1469 338 1552 361 ταῦτα
1582 335 1688 370 συνέϐη,
1704 338 1732 362 τὸ
1752 340 1805 362 τῶν
1824 339 1911 363 Λατί-

1098 385 1146 402 νων
1159 379 1229 412 γένος
1251 376 1289 403 ἀεὶ
1311 378 1371 404 καθ’
1385 379 1458 414 ἡμῶν
1482 382 1575 416 μανίαν
1598 383 1740 418 τρέφοντες,
1770 384 1819 407 καὶ
1849 385 1912 417 χεῖ-

1099 430 1143 457 ρον
1177 420 1205 448 δὲ
1231 420 1387 453 διατεθέντες
1428 421 1474 449 διὰ
1497 426 1543 454 τὴν
1567 427 1617 462 πρὸ
1643 429 1738 463 μικροῦ
1761 428 1912 461 ’γενομένην

1100 467 1177 501 σφίσι
1190 467 1262 503 παρά
1277 476 1304 493 τε
1319 471 1364 493 τοῦ
1385 467 1515 503 βασιλέως
1534 469 1653 496 Ἰωάννου
1679 472 1724 496 καὶ
1749 474 1797 496 τοῦ
1822 470 1912 497 ’Δσάν

1099 509 1190 547 ἔφοδον
1206 514 1309 538 καὶτῶν
1324 517 1419 550 χωρῶν
1432 516 1476 540 καὶ
1490 518 1540 540 τῶν
1564 514 1703 550 πολιχνίων
1729 514 1817 541 αὐτῶν
1852 519 1913 542 στέ-

1100 565 1188 592 ρησιν,
1213 558 1304 593 καιρὸν
1330 557 1439 588 ἐζήτουν
1469 557 1696 595 ἐπιχειρήσασθαι
1723 561 1782 587 καθ’
1819 561 1910 597 ἡμῶν,

1101 601 1215 637 εὑρόντες
1240 605 1277 637 τῷ
1303 604 1360 628 τότε
1387 601 1538 639 δυνάμενον,
1564 606 1599 635 ὡς
1629 606 1717 640 ᾤοντο,
1745 607 1790 634 τήν
1823 606 1909 634 ἧτταν

1100 646 1202 676 τούτοις
1228 645 1448 676 ἀνακαλέσασθαι.
1471 651 1521 675 Καὶ
1563 653 1653 686 πρῶτα
1679 651 1724 686 μὲν
1747 646 1791 676 τὸν
1822 650 1908 676 Ἀσὰν

1101 690 1296 725 ὑποποιοῦνται,
1312 694 1357 718 καὶ
1367 693 1450 728 τούτῳ
1470 694 1503 719 τὰ
1528 695 1593 731 πρὸς
1622 694 1747 731 εἱρὴνηνδ
1776 693 1907 721 σπῄδον-

1100 744 1144 760 ται
1163 745 1169 751 -
1182 736 1269 761 ἔπειτα
1285 734 1314 762 δὲ
1330 738 1376 762 σὺν
1390 737 1459 773 αὐτῷ
1475 740 1519 764 καὶ
1534 740 1593 769 τοὺς
1613 740 1721 772 Σκύθας,
1750 737 1908 777 βαρϐάρους

1100 777 1196 816 ἄνδρας
1225 779 1322 812 ἀλήτας
1348 791 1374 807 τε
1400 784 1444 808 καὶ
1473 780 1615 816 ἐπήλυδας,
1645 787 1749 820 μικροῖς
1773 793 1832 809 τισι
1850 788 1909 814 τοῖς

1100 827 1266 862 χαρίσμασι,
1295 829 1464 864 μακροτέραις
1494 826 1524 854 δέ
1547 837 1578 864 γε
1606 832 1661 859 ταῖς
1684 829 1868 864 ὑποσχέσεσιν
1896 830 1908 847 ⁸

1101 869 1135 900 εἰς
1163 869 1268 901 ἑαυτοὺς
1290 871 1394 898 ἕλκουσι
1416 875 1461 898 καὶ
1496 873 1700 910 συμπράκτορας
1738 878 1789 899 τῶν
1824 875 1907 910 ἔργων

1100 918 1216 943 ποιοῦσι.
1245 918 1295 942 Καὶ
1318 914 1352 945 δὴ
1377 919 1534 953 συμμαχίαν
1548 919 1678 946 τοσαύτην
1697 919 1725 944 εκ
1760 927 1787 944 τε
1801 920 1908 945 Σκυθῶν

1100 961 1145 986 καὶ
1174 960 1326 997 Βονλγάρων
1341 961 1350 978 ”¹
1367 963 1565 999 συνηθροικότες
1578 963 1602 988 οἱ
1619 962 1712 989 Ἰταλοὶ
1731 964 1814 998 ὁμόσε
1837 965 1909 989 κατὰ

1101 1008 1147 1031 τοῦ
1163 1004 1293 1041 βασιλέως
1307 1006 1426 1032 Ἰωάννου
1455 1010 1600 1043 χωροῦσιν.
1627 1006 1666 1043 [Ρ.
1695 1008 1743 1044 30]
1777 1008 1849 1034 Ἐπεὶ
1877 1006 1909 1034 δὲ

1103 1051 1192 1085 σφίσιν
1216 1051 1244 1076 ἐκ
1272 1054 1317 1076 τοῦ
1353 1049 1452 1087 σχεδόν
1473 1052 1502 1077 τό
1526 1055 1574 1082 τῆς
1601 1052 1766 1089 Τζουρουλοῦ
1794 1052 1805 1069 ³
1834 1053 1908 1078 ἄστυ

1101 1093 1238 1130 ἐτύγχανε,
1259 1095 1317 1121 κατ’
1340 1094 1435 1121 ἐκείνου
1460 1098 1506 1125 τὴν
1530 1097 1621 1132 μὰχην
1646 1098 1751 1130 ἑστῶσι,
1776 1099 1908 1133 παρόντος

1102 1139 1313 1176 αὑτοπροσώπως
1331 1140 1341 1157 ⁸
1361 1142 1406 1166 καὶ
1429 1143 1474 1166 τοῦ
1498 1141 1580 1167 Ἀσὰν
1611 1142 1676 1177 μετὰ
1695 1142 1828 1167 τοσούτων
1859 1152 1907 1178 χι.

1101 1183 1238 1219 λιοστύων,
1256 1188 1306 1210 τῶν
1326 1185 1456 1211 Σκυθικῶν
1477 1187 1521 1211 καὶ
1540 1189 1589 1211 τῶν
1616 1185 1798 1223 Βουλγαρικῶν
1821 1196 1906 1222 σ-ρα-

1100 1229 1242 1264 τευμοέτων,
1261 1231 1306 1255 καὶ
1332 1233 1381 1255 τῶν
1411 1228 1542 1255 Ἰταλικῶν
1573 1232 1784 1267 μηχανημάτων,
1802 1230 1853 1257 Ἦν
1877 1229 1907 1257 δὲ

1100 1277 1145 1303 τῆς
1163 1273 1328 1311 Τζουρουλοῦ
1356 1274 1378 1292 ¹⁰
1402 1275 1449 1303 τὴν
1471 1275 1584 1311 φρουρὰν
1607 1276 1679 1313 παρὰ
1699 1279 1745 1301 τοῦ
1771 1274 1908 1310 βασιλέως

1100 1317 1219 1344 Ἰωάννου
1242 1316 1465 1354 προσδεδεγμένος
1483 1319 1496 1344 ὁ
1509 1322 1712 1355 Ταρχανειώτης
1738 1322 1907 1357 Νικηφόρος,

1102 1364 1129 1394 ὃς
1148 1365 1167 1382 ¹¹
1198 1363 1240 1390 ἐπὶ
1268 1367 1314 1394 τῆς
1339 1365 1470 1400 τραπέζης
1497 1364 1553 1398 (7i)
1575 1368 1621 1390 τοῦ
1647 1363 1776 1400 βασιλέως
1795 1366 1907 1402 ὑπῆρχε

1101 1410 1167 1441 τότε,
1199 1410 1279 1444 μέγας
1309 1406 1338 1434 δὲ
1367 1406 1523 1444 δομέστικος
1548 1410 1685 1441 τετίμηται
1719 1410 1830 1446 ὕστερον
1872 1411 1904 1443 η,

1100 1452 1215 1490 γαμϐρὸς
1231 1452 1260 1479 δὲ
1271 1451 1301 1482 ἦν
1316 1456 1361 1479 τοῦ
1385 1453 1497 1489 μεγάλου
1528 1451 1685 1489 δομεστίκου
1714 1457 1762 1480 τοῦ
1788 1454 1906 1481 Halano-

1100 1497 1177 1534 λόγου
1194 1497 1235 1524 ἐπὶ
1251 1501 1281 1534 τῇ
1298 1499 1386 1535 πρώτη
1411 1497 1491 1524 αὐτοῦ
1520 1498 1630 1536 θυγατρὶ
1654 1501 1755 1536 Μαρίᾳ.
1769 1498 1820 1526 Ἦν
1834 1497 1867 1526 δὲ
1892 1500 1904 1525 ὁ

1099 1544 1300 1579 Ταρχανειὼτης
1338 1544 1383 1568 καὶ
1423 1545 1587 1578 στρατιώτης
1626 1542 1704 1574 καλὸς
1729 1546 1774 1569 καὶ
1802 1543 1905 1580 ἀγαθὸς

1101 1588 1245 1625 στρατηγὸς
1288 1586 1320 1620 ιδ,
1348 1588 1393 1612 καὶ
1418 1586 1512 1617 πολλῆς
1549 1587 1715 1614 ἓπαπολαύων
1755 1591 1804 1619 τῆς
1831 1591 1906 1626 παρὰ

1101 1635 1167 1659 Θεοῦ
1195 1630 1362 1667 ἆντιληψεως,
1393 1632 1480 1662 καθὼς
1499 1634 1543 1658 καὶ
1569 1634 1650 1670 μέχρι
1672 1632 1762 1664 τέλους
1790 1632 1905 1669 ἐπέγνω-

1102 1686 1163 1703 σται
1177 1676 1293 1712 μαλιστα
1322 1686 1329 1693 ο
1355 1678 1400 1702 καὶ
1424 1677 1475 1714 γὰρ
1497 1675 1584 1703 ἐδόκει
1602 1681 1657 1708 τοίς
1670 1677 1772 1709 πολλοῖς
1786 1678 1906 1715 εὐτυχίᾳ

1100 1722 1304 1758 κατορθούμενος
1326 1723 1359 1747 τὰ
1382 1721 1464 1748 πολλὰ
1486 1722 1501 1752 ἢ
1527 1720 1653 1759 εὐανδρίᾳ
1682 1724 1725 1749 καὶ
1751 1727 1905 1761 στρατηγίᾳ

1100 1771 1148 1793 τῶν
1175 1765 1293 1792 ἐναντίων
1333 1768 1527 1804 περιγενόμενος
1553 1767 1585 1794 η.
1610 1767 1683 1793 Ἐπεὶ
1705 1765 1735 1793 δὲ
1761 1772 1798 1803 τῷ
1827 1769 1903 1795 ἄστει

1099 1812 1319 1848 παρεκαθίσαντο,
1344 1812 1527 1847 μηχανήματά
1552 1821 1579 1838 τε
1614 1814 1660 1837 καὶ
1696 1811 1826 1844 ἑλεπόλεις
1849 1817 1903 1843 τοῖς

1099 1854 1207 1886 Ἰταλοῖς
1233 1855 1395 1892 ἐγεγόνεισαν
1421 1855 1514 1882 πολλαί
1542 1866 1569 1883 τι
1588 1859 1632 1882 καὶ
1660 1856 1783 1893 ἰσχυραὶ,
1807 1858 1843 1888 ὡς
1865 1860 1899 1894 μὴ

1097 1903 1173 1937 μόνον
1188 1898 1329 1929 τηλικοῦδε
1344 1901 1443 1931 ἄστεως
1457 1901 1638 1938 περιγενέσθαι
1655 1900 1814 1937 ἱσχύουσαι,
1839 1901 1901 1927 ἀλλὰ

1096 1947 1142 1972 καὶ
1167 1944 1330 1982 ὑψηλοτέρων
1355 1949 1451 1982 τειχῶν
1477 1947 1522 1971 καὶ
1548 1946 1767 1983 εὔμεγεθιστέρων
1791 1946 1900 1982 πόλεων,

1095 1992 1153 2016 τότε
1167 1991 1197 2016 τὸ
1207 1993 1322 2026 γενναῖον
1346 1991 1466 2027 φρόνημα
1490 1992 1534 2016 καὶ
1562 1992 1609 2019 τὴν
1634 1993 1813 2028 στρατηγικὴν
1841 1991 1902 2026 μεθ.

1095 2032 1182 2061 οδείαν
1208 2036 1273 2071 μετὰ
1287 2038 1337 2061 τῶν
1358 2036 1404 2061 σὺν
1420 2034 1489 2070 αὐτῷ
1509 2035 1521 2060 ὁ
1550 2033 1592 2061 ἐπὶ
1619 2038 1665 2065 τῆς
1687 2037 1824 2072 τραπέζης
1837 2035 1901 2072 λαμ-

1094 2083 1165 2115 πρῶς
1180 2078 1334 2110 ἐνεδείξατο.
1354 2079 1402 2105 Ἦν
1427 2077 1456 2105 δὲ
1471 2080 1500 2106 τὸ
1515 2078 1571 2105 ὅλον
1586 2082 1633 2110 τῆς
1657 2083 1703 2105 τοῦ
1733 2083 1802 2107 Θεοῦ
1833 2080 1900 2106 ἄντι-

1094 2123 1198 2159 λὴψεως
1215 2123 1272 2159 (72)
1287 2133 1294 2140 ο
1311 2122 1511 2159 ἀντεμηχανᾶτο
1533 2125 1584 2160 γὰρ
1605 2122 1678 2150 ἔνδον
1702 2124 1716 2150 ὁ
1729 2127 1901 2161 Ταρχανειὼ-

1095 2179 1143 2200 της
1155 2171 1210 2199 τοῖς
1225 2168 1315 2200 ἔξωθεν
1330 2170 1533 2204 μηχανήμασιν,
1550 2170 1595 2194 καὶ
1610 2172 1641 2205 τῇ
1670 2170 1786 2206 τοσαύτῃ
1803 2170 1900 2199 πληθύι

217 2214 429 2250 suspicantem,
447 2212 470 2240 si
486 2214 616 2241 castrum
640 2213 679 2241 ab
705 2212 845 2241 hostibus
873 2215 1038 2249 caperetur,
1060 2206 1082 2235 Ῑ)
1096 2217 1143 2245 τῆς
1164 2223 1180 2240 σ

1100 2217 1143 2245 τῆς
1164 2216 1287 2250 στρατιᾶς
1314 2211 1467 2249 ἀντεπεξῆγε
1495 2214 1523 2239 τὸ
1547 2211 1670 2250 ἀνδρικὸν
1694 2213 1718 2240 ἐν
1745 2214 1900 2245 πολλοστοίς

216 2265 405 2295 quaecunque
419 2257 483 2293 ipse
497 2256 528 2285 in
543 2257 697 2285 occidente
713 2257 890 2293 possideret,
914 2265 1040 2293 pessum

252 2303 263 2320 ⁸
281 2307 318 2346 τί)
339 2301 606 2346 Διςυμοῖοίχεςᾲρω.
626 2302 659 2345 D_.
698 2302 709 2319 ⁴
724 2304 769 2346 xci
795 2301 871 2346 sil-:-
894 2302 1103 2346 ἡσφαλισμέμον]
1118 2304 1163 2328 καὶ
1186 2305 1242 2346 τοῖς
1267 2302 1385 2346 μείζοσιν
1411 2302 1519 2346 ἄστεσιν
1541 2303 1574 2346 Ι]ἶ

371 2339 383 2356 ⁶
396 2336 500 2375 μείζοσὶ
510 2336 534 2364 δ’
549 2339 729 2373 ὑποσχέσεσιν
750 2339 782 2365 D.
820 2338 830 2355 ⁷
850 2337 878 2363 ix
897 2336 1017 2364 -Ὶῑουλ
1035 2336 1103 2376 (ὶρωῦ
1130 2346 1180 2366 om

373 2373 544 2402 ούοειδὶτὴν
562 2373 716 2402 Τζουρουλὼ
744 2374 757 2399 ὁ
778 2374 809 2401 D.
849 2374 870 2391 ¹¹
904 2373 940 2402 ὃς]
970 2375 982 2399 ό
1079 2374 1180 2402 omissi

1100 2336 1103 2360 ί
1130 2346 1191 2379 9m.-
1217 2336 1272 2382 [λζ

1100 2382 1200 2402 mlSSlS
1225 2383 1272 2400 του

216 2346 277 2367 om.
294 2331 330 2368 D.

215 2375 248 2403 D.
290 2375 312 2393 ¹⁰
325 2373 440 2412 ἐφρούρει
457 2373 487 2401 δε
497 2376 544 2403 τὴν
562 2373 716 2412 [Γζουρουλὼ
731 2374 757 2412 -ὁ
778 2374 826 2412 D.__
849 2374 870 2391 ¹¹
904 2373 940 2412 ᾃς]
960 2375 982 2412 ’ό
1014 2373 1046 2407 Β,

1096 2259 1162 2294 ἄγαν
1181 2260 1237 2288 τοῖς
1256 2259 1430 2294 στρατιώταις
1450 2258 1484 2286 ¹⁵,
1512 2257 1552 2284 Ἐν
1579 2257 1720 2294 ἀμηχανίᾳ
1735 2256 1765 2285 δὲ
1776 2257 1808 2288 ἧν
1824 2260 1837 2286 ὀ
1853 2259 1900 2296 βα-

1613 2303 1679 2341 δ-τὰ
1708 2305 1773 2340 πρὸς
1794 2304 1898 2341 εἰρήνην

1288 2337 1478 2375 ⁸ΑΤςουρουλῲ
1497 2337 1531 2365 D.
1570 2339 1580 2356 ⁰
1602 2337 1822 2375 αὐτοπροσώπωξ
1837 2348 1897 2368 om.

1299 2372 1429 2416 βασιλέως
1457 2374 1574 2411 ὑπῆρχε.
1614 2375 1638 2416 ﬂ.
1662 2372 1741 2410 μέγας
1772 2375 1898 2416 --ῧστς

215 2413 269 2454 ρον]
284 2413 329 2454 xuii.
340 2407 449 2449 ῦστερον
460 2419 542 2453 μεγας
557 2407 713 2454 deuios-mors
731 2409 765 2437 D.
805 2409 827 2427 ¹⁸
842 2412 887 2436 καὶ
900 2407 998 2445 ἀγαθὸς
1012 2412 1157 2447 στρατηγὸς
1168 2417 1230 2438 om.
1245 2409 1281 2437 D.
1300 2407 1304 2409 ’
1321 2410 1344 2427 ³⁸
1358 2410 1446 2440 καθὼς
1471 2407 1717 2447 -Ϊπὶριγενόμενος
1735 2418 1798 2439 om.
1815 2412 1838 2440 D
1876 2412 1897 2429 ’⁵

216 2446 370 2484 ἂντεπιξῆγε
381 2446 416 2468 -ὲ
429 2448 600 2483 στρατιώταις
613 2453 673 2473 om.
692 2446 723 2472 Ι).

661 2488 831 2524 Theodori
855 2489 981 2524 Dousa:
1005 2494 1038 2524 et
1062 2490 1188 2524 Leonis
1212 2489 1330 2524 Allatii
1353 2494 1455 2524 notae.

251 2554 350 2592 (71)Ὀ
364 2555 406 2581 ἐπὶ
425 2557 469 2583 τῆς
482 2552 626 2592 τραπέζῃς.
651 2552 790 2592 Βὶεηὶιᾶεν
809 2552 840 2580 in
863 2553 1042 2592 Byzantino-

215 2587 283 2620 rum
299 2587 516 2627 imperatorum
542 2587 614 2627 aula
639 2587 1045 2627 non_postremo:_loco_ha-

215 2627 278 2655 bita
292 2623 389 2660 est;ut
398 2625 478 2661 apud
490 2623 697 2661 Curopalatem
710 2624 848 2661 legimus.
867 2623 1043 2661 Witichindo

217 2665 262 2691 est
271 2659 380 2691 meum
390 2659 590 2694 ministratoi‘,
600 2659 664 2688 aliis
674 2661 808 2694 dapz’fer.
824 2660 918 2696 Quem
926 2659 1043 2696 dapife-

216 2701 299 2735 ratus
314 2699 461 2735 honorem
475 2704 530 2735 seu
544 2695 750 2735 praefecturam
769 2702 880 2735 mensae
901 2695 1043 2735 tamtum

217 2733 274 2761 sub
283 2733 461 2762 Contantino
475 2729 582 2766 Magno
595 2732 636 2760 ita
651 2730 818 2759 distributis
829 2729 935 2758 ofﬁciis
955 2731 1041 2759 insti-

216 2770 313 2797 tutam
327 2771 355 2797 et
369 2768 484 2797 Russiae
495 2767 623 2804 principi
635 2766 834 2802 assignatam,
850 2768 882 2795 ut
895 2766 953 2796 alia
965 2767 1042 2802 aliis,

1097 2555 1220 2581 testatur
1227 2552 1636 2589 NicephorusGregorasJib.
1651 2561 1698 2589 v11,
1711 2561 1779 2589 cap.
1788 2554 1816 2582 8.
1829 2554 1897 2582 Vide

1098 2590 1131 2618 V.
1141 2590 1170 2617 C.
1183 2588 1350 2627 Marquardi
1359 2588 1474 2627 Freheri
1484 2588 1802 2627 Oﬂginesili’alattriqs,
1815 2592 1896 2627 parte

1098 2632 1116 2658 ι,
1129 2632 1195 2660 cap.
1212 2623 1412 2652 lavi—renovatis
1429 2623 1610 2658 editionis,et
1622 2625 1739 2653 Meursii
1755 2623 1853 2655 Gloss.
1868 2626 1897 2653 in

1098 2663 1267 2697 Λομέστικος.
1285 2661 1393 2688 DOUSA.

1144 2698 1189 2730 72)
1224 2699 1277 2727 Τῆς
1309 2700 1355 2722 τοῦ
1393 2699 1459 2723 Θεοῦ
1491 2695 1660 2732 ἀντιλήψεως.
1698 2698 1764 2725 Non
1802 2705 1894 2732 arma,

1099 2732 1151 2773 sed
1160 2732 1317 2773 Qeigratia
1330 2734 1374 2773 est
1386 2739 1455 2773 qua}
1474 2734 1600 2773 pugnat,
1621 2733 1776 2768 Gregoras,
1801 2741 1833 2770 p.
1853 2735 1894 2765 83,

1098 2768 1135 2796 de
1151 2767 1252 2797 Alexio
1263 2767 1484 2804 Stratego'pulo.’
1493 2767 1562 2796 A111,.
