1970 3082
22 125 93 150 1065

779 122 941 150 ANNALES

1643 125 1710 152 1066

21 185 110 217 σιλεὺς
125 186 256 219 Ἰωάννης,
279 186 308 212 οὐ
337 189 461 212 τοσοῦτον
476 189 526 211 τῶν
553 185 577 211 ἐν
597 189 632 220 τῷ
658 186 734 211 οἶστει
749 185 824 221 ὑπερ-

893 188 965 212 tura.
982 183 1189 212 Delectabatur
1204 183 1323 212 interim
1338 183 1369 211 in
1385 191 1420 211 eo
1437 185 1641 220 expugnando
1656 187 1710 214 ad-

22 235 153 266 αγωνιῶν,
175 230 228 256 ἀλλ’
260 231 281 247 ¹⁶
297 229 382 265 εἰδὼς,
399 231 441 256 οἶα
462 231 576 266 ἐχέφρων
594 233 639 256 καὶ
668 232 771 260 συνετὸς
793 230 826 255 τὰ

22 276 135 312 πολέμια
157 277 191 309 ¹⁷,
218 277 250 306 ὡς
272 275 294 302 εἰ
328 278 356 302 τὸ
381 277 450 302 ἄστυ
489 276 560 312 παρὰ
582 280 632 301 τῶν
658 275 776 302 ἐναντίων
806 276 825 293 ¹⁸

22 320 106 355 ἁλῴη,
124 318 229 356 φροῦδα
247 321 330 346 πάντα
344 322 376 346 τὰ
390 319 414 346 ἐν
425 324 456 356 τῇ
472 319 548 346 δύσει
562 321 644 356 τούτῳ
659 321 828 356 τυγχάνοντα

21 367 153 400 γένοιντο.
167 368 237 395 Τέως
261 363 304 391 οὖν
331 366 421 401 ἠγάπα
448 365 542 402 μᾶλλον
571 365 595 391 ἔν
618 366 702 401 τούτῳ
731 364 827 394 ἰπτοῆ-

24 411 89 436 σθαι
103 411 165 441 τοὺς
178 409 316 446 πολεμίους
341 412 386 436 καὶ
414 411 443 436 τό
468 410 533 436 πολὺ
552 414 598 440 τῆς
617 411 703 447 ῥύμης
737 413 828 446 σφίσιν

22 453 251 481 ἐναποκὸπτεσθαι
277 465 282 471 ·
311 454 381 491 ἔμελε
399 455 450 491 γὰρ
478 454 549 490 αὐτῷ
575 454 670 490 μᾶλλον
686 456 719 480 τὰ
742 454 767 480 ἐν
795 458 825 490 τῇ

23 500 65 535 ἕῳ,
108 500 144 525 ὧν
184 499 318 537 ἐλευθέρων
355 500 525 537 ὑπαρχόντων
554 504 600 530 τῆς
630 501 722 536 μάχης
743 499 829 526 πλεῖον

23 545 97 580 αὐτῷ
111 546 202 574 τὸτῆς
229 544 387 581 εὐφροσύνης
406 544 486 573 ὑπῆν.
520 544 740 581 Πολιορκουμένου
767 547 829 580 γοῦν

23 593 69 615 τοῦ
115 590 215 619 ἄστεως
255 588 419 625 Τξουρουλοῡ
448 591 540 625 αῖφνης
562 589 634 618 ἐπὴει
660 592 768 625 μήνυμα
792 593 829 624 τῷ

25 634 110 660 Ἀσὰν
121 635 155 664 ὡς
169 634 185 662 ἡ
212 635 328 669 σύζυγος
354 634 434 660 αὐτοῦ
453 635 468 663 ἠ
490 634 517 666 ἐξ
546 636 671 672 Οὗγγρων
686 633 713 666 ἐξ
728 633 829 672 ἀνθρώ-

23 689 77 705 πων
103 678 214 714 ἐγένετο,
234 678 396 708 τετελιυτηκε
421 677 451 704 δὲ
472 679 539 705 κατὰ
560 681 638 705 ταυτό
658 681 703 705 καὶ
722 677 830 705 παιδιον

24 724 109 750 αὑτοῦ
134 725 181 749 καί
215 724 228 749 ό
252 723 378 758 Τρινόϐου
409 722 562 755 ἐπίσκοπος.
596 726 741 760 Θεομηνὶαν
770 727 831 760 γοῦν

25 769 197 804 ἡγησάμενος
220 772 303 794 ταῦτα
322 771 385 805 πυρὶ
405 767 524 804 ἀφανίζει
551 769 597 799 τὰς
623 768 758 802 ἑλεπόλεις,
787 771 831 795 καὶ

27 815 59 843 ὡς
72 811 134 849 εἶχε
152 811 252 850 δρόμου
279 812 321 839 ἐπὶ
339 814 383 839 τὸν
410 812 533 850 Τρίνοϐον
556 814 634 840 ἰκετο.
664 816 748 840 Μόνοι
769 817 832 849 γοῦν

28 857 243 894 ἀπολελειμμένοι
253 859 277 884 οὶ
293 857 396 890 Ἰταλοὶ,
413 857 467 884 ἐπεὶ
491 860 526 894 μή
557 857 733 894 ἀποχρώντως
759 857 833 894 εἶχον

29 903 63 934 εἰς
88 905 139 932 τὴν
164 906 211 928 τοῦ
235 903 333 934 ἄστεως
362 902 542 939 πολιόρκησιν,
569 902 682 929 κάκεῖνοι
701 905 748 932 τὴν
776 903 832 929 κατ’

29 948 115 974 αὐτῶν
130 949 224 984 μάχην
239 947 382 978 λελοιπότες
397 947 422 978 ἐς
447 950 494 976 τὴν
522 950 717 974 Κωνσταντὶνου
746 950 834 984 ᾤχον-

29 1002 66 1019 το.
101 991 277 1028 Ἐλευθέρωτο
313 995 376 1028 γοῦν
397 993 427 1018 τὸ
465 993 532 1018 ἄστυ
559 997 607 1023 τῆς
636 996 687 1018 τῶν
716 992 835 1019 ἐναντίων

31 1037 196 1074 πολιορκίας,
211 1039 256 1063 καὶ
276 1037 482 1073 συνηλευθέρωτο
506 1039 551 1063 καὶ
574 1038 587 1063 ὁ
609 1036 649 1063 ὶπὶ
678 1042 722 1067 τῆς
743 1039 837 1074 τραπέο

34 1083 81 1113 ζης
110 1084 326 1118 Ταρχανειὼτης,
346 1084 494 1119 Νικηφόρος
523 1081 547 1107 ἐν
576 1083 678 1113 τούτοις
710 1083 777 1108 κατὰ
789 1085 836 1111 τὴν

32 1126 127 1156 κλῆσιν
142 1125 279 1162 ἀναφανεὶς
296 1127 328 1152 η.
358 1125 386 1152 ’0
411 1127 455 1162 μὲν
471 1124 515 1152 οὖν
531 1126 621 1157 Ἀσίιν,
638 1125 729 1155 ἐπειδὴ
754 1128 836 1162 τούτῳ

31 1172 62 1197 τὰ
75 1170 260 1208 προρρηθέντα
287 1170 432 1207 ξυμϐέϐηκε
461 1172 565 1208 λυπηρὰ
592 1171 628 1205 ²⁰,
656 1171 768 1202 εὐσεϐῶς
792 1173 837 1197 καὶ

32 1216 104 1251 μάλα
130 1215 230 1246 οἰηθεὶς
257 1217 291 1245 ὡς
305 1213 352 1242 διὰ
374 1216 408 1241 τὰ
426 1215 595 1253 παραϐασίας
621 1219 671 1241 τῶν
697 1216 779 1253 ὅρκων
803 1214 836 1242 ὧν

32 1261 100 1296 μετά
114 1264 163 1286 τοῦ
185 1259 312 1296 βασιλέως
332 1260 450 1287 Ἰωάννου
477 1260 593 1291 ξυνέθετο
618 1260 658 1297 [Ρ.
686 1260 732 1296 3i]
748 1263 793 1287 καὶ
807 1262 836 1286 τό

34 1305 194 1332 ἀποσπάσαι
222 1307 269 1334 τὴν
307 1306 436 1342 θυγατέρα
461 1309 507 1331 τοῦ
546 1305 664 1341 συζύγου
698 1303 837 1341 Θεοδώρου

35 1352 114 1376 ταυτὶ
146 1352 270 1386 γένοιντο,
300 1350 441 1386 μετάμελος
480 1349 521 1376 ἐπὶ
562 1351 664 1381 τούτοις
703 1352 838 1386 γενόμενος

34 1394 158 1432 πρέσϐεις
183 1394 367 1426 ἐξαπεστάλκει
392 1396 456 1431 πρὸς
478 1396 522 1420 τὸν
557 1393 678 1431 βασιλέα,
704 1394 792 1421 ἒαῦτον
812 1404 839 1420 τε

879 229 1028 257 versarios
1043 228 1197 264 retardari,
1208 237 1373 265 eorumque
1383 229 1571 265 potissimam
1582 230 1711 266 impetus

880 276 994 310 partem
1010 274 1157 308 confringi
1173 281 1263 302 :nam
1282 274 1476 302 orientalibus
1506 275 1596 303 rebus
1611 276 1711 311 potius

880 318 1015 346 animum
1033 318 1217 353 advertebat,
1232 326 1309 355 quas
1327 326 1396 346 cum
1416 327 1434 346 a
1452 319 1531 347 bello
1559 320 1711 348 immunes

881 363 1076 399 conspiceret,
1089 363 1185 398 magis
1197 364 1299 391 animo
1306 364 1460 398 gestiebat.
1473 365 1548 392 Dum
1555 364 1711 393 obsidetur

881 407 999 436 Tzuruli
1013 410 1155 440 castrum,
1171 409 1272 436 Asano
1291 408 1451 444 derepente
1467 409 1622 438 nuntiatur
1637 417 1711 437 uxo-

882 461 945 480 rem
954 453 1103 487 Ungaram
1111 453 1141 480 in
1148 452 1221 480 vivis
1228 461 1292 481 esse
1299 453 1548 487 desiisse,eodem
1555 456 1710 483 momento

883 500 912 525 et
922 496 1046 524 ﬁliolum
1069 496 1163 533 ipsius
1189 499 1217 525 et
1245 497 1364 525 Trinobi
1389 498 1567 534 episcopum
1583 498 1710 528 obiisse.

883 542 953 569 ldeo
964 541 1097 569 Numinis
1111 541 1186 569 iram
1197 544 1279 570 ratus
1294 545 1443 571 tormenta
1451 543 1519 578 igne
1528 545 1711 578 concremat,

883 589 912 614 et
921 595 1013 623 quam
1026 586 1167 614 citissime
1183 587 1346 615 Trinobum
1370 587 1456 616 redit.
1474 589 1563 623 lgitur
1578 588 1632 616 soli
1649 588 1713 617 ltali

884 640 953 660 cum
968 631 1005 659 ad
1014 631 1216 659 obsidendum
1224 634 1354 660 castrum
1364 640 1401 660 ex
1417 640 1447 660 se
1458 640 1520 660 non
1531 633 1711 669 sufﬁcerent,

884 685 975 714 quam
982 677 1011 704 in
1019 677 1166 704 Romanos
1173 677 1387 705 constituerant
1393 685 1523 713 pugnam
1530 678 1710 712 dirimentes,

885 721 1000 757 Cpolim
1013 723 1299 754 revertuntur,etarx
1309 721 1358 750 illa
1367 722 1406 750 ab
1412 722 1542 750 hostium
1552 723 1709 751 obsidione

885 766 1037 794 liberatur.
1046 765 1100 798 Qui
1109 774 1124 793 e
1133 774 1238 794 mensa
1248 769 1312 794 erat
1323 767 1519 795 Tarchaniota
1528 767 1712 804 Nicephorus

886 811 917 839 in
932 810 978 838 his
991 810 1161 841 victoriam.
1172 810 1255 846 quod
1270 811 1373 847 utique
1388 820 1477 840 suum
1492 819 1603 840 nomen
1615 812 1712 847 infert,

887 855 1026 891 adeptus.
1038 857 1155 883 Asanus
1165 863 1237 892 ergo
1244 856 1398 892 postdicta
1408 857 1536 886 adversa
1546 865 1582 886 ac
1592 857 1717 886 intortu-

888 903 959 929 nata
965 901 1013 936 pie
1019 900 1186 928 admodum
1194 901 1367 936 concipiens
1374 904 1496 938 propter
1502 901 1646 930 violatum
1653 903 1717 939 jus-

886 945 1443 982 jurandum,quodimperatoriJoanni
1454 946 1717 982 dederat,etiiliam

891 999 909 1020 a
919 992 1044 1020 thalami
1057 993 1194 1019 consorte
1209 991 1363 1019 Theodoro
1370 993 1488 1027 raptam
1498 991 1563 1020 haec
1577 992 1719 1029 ﬂeri,poa-

889 1036 1127 1065 nitentiaductus
1137 1035 1192 1063 cad
1198 1037 1350 1063 uceatores
1357 1035 1445 1064 mittit
1451 1036 1488 1064 ad
1494 1035 1718 1073 imperatorem,

891 1081 1095 1118 semetipsum
1109 1080 1228 1108 sceleris
1250 1087 1398 1108 accusans
1425 1083 1454 1108 et
1464 1083 1552 1117 pacta
1567 1083 1716 1111 conventa

890 1125 1293 1162 reposcens,deprecansque
1307 1125 1366 1160 62
1384 1124 1441 1153 sibi
1455 1126 1577 1154 veniam
1593 1125 1720 1162 ﬂagitio-

890 1178 956 1199 rum
969 1172 1098 1199 Joannes
1114 1169 1278 1205 imperator
1305 1171 1448 1206 lreneque
1469 1169 1720 1206 imperatrix,tan-

891 1224 983 1252 quam
990 1215 1042 1251 qui
1050 1215 1080 1243 in
1088 1215 1184 1249 magis
1191 1214 1240 1250 pia
1247 1221 1282 1242 ac
1290 1214 1387 1249 magis
1395 1214 1497 1243 divina
1504 1215 1719 1252 prospicerent,

890 1261 1004 1296 legatOs
1011 1259 1172 1295 excipiunt,
1180 1267 1235 1287 nec
1242 1258 1342 1286 verbis
1350 1267 1413 1287 rem
1421 1259 1598 1296 prolatando
1604 1268 1720 1289 rursum

890 1305 950 1341 jusj
957 1304 1102 1332 urendum
1108 1303 1523 1340 comprobant,sponsamque
1531 1304 1666 1334 Helenam
1672 1313 1721 1333 re-

891 1351 1007 1386 petunt,
1019 1356 1087 1384 quae
1101 1348 1140 1376 ad
1151 1355 1272 1375 socrum
1292 1350 1320 1376 et
1334 1348 1494 1384 conjugem
1514 1349 1600 1385 redit,
1616 1352 1644 1378 et
1663 1358 1724 1387 pax

893 1394 1000 1422 iterum
1018 1393 1094 1420 inter
1107 1393 1257 1420 Romanos
1274 1394 1302 1420 et
1312 1392 1456 1427 Bulgaros
1470 1394 1633 1429 peragitur

35 1440 176 1471 ἐξουθενῶν
189 1444 238 1470 τῆς
247 1441 373 1470 κακίστης
383 1439 497 1476 πράξεως
510 1441 554 1465 καὶ
564 1441 611 1469 τὰς
627 1440 757 1469 συνθήκας
777 1437 981 1474 ἀνακαλοῦμειος
994 1438 1015 1455 ²¹
1029 1439 1074 1463 καὶ
1091 1439 1248 1472 συγγνώμην
1259 1440 1308 1462 τῶν
1322 1439 1503 1474 πεπραγμένον
1518 1439 1670 1474 αἰτούμενος
1685 1440 1719 1467 ²².

35 1484 67 1510 Ὀ
156 1485 200 1510 οὖν
215 1483 336 1515 ϐασιλεὺς
349 1484 467 1514 Ἰωάννης
481 1486 526 1510 καὶ
541 1485 555 1513 ἠ
580 1483 684 1520 βασιλὶς
699 1486 806 1521 Εἰρηνη,
828 1487 871 1510 οἶα
885 1485 975 1510 ἐκεῖνοι
989 1483 1052 1519 πρὸς
1073 1482 1106 1507 τὰ
1125 1480 1294 1517 εὐσεϐεστερα
1313 1484 1358 1507 καὶ
1375 1482 1491 1518 θειότερα
1507 1483 1531 1500 ³³
1548 1482 1726 1516 ἀπονεύοντες,

35 1531 164 1565 υέχονταί
191 1538 217 1555 τε
237 1531 285 1558 τὴν
308 1528 459 1566 πρεσϐείαν,
483 1531 527 1555 καὶ
549 1526 611 1555 οὐδὲ
626 1531 660 1559 εἰς
675 1527 791 1565 μακροὺς
806 1527 916 1555 ἐλθόντεὶ
931 1527 1022 1563 λόγους
1044 1527 1104 1558 τοὺς
1126 1535 1153 1552 τε
1168 1525 1259 1564 ὅρκους
1282 1527 1325 1552 καὶ
1347 1523 1424 1557 αὖθις
1444 1525 1558 1553 πεδοῡσι
1573 1528 1598 1545 2⁸
1612 1529 1657 1554 καὶ
1680 1530 1727 1558 τὴν

32 1575 140 1610 νύμφην
155 1572 258 1602 Ἑλένην
277 1573 479 1601 ἁνακαλόῡνται.
501 1573 699 1600 Ἀποστξλλεται
722 1577 785 1610 γοῦν
799 1573 864 1602 αὕτη
881 1574 946 1610 πρὸς
964 1581 992 1598 τε
1011 1573 1054 1598 τὸν
1070 1573 1189 1607 πονηρόν
1215 1572 1260 1597 καὶ
1274 1572 1317 1596 τὸν
1338 1570 1463 1607 σύζυγον,
1479 1573 1524 1598 καὶ
1540 1575 1628 1608 ειρήνη
1645 1572 1726 1604 πάλιν

36 1620 118 1655 μέσον
130 1617 261 1654 Ῥωμαίων
275 1628 302 1645 τε
313 1621 358 1644 καὶ
373 1618 524 1656 Βουλγάρων
536 1618 570 1644 ³⁵.

71 1663 123 1694 λζ.
155 1663 185 1689 Ὀ
208 1664 254 1700 μὲν
282 1663 327 1689 οὖν
354 1667 402 1694 τῆς
422 1664 539 1700 ἱστορίας
566 1661 663 1699 δρόμος
686 1662 722 1699 ἐφ’
754 1663 836 1700 ἑτέραν

931 1662 977 1689 37.
999 1660 1057 1689 Sed
1075 1659 1206 1688 historia;
1233 1659 1323 1688 series
1352 1659 1411 1688 alio
1430 1659 1570 1694 deﬂectit,
1600 1662 1628 1689 et
1655 1668 1723 1697 qum

36 1710 160 1745 τρέπεται
171 1710 219 1738 τὴν
230 1705 291 1734 ὁδὸν
303 1710 395 1734 καὶτὰ
418 1709 477 1745 περὶ
503 1711 552 1733 τῶν
571 1707 595 1733 ἐν
621 1711 653 1744 τῇ
680 1709 842 1734 Κωνσταντί-

38 1763 83 1779 νου
100 1751 466 1789 διασαφὴσειοπολυσχιδῶς
492 1753 542 1790 γὰρ
566 1754 625 1778 τότε
647 1756 697 1778 τῶν
721 1753 842 1788 πραγμά-

37 1808 89 1824 των
104 1800 276 1834 κεκινημένων
292 1796 341 1824 διὰ
356 1799 386 1824 τὸ
399 1797 568 1834 πολυαρχίαν
593 1797 617 1822 έν
632 1800 698 1824 πᾶσι
710 1798 840 1833 γενέσθαι,

38 1842 165 1874 ποικίλως
182 1840 224 1868 δεῖ
237 1845 282 1868 καὶ
295 1843 329 1868 τὰ
351 1846 396 1869 τοῦ
417 1841 496 1878 λόγου
522 1842 724 1879 στστρέφεσθαι.
742 1842 771 1868 Ὀ
797 1843 842 1878 μεν

39 1886 85 1914 οὖν
109 1885 277 1921 Βαλιὴυῖνος,
292 1887 318 1913 ὃν
334 1887 347 1913 ὁ
361 1887 437 1922 λόγος
453 1885 612 1923 βασιλεῦσαι
633 1890 679 1916 τῆς
708 1889 843 1913 Κωνσταν-

38 1935 112 1959 τὶνου
142 1934 295 1970 προείρηκεν
315 1933 350 1967 ’⁸,
372 1931 519 1968 ἀπειρηκὼν
546 1930 571 1957 ἐν
601 1935 656 1962 ταῖς
683 1933 748 1967 πρός
780 1930 843 1957 Ῥω-

39 1979 137 2014 μαίους
152 1978 266 2014 μάχαις,
280 1976 374 2014 μᾶλλον
394 1974 424 2002 δι
434 1980 465 2012 τῇ
480 1977 545 2013 πρὸς
569 1977 613 2002 τὸν
634 1974 745 2012 βασιΜα
758 1975 843 2002 Ἰωάν-

39 2032 87 2051 νην
125 2021 287 2050 ἰναντιότητι
316 2021 352 2055 (ἔς
386 2023 479 2058 μικρὸν
509 2021 559 2058 γὰρ
588 2021 621 2046 τὰ
649 2020 744 2046 ἐκείνου
772 2021 844 2057 παρά

41 2065 325 2094 το·3του⁴συνέσταλται
340 2065 386 2101 ³⁷),
411 2067 474 2102 πρὸς
499 2066 541 2091 τὸν
562 2069 612 2091 τῶν
639 2065 763 2102 Φράγκων
779 2064 843 2091 ἀπο-

41 2106 193 2144 δεδημήκει
217 2107 296 2144 ῥῆγα,
330 2108 557 2144 προσῳκειωμένον
589 2106 672 2141 τούτῳ
695 2105 753 2131 καθ’
779 2105 845 2141 αἷμα

40 2153 71 2180 οὗ
88 2155 140 2190 μὴν
253 2154 298 2178 καὶ
322 2153 354 2182 ὡς
380 2150 541 2187 ξυμφυλέτην
569 2151 635 2186 ἄγαν
654 2159 681 2176 τε
709 2149 845 2186 Ῥωμαίοις

41 2197 140 2236 ἐχθρὸν
155 2208 202 2224 και
222 2197 328 2234 βοηθεῖν
348 2195 396 2223 διὰ
413 2199 496 2222 ταῦτα
512 2197 612 2232 ἕτοιμον
625 2195 659 2230 η,
676 2197 722 2222 καὶ
739 2205 844 2231 συμμα-

41 2246 107 2279 χίαν
123 2243 200 2274 ζητεῖ
214 2242 356 2278 ἀξιόλογον,
373 2243 418 2268 καὶ
432 2240 602 2277 ἐπιτυγχάνει
617 2243 662 2266 τοῦ
682 2241 706 2257 ²⁰
723 2243 822 2266 σκοποῦ
837 2250 843 2256 ·

41 2290 88 2314 καὶ
103 2287 128 2314 ἐν
138 2287 169 2314 οὐ
185 2287 270 2323 πολλῳ
292 2289 380 2324 χρόνῳ
408 2285 532 2318 ἑξήκοντα
557 2283 681 2321 χιλιάδες
707 2285 846 2322 συνηθροί-

897 1704 1278 1741 Cpoliagebanturnarrare
1294 1704 1397 1739 gestit:
1415 1712 1548 1741 namque
1564 1713 1634 1733 cum
1652 1707 1723 1734 tunc

897 1749 1039 1786 temporis
1053 1749 1092 1777 ob
1106 1749 1206 1776 varios
1222 1748 1335 1785 ubique
1355 1749 1540 1785 principatus
1562 1749 1594 1778 in
1614 1749 1723 1778 multas

897 1794 987 1822 etiam
1002 1796 1102 1830 partes
1112 1801 1159 1821 res
1179 1793 1281 1821 divisae
1303 1794 1498 1828 agitarentur,
1524 1795 1605 1823 varie
1634 1794 1725 1823 etiam

898 1838 1040 1866 orationis
1070 1846 1179 1874 corpus
1196 1837 1450 1866 conformandum
1474 1840 1527 1866 est.
1561 1839 1723 1868 Balduinus

897 1891 989 1920 quem
1005 1891 1096 1919 supra
1106 1883 1202 1911 oratio
1213 1886 1315 1910 nostra
1325 1883 1408 1919 Cpoli
1423 1883 1587 1919 imperasse
1598 1883 1726 1912 demon—

898 1930 1054 1963 straverat,
1068 1927 1108 1955 ob
1124 1926 1280 1955 conﬂictus
1295 1935 1368 1963 erga
1389 1929 1542 1956 Romanos
1569 1931 1597 1957 et
1611 1927 1729 1965 potissi-

898 1981 983 2001 mum
994 1975 1116 2008 propter
1130 1971 1177 1999 sui
1191 1972 1400 2000 adversarium
1412 1973 1558 2001 Joannem
1568 1973 1729 2010 imperato—

898 2017 1028 2053 rem,qui
1035 2017 1065 2044 in
1073 2019 1235 2051 angustum
1244 2016 1434 2045 dominatum
1441 2017 1518 2045 illius
1528 2019 1727 2051 contraxerat,

898 2061 1038 2090 difﬁdens
1053 2061 1183 2097 acplane
1193 2061 1370 2097 desperans,
1380 2061 1419 2089 ad
1433 2063 1615 2090 Francorum
1627 2070 1729 2098 regem

899 2106 956 2134 sibi
969 2105 1114 2134 aﬁinitate
1132 2105 1327 2141 conjunctum
1350 2108 1379 2134 et
1403 2107 1539 2142 ejusdem
1559 2107 1675 2141 generis
1700 2108 1729 2134 et

900 2151 1042 2179 Romanis
1064 2150 1311 2185 infensissimum,
1335 2150 1465 2187 ideoque
1485 2151 1638 2188 suppetias
1653 2151 1729 2180 ferre

899 2197 1050 2232 paratum,
1068 2195 1275 2231 proﬁciscitur,
1293 2203 1479 2232 operamque
1494 2196 1573 2224 illius
1588 2204 1643 2224 nec
1659 2203 1730 2225 con-

899 2240 1094 2269 temnendam
1109 2240 1214 2276 poscit.
1229 2240 1270 2268 Fit
1279 2241 1340 2269 voti
1351 2248 1488 2276 compas,
1505 2244 1534 2269 et
1545 2241 1624 2270 intra
1638 2241 1730 2270 breve

900 2288 1019 2321 tempus
1030 2286 1211 2313 Francorum
1218 2285 1374 2320 sexaginta
1383 2285 1486 2319 millia,
1498 2286 1568 2314 utin
1578 2288 1731 2314 Romanos

44 2333 149 2362 σθησαν
179 2334 313 2370 Φράγκων,
343 2331 374 2358 ἶν’
407 2332 476 2361 ὅπως
496 2331 563 2357 κατά
589 2330 720 2366 Ῥωμαίων
753 2332 836 2368 χωρή·

900 2338 986 2359 arma
997 2332 1148 2365 caperent,
1159 2329 1235 2358 lecta
1248 2332 1328 2358 sunt.
1345 2331 1378 2357 Et
1393 2338 1462 2358 cum
1471 2330 1599 2366 navigiis
1609 2331 1659 2359 via
1674 2330 1731 2359 dif-

44 2388 128 2405 σωσιν
143 2379 180 2405 ⁸ο,
200 2377 274 2406 Ἐπεὶ
293 2375 323 2404 δε
339 2377 386 2404 οὐκ
401 2375 432 2406 ἧν
447 2376 536 2406 αὐτοῖς
560 2374 688 2414 εὕδρομος
712 2373 759 2402 διὰ
780 2379 847 2404 νηῶν

43 2424 59 2452 ἡ
81 2421 157 2458 ὁδὸς,
170 2427 219 2454 τῆς
234 2422 372 2459 ἀναγωγῆς
384 2421 620 2459 προσαπαιτούσης
643 2420 723 2447 π)εἱω
751 2421 766 2449 ἤ
781 2421 848 2446 κατὰ

43 2465 160 2505 δύναμιν
191 2469 235 2494 τόν
269 2468 364 2503 μισθόν
387 2467 421 2498 ³¹,
451 2470 498 2497 τῆς
532 2467 633 2502 χέρσου
668 2467 716 2494 τὴν
743 2467 848 2502 πορείαν

42 2518 192 2541 ποιοῦνται.
217 2515 266 2540 Καὶ
293 2510 327 2542 δὴ
353 2512 400 2542 τὰς
428 2511 481 2538 ἄνω
506 2509 716 2548 παραμείψαντες
743 2509 850 2540 Γαλλίας

80 2603 104 2622 ιε
119 2604 150 2629 οὺ
167 2617 201 2623 ..
217 2601 270 2628 ἀλλ’
286 2608 346 2629 om.
361 2601 395 2629 D.
434 2600 457 2618 ¹⁷
470 2597 513 2626 οἷα
527 2614 559 2620 -
576 2598 690 2636 πολέμια
702 2606 764 2628 om.
783 2599 816 2626 D.
855 2599 878 2616 ’⁸
893 2599 965 2636 παρὰ
979 2603 1029 2626 τῶν
1049 2598 1167 2636 sva-yria?
1192 2605 1252 2636 om,
1268 2598 1300 2625 D.

41 2648 104 2669 om.
121 2640 153 2667 E.
193 2638 217 2656 ²⁰
232 2635 321 2666 ἐπειδὴ
338 2636 488 2672 -λυπηρά
498 2643 560 2663 om.
693 2636 734 2661 καὶ
749 2637 797 2665 τὴς
811 2632 940 2666 κακίστης
953 2635 1069 2672 πράξεως
1083 2637 1130 2664 τὴν
1144 2633 1224 2664 ἧτταν
1239 2632 1452 2672 ἀνακαλούμενος,
1466 2632 1502 2663 ὐξ

428 2669 459 2689 η’
473 2673 497 2698 σί
512 2675 555 2697 οῦν
569 2669 688 2707 βασιλεῖς
702 2672 767 2708 πρὸς
792 2672 824 2696 τὰ
844 2671 960 2707 θειότερα
972 2669 1009 2699 Ἰ).

40 2707 243 2744 ἀνακαλοῦνται,
262 2711 308 2735 καὶ
324 2707 453 2744 στέλλεται
476 2709 574 2744 αὐτοῖς,
590 2708 635 2733 καὶ
651 2709 738 2744 εἰρήνη
754 2709 852 2744 νίνεταιγ
879 2709 957 2743 μέσον
978 2708 1061 2733 αὐτῶν
1077 2708 1109 2734 Ι).

782 2743 805 2760 ³⁸
823 2743 855 2768 σύ
876 2758 903 2763 —-
927 2744 1028 2780 ἕτοιμον
1042 2751 1104 2772 om.
1121 2744 1154 2773 D.

40 2692 74 2697 —-
90 2676 241 2711 αἰτούμενος
255 2681 316 2701 om.
345 2673 376 2711 DL

44 2747 148 2778 ὃουῖνος
165 2748 196 2774 D.
235 2743 257 2763 ’7
275 2743 370 2781 μᾶλλον
384 2759 418 2764 -—
439 2743 610 2770 συνέσταλται
629 2750 690 2771 om.
711 2743 743 2771 D.

47 2785 71 2802 ³ο
86 2783 121 2810 ἶν’
136 2797 172 2805 α-
188 2783 351 2819 χωρὴσωσιν
365 2787 426 2813 om,
444 2781 477 2809 D.

160 2834 285 2864 ΡΑτιιοι..
303 2835 355 2863 Gn.
366 2832 440 2862 CXL.

901 2375 986 2404 ﬁcilis
999 2375 1252 2410 esset(largiorem
1268 2374 1348 2402 enim
1356 2375 1415 2411 63
1430 2384 1523 2412 quam
1538 2376 1597 2412 ipsi
1608 2383 1733 2414 possent

902 2420 1000 2448 facere
1021 2419 1193 2455 impensam
1231 2418 1336 2447 similis
1366 2420 1516 2455 navigatio
1536 2421 1732 2456 postulabat),

903 2464 1034 2495 terrestri
1046 2464 1148 2492 itinere
1175 2463 1254 2492 viam
1285 2464 1401 2500 ineunt,
1431 2465 1600 2500 superiores
1627 2465 1734 2494 Callias

905 2509 1084 2546 trajicientes
1095 2515 1298 2545 percursaque
1314 2508 1399 2538 Italia
1408 2517 1462 2546 per
1471 2509 1588 2538 radices
1613 2509 1736 2546 Alpium

1355 2598 1377 2636 f9
1392 2599 1541 2636 Νικηφόρος
1553 2615 1587 2619 ——
1602 2598 1737 2635 ἁναφανείς

1495 2625 1502 2662 ί
1541 2636 1565 2653 ³³
1580 2638 1624 2662 καὶ
1641 2625 1736 2670 σίαγγν.

1320 2677 1404 2712 εοω.
1431 2672 1462 2698 D.
1477 2708 1481 2712 ι
1501 2671 1526 2688 ²⁵
1540 2671 1737 2712 νύμρηνλαυθις

1164 2685 1201 2692 —
1214 2682 1326 2696 πεσουσι
1343 2682 1404 2698 υω.
1431 2682 1462 2698 υ.
1502 2682 1526 2688 η
1540 2682 1570 2697 νυ
1594 2682 1643 2709 φην
1659 2682 1737 2702 αυοις

1162 2707 1186 2725 ²⁶
1245 2715 1290 2743 μεν
1303 2703 1347 2732 οὖν
1357 2722 1393 2726 -
1412 2682 1611 2744 προεὶρηκενΓὸ
1627 2706 1656 2734 δὲ
1674 2706 1737 2744 Βαλ-

1200 2743 1224 2760 ²⁰
1239 2742 1396 2780 συμμαχίας
1412 2742 1532 2774 ζητήσας
1546 2742 1626 2780 ἔτυχε
1640 2747 1686 2770 τοῦ
1703 2743 1738 2772 Ι).

1062 2671 1085 2688 li
1108 2673 1201 2697 καὶ-
1214 2667 1326 2696 πεδοῡσι
1343 2667 1404 2698 oin.
1431 2667 1462 2698 Ι).

1564 2834 1598 2863 34
