1970 3082
247 121 314 147 1067

903 113 1044 142 GEORGII
1054 112 1283 141 ACROPOLITE

1868 116 1929 142 £068

243 180 401 210 Ostricium
411 179 650 216 proﬁciscuntur,
667 180 694 206 et
704 185 756 214 per
773 177 932 212 Ungariam
946 175 1069 204 commi-
1088 177 1111 204 Α
1126 177 1170 200 καὶ
1187 173 1330 206 διελθόντες
1350 178 1396 205 τὴν
1428 175 1482 203 Ἰτοι

1126 177 1170 200 καὶ
1187 173 1330 206 διελθόντες
1350 178 1396 205 τὴν
1428 175 1537 203 Ἰταλίαν
1567 174 1614 202 διὰ
1639 179 1689 202 τῶν
1714 177 1857 213 ὑπωρειῶν
1886 182 1929 202 τῶν

243 227 364 261 grantes
378 226 485 253 Istrum
510 226 638 258 tranant,
659 226 687 251 et
707 221 1068 257 Bulgarisimmiscentur,

242 269 385 299 omnibus
402 272 548 306 tanquam
562 268 667 298 amicis
682 270 711 296 et
740 266 880 295 afﬁnibus
901 265 965 300 usi;
979 265 1031 301 qui
1042 266 1070 292 et

241 317 364 352 propter
378 315 566 351 semetipsos,
577 322 632 342 nec
648 313 748 342 minus
759 312 789 340 in
808 319 864 339 nos
879 310 983 338 odium
997 309 1070 337 ami-

241 360 360 388 cissime
374 367 392 388 a
406 359 540 388 locorum
560 358 692 387 dominis
711 356 936 393 excipiebantur
952 353 1069 389 Bulgari

239 403 402 433 fcederibus
416 412 485 432 cum
496 404 637 432 Romanis
646 402 752 439 spretis
764 401 933 430 facultatem
949 399 1068 427 Francis

239 449 335 477 fecere
349 457 403 485 per
416 451 562 477 montana
572 457 627 476 sua
636 446 822 479 transeundi,
836 444 923 482 quasi
936 444 963 472 vi
979 445 1068 479 atque

239 493 480 527 factionpmoacti
492 492 656 521 dedissent.
673 492 719 521 Sic
734 490 850 520 Tzuruli
865 497 944 518 arxa
961 488 1069 516 Latinis

239 538 486 575 oppugnantibus
493 546 562 566 cum
572 538 752 573 Scytharum
761 534 958 564 auxiliaribus
974 532 1068 569 copiis

237 591 360 611 rursum
371 585 569 619 expugnatur.
577 583 659 610 Tunc
666 590 734 610 eam
745 579 1068 609 custodiebatloannes

239 627 422 664 Petraliphas
440 627 544 663 magni
565 626 734 655 cancellarii
756 624 899 660 dignitate
923 632 941 652 a
954 624 1067 651 Joanne

239 672 593 708 imperatoredecoratus,
606 671 648 700 vir
658 670 797 699 maximis
809 669 941 705 corporis
954 668 1066 696 viribus

240 719 269 745 et
284 725 301 745 a
314 725 407 753 puero
432 717 609 745 militaribus
631 716 756 751 negotiis
770 715 915 743 exercitus
933 721 944 741 .·
963 721 1066 741 verum

239 762 409 790 Latinarum
424 761 579 798 copiarum
595 760 779 790 abundantia
788 762 816 788 et
826 760 984 787 innumera
1000 758 1068 793 Scy-

239 806 359 834 tharum
378 806 422 833 vis
442 808 720 841 tormentorumque
735 804 865 841 spissum
886 811 921 831 ac
934 801 1068 830 validum

240 851 319 879 Italis
338 850 521 878 deditionem
539 850 666 886 paravit.
687 849 818 878 Tradunt
834 847 971 876 nonnulli
990 846 1068 874 clam

239 895 356 931 aliquos
367 895 562 923 defectionem
570 895 860 930 meditatosideoque
871 891 1068 929 improvisum

240 940 472 976 expugnationis
482 940 685 976 pertimuisse.
699 939 791 967 Latini
801 939 901 974 itaque
911 936 1069 965 Tzurulum

239 993 355 1022 cepere,
364 986 427 1014 etin
434 993 470 1014 ea
478 987 630 1014 Romanos
649 985 885 1022 comprehensos
893 991 962 1011 cum
973 984 1069 1010 Petra-

238 1030 322 1067 ljpha
335 1029 395 1066 64
404 1030 530 1058 vinculis
550 1030 686 1066 alligatOs
700 1033 728 1057 et
742 1028 857 1065 Cpolim
872 1027 1016 1056 deductos
1024 1026 1070 1054 fa-

239 1074 407 1104 miliaribus
422 1075 629 1103 vendiderunt.
646 1075 722 1102 Dum
731 1073 918 1101 obsideretur
937 1072 975 1100 ab
991 1071 1070 1099 italis

240 1118 394 1153 Tzurulus,
404 1120 537 1147 Joannes
547 1119 712 1154 imperator
727 1118 826 1146 multis
842 1116 1013 1145 triremibus
1027 1116 1070 1144 fa—

241 1162 364 1190 bricatis
377 1163 544 1190 etexercitu
563 1170 625 1190 non
647 1162 756 1197 exiguo
784 1169 887 1189 secum
920 1160 1070 1188 conducto

242 1205 332 1234 Italos
357 1206 597 1241 aggrediebatur.
631 1208 653 1234 Α
675 1205 848 1234 Nicomedia
869 1205 1027 1232 discedens
1042 1206 1071 1233 et

245 1250 407 1279 Characem
414 1253 642 1286 praetergressus
654 1250 834 1286 Dacibyzam
849 1252 955 1286 praeter
968 1257 1070 1285 exspe-

244 1295 406 1323 ctationem
421 1297 631 1331 oppugnatam
644 1296 810 1331 occupavit.
836 1296 978 1323 Praeterea
988 1297 1015 1322 et
1026 1294 1071 1322 Ni-

245 1339 342 1367 cetiati
353 1339 506 1368 castellum
514 1339 544 1368 in
555 1348 640 1368 suam
648 1342 826 1376 potestatem
839 1338 960 1374 redegit.
980 1338 1083 1367 lnfor-'

243 1386 366 1412 tuuatus
380 1384 574 1412 nihilominus
585 1385 615 1412 in
626 1384 796 1412 triremibus
812 1384 876 1418 fuit,
891 1392 959 1411 cum
973 1391 1026 1417 qui
1040 1383 1071 1411 in

243 1428 299 1457 illis
306 1428 591 1464 eonﬂigebautbello
598 1429 846 1465 essentinexperti
854 1431 943 1464 atque
950 1428 1070 1462 insueti,

243 1476 273 1502 et
297 1473 434 1510 Isphreus
466 1474 623 1502 Armenius
651 1474 739 1502 classi
763 1476 912 1509 praeesset,
946 1473 1007 1502 cira
1023 1481 1070 1501 res

1125 218 1240 246 Ἀλπεων
1256 219 1290 251 εἰς
1310 221 1339 246 τὸ
1369 219 1516 257 Ὀστρικιον
1546 219 1676 256 ἀφίκοντο⁷
1703 223 1748 247 καὶ
1775 224 1829 250 τὴν
1864 221 1930 256 0'37-

1123 267 1199 301 γρὶοιν
1215 265 1434 302 παραπείλαντες
1457 263 1605 302 διαπερῶσι
1632 267 1675 291 τὸν
1699 265 1818 303 Ἴστρον,
1843 268 1929 301 καπίτρ

1124 310 1275 348 Βουλγάρων
1299 313 1461 348 προσέσχον,
1478 313 1546 337 πᾶσι
1561 311 1605 346 μὲν
1634 311 1668 340 ὡς
1691 310 1778 346 φίλοις
1801 313 1855 337 καὶ
1873 321 1932 346 οτη-

1122 356 1208 390 γενέσι
1222 354 1280 381 καθ’
1296 353 1357 382 ὁδὸν
1370 357 1507 392 γρώμενοι,
1519 357 1565 381 καὶ
1591 352 1639 381 διὰ
1665 358 1729 391 σφᾶς
1747 356 1796 391 μὲν
1828 355 1932 389 αὐτοὺς,

1123 398 1176 435 οὐχ
1191 399 1267 428 ἦττον
1293 397 1323 426 δι
1351 402 1395 426 καὶ
1411 397 1458 426 διὰ
1472 401 1519 428 τήν
1542 401 1609 436 πρὸς
1632 400 1702 435 ἡμᾶς
1721 401 1827 437 ἱχθρσιν
1856 399 1934 436 ἐφιλο-

1124 447 1261 480 φρονοῦντο
1286 445 1358 481 παρὰ
1386 448 1436 470 τῶν
1468 445 1537 470 κατά
1562 445 1656 475 τόπους
1690 446 1878 481 κροτονύντων
1906 447 1934 470 τὰ

1122 487 1246 524 μάλιστα.
1263 489 1297 517 Οἱ
1321 490 1366 524 μὶν
1396 489 1440 515 οὖν
1467 489 1608 526 Βούλγαροι
1633 490 1680 520 τὰς
1702 490 1770 525 μετὰ
1795 488 1933 526 Ῥωμαίων

1124 531 1238 563 σπονδὰς
1272 535 1447 571 πρεωρακότις
1465 532 1556 561 ἄδειαν
1583 539 1639 566 τοῖς
1675 536 1810 572 Φράγκοις
1853 533 1933 561 δεδιῡε

1122 587 1186 604 κασι
1213 575 1260 604 διὰ
1274 582 1324 603 τῶν
1339 579 1404 615 ὅρων
1423 579 1508 605 αὐτῶν
1528 579 1552 597 ³³
1566 577 1686 614 διελθεῖν,
1710 583 1747 606 τῶ
1775 577 1872 606 δοκεῖν
1893 580 1931 605 ὑπ’

1123 622 1206 649 αὐτῶν
1230 622 1379 659 βιασθέντες
1408 626 1455 653 τὴν
1477 623 1583 654 ἕκϐολήν
1603 625 1638 652 ³³.
1661 626 1696 652 Τὸ
1713 626 1761 662 μὲν
1788 622 1838 651 οὖν
1867 626 1931 651 dm

1122 671 1166 698 τῆς
1190 667 1354 705 Τξονρουλοῡ
1393 671 1438 695 καί
1468 667 1544 700 αὖθις
1572 669 1636 696 ἰάλω
1680 669 1931 707 ἐκστρατευσάντων

1122 712 1180 739 κατ’
1195 712 1277 739 αὐτῶν
1307 717 1356 738 τῶν
1376 715 1493 740 Λατίνων
1514 716 1558 740 καὶ
1580 716 1794 750 συμμαχούντων
1824 716 1931 745 ταύτοις

1123 759 1167 784 καὶ
1182 761 1232 783 τῶν
1245 758 1347 784 Σκυθῶν
1367 758 1402 791 ³⁸,
1419 758 1455 789 εἰς
1479 758 1595 794 φυλακὴν
1622 757 1652 785 δι
1675 757 1706 788 ἦν
1721 762 1782 786 τότε
1796 760 1809 786 ὁ
1836 763 1932 796 Πετρα-

1123 802 1196 838 λίφας
1225 802 1356 834 Ἰωάννης,
1372 802 1400 828 ὂν
1426 803 1449 820 ³⁵
1473 805 1552 839 μέγας
1575 803 1769 841 χαρτουλοίριος
1787 805 1849 840 (73)
1872 807 1932 842 τῇοὸς

1089 848 1165 879 Βτὸν
1196 846 1308 883 βασιλέα
1331 848 1441 876 ιωάννην
1470 850 1603 884 τετίμητο,
1629 847 1692 885 ἀνὴρ
1726 853 1850 884 γενναῖος
1887 852 1931 880 τῆς

1124 895 1204 929 χεῖρα
1228 895 1272 918 καὶ
1294 892 1443 929 πολεμικοῖς
1467 894 1607 930 πράγμασι
1626 893 1857 930 κατιξητασμένος
1876 904 1930 920 παι-

1125 935 1200 963 δόθεν
1213 937 1237 954 ³⁸
1251 947 1257 954 ·
1271 938 1301 963 τὸ
1326 935 1356 963 δὲ
1378 942 1423 968 τῆς
1443 940 1587 970 Λατινικῆς
1611 936 1745 975 δυνάμεως
1773 940 1868 975 περιὸν
1891 941 1932 964 καὶ

1124 983 1154 1008 τὸ
1179 981 1367 1019 ἀπειροπληθες
1388 986 1437 1008 τῶν
1467 984 1569 1010 Σκυθῶν
1598 985 1642 1009 καὶ
1660 984 1690 1009 τὸ
1713 987 1766 1009 τῶν
1794 983 1931 1010 ἑλεπόλεων

1126 1029 1226 1063 συχνόν
1245 1036 1272 1053 τε
1295 1030 1341 1054 καὶ
1369 1029 1493 1065 καρτερόν
1514 1026 1555 1064 [Ρ.
1575 1027 1621 1065 32]
1648 1026 1820 1065 παραδοῦναι
1844 1033 1931 1056 τοῦτον

1124 1073 1153 1098 τό
1166 1072 1234 1098 ἄστυ
1249 1076 1304 1103 τοῖς
1318 1071 1426 1104 Ἰταλοῖς
1442 1074 1627 1102 πεποιήκεσαν.
1651 1075 1719 1100 Φασὶ
1746 1071 1777 1099 δέ
1801 1083 1873 1105 τινες
1891 1076 1932 1099 καὶ

1124 1115 1271 1153 προδοσίαν
1300 1116 1438 1153 μιλετῆσοί
1461 1127 1531 1148 τινας
1563 1119 1659 1155 κρύφα⁷
1681 1116 1824 1144 κάντεῦθεν
1855 1128 1933 1147 πτοη-

1126 1161 1202 1191 θῆναι
1227 1163 1257 1187 τὸ
1273 1161 1420 1199 ἀπρόοπτον
1438 1166 1486 1192 τῆς
1505 1161 1625 1193 ἁλώσεως
1648 1162 1683 1190 ³⁷.
1700 1163 1733 1189 Οἱ
1745 1164 1792 1199 μὶν
1819 1162 1867 1189 οὖν
1883 1166 1931 1190 Δει-

1124 1208 1248 1235 τῖνοιτὴν
1267 1206 1428 1243 Τζουρουλὸν
1452 1205 1639 1244 ἕχειρώσαντο,
1654 1209 1699 1234 καὶ
1723 1207 1771 1233 τοῦ
1798 1207 1825 1233 ἰν
1851 1210 1928 1244 ταύτῃ

1123 1250 1264 1287 Ῥωμαίους
1289 1251 1391 1287 σύναμα
1419 1255 1454 1286 τῷ
1480 1251 1627 1289 Πετραλιφᾳ
1662 1249 1805 1288 δεσμώτας
1832 1254 1930 1288 ἤγαγον

1125 1295 1161 1325 εἰς
1174 1297 1222 1324 τὴν
1239 1297 1446 1330 Κωνσταντίνου,
1463 1298 1508 1322 καὶ
1527 1297 1593 1333 πρὸς
1619 1297 1678 1326 τοὺς
1705 1296 1821 1327 οἰκείους
1837 1297 1931 1326 αὐτοῦς

1125 1339 1331 1376 ἀπημπόλησαν,
1363 1342 1415 1368 Τοῦ
1446 1338 1476 1366 δι
1497 1341 1596 1372 οἶστιως
1634 1345 1682 1372 τῆς
1712 1341 1868 1379 Τζορονλοῡ
1890 1352 1931 1368 πο-

1125 1384 1307 1422 λιορκουμενου
1342 1385 1405 1421 παρ’
1449 1385 1563 1421 ἰταλων,
1599 1388 1615 1412 ὅ
1649 1385 1775 1422 βασιλεὺς
1811 1387 1931 1418 Ἰωάννης

1126 1432 1241 1467 τριήρεις
1264 1430 1352 1460 ἱκανὰς
1376 1431 1604 1467 συσκευασάμενος
1629 1433 1674 1457 καί
1701 1431 1859 1468 στράτευμα
1889 1432 1930 1459 οὗι

1127 1473 1213 1510 ολίγον
1237 1474 1292 1511 μεθ’
1320 1474 1411 1501 ἐαυτοῦ
1439 1474 1594 1512 προσλαϐὼν
1627 1476 1694 1502 κατὰ
1733 1480 1784 1502 τῶν
1829 1477 1928 1504 Ἰταλῶν

243 1518 386 1547 militares
402 1518 478 1546 ultra
488 1527 581 1555 quam
596 1527 651 1555 par
673 1521 735 1547 erat
759 1518 888 1553 segnior.
913 1521 986 1545 Ante
1002 1526 1070 1546 eum
1085 1529 1107 1556 ο
1127 1519 1265 1556 ἐπεχείρει.
1295 1519 1360 1546 Ἀπὸ
1385 1521 1430 1556 μὶν
1457 1517 1482 1546 οὗ

1127 1519 1265 1556 ἐπεχείρει.
1295 1519 1360 1546 Ἀπὸ
1385 1521 1430 1556 μιν
1457 1517 1500 1546 οὖν
1531 1524 1580 1551 τῆς
1616 1518 1799 1556 Νικομηδείας
1830 1521 1928 1558 ἀπάρας

244 1563 361 1592 Manuel
370 1563 585 1600 Contophreus,
597 1564 640 1591 vir
654 1571 744 1591 manu
761 1565 879 1599 potens,
895 1564 972 1590 terra
985 1562 1072 1590 mari-

244 1615 304 1644 que
316 1609 437 1637 Martem
452 1608 580 1644 spirans,
592 1608 756 1636 triremium
776 1609 838 1636 erat
859 1607 1042 1642 gubernator
1063 1615 1070 1635 :

246 1652 300 1681 sed
316 1661 385 1680 cum
395 1655 463 1681 ante
478 1661 593 1688 paucos
603 1653 667 1681 dics
680 1652 717 1680 de
729 1653 824 1680 classe
835 1651 979 1680 audacior
994 1651 1072 1679 illius

246 1705 316 1726 cum
329 1697 509 1733 imperatore
520 1698 691 1732 congressio
715 1697 817 1725 fuisset
837 1700 982 1733 (namque
993 1697 1073 1725 dixe«

246 1744 293 1770 rat
303 1742 408 1770 Italicis
423 1742 593 1770 triremibus
606 1750 763 1778 nunquam
777 1741 963 1776 nostra,licet
977 1741 1072 1769 multo

247 1786 348 1823 plures
355 1785 487 1820 fuissent,
500 1795 568 1814 cum
577 1787 640 1822 ipse
654 1786 815 1814 ambarum
825 1786 982 1814 facultates
995 1786 1071 1822 opti-

246 1838 296 1859 me
307 1833 451 1862 nosceret,
468 1831 589 1858 obviare
600 1831 645 1858 vel
663 1830 808 1858 obsistere
834 1831 944 1867 posse),
968 1831 1073 1867 praefe-

247 1877 331 1904 ctura
341 1875 485 1911 spoliatus
501 1877 553 1909 est,
566 1882 659 1911 quam
672 1875 701 1902 in
711 1883 741 1902 se
754 1875 892 1911 Isphreus
908 1878 1070 1911 receperat,

246 1920 335 1948 valde
347 1920 519 1948 miseranda
533 1920 654 1948 victoria
662 1923 819 1956 superatus
833 1929 838 1948 :
852 1928 920 1948 cum
932 1920 1012 1948 enim
1026 1920 1073 1948 tri-

248 1964 331 2000 ginta
342 1964 476 1993 triremes
495 1964 684 1999 conduceret,
696 1973 714 1993 a
740 1965 884 1993 tredecim
905 1964 1072 1992 debellatus

248 2011 301 2042 est,
320 2012 421 2045 totque
436 2009 474 2037 de
486 2009 627 2045 suisquot
637 2011 721 2037 erant
734 2009 866 2037 hostium
877 2009 976 2038 amisit
989 2018 995 2036 :
1014 2009 1072 2037 sin-

247 2053 325 2089 gulae
345 2053 425 2082 enim
441 2053 574 2089 singulas
584 2062 653 2082 cum
663 2054 735 2091 ipsis
750 2054 923 2082 hominibus
938 2057 966 2081 et
979 2054 1072 2082 armis

248 2098 376 2135 spolium
383 2099 442 2134 65
451 2098 621 2127 retulerunt.
631 2099 731 2127 Ethaec
739 2099 860 2135 quidem
873 2099 913 2126 ita
920 2107 950 2126 se
960 2098 1074 2126 habue-

247 2151 289 2171 re.
297 2143 461 2178 Imperator
467 2144 670 2172 veroJoannes
677 2152 743 2171 rurs
749 2153 781 2170 us
789 2151 856 2171 cum
865 2146 962 2170 Asano
971 2150 1072 2178 pacem

249 2187 388 2222 sanxit,et
395 2187 538 2216 afﬁnitate
545 2188 632 2216 ambo
640 2188 977 2216 vinciebantur.Asauus
985 2195 1073 2223 quam
1090 2206 1112 2234 Β

248 2232 293 2260 vis
300 2232 376 2268 cumj
384 2233 443 2268 urej
450 2233 683 2262 urandofcndera
692 2232 855 2268 composita
863 2240 923 2260 non
931 2232 1014 2259 nimis
1022 2241 1074 2260 an-

247 2277 294 2306 xie
301 2277 627 2315 observaret,tanquam
636 2278 687 2314 qui
697 2277 741 2305 vel
751 2278 869 2305 minimo
877 2277 1074 2306 emolumento

247 2322 304 2350 sibi
320 2323 472 2359 proposito
489 2323 558 2358 jura
574 2322 706 2355 violaret,
724 2323 753 2350 in
768 2325 872 2358 aperto
886 2324 914 2350 et
933 2321 1074 2350 simulate

247 2367 410 2396 amicitiam
419 2368 546 2403 colebat,
553 2369 582 2396 et
594 2376 662 2404 quas
668 2367 834 2396 amicorum
842 2369 1074 2404 erantexseque-

246 2412 347 2441 batur.

1127 1566 1172 1589 καί
1198 1563 1366 1601 παραμείψας
1391 1565 1436 1590 τὸν
1458 1565 1569 1602 χάρακα
1587 1564 1718 1602 ἐπόρθησε
1742 1568 1792 1595 τὴν
1822 1566 1928 1593 Δακίϐν-

1128 1608 1174 1639 ζαν
1188 1610 1237 1646 πρὸ
1257 1612 1360 1646 καιροῦ,
1375 1611 1420 1635 καὶ
1443 1611 1559 1646 κατέσχε
1573 1611 1683 1643 ταύτην,
1710 1613 1826 1647 προσέτι
1847 1609 1878 1638 δε
1891 1613 1929 1637 καὶ

1127 1654 1156 1679 τὸ
1180 1656 1225 1679 τοῦ
1251 1655 1412 1682 Νικητιάτου
1438 1654 1570 1690 φρούριον,
1599 1657 1644 1681 καὶ
1682 1654 1724 1691 ὑφ’

1127 1701 1203 1724 τοῦτο
1231 1700 1384 1727 πεποίηκον.

1765 1655 1863 1682 έαῦτόν
1890 1658 1928 1682 καὶ

1424 1696 1612 1735 Ἐδυστύχησι
1632 1697 1662 1726 δι
1685 1703 1721 1734 τῷ
1747 1701 1810 1727 τότε
1830 1700 1856 1727 ἐν
1879 1704 1929 1730 ταῖς

1127 1745 1260 1780 τριήρεσιν
1280 1741 1487 1780 ἀπειροπολέμων
1501 1745 1578 1770 ὅντων
1591 1747 1641 1770 τῶν
1669 1742 1693 1770 ἄν
1727 1744 1824 1776 αὐταῖς
1848 1755 1929 1782 μαχο-

1128 1789 1218 1824 μένων,
1233 1789 1336 1814 καὶτοῦ
1357 1788 1442 1825 Ὶσφρί
1466 1792 1512 1815 τοῦ
1539 1789 1677 1826 Ἀρμινίου
1706 1789 1740 1820 εἰς
1763 1789 1842 1821 τάξιν
1873 1791 1929 1826 3:7:-

1127 1834 1204 1868 μόνος
1240 1832 1265 1858 ἰν
1298 1833 1400 1864 τούτοις
1425 1834 1601 1869 τυγχάνοντος
1624 1835 1669 1860 καὶ
1692 1833 1868 1871 ὄκνηροτέρον
1894 1845 1928 1861 τε·

1127 1877 1228 1907 λοῦντος
1253 1879 1312 1913 περὶ
1336 1879 1369 1903 τὰ
1387 1878 1506 1914 μάχιμα.
1540 1881 1703 1916 Προῡπῆρχε
1731 1876 1762 1905 δί
1796 1881 1846 1909 τὴν
1884 1883 1928 1905 τῶν

1128 1924 1252 1959 τριήριων
1285 1924 1446 1960 στρατηγίαν
1469 1923 1482 1948 ὁ
1502 1924 1628 1960 Κοντοφρὶ
1654 1923 1780 1952 Meneni)
1808 1926 1927 1961 περιιζυ-

1129 1968 1230 2003 σμένος,
1258 1965 1320 2002 ἀνὴρ
1345 1970 1458 2003 γενναῖος
1480 1969 1528 1997 τὴν
1552 1971 1633 2004 χεῖρα
1659 1977 1705 1994 και
1737 1967 1823 2005 ’Ἄρην
1852 1970 1927 1996 πνέων

1127 2012 1195 2037 κατά
1208 2020 1234 2037 τε
1248 2011 1376 2037 θάλατταν
1398 2014 1442 2038 καὶ
1464 2011 1555 2048 ξηράν.
1582 2011 1659 2038 Ἀλλὰ
1686 2014 1737 2050 πρὸ
1764 2022 1843 2039 τινων
1871 2014 1927 2050 ἠμε-

1127 2059 1178 2093 ρῶν
1215 2056 1376 2094 θρασυτέρας
1414 2057 1460 2087 τὰς
1491 2054 1616 2088 διαλέξεις
1647 2059 1706 2094 περὶ
1732 2061 1780 2084 τοῦ
1807 2061 1927 2084 ναυταοῦ

1128 2102 1192 2137 πρὸς
1215 2103 1257 2127 τόν
1277 2100 1389 2137 βασιλέα
1414 2102 1588 2138 ποιησάμενος
1615 2102 1724 2138 (εἰρήκει
1753 2104 1798 2128 καὶ
1822 2104 1874 2140 γὰρ
1897 2103 1926 2133 ὡς

1128 2144 1175 2171 οὐκ
1203 2144 1233 2170 ἂν
1256 2144 1436 2174 ἁντωπήσειαν
1478 2149 1537 2177 ταῖς
1573 2145 1710 2177 Ἰταλικαῖς
1737 2150 1874 2183 τριήρεσιν
1903 2147 1926 2172 αὶ

1128 2191 1260 2226 ἡμέτεραι,
1311 2189 1358 2216 κᾶν
1422 2190 1644 2221 πολλαπταζοιντο
1705 2193 1770 2228 πρὸς
1829 2192 1925 2225 αὐτοὺς,

1129 2233 1242 2271 ἀκριϐῶς
1264 2234 1297 2260 τὰ
1320 2236 1378 2271 περὶ
1401 2233 1495 2271 ἀμφοῖν
1516 2234 1687 2271 ἐπιστάμενος
1715 2234 1751 2270 ³⁸)
1777 2235 1925 2274 παρεσταλη

1127 2283 1174 2309 τῆς
1188 2279 1336 2315 ἡγεμονίας,
1361 2281 1406 2305 καὶ
1433 2279 1520 2316 Ἰσφρε
1543 2279 1624 2309 αὐτὴν
1648 2277 1799 2313 διεδέξατο,
1824 2282 1867 2307 καὶ
1887 2281 1927 2308 ἡτ-

1128 2323 1195 2353 τήθη
1213 2321 1292 2352 ἧτταν
1306 2322 1410 2360 σφοδρα
1435 2321 1522 2353 δεινήν
1550 2324 1586 2352 ³9.
1609 2325 1756 2361 Τριάκοντα
1781 2326 1835 2362 γὰρ
1861 2323 1926 2362 ἔξαρ-

1128 2378 1184 2404 χων
1208 2370 1333 2406 τριήρεων
1369 2369 1419 2395 ὑπὸ
1464 2367 1640 2405 τρισκαίδεκα
1677 2368 1850 2404 ἐκνενίκηται,
1887 2371 1926 2395 καὶ

1127 2414 1258 2444 τοσαύτας
1274 2412 1402 2440 ἀπώλεσεν
1427 2414 1524 2440 ὁπόσαι
1550 2411 1620 2443 ἦσαν
1647 2417 1698 2440 τῶν
1713 2413 1836 2441 ἰναντίων
1852 2425 1859 2431 ·
1875 2414 1924 2440 ἐιιῶ

246 2461 295 2488 στῆ
309 2459 360 2494 γὰρ
375 2459 472 2484 τούτων
491 2459 553 2493 μίαν
567 2454 691 2494 ἐκέρδησι
712 2456 823 2493 Ma)qu
839 2458 925 2487 αὐτοῖς
939 2455 1051 2494 ἀνδράσι
1066 2461 1112 2486 καὶ
1134 2458 1232 2490 ὅπλοις.
1255 2460 1305 2486 Καὶ
1324 2462 1406 2485 ταῦτα
1423 2460 1474 2495 μὴν
1489 2460 1568 2495 ἔσχεν
1583 2460 1664 2490 οὕτως
1680 2459 1715 2486 ⁸⁸.
1727 2459 1741 2485 ὁ
1758 2457 1790 2485 δὲ
1806 2458 1925 2496 βασιλιύς

282 2545 306 2563 ³³
320 2544 368 2572 διὰ
388 2561 424 2566 —-
444 2546 527 2571 αὐτῶν
541 2553 601 2573 om.
626 2546 657 2573 D.

710 2546 734 2584 ³>³
749 2550 785 2580 τῷ
798 2562 833 2567 —
848 2546 951 2584 ἐκιολήν
967 2554 1027 2574 om.
1044 2548 1077 2575 D.
1117 2548 1140 2565 ³⁸
1164 2546 1329 2584 ξκστρατπῗ
1342 2548 1445 2574 Σκυθῶν
1460 2555 1520 2576 om.
1544 2549 1575 2576 D.

1614 2548 1647 2584 357
1663 2547 1703 2584 ὅς]
1733 2548 1795 2584 όῨΙ),
1817 2546 1925 2584 omisssi

245 2583 495 2620 ﬁpéi—TSTL'E’IJTO.
513 2584 563 2620 Τοῦ
580 2581 861 2620 βασιλέωςῚωκννουγ
898 2583 921 2600 ³⁸
936 2587 1047 2617 γενναῖος
1059 2581 1244 2620 -Ῑταιὸοᾶεῆ
1262 2581 1378 2620 ἀνδρεῖος
1405 2585 1438 2612 D.
1476 2584 1497 2601 ³⁷
1515 2593 1559 2610 και
1577 2599 1613 2604 -—
1625 2581 1756 2620 α’λὼοῖεως]
1769 2587 1803 2615 ὡς
1822 2587 1866 2610 καὶ
1885 2582 1926 2610 διὰ

246 2615 361 2653 ὑποψίαν
372 2615 522 2654 προδόσεως
537 2615 584 2645 Ο(
607 2617 630 2635 ³⁸
642 2619 688 2644 κάν
700 2634 735 2638 —
745 2618 924 2654 ἐπιστάμενος]
935 2615 978 2644 και
989 2619 1021 2646 υ.
1059 2620 1083 2637 ³³
1100 2617 1180 2649 ἧτταν
1192 2615 1292 2657 φοογὸρα
1305 2615 1391 2648 διινήν
1403 2627 1464 2648 om.
1476 2621 1507 2648 D.
1548 2620 1572 2637 ‘°
1586 2619 1684 2648 ἕκαστη
1695 2635 1730 2640 -
1741 2615 1825 2652 οὕτως
1835 2629 1886 2648 om.
1896 2620 1924 2646 D.

692 2707 863 2740 Theodori
887 2707 1013 2741 Dousa;
1037 2713 1070 2742 et
1094 2708 1214 2743 Leonis
1239 2708 1356 2743 Allatii
1381 2713 1482 2743 notae.

284 2777 340 2815 (73)
361 2777 391 2805 ’0
405 2781 484 2816 μέγας
499 2778 699 2818 χαρτουΜριος.
717 2778 758 2807 De
770 2778 827 2808 hac
842 2778 985 2815 dignitate
998 2780 1172 2811 consulatur
1191 2780 1373 2810 Glossarium
1392 2781 1482 2809 Maura

1126 2783 1172 2809 tur
1191 2780 1373 2810 Glossarium
1392 2780 1518 2809 Meursii.
1536 2781 1643 2810 Douu.
