1970 3082
29 117 97 145 1069

799 113 972 143 ANNALES.

1647 118 1715 146 1070

29 176 152 210 Ἰωάννης
166 181 212 205 καὶ
230 179 302 209 αὖθις
323 180 388 215 μετὰ
403 181 447 204 τοῦ
471 177 600 214 βασιλέως
618 177 698 203 Ἀσαν
715 179 818 213 εἱρὴνην
834 175 900 212 εἶχε,
917 179 962 202 καί
977 180 1008 212 τῇ
1027 179 1163 212 συγγενεία
1182 180 1231 204 καὶ
1242 177 1318 213 ἆμφω
1336 176 1513 211 σννεδέὸεντο,
1540 178 1586 205 οὐκ
1603 178 1717 216 ἀκριϐῶς

30 227 73 261 μὲν
88 228 137 250 τοῦ
154 224 233 250 Ἀσάν
245 225 291 254 τὰς
306 223 426 260 ἐνόρκους
442 223 591 259 σνμφωνῖαν
606 222 795 257 φυλάττοντος-
812 223 868 247 ἔστι
889 223 938 258 γὰρ
960 223 1000 247 ὅτε
1020 222 1039 238 ⁴¹
1062 220 1109 247 διὰ
1132 223 1224 259 μικρὸν
1249 220 1343 260 κερδος
1362 220 1539 260 παρεσπόνδει
1563 224 1631 258 (79),
1652 226 1718 257 Τέως

30 270 53 295 ἐν
68 273 105 304 τῷ
126 272 226 305 φανερῲ
237 270 282 294 καί
295 268 431 298 πλατυκῶς
446 269 550 304 ἔστεργε
563 269 606 296 τήν
621 265 724 301 ἀγάπην
739 269 783 292 καὶ
798 267 830 292 τά
845 270 894 292 τῶν
914 266 991 302 φίλων
1012 266 1090 292 ἐποίει
1103 267 1135 284 "-

64 313 160 342 λη’,Ὸ
174 315 219 349 μὲν
238 311 281 338 οὖν
309 313 388 339 Ἀσάν
415 313 534 342 Ἰωάννης
559 315 607 342 τῆς
635 311 750 346 συζύγου
774 321 832 337 στε-
852 313 875 338 Α

31 359 131 395 ρηθεὶς,
154 358 184 386 ἣν
204 357 231 388 ἐξ
246 357 379 394 Οὑγγρίας
395 358 460 383 εἶναι
475 357 488 382 ὁ
507 356 582 391 λόγος
599 356 699 391 φθάσας
729 357 834 393 ἱστορη-

33 412 86 433 σεν,
105 402 221 437 ἠγάγετο
237 401 272 432 εἰς
282 405 394 438 γυναῖκα
414 403 462 430 τὴν
487 401 618 437 θυγατέρα
640 404 686 426 τοῦ
714 400 834 436 Ἀγγέλου

33 445 175 484 Θεοδώρου
199 448 245 475 τὴν
273 446 395 483 Εἰρήνην,
421 445 499 474 καλὴν
523 455 552 471 το
581 443 650 474 εἶδος
683 447 727 470 καὶ
763 445 836 480 εὐμε-

32 493 96 527 γεοη
113 492 147 525 ⁸³,
163 489 233 528 μηδὲ
256 493 285 516 τὸ
312 495 358 517 τοῦ
382 489 545 526 αὖταδίλφου
562 493 606 516 τοῦ
633 491 732 527 πατρὸς
755 489 836 520 αὐτῆς

32 534 117 566 κῆδος
130 534 244 569 ὑπιδὼν,
260 536 348 572 ὅτιπερ
360 539 390 571 τῇ
414 536 441 561 ἐκ
464 533 622 564 παλλακίδος
648 534 726 560 αὐτοῦ
755 535 836 569 θυγα-

32 583 76 618 τρὶ
93 580 280 610 συνηυνάζετο.
296 579 380 606 Ἦσαν
392 578 422 606 δὲ
436 583 472 614 τῷ
489 579 602 614 Ἀγγέλῳ
623 577 752 616 Θεοδώρῳ
779 581 838 604 παῖ-

35 624 79 656 δες
89 625 195 662 οἶῤῥενες
210 623 259 650 δύο
276 625 309 657 ⁸⁸,
329 625 450 655 Ἰωάννης
470 626 514 649 καὶ
539 626 698 660 Δημήτριος,
723 625 768 649 καὶ
794 624 839 652 θή-

33 670 102 696 λειαι
116 667 176 702 δύο,
197 670 212 698 ἡ
229 668 309 695 Ἀννα
323 671 368 694 κᾱὶ
381 669 394 698 ἡ
407 669 519 706 ῥηθεῖσα
538 668 634 704 Εἰρήνη
666 668 699 701 ⁴⁵,
730 668 786 704 μεθ’
810 668 839 697 ἧς

35 715 48 740 ό
72 715 156 741 Ἀσὰν
185 712 284 744 παῖδας
307 715 443 749 γεγέννηκε
469 716 545 750 τρεῖς,
573 713 615 738 τὸν
643 712 765 748 Μιχαὴλ,
792 715 839 741 τὴν

35 757 178 795 Θεοδωροιν
192 760 237 784 καὶ
254 760 298 787 τὴν
324 760 438 795 Μαρίαν.
480 757 608 785 ’Δπελύθη
636 761 698 792 γοῦν
721 761 770 782 τῶν
800 755 840 782 δε-

37 808 111 840 σμῶν
124 801 172 830 διά
183 812 224 829 τοι
241 807 318 828 τοῦτο
329 801 477 838 ὁ”Αγγελος
496 799 630 839 Θεόδωρος
657 801 696 836 [Ρ.
723 801 767 837 33]
796 804 841 828 καὶ

37 850 184 876 συναινέσει
197 851 244 874 τοῦ
273 846 394 884 γαμϐροῦ
424 847 505 873 αὐτοῦ
533 850 579 872 τοῦ
606 846 686 873 Ἀσάν
713 845 841 883 ἐγκρατὴς

35 894 157 930 γενέσθαι
174 896 220 923 τῆς
244 891 437 922 Θεσσαλονίκης
468 894 512 917 καὶ
540 901 629 922 πασης
658 891 688 922 ἧς
715 893 840 928 πρότερον

37 936 108 974 ἦρχε
131 940 224 974 χώρας
253 936 374 966 ἠθέλησε.
407 939 456 962 Καὶ
482 934 515 964 δή
540 945 608 966 τινας
640 935 741 971 ὀλίγους
771 937 840 971 παρὰ

38 986 85 1009 τοὺ
112 982 192 1008 Ἀσὰν
226 979 445 1017 προσλαϐόμενος,
484 979 538 1006 ἐπεὶ
581 984 692 1016 φανερῶς
734 984 841 1009 κινῆσαι

39 1028 133 1063 μάχην
152 1026 219 1052 κατὰ
234 1029 279 1051 τοῦ
296 1023 407 1061 ἀδελφοῦ
421 1024 501 1051 αὐτοῦ
515 1024 637 1054 Μανονὴλ
650 1024 697 1050 οὐκ
714 1023 840 1057 ἠδύνατο,

40 1072 128 1108 κρύφα
155 1072 311 1106 μηχανᾶται
343 1071 391 1099 τὴν
425 1069 460 1100 εἰς
500 1068 691 1098 Θεσσαλονίκην
729 1067 841 1104 εἴσοδον,

42 1115 127 1145 εὐτελῆ
155 1124 213 1141 τινα
251 1113 444 1151 ἀμφιασάμενος
467 1114 548 1151 ῥάκια
585 1116 630 1139 καὶ
655 1116 701 1143 την
740 1111 843 1140 εἴσοδον

42 1159 192 1195 ὑποκλέψας
219 1163 265 1189 τῆς
295 1159 401 1189 πόλεως.
430 1158 501 1184 Ἐπεὶ
529 1157 557 1184 δὲ
585 1158 668 1194 εἰσῄει
694 1160 739 1184 καὶ
774 1167 844 1184 τισιν

43 1205 193 1240 ἐπεγνώσθη
217 1207 272 1234 τοῖς
300 1203 337 1233 οἷς
365 1202 492 1233 ἐϐούλετο,
522 1202 565 1233 οὓς
593 1203 632 1229 ὅτε
660 1202 766 1238 εὐτύχει
792 1202 845 1238 ἐφί-

43 1250 80 1276 λει
107 1258 134 1275 τε
161 1251 206 1274 καὶ
228 1248 368 1285 εὐηργέτει,
396 1248 453 1284 μεθ’
486 1247 520 1273 ὧν
549 1249 594 1273 καὶ
624 1247 765 1284 τεθάῤῥηκε
798 1250 845 1276 τήν

43 1295 110 1320 κατὰ
142 1297 188 1320 τοῦ
215 1291 327 1329 ἀδελφοῦ
358 1292 466 1328 σκῆψιν,
495 1292 524 1318 οὗ
552 1292 646 1318 πολλοῦ
673 1291 773 1322 δεηθεὶς
801 1295 845 1318 τοὺ

43 1342 142 1376 χρόνον
158 1337 289 1374 ἐγκρατής
304 1347 330 1364 τε
351 1337 427 1368 αὖθις
452 1341 501 1368 τῆς
525 1337 720 1367 Θεσσαλονίκης
749 1336 846 1372 ἐγένετο

43 1387 151 1410 καὶτῶν
166 1382 243 1420 πέριξ
257 1382 352 1408 πόλεων
374 1384 420 1408 καὶ
447 1386 553 1418 χωρῶν.
585 1381 706 1412 Βασιλεὺς
730 1379 760 1408 δὲ
789 1381 846 1408 ὀνο-

43 1428 177 1464 μάζεσθαι
192 1427 240 1453 οὒκ
255 1426 365 1456 ἠθέλησε
388 1424 434 1452 διὰ
459 1429 487 1452 τὸ
516 1430 566 1452 τῶν
589 1425 725 1462 δφθαλμών
753 1427 846 1460 πάθος,

42 1475 85 1499 τὸν
114 1470 145 1498 δὲ
169 1470 227 1497 υἱὸν
255 1471 335 1497 αὐτοῦ
360 1471 479 1500 Ἰωάννην
507 1470 620 1506 βασιλέα
646 1470 774 1506 ὠνόμασε,
804 1473 848 1496 καὶ

46 1517 167 1555 ἑρνθροῖς
189 1513 308 1546 πεδίλοις
333 1517 390 1545 τοὺς
415 1513 500 1546 πόδας
526 1515 621 1541 ἐκείνου
653 1513 779 1551 ὑπέδησε,
804 1517 850 1541 καὶ

47 1563 178 1591 τοιούτοις
205 1561 346 1597 γράμμασι
367 1560 526 1597 ύπογρὰφειν
537 1558 669 1597 διώρισεν,
709 1559 785 1586 αὐτόν
824 1570 851 1586 τε

51 1605 152 1632 διέπειν
168 1606 202 1631 τὰ
217 1606 291 1631 κοινὰ
306 1607 350 1630 καὶ
370 1603 498 1640 διεξάγειν
521 1606 555 1630 τὰ
582 1608 628 1630 τοῦ
652 1606 720 1632 υἱοῦ.
747 1606 796 1631 Τὸν
825 1602 850 1631 δ’

50 1649 162 1686 ἀδελφὸν
201 1649 326 1678 Μανουὴλ
372 1653 419 1680 τῆς
467 1648 592 1681 ἐκϐαλὼν,
639 1652 683 1675 καὶ
737 1648 852 1685 ἐμϐαλὼν

49 1697 72 1722 ἓν
86 1705 141 1722 τινι
165 1697 279 1732 τριήρει,
304 1696 364 1731 περὶ
391 1696 438 1724 τὴν
455 1693 571 1720 Δττάλον
601 1693 716 1731 ἐξώρισε,
750 1697 793 1724 τὴν
823 1692 853 1721 δὲ

50 1742 167 1775 σύζυγον
196 1739 276 1765 αὐτοϋ
307 1741 371 1775 πρὸς
398 1740 440 1765 τὸν
468 1740 568 1776 πατέρα
594 1739 674 1764 ’Λσάν
703 1738 851 1775 ἐξέπεμψεν.

54 1789 74 1811 0
90 1783 217 1811 δὲἈσάν
234 1785 277 1810 τόν
299 1784 419 1820 πενθερὸν
445 1783 540 1819 μᾶλλον
565 1783 587 1801 ⁸⁸
610 1783 688 1819 ἐφίλει
717 1782 852 1820 Θεόδωρον

47 1829 62 1859 ἦ
77 1831 121 1856 τὸν
138 1827 258 1865 γαμϐρόν
283 1827 363 1854 αὐτοῦ
392 1826 525 1856 Μανουήλ’
553 1828 710 1863 ὑπερηγάπα
733 1828 783 1865 γὰρ
806 1830 853 1857 τὴν

49 1874 166 1909 σύζυγον
181 1872 302 1909 Εἰρήνην,
326 1872 378 1908 οὐχ
402 1872 480 1901 ἧττον
504 1872 519 1901 ἢ
550 1871 685 1902 Ἀντώνιος
705 1874 751 1901 τὴν
779 1871 854 1898 Κλεο-

47 1920 150 1955 πάτραν
169 1917 247 1946 ⁸⁷.”Ο
270 1918 314 1953 μεν
346 1914 389 1943 οὖν
415 1916 540 1946 Μανονὴλ
561 1921 592 1953 τῇ
621 1916 746 1943 Ἀττάλου
771 1926 854 1954 προσ-

47 1963 152 1993 cui)“:
166 1963 238 1998 παρὰ
252 1959 414 1999 προσδοκίαν
430 1963 488 1992 τοὺς
518 1961 544 1993 ἐξ
568 1961 652 1998 Ἅγαρ
682 1962 737 1997 εὗρε
764 1962 787 1979 ιε
815 1971 853 1997 φι-

46 2008 202 2046 λανθρωπίᾳ
229 2006 325 2043 μᾶλλον
349 2007 411 2042 πρὸς
450 2006 528 2032 αὑτὸν
563 2009 759 2044 χρησαμένους-
800 2006 854 2032 ἐπεὶ

46 2054 95 2089 γὰρ
126 2051 226 2088 εἰρήκει
249 2053 313 2089 πρὸς
337 2053 379 2077 τὸν
412 2050 525 2087 βασιλέα
552 2051 673 2080 Ἰωάννην
713 2052 855 2086 τυγχάνειν

49 2098 131 2124 αὐτοῦ
154 2098 201 2126 τὴν
228 2097 322 2133 ὁρμὴν,
350 2098 544 2133 παρεχώρησαν
572 2097 656 2131 τούτῳ
671 2098 717 2125 τὴν
754 2094 854 2128 δίοδον,

49 2140 256 2178 έφοδιασάμενοι
283 2142 473 2176 προσηκόντως.
501 2139 612 2166 Ἐκεῖθεν
642 2141 707 2176 πρὸς
738 2142 780 2166 τὸν
809 2139 858 2176 βα-

50 2186 123 2212 σιλέα
153 2184 256 2221 ἀφίκετο
283 2183 366 2219 οὗτος,
401 2187 445 2210 καὶ
475 2185 488 2210 ὁ
516 2183 641 2220 βασιλεὺς
677 2183 794 2220 ἁσμένως
832 2194 859 2210 τε

50 2235 144 2257 τοῦτον
173 2227 278 2260 ἐδέξατο
303 2231 348 2255 καὶ
379 2229 413 2259 ὡς
444 2231 670 2266 προσῳκειωμένον
714 2233 750 2264 τῷ
791 2230 859 2264 γένει

51 2285 94 2301 και
110 2276 148 2305 ὡς
163 2273 245 2301 πάλαι
266 2272 396 2302 δεσπότην
415 2273 607 2310 ὠνομασμένον,
639 2272 702 2304 δοὺς
730 2271 760 2299 δὲ
788 2273 858 2308 αὐτῷ

52 2324 151 2356 χρῆμα
177 2321 222 2345 καὶ
250 2320 365 2355 τριήρεις
392 2317 418 2350 ἓξ
447 2318 488 2344 ἐπὶ
510 2321 556 2348 τὴν
591 2318 705 2354 μεγάλην
743 2318 858 2353 Βλαχίαν

54 2363 164 2400 ἀφῆκαν,
188 2363 279 2400 ὅρκους
298 2363 360 2400 παρ’
387 2363 466 2389 αὐτοῦ
501 2362 586 2389 λαϐὼν
621 2361 770 2400 φρικώδεις,
808 2361 859 2393 οἷος

52 2408 148 2439 ἕκεῖνος
172 2410 297 2438 συνέσεως
318 2410 363 2434 καὶ
390 2407 530 2444 ἀγχινοίας
556 2407 658 2445 πλήρης
681 2408 715 2434 ὧν
743 2409 777 2436 ⁴⁹.
806 2411 859 2434 Κα-

53 2452 174 2481 ταλαϐὼν
188 2451 286 2480 οὖντὸν
298 2456 344 2483 1’ἧς
368 2451 554 2490 Δημητριάδος
579 2457 659 2490 νῶρον
684 2453 696 2478 ὁ
723 2452 856 2489 Μανουὴλ,

92 2543 116 2560 ⁴¹
133 2542 181 2568 οὐκ
194 2557 230 2563 --
245 2542 286 2568 ὅτε
298 2541 352 2568 ἀλλ’
368 2543 380 2568 ὀ
395 2541 476 2569 Ἀσὰν
492 2543 532 2568 ὅτε
546 2545 590 2569 καὶ
605 2543 636 2569 D.

54 2585 116 2616 om.
141 2578 237 2616 D.___"3
253 2577 342 2606 θήλεια
357 2577 436 2616 Ἄννα
450 2588 476 2605 τε
488 2581 533 2616 καὶ
547 2578 642 2616 Εἰρήνη
663 2579 693 2605 ι).

927 313 970 338 38.
987 311 1036 338 ilic
1053 319 1123 346 ergo
1139 319 1242 342 uxore,
1259 319 1351 347 quam
1364 313 1514 347 Ungaram
1527 312 1618 340 fuisse
1640 320 1717 348 prte-

889 356 1089 387 narravimus,
1118 357 1250 391 privatus
1290 356 1383 384 ﬁliam
1427 357 1530 392 Angeli
1572 357 1718 385 Theodori

890 401 1015 432 lrenem,
1032 400 1130 428 forma
1140 401 1336 436 conspicuam
1351 403 1380 428 et
1395 409 1520 437 corpore
1548 409 1716 437 procerem,

890 445 987 472 fratris
997 445 1113 480 paterni
1125 445 1429 480 consanguinitatem,
1442 446 1495 482 qui
1510 454 1579 474 cum
1590 446 1651 474 ﬁlia
1663 455 1718 475 sua

891 497 907 517 e
922 489 1026 525 pellice
1050 492 1190 526 suscepta
1217 490 1359 524 cubabat,
1374 490 1458 518 haud
1477 492 1630 524 reveritus,
1662 491 1719 519 sibi

891 534 1084 562 matrimonio
1099 534 1208 569 jungit.
1234 535 1323 562 Erant
1351 535 1505 564 Theodoro
1530 535 1642 572 Angelo
1665 535 1721 564 ﬁlii

892 578 1018 606 masculi
1029 578 1100 613 duo,
1113 580 1277 607 Joanneset
1293 580 1466 615 Demetrius,
1479 583 1507 608 et
1522 580 1589 608 dure
1603 580 1720 610 feminae

892 626 979 652 Anna
994 627 1022 652 et
1036 624 1115 652 dicta
1132 625 1224 658 irene;
1241 633 1373 660 quacum
1389 627 1506 653 Asanus
1521 626 1599 653 ﬁlios
1616 626 1722 654 habuit

894 670 952 696 tres
974 668 1155 703 Michaelem,
1181 669 1378 703 Theodoram,
1403 670 1537 698 Mariam.
1562 672 1721 706 Propterea

893 713 1019 741 vinculis
1034 713 1148 741 solutus
1173 713 1304 748 Angelus
1332 714 1510 748 Theodorus,
1539 715 1580 742 ita
1611 722 1720 749 genero

895 757 959 793 ejus
974 759 1073 785 Asano
1094 760 1255 790 annuente,
1278 758 1497 786 Thessalonicae
1520 761 1548 787 et
1575 760 1722 787 universae

895 802 1034 837 regionis,
1075 802 1123 830 cui
1156 802 1219 838 ipse
1238 803 1321 838 prius
1347 803 1527 839 imperabat,
1562 804 1722 840 imperium

895 854 1071 882 recuperare
1086 847 1223 874 animum
1234 847 1359 881 induxit,
1376 848 1543 884 paucisque
1562 848 1601 876 ab
1623 851 1722 877 Asano

896 891 1036 927 acceptis,
1053 899 1122 919 cum
1137 891 1239 927 palam
1253 892 1283 919 in
1301 891 1422 920 fratrem
1443 893 1607 921 Manuelem
1637 901 1723 921 arma.

897 943 1001 971 capere
1013 943 1073 963 non
1088 939 1199 971 posset,
1215 936 1294 964 clam
1306 937 1475 972 ingressum
1501 937 1722 966 Thessalonicae

861 989 881 1016 Β
897 980 1028 1008 molitur.
1038 980 1082 1008 Sic
1094 980 1221 1008 sordidis
1231 981 1340 1016 pannis
1356 981 1480 1009 vestitus
1496 981 1602 1009 urbem
1615 982 1722 1010 furtive

896 1025 1070 1060 ingreditur.
1094 1027 1167 1053 Cum
1194 1034 1266 1054 vero
1294 1026 1406 1062 quibus
1433 1027 1636 1063 concupierat,
1665 1027 1722 1054 illis

898 1069 1008 1097 scilicet
1017 1078 1093 1105 quos
1103 1078 1167 1106 ipse
1180 1070 1210 1098 in
1225 1070 1315 1098 rebus
1331 1071 1482 1107 prosperis
1497 1071 1554 1099 sibi
1576 1074 1603 1099 et
1621 1079 1724 1100 amore

899 1117 927 1142 et
946 1114 1092 1142 beneﬁcio
1118 1115 1177 1150 66
1209 1115 1394 1150 devinxerat,
1413 1116 1554 1147 innotuit,
1577 1115 1723 1143 adversus

898 1158 1019 1186 fratrem
1042 1159 1167 1187 consilia
1191 1160 1297 1194 aperit,
1320 1167 1418 1195 neque
1444 1159 1495 1187 diu
1520 1161 1588 1196 post
1623 1168 1727 1187 rursus

899 1203 1142 1231 Thessalonicam
1158 1206 1186 1231 et
1203 1204 1375 1239 adjaceutia
1402 1203 1469 1231 loca
1497 1206 1525 1232 et
1551 1205 1641 1232 urbes
1669 1204 1727 1232 sub

900 1247 1068 1275 dominium
1097 1247 1302 1283 ditionemque
1332 1256 1421 1276 suam
1445 1248 1524 1276 facit.
1554 1249 1580 1275 is
1605 1251 1728 1284 propter

900 1292 1054 1320 oculorum
1063 1292 1292 1320 imminutionem
1299 1292 1487 1328 imperatoris
1495 1301 1603 1321 nomen
1609 1294 1728 1321 recusat

901 1345 936 1365 eo
953 1340 1052 1365 tamen
1066 1339 1211 1364 Joannem
1228 1337 1322 1364 tilium
1338 1338 1515 1366 cohonestat
1529 1341 1556 1365 ct
1567 1338 1726 1374 purpureis

901 1382 1008 1410 calceis
1019 1382 1110 1417 pedes
1118 1382 1193 1409 illitis
1200 1382 1409 1417 circumvestit,
1425 1391 1522 1418 neque
1531 1383 1727 1411 dissimilibus

901 1426 1003 1454 litteris
1034 1426 1221 1453 subscribere
1254 1426 1351 1461 jussit;
1387 1427 1442 1454 sibi
1480 1435 1551 1455 vero
1575 1435 1728 1456 summam

902 1471 1039 1499 omnium
1053 1478 1152 1498 rerum
1164 1478 1198 1498 ac
1208 1470 1259 1498 ﬁlii
1284 1471 1529 1506 temperationem
1555 1472 1726 1506 reservavit;

904 1515 1025 1543 fratrem
1041 1515 1205 1543 Manuelem
1219 1515 1364 1550 abrogato
1380 1516 1506 1551 imperio
1531 1516 1561 1543 in
1577 1516 1726 1544 triremem

904 1560 1078 1596 impositum
1114 1559 1252 1587 Attaliam
1295 1559 1453 1595 ablegavit,
1494 1560 1655 1596 conjugem
1686 1560 1727 1588 ad

906 1607 1037 1632 Asanum
1049 1607 1164 1640 patrem
1181 1604 1305 1632 remisit.
1319 1607 1438 1632 Asanus
1452 1605 1607 1632 Theodoro
1627 1612 1731 1632 socero

871 1666 891 1692 Ο
906 1657 999 1685 quam
1008 1656 1118 1683 genero
1134 1648 1258 1676 Manueli
1274 1648 1420 1677 addictior
1443 1651 1526 1677 erat:
1545 1657 1606 1676 non
1631 1649 1732 1676 minus

908 1693 988 1721 enim
1002 1693 1068 1728 ipse
1083 1701 1185 1720 amore
1195 1693 1334 1728 conjugis
1349 1693 1440 1722 [rente
1467 1701 1560 1729 quam
1587 1693 1733 1722 Antonius

908 1738 1070 1774 Cleopatrae
1085 1737 1309 1773 corripiebatur.
1331 1738 1446 1766 Manuel
1467 1739 1568 1775 itaque
1594 1738 1734 1766 Attaliam

908 1782 1061 1818 appellens
1078 1781 1116 1809 ab
1132 1782 1286 1817 Agarenis,
1303 1782 1384 1818 quod
1394 1782 1457 1819 ipse
1469 1791 1620 1819 nusquam
1633 1790 1734 1819 spera-

908 1829 1001 1861 verat,
1024 1827 1242 1854 humanissime
1267 1827 1548 1864 otﬁciosissimeque
1565 1827 1709 1863 excipitur
1725 1835 1732 1855 :

908 1880 979 1900 nam
986 1871 1095 1899 dicenti
1102 1880 1132 1899 se
1140 1871 1178 1899 ad
1184 1873 1328 1899 Joannem
1336 1873 1547 1908 imperatorem
1555 1871 1735 1900 contendere

908 1918 1089 1950 commeatu,
1107 1916 1147 1943 uti
1161 1924 1216 1952 par
1235 1919 1308 1949 erat,
1325 1917 1551 1944 subministrato
1576 1917 1734 1945 transitum

908 1961 1028 1989 dedere.
1049 1960 1178 1996 indeque
1197 1960 1406 1996 imperatorem
1431 1961 1622 1996 conveniens,
1648 1964 1676 1989 et
1695 1961 1737 1989 uti

910 2013 1017 2040 genere
1032 2007 1210 2039 conjunctus
1223 2007 1251 2033 et
1261 2005 1386 2041 despota
1399 2006 1465 2041 jam
1477 2006 1546 2034 olim
1560 2006 1670 2034 electus
1697 2005 1736 2033 ab

910 2051 1089 2086 imperatore
1111 2049 1224 2077 lubenti
1246 2050 1347 2078 animo
1373 2051 1486 2085 visitur;
1520 2051 1567 2078 cui
1601 2059 1670 2078 cum
1710 2052 1738 2078 et

911 2095 1054 2131 pecunias
1067 2097 1095 2122 et
1108 2094 1240 2122 triremes
1260 2103 1313 2122 sex
1334 2095 1513 2130 tradidisset,
1534 2095 1565 2122 id
1593 2102 1739 2130 magnam

913 2139 1075 2174 Blachiam,
1090 2139 1172 2175 prius
1200 2139 1238 2166 ab
1260 2139 1311 2166 illo
1336 2140 1534 2175 jurejurando
1559 2139 1741 2168 formidabili

913 2192 995 2217 sane,
1011 2186 1155 2220 tanquam
1169 2184 1219 2219 qui
1236 2186 1263 2212 et
1276 2185 1435 2220 prudentia
1451 2193 1485 2212 ac
1497 2185 1618 2213 solertia
1647 2184 1742 2213 excel<

913 2229 993 2260 leret,
1010 2230 1143 2264 accepto,
1167 2228 1281 2256 direxit.
1307 2228 1359 2256 Ubi
1384 2229 1601 2257 Demetriadem
1628 2229 1743 2258 Manuel

916 2273 1079 2309 appulisset
1092 2275 1120 2300 et
1134 2273 1240 2300 amicis
1253 2273 1310 2308 67
1340 2281 1374 2301 ac
1402 2273 1600 2302 familiaribus
1623 2275 1662 2302 ad
1687 2274 1743 2302 hos

915 2317 1018 2346 litteris
1035 2316 1112 2345 datis
1128 2325 1216 2345 suum
1243 2318 1441 2352 signiﬁcasset
1465 2318 1639 2352 adventum,
1669 2318 1744 2346 alios

918 2361 1168 2398 promissionibus
1179 2361 1380 2395 demulsisset,
1397 2362 1480 2390 nullo
1494 2363 1615 2398 negotio
1640 2363 1744 2399 copias

919 2406 1045 2441 collegit,
1061 2405 1280 2441 Pharsalosque
1291 2408 1318 2434 et
1330 2406 1482 2434 Larissam
1495 2409 1524 2434 et
1538 2406 1745 2435 t’latamonem

919 2451 975 2480 sibi
1017 2450 1202 2486 comparavit
1240 2450 1438 2486 convenitque
1492 2459 1562 2479 cum
1604 2451 1749 2481 fratribus

677 2543 700 2560 ’θ’
716 2544 778 2573 τέως
792 2558 826 2562 -
837 2541 856 2568 ἐπ

928 2549 992 2578 om.
1009 2541 1052 2578 Dr._
1081 2541 1107 2578 ‘37
1119 2539 1200 2578 καλὴν
1215 2555 1250 2578 τ-
1261 2539 1384 2578 εὐμεγέθη
1402 2547 1467 2578 οωπ
1479 2541 1510 2568 D.
1529 2540 1551 2578 ξι
1582 2538 1683 2578 ἄρρενες
1699 2538 1748 2578 δρο

734 2579 756 2595 “5
774 2578 891 2615 πενθερρν
902 2577 981 2603 αὐτον
995 2576 1089 2603 πάλλον
1101 2577 1132 2604 D'

1172 2577 1192 2593 Π
1211 2576 1367 2614 ὑπερηγάπα
1381 2591 1415 2597 ——
1440 2575 1604 2614 Κλεοπάτραν
1616 2575 1686 2604 ‘om.
1715 2577 1748 2604 D.

57 2614 81 2631 ⁸⁸
94 2617 154 2645 τοῖς
167 2613 195 2645 ἐξ
203 2612 289 2650 Ἀγαρ
302 2615 407 2651 ἓνετνχε
421 2614 453 2643 D.
492 2615 516 2632 ⁴⁹
529 2612 669 2652 φρικώδεις
686 2629 720 2634 —
731 2616 765 2639 ὤν
781 2612 892 2642 οω.Ἰ).

510 2693 680 2729 Theodori
705 2695 831 2728 Dousa:
856 2698 888 2727 et
912 2693 1037 2727 Leonis
1061 2693 1180 2727 Allatii
1204 2697 1307 2727 notae.

100 2773 162 2812 (74)
179 2773 386 2812 Παραεσπόνδει¹
399 2775 440 2804 Ct'.
456 2775 544 2804 Anna
561 2776 735 2807 Commena,
751 2773 803 2803 lib.
820 2782 871 2804 vn.
887 2774 957 2802 ALL.
