1970 3082
233 131 299 160 1071

910 122 1052 152 GEORGII
1069 122 1297 151 ACROPOLIT/E

1851 122 1917 150 1072

230 192 387 222 Theodore.
410 192 439 219 et
465 188 669 218 Constantino.
694 189 769 216 Nam
781 187 1003 221 Constantinus,
1024 188 1057 214 ut
1071 186 1096 213 Α
1111 184 1206 211 κάκεῖθι

1118 184 1227 211 ιάκεῖθεν
1242 184 1266 202 σθ
1279 187 1333 215 τοῖς
1351 186 1398 220 μὲν
1430 189 1480 212 τῶν
1507 185 1607 212 οἰκείων
1625 189 1739 223 γραφαῖς
1767 187 1813 214 τὴν
1838 185 1919 210 αὐτοῦ

230 238 372 271 diximus,
383 235 590 272 despota,quae
599 231 1055 266 commemoravimus,domina-

231 283 332 317 batur,
343 280 517 310 Theodorus
531 280 595 307 erat
609 277 742 311 Joannis,
762 278 815 314 qui
837 276 1056 305 Thessalonicae

232 326 470 360 acclamabatur,
496 326 590 361 pater.
619 325 693 352 Cum
719 323 938 355 convenissent,
964 322 1055 351 ambo

229 373 336 402 fratres
346 369 473 400 Manueli
481 369 609 398 suadent
618 370 650 397 ut
658 367 844 396 conditiones
853 369 881 395 et
891 367 1054 404 pactiones,

228 426 306 455 quas
316 424 386 446 cum
397 416 577 452 imperatore
593 414 709 442 Joanne
728 412 842 448 inierat,
857 412 1054 448 perturbaret.

229 463 280 492 Ille
303 462 408 490 volens
422 459 542 488 nolens.
562 460 595 487 ut
609 458 662 495 qui
675 457 871 486 interfuerant
903 459 932 485 et
955 465 1056 485 rerum

229 507 339 537 harum
346 505 433 543 periti
441 503 627 533 asserebant.
637 501 764 531 consilio
775 509 880 530 eorum
895 502 1054 538 acquievit;

229 551 362 588 indeque
393 550 470 578 inter
492 556 546 577 eos
570 547 700 576 amicitia
726 555 762 575 ac
785 546 984 575 familiaritate
1011 547 1056 575 in-

230 595 410 627 tercedente,
432 593 538 623 divisis
564 592 692 621 urbibus
719 591 861 626 contenti,
883 599 953 620 cum
980 592 1056 620 Lati-

231 641 288 674 nis,
300 641 352 677 qui
365 640 397 668 in
412 639 520 675 Euripo
533 640 623 674 atque
633 636 816 673 Pcloponeso
831 639 924 672 erant,
944 636 1056 665 foedere

229 685 447 723 jungebantur.

1110 229 1300 267 παρασημήνας
1324 227 1425 265 ἔφοδον,
1454 232 1513 261 τοὺς
1540 228 1570 257 δὲ
1598 230 1741 262 ὖποθίλξας
1766 233 1828 261 ταῖς
1854 231 1918 255 inse.

1111 285 1247 318 σχίσεσιν,
1272 282 1302 309 οὐ
1324 280 1371 308 διὰ
1394 282 1493 309 πολλῶν
1527 284 1693 320 συνηθροίκει
1735 285 1795 320 περὶ
1841 283 1922 309 αὐτόν

1112 327 1273 364 στράτευμα,
1315 325 1376 364 ἧρξέ
1399 337 1427 353 τε
1453 328 1594 365 Φαρσιῦιινν
1623 329 1667 353 καὶ
1693 329 1840 364 Λαρίσσης
1875 329 1922 352 καὶ

1111 372 1284 408 Πλαταμῶνος
1305 374 1350 398 καὶ
1376 376 1426 398 τῶν
1448 375 1508 409 περὶ
1535 376 1629 400 ταῦτα.
1653 371 1717 399 Εἶτα
1743 370 1773 399 δὲ
1799 369 1923 402 σπονδὰς

1109 418 1284 453 ποιησάμενος
1298 417 1319 434 ⁵¹
1339 417 1450 446 συνῆλθε
1463 419 1556 444 τούτου
1588 421 1640 448 τοῖς
1661 415 1793 454 ἀδελφοῖς,
1827 420 1867 451 τῷ
1892 426 1921 442 τε

1111 463 1297 497 κωνσταντίνῳ
1322 463 1368 487 καὶ
1384 459 1523 499 Θεοδώρῳ·
1553 463 1566 488 ὁ
1588 463 1634 498 μὶν
1666 463 1716 498 γὰρ
1753 464 1924 488 Κωνσταντί-

1109 516 1152 537 νος
1166 504 1298 537 δεσπότης
1313 506 1347 539 ⁸³,
1364 507 1399 536 ὡς
1417 507 1523 542 ἔφημεν,
1556 510 1590 532 ὧν
1616 504 1697 544 ἦρχεν
1728 506 1753 523 ⁵³
1785 505 1822 531 ὧν
1850 505 1924 542 cipi-

1110 560 1195 587 κειμεν
1209 551 1337 587 ἄρχειν,ὁ
1353 548 1382 577 δί
1396 549 1532 589 Θεόδωρος
1558 549 1589 580 ἦν
1613 551 1626 577 ὁ
1655 554 1700 577 τοῦ
1733 550 1921 587 φημιζομένων

1110 595 1134 622 ἄν
1148 596 1327 632 Θεσσαλονίκῃ
1339 595 1458 622 Ἰωάννου
1475 597 1573 632 πατήρ.
1605 595 1675 622 Ἐπεὶ
1701 594 1730 621 δι
1761 597 1920 631 συνῄεσανν

1110 641 1230 666 πείθουσι
1256 642 1301 666 καὶ
1328 640 1405 676 ἄμφω
1428 642 1464 666 τὼ
1491 638 1593 676 ἀδελφὼ
1622 641 1666 666 τὸν
1694 639 1822 668 Maeonii)
1866 643 1920 664 τῶν

1111 683 1231 711 σπονδῶν
1254 683 1377 714 ἐκστῆναι
1397 689 1446 711 τῶν
1471 687 1534 722 πρός
1566 686 1606 711 ιόν
1633 683 1746 720 βασιλέα
1776 685 1916 712 Ἰωάννην·

228 734 258 758 '0
269 729 299 758 δί
314 730 377 758 ἑκών
389 729 480 762 ἀέκων,
499 729 532 759 ὡς
548 729 660 764 ἱφασκον
670 727 696 753 οἱ
709 729 905 764 παρατυχόντες
919 729 1035 766 καὶπερὶ
1048 733 1100 755 τῶν
1113 730 1235 756 τοιούτων
1249 727 1371 764 ιίδόντες,
1398 731 1536 766 συνῄνεσεν
1549 729 1634 756 αὐτῶν
1658 732 1712 760 τοῖς
1737 728 1919 765 βουλεύμασι,

229 779 258 804 Ρ·
277 776 323 812 34)
337 777 383 802 καὶ
395 775 424 801 τὸ
440 773 490 800 ἀπὸ
505 771 584 799 τοῦδε
593 773 716 809 ὑπῆρχον
731 770 925 808 συνδεδεμένοι,
940 776 998 804 ταῖς
1018 782 1150 811 σφετεραις
1163 776 1267 810 χώραις
1280 777 1337 804 ταῖς
1348 783 1550 810 μεμερισμεναις
1563 773 1652 804 αὐτοῖς
1680 772 1849 811 ἀρκούμενοι,
1875 776 1924 799 ui

229 821 295 857 μετὰ
309 824 359 846 τῶν
369 819 395 846 ἄν
413 818 586 854 Πελοπονήσῳ
595 819 641 844 καὶ
660 817 766 855 Εὐρίπῳ
781 818 898 843 Λατίνων
913 816 1058 854 συμϐάσεις
1073 819 1176 854 ἔχοντες
1192 818 1334 856 εἰρηνικάς·

265 867 310 894 39.
325 866 382 893 Nec
398 863 452 892 diu
465 865 535 900 post
547 861 673 896 Manuel,
702 869 772 889 cum
792 864 962 898 pactorum,
989 870 1058 899 quae
1078 863 1098 890 Β

229 918 299 939 cum
307 909 488 945 imperatore
498 908 612 936 Joanne
618 906 784 943 pepigerat,
792 906 962 934 violationis
971 907 1060 943 prius

230 962 301 984 eum
330 953 528 991 paenituisset,
551 960 587 981 ex
616 951 776 980 hominum
811 951 871 980 vita
907 951 1058 986 migravit.

229 999 406 1037 Imperatrix
420 998 509 1028 etiam
525 998 619 1031 Irene,
632 996 739 1025 mulier
748 995 881 1032 prudens
907 1004 943 1024 ac
967 996 1060 1031 digna

229 1044 368 1081 imperio,
383 1042 574 1079 multumque
591 1040 743 1076 dignitatis
767 1048 803 1068 ac
827 1040 1060 1076 magniﬁcentiae

230 1097 294 1127 prae
310 1097 342 1118 se
353 1089 460 1123 ferens,
475 1095 512 1116 ex
526 1087 584 1115 hac
594 1085 684 1114 turba
698 1087 727 1112 et
739 1084 908 1113 colluvione
932 1084 1062 1113 decessit

232 1135 273 1163 Ea
284 1132 476 1162 sermonibus
489 1130 695 1160 delectabatur
705 1131 733 1158 et
741 1129 912 1165 sapientum
921 1137 1060 1165 congres-

232 1179 326 1213 sibus,
349 1185 426 1214 quos
453 1175 576 1205 maximi
603 1174 741 1210 faciebat,
765 1181 828 1202 non
856 1174 920 1202 sine
947 1174 1060 1210 gaudio

233 1221 417 1257 attendebat,
431 1223 463 1250 ut
473 1220 543 1248 hinc
553 1218 711 1247 manifeste
720 1218 894 1255 percipitur.
909 1220 984 1247 Nam
992 1227 1062 1247 cum

235 1266 280 1295 sol
293 1273 437 1295 cancrum
448 1271 613 1301 peragrans
625 1263 749 1291 meridie
760 1263 926 1299 defecisset,
939 1264 1063 1300 ipseque

234 1319 307 1340 casu
325 1311 356 1340 in
390 1317 517 1346 regnam
553 1308 746 1337 accessissem
783 1307 843 1344 68
878 1308 955 1344 (loca
991 1316 1063 1337 vero

234 1356 413 1392 Periclystra
419 1354 498 1383 dicta
506 1354 669 1390 imperator
677 1360 746 1381 cum
756 1352 796 1380 im
800 1353 944 1389 peratrice
954 1353 1065 1381 incole-

233 1401 307 1436 bat),
323 1400 459 1429 defectus
474 1406 601 1428 causam
616 1406 634 1426 a
658 1406 706 1426 me
731 1398 880 1434 poposcit.
907 1399 972 1434 Ipse
998 1400 1062 1426 tum

233 1446 366 1483 primum
380 1444 569 1482 philosopha:
585 1443 703 1472 arcanis
717 1450 736 1471 a
751 1442 885 1479 sapiente
898 1443 1064 1472 Blemmida

230 1490 366 1520 imbutus
380 1491 518 1518 accurate
532 1496 596 1517 rem
611 1495 673 1516 non
688 1489 824 1524 poteram
840 1487 999 1524 explicare,
1026 1495 1063 1516 ex

1150 862 1197 889 λθ’·
1215 863 1253 890 Οὐ
1268 863 1348 894 πολὺς
1363 863 1496 901 παρεῤῥύη
1510 865 1617 901 χρόνος,
1639 866 1684 890 καὶ
1705 863 1718 889 ὁ
1744 863 1873 893 Mancini)
1897 862 1924 894 ἐξ

1116 907 1256 944 ἀνθρώπων
1280 907 1386 944 ἐγένετο,
1422 908 1572 945 μεταμελος,
1592 909 1628 939 ὡς
1652 908 1749 944 ἔλεγον,
1779 912 1834 934 τῶν
1868 918 1924 934 πα-

1115 951 1250 991 ραϐάσεων
1279 957 1330 979 τῶν
1356 954 1422 990 πρὸς
1445 954 1489 979 τὸν
1513 951 1626 989 βασιλέα
1660 954 1806 990 γενόμενος,
1848 955 1921 981 Θνή-

1116 1006 1174 1024 σκει
1186 997 1242 1033 (75)
1256 995 1286 1023 δὲ
1298 997 1368 1026 καὶή
1393 996 1501 1033 βασιλὶς
1522 996 1628 1033 Εἰρήνη,
1662 999 1727 1033 γυνὴ
1754 1000 1925 1034 σωφρονικῆ-

1116 1051 1143 1068 τε
1156 1043 1200 1067 καὶ
1213 1040 1312 1079 ἀρχικὴ
1329 1042 1383 1078 (76)
1399 1043 1444 1068 καὶ
1463 1041 1528 1068 πολὺ
1550 1043 1580 1068 τὸ
1605 1042 1740 1078 μεγαλεῖον
1772 1040 1926 1068 ἐπιδεικνυ-

1116 1088 1178 1123 μένη
1192 1087 1221 1112 τὸ
1237 1085 1382 1122 βασίλειον.
1397 1085 1510 1123 Ἐχαιρε
1525 1084 1555 1112 δι
1578 1089 1623 1112 καὶ
1648 1086 1737 1122 λόγοις
1762 1089 1810 1112 καὶ
1836 1090 1925 1123 σοφῶν

1118 1131 1232 1167 ἠκροᾶτο
1252 1130 1308 1167 μεθ’
1337 1129 1446 1163 ἡδονῆς,
1473 1130 1566 1168 Ἐτίμα
1594 1129 1624 1158 δε
1650 1132 1760 1162 τούτους
1790 1131 1923 1169 ὑπερϐαλ-

1116 1175 1221 1210 λόντως,
1237 1177 1270 1206 ὡς
1284 1176 1355 1202 ἔστιν
1371 1175 1398 1202 ὶκ
1421 1177 1515 1202 τούτου
1544 1179 1650 1212 γνῶναι.
1680 1178 1730 1202 Καὶ
1758 1177 1809 1212 γὰρ
1845 1175 1924 1202 ἐκλεί-

1117 1220 1183 1257 ψεως
1197 1221 1333 1257 γενομένης
1357 1220 1432 1249 ἡλίου
1465 1222 1506 1247 τὸν
1534 1222 1656 1258 καρκίνον
1685 1218 1851 1251 διοδεύοντος
1865 1223 1924 1258 περί

1118 1264 1292 1302 μεσημϐρίαν,
1320 1264 1422 1303 ἐπείπερ
1449 1265 1526 1297 αὐτὸς
1553 1266 1621 1291 οὔτω
1652 1264 1754 1302 συμϐάν
1802 1265 1829 1292 ἐν
1870 1270 1926 1297 τοῖς

1119 1309 1262 1346 βασιλείοις
1279 1309 1394 1339 ἀπῆλθον
1428 1309 1582 1346 (ἄσκηνοῦτο
1608 1308 1637 1337 δὲ
1653 1313 1713 1348 περὶ
1739 1313 1800 1341 τοὺς
1824 1313 1925 1342 τόπους

1118 1354 1163 1386 οὒς
1181 1354 1342 1391 ὀνομάζουσι
1360 1354 1540 1392 Περίκλυστρα
1553 1356 1600 1381 σὺν
1619 1358 1652 1391 τῇ
1667 1353 1793 1391 βασιλίδι
1809 1356 1823 1381 ὁ
1845 1355 1926 1391 βασι-

1117 1399 1197 1435 λεὺς),
1218 1399 1337 1436 ἠρώτηκέ
1360 1409 1392 1436 με
1417 1402 1464 1429 τὴν
1492 1403 1540 1431 τῆς
1563 1399 1699 1436 ἐκλείψεως
1732 1400 1832 1427 αἰτίαν.
1875 1404 1923 1427 Καὶ

1119 1444 1195 1476 αὐτὸς
1233 1446 1278 1480 μὲν
1306 1443 1420 1482 ἀκριϐῶς
1458 1444 1505 1470 οὐκ
1551 1444 1624 1481 εἰχον
1662 1445 1735 1483 (ἄρτι
1782 1447 1830 1472 καὶ
1874 1447 1924 1481 γὰρ

1117 1492 1168 1515 τῶν
1179 1493 1226 1520 τῆς
1236 1488 1388 1525 φιλοσοφίας
1409 1488 1519 1526 ἡψάμην
1543 1489 1637 1526 ὀργίων
1670 1491 1742 1527 παρὰ
1769 1494 1818 1516 τοῦ
1842 1493 1923 1526 σοφοῦ

237 1535 417 1573 memetipso
429 1537 540 1568 tamen,
555 1533 639 1570 quod
652 1541 707 1569 par
720 1534 792 1566 erat,
803 1532 968 1561 decernens
983 1532 1063 1561 lunae
1082 1540 1104 1569 α
1118 1533 1203 1569 Βλεμμ

1118 1531 1265 1569 Βλεμμίδου
1290 1531 1489 1570 διδασκόμενος)
1517 1534 1587 1570 ὅμως
1618 1535 1706 1570 μέντοι
1741 1535 1810 1572 παρ’
1846 1535 1924 1561 αὐτοῦ

235 1580 496 1618 interpositionem
525 1577 697 1607 adumbrati
721 1577 792 1606 solis
832 1585 958 1606 causam
997 1585 1064 1606 esse

236 1626 369 1661 enuntio,
384 1625 539 1662 viderique
552 1623 646 1652 solem
659 1622 787 1651 deﬁcere
805 1630 836 1650 re
857 1630 928 1651 vera
950 1622 1064 1651 lumine

237 1679 300 1700 non
306 1670 480 1708 spoliatum,
494 1668 547 1697 sed
553 1668 652 1705 potius
663 1667 895 1695 lumedefectum
903 1675 978 1704 esse,
990 1667 1064 1696 dum

237 1715 269 1744 in
288 1715 432 1743 umbram
444 1717 530 1742 terrea
540 1712 653 1746 incidit,
664 1712 914 1748 quandoquidem
927 1711 978 1740 illa
992 1711 1064 1740 solis

239 1760 397 1796 splendore
413 1758 557 1787 renideat.
578 1757 636 1786 Sed
661 1764 729 1785 cum
763 1756 858 1785 oratio
886 1756 917 1784 in
939 1756 1065 1792 longum

238 1803 471 1840 protraheretur,
483 1802 563 1830 dicta
579 1800 733 1829 refellebat
756 1800 894 1829 Nicolaus
918 1800 1064 1835 medicus,

238 1848 285 1877 vir
297 1847 469 1877 nullatenus
481 1847 513 1875 in
534 1845 707 1883 philosopia
732 1847 879 1879 versatus,
911 1847 973 1874 arte
994 1853 1065 1874 vero

238 1901 333 1930 quam
342 1892 406 1929 ipse
425 1890 622 1929 proﬁtebatur
634 1890 771 1926 eximius,
797 1893 826 1919 et
847 1898 883 1919 ea
915 1891 1065 1927 praecipue

238 1945 306 1974 quae
312 1936 494 1973 experientia
500 1944 562 1965 com
564 1935 874 1973 paretur,imperatrici
881 1943 943 1962 sum
948 1943 1065 1971 mopere

238 1981 358 2016 charus,
390 1984 419 2011 et
442 1981 596 2010 actuarius
620 1980 773 2016 dignitate.
804 1981 878 2008 Cum
890 1979 938 2008 ille
963 1980 1065 2017 itaque

237 2028 413 2064 opponeret,
426 2026 491 2064 ipse
514 2033 586 2055 vero
619 2025 718 2060 magis
742 2033 777 2053 ac
805 2025 902 2060 magis
927 2024 1065 2060 garrulus

237 2071 432 2105 biaterarem,
460 2071 536 2100 inter
564 2070 773 2099 disserendum
802 2077 851 2098 me
890 2069 1065 2106 imperatrix

238 2119 325 2155 μωρὸν
335 2118 422 2154 quasi
437 2125 566 2154 puerum
584 2115 784 2152 compellavit;
808 2115 1005 2151 postmodum
1030 2123 1066 2144 ac

1118 1582 1154 1614 τῷ
1169 1579 1227 1604 τότε
1241 1578 1301 1604 ὅσον
1314 1576 1345 1607 ἦν
1365 1577 1435 1609 εἰκὸς
1453 1577 1573 1614 ἐπιγνοὺς
1599 1580 1646 1608 τήν
1674 1581 1703 1605 τι
1729 1582 1778 1609 τῆς
1812 1579 1924 1610 σελήνης

1119 1622 1313 1661 ἓπιπρόσθησιν
1342 1623 1428 1649 αἰτίαν
1455 1627 1504 1654 τῆς
1527 1623 1701 1654 ἑπισκιάσεως
1727 1622 1817 1660 ἔλεγον
1849 1623 1925 1657 εἶναι,

1118 1669 1164 1694 καὶ
1180 1666 1265 1694 δοκεῖν
1287 1669 1333 1704 μεν
1366 1667 1489 1694 ἐκλείπειν
1517 1669 1561 1694 τὸν
1590 1665 1674 1703 ἥλιον,
1700 1667 1748 1694 οὐκ
1781 1667 1871 1698 ἀληθῆ
1900 1666 1927 1695 δε

1120 1712 1185 1739 εἶναι
1209 1714 1255 1742 τὴν
1265 1716 1312 1743 τῆς
1334 1713 1434 1748 φάσεως
1462 1714 1594 1749 στέρησιν,
1625 1712 1720 1749 μᾶλλον
1733 1715 1825 1749 μέντοι
1849 1713 1926 1740 τοῦτο

1119 1759 1166 1787 τὴν
1181 1757 1289 1787 σελήνην
1303 1758 1431 1794 πάσχειν,
1452 1756 1514 1784 ἐπὰν
1534 1761 1570 1793 τῷ
1594 1758 1741 1794 σκιάσματι
1771 1757 1876 1795 ἕμπέσῃ
1891 1762 1925 1793 τῷ

1119 1805 1167 1833 τῆς
1180 1806 1240 1838 γῆς,
1255 1800 1303 1828 διὰ
1316 1803 1346 1828 τὸ
1362 1801 1389 1833 ἓξ
1401 1801 1476 1831 ἡλίου
1492 1803 1520 1828 τὸ
1538 1804 1633 1838 φέγγος
1656 1802 1760 1838 αὐχεῖν,
1794 1802 1869 1829 Ἐπεὶ
1898 1801 1926 1829 δὲ

1120 1846 1221 1883 ὁλόγος
1243 1846 1284 1873 ἰπὶ
1307 1848 1437 1883 μήκιστον
1466 1848 1639 1883 παρετείνετο,
1667 1846 1786 1883 ἀντίλεγε
1815 1845 1846 1874 δε
1875 1851 1927 1878 τοῖς

1118 1891 1265 1928 λεγομενοις
1279 1892 1292 1917 ὁ
1311 1891 1400 1929 ἰατρὸς
1410 1891 1548 1926 Νικόλαος,
1561 1890 1625 1930 ἀνὴρ
1652 1894 1752 1922 ἣκιστα
1780 1893 1828 1928 μὲν
1854 1892 1925 1928 φιλο-

1120 1938 1211 1973 σοφίας
1229 1938 1382 1973 μετασχὼν,
1404 1936 1484 1974 ἄκρος
1499 1934 1529 1963 δὲ
1555 1939 1602 1966 τὴν
1630 1936 1727 1963 οἰκείαν
1754 1938 1854 1973 τέχνην
1883 1939 1926 1963 καὶ

1119 1982 1235 2018 μάλιστα
1261 1983 1308 2011 τὴν
1335 1979 1383 2008 διὰ
1406 1983 1497 2019 πείρὰς
1529 1984 1723 2019 γινωσκομένην
1765 1983 1857 2018 (πάνυ
1899 1981 1926 2009 δε

1119 2026 1193 2057 οὗτος
1205 2026 1324 2062 ἠγαπᾶτο
1336 2029 1368 2063 τῇ
1389 2025 1524 2063 βασιλίδι,
1556 2026 1714 2064 ἀκτουαρίου
1743 2025 1774 2053 δε
1800 2028 1860 2064 εἶχε
1882 2037 1924 2053 τι·

1124 2071 1187 2107 μὴν)
1202 2070 1303 2097 -έπεὶ
1328 2073 1391 2107 γοῦν
1421 2070 1550 2107 ἀντέλεγιν
1580 2071 1664 2106 οὗτος,
1689 2071 1770 2103 αὐτὸς
1794 2070 1825 2098 δὲ
1852 2072 1926 2098 πλέον

1107 2114 1336 2152 ,ὶστωμυλλόμηῃ
1354 2116 1378 2141 ἄν
1407 2120 1444 2152 τῷ
1467 2116 1564 2153 μεταξύ
1589 2119 1639 2142 τῶν
1662 2116 1806 2153 λεγομένων
1835 2118 1925 2143 (mai-

239 2163 265 2190 si
276 2162 415 2190 indecore
433 2161 561 2196 fecisset,
585 2160 624 2189 ad
658 2160 870 2197 imperatorem
908 2167 1064 2194 conversa,
1084 2176 1106 2204 D
1123 2160 1206 2197 λεσέμ

1123 2160 1180 2187 λεσέ
1194 2170 1225 2197 με
1240 2161 1254 2190 ἡ
1272 2159 1378 2197 βασιλὶς
1391 2162 1488 2198 μωρὸν,
1506 2159 1562 2187 εἶτα
1574 2159 1609 2191 δὴ
1625 2161 1660 2192 ὦς
1670 2163 1717 2198 πέρ
1739 2171 1766 2187 τι
1788 2161 1820 2187 οὔ
1844 2170 1924 2199 προσ-

240 2217 255 2232 α
270 2206 443 2235 Indecenter
454 2206 556 2243 itaque
571 2205 637 2240 feci,
653 2215 668 2230 »
684 2204 733 2239 ait,
751 2215 765 2230 «
781 2203 855 2232 dum
874 2203 955 2232 hunc
980 2207 1066 2243 μωρὸν

240 2251 445 2289 nuncupavi.»
457 2252 491 2280 Et
500 2251 672 2287 imperator,
685 2259 699 2274 «
710 2250 775 2277 Non
796 2256 909 2276 novum
916 2248 989 2277 illud
995 2252 1067 2284 est,»

241 2296 339 2334 inquit
364 2304 370 2324 :
403 2307 414 2321 ι
444 2294 686 2325 adolescentulus
708 2300 841 2329 namque
863 2295 917 2322 est.
943 2304 957 2319 »
982 2293 1068 2323 Tunc

240 2341 354 2378 quippe
364 2348 447 2369 eram
462 2348 558 2368 unum
568 2341 598 2367 et
611 2337 714 2373 viginti
729 2345 826 2366 annos
841 2340 931 2366 natus
956 2347 962 2370 ς
988 2339 1068 2367 ideo-

240 2394 300 2424 que
307 2385 407 2415 similis
413 2384 575 2422 appellatio
581 2383 664 2412 haud
671 2383 689 2411 d
694 2382 847 2411 edocebat.
857 2384 890 2411 Et
896 2383 1068 2420 imperatrix

1122 2209 1186 2234 ἧκον
1212 2204 1387 2241 ἐργασαμένη,
1422 2206 1487 2242 πρὸς
1529 2206 1573 2231 τὸν
1614 2204 1727 2242 βασιλέα
1766 2207 1924 2242 στραφεῖσα,

1123 2261 1137 2275 ‹(
1153 2249 1286 2286 Ἀπρεπῶς
1301 2251 1352 2287 ἀρα
1367 2249 1489 2286 εἰρήκειν,
1503 2260 1518 2275 ι)
1550 2251 1610 2286 ἔφη,
1635 2261 1649 2275 ι(
1669 2249 1807 2277 καλέσασα
1833 2254 1924 2276 τοῦτον

1122 2296 1209 2333 μωρόν
1222 2294 1290 2331 (77).
1304 2305 1318 2320 ››
1335 2295 1410 2322 Καὶὸ
1432 2294 1568 2331 βασιλεὺς,
1601 2305 1617 2322 ‹
1638 2294 1676 2321 οὔ
1699 2297 1800 2329 καινόν,
1836 2296 1925 2333 μειραί⁸

1122 2350 1177 2366 κιον
1187 2341 1236 2377 γὰρ
1253 2340 1332 2367 ἐστιν.
1359 2350 1374 2365 n
1404 2341 1497 2367 Εἴκοσι
1519 2341 1570 2376 γὰρ
1592 2341 1638 2366 σὺν
1654 2339 1690 2366 ἑνὶ
1715 2342 1773 2367 τότε
1802 2340 1924 2377 ὑπῆρχον

1124 2384 1195 2418 ἰτῶν,
1211 2386 1256 2411 καὶ
1277 2384 1306 2410 οὐ
1333 2385 1442 2421 πάμπαν
1466 2382 1564 2421 ἀπᾴδει
1591 2386 1685 2411 τοῦτοῦ
1709 2385 1739 2411 τὸ
1768 2386 1923 2422 πρόσρημα.

275 2449 300 2468 ⁵ο
319 2447 364 2485 οὖν
378 2450 426 2479 τήν
439 2445 614 2485 Δημητριάδα
627 2444 744 2485 κάκεῖθεν
760 2447 802 2485 D.‘
831 2446 854 2485 ⁵]
878 2449 995 2485 καὶγτῷν
1023 2448 1178 2484 ποισοίμενος
1202 2447 1273 2476 add.
1306 2448 1338 2475 D.
1376 2448 1401 2465 ⁵³
1430 2450 1623 2478 Κωνσταντῖνος
1641 2447 1708 2474 ὥστε
1727 2447 1775 2484 μὶν
1791 2445 1880 2476 dam
1892 2447 1921 2474 Ι).

275 2485 300 2504 ⁸³
316 2483 402 2522 ἦπχεν
416 2499 452 2506 ——
465 2481 562 2520 usque
574 2482 612 2511 ad
624 2481 781 2519 καλούμενος
794 2482 860 2518 (col.
876 2483 945 2511 1074
961 2484 981 2510 Β
996 2485 1027 2511 16
1041 2491 1092 2512 om
1104 2481 1139 2513 υ.

684 2535 1005 2580 Theodori‘nousae
1029 2550 1063 2579 et
1086 2545 1214 2580 Leonis
1237 2545 1355 2580 Allatii
1379 2550 1481 2580 notae.

276 2610 333 2647 (75)
348 2611 469 2647 εξνήσκει.
492 2608 590 2647 illorth
609 2616 744 2643 causam,
768 2615 866 2647 quam
894 2607 942 2636 hic
977 2608 1069 2636 tacuit

243 2644 427 2682 Acropolita,
438 2646 541 2672 narrat
552 2644 699 2682 Gregoras
716 2652 747 2680 p.
762 2645 806 2682 4}.
820 2645 890 2671 ALL.

278 2679 470 2719 ’ἴθ’Σῳρονική
506 2690 538 2719 τε.
565 2682 610 2707 καὶ
636 2679 749 2719 ἁρχικῇ,
777 2679 860 2706 [rene
882 2680 910 2706 et
945 2679 1068 2707 Joannis

243 2715 487 2757 Ducrepietatem
502 2716 621 2757 aliaque
636 2715 766 2757 a'd‘pi‘os
794 2722 867 2757 usus
893 2722 985 2757 opera
1001 2723 1067 2751 pro-

245 2751 529 2792 sequitur-ﬁngeres
538 2751 663 2781 ibidem.
674 2751 711 2779 de
722 2751 779 2779 hac
790 2751 897 2779 eadem
907 2751 1068 2787 Pachyme-

245 2788 309 2816 rius
324 2788 356 2817 in
369 2788 507 2818 Historia.
518 2791 584 2816 ALL.

1159 2609 1224 2644 (77).
1241 2608 1381 2645 Ιςαλέσασα
1399 2612 1489 2635 τοῦτον
1504 2609 1715 2645 μωρὸνηΑΠηε.
1747 2607 1920 2645 Congruens,

1122 2644 1235 2672 Hister.
1251 2644 1302 2682 lib.
1318 2652 1355 2682 γη
1367 2646 1418 2671 Καὶ
1441 2645 1456 2674 ἡ
1473 2643 1582 2682 ραγτᾶρον
1601 2644 1690 2680 ἅτερον
1725 2643 1774 2670 οὐκ
1805 2643 1922 2682 ἐλάνθανε

1124 2680 1339 2723 σχέσιςλΚαίεἰς
1357 2681 1431 2717 ἔργον
1460 2679 1539 2723 etiam
1614 2679 1660 2710 τῆς
1682 2682 1792 2723 Ivem-0';
1819 2679 1922 2723 ἀπέϐαι-

1122 2725 1171 2754 νεν,
1195 2717 1323 2754 ἐνθεν-τρι
1346 2715 1393 2742 και
1413 2718 1500 2754 πωρον
1524 2715 1636 2747 καλέσας
1663 2715 1743 2742 αὐτόν
1769 2715 1920 2743 ἐπυνθάνετο

1121 2751 1212 2789 λέγων,
1223 2754 1254 2779 Τί
1267 2750 1319 2779 ὧδέ
1333 2750 1552 2787 ποιήσων’ἣκεις;
1569 2754 1635 2780 ALL.
