1970 3082
30 142 103 170 1073

801 139 963 168 ANNALES

1654 145 1722 174 1074

27 202 99 230 Ἀλλ’
117 203 133 233 ἦ
150 202 267 240 βασιλίς,
281 213 296 228 ‹‹
310 202 349 230 Οὐ
361 203 459 240 χρεὼν,
475 213 490 227 »
505 203 582 238 φησί,
595 210 609 228 ε
626 202 669 228 τὸν
682 200 805 238 φιλοσὸφο

943 203 966 230 ιι
997 200 1120 230 minime
1141 208 1220 237 opus
1240 202 1285 230 est
1310 201 1535 239 philosophicos
1568 212 1721 238 sermones

29 250 123 284 λόγους
136 249 298 286 προφέροντα
313 248 411 274 οὑτωσί
440 257 470 283 γι
502 247 748 284 προσαγορευθῆναι
771 246 833 284 παρ’

29 293 117 330 ἡμῶν.
146 303 161 318 ››
193 293 270 320 Ταῦτ’
298 291 381 327 εἶπον,
409 292 444 323 ὡς
474 291 505 318 ἂν
535 294 741 329 παραστήσαιμι
770 291 838 322 ὃπως

30 347 58 364 τε
71 337 142 367 αὐτῇ
163 337 244 374 ἐφίλει
265 338 326 369 τούς
353 337 447 374 λόγους
474 338 519 363 καὶ
533 338 594 368 τοὺς
620 336 713 372 λόγους
734 335 839 368 εἰδότας

29 383 142 414 τούτους
168 381 250 419 ἐτίμα.
279 384 396 412 Θνήσκει
420 383 476 418 μὶν,
503 383 538 413 ὡς
566 383 637 417 iam,
675 382 690 411 ἠ
733 380 838 418 βασιλὶς

29 427 112 461 αὕτη,
129 425 204 463 οἶμαι
219 425 249 454 δί
260 429 306 454 καὶ
315 428 363 457 τὴν
384 430 431 454 τοῦ
454 427 530 456 ἠλίου
563 425 677 462 ἱκλειψιν
703 427 746 452 τὸν
776 427 838 452 ταύ-

28 478 79 503 της
98 475 270 508 προσημᾶναι
297 472 417 500 θάνατον.
447 473 497 499 Καὶ
524 473 644 508 κομήτης
667 469 698 497 δε
717 472 768 508 πρὸ
786 480 837 507 μη-

28 521 81 543 νῶν
96 516 124 548 EE
133 519 193 554 περὶ
203 517 232 543 τὸ
247 518 325 553 μέρος
339 516 449 553 ἀνεφάνη
464 519 510 542 τοῦ
530 515 615 553 Βοῤῥᾶ
631 526 637 532 ι
669 514 700 545 ἦν
729 513 759 542 δὲ
783 525 837 542 πω-

27 563 139 597 γωνίας,
167 563 212 588 καὶ
239 559 364 599 διήρκεσε
382 565 467 598 μῆνας
495 564 575 596 τρεῖς,
609 560 661 596 οὐχ
703 559 739 586 ivi
765 561 836 596 τόπῳ

28 606 122 633 ἀλλ’ἔν
137 605 277 644 διαφόροις
293 608 454 643 φαινόμενος.
471 607 544 634 Μετὰ
576 605 669 642 βραχὺ
698 604 727 632 δε
754 607 799 631 καὶ
822 606 835 631 ό

28 651 189 688 Βουλγάρων
204 652 296 688 ἄρχων
323 652 403 678 Ἀσὰν
422 650 450 682 ἐξ
465 650 605 688 ἀνθρώπων
631 649 739 686 ἕγένετο,
773 648 834 688 ἀνὴρ

29 695 56 722 ἓν
73 695 221 734 βαρϐάροις
235 697 342 734 ἄριστος
358 695 397 732 [Ρ.
418 695 461 732 35]
486 695 634 731 ἀναφαίνεις,
662 694 709 721 οὐκ
737 693 761 720 έν
783 698 836 725 τοῖς

28 740 136 771 οἰκείοις
150 743 237 777 μόνον,
252 740 316 767 ἄλλὰ
328 750 357 777 γε
369 739 402 770 δὴ
417 743 462 767 καὶ
475 744 530 770 τοῖς
559 739 704 777 ἀλλοτρίοις
720 750 726 756 -
755 738 836 777 ἐχρή-

30 795 98 812 σατο
113 787 160 812 καὶ
184 787 235 822 γὰρ
264 785 502 823 φιλανθρωπότερον
531 788 586 816 τοῖς
612 785 835 821 προσερχομένοις

29 830 103 865 αὐτῷ
114 829 236 865 ἐπήλυσι,
260 832 304 856 καὶ
328 830 445 866 μάλιστα
472 832 528 860 τοῖς
551 829 699 865 Ῥωμαίοις,
726 831 772 855 καὶ
795 838 835 865 φιη

893 248 1125 283 pertractantem
1136 246 1178 275 sic
1191 255 1210 275 a
1221 246 1309 275 nobis
1325 247 1509 283 compellari.
1526 259 1541 274 ››
1562 249 1632 280 Haec
1653 253 1722 282 ideo

893 291 1000 319 effatus
1007 299 1086 325 sum,
1095 292 1353 328 utquantumipsa
1359 292 1549 322 sermonibus
1556 294 1724 326 afﬁceretur

893 337 922 363 et
935 343 1110 364 sermonum
1126 335 1269 364 similium
1285 343 1395 371 gnaros
1409 337 1581 374 honoraret,
1596 339 1722 377 eluceat,

892 380 1012 408 Moritur
1026 388 1108 416 ergo,
1119 382 1151 408 ut
1165 380 1238 414 dixi,
1250 380 1314 409 haec
1325 381 1509 418 imperatrix,
1523 383 1721 423 existimoque

892 425 952 461 96
968 425 1038 453 solis
1052 424 1200 453 detectum
1227 425 1306 454 illius
1334 428 1463 455 mortem
1491 429 1720 463 prmnuntiasse.

892 470 1015 498 Cometa
1033 469 1134 503 etiam,
1161 477 1198 497 ex
1219 477 1324 498 eorum
1350 471 1450 507 specie
1475 479 1553 508 quos
1576 472 1720 503 barbatos

891 513 1029 548 dicimus,
1044 516 1113 542 ante
1136 522 1189 542 sex
1214 522 1333 543 menses
1359 515 1391 543 in
1416 515 1569 546 Borealem
1596 518 1719 556 plagam

891 558 1219 595 apparuit,suﬂ‘ecitque
1233 567 1353 588 menses
1372 561 1430 589 tres
1444 569 1506 590 non
1520 571 1581 592 uno
1595 563 1627 592 in
1641 564 1721 592 loco-

891 603 943 631 sed
960 603 1018 631 alio
1040 606 1131 640 atque
1154 603 1212 632 alio
1239 604 1409 640 divagatus.
1438 607 1498 635 Nec
1525 607 1620 637 multo
1648 610 1718 645 past

892 647 1087 683 Bulgarorum
1102 648 1241 685 princeps
1273 650 1391 678 Asanus
1421 650 1482 679 vita
1508 653 1644 686 excessit,
1675 652 1720 682 vir

889 692 966 721 inter
979 692 1126 721 barbaros
1140 693 1283 729 optimus,
1303 702 1358 722 nec
1384 696 1513 732 propriis
1542 697 1635 726 modo
1665 697 1719 726 sed

890 737 995 766 alienis
1011 738 1100 766 etiam
1115 738 1228 774 optime
1241 746 1313 766 usus
1334 747 1340 767 :
1370 739 1580 769 humaniorem
1609 741 1719 770 etenim

889 790 959 811 cum
971 782 1095 810 advenis
1103 782 1142 811 ad
1150 790 1220 811 eum
1227 783 1483 821 concurrentibus,
1491 787 1520 814 et
1529 785 1720 821 potissimum

889 827 1042 862 Romanis,
1050 827 1159 864 quibus
1167 827 1328 862 magniﬁce
1337 828 1486 864 stipendia
1492 830 1719 866 numerabat,se

27 874 145 911 λοτὶμως
173 874 263 906 αὐτοῖς
290 878 401 912 παρεῖχε
425 875 458 901 τὰ
497 876 647 910 σιτηρέσια.
686 873 757 900 Ἐπεί
790 883 802 900 ο

941 871 1025 900 abuit.
1043 873 1082 900 Eo
1095 871 1154 900 vita
1168 871 1270 900 functo
1283 871 1465 901 Callimanus
1475 874 1540 910 ejus
1549 882 1586 903 ex
1600 876 1719 911 Ungara

28 919 112 950 αὐτὸς
140 918 276 955 ἐτεθνήκει⁷
303 920 316 945 ό
343 920 400 950 υἱός
427 919 518 953 αὐτοῦ,
535 919 562 945 ὃν
589 918 749 954 Καλλιμάνον
764 918 834 945 ὠπό-

28 964 126 1000 μαξον,
150 963 179 990 ἐκ
201 968 249 994 τῆς
277 963 301 996 ἑξ
327 963 454 1000 Οῢγγρων
476 964 560 999 τούτῳ
583 964 764 1000 γεγεννημένος
787 965 834 992 τὴν

29 1008 120 1045 ἀρχὴν
135 1007 285 1041 ἀνεδέξατο,
300 1009 350 1036 Ἦν
372 1007 402 1035 δε
425 1012 462 1044 τῷ
486 1009 595 1044 τοιούτῳ
621 1007 774 1044 Καλλιμάνῳ
788 1010 834 1035 καὶ

27 1054 252 1090 αὐτοκασιγνήτη,
272 1054 302 1084 ἧς
318 1053 433 1090 τοῦνομα
457 1054 563 1090 Θάμαρ.
592 1054 636 1080 Ἐκ
665 1051 695 1079 δὲ
717 1057 765 1084 τῆς
787 1056 833 1079 τοῦ

26 1098 157 1134 Ἄγγελον
169 1099 299 1136 θυγατρὸς
321 1102 358 1134 τῷ
373 1098 456 1125 Ἀσὰν
483 1101 553 1136 τρεῖς
579 1096 674 1128 παῖδες
701 1098 834 1133 γεγέννην-

26 1152 81 1178 ται,
101 1142 184 1181 οἶρῥην
199 1144 212 1170 ὁ
237 1143 359 1180 Μιχαὴλ,
385 1144 413 1169 αἱ
433 1142 544 1176 θήλειαι,
571 1144 603 1173 ὡς
633 1141 788 1179 εἰρήκειμεν,
815 1143 830 1171 ἡ

26 1190 117 1225 Μαρία
130 1190 176 1214 καὶ
194 1189 210 1218 ἢ
226 1187 356 1216 ¹Λννα.¹0
377 1189 422 1224 μὶν
446 1188 491 1214 οὗν
517 1187 678 1223 Καλλιμάνος
707 1189 754 1216 τήν
781 1197 832 1213 πα-

23 1235 118 1270 τρικήν
131 1231 219 1270 ἀρχὴν
235 1232 433 1269 ἇναζωσάμενος
452 1234 498 1258 καὶ
523 1233 569 1262 τὰς
588 1232 653 1268 μετὰ
680 1234 725 1257 τοῦ
752 1230 832 1267 βασι-

24 1277 87 1309 λέως
111 1277 231 1306 Ἰωάννου
260 1275 377 1307 σπονδὰς
401 1278 570 1310 ἀνενεώσατο,
595 1278 637 1302 καὶ
663 1277 735 1312 εἰχον
763 1275 832 1312 εἰρή-

24 1333 71 1352 νην
89 1321 178 1353 ἐντοῖς
189 1323 317 1353 τοιούτοις
336 1322 370 1348 τὰ
391 1322 546 1358 πράγματα.
575 1324 627 1347 Τοῦ
655 1318 685 1346 δὲ
708 1319 832 1349 Μανουὴλ

26 1371 73 1393 τοῦ
100 1365 214 1403 ἀδελφοῦ
235 1364 375 1404 Θεοδώρου
401 1365 610 1395 τετελευτηκότος
633 1367 680 1393 τὴν
722 1374 833 1401 κρατου-

28 1413 107 1448 μένην
130 1411 194 1448 παρ’
220 1411 301 1438 αὐτοῦ
324 1413 416 1448 χώραν
440 1410 453 1436 ὁ
482 1409 587 1446 ἀνεψιὸς
615 1409 695 1436 αὐτοῦ
720 1409 832 1445 Μιχαὴλ

27 1457 145 1492 κατέσχε
159 1458 205 1482 καὶ
215 1460 246 1492 τῇ
263 1455 342 1482 αὑτοῦ
368 1457 539 1493 προσήρμοσε
567 1457 663 1491 χώρᾳ·
698 1456 743 1480 καὶ
764 1451 832 1482 ἦσαν

888 915 967 944 ﬁlius
981 916 1012 944 in
1023 916 1181 944 dominatu
1200 917 1343 946 succedit.
1359 917 1526 948 Callimano
1539 927 1624 948 soror
1641 922 1717 955 arat,

888 961 937 989 cui
951 960 1090 989 Thamari
1111 968 1232 989 nomen.
1249 963 1291 990 Ex
1305 961 1367 990 ﬁlia
1379 971 1450 992 vero
1468 964 1571 999 Angeli
1596 967 1717 994 Asanus

889 1000 946 1034 ‘res
968 1005 1046 1034 ﬁlios
1082 1008 1264 1042 susceperat,
1299 1007 1452 1036 Michalem
1479 1009 1657 1045 masculum,
1683 1011 1717 1040 ut

887 1050 1030 1085 diximus,
1045 1050 1166 1079 Mariam
1189 1052 1218 1078 et
1244 1052 1364 1079 Annam
1379 1051 1517 1081 feminas.
1531 1053 1715 1084 Callimanus

887 1097 1046 1132 paternum
1065 1102 1193 1131 regnum
1205 1103 1366 1132 capessens
1377 1096 1491 1126 foedera
1512 1106 1583 1127 cum
1601 1100 1716 1130 Joanne

887 1140 1068 1176 imperatore
1082 1142 1215 1169 renovat.
1233 1141 1341 1178 Sicque
1356 1142 1477 1178 placida
1488 1143 1519 1172 in
1529 1151 1604 1180 pace
1612 1145 1716 1176 omnia

886 1185 1091 1221 quiescebant.
1135 1185 1267 1214 Manuele
1314 1194 1404 1223 porro
1441 1188 1588 1217 Theodori
1624 1188 1716 1220 fratre

887 1229 1033 1258 exstincto
1038 1230 1106 1258 loca
1112 1229 1151 1257 ab
1157 1237 1192 1258 eo
1199 1230 1321 1258 obtenta
1328 1231 1449 1259 Michael
1455 1239 1550 1269 nepos
1556 1234 1716 1270 occupavit

887 1274 1008 1310 suisque
1014 1275 1081 1310 conj
1087 1274 1179 1303 unxit.
1188 1276 1379 1312 Rursumque
1387 1276 1562 1306 Theodorus
1571 1278 1716 1316 Angelus,

887 1327 957 1347 cum
974 1318 1052 1347 ﬁlius
1078 1320 1210 1348 Joannes
1229 1320 1429 1349 Thessalonize
1456 1323 1484 1350 et
1509 1322 1718 1358 adjacentibus

886 1363 960 1391 locis
991 1363 1154 1400 imperator
1177 1364 1403 1399 acclamaretur,
1425 1368 1454 1394 et
1479 1368 1607 1402 patruus
1637 1368 1718 1397 illius

887 1409 1110 1443 Constantinus,
1126 1408 1251 1445 despota
1264 1410 1294 1437 et
1308 1409 1375 1445 ipse
1391 1410 1551 1446 vocitatus,
1581 1413 1609 1441 et
1621 1420 1717 1450 nepos

885 1452 980 1489 ipsius
990 1452 1116 1481 Michael
1128 1453 1204 1481 inter
1214 1461 1245 1481 se
1257 1461 1365 1490 pacem
1377 1455 1518 1490 agebant.

28 1499 106 1532 αὖθις
119 1500 356 1538 εἰρηνώοντεςὸτε
365 1498 648 1537 Θεόδωροςᾊγγελος,
660 1500 703 1525 τὸν
727 1499 784 1524 υἱὸν
806 1497 886 1524 αὐτοῦ
906 1497 1025 1527 Ἰωάννην
1054 1499 1122 1534 ἔχων
1146 1498 1170 1525 ἂν
1193 1498 1372 1535 Θεσσαλονίκῃ
1406 1503 1451 1526 καὶ
1478 1503 1534 1531 τοῖς
1560 1502 1618 1538 περὶ
1629 1501 1713 1532 αὐτὴν

26 1545 176 1582 βασιλικῶς
184 1545 451 1582 φημιζόμενον,καὶὁ
465 1545 531 1575 θεῖος
547 1544 627 1570 αὐτοῦ
657 1546 847 1574 Κωνσταντῖνος
871 1540 1018 1574 δεσόποτης
1038 1545 1083 1569 καὶ
1102 1543 1175 1574 οὗτος
1196 1543 1362 1580 καλούμενος,
1383 1546 1429 1570 καὶ
1458 1545 1471 1571 ὁ
1496 1544 1598 1581 ἀνεψιὸς
1628 1546 1711 1573 αὐτοῦ

26 1589 138 1626 Μιχοᾱιλ
157 1590 192 1617 ⁵⁵.

61 1633 141 1670 μ’.“ο
155 1635 201 1670 μὲν
224 1633 269 1660 οὖν
291 1632 416 1670 βασιλεύς
441 1633 572 1666 Ἰωάννης,
603 1630 693 1662 ἔπειδὴ
710 1633 723 1659 ὁ
750 1631 830 1659 Βούλ-

931 1633 965 1660 ιο.
977 1633 1142 1668 Imperator
1157 1640 1228 1668 ergo
1251 1633 1392 1669 Joannes,
1409 1634 1511 1662 Asano
1528 1633 1656 1670 Bulgaro
1670 1634 1709 1664 de

25 1689 105 1717 γαρος
130 1679 211 1705 ’ὡσὰν
226 1679 250 1696 ⁵⁵
265 1676 383 1705 ἔκποδὼν
411 1677 508 1714 ἐγένετο
527 1680 572 1704 καὶ
600 1679 735 1716 μειράκιον
762 1676 831 1714 ἦρχε

26 1728 72 1755 τῆς
100 1727 153 1750 τῶν
181 1723 344 1761 Βουλγάρων,
367 1721 457 1754 ἁδείας
482 1721 642 1759 δραξάμενος
675 1722 831 1760 ἐπεχείρησε

26 1771 72 1798 τὴν
88 1767 235 1806 βασιλικὴν
250 1767 398 1794 καταλῦσαι
412 1767 506 1797 κλῆσιν
535 1770 582 1797 τὴν
607 1767 830 1804 ἕπεφημιζομένην

25 1813 182 1849 τῷἹωάννῃ
212 1816 248 1848 τῷ
274 1813 323 1848 υἱῷ
342 1815 387 1839 τοῦ
413 1811 549 1848 Ἀγγέλου.
577 1814 628 1839 Καὶ
655 1816 755 1849 πρῶτον
778 1821 830 1848 μη‹

24 1859 138 1894 νύμασιν
167 1857 332 1883 ὑποποιείται
364 1857 408 1883 τόν
438 1856 519 1882 αὐτοῦ
555 1858 656 1894 πατέρα
682 1854 829 1893 Θεόδωρον.

25 1905 74 1929 Καὶ
89 1901 164 1932 δῆτα
175 1900 226 1932 οἶος
251 1901 345 1932 ὰεῖνος
376 1900 528 1939 ἆπροόπτως
556 1900 697 1939 ἇπιχειρων
724 1901 748 1927 ἄν
775 1904 831 1932 τοῖς

23 1949 175 1985 πράγμασι,
205 1944 288 1983 μηδέν
309 1956 336 1973 τι
362 1950 412 1973 τῶν
437 1945 642 1983 συμϐησομένων
677 1944 778 1972 ύπιδὼν
806 1946 830 1964 ⁵⁸

24 1994 204 2030 προσέρχεται
217 1994 254 2026 τῷ
274 1990 381 2028 βασιλεῖ
393 1991 510 2027 Ἰωάννῃ,
533 1992 578 2017 καὶ
602 1989 765 2027 ὑποδέχεται
784 1990 831 2017 αύ-

24 2039 65 2063 τὸν
93 2036 171 2066 οὗτος
199 2035 317 2073 ἀσμένως
343 2038 389 2062 καὶ
412 2038 546 2072 τετίμηκε,
581 2036 648 2062 θεῖόν
680 2045 708 2062 τε
738 2039 829 2062 τοῦτον

23 2080 161 2108 ἀποκαλῶν
189 2079 238 2106 κᾶν
263 2084 295 2117 τῇ
319 2079 400 2107 αὑτοῦ
425 2081 593 2116 συγκαθίζων
622 2080 738 2118 τραπέζῃ
784 2083 830 2107 καὶ

23 2131 69 2153 τῶν
90 2127 191 2153 λοιπῶν
220 2125 450 2162 φιλοφρονημάτων
476 2123 647 2162 μεταδιδούς.
694 2125 763 2152 Ἐπεὶ
799 2124 829 2153 δὲ

25 2175 115 2198 τοῦτον
128 2170 154 2197 ἄν
169 2173 259 2207 χεροῖν
274 2171 376 2207 ἴσχενό
393 2169 527 2206 βασιλεὺς,
546 2169 625 2206 ἔτυχε
650 2169 680 2197 δὲ
703 2173 747 2197 καὶ
773 2174 829 2201 ταῖς

25 2217 104 2243 αὐτοῦ
121 2214 253 2251 δυνάμεσι
280 2218 339 2246 ταῖς
367 2215 525 2251 Ῥωμαϊκαῖς
550 2216 699 2252 στράτευμα
719 2215 829 2252 ἀξιόμα-

24 2270 71 2296 χον
93 2260 238 2298 προστεθὲν
266 2258 294 2285 ἐκ
322 2259 425 2286 Σκυθῶν
453 2260 570 2294 (τούτους
599 2261 650 2296 γὰρ
683 2261 733 2297 πρὸ
764 2260 829 2298 βρα-

885 1676 986 1704 medio
1002 1676 1119 1705 sublato
1135 1679 1164 1706 et
1177 1685 1272 1714 puero
1287 1678 1348 1714 7o
1364 1678 1507 1714 Bulgaria
1531 1678 1710 1715 imperante,

885 1720 1042 1749 occasione
1068 1723 1187 1758 arrepta
1212 1721 1446 1758 appellationem
1473 1721 1711 1759 imperatoriam,

885 1773 946 1801 qua
960 1766 1090 1794 Joannes
1104 1766 1208 1802 Angeli
1220 1766 1298 1794 ﬁlius
1313 1766 1468 1802 gestiebat,
1482 1767 1592 1796 debere
1605 1767 1661 1797 sibi
1681 1767 1713 1797 in

885 1810 1500 1847 animoproponens,primumTheodorum
1509 1812 1588 1841 illius
1595 1815 1712 1850 patrem

884 1855 989 1884 nuntio
1005 1855 1162 1884 seductum
1176 1856 1233 1884 sibi
1245 1856 1394 1890 conciliat,
1410 1857 1463 1893 qui
1478 1859 1624 1894 tanquam
1642 1860 1713 1886 tunc

885 1907 988 1928 recens
1001 1908 1048 1929 res
1063 1908 1237 1936 aggressus,
1254 1901 1328 1929 nihil
1343 1909 1448 1930 eorum
1459 1910 1527 1938 quae
1540 1902 1714 1938 contingere

885 1947 1022 1981 poterant
1036 1946 1213 1982 suspicatus,
1228 1946 1268 1974 ad
1281 1947 1427 1975 Joannem
1446 1947 1659 1984 imperatorem
1679 1955 1713 1976 se

885 1989 1007 2018 confert.
1019 1992 1183 2027 Imperator
1191 1998 1260 2019 eum
1271 1991 1379 2027 excipit
1387 1991 1603 2026 lubentissime,
1616 1993 1713 2023 hono-

883 2034 968 2063 ribus
977 2034 1078 2068 aﬂlcit,
1091 2037 1293 2072 patruumque
1304 2043 1418 2064 vocans
1430 2044 1536 2065 mensa
1544 2045 1580 2065 ac
1587 2038 1710 2075 reliquis

883 2079 1078 2108 humanitatis
1089 2079 1193 2108 ofﬁciis
1206 2080 1449 2109 communicavit.
1463 2082 1624 2118 Postquam
1638 2090 1708 2112 eum

883 2124 914 2152 in
925 2126 1070 2160 potestate
1084 2124 1199 2160 habuit,
1213 2126 1242 2153 et
1259 2132 1321 2153 non
1336 2125 1575 2154 contemnendus
1590 2129 1669 2155 esset
1692 2135 1708 2156 e

884 2169 1001 2205 Scythis
1025 2168 1181 2204 exercitus,
1214 2177 1292 2206 quos
1327 2177 1389 2198 non
1411 2170 1521 2200 multos
1545 2173 1614 2200 ante
1641 2171 1706 2201 dies

883 2213 1059 2241 muneribus
1089 2214 1238 2251 variisque
1270 2214 1424 2243 beneﬂciis
1455 2215 1511 2243 sibi
1554 2216 1708 2246 devinctos

883 2260 973 2294 atque
995 2265 1031 2286 ex
1057 2259 1287 2287 immanioribus
1310 2259 1446 2288 moribus
1476 2262 1505 2288 et
1537 2261 1710 2291 Macedonia

25 2307 84 2340 χίος
96 2304 156 2340 (78)
170 2304 192 2322 ⁸⁷
208 2302 302 2342 δώροις
315 2313 343 2330 τε
361 2306 406 2330 καὶ
431 2302 570 2335 δεξιώσεσι
593 2304 752 2335 ποικίλαιςὸ

932 2305 1041 2331 tractos
1062 2303 1093 2331 in
1123 2303 1299 2332 orientalem
1324 2312 1411 2332 oram
1431 2304 1606 2342 deduxerat,
1636 2307 1709 2336 satis

27 2349 111 2381 σιλεὺς
126 2349 247 2379 Ἰωάννης
270 2349 420 2385 χειροήθεις
446 2357 473 2375 τε
491 2351 630 2378 πεποίηκεν
650 2349 676 2381 ἐξ
691 2350 714 2367 ⁵⁸
731 2349 830 2388 ἀγριω-

25 2397 96 2431 τέρου
111 2397 159 2421 τοῦ
180 2394 270 2427 ἣθονς,
297 2396 343 2420 καὶ
368 2397 415 2424 τῆς
440 2392 595 2420 Μακεδόνων
623 2393 760 2421 ἀπέσπασε
785 2397 830 2422 καὶ

25 2440 85 2475 πρὸς
100 2440 136 2465 τὰ
151 2442 198 2469 τῆς
218 2438 250 2465 ἕω
276 2438 299 2456 ⁶⁹
327 2435 466 2474 διεπέρασε
493 2438 582 2475 μέρη),
604 2439 708 2470 τούτοις
733 2439 829 2476 μᾶλλον

26 2483 172 2521 θαρῥήσας,
186 2485 230 2509 καὶ
249 2481 333 2519 μηδέν
360 2493 386 2509 τι
411 2481 495 2509 δεινὸν
518 2482 545 2509 ἐκ
569 2483 721 2522 Βουλγάρων
749 2494 829 2522 προσ-

24 2525 119 2563 δοκῶν,
138 2530 168 2554 τὸ
182 2529 227 2563 μὲν
243 2526 290 2554 διὰ
301 2529 347 2559 τὰς
361 2530 530 2564 γεγενημένας
540 2525 664 2561 σπονδὰς,
678 2530 708 2554 τὸ
731 2526 760 2555 δὲ
784 2532 830 2556 καὶ

23 2570 69 2598 διὰ
83 2574 113 2599 τὸ
127 2573 178 2599 ὑπὸ
193 2574 330 2609 μειρακίου
346 2573 380 2599 τὰ
395 2576 445 2599 τῶν
464 2572 617 2609 Βονλγάρων
642 2570 825 2609 διεξάγεσθαι,

885 2349 987 2377 animo
1002 2350 1081 2376 certo
1096 2351 1125 2377 et
1138 2349 1316 2377 conﬁrmato
1330 2349 1404 2378 nihil
1417 2349 1474 2378 sibi
1486 2350 1672 2380 incommodi
1692 2359 1711 2381 ο.

885 2393 1020 2428 Bulgaris
1036 2392 1259 2429 pertimescens,
1275 2394 1384 2430 partim
1399 2397 1521 2430 propter
1535 2397 1624 2431 pacta
1639 2404 1710 2424 cum

884 2439 927 2468 eis
942 2438 1024 2473 inita,
1040 2438 1149 2474 partim
1163 2438 1246 2474 quod
1270 2446 1317 2466 res
1341 2438 1538 2474 Bulgarorum
1571 2448 1590 2468 a
1614 2448 1710 2477 puero

883 2485 1065 2518 regerentur,
1097 2490 1130 2511 ex
1154 2482 1270 2511 Oriente
1299 2482 1429 2517 solvens,
1456 2485 1707 2521 praeternavigato

884 2527 1082 2564 Hellesponto,
1097 2535 1199 2556 secum
1214 2535 1276 2556 una
1288 2530 1316 2556 et
1331 2529 1535 2557 Romanarum
1550 2529 1708 2565 copiarum

883 2575 912 2602 et
923 2573 1101 2609 Scytharum
1116 2571 1233 2601 auxiliis
1251 2573 1381 2602 advectis
1398 2573 1543 2602 adversus
1560 2575 1708 2603 Joannem

59 2643 84 2660 ⁵⁸
97 2642 225 2684 Mat-devii)
238 2643 287 2684 p._
308 2643 436 2684 “JA-d'atx-
444 2651 506 2684 9m.
594 2644 618 2684 ιξθ
631 2646 676 2684 καὶ
696 2642 766 2684 dii-ra
779 2661 814 2666 —
828 2645 837 2672 ί

929 2643 1016 2683 η]ὁδὶ
1038 2646 1071 2674 D.
1109 2645 1131 2663 ⁵⁷
1161 2645 1211 2682 πρὸ
1236 2644 1353 2684 βραχέος
1385 2653 1446 2675 om.
1480 2647 1514 2675 Ι).
1551 2645 1575 2664 ⁸⁸
1600 2647 1707 2683 χειροή-

27 2677 75 2710 θεις
88 2681 232 2708 πεποίηκεν
242 2679 255 2705 ό
270 2677 396 2716 βασιλεὺς
409 2678 436 2711 ἇξ
447 2679 480 2707 D.
520 2679 543 2697 ⁵³
556 2681 619 2716 πρὸς
633 2683 680 2710 τὴν
693 2681 725 2708 ἔω
742 2682 774 2711 D.
794 2681 908 2710 omisso
931 2677 1014 2719 μερη.

473 2741 642 2777 Theodori
667 2743 793 2778 Dousa;
817 2748 850 2777 et
872 2743 1000 2778 Leonis
1024 2743 1143 2779 Allatii
1168 2748 1270 2778 notae.

62 2812 121 2849 (78)
136 2813 248 2844 Τούτους
261 2814 313 2852 γὰρ
326 2814 376 2852 πρὸ
389 2812 514 2852 βραχέος.
532 2815 687 2851 Gergoras,
702 2823 733 2852 ι).
748 2817 793 2851 37,
808 2815 840 2845 bl

305 2823 313 2840 ›
326 2814 376 2852 πρὸ
389 2812 514 2852 βραχέος.
532 2815 687 2851 Gergoras,
702 2823 733 2852 ρ.
748 2817 793 2851 37,
808 2815 995 2845 brevissime.
1015 2815 1083 2845 ALL.
