1970 3082
233 101 303 130 1079

873 103 1014 131 GEORGII
1034 101 1273 132 ACROPOLlT/E.

1848 105 1925 132 mo

232 161 347 190 malum
362 161 557 198 degeneraret
576 163 717 200 :potibus
732 171 874 201 namque,
885 164 1060 193 libidinibus
1075 165 1099 192 Α
1113 163 1217 191 λιλυται
1233 165 1354 202 στρατιὰ,
1372 164 1464 192 σουλτά

1125 164 1217 191 ιίλυται
1233 165 1354 202 στρατιὰ,
1372 164 1512 196 σουλτάνος
1526 164 1556 192 δὲ
1574 163 1656 203 ἦρχεν
1684 165 1770 192 αὐτῶν
1799 166 1830 192 οὗ
1849 165 1931 195 κλῆ-

232 207 436 236 monstruosis
449 208 700 244 exsecrandisque
711 209 865 237 amoribus
877 209 987 243 furens,
995 217 1060 246 per-

233 254 325 288 petuo
344 259 413 279 cum
439 251 694 281 homuncionibus
718 255 746 281 et
762 253 884 281 rationis
895 257 923 282 et
946 257 1060 282 naturte

233 296 376 324 humanae
389 296 508 332 penitus
520 297 632 332 ignaris
645 297 871 334 consuescebat,
883 298 998 335 parenti
1006 306 1061 327 suo

235 340 398 375 dissimilis,
414 341 466 377 qui
475 341 659 374 libidinibus,
672 350 734 370 non
744 342 786 371 ita
796 345 907 376 tamen,
917 343 1042 380 parebat
1053 351 1060 376 ;

234 393 328 423 quare
341 388 370 414 et
383 386 491 414 melius
521 387 760 423 progenitoribus
786 388 850 423 ipse
879 388 941 416 suis
966 388 1062 417 aciem

236 430 382 466 struebat,
409 438 480 465 erga
516 431 727 468 imperatorem
754 432 899 461 benevole
925 433 1060 461 affectus.

235 475 348 503 Verum
361 474 472 512 quibus
488 475 542 503 iste
558 475 773 510 delectabatur,
787 477 892 506 iisdem
910 478 1062 506 saturitate

235 528 299 549 non
313 520 453 549 fraudata
464 520 587 555 adjutus
602 523 647 550 est
664 531 671 554 ς
687 521 739 558 qui
759 530 829 550 cum
859 531 891 551 se
920 523 1005 552 vellet
1033 523 1063 551 in

237 572 342 600 pugna
378 565 539 593 Tacharica
564 566 700 602 experiri,
725 566 900 596 debellatur.
931 569 964 596 Et
987 575 1064 604 pene

239 609 330 638 rebus
341 609 454 638 aversis
475 609 590 645 legatos
623 610 662 638 ad
686 611 897 647 imperatorem
919 614 1064 641 Joannem

239 655 336 691 mittit,
354 655 511 684 consilium
525 656 793 692 praesentissimum
803 660 916 693 petens,
930 666 1064 695 quanam

238 700 362 729 tandem
377 700 440 736 ipse
451 701 566 729 ratione
576 701 694 730 hostem
704 703 857 738 repelleret
869 707 898 731 et
909 704 1063 740 paululum

239 752 258 773 a
270 744 358 772 matis
374 744 591 778 sublevaretur.
605 746 635 774 id
651 746 762 774 scilicet
776 747 916 775 dictitans
932 748 1066 784 utrisque

239 789 369 818 salutare
391 797 456 818 esse
495 799 501 818 :
545 791 738 820 Musulmanis
781 793 860 820 enim
887 800 906 821 a
937 793 1066 822 tacharis

1116 219 1158 241 σις
1173 210 1196 228 ⁷⁵
1208 210 1361 243 Ἰαθατίνης,
1378 211 1435 240 υἱος
1445 214 1490 236 τοῦ
1504 210 1613 237 σουλ-τάν
1640 211 1763 242 Ἀζατίνη
1785 211 1822 244 ⁷⁸,
1854 214 1930 247 er}-

1114 253 1158 286 λος
1181 254 1207 286 ἐξ
1231 254 1313 292 ἀρχὸς
1357 257 1478 291 γεγονὼς,
1513 271 1549 275 -——
1590 257 1679 286 πότοις
1718 256 1769 292 γὰρ
1828 256 1933 291 ῖχαιρε

1115 301 1160 326 καὶ
1175 298 1322 335 ἀσελγείαις
1339 302 1385 326 καὶ
1398 302 1497 330 κοίταις
1512 299 1661 331 ἀλλοκότοις
1674 309 1700 326 τε
1717 302 1763 326 καὶ
1799 299 1932 329 ἀτόποις.

1115 346 1160 370 καὶ
1187 348 1266 373 συνῆν
1294 343 1333 370 ἀεὶ
1363 343 1555 380 ἀνθρωπίσκοις
1589 344 1674 371 οὐκέτι
1703 344 1779 380 λόγον
1820 343 1935 370 ridear:

1115 387 1173 415 οὐδ’
1183 387 1346 426 ἀνθρωπίνην
1356 390 1432 425 φύσιν
1451 390 1480 415 τὸ
1510 389 1623 416 σύνολον.
1649 389 1678 415 Ὀ
1700 391 1790 426 πατὴρ
1816 387 1848 415 δί
1875 389 1937 414 «τὶ-

1115 438 1160 461 τοῡ
1173 434 1202 460 οὐ
1217 437 1333 465 τοιοῦτος
1354 432 1395 468 ἦν,
1412 433 1464 460 ἀλλ’
1481 435 1578 463 ἡττᾶτο
1593 435 1649 471 μὶν,
1678 434 1708 460 οὐ
1737 432 1846 471 σφόδρα
1875 432 1927 467 τῖε,

1116 483 1166 505 τῶν
1184 478 1332 514 ἇσιλγιιῶν,
1347 477 1390 505 διὸ
1410 481 1455 505 καὶ
1469 478 1570 515 βέλτιον
1585 483 1636 505 τῶν
1650 480 1700 516 πρὸ
1715 479 1797 505 αὐτοῦ
1823 479 1938 516 ἐστρα-

1116 526 1201 560 τήγει,
1217 526 1262 549 καὶ
1280 523 1366 560 φιλίως
1398 525 1464 560 πρὸς
1489 525 1532 550 τὸν
1559 523 1673 560 βασιλέα
1699 522 1827 552 διέκειτο.
1853 523 1934 550 Ἀλλ’

1118 569 1191 599 οὗτος
1209 568 1248 599 οἶς
1263 569 1364 605 ἔχαιρε⁹
1380 568 1520 605 πλησμίως
1542 570 1639 595 τούτων
1665 568 1788 595 ἀπώνατο
1813 569 1850 596 ⁷⁷.
1875 572 1935 595 Πε-

1117 615 1239 650 πιίραται
1262 617 1325 649 γοῦν
1349 614 1440 650 μάχης
1468 616 1623 651 Ταχαριχῆς
1651 616 1696 639 καὶ
1721 614 1849 643 ἣττηται.
1880 614 1934 640 Ἐν

1120 662 1200 693 στενῷ
1222 661 1285 693 γοῦν
1315 662 1363 684 τῶν
1392 659 1552 695 πραγμάτων
1579 656 1678 694 κομιδῆ
1705 661 1832 694 γεγονὼς,
1863 660 1935 694 πρέ-

1121 702 1191 734 σϐεις
1205 703 1229 720 ⁷⁸
1246 702 1370 738 ἐκπέμπει
1384 705 1447 739 πρὸς
1473 705 1516 729 τόν
1541 702 1655 739 βασιλέα
1688 703 1823 736 Ἰωάννην,
1855 703 1934 739 βου-

1119 747 1167 778 λῆς
1181 757 1208 773 τι
1232 746 1310 778 ἀξιῶν
1332 747 1440 785 ἀρίστης
1461 747 1489 779 ἐξ
1517 748 1597 774 αὐτοῦ
1628 752 1732 784 τυχεῖν,
1762 749 1798 779 ὡς
1828 747 1934 774 Eum-

1120 792 1240 830 τρέψοιτο
1267 793 1290 810 ⁷³
1320 794 1364 818 τὸν
1392 791 1529 819 ἀντίπαλον
1555 795 1600 818 καὶ
1629 795 1722 830 μιαρὸν
1766 794 1933 829 κουφισθείη

238 834 407 871 prostratis,
422 834 453 862 in
469 836 620 864 Romanas
643 837 777 865 civitates
802 838 900 866 aditus
928 838 1012 867 liberi
1031 847 1066 866 ac
1082 847 1101 873 Β
1120 841 1165 863 τοῦ
1194 836 1292 874 βάρους
1316 837 1396 863 αὑτοῦ
1423 838 1456 866 ³ο.

1125 841 1165 863 τοῦ
1194 836 1292 874 βάρους
1316 837 1396 863 αὑτοῦ
1423 838 1456 866 ³ο,
1496 836 1660 874 σωτηριῶδες
1703 842 1784 864 τοῦτο
1816 839 1932 874 quia“?

237 879 301 907 sine
316 879 541 915 impedimento,
554 880 636 917 quod
646 883 674 909 et
684 881 875 910 verissimum
886 885 958 917 erat,
976 883 1067 912 hosti-

238 923 306 956 bus,
315 931 384 952 cum
391 931 442 952 eos
451 924 612 961 reprimere
619 933 679 954 non
686 926 794 962 possis,
805 928 961 963 patebunt.
976 930 1064 957 Porro

238 968 402 1005 imperator
409 969 551 1003 Joannes,
560 972 661 1006 utpote
674 970 703 998 in
711 971 802 999 rebus
814 972 959 1001 similibus
972 981 1066 1009 sagax

237 1015 265 1042 et
284 1013 429 1050 prudens,
444 1013 626 1049 legationem
640 1015 736 1043 libens
746 1016 863 1052 accipit,
889 1019 918 1046 et
943 1026 1068 1046 concor-

239 1057 321 1086 diam
342 1066 410 1086 cum
423 1058 544 1087 sultauo
560 1059 756 1095 conglutinet,
773 1063 804 1088 ut
817 1062 859 1089 sic
878 1063 1068 1091 adversarios

239 1102 438 1139 repellerent:
455 1111 527 1131 nam
546 1104 592 1132 his
616 1104 736 1133 duabus
761 1105 902 1134 maximis
927 1108 1068 1143 potentiis

240 1148 420 1177 consociatis
434 1148 602 1176 verosimile
618 1149 704 1177 fuerit
713 1150 830 1178 hostem
858 1153 970 1179 metum
998 1161 1069 1181 con-

241 1192 349 1228 cipere,
367 1193 392 1221 si
404 1193 478 1220 dum
489 1195 592 1221 contra
602 1201 698 1221 unum
708 1194 897 1228 invehuntur,
909 1196 1070 1233 derepente

243 1239 349 1266 contra
363 1237 440 1265 duos
469 1245 500 1265 se
524 1245 609 1266 arma
637 1239 803 1274 sumpsisse
831 1239 1069 1276 deprehendant.

243 1283 365 1319 Propter
377 1282 442 1310 haec
456 1282 558 1318 itaque
574 1282 604 1310 in
620 1290 714 1310 unum
726 1284 785 1320 75
802 1284 910 1312 animis
921 1286 1069 1321 coaluere,

243 1327 407 1363 amboque,
423 1335 493 1354 cum
509 1327 641 1355 Joannes
655 1327 818 1364 imperator
842 1331 905 1357 tum
935 1330 1070 1360 sultanus

241 1372 416 1407 Iathatinas,
434 1371 516 1408 apud
526 1371 676 1408 Tripolim,
687 1380 780 1409 quam
792 1374 939 1402 Menander
951 1378 1069 1411 praeter-

240 1415 315 1450 ﬂuit,
346 1419 436 1452 ponte
454 1424 472 1444 a
511 1416 619 1444 sultani
646 1417 733 1445 sociis
761 1419 956 1455 extemporali
981 1420 1070 1456 lignis

241 1462 401 1495 exstructo,
416 1462 449 1488 ut
467 1459 582 1488 facilior
597 1462 820 1490 transeuntibus
834 1465 948 1499 pateret
957 1464 1067 1498 aditus,

1120 882 1260 918 τυγχάνειν
1277 882 1298 899 ⁸¹
1317 881 1409 918 ἀμφοῖν
1424 882 1493 918 (8'2)'
1515 885 1561 908 τοῦ
1579 883 1629 919 γὰρ
1658 884 1748 918 γένους
1774 887 1826 908 τῶν
1853 886 1933 909 Μῦν-υ

1122 926 1271 963 σουλμάνων
1299 928 1371 963 παρὰ
1399 931 1448 953 τῶν
1472 928 1602 964 Ταχάρων
1634 926 1800 959 ἀπολωλότος
1839 928 1938 957 iusto;

1121 971 1234 998 λείπεται
1245 975 1299 1002 τοῖς
1327 971 1450 1002 ἐναντίοις
1473 972 1488 1001 ὴ
1518 973 1584 998 κατὰ
1612 976 1662 998 τῶν
1693 972 1845 1008 Ῥωμαῖιῶν
1869 983 1937 1008 χω-

1121 1020 1173 1052 ρῶν
1195 1014 1297 1052 ἔφοδος.
1325 1018 1375 1042 Καὶ
1400 1014 1430 1045 ἦν
1456 1020 1532 1042 τοῦτο
1555 1017 1623 1043 πάνυ
1652 1026 1683 1052 γε
1708 1015 1802 1047 ἀληθές
1829 1017 1867 1034 "-
1902 1017 1936 1042 ’0

1121 1065 1184 1097 γοῦν
1199 1061 1319 1092 Ἰωάννης
1331 1061 1365 1094 ³⁸,
1379 1061 1422 1088 οἷα
1437 1063 1531 1093 ὶκείνος
1559 1059 1644 1092 δεινὸς
1671 1061 1697 1087 ἐν
1722 1065 1777 1093 τοῖς
1801 1063 1937 1092 τοιούτοις

1123 1107 1287 1143 πράγμασιν,
1302 1104 1462 1141 ἀποδέχεται
1473 1105 1515 1142 [Ρ.
1533 1105 1578 1142 38]
1605 1107 1715 1142 ἅσμενος
1737 1107 1762 1124 ⁸⁵
1790 1109 1840 1136 τὴν
1862 1116 1935 1143 πρι-

1125 1149 1213 1176 σϐείαν
1227 1153 1272 1176 καὶ
1291 1150 1325 1180 si;
1348 1151 1437 1176 ἕνωσιν
1467 1150 1595 1177 συνελθεῖν
1622 1151 1765 1188 ἠρετίσατο
1797 1155 1833 1177 τῶ
1852 1151 1936 1177 σουλε

1124 1195 1180 1229 τὰν,
1195 1195 1228 1225 ὡς
1240 1195 1270 1220 ἄν
1299 1198 1377 1221 τοῦτο
1400 1198 1455 1226 τοῖς
1483 1194 1605 1226 ἐναντίοις
1633 1195 1668 1226 εἰς
1695 1195 1851 1233 ἀποτροπὴν
1884 1197 1936 1231 γὲ-

1124 1249 1193 1265 νοιτο
1219 1250 1225 1256 ·
1254 1240 1388 1276 ἡνωμένων
1411 1240 1461 1276 γὰρ
1491 1243 1540 1265 τῶν
1564 1241 1688 1266 τοιούτων
1715 1238 1764 1266 δὺο
1794 1243 1936 1276 μεγίστων

1124 1286 1215 1320 ἀρχῶν
1236 1283 1302 1314 εἰκὸς
1333 1286 1425 1310 πτοίαν
1451 1285 1571 1320 γενέσθαι
1592 1288 1648 1316 τοῖς
1679 1284 1824 1320 πολεμίοιςΥ
1868 1287 1938 1322 πρὸς

1124 1329 1168 1355 ἕνα
1179 1330 1224 1364 μὲν
1239 1330 1334 1364 ἔχουσι
1345 1329 1387 1354 τὸν
1404 1330 1511 1361 σκοπὸν,
1527 1331 1593 1366 πρὸς
1604 1327 1652 1355 δύο
1681 1327 1712 1355 δί
1737 1328 1832 1367 ἁθρόον
1863 1330 1937 1366 εὑρι-

1127 1375 1260 1409 σκομένοις
1283 1374 1318 1400 ³⁵.
1345 1376 1395 1400 Καὶ
1418 1377 1479 1409 γοῦν
1509 1372 1548 1400 ἐπὶ
1574 1377 1629 1405 τοίς
1651 1375 1765 1404 τοιούοις
1796 1383 1936 1400 συσιευα-

1126 1418 1233 1454 σάμενοι
1257 1418 1281 1435 ⁸⁵
1307 1417 1465 1447 συνηλθίτην
1493 1420 1538 1444 καὶ
1565 1418 1652 1454 ἄμφω,
1687 1418 1700 1444 ὁ
1733 1427 1761 1444 τε
1804 1417 1936 1454 βασιλεὺς

1124 1461 1243 1492 Ἰωάννης
1268 1462 1290 1480 ⁸⁷
1314 1464 1359 1488 καὶ
1386 1463 1399 1488 ὁ
1416 1462 1525 1488 σουλτὰν
1551 1463 1705 1497 Ἰαθατίνης,
1736 1462 1760 1489 ἰν
1786 1467 1825 1499 τῷ
1857 1463 1934 1490 ἆσττι

242 1505 728 1543 semethumanissimeexcipiunt,
740 1507 847 1543 aliique
858 1507 933 1536 alios
944 1517 1069 1544 magna-
1085 1523 1106 1552 ο
1123 1510 1174 1537 τῶς
1191 1506 1344 1543 Τριπὸλιως,
1372 1508 1436 1532 ὅπου
1458 1517 1464 1532 ι

1125 1510 1174 1537 τῶς
1191 1506 1344 1543 Τριπὸλιως,
1372 1508 1436 1532 ὅπου
1458 1508 1503 1532 καὶ
1527 1507 1539 1532 ὁ
1566 1505 1716 1543 Μαίανδρος
1736 1508 1776 1545 ριῖ
1799 1517 1933 1544 ποταμος.

242 1551 286 1579 tes
306 1557 341 1578 ac
356 1557 513 1587 proceres;
525 1553 554 1579 et
565 1551 661 1587 pactis
676 1551 787 1588 quibus
802 1554 891 1580 antea
906 1552 1071 1588 obstringe-

241 1594 363 1626 bantur,
381 1595 513 1623 sanctius
533 1595 727 1629 confirmatis,
745 1598 777 1624 ut
792 1596 880 1624 simul
894 1605 955 1625 una
979 1598 1071 1626 ambo

242 1639 346 1668 hostes
357 1640 463 1676 proelio
473 1639 662 1674 lacesserent,
670 1640 917 1674 abiere,Joannes
927 1642 1071 1670 Philadel-

243 1683 350 1720 phiam
365 1686 480 1720 petens,
497 1683 635 1712 sultanus
651 1684 784 1712 Iconium
811 1685 860 1713 ubi
884 1686 966 1721 regia
993 1687 1072 1715 illius

245 1729 316 1756 erat.
335 1729 368 1755 Et
382 1730 453 1756 tunc
468 1727 592 1764 quidem
604 1730 729 1764 uterque
741 1729 901 1765 tranquilla
912 1738 986 1766 pace
997 1739 1071 1759 usus

244 1774 298 1800 est.
322 1773 397 1800 Nam
421 1773 623 1801 Tacharorum
646 1773 791 1802 exercitus
819 1775 880 1802 suis
904 1783 935 1803 se
958 1776 1071 1804 ﬁnibus

245 1816 400 1852 continuit,
414 1824 470 1845 nec
484 1817 685 1854 praescriptos,
701 1818 744 1846 uti
769 1819 863 1847 moris
892 1822 964 1856 erat,
994 1823 1072 1849 tran-

245 1862 370 1896 scendit,
382 1870 451 1890 cum
461 1862 551 1890 rebus
561 1862 732 1891 domesticis
746 1863 940 1893 incumberet.

1125 1552 1239 1589 Γέφυραν
1254 1555 1316 1587 γοῦν
1330 1551 1356 1583 ἐξ
1368 1549 1547 1587 αὐτοσχεδίου
1570 1550 1597 1577 ἐκ
1622 1551 1703 1583 ξύλων
1727 1553 1753 1578 οἱ
1775 1556 1824 1578 τοῦ
1855 1552 1933 1579 σουλ-

1125 1599 1170 1624 τὰν
1187 1597 1361 1634 ἐργασάμενοι
1371 1596 1465 1633 εὐχερῆ
1493 1600 1549 1627 τοῖς
1575 1595 1741 1633 βουλομένοις
1767 1600 1935 1627 πιποιήχασι

1125 1644 1171 1671 τὴν
1195 1640 1500 1678 περαίωσιν.’Δλλὴλους
1524 1645 1587 1677 γοῦν
1613 1642 1637 1667 οἱ
1662 1641 1743 1678 ἀρχοὶ
1768 1642 1933 1680 φιλοφρόνως

1126 1685 1325 1722 δεξιωσάμενοι,
1341 1687 1378 1712 ἔτι
1399 1684 1428 1712 δι
1443 1687 1561 1716 καὶτοὺς
1589 1685 1631 1722 ὑφ’
1659 1685 1778 1724 ἑκάτερον
1814 1687 1935 1723 ἑκάτεροι

1125 1733 1298 1769 προῦχοντας,
1327 1732 1372 1757 καὶ
1403 1731 1534 1762 συνθήκας
1557 1731 1586 1761 ἇς
1610 1733 1654 1757 καὶ
1677 1733 1728 1768 πρὸ
1765 1733 1814 1758 τόῡ
1860 1731 1934 1768 εἶχον

1125 1778 1276 1814 κρειττόνως
1293 1774 1511 1811 βεϐαιωσάμενοι,
1528 1776 1604 1806 ὡςᾶν
1635 1776 1763 1812 μάχοιντο
1791 1778 1932 1812 συνημμὲ-

1125 1830 1172 1851 νως
1198 1821 1251 1850 τοῖς
1273 1819 1398 1850 ἐναντίοις
1426 1819 1462 1855 ⁸⁸,
1490 1818 1685 1853 διελὺθησαν,ὀ
1718 1822 1762 1856 μὲν
1803 1820 1932 1857 βασιλικὰς

1128 1864 1296 1903 ὑποστρέψας
1307 1864 1340 1894 εἰς
1349 1866 1395 1893 τὴν
1407 1862 1577 1900 Φιλαδέλφου,
1592 1865 1605 1890 ὁ
1631 1863 1660 1891 δὲ
1689 1864 1799 1890 σουλτὰν
1826 1865 1863 1895 εἰς
1886 1867 1932 1893 τὴν

245 1906 381 1940 ἰχονιίων,
410 1908 470 1934 ἔνθα
494 1905 524 1936 ἦν
549 1909 594 1934 καὶ
622 1909 656 1934 τὰ
684 1907 819 1944 βασίλεια.
842 1912 906 1936 Τότε
927 1911 972 1946 μὲν
999 1912 1044 1936 καὶ
1076 1909 1101 1936 ἐν
1123 1909 1218 1946 ἀμφοῖν
1243 1911 1277 1936 τὰ
1301 1913 1348 1940 τῆς
1377 1910 1470 1945 μάχης
1495 1910 1641 1946 ἠρέμησαν.
1671 1911 1722 1936 Καὶ
1749 1911 1801 1946 γὰρ
1828 1910 1844 1939 ἡ
1883 1914 1931 1936 τῶν

245 1952 376 1989 Ταχάρων
409 1952 521 1989 στρατιὰ
557 1951 616 1978 καθ’
649 1952 745 1979 ἑαυτῶν
782 1954 861 1990 ἔμενε,
895 1956 940 1980 χαί
972 1954 1001 1981 οὗ
1025 1957 1143 1984 κεχίνητο
1172 1956 1206 1986 ὡς
1234 1953 1292 1984 ἔθος
1315 1964 1321 1970 ·

246 1997 400 2033 πράγμασιν
415 1996 450 2024 ⁸⁸.

1352 1953 1376 1979 ἐν
1405 1957 1460 1984 τοῖς
1484 1953 1579 1980 ἑαυτῶν
1611 1956 1656 1980 καὶ
1681 1955 1732 1992 γὰρ
1762 1954 1931 1990 ἠσχολοῦντο

285 2051 317 2089 πῖ
332 2061 362 2077 ου
378 2050 478 2089 ςιίλῆσις
506 2058 577 2089 om.»
600 2052 632 2079 D.
658 2052 695 2089 _"°
728 2053 782 2083 υίὸς
807 2051 944 2089 Ἀςατίνου
977 2053 1008 2080 [).
1046 2053 1069 2070 ⁷⁷
1091 2053 1104 2079 ὁ
1129 2068 1163 2073 —
1187 2052 1306 2079 ἀπώνατο
1329 2059 1391 2079 om.
1422 2053 1455 2080 D.
1476 2052 1517 2089 7"
1532 2051 1564 2089 ﬁt!
1586 2067 1621 2072 —
1648 2051 1932 2089 πρέσϐειςῙΠπρέσϐεις

249 2085 293 2132 et?»
308 2088 340 2115 D.
378 2087 403 2105 ⁷³
419 2088 452 2118 ὡς
466 2086 642 2132 ἀποτρίψαιτο
731 2089 754 2106 ⁸ο
769 2092 814 2114 τοῦ
835 2088 935 2125 βάρους
949 2089 1028 2114 αὐτοῦ
1052 2096 1112 2116 om.
1132 2090 1172 2131 ν1).
1211 2088 1231 2106 ⁸¹
1256 2089 1361 2123 φάσκων
1390 2087 1542 2124 τυγχάνιιν]
1566 2085 1697 2132 τυγχάῂν
1728 2089 1758 2115 D.
1776 2085 1810 2105 ’⁸³
1829 2085 1886 2114 ’καὶ
1900 2102 1931 2108 --

304 2124 450 2132 ,μηνη
515 2124 587 2132 .«
733 2125 860 2132 ,....
940 2126 957 2132 η
1037 2124 1085 2129 ..
1262 2125 1267 2130 ι
1417 2124 1471 2132 ιιι.
1586 2131 1591 2132 ,
1731 2124 1860 2132 ..κητ

251 2123 342 2153 ἀληθές
352 2131 413 2150 οω.
431 2124 463 2151 D.

253 2204 334 2232 φυραν
350 2210 384 2215 —-
395 2195 527 2232 ἐναντίοις]
548 2199 604 2222 εἶτα
614 2197 646 2224 D.

502 2123 602 2159 "70‘5"
616 2139 651 2144 —
665 2123 788 2160 βασιλεὺς
802 2123 920 2155 Ἰὠάννης
938 2126 970 2156 D,
982 2124 1103 2152 omissis
1116 2123 1200 2151 οἶα-
1214 2125 1376 2160 πράγμασιν.

252 2160 443 2196 εὑρισκομένοις
456 2160 561 2196 οωκυ,
601 2160 624 2177 ⁸⁵
639 2159 701 2196 γοῦν
716 2176 751 2180 -
765 2161 990 2196 συσκευασάμενοι
1003 2168 1061 2187 om.
1094 2161 1126 2188 D.
1149 2160 1188 2196 97_
1204 2161 1324 2190 Ἰωάννης
1352 2161 1379 2186 et
1407 2167 1464 2187 m0:

1149 2160 1324 2196 “fusam;
1352 2161 1379 2186 et
1407 2167 1478 2187 mox
1503 2160 1648 2190 Ἰαθατίνης
1676 2167 1737 2187 om.
1765 2159 1800 2187 D.

399 2194 527 2232 ἐναντίοις]
548 2199 604 2222 εἶτα
614 2194 647 2224 DL
686 2197 709 2214 39
723 2197 736 2222 ὁ
747 2197 792 2232 μὲν
805 2211 841 2216 —
855 2194 1007 2233 πράγμασιν
1023 2197 1157 2233 ἠρέμησαν
1174 2194 1203 2222 δὲ
1213 2197 1257 2221 χαὶ
1268 2196 1292 2221 οἱ
1302 2196 1422 2231 Τάχαροι
1436 2196 1468 2223 D.

1417 2124 1439 2140 ⁸³
1453 2123 1565 2159 οἷο-μενος
1580 2131 1640 2150 οω.
1658 2123 1692 2150 D.
1731 2124 1755 2141 ⁸³
1770 2125 1817 2150 καὶ
1838 2124 1874 2154 εἰς
1901 2138 1931 2143 ——

1840 2160 1866 2177 ιι
1896 2160 1932 2194 γέ-

710 2267 881 2301 Theodori
894 2267 1017 2301 Dousa:
1036 2272 1069 2301 et
1084 2267 1209 2301 Leonis
1229 2266 1346 2300 Allatii
1362 2269 1464 2300 notae.

251 2339 692 2376 utraqueindiripapatet,qua
706 2339 832 2367 subacta
843 2339 873 2376 in
882 2339 1075 2376 Arachosiam
1093 2340 1113 2368 D
1132 2340 1331 2376 excurrerent,
1344 2340 1371 2376 e_t
1382 2337 1497 2376 imperii
1509 2337 1671 2366 suilimites
1682 2337 1832 2376 littoribus
1843 2338 1931 2367 maris

251 2375 476 2404 etCarmaniam
484 2375 537 2403 iter
547 2377 735 2409 convertunt,
747 2375 920 2410 etgentibus
929 2375 985 2403 illis
992 2375 1076 2403 facile

250 2411 373 2439 devictis
388 2411 427 2439 ad
442 2410 600 2439 Chaldaeos
614 2410 761 2438 etArabes
777 2411 1077 2446 perveniunt.Deinde

249 2447 289 2476 ad
298 2446 477 2483 Babylonios
485 2449 514 2474 et:
519 2445 660 2483 Assyrios
672 2445 848 2483 transgressi
868 2447 1078 2483 Mesopotamia

249 2481 410 2518 occupant,
425 2484 453 2518 et
468 2481 526 2510 loci
539 2481 719 2518 amoenitate
728 2481 821 2510 allecti
830 2481 1076 2513 errores‘ﬁniunt.

248 2517 344 2547 Tertio
351 2525 432 2546 anno
441 2517 560 2546 Jaxarte
567 2517 658 2545 ﬂuvio
668 2517 790 2553 trajecto
797 2518 897 2546 Asiam
913 2518 1076 2546 inferiorem

249 2553 307 2582 sibi
323 2553 486 2589 vindicant,
499 2560 554 2580 nec
565 2555 627 2581 tum
637 2553 825 2589 quieverunt,
834 2553 885 2582 sed
899 2553 1008 2581 tribuni
1019 2554 1078 2581 alio

228 2606 231 2607 ν
249 2592 280 2618 at
305 2597 340 2617 ne
352 2589 410 2617 alio
422 2588 503 2616 missi
516 2589 619 2617 Persas
628 2588 759 2624 primum
773 2592 800 2617 et
812 2589 932 2617 Parthos
943 2591 971 2616 et
982 2589 1079 2617 Medos

251 2597 406 2653 sufbiaunt.
421 2623 529 2652 deinde
545 2625 717 2653 Armeniam
726 2625 872 2653 maiorem
884 2625 1079 2652 ascendentes

251 2623 406 2660 subigunt,
421 2623 529 2652 deinde
545 2623 717 2653 Armeniam
726 2625 872 2660 majorem
884 2625 1079 2652 ascendentes

251 2660 423 2689 Colchidem
435 2662 463 2688 et
475 2660 633 2689 ﬁnitimam
644 2661 685 2688 illi
697 2661 995 2689 lberiamexcurrunt.
1008 2662 1082 2688 Pras-

251 2695 516 2733 dia.__postmodum
527 2697 744 2730 amoenissima,
756 2699 784 2724 et
793 2695 994 2733 delicatissimi
1006 2703 1052 2732 agi
1060 2695 1080 2731 i,

253 2731 365 2766 quibus
374 2732 417 2760 illi
429 2740 619 2769 summopere
633 2732 772 2769 delectati
787 2733 866 2769 sunt,
890 2731 1013 2769 eﬂecere
1037 2735 1078 2765 ut,

256 2773 349 2802 quam
364 2768 466 2797 animo
477 2769 542 2805 jam
549 2767 766 2805 possidebant,
780 2767 882 2796 Asiam
909 2767 1080 2796 interiorem

1132 2375 1335 2403 terminarent.
1346 2373 1487 2401 Gentibus
1495 2376 1606 2406 tamen,
1613 2381 1690 2409 quas
1699 2373 1876 2408 inviserant,
1886 2381 1931 2402 an-

1132 2418 1194 2438 nua
1202 2410 1311 2446 tributa
1319 2410 1538 2446 imposuerunt,
1551 2408 1640 2446 etpro
1647 2417 1702 2436 sua
1712 2408 1837 2446 libidine
1848 2409 1929 2446 quid-

1132 2446 1177 2474 vis
1196 2446 1227 2473 id
1242 2445 1306 2474 illas
1320 2445 1495 2481 decernunt.
1509 2445 1641 2481 Tandem
1653 2445 1930 2481 Assyriorum,’Per-

1134 2489 1247 2521 sarum.
1264 2483 1293 2509 et
1315 2480 1677 2521 Qhaldieorum_moribus
1701 2480 1822 2521 exculti,
1837 2481 1930 2521 patrio

1132 2516 1265 2545 numinis
1286 2516 1367 2544 cultu
1388 2519 1560 2552 contempto
1577 2516 1615 2544 ad
1637 2523 1741 2552 eorum
1758 2516 1930 2552 religionem

1132 2553 1324 2590 inclinarunt,
1345 2551 1641 2590 illorumqueimores
1654 2554 1682 2590 et
1696 2551 1833 2580 instituta.
1846 2553 1930 2590 rebus

1133 2589 1163 2616 in
1174 2588 1317 2616 omnibus
1327 2588 1420 2616 secuti
1433 2587 1511 2615 sunt.
1530 2587 1562 2615 Hi
1573 2587 1788 2624 Musulmanos,
1799 2595 1878 2624 quos
1889 2587 1930 2616 alii

1133 2626 1243 2653 Turcas
1259 2626 1377 2657 vocant,
1390 2631 1425 2651 eo
1441 2626 1575 2659 tempore
1586 2623 1696 2659 pugnis
1712 2625 1741 2650 et
1755 2623 1930 2652 excursioni-

1134 2660 1190 2688 bUs
1201 2659 1333 2688 assiduis
1343 2659 1447 2695 acriter
1455 2658 1662 2695 hostiliterque
1669 2658 1862 2687 divexabant.
1870 2663 1928 2688 ALL.

1171 2697 1226 2730 (82)
1246 2693 1413 2733 Σωτηριώδες
1436 2699 1512 2721 τοῦτο
1533 2693 1642 2731 φάμενος
1662 2696 1806 2731 τυγχάνειν
1832 2699 1926 2733 ἀμφοῖν.

1135 2733 1279 2767 Gregoras
1292 2739 1321 2768 p.
1335 2732 1381 2760 41.
1395 2733 1462 2758 ALL.
