1970 3082
76 87 158 117 1081

835 81 1007 112 ANNLLES.

1708 86 1779 113 1082

120 149 185 186 μβ’-
217 148 279 176 Μετ’
311 148 335 166 ⁹⁰
368 147 398 174 οὑ
426 147 491 175 πολὺ
518 145 548 174 δὲ
573 148 619 173 καὶ
644 147 671 174 ὃν
698 147 891 184 προειρήκαμεν

1009 148 1027 174 ι.
1044 144 1134 173 Paulo
1147 146 1214 182 post
1228 144 1371 181 Joannes,
1387 154 1479 183 quem
1490 146 1621 175 diximus
1635 147 1674 176 ab
1684 147 1778 185 impe-

76 195 214 223 Ἰωάννην
237 195 280 220 τὸν
314 191 444 222 δεσπότην
471 194 639 229 γεγενημένον
663 193 736 229 παρὰ
767 195 813 218 τοῦ
843 190 893 227 βα-

78 239 183 270 σι)έως
197 239 307 266 Ιωάννου
326 239 356 264 τὸ
375 239 460 274 χρεὼν
485 237 590 273 εἰλήφει.
618 236 735 274 ’Υπῆρχε
767 234 798 262 δὲ
823 235 893 271 αὐτῷ

78 282 206 320 ἀδελφὸς
229 285 389 319 Δημήτριος,
434 282 459 312 ὃς
489 281 717 318 μεταστειλάμινος
755 280 893 317 πρεσϐείαν

79 329 127 359 εἰς
143 327 316 365 τὸνβασιλέα
347 331 394 354 τοῦ
421 337 448 353 τε
472 325 630 353 δεσποτικοῦ
663 326 809 362 ἀξιώματος
841 325 894 352 ἐκε-

78 373 284 410 κληρονομήκει
297 375 343 399 τοῦ
358 370 480 408 ἀδελφοῦ,
496 374 541 398 καὶ
557 370 693 401 δεσπόζειν
719 371 821 397 πάντων
845 374 895 396 τῶν

78 418 135 444 ὑπ’
178 417 271 444 ἐκεῖνον
313 418 515 453 προστέτακται.
559 415 626 442 Ἀλλ’
673 415 704 445 ἧν
741 413 816 446 οὗτος
850 414 897 441 οὐκ

80 460 197 499 ἀδελφὰ
210 465 307 499 φρονῶν
324 461 428 490 Ἰωάννη
454 465 490 496 τῷ
515 459 628 497 ἀδε).φῷ,
656 459 720 486 ἀλλὰ
746 459 831 495 πολλῷ
860 463 897 494 τῷ

78 511 179 545 μέτρῳ
205 506 350 538 διέζευκτο.
395 507 510 534 Ἐχιίνου
539 508 584 543 μὲν
626 507 676 542 γὰρ
708 505 825 541 ιύσεϐιίᾳ
852 507 898 531 καὶ

79 552 215 588 εὐλαϐείᾳ
230 554 274 578 καὶ
290 552 445 589 σωφροσύνη
475 554 616 589 χαίροντος
636 567 672 572 -
695 553 740 577 καὶ
767 551 817 586 γὰρ
847 549 898 576 ἔλε-

78 607 134 634 γον
157 598 183 623 ὀί
202 598 236 623 τὰ
253 596 334 622 αὐτοῦ
354 594 450 627 εἰδότες
478 599 514 633 μὴ
553 596 582 622 ἂν
619 605 681 623 ποτε
712 594 898 630 ἀπολειφθῆναι

80 640 227 678 μηδεμιᾶς
237 642 338 678 ἡμέρας
356 644 402 668 τοῦ
422 642 495 672 ἔτους
513 645 560 667 τοῦ
583 643 620 677 μὴ
650 644 699 671 τῆς
733 640 803 670 θείας
832 639 897 676 ἱερο-

80 686 228 717 τελιστίας
246 686 474 724 ἐπακροάσασθαι,
494 686 517 712 εἰ
553 688 588 722 μή
616 696 657 716 τις
689 685 782 712 ἐκώλυε
810 687 897 716 νόσος.

82 735 228 768 Προσιῖχε
243 729 273 757 δὲ
284 733 448 767 παννυχίσιν
474 731 575 767 εὐχαῖς,
609 733 653 757 καὶ
679 732 725 762 τὰς
747 731 805 757 καθ’
830 730 898 767 ὥραν

82 774 230 813 ὑμνῳδίαις
255 776 387 813 ὁσημέραι
420 774 532 812 ἐπλήρου
560 775 660 812 nec.“
687 775 717 802 δὲ
742 778 787 802 καὶ
811 773 898 804 διηνε-

947 192 1046 228 ratore
1057 191 1170 218 Joanne
1183 190 1341 227 despotam
1352 191 1615 228 factum,spiritum
1631 193 1777 227 exhausit,

947 226 1097 271 fraterque
1107 235 1186 263 illius
1203 226 1366 263 Demetrius
1379 236 1485 272 legatis
1495 226 1540 265 ad
1566 237 1778 273 imperatorem

948 280 1063 313 missis,
1077 282 1110 308 ut
1122 280 1295 316 indespotae
1315 280 1460 316 dignitate
1488 281 1572 309 fratri
1604 282 1775 310 succederet

949 325 1113 361 omniaque
1126 325 1203 353 illius
1215 325 1271 353 sibi
1284 326 1340 353 sub
1348 328 1495 363 potestate
1502 326 1675 360 vindicaret,
1683 326 1778 363 impe-

949 370 1047 398 travit.
1059 371 1166 398 Verum
1185 370 1234 398 hic
1247 378 1308 399 non
1320 371 1411 399 modo
1420 371 1529 399 Joanni
1539 371 1621 399 fratri
1631 379 1692 400 non
1704 379 1780 400 exse-

950 417 1061 451 quatus
1071 416 1125 449 est,
1138 415 1192 443 sed
1202 415 1293 451 longo
1305 415 1461 444 intervallo
1475 416 1513 444 ab
1524 424 1559 444 eo
1576 416 1778 452 degeneravit,

950 460 998 488 ille
1012 460 1173 496 siquidem,
1188 469 1258 488 cum
1288 461 1406 497 pietate,
1433 462 1576 496 religione
1595 464 1624 489 et
1646 462 1779 490 castitate

952 513 1070 533 summe
1085 505 1281 534 delectaretur
1291 507 1334 542 (ut
1344 506 1424 534 enim
1439 506 1480 534 illi
1495 506 1546 542 qui
1557 507 1670 540 optime
1681 507 1778 535 virum

952 552 1100 578 noverant
1113 549 1290 583 referebant,
1319 550 1402 579 nullo
1426 550 1450 578 is
1463 558 1599 587 unquam
1615 551 1686 579 anni
1701 551 1748 579 die
1762 560 1780 580 a

953 602 1039 622 sacro
1054 594 1205 622 audiendo
1225 594 1283 622 nisi
1303 595 1383 623 mala
1396 595 1565 623 valetudine
1580 596 1639 631 76
1667 596 1779 624 discru-

953 638 1047 667 ciatus
1062 639 1225 674 abstinuit),
1248 639 1387 675 precibus
1412 640 1452 668 ad
1477 641 1570 668 Deum
1590 640 1780 668 eﬂundendis

947 686 1098 720 .perpetuo
1108 684 1312 720 pernoctabat,
1324 684 1488 721 laudesque
1499 685 1616 713 divinas
1624 685 1710 713 certis
1721 685 1780 713 diei

953 728 1034 756 horis
1050 728 1196 764 ascriptas
1209 729 1341 764 quotidie
1357 729 1527 757 celebrabat
1541 738 1549 765 ;
1561 729 1698 765 quinimo
1708 736 1777 758 con-

953 774 1036 800 tinuo
1045 781 1112 801 cum
1124 774 1268 801 Nazaraeis
1278 773 1464 807 versabatur,
1476 774 1655 810 volebatque
1667 781 1778 810 quam-

83 825 146 852 κῶς
159 820 332 857 Ναξηραίοις,
350 822 395 847 καὶ
409 819 440 849 ἧν
456 820 526 856 αὐτῷ
548 819 594 847 διὰ
617 819 824 857 σπουδάσματος
858 820 898 850 ὃτι

1009 817 1078 845 time
1094 818 1158 846 vitae
1174 818 1312 846 solitariae
1328 818 1452 846 nomina
1465 819 1536 846 dare
1556 820 1585 846 et
1603 821 1777 847 manantem

84 866 218 893 πλείστου
233 869 279 891 τοῦ
295 867 423 902 μονήρους
439 865 500 901 βίου
516 869 607 901 τυχεῖν
633 868 678 892 καὶ
712 869 760 896 τῆς
786 865 898 892 ἐντεῦθεν

85 912 213 946 ἡσυχίας
226 910 250 936 ἰν
277 912 356 947 πείρᾳ
369 911 499 946 γινέσθαι,
533 912 548 939 ἦ
577 910 625 936 κᾶν
664 910 813 947 ποοσφιλῶς
839 909 897 937 δια-

84 956 199 982 κεῖσθαι
208 958 262 985 τοῖς
275 955 356 986 οὕτως
372 955 492 990 ἔχουσιν,
509 954 542 981 Ὀ
558 954 587 981 δὲ
609 953 721 991 ἀδελφός
749 958 898 992 Δημήτριος

86 999 118 1031 ἕξ
132 999 251 1031 ἐναντίας
263 997 321 1036 εἶχε
352 1003 398 1026 τοῦ
426 1001 533 1037 τρόπου,
563 1002 714 1037 Μιιρακίοις
742 1001 793 1037 γὰρ
826 999 896 1026 ἀϐελ-

84 1047 177 1081 τέροις
191 1044 292 1079 ὡμίλει,
305 1047 350 1070 καὶ
371 1045 470 1074 τούτοις
499 1054 527 1071 τι
548 1044 659 1071 πλεῖστα
682 1046 826 1074 συνήσθιτο
853 1048 897 1072 καὶ

86 1093 148 1120 τοῖς
169 1087 336 1125 ἀφροδισίοις
350 1089 486 1124 ἠσέλγαινε
499 1091 544 1115 καὶ
557 1091 629 1126 παρὰ
642 1093 702 1121 ταῖς
739 1090 789 1116 ὑπὸ
817 1090 896 1126 ζυγὸν

87 1133 192 1170 ἕφόίτα,
220 1133 288 1160 ὥστε
340 1134 404 1160 ποτὲ
432 1135 477 1159 καὶ
512 1135 662 1170 σύμπτωμα
692 1133 786 1164 συνέϐη
813 1137 896 1171 τούτῳ

89 1177 188 1205 δεινὸν·
205 1178 296 1215 ἐκγὰρ
320 1179 342 1196 ⁹¹
370 1176 478 1214 θυρίδος
505 1182 551 1205 τοῦ
578 1177 674 1215 ἀνδρὸς
697 1183 744 1210 τῆς
769 1190 895 1216 μοιχευο-

88 1226 172 1259 μένης
189 1223 282 1260 ἀθρόον
305 1224 328 1244 ⁵3
358 1223 545 1254 ἐπεισελθόντος
572 1223 712 1260 βουληθεὶς
736 1223 893 1262 ἀποδρᾶναι,

89 1269 125 1299 ὡς
145 1268 173 1299 ἐξ
186 1267 353 1304 ὗπερυψήλου
372 1271 418 1294 τοῦ
436 1270 516 1294 τόπου
540 1268 564 1285 9⁸
587 1271 683 1302 πεσὼν,
716 1270 758 1295 τὸν
786 1269 895 1305 γλουτὸν

90 1313 206 1348 ἐπλήγη,
241 1313 328 1342 ἱκανὰς
363 1311 392 1339 δὲ
421 1313 520 1349 ἡμέρας
542 1312 707 1345 νοσηλευθεὶς
746 1314 806 1343 ἰάθη
837 1316 894 1350 μὲν,

90 1358 226 1389 ὑπέσκαζε
251 1355 281 1383 δὲ
307 1361 357 1383 τῶν
385 1355 473 1384 ποδῶν
499 1358 604 1395 θάτερον
630 1361 676 1384 καὶ
703 1358 750 1384 οὐκ
772 1358 895 1395 ἔϐημάτι-

93 1404 136 1434 ζεν
149 1401 252 1438 ὁμαλῶς
265 1402 300 1429 9‘.
317 1401 386 1428 Ἀλλ’
410 1400 485 1433 οὗτος
514 1402 561 1428 οὐκ
590 1402 625 1433 εἰς
652 1404 754 1440 μακρὰν
777 1403 896 1430 ἀπώνατο

951 861 1021 889 inde
1032 862 1276 898 tranquillitatem
1285 863 1421 898 experiri,
1432 862 1480 890 vel
1492 863 1597 891 saltem
1610 863 1777 892 sicatfecto-

951 914 1019 934 rum
1031 907 1213 935 amicissimo
1224 908 1405 935 commercio
1415 908 1504 936 uti.At
1515 908 1605 936 frater
1612 908 1778 936 Demetrius

951 951 982 978 in
994 951 1130 979 fraternae
1148 951 1213 979 vitae
1232 952 1379 980 contraria
1393 952 1492 980 studia
1504 953 1688 984 trahebatur,
1709 954 1777 980 tan-

951 1004 1044 1032 quam
1055 996 1106 1032 qui
1118 996 1233 1024 stolidis
1244 996 1472 1024 adolescentulis
1483 999 1698 1030 consuesceret,
1711 996 1777 1033 qui-

950 1040 1007 1068 bus
1016 1041 1205 1077 potissimum
1216 1042 1377 1077 gaudebat,
1389 1045 1417 1070 et
1432 1042 1524 1070 dediti
1543 1042 1678 1078 corporis
1691 1041 1777 1070 obse-

951 1086 1023 1121 quio
1047 1086 1223 1120 vinceretur,
1251 1086 1424 1123 alienasque
1453 1086 1631 1123 permoleret
1657 1094 1775 1115 uxores.

951 1130 1024 1158 Hinc
1032 1130 1195 1166 aliquando
1202 1138 1262 1158 non
1269 1131 1419 1159 mediocre
1433 1131 1629 1159 infortunium
1642 1130 1756 1159 invenit
1768 1140 1775 1165 ;

949 1183 1022 1203 nam
1037 1184 1105 1203 cum
1119 1178 1320 1212 constuprataa
1331 1177 1463 1204 mulieris
1478 1176 1522 1204 vir
1532 1184 1586 1212 per
1615 1175 1777 1204 fenestram

950 1228 984 1248 ex
996 1221 1159 1257 improviso
1168 1221 1294 1249 domum
1302 1223 1381 1250 esset
1391 1221 1555 1257 ingressus,
1572 1221 1620 1249 ille
1634 1221 1706 1256 fuga
1721 1217 1778 1250 sibi

950 1267 1111 1294 consulens
1122 1267 1181 1294 alto
1191 1274 1227 1294 ex
1238 1266 1304 1294 loco
1311 1267 1512 1303 praecipitatus
1522 1266 1642 1294 clunem
1651 1267 1738 1300 laesit,
1750 1269 1779 1296 et

950 1320 1019 1339 cum
1033 1312 1084 1339 diu
1093 1313 1276 1346 mgrolasset,
1287 1314 1411 1339 sanatus
1422 1312 1544 1347 quidem
1553 1314 1609 1347 est,
1624 1312 1675 1340 sed
1685 1312 1777 1341 altero

951 1356 1026 1391 pede
1042 1356 1214 1384 claudicans
1228 1364 1289 1384 non
1305 1359 1384 1384 recta
1401 1357 1566 1384 incedebat.
1582 1359 1617 1385 At
1638 1357 1686 1385 hic
1715 1364 1777 1385 non

951 1400 1079 1428 multum
1090 1400 1216 1436 imperio
1233 1400 1343 1436 potitus
1350 1403 1405 1428 est.
1417 1402 1490 1428 Nam
1502 1401 1634 1430 Joannes
1646 1401 1777 1438 impera-

91 1451 141 1478 τῆς
168 1446 268 1482 ἀρχῆς.
295 1446 336 1482 [Ρ.
368 1446 414 1482 39]
445 1446 474 1472 Ὀ
497 1447 548 1484 γὰρ
574 1446 697 1483 βασιλεὺς
723 1448 844 1479 Ἰωάννης
872 1449 895 1467 ⁸⁵

1009 1447 1078 1472 tunc
1107 1445 1251 1480 temporis
1275 1445 1434 1473 occasione
1461 1449 1588 1481 arrepta,
1624 1446 1718 1482 quod,
1745 1448 1778 1474 ut

92 1489 188 1521 ἀδείας
207 1489 369 1527 δραξάμενος
395 1494 432 1527 τῷ
452 1493 509 1518 τότε
537 1492 561 1509 ⁸⁸
587 1495 690 1528 καιροῦ,
721 1493 833 1530 ἐπείπερ,
863 1494 896 1524 ὡς

92 1537 199 1572 ἓφημεν,
213 1537 241 1561 τὸ
261 1545 311 1562 των
334 1538 475 1573 Ταχαρίων
501 1537 574 1572 ’γένος
611 1536 777 1572 ἐνησχολεῖτο
804 1538 898 1574 ἑτέροις

91 1582 189 1616 ῑθνεσι,
206 1579 350 1607 καταλιπὸν
376 1583 423 1610 τὴν
451 1590 518 1618 προς
545 1584 591 1607 τοῦ
621 1581 730 1608 σουλτάν
755 1586 802 1609 τοῦ
829 1583 897 1610 Ἰκο-

90 1627 148 1652 νίου
163 1626 257 1662 μάχην
272 1627 320 1661 (τῷ
334 1626 385 1662 γὰρ
406 1625 559 1662 Βαϐυλωνίῳ
583 1628 628 1652 καὶ
655 1630 711 1658 τοῖς
734 1627 809 1664 πέριξ
837 1629 897 1654 τού-

91 1680 138 1697 του
172 1671 207 1696 τὰ
238 1674 287 1701 τῆς
318 1671 411 1706 μάχης
444 1669 547 1706 ἐπῆγεν,
586 1672 612 1697 ὅν
641 1671 759 1708 Χαλιφᾶν
790 1672 898 1699 εἰώθασι

91 1715 178 1741 ιαλεῖν
203 1715 237 1741 τὰ
273 1719 323 1741 τῶν
363 1714 574 1751 Μουσουλμάνων
597 1715 686 1752 φῦλα),
725 1717 814 1753 θέρους
829 1717 898 1754 ὥρας

91 1761 232 1796 γινομένης
277 1757 477 1797 διαπεραιοῦται
514 1761 557 1786 τόν
593 1760 791 1798 Ἑλλήσποντονι
816 1771 897 1788 κατα-

92 1804 174 1830 λιπὼν
190 1804 225 1834 ιίς
240 1806 287 1834 τὴν
301 1804 333 1830 ἕω
349 1806 392 1830 τόν
423 1805 479 1830 υἱὸν
507 1803 587 1831 αυτοῦ
621 1804 767 1843 Θεόδωρον.
799 1806 898 1843 Ἔτυχε

93 1851 139 1885 μὲν
153 1850 204 1885 πρὸ
220 1852 313 1886 καιροῦ
336 1850 379 1875 τὸν
408 1849 578 1887 πατριάρχην
617 1852 745 1886 Γιρμανόν
776 1851 808 1876 τὰ
833 1850 898 1880 τῆδε

94 1893 272 1920 καταλιποντα
290 1894 353 1930 πρὸς
373 1894 421 1924 τὰς
446 1894 513 1923 θείας
543 1893 642 1931 ἀπᾶραι
676 1895 785 1929 σκηνὰς,
813 1896 898 1928 καλῶς

94 1940 139 1964 καὶ
164 1938 242 1968 ὁσίως
271 1937 408 1974 βιώσαντα
428 1941 473 1964 καὶ
497 1937 582 1968 καλῶς
620 1941 665 1968 τὴν
697 1939 778 1966 αὐτοῦ
801 1941 898 1977 ποιμά-

95 1992 175 2009 ναντα
189 1982 311 2018 ποίμνην·
324 1981 420 2018 ἐγένετο
445 1981 475 2009 δὲ
506 1982 562 2019 μετ’
589 1983 666 2009 αὐτόν
694 1983 826 2015 Μεθόδιός
858 1995 898 2017 τις

95 2027 252 2064 καλούμενος
281 2029 407 2063 μοναχὸς,
447 2028 591 2064 ἡγούμενος
616 2028 650 2053 ὦν
683 2032 728 2058 τῆς
755 2030 823 2055 κατὰ
848 2032 897 2056 Νί-

95 2082 171 2098 καιαν
204 2071 338 2098 Ὑακίνθου
377 2075 466 2108 μονῆς,
499 2071 564 2106 ἀνὴρ
598 2072 688 2109 αὐχῶν
723 2075 769 2110 μὲν
801 2072 897 2100 εἰδέναι

94 2116 186 2149 πολλὰ,
204 2116 295 2152 ὀλίγων
316 2114 346 2143 δί
367 2115 435 2152 ἰδρις
459 2117 502 2144 ὡν.
535 2116 606 2144 Ἀλλ’
640 2117 714 2148 οὗτος
747 2122 815 2155 τρεῖς
852 2122 896 2145 καὶ

951 1489 1092 1523 diximus,
1119 1489 1200 1517 natio
1238 1490 1439 1517 Tacharorum
1486 1498 1556 1517 cum
1590 1490 1656 1518 aliis
1680 1490 1776 1519 natio-

951 1534 1040 1562 nibus
1068 1533 1277 1569 contendebat,
1319 1542 1388 1561 cum
1426 1533 1543 1562 sultauo
1567 1542 1671 1571 pugna
1694 1537 1778 1571 post-

952 1580 1059 1615 posita,
1087 1579 1211 1615 quando
1253 1578 1443 1614 Babylonico,
1474 1587 1565 1615 quem
1599 1579 1777 1607 Musulmani

953 1624 1108 1660 Calipham
1137 1624 1232 1651 solent
1265 1623 1425 1659 appellare,
1475 1625 1502 1651 et
1550 1623 1592 1651 illi
1631 1623 1777 1659 proximis

952 1669 1064 1696 bellum
1089 1668 1216 1702 inferret,
1251 1667 1371 1696 ineunte
1416 1669 1517 1696 aestate
1552 1667 1777 1704 Hellespontum

951 1716 1049 1742 tranat
1065 1713 1127 1741 ﬁlio
1143 1721 1199 1741 suo
1213 1713 1368 1741 Theodoro
1388 1713 1444 1748 ’17
1467 1713 1497 1740 in
1528 1713 1643 1741 Oriente
1662 1713 1775 1742 relicto.

952 1760 1026 1786 Ante
1039 1758 1102 1786 haec
1118 1761 1174 1786 tem
1179 1766 1253 1794 pora
1267 1759 1432 1786 Germanus
1443 1757 1613 1794 patriarcha
1623 1757 1712 1786 rebus
1721 1760 1776 1786 ter-

952 1803 1031 1831 renis
1046 1803 1176 1831 dimissis
1195 1803 1226 1830 in
1241 1803 1398 1830 beatorum
1414 1803 1499 1830 sedes
1516 1804 1669 1838 avocatur,
1694 1805 1776 1839 post-

952 1855 1046 1884 quam
1071 1848 1164 1884 probe
1197 1850 1360 1883 sancteque
1387 1847 1519 1880 vixisset,
1534 1847 1688 1884 probeque
1705 1855 1775 1876 suas

952 1901 1023 1921 oves
1037 1893 1179 1928 pavisset.
1190 1894 1257 1920 Post
1266 1900 1336 1920 eum
1349 1892 1515 1920 monachus
1526 1892 1652 1928 quidam
1669 1893 1777 1921 Metho-

952 1938 1020 1966 dfus
1030 1937 1163 1970 nomine,
1185 1937 1353 1973 Hyacinthi,
1369 1936 1451 1973 quod
1470 1936 1575 1965 Nicmaa
1590 1939 1645 1972 est,
1670 1945 1776 1966 mona-

953 1983 1029 2011 sterii
1040 1989 1160 2019 praeses,
1175 1981 1220 2009 vir
1229 1981 1352 2017 quidem
1361 1981 1440 2009 dicto
1453 1989 1507 2009 suo
1520 1983 1605 2009 tenus
1622 1984 1728 2010 cautus
1741 1989 1777 2010 ac

953 2028 1084 2063 sapiens,
1101 2034 1203 2054 revera
1216 2028 1315 2054 tamen
1331 2034 1498 2062 paucorum
1519 2026 1626 2061 sciens,
1642 2029 1700 2054 tres
1714 2029 1777 2055 tan—

951 2075 1014 2101 tum
1030 2079 1149 2100 menses
1161 2071 1269 2099 throno
1282 2071 1393 2106 potitus
1407 2071 1490 2106 obiit,
1509 2073 1536 2098 et
1550 2070 1677 2098 Ecclesia
1687 2070 1777 2099 vidua

951 2109 1091 2154 pontifice
1103 2125 1157 2144 suo
1167 2116 1296 2143 carebat.
1307 2117 1380 2144 Cum
1390 2116 1605 2144 enimloannes
1616 2115 1777 2152 imperator

94 2164 189 2198 μόνους
222 2165 305 2197 μῆνας
344 2161 526 2191 ὶπαπολαύσας
558 2165 603 2187 τοῦ
636 2163 727 2199 θρόνου
751 2163 896 2192 τετελεύτη-

1009 2162 1039 2189 iis
1059 2161 1252 2198 expediendis
1262 2168 1323 2188 non
1339 2163 1415 2188 esset
1428 2161 1594 2188 admodum
1607 2163 1774 2197 promptus,

130 2207 155 2224 9°
169 2206 275 2242 Mn’rf
284 2214 381 2242 usque
391 2206 429 2234 ad
441 2206 578 2242 ἡσεἊγαινε
593 2207 627 2242 (R
641 2207 668 2242 ’7)
685 2207 714 2233 Ὀ
735 2206 764 2234 δὴ
779 2208 894 2238 Ἰωάννης
910 2209 922 2235 ὁ
936 2207 1065 2242 Ἀγγελος
1079 2209 1091 2232 ὁ
1107 2205 1239 2237 δεσπότης
1254 2206 1448 2236 Θεσσαλονίκης
1464 2207 1492 2232 τὸ

131 2218 155 2224 σν
171 2218 223 2233 um
241 2218 381 2242 —usquu
391 2218 429 2234 au
441 2218 578 2242 ησεΛΊαινε
593 2218 627 2242 μί
646 2218 668 2242 ι)
694 2218 714 2233 υ
735 2218 764 2234 σι
786 2218 894 2238 ιωαννης
910 2219 922 2235 ο
949 2218 990 2242 A7

96 2252 136 2270 σε.
162 2244 213 2268 Καὶ
229 2240 337 2278 ἀδελφὸς
353 2242 433 2268 αὐτοῦ
446 2245 537 2278 Δημήτ
557 2252 592 2273 ιος
606 2242 709 2279 πέμψας
729 2245 758 2269 τό
773 2241 930 2271 δεσποτικὸν
945 2243 972 2270 ix
988 2218 1008 2279 ἔ

96 2278 160 2304 ὥστε
172 2293 207 2298 —
219 2277 246 2303 ἐκ
260 2277 323 2304 ’γὰοἸ
339 2278 367 2304 ὃς
382 2277 408 2304 ἐκ
423 2279 454 2304 D.
471 2279 494 2295 9‘
511 2252 604 2304 ὰθίόον
619 2286 683 2304 om.
699 2280 731 2304 Ι).
746 2279 769 2297 9³
784 2280 818 2304 ὡς
829 2295 864 2300 -
875 2279 968 2304 τὸπουἸ
983 2289 1008 2304 χι

544 2281 604 2314 ρόον
619 2277 683 2316 oin)
746 2279 769 2297 93
784 2280 818 2309 ὡς
829 2295 864 2300 -
875 2282 904 2306 τὸ

1009 2282 1027 2305 ιὶ
1044 2281 1076 2306 D.
1090 2279 1112 2296 9"
1129 2281 1173 2304 καὶ
1188 2277 1222 2298 4—
1233 2277 1332 2314 ὁμαλῶς
1352 2278 1465 2316 09].Ἰ).Δ
1478 2278 1501 2295 9⁵
1516 2278 1635 2309 Ἰωάννης
1660 2286 1729 2316 orn._
1742 2279 1775 2306 D.

95 2278 160 2304 ὥστε
172 2293 207 2298 —
219 2277 246 2303 ἐκ
260 2277 323 2314 γὰρ]
339 2278 367 2308 ὃς
382 2277 408 2304 ἐκ
423 2279 454 2306 D.
471 2277 494 2295 ⁵³
511 2277 527 2303 ὰ

1536 2208 1599 2244 Ρετὲἓῖθ
1613 2205 1776 2244 ἐλειτουργητ

1009 2243 1116 2283 acilia);
1143 2243 1243 2283 εἰλήφει
1256 2242 1367 2283 ἀξίωμα.
1387 2242 1500 2283 Ἐ’γῗδεῖξ
1564 2241 1660 2283 ξξωλης
1689 2241 1775 2283 θ’ζ-ξί

95 2314 119 2331 ⁹⁶
134 2317 170 2339 τῶ
185 2316 243 2340 τότε
256 2312 398 2349 é'ﬂsque
408 2314 448 2341 ad
470 2315 498 2340 τὸ
515 2312 643 2350 ποίμνιον]
659 2315 725 2350 (col.
741 2316 808 2342 1082
822 2317 842 2342 Α
857 2315 883 2351 8)
897 2320 941 2342 τοῦ
956 2312 1123 2351 πατριάρχου
1138 2312 1267 2350 Γερμανοῡ
1280 2318 1316 2339 τῶ
1331 2312 1396 2343 τῆδε
1412 2312 1568 2374 ἀπάραντος,
1585 2316 1630 2340 καὶ
1642 2312 1775 2341 Μεθοδίου

96 2350 150 2374 tam
166 2351 245 2374 τινὸς.
262 2353 390 2374 ιιοναγοῠ.
405 2350 549 2374 ᾖινουιιενου
564 2353 611 2374 τῆς
625 2349 769 2374 ’Υακίνθου.
784 2353 1043 2374 πατοιαηνεύσίιντοε
1055 2353 1100 2374 καὶ
1126 2352 1189 2374 am.
1208 2353 1274 2374 τοεῐς
1299 2353 1382 2374 μῆνας
1405 2358 1460 2374 τετε
1478 2358 1626 2374 ευτηχοτος.
1651 2352 1696 2374 καὶ
1718 2352 1775 2374 τότε

96 2350 150 2384 (83)
166 2351 245 2393 τινὸς,
261 2349 611 2393 μοναχρῠζὴγουμξνὶουντῆς
625 2349 770 2385 ’Ῡακίνθουν
784 2349 1043 2389 πατριάρχεύσαντος
1055 2349 1100 2376 διαὶ
1124 2349 1189 2386 μετὰ
1208 2353 1274 2385 τρεῖς
1298 2353 1382 2385 μῆνας
1405 2349 1626 2384 τετελευτηχοτος,
1651 2352 1696 2376 καὶ
1718 2352 1776 2376 τότε

97 2386 264 2423 χηρευοὺσης
286 2389 332 2417 τῆς
345 2385 487 2417 ἐκκλησὶας
500 2387 531 2413 D.

541 2439 713 2474 Theodori
737 2440 863 2474 Dousa;
888 2445 921 2474 et
944 2439 1070 2474 Leonis
1095 2438 1211 2472 Allatii
1237 2442 1337 2472 notae.

133 2511 189 2551 (83)
204 2514 274 2552 *Τοῦ
291 2511 473 2552 ,πατριάρχου
499 2513 635 2552 ,Γερμανιοιξ
673 2513 719 2552 καὶ
752 2510 894 2552 Ῑῇςθοδίουῖ

100 2547 191 2575 Etiam
201 2546 376 2582 Onuphrius
384 2546 579 2574 Panviniusin
596 2547 744 2575 Chronico
758 2548 896 2576 Germani

99 2583 277 2619 patriarchae
292 2590 496 2610 successorem
508 2582 576 2610 facit
587 2583 768 2610 Methodium
778 2583 835 2611 hoc
844 2592 897 2612 no-

101 2618 177 2646 mine
186 2619 217 2646 ll.
229 2618 565 2655 NicephorusGregoras
576 2621 687 2652 tamen,
695 2619 746 2646 lib.
772 2627 812 2655 ιιι,
824 2627 895 2655 cap.

102 2657 110 2682 1
123 2657 149 2682 et
156 2653 368 2688 '2,Germanum
374 2653 517 2681 habuisse
523 2661 732 2682 successorum
740 2653 896 2682 scribitKr-

101 2690 214 2718 senium
223 2689 416 2723 monachum,
424 2689 614 2725 illumipsum
620 2692 704 2725 puto,
712 2690 798 2725 cujus
806 2691 892 2725 Logo-

101 2726 178 2754 theta
188 2725 266 2754 intra
272 2724 612 2754 meminitetManuclem
623 2724 783 2754 'Arsenium
796 2724 894 2758 vocat,

101 2761 274 2791 monachum
284 2761 442 2799 Apollonia
456 2761 639 2796 accersitum,
646 2769 768 2798 unoque
777 2761 825 2790 die
833 2761 895 2791 dia-

951 2519 1072 2546 conum,
1086 2509 1272 2538 sacerdotem
1281 2517 1316 2537 ac
1335 2509 1538 2545 patriarcham
1551 2508 1673 2546 factum.
1694 2507 1776 2536 Idem

950 2548 981 2576 in
993 2543 1101 2575 Notitia
1119 2543 1374 2582 patriarcharum,
1386 2547 1533 2582 quantum
1554 2543 1691 2582 colligere
1701 2551 1775 2582 pos-

951 2591 1017 2620 sum
1037 2579 1169 2620 (nam'ea
1184 2584 1251 2617 post
1262 2579 1426 2620 Manuelein
1440 2579 1664 2620 Charitopulum
1681 2579 1776 2620 philo-

952 2616 1081 2654 sophum
1089 2616 1193 2646 lacera,
1202 2619 1246 2654 est
1258 2620 1284 2654 et
1299 2617 1484 2654 interrupta),
1495 2616 1636 2654 Arsenius
1645 2616 1777 2654 Autoria-

950 2651 1007 2682 nu‘s
1023 2654 1200 2690 appellatur.
1216 2653 1295 2680 Sedit
1316 2651 1532 2690 Germanus_in
1547 2652 1667 2690 _throno
1690 2651 1777 2687 juxta

951 2687 1138 2726 Onuphrium
1154 2697 1250 2717 annos
1265 2691 1294 2716 17
1307 2696 1425 2726 menses
1438 2690 1464 2715 6.
1476 2687 1633 2723 Catalogus
1649 2696 1707 2726 ms.
1724 2694 1777 2726 pa:

950 2723 1148 2754 triar'charum
1169 2733 1186 2753 a
1202 2726 1335 2754 Gretsero
1346 2724 1451 2753 citatus
1474 2731 1571 2752 annos
1596 2725 1714 2754 tantum
1743 2723 1775 2754 t7

949 2761 1051 2790 habet.
1074 2763 1179 2789 Dousa.

972 2763 1051 2790 abet.
1074 2763 1179 2789 Dousa.
