1970 3082
241 99 307 128 1071

918 90 1060 121 GEORGII
1077 90 1306 119 ACROPOLITE

1872 92 1938 119 1072

238 160 395 190 Theodora
418 160 447 188 et
473 156 677 187 Constantino.
703 157 778 184 Nam
789 155 1011 188 Constantinus,
1032 156 1065 182 ut
1080 154 1104 182 A
1120 152 1209 180 κάχεῖθ

1126 152 1236 180 ιάκεῖθεν
1251 153 1275 170 ⁵ο
1288 155 1341 183 τοῖς
1360 154 1406 189 μὶν
1439 157 1489 180 τῶν
1516 154 1616 181 οἰκείων
1634 159 1748 192 γραφαῖς
1778 156 1830 184 τὴν
1858 154 1941 180 αὐτοῦ

238 206 380 239 diximus,
391 203 598 240 despota,quaa
607 199 1064 235 commemoravimus,domina—

239 251 340 285 batur,
351 248 525 278 Theodorus
539 248 604 275 erat
617 245 750 279 Joannis,
770 245 823 282 qui
845 244 1065 273 Thessalonicae

240 294 478 328 acclamabatur,
504 294 598 329 pater.
627 293 701 320 Cum
727 291 946 323 convenissent.
972 290 1064 319 ambo

237 341 344 370 fratres
354 337 481 368 Manueli
489 337 617 366 suadent
626 338 658 364 ut
665 335 852 364 conditiones
861 337 889 363 et
899 335 1062 372 pactiones,

236 393 314 423 quas
324 392 394 414 cum
405 384 585 420 imperatore
601 381 718 410 Joanne
736 380 850 416 inierat,
865 380 1063 417 perturbaret.

237 430 288 459 Ille
311 429 416 458 volens
430 427 549 456 nolens.
570 428 603 455 ut
617 425 670 463 qui
683 424 880 454 interfuerant
911 427 940 453 et
963 433 1064 453 rerum

237 475 348 504 harum
354 473 441 511 periti
449 471 635 501 asserebant.
645 469 772 499 consilio
783 477 888 498 eorum
903 470 1062 506 acquievit;

237 519 370 556 indeque
402 517 478 546 inter
501 524 554 545 eos
578 515 708 544 amicitia
734 522 770 543 ac
793 514 992 543 familiaritate
1019 515 1064 543 in-

239 563 419 595 tercedente,
441 561 546 591 divisis
572 559 699 589 urbibus
727 560 869 594 contenti,
891 567 961 588 cum
989 560 1064 588 Lati-

239 609 296 642 nis,
307 607 405 645 quiin
420 607 528 643 Euripo
541 607 631 642 atque
641 604 824 642 Peioponeso
839 607 932 640 erant,
952 605 1064 634 foedere

237 653 455 690 jungebantur.

1118 198 1309 236 παρασημάνας
1332 196 1434 233 ἔφοδον,
1463 201 1521 230 τοὺς
1549 197 1579 226 δὲ
1607 199 1750 231 ὐποϐέλξας
1778 203 1847 230 ταῖς
1876 199 1940 224 ὑπο-

1120 253 1255 287 σχέσεσιν,
1281 251 1310 278 οὐ
1333 249 1379 277 διὰ
1403 251 1502 278 πολλῶν
1536 253 1702 289 συνηθροίκει
1744 255 1810 289 περὶ
1861 252 1942 278 αὐτοι

1120 296 1281 332 στράτευμα,
1323 293 1384 332 ἦρξέ
1408 305 1435 322 τε
1462 296 1604 334 φαρσεὶλων
1631 298 1676 322 καὶ
1702 298 1860 333 Λαρίσσης
1900 299 1942 321 καὶ

1119 340 1292 377 Πλαταμῶνος
1313 343 1358 367 καὶ
1384 345 1434 367 τῶν
1457 343 1516 378 περὶ
1544 345 1638 369 ταῦτα.
1662 339 1725 367 Εἶτα
1752 339 1785 367 δὲ
1815 339 1943 371 σπονδὰς

1117 387 1292 422 ποιησάμενος
1306 386 1327 403 ⁵⁸
1348 385 1458 415 συνῆλθε
1472 387 1564 413 τούτου
1596 390 1649 417 τοῖς
1669 384 1808 422 ἀδελφοῖς,
1846 390 1892 420 τῷ
1916 395 1940 411 τε

1119 432 1305 465 Κωνσταντίνῳ
1330 432 1375 456 καὶ
1392 428 1531 468 Θεοδώρῳ⁶
1561 431 1575 457 ὁ
1597 432 1642 467 μεν
1674 431 1725 467 γὰρ
1763 433 1943 456 Κωνστει-ιτῐι

1117 484 1160 505 νος
1175 472 1306 505 δεσπότης
1322 474 1355 508 ⁵³,
1373 475 1407 505 ὡς
1425 475 1531 511 ἔφημεν,
1564 479 1598 501 ῶν
1624 473 1706 512 ἦρχεν
1737 475 1763 492 ⁵³
1799 474 1838 500 ὧν
1871 474 1942 511 εἰρέ-

1118 529 1203 556 κειμεν
1217 520 1345 556 ἅρχειν,ὀ
1361 517 1391 546 δε
1405 518 1540 557 Θεόδωρος
1566 517 1598 549 ἦν
1621 520 1634 546 ὁ
1663 523 1709 546 τοῦ
1741 519 1938 556 γημιζομέιον

1118 563 1142 590 ἓν
1156 564 1335 601 Θεσσαλονίκη
1347 564 1465 591 Ἰωάννου
1483 567 1581 601 πατήρ.
1613 564 1683 591 Ἐπεὶ
1709 562 1740 590 δε
1771 566 1845 600 συνῄ
1851 573 1936 597 rem"

1118 609 1238 635 πείθουσι
1264 610 1309 634 καὶ
1336 609 1413 645 ἄμφω
1436 610 1472 635 τὼ
1499 607 1601 645 ἀδελφὼ
1630 611 1674 635 τόν
1703 608 1838 637 Μανονήλ
1886 612 1935 634 τῶν

1119 651 1240 679 σπονδῶν
1262 652 1385 682 ἐκστῆναι
1405 657 1454 680 τῶν
1479 655 1542 691 πρὸς
1574 655 1614 680 εὸν
1641 652 1756 689 βασιλέα
1787 653 1931 682 Ἰωάννην·

236 701 266 726 “Ο
277 696 307 725 δε
321 698 385 725 έκῶν
396 697 488 730 ἀέκων,
507 697 539 727 ὡς
556 696 667 732 ἔφασκον
678 696 704 722 οἱ
716 696 913 732 παρατυχόντες
927 698 973 722 καὶ
983 699 1043 734 περὶ
1057 701 1107 724 τῶν
1121 699 1243 724 τοιούτων
1257 696 1379 732 εἰδόντες,
1406 699 1544 735 συνῄνεσεν
1556 698 1642 724 αὐτῶν
1666 701 1720 729 τοῖς
1746 697 1933 734 βουλεύμασι,

237 747 265 771 Ρ·
284 744 330 779 34)
344 744 390 769 καὶ
402 743 432 769 τὸ
448 740 498 768 ἀπὸ
513 739 592 767 τοῦδε
601 741 723 777 ὑπῆρχον
739 737 933 776 συνδεδεμένοι,
947 744 1006 772 ταῖς
1026 751 1157 779 σφετεραις
1171 745 1275 778 χώραις
1288 745 1345 772 ταῖς
1356 751 1557 779 μεμερισμεναις
1570 742 1660 773 αὐτοῖς
1688 741 1864 780 ἀρκούμενοι,
1891 744 1935 768 καὶ

237 788 303 825 μετὰ
317 791 367 814 τῶν
377 786 402 813 ἰν
421 786 594 822 Πελοπονήσῳ
603 787 648 812 καὶ
668 785 773 823 Εὐρίπῳ
788 786 906 811 Λατίνων
921 785 1066 822 συμϐάσεις
1081 787 1183 823 ἔχοντες
1199 786 1341 824 ιίρηνιχάς.

273 834 318 861 39.
332 833 390 861 Nec
406 831 460 860 diu
473 833 542 868 post
554 829 680 863 Manuel,
709 837 779 857 cum
800 832 970 866 pactorum,
996 839 1066 867 quas
1086 832 1106 859 Β
1158 830 1204 858 λοί-

1158 830 1204 858 λθί·
1222 831 1261 858 Οὐ
1276 831 1355 862 πολὺς
1371 831 1504 870 παρερῥύη
1518 834 1625 870 χρόνος,
1646 835 1692 859 καὶ
1713 833 1726 859 ὁ
1753 832 1886 862 Μανουὴλ
1909 831 1934 863 ἐξ

237 885 307 907 cum
315 877 496 913 imperatore
506 877 620 904 Joanne
626 874 791 911 pepigerat,
800 874 969 903 violationis
979 875 1067 912 prius

237 930 309 952 eum
337 921 536 959 paenituisset,
559 928 595 949 ex
624 919 783 948 hominum
818 919 879 948 vita
914 919 1066 955 migravit.

236 966 414 1004 lmperatrix
427 966 517 995 etiam
533 966 627 998 Irene,
639 964 746 993 mulier
755 963 889 1000 prudens
915 972 950 992 ae
975 964 1068 1000 digna

237 1011 375 1049 imperio,
391 1010 581 1047 multumque
598 1008 751 1044 dignitatis
774 1017 810 1036 ac
834 1008 1067 1044 magniﬁcentiae

237 1065 301 1094 prae
317 1065 349 1085 se
360 1056 468 1091 ferens,
483 1063 520 1083 ex
534 1054 591 1082 hac
601 1053 692 1082 turba
705 1055 735 1081 et
747 1052 916 1081 colluvione
939 1053 1069 1082 decessit

239 1103 280 1130 Ea
292 1100 483 1130 sermonibus
497 1098 702 1127 delectabatur
712 1099 740 1126 et
748 1097 919 1133 sapientum
928 1105 1068 1133 congres-

240 1146 334 1180 sibus,
356 1153 434 1182 quos
460 1143 583 1172 maximi
611 1141 748 1178 faciebat,
772 1149 835 1170 non
864 1142 928 1170 sine
955 1142 1067 1178 gaudio

241 1189 425 1224 attendebat,
437 1190 471 1217 ut
481 1188 550 1216 hinc
561 1186 719 1215 manifeste
727 1185 901 1222 percipitur.
916 1188 992 1215 Nam
1000 1195 1069 1215 cum

242 1234 288 1263 sol
300 1241 444 1263 cancrum
455 1239 621 1269 peragrans
633 1231 757 1259 meridie
767 1230 933 1266 defecisset,
946 1231 1070 1268 ipseque

241 1286 314 1308 casu
332 1278 364 1307 in
397 1285 524 1314 regnem
561 1276 754 1305 accessissem
790 1276 850 1312 68
885 1276 962 1312 (loca
998 1284 1071 1306 vero

241 1323 421 1360 Periclystra
426 1322 506 1350 dicta
514 1322 676 1358 imperator
684 1328 753 1349 cum
763 1320 951 1357 imperatrice
962 1321 1072 1350 incole-

240 1368 315 1404 bat),
331 1367 466 1396 defectus
482 1373 608 1396 causam
623 1374 642 1394 ο,
665 1373 714 1394 me
738 1366 888 1402 poposcit.
914 1367 980 1402 ipse
1006 1368 1070 1395 tum

241 1413 374 1450 primum
388 1412 576 1450 philosophe
592 1411 711 1440 arcanis
725 1418 744 1439 a
759 1410 893 1447 sapiente
905 1411 1071 1440 Biemmida

238 1458 373 1487 imbutus
387 1458 525 1486 accurate
539 1464 604 1485 rem
618 1463 681 1484 non
695 1457 832 1492 poteram
847 1455 1006 1492 explicare,
1033 1463 1070 1484 ex

1123 876 1264 913 ἀνθρώπων
1287 876 1394 913 έγένετο,
1430 876 1579 913 μεταμελος,
1599 877 1636 908 ὡς
1660 876 1759 913 ἔλεγον,
1790 881 1845 903 τῶν
1881 887 1934 903 xa-

1122 920 1258 959 ραϐοίσιων
1286 925 1338 947 τῶν
1363 922 1429 958 πρὸς
1453 923 1497 948 τόν
1520 920 1633 958 βασιλέα
1668 923 1816 958 γενόμενος.
1860 925 1931 950 Θνή-

1124 975 1181 992 σκιι
1193 965 1250 1001 (75)
1264 963 1294 992 δι
1306 966 1376 994 καὶὴ
1400 965 1508 1002 βασιλὶς
1529 965 1636 1002 Εἰρήνη,
1669 968 1735 1002 γυνὴ
1763 969 1935 1003 σωφρονικὴ-

1123 1019 1150 1036 τε
1164 1012 1208 1036 καὶ
1220 1008 1320 1047 ἀρχικὴ
1336 1010 1390 1046 (76)
1406 1012 1451 1036 καὶ
1470 1010 1536 1036 πολὺ
1558 1012 1587 1036 τό
1613 1010 1748 1047 μεγαλεῖον
1780 1009 1935 1037 ἐπιδεικνυ-

1123 1056 1185 1091 μένη
1199 1055 1228 1080 τὸ
1245 1053 1389 1091 βασίλειον.
1406 1054 1517 1092 ’Ἐχαιρε
1533 1053 1562 1081 δι
1586 1057 1631 1081 καὶ
1656 1054 1745 1091 λόγοις
1770 1058 1818 1081 καὶ
1845 1059 1933 1092 σοφῶν

1126 1099 1240 1136 ἠκροᾶτο
1259 1099 1316 1135 μεθ’
1344 1097 1453 1132 ἡδονῆς,
1479 1099 1573 1136 Ἐτίμα
1601 1098 1631 1126 δι
1657 1101 1768 1131 τούτους
1798 1099 1931 1138 ὑπερϐαλ-

1123 1143 1229 1179 λόντως,
1245 1145 1277 1174 ὡς
1292 1145 1363 1170 iam
1378 1143 1406 1170 ὶκ
1429 1146 1522 1171 τούτου
1551 1148 1658 1181 γνῶναι.
1687 1147 1738 1171 Καὶ
1765 1146 1816 1181 γὰρ
1853 1144 1932 1172 ἐκλεί-

1124 1188 1190 1225 ψεως
1204 1190 1340 1225 γενομένης
1364 1188 1440 1218 ἡλίου
1472 1191 1514 1215 εόν
1542 1191 1663 1226 καρκίνον
1692 1187 1859 1220 διοδεύοντος
1873 1192 1931 1227 περὶ

1125 1233 1300 1271 μεσημϐρίαν,
1328 1233 1429 1272 ἐπείπερ
1456 1233 1534 1265 αὐτὸς
1561 1234 1628 1260 οὕτω
1659 1233 1762 1271 συμϐάν
1809 1234 1835 1261 ὶν
1877 1239 1932 1266 τοῖς

1126 1277 1269 1315 βασιλείοις
1287 1277 1401 1308 ἀπῆλθον
1435 1277 1590 1314 (ἕσκηνοῦτο
1615 1277 1645 1305 δε
1662 1282 1721 1317 περὶ
1747 1282 1807 1310 τοὺς
1829 1282 1932 1311 τόπους

1125 1322 1170 1354 οὓς
1188 1323 1349 1359 ὀνομάζουσι
1366 1323 1546 1361 Περίκλυστρα
1560 1325 1607 1350 σὺν
1627 1327 1659 1360 τῇ
1675 1321 1800 1360 βασιλίδι
1815 1325 1827 1350 ὁ
1851 1323 1933 1361 βασι-

1125 1367 1204 1403 λεὺς),
1225 1368 1345 1405 ἡρώτηκί
1367 1377 1399 1405 με
1424 1370 1471 1398 τὴν
1499 1372 1548 1400 τῆς
1570 1367 1706 1404 ἐκλείψεως
1739 1369 1836 1397 αἰτίαν.
1880 1372 1929 1396 Καὶ

1125 1412 1202 1443 αὐτὸς
1313 1412 1427 1450 ἑαριϐῶς
1465 1413 1512 1439 οὐκ
1559 1413 1631 1450 εἰχον
1669 1414 1742 1452 (ἄρτι
1788 1416 1834 1441 χαὶ
1878 1416 1929 1450 γὰρ

1125 1460 1175 1483 τῶν
1186 1461 1233 1488 τῆς
1243 1456 1395 1493 φιλοσοφίας
1416 1457 1526 1494 ἡψάμην
1550 1458 1644 1495 ὀργίων
1677 1460 1749 1496 παρὰ
1774 1463 1822 1485 τοῦ
1847 1462 1927 1495 σοφοῦ

244 1503 424 1540 memetipso
436 1505 547 1536 tamen,
562 1501 646 1538 quod
660 1508 714 1537 par
727 1502 799 1534 erat,
810 1500 975 1529 decernens
990 1500 1070 1529 lunas
1090 1508 1110 1537 ο
1125 1501 1210 1538 Βλεμμ

1126 1500 1272 1538 Βλεμμίδου
1297 1500 1496 1538 διδασκόμενος)
1524 1503 1594 1539 ὅμως
1625 1504 1713 1539 μέντοι
1749 1503 1814 1541 παρ’
1850 1503 1928 1530 αὐτοῦ

243 1548 503 1585 interpositionem
532 1546 704 1575 adumbrati
727 1545 799 1574 solis
839 1553 966 1574 causam
1004 1553 1071 1574 esse

243 1593 376 1628 enuntio,
391 1593 546 1629 viderique
559 1590 654 1620 solem
666 1590 794 1619 deﬁcere
812 1598 843 1619 re
865 1598 935 1619 vera
957 1590 1071 1619 lumine

244 1646 307 1668 non
313 1638 487 1676 spoliatum,
501 1636 554 1665 sed
560 1636 659 1673 potius
670 1635 747 1664 lunae
753 1635 902 1664 defectum
909 1643 985 1671 esse,
997 1635 1071 1664 dum

244 1683 276 1712 in
295 1682 440 1711 umbram
451 1684 536 1710 terra;
547 1680 660 1714 incidit,
671 1679 921 1716 quandoquidem
935 1680 985 1708 illa
999 1679 1071 1708 solis

246 1727 404 1764 splendore
419 1726 563 1755 renideat.
585 1725 643 1753 Sed
667 1732 737 1752 cum
770 1724 865 1752 oratio
893 1725 924 1752 in
946 1724 1072 1760 longum

245 1771 477 1808 protraheretur,
490 1770 570 1798 dicta
586 1768 740 1797 refellebat
763 1768 901 1797 Nicolaus
925 1769 1071 1803 medicus,

245 1815 292 1845 vir
304 1815 476 1845 nullatenus
488 1814 520 1842 in
541 1813 714 1850 philosopia
739 1815 886 1847 versatus,
917 1816 979 1842 arte
1001 1821 1071 1842 vero

244 1868 340 1898 quam
349 1860 413 1897 ipse
432 1858 629 1896 proﬁtebatur
641 1857 778 1893 eximius,
804 1860 833 1886 et
853 1866 889 1887 ea
921 1859 1072 1895 praecipue

244 1913 312 1941 quae
319 1903 501 1941 experientia
507 1902 1072 1939 comparetur,imperatrieisummopere

245 1949 365 1983 charus,
397 1951 426 1978 et
449 1947 603 1978 actuarius
627 1947 780 1983 dignitate.
811 1948 884 1976 Cum
897 1947 944 1976 ille
970 1948 1071 1985 itaque

244 1995 420 2031 opponeret,
433 1993 498 2030 ipse
521 2000 594 2021 vero
626 1992 725 2028 magis
748 2000 784 2021 ac
811 1993 909 2028 magis
934 1992 1072 2028 garrulus

244 2038 439 2072 biaterarem,
467 2038 544 2066 inter
571 2037 780 2066 disserendum
809 2045 857 2065 me
897 2037 1072 2074 imperatrix

245 2085 332 2122 μωρὸν
342 2084 429 2120 quasi
444 2091 573 2120 puerum
591 2082 790 2119 compellavit;
815 2082 1012 2119 postmodum
1037 2091 1072 2112 ac

1125 1550 1161 1582 τῷ
1176 1548 1234 1573 τότε
1249 1547 1308 1573 ὅσον
1322 1544 1352 1576 ἦν
1372 1546 1442 1578 εἰκὸς
1460 1546 1580 1583 ἕπιγνοὺς
1606 1549 1653 1577 τήν
1682 1550 1710 1574 τί
1737 1551 1783 1578 τῆς
1816 1548 1928 1579 σελήνης

1125 1590 1320 1629 ἓπιπρόσθησιν
1349 1591 1436 1618 αἰτίαν
1463 1596 1511 1623 τῆς
1534 1593 1708 1623 ἑπισκιάσεως
1733 1592 1820 1629 ἔλεγον
1853 1591 1927 1626 εἶναι,

1125 1638 1171 1662 καὶ
1187 1634 1272 1662 δοκεῖν
1295 1637 1340 1672 μεν
1373 1635 1496 1662 ὶκλείπειν
1524 1638 1568 1663 τὸν
1597 1635 1680 1671 ἣλιον,
1707 1637 1755 1664 οὐκ
1787 1636 1875 1667 ἀληθῆ
1902 1636 1929 1664 οἳ

1127 1681 1191 1707 εἶναι
1215 1683 1262 1710 τὴν
1272 1684 1319 1712 τῆς
1341 1681 1441 1717 φάσεως
1469 1683 1600 1718 στέρησιν,
1632 1681 1727 1718 μᾶλλον
1740 1683 1828 1718 μέντοι
1853 1682 1928 1708 τοῦτο

1125 1727 1173 1755 τὴν
1188 1725 1297 1755 σελήνην
1310 1726 1438 1762 πάσχειν,
1459 1725 1521 1752 ἐπὰν
1541 1730 1578 1762 τῷ
1601 1727 1749 1763 σκιάσματι
1776 1726 1877 1764 ἰμπέσῃ
1891 1731 1927 1762 τῷ

1125 1774 1174 1801 τῆς
1187 1774 1246 1806 γῆς,
1262 1769 1310 1797 διὰ
1323 1772 1353 1797 τὸ
1369 1769 1396 1801 ἐξ
1408 1770 1483 1800 ἡλίου
1499 1772 1527 1797 τὸ
1545 1772 1639 1807 φέγγος
1663 1771 1766 1807 αὐχεῖν,
1799 1771 1870 1798 Ἐπεὶ
1898 1770 1928 1798 δε

1126 1814 1228 1851 ὁλόγος
1250 1815 1292 1841 ἐπὶ
1314 1817 1443 1852 μήκιστον
1473 1817 1645 1852 παρετείνεν-ο,
1674 1815 1791 1852 ἀντέλεγε
1818 1814 1849 1843 δε
1876 1821 1928 1847 τοῖς

1125 1859 1271 1896 λεγομενοις
1286 1860 1299 1886 ὁ
1317 1860 1555 1898 ἰατρόςΝικόλαος,
1568 1859 1632 1898 ἀνὴρ
1659 1862 1758 1890 ἣκιστα
1785 1862 1830 1897 μὲν
1856 1861 1925 1897 φιλο-

1126 1907 1217 1941 σοφίας
1236 1907 1389 1942 μετασχὼν,
1411 1905 1491 1943 ἄκρος
1505 1903 1536 1932 δε
1561 1907 1608 1935 τὴν
1637 1906 1733 1932 οἰκείαν
1760 1907 1856 1942 τέχνην
1882 1908 1927 1932 καὶ

1125 1950 1242 1987 μάλιστα
1268 1952 1315 1979 τὴν
1342 1948 1390 1976 διὰ
1413 1952 1504 1987 mea:
1536 1953 1729 1988 γινωσκομένην
1771 1951 1858 1987 (πάνυ
1897 1950 1926 1978 δε

1126 1995 1199 2026 οὗτος
1211 1995 1331 2031 ἠγαπᾶτο
1343 1998 1374 2031 τῇ
1396 1993 1531 2031 βασιλίδι,
1562 1994 1720 2033 ἁκτουαρίον
1749 1994 1780 2022 δι
1804 1996 1860 2032 εἶχε
1880 2006 1924 2022 τι-

1131 2040 1193 2076 μὴν)
1209 2055 1243 2060 --
1257 2039 1310 2066 ἐπεὶ
1335 2043 1398 2076 γοῦν
1428 2039 1557 2076 ἀντέλεγεν
1586 2040 1670 2074 οὗτος,
1696 2040 1775 2071 αὐτὸς
1798 2039 1827 2067 δῖ
1852 2041 1925 2067 πλέον

1113 2083 1343 2121 ⁷έστιιιιμιυλλιόμιην,
1360 2085 1385 2110 ἓν
1413 2088 1450 2120 τῷ
1473 2085 1570 2121 μεταξύ
1595 2088 1646 2111 τῶν
1669 2085 1809 2122 λεγομένων
1836 2087 1923 2112 rma?

246 2129 272 2157 si
283 2129 423 2157 indecore
441 2127 568 2163 fecisset,
592 2127 631 2156 ad
664 2127 877 2164 imperatorem
914 2135 1070 2162 conversa,
1091 2144 1113 2172 ο
1129 2128 1212 2165 λεσέρ

1129 2128 1187 2155 λεσέ
1200 2138 1232 2165 με
1246 2129 1260 2158 ἡ
1279 2127 1385 2165 βασιλὶς
1398 2131 1495 2167 μωρὸν,
1513 2127 1568 2156 εἶτα
1580 2127 1614 2159 δὴ
1631 2130 1667 2161 ὦς
1677 2131 1724 2167 πέρ
1745 2139 1772 2156 τι
1793 2129 1822 2156 οὐ
1845 2139 1923 2168 προσ-

247 2184 263 2199 α
277 2172 451 2201 lndecenter
461 2172 563 2209 itaque
577 2172 643 2207 feci,
660 2182 675 2197 ››
690 2172 739 2207 ait,
757 2182 772 2197 ‹‹
787 2171 862 2200 dum
880 2171 962 2200 hunc
986 2175 1073 2211 μωρὸν

247 2216 431 2255 nuncupavi.
439 2228 453 2243 ››
464 2218 498 2246 Et
506 2217 679 2254 imperator,
692 2227 705 2241 «
717 2217 781 2244 Non
802 2216 1073 2252 novumiliudest,»

247 2261 347 2299 inquit
371 2270 378 2290 :
410 2273 421 2287 ι
451 2261 692 2291 adolescentulus
714 2268 847 2297 namque
869 2263 924 2290 est.
949 2272 963 2286 »
989 2261 1074 2291 Tunc

247 2307 361 2344 quippe
370 2315 453 2336 eram
469 2315 564 2335 unum
574 2308 603 2335 et
617 2305 720 2341 viginti
735 2313 832 2334 annos
847 2308 937 2334 natus
962 2315 968 2337 ;
994 2306 1075 2335 ideo-

247 2359 308 2390 que
314 2351 413 2381 similis
419 2352 581 2389 appellatio
587 2350 669 2380 haud
677 2350 853 2379 dedecebat.
863 2351 896 2379 Et
902 2351 1075 2388 imperatrix

1129 2177 1192 2203 ἥκον
1218 2172 1394 2210 ἐργασαμένη,
1428 2175 1493 2211 πρὸς
1536 2175 1580 2200 τόν
1620 2172 1733 2210 βασιλέα
1771 2175 1922 2211 στραφεῖσα,

1130 2229 1144 2243 α
1160 2218 1292 2254 Ἀπρεπῶς
1306 2219 1358 2255 ἀρα
1374 2218 1495 2255 εἰρήκειν,
1509 2229 1524 2243 ν)
1556 2219 1616 2255 ἔφη,
1641 2229 1655 2243 ‹‹
1676 2218 1810 2246 καλέσασα
1835 2223 1922 2245 τοῦτον

1128 2265 1215 2301 μωρόν
1228 2262 1297 2299 (77).
1310 2274 1325 2288 ››
1342 2264 1416 2290 Καὶὸ
1438 2262 1574 2300 βασιλεὺς,
1608 2273 1624 2291 ε
1645 2263 1683 2290 οὐ
1705 2266 1804 2298 καινόν,
1837 2265 1922 2302 μειρά-

1128 2318 1184 2334 κιον
1193 2309 1243 2345 γὰρ
1259 2308 1338 2336 ἐστιν.
1366 2318 1380 2334 ››
1411 2309 1503 2335 Εἴκοσι
1525 2309 1576 2345 γὰρ
1598 2309 1644 2335 σὺν
1660 2308 1697 2335 ἐνὶ
1721 2311 1778 2335 τότε
1805 2309 1921 2346 ὑπῆρχον

1130 2352 1202 2386 ὶτῶν,
1217 2355 1262 2379 καὶ
1283 2352 1313 2379 οὐ
1339 2353 1448 2390 πάμπαν
1472 2351 1569 2389 ἀπᾴδει
1598 2354 1691 2380 τοῦτοῦ
1715 2354 1744 2379 τὸ
1774 2355 1920 2392 πρόσρημα.

281 2416 306 2453 ⁸9
324 2413 370 2453 οὖν
384 2417 432 2446 τὴν
445 2412 620 2453 Δημητριάδα
633 2412 751 2453 κᾶξκεζθεν
766 2414 808 2453 D._
837 2414 860 2453 5f
885 2417 1001 2453 xenia-tgna
1029 2416 1184 2452 ποισοίμενος
1208 2415 1279 2444 add.
1311 2416 1344 2444 D.
1382 2416 1407 2434 ⁵³
1437 2419 1629 2447 Κωνσταντῖνος
1647 2415 1714 2443 ὥστε
1733 2416 1781 2453 μεν
1796 2413 1877 2446 (itm
1889 2416 1918 2444 D.

281 2452 307 2471 ι⁸
322 2449 408 2489 ἧπχεν
422 2467 458 2472 -
471 2449 568 2487 usque
580 2450 618 2479 ad
630 2449 787 2486 καλούμενος
800 2450 866 2486 (col.
882 2451 951 2479 1074
967 2451 987 2478 Β
1002 2453 1033 2479 16
1047 2459 1099 2480 om
1111 2449 1145 2481 ἰ).

690 2502 1011 2547 Τὴθοιίοιιῖῡοιιδω
1036 2518 1069 2547 et
1092 2513 1220 2548 Leonis
1244 2513 1360 2548 Allatii
1385 2519 1487 2548 notae.

281 2577 475 2614 (75)8_swia'xu.
498 2576 596 2614 Mortis
614 2583 750 2611 causam,
774 2583 872 2614 quam
900 2575 948 2604 hic
983 2575 1076 2605 tacuit

248 2612 433 2649 Acropolita,
444 2614 547 2640 narrat
558 2612 704 2649 Gregoras
722 2619 753 2647 p.
768 2613 812 2649 4}.
826 2613 895 2639 ALL.

283 2647 476 2686 76“Σωρονική
512 2657 544 2686 τε.
571 2650 616 2674 καὶ
642 2647 754 2686 ἀρχικῂ.
783 2647 866 2674 lrene
887 2648 916 2674 et
951 2647 1074 2676 Joannis

284 2658 318 2677 '10
347 2658 476 2686 ιωρονικη
512 2658 538 2674 τε
571 2658 616 2674 χαι
642 2658 754 2711 αρίςικη.
783 2658 866 2674 u'eue
887 2658 916 2674 ει
951 2658 1072 2676 Joannis

249 2683 492 2724 Duciepietatem
507 2683 626 2724 aliaque
641 2691 659 2712 a
690 2682 771 2724 _pi_os
800 2690 872 2724 usus
898 2690 990 2724 opera
1006 2691 1072 2719 pro-

250 2718 535 2759 sequituxﬁregoras
544 2718 668 2748 ibidem.
679 2718 717 2746 de
727 2718 785 2746 hac
796 2719 902 2746 eadem
912 2718 1074 2755 Pachyme-

250 2755 314 2784 rius
330 2755 362 2784 in
375 2755 513 2785 Historia.
524 2759 590 2783 ALL.

1164 2577 1230 2614 (77).
1247 2576 1386 2614 Καλέσασα
1405 2581 1495 2614 τοῦτον
1510 2577 1721 2614 μωρόνκΑιιῐιδ
1753 2576 1914 2614 Commenta,

1128 2612 1241 2640 Hister.
1257 2612 1308 2650 lib.
1324 2620 1361 2650 γη
1373 2615 1423 2639 Καὶ
1447 2614 1462 2643 ἡ
1479 2611 1588 2650 δατ-ἔρον
1607 2612 1695 2649 ἅτερον
1730 2611 1779 2638 οὐκ
1807 2612 1915 2650 Quadam

1130 2650 1241 2692 σχέσις,
1248 2648 1299 2675 Καὶ
1308 2648 1345 2679 εἰς
1362 2649 1437 2685 ἔργον
1466 2648 1545 2692 οιῖποί
1620 2648 1666 2678 τῆς
1687 2650 1796 2692 γνῷμης
1820 2648 1915 2692 ἀπέϐαι-

1127 2693 1177 2722 νεν,
1201 2685 1268 2710 ἐνθεν
1277 2694 1329 2722 μτρι
1352 2683 1399 2710 χάί
1418 2686 1505 2722 πωρον
1529 2684 1642 2716 καλέσας
1669 2683 1748 2711 αὐτόν
1773 2683 1913 2712 ὶπυνθάνετο

1127 2719 1218 2757 λέγων,
1228 2722 1260 2747 Τί
1273 2718 1325 2747 ὧδέ
1339 2718 1558 2754 ποὶήσωίῆκειῃ
1575 2723 1641 2748 ALL.
