1970 3082
15 131 119 161 1073

815 131 977 161 ANNALES

1668 137 1736 166 1074

11 191 115 220 ’Δλγ
131 195 147 224 ἠ
164 193 282 231 βασιλίς,
296 205 311 220 (‹
325 194 363 221 Οὐ
376 195 474 232 χρεὼν,
490 205 504 219 ››
519 195 595 230 φησί,
608 203 623 221 ‹
640 194 683 220 τόν
696 193 788 230 φιλοσό

956 195 979 222 lt
1011 193 1134 223 minime
1155 201 1233 230 opus
1254 195 1299 223 est
1323 193 1549 232 philosophicas
1581 206 1734 230 sermones

12 239 137 274 λόγους
151 240 313 277 προφέροντα
327 240 426 266 οὑτωσί
455 249 485 275 γι
516 239 762 277 προσαγορευθῆναι
784 239 847 276 παρ’

12 283 130 319 ἡμῶν,
160 294 175 309 »
207 284 285 311 Ταῦτ’
313 283 395 319 εἷπον,
424 285 459 315 ὡς
489 283 519 310 ἃν
550 286 755 321 παραστήσαιμι
784 284 852 314 ὅπως

14 337 57 354 τε
78 328 156 359 αὐτὴ
177 328 258 366 ἓφίλει
280 330 340 361 τούς
367 329 461 366 λόγους
488 331 534 355 καὶ
547 330 608 360 τοὺς
633 329 727 365 λόγους
747 327 852 360 εἰδότας

14 374 157 404 τούτους
182 373 264 411 ἐτίμα,
294 376 410 404 Θνήσκει
435 375 490 410 μὶν,
517 375 552 405 ὡς
580 375 651 409 ῖφην,
689 374 704 403 ἠ
746 372 852 410 βασιλὶς

13 418 125 452 αὕτη,
142 417 218 455 οἶμαι
233 417 263 445 δε
275 421 320 445 καὶ
329 421 377 449 τὴν
398 422 445 445 τοῦ
468 419 544 448 ἡλίου
576 417 691 454 ἓκλειψιν
716 419 759 445 τὸν
790 419 852 444 ταύ-

12 468 87 494 τής
110 466 284 500 προσημᾶναι
311 464 431 491 θάνατον.
461 465 512 491 Καὶ
538 465 658 500 κομήτης
681 461 712 489 0":
731 465 782 501 πρὸ
799 473 851 500 μη-

15 511 90 534 νῶν
108 507 137 540 ἓξ
147 510 207 546 περὶ
217 509 246 535 τὸ
261 510 339 545 μέρος
353 508 463 545 ἀνεφάνη
478 512 524 535 τοῦ
545 507 629 546 Βορῥᾱ
644 518 651 524 ·
682 506 713 538 ἧν
742 506 772 534 δὲ
796 518 851 535 πω-

14 554 154 587 γωνίας,
181 555 227 579 καὶ
253 551 378 591 διήρκεσε
397 557 481 589 μῆνας
509 556 589 589 τρεῖς,
623 552 676 588 οὐχ
717 551 753 579 ἑνὶ
778 554 850 588 τόπῳ

15 596 94 624 ἀλλ’
107 597 135 624 ἄν
151 596 290 636 διαφόροις
307 600 468 635 φαινόμενος.
484 599 558 625 Μετὰ
589 597 683 635 βραχὺ
712 596 741 624 δὲ
768 599 813 624 καὶ
835 598 849 624 ὁ

16 642 203 680 Βουλγάρων
218 644 310 679 ἄρχων
337 643 416 670 Ἀσὰν
436 642 464 674 ἐξ
478 642 619 681 ἀνθρώπων
645 642 752 678 ἐγένετο,
787 641 848 680 ἀνὴρ

17 686 53 713 ἓν
78 686 235 725 βαρϐάροις
249 688 356 725 ἄριστος
371 687 411 724 [Ρ.
431 687 475 723 35]
500 687 647 724 ἀναφανεὶς,
675 687 722 713 οὐκ
751 686 775 713 iv
797 690 849 717 τοῖς

17 731 150 762 οἰκείοις
164 734 251 768 μόνον,
266 732 330 758 ἀλλὰ
341 742 370 768 γε
383 731 415 761 δὴ
430 735 475 758 καὶ
489 736 544 762 τοῖς
573 731 717 769 ἀλλοτρίοις
734 742 740 749 ι
769 730 849 769 ὶχρή-

20 785 109 803 σοιτο
125 779 173 802 καὶ
198 778 249 814 γὰρ
278 777 516 815 φιλανθρωπότερον
545 780 600 808 τοῖς
626 778 848 814 προσερχομένοις

20 821 115 856 αὐτῷ
126 820 249 857 ἐπήλυσι,
274 823 317 848 καὶ
341 821 458 858 μάλιστα
485 825 541 852 τοῖς
565 821 713 858 Ῥωμαίοις,
740 823 785 847 καὶ
809 831 848 857 φι-

907 241 1138 275 pertractantem
1149 239 1192 267 sic
1205 247 1223 268 a
1235 239 1323 268 nobis
1339 240 1522 276 compellari.
1540 252 1554 266 »ι
1575 242 1646 272 Haec
1667 245 1735 275 ideo

907 283 1013 312 effatus
1021 292 1100 317 sum,
1108 286 1293 320 utquantum
1300 284 1366 320 ipsa
1373 285 1563 314 sermonibus
1569 287 1737 319 afﬁceretur

906 329 935 356 et
949 336 1124 356 sermonum
1140 328 1282 356 similium
1298 336 1408 364 gnaros
1422 329 1594 367 honoraret,
1610 332 1735 370 eluceat,

906 373 1025 401 Moritur
1040 381 1121 408 ergo,
1133 375 1165 401 ut
1178 372 1252 407 dixi,
1263 373 1328 401 haec
1338 374 1522 410 imperatrix,
1537 376 1734 415 existimoque

906 417 965 453 96
982 417 1051 445 solis
1065 417 1213 446 defectum
1240 417 1319 446 illius
1347 421 1477 448 mortem
1505 422 1733 456 prmnuntiasse.

906 462 1028 491 Cometa
1047 462 1147 496 etiam,
1175 470 1211 490 ex
1232 469 1337 491 eorum
1364 463 1463 500 specie
1488 471 1566 500 quos
1589 464 1734 496 barbatos

905 506 1042 540 dicimus,
1058 509 1126 535 ante
1150 515 1202 535 sex
1227 514 1346 536 menses
1373 508 1404 536 in
1429 508 1583 539 Borealem
1609 511 1733 548 plagam

904 551 1232 588 apparuit,suﬁ'ecitque
1247 560 1366 580 menses
1386 554 1443 582 tres
1457 561 1520 583 non
1533 563 1594 585 uno
1608 557 1641 585 in
1654 556 1734 586 loco-

904 595 956 624 sed
973 595 1031 624 alio
1054 598 1144 632 atque
1167 596 1225 625 alio
1252 596 1422 632 divagatus.
1452 600 1511 628 Nec
1538 601 1633 630 multo
1662 603 1731 638 post

905 640 1100 675 Bulgarorum
1116 641 1255 677 princeps
1287 643 1405 670 Asanus
1434 643 1496 672 vita
1522 645 1657 679 excessit,
1688 646 1733 675 vir

903 685 979 713 inter
992 685 1139 714 barbaros
1153 686 1296 722 optimus,
1316 694 1371 715 nec
1396 688 1526 724 propriis
1556 690 1648 719 modo
1679 690 1733 719 sed

903 729 1008 758 alienis
1024 730 1114 759 etiam
1128 731 1241 767 optime
1254 739 1326 759 usus
1347 740 1354 759 :
1384 732 1594 762 humaniorem
1622 735 1733 763 etenim

903 783 972 803 cum
984 774 1108 803 advenis
1116 775 1154 803 ad
1163 782 1232 803 eum
1240 777 1497 814 concurrentibus,
1504 780 1533 806 et
1543 778 1734 814 potissimum

902 819 1055 854 Romanis,
1063 819 1172 856 quibus
1180 819 1341 855 magniﬁce
1350 821 1499 857 stipendia
1505 823 1732 859 numerabat,se

18 865 159 902 λοτίμως
187 866 277 898 αὐτοῖς
303 870 415 903 παρεῖχε
438 867 472 893 τὰ
511 868 660 902 σιτηρέσια.
699 865 770 893 Ἐπεί

955 863 1039 892 abuit.
1056 865 1096 892 Eo
1109 863 1167 892 vita
1181 864 1283 893 functo
1296 865 1478 894 Callimanus
1488 867 1553 903 ejus
1563 875 1600 896 ex
1613 869 1733 904 Ungara

21 910 124 942 αὐτὸς
154 910 289 947 ἐτεθνήκει,
317 912 330 937 ὁ
357 911 413 942 υἱὸς
441 911 531 945 αὐτοῦ,
548 911 575 937 ὃν
602 910 762 947 Καλλιμάνον
778 911 847 937 ὡπὸ-

21 956 140 991 μαζον,
164 954 193 982 in
214 960 262 987 τῆς
291 956 315 987 ἓξ
340 955 468 992 οὖγγρων
490 957 573 991 τούτῳ
596 957 777 992 γεγεννημένος
800 957 846 984 τὴν

24 999 134 1037 ἀρχὴν
150 999 299 1032 ἀνεδέξατο.
314 1000 363 1028 Ἦν
386 999 416 1027 δε
439 1004 476 1036 τῷ
499 1002 608 1036 τοιούτῳ
634 1000 787 1036 Καλλιμάνῳ
801 1002 847 1027 καὶ

22 1045 266 1081 αὐτοκασιγνήτη,
286 1046 316 1076 ἧς
331 1045 447 1082 τοῦνομα
471 1046 576 1082 Θάμαρ.
606 1046 649 1072 Ἐκ
677 1043 708 1071 δὲ
730 1049 778 1076 τῆς
800 1049 846 1072 τοῦ

22 1089 171 1125 Ἀγγὶλου
183 1091 312 1128 θυγατρὸς
335 1094 372 1126 τῷ
387 1090 470 1117 ’Λσὰν
497 1093 566 1128 τρεῖς
592 1088 687 1121 παῖδες
714 1091 846 1126 γεγέννην-

22 1143 92 1170 ται,
113 1134 197 1172 ἄρῥην
213 1135 226 1161 ὁ
250 1135 372 1171 Μιχαὴλ,
398 1136 426 1161 αἱ
447 1135 558 1168 θὴλειαι,
583 1136 616 1165 ὡς
646 1134 801 1172 εἰρήκειμεν,
827 1135 843 1164 ἠ

22 1182 131 1216 Μαρία
144 1182 190 1206 καὶ
208 1180 223 1209 ἦ
239 1178 369 1207 ⁴Δννα.’0
390 1181 435 1216 μὶν
460 1179 504 1206 οὖν
530 1179 692 1215 Καλλιμάνος
720 1181 767 1208 τὴν
794 1189 845 1205 πα-

20 1226 131 1261 τρικὴν
145 1223 232 1261 ἀρχὴν
248 1223 446 1260 ἀναζωσάμενος
466 1226 512 1250 καὶ
536 1225 582 1254 τὰς
601 1224 666 1260 μετὰ
693 1227 738 1249 τοῦ
765 1222 845 1260 βασι-

21 1268 98 1300 λέως
124 1268 243 1296 Ἰωάννου
273 1267 390 1300 σπονδὰς
414 1269 583 1301 ἀνενεώσατο,
608 1270 650 1294 καὶ
676 1269 748 1304 εἶχον
776 1268 845 1305 εἰρὴ-

22 1323 80 1343 νην
99 1312 191 1345 ἕντοῖς
202 1314 330 1344 τοιούτοις
350 1314 383 1340 τὰ
404 1313 559 1349 πράγματά.
588 1316 640 1339 Τοῦ
668 1310 698 1338 δὲ
721 1312 845 1342 Μανουὴλ

25 1361 84 1384 τοῦ
112 1356 227 1394 ἀδελφοῦ
248 1356 388 1396 Θεοδώρου
414 1357 622 1387 τετελευτηκότος
646 1358 693 1386 τὴν
735 1366 845 1394 κρατου-

28 1404 120 1439 μένην
144 1402 207 1439 παρ’
233 1402 313 1429 αὐτοῦ
337 1405 429 1439 χώραν
453 1402 466 1428 ὁ
495 1401 600 1438 ἀνεψιὸς
628 1401 707 1428 αὐτοῦ
733 1401 845 1437 Μιχαὴλ

28 1448 159 1483 κατι-ἔσχε
173 1449 218 1474 καὶ
228 1451 259 1484 τῇ
275 1447 355 1474 αὐτοῦ
381 1449 552 1485 προσήρμοσε
580 1449 658 1483 χώρᾳ
670 1457 676 1464 ·
711 1448 756 1472 καὶ
777 1444 844 1475 ἦσαν

901 907 979 936 ﬁlius
994 909 1025 936 in
1036 908 1194 937 dominatu
1213 909 1357 939 succedit.
1373 910 1539 940 Callimano
1553 920 1637 941 soror
1654 915 1730 948 arat,

901 953 950 981 cui
964 953 1103 982 Thamari
1124 961 1246 982 nomen.
1263 955 1304 982 Ex
1318 954 1380 983 ﬁlia
1392 963 1464 984 vero
1481 957 1585 992 Angeli
1609 960 1730 987 Asanus

902 993 959 1026 tres
981 997 1059 1027 ﬁIiOs
1095 1001 1277 1035 susceperat,
1312 999 1466 1029 Michalem
1492 1002 1671 1038 masculum,
1697 1004 1731 1033 ut

900 1042 1043 1077 diximus,
1058 1043 1180 1071 Mariam
1202 1044 1231 1071 et
1258 1045 1377 1072 Annam
1393 1044 1530 1074 feminas.
1545 1046 1728 1077 Callimanus

900 1089 1059 1124 paternum
1077 1095 1205 1123 regnum
1218 1095 1379 1125 capessens
1391 1089 1504 1120 foedera
1526 1099 1595 1120 cum
1614 1093 1729 1123 Joanne

900 1132 1080 1169 imperatore
1094 1135 1228 1161 renovat.
1246 1133 1354 1170 Sicque
1369 1134 1490 1171 placida
1501 1135 1532 1164 in
1542 1144 1617 1173 pace
1625 1139 1729 1168 omnia

899 1177 1104 1213 quiescebant.
1148 1178 1280 1206 Manuele
1326 1187 1417 1215 porro
1454 1180 1601 1210 Theodori
1638 1181 1728 1213 fratre

900 1221 1046 1250 exstincto
1051 1221 1118 1250 loca
1125 1222 1163 1250 ab
1170 1230 1204 1250 eo
1211 1222 1334 1251 obtenta
1340 1223 1462 1252 Michael
1467 1232 1562 1261 nepos
1570 1227 1729 1263 occupavit

899 1267 1021 1303 suisque
1027 1267 1093 1302 conj
1099 1266 1192 1295 unxit.
1201 1268 1392 1305 Rursumque
1400 1269 1575 1298 Theodorus
1583 1271 1728 1308 Angelus,

899 1319 970 1340 cum
987 1311 1064 1339 ﬁlius
1090 1312 1223 1340 Joannes
1241 1312 1442 1341 Thessalonias
1469 1316 1496 1342 et
1521 1315 1730 1351 adjacentibus

898 1356 973 1384 locis
1003 1355 1166 1393 imperator
1190 1356 1416 1392 acclamaretur,
1438 1360 1467 1387 et
1491 1361 1619 1395 patruus
1650 1360 1730 1389 illius

900 1401 1123 1436 Constantinus,
1139 1401 1263 1438 despota
1277 1403 1307 1430 et
1321 1402 1388 1438 ipse
1404 1403 1563 1438 vocitatus,
1593 1406 1622 1433 et
1634 1413 1730 1442 nepos

897 1444 992 1482 ipsius
1003 1445 1129 1474 Michael
1142 1445 1217 1474 inter
1227 1454 1258 1474 se
1270 1454 1378 1483 pacem
1390 1447 1531 1483 agebant.

29 1489 118 1523 αὖθις
133 1491 368 1529 εἰρηνώοντεςὸτε
378 1489 517 1529 Θεόδωρος
528 1491 716 1527 “Δγγελος,τὸν
739 1491 796 1517 υἱὸν
818 1490 898 1517 αὐτοῦ
919 1490 1038 1520 Ἰωάννην
1066 1492 1134 1527 ἔχων
1158 1491 1183 1518 ἓν
1205 1491 1384 1529 Θεσσαλονίκῃ
1419 1495 1464 1519 καὶ
1491 1497 1547 1524 τοῖς
1573 1495 1630 1532 περὶ
1642 1494 1725 1525 αὐτὴν

30 1536 382 1573 βασιλικῶςφημιζόμενον,
393 1538 438 1563 καὶ
451 1537 465 1562 ὀ
478 1537 544 1567 θεῖος
559 1535 639 1562 αὑτοῦ
669 1539 860 1567 Κωνσταντίνος
883 1533 1031 1567 δεσόποτης
1051 1538 1096 1562 καὶ
1115 1536 1188 1567 οὗτος
1209 1536 1374 1573 καλούμενος,
1396 1539 1442 1564 καὶ
1471 1538 1484 1564 ὁ
1509 1538 1611 1575 ἀνεψιὸς
1641 1539 1723 1567 αὐτοῦ

29 1581 151 1617 Μιχαὴλ
170 1581 205 1609 ⁵⁴.

73 1624 111 1661 μ’.
125 1624 155 1651 '0
168 1626 213 1661 μεν
236 1624 281 1651 οὐν
304 1623 429 1661 βασιλεύς
454 1624 585 1658 Ἰωάννης,
615 1622 705 1654 ἔπειδή
722 1625 735 1650 ὁ
763 1623 842 1651 Βούλ-

944 1625 977 1652 i0.
989 1625 1155 1661 imperator
1169 1633 1241 1662 ergo
1263 1626 1405 1662 Joannes,
1421 1628 1524 1656 Asano
1541 1627 1669 1664 Bulgaro
1684 1629 1722 1658 de

29 1679 118 1707 γαρος
144 1670 223 1696 ’ώσὰν
238 1670 263 1688 ⁵⁵
278 1668 395 1696 ἐκποδὼν
423 1668 521 1706 ἕγένετο
539 1672 585 1696 καὶ
613 1671 748 1707 μειράκιον
774 1668 843 1706 ἦρχε

30 1719 85 1745 τῆς
115 1718 166 1740 τῶν
193 1714 357 1752 Βουλγάρων,
379 1712 470 1746 ἀδείας
494 1712 654 1751 δραξάμενος
687 1713 843 1752 ἐπεχείρησε

30 1762 86 1789 τὴν
103 1758 247 1796 βασιλικὴν
261 1759 410 1785 καταλῦσαι
424 1759 519 1788 κλῆσιν
547 1761 595 1788 τὴν
619 1758 842 1796 ἓπεφημιζομίνην

29 1807 73 1840 τῷ
87 1803 193 1840 Ἰωάννῃ
224 1807 260 1839 τῷ
286 1804 335 1839 υἱῷ
354 1807 399 1830 τοῦ
425 1803 561 1839 Ἄγγελον.
589 1806 640 1830 Καὶ
667 1808 768 1842 πρῶτον
790 1813 842 1840 μη-

29 1849 151 1884 νύμασιν
179 1848 344 1874 ὑπο-ποιεῖται
375 1849 420 1874 τὸν
450 1847 531 1874 αὐτοῦ
567 1850 668 1886 πατέρα
694 1846 840 1886 Θεόδωρον.

31 1895 88 1920 Καὶ
104 1891 176 1922 δῆτα
187 1890 238 1923 οἶος
263 1892 356 1924 ἱκεῖνος
387 1892 540 1930 ἁπροόπτως
568 1891 709 1930 ὶπιχειρων
736 1892 760 1919 ἐν
787 1896 843 1924 τοῖς

28 1939 187 1975 πράγμασι,
217 1935 300 1974 μηδέν
321 1947 348 1964 τι
374 1941 423 1964 τῶν
449 1936 654 1974 συμϐησομένων
689 1936 790 1964 ὑπιδὼν
817 1938 842 1956 ⁸⁸

30 1984 215 2020 προσέρχεται
229 1985 265 2017 τῷ
286 1981 392 2019 βασιλεί
404 1982 521 2018 Ἰωάννῃ,
545 1983 590 2008 καὶ
614 1981 776 2019 ὑποδέχεται
796 1982 843 2009 αὔ-

30 2030 79 2054 τόν
108 2026 183 2058 οὗτος
210 2026 328 2064 ἀσμένως
355 2030 401 2054 καὶ
424 2028 558 2063 τετίμηκε,
593 2027 660 2053 θεῖόν
692 2036 719 2054 τε
750 2031 841 2054 τοῦτον

29 2071 173 2099 ἀποκαλῶν
201 2071 249 2098 κᾶν
274 2075 306 2108 τῇ
330 2071 411 2098 αὑτοῦ
436 2071 605 2108 συγκαθίζων
633 2072 750 2110 τραπέζῃ
796 2075 842 2099 καὶ

30 2121 84 2144 τῶν
106 2117 202 2144 λοιπῶν
231 2116 461 2154 φιλοφρονημάτων
488 2115 659 2153 μεταδιδούς.
706 2117 775 2144 Ἐπεὶ
810 2116 840 2145 δὶ

32 2166 128 2189 τοῦτον
141 2161 166 2188 ἂν
181 2164 270 2198 χεροῖν
285 2162 364 2198 ἔσχεν
375 2162 388 2188 ὁ
404 2160 539 2198 βασιλεὺς,
558 2161 637 2198 ἓτυχι
661 2160 691 2188 δὲ
714 2165 758 2189 καὶ
785 2166 841 2194 ταῖς

33 2208 118 2234 αὐτοῦ
134 2205 264 2243 δυνάμεσι
291 2210 351 2238 ταῖς
378 2206 537 2243 ’Ῥωμαϊκαῖς
562 2208 711 2244 στράτευμα
730 2207 841 2244 ἀξιόμα-

33 2261 85 2288 χον
107 2251 249 2289 προστεθὶν
277 2249 306 2277 ἐκ
333 2251 437 2277 Σκυθῶν
464 2252 582 2285 (τούτους
611 2253 662 2288 γὰρ
694 2253 744 2289 πρὸ
775 2252 841 2290 βρα-

897 1669 999 1697 medio
1014 1669 1132 1698 sublato
1148 1672 1176 1699 et
1190 1678 1284 1707 puero
1300 1671 1360 1707 7o
1376 1671 1520 1707 Bulgaria;
1544 1673 1723 1709 imperante,

897 1712 1055 1741 occasione
1081 1716 1199 1751 arrepta
1224 1714 1459 1751 appellationem
1486 1715 1724 1753 imperatoriam,

896 1765 958 1793 qua
972 1759 1102 1786 Joannes
1116 1758 1221 1794 Angeli
1233 1759 1310 1788 ﬁlius
1325 1760 1480 1796 gestiebat,
1495 1760 1604 1789 debere
1617 1761 1673 1790 sibi
1693 1762 1725 1790 in

897 1802 1512 1840 animoproponens,primumeeodorum
1522 1806 1600 1834 illius
1607 1809 1725 1843 patrem

896 1847 1001 1875 nuntio
1017 1847 1174 1877 seductum
1188 1849 1244 1877 sibi
1257 1849 1406 1884 conciliat,
1422 1849 1474 1886 qui
1490 1852 1636 1887 tanquam
1655 1853 1725 1880 tunc

897 1900 1000 1920 recens
1013 1900 1060 1921 res
1075 1900 1249 1929 aggressus,
1266 1894 1341 1923 nihil
1355 1902 1460 1923 eorum
1470 1903 1538 1932 quae
1552 1896 1725 1932 contingere

897 1939 1034 1973 poterant
1048 1939 1225 1974 suspicatus,
1240 1939 1279 1967 ad
1293 1940 1439 1968 Joannem
1458 1939 1671 1977 imperatorem
1691 1949 1724 1970 se

897 1982 1019 2010 confert.
1031 1984 1195 2019 Imperator
1202 1991 1272 2012 eum
1283 1984 1391 2021 excipit
1399 1984 1615 2020 lubentissime,
1628 1987 1724 2017 hono-

895 2026 979 2055 ribus
989 2026 1090 2060 aﬂicit,
1103 2029 1305 2064 patruumque
1316 2037 1430 2057 vocans
1442 2037 1547 2058 mensa
1556 2038 1591 2059 ac
1599 2031 1721 2069 reliquis

895 2071 1090 2100 humanitatis
1100 2071 1205 2100 olﬂciis
1218 2073 1461 2103 communicavit.
1474 2075 1634 2111 Postquam
1650 2084 1720 2106 eum

895 2116 926 2144 in
937 2118 1082 2152 potestate
1096 2116 1211 2152 habuit,
1225 2118 1254 2145 et
1271 2125 1333 2146 non
1348 2119 1586 2148 contemnendus
1601 2123 1680 2149 esset
1703 2129 1719 2150 e

896 2162 1012 2198 Scythis
1037 2161 1192 2196 exercitus,
1226 2169 1304 2197 quos
1339 2170 1401 2191 non
1423 2164 1532 2193 multos
1557 2167 1625 2194 ante
1652 2165 1717 2195 dies

895 2206 1070 2234 muneribus
1100 2206 1249 2242 variisque
1282 2206 1436 2235 beneﬁciis
1466 2208 1522 2237 sibi
1565 2210 1719 2239 devinctos

895 2252 984 2286 atque
1006 2258 1042 2278 ex
1069 2251 1299 2279 immanioribus
1321 2252 1458 2281 moribus
1487 2256 1516 2281 et
1548 2255 1721 2285 Macedonia

34 2298 99 2333 χίος
110 2295 168 2331 (78)
181 2295 203 2313 ³⁷
220 2293 314 2333 δώροις
327 2305 355 2322 τε
373 2297 418 2322 καὶ
442 2293 581 2327 δεξιώσεσι
605 2296 738 2328 ποικίλαις
751 2297 764 2322 ὁ
792 2296 810 2333 β

943 2298 1052 2324 tractos
1073 2295 1104 2324 in
1135 2296 1310 2324 orientalem
1336 2304 1422 2325 oram
1442 2297 1616 2336 deduxerat,
1648 2301 1720 2329 satis

36 2340 124 2371 σιλεὺς
140 2339 258 2370 Ἰωάννης
281 2340 431 2376 χειροήθεις
457 2349 484 2366 τι
503 2343 642 2369 πεποίηκεν
662 2341 688 2373 ἐξ
703 2342 726 2359 ³⁸
742 2341 841 2380 ἀγριω-

34 2388 110 2422 τίρου
123 2388 170 2411 τοῦ
191 2385 281 2418 ἧθους,
309 2387 354 2411 καὶ
379 2389 426 2416 τῆς
451 2384 607 2411 Μακεδόνων
635 2385 772 2413 ἀπέσπασε
796 2389 841 2413 καὶ

35 2431 99 2467 πρὸς
114 2430 149 2456 τὰ
162 2433 210 2460 τῆς
230 2429 261 2456 ἔω
287 2430 311 2447 ⁸9
339 2427 478 2466 διεπέρασε
505 2430 594 2467 μέρη),
616 2431 720 2462 τούτοις
745 2431 840 2467 μᾶλλον

35 2474 242 2512 θαῤῥήσας,κοιὶ
261 2472 344 2510 μηδὲν
371 2484 397 2500 τι
422 2472 506 2501 δεινὸν
529 2474 556 2500 ἐκ
581 2475 732 2513 Βουλγάρων
760 2486 840 2513 προσ-

33 2518 132 2554 δοκῶν,
149 2520 180 2545 τό
255 2516 302 2545 διὰ
313 2521 359 2550 τὰς
373 2521 541 2555 γεγενημένας
551 2517 675 2553 σπονδὰς,
689 2521 719 2546 τὸ
742 2519 772 2547 δὲ
795 2523 841 2547 καὶ

32 2563 50 2591 δ
53 2565 80 2591 id:
94 2565 125 2590 τό
139 2564 189 2590 ὑπὸ
204 2565 341 2600 μειρακίου
357 2565 391 2590 τὰ
406 2568 456 2590 τῶν
475 2563 628 2601 Βουλγάρων
654 2562 836 2602 διεξάγεσθαι,

895 2341 998 2369 animo
1013 2343 1092 2370 certo
1107 2343 1136 2370 et
1150 2341 1327 2370 conﬁrmato
1341 2342 1415 2370 nihil
1429 2341 1485 2370 sibi
1497 2342 1683 2374 incommodi
1703 2354 1722 2375 a

896 2385 1031 2420 Bulgaria
1047 2386 1270 2422 pertimescens,
1286 2387 1396 2423 partim
1410 2389 1532 2424 propter
1546 2392 1635 2424 pacta
1650 2398 1721 2419 cum

895 2431 938 2459 eis
953 2430 1035 2465 inita,
1052 2431 1161 2467 partim
1175 2432 1258 2468 quod
1281 2439 1328 2460 res
1353 2431 1550 2468 Bnlgarorum
1582 2441 1601 2462 a
1626 2442 1721 2471 puero

894 2477 1076 2510 regerentur,
1108 2483 1142 2504 ex
1166 2476 1282 2505 Oriente
1310 2477 1440 2511 solvens,
1467 2479 1718 2514 prmternavigato

895 2519 1094 2556 Hellesponto,
1108 2528 1211 2548 secum
1225 2529 1288 2551 una
1299 2525 1328 2551 et
1342 2524 1546 2551 Romanarum
1562 2523 1719 2559 copiarum

894 2568 923 2594 et
934 2565 1112 2602 Scytharum
1127 2564 1245 2593 auxiliis
1262 2567 1393 2596 advectis
1410 2567 1554 2597 adversus
1571 2569 1719 2597 Joannem

69 2635 95 2653 αι
109 2633 236 2677 mihi
249 2635 298 2677 [ιη
319 2635 518 2677 δ’..ισίειεω-
531 2636 567 2677 .9-
605 2636 629 2677 ιο
642 2638 687 2677 κομί
707 2634 777 2677 sith
791 2653 825 2658 —
839 2638 847 2664 ί

940 2636 1082 2675 36331).
1120 2637 1142 2655 ⁵⁷
1171 2637 1222 2674 πρὸ
1247 2636 1365 2676 βραχὲος
1397 2647 1458 2669 om.
1491 2642 1525 2670 D,
1563 2641 1587 2659 ⁵⁸
1612 2641 1718 2677 χειροή-

36 2672 85 2702 Ou;
99 2672 242 2700 πεποίηκεν
252 2671 265 2697 ό
281 2669 406 2707 βασιλεὺς
421 2670 447 2703 ἐξ
459 2671 492 2699 D.
531 2671 554 2689 "
568 2673 630 2708 πρὸς
644 2674 692 2702 τὴν
704 2673 736 2699 ἔω
753 2674 786 2703 D.
805 2681 814 2702 (

252 2671 265 2697 ό
281 2669 406 2707 βασιλεὺς
421 2670 447 2703 ἐξ
459 2671 492 2699 D.
531 2671 554 2689 "
568 2673 630 2708 πρὸς
644 2674 692 2702 τὴν
704 2673 736 2699 ἔω
753 2674 786 2703 D.
805 2674 920 2702 omisso
941 2669 1023 2711 ’μιρτμ

484 2733 653 2769 Theodori
678 2735 804 2770 Dousae
828 2740 861 2770 et
883 2736 1011 2770 Leonis
1036 2736 1154 2772 Allatii
1178 2739 1281 2771 notae.

70 2806 131 2843 (78)
146 2804 259 2836 Τούτους
272 2805 323 2844 γὰρ
336 2805 387 2843 πρὸ
400 2803 526 2843 βραχέος.
543 2807 698 2843 Gergoras,
713 2815 744 2844 p.
759 2809 804 2843 37,
819 2807 848 2837 bl

316 2814 323 2831 ›
336 2805 387 2843 πρὸ
400 2803 526 2843 βραχέος.
543 2807 698 2843 Gergoras,
713 2815 744 2844 p.
759 2809 804 2843 31,
819 2807 1006 2838 brevissime.
1026 2808 1094 2837 ALL.
