1970 3082
239 121 309 149 1079

878 120 1019 148 GEORGII
1039 118 1278 149 ACROPOLITE.

1870 120 1939 147 £089

238 181 352 210 malum
367 180 562 217 degeneraret
582 181 723 218 :potibus
737 189 880 218 namque,
891 181 1065 210 libidinibus
1080 183 1105 209 Α
1119 180 1222 208 λέλυται
1238 182 1360 218 στρατιὰ,
1377 180 1476 208 σουλτά

1135 181 1222 208 ε’λυται
1238 182 1360 218 στρατιὰ,
1377 180 1516 212 σουλτάνος
1531 179 1562 208 δὲ
1581 179 1663 218 ἦρχεν
1690 180 1775 207 αὐτῶν
1810 181 1846 207 οὗ
1872 180 1942 210 κλῇ-

239 226 442 255 monstruosis
455 226 706 263 exsecrandisque
717 227 870 255 amoribus
883 227 993 260 furens,
1001 234 1066 263 per-

239 273 331 307 petuo
351 279 419 298 cum
445 270 699 299 homuncionibus
724 273 752 299 et
768 271 890 299 rationis
901 273 929 299 et
952 273 1066 299 naturus

239 315 382 344 humanas
395 315 513 352 penitus
526 315 638 351 ignaris
652 316 876 352 consuescebat,
888 316 1003 352 parenti
1012 323 1066 344 suo

240 360 404 394 dissimilis,
420 360 472 396 qui
481 359 666 393 libidinibus,
677 368 739 388 non
751 360 792 389 ita
801 363 913 394 tamen,
924 360 1048 397 parebat
1060 368 1066 394 ;

241 413 334 442 quare
347 407 376 433 et
390 405 497 433 melius
526 405 766 441 progenitoribus
793 406 857 442 ipse
885 406 946 434 suis
972 406 1067 434 aciem

243 449 388 485 struebat,
415 457 487 485 erga
523 450 734 486 imperatorem
760 450 905 478 benevole
931 450 1065 479 affectus.

242 495 356 523 Verum
368 493 479 531 quibus
495 494 549 522 iste
564 494 779 528 delectabatur,
793 495 898 523 iisdem
917 496 1069 524 saturitate

243 547 306 568 non
320 539 460 568 fraudata
471 539 593 574 adjutus
609 541 654 568 est
671 550 678 572 ς
694 540 746 576 qui
766 548 835 568 cum
866 548 898 568 se
926 540 1012 569 vellet
1039 541 1070 569 in

245 591 350 620 pugna.
386 583 546 612 Tacharica
571 584 707 620 experiri,
732 584 907 613 debellatur.
938 587 971 613 Et
994 593 1071 622 pene

246 629 337 657 rebus
349 628 461 656 aversis
483 628 598 663 legatos
630 629 669 657 ad
692 629 904 666 imperatorem
925 631 1071 658 Joannem

246 674 343 710 mittit,
361 674 518 703 consilium
532 675 800 710 praesentissimum
809 678 924 711 petens,
937 683 1071 712 quanam

246 719 369 748 tandem
384 719 447 755 ipse
459 719 573 747 ratione
583 720 701 748 hostem
711 721 864 756 repelleret
876 724 906 749 et
916 721 1070 758 paululum

247 771 266 792 a
278 763 365 792 maiis
381 763 598 797 sublevaretur,
612 764 643 792 id
659 764 770 793 scilicet
783 765 923 793 dictitans
939 766 1073 802 utrisque

246 808 376 837 salutare
398 816 463 836 esse
502 818 508 836 :
552 809 745 837 Musulmanis
789 810 868 838 enim
894 818 913 838 a
944 810 1074 839 tacharis

1122 236 1163 258 σις
1178 227 1201 244 ⁷⁵
1214 227 1367 260 Ἰαθατινης,
1384 227 1440 257 υἱος
1450 230 1496 252 τοῦ
1510 226 1620 253 σουλτάν
1647 226 1769 258 ’Δζατίνη
1792 227 1836 260 τε,
1877 230 1943 262 φα-ἆο

1120 271 1163 302 λος
1187 271 1212 302 ἐξ
1237 270 1319 308 ἀρχὸς
1363 273 1484 307 γεγονὼς,
1519 287 1556 291 —
1596 273 1685 302 πότοις
1723 271 1775 308 γὰρ
1844 272 1943 307 ἔχαιρε

1120 318 1166 342 καὶ
1181 315 1327 352 ἀσελγείαις
1345 318 1390 342 καὶ
1404 318 1503 346 κοίταις
1518 315 1668 347 ἀλλοκότοις
1681 325 1706 342 τε
1723 317 1770 342 καὶ
1809 314 1942 345 ἀτόποις.

1120 362 1166 387 καὶ
1193 364 1272 390 συνῆν
1300 359 1339 386 ἀεὶ
1369 359 1561 396 ἀνθρωπίσκοις
1596 360 1680 386 οὐκέτι
1709 359 1785 396 λόγον
1832 358 1943 386 εἰδόσιν

1121 404 1179 432 οὐδ’
1190 405 1352 442 ἀνθρωπίνην
1363 406 1439 441 φύσιν
1458 406 1487 431 τὸ
1517 404 1629 433 σόνολον.
1656 404 1685 431 ’0
1707 406 1798 441 πατὴρ
1829 403 1866 431 δὲ
1900 405 1944 430 τᾶν

1121 455 1166 478 τοῦ
1179 450 1208 477 οὐ
1223 454 1339 482 τοιοῦτος
1360 449 1401 484 ἦν,
1419 449 1471 476 ἀλλ’
1487 451 1585 479 ἡττᾶτο
1600 451 1656 487 μὶν,
1685 450 1714 476 οὐ
1742 448 1863 487 σφόδρα
1897 447 1937 481 οδε,

1122 500 1172 522 τῶν
1190 494 1338 531 ἀσελγειῶν,
1354 493 1397 521 διὸ
1416 497 1461 521 καὶ
1475 494 1577 531 βέλτιον
1592 499 1643 521 τῶν
1657 496 1706 532 πρὸ
1721 494 1806 521 αὐτοῦ
1835 494 1943 532 ἐστρα-

1122 543 1208 576 τήγει,
1224 542 1268 566 καὶ
1287 540 1372 576 φιλίως
1404 541 1470 576 πρὸς
1495 541 1538 566 τὸν
1566 539 1679 576 βασιλέα
1706 538 1840 567 διέκειτο.
1871 539 1938 566 Ἀλλ’

1124 585 1197 616 οὗτος
1216 585 1254 616 οἷς
1270 586 1371 622 ἔχαιρε,
1387 584 1526 621 πλησμίως
1548 586 1646 611 τούτων
1672 583 1796 611 ἀπώνατο
1825 585 1865 612 ⁷⁷.
1894 587 1940 611 Πε-

1124 632 1246 666 πείραται
1269 633 1332 665 γοῦν
1356 631 1448 666 μάχης
1475 633 1630 667 Ταχαρικῆς
1658 631 1703 655 καὶ
1727 630 1864 658 ἣττηται.
1899 629 1939 655 Ἐν

1127 678 1207 710 στενῷ
1229 678 1292 710 γοῦν
1322 678 1370 700 τῶν
1399 675 1559 712 πραγμάτων
1587 672 1685 710 κομιδῆ
1712 676 1845 710 γεγονὼς,
1880 676 1939 709 πρέ-

1128 719 1198 750 σϐεις
1212 720 1236 736 ⁷⁸
1253 719 1377 755 ἐκπέμπει
1391 721 1454 756 πρὸς
1480 721 1523 745 τόν
1549 718 1662 755 βασιλέα
1695 718 1836 751 Ἰωάννην,
1869 718 1938 754 βου-

1126 764 1174 795 λῆς
1188 774 1215 790 τι
1239 763 1317 795 ἀξιῶν
1339 763 1448 801 ἀρίστης
1469 763 1496 795 ἔξ
1524 764 1605 790 αὐτοῦ
1635 767 1739 800 τυχεῖν,
1769 765 1808 794 ὡς
1841 763 1938 789 hyeme-

1127 808 1248 846 τρέφοιτο
1274 809 1298 826 ’⁷9
1328 810 1371 835 τόν
1400 808 1537 835 ἀντίπαλον
1563 810 1608 834 καὶ
1637 810 1729 846 μικρὸν
1774 809 1936 844 κουφισθείη

246 854 414 890 prostratis,
429 854 460 882 in
476 855 627 883 Romanas
651 855 784 883 civitates
809 855 908 884 aditus
935 856 1019 884 liberi
1038 864 1073 884 ac
1090 864 1108 890 Β
1127 858 1173 880 τοῦ
1201 853 1300 890 βάρους
1324 853 1403 879 αὐτοῦ
1430 854 1464 882 ⁸ο.

1135 858 1173 880 τοῦ
1201 853 1300 890 βάρους
1324 853 1403 879 αὐτοῦ
1430 854 1464 882 ⁸ο,
1503 851 1668 890 σωτηριῶδες
1710 857 1792 879 τοῦτο
1828 854 1935 889 φάσκων

245 898 309 926 sine
323 898 548 934 impedimento,
561 899 643 935 quod
654 901 682 928 et
692 899 883 928 verissimum
894 903 966 935 erat,
983 901 1074 929 hosti-

246 943 314 976 bus,
322 951 391 971 cum
397 951 449 971 eos
458 943 620 980 reprimere
626 952 687 972 non
693 945 802 980 possis,
813 945 969 981 patebunt.
984 947 1072 974 Porro

246 988 410 1024 imperator
417 989 559 1022 Joannes,
567 991 670 1025 utpote
682 989 711 1017 in
718 989 809 1017 rebus
822 990 967 1018 similibus
980 999 1074 1026 sagax

245 1035 274 1062 et
292 1033 437 1070 prudens,
453 1032 634 1068 legationem
648 1033 744 1062 libens
755 1035 871 1070 accipit,
898 1037 926 1063 et
951 1043 1075 1064 concor-

247 1077 330 1106 diam
350 1085 419 1105 cum
431 1077 552 1105 sultano
568 1078 764 1113 conglutinat,
781 1081 813 1106 ut
826 1079 867 1106 sic
886 1080 1076 1108 adversarios

247 1121 447 1157 repellerent:
465 1129 536 1150 nam
554 1122 601 1150 his
625 1122 744 1150 duabus
770 1123 911 1151 maximis
935 1125 1076 1160 potentiis

249 1166 429 1195 consociatis
443 1166 612 1194 verosimile
626 1166 838 1195 fuerithostem
866 1171 979 1196 metum
1006 1177 1077 1197 con-

250 1210 358 1246 cipere,
376 1210 401 1238 si
414 1210 487 1238 dum
498 1212 602 1238 contra
611 1218 706 1239 unum
717 1211 906 1246 invehuntur,
918 1213 1079 1250 derepente

253 1256 359 1283 contra
372 1254 449 1282 duos
478 1262 509 1282 se
533 1263 618 1284 arma
647 1256 811 1292 sumpsisse
840 1257 1078 1293 deprehendant.

252 1301 375 1336 Propter
387 1299 451 1327 biec
466 1299 567 1336 itaque
583 1299 614 1328 in
629 1307 723 1328 unum
735 1301 794 1337 75
810 1302 919 1329 animis
930 1303 1078 1338 coaluere,

253 1343 417 1380 amboque,
433 1352 502 1372 cum
519 1345 650 1373 Joannes
664 1345 827 1381 imperator
851 1349 914 1374 tum
944 1347 1079 1376 sultanus

251 1388 425 1424 Iathatinas,
443 1389 526 1425 apud
536 1389 686 1425 Tripolim,
696 1398 790 1426 quam
801 1391 948 1419 Maeander
960 1395 1078 1428 praeter-

250 1433 325 1466 ﬂuit,
356 1436 446 1469 ponte
463 1441 482 1462 θ.
520 1434 628 1462 sultani
655 1435 742 1463 sociis
771 1436 965 1472 extemporali
990 1437 1079 1473 lignis

252 1479 411 1512 exstructo,
426 1480 458 1506 ut
476 1478 591 1506 facilior
606 1479 828 1507 transeuntibus
843 1482 957 1516 pateret
967 1481 1076 1514 aditus,

1127 899 1268 934 τυγχάνειν
1284 898 1306 915 ⁸⁸
1324 898 1417 934 ἀμφοῖν
1432 898 1500 934 (82)⁸
1523 901 1569 924 τοῦ
1588 899 1637 935 γὰρ
1666 899 1756 933 γένους
1782 902 1838 924 τῶν
1866 901 1936 924 Meu-

1129 943 1279 979 σουλμάνων
1307 944 1379 979 παρὰ
1407 948 1456 969 τῶν
1481 944 1611 981 Ταχοὶρων
1642 942 1809 974 ἀπολωλότος
1851 943 1939 972 ἄνετος

1128 988 1242 1015 λείπεται
1253 991 1307 1019 τοῖς
1335 987 1459 1018 ἐναντίοις
1482 989 1496 1017 ἡ
1526 989 1592 1014 κατά
1621 992 1669 1014 τῶν
1700 988 1857 1024 Ῥωμαῖκῶν
1882 998 1939 1023 χω-

1130 1037 1180 1070 ρῶν
1203 1031 1305 1068 ἔφοδος.
1333 1035 1383 1059 Καὶ
1408 1031 1438 1061 ἦν
1465 1036 1540 1059 τοῦτο
1564 1034 1631 1059 πάνυ
1660 1042 1690 1067 γε
1715 1031 1810 1063 ἀληθές
1841 1033 1879 1050 ³³-
1911 1032 1938 1057 ’0

1130 1081 1192 1114 γοῦν
1207 1078 1326 1109 Ἰωάννης
1339 1078 1373 1111 ⁸³,
1387 1078 1430 1104 οἶα
1446 1079 1540 1108 ἐκεῖνος
1568 1076 1652 1108 δεινὸς
1679 1077 1705 1103 ἓν
1730 1081 1785 1108 τοῖς
1811 1079 1939 1107 τοιούτοις

1131 1124 1295 1160 πράγμασιν,
1310 1120 1470 1158 ἀποδέχεται
1482 1121 1524 1158 [Ρ.
1541 1121 1587 1158 38]
1614 1122 1723 1158 ἅσμενος
1744 1122 1769 1139 ⁸⁸
1798 1124 1850 1151 τήν
1872 1131 1937 1158 πρε-

1134 1166 1221 1193 σϐείαν
1236 1169 1280 1193 καὶ
1300 1167 1334 1197 έίς
1357 1167 1446 1193 ἕνωσιν
1476 1166 1605 1192 συνελθεῖν
1631 1167 1774 1204 ἡρετίσατο
1806 1170 1844 1192 τῶ
1862 1167 1938 1193 σουλ-

1132 1212 1236 1246 τὰν,ὡς
1249 1212 1279 1237 ἄν
1308 1215 1385 1237 τοῦτο
1409 1214 1464 1242 τοῖς
1492 1210 1614 1242 ἐναντίοις
1642 1211 1676 1242 εἰς
1703 1210 1860 1248 ἀποτροπὴν
1893 1213 1938 1246 γὲ-

1132 1265 1202 1282 νοιτο
1227 1266 1233 1272 ·
1262 1257 1396 1292 ἠνωμένων
1420 1256 1470 1292 γὰρ
1499 1259 1549 1281 τῶν
1573 1256 1696 1282 τοιούτων
1724 1253 1773 1281 δὺο
1803 1258 1938 1291 μεγίστων

1134 1303 1224 1337 ἀρχῶν
1245 1300 1310 1330 εἰκός
1342 1303 1434 1326 πτοίαν
1460 1300 1580 1335 γενέσθαι
1601 1304 1656 1331 τοῖς
1687 1300 1834 1336 πολεμίοις,
1876 1302 1938 1337 πρὸς

1133 1345 1177 1372 ἕνα
1188 1346 1233 1381 μὲν
1248 1346 1343 1381 ἔχουσι
1353 1346 1396 1371 τὸν
1413 1346 1520 1377 σκοπὸν,
1537 1346 1602 1382 πρὸς
1613 1343 1661 1370 δύο
1690 1343 1720 1371 δὲ
1745 1344 1842 1382 ἀθρόον
1870 1345 1938 1381 εὑρι-

1136 1392 1269 1426 σκομένοις
1291 1390 1327 1417 ⁸⁵.
1354 1392 1404 1416 Καὶ
1427 1393 1488 1425 γοῦν
1518 1389 1556 1415 ἐπὶ
1583 1393 1638 1420 τοῖς
1660 1390 1774 1419 τοιούοις
1805 1399 1938 1415 συσκευαη

1136 1435 1241 1470 σάμενοι
1267 1435 1290 1452 ⁸⁵
1317 1434 1474 1463 σννηλθέτην
1502 1435 1547 1459 καὶ
1574 1434 1661 1470 ἄμφω,
1696 1433 1708 1459 ὁ
1742 1443 1770 1460 τε
1814 1433 1936 1469 βασιλεὺς

1133 1479 1252 1509 Ἰωάννης
1278 1479 1299 1496 ⁸⁷
1324 1481 1369 1504 καὶ
1395 1479 1408 1504 ό
1424 1478 1533 1505 σουλτάν
1559 1479 1714 1512 Ἰαθατίνης,
1745 1478 1769 1504 ἐν
1795 1483 1834 1514 τῷ
1863 1478 1935 1504 ἄστει

252 1522 737 1560 semethumanissimeexcipiunt,
749 1524 857 1560 aliique
868 1524 942 1553 alios
953 1533 1079 1561 magna-
1095 1540 1115 1568 ρ
1133 1527 1183 1553 τῶς
1201 1522 1353 1560 Τριπόλεως,
1382 1524 1445 1549 ὅπου
1467 1532 1476 1548 τ

1135 1527 1183 1553 τῶς
1201 1522 1353 1560 Τριπόλεως,
1382 1524 1445 1549 ὅπου
1467 1524 1512 1548 καὶ
1536 1523 1548 1548 ό
1575 1521 1725 1559 Μαίανδρος
1745 1523 1786 1560 ῥιί
1808 1532 1933 1559 ποταμος.

252 1569 296 1596 tes
315 1575 351 1596 ac
365 1575 523 1604 proceres;
535 1570 563 1596 et
575 1568 670 1604 pactis
685 1568 797 1604 quibus
811 1571 900 1597 antea
915 1569 1080 1605 obstringe-

251 1611 373 1644 bantur,
390 1613 522 1641 sanctius
542 1612 736 1647 conﬁrmatis,
754 1615 786 1641 ut
801 1613 889 1641 simul
903 1622 964 1642 una
988 1615 1081 1643 ambo

251 1656 356 1686 hostes
367 1657 472 1693 proelio
482 1657 671 1691 lacesserent,
680 1657 790 1693 abiere,
797 1658 927 1686 Joannes
937 1659 1081 1687 Philadel-

253 1701 360 1738 phiam
375 1703 489 1737 petens,
507 1701 644 1730 sultanus
660 1702 794 1730 Iconium
821 1702 870 1730 ubi
894 1703 975 1738 regia
1002 1703 1082 1731 illius

254 1748 326 1774 erat.
344 1747 378 1773 Et
391 1747 463 1774 tunc
477 1746 601 1782 quidem
613 1748 738 1782 uterque
751 1747 911 1783 tranquilla
923 1756 996 1784 pace
1007 1756 1081 1776 usus

254 1792 308 1818 est.
332 1791 407 1818 Nam
431 1791 633 1818 Tacharorum
656 1791 801 1819 exercitus
828 1792 889 1820 suis
914 1801 945 1820 se
968 1793 1081 1821 ﬁnibus

255 1835 410 1871 continuit,
424 1843 480 1863 nec
494 1836 695 1872 praescriptos,
711 1836 754 1864 uti
779 1837 873 1865 moris
902 1839 974 1873 erat,
1004 1840 1082 1866 tran-

255 1880 380 1914 scendit,
392 1888 462 1908 cum
471 1880 562 1908 rebus
572 1880 741 1908 domesticis
756 1880 949 1910 incumberet.

1135 1569 1248 1605 Γέφυραν
1264 1571 1326 1604 γοῦν
1339 1567 1365 1599 ἐξ
1377 1565 1556 1603 αὐτοσχεδίου
1579 1567 1606 1593 ἔκ
1631 1567 1712 1598 ξύλων
1736 1568 1762 1593 οἱ
1785 1571 1833 1594 τοῦ
1861 1567 1933 1594 σουλ-

1134 1615 1180 1641 τὰν
1197 1613 1370 1650 ἐργασάμενοι
1381 1612 1474 1649 εὐχερῆ
1503 1615 1558 1643 τοῖς
1585 1611 1750 1649 βουλομένοις
1777 1615 1935 1642 πεποιήκασι

1134 1661 1181 1688 τὴν
1205 1659 1357 1694 περαίωσιν.
1370 1656 1509 1688 Ἀλλήλους
1534 1660 1596 1693 γοῦν
1622 1658 1646 1683 οἱ
1671 1656 1753 1693 ἀρχοὶ
1778 1657 1933 1695 φιλοφρόνως

1136 1701 1334 1739 δεξιωσάμενοι,
1351 1703 1388 1728 ἔτι
1408 1700 1438 1728 δὲ
1452 1704 1497 1728 καὶ
1509 1703 1570 1732 τοὺς
1598 1701 1640 1737 ὑφ’
1668 1701 1789 1739 ἑκάτερον
1823 1702 1935 1738 ἑκάτεροι

1135 1749 1308 1785 προῦχοντας,
1337 1749 1382 1773 καὶ
1413 1747 1544 1777 συνθήκας
1567 1746 1596 1777 οἷς
1620 1749 1664 1772 καὶ
1687 1748 1737 1784 πρὸ
1776 1749 1823 1773 τόῡ
1865 1745 1934 1782 εἶχον

1135 1794 1286 1830 κρειττόνως
1303 1790 1521 1828 βεϐαιωσάμωοι,
1538 1792 1573 1822 ὡς
1583 1792 1613 1817 ἄν
1644 1792 1772 1827 μάχοιντο
1801 1793 1932 1827 evasisti:-

1135 1847 1182 1868 νως
1208 1837 1261 1867 τοῖς
1283 1835 1408 1867 ἐναντίοις
1436 1835 1472 1871 ³⁸,
1500 1834 1695 1868 διιλὺθησαν,ό
1813 1835 1933 1872 βασιλεὶς

1138 1881 1306 1919 ὑποστρέψας
1317 1880 1350 1911 εἰς
1360 1882 1406 1909 τὴν
1418 1878 1587 1916 Φιλαδέλφου,
1602 1881 1615 1906 ὁ
1641 1878 1670 1906 δὲ
1699 1879 1809 1906 σουλτὰν
1835 1880 1868 1910 εἰς
1887 1883 1931 1909 τὴν

256 1925 391 1959 Ἰκονιέων,
420 1926 481 1951 ἔνθα
505 1923 535 1954 ἦν
559 1927 604 1951 καὶ
633 1926 666 1952 τὰ
694 1925 829 1962 βασίλεια.
853 1929 916 1953 Τότε
937 1928 982 1963 μὲν
1009 1929 1054 1953 καὶ
1086 1927 1111 1953 ἄν
1134 1926 1228 1964 ἀμφοῖν
1254 1927 1288 1952 τὰ
1311 1930 1359 1956 τῆς
1387 1926 1480 1961 μάχης
1507 1925 1652 1961 ἠρέμησαν.
1681 1927 1731 1951 Καὶ
1759 1926 1810 1962 γὰρ
1837 1926 1852 1954 ἡ
1885 1929 1931 1951 τῶν

255 1970 386 2008 Ταχάρων
419 1970 532 2007 στρατιά
568 1969 627 1996 καθ’
659 1969 755 1996 ἑαυτῶν
793 1972 871 2008 ἔμενε,
905 1973 950 1998 καί
982 1971 1011 1998 οὗ
1034 1974 1153 2002 κεκίνητο
1182 1972 1216 2002 ὡς
1245 1970 1302 2001 ἔθος
1325 1980 1332 1986 ·

257 2015 410 2052 πράγμασιν
425 2014 460 2041 ⁸ο.

295 2069 318 2087 7‘
343 2079 373 2096 ου
395 2068 488 2100 κλῆσις
516 2076 577 2096 om.
611 2069 642 2097 D.
681 2069 705 2087 ⁷⁸
738 2070 792 2100 υἱὸς
818 2069 955 2100 Ἀζατίνου
987 2070 1019 2097 D.

1363 1969 1386 1996 ἐν
1415 1972 1470 2000 τοῖς
1494 1969 1589 1996 ἑαυτῶν
1621 1971 1666 1995 καὶ
1692 1970 1742 2007 γὰρ
1772 1969 1930 2006 ἡσχολοὼτο

1057 2070 1079 2087 ”¹“⁷
1101 2070 1115 2095 ὁ
1140 2085 1173 2090 -
1197 2069 1316 2096 ἀπώνατο
1341 2075 1402 2096 om.
1433 2069 1465 2096 D.
1485 2067 1528 2111 ’7‘
1543 2067 1575 2111 Ἰὲν
1596 2083 1632 2087 —
1659 2066 1933 2111 πρέσϐἑις]ηπρέσϐεις

259 2104 303 2133 οὖν
318 2107 350 2133 ι).
389 2105 414 2123 ⁷³
430 2106 463 2136 ὡς
477 2104 652 2142 ἀποτρέψαιτο
741 2106 765 2123 ⁸ο
780 2109 825 2132 τοῦ
846 2105 945 2143 βάρους
959 2105 1039 2131 αὐτοῦ
1062 2113 1122 2133 om.
1142 2107 1183 2146 ρ.
1221 2105 1242 2122 ⁸¹
1267 2105 1371 2140 φάσκων
1400 2103 1553 2146 τυγχάνειν]
1576 2103 1708 2146 τυγχάνον
1797 2103 1820 2120 ⁸³
1846 2106 1932 2146 καὶ-

262 2141 353 2170 ἀληθές
363 2149 423 2168 om.
442 2141 474 2168 ι).

513 2139 613 2176 ⁸³’γόῡν
627 2157 662 2161 —-
675 2140 798 2177 βασιλεὺς
813 2139 930 2172 Ἰωάννης
949 2143 980 2173 D,
992 2141 1114 2169 omissis
1127 2139 1211 2168 οἷα-
1225 2141 1387 2176 πράγμασιν.

263 2178 454 2219 εὑρισκομένοις
467 2174 572 2219 o'm.‘D,
612 2174 762 2219 3:70-1:11.—
776 2179 1000 2213 συσκευασάμενοι
1014 2185 1071 2218 οζη.
1105 2178 1137 2204 Ι).
1160 2174 1349 2219 ⁹⁷Μ²1ώοίνὶίηςι
1363 2178 1390 2202 εἴ
1418 2183 1476 2219 111ρέ

1135 2198 1137 2203 ,
1160 2174 1390 2219 θτῇθιώοίννηςιει
1418 2174 1659 2219 ωρῑΊτπθυω-ῑυπ
1686 2182 1748 2202 om.
1777 2174 1810 2202 D.

1742 2139 1765 2156 ⁸⁵
1781 2141 1826 2164 καὶ
1846 2139 1877 2168 εἰς
1901 2154 1931 2158 -

1847 2175 1870 2192 ss
1896 2176 1932 2210 γέ.

1427 2140 1450 2156 ⁸⁸
1464 2140 1576 2175 ἄσμενος
1591 2147 1651 2166 om.
1669 2139 1703 2165 D.

263 2210 345 2250 φυραν
361 2210 395 2232 4
406 2211 538 2250 ἐναντίοις]
559 2216 614 2240 εἶτα
625 2210 658 2241 Πξ
697 2214 720 2231 ³9
734 2214 747 2239 ό
758 2215 803 2250 μὲν
816 2229 852 2233 -
866 2210 1018 2250 πράγμασιν
1034 2213 1168 2250 ἠρέμησαν
1185 2210 1214 2238 δὲ
1224 2214 1268 2238 καὶ
1279 2212 1303 2238 οἱ
1313 2212 1433 2248 Τάχαροι
1447 2212 1479 2239 D.

721 2284 892 2318 Theodori
904 2285 1027 2318 Dousae
1047 2289 1080 2318 et
1095 2283 1220 2318 Leonis
1240 2282 1357 2316 Allatii
1373 2285 1476 2316 notae.

262 2356 703 2393 utraquelndiripapatet,qua
718 2356 843 2384 subacta
854 2356 884 2393 in
893 2356 1086 2393 Arachosiam
1104 2357 1124 2384 D
1143 2356 1342 2393 excurrerent,
1355 2356 1382 2393 et
1393 2353 1512 2393 imperii
1520 2352 1682 2381 suilimites
1692 2352 1840 2393 littoribus
1849 2354 1931 2382 maris

262 2392 548 2422 etCarmaniamiter
559 2394 746 2426 convertunt,
758 2392 931 2427 etgentibus
940 2392 1087 2420 illisfacile

261 2429 384 2457 devictis
399 2428 439 2457 ad
454 2428 611 2457 Chaldaeos
625 2427 772 2464 etArabes
788 2427 1088 2464 perveniunt.Deinde

261 2464 300 2494 ad
309 2464 488 2500 Babylonios
497 2467 525 2492 et
532 2463 671 2500 Assyrios
683 2464 858 2500 transgressi
879 2464 1089 2500 Mesopotamia

260 2499 421 2536 occupant,
437 2502 465 2528 et
479 2499 537 2527 loci
550 2499 833 2536 amrenitaterallecti
842 2499 1088 2536 erroresgtiniunt,

260 2534 356 2565 Tertio
363 2543 444 2564 anno
452 2536 571 2563 Jaxarte
577 2534 670 2562 ﬂuvio
679 2535 732 2571 traj
737 2537 801 2563 ecto
808 2536 909 2563 Asiam
924 2535 1088 2563 inferiorem

261 2571 318 2600 sibi
333 2571 497 2607 vindicant,
510 2578 566 2598 nec
575 2573 638 2598 tum
649 2571 837 2607 quieverunt,
846 2571 896 2599 sed
910 2571 1019 2598 tribuni
1031 2570 1090 2607 alio

239 2623 242 2626 ~
261 2610 352 2642 atque
363 2607 422 2635 alio
433 2606 515 2634 missi
528 2607 630 2634 Persas
639 2606 771 2642 primum
784 2610 812 2635 et
824 2607 943 2635 ParthOS
955 2609 982 2633 et
993 2606 1090 2634 Medos

262 2616 292 2636 at
316 2616 352 2635 ue
363 2616 422 2635 aiio
433 2616 515 2634 [D185]
528 2616 630 2634 versas
639 2616 771 2642 primum
784 2616 812 2635 ei
824 2616 943 2635 vannos
955 2616 982 2633 et
993 2616 1090 2634 meuos

262 2616 417 2678 su%igunt,
433 2642 540 2670 deinde
556 2642 728 2671 Armeniam
737 2643 883 2678 majorem
895 2642 1090 2670 ascendentes

262 2677 435 2708 Colchidem
447 2680 474 2706 et
486 2677 645 2706 ﬁnitimam
656 2679 697 2707 illi
709 2677 1007 2707 lberiamexcurrunt.
1020 2679 1093 2705 Prae-

262 2714 315 2751 dia
320 2714 528 2751 postmodum
539 2715 756 2748 ammnissima,
767 2717 796 2742 et
804 2713 1006 2751 delicatissimi
1018 2721 1063 2749 agi
1071 2713 1092 2748 i,

264 2748 376 2786 quibus
386 2750 429 2778 illi
440 2759 630 2787 summopere
645 2750 783 2787 delectati
799 2751 877 2787 sunt,
902 2748 1025 2787 etfacere
1042 2748 1090 2783 ut,

267 2784 361 2822 (illam
375 2787 477 2815 animo
488 2787 554 2823 jam
562 2784 777 2823 possidebant,
792 2785 894 2814 Asiam
920 2784 1092 2814 interiorem

1144 2391 1347 2419 terminarent.
1357 2388 1498 2417 Gentibus
1506 2392 1617 2421 tamen,
1624 2397 1702 2425 quas
1710 2388 1879 2425 invisrerant,
1887 2398 1931 2418 an-

1143 2435 1205 2455 nua
1214 2426 1322 2462 tributa
1330 2426 1550 2462 imposuerunt,
1563 2423 1652 2462 etpro
1659 2432 1714 2452 sua
1724 2423 1844 2462 libidine
1854 2425 1929 2462 quid-

1144 2462 1188 2490 vis
1207 2462 1239 2490 id
1253 2461 1318 2489 illas
1333 2460 1506 2489 decernunt.
1521 2460 1652 2488 Tandem
1664 2460 1930 2496 Assyriorum,'Per-

1145 2506 1259 2537 sarum
1275 2499 1304 2525 et
1327 2495 1688 2537 Qhaldzeorum‘moribus
1713 2495 1830 2537 exculti,
1844 2497 1930 2537 patrio

1144 2533 1277 2562 numinis
1298 2533 1379 2560 cultu
1400 2535 1572 2568 contempto
1588 2531 1627 2560 ad
1649 2539 1753 2568 eorum
1769 2531 1930 2568 religionem

1144 2569 1336 2602 inclinarunt,
1357 2567 1534 2604 illorumque
1555 2575 1653 2595 mores
1665 2569 1694 2604 et
1708 2567 1840 2596 instituta
1851 2568 1929 2596 rebus

1145 2605 1175 2633 in
1186 2604 1329 2633 omnibus
1339 2604 1431 2632 secuti
1445 2602 1523 2631 sunt.
1542 2603 1574 2630 Hi
1585 2602 1798 2637 Musulmanos,
1809 2611 1879 2639 ques
1889 2604 1929 2632 alii

1145 2643 1255 2669 Turcas
1272 2642 1389 2674 vocant,
1402 2647 1437 2667 eo
1453 2642 1586 2675 tempore
1598 2639 1708 2675 pugnis
1724 2640 1753 2666 et
1767 2639 1929 2675 excursioni-

1146 2677 1202 2705 bus
1213 2676 1345 2704 assiduis
1355 2675 1460 2710 acriter
1467 2674 1674 2710 hostiliterque
1681 2674 1864 2703 divexahant.
1871 2679 1927 2703 ALL.

1183 2713 1237 2747 (82)
1257 2709 1425 2748 Σωτηριὼδες
1449 2715 1523 2737 τοὺτο
1545 2709 1654 2747 φάμενος
1675 2711 1814 2746 τυγχάνειν
1837 2715 1926 2748 αμφοίν.

1147 2749 1291 2784 Gregoras
1304 2756 1333 2784 p.
1348 2748 1393 2776 41.
1407 2749 1474 2774 ALL.
