1970 3082
190 82 256 111 1083

819 77 960 107 GEORGII
974 77 1205 107 ACBOPOLITE

1813 76 1898 105 1084

187 152 249 173 non
263 144 303 172 ita
316 142 405 171 facile
419 142 534 179 poterat
547 148 563 168 e
580 148 611 168 re
625 142 698 169 nata.
709 140 834 177 dignum
844 140 897 169 tali
924 140 1010 175 solio,
1027 141 1051 168 Δ
1069 149 1123 167 κεν.

1081 150 1123 167 ιεν.
1143 140 1275 177 Ἐστέριτο
1286 142 1348 175 γοῦν
1374 139 1518 178 ἀρχιερέως
1545 140 1560 170 ἡ
1588 139 1740 170 Ἐκκλησία.
1771 140 1809 167 ’0
1834 141 1897 177 γὰρ

187 189 233 217 vel
246 188 344 225 potius
356 187 407 223 qui
423 187 463 215 illi
478 186 666 223 probaretur,
693 185 833 214 invenire.
865 185 1012 221 Principes

189 233 269 261 enim
282 233 312 260 in
323 233 387 260 haec
401 239 527 259 munera
539 231 628 265 viros,
645 231 697 267 qui
707 231 790 266 quod
805 230 860 258 illis
869 229 1013 267 placitum

188 277 421 305 estfaciantnec
435 276 496 303 suis
525 275 680 303 desideriis
709 275 918 308 adversentur,
940 274 1014 302 asci-

188 323 284 349 scunt.
297 320 516 356 lgiturmultum
523 320 705 356 praeterierat
712 322 841 356 tempus,
850 327 905 348 nec
911 319 1015 347 aderat

188 365 240 403 qui
254 373 324 394 oves
335 364 523 400 gubernaret.

225 499 268 526 43.
283 499 375 526 Porro
390 498 522 526 Joannes
538 497 710 534 imperator,
725 500 757 526 ut
768 498 908 533 diximus,
922 499 949 526 in
961 505 1014 534 op-

189 544 318 580 positam
334 551 349 571 e
362 543 483 578 regione
503 543 703 571 continentem
723 546 813 579 atque
846 543 1015 574 occiduam.

191 591 222 617 ut
236 588 326 616 urbes
341 589 371 616 in
387 596 423 616 ea
437 596 471 616 ac
487 588 600 624 oppida.
614 596 722 624 resque
741 588 771 616 in
794 587 850 616 illis
874 588 1016 618 visitaret.

192 633 246 662 iter
256 633 381 661 instituit
396 642 402 660 :
415 641 486 661 nam
502 632 541 660 ad
554 632 700 669 oppidum
716 633 762 660 cui
774 640 884 661 nomen
900 632 1018 660 Zichnm

192 681 244 714 est,
259 686 353 714 prope
381 679 492 707 Serras.
518 677 659 705 omnibus
688 676 911 705 dominabatur.
938 678 1019 705 Tunc

192 722 353 758 Bulgarum
366 722 458 750 Asani
472 721 551 750 ﬁlius
574 721 756 750 Callimanus
771 721 832 749 duo
859 724 887 749 et
915 721 1018 750 decem

192 775 288 795 annos
302 769 392 795 natus
407 766 609 802 principatum
636 765 766 794 tenebat.
795 766 867 793 Cum
889 765 929 793 ad
954 765 1021 793 loca

193 811 264 840 Cissi
280 811 443 846 imperator
458 810 665 846 processisset,
676 810 788 838 ibidem
816 812 1020 838 commoratus

1069 184 1193 222 βασιλεὺς
1229 185 1356 219 Ἰωάννης,
1383 185 1408 211 ἐν
1435 189 1489 216 τοῖς
1517 195 1645 216 τοιουτοις
1669 187 1706 222 μὴ
1728 188 1899 223 πρόχειρος

1068 230 1112 262 ὧν,
1127 229 1174 254 οὐκ
1198 229 1312 265 εὐχερῶς
1341 228 1411 265 εἶχεν
1433 229 1461 255 ἐκ
1484 233 1529 256 τοῦ
1562 232 1707 267 προχείρου
1723 231 1771 256 τὸν
1808 229 1899 261 ἀξιον

1068 273 1189 310 ἐφευριῑν,
1219 274 1234 303 ἣ
1261 273 1356 310 μᾶλλον
1390 275 1432 300 τὸν
1459 274 1547 309 ἐκείνῳ
1587 273 1725 311 ἀρέσονται
1753 274 1901 309 μάλιστα

1067 319 1118 356 γὰρ
1143 319 1167 344 οἱ
1197 321 1347 355 κρατοῦντες
1383 320 1445 350 τοὺς
1471 320 1537 356 πρὸς
1562 317 1697 356 ἀρέσκειαν
1720 318 1746 345 ἂν
1770 320 1898 350 τούτοις

1067 365 1229 400 προσίενται,
1258 364 1291 393 ὡς
1320 363 1351 389 οἶν
1394 366 1430 399 μή
1477 373 1549 394 τινας
1579 364 1664 399 ἔχοιεν
1689 362 1900 400 ἂντιρίζοντας

1067 411 1121 438 τοῖς
1136 407 1299 444 βουλημασι.
1325 406 1461 445 Παρερῥύη
1488 412 1551 444 γοῦν
1574 410 1672 446 χρόνος
1691 410 1812 445 συχνὸς,
1844 410 1899 435 καὶ

1069 451 1116 478 οὐκ
1130 452 1184 481 ἧνὸ
1201 450 1328 488 διεξάγων
1347 453 1378 478 τό
1392 454 1522 489 ποίμνιον.

1105 495 1157 533 μ7’.
1180 495 1210 523 Ὀ
1239 497 1284 532 μὶν
1309 497 1354 522 οὖν
1384 496 1511 533 βασιλεὺς
1536 497 1662 531 Ἰωάννης,
1701 498 1739 529 ὡς
1767 498 1895 534 ἔφημεν,

1071 540 1106 572 εἰς
1125 543 1172 570 τὴν
1194 540 1331 579 ἀντιπέραν
1362 544 1407 567 καὶ
1440 539 1552 571 δυτικὴν
1579 541 1688 568 ἄποιιῖτο
1714 543 1760 568 τὸν
1794 540 1894 578 βάδον

1071 587 1151 623 χάριν
1161 589 1207 612 τοῦ
1219 587 1266 617 τὰς
1287 584 1369 612 ἐκεῖσε
1383 589 1476 624 χώρας
1508 589 1554 613 καὶ
1579 588 1612 613 ’ὰ
1630 586 1654 612 ἓν
1680 587 1770 617 αὐτοῖς
1801 596 1893 613 και-το-

1071 631 1237 657 πτεύσασθαι
1262 630 1341 660 ἄστη·
1377 633 1423 657 καὶ
1450 633 1532 668 μέχρι
1567 632 1618 667 γὰρ
1645 635 1692 657 τοῦ
1721 632 1796 658 οὕτω
1829 641 1893 663 πως

1072 675 1293 712 ἄπονομαζομένου
1324 675 1421 706 ἆστιως
1455 678 1551 712 Ζίχνα,
1599 675 1675 712 ὶγγύς
1717 686 1770 702 που
1811 678 1894 706 ὄντος

1073 719 1180 757 Σιρῥῶν,
1210 720 1329 745 ἁπάντων
1343 718 1494 750 ἑδέσποζεν.
1525 720 1612 758 Ἦρχι
1625 722 1670 756 μὶν
1702 723 1761 746 τότε
1795 720 1891 746 Βουλ-

1073 766 1160 801 γάρων
1175 764 1199 781 ⁰⁷
1221 765 1234 790 ὁ
1259 768 1304 791 τοῦ
1338 764 1418 791 Ἀσὰν
1443 765 1500 796 υἱὸς
1527 764 1686 801 Καλλιμὰνος
1710 763 1892 795 δωδεκαέτης

1075 809 1118 835 ὢν.
1133 807 1203 834 Ἐπεὶ
1217 811 1279 844 γοῦν
1295 808 1336 835 ἐπὶ
1360 810 1394 835 τὰ
1421 811 1484 845 μέρη
1506 812 1553 835 τοῦ
1579 812 1681 836 Κισσοῦ
1709 810 1723 835 ὁ
1752 808 1891 845 βασιλεὺς

192 855 240 883 die
255 858 376 891 postero
389 854 443 882 iter
455 856 620 887 continuat,
637 857 665 882 et
692 854 730 882 ad
747 854 860 882 ﬂumen
878 854 1019 887 Hebrum,
1035 848 1057 874 Β
1076 851 1129 888 ἐνέν

1081 851 1185 888 ἐγένετο,
1228 852 1333 880 κάκεῖσε
1371 851 1548 890 διημιριὺσας
1589 855 1636 883 τὴν
1683 853 1813 890 ἕπαύριον
1841 857 1891 884 τῆς

191 907 285 937 prope
292 899 371 927 Beris
382 899 595 927 monasterium
603 899 784 926 deﬂuentem
793 901 821 927 et
828 899 866 926 ab
873 898 1021 934 indigenis

193 945 330 973 Maritzan
347 947 496 978 vocatum,
513 944 656 981 pervenit.
673 944 733 979 '78
752 944 782 971 ln
802 944 901 972 medio
923 943 1021 971 ﬂumi-

192 990 239 1017 nis
246 989 423 1017 coustitutus
431 988 592 1024 imperator
599 990 689 1024 (equo
695 988 774 1016 enim
783 996 889 1024 aquas,
898 988 1023 1024 quando

194 1037 283 1062 aestas
300 1034 553 1070 prmcipitabatur,
567 1041 639 1061 nam
661 1033 801 1061 vicesima
816 1033 946 1068 septima
972 1034 1024 1060 aut

194 1081 300 1107 octava
313 1080 376 1106 erat
387 1077 498 1105 mensis
511 1077 701 1113 Septembris,
715 1077 900 1112 permeabat)
920 1077 1023 1105 litteris

195 1131 213 1151 a
226 1131 324 1151 rerum
340 1130 491 1150 summam
505 1122 639 1149 Achridaa
651 1121 837 1157 gubernante
850 1122 888 1150 ad
900 1130 931 1150 se
947 1122 1024 1150 datis

196 1168 303 1195 certior
312 1166 552 1194 ﬁtCallimanum
565 1166 724 1200 Bulgarum
745 1167 911 1203 principem
931 1167 1024 1195 vitam

196 1211 309 1246 ﬁnisse,
317 1210 531 1238 nonnullorum
538 1210 939 1244 sententianaturalimorbo,
955 1210 1025 1238 alio-

197 1263 265 1284 rum
278 1255 317 1283 ab
333 1255 511 1283 adversariis
522 1254 560 1283 ad
570 1254 628 1283 hoc
643 1254 720 1283 clam
739 1258 844 1291 parato
859 1255 1024 1291 pharmaco

197 1299 387 1329 exstinctum.
401 1302 436 1327 At
449 1299 496 1328 hic
507 1300 569 1327 sive
582 1300 637 1327 hac
650 1300 710 1328 sive
719 1299 777 1328 alia
788 1300 901 1328 ratione
912 1308 948 1328 ex
974 1300 1026 1328 ho-

197 1344 329 1372 minibus
345 1343 481 1372 sublatus
496 1346 548 1372 est.
562 1345 618 1372 Nec
631 1351 730 1372 rumor
743 1353 761 1372 a
772 1345 891 1372 veritate
898 1344 1004 1372 aberat
1017 1353 1024 1379 ;

198 1389 294 1418 crebis
309 1390 388 1417 enim
405 1389 516 1417 nuntiis
528 1389 558 1417 id
575 1389 813 1418 asseverabatur.
829 1389 895 1418 Haec
920 1390 971 1418 ubi
982 1398 1023 1418 re~

198 1434 300 1462 scisset
312 1433 482 1469 imperator,
495 1434 549 1462 iter
562 1434 761 1470 prosequitur,
775 1437 803 1462 et
817 1434 1025 1470 Chrislopolim

197 1481 428 1515 praetergressus
435 1487 528 1515 quam
534 1478 668 1507 celeriter
679 1478 829 1515 Philippos
837 1479 965 1514 attingit,
972 1479 1026 1507 ibi-

1075 899 1179 934 ποριίοις
1203 898 1301 933 εἴχετο,
1342 897 1477 933 ἱπιφθάκιι
1517 896 1547 924 δὲ
1571 897 1613 924 ἰπὶ
1641 899 1684 924 τὸν
1711 900 1836 934 ποταμὸν
1862 898 1891 924 ὃν

1076 941 1169 979 Ἕϐρον
1183 942 1305 976 καλοῦσι,
1320 942 1433 971 πλησίον
1449 943 1472 960 ⁰³
1487 947 1533 973 τῆς
1542 947 1622 979 μονῆς
1638 946 1684 969 τοῦ
1714 944 1799 979 Βηρός
1827 943 1890 976 (84)

1077 987 1269 1023 ὀνομαζομένης
1284 987 1307 1004 9’
1330 989 1482 1023 ποιούμενον
1507 988 1555 1017 τὰς
1578 987 1649 1024 ῥοὰς,
1680 987 1824 1024 Μαρίτζαν
1858 984 1891 1012 δί

1076 1032 1230 1068 καλούμενον
1245 1035 1377 1068 χωριτικῆ
1399 1029 1525 1067 διαλέκτῳ
1540 1033 1561 1059 ¹.
1579 1032 1653 1058 Κατὰ
1680 1029 1710 1058 δὲ
1745 1034 1775 1058 τὸ

1077 1080 1122 1103 τοῦ
1149 1080 1267 1112 ποταμοῦ
1295 1078 1430 1112 γινομένου
1474 1080 1520 1102 τοῦ
1545 1075 1674 1112 βασιλέως
1711 1077 1787 1110 (ποσὶ

1079 1122 1163 1148 ἳππων
1179 1121 1285 1158 ὑπῆρχε
1300 1120 1393 1157 βατός,
1419 1119 1522 1157 ἐπείπερ
1557 1121 1644 1158 θέρους
1671 1121 1741 1151 τέλος
1766 1120 1888 1156 ἐτύγχα-

1078 1176 1126 1192 νεν·
1144 1166 1276 1202 φθίνοντος
1311 1166 1362 1202 γὰρ
1401 1168 1475 1201 τρίτη
1504 1165 1519 1195 ἡ
1554 1167 1599 1191 καὶ
1639 1166 1749 1202 τετάρτη
1770 1169 1887 1202 Σεπτεμ-

1079 1210 1153 1248 ϐρίου
1272 1211 1380 1246 μήνυμα
1431 1207 1633 1246 διὰκικόμισται
1681 1212 1887 1246 σεσημασμένον

1078 1259 1164 1291 γραφὴ
1182 1253 1306 1283 σταλείση
1327 1255 1399 1291 παρὰ
1417 1258 1463 1280 τοῦ
1483 1257 1529 1283 τὴν
1549 1252 1679 1290 δημόσιον
1707 1258 1756 1286 τῆς
1786 1254 1887 1293 ’Δχρι-

1080 1299 1128 1327 δοῦ
1144 1303 1299 1336 κρατοῦντος
1324 1298 1423 1336 ἀρχὴν,
1447 1300 1479 1330 ὡς
1503 1300 1514 1317 ²
1543 1300 1556 1325 ό
1594 1299 1756 1336 Καλλιμάνος
1792 1301 1806 1327 ό
1833 1305 1887 1327 τῶν

1079 1344 1232 1382 Βουλγάρων
1251 1343 1342 1382 ἄρχων
1358 1344 1368 1361 ³
1383 1345 1426 1369 τὸν
1447 1343 1537 1380 βίοτον
1555 1343 1732 1382 ὶξιμέτρηιην,
1762 1346 1797 1376 ὡς
1819 1346 1886 1375 τινὲς

1081 1391 1125 1425 μὲν
1136 1390 1256 1425 ἔφασκον,
1278 1392 1375 1424 φυσικῇ
1391 1391 1551 1424 νόσῳιτοῡτο
1579 1390 1667 1415 παθὼν
1690 1390 1715 1415 οἱ
1743 1388 1768 1415 δ’
1801 1389 1886 1420 ἄλλως

1080 1433 1175 1469 ἔλεγον,
1211 1433 1246 1463 ὡς
1295 1432 1473 1470 ἑναντιόφροσι
1521 1434 1614 1460 τούτου
1656 1436 1757 1470 πόματι
1795 1435 1886 1471 κρύφα

1081 1477 1262 1514 ἄσκιυασμένῳ
1292 1479 1358 1508 πρὸς
1390 1480 1469 1514 μόρον
1508 1475 1674 1515 διέφθαρται.
1712 1477 1781 1505 Ἀλλ’
1807 1478 1883 1510 οὗτος

198 1523 328 1560 demque
343 1531 411 1551 cum
427 1523 609 1559 primoribus
616 1523 678 1551 suis
689 1524 846 1551 consilium
857 1524 918 1558 init,
933 1532 973 1552 an
987 1524 1026 1552 ir-
1041 1522 1061 1550 C
1081 1524 1125 1559 μὲν

1081 1524 1125 1559 μὶν
1146 1523 1192 1550 εἶθ’
1206 1523 1288 1552 οὕτως
1304 1522 1443 1553 εἰτ’ἆλλως
1471 1522 1497 1554 ἐξ
1526 1522 1666 1561 ἀνθρώπων
1699 1522 1809 1559 ὶγίνιτο,
1838 1526 1885 1550 καί

197 1568 400 1604 rumpendum
409 1569 524 1596 essetin
533 1568 962 1605 Bulgaros,abripiendumque
971 1569 1026 1597 ali-

198 1613 269 1649 quid
276 1613 357 1649 quod
367 1612 405 1641 ab
416 1613 488 1648 ipsis
495 1613 709 1649 occupabatur,
719 1615 745 1640 et
761 1621 799 1640 an
814 1613 892 1641 facili
907 1613 1027 1648 negotio

197 1660 300 1693 posset
314 1665 332 1685 a
342 1657 431 1685 nobis
446 1658 599 1685 Serrarum
610 1657 757 1693 oppidum
765 1658 943 1693 expugnari.
962 1657 1028 1690 Qui-

198 1702 269 1729 dam
283 1702 456 1737 imperatori
464 1701 609 1729 adversus
621 1701 766 1735 Bulgaros
785 1701 898 1730 bellum
914 1702 1028 1731 dissua‘

199 1746 326 1774 debant.
346 1747 410 1773 Non
423 1745 546 1773 haberet
558 1754 627 1773 eum
642 1746 775 1781 militem,
806 1754 875 1774 cum
900 1755 961 1775 non
990 1747 1030 1775 ad

199 1790 423 1825 conﬂigendum
431 1789 484 1819 sed
490 1798 544 1818 sua
551 1790 743 1818 solummodo
754 1790 901 1819 visitatum
907 1791 1030 1827 venerit,

201 1837 282 1863 tanto
297 1834 401 1871 proelio
411 1842 524 1870 parem.
536 1835 689 1863 Serrarum
700 1842 799 1863 arcem
818 1836 949 1871 primum
976 1845 1030 1873 ag-

201 1878 406 1914 grediendam,
423 1887 491 1907 eum
505 1887 521 1906 e
538 1878 657 1915 planitie
672 1880 824 1913 emineret,
839 1880 1030 1916 inexpugna-

201 1923 373 1956 bilemesse,
386 1931 441 1951 nec
454 1931 543 1959 posse
556 1922 669 1951 tantillo
690 1924 816 1952 exercitu
840 1925 1029 1962 circumsepi.

202 1969 360 1996 Tormenta
375 1968 434 2004 79
447 1968 478 1996 in
488 1976 555 1996 eam
573 1971 603 1996 ut
619 1968 808 2003 adigerentur
823 1970 886 1998 ﬁeri
906 1970 1030 1998 omnino

202 2020 264 2041 non
289 2021 386 2049 posse.
402 2013 531 2048 Aggredi
551 2021 620 2041 vero
641 2016 669 2041 et
683 2022 751 2042 arce
775 2017 887 2043 tentata
924 2015 1030 2051 repelli

203 2059 407 2086 Romanorum
420 2058 520 2086 robori
533 2066 568 2086 ac
582 2058 690 2092 virtuti,
704 2059 790 2095 cujus
805 2059 881 2088 adeo
888 2060 1030 2096 prteclara

1081 1568 1138 1597 ἧνό
1155 1567 1229 1603 λόγος
1255 1566 1376 1597 ἀληθείας
1401 1566 1534 1603 ἐχόμενος·
1569 1569 1694 1603 συνεχέσι
1722 1569 1773 1605 γὰρ
1798 1566 1883 1594 διεϐι-

1082 1611 1186 1638 ϐαιοῦτο
1224 1613 1385 1648 μηνύμασιν.
1434 1611 1464 1637 '0
1573 1610 1617 1638 οὖν
1643 1611 1766 1648 βασιλεὺς
1798 1617 1883 1639 ταῦτα

1082 1657 1171 1693 μαθὼν
1189 1657 1199 1673 ⁸
1223 1659 1269 1682 τοῦ
1296 1658 1386 1692 πρόσω
1415 1657 1511 1692 εῖχιτο,
1540 1658 1585 1683 καὶ
1615 1656 1685 1688 τέλος
1715 1657 1804 1693 φθάνει
1834 1659 1882 1687 τὴν

1083 1702 1221 1734 Φιλίππου,
1248 1700 1417 1737 παραμείψας
1438 1703 1485 1730 τὴν
1511 1701 1704 1739 Χριστούπολιν
1729 1702 1752 1735 ⁵,
1777 1701 1882 1728 κόαεῖσι

1085 1746 1176 1782 σκέψιν
1190 1745 1298 1772 ἐποιεῖτο
1313 1746 1378 1781 μςτὰ
1405 1749 1456 1772 τῶν
1484 1745 1538 1782 μετ’
1566 1745 1646 1772 αὐτοῦ
1672 1744 1792 1782 λογάδων
1817 1746 1828 1764 ⁵
1860 1747 1881 1772 τὶ

1085 1790 1126 1818 δεῖ
1142 1789 1297 1828 προσϐαλεῖν
1312 1794 1366 1820 τοῖς
1378 1794 1428 1816 τῶν
1441 1790 1594 1826 Βουλγάρων
1620 1789 1714 1827 [Ρ.48]
1745 1793 1790 1818 καὶ
1821 1791 1880 1818 χει-

1084 1836 1223 1873 ρώσασθαι
1242 1844 1300 1861 τινα
1314 1838 1364 1860 τῶν
1388 1834 1449 1871 παρ’
1472 1834 1562 1866 αὐτοῖς
1589 1837 1770 1872 κρατουμένων
1788 1836 1810 1869 ⁷,
1836 1838 1880 1862 καὶ

1084 1880 1106 1906 εἰ
1121 1880 1224 1917 εὐχερές
1239 1878 1308 1905 ἔστιν
1328 1878 1423 1905 ἁλῶναι
1442 1880 1504 1914 ἡμῖν
1537 1880 1566 1905 τὸ
1599 1883 1648 1906 των
1679 1879 1776 1917 Σερῥῶν
1802 1881 1878 1908 ἄστυ.

1086 1927 1136 1952 Καὶ
1151 1925 1217 1954 τινὲς
1231 1924 1276 1960 μὶν
1305 1923 1467 1960 ἀπηγόρευον
1499 1923 1510 1942 ⁸
1542 1927 1579 1959 τῷ
1610 1923 1717 1960 βασιλεῖ
1745 1926 1792 1953 τὴν
1814 1935 1880 1951 κατα

1083 1973 1133 1995 τῶν
1165 1968 1317 2005 Βουλγάρων
1354 1969 1455 2004 μάχην·
1481 1968 1510 1994 οὔ
1546 1969 1596 2005 γὰρ
1628 1968 1775 2005 ἀξιόμαχον
1798 1969 1879 2005 ἔλεγον

1084 2013 1156 2049 ἄγειν
1177 2013 1296 2049 στρατὸν,
1318 2011 1371 2039 ἐπεὶ
1401 2010 1470 2048 μηδὲ
1500 2013 1565 2049 πρὸς
1592 2022 1684 2049 μαχην
1714 2012 1876 2050 ηὐτρέπιστο,

1085 2058 1149 2085 ἀλλὰ
1163 2059 1227 2085 κατὰ
1245 2060 1324 2094 μόνην
1345 2059 1403 2084 θέαν
1417 2062 1467 2084 τῶν
1487 2057 1567 2084 αὐτοῦ
1597 2057 1708 2084 irrorat-ro
1740 2061 1785 2087 τήν
1807 2061 1878 2088 κίνη-

203 2103 285 2131 fama
298 2103 329 2130 in
342 2111 448 2130 omnes
468 2103 606 2139 pervasit,
633 2093 748 2140 probro
781 2112 859 2132 esse.
886 2093 1031 2139 l3ulgaros
1048 2093 1068 2119 θ
1086 2113 1126 2130 σιν

1086 2113 1139 2130 σιν.
1160 2105 1195 2130 Τὸ
1215 2093 1249 2129 δέ
1263 2106 1313 2129 τῶν
1333 2102 1430 2140 Σεῤῥῶν
1453 2102 1532 2135 ἂστυ,
1558 2103 1578 2137 ᾧ
1599 2105 1706 2139 πρώτως
1727 2103 1878 2140 προσϐαλῶ

203 2147 389 2184 quiescentes
402 2148 441 2175 ad
460 2147 565 2184 prcelia
589 2148 738 2177 concitare
770 2149 892 2177 minime
917 2149 1030 2177 condu-

204 2200 279 2221 cere.
306 2193 372 2220 llzec
401 2200 502 2227 regem
529 2193 567 2221 ab
594 2193 820 2229 oppugnatione
843 2193 1029 2222 retrahentes

203 2236 396 2265 adducebant
410 2237 439 2265 in
456 2237 598 2266 medium.
612 2237 796 2274 Palaaologus
829 2238 1027 2272 Andronicus,

203 2289 295 2317 quem
312 2284 379 2309 ante
398 2290 544 2317 magnum
558 2282 757 2310 domesticum
775 2281 866 2310 fuisse
881 2282 1029 2317 signiﬁca-

203 2325 304 2353 vimus
318 2326 398 2354 hisce
409 2327 739 2362 contrariaimperatori
751 2327 936 2355 consulebat.
957 2328 1029 2356 Ten-

205 2371 328 2399 tandam
344 2379 409 2399 esse
426 2373 579 2400 Serrarum
596 2379 713 2404 arcem;
730 2379 767 2399 ea
776 2372 875 2408 potitis
901 2372 1030 2400 multum

1084 2146 1148 2181 ἔδει,
1164 2148 1269 2184 ἄμαχον
1285 2149 1329 2183 μὲν
1345 2146 1414 2173 ἐστιν
1430 2146 1457 2173 ix
1481 2151 1527 2174 τοῦ
1560 2148 1730 2184 ὑπερκιίσθαι
1759 2151 1805 2180 τῆς
1824 2152 1876 2184 γῆς,

1083 2192 1248 2222 κυκλωθῆναι
1276 2190 1305 2218 δὲ
1343 2193 1461 2228 τοσούτῳ
1503 2193 1680 2229 στρατεύματι
1708 2191 1793 2218 οὐκέτι
1819 2194 1877 2230 ῥᾷόν

1084 2237 1165 2264 ἔστιν.
1192 2236 1333 2268 Ἐλιπολιις
1367 2235 1396 2263 δί
1427 2241 1524 2266 στῆσαι
1560 2236 1616 2262 κατ’
1646 2236 1727 2263 αὐτοῦ
1753 2241 1801 2263 τῶν
1813 2237 1876 2274 ἁμη-

1083 2284 1171 2319 χάνων
1186 2282 1354 2311 καθέστηκεν,
1385 2281 1544 2320 Προσϐαλιῐν
1569 2279 1598 2308 δὲ
1629 2283 1675 2307 καὶ
1699 2283 1764 2318 μετὰ
1794 2286 1876 2319 πεῖραν

1085 2326 1295 2364 ἀνακρουσθῆναι
1323 2324 1406 2357 αἰδὼς
1439 2328 1483 2363 μὶν
1508 2326 1625 2362 ὑπάρχει
1652 2330 1689 2362 τῷ
1722 2327 1810 2363 κράτει
1833 2331 1876 2359 τῆς

1085 2373 1208 2408 Ρωμάίων
1226 2371 1312 2408 ἀρχῆς
1327 2374 1411 2407 (φήμη
1439 2373 1488 2408 γὰρ
1518 2371 1601 2401 αὐτῆς
1632 2370 1674 2397 in}.
1706 2374 1761 2402 τοῖς
1792 2373 1872 2398 τοιού-

240 2417 262 2434 ⁹⁷
280 2417 292 2442 ὁ
309 2414 339 2442 δὲ
352 2415 474 2453 βασιλεὺς
483 2417 517 2453 εἰς
532 2418 576 2445 τὴν
588 2415 724 2453 ἀντιπέραν
745 2415 854 2442 ἐποιεῖτο
867 2418 909 2443 τὸν
928 2415 1012 2453 βάδον
1028 2417 1074 2448 ἕως
1088 2420 1134 2443 τοῦ
1147 2419 1233 2452 Ζίχνα
1247 2417 1356 2453 οξστεως.
1372 2415 1458 2452 Ἥρχε
1469 2417 1513 2452 μὶν
1533 2415 1577 2446 οὖς
1591 2415 1729 2453 Βυλγάρων
1745 2416 1777 2453 D.
1799 2417 1826 2453 _”
1834 2415 1874 2443 καί

203 2453 317 2494 πέφθακι
331 2449 447 2494 πὲρξτόν
461 2450 540 2489 Εὗρον
551 2453 599 2494 τὸν.
609 2451 652 2478 πλ.
667 2449 698 2479 D.
715 2449 940 2494 "ltivopagouéng
953 2460 1015 2482 om.
1030 2454 1060 2481 D.
1077 2455 1085 2470 ί
1102 2449 1232 2494 γωριτικῇ
1249 2450 1376 2494 ὸῖιαλέκτῳ
1392 2449 1452 2479 diri.
1514 2452 1524 2469 ²
1539 2452 1606 2478 κατά
1623 2449 1692 2494 δὶΞῦ
1706 2466 1753 2494 ‘—’—
1766 2451 1814 2494 6:1
1835 2455 1874 2479 καὶ

204 2487 255 2515 Tnsi
267 2487 376 2525 δέχεται
388 2487 524 2525 ἀναφορὰν
535 2489 606 2524 παρὰ
618 2490 666 2525 τοῦ.
679 2491 724 2518 τῆς
738 2487 884 2525 Ἀχρείδων
901 2487 1033 2524 δημοσίαν
1046 2499 1061 2514 κ

292 2498 307 2514 ιη
321 2498 376 2514 εται
388 2498 467 2524 αναφο
486 2498 515 2514 αν
535 2498 606 2524 παρα
618 2498 663 2513 του
679 2498 724 2518 της
747 2498 884 2525 Λχρεισων
901 2498 1033 2524 οημοσιαν

292 2499 362 2567 λζκαὶ
376 2525 457 2559 τάχος
515 2524 525 2540 ⁵
537 2522 710 2567 παραμείψας⁴
721 2526 764 2553 τὴν
781 2525 969 2567 ΧρΙιο-τούπολιν
985 2533 1045 2567 οῑῐιἰ

204 2525 305 2587 Εαθὼν]
318 2527 362 2550 καὶ
376 2525 457 2559 τάχος

231 2581 239 2587 .
256 2561 267 2578 ³
287 2563 448 2587 amr-wit)er

1081 2492 1201 2518 ατοῡντος
1212 2489 1244 2518 ὡς
1255 2489 1286 2524 VD.
1299 2488 1311 2505 ⁸
1327 2488 1402 2524 τῶν
1418 2503 1452 2507 —
1466 2488 1558 2524 ἄρχων
1573 2494 1635 2515 om.
1658 2488 1690 2514 ι).
1704 2487 1715 2503 ⁸
1730 2488 1763 2516 ὡς
1771 2487 1832 2519 τινὲς
1843 2504 1874 2509 -—-

1081 2498 1201 2518 ατουντος
1212 2498 1244 2518 ως
1258 2498 1286 2515 U.
1299 2498 1311 2505 ν
1327 2498 1339 2513 ο
1352 2498 1402 2513 των
1418 2503 1452 2507 —
1466 2498 1558 2524 αρχων
1573 2498 1635 2515 υιιι.
1659 2498 1690 2514 υ.
1704 2498 1715 2503 ⁷
1730 2498 1763 2516 ως
1771 2498 1832 2519 τινες
1843 2504 1872 2509 ..-

1063 2498 1095 2560 Β
1108 2525 1118 2542 ⁵
1133 2525 1240 2560 μετὰ-
1255 2522 1373 2559 λογάδων
1384 2531 1445 2552 om.
1463 2524 1494 2551 D.
1506 2523 1515 2540 ⁷
1531 2525 1576 2550 καὶ
1590 2538 1625 2543 -
1641 2524 1817 2560 κρατουμένων
1826 2532 1872 2553 om

231 2581 239 2589 .
256 2561 267 2578 ³
287 2559 448 2597 ἀπηγόρευον
462 2567 553 2595 usque
563 2559 603 2587 ad
614 2559 807 2596 ἀποτρέποντες
816 2561 885 2595 (σοι.
906 2562 971 2588 1085
985 2563 1008 2588 Α
1020 2561 1047 2596 6)
1058 2559 1132 2593 Jama:

1081 2559 1213 2596 ιπέτριπον
1227 2569 1255 2586 το
1262 2563 1302 2585 iro
1320 2561 1351 2588 D.

661 2649 831 2684 Theodori
856 2650 980 2683 Dousze
1004 2653 1038 2684 et
1061 2648 1187 2683 Leonis
1212 2648 1328 2682 Allatii
1353 2652 1456 2682 notae.

243 2741 302 2777 (84)
313 2744 364 2772 Τῆς
373 2745 454 2778 μονῆς
471 2744 518 2767 τοῦ
532 2742 626 2777 Βηρός.
641 2739 796 2774 Choniata,
811 2747 845 2776 p.
870 2741 931 2775 595,
948 2743 1016 2768 ALL.
