1970 3082
208 117 277 146 1087
864 118 1007 147 GEORGII
1020 117 1119 147 AGLO]

1085 117 1246 147 .OPOLITE
1834 116 1915 145 1080

204 179 279 208 dum
299 179 492 217 maximeque
510 187 598 209 veras
612 179 649 208 de
664 179 804 208 Melenico
817 179 1032 216 promissiones
1047 178 1070 205 A
1085 179 1119 210 εὶς

1085 179 1123 210 εὶς
1144 181 1191 207 τήν
1218 178 1358 215 ἀκρόπολιν
1384 175 1556 215 ἀναδραμεῖν,
1584 178 1667 205 ἱκέται
1684 178 1750 216 πρὸς
1773 178 1829 204 τόν
1856 177 1915 214 βα-

207 224 382 260 imperatori
400 224 479 252 fecit.
1085 223 1119 251 σιί

1085 223 1158 251 σιλία
1172 223 1293 260 ἐξῄεσαν.
1311 222 1383 250 Ἐπεὶ
1394 221 1419 249 δ’
1430 223 1444 249 ὁ
1457 226 1558 260 κρατῶν
1580 225 1627 249 τοῦ
1659 223 1753 253 ἄστεος
1779 225 1914 260 Δραγω-

205 272 252 300 τᾶς
282 271 328 298 τήν
355 270 426 295 κάτω
452 271 544 307 χώραν
573 268 640 296 εἶδεν
667 268 792 304 ἁλόῦσαν,
823 268 887 306 ἀνὴρ
917 268 1059 307 Βούλγαρος
1081 271 1126 295 καὶ
1151 269 1251 298 ἣκιστα
1278 266 1481 304 πεπαιδευμένος
1509 268 1578 297 ἄστη
1601 269 1716 303 χρονίως
1743 265 1914 303 διαγυλᾶτ-

205 323 268 348 rem,
295 315 384 350 μαθὼν
412 312 441 341 δι
470 316 515 340 καὶ
537 315 581 340 τὸν
608 317 654 341 τοῦ
678 312 808 341 δεσπότου
837 314 917 340 αὑτοῦ
944 315 1063 348 θάνατον,
1091 315 1162 351 τύχῃ
1207 312 1292 349 ἀγαθῇ
1335 312 1365 338 οὐ
1394 310 1442 339 διὰ
1465 315 1569 350 μακροῦ
1594 314 1758 350 καρτερήσας
1784 310 1915 348 διαπρι-

207 357 326 385 σϐεύεται
348 360 412 396 πρὸς
437 360 482 385 τὸν
513 358 634 395 βασιλέα.
656 361 707 385 Καὶ
727 360 757 384 τὸ
781 360 825 395 μὲν
851 359 919 385 οῖστυ
942 359 1018 389 εὐθὺς
1048 359 1092 385 τὸν
1118 357 1230 394 βασιλέα
1257 357 1381 394 ὶφήμιζεν
1406 367 1413 374 ο
1438 356 1564 394 ἁλουργὸν
1591 360 1635 383 οῦν
1655 356 1768 392 χλαῖναν
1793 357 1810 383 ὁ
1835 359 1912 394 Δρα-

205 405 291 438 γωτᾱς
314 406 421 440 χρυσὶῳ
463 405 661 440 συνυφασμένην
701 401 846 437 ὺεδέδυτο,
880 405 926 430 καὶ
961 405 1096 440 στατήρων
1131 402 1226 433 πλῆθος
1262 405 1372 440 χρυσῶν
1399 400 1499 431 ἰδίκτο,
1540 401 1713 438 ’Υποσχὶσεις
1736 404 1805 438 γοῦν
1835 402 1909 439 ὑπὲρ

206 451 252 473 τοῦ
267 447 405 474 Μιλενίκου
420 447 490 484 μάλα
502 448 621 486 λαμπρὰς
635 450 700 485 πρὸς
710 449 753 474 τὸν
776 447 889 485 βασιλέα
902 447 1049 482 ἐπεποὶητο,
1060 448 1192 485 ὑπεράγαν
1206 446 1253 476 ἀλη
1259 448 1318 477 θεῖς.

241 493 287 521 44.
294 492 342 520 His
350 492 493 521 omnibus
499 493 539 521 ab
546 493 726 529 imperatore
734 492 1029 529 Dragotasacceptis,

205 539 234 565 et
248 537 337 574 quasi
348 545 416 565 esca
430 537 494 566 aliis
509 538 671 574 expositus,
694 537 838 571 discessit,
869 540 958 574 atque
977 538 1031 566 Me-

205 581 332 610 lenicum
346 581 470 610 veniens
484 581 588 610 omnia
601 581 641 610 ad
663 582 781 610 accolas
809 581 907 616 refert,
918 589 1030 618 eosque

205 628 238 654 ut
251 626 423 662 imperatori
439 634 469 654 se
484 626 606 663 dedant,
618 634 679 655 non
689 627 790 655 haecin
805 629 909 662 aperto
922 626 1030 654 edisse-

205 678 286 704 rens,
311 671 364 699 sed
387 670 466 699 clam
491 671 628 707 plurimis
661 679 833 700 sermonem
864 670 1030 700 communi-

205 722 288 747 cans,
298 714 481 744 adhortatur.
491 717 565 744 Cum
578 717 677 744 autem
681 736 689 751 ,
700 715 752 752 qui
766 715 912 752 oppidum
924 714 1030 750 guber-

205 759 308 793 nabat,
320 759 457 788 Nicolaus
471 759 606 788 Litoboes
620 762 750 795 aegrotus
761 759 837 788 lecto
852 760 964 796 pedum
977 759 1030 788 do-

204 803 319 832 loribus
331 806 488 838 teneretur,
503 804 594 833 libere
610 812 716 833 omnes
740 804 885 833 arbitratu
914 812 970 833 suo
981 812 1029 833 res

1119 490 1175 528 μδ¹.
1191 493 1280 518 Πάντα
1297 494 1360 527 γούν
1377 491 1398 509 ¹¹
1426 494 1512 518 ταῦτα
1533 492 1598 528 πρὸς
1625 494 1671 517 τοῦ
1694 489 1837 527 βασιλέως
1858 490 1909 517 λα-

1085 536 1135 563 ϐὼν
1167 537 1180 563 ὁ
1214 539 1365 574 Δραγωτᾱς,
1394 538 1439 562 καὶ
1475 537 1508 567 ὡς
1545 534 1635 573 δελεαρ
1669 535 1905 572 ὑποϐεϐλημένος,

1084 581 1172 618 ἀπῄει.
1188 581 1258 608 Ἐπεὶ
1272 579 1302 608 δὶ
1317 582 1414 617 φθάσοι
1429 581 1454 612 ἇς
1482 580 1631 615 Μελένικον,
1655 582 1740 607 πάντα
1766 580 1906 618 προῦπτα

1083 630 1136 657 τοῖς
1176 626 1287 657 ὶποίκοις
1314 629 1437 659 ποιεῖται,
1474 628 1518 652 καὶ
1547 629 1612 662 σφᾶς
1643 625 1737 657 αὐτοὺς
1768 624 1905 663 διεγείρει

1082 669 1227 708 προδοῦναι
1242 672 1271 697 τὸ
1285 671 1352 697 ἄστυ
1377 675 1413 706 τῷ
1439 669 1555 707 βασιλεῖ,
1581 671 1605 696 ἑν
1621 674 1657 706 τῷ
1679 673 1781 707 φανερῷ
1873 670 1904 696 οὗ

1083 719 1167 742 ταῦτα
1193 715 1283 752 λέγων,
1308 716 1394 753 κρύφα
1428 713 1459 741 δὶ
1489 719 1545 746 τοῖς
1568 714 1700 746 πλείστοις
1716 717 1777 752 περὶ
1801 716 1902 741 τούτου

1083 760 1316 797 κοινολογούμενος.
1354 760 1424 786 Ἐπεὶ
1450 757 1480 786 δι
1506 761 1519 786 ὁ
1545 761 1591 789 τὴν
1619 760 1760 796 ἠγεμονίαν
1794 757 1901 786 διεπων

1082 808 1128 832 τίοῡ
1142 805 1265 835 οἶστεωςό
1292 803 1422 835 Λιτοϐόης
1447 804 1576 835 Νικόλαος
1600 804 1657 840 (86)
1685 805 1839 834 κατάνοσος
1868 803 1900 833 ὲν

205 848 350 885 quasipsi
361 849 470 877 vellent
482 849 623 885 agebant.
641 851 718 878 Inter
727 850 783 878 hos
796 849 934 878 Nicotaus
951 851 1028 878 Man-
1045 861 1064 888 Β
1083 859 1117 876 κα

1085 852 1128 876 καὶ
1142 854 1173 886 τῇ
1195 849 1268 886 κλίνῃ
1289 852 1345 880 ταῖς
1368 853 1418 875 τῶν
1441 847 1530 876 ποδῶν
1557 847 1690 885 ἀλγηδόσι
1713 858 1898 886 προσπεπατ-

205 892 326 922 clavites
337 901 375 922 ex
389 893 586 922 nobilioribus
612 902 691 923 unus
716 894 845 924 Melenici
860 894 976 929 incolis,
984 894 1030 922 vir

205 937 306 967 audax
321 941 349 966 et
363 947 418 976 pro
432 942 552 970 renata,
565 940 606 967 uti
618 942 735 976 tempus
748 939 844 974 daret,
859 939 940 967 varie
949 947 979 967 se
991 938 1029 967 ef-

205 983 340 1018 ﬂngendi
356 991 448 1020 sagax
464 992 499 1013 ac
511 984 680 1021 perspicax,
699 993 768 1021 qum
783 993 801 1012 a
831 985 958 1019 Dragota
967 991 1030 1012 mo-

204 1027 354 1057 liebantur
367 1029 425 1065 82
437 1029 644 1065 deprehensis,
670 1037 705 1057 ac
735 1029 855 1064 cognito
885 1037 917 1057 se
941 1036 1030 1066 posse

204 1073 376 1110 imperatori
390 1074 540 1110 promissa
565 1074 707 1110 perﬁcere
731 1074 755 1102 si
770 1074 965 1102 multitudinis
977 1081 1030 1110 po-

205 1118 310 1146 tiorem
326 1121 443 1154 partem
456 1118 486 1146 in
499 1118 677 1146 sententiam
686 1126 772 1146 suam
782 1119 931 1153 traxisset,
940 1118 978 1147 ab
984 1126 1032 1147 oc-

205 1162 291 1190 cultis
304 1162 461 1198 colloquiis
488 1170 553 1190 sese
573 1163 728 1190 retrahens
758 1162 860 1198 palam
890 1163 1031 1191 omnibus

206 1205 288 1234 utilia
301 1206 400 1239 edixit,
411 1217 425 1231 ‹‹
435 1206 521 1234 Pueri
536 1206 700 1234 Callimani.
712 1215 727 1233 ν
737 1207 888 1243 inquiens,
902 1218 912 1232 ι
921 1207 1029 1243 princi-

204 1253 275 1287 patu
285 1250 390 1287 iniqua
399 1251 531 1287 perpessi
552 1259 668 1285 sumus,
684 1259 720 1280 ea
735 1253 834 1280 tamen
846 1260 909 1288 spe,
927 1260 993 1286 nos,
1006 1253 1030 1281 si

204 1303 281 1332 puer
289 1295 318 1323 in
335 1295 432 1323 virum
449 1295 600 1329 evasisset,
617 1298 707 1324 tanta:
720 1296 884 1325 tolerantia:
908 1297 1032 1334 prmmia

203 1342 550 1377 recepturos,postquam
559 1340 607 1369 ille
623 1343 739 1369 tetatem
752 1341 845 1375 illam,
856 1350 924 1378 qum
934 1342 1031 1371 virum

203 1384 335 1421 probum
349 1393 367 1413 a
381 1385 462 1413 malo
496 1393 651 1414 secernere
669 1388 780 1422 potest,
803 1386 955 1422 attigisset.
974 1387 1030 1416 Sed

205 1437 275 1458 cum
289 1429 321 1457 id
335 1429 462 1458 adversa
471 1429 591 1458 fortuna
611 1430 810 1465 amiserimus,
826 1433 854 1459 et
867 1431 1031 1460 infantulus

205 1473 281 1502 alius
287 1473 326 1502 ad
333 1474 481 1511 regendos
489 1474 631 1510 Butgaros
637 1477 842 1512 praeponatur,
851 1476 933 1504 omni
941 1476 1030 1504 stulto

205 1519 343 1548 stuliores
358 1527 502 1553 essemus,
518 1520 543 1547 si
554 1519 619 1548 aliis
639 1528 758 1548 rursum
775 1520 943 1549 infortuniis
963 1529 1030 1549 nos-

204 1564 347 1600 metipsos
361 1564 543 1599 dederimus,
558 1567 703 1601 tanquam
718 1566 770 1602 qui
780 1565 811 1593 in
824 1573 914 1593 omne
929 1574 1028 1594 aevum

204 1608 319 1645 absque
325 1610 469 1646 principe,
479 1617 510 1638 re
516 1609 652 1637 omnium
660 1609 922 1646 perniciosissima,
930 1610 1030 1638 vivere

203 1652 356 1682 vellemus.
372 1654 430 1683 Sed
449 1654 572 1690 quando
588 1656 792 1682 Romanorum
807 1655 971 1691 imperator
991 1655 1029 1684 ad

203 1705 260 1726 nos
273 1698 407 1732 accessit,
422 1706 479 1726 nos
490 1698 531 1726 illi
539 1698 601 1726 ﬁdo
611 1698 735 1727 domino
747 1701 774 1727 et
786 1699 884 1727 virum
900 1699 1030 1736 probum

204 1751 240 1771 ac
255 1743 369 1771 malum
380 1743 492 1778 optime
516 1743 707 1777 cognoscenti
727 1743 843 1771 tradere
871 1744 1028 1773 debemus.

205 1786 272 1823 Ipse
283 1786 332 1822 jus
346 1786 385 1814 ab
401 1787 525 1823 antiquo
538 1787 569 1815 in
584 1795 640 1815 nos
650 1787 774 1823 obtinet,
786 1787 869 1815 locus
881 1789 1030 1825 siquidem

204 1830 253 1860 hic
266 1833 367 1860 noster
376 1831 493 1867 imperii
505 1831 630 1859 Romani
641 1833 694 1859 est.
712 1831 830 1867 Bulgari
843 1841 913 1861 vero
927 1833 1030 1862 alienis

205 1875 330 1904 avaritia
339 1875 433 1912 raptis
444 1875 617 1904 Melenicum
624 1884 745 1913 quoque
760 1880 955 1914 occuparunt.
972 1880 1030 1907 Nos

205 1927 310 1948 omnes
321 1928 357 1948 ex
373 1920 571 1956 Philippopoti
586 1921 643 1948 orti
662 1921 812 1957 primodia
840 1930 960 1960 quoque
976 1931 1029 1959 ge-

205 1964 285 1992 neris
309 1963 425 2000 liquido
448 1964 587 1992 ducimus
614 1973 650 1993 ex
666 1966 831 1994 Romainis.
847 1967 986 1999 Quinimo
1001 1969 1030 1996 et

205 2009 410 2037 Romanorum
425 2008 599 2045 imperator,
613 2009 679 2038 licet
690 2009 807 2045 Bulgari
823 2019 970 2045 essemus,
979 2012 1030 2047 jus

205 2054 308 2081 tamen
321 2053 351 2081 in
366 2061 422 2081 nos
436 2054 536 2082 habet:
549 2053 628 2082 ﬁlius
660 2055 773 2091 quippe
798 2055 877 2084 illius
891 2058 919 2084 et
932 2056 1029 2092 impe-

205 2100 286 2126 rator
295 2098 470 2127 Theodorus
479 2106 549 2126 cum
562 2100 679 2127 Asanos
691 2099 888 2135 Bulgarorum
897 2100 1031 2137 principe

205 2142 348 2171 afﬁnitate
364 2143 565 2179 conjungitur,
585 2151 666 2172 nunc
691 2145 769 2180 regis
789 2145 878 2173 Asani
903 2145 965 2173 ﬁlia
979 2146 1031 2174 do-

206 2187 289 2215 mina
306 2196 324 2215 a
338 2187 478 2215 Romanis
493 2191 684 2225 nuncupatur
694 2192 721 2217 et
736 2190 842 2217 est.His
854 2190 953 2226 itaque
967 2198 1031 2219 om-

205 2232 296 2260 nibus
303 2232 395 2260 verba
407 2232 558 2261 luculenta
572 2234 630 2269 83
643 2233 672 2262 in
688 2242 786 2270 pauca
797 2234 981 2263 conferentes
991 2235 1031 2263 ad

205 2275 275 2304 eum
289 2284 440 2305 recurrere
455 2277 612 2310 debemus,
625 2278 702 2306 colla
717 2278 757 2306 illi
772 2282 875 2307 nostra
891 2280 1031 2308 servitute

207 2322 367 2351 constituta
381 2322 530 2351 addicere.
543 2324 717 2360 Sapientum
732 2331 864 2360 namque
878 2332 984 2360 regum
996 2333 1030 2353 ac

244 2368 264 2385 ¹¹
285 2367 511 2405 Ηυίιιελοιιρὶιὶε
531 2368 598 2405 loco
625 2369 690 2396 haec
714 2368 806 2405 habet
832 2370 853 2397 D
880 2377 887 2397 :
912 2372 957 2405 xu}
981 2370 1059 2405 εὑρὼν
1083 2371 1126 2396 τὸν

207 2401 251 2442 δὲ.
272 2401 459 2442 Μαγκλαϐίιςην
488 2403 628 2442 νΝικόλαον
649 2425 658 2442 ί
677 2424 684 2430 .
708 2424 715 2432 .
737 2425 744 2432 .
767 2425 777 2442 ,ν
792 2404 821 2431 '0
847 2407 893 2442 μέν
925 2404 969 2431 οὖν

1013 2405 1116 2437 ασιλεὺς

1083 894 1244 931 ταλευμὲνος,
1274 893 1408 931 ἱλευθέρως
1434 893 1506 929 εἶχον
1541 894 1565 920 οἱ
1600 894 1694 925 πάντες
1723 891 1896 930 διαπράττε-

1086 940 1148 966 σθαι
1164 941 1241 975 σφίσι
1261 940 1294 964 τὰ
1318 938 1446 975 βουλητά.
1470 939 1540 965 Ἐπεὶ
1565 936 1595 965 δε
1621 940 1667 965 καὶ
1692 938 1705 964 ὁ
1731 938 1897 974 Μαγκλαϐἱ-

1083 994 1132 1015 της
1155 984 1280 1014 Νικόλαος
1302 983 1340 1014 οἷς
1356 982 1386 1013 ἦν
1413 987 1462 1009 τῶν
1484 982 1688 1020 ἔπιφανεστέρων
1718 981 1743 1009 ἓν
1763 986 1825 1014 τοῖς
1845 987 1894 1010 τοῦ

1085 1028 1223 1056 Μελενίκου
1249 1028 1411 1064 οἰκήτορσιν,
1440 1027 1505 1064 ἀνὴρ
1533 1025 1694 1064 δραστήριος
1720 1029 1767 1054 καὶ
1803 1026 1894 1058 δεινός

1084 1076 1218 1111 καιρικαῖς
1252 1075 1424 1109 περιπετείαις
1457 1071 1730 1108 συμμεταϐάλλεσθαι,
1767 1073 1804 1098 τὰ
1845 1075 1894 1098 τοῦ

1086 1120 1211 1155 Δραγωτᾶ
1236 1118 1358 1154 φωράσας
1392 1119 1437 1143 καὶ
1465 1118 1542 1152 γνοὺς
1570 1117 1606 1147 ὡς
1633 1114 1759 1145 δυνηθείη
1800 1115 1833 1142 ἂν
1860 1117 1894 1142 τὰ

1085 1163 1258 1198 ὑπεσχημένα
1271 1165 1309 1197 τῷ
1337 1161 1444 1198 βασιλεῖ
1466 1158 1676 1198 διαπράξασθαι,
1699 1163 1746 1187 τοῦ
1773 1160 1894 1191 πλήθους

1085 1208 1115 1233 τὸ
1147 1205 1232 1233 πλεῖον
1257 1207 1409 1242 ὑπαγαγὼν,
1439 1209 1485 1232 τοῦ
1507 1207 1593 1243 κρύφα
1624 1204 1706 1241 λέγειν
1730 1204 1856 1237 ἆποστας
1870 1205 1894 1236 ἐς

1085 1253 1114 1278 τὸ
1135 1253 1241 1288 φανερόν
1265 1254 1319 1282 τοῖς
1335 1254 1414 1277 πᾶσιν
1429 1250 1535 1277 ὑπέθετο
1563 1251 1597 1276 τὰ
1620 1252 1787 1282 συνοίσοντα,
1815 1250 1892 1288 εἰρη-

1085 1298 1148 1329 κὼς,
1164 1297 1197 1327 ὡς
1220 1307 1234 1321 ι(
1264 1295 1339 1332 Ἡμῖν
1370 1296 1415 1332 μὲν
1435 1295 1533 1331 ὶγίνιτο
1557 1294 1831 1332 προσταλαιπωρῆσαι
1858 1299 1890 1331 τῇ

1085 1345 1131 1367 τοῦ
1144 1339 1239 1371 παιδὸς
1253 1344 1300 1367 τοῦ
1314 1339 1478 1376 Καλλιμάνου
1489 1339 1573 1377 ἀρχῇ,
1587 1342 1632 1366 καὶ
1652 1338 1683 1369 ἦν
1702 1341 1769 1378 πρὸς
1782 1338 1892 1371 ἓλπίδος

1086 1384 1252 1423 ἀνδρωθῆναί
1275 1394 1301 1411 τι
1331 1388 1421 1411 τοῦτον
1447 1387 1491 1411 καὶ
1509 1386 1573 1422 πρὸς
1597 1384 1677 1410 αὐτοῦ
1701 1385 1746 1415 τάς
1775 1383 1891 1421 ἀμοιϐὰς

1085 1434 1134 1462 τῆς
1159 1431 1332 1460 κακοπαθείας
1369 1428 1512 1455 ἀντιλαϐεῖν
1545 1428 1579 1460 εἷς
1615 1428 1719 1458 ἠλικίαν
1758 1428 1887 1465 ἐλθόντος,

1085 1475 1125 1502 ὅτε
1141 1473 1276 1511 διακρῖναι
1304 1472 1411 1500 δύναιτο
1425 1474 1456 1500 ἄν
1473 1483 1513 1505 τις
1533 1472 1583 1500 ἀπὸ
1608 1473 1705 1510 φαύλου
1729 1472 1817 1511 ἄνδρα
1842 1484 1890 1500 κα-

1084 1519 1137 1548 λόν.
1162 1519 1234 1546 Ἐπεὶ
1263 1517 1292 1545 δὲ
1316 1519 1410 1545 τούτου
1447 1520 1583 1556 κακούργῳ
1621 1519 1694 1555 τύχῃ
1723 1519 1887 1555 ἡμάρτομεν,

1084 1566 1219 1600 πρόκειται
1248 1561 1278 1590 δὲ
1311 1563 1374 1599 ἡμῖν
1403 1562 1554 1599 βρεφύλλιον
1588 1562 1648 1588 ἄλλο
1684 1562 1719 1594 εἰς
1757 1565 1800 1592 τὴν
1836 1567 1887 1589 τῶν

1084 1608 1236 1645 Βουλγάρων
1256 1607 1354 1645 ἀρχὴν,
1379 1608 1476 1638 παντὸς
1504 1606 1534 1633 ἄν
1561 1606 1753 1638 ἂνοηταίνοντος
1777 1609 1888 1645 χείρους

1085 1655 1231 1690 φανείημεν,
1272 1653 1293 1679 εὶ
1336 1653 1413 1679 πάλιν
1449 1653 1501 1690 πρὸ
1545 1650 1713 1690 δυσπραγίας
1744 1652 1812 1684 ἅλας
1833 1652 1888 1679 ἕπιι

1085 1697 1192 1735 δοίημεν
1208 1698 1313 1732 αὐτοὺς,
1329 1695 1473 1724 ἁδέσποτοι
1500 1698 1544 1724 τόν
1568 1697 1654 1723 πάντα
1683 1696 1743 1734 βίον
1759 1695 1886 1724 διατελεῖν

1085 1744 1242 1781 αἱρούμενοι,
1279 1742 1321 1778 ὑφ’
1349 1742 1380 1768 οὗ
1408 1741 1489 1769 πολλοὶ
1517 1751 1545 1768 τε
1577 1744 1623 1768 καὶ
1651 1741 1733 1778 μείζω
1757 1743 1792 1768 τὰ
1813 1740 1886 1769 δειλὰ

1085 1787 1268 1825 φύεται.Ἀλλ“
1296 1786 1350 1813 imi
1373 1788 1386 1813 ὁ
1411 1785 1538 1824 βασιλεὺς
1560 1787 1624 1823 ἡμῖν
1648 1787 1661 1812 ὁ
1683 1790 1733 1812 τῶν
1752 1785 1883 1823 ’Ῥωμαίων

1085 1834 1275 1871 προσήγγισεν,
1301 1831 1342 1868 [Ρ.
1366 1831 1411 1868 42]
1439 1829 1481 1858 δεῖ
1505 1831 1576 1867 αὐτῷ
1602 1831 1710 1862 ἑαυτοὺς
1735 1830 1885 1869 ἄγχειρίσιμ

1085 1878 1158 1913 σθαι,
1191 1875 1306 1912 δεσπότῃ
1334 1879 1420 1911 πιστῷ
1448 1878 1494 1902 καὶ
1518 1874 1602 1902 εἰδότι
1626 1874 1712 1913 ἄνδρα
1735 1875 1786 1905 ἡδὶ
1807 1879 1884 1903 κακόν

1084 1921 1133 1952 ἡδὶ
1147 1924 1192 1948 καὶ
1216 1921 1297 1953 ἆθλόν,
1324 1923 1370 1947 καὶ
1392 1919 1495 1947 δίκαιον
1510 1921 1536 1947 ἐν
1559 1922 1621 1958 ἡμῖν
1645 1921 1756 1948 ἔκπαλαι
1779 1924 1882 1958 σχόντι.

1081 1967 1114 1994 Ὀ
1129 1977 1155 1994 τε
1175 1967 1225 2003 γὰρ
1256 1967 1380 2003 ἡμέτερος
1406 1970 1496 2004 χῶρος
1519 1970 1551 2003 τῇ
1574 1970 1624 1992 τῶν
1644 1965 1777 2002 Ῥωμαίων
1802 1977 1882 2004 προσ-

1083 2015 1141 2042 ήκει
1157 2011 1228 2048 ἀρχῇ
1243 2021 1250 2028 ·
1280 2010 1523 2048 πλεονεκτικώτερον
1548 2011 1598 2048 γὰρ
1625 2011 1649 2037 οἱ
1674 2011 1818 2047 Βούλγαροι
1832 2015 1884 2042 τοῖς

1082 2058 1223 2095 πράγμασι
1238 2056 1405 2094 χρησάμενοι
1429 2058 1475 2082 καὶ
1504 2059 1550 2082 τοῦ
1572 2055 1710 2082 Μελενίκου
1736 2058 1882 2092 γεγένηνται

1083 2101 1228 2139 ἐγκρατεῖς,
1249 2102 1325 2137 ἡμεῖς
1358 2099 1387 2127 δὲ
1407 2101 1502 2132 πάντες
1520 2100 1547 2127 ἔκ
1571 2100 1700 2128 Φιλιππου
1716 2100 1814 2132 πόλεως
1840 2102 1881 2139 ὁρ-

1084 2147 1200 2183 μώμεθα,
1218 2146 1328 2182 καθαροὶ
1340 2147 1369 2172 τὸ
1384 2146 1458 2181 γένος
1485 2145 1618 2182 Ῥωμαῖοι.
1647 2145 1747 2177 Ἄλλως
1774 2155 1801 2172 τι
1812 2149 1855 2173 καὶ
1868 2147 1880 2173 ὁ

1083 2196 1133 2218 τῶν
1154 2191 1285 2228 Ῥωμαίων
1315 2190 1440 2227 βασιλεὺς
1465 2191 1564 2222 ἀληθῶς
1579 2193 1624 2217 καὶ
1638 2190 1663 2217 ἐν
1676 2192 1738 2228 ἡμῖν
1768 2189 1879 2218 δικαιοῦ-

1084 2246 1138 2269 ται,
1164 2238 1210 2262 καὶ
1234 2236 1255 2262 εἰ
1282 2235 1439 2272 Βουλγάροις
1468 2239 1646 2273 προσήκοιμεν
1672 2246 1678 2252 ·
1704 2236 1717 2261 ό
1751 2237 1802 2273 γὰρ
1827 2237 1878 2268 υἱὸς

1084 2282 1177 2307 τούτου
1191 2283 1235 2306 καὶ
1250 2279 1376 2316 βασιλεὺς
1390 2279 1528 2318 Θεόδωρος
1555 2284 1589 2316 τῷ
1615 2280 1720 2317 βασιλεί
1737 2285 1786 2306 τῶν
1805 2281 1878 2308 Βουλ-

1083 2327 1169 2363 γάρων
1182 2328 1218 2361 τῷ
1233 2326 1314 2351 Ἀσᾰν
1338 2323 1490 2359 κεκὴδευτο,
1517 2327 1562 2351 καὶ
1582 2328 1626 2351 νῦν
1654 2326 1670 2354 ἠ
1687 2329 1732 2351 τοῦ
1757 2325 1878 2362 βασιλέως

1176 2371 1201 2396 ἓν
1229 2369 1276 2396 τοῦ
1299 2370 1390 2400 ἄστεος
1416 2370 1515 2406 ἕφὸρονν
1536 2369 1662 2406 Apage»
1695 2369 1814 2406 κλινήρη,
1835 2373 1876 2398 τὸν

1165 2409 1293 2442 σκηνοῦτο
1319 2407 1377 2442 περὶ
1402 2404 1448 2435 τὴν
1462 2404 1641 2432 ’Βαλαϐἰσδαν
1668 2408 1756 2439 τόπον,
1771 2404 1828 2432 ’διαὶ
1852 2417 1864 2434 ο

205 2439 391 2467 Μελενικιῶται
416 2439 565 2478 ᾄφιιεόμινοι
583 2441 613 2478 τό
640 2440 708 2466 ἄστυ
735 2441 817 2477 τούτῳ
844 2439 989 2478 παρέσχον.
1015 2442 1157 2478 Ἐκράτησε
1185 2439 1214 2468 δι
1237 2439 1400 2478 apud»);
1422 2444 1467 2468 καὶ
1486 2442 1714 2478 Στενιμάχουλκαὶ
1737 2442 1875 2478 Τζεπαὶνης

205 2478 250 2502 καὶ
272 2480 396 2514 τῶν-’τῆς
422 2474 547 2506 Ῥοδόπης
572 2474 715 2512 πολιχνίων
741 2474 987 2514 καὶςκωμοπόλεξδν,
1014 2474 1065 2514 κοᾷ
1079 2478 1137 2514 ὅρον
1164 2478 1208 2503 τὸν
1233 2474 1314 2514 Εὗρον
1340 2479 1478 2514 πεποίητο.
1501 2474 1623 2514 Κατὲσχε
1654 2475 1684 2504 δε
1710 2479 1755 2504 καὶ
1830 2483 1874 2505 τῶν

205 2513 270 2551 πρός
284 2511 382 2551 Βορῥᾶν
397 2513 552 2551 ’Στούμπιόν
574 2520 601 2551 τε
619 2514 664 2537 καὶ
677 2548 682 2551 _
694 2511 824 2551 Χρττοϐὀν
843 2511 888 2539 καὶ
910 2511 1097 2540 Βελεϐούσδιον
1125 2514 1236 2551 Σκόπιά-
1245 2511 1274 2551 τε
1298 2515 1353 2551 καὶ⁸
1371 2512 1496 2551 βελεσὲσόν
1524 2511 1632 2551 καὶ-τα
1646 2514 1728 2550 μέχρι
1748 2513 1874 2551 Πριλείπου

205 2547 250 2590 κάξ
275 2547 434 2590 Πελάγονίας
457 2547 557 2584 χωρία,
577 2548 756 2574 Νευστάπολίν
784 2558 809 2575 τι
840 2551 885 2575 καὶ
910 2551 1056 2587 Πρόσακον,
1082 2550 1127 2575 καί
1153 2547 1268 2579 σπονδάς
1294 2558 1320 2576 τε
1343 2547 1376 2575 ἐκ
1395 2549 1547 2587 Βουλγάρων
1570 2547 1718 2586 δεξάμενος,
1742 2547 1777 2581 ὡς
1800 2552 1872 2587 μεχρι

205 2584 301 2610 τούτων
313 2587 374 2620 στῇ,
388 2584 507 2619 ἀνέσχεν.

657 2637 828 2672 Theodori
852 2638 979 2671 Dousae
1002 2642 1036 2672 et
1058 2637 1185 2672 Leonis
1209 2638 1326 2673 Allatii
1350 2642 1452 2673 notae.

241 2706 300 2748 (86)
324 2706 356 2748 ¹’ρ
390 2706 684 2748 ᾼιτοᾷόης-ζγικόλαος.
709 2708 868 2748 ghoniata,
897 2716 937 2748 p_.A
968 2711 1028 2748 5154,

206 2743 342 2781 meminit
352 2743 512 2781 cujusdam
525 2744 660 2781 Litoboes
675 2744 776 2781 militis
790 2744 820 2772 in
828 2743 961 2781 exercitu
974 2743 1031 2781 Du}

206 2785 249 2809 cas
258 2777 515 2814 sebastocratoris,
522 2779 575 2818 qui
580 2788 617 2809 ex
622 2779 783 2809 barbarica
790 2780 911 2811 cohorte
921 2777 1030 2810 duceni

1084 2711 1191 2738 nactus
1201 2709 1260 2738 alia
1278 2709 1328 2738 vis.
1347 2709 1477 2738 sineulla
1484 2716 1565 2738 noxa
1575 2709 1689 2738 Ducam
1709 2709 1832 2739 servavit
1844 2710 1870 2739 in

1085 2745 1170 2774 clade
1184 2745 1287 2775 lsaacii
1306 2753 1324 2775 a
1339 2746 1454 2774 Blachis
1469 2747 1601 2782 accepta.
1618 2747 1694 2774 Au..-
