1970 3082
59 101 138 128 1089

824 97 995 126 ANNALES.

1681 99 1749 128 l090

56 167 111 188 τοῦ
128 162 212 192 Ἀσὴν
235 163 349 200 Θυγάτηρ
372 163 387 192 ἠ
409 162 521 198 σύζυγος
540 164 585 188 τοῦ
601 162 720 188 τοιούτου
739 160 833 197 βασιλὶ

969 168 1034 188 mm
1045 160 1154 196 jugum
1168 169 1259 189 suave
1271 161 1483 198 est,multoque
1493 162 1588 190 levius
1598 171 1691 200 quam
1703 165 1747 194 in-

58 206 198 234 δέσποινα
226 209 299 244 παρὰ
318 207 453 244 Ῥωμαίοις
483 209 527 233 καὶ
547 208 603 233 ἔστι
627 209 671 232 καὶ
701 206 867 242 ὀνομάζεται.

55 254 171 280 Τούτων
190 251 234 279 οὖν
261 252 380 279 ἁπάντων
395 253 476 290 χάριν
500 253 534 278 τὰ
548 251 631 278 πολλὰ
652 255 701 277 τῶν
729 250 869 287 λεγομενων

56 297 256 327 καταλιπόντας
274 295 313 323 ἐπ’
338 296 416 323 αὐτὸν
442 298 497 333 χρὴ
521 297 584 322 [sum
607 298 652 322 καὶ
671 297 732 326 τοὺς
756 295 872 331 αὐχένας

56 341 204 368 ὑποκλίναι
216 345 253 377 τῷ
265 342 312 372 τὴς
328 339 448 372 δουλείας
462 340 534 377 ζυγῷ
547 351 553 357 ·
565 342 687 377 χρηστὸς
700 341 750 376 γὰρ
766 340 779 365 ὁ
793 339 871 376 ζυγὸς

56 390 114 413 τῶν
131 388 262 424 φρονίμων
278 385 407 422 βασιλίων
429 387 475 412 καὶ
493 385 619 422 γηραιῶν,
641 387 687 411 καὶ
703 384 788 420 πολλῷ
809 395 870 411 κου-

58 432 175 468 φότερος
189 430 240 457 τῶν
251 431 288 457 ἔτι
298 428 485 457 διατελούντων
500 429 524 456 ἄν
538 429 650 467 μείραξι.
669 439 683 454 ››
697 429 777 456 Ταῦτ’
796 432 870 466 εἰρη-

58 477 116 506 κὼς
147 477 252 502 πέπεικε
275 476 374 506 πάντας
397 473 512 511 ἀμογητὶ
534 484 579 501 και
594 474 691 500 πολλῶν
713 475 773 511 ἄτερ
802 484 869 512 πρα-

56 520 172 556 γμάτων
190 520 312 555 γενέσθαι
325 523 371 546 τοῦ
387 518 525 556 βασιλεως.
548 521 599 546 Καὶ
612 517 645 548 δὴ
662 517 783 556 πρέσϐεις
797 519 870 550 τινὰς

57 568 114 590 τῶν
141 565 313 591 Δσυνεποίκων
340 566 493 596 στείλαντες,
517 564 591 600 τάχα
609 565 654 600 μέν
679 564 774 600 κρύφα,
806 563 870 599 μᾶλ-

57 608 106 634 λον
135 607 166 635 δ⁶ε
190 610 398 644 γινωσκομένους
416 606 470 639 τοῖς
497 608 608 643 πλείοσι,
638 607 783 644 συμϐάσεις
804 609 870 645 μετὰ

57 656 112 679 τοῦ
149 652 281 689 βασιλέως
310 655 476 682 πεποίηνται.
509 651 705 690 Χρυσόϐουλλος
734 656 797 688 γοῦν
833 657 870 689 τῷ

59 696 176 734 βασιλεῖ
211 701 263 724 τῶν
289 699 422 734 ᾐτημένων
453 699 530 734 σφίσι
556 697 740 735 περιληπτικός
766 707 870 734 γεγενη-

56 744 142 779 μένος
164 752 210 768 και
236 739 374 778 δεδομένος
395 745 448 774 τοῖς
473 741 599 778 πρέσϐεσι
620 746 675 773 τοῖς
704 746 751 768 τοῦ
778 743 869 770 Μελεί·
897 736 901 741 ’

57 796 110 813 κου
141 785 324 817 ἀποσταλῆναι
351 787 542 823 προσετετάχει
576 786 724 823 οἰκήτορσι.
764 790 815 814 Και
844 789 870 814 οἱ

57 832 121 868 μετ’
160 831 190 858 οὐ
227 831 293 858 πολὺ
330 829 500 868 ὁμοθυμαδὸν
539 832 633 863 πάντες
672 831 867 869 συνειλεγμένοι,
885 838 905 866 Β

57 877 123 903 ὅσοι
149 885 177 903 τε
190 879 240 902 τῶν
262 875 442 913 προύχόντων,
468 878 526 902 ὅσοι
548 876 598 902 τῶν
619 878 649 913 εν,
660 879 784 914 στρατείᾳ
807 887 870 904 κατ-

63 921 229 957 ειλεγμένων,
253 931 299 947 και
313 922 372 947 ὅσοι
395 923 530 958 κρείττους
556 921 630 948 ἄλλοῖ
643 926 693 947 τῶν
716 924 869 960 οικητορων,

57 968 130 1004 πρὸς
144 967 189 992 τὸν
214 965 327 1002 βασιλέα
350 965 482 1002 ἀφίκοντο,
509 967 681 1003 σκηνούμενον
704 969 770 1003 παρὶ
792 969 870 993 τόπον

59 1008 208 1038 Λαϐισδαν
227 1012 295 1037 οὕτω
318 1021 372 1041 πως
399 1011 597 1048 ὀνομαζόμενον,
623 1009 715 1049 ἄνδρες
739 1011 871 1043 εὐσταλεῖς

58 1065 90 1083 τε
121 1065 169 1082 και
198 1056 298 1092 ἔντιμοι
325 1057 376 1082 κάκ
402 1057 481 1092 μόνης
516 1056 575 1086 θεας
606 1054 701 1087 αἰδοῦς
728 1066 772 1082 και
792 1060 870 1093 τιμῆς

59 1101 145 1134 ἄξιοι,
179 1101 242 1137 ὑπερ
275 1102 463 1132 πεντακοσίους
495 1101 670 1137 τυγχάνοντες
685 1111 691 1118 ·
717 1100 761 1131 οὓς
792 1101 871 1132 αὐτὸς

61 1147 178 1182 εἰρήκειν
194 1143 268 1179 ιδὼν,
297 1157 311 1171 ιι
338 1147 404 1172 Ποία
430 1144 586 1182 ὁπλομαχία
609 1146 672 1182 ἡμῖν
694 1145 792 1176 αὐτοὺς
807 1155 872 1183 παρ-

63 1192 221 1223 triduo;
246 1190 261 1220 ἦ
289 1191 371 1216 πόσαι
395 1189 522 1226 φάλαγγες
552 1191 649 1216 ἱππέων
674 1194 724 1216 τῶν
739 1191 871 1217 τοσούτων

63 1235 259 1273 περιεγένόντο;
293 1233 347 1260 ἀλλ’
378 1236 403 1261 ὶν
428 1233 466 1270 τῷ
491 1236 618 1272 κρείττονι
649 1235 737 1272 ῥᾷστα
762 1245 808 1261 και
838 1236 872 1262 τὰ

63 1283 163 1316 μικροῦ
179 1277 234 1305 δεῖν
259 1278 458 1316 ἁνεπιχείρητα.
485 1278 626 1306 Κάντεῦθεν
651 1277 730 1309 δῆλον
754 1281 787 1310 ὡς
805 1279 870 1309 ἀλη-

65 1325 106 1354 θές
128 1324 186 1350 ἔστι
207 1324 236 1350 τὸ
260 1327 297 1359 τῷ
310 1322 448 1359 ἀποστόλῳ
463 1323 557 1350 Παύλω
581 1325 724 1361 εἰρημένον,
737 1335 751 1348 ‹‹
767 1324 805 1350 Ou'
825 1327 870 1350 τοῦ

63 1370 218 1406 τρέχοντος,
241 1366 303 1394 οὐδε
317 1371 363 1394 τοῦ
385 1366 537 1402 διώκοντος,
557 1368 622 1394 ἀλλὰ
634 1371 680 1394 τοῦ
702 1366 871 1400 εὐδοκοῦντος

65 1415 142 1441 Θεοῦ,
171 1424 186 1438 n
209 1415 250 1448 Τῷ
271 1422 313 1439 τοι
336 1422 381 1439 και
403 1414 448 1439 τὸν
471 1413 618 1449 στρατηγὸν
645 1412 674 1439 οὐ
700 1410 741 1439 δεῖ
763 1411 871 1449 πὰμπαν

65 1458 179 1485 ἐπαινεῖν
206 1459 264 1484 οὔτε
290 1459 341 1494 μὴν
367 1457 466 1493 ψέγειν.
491 1457 576 1484 Πολλὰ
599 1458 650 1495 γάρ
679 1467 745 1488 τινες
774 1455 872 1494 διαγω-

64 1512 202 1539 νισαμενοι
226 1500 373 1532 σπουδαῖος
398 1511 426 1529 τε
453 1511 499 1528 και
525 1504 663 1535 συντόνως,
695 1500 872 1539 δραστικώτε-
888 1515 909 1543 C

65 1557 110 1585 ρον
129 1550 186 1578 τοῖς
208 1550 324 1584 παροῦσι
347 1547 524 1584 χρησάμενοι,
548 1547 642 1584 μικρὸν
663 1546 678 1576 ἣ
709 1544 785 1573 οὐδὲν
808 1556 872 1573 κατ-

66 1593 234 1629 ωρθώσαντο,
259 1592 320 1618 ἔνιοι
343 1589 372 1618 δε
388 1601 434 1617 και
458 1590 598 1627 ὔσφάλοντο
624 1591 746 1620 πλεῖστα.
771 1590 873 1628 Ἕτεροι

67 1635 98 1664 δί
126 1635 216 1669 δεξιᾶς
245 1635 424 1674 ηὐμορηκότες
451 1637 549 1672 τύχης,
580 1635 741 1672 ἂμελετὴτως
771 1635 813 1662 ἰπὶ
840 1638 874 1663 τὰ

68 1683 132 1719 ἔργα
153 1685 299 1719 χωροῦντες
338 1681 457 1718 μεγάλων
496 1682 626 1717 τροπαίων
655 1683 794 1717 γεγόνασιν
829 1681 874 1708 αὖ.

67 1728 186 1764 τουργοὶ,
214 1726 267 1752 οἷόν
295 1735 321 1752 τι
359 1724 450 1757 ξυνέϐη
483 1729 520 1760 τῷ
547 1727 606 1752 τότε
631 1727 676 1751 καὶ
706 1729 743 1761 τῷ
768 1724 874 1762 βασιλεῖ

69 1771 185 1807 Ἰωάννη.
218 1770 320 1797 Πολλῶν
359 1771 410 1807 γὰρ
441 1769 541 1796 ἀστέων
571 1772 617 1796 καὶ
654 1773 750 1806 χώρων
774 1769 872 1796 πολλῶν

68 1814 181 1852 ἐγεγόνει
224 1813 355 1845 δεσπότης
385 1814 410 1841 iv
450 1813 552 1850 ἀκαρεῖ,
586 1816 622 1850 μή
655 1824 722 1845 τινος
760 1815 872 1851 πολέμου

68 1861 251 1896 γεγενημένου,
279 1857 349 1896 μηδὲ
381 1868 451 1890 τινος
475 1861 601 1889 πεσόντος
625 1858 651 1885 ἦν
683 1869 772 1896 μαχῃ,
804 1857 874 1896 μηδε

68 1905 197 1941 χυθὲντος
233 1905 354 1941 αἳματος,
397 1901 466 1940 μηδὲ
508 1903 596 1939 ξιφους
637 1905 873 1941 κατορχησαμὶνου

71 1952 203 1986 σώματος,
239 1948 293 1975 ἀλλ’
323 1949 424 1985 ἡμερως
456 1957 501 1974 και
538 1947 655 1984 γαληνῶς
687 1949 774 1985 ὥσπερ
806 1950 874 1979 τινὸς

69 1994 167 2032 κλήρου
194 1994 320 2031 πατρόθεν
347 1994 427 2029 τούτῳ
460 1995 643 2030 προσὼκοντος
666 1991 792 2031 ἀνιδρωτί
825 1997 874 2020 τῶν

70 2040 195 2066 τοιούτων
223 2038 342 2065 ἁπάντων
367 2037 481 2075 κατῆρξε
507 2037 549 2074 [Ρ.
574 2037 620 2074 44]
640 2040 799 2074 Στενίμαχος
824 2039 874 2075 γὰρ

71 2086 116 2110 καὶ
135 2083 277 2119 Τζὲπαινα,
295 2093 340 2109 και
355 2084 404 2109 ὅσα
420 2080 450 2119 ᾖν
465 2086 501 2118 τῷ
524 2086 572 2114 τῆς
592 2081 721 2114 Ῥοδόπης
745 2085 798 2119 ὄρει
818 2083 875 2118 (8ἷ)

72 2130 247 2166 παρακείμενα
272 2127 399 2164 πολίχνια
424 2136 451 2153 τι
477 2136 521 2153 και
556 2127 726 2163 κωμοπόλεις,
757 2127 876 2164 ὑποφορα

72 2174 156 2208 τούτῳ
181 2174 341 2208 γεγένηνται.
369 2175 420 2198 Και
439 2173 499 2208 ὅρος
518 2171 586 2207 οὗτῷ
600 2181 627 2198 τε
653 2181 698 2198 και
723 2175 777 2203 τοῖς
799 2171 874 2198 Βουλ-
890 2191 912 2219 D

72 2218 162 2255 γάροις
185 2215 276 2255 Ἕϐρος
298 2214 328 2246 ἧν
355 2218 481 2253 ποταμός.
509 2215 553 2243 Ἐκ
575 2214 604 2242 δὲ
629 2219 675 2243 τοῦ
690 2218 753 2252 πρὸς
777 2216 874 2254 Βορρἄ

73 2264 168 2300 μέρους
182 2263 326 2298 Στούμπιόν
352 2271 378 2288 τε
391 2271 437 2288 και
461 2260 575 2292 Χοτοϐὸς
598 2260 687 2298 ὀχυρὰ
707 2261 774 2287 ἄττα
795 2262 874 2298 φρού-

74 2316 118 2345 ρια
138 2316 186 2333 και
212 2311 301 2344 χῶρος
328 2307 342 2333 ό
365 2304 534 2333 Βελεϐουδίου
562 2306 612 2332 ὑπὸ
635 2307 679 2332 τὸν
706 2304 818 2342 βασιλέα
833 2304 873 2340 ἦν,

75 2352 171 2377 Σκοπιά
194 2360 222 2377 τε
236 2361 282 2378 και
308 2351 412 2382 Βελεσός
434 2361 480 2377 και
495 2352 577 2388 πεχρι
602 2350 737 2388 Πριλάπου
761 2360 806 2377 και
825 2355 875 2378 τῶν

925 204 1062 233 fantium.
1076 216 1090 230 »
1104 205 1152 233 His
1162 206 1225 234 sine
1236 206 1406 234 uIlolabore
1415 214 1450 234 ac
1462 206 1598 235 molestia
1607 210 1748 238 omnibus

926 250 1019 277 suasit
1027 252 1060 278 ut
1076 251 1265 287 imperatoris
1281 253 1381 287 partes
1397 254 1600 287 sequerentur.
1611 253 1749 285 Quareex

925 293 1040 322 civibus
1055 295 1217 323 nonnullos
1233 295 1311 324 clam
1328 295 1462 332 quidem,
1491 298 1524 323 ut
1548 296 1648 325 videre
1675 300 1747 332 erat,

926 339 980 367 sed
992 339 1128 375 plurimis
1145 342 1245 368 tamen
1263 340 1398 376 cognitos
1418 340 1529 375 legant,
1545 343 1574 369 et
1593 341 1624 369 in
1652 342 1750 370 foedus

925 392 994 412 eum
1009 384 1189 420 imperatore
1204 388 1322 413 coeunt.
1339 386 1371 412 Et
1383 384 1466 413 bulla
1481 393 1583 419 aurea,
1615 394 1677 422 qua
1701 394 1750 414 res

923 431 1014 465 gestas
1029 428 1284 463 describebantur,
1297 437 1351 465 per
1362 429 1481 458 eosdem
1493 429 1607 465 legatos
1623 431 1751 467 impera-

923 473 1094 508 torisjussu
1118 473 1158 501 ad
1185 473 1314 502 Melenici
1338 473 1469 502 defertur
1494 474 1584 507 cives.
1612 475 1664 511 qui
1689 483 1751 504 una

923 525 1030 545 omnes
1044 517 1143 551 simul,
1159 517 1220 546 sive
1233 526 1269 546 ex
1280 518 1462 554 primoribus
1473 519 1535 546 sive
1548 518 1649 547 milita:
1660 519 1750 548 ascri-

923 561 980 598 ptis
995 562 1056 590 sive
1068 562 1281 590 celebrioribus
1295 563 1354 591 sive
1365 563 1454 591 etiam
1475 563 1705 599 habitatoribus,
1719 564 1750 593 in

924 616 1014 636 unum
1021 607 1227 643 conspirantes
1236 607 1275 635 ad
1281 607 1492 643 imperatorem
1500 608 1582 645 apud
1590 609 1750 638 Labisdam

925 653 1035 689 (locum
1054 652 1096 680 sic
1109 652 1272 688 appellant)
1293 655 1530 680 commorantem
1559 653 1614 681 viri
1637 654 1751 690 compti

924 706 959 726 ac
975 697 1090 725 nobiles
1105 700 1133 724 et
1147 704 1182 724 ex
1202 697 1267 724 solo
1283 698 1404 732 aspectu
1412 696 1574 725 venerandi
1582 705 1618 726 ac
1627 697 1750 726 honori-

923 743 980 770 bus
997 741 1078 776 digni
1100 749 1194 777 supra
1205 741 1386 777 quingentos
1400 741 1552 770 festinant.
1568 743 1602 770 Ut
1614 742 1677 778 ipse
1697 749 1749 771 eos

923 787 1045 821 vidi,ita
1055 786 1171 814 locutus
1182 794 1249 814 sum
1264 794 1270 813 :
1283 797 1297 810 «
1313 787 1456 818 Quasnam
1481 786 1569 814 nobis
1595 794 1751 815 armorum

924 831 1043 867 fulgura
1054 831 1130 859 vires
1141 830 1270 865 subegit,
1283 832 1335 858 aut
1343 832 1417 866 quot
1427 831 1559 867 equitum
1584 831 1751 867 phalanges

924 879 966 906 tot
978 876 1152 904 devicerunt
1170 875 1184 902 7
1198 874 1252 902 sed
1263 874 1393 902 melioris
1404 875 1543 910 praesidio
1561 875 1701 904 facillime
1722 877 1752 904 et

925 930 992 958 quas
1007 921 1057 948 vix
1071 928 1206 956 unquam
1222 919 1300 947 vinci
1314 921 1451 955 poterant
1460 919 1657 956 depellantur.
1678 920 1751 948 Hinc

924 965 1115 994 verissimum
1126 966 1168 991 est
1180 963 1260 991 Pauli
1273 963 1401 999 apostoli
1411 963 1534 997 dictum,
1541 972 1604 992 non
1614 972 1680 992 esse
1686 972 1752 992 cur-

924 1010 1015 1039 rentis
1026 1017 1121 1046 neque
1137 1007 1414 1045 persequentis,sed
1425 1008 1554 1036 illiuseui
1563 1009 1638 1036 Deus
1660 1009 1750 1037 bene-

925 1054 1034 1091 placito
1041 1061 1095 1082 suo
1106 1053 1296 1081 concesserit.
1308 1053 1483 1088 ziPropterea
1491 1053 1582 1081 duces
1589 1053 1750 1081 exercitum
1786 1071 1788 1074 -

925 1107 1024 1135 neque
1034 1097 1282 1133 laudandiueque
1290 1096 1480 1133 vituperandi
1491 1099 1569 1126 sunt.
1578 1097 1657 1126 Multi
1664 1105 1751 1126 nam-

926 1153 984 1181 que
990 1144 1146 1179 diligenter
1152 1151 1187 1171 ac
1194 1142 1356 1179 prudenter
1363 1145 1508 1170 certantes
1514 1142 1582 1170 dum
1589 1143 1752 1171 animosius

926 1189 986 1226 84
1001 1197 1064 1217 rem
1082 1189 1242 1224 peragunt,
1261 1195 1371 1224 parum
1388 1189 1440 1214 aut
1451 1186 1524 1214 nihil
1549 1186 1749 1223 profecerunt.

927 1234 1060 1270 plerique
1071 1233 1156 1261 etiam
1168 1240 1291 1268 operum
1303 1233 1333 1259 et
1341 1231 1439 1259 oleum
1450 1233 1482 1259 ut
1506 1231 1669 1268 plurimum
1684 1239 1752 1268 per-

925 1279 1066 1306 diderunt
1082 1286 1088 1304 :
1110 1277 1159 1304 alii
1175 1276 1307 1304 secunda
1322 1275 1387 1304 freti
1400 1276 1519 1303 fortuna
1535 1278 1666 1311 segniter
1677 1283 1708 1304 se
1721 1275 1753 1304 in

925 1320 1473 1358 rebusagendisoccupantes,ingentia
1482 1324 1594 1356 tropaea
1600 1320 1754 1349 consecuti

926 1369 1004 1403 sunt,
1018 1367 1059 1394 uti
1074 1368 1144 1394 tunc
1158 1365 1329 1401 imperatori
1349 1365 1457 1392 Joanni
1477 1365 1594 1397 accidit,
1608 1365 1661 1401 qui
1673 1365 1754 1393 nulla

926 1419 1013 1440 mora
1027 1411 1190 1439 multarum
1202 1410 1322 1437 urbium
1336 1409 1558 1445 multorumque
1570 1409 1753 1445 oppidorum

927 1456 1041 1492 absque
1055 1455 1115 1483 ullo
1126 1453 1240 1491 proelio,
1253 1453 1369 1490 absque
1385 1453 1474 1480 ullius
1489 1453 1583 1488 crede,
1600 1454 1668 1482 sine
1680 1453 1754 1482 etfu-

928 1501 1010 1529 sione
1026 1499 1192 1534 sanguinis,
1208 1499 1270 1526 sine
1288 1497 1379 1533 gladii
1400 1498 1431 1525 in
1451 1505 1561 1534 corpus
1585 1498 1753 1526 humanum

928 1546 1050 1578 saevitia,
1066 1544 1117 1572 sed
1129 1543 1246 1580 placide
1260 1551 1294 1571 ac
1306 1542 1404 1579 quiete
1418 1544 1446 1570 et
1459 1543 1522 1570 sine
1545 1542 1666 1578 sudore,
1681 1550 1717 1571 ac
1728 1542 1754 1570 si

927 1591 958 1619 in
968 1589 1171 1618 hereditatem
1182 1590 1340 1624 paternam
1351 1587 1566 1620 immitteretur,
1575 1586 1755 1615 dominatio-

926 1643 997 1663 nem
1008 1634 1135 1670 adeptus
1150 1635 1203 1660 est.
1215 1631 1424 1660 Stenimachus
1439 1630 1518 1659 enim
1547 1633 1576 1659 et
1598 1632 1753 1667 Tzepmna,

927 1683 955 1708 et
971 1680 1119 1716 quotquot
1132 1677 1292 1713 Rhodopes
1314 1677 1409 1704 monti
1433 1675 1580 1712 oppidula
1609 1676 1756 1712 cujusque

927 1725 1078 1760 adjacent,
1097 1721 1253 1751 tributaria
1261 1721 1378 1754 habuit,
1392 1722 1420 1748 et
1430 1720 1617 1756 imperatoris
1627 1727 1663 1748 ac
1689 1719 1756 1748 Bul-

928 1776 1069 1804 garorum
1083 1767 1158 1795 ﬁnes
1172 1766 1288 1794 Hebrus
1295 1765 1408 1793 ﬂuvius
1416 1765 1593 1793 terminavit.
1607 1766 1637 1793 ln
1646 1763 1757 1793 Boreali

926 1814 1017 1851 plaga
1030 1812 1208 1848 Stumpium,
1223 1810 1384 1843 Chotobos,
1401 1812 1497 1838 castra
1520 1810 1684 1838 munitione
1707 1816 1759 1838 va-

927 1859 998 1891 lida,
1014 1860 1042 1886 et
1057 1856 1209 1884 Belehudii
1226 1857 1307 1884 locus
1323 1855 1512 1891 imperatoris
1524 1856 1687 1888 cesserant,
1703 1861 1758 1882 nec

928 1911 989 1931 non
1005 1902 1113 1938 Scopia
1123 1904 1150 1929 et
1166 1900 1286 1928 Belesus
1300 1902 1469 1936 caeteraque
1487 1907 1584 1935 usque
1605 1899 1759 1935 Prilapum

929 1951 956 1976 et
968 1946 1145 1982 Pelagonios
1160 1953 1249 1980 agros
1267 1955 1274 1980 ;
1292 1945 1363 1973 item
1376 1943 1567 1980 Neustapolis
1580 1946 1608 1972 et
1617 1945 1761 1972 Prosecus

930 2000 994 2020 sese
1007 1991 1207 2026 subjecerant.
1223 1991 1254 2018 Et
1268 1997 1359 2025 super
1374 1989 1421 2017 his
1439 1988 1638 2024 Bulgarorum
1666 1996 1717 2016 rex
1732 1989 1761 2016 et

929 2038 1091 2074 imperator
1100 2035 1140 2062 sic
1147 2036 1359 2068 convenerant,
1377 2037 1411 2062 ut
1419 2034 1583 2070 imperator
1589 2033 1700 2061 scilicet
1713 2032 1760 2060 his

930 2082 998 2109 solis
1005 2081 1158 2109 contentus
1164 2079 1234 2106 nihil
1241 2079 1361 2106 ulterius
1369 2081 1533 2106 attentaret.
1539 2076 1761 2113 Ethmcquidem

929 2126 969 2154 ita
986 2128 1108 2162 peracta
1124 2125 1272 2159 sunt.lpse
1286 2122 1483 2151 inscribendis
1495 2122 1628 2159 epistolis
1636 2128 1761 2158 operam

929 2170 1083 2199 navabam
1091 2168 1214 2204 singulis
1221 2168 1347 2196 urbibus
1355 2176 1389 2196 ac
1396 2167 1516 2204 oppidis
1527 2167 1621 2204 captis
1628 2166 1762 2195 scribens

930 2214 1157 2252 imperatorium
1172 2213 1302 2248 sigillum
1312 2212 1501 2249 imprimens.
1511 2214 1645 2249 Namque
1655 2211 1685 2240 id
1696 2219 1763 2240 mor

930 2263 993 2289 erat
1001 2261 1204 2288 Romanorum
1213 2257 1438 2294 imperatoribus
1445 2265 1498 2293 per
1507 2257 1618 2285 litteras
1625 2256 1763 2293 longedi—

931 2304 1079 2334 stantibus
1094 2304 1215 2339 egregie
1226 2312 1244 2331 a
1259 2311 1290 2331 se
1306 2304 1392 2338 gesta
1416 2301 1593 2338 signiﬁcare,
1613 2302 1764 2338 voluptate

931 2350 987 2378 illis
1000 2356 1094 2385 quam
1110 2348 1167 2385 ipsi
1188 2347 1403 2384 experirentur,
1416 2346 1584 2375 conelliare.

75 2395 230 2432 Πελαγονίας
255 2397 373 2434 χωρίων,
397 2395 577 2426 Νευστοὶπολις
604 2405 631 2422 τε
654 2405 700 2422 και
729 2395 919 2433 Πρόσακος,τά
937 2395 1023 2422 πάντα
1062 2393 1161 2431 ὑπῆρξε
1194 2397 1228 2429 τῷ
1268 2392 1375 2430 βασιλεῖ
1410 2393 1561 2429 ὑποχείρια.
1599 2393 1650 2419 Καὶ
1682 2402 1764 2420 σπον-

76 2439 120 2467 δαὶ
148 2439 190 2467 ὶπι
221 2441 323 2472 τούτοις
357 2445 408 2468 τῶν
447 2440 599 2477 Βουλγάρων
636 2441 673 2476 τῷ
713 2439 818 2477 βασιλεῖ
852 2440 1024 2478 ἕγεγόνεισαν,
1061 2443 1117 2470 τοῖς
1145 2439 1271 2469 τοιούτοις
1297 2440 1338 2464 κοὶ
1386 2439 1472 2473 μόνοις
1504 2435 1642 2474 ἀρκεῖσθαι
1671 2441 1762 2464 τοῦτον

75 2487 118 2512 καὶ
141 2487 178 2522 μή
206 2487 349 2524 περαιτερω
372 2484 593 2522 κατεπεμϐαίνειν.
622 2487 673 2512 Καὶ
701 2489 786 2512 ταῦτα
814 2487 860 2522 μὶν
899 2486 980 2516 οὕτως
1021 2484 1086 2519 ἔσχε
1119 2485 1163 2510 τὸν
1193 2485 1298 2519 τρόπον,
1337 2482 1386 2519 ἐγὼ
1418 2480 1447 2508 δὲ
1480 2481 1554 2511 αὐτὸς
1576 2480 1600 2508 ἓν
1624 2485 1677 2511 τοῖς
1707 2481 1763 2508 ἔτην

78 2529 239 2566 στολιμαίοις
268 2534 318 2557 τῶν
359 2530 440 2567 λογων
480 2531 636 2567 ὑπούργουν,
678 2529 779 2557 ἑκάστω
817 2534 868 2557 τῶν
902 2529 1077 2565 ἁλισκομένων
1119 2527 1217 2554 ἀστέων
1266 2537 1293 2554 τε

77 2572 243 2611 ὶγχαράττων
280 2574 423 2612 βασιλικήν
447 2586 453 2592 ·

527 2665 699 2699 Theodori
724 2665 849 2700 Dousae
873 2669 906 2699 et

116 2765 173 2799 (τι)
192 2765 235 2799 Τῷ
247 2766 294 2794 τῆς
304 2760 433 2795 Ῥοδοπης
444 2765 507 2800 ὄρει,
524 2764 612 2794 Anna.
625 2764 790 2801 Comnena,
806 2763 849 2794 lib
863 2771 909 2794 xiv

1349 2529 1394 2558 καὶ
1441 2530 1536 2563 χωρῶν
1575 2528 1620 2552 καὶ
1661 2527 1764 2564 γραφὴ-

482 2575 536 2606 ῖοος
558 2576 608 2612 γὰρ
630 2578 707 2602 τοῦτο
736 2575 846 2602 παλαιὸν
880 2579 922 2603 τοῖ
955 2573 1099 2612 βασιλεῦσι
1136 2572 1278 2609 Ῥωμαίων,
1303 2570 1373 2602 δῆλα
1396 2575 1449 2603 τοῖς
1464 2572 1592 2609 μακρόθεν
1610 2569 1658 2598 διὰ
1679 2580 1763 2609 γραμ-

937 2664 1063 2700 Leonis
1087 2662 1206 2698 Allatii
1231 2666 1332 2696 notae.

924 2772 931 2793 :
946 2764 1020 2791 Κατὰ
1033 2765 1157 2801 γραμμήν
1172 2760 1334 2801 παραῗλληλον
1347 2763 1430 2788 κεῖται
1444 2763 1481 2797 τῷ
1491 2761 1575 2798 Αῖμῳ.
1587 2762 1655 2791 ALL.
