1966 3079
226 121 235 147 Ι
241 119 292 146 095

862 114 1004 142 GEORGII
1017 111 1247 142 AGROPOLITE

1844 114 1911 140 1096

222 188 289 209 esse
317 163 444 217 poterat,
466 179 637 214 efﬂuxisset,
664 179 826 214 Spartanus
849 176 980 204 velocius
1006 175 1046 203 ad
1065 177 1088 203 Α
1105 173 1178 205 ϐδοις
1201 176 1274 210 τάχα
1311 176 1354 201 τὸν
1384 177 1434 210 Καί.

1105 173 1178 205 ϐδοις
1201 176 1274 210 τάχα
1311 176 1354 201 τὸν
1384 175 1523 210 Καμπανόν
1553 173 1648 204 ἑτάζων
1671 173 1847 210 ἀποκαλύψαι
1882 177 1914 200 τὰ

222 225 401 254 Demetrium
411 224 555 261 pervolat,
564 226 593 251 et
602 223 675 257 inﬁt,
687 234 701 248 «
714 224 784 250 Rem
797 221 847 249 tibi
858 221 1048 249 sacramento

221 270 384 299 corroboro
394 278 447 306 per
458 273 541 297 tuum
550 272 578 296 et
591 271 728 296 nostrum
739 267 877 295 omnium
888 266 1047 294 dominum

221 315 402 343 Demetrium
431 313 654 342 Thessalonices
687 314 854 339 curatorem
884 318 918 338 ac
943 309 1047 337 mode-

219 363 360 394 ratorem,
370 368 385 386 ›
403 367 464 396 quo
476 366 548 386 sane
564 359 753 386 sacramento
768 355 850 392 apud
859 354 1046 395 Thessaloni-

220 412 324 432 censes
335 404 376 431 nil
389 402 564 436 solemnius,
577 402 616 430 nil
629 401 759 429 sanctius
769 400 930 435 excogitari
939 399 1046 435 potuit,

221 460 234 474 κ
251 456 312 477 non
323 448 398 476 alius
410 448 581 483 aSparteno
596 447 768 482 Campanus
779 447 831 478 est,
846 444 897 480 qui
910 451 996 479 aeque
1011 451 1046 471 ac

220 494 391 530 Spartenus,
407 499 469 529 quo
483 492 600 520 nullum
615 491 689 518 inter
699 489 839 518 mortales
858 488 989 525 reliquos
1004 487 1046 516 tui

220 537 430 565 studiosiorem
439 535 606 571 cognoscis,
617 535 648 563 in
663 537 691 563 te
704 534 806 563 animo
819 533 944 561 atfectus
957 534 1011 560 est.
1031 543 1042 556 ι

220 581 266 609 Sic
282 582 444 618 Spartenus
475 579 571 608 scelus
591 579 664 607 alias
693 578 895 613 detegendum
921 575 1045 613 provide

219 625 359 654 exhausit
373 628 401 653 et
411 624 568 662 quaestioni
582 624 674 652 ﬁnem
690 623 767 651 fecit.
781 623 871 657 lgitur
883 622 1046 657 imperator

217 671 345 699 Joannes
352 662 491 698 unacum
501 669 592 696 milite
607 668 704 704 primo
718 666 850 695 diluculo
862 665 1046 694 Thessaloni-

217 723 284 744 cam
298 714 429 751 appellit,
446 714 549 750 ibique
569 716 667 741 castra
681 712 785 748 ponit:
801 719 871 739 nam
888 709 1043 738 obsidione

217 767 285 788 eam
296 760 424 794 cingere,
434 766 503 786 cum
513 758 552 786 ad
564 756 765 785 obsidendum
776 755 944 784 necessaria
957 754 1043 782 mini-

217 811 266 832 me
275 805 478 839 suppeterent,
485 810 546 830 non
556 803 682 838 poterat.
690 800 942 828 Caduceatoribus
953 806 1043 835 porro

217 847 404 880 Demetrium,
419 849 451 874 ut
462 847 525 883 ipse
538 846 655 881 juratus
666 846 725 881 89
749 844 921 880 imperatori
935 844 1042 877 fuerat,

218 892 257 920 ad
273 900 305 920 se
320 891 455 923 accersit,
467 890 696 927 emporiumque
707 889 851 926 poscebat
864 890 948 917 extra
957 888 1043 916 Thes-

218 936 394 970 salonicam,
407 936 438 963 in
453 943 514 971 quo
541 934 657 968 milites,
673 942 740 971 quaa
764 934 821 962 sibi
849 933 915 961 usui
929 934 1040 966 essent,

217 981 311 1017 pretio
334 981 512 1008 coemerent.
529 979 578 1008 llle
592 987 611 1007 a
624 978 832 1007 consultorum
846 978 961 1006 insidiis
985 977 1042 1005 sibi

215 1033 277 1054 non
285 1032 469 1061 prmcavens,
481 1024 567 1052 dictis
576 1032 681 1052 eorum
689 1023 912 1053 obsecundaus,
924 1021 995 1049 nihil
1004 1029 1041 1049 ex

214 1070 260 1098 his
270 1079 338 1106 quae
352 1071 511 1106 imperator
525 1069 672 1097 indixerat
681 1070 838 1096 exsecutus
851 1070 906 1095 est.
923 1066 1041 1095 Paucis-

214 1114 446 1150 simospostdies
455 1121 549 1150 parva.
555 1113 681 1141 militum
690 1120 798 1140 manus
808 1111 889 1148 apud
899 1111 1038 1148 pusillam

214 1159 297 1188 urbis
308 1162 425 1195 portam
441 1161 469 1187 et
479 1166 562 1186 mare
579 1160 764 1193 spectantem
781 1156 931 1189 adsidens,
939 1158 1040 1184 custo-

213 1203 359 1240 diensque
374 1212 410 1231 ne
428 1203 495 1239 quis
512 1211 547 1231 ex
561 1202 635 1231 urbe
649 1209 685 1230 ex
713 1202 875 1237 improviso
903 1202 1037 1237 irrepens

212 1249 336 1276 militem
349 1248 479 1281 laederet,
496 1248 601 1276 oborto
616 1247 685 1274 inde
707 1247 837 1275 clamore
857 1249 976 1282 portam
998 1247 1037 1275 ab

212 1293 247 1321 iis
259 1293 312 1330 qui
325 1293 405 1321 intus
418 1294 503 1321 erant
515 1295 651 1328 apertam
672 1291 776 1324 fuisse,
802 1291 966 1320 clamorem
992 1293 1037 1320 in-

211 1338 354 1374 sequitur,
367 1339 395 1365 et
411 1337 567 1364 universus
582 1336 726 1364 exercitus
736 1338 805 1372 post
819 1344 887 1364 eam
901 1339 1036 1365 armatus

211 1390 280 1410 cum
287 1382 464 1418 imperatore
471 1380 627 1409 confestim
633 1380 874 1409 Thessalonicam
881 1381 1035 1416 ingressus

211 1426 313 1455 omnia
330 1428 490 1462 occupant.
501 1426 664 1461 Imperator
675 1425 706 1453 in
720 1427 807 1461 porta
820 1426 902 1454 urbis
916 1435 985 1463 quae
1003 1427 1033 1455 in
1050 1423 1070 1451 C

209 1471 353 1499 orientem
374 1471 477 1505 vergit,
494 1470 582 1498 stetit.
605 1469 714 1498 Aderat
729 1472 757 1498 et
789 1471 925 1499 Demetrii
951 1479 1035 1500 soror
1066 1503 1069 1505 _

209 1513 303 1549 Irene,
316 1514 511 1549 Bulgarorum
532 1513 624 1541 Asani
636 1521 720 1547 uxor,
744 1513 880 1550 supplex,
906 1515 1034 1549 genibus

207 1559 279 1588 nixa
301 1561 330 1587 et
347 1558 599 1595 lacrymabunda,
626 1566 754 1587 exorans
773 1566 811 1586 ne
834 1558 923 1587 frater
940 1560 1035 1588 oculis

207 1603 421 1632 obcmcaretur.
441 1603 604 1632 Demetrius
619 1603 648 1630 in
664 1611 763 1631 arcem
777 1602 859 1639 prius
879 1611 942 1632 sese
955 1612 1035 1633 rece-

207 1651 300 1684 perat.
312 1650 410 1684 Soror,
420 1648 587 1684 spondente
596 1647 713 1683 acjurej
720 1646 835 1674 urendo
845 1648 1034 1683 promittente

206 1693 387 1730 imperatore
406 1692 509 1720 oculos
529 1699 599 1721 eum
619 1699 680 1719 non
698 1691 889 1727 amissurum,
911 1692 1032 1722 lratrem

206 1737 405 1765 adolescentis
421 1739 539 1764 aetatem
561 1738 713 1764 maturam
736 1735 903 1764 admodum
917 1745 979 1773 pra;
1001 1746 1032 1766 se

206 1780 360 1816 ferentem,
377 1780 430 1807 sed
449 1780 549 1808 adhuc
575 1779 752 1810 imberbem,
771 1779 868 1808 forma
891 1783 919 1809 et
934 1783 1032 1818 specie

206 1825 370 1860 egregium,
390 1825 430 1853 ad
455 1825 666 1860 imperatorem
692 1824 807 1852 detulit.
828 1826 900 1854 Eam
917 1826 1031 1856 honore

205 1870 323 1898 ornavit
342 1870 518 1905 imperator:
539 1870 572 1897 ut
590 1868 669 1896 enim
692 1868 742 1897 illa
766 1877 845 1906 equo
866 1871 1029 1907 descendit,

204 1914 368 1950 imperator
376 1915 465 1941 etiam
476 1921 493 1942 a
503 1913 625 1950 proprio
635 1913 771 1942 vehiculo
781 1915 929 1950 exsiliens,
938 1916 1030 1952 pedes

205 1958 265 1994 9o
278 1966 348 1986 cum
363 1966 399 1986 ea
410 1958 497 1986 stetit.
520 1957 729 1987 Thessalonica
755 1958 812 1987 hac
837 1960 952 1988 ratione
975 1961 1029 1990 sub

203 2002 392 2039 imperatoris
410 2002 532 2031 Joannis
558 2003 668 2031 ditione
689 2003 770 2032 facta
791 2007 835 2032 est
853 2005 914 2033 imo
929 2007 1029 2042 potius

203 2047 261 2076 sub
284 2048 376 2076 tutela
391 2049 595 2076 Romanorum
610 2048 757 2085 acquievit
786 2058 791 2075 :
817 2049 896 2078 illius
920 2051 1029 2080 etenim

203 2092 316 2121 domini
330 2093 470 2121 Romanis
480 2092 629 2121 contraria
638 2093 816 2122 sentiebant.

1103 221 1208 256 κρύφια.
1228 219 1323 250 Ἀσκὸς
1336 217 1365 245 δὲ
1387 217 1428 252 ἦν,
1454 218 1483 244 οὐ
1513 221 1661 254 Καμπανὸς,
1695 220 1708 244 ό
1735 222 1912 255 τυπτόμενος,

1103 264 1174 290 Ἐπεὶ
1190 262 1219 290 δὲ
1233 265 1248 293 ἡ
1269 263 1386 300 ἀρκοῦσα
1409 263 1464 300 ὥρα
1487 265 1582 300 παρῄει
1611 266 1656 289 καὶ
1684 263 1727 299 [Ρ.
1756 263 1804 300 45]
1837 264 1914 295 ἄξιον

1102 307 1214 345 ἔτασμὸν
1231 307 1393 343 δεδυνημένη
1413 309 1577 338 ποιήσασθαι
1597 311 1643 334 καὶ
1670 309 1800 335 ἔκπυστον
1828 309 1914 335 θεῖναι

1101 356 1145 379 καὶ
1177 355 1205 380 τὸ
1239 353 1264 379 ἐν
1290 357 1387 390 μυχοῖς
1421 352 1580 389 βαθυτάτοις
1607 352 1752 389 ἐγκείμενον
1781 353 1912 391 οῖῤῥητον,

1100 399 1132 428 ὡς
1147 396 1204 434 εἶχε
1216 396 1330 424 ποδῶνό
1350 399 1499 434 Σπαρτηνὸς
1523 397 1628 434 ἀφίκετο
1653 399 1716 435 πρὸς
1736 399 1781 424 τὸν
1815 401 1913 434 Δημή-

1099 452 1180 479 τριον,
1202 445 1246 469 καί
1261 444 1286 469 οῖ
1300 452 1367 479 φησι
1381 453 1387 460 ·
1402 453 1417 468 ‹‹
1438 444 1565 476 Δέσποτα,
1582 443 1649 480 ὅρκῳ
1671 452 1700 469 σε
1732 446 1869 469 πιστὼσω
1882 445 1912 469 τό

1099 490 1218 524 πρᾶγμα.
1235 489 1279 514 Μὰ
1306 489 1350 514 τὸν
1382 488 1426 514 σὸν
1453 489 1498 514 καὶ
1521 487 1594 523 ἡμῶν
1620 487 1741 513 ἁπάντων
1771 485 1913 517 δεσποτην

1100 535 1258 569 Δημήτριον,
1281 534 1325 558 τὸν
1371 530 1506 568 κηδεμόνα
1547 536 1593 562 τῆς
1631 531 1830 562 Θεσσαλονίκης
1863 536 1911 559 καὶ

1099 576 1241 612 πολιοῦχον
1260 576 1319 613 (91)
1335 587 1349 602 ››
1363 576 1449 612 (οὗτός
1465 575 1495 603 δὲ
1511 577 1523 602 ό
1548 577 1622 614 ὅρκος
1640 578 1712 612 παρὰ
1742 576 1910 603 Θεσσαλονι-

1100 625 1174 647 κεῡσι
1193 621 1267 648 πλέον
1294 625 1343 647 τῶν
1363 621 1444 647 ἄλλων
1482 622 1563 658 ὅρκων
1596 621 1708 657 ἰσχύει),
1740 633 1755 646 ‹‹
1788 625 1910 652 τοιοῦτός

1100 665 1170 692 ἐστιν
1205 667 1218 692 ό
1246 668 1385 702 Καμπανὸς
1414 667 1500 696 ὁποῖός
1528 665 1599 692 ἔστιν
1627 667 1640 691 ό
1669 669 1834 703 Σπαρτηνός,
1863 670 1906 692 καὶ

1099 711 1182 742 οὕτως
1196 709 1328 738 διάκειται
1340 713 1399 748 περὶ
1415 712 1443 737 σὲ
1466 711 1582 746 καθάπερ
1609 708 1644 740 δὴ
1671 713 1717 737 καὶ
1740 712 1754 736 ὁ
1784 715 1906 748 Σπαρτι-

1064 747 1084 774 Β
1098 757 1151 790 νὸς,
1181 755 1208 782 ὃν
1233 755 1373 793 ἀνθρώπων
1401 755 1520 781 ἁπάντων
1551 754 1625 781 πλέον
1651 765 1680 781 σε
1698 755 1825 791 φιλοῦντα
1858 755 1906 782 ἑπ-

1097 802 1218 836 έγνωκας.
1239 811 1252 825 ››
1283 800 1372 830 Οὕτως
1399 800 1411 825 ό
1435 801 1584 837 Σπαρτηνός
1607 802 1654 829 τὴν
1682 799 1828 836 μέλλουσαν
1850 811 1907 837 φω-

1096 845 1206 882 ραθῆναι
1241 842 1413 882 ῥᾳδιουργίαν
1448 845 1617 880 οἰκονομικῶς
1655 843 1841 871 διεσκέδασεν.
1874 845 1904 872 Ὀ

1096 891 1141 926 μὲν
1158 888 1201 916 οὖν
1218 888 1340 926 βασιλεὺς
1362 889 1479 919 Ἰωάννης
1513 888 1616 926 ἀπάρας
1649 890 1682 915 τὰ
1715 892 1904 928 πρατεᾶματα

1096 934 1138 961 ἐπὶ
1161 936 1208 963 τὴν
1235 934 1430 964 Θεσσαλονίκην
1470 933 1496 965 ἐξ
1534 933 1612 971 ὀρθοῦ
1646 938 1740 971 χωρεῖ,
1771 938 1816 961 καὶ
1843 938 1902 972 περὶ

1096 981 1193 1008 ταύτην
1217 977 1485 1015 ἐστρατοπεδεύσατο.
1502 978 1681 1016 Πολιορκῆσαι
1695 980 1741 1015 μὲν
1775 980 1827 1017 γὰρ
1855 980 1902 1006 οὐκ

1096 1022 1126 1053 ἧν
1141 1017 1211 1059 αὐτῷ
1225 1024 1266 1060 (οὗ
1293 1025 1344 1060 γὰρ
1372 1022 1502 1060 ἀρκούσας
1524 1022 1581 1059 εἶχε
1608 1024 1654 1054 τὰς
1668 1023 1712 1050 ἐπὶ
1734 1025 1820 1059 τούτῳ
1852 1022 1903 1050 δυ-

1094 1069 1238 1106 νάμειςθδ),
1266 1067 1406 1105 πρεσϐείας
1422 1067 1451 1094 δὲ
1483 1067 1573 1101 ἐποίει,
1604 1070 1649 1094 καὶ¹
1677 1067 1766 1099 ἐζήτει
1792 1069 1903 1100 ἐξελθεῖν

1094 1116 1160 1150 πρὸς
1190 1113 1265 1140 αὐτὸν
1294 1115 1337 1139 τόν
1364 1116 1522 1150 Δημήτριον,
1559 1114 1646 1143 καθὼς
1690 1111 1721 1141 ἣν
1747 1113 1904 1149 ὠμοσμένον

1094 1158 1174 1193 αὐτῷ,
1190 1160 1229 1185 ἔτι
1255 1156 1284 1184 δὲ
1311 1161 1422 1187 ποιῆσαι
1462 1160 1506 1184 καὶ
1536 1157 1633 1195 ἀγορὰν
1648 1157 1696 1189 ἔξω
1731 1161 1778 1188 τῆς
1804 1158 1905 1189 πόλεως

1094 1203 1299 1237 Θεσσαλονίκης,
1316 1204 1351 1233 ὡς
1366 1202 1395 1228 ἂν
1415 1203 1501 1238 ἔχοιεν
1528 1202 1651 1229 ὠνεῖσθαι
1669 1203 1702 1228 τὰ
1718 1201 1842 1239 χρειώδη
1870 1205 1903 1229 τὰ

1094 1250 1286 1286 στρατεύματα.
1317 1247 1346 1274 Ὀ
1390 1246 1419 1274 δὲ
1460 1251 1514 1277 τοῖς
1553 1246 1700 1278 ἐπιϐούλοις
1739 1247 1902 1284 συμϐούλοις

1091 1297 1224 1331 χρώμενος
1261 1291 1336 1319 οὐδέν
1363 1302 1390 1318 τι
1408 1296 1458 1318 τῶν
1486 1293 1610 1318 τοιούτων
1632 1296 1746 1321 ποιῆσαι
1774 1302 1902 1330 παρεχω-

1090 1341 1169 1374 ρεῖτο.
1187 1339 1258 1364 Πάνυ
1281 1335 1310 1363 δὲ
1323 1336 1416 1372 ὀλίγων
1442 1337 1544 1374 ἡμερῶν
1572 1334 1810 1374 παραδραμουσῶν
1845 1338 1901 1363 ὀλί-

1089 1392 1137 1418 γου
1175 1384 1244 1413 τινὸς
1280 1382 1475 1418 στρατεύματος
1511 1381 1622 1410 πλησίον
1667 1383 1807 1418 ἱσταμένου
1849 1386 1899 1413 τῆς

1089 1430 1185 1463 μικρᾶς
1197 1426 1280 1457 πύλης
1299 1430 1346 1457 τῆς
1373 1426 1444 1462 παρὰ
1476 1429 1506 1462 τῇ
1533 1425 1652 1463 θαλάσσῃ
1684 1425 1741 1462 [καὶ
1769 1425 1895 1463 ἕπονομα⁴

1090 1471 1199 1507 ζομένης
1217 1470 1250 1507 ιι]
1268 1469 1314 1497 διὰ
1327 1472 1356 1496 τὸ
1375 1472 1411 1506 μὴ
1442 1469 1597 1508 ἀπροόπτως
1620 1470 1729 1501 ἐξελθεῖν
1756 1480 1833 1502 τινας
1845 1475 1895 1497 τῶν

1088 1519 1134 1546 τῆς
1146 1515 1241 1546 πόλεως
1256 1518 1301 1541 καί
1314 1524 1385 1546 τινας
1413 1514 1585 1551 λυμαίνεσθαι
1608 1519 1658 1541 τῶν
1686 1514 1713 1540 ἑκ
1739 1519 1787 1541 τοῦ
1815 1525 1897 1552 στρα-

1088 1564 1144 1595 τοῦ,
1159 1558 1320 1592 ἐξαπίνηςὲκ
1334 1561 1433 1590 ταύτης
1456 1559 1567 1595 ἐγεγόνει
1591 1558 1642 1596 βοὴ
1669 1561 1703 1591 ὡς
1731 1561 1855 1588 ἤνοιιται
1878 1561 1894 1590 ἦ

1087 1604 1156 1634 πύλη
1172 1605 1243 1641 παρὰ
1257 1614 1323 1635 τινος
1337 1608 1386 1630 τῶν
1404 1603 1481 1637 ἔντὸς,
1505 1606 1550 1630 καὶ
1575 1607 1605 1640 τῇ
1632 1603 1682 1640 βοῇ
1712 1607 1852 1631 συνείπετο
1879 1606 1894 1634 ἡ

1087 1649 1327 1686 παραφυλάττουσα
1351 1647 1474 1684 δύναμις,
1501 1651 1547 1674 καὶ
1574 1649 1679 1685 σύμπαν
1706 1647 1737 1675 δὴ
1762 1650 1793 1675 τὸ
1809 1651 1896 1687 στρά-

1087 1704 1170 1730 τευμα
1184 1693 1305 1720 ὅπλισθεν
1328 1694 1393 1730 μετὰ
1411 1697 1457 1720 τοῦ
1483 1697 1640 1730 κρατοῦντος
1666 1693 1766 1730 ἐφοίτα.
1794 1697 1847 1721 Καὶ
1869 1694 1896 1720 ἐν

1088 1738 1179 1775 ἀκαρεῖ
1196 1740 1291 1769 πάντας
1306 1737 1376 1774 εἶχεν
1401 1739 1416 1767 ἡ
1446 1738 1625 1767 Θεσσαλονίκη
1654 1739 1713 1769 τοὺς
1738 1742 1786 1765 τοῦ
1814 1738 1898 1775 βασι-

1085 1784 1148 1814 λέως
1187 1783 1265 1814 ἐντός.
1299 1783 1329 1809 Ὀ
1358 1781 1388 1809 δε
1410 1782 1532 1819 βασιλεὺς
1569 1784 1631 1812 ἔστη
1657 1784 1729 1820 παρὰ
1758 1785 1806 1813 τὴν
1827 1785 1895 1820 πρὸς

1086 1828 1209 1859 ἀνατολὰς
1227 1827 1374 1864 βλέπουσαν
1404 1827 1487 1857 πύλην
1519 1831 1567 1858 τῆς
1593 1827 1702 1862 πόλεως,
1732 1829 1778 1854 καὶ
1799 1829 1814 1857 ἡ
1846 1833 1894 1855 τοῦ

1084 1875 1235 1910 Δημητρίου
1264 1870 1362 1909 ἀδελφὴ
1380 1872 1488 1909 Εἰρήνη,
1517 1873 1533 1902 ἡ
1558 1876 1604 1898 τοῦ
1630 1872 1784 1909 Βουλγάρων
1810 1873 1894 1901 ’Δσὰν

1083 1920 1196 1955 γαμετὴ,
1232 1921 1413 1954 γονυπετοῦσα
1449 1919 1494 1943 καὶ
1532 1919 1693 1953 ποτνιωμένη
1729 1919 1765 1953 μὴ
1799 1919 1892 1945 παθεῖν

1084 1965 1127 1989 τόν
1155 1960 1264 1998 ἀδελφόν
1292 1962 1372 1992 αὐτῆς
1397 1966 1446 1987 τῶν
1469 1961 1606 1998 ὀφθαλμῶν
1632 1963 1766 1998 στέρησιν.
1800 1961 1830 1988 Ὀ
1862 1960 1893 1989 δέ

1084 2010 1231 2044 Δημήτριος
1257 2007 1319 2043 ἔφθη
1344 2006 1380 2037 εἰς
1403 2008 1449 2036 τὴν
1476 2005 1615 2044 ἀκρόπολιν
1641 2005 1746 2036 ἀναϐὰς.
1779 2007 1893 2043 Ἐγγύας

1086 2051 1115 2079 δὲ
1143 2052 1284 2088 ἐνωμότους
1312 2052 1376 2089 πρὸς
1415 2054 1460 2078 τοῦ
1488 2050 1615 2088 βασιλέως
1639 2050 1757 2077 λαϐοῦσα
1787 2053 1820 2082 ὡς
1845 2052 1893 2078 οὐχ

1090 2097 1210 2124 ἀπολέσει
1237 2097 1311 2127 οὗτος
1342 2098 1400 2126 τοὺς
1426 2096 1573 2132 ὀφθαλμοὺς
1597 2097 1631 2130 ¹⁵,
1661 2095 1740 2132 ἀπῄει
1765 2105 1794 2123 τε
1819 2099 1893 2134 παρὰ

202 2139 245 2163 τον
275 2135 383 2173 ἀδελφόν
411 2139 456 2163 καὶ
480 2139 545 2174 πρὸς
567 2139 610 2164 τὸν
635 2137 748 2175 βασιλέα
774 2142 862 2164 τοῦτον
889 2138 1013 2176 ἔξῂγαγεν
1031 2141 1081 2172 -ᾖν
1109 2140 1138 2168 δὲ
1165 2143 1245 2178 φέρων
1270 2141 1344 2172 οὗτος
1359 2143 1406 2170 τὴν
1430 2140 1534 2170 ἡλικίαν
1562 2144 1609 2167 τοῦ
1636 2142 1769 2178 μείρακος,
1805 2151 1891 2179 προσ-

203 2185 272 2217 εχώς
305 2182 341 2211 εἰς
372 2181 452 2211 αὐτὴν
462 2182 650 2220 ’παραγγείλας
676 2185 720 2209 καὶ
747 2185 826 2219 μήπω
850 2185 971 2220 χνοάζων
993 2188 1022 2213 τὸ
1045 2190 1152 2223 γένειον,
1179 2187 1274 2222 ὡραῖος
1300 2184 1329 2212 δὲ
1351 2187 1380 2212 τὸ
1408 2183 1477 2217 εἶδος
1502 2187 1547 2211 καὶ
1575 2186 1622 2214 τὴν
1653 2188 1730 2221 φυήν.
1759 2189 1891 2222 Τετίμηκε

203 2223 232 2252 δὲ
247 2227 343 2255 ταύτην
359 2227 371 2251 ὁ
391 2225 513 2262 βασιλεύς
533 2238 539 2244 -
558 2228 580 2245 ¹⁶
595 2229 629 2258 ὡς
654 2228 704 2264 γὰρ
732 2226 815 2257 ἀπέδὴ
849 2228 914 2258 αὐτὴ
941 2234 985 2256 τοῦ
1014 2231 1105 2264 ἵππου,
1133 2234 1277 2260 τηνικαῦτα
1308 2231 1353 2256 καὶ
1379 2230 1392 2256 ό
1422 2229 1548 2266 βασιλεὺς
1573 2233 1619 2256 τοῦ
1650 2229 1746 2256 οἰκείου
1778 2229 1889 2267 ὀχήμα-

200 2279 242 2301 τος
273 2270 372 2302 ἀποϐὰς
399 2273 475 2303 πεζὸς
504 2272 597 2301 ἔστηκε
626 2273 673 2298 συν
702 2271 766 2308 αὐτῇ
801 2273 833 2300 ¹’¹.
866 2273 895 2300 Ἡ
926 2276 971 2310 μὶν
1000 2274 1044 2302 οὖν
1068 2276 1142 2308 πόλις
1180 2274 1360 2304 Θεσσαλονίκη
1388 2274 1470 2305 οὕτως
1497 2275 1546 2300 ὑπὸ
1573 2275 1616 2300 τὸν
1644 2273 1758 2310 βασιλέα
1783 2277 1889 2311 γέγονεν

201 2314 331 2351 Ἰωάννην,
351 2315 445 2352 μᾶλλον
465 2315 495 2343 δὶ
513 2318 563 2343 ὑπὸ
578 2316 719 2353 Ῥωμαίους
739 2327 745 2333 '
764 2316 789 2343 οἱ
802 2317 851 2354 γὰρ
871 2318 953 2348 αὐτὴν
973 2324 1126 2358 κρατοῦντες
1147 2320 1337 2357 ἰναντιόφρονες
1363 2319 1499 2356 Ῥωμαίοις
1517 2318 1618 2346 ἐτέλουν
1636 2319 1670 2348 la.

1121 2411 1144 2427 ¹⁵
1157 2411 1190 2440 ὡς
1205 2425 1238 2430 -
1264 2408 1412 2446 ὀφθαλμούς
1424 2417 1484 2446 om.
1602 2409 1624 2427 ’⁵
1640 2409 1708 2446 ante
1723 2409 1757 2439 ὡς
1773 2424 1809 2429 —
1880 2418 1886 2437 Ζ

236 2405 259 2423 ¹⁸
271 2406 300 2427 ni:
311 2422 346 2427 -ι
361 2405 427 2427 ῙῨΙΙννὶ

271 2406 300 2433 οὐ
311 2422 346 2427 --
361 2405 486 2444 δυνάμεις
498 2415 560 2435 om.
576 2407 609 2434 D.
667 2407 690 2424 “
703 2409 748 2434 καὶ
761 2407 984 2463 ἐπονομαζομένης
1001 2418 1064 2439 om.
1121 2411 1144 2427 ¹⁵
1157 2411 1190 2440 ὡς
1205 2425 1238 2430 -
1264 2408 1412 2446 ὀφθαλιιούς
1424 2417 1434 2437 (

271 2445 353 2476 κείνης
370 2443 597 2481 σχηματιζόμενος
610 2443 657 2471 τὴν
672 2445 839 2473 ταπείνωσιν.
896 2447 902 2463 ¹
935 2449 980 2472 τοῦ
995 2446 1089 2473 οἰκείου
1105 2461 1138 2467 -
1154 2446 1218 2481 αὐτῇ
1247 2453 1307 2474 om.
1429 2446 1434 2463 ¹

1121 2411 1144 2427 ¹⁵
1157 2411 1190 2440 ὡς
1205 2425 1238 2430 -
1264 2408 1412 2446 ὀφθαλαούς
1424 2417 1484 2437 om.
1503 2408 1540 2437 D.
1602 2409 1624 2427 ’⁵
1640 2409 1708 2437 ante
1723 2409 1757 2439 ὡς
1773 2424 1809 2429 —
1836 2410 1857 2437 Ι)
1880 2418 1883 2437 :

1105 2461 1138 2467 —
1154 2446 1218 2481 αὐτῇ
1247 2453 1307 2474 om.
1429 2445 1451 2463 ¹⁸
1478 2444 1573 2481 μᾶλλον
1588 2460 1622 2465 -—
1637 2443 1736 2471 ἒτῦεουν
1762 2452 1827 2473 om.
1853 2445 1883 2473 D.

667 2407 690 2424 “
703 2409 748 2434 καὶ
761 2407 984 2463 ἐπονομαζομένης
1001 2418 1064 2439 om.

672 2445 827 2463 fanniumn-m
896 2447 902 2463 Ι
935 2449 980 2463 q-m‘.
995 2446 1064 2463 ιιῗυειλ

198 2441 241 2469 οἷα
255 2441 353 2476 ἐκείνης
370 2441 597 2481 σχηματιζόμενος
610 2443 657 2471 τὴν
672 2441 840 2473 ταπείνωσινξ
896 2447 902 2463 ¹

935 2449 980 2472 τοῦ
995 2446 1089 2473 οἰκείου
1105 2461 1138 2467 -
1154 2446 1218 2482 αὐτῇ
1247 2453 1307 2474 om.

641 2530 810 2567 Theodori
834 2534 960 2568 Dousae
985 2539 1018 2568 et
1041 2534 1168 2569 Leonis
1190 2533 1308 2568 Allatii
1332 2538 1434 2567 notae.

231 2603 288 2641 (9|)
309 2602 463 2642 Quomodo
475 2604 506 2632 S.
524 2603 687 2642 Demetrius
699 2605 736 2633 sit
747 2606 963 2642 Thessalonica
973 2615 1022 2635 κη-
1039 2612 1060 2640 1)
1076 2616 1122 2636 νην
1137 2614 1144 2640 ;
1161 2610 1214 2636 πῶς
1229 2607 1278 2632 ὑπο
1296 2607 1338 2632 σοὶ
1353 2605 1434 2642 πολιοτ

1092 2616 1122 2636 ην
1137 2614 1144 2640 ;
1161 2610 1214 2636 πῶς
1229 2607 1278 2632 ὑπο
1296 2607 1338 2632 σοὶ
1353 2605 1489 2642 πολιούχῳ
1501 2606 1516 2634 ἡ
1543 2604 1648 2642 ἆχθροῖς
1669 2603 1778 2638 ἄϐατος,
1796 2604 1841 2642 ἀφ’
1855 2606 1884 2632 οὗ

197 2637 283 2679 ῥυμῶν
301 2637 330 2669 et
347 2640 505 2679 πολιοῦχος,
530 2639 605 2679 inter
621 2640 860 2679 _alios__plu_ribus
881 2642 1022 2679 explicuit
1039 2637 1056 2640 ⁷
1077 2637 1175 2679 χρόνου
1198 2643 1294 2679 ταύτην
1318 2641 1390 2672 ἣλιος
1417 2641 1434 2667 il

1092 2637 1175 2679 ;ρόνου
1198 2643 1294 2679 ταύτην
1318 2641 1390 2672 ἣλιος
1417 2637 1706 2679 ἐθεασατοίῖτοσοὺτων
1735 2637 1825 2679 καχῷν
1851 2641 1884 2672 εἰς

195 2675 327 2705 Joannes
343 2676 514 2705 Stauracius
530 2675 567 2704 de
587 2675 738 2704 miraculis
767 2677 795 2704 S.
824 2675 972 2705 Demet'rii.
990 2680 1022 2705 Et
1077 2675 1166 2705 πεῖοαν
1196 2677 1206 2704 ἐ

195 2711 334 2753 Nicolaus
347 2712 518 2753 patriarcha
534 2712 679 2753 monodia
693 2712 729 2740 de
737 2711 1022 2753 excidiaThessalo-

195 2748 308 2776 nicensi
325 2756 332 2776 :
349 2748 408 2775 Ποῦ
441 2758 497 2785 μοι,
536 2750 661 2786 Δημέτριξ
704 2749 817 2786 μάρτυςξ
852 2749 867 2778 ἡ
899 2748 1023 2781 ἀήττητος

196 2785 363 2820 συμμαχία;
383 2782 446 2815 πῶς’
462 2782 509 2814 τήν
537 2782 586 2814 σὴν
614 2782 688 2811 πόλιν
705 2782 843 2821 ’ὑπερεῖδες
875 2786 1023 2824 πορθουμέ-

1077 2675 1166 2722 πὲῖραν
1196 2677 1292 2714 ἐγένετο
1309 2686 1316 2712 ;
1332 2683 1387 2709 πῶς
1413 2682 1459 2708 τῆς
1490 2675 1548 2717 τῶν
1564 2675 1764 2703 δυσσεϐούντων
1789 2677 1883 2714 ὀφρύος

1077 2714 1193 2752 ἠνέσχου
1215 2716 1430 2752 κατορχουμένης
1453 2717 1500 2752 τῆς
1523 2714 1592 2750 ἱερᾶς
1618 2715 1788 2752 προστασίας
1804 2722 1812 2748 ;
1828 2718 1882 2744 πῶς

1076 2747 1214 2787 ὑπέμεινας
1224 2747 1366 2778 ταῦτακαὶ
1379 2747 1585 2787 διααρτέρηὰας
1596 2757 1604 2783 ;
1616 2747 1684 2777 Αιι.
