1966 3079
41 145 127 174 1105

808 143 970 171 ANNALES
977 164 984 171 .

1678 149 1746 179 1106

42 207 209 244 διεκόμιζεν
224 206 249 233 ἐν
275 209 311 241 τῷ
336 206 515 241 στρατοπὺιῳ.
545 204 650 231 Οὐτωσὶ
673 202 702 230 δὲ
733 201 818 231 diui-:6

969 214 1113 251 raliphas,
1134 214 1188 251 qui
1206 215 1393 245 conduxerat
1406 217 1501 246 ﬁliam
1518 220 1657 248 Demetrii
1678 222 1745 250 Tor-

40 255 133 290 μένου
150 256 198 278 τοῦ
219 250 349 287 βασιλεως
378 249 437 286 παρ’
463 247 571 280 ἐλπίδας
605 249 724 286 ἐπιφοιτᾷ
748 254 784 286 τῷ
812 249 862 286 βα-

42 298 122 324 σιλεῖ
151 296 275 334 πρόσφυξ
298 295 348 322 ἀπὸ
366 297 511 331 Καπορὶας
538 294 645 329 Γλαϐᾶς,
670 297 714 321 καὶ
743 299 861 331 συνεχῶς

42 344 58 370 ὁ
91 342 245 379 Πεταλίφας
270 339 408 378 Θεόδωρος
447 339 489 366 ἐπὶ
520 341 644 377 θυγρατρὶ
670 339 786 378 γαμϐρός
814 345 860 366 τοῦ

41 390 170 426 Τορνίχη
189 388 338 424 Δημητρίου
363 389 409 412 τοῦ
435 389 580 422 Κομνηνοῦ,
602 385 630 416 ὃς
651 386 684 411 τὰ
705 386 780 411 κοινὰ
803 384 860 412 διέ-

42 443 108 460 πων
122 433 157 462 ἧν
171 436 208 468 τῷ
223 431 330 468 βασιλεῖ
341 431 460 467 Ἰωάννῃ,
482 430 542 468 παρ’
567 430 646 456 αὐτοῦ
672 431 739 456 πάνυ
771 430 859 466 φιλού-

44 487 132 514 μι-νος
160 479 206 503 xui
237 479 388 512 τιμώμενος·
415 474 525 511 ἀδελφὸν
551 476 601 512 γὰρ
632 475 709 501 αὑτὸν
749 474 773 501 ἐν
806 479 860 506 τοῖς

45 523 212 560 γράμμοσιν
237 520 367 548 ἀπεκάλει·
397 520 440 552 Ἐξ
464 521 604 557 ἀνθρώπων
623 517 666 546 οὖν
693 522 743 556 πρὸ
767 524 860 558 καιροῦ

44 570 170 604 γέγονεν.
188 566 330 602 Οἰκονόμος
351 565 394 591 οὖν
418 569 467 591 τῶν
493 569 584 591 κοινῶν
611 565 657 591 οὐκ
683 563 714 593 ἦν
744 565 769 591 ἑν
796 569 858 601 τιμῇ

45 615 98 639 καὶ
111 612 236 649 ὁφφιχίου
263 612 371 647 ὀνόματι
390 611 586 648 γνωριζόμενος,
612 614 666 642 τοῖς
685 614 801 646 τυχοῦσι
831 610 860 637 δὲ

47 656 158 695 ἐχρᾶτο
182 657 215 687 εὶς
239 657 384 693 ὑπηρεσίαν
409 656 422 681 ὁ
445 654 568 692 βασιλεὺς
589 657 634 681 xui.
665 660 859 692 γραμματικοῖς

48 702 215 738 ἀνωνύμοις,
246 705 282 736 τῷ
308 702 511 737 Μεσοποταμὶτῃ
537 700 633 736 Ἰωσὴφ
664 702 708 726 xui
739 704 776 735 τῷ
805 700 859 732 ἐξυ-

46 750 238 784 πηρετήσαντι
261 745 331 782 αὐτῷ
355 748 497 782 Νικηφὸρῳ
526 749 563 780 τῷ
595 744 733 782 Ἀλυάττῃ,
762 745 786 771 ἐν
830 743 858 772 δὲ

47 795 110 823 τοῖς
139 791 350 827 ἐλλογιμωτίροις
373 791 513 828 γράμμασι
538 792 583 816 xui
624 789 706 821 ἀξίοις
741 789 858 820 σπουδῆς

49 840 91 871 τῷ
124 839 261 872 Μακρωτῷ
283 835 387 871 Ἰωάννῃ
417 837 460 860 καὶ
486 834 551 870 ἐμοί.
577 834 605 860 Ὁ
629 835 675 871 μὲν
694 832 738 860 οὖν
768 836 858 872 ῥηθεὶς

50 881 223 917 Πετραλίφάς
260 884 304 906 τοῦ
343 879 455 915 Μιχαὴλ

49 925 198 963 προσέλθοι
213 929 249 960 τῷ
266 924 380 961 βασιλεῖ,
397 924 490 954 πολλῆς
504 924 545 961 [Ρ.
562 923 608 960 50]
637 924 760 960 εὐθυμίας
780 924 857 950 αὐτόν

50 980 80 996 τε
103 972 149 996 τὸν
173 969 286 1006 βασιλέα
307 971 351 995 καὶ
376 979 409 995 τα
436 970 619 1005 στρατεύματα
640 968 759 998 ἔπλησεν·
781 969 858 1000 εὐθὺς

50 1016 107 1052 γὰρ
132 1015 148 1043 ἠ
177 1016 310 1050 Καστορια
333 1016 378 1040 xui
404 1015 418 1043 ἡ
441 1016 500 1051 περὶ
533 1015 613 1042 αὐτὴν
651 1014 744 1040 ἅπασα
779 1017 858 1051 χώρα

51 1059 206 1097 προσέρρύη
221 1059 256 1095 τῷ
287 1058 400 1096 βασιλεῖ,
431 1061 474 1084 καὶ
500 1060 527 1084 αἱ
556 1059 695 1090 Λεαϐολεις
725 1057 764 1091 δὲ,
789 1060 804 1088 ἠ
830 1068 858 1085 τε

53 1106 139 1142 μικρά
163 1107 208 1130 xui
235 1104 345 1140 μεγάλη,
373 1107 419 1130 τοῦ
447 1103 574 1140 βασιλέως
599 1103 722 1140 ἐγένοντο.
755 1106 806 1131 Καὶ
844 1104 857 1130 ὁ

54 1149 108 1176 ἀπό
137 1153 184 1175 τοῦ
212 1148 336 1176 Ἀλϐάνου
365 1149 377 1174 ὁ
403 1148 543 1185 Γονλάμος,
571 1148 625 1175 ἐπεὶ
649 1151 711 1186 πρὸς
744 1150 777 1175 τὰ
810 1153 858 1179 τῆς

55 1196 209 1230 Καστορίας
223 1192 350 1229 συνδιῆγε
364 1195 430 1229 μετὰ
456 1197 502 1219 τοῦ
536 1193 563 1225 ἐξ
588 1193 712 1220 Ἀλϐάνου
744 1198 858 1231 στρατοῦ

54 1239 134 1274 μέρη,
163 1237 278 1273 σύζυγον
303 1238 371 1273 ἔχων
391 1241 438 1268 τῆς
467 1235 606 1273 βασιλίδος
622 1237 734 1274 Εἰρήνης
749 1237 857 1263 αὐτανε-

53 1283 119 1318 ψιὰς
146 1280 361 1319 πρωτεξαδελφης
385 1282 464 1312 αὐτῆς
491 1282 631 1318 θυγατέρα,
656 1282 740 1318 λόγοις
774 1282 857 1318 μειλι-

54 1330 125 1363 χίοις
140 1329 186 1353 xui
198 1327 353 1364 γράμμασιν
364 1327 534 1362 ὑποσχέσεων
553 1330 603 1352 τῶν
626 1327 675 1352 ὑπό
704 1331 750 1353 τοῦ
777 1326 858 1363 βασι-

55 1372 117 1403 λέως
134 1372 252 1407 θελχθεὶς
270 1373 382 1409 προσῄει
398 1376 433 1407 τῷ
459 1371 574 1408 βασιλεῖ.
607 1372 766 1409 Φιλοφρόνως
794 1376 857 1408 γοῦν

54 1419 115 1448 τοὺς
139 1418 273 1447 τοιούτοῦς
303 1418 403 1447 πάντας
430 1417 443 1442 ὁ
468 1415 594 1452 βασιλεύς
621 1415 760 1453 δεξάμενος
795 1427 858 1453 πρε-

55 1465 154 1493 πόντως
182 1461 394 1498 ἐφιλοτιμήσατο·
428 1465 516 1488 Ταῦτα
545 1463 619 1497 γνοὺς
647 1461 785 1498 Μιχαήλό
814 1461 856 1488 δε·
871 1457 892 1484 C

57 1506 261 1540 ποτής,καὶέν
279 1511 359 1542 στενῷ
384 1505 481 1543 κομιδῇ
512 1505 613 1543 βλέπων
637 1508 670 1532 τὰ
693 1509 751 1544 περὶ
779 1508 856 1533 αὑτὸν

55 1553 224 1588 τυγχάνοντα
241 1553 393 1588 πράγματα,
420 1552 487 1577 κατὰ
512 1551 573 1588 ῥοῦν
602 1549 631 1577 δὲ
655 1555 795 1588 χωροῦντα
821 1556 872 1587 τῷ¹

57 1596 172 1634 βασιλεῖ,
189 1595 328 1633 πρεσϐείαν
356 1597 420 1633 πρὸς
443 1598 486 1622 τὸν
513 1595 625 1632 βασιλέα
651 1595 779 1622 ἐστιὶλατο
810 1594 857 1622 διά

55 1652 83 1668 τε
93 1646 138 1668 τοῦ
148 1640 342 1678 μητροπολὶτου
359 1641 518 1667 Ναυπάκτου
545 1644 590 1667 τοῦ
618 1641 704 1678 Ξηροῦ
732 1644 778 1667 xui
809 1646 855 1668 τοῦ

56 1686 94 1713 ἔπ’
112 1685 209 1722 ἀδελφῇ
221 1685 340 1723 γαμϐρου
356 1685 435 1712 αὐτοῦ
461 1688 507 1712 τοῦ
535 1685 706 1714 Μαλιασηνοῡ
734 1688 780 1712 καὶ
809 1690 855 1712 τοῦ

56 1732 209 1767 Λαμπέτου,
223 1731 306 1757 οἱκαὶ
331 1730 364 1760 εἰς
381 1729 473 1766 λόγους
502 1729 663 1761 συνελθόντες
690 1734 726 1766 τῷ
750 1729 858 1767 βασιλεῖ

56 1775 198 1812 ξυμϐάσεις
228 1777 391 1804 πεποίηνται.
417 1778 467 1801 Καὶ
501 1774 612 1801 ἀπέλυσε
651 1776 695 1811 μὶν
731 1778 782 1812 πρὸ
812 1777 855 1802 τὸν

58 1820 173 1857 βασιλέα
199 1821 212 1846 ὁ
243 1819 354 1856 Μιχαὴλ
373 1821 402 1846 τό
425 1820 492 1845 οἰστυ
520 1821 562 1845 τὸν
587 1819 718 1856 Πρίλαπον
746 1823 790 1846 καὶ
811 1822 855 1846 τὸν

55 1865 160 1892 Βελεσόν
170 1867 216 1890 xui
230 1866 259 1890 τὸ
283 1863 308 1890 ἓν
333 1868 368 1900 τῷ
399 1863 512 1900 Ἀλϐάνῳ
541 1865 663 1901 φρούριον
687 1866 731 1895 τὰς
758 1867 854 1903 Κρὸας,

56 1913 101 1936 καὶ
117 1909 266 1946 προέϐησαν
298 1910 363 1946 πρὸς
390 1913 436 1935 τοῦ
457 1908 587 1945 βασιλέως
618 1910 744 1946 ἔγγραφοι
770 1910 852 1947 ὅρκοι,

57 1957 102 1981 καὶ
119 1954 304 1982 ἀπεστάλησαν
319 1955 382 1991 πρὸς
395 1954 472 1980 αὐτὸν
492 1956 536 1980 καὶ
552 1953 682 1992 πρέσϐεις,
716 1955 728 1980 ὃ
757 1964 783 1980 τε
812 1958 855 1981 Φι-

57 1998 193 2035 λαδελφίας
226 2001 315 2029 Φωκοῖς
357 2000 402 2024 xui
438 1999 451 2024 ό
482 2002 528 2028 τῆς
569 1999 650 2030 αὐλῆς
683 2001 855 2037 πριμικήρίος

59 2045 190 2074 Ὶσαάχιος
217 2044 229 2069 ὁ
259 2044 364 2076 Δούχας,
391 2043 417 2069 ὃν
446 2045 490 2069 καὶ
527 2043 727 2080 Μούρτζουφλον
759 2043 853 2070 ἀπεκά-

56 2089 123 2122 λουν,
135 2091 180 2116 καὶ
200 2088 328 2120 ὁὙαλέας
343 2088 454 2125 Μιχαὴλ
480 2091 525 2114 καὶ
553 2089 628 2120 αὐτὸς
747 2089 853 2126 Ἀπῂει-

57 2143 100 2171 μιν
115 2137 178 2170 γοῦν
201 2135 264 2170 πρὸς
291 2135 335 2159 τὸν
360 2133 480 2169 Μιχαὴλ,
512 2135 556 2159 καὶ
580 2134 686 2170 εὕρομεν
710 2138 799 2161 τοῦτον
829 2135 852 2161 ἐν

56 2182 86 2214 τῇ
109 2180 245 2216 Λαρίσσῃ,
279 2181 324 2204 xui
346 2178 550 2215 πεπληρώχαμεν
578 2180 624 2210 τὰς
656 2177 783 2213 σπονδὰς,
808 2182 852 2206 xui

56 2223 173 2253 λαϐόντες
183 2224 227 2249 τόν
242 2224 297 2249 υἱόν
313 2222 393 2249 αὐτοῦ
409 2226 565 2260 Νικηφόρον,
594 2223 620 2250 ὃν
650 2226 694 2250 xui
720 2222 851 2253 δεσπότην

57 2269 69 2294 ὁ
96 2267 219 2305 βασιλεὺς
248 2266 295 2294 διὰ
317 2269 363 2297 τὴν
387 2268 467 2294 αὐτοῦ
493 2267 598 2304 ἐγγὸνην
620 2271 766 2305 τετίμηκεν,
788 2269 852 2295 ἀλλὰ

56 2315 105 2349 μὴν
118 2315 161 2338 xui
173 2311 223 2338 ἵτόν
246 2315 292 2338 τοῦ
312 2312 423 2348 Μιχαὴλ
448 2314 514 2339 θεῖον
541 2316 584 2340 τὸν
606 2313 729 2349 Ἄγγελον
749 2312 852 2340 Θεόδω-

55 2367 97 2393 ρον
122 2355 269 2393 δεσμώτην,
301 2359 367 2393 πρὸς
398 2359 441 2383 τὸν
463 2357 574 2394 βασιλέα
596 2358 796 2395 ἐπανεζεύξαμεν
826 2359 850 2384 ἐν

55 2406 105 2432 τοῖς
126 2399 250 2432 Βοδηνοῖς
279 2403 461 2438 σκηνοὺμενον·
496 2405 546 2429 Καὶ
573 2403 639 2429 οὕτω
669 2405 713 2439 μὲν
741 2403 850 2440 ἐγεγόνει

55 2450 143 2479 ταῦτα,
171 2456 215 2472 χαι
237 2446 270 2476 εἱς
294 2450 396 2472 τοιοῦτο
422 2446 492 2477 τελος
527 2450 682 2477 κατηντηχει
716 2449 747 2474 τὰ
784 2451 850 2486 πρά-

54 2501 150 2528 γματα,
188 2491 394 2528 Παραχειμάσας
415 2495 459 2517 οὖν
494 2492 551 2527 (97)
590 2492 614 2518 ἔν
636 2496 689 2524 τοῖς
725 2492 850 2525 Βοδηνοῖς

55 2535 176 2573 βασιλεὺς
193 2533 254 2572 ἦρος
275 2535 340 2572 ὣρᾳ,
368 2535 421 2562 ἐπεὶ
441 2539 486 2562 xui
507 2539 554 2566 τὴν
588 2536 767 2575 ἀναστάσιμον
788 2539 848 2577 ἐωρ-

53 2581 124 2607 τάκιι
141 2581 247 2618 ἡμέραν,
273 2583 307 2606 τὰ
337 2579 505 2618 στρατόπεδα
529 2581 609 2608 αὑτοῦ
627 2592 677 2608 που
705 2583 851 2610 καταλελοις

54 2626 105 2655 πὼς
126 2627 169 2651 xui
197 2625 231 2655 εὶς
253 2626 366 2662 ἡγεμόνα
396 2626 480 2652 αὐτῶν
510 2626 587 2658 τάξας
612 2630 655 2653 τὸν
688 2637 715 2654 τε
752 2638 851 2662 πρωτο-

55 2669 197 2706 ϐεστιάριον
224 2669 334 2701 ’Δλέξιον
363 2671 406 2696 τὸν
428 2669 527 2706 Ῥαοὺλ,
555 2671 673 2709 γαμϐρὸν
716 2673 777 2699 ὄντα
812 2673 851 2699 ἐπ’

915 259 983 287 nicii
997 260 1151 293 Comneni,
1165 259 1212 288 cui
1234 268 1355 291 summa
1368 270 1468 291 rerum
1494 263 1686 300 publicarum
1706 266 1746 294 ab

914 303 1093 341 imperatore
1112 305 1225 332 Joanne
1255 307 1419 335 commissa
1442 307 1549 343 fuerat,
1579 317 1649 337 cum
1675 318 1746 339 eum

915 357 1107 386 summopere
1122 351 1151 377 et
1165 349 1299 384 diligeret
1313 353 1342 379 et
1356 351 1507 380 inhonore
1514 353 1637 382 haberet
1655 362 1661 382 :
1676 361 1746 384 eum

914 394 994 422 enim
1010 394 1040 422 in
1060 394 1164 422 litteris
1183 395 1244 430 98
1260 395 1381 424 fratrem
1395 397 1532 426 vocabat.
1551 398 1601 427 Hic
1616 399 1746 428 multum

914 442 982 468 ante
997 440 1061 468 haec
1073 442 1210 476 tempora.
1223 440 1282 469 vita
1297 441 1416 470 functus
1437 445 1480 471 est
1496 443 1642 480 ;ideoque
1654 453 1745 473 nemo

914 484 945 512 in
964 492 999 512 ea
1010 484 1152 519 dignitate
1163 487 1252 520 atque
1267 485 1376 520 ofﬁcio,
1404 487 1457 523 qui
1485 487 1608 524 publica
1636 489 1746 517 scilicet

914 529 1146 562 administraret,
1164 530 1394 567 agnoscebatur,
1412 531 1464 560 sed
1485 532 1649 569 imperator
1680 534 1744 571 qui-

914 573 1094 610 buscunque
1121 576 1200 601 etut
1228 582 1293 602 sors
1328 575 1445 611 tulerat,
1479 578 1745 615 grammaticisque

914 618 1037 646 minime
1052 618 1139 653 notis,
1179 619 1308 654 Josepho
1344 621 1568 657 Mesopotamita
1605 622 1745 660 illiusque

914 663 1090 691 administro
1107 663 1272 698 Nicephoro
1287 664 1401 700 Alyate,
1419 665 1471 693 sed
1487 666 1517 694 in
1531 667 1744 702 spectabiliori—

912 708 970 735 bus
986 707 1087 735 litteris
1102 707 1261 744 studioque
1273 711 1301 736 et
1315 709 1468 746 diligentia
1498 711 1597 746 dignis
1620 713 1743 741 Joannis

913 753 1033 780 Macroti
1055 755 1083 780 et
1105 761 1171 780 meo
1194 753 1357 782 ministerio
1381 755 1531 783 utebatur.
1562 756 1744 793 Petraliphas

913 806 994 832 ergo,
1010 798 1110 825 uxoris
1131 798 1277 826 Michaelis
1297 801 1397 832 frater,
1425 800 1547 828 obviam
1571 801 1744 837 imperatori

913 842 1009 870 factus
1026 842 1120 870 multo
1149 851 1219 870 cum
1241 844 1362 878 gaudio,
1387 844 1501 880 ingenti
1523 845 1613 873 etiam
1642 846 1744 875 laetitia

509 877 714 916 γυναικάδελφος
725 881 769 913 ὧν,
805 879 858 906 ἐπεὶ
876 885 898 912 Β
912 887 1035 921 agmina
1042 887 1215 915 cumulavit.
1229 877 1285 916 Stal

965 887 1035 915 nina
1042 887 1215 915 cumulavit.
1229 889 1333 916 Statim
1345 889 1424 917 enim
1434 890 1566 919 Castoria
1579 890 1604 919 ei
1616 890 1741 919 cireum-

910 932 1042 967 jacentia
1070 932 1138 959 loca
1157 932 1328 968 imperatori
1348 941 1378 961 se
1400 933 1575 963 submisere.
1604 935 1742 964 Deabolis

911 976 982 1004 item
998 984 1110 1011 magna
1125 979 1153 1004 et
1164 985 1258 1012 parva
1274 977 1303 1005 in
1316 979 1462 1013 potestate
1477 979 1555 1007 illius
1576 987 1694 1008 venere.
1709 981 1742 1008 Et

912 1029 947 1049 ex
961 1021 1078 1048 Albano
1109 1021 1263 1055 Gulamus,
1292 1030 1352 1050 una
1380 1031 1450 1051 cum
1478 1024 1618 1059 exercitu,
1649 1032 1742 1061 quem

912 1066 1030 1094 Albano
1042 1066 1237 1099 conduxerat,
1252 1066 1282 1094 in
1299 1067 1437 1095 Castoris:
1456 1068 1593 1104 partibus
1616 1069 1741 1104 degens,

911 1111 1212 1146 lrenzeimperatricis
1227 1112 1317 1148 nepti,
1343 1112 1531 1141 consobrina)
1556 1113 1633 1141 illius
1661 1113 1740 1148 filim,

912 1155 1104 1183 matrimonio
1121 1155 1289 1191 copulatus,
1316 1157 1450 1185 oratione
1479 1157 1597 1193 placida
1612 1160 1640 1186 et
1666 1158 1741 1193 miti,

911 1208 966 1227 nec
982 1208 1042 1227 non
1053 1200 1154 1228 litteris
1168 1208 1203 1227 ac
1219 1200 1374 1236 promissis
1396 1201 1595 1238 imperatoriis
1616 1202 1741 1238 illectus,

910 1245 1084 1280 imperatori
1114 1253 1144 1273 se
1169 1245 1303 1274 dederat.
1331 1246 1432 1274 Amice
1461 1247 1655 1284 humaneque
1686 1248 1743 1277 hos

911 1297 1017 1317 omnes
1028 1293 1168 1325 exceptos
1178 1290 1350 1326 imperator,
1364 1291 1405 1319 uti
1417 1299 1472 1327 par
1482 1294 1553 1325 erat,
1567 1292 1742 1321 muneribus

911 1334 1000 1362 etiam
1012 1334 1182 1362 cumulavit.
1219 1336 1329 1362 Certior
1357 1335 1395 1363 de
1422 1336 1468 1363 his
1496 1336 1594 1364 [actus
1621 1336 1743 1366 Michael

911 1378 1049 1414 despota,
1078 1387 1202 1406 cernens
1235 1388 1281 1407 res
1309 1388 1379 1408 suas
1408 1381 1438 1408 in
1457 1383 1591 1409 extrema
1622 1381 1743 1412 fortuna

910 1423 1058 1455 laborare,
1074 1423 1261 1458 imperatoris
1278 1432 1421 1460 prospere
1433 1427 1541 1453 cuncta
1556 1434 1591 1454 ac
1607 1427 1741 1455 secundo

910 1471 997 1495 vento
1013 1467 1185 1503 procedere,
1211 1468 1326 1502 legatus
1352 1469 1390 1496 ad
1424 1470 1637 1505 imperatorem
1661 1471 1741 1500 misit

912 1513 1017 1540 Xerum
1031 1512 1250 1548 metropolitam
1257 1514 1622 1549 Naupacti,Maliassenum
1631 1516 1741 1544 sororis

910 1565 972 1584 suae
997 1565 1150 1591 generum,
1182 1559 1210 1584 et
1242 1558 1424 1593 Lampetem,
1453 1558 1506 1594 qui
1529 1559 1741 1588 convenientes

909 1602 1122 1637 imperatorem
1148 1602 1245 1629 foedus
1270 1602 1394 1630 faciunt.
1420 1604 1452 1630 Et
1474 1603 1596 1633 Michael
1615 1603 1739 1640 quidem

909 1646 1081 1683 imperatori
1098 1650 1228 1675 castrum
1244 1647 1351 1683 Prilapi
1366 1648 1536 1676 etBeIesum
1547 1651 1575 1676 et
1585 1649 1616 1676 in
1624 1649 1740 1678 Albano

909 1692 1055 1728 oppidum
1084 1693 1142 1728 99
1177 1693 1265 1720 Croas
1295 1692 1418 1720 dedidit.
1443 1693 1550 1721 Foedus
1577 1694 1665 1722 etiam
1687 1702 1740 1730 per

908 1736 948 1764 im
954 1745 1023 1772 pera
1029 1739 1120 1764 torem
1128 1737 1326 1772 jurejurando
1334 1738 1450 1774 scriptis
1459 1739 1636 1774 consignato
1644 1739 1741 1767 firma.-

909 1783 972 1809 tum
993 1785 1051 1815 est;
1070 1785 1097 1810 et
1111 1782 1149 1809 ad
1165 1790 1234 1809 eum
1249 1782 1330 1810 missi
1347 1782 1436 1818 legati
1462 1783 1576 1812 Phocas
1596 1783 1741 1812 Philadel-

908 1826 1052 1862 phiensis,
1061 1826 1190 1854 [saucius
1199 1828 1295 1854 Ducas
1308 1827 1386 1855 aulm
1397 1827 1595 1864 primicerius,
1610 1836 1701 1864 quem
1713 1831 1741 1857 et

908 1871 1126 1907 Murtzuphlum
1147 1872 1414 1907 cognominabant,
1428 1873 1549 1901 Michael
1570 1872 1697 1909 Hyaleas
1712 1874 1741 1902 et

908 1923 963 1950 ego
979 1916 1042 1951 ipse
1062 1916 1100 1943 ad
1117 1916 1286 1944 Michaelcm
1303 1917 1484 1944 accessimus
1508 1917 1633 1946 Larissze
1657 1924 1739 1946 com-

907 1963 1086 1992 morantem,
1104 1963 1132 1988 et
1152 1963 1239 1997 pacta
1255 1961 1484 1998 complevimus.
1500 1964 1614 1990 Etcum
1638 1962 1737 1992 ﬁlium

907 2004 984 2032 illius
997 2005 1206 2040 Nicephorum,
1233 2014 1323 2042 quem
1359 2009 1481 2042 propter
1506 2015 1593 2035 suam
1615 2009 1738 2043 neptem

906 2049 1067 2085 imperator
1087 2050 1219 2085 despotae
1240 2058 1365 2078 munere
1380 2051 1583 2083 deeoraverat,
1607 2052 1737 2088 accepis-

907 2102 1017 2127 semus,
1048 2102 1102 2122 nec
1153 2102 1213 2122 non
1243 2095 1391 2123 Michaelis
1420 2098 1560 2131 patruum
1588 2095 1736 2130 Angelum

905 2139 1093 2166 Theodorum
1110 2138 1234 2166 vinculis
1248 2139 1402 2173 alligatum
1429 2148 1435 2167 :
1453 2139 1492 2168 ad
1522 2140 1735 2176 imperatorem

906 2183 986 2218 apud
1005 2184 1140 2211 Bodenos
1152 2183 1299 2218 degenten
1315 2185 1555 2219 remigravimus.
1572 2186 1605 2213 Et
1617 2185 1681 2214 haec
1695 2185 1737 2214 ita

904 2230 1025 2262 peracta
1045 2230 1122 2255 sunt.
1140 2228 1288 2264 talemque
1309 2228 1400 2256 ﬁnem
1422 2236 1468 2256 res
1492 2229 1635 2258 habuere.
1662 2230 1736 2258 Cum

904 2271 1034 2299 Bodenis
1051 2272 1208 2308 imperator
1224 2273 1396 2304 liiemasset,
1413 2281 1494 2307 vere,
1507 2274 1733 2303 resurrectionis

904 2316 1011 2344 diebus
1023 2316 1102 2344 festis
1116 2317 1282 2351 celebratis,
1299 2317 1477 2345 exercitibus
1492 2318 1603 2346 ibidem
1614 2319 1734 2354 relictis,

905 2365 931 2389 et
945 2361 1119 2389 ductoribus
1130 2370 1234 2390 eorum
1252 2363 1477 2398 protovestiario
1507 2363 1619 2397 Alexio,
1642 2364 1734 2394 Raulo

904 2406 1000 2442 neptis
1024 2406 1131 2434 marito
1155 2409 1182 2434 et
1212 2409 1364 2435 Comneno
1395 2408 1535 2436 Michaele
1562 2409 1732 2445 Palaeologo

905 2450 1153 2483 constitutis,cum
1164 2459 1258 2487 parvo
1268 2451 1388 2486 agmine
1402 2452 1442 2479 ad
1451 2452 1539 2480 urbes
1548 2452 1612 2487 jam
1619 2460 1734 2489 recens,

906 2497 1041 2522 Romano
1054 2495 1179 2531 imperio
1194 2496 1310 2524 additas
1321 2496 1495 2525 revisendas
1505 2497 1558 2524 iter
1568 2497 1734 2532 ingreditur

905 2542 933 2568 et
947 2540 1078 2576 primum
1090 2540 1247 2568 Acbridam
1263 2541 1342 2577 petit,
1360 2541 1430 2569 inde
1451 2541 1604 2570 Deabolim
1616 2541 1734 2578 proﬁci-

906 2585 1005 2617 scitur,
1023 2593 1059 2612 ex
1087 2593 1148 2620 qua
1171 2586 1335 2614 Castoriam
1358 2587 1503 2622 pervenit,
1539 2589 1566 2615 et
1587 2588 1733 2616 autumno

905 2628 1077 2663 agminibus
1110 2629 1283 2665 compositis
1303 2630 1384 2659 viam
1419 2631 1458 2660 ad
1488 2631 1637 2660 Orientem
1670 2639 1734 2660 me-

907 2674 1027 2702 ditatur.

488 2738 660 2773 Theodori
686 2740 810 2774 Dousae
835 2745 868 2774 et
891 2741 1015 2775 Leonis
1040 2741 1157 2775 Allatii
1182 2745 1285 2775 notas.

89 2814 144 2850 (97)
160 2814 371 2850 Παραχιιμάσας
386 2813 439 2842 οὖν.
456 2815 653 2852 Gregoras,p.
667 2818 710 2851 49,
728 2817 770 2846 ait
782 2816 865 2846 redit!

728 2817 770 2846 ait
782 2816 911 2846 reditum
926 2826 1062 2854 parasse,
1076 2819 1159 2855 quod
1173 2819 1214 2847 ibi
1226 2818 1318 2848 nollet
1331 2818 1499 2849 hibernare.
