1966 3079
38 133 117 163 1109

835 129 977 158 ANNALE

1672 129 1740 158 mo

35 198 144 227 ἔστησι
172 198 218 223 καὶ
257 195 350 233 κριτὰς
377 193 483 221 inter“
506 195 552 220 καὶ
577 193 695 230 λαμπρὸν
719 192 811 229 κριτήρ

959 193 1001 226 ,et
1009 191 1155 232 indicium
1163 190 1279 220 celebre
1290 191 1451 220 constituit.
1461 193 1559 221 Causa
1577 191 1643 220 haec
1663 193 1735 221 erat.

38 244 251 279 συνεκρότησεν.
280 240 310 267 Ἠ
337 238 363 266 δ’
387 239 509 269 ὑπόθεσις
551 238 582 268 ἧν
626 239 747 267 τοιαύτη.
781 236 852 263 Ἐπιὶ

37 287 214 316 ἕτελεύτησιν
229 286 381 321 ὀΤορνίχης
405 286 563 320 Δημήτριος,
588 284 626 310 ἔτι
650 281 680 309 δὲ
707 286 798 320 περιῆν
828 281 852 308 ἕν

36 331 348 367 Θισσαλονίκηόμὲγας
381 327 548 365 δομέστικος,
577 328 590 354 ὁ
611 326 641 354 δὲ
667 328 761 354 τούτου
795 328 853 358 υἱός

34 376 161 413 Μιχαὴλ
175 375 200 408 ἐς
209 375 346 403 Muli-vnto»
374 376 419 400 καὶ
443 373 545 411 Σέῤῥας,
573 373 599 404 ὃς
617 375 662 399 καὶ
691 373 780 409 μαθὼν
807 374 851 398 τὸν

36 426 89 449 τοῦ
106 423 222 458 Τορνιχη
237 421 345 447 θάνατον
360 417 526 457 ἕδυσφόρησι
545 421 590 445 καὶ
616 419 769 455 σκυθρωπὸς
796 420 852 448 τοῖς

35 466 254 503 ἐντυγχάνουσιν
273 465 430 501 ἐπεφαίνετο·
462 464 493 493 ἧν
521 465 570 501 γὰρ
595 463 608 489 ὁ
636 465 764 500 Τορνίκης
806 463 852 489 σύ-

36 511 128 548 ζυγον
145 513 215 547 ἔχων
228 514 274 538 τοῦ
300 509 413 547 μεγάλου
444 506 603 545 δομεστίκου
623 505 849 544 πρωτεξαδιλφην.

36 558 94 583 Οἴα
109 560 176 592 γοῦν
191 556 258 593 φιλεῖ
288 555 328 582 ἐπὶ
366 557 422 585 τοῖς
445 554 572 584 τοιούτοις
591 554 720 589 γίνεσθαι,
744 552 851 590 ἠρωτή-

36 611 82 628 xu
97 611 141 633 τις
161 605 211 627 τῶν
238 600 266 627 ἐκ
311 599 449 627 Μιλτνίκου
477 600 625 635 τοῦνομα.,.
657 599 761 635 θάτερόν
793 607 852 624 τινα

37 645 240 682 χαλούμινον...
269 645 329 671 ὅτου
359 644 440 680 χάριν
469 642 654 679 σχυθρωπάζιι
680 642 693 667 ό
719 642 852 678 Κομνηνὸς

38 690 172 726 Μιχαὴλ.
189 689 219 716 Ὀ
235 687 264 716 δὶ
278 689 335 725 (καὶ
349 689 400 724 ’γὰρ
416 687 547 717 ἠπίστατο
562 689 610 716 τήν
643 686 751 722 αἰτίαν),
780 697 794 711 ι(
821 686 850 712 '0

39 737 185 773 Τορνὶκης,
199 735 281 770 nio»,
297 744 311 759 α
325 735 472 770 Δημήτριος
482 733 612 760 τέθνηκεν.
636 731 685 758 Ἦν
714 729 744 757 δὲ
769 740 851 768 προσ-

40 782 123 816 γςνὴς
136 779 216 806 αὐτοῦ
243 781 288 806 καὶ
313 778 447 814 οἰκονόμος
467 781 518 804 τῶν
549 780 650 804 κοινῶν.
682 778 732 803 Καὶ
756 777 849 802 τούτου

39 828 108 861 γοῦν
129 825 211 862 χάριν
225 825 345 850 κάκείνου
369 822 518 852 λελύπηται.
545 833 559 846 η
585 821 614 848 Ὀ
643 819 683 855 di,
708 831 722 844 ιι
745 821 782 849 οὔ
804 830 850 858 μοι

908 238 982 266 Cum
997 236 1162 265 Demetrius
1178 237 1331 265 Tornicius
1343 238 1435 266 vitam
1451 237 1575 270 ﬁnisset,
1597 238 1737 273 essetque

906 281 1123 310 Thessalonica
1136 289 1266 317 magnus
1277 281 1469 316 domesticus,
1486 281 1566 309 ﬁlius
1577 288 1648 310 vero
1658 280 1736 309 illius

907 326 1029 355 Michael
1044 326 1174 355 Melenici
1189 329 1217 355 et
1231 327 1335 357 Serris.
1351 326 1472 355 Michael
1490 328 1644 362 comperta
1662 327 1738 354 Tor-

906 371 975 400 nicii
986 373 1091 406 morte,
1103 379 1182 406 mgre
1197 379 1260 400 rem
1276 371 1353 407 tulit,
1364 371 1499 408 tristique
1513 379 1549 399 ac
1562 371 1647 399 vultu
1670 372 1736 398 tur-

906 416 1060 444 bationem
1073 424 1134 453 prae
1149 424 1180 445 se
1199 416 1296 444 ferens
1311 416 1535 453 alloquentibus
1563 415 1734 444 videbatur.

905 461 1057 490 Tornicius
1067 461 1148 490 enim
1158 461 1260 496 magni
1276 461 1432 490 domestici
1443 460 1657 489 consobrinam
1672 467 1737 488 ma-

905 506 1045 534 trimonio
1060 506 1116 534 sibi
1129 507 1280 542 junxerat.
1297 507 1331 535 Ut
1342 506 1373 534 in
1387 506 1433 534 his
1446 506 1510 534 ﬁeri
1525 507 1618 539 amat,
1634 513 1650 533 e
1677 506 1720 533 Me
1730 518 1737 525 -

904 550 1001 580 lenico
1011 551 1175 588 quispiam,
1188 551 1280 579 alium
1293 551 1416 588 quidem
1426 551 1549 580 nomine
1641 550 1733 578 inter-

904 596 1019 631 rogavit
1026 607 1039 623 ς
1048 603 1182 632 quanam
1189 595 1226 624 de
1232 603 1322 624 causa
1331 596 1352 631 1
1359 597 1387 632 0
1393 597 1414 631 1
1425 595 1547 624 Michael
1563 596 1734 624 Comnenus

905 648 969 668 sese
985 640 1077 669 animi
1097 640 1188 668 tristis
1200 642 1332 674 angeret.
1346 650 1360 665 »
1377 640 1425 668 Ille
1441 641 1582 676 (namque
1606 647 1733 668 causam

905 685 1016 721 optime
1026 685 1174 719 callebat),
1185 696 1198 708 ‹‹
1206 685 1368 720 Tornicius,
1381 695 1395 710 ››
1407 685 1457 720 ait,
1469 695 1483 709 ‹‹
1495 685 1660 712 Demetrius
1670 683 1732 712 fato

905 730 1092 761 {unctus'est.
1111 730 1164 766 qui
1176 737 1246 757 eum
1258 729 1430 766 propinqua
1461 729 1638 764 cognatione
1660 736 1731 757 con-

904 776 1037 810 tingebat
1051 777 1079 804 et
1093 783 1139 802 res
1153 774 1289 810 publicas
1309 774 1548 809 administrabat,
1572 775 1730 811 propterea

904 823 999 850 morte
1013 820 1090 848 illius
1106 819 1195 848 tristis
1212 822 1266 848 est.
1281 830 1295 845 θ
1313 819 1414 852 Allius,
1428 830 1442 844 «
1455 820 1519 848 Non
1532 819 1589 847 hoc
1603 819 1676 847 mihi
1688 819 1730 849 ita.

41 867 131 902 δοκεῖ,
148 871 261 905 »φησὶν-
278 879 292 893 ‹‹
309 866 371 894 add“:
397 868 448 903 ’γὰρ
481 865 529 893 διὰ
555 867 682 903 Τορνίκην
706 865 789 896 οὕτως

953 866 1058 894 habere
1073 865 1187 893 videtur
1204 873 1211 893 :
1225 872 1324 901 neque
1331 864 1410 892 enim
1419 866 1541 900 propter
1558 864 1729 893 Tornicium

40 912 178 950 ἡδημόνιι
199 915 244 940 χαὶ
282 912 426 949 ἦσχαλλιν,
464 911 533 938 Ἀλλ’
559 911 591 941 ὡς
624 911 714 941 ἔοιχιν,
739 909 781 936 ἐπὶ
812 914 849 945 τῷ

40 961 174 995 κρείττονι
201 957 296 984 ἔχιίνου
337 960 412 983 τοῦτο
441 955 599 992 συμϐέϐηκε.
633 957 684 982 Καὶ
710 954 733 981 εἰ
759 958 847 988 τοῦτο,

42 1007 90 1039 φιῡ
125 1004 199 1039 ἡμῖν·
226 1001 250 1028 ἄν
269 1003 321 1039 γὰρ
360 1004 494 1039 ταραχαῖς
527 1002 572 1026 καὶ
606 999 749 1036 ὀχλήσεσιν
775 997 848 1030 αὖθις

40 1050 200 1083 γενήσονται
229 1048 262 1073 τὰ
281 1048 404 1084 ἡμέτερα,

41 1094 89 1118 καὶ
104 1092 142 1122 εἰς
158 1091 300 1128 ἀταραξίαν
313 1091 466 1120 ὶληλυθότα.
481 1099 496 1116 ν
508 1090 541 1116 Ἥ
559 1087 584 1116 δ’
607 1087 690 1121 οὗτος,
719 1099 733 1113 ι(
767 1088 846 1122 ’Λλλ⁷,

42 1135 163 1172 ὦφιλος,
192 1138 237 1162 καί
257 1135 279 1163 si
308 1139 424 1162 τοιοῦτον
453 1134 554 1168 ξυνέϐη,
592 1143 638 1160 χαι
663 1133 729 1160 οὕτω
753 1131 787 1162 δὴ
818 1133 847 1159 οὗ

42 1185 131 1212 κακῶς
145 1182 180 1207 τὰ
194 1181 254 1208 καθ’
268 1181 338 1217 ἡμᾶς
354 1179 452 1211 ἕξουσι.
481 1181 532 1206 Καὶ
559 1179 610 1215 γὰρ
634 1178 646 1204 ὁ
670 1180 750 1214 μέγας
769 1176 846 1214 δομή-

44 1235 137 1256 στικος
164 1225 188 1252 ἄν
230 1225 411 1254 Θισσαλονίχη
449 1222 536 1260 διά-γυ
573 1224 732 1259 ἠγιμονιύων
754 1222 846 1257 αὐτῆς,

43 1272 88 1296 καὶ
104 1271 198 1297 οὐτοσὶ
214 1268 267 1296 δ’ὶό
285 1271 417 1306 Κομνηνός
429 1268 541 1305 Μιχαὴλ
556 1269 569 1294 ὁ
596 1269 689 1294 τούτου
718 1268 773 1298 υἱὸς
800 1269 847 1297 τὴν

43 1319 95 1341 τῶν
122 1316 253 1352 ἡμετέρων
295 1324 390 1351 χωρων
433 1313 549 1350 δισξάγοι
586 1311 753 1349 κηδεμονίαν,
786 1312 848 1339 Ὑπό

43 1360 169 1386 τοιούτων
199 1363 262 1395 γοῦν
291 1361 421 1396 μεγίστων
467 1358 570 1395 ἀνδρῶν
615 1356 848 1394 διακυϐερνώμινοι

44 1403 210 1430 οὐκᾶνποτσ
235 1406 363 1440 κοσμικόν
394 1402 537 1430 κλυδώνιον
574 1402 686 1440 ἴδοιμεν,
715 1403 795 1434 άλλως
822 1413 848 1430 τι

43 1451 89 1475 καὶ
104 1450 119 1478 ἠ
135 1453 182 1475 τοῦ
199 1448 347 1486 Βουλγάρου
367 1449 529 1485 Καλλιμάνου
554 1447 651 1486 ἀδελφὴ
674 1449 715 1485 (4)
741 1450 847 1486 Θάμαρ,

44 1493 113 1525 οἶςυξ
127 1495 164 1520 ἔτι
188 1493 308 1528 τελοῦσα,
336 1494 373 1525 εἰς
405 1495 490 1531 γάμου
516 1496 648 1521 κοινωνίαν
674 1493 779 1526 ξυνίλθη
813 1497 848 1529 τῷ

48 1541 174 1574 Κομνηνῷ
194 1539 316 1574 Μιχαὴλ,
337 1542 381 1565 καὶ
408 1542 563 1575 γενήσονται
586 1538 686 1566 σποδαὶ
715 1541 794 1575 μέσον
822 1548 850 1564 τε

46 1584 120 1619 ἡμῶν
135 1585 180 1610 καὶ
199 1583 360 1622 Βουλγάρων.
392 1595 403 1609 ι
433 1588 524 1611 Ταῦτα
548 1583 582 1614 δὴ
609 1584 760 1614 λιλάληνται
787 1586 848 1620 παρ’

47 1628 142 1661 αὐτῶν,
160 1627 244 1664 μηδὲν
257 1627 359 1660 ιίδότος
373 1633 419 1656 τοῦ
436 1632 569 1666 Ιίομνηνοῡ
587 1630 705 1666 Μιχαὴλ.
734 1631 849 1667 Θάτερος

47 1671 90 1699 οὖν
109 1677 164 1699 τοῖν
179 1671 254 1699 δυοῖν
268 1672 378 1700 ἐπελθὼν
407 1676 473 1712 πρὸς
500 1676 543 1700 τὸν
569 1674 700 1712 εἰρημένον
726 1674 850 1710 Μαγχλα-

47 1717 120 1747 ϐίτην
137 1717 286 1754 ἀνήγγιιλιν
319 1719 389 1754 αὐτῷ
422 1720 455 1745 τὰ
480 1723 598 1753 τοιαῦτα,
625 1720 638 1745 ὁ
670 1717 700 1746 δὲ
727 1718 850 1755 ἀνήνεγκε

46 1767 80 1798 τῷ
97 1762 213 1799 βασιλεῖ.
232 1764 444 1799 Κατασχιθέντις
464 1764 508 1790 οὖν
524 1767 571 1790 καὶ
597 1764 675 1800 ἄμφω
700 1764 849 1802 ἠρώτηνται

47 1810 168 1844 περὶτῶν
194 1807 356 1844 λιλογμὲνων.
384 1808 413 1834 Ὁ
440 1810 484 1845 μέν
511 1809 554 1835 οὖν
592 1811 743 1845 κατηγόρει,
771 1810 847 1835 θάτε-

46 1862 87 1888 ρος
103 1850 134 1878 δὴ
147 1852 371 1888 ὑπιραπιλογσῖτο.
385 1852 496 1890 Ἕφησιν
512 1852 566 1887 οὖν,
593 1855 626 1884 ὡς
657 1853 774 1885 Ἀληθῶς
803 1855 848 1890 μὶν

46 1897 136 1923 οὑτοσὶ
157 1896 261 1932 ιίρήκσι,
292 1897 354 1935 παρ’
395 1897 457 1934 ἐμοῦ
483 1899 533 1935 ’γὰρ
569 1897 688 1927 ἀκήκοεν·
719 1897 772 1924 ἀλλ’
801 1898 848 1924 οὐκ

47 1939 148 1970 ιίδήσιι
175 1951 220 1977 μοι
244 1943 345 1978 ιῖρηται
371 1946 418 1968 τοῦ
449 1945 595 1979 Κομνηνοῦ,
622 1943 676 1970 ἀλλ’
703 1943 730 1975 ἐξ
755 1943 847 1969 ἑαυτοῦ

47 1988 104 2017 τοὺς
131 1986 224 2022 λόγους
249 1988 359 2017 τούτους
387 1989 544 2023 προήνεγχα,
582 1988 758 2024 Ἠνα-γκάζετο
786 1991 849 2024 γοῦν

46 2033 104 2067 περὶ
134 2032 238 2057 τούτου·
268 2029 324 2058 ὁδὶ
351 2032 452 2068 ἠρνεῖτο
475 2031 598 2064 καθάπαξ
627 2034 663 2068 μὴ
693 2031 789 2059 ιίδέναι
823 2042 849 2058 τι

47 2077 103 2111 π’·ρὶ
116 2076 210 2102 τούτου
226 2077 255 2102 τὸ
282 2075 388 2102 σύνολον
418 2077 461 2102 τὸν
489 2078 620 2113 Κομνηνὸν
649 2077 769 2113 Μιχαὴλ.
796 2077 849 2104 Ἐν-

47 2121 138 2146 ταῦθςν
155 2119 313 2158 ηὐτρέπιστο
332 2122 434 2152 τούτοις
468 2124 642 2159 στρατιωτική
674 2132 714 2152 τις
743 2120 848 2149 ἀποδει-

47 2164 95 2199 εις,
111 2164 165 2191 ἐπεὶ
180 2167 216 2201 μὴ
232 2166 353 2203 ὑπῆρχον
376 2167 401 2192 οἰ
415 2170 614 2203 μαρτυροῦντες,
630 2168 645 2196 ἠ
681 2165 728 2192 διὰ
755 2168 848 2203 μάχης

48 2208 171 2247 διάπιιρα
186 2210 238 2245 (5).
263 2210 443 2240 Ὠπλίσθησσν
463 2209 492 2237 οὗ
538 2214 582 2238 καὶ
611 2213 698 2248 ἄμφω,
729 2211 847 2241 εἰσῆλθον

47 2255 80 2286 εἰς
94 2256 124 2281 τὸ
137 2253 258 2287 στάδιον,
279 2254 414 2287 ξυνέϐαλον
443 2255 570 2288 ἀλλήλοις,
595 2257 640 2293 [Ρ.
670 2257 712 2292 52]
738 2259 780 2283 καὶ
810 2266 848 2283 νι-

47 2301 151 2328 νίκηται
167 2300 180 2326 ό
196 2302 460 2337 χατηγορορούμενος,
477 2300 605 2338 ἀπερρίφη
639 2311 666 2328 τε
685 2305 730 2328 τοῦ
754 2303 846 2335 ἵππου,

46 2346 90 2370 καὶ
116 2346 163 2373 τὴν
190 2349 304 2371 νικῶσαν
330 2345 343 2371 ὁ
372 2347 515 2382 κατήγορος
543 2347 665 2382 ἔσχηκεν.
694 2346 849 2382 Συλληφθιὶς

46 2386 89 2414 οὖν
105 2388 172 2419 ξωος
187 2387 261 2422 (οὐδὲ
277 2390 327 2426 γὰρ
342 2391 448 2426 καιρίαν
467 2391 602 2427 τέτρωται)
621 2393 666 2417 καὶ
686 2391 759 2421 αὖθις
777 2391 850 2428 ἠρώ-

46 2443 132 2466 τηται,
157 2434 191 2464 ὡς
216 2434 247 2459 ἄν
262 2433 467 2470 καθομολγήσαικ
514 2437 561 2464 τὴν
592 2434 723 2464 ἀλήθειαν.
762 2435 790 2462 ’0
819 2433 849 2462 δὲ

46 2483 92 2505 τοῦ
106 2481 232 2516 προτέρου
244 2479 322 2515 λόγου
338 2479 482 2515 ἀντείχετο,
493 2483 538 2506 καὶ
564 2478 630 2516 μηδ’
659 2481 724 2512 ὅλως
752 2479 849 2507 εἰδέναι

46 2533 71 2550 τι
87 2525 129 2550 τὸν
146 2525 277 2560 Κομνηνόν
292 2522 479 2562 διεμαρτύρατο
504 2525 625 2561 Μιχαὴλ.
654 2525 726 2552 Ἐπεὶ
748 2523 778 2552 δὲ
803 2523 850 2552 διὰ

454 1046 675 1082 χατεστορεσμένα
699 1048 743 1070 νῦν
766 1043 849 1074 καλῶς

903 909 944 937 ita
961 909 1073 937 doleret
1089 908 1338 944 atlligereturque.
1356 908 1413 936 Sed
1428 910 1460 936 ut
1484 910 1619 944 apparet,
1635 908 1667 936 id
1698 909 1731 938 in

903 955 1009 983 melius
1024 954 1064 983 illi
1079 954 1211 990 contigit.
1227 954 1340 987 Quodsi
1353 954 1410 982 hoc
1426 953 1523 988 fuerit,
1542 961 1588 981 vta
1616 953 1705 982 nobis
1721 963 1729 983 :

902 1008 1005 1028 rursus
1012 1000 1092 1028 enim
1103 1007 1150 1027 res
1159 1001 1270 1027 nostrae
1279 998 1459 1035 perturbatae
1467 998 1497 1026 in
1504 1006 1616 1034 magna
1626 999 1730 1027 confu-

903 1045 986 1073 sione
994 1047 1139 1080 motuque
1150 1046 1246 1077 erunt,
1263 1052 1330 1080 quae
1350 1051 1431 1071 nunc
1447 1042 1557 1072 sedatae
1569 1051 1604 1071 ac
1618 1044 1731 1079 optime

901 1090 1102 1126 tranquillatte
1116 1091 1290 1117 cernuntur.
1316 1099 1330 1114 »
1345 1090 1426 1117 Tunc
1455 1088 1532 1116 alius
1562 1089 1728 1125 respondit,

902 1146 916 1160 «
930 1135 997 1168 Sed,
1009 1143 1026 1162 ο
1042 1142 1146 1162 carum
1157 1135 1256 1170 caput,
1277 1133 1344 1161 licet
1354 1135 1455 1161 tamen
1465 1133 1496 1161 id
1505 1132 1656 1167 acciderit,
1667 1140 1730 1162 non

901 1179 969 1208 ideo
980 1188 1027 1207 res
1043 1180 1153 1207 nostra:
1168 1178 1246 1206 male
1262 1186 1294 1206 se
1308 1178 1474 1206 habebunt.
1501 1179 1637 1214 Namque
1665 1186 1728 1207 ma-

902 1233 979 1261 gnus
989 1225 1169 1252 domesticus
1178 1223 1393 1252 Thessalonicae
1402 1223 1516 1257 degens
1526 1222 1608 1251 illam
1621 1223 1728 1252 mode-

901 1272 992 1298 ratur.
1011 1271 1041 1297 Et
1050 1269 1097 1297 hic
1112 1269 1176 1305 ipse
1192 1269 1361 1296 Comnenus
1376 1267 1509 1302 Michael,
1532 1267 1609 1296 illius
1636 1267 1728 1304 ﬁlius,

902 1315 1010 1343 nastris
1017 1314 1139 1342 urbibus
1149 1321 1272 1350 operam
1279 1315 1405 1349 praestat.
1428 1313 1474 1341 Ab
1484 1313 1530 1341 his
1540 1312 1727 1349 itaqueviris,

902 1360 1000 1395 iisque
1009 1358 1236 1393 maximis,’dum
1245 1359 1457 1392 gubernamur,
1467 1357 1730 1394 nunquamaliqua

904 1405 1077 1439 tempestate
1089 1402 1195 1438 jactari
1214 1402 1388 1438 poterimus.
1406 1403 1550 1430 Praeterea
1574 1402 1732 1431 Callimani

903 1448 1113 1483 Bulgarisoror
1126 1446 1346 1481 Thamar,nulli
1361 1449 1466 1482 nupta,
1475 1447 1668 1475 matrimonio
1679 1447 1731 1475 Mi-

904 1493 998 1522 chaeli
1015 1494 1166 1521 Comneno
1180 1492 1330 1527 jungetur.
1345 1491 1379 1518 Et
1397 1491 1438 1518 sic
1452 1491 1528 1518 inter
1543 1498 1599 1518 nos
1618 1499 1653 1519 ac
1669 1491 1733 1519 Bul-

869 1550 889 1578 c
905 1547 992 1576 garos
1003 1545 1061 1574 pax
1074 1536 1289 1565 conciliabitur.
1308 1547 1322 1561 »
1337 1536 1404 1563 Haec
1420 1535 1459 1564 ab
1472 1535 1530 1562 illis
1555 1535 1651 1564 inscio
1681 1536 1732 1564 Mi-

905 1582 1006 1611 chaele
1015 1582 1167 1609 Comneno
1179 1580 1259 1608 dicta
1270 1581 1349 1607 sunt.
1359 1581 1394 1607 At
1404 1587 1483 1607 unus
1495 1587 1531 1606 ex
1543 1579 1589 1606 his
1605 1579 1731 1608 Mancla—

903 1630 969 1656 Vitae
989 1626 1138 1663 colloquia
1150 1626 1225 1654 inter
1238 1633 1268 1652 se
1283 1625 1356 1653 inita
1375 1624 1480 1652 refert:
1497 1624 1544 1652 ille
1559 1624 1732 1660 imperatori

903 1673 1070 1701 denuntiat.
1082 1670 1320 1706 Comprehensus
1330 1671 1454 1705 uterque
1470 1668 1507 1697 de
1520 1669 1555 1697 iis
1565 1677 1634 1705 quas
1649 1669 1730 1698 dixe-

903 1717 1209 1751 rantinterrogantur.
1221 1716 1252 1742 Et
1259 1722 1336 1742 unus
1342 1714 1465 1750 quidem
1473 1713 1645 1749 accusabat,
1652 1713 1728 1742 alius

902 1761 1105 1798 respondebat
1122 1772 1132 1786 ι
1154 1762 1361 1788 accusatorem
1377 1767 1447 1787 vera
1459 1759 1613 1787 enuntiare
1627 1767 1634 1787 :
1651 1766 1728 1788 ame

903 1808 984 1836 enim
1000 1806 1104 1834 audiit.
1120 1806 1228 1833 Verum
1241 1812 1276 1833 ea
1286 1804 1380 1832 inscio
1395 1805 1480 1840 102
1492 1805 1644 1832 Comneno
1655 1803 1728 1833 εδδ.-

902 1856 950 1881 tus
970 1861 1046 1887 sum,
1062 1860 1130 1879 cum
1142 1859 1177 1878 ex
1192 1850 1370 1886 memetipso
1380 1849 1473 1877 verba
1483 1849 1534 1878 illa
1541 1849 1726 1886 protulerim.

903 1898 1069 1932 Cogebatur
1080 1896 1126 1924 ille
1139 1898 1171 1923 ut
1183 1896 1239 1923 hoc
1250 1895 1403 1923 indicaret.
1418 1896 1524 1922 Verum
1536 1894 1582 1922 ille
1598 1894 1730 1930 negabat

903 1942 1015 1979 aliquid
1025 1942 1149 1970 omnino
1160 1941 1196 1968 de
1205 1948 1241 1968 eo
1252 1940 1422 1968 Micltaelem
1435 1939 1508 1968 scire
1529 1940 1727 1969 Comnenum.

903 1989 975 2016 Hinc
986 1986 1120 2014 militaris
1132 1985 1279 2021 probatio,
1306 1993 1375 2012 cum
1404 1984 1576 2013 testimonia
1601 1984 1730 2014 aliorum

903 2033 1153 2065 desiderarentur,
1166 2032 1361 2066 praeparatur,
1396 2037 1448 2065 per
1484 2037 1594 2066 pugnae
1621 2030 1732 2059 scilicet

903 2077 1150 2113 experimentum.
1162 2075 1259 2102 Ambo
1269 2075 1369 2110 itaque
1381 2076 1545 2109 armantur,
1557 2074 1587 2102 in
1598 2074 1730 2102 stadium

902 2122 1022 2156 intrant,
1040 2119 1205 2154 confligunt
1215 2119 1354 2151 invicem,
1367 2121 1394 2147 et
1407 2120 1566 2147 accusatus
1589 2118 1729 2154 vincitur,

902 2166 954 2202 qui
970 2173 1048 2201 equo
1063 2165 1196 2199 dejectus
1210 2163 1365 2191 victoriam
1380 2163 1546 2192 accusatori
1569 2163 1728 2192 concessit.

904 2211 983 2238 Idem
998 2211 1082 2237 vivus
1100 2209 1333 2245 comprehensus
1347 2209 1454 2244 (neque
1467 2209 1548 2236 enim
1560 2208 1639 2238 letali
1662 2208 1729 2237 vul-

903 2263 972 2284 nere
988 2263 1093 2283 vocem
1108 2255 1260 2288 amiserat)
1276 2254 1382 2281 iterum
1394 2253 1601 2289 interrogatur,
1623 2256 1656 2282 ut
1667 2262 1729 2282 rem

902 2300 1051 2328 fateretur.
1068 2299 1115 2327 Ille
1126 2299 1258 2335 primum
1272 2306 1441 2326 sermonem
1461 2298 1609 2327 obstinate
1636 2299 1729 2327 conti-

902 2345 1024 2379 nuabat,
1042 2347 1070 2372 et
1084 2344 1156 2372 nihil
1171 2344 1278 2372 horum
1292 2343 1462 2372 Michaelem
1478 2343 1665 2372 Comnenum
1689 2346 1730 2372 te<

902 2398 972 2418 nere
997 2389 1228 2418 contestabatur.
1252 2390 1325 2416 Cum
1346 2396 1417 2416 vero
1443 2388 1639 2417 atrOcioribus
1665 2391 1728 2418 tor-

903 2435 1010 2464 mentis
1038 2434 1193 2462 veritatem
1215 2433 1454 2469 extorquendam
1479 2441 1545 2461 esse
1575 2433 1729 2462 statuisset

903 2480 1074 2516 imperator,
1087 2478 1348 2514 quemadmodum
1371 2477 1418 2505 ille
1449 2477 1635 2505 accuratiore.
1662 2477 1729 2505 vita

904 2524 1044 2552 examina
1059 2523 1202 2560 poscebat
1214 2522 1402 2559 questionem
1430 2521 1551 2556 homini,
1579 2529 1648 2558 quea
1676 2529 1730 2558 per

493 2595 664 2630 Theodori
689 2597 814 2631 Dousae
839 2600 872 2631 et
894 2596 1020 2631 Leonis
1045 2594 1162 2629 Allatii
1186 2597 1286 2627 notae.

895 2676 964 2696 rum
991 2667 1124 2696 candens
1153 2665 1220 2693 vide
1244 2664 1432 2694 doctissimas
1466 2667 1494 2694 et
1513 2665 1729 2695 eruditissimas

897 2703 1010 2732 Martini
1027 2703 1112 2731 Delrii
1127 2701 1360 2733 dissertationes.
1374 2701 1419 2736 [et
1435 2701 1549 2730 Sixtum
1565 2703 1729 2731 Senensem

900 2740 1043 2767 Biblioth.
1059 2739 1100 2766 lib
1113 2747 1142 2770 ιι,
1157 2738 1187 2766 in
1200 2737 1268 2765 tine.
1286 2737 1362 2764 Sunt
1386 2745 1403 2765 a
1438 2738 1530 2765 sacris
1560 2738 1729 2767 canonibus

899 2775 1051 2804 damnatae
1059 2774 1254 2803 etinterdictaa
1263 2772 1319 2801 sub
1329 2772 1429 2809 poenis
1439 2774 1639 2809 gravissimis.
1656 2776 1728 2804 ALL.

82 2666 120 2704 (4)
135 2666 299 2703 Καλλιμάνου
309 2665 418 2704 ᾀδιλφή.
436 2667 657 2704 Pachymerius,
679 2670 712 2696 ut
739 2675 842 2704 supra,

48 2710 106 2740 non
113 2703 206 2740 hasce
210 2710 279 2740 cum
286 2702 585 2740 Thamare_Callimani
593 2702 703 2732 sororis
709 2702 842 2740 nuptias,

50 2738 98 2766 sed
109 2746 179 2775 cum
190 2738 251 2766 tilia
260 2738 407 2775 Michaelis
420 2738 552 2775 despotic
563 2741 676 2767 secreta
691 2738 845 2775 sponsalia

50 2773 246 2808 suspicionem
255 2773 383 2802 atfectati
396 2773 511 2810 imperii
526 2773 758 2803 movissetradit.
775 2777 843 2804 ALL.

83 2810 122 2847 (5)
136 2810 178 2838 De
193 2809 423 2846 purgationibus
435 2818 489 2847 per
498 2811 743 2840 monomachiam
754 2813 782 2840 et
791 2810 843 2839 ten

474 2818 489 2839 1'
498 2818 743 2840 monomacmam
754 2818 782 2840 el
791 2818 847 2839 ποτε·
