1966 3079
217 132 283 162 UH.

856 131 998 160 GEORGII
1012 131 1238 161 ACROPOLITE

1851 139 1924 166 Ηίὲ

215 196 345 226 mortem
355 193 489 230 infertur,
500 193 637 222 instituit.
647 195 750 223 Manus
760 195 837 223 retro
852 196 1044 225 condemnati
1061 199 1084 225 Α
1100 197 1215 228 πλείονος
1231 196 1277 233 βαι

1115 197 1215 228 τλείονος
1231 196 1349 233 βασάνου
1373 195 1459 229 ἔδοξεν
1492 197 1631 234 ἐπιγνῶναι
1660 200 1704 226 τὸν
1734 199 1864 236 βασιλέα
1895 203 1924 227 τέ

215 241 344 275 alligatae,
358 240 488 274 fuerunt,
509 241 542 267 ut
554 247 624 266 ense
640 239 757 275 periret,
787 240 865 268 oculi
894 241 984 269 linteo
1000 242 1045 269 in-

213 286 337 315 volucro
353 284 542 321 operiuntur.
560 285 606 312 Sic
625 284 706 312 enim
729 285 921 314 condemnati
949 286 1046 314 solent

217 330 350 360 construi
365 331 394 358 et
410 329 500 357 ictum
516 329 598 356 necis
609 329 756 365 excipere.
776 330 826 358 His
840 331 882 358 ita
907 331 1044 367 peractis,

217 378 246 404 et
259 376 388 408 vinctus,
402 376 435 401 ut
445 374 588 402 cervicem
601 373 642 401 ad
656 377 748 410 caput
767 376 988 411 amputandum
1005 383 1048 404 re<

218 420 448 455 clinaretjussus
457 419 557 446 denuo
568 419 606 446 de
616 418 652 446 iis
668 426 736 455 quas
752 419 782 446 in
796 420 950 456 quastione
964 422 1048 448 erant

220 463 659 501 exposcitur.lllejurejurando
667 464 757 492 etiam
770 468 961 494 sacrosancto
975 474 1048 494 con-

219 510 351 540 ﬁrmavit
363 509 437 538 nihil
450 509 598 536 ullatenus
613 509 722 537 horum
742 510 897 539 conscium
917 519 981 539 esse
997 511 1048 539 Mi-

220 554 355 584 chaelem
372 555 567 582 Comnenum.
581 554 636 586 Qui
650 554 857 590 postmodum,
885 555 953 584 licet
987 563 1049 584 non

220 608 317 628 caesus
344 599 408 634 fuit,
435 599 466 626 in
490 605 640 626 carcerem
665 598 813 627 abductus
847 602 901 633 est,
926 608 1050 637 compe-~

220 644 310 673 dibus
329 652 364 672 ac
383 643 507 672 vinculis
525 643 711 672 constrictus.
735 645 820 680 103
834 646 1052 674 Universatan-

220 690 290 718 dem
299 688 425 726 quaestio
431 688 460 716 in
468 688 638 716 Michaelem
646 689 831 717 Comnenum
837 697 982 718 conversa
995 692 1049 728 est,

221 737 250 763 et
257 734 373 770 judices
383 733 423 762 ad
432 733 461 761 id
469 733 608 761 destinati
618 733 659 760 illi
671 733 826 762 dicebant:
841 745 855 758 ‹‹
868 735 995 767 Quando
1009 736 1028 764 d
1036 743 1052 763 e

221 781 248 807 te
263 786 416 806 sermones
434 777 557 814 quidem
572 777 654 805 haud
670 778 858 814 comprobati
881 779 1054 808 referuntur

222 831 241 853 a
258 826 286 852 te
301 823 367 851 illos
383 823 521 851 mirando
534 822 636 858 aliquo
647 822 779 851 facinore
798 823 977 852 refellendos
988 833 1053 853 esse

222 876 381 897 necessum
394 870 447 900 est,
460 867 491 895 id
506 869 606 896 autem
622 868 676 896 erit
702 876 753 904 per
777 868 889 897 ferrum
918 870 1055 898 candens
1071 876 1091 902 Β

223 912 374 951 purgatio.
392 923 406 937 »
423 913 496 940 Tum
512 912 558 940 ille
573 913 695 941 veritate
707 913 774 949 ipsa
790 913 882 942 fretus
901 923 907 941 :
922 926 932 939 ι
947 915 975 943 Si
988 915 1056 951 quis

224 960 312 993 esset,
330 969 341 983 ι
359 957 486 989 dicebat,
495 968 509 982 «
520 957 572 993 qui
583 966 631 985 me
640 961 803 993 accusaret,
821 967 891 987 cum
908 967 943 987 eo
953 960 1056 996 utique

225 1002 448 1035 contenderem,
460 1002 709 1038 ostenderemque
720 1011 789 1031 eum
800 1004 929 1031 mentiri.
940 1006 975 1032 At
983 1012 1054 1032 vero

226 1056 295 1077 cum
310 1049 468 1076 accusator
475 1047 574 1075 nullus
585 1047 630 1081 sit,
642 1047 679 1075 de
688 1055 749 1083 quo
762 1048 880 1083 judicor
904 1048 918 1076 ‘2
930 1050 1018 1076 Porro
1032 1041 1057 1076 si

227 1101 276 1122 me
287 1092 364 1120 mira
378 1091 465 1120 vultis
477 1091 633 1125 conﬁcere,
646 1100 702 1128 ego
716 1100 788 1120 sane
800 1092 825 1120 is
836 1100 897 1121 non
918 1101 986 1121 sum
1002 1094 1055 1130 qul

227 1137 375 1166 miracula
383 1136 480 1164 facere
487 1137 612 1173 possim.
622 1138 742 1164 Ferrum
754 1137 887 1165 candens
902 1137 933 1165 in
946 1146 1055 1166 manus

227 1182 287 1210 vivi
304 1181 434 1209 hominis
449 1181 560 1209 cadens
580 1182 681 1209 nescio
695 1189 829 1217 quanam
850 1181 923 1209 illud
939 1182 1055 1211 ratione

229 1234 339 1254 manus
354 1233 415 1254 non
428 1225 595 1258 comburat,
608 1225 665 1252 nisi
684 1225 732 1253 ille
747 1234 764 1254 ει
779 1226 882 1254 Phidia
899 1229 945 1255 vel
959 1228 1055 1256 Praxi-

227 1271 283 1300 tele
295 1279 311 1299 e
324 1279 397 1299 saxo
411 1271 528 1299 excisus
541 1270 587 1298 vel
602 1278 638 1298 ex
651 1278 707 1298 aere
730 1271 878 1300 conﬂatus
899 1273 936 1301 sit
951 1286 965 1299 υ
990 1276 1054 1302 Haec

226 1315 286 1351 ille,
298 1318 326 1344 ct
341 1316 508 1344 admodum
518 1314 615 1342 hercle
621 1315 700 1350 juste
707 1315 951 1346 dicebat.Verum
963 1319 1056 1347 enim-

227 1370 297 1391 vero
313 1369 382 1389 cum
397 1364 426 1389 et
442 1360 708 1396 Philadelphiensis
725 1362 914 1398 metropolita
943 1364 1056 1392 Phocas

229 1407 320 1436 rebus
332 1407 496 1441 interesset,
513 1405 600 1433 unice
623 1405 797 1441 imperatori
826 1407 952 1436 dilectus
979 1409 1056 1438 mul-

231 1452 331 1488 tisque
340 1450 536 1480 humanitatis
551 1449 656 1478 ofﬁciis
666 1453 816 1487 acceptus,
830 1453 912 1488 quod
924 1461 984 1481 non
996 1455 1057 1482 vir—

233 1499 293 1526 tute
313 1504 349 1525 ac
367 1496 482 1528 merito,
500 1494 553 1522 sed
565 1494 768 1531 imprudentia
781 1500 937 1526 assecutus
950 1498 1058 1528 fuerat.

233 1543 368 1578 Namque
383 1549 453 1569 cum
472 1539 636 1576 aliquando
649 1540 687 1568 de
705 1540 795 1569 rebus
815 1542 944 1578 publicis
957 1545 1058 1573 nescio
1077 1553 1098 1582 ρ

227 1588 302 1626 quid
310 1587 565 1624 percunctaretur,
573 1584 664 1613 libere
674 1586 850 1614 sententiam
858 1595 945 1615 suam
961 1590 1059 1616 osten~

234 1633 287 1667 dit,
297 1635 334 1666 et,
345 1643 359 1657 «
371 1631 572 1668 Oimperator,
581 1642 594 1656 »
604 1630 710 1666 inquit,
720 1641 734 1655 «
741 1632 908 1667 quamobre
914 1633 978 1660 min
985 1641 1058 1670 prea-

235 1678 312 1707 senti
325 1685 382 1705 nos
402 1676 544 1711 consulis,
561 1683 629 1703 cum
644 1676 708 1711 ipse
722 1683 841 1712 semper
855 1685 909 1712 per
923 1679 961 1710 te,
977 1679 1059 1714 quod

232 1723 286 1753 tibi
299 1722 398 1751 visum
417 1721 513 1755 fuerit,
530 1728 659 1756 peragas
670 1720 684 1747 ‘I
699 1730 713 1744 »
726 1720 842 1748 Dixerat
861 1721 936 1754 haec,
950 1724 978 1750 et
998 1731 1060 1751 mo-

231 1767 306 1796 leste
321 1773 394 1793 sane
409 1765 517 1792 tulerat
528 1764 701 1800 imperator,
732 1765 979 1801 quandoquidem
1009 1775 1060 1795 eos

232 1809 575 1848 quiadstabantsiceum
587 1808 750 1836 allocutum
759 1809 872 1838 ferunt:
888 1821 898 1835 ‹
908 1813 952 1839 An
965 1813 1061 1847 potuit

234 1864 252 1885 θ
267 1853 456 1891 metropolita
467 1852 566 1881 aﬂerri
579 1852 653 1889 quid
664 1852 809 1881 audacius
824 1854 837 1881 ‘I
851 1857 879 1882 et
905 1863 959 1883 vos
988 1856 1060 1884 tole-

233 1900 332 1930 rastis.
346 1910 360 1925 »
372 1900 440 1927 Post
449 1898 572 1926 brevem
595 1898 703 1926 horam
728 1898 757 1926 in
788 1907 857 1927 eum
885 1900 1061 1929 suavissime

234 1945 348 1974 effusus
360 1943 506 1971 beneﬁcia
516 1942 648 1977 contulit,
664 1945 692 1971 et
701 1943 831 1971 honores
841 1945 1061 1982 consiliumque

236 1988 274 2017 ab
285 1996 320 2016 eo
329 1988 360 2015 in
372 1987 499 2022 negotiis
511 1986 696 2015 secularibus
707 1987 857 2023 capiebat.
878 1989 975 2021 Quare
998 1991 1061 2017 tum

241 2032 328 2070 104
341 2032 427 2060 etiam
445 2031 608 2067 imperator
622 2033 765 2068 tanquam
777 2032 910 2061 ministro
921 2041 993 2061 usus
1007 2036 1061 2067 est,

237 2078 421 2116 quiseorsim
433 2076 472 2105 ab
482 2076 547 2105 aliis
559 2075 746 2105 Comnenum
757 2077 938 2111 Michaelem,
953 2086 1021 2106 cum
1036 2083 1065 2109 et

237 2123 301 2160 ipse
312 2130 468 2151 sermones
478 2121 614 2150 audirem
625 2123 631 2139 ¹
643 2121 672 2149 in
681 2121 762 2150 hunc
771 2122 830 2150 fere
849 2123 975 2150 modum
994 2123 1064 2151 allo-

236 2169 357 2205 quitur:
373 2178 386 2191 «
399 2166 510 2194 Nobilis
524 2166 645 2202 quidem
657 2175 726 2194 cum
745 2166 853 2203 ipseeis
867 2169 896 2195 et
907 2175 943 2195 ex
956 2168 1064 2197 nobili-

238 2213 295 2242 bus
314 2213 491 2248 prognatus,
507 2219 543 2239 ea
553 2214 581 2240 et
600 2211 702 2240 animo
718 2212 874 2248 concipere
888 2214 915 2240 et
930 2220 960 2241 re
973 2221 1065 2249 prais—

237 2259 310 2287 taraa
321 2256 412 2285 debes
423 2264 491 2291 qum
502 2263 558 2284 nec
566 2265 584 2285 a
594 2256 653 2284 ﬁde
663 2258 714 2285 tua
726 2264 781 2285 nec
790 2257 829 2284 ab
847 2257 1064 2286 existimatione

237 2309 294 2331 nec
303 2302 433 2338 denique
440 2309 459 2330 a
467 2301 643 2336 cognatione
651 2303 701 2330 tua
708 2301 804 2329 aliena
807 2301 989 2337 judicantur.
1007 2303 1064 2330 Sed

238 2347 316 2376 enim
323 2355 388 2375 cum
394 2348 481 2375 testes
487 2346 526 2374 ad
533 2349 561 2374 te
567 2346 754 2374 convincend
760 2354 807 2373 um
813 2353 874 2374 non
882 2346 1066 2383 adsint,ope-

238 2400 280 2421 rte
286 2391 410 2428 pretiUm
419 2391 472 2420 erit
477 2393 504 2419 te
513 2391 591 2419 ferro
597 2389 738 2418 candenti
744 2389 895 2418 veritatem
906 2391 1064 2426 designare

240 2449 255 2464 ιι
268 2437 320 2466 Ille
330 2445 442 2473 magno
454 2445 490 2465 ac
498 2436 575 2465 virili
584 2435 697 2470 animo,
709 2435 1003 2472 etquemadmodum
1018 2438 1063 2474 pi-

1101 241 1204 273 ἀληθὲς,
1234 243 1287 272 οἶος
1330 241 1422 272 ἕκιῖνος
1460 243 1506 273 τὰς
1542 243 1670 275 ἐξετάσεις
1717 243 1928 283 ἀκριϐεστέρας

1100 288 1262 323 ποιούμενος,
1278 288 1321 312 τὸν
1339 284 1386 313 διὰ
1409 287 1520 313 θανάτου
1536 291 1650 324 nni-7027:
1673 293 1710 325 τῷ
1735 287 1819 326 ἀνδρὶ
1852 289 1928 325 ἑλεν-

1099 341 1160 368 χον.
1174 330 1306 358 Ἐδέδι-ντο
1333 335 1395 367 γοῦν
1419 333 1446 358 αἱ
1471 336 1558 370 χεῖρας
1590 334 1696 360 ὄπισθεν
1722 338 1770 360 τοῦ
1799 333 1929 361 καταδι-

1100 377 1238 406 κασθέντος
1254 376 1343 412 ξίφους
1354 378 1428 413 ἔργον
1444 378 1575 413 γινέσθαι,
1603 379 1627 404 οἱ
1642 377 1667 405 δ’
1687 378 1823 415 ὀφθαλμοὶ
1857 379 1927 414 λινῷ

1101 422 1236 458 ὑφάσματι
1258 421 1452 457 ἐκαλύφθησανυ
1469 423 1550 449 οὖτων
1565 425 1616 462 γὰρ
1645 425 1718 450 εἴωθε
1743 426 1808 455 τοὺς
1839 434 1931 450 κατα-

1101 469 1205 503 κρίτους
1233 464 1456 498 διασκιυάξεσθαι
1482 470 1528 494 καὶ
1560 470 1608 497 τὴν
1633 468 1736 504 πληγὴν
1763 468 1926 505 λαμϐάνειν

1101 515 1148 542 τῆς
1162 511 1326 548 ἀναιρέσεως.
1342 511 1387 543 Ὡς
1400 515 1461 548 γοῦν
1489 515 1532 539 καὶ
1556 513 1640 540 ταῦτα
1667 514 1767 540 οὕτωσὶ
1799 517 1927 550 γένοιτο,

1103 556 1172 582 καὶὸ
1190 554 1328 592 δὶσμώτης
1342 557 1425 582 κλῖναι
1450 559 1494 583 τὸν
1521 557 1622 594 αὐχένα
1647 560 1852 596 προστέτακται
1882 559 1929 584 ἱνα

1105 599 1213 631 δέξηται
1227 604 1274 631 τῆς
1288 602 1371 638 διάρας
1385 603 1432 631 τὴν
1448 603 1568 638 ἓκτομὴν,
1598 605 1643 629 καὶ
1666 603 1744 629 πάλιν
1771 606 1839 639 περὶ
1872 608 1926 629 τῶν

1107 647 1269 681 ζητουμένων
1284 645 1428 682 ἠρώτηται,
1445 647 1458 672 ὀ
1474 645 1504 673 δὲ
1531 647 1587 683 μιθ’
1614 648 1695 685 ὄρχων
1722 653 1844 684 φρικτῶν
1869 647 1923 674 ξει-

1106 690 1239 716 ϐαίὼσατο
1257 689 1340 726 μηδέν
1355 700 1379 717 τι
1401 690 1464 722 ὅλως
1490 690 1635 718 συνιιδέναι
1661 691 1703 719 ἐπὶ
1734 694 1848 724 τούτοις
1877 694 1924 719 τὸν

1108 736 1239 771 Κομνηνὸν
1266 735 1388 771 Μιχαὴλ,
1431 735 1526 768 ἐκεῖνος
1632 739 1679 766 τήν
1709 739 1778 775 πρὸς
1803 739 1924 764 θάνατον

1108 779 1181 808 εἰάθη
1196 778 1315 813 ὁδεῦσαι,
1329 782 1375 810 τὴν
1391 779 1420 807 δί
1437 783 1502 819 πρὸς
1527 783 1630 819 ιὶρχτήν
1661 780 1781 816 ἔϐάδισε,
1805 785 1857 808 καὶ
1888 781 1924 808 ιῖ-

1108 834 1158 860 χον
1171 824 1249 850 αὐτὸν
1268 824 1350 851 κλοιοὶ
1361 827 1405 851 καὶ
1424 826 1576 863 καθείρξας.
1591 826 1621 852 Ἠ
1637 826 1754 858 ἐξέτασις
1786 825 1817 854 δὲ
1847 831 1927 853 πᾶσα

1109 870 1171 906 πρὸς
1185 870 1228 894 τὸν
1249 871 1380 905 Κομνηνὸν
1399 873 1543 900 χατήντηκε
1568 871 1690 907 Μιχαὴλ,
1716 873 1762 897 καὶ
1798 870 1837 901 δὴ
1865 872 1927 908 ἓφαυ

1111 923 1173 939 σχον
1185 913 1255 948 αὐτῷ
1268 914 1292 940 οἱ
1306 915 1380 950 τάχα
1390 917 1484 951 κρίνειν
1510 919 1599 941 τοῦτον
1625 915 1761 951 λαχόντες,
1789 917 1826 946 ὡς
1851 916 1925 942 Ἐπεὶ

1110 961 1169 995 περὶ
1185 962 1233 985 σοῦ
1248 959 1416 996 ἀπειρημένοι
1431 961 1498 991 τινὲς
1521 959 1672 989 λελάληνται
1702 960 1787 996 λόγοι,
1818 960 1866 987 δεῖ
1897 971 1925 987 σι

1112 1001 1159 1028 διὰ
1186 1013 1255 1034 τινος
1297 1004 1506 1040 θαυματοποιίας
1545 1006 1654 1035 τούτους
1678 1004 1926 1032 ἀποσκευάσασθαι

1109 1049 1144 1073 Τὸ
1159 1045 1189 1073 δὲ
1205 1045 1258 1077 ἧνή
1276 1046 1322 1074 διὰ
1335 1047 1438 1085 μύδρον
1458 1047 1593 1081 ἄπόδιιξις
1698 1049 1727 1076 ’0
1744 1048 1774 1076 δὲ
1798 1051 1859 1086 (καὶ
1871 1052 1924 1086 γὰρ

1110 1090 1180 1127 εἶχεν
1194 1091 1346 1128 βοηθοῦσαν
1362 1093 1433 1129 αὐτῷ
1452 1095 1499 1123 τὴν
1533 1093 1675 1129 ἀλήθειαν),
1699 1105 1714 1120 ‹‹
1747 1094 1778 1121 Εἰ
1883 1105 1926 1126 τις

1111 1135 1152 1168 ἦν,
1170 1148 1184 1161 ι)
1199 1137 1292 1174 ἔλεγεν,
1310 1147 1325 1165 ‹
1341 1139 1353 1164 ὁ
1369 1140 1425 1164 κατ’
1438 1140 1499 1175 ἐμοῦ
1514 1149 1540 1165 τι
1557 1144 1718 1176 κατηγορῶν,
1750 1141 1814 1177 πρὸς
1850 1139 1923 1166 ἑχιῖ-

1109 1191 1150 1208 νον
1166 1183 1196 1208 ἄν
1215 1182 1388 1219 ὶμαχεσάμην
1416 1186 1461 1209 καὶ
1489 1182 1614 1215 ἀπέδειξα
1639 1183 1797 1220 ψεύδεσθαι·
1830 1195 1923 1214 κατη-

1108 1230 1188 1264 γόρου
1213 1226 1243 1254 δὲ
1280 1230 1315 1264 μὴ
1343 1231 1467 1264 παρόντος
1502 1229 1565 1266 ὑπὲρ
1585 1231 1651 1259 τινος
1679 1231 1804 1266 κρίνομαι
1820 1230 1866 1263 ;εἱ
1891 1228 1922 1256 0":

1111 1273 1387 1309 θαυμπουργῆσαὶμε
1401 1273 1493 1308 eam,
1521 1272 1574 1299 ἀλλ’
1603 1272 1652 1309 ἐγὼ
1680 1273 1728 1299 οὐκ
1751 1274 1805 1310 εἰμὶ
1828 1276 1921 1301 τοιοῦ-

1110 1327 1152 1348 τος
1166 1319 1232 1344 ὥστε
1265 1320 1310 1344 καὶ
1332 1320 1513 1354 τερατοποιὶας
1540 1317 1709 1355 ἐργάζεσθαι.
1747 1316 1864 1355 Σίδηρος
1889 1317 1922 1345 δε

1111 1363 1352 1398 πεπυρακτωμένος,
1373 1361 1395 1388 εἰ
1421 1361 1445 1388 ἐν
1473 1365 1535 1399 χερὶ
1564 1361 1700 1399 ἀνθρώπου
1741 1364 1809 1394 ζωοῦ
1845 1363 1921 1393 οὗτος

1111 1406 1229 1443 ἐμπέσοι,
1243 1406 1288 1432 οὐκ
1301 1405 1364 1432 οἶδα
1382 1410 1437 1437 πῶς
1452 1406 1482 1432 οἶν
1506 1406 1536 1433 οὐ
1561 1408 1680 1433 καύσειεν
1707 1407 1800 1442 αὐτὴν,
1831 1408 1855 1434 εἰ
1881 1411 1919 1444 μή

1112 1452 1161 1477 πού
1181 1461 1220 1482 τις
1235 1451 1338 1482 ἓξισται
1351 1455 1387 1486 τῷ
1402 1449 1495 1487 Φειδίᾳ
1513 1450 1541 1477 ἐκ
1559 1451 1632 1478 λίθου
1650 1452 1666 1481 ἦ
1687 1455 1724 1487 τῷ
1754 1451 1918 1487 Πραξιτέλει,

1113 1497 1128 1525 ἦ
1143 1498 1187 1522 καὶ
1200 1495 1250 1522 ἀπὸ
1265 1496 1368 1532 χαλκοῦ
1382 1499 1519 1533 εἴργασται
1533 1517 1540 1524 .
1556 1505 1570 1521 »
1581 1496 1659 1522 Ταῦτ’
1679 1496 1760 1532 ile-ys,
1772 1499 1819 1523 καὶ
1834 1497 1919 1533 μάλα·

1111 1542 1141 1569 νὴ
1155 1542 1201 1569 τὴν
1219 1542 1298 1576 Θέμιν
1315 1538 1433 1571 δικαίως.
1450 1540 1520 1566 Ἐπεὶ
1546 1538 1575 1566 δὲ
1609 1543 1654 1566 χαὶ
1681 1541 1694 1566 ὁ
1722 1545 1769 1571 τῆς
1794 1539 1918 1568 Φιλαδελ-

1113 1587 1177 1621 φέων
1193 1585 1438 1622 (7)μητροπολίτης
1466 1588 1557 1616 Φωκᾱς
1583 1589 1724 1622 συμπαρῆν
1753 1589 1809 1616 τοῖς
1841 1595 1918 1621 γινο-

1112 1631 1207 1666 μένοις,
1223 1629 1372 1666 φιλούμενος
1387 1630 1450 1666 πρὸς
1474 1633 1520 1656 τοῦ
1552 1629 1681 1666 βασιλέως
1707 1632 1752 1656 καὶ
1787 1631 1856 1656 πάνυ
1877 1641 1905 1666 γι

1112 1675 1490 1712 λοφρονούμινος,--πέπονθε
1516 1673 1546 1701 δὲ
1574 1678 1651 1700 τοῦτο
1676 1674 1723 1700 οὐκ
1755 1674 1783 1706 ὶξ
1812 1674 1916 1713 ἀρετῆς,

1113 1719 1165 1745 ἀλλ’
1184 1719 1210 1750 ἐξ
1223 1717 1364 1749 ἀναιδείας.
1386 1721 1436 1745 Καὶ
1465 1720 1515 1755 γάρ
1542 1728 1604 1745 ποτε
1629 1723 1675 1745 τοὺ
1704 1718 1836 1755 βασιλέως
1865 1730 1917 1746 πυ-

1114 1765 1220 1801 θομένου
1243 1766 1302 1802 πιρί
1330 1774 1398 1795 τινος
1428 1768 1479 1790 τῶν
1507 1768 1598 1790 κοινῶν
1631 1765 1807 1801 πραγμάτων,
1837 1765 1916 1802 ἐπαρ-

1111 1809 1260 1847 ρησιάσατο
1273 1811 1328 1842 καὶ,
1345 1820 1359 1834 ‹‹
1375 1808 1410 1834 Ὠ
1425 1808 1546 1845 βασιλεῦ⁹
1566 1819 1576 1834 ι
1603 1810 1660 1845 ἔφη,
1702 1819 1717 1834 ‹‹
1736 1811 1809 1845 τίγος
1836 1811 1917 1847 χάριν

1113 1853 1209 1891 ἀρτίως
1228 1855 1295 1890 ἡμᾶς
1309 1852 1416 1890 ἐρωτᾷς,
1430 1853 1509 1884 αὐτὸς
1530 1852 1570 1880 ἀεὶ
1597 1852 1623 1884 ἓξ
1650 1853 1743 1880 ἑαυτοῦ
1769 1855 1802 1880 τὰ
1813 1852 1918 1880 (laxatis.

1113 1900 1147 1925 τά
1168 1908 1211 1924 σοι
1222 1897 1447 1935 διαπραττόμενος
1461 1907 1468 1932 ;
1482 1909 1496 1924 «
1525 1897 1603 1924 Ταῦτ’
1633 1896 1697 1931 εἷπε,
1722 1900 1769 1924 καὶ
1794 1900 1852 1924 τότε
1875 1900 1918 1934 μὶν

1115 1943 1268 1980 ὁβασιλεὺς
1299 1942 1478 1978 ἐσχιτλίασιν,
1507 1945 1552 1969 καί
1579 1952 1609 1978 γε
1637 1942 1732 1980 εἰρὴχιι
1763 1945 1830 1980 πρὸς
1859 1946 1917 1974 τοὺς

1116 1989 1390 2024 συμπαρισταμένους,
1407 1998 1421 2012 (‹
1437 1989 1469 2013 Τί
1492 1987 1560 2014 οὕτω
1590 1988 1748 2024 θρασύτερον
1775 1988 1788 2013 ὀ
1821 1997 1917 2024 μητρο-

1115 2033 1221 2063 πολίτης
1240 2033 1349 2070 εἴρηκεν,
1377 2032 1450 2068 ὑμιῖς
1475 2030 1505 2058 δὲ
1531 2032 1718 2068 ἠνέσχεσθι;³
1747 2033 1814 2068 μετὰ
1827 2031 1917 2069 βραχὺ

1118 2075 1147 2103 δὲ
1169 2077 1324 2114 φιλοφρονως
1359 2080 1449 2102 τοῦτον
1484 2075 1641 2107 ἐδεξιώσατο
1685 2078 1730 2102 καὶ
1773 2075 1850 2113 ἐτίμα
1876 2079 1917 2103 καὶ

1118 2121 1263 2158 σύμϐουλον
1275 2119 1381 2157 ιῖχενέν
1406 2124 1466 2151 ταῖς
1485 2124 1628 2157 κοσμικαῖς
1654 2121 1822 2148 ὑποθέσεσιν.
1847 2121 1918 2148 Ὑπο-

1118 2165 1251 2203 δρηστῆρι
1265 2169 1328 2202 γοῦν
1344 2167 1389 2192 καὶ
1403 2167 1460 2192 τότι
1475 2164 1610 2202 ἐχρησατο
1629 2166 1713 2200 τούτῳ
1741 2166 1755 2191 ὁ
1784 2164 1916 2202 βασιλεύς.

1117 2211 1157 2247 [Ρ.
1175 2211 1218 2247 53]
1235 2213 1284 2237 Καὶ
1310 2220 1339 2246 γε
1359 2212 1505 2247 καταμόνας
1531 2211 1575 2236 τὸν
1607 2211 1740 2246 Κομνηνὸν
1765 2210 1915 2246 παραλαϐὼν

1117 2255 1239 2292 Μιχαὴλ,
1259 2257 1343 2291 κάμοῦ
1363 2259 1412 2281 τῶν
1430 2255 1512 2290 λόγων
1535 2254 1710 2291 ἀκροωμένου,
1746 2255 1822 2280 ταῦτ’
1842 2256 1912 2290 εἴποι,

1118 2301 1150 2330 ὡς
1165 2311 1179 2325 ‹‹
1196 2300 1308 2335 Εὗγινὴς
1322 2301 1366 2336 μὲν
1382 2299 1446 2336 ἀνὴρ
1460 2299 1492 2325 σύ
1515 2301 1560 2324 χαὶ
1584 2298 1612 2329 ἑξ
1633 2298 1740 2334 εὐγενῶν
1768 2301 1914 2335 γεγένησαι.

1118 2348 1160 2371 Δεί
1171 2345 1214 2371 οὖν
1239 2354 1267 2370 σε
1300 2346 1329 2370 τὸ
1363 2343 1421 2371 δέον
1452 2344 1516 2380 ὑπὶρ
1544 2347 1591 2374 τῆς
1629 2342 1783 2378 ὑπολήψεως
1821 2353 1848 2370 τε
1875 2346 1914 2370 καὶ

1117 2393 1231 2421 πίστεως
1244 2392 1289 2416 καὶ
1315 2390 1409 2419 πᾶντός
1428 2399 1471 2415 σοι
1489 2392 1536 2415 τοῦ
1564 2390 1654 2424 γένους
1678 2390 1723 2414 καὶ
1755 2392 1852 2418 νοῆσαι
1875 2391 1916 2414 xui

1118 2435 1317 2473 διαπράξασθαι
1334 2435 1404 2462 Ἐπεὶ
1427 2432 1458 2461 δι
1481 2434 1528 2460 οὐκ
1549 2433 1656 2470 ἔλεγχος
1680 2434 1753 2471 παρὰ
1784 2435 1916 2471 μαρτύρων

698 2497 867 2532 Theodori
892 2498 1017 2533 Dousae
1041 2504 1075 2534 et
1097 2498 1223 2534 Leonis
1248 2497 1364 2532 Allatii
1389 2501 1490 2530 notae.

272 2565 312 2601 (6)
328 2563 358 2592 Η·
373 2561 420 2590 διὰ
433 2560 536 2601 μρδρον
548 2559 710 2601 ’διπόδειξιςῖ-
725 2561 835 2601 Mirum_
855 2562 929 2601 quid
949 2562 979 2590 in
1006 2563 1064 2591 hoc

237 2596 305 2638 ipso
320 2596 616 2638 genqelde'rnuliere
630 2596 765 2638 adultera
785 2596 1022 2638 sedpcenitente,
1036 2601 1065 2626 et

237 2633 380 2673 episcopo
388 2633 637 2673 Didzmotichepsi
643 2641 834 2673 commemora
841 2633 986 2673 tJoannes
992 2635 1064 2673 Can-

236 2669 408 2705 tacuzehus,
425 2670 541 2697 Hister.
564 2669 670 2703 lib.u1,
685 2677 752 2705 cap.
775 2672 819 2697 27.
851 2669 966 2696 Addam
998 2670 1063 2704 ipso

235 2710 370 2743 tempore
377 2705 547 2743 Lascarium
554 2705 632 2743 hanc
640 2704 848 2743 purgationem
856 2704 922 2732 ferri
934 2704 1064 2743 canden-

237 2743 274 2771 tis
299 2740 435 2770 inaxime
448 2741 541 2769 fuisse
556 2741 585 2768 in
602 2740 669 2776 usu,
685 2744 717 2768 ut
733 2740 869 2768 oculatus
885 2740 952 2767 testi
976 2741 1065 2776 refert

238 2778 449 2813 Pachymerius
472 2777 523 2804 lib.
561 2785 580 2809 ι,
610 2785 641 2812 p.
662 2774 721 2804 ‘33.
753 2777 782 2803 Et
803 2778 875 2803 nota
901 2778 946 2802 καὶ
962 2774 1029 2803 εἶδεν
1050 2777 1063 2802 ό

237 2812 342 2850 γράφών
363 2812 432 2842 ἡϐῶν
466 2817 503 2848 τῷ
537 2815 595 2838 τότε
638 2813 797 2842 ὑτοστάντας
837 2821 908 2843 τινας
944 2815 1062 2846 τοιαῦτα,

1118 2561 1181 2591 πλήν
1201 2559 1337 2591 ἀλωϐήτως
1361 2559 1556 2590 ammenta;
1579 2559 1608 2595 το
1621 2594 1625 2595 ν
1638 2558 1798 2595 θαυμάσιον.
1810 2594 1816 2595 7
1837 2558 1915 2595 Pyra:

1118 2605 1229 2625 eversae
1243 2595 1452 2633 probationem
1472 2595 1502 2622 in
1517 2593 1693 2622 homicidio
1705 2593 1788 2656 apud
1801 2593 1917 2657 Cyprios

1119 2633 1184 2657 Imm
1199 2632 1280 2657 amid
1295 2631 1484 2657 Theodorum
1500 2630 1697 2657 Prodromum
1734 2637 1749 2656 e
1776 2629 1839 2657 Rho
1862 2638 1909 2657 au-

1117 2633 1184 2668 lego
1199 2629 1280 2667 apud
1295 2631 1484 2668 Theodorum
1500 2630 1697 2668 Prodromum
1712 2629 1749 2656 de
1776 2629 1909 2658 thdan-

1117 2665 1183 2696 thés
1198 2665 1226 2696 et
1238 2667 1356 2695 Dosiclii
1372 2666 1527 2694 amoribus
1547 2665 1599 2693 lib.
1617 2674 1635 2693 l.
1651 2666 1720 2692 ALL.

1166 2703 1234 2737 7)'O
1256 2707 1303 2734 τῆς
1323 2701 1511 2738 Φιλαδελφέων.
1541 2701 1592 2728 Hic
1616 2702 1659 2728 est
1686 2700 1801 2728 Phocas
1830 2700 1914 2738 Phila

1118 2737 1305 2776 delphiensis
1331 2737 1503 2776 episcopus,
1515 2773 1522 2776 _
1533 2744 1624 2776 quem
1646 2743 1715 2764 cum
1731 2737 1855 2776 Arsenio
1867 2744 1913 2773 pa-

1117 2772 1248 2804 triarcha
1258 2772 1375 2803 videtur
1392 2772 1576 2802 confundere
1590 2772 1734 2800 Phranza.
1751 2775 1819 2800 ALL.
