  <div class='ocr_page' id='page_1' title='image "/cluster/home/n/w/nwhite01/storage/ocr_20150623/140/njp.32101010942850/606.png"; bbox 0 0 1966 3079; ppageno 0'>
   <div class='ocr_carea' id='block_1_1' title="bbox 50 142 127 169">
    <p class='ocr_par' dir='ltr' id='par_1_1' title="bbox 50 142 127 169">
     <span class='ocr_line' id='line_1_1' title="bbox 50 142 127 169; baseline 0 0"><span class='ocrx_word' id='word_1_1' title='bbox 50 142 127 169; x_wconf 68' lang='grc'>1113</span> 
     </span>
    </p>
   </div>
   <div class='ocr_carea' id='block_1_2' title="bbox 815 139 987 170">
    <p class='ocr_par' dir='ltr' id='par_1_2' title="bbox 815 139 987 170">
     <span class='ocr_line' id='line_1_2' title="bbox 815 139 987 170; baseline 0.012 -2"><span class='ocrx_word' id='word_1_2' title='bbox 815 139 987 170; x_wconf 77' lang='lat' dir='ltr'>ANNALES.</span> 
     </span>
    </p>
   </div>
   <div class='ocr_carea' id='block_1_3' title="bbox 1672 145 1739 172">
    <p class='ocr_par' dir='ltr' id='par_1_3' title="bbox 1672 145 1739 172">
     <span class='ocr_line' id='line_1_3' title="bbox 1672 145 1739 172; baseline 0 0"><span class='ocrx_word' id='word_1_3' title='bbox 1672 145 1739 172; x_wconf 74' lang='grc'><strong>1114</strong></span> 
     </span>
    </p>
   </div>
   <div class='ocr_carea' id='block_1_4' title="bbox 48 199 824 241">
    <p class='ocr_par' dir='ltr' id='par_1_4' title="bbox 48 199 824 238">
     <span class='ocr_line' id='line_1_4' title="bbox 48 199 824 238; baseline -0.001 -9"><span class='ocrx_word' id='word_1_4' title='bbox 48 203 76 229; x_wconf 67' lang='grc' dir='ltr'>δυ</span> <span class='ocrx_word' id='word_1_5' title='bbox 97 204 153 236; x_wconf 82' lang='grc' dir='ltr'>σοὶ,</span> <span class='ocrx_word' id='word_1_6' title='bbox 175 201 217 228; x_wconf 86' lang='grc' dir='ltr'>δεῖ</span> <span class='ocrx_word' id='word_1_7' title='bbox 242 210 270 228; x_wconf 88' lang='grc' dir='ltr'>σε</span> <span class='ocrx_word' id='word_1_8' title='bbox 285 204 321 236; x_wconf 84' lang='grc' dir='ltr'>τῷ</span> <span class='ocrx_word' id='word_1_9' title='bbox 352 199 445 238; x_wconf 77' lang='grc' dir='ltr'><strong>μύδρῳ</strong></span> <span class='ocrx_word' id='word_1_10' title='bbox 466 202 514 231; x_wconf 78' lang='grc' dir='ltr'>τὴν</span> <span class='ocrx_word' id='word_1_11' title='bbox 542 201 664 231; x_wconf 76' lang='grc' dir='ltr'>ἀλήθειαν</span> <span class='ocrx_word' id='word_1_12' title='bbox 687 204 824 238; x_wconf 78' lang='grc' dir='ltr'>παραστήο</span> 
     </span>
    </p>
   </div>
   <div class='ocr_carea' id='block_1_5' title="bbox 961 199 1737 241">
    <p class='ocr_par' dir='ltr' id='par_1_5' title="bbox 961 203 1737 241">
     <span class='ocr_line' id='line_1_5' title="bbox 961 203 1737 241; baseline 0.005 -11"><span class='ocrx_word' id='word_1_13' title='bbox 961 211 1012 231; x_wconf 76' lang='lat' dir='ltr'>res</span> <span class='ocrx_word' id='word_1_14' title='bbox 1026 203 1102 232; x_wconf 88' lang='lat' dir='ltr'>inter</span> <span class='ocrx_word' id='word_1_15' title='bbox 1121 204 1322 240; x_wconf 88' lang='lat' dir='ltr'>pugnandum</span> <span class='ocrx_word' id='word_1_16' title='bbox 1341 205 1572 241; x_wconf 79' lang='lat' dir='ltr'>imperterritum</span> <span class='ocrx_word' id='word_1_17' title='bbox 1584 206 1737 235; x_wconf 81' lang='lat' dir='ltr'>hominem</span> 
     </span>
    </p>
   </div>
   <div class='ocr_carea' id='block_1_6' title="bbox 49 244 861 284">
    <p class='ocr_par' dir='ltr' id='par_1_6' title="bbox 49 244 861 284">
     <span class='ocr_line' id='line_1_6' title="bbox 49 244 861 284; baseline -0.002 -10"><span class='ocrx_word' id='word_1_18' title='bbox 49 249 132 275; x_wconf 81' lang='grc' dir='ltr'>σθαι.</span> <span class='ocrx_word' id='word_1_19' title='bbox 150 257 164 272; x_wconf 72' lang='grc' dir='ltr'>›ι</span> <span class='ocrx_word' id='word_1_20' title='bbox 178 248 228 274; x_wconf 82' lang='grc' dir='ltr'>Καὶ</span> <span class='ocrx_word' id='word_1_21' title='bbox 243 246 269 277; x_wconf 85' lang='grc' dir='ltr'>ὃς</span> <span class='ocrx_word' id='word_1_22' title='bbox 282 245 354 282; x_wconf 71' lang='grc' dir='ltr'>μάλα</span> <span class='ocrx_word' id='word_1_23' title='bbox 376 247 499 281; x_wconf 84' lang='grc' dir='ltr'>γενναίως</span> <span class='ocrx_word' id='word_1_24' title='bbox 526 248 570 272; x_wconf 79' lang='grc' dir='ltr'>χαὶ</span> <span class='ocrx_word' id='word_1_25' title='bbox 601 244 740 284; x_wconf 78' lang='grc' dir='ltr'>ἀνδρικῶς,</span> <span class='ocrx_word' id='word_1_26' title='bbox 768 249 812 273; x_wconf 82' lang='grc' dir='ltr'><strong>χαί</strong></span> <span class='ocrx_word' id='word_1_27' title='bbox 827 249 861 278; x_wconf 77' lang='grc' dir='ltr'>ὡς</span> 
     </span>
    </p>
   </div>
   <div class='ocr_carea' id='block_1_7' title="bbox 48 289 860 328">
    <p class='ocr_par' dir='ltr' id='par_1_7' title="bbox 48 289 860 328">
     <span class='ocr_line' id='line_1_7' title="bbox 48 289 860 328; baseline -0.002 -9"><span class='ocrx_word' id='word_1_28' title='bbox 48 293 85 319; x_wconf 78' lang='grc' dir='ltr'>ἄν</span> <span class='ocrx_word' id='word_1_29' title='bbox 112 302 173 318; x_wconf 84' lang='grc' dir='ltr'>τινα</span> <span class='ocrx_word' id='word_1_30' title='bbox 187 292 212 318; x_wconf 79' lang='grc' dir='ltr'>οἱ</span> <span class='ocrx_word' id='word_1_31' title='bbox 239 293 348 327; x_wconf 77' lang='grc' dir='ltr'>γραφεῖς</span> <span class='ocrx_word' id='word_1_32' title='bbox 374 289 398 316; x_wconf 76' lang='grc' dir='ltr'>ἔν</span> <span class='ocrx_word' id='word_1_33' title='bbox 427 293 504 327; x_wconf 76' lang='grc' dir='ltr'>μάχῃ</span> <span class='ocrx_word' id='word_1_34' title='bbox 525 291 648 328; x_wconf 76' lang='grc' dir='ltr'>ἄτρωτον</span> <span class='ocrx_word' id='word_1_35' title='bbox 673 289 860 327; x_wconf 74' lang='grc' dir='ltr'>διαγράψαιεν,</span> 
     </span>
    </p>
   </div>
   <div class='ocr_carea' id='block_1_8' title="bbox 51 334 862 372">
    <p class='ocr_par' dir='ltr' id='par_1_8' title="bbox 51 334 862 372">
     <span class='ocr_line' id='line_1_8' title="bbox 51 334 862 372; baseline -0.002 -8"><span class='ocrx_word' id='word_1_36' title='bbox 51 349 64 363; x_wconf 71' lang='grc' dir='ltr'>ι</span> <span class='ocrx_word' id='word_1_37' title='bbox 84 337 145 364; x_wconf 76' lang='grc' dir='ltr'>Οὐχ</span> <span class='ocrx_word' id='word_1_38' title='bbox 158 334 209 363; x_wconf 80' lang='grc' dir='ltr'>οἶδ’</span> <span class='ocrx_word' id='word_1_39' title='bbox 229 336 299 366; x_wconf 83' lang='grc' dir='ltr'>ὅπως</span> <span class='ocrx_word' id='word_1_40' title='bbox 313 337 342 361; x_wconf 87' lang='grc' dir='ltr'>τό</span> <span class='ocrx_word' id='word_1_41' title='bbox 355 339 472 362; x_wconf 87' lang='grc' dir='ltr'>τοιοῦτον</span> <span class='ocrx_word' id='word_1_42' title='bbox 491 335 615 364; x_wconf 76' lang='grc' dir='ltr'>κέκληται</span> <span class='ocrx_word' id='word_1_43' title='bbox 630 335 714 372; x_wconf 72' lang='grc' dir='ltr'>ἅγιον,</span> <span class='ocrx_word' id='word_1_44' title='bbox 731 334 751 361; x_wconf 79' lang='grc' dir='ltr'>ὡ</span> <span class='ocrx_word' id='word_1_45' title='bbox 767 334 862 362; x_wconf 79' lang='grc' dir='ltr'>δέσπο-</span> 
     </span>
    </p>
   </div>
   <div class='ocr_carea' id='block_1_9' title="bbox 48 379 861 418">
    <p class='ocr_par' dir='ltr' id='par_1_9' title="bbox 48 379 861 418">
     <span class='ocr_line' id='line_1_9' title="bbox 48 379 861 418; baseline -0.002 -9"><span class='ocrx_word' id='word_1_46' title='bbox 48 392 99 416; x_wconf 83' lang='grc' dir='ltr'>τα,</span> <span class='ocrx_word' id='word_1_47' title='bbox 116 393 132 406; x_wconf 77' lang='lat' dir='ltr'>n</span> <span class='ocrx_word' id='word_1_48' title='bbox 149 382 206 417; x_wconf 73' lang='grc' dir='ltr'>ἔφη.</span> <span class='ocrx_word' id='word_1_49' title='bbox 225 391 236 407; x_wconf 84' lang='grc' dir='ltr'>ε</span> <span class='ocrx_word' id='word_1_50' title='bbox 261 380 331 407; x_wconf 80' lang='grc' dir='ltr'>Ἀλλ’</span> <span class='ocrx_word' id='word_1_51' title='bbox 352 379 401 416; x_wconf 73' lang='grc' dir='ltr'>ἐγὼ</span> <span class='ocrx_word' id='word_1_52' title='bbox 422 381 467 416; x_wconf 68' lang='grc' dir='ltr'>μὲν</span> <span class='ocrx_word' id='word_1_53' title='bbox 500 380 652 418; x_wconf 82' lang='grc' dir='ltr'>ἁμαρτωλός</span> <span class='ocrx_word' id='word_1_54' title='bbox 680 380 734 417; x_wconf 74' lang='grc' dir='ltr'>εἰμι</span> <span class='ocrx_word' id='word_1_55' title='bbox 761 381 861 417; x_wconf 82' lang='grc' dir='ltr'>ἀνθρω-</span> 
     </span>
    </p>
   </div>
   <div class='ocr_carea' id='block_1_10' title="bbox 46 423 863 463">
    <p class='ocr_par' dir='ltr' id='par_1_10' title="bbox 46 423 863 463">
     <span class='ocr_line' id='line_1_10' title="bbox 46 423 863 463; baseline -0.001 -10"><span class='ocrx_word' id='word_1_56' title='bbox 46 437 116 462; x_wconf 82' lang='grc' dir='ltr'>πος,</span> <span class='ocrx_word' id='word_1_57' title='bbox 138 429 182 453; x_wconf 80' lang='grc' dir='ltr'>καὶ</span> <span class='ocrx_word' id='word_1_58' title='bbox 196 429 374 463; x_wconf 82' lang='grc' dir='ltr'>τερατουργεῖν</span> <span class='ocrx_word' id='word_1_59' title='bbox 390 428 499 451; x_wconf 83' lang='grc' dir='ltr'>τοιαῦτα</span> <span class='ocrx_word' id='word_1_60' title='bbox 521 425 551 451; x_wconf 76' lang='grc' dir='ltr'>οὐ</span> <span class='ocrx_word' id='word_1_61' title='bbox 567 424 693 461; x_wconf 75' lang='grc' dir='ltr'>δύναμαι,</span> <span class='ocrx_word' id='word_1_62' title='bbox 725 425 756 452; x_wconf 84' lang='grc' dir='ltr'><strong>Εἰ</strong></span> <span class='ocrx_word' id='word_1_63' title='bbox 772 423 802 452; x_wconf 82' lang='grc' dir='ltr'>δέ</span> <span class='ocrx_word' id='word_1_64' title='bbox 816 435 863 462; x_wconf 93' lang='grc' dir='ltr'>μοι</span> 
     </span>
    </p>
   </div>
   <div class='ocr_carea' id='block_1_11' title="bbox 48 469 861 508">
    <p class='ocr_par' dir='ltr' id='par_1_11' title="bbox 48 469 861 508">
     <span class='ocr_line' id='line_1_11' title="bbox 48 469 861 508; baseline -0.002 -10"><span class='ocrx_word' id='word_1_65' title='bbox 48 470 236 508; x_wconf 75' lang='grc' dir='ltr'>συμϐουλεύῃ,</span> <span class='ocrx_word' id='word_1_66' title='bbox 263 469 457 507; x_wconf 84' lang='grc' dir='ltr'>μητροπολίτης</span> <span class='ocrx_word' id='word_1_67' title='bbox 480 471 513 495; x_wconf 87' lang='grc' dir='ltr'>ὦν</span> <span class='ocrx_word' id='word_1_68' title='bbox 549 472 594 496; x_wconf 78' lang='grc' dir='ltr'>καὶ</span> <span class='ocrx_word' id='word_1_69' title='bbox 621 473 688 497; x_wconf 77' lang='grc' dir='ltr'>Θεοῦ</span> <span class='ocrx_word' id='word_1_70' title='bbox 715 471 861 506; x_wconf 73' lang='grc' dir='ltr'>ἄνθρωπος,</span> 
     </span>
    </p>
   </div>
   <div class='ocr_carea' id='block_1_12' title="bbox 46 512 862 552">
    <p class='ocr_par' dir='ltr' id='par_1_12' title="bbox 46 512 862 552">
     <span class='ocr_line' id='line_1_12' title="bbox 46 512 862 552; baseline -0.004 -9"><span class='ocrx_word' id='word_1_71' title='bbox 46 519 133 543; x_wconf 80' lang='grc' dir='ltr'>τουτὶ</span> <span class='ocrx_word' id='word_1_72' title='bbox 161 513 369 552; x_wconf 75' lang='grc' dir='ltr'>διαπράξασθαι,</span> <span class='ocrx_word' id='word_1_73' title='bbox 395 512 504 540; x_wconf 76' lang='grc' dir='ltr'>ἔνδυσαι</span> <span class='ocrx_word' id='word_1_74' title='bbox 530 515 575 550; x_wconf 62' lang='grc' dir='ltr'>μὲν</span> <span class='ocrx_word' id='word_1_75' title='bbox 617 514 695 545; x_wconf 79' lang='grc' dir='ltr'>αὐτὸς</span> <span class='ocrx_word' id='word_1_76' title='bbox 718 517 763 544; x_wconf 79' lang='grc' dir='ltr'>τὴν</span> <span class='ocrx_word' id='word_1_77' title='bbox 794 515 862 551; x_wconf 77' lang='grc' dir='ltr'>ἱεράν</span> 
     </span>
    </p>
   </div>
   <div class='ocr_carea' id='block_1_13' title="bbox 49 558 862 597">
    <p class='ocr_par' dir='ltr' id='par_1_13' title="bbox 49 558 862 597">
     <span class='ocr_line' id='line_1_13' title="bbox 49 558 862 597; baseline -0.004 -9"><span class='ocrx_word' id='word_1_78' title='bbox 49 571 106 588; x_wconf 85' lang='grc' dir='ltr'>σου</span> <span class='ocrx_word' id='word_1_79' title='bbox 120 563 209 587; x_wconf 83' lang='grc' dir='ltr'>πᾶσαν</span> <span class='ocrx_word' id='word_1_80' title='bbox 225 559 329 592; x_wconf 77' lang='grc' dir='ltr'>στολὴν,</span> <span class='ocrx_word' id='word_1_81' title='bbox 350 559 435 589; x_wconf 71' lang='grc' dir='ltr'>καθὼς</span> <span class='ocrx_word' id='word_1_82' title='bbox 463 560 553 589; x_wconf 86' lang='grc' dir='ltr'>εῖωθας</span> <span class='ocrx_word' id='word_1_83' title='bbox 585 558 610 585; x_wconf 73' lang='grc' dir='ltr'>ἂν</span> <span class='ocrx_word' id='word_1_84' title='bbox 638 563 674 594; x_wconf 82' lang='grc' dir='ltr'>τῷ</span> <span class='ocrx_word' id='word_1_85' title='bbox 697 559 758 595; x_wconf 79' lang='grc' dir='ltr'>θείῳ</span> <span class='ocrx_word' id='word_1_86' title='bbox 781 559 862 597; x_wconf 76' lang='grc' dir='ltr'>εὶσίρ-</span> 
     </span>
    </p>
   </div>
   <div class='ocr_carea' id='block_1_14' title="bbox 48 601 862 642">
    <p class='ocr_par' dir='ltr' id='par_1_14' title="bbox 48 601 862 642">
     <span class='ocr_line' id='line_1_14' title="bbox 48 601 862 642; baseline -0.002 -10"><span class='ocrx_word' id='word_1_87' title='bbox 48 606 160 642; x_wconf 82' lang='grc' dir='ltr'>χεσθαι</span> <span class='ocrx_word' id='word_1_88' title='bbox 180 604 282 641; x_wconf 77' lang='grc' dir='ltr'>βήματι</span> <span class='ocrx_word' id='word_1_89' title='bbox 299 606 344 630; x_wconf 71' lang='grc' dir='ltr'>καὶ</span> <span class='ocrx_word' id='word_1_90' title='bbox 365 603 532 639; x_wconf 75' lang='grc' dir='ltr'>ἐντυγχάνειν</span> <span class='ocrx_word' id='word_1_91' title='bbox 550 607 629 638; x_wconf 73' lang='grc' dir='ltr'>Θεῷ,</span> <span class='ocrx_word' id='word_1_92' title='bbox 659 601 715 630; x_wconf 83' lang='grc' dir='ltr'>εἶτα</span> <span class='ocrx_word' id='word_1_93' title='bbox 742 601 776 633; x_wconf 79' lang='grc' dir='ltr'>δὴ</span> <span class='ocrx_word' id='word_1_94' title='bbox 805 603 862 636; x_wconf 78' lang='grc' dir='ltr'>ταῖς</span> 
     </span>
    </p>
   </div>
   <div class='ocr_carea' id='block_1_15' title="bbox 52 646 862 687">
    <p class='ocr_par' dir='ltr' id='par_1_15' title="bbox 52 646 862 687">
     <span class='ocr_line' id='line_1_15' title="bbox 52 646 862 687; baseline -0.005 -9"><span class='ocrx_word' id='word_1_95' title='bbox 52 654 122 682; x_wconf 86' lang='grc' dir='ltr'>σαῖς</span> <span class='ocrx_word' id='word_1_96' title='bbox 148 651 243 687; x_wconf 82' lang='grc' dir='ltr'>χερσὶν</span> <span class='ocrx_word' id='word_1_97' title='bbox 267 648 416 686; x_wconf 76' lang='grc' dir='ltr'>ὶκπύρωσόν</span> <span class='ocrx_word' id='word_1_98' title='bbox 443 657 489 685; x_wconf 90' lang='grc' dir='ltr'>μοι</span> <span class='ocrx_word' id='word_1_99' title='bbox 515 649 558 674; x_wconf 88' lang='grc' dir='ltr'>τὸν</span> <span class='ocrx_word' id='word_1_100' title='bbox 589 646 711 684; x_wconf 79' lang='grc' dir='ltr'>σίδηρον,</span> <span class='ocrx_word' id='word_1_101' title='bbox 740 648 782 679; x_wconf 81' lang='grc' dir='ltr'>αἷς</span> <span class='ocrx_word' id='word_1_102' title='bbox 816 652 862 674; x_wconf 83' lang='grc' dir='ltr'>τοῦ</span> 
     </span>
    </p>
   </div>
   <div class='ocr_carea' id='block_1_16' title="bbox 51 693 861 730">
    <p class='ocr_par' dir='ltr' id='par_1_16' title="bbox 51 693 861 730">
     <span class='ocr_line' id='line_1_16' title="bbox 51 693 861 730; baseline -0.005 -8"><span class='ocrx_word' id='word_1_103' title='bbox 51 697 131 722; x_wconf 85' lang='grc' dir='ltr'>Θείου</span> <span class='ocrx_word' id='word_1_104' title='bbox 160 693 259 730; x_wconf 66' lang='grc' dir='ltr'>ὶφάπτῃ</span> <span class='ocrx_word' id='word_1_105' title='bbox 290 694 414 729; x_wconf 80' lang='grc' dir='ltr'>θύματος,</span> <span class='ocrx_word' id='word_1_106' title='bbox 450 695 496 719; x_wconf 87' lang='grc' dir='ltr'>τοῦ</span> <span class='ocrx_word' id='word_1_107' title='bbox 533 695 656 729; x_wconf 78' lang='grc' dir='ltr'>σώματος</span> <span class='ocrx_word' id='word_1_108' title='bbox 684 696 730 719; x_wconf 85' lang='grc' dir='ltr'>τοῦ</span> <span class='ocrx_word' id='word_1_109' title='bbox 764 695 861 730; x_wconf 80' lang='grc' dir='ltr'>Κυρίου</span> 
     </span>
    </p>
   </div>
   <div class='ocr_carea' id='block_1_17' title="bbox 46 737 860 776">
    <p class='ocr_par' dir='ltr' id='par_1_17' title="bbox 46 737 860 776">
     <span class='ocr_line' id='line_1_17' title="bbox 46 737 860 776; baseline -0.004 -10"><span class='ocrx_word' id='word_1_110' title='bbox 46 741 131 776; x_wconf 82' lang='grc' dir='ltr'>ἡμῶν</span> <span class='ocrx_word' id='word_1_111' title='bbox 147 739 237 768; x_wconf 82' lang='grc' dir='ltr'>Ἰησοῦ</span> <span class='ocrx_word' id='word_1_112' title='bbox 262 741 385 774; x_wconf 77' lang='grc' dir='ltr'>Χριστσῦ</span> <span class='ocrx_word' id='word_1_113' title='bbox 409 741 455 763; x_wconf 82' lang='grc' dir='ltr'>τοῦ</span> <span class='ocrx_word' id='word_1_114' title='bbox 493 737 556 774; x_wconf 64' lang='grc' dir='ltr'>ὑπερ</span> <span class='ocrx_word' id='word_1_115' title='bbox 584 739 681 768; x_wconf 86' lang='grc' dir='ltr'>παντὸς</span> <span class='ocrx_word' id='word_1_116' title='bbox 703 741 746 763; x_wconf 81' lang='grc' dir='ltr'>τοῦ</span> <span class='ocrx_word' id='word_1_117' title='bbox 760 739 860 773; x_wconf 77' lang='grc' dir='ltr'>κόσμου</span> 
     </span>
    </p>
   </div>
   <div class='ocr_carea' id='block_1_18' title="bbox 46 781 860 821">
    <p class='ocr_par' dir='ltr' id='par_1_18' title="bbox 46 781 860 821">
     <span class='ocr_line' id='line_1_18' title="bbox 46 781 860 821; baseline -0.004 -10"><span class='ocrx_word' id='word_1_118' title='bbox 46 785 196 821; x_wconf 71' lang='grc' dir='ltr'>τεθυμένον</span> <span class='ocrx_word' id='word_1_119' title='bbox 215 782 260 809; x_wconf 73' lang='grc' dir='ltr'>καὶ</span> <span class='ocrx_word' id='word_1_120' title='bbox 295 781 335 809; x_wconf 79' lang='grc' dir='ltr'>ἀεὶ</span> <span class='ocrx_word' id='word_1_121' title='bbox 360 783 483 818; x_wconf 75' lang='grc' dir='ltr'>θυομένου</span> <span class='ocrx_word' id='word_1_122' title='bbox 511 782 575 819; x_wconf 87' lang='grc' dir='ltr'>παρ’</span> <span class='ocrx_word' id='word_1_123' title='bbox 600 783 670 818; x_wconf 83' lang='grc' dir='ltr'>ὑμῶν</span> <span class='ocrx_word' id='word_1_124' title='bbox 697 786 746 808; x_wconf 85' lang='grc' dir='ltr'>τῶν</span> <span class='ocrx_word' id='word_1_125' title='bbox 777 782 860 818; x_wconf 78' lang='grc' dir='ltr'>ἱερέων</span> 
     </span>
    </p>
   </div>
   <div class='ocr_carea' id='block_1_19' title="bbox 46 825 860 865">
    <p class='ocr_par' dir='ltr' id='par_1_19' title="bbox 46 825 860 865">
     <span class='ocr_line' id='line_1_19' title="bbox 46 825 860 865; baseline -0.006 -9"><span class='ocrx_word' id='word_1_126' title='bbox 46 839 77 856; x_wconf 84' lang='grc' dir='ltr'>τε</span> <span class='ocrx_word' id='word_1_127' title='bbox 115 831 162 855; x_wconf 77' lang='grc' dir='ltr'>καὶ</span> <span class='ocrx_word' id='word_1_128' title='bbox 187 829 326 865; x_wconf 79' lang='grc' dir='ltr'>ἱεραρχῶν,</span> <span class='ocrx_word' id='word_1_129' title='bbox 355 829 400 853; x_wconf 74' lang='grc' dir='ltr'>καὶ</span> <span class='ocrx_word' id='word_1_130' title='bbox 425 828 534 855; x_wconf 77' lang='grc' dir='ltr'>ταύταις</span> <span class='ocrx_word' id='word_1_131' title='bbox 557 825 591 856; x_wconf 85' lang='grc' dir='ltr'>δὴ</span> <span class='ocrx_word' id='word_1_132' title='bbox 618 830 676 858; x_wconf 86' lang='grc' dir='ltr'>ταῖς</span> <span class='ocrx_word' id='word_1_133' title='bbox 705 828 784 864; x_wconf 82' lang='grc' dir='ltr'>ἱεραῖς</span> <span class='ocrx_word' id='word_1_134' title='bbox 813 836 860 853; x_wconf 82' lang='grc' dir='ltr'>σου</span> 
     </span>
    </p>
   </div>
   <div class='ocr_carea' id='block_1_20' title="bbox 44 869 860 911">
    <p class='ocr_par' dir='ltr' id='par_1_20' title="bbox 44 869 860 911">
     <span class='ocr_line' id='line_1_20' title="bbox 44 869 860 911; baseline -0.004 -11"><span class='ocrx_word' id='word_1_135' title='bbox 44 876 149 911; x_wconf 84' lang='grc' dir='ltr'>χερσὶν</span> <span class='ocrx_word' id='word_1_136' title='bbox 164 872 247 903; x_wconf 71' lang='grc' dir='ltr'>ἐπίθες</span> <span class='ocrx_word' id='word_1_137' title='bbox 257 876 288 908; x_wconf 78' lang='grc' dir='ltr'>τῇ</span> <span class='ocrx_word' id='word_1_138' title='bbox 317 874 389 908; x_wconf 77' lang='grc' dir='ltr'>χειρί</span> <span class='ocrx_word' id='word_1_139' title='bbox 404 880 454 906; x_wconf 84' lang='grc' dir='ltr'>μου</span> <span class='ocrx_word' id='word_1_140' title='bbox 475 873 518 897; x_wconf 91' lang='grc' dir='ltr'>τὸν</span> <span class='ocrx_word' id='word_1_141' title='bbox 547 869 668 908; x_wconf 81' lang='grc' dir='ltr'>σίδηρον,</span> <span class='ocrx_word' id='word_1_142' title='bbox 695 874 740 898; x_wconf 80' lang='grc' dir='ltr'>καὶ</span> <span class='ocrx_word' id='word_1_143' title='bbox 765 870 860 908; x_wconf 79' lang='grc' dir='ltr'>ταθάῤ·</span> 
     </span>
    </p>
   </div>
   <div class='ocr_carea' id='block_1_21' title="bbox 44 916 860 956">
    <p class='ocr_par' dir='ltr' id='par_1_21' title="bbox 44 916 860 956">
     <span class='ocr_line' id='line_1_21' title="bbox 44 916 860 956; baseline -0.004 -11"><span class='ocrx_word' id='word_1_144' title='bbox 44 920 123 956; x_wconf 79' lang='grc' dir='ltr'>ῥηκα</span> <span class='ocrx_word' id='word_1_145' title='bbox 134 917 169 949; x_wconf 73' lang='grc' dir='ltr'>εἰς</span> <span class='ocrx_word' id='word_1_146' title='bbox 184 919 227 944; x_wconf 85' lang='grc' dir='ltr'>τόν</span> <span class='ocrx_word' id='word_1_147' title='bbox 256 919 389 945; x_wconf 70' lang='grc' dir='ltr'>Δια-πότην</span> <span class='ocrx_word' id='word_1_148' title='bbox 416 917 532 953; x_wconf 78' lang='grc' dir='ltr'>Χριστὸν</span> <span class='ocrx_word' id='word_1_149' title='bbox 554 917 589 946; x_wconf 82' lang='grc' dir='ltr'>ὡς</span> <span class='ocrx_word' id='word_1_150' title='bbox 617 920 704 943; x_wconf 82' lang='grc' dir='ltr'>πᾶσαν</span> <span class='ocrx_word' id='word_1_151' title='bbox 726 917 771 952; x_wconf 69' lang='grc' dir='ltr'>μὶν</span> <span class='ocrx_word' id='word_1_152' title='bbox 788 916 860 946; x_wconf 80' lang='grc' dir='ltr'>οὗτος</span> 
     </span>
    </p>
   </div>
   <div class='ocr_carea' id='block_1_22' title="bbox 47 959 860 1000">
    <p class='ocr_par' dir='ltr' id='par_1_22' title="bbox 47 959 860 1000">
     <span class='ocr_line' id='line_1_22' title="bbox 47 959 860 1000; baseline -0.004 -10"><span class='ocrx_word' id='word_1_153' title='bbox 47 964 183 1000; x_wconf 77' lang='grc' dir='ltr'>ἁμαρτίαν</span> <span class='ocrx_word' id='word_1_154' title='bbox 198 972 248 998; x_wconf 86' lang='grc' dir='ltr'><strong>μου</strong></span> <span class='ocrx_word' id='word_1_155' title='bbox 275 971 464 999; x_wconf 76' lang='grc' dir='ltr'>παρορασεται,</span> <span class='ocrx_word' id='word_1_156' title='bbox 478 972 510 996; x_wconf 28' lang='grc' dir='ltr'>ιηι</span> <span class='ocrx_word' id='word_1_157' title='bbox 569 963 732 998; x_wconf 81' lang='grc' dir='ltr'>ατουργήσει</span> <span class='ocrx_word' id='word_1_158' title='bbox 756 959 786 987; x_wconf 63' lang='grc' dir='ltr'>δὲ</span> <span class='ocrx_word' id='word_1_159' title='bbox 813 961 860 990; x_wconf 70' lang='grc' dir='ltr'>τὴν</span> 
     </span>
    </p>
   </div>
   <div class='ocr_carea' id='block_1_23' title="bbox 47 1005 861 1043">
    <p class='ocr_par' dir='ltr' id='par_1_23' title="bbox 47 1005 861 1043">
     <span class='ocr_line' id='line_1_23' title="bbox 47 1005 861 1043; baseline -0.004 -9"><span class='ocrx_word' id='word_1_160' title='bbox 47 1008 100 1037; x_wconf 75' lang='grc' dir='ltr'>ὀιλή</span> <span class='ocrx_word' id='word_1_161' title='bbox 131 1017 194 1034; x_wconf 84' lang='grc' dir='ltr'>ειαν.</span> <span class='ocrx_word' id='word_1_162' title='bbox 226 1018 239 1032; x_wconf 81' lang='lat' dir='ltr'>n</span> <span class='ocrx_word' id='word_1_163' title='bbox 266 1008 317 1032; x_wconf 81' lang='grc' dir='ltr'>Καὶ</span> <span class='ocrx_word' id='word_1_164' title='bbox 347 1007 359 1031; x_wconf 94' lang='grc' dir='ltr'>ό</span> <span class='ocrx_word' id='word_1_165' title='bbox 386 1007 432 1042; x_wconf 66' lang='grc' dir='ltr'>μὲν</span> <span class='ocrx_word' id='word_1_166' title='bbox 460 1007 594 1043; x_wconf 75' lang='grc' dir='ltr'>Κομνηνὸς</span> <span class='ocrx_word' id='word_1_167' title='bbox 629 1005 741 1041; x_wconf 77' lang='grc' dir='ltr'>Μιχαὴλ</span> <span class='ocrx_word' id='word_1_168' title='bbox 781 1006 861 1035; x_wconf 80' lang='grc' dir='ltr'>οὕτως</span> 
     </span>
    </p>
   </div>
   <div class='ocr_carea' id='block_1_24' title="bbox 47 1049 859 1090">
    <p class='ocr_par' dir='ltr' id='par_1_24' title="bbox 47 1049 859 1090">
     <span class='ocr_line' id='line_1_24' title="bbox 47 1049 859 1090; baseline -0.005 -11"><span class='ocrx_word' id='word_1_169' title='bbox 47 1055 154 1090; x_wconf 78' lang='grc' dir='ltr'>εἴρηκεν</span> <span class='ocrx_word' id='word_1_170' title='bbox 165 1062 171 1069; x_wconf 87' lang='grc'><strong>·</strong></span> <span class='ocrx_word' id='word_1_171' title='bbox 187 1052 201 1077; x_wconf 89' lang='grc' dir='ltr'><strong>ὀ</strong></span> <span class='ocrx_word' id='word_1_172' title='bbox 217 1049 247 1078; x_wconf 64' lang='grc' dir='ltr'>δε</span> <span class='ocrx_word' id='word_1_173' title='bbox 261 1050 464 1087; x_wconf 69' lang='grc' dir='ltr'>μητροπολίτης,</span> <span class='ocrx_word' id='word_1_174' title='bbox 478 1061 492 1075; x_wconf 86' lang='grc'><strong>‹‹</strong></span> <span class='ocrx_word' id='word_1_175' title='bbox 519 1050 554 1077; x_wconf 82' lang='grc' dir='ltr'>Ὢ</span> <span class='ocrx_word' id='word_1_176' title='bbox 577 1049 638 1076; x_wconf 65' lang='grc' dir='ltr'>καλε</span> <span class='ocrx_word' id='word_1_177' title='bbox 658 1053 756 1083; x_wconf 79' lang='grc' dir='ltr'>νεανία,</span> <span class='ocrx_word' id='word_1_178' title='bbox 775 1061 788 1075; x_wconf 82' lang='lat' dir='ltr'>n</span> <span class='ocrx_word' id='word_1_179' title='bbox 802 1051 859 1086; x_wconf 75' lang='grc' dir='ltr'>ἔφη,</span> 
     </span>
    </p>
   </div>
   <div class='ocr_carea' id='block_1_25' title="bbox 49 1094 861 1133">
    <p class='ocr_par' dir='ltr' id='par_1_25' title="bbox 49 1094 861 1133">
     <span class='ocr_line' id='line_1_25' title="bbox 49 1094 861 1133; baseline -0.005 -9"><span class='ocrx_word' id='word_1_180' title='bbox 49 1110 65 1124; x_wconf 82' lang='grc' dir='ltr'>ε(</span> <span class='ocrx_word' id='word_1_181' title='bbox 88 1101 169 1124; x_wconf 84' lang='grc' dir='ltr'>τοῦτο</span> <span class='ocrx_word' id='word_1_182' title='bbox 184 1096 232 1123; x_wconf 72' lang='grc' dir='ltr'>οὐκ</span> <span class='ocrx_word' id='word_1_183' title='bbox 253 1097 310 1122; x_wconf 80' lang='grc' dir='ltr'>ἔστι</span> <span class='ocrx_word' id='word_1_184' title='bbox 339 1099 387 1127; x_wconf 85' lang='grc' dir='ltr'>τῆς</span> <span class='ocrx_word' id='word_1_185' title='bbox 410 1097 537 1133; x_wconf 81' lang='grc' dir='ltr'>ἡμετέρας</span> <span class='ocrx_word' id='word_1_186' title='bbox 567 1097 611 1121; x_wconf 84' lang='grc' dir='ltr'>καὶ</span> <span class='ocrx_word' id='word_1_187' title='bbox 639 1094 791 1131; x_wconf 79' lang='grc' dir='ltr'>Ῥωμαῖκῶς</span> <span class='ocrx_word' id='word_1_188' title='bbox 815 1104 861 1121; x_wconf 81' lang='grc' dir='ltr'>κα-</span> 
     </span>
    </p>
   </div>
   <div class='ocr_carea' id='block_1_26' title="bbox 49 1137 860 1176">
    <p class='ocr_par' dir='ltr' id='par_1_26' title="bbox 49 1137 860 1176">
     <span class='ocr_line' id='line_1_26' title="bbox 49 1137 860 1176; baseline -0.005 -7"><span class='ocrx_word' id='word_1_189' title='bbox 49 1143 218 1172; x_wconf 75' lang='grc' dir='ltr'>ταστάσεως,</span> <span class='ocrx_word' id='word_1_190' title='bbox 245 1140 299 1166; x_wconf 77' lang='grc' dir='ltr'>ἀλλ’</span> <span class='ocrx_word' id='word_1_191' title='bbox 324 1141 382 1166; x_wconf 83' lang='grc' dir='ltr'>οὗτε</span> <span class='ocrx_word' id='word_1_192' title='bbox 405 1144 453 1171; x_wconf 83' lang='grc' dir='ltr'>τῆς</span> <span class='ocrx_word' id='word_1_193' title='bbox 490 1139 710 1169; x_wconf 80' lang='grc' dir='ltr'>ὲκκλησιαστικῆς</span> <span class='ocrx_word' id='word_1_194' title='bbox 743 1137 860 1176; x_wconf 83' lang='grc' dir='ltr'>παραδό-</span> 
     </span>
    </p>
   </div>
   <div class='ocr_carea' id='block_1_27' title="bbox 54 1182 861 1222">
    <p class='ocr_par' dir='ltr' id='par_1_27' title="bbox 54 1182 861 1222">
     <span class='ocr_line' id='line_1_27' title="bbox 54 1182 861 1222; baseline -0.004 -9"><span class='ocrx_word' id='word_1_195' title='bbox 54 1197 134 1220; x_wconf 77' lang='grc' dir='ltr'>σεως,</span> <span class='ocrx_word' id='word_1_196' title='bbox 165 1187 223 1212; x_wconf 83' lang='grc' dir='ltr'>οὒτε</span> <span class='ocrx_word' id='word_1_197' title='bbox 237 1187 288 1222; x_wconf 83' lang='grc' dir='ltr'>μὴν</span> <span class='ocrx_word' id='word_1_198' title='bbox 315 1194 342 1211; x_wconf 81' lang='grc' dir='ltr'>εκ</span> <span class='ocrx_word' id='word_1_199' title='bbox 365 1189 415 1211; x_wconf 88' lang='grc' dir='ltr'>τῶν</span> <span class='ocrx_word' id='word_1_200' title='bbox 444 1194 526 1221; x_wconf 85' lang='grc' dir='ltr'>νομων</span> <span class='ocrx_word' id='word_1_201' title='bbox 550 1186 608 1211; x_wconf 78' lang='grc' dir='ltr'>οὔτε</span> <span class='ocrx_word' id='word_1_202' title='bbox 632 1182 665 1213; x_wconf 79' lang='grc' dir='ltr'>δὴ</span> <span class='ocrx_word' id='word_1_203' title='bbox 694 1186 818 1221; x_wconf 83' lang='grc' dir='ltr'>πρότερον</span> <span class='ocrx_word' id='word_1_204' title='bbox 833 1183 861 1210; x_wconf 74' lang='grc' dir='ltr'><em>ἐκ</em></span> 
     </span>
    </p>
   </div>
   <div class='ocr_carea' id='block_1_28' title="bbox 51 1227 861 1266">
    <p class='ocr_par' dir='ltr' id='par_1_28' title="bbox 51 1227 861 1266">
     <span class='ocr_line' id='line_1_28' title="bbox 51 1227 861 1266; baseline -0.005 -9"><span class='ocrx_word' id='word_1_205' title='bbox 51 1235 105 1257; x_wconf 77' lang='grc' dir='ltr'>τῶν</span> <span class='ocrx_word' id='word_1_206' title='bbox 136 1231 210 1266; x_wconf 81' lang='grc' dir='ltr'>ἱερῶν</span> <span class='ocrx_word' id='word_1_207' title='bbox 237 1231 281 1255; x_wconf 76' lang='grc' dir='ltr'>καὶ</span> <span class='ocrx_word' id='word_1_208' title='bbox 310 1229 382 1255; x_wconf 78' lang='grc' dir='ltr'>θείων</span> <span class='ocrx_word' id='word_1_209' title='bbox 409 1230 521 1255; x_wconf 77' lang='grc' dir='ltr'>κανόνων</span> <span class='ocrx_word' id='word_1_210' title='bbox 550 1227 735 1264; x_wconf 81' lang='grc' dir='ltr'>παρείληπται.</span> <span class='ocrx_word' id='word_1_211' title='bbox 761 1227 861 1265; x_wconf 74' lang='grc' dir='ltr'>Βαρϐα-</span> 
     </span>
    </p>
   </div>
   <div class='ocr_carea' id='block_1_29' title="bbox 52 1270 861 1312">
    <p class='ocr_par' dir='ltr' id='par_1_29' title="bbox 52 1270 861 1312">
     <span class='ocr_line' id='line_1_29' title="bbox 52 1270 861 1312; baseline -0.004 -11"><span class='ocrx_word' id='word_1_212' title='bbox 52 1276 128 1312; x_wconf 73' lang='grc' dir='ltr'>ριαός</span> <span class='ocrx_word' id='word_1_213' title='bbox 144 1272 174 1301; x_wconf 73' lang='grc' dir='ltr'>δε</span> <span class='ocrx_word' id='word_1_214' title='bbox 195 1275 208 1300; x_wconf 88' lang='grc' dir='ltr'>ό</span> <span class='ocrx_word' id='word_1_215' title='bbox 230 1275 325 1311; x_wconf 81' lang='grc' dir='ltr'>τρόπος</span> <span class='ocrx_word' id='word_1_216' title='bbox 354 1275 398 1299; x_wconf 80' lang='grc' dir='ltr'>καὶ</span> <span class='ocrx_word' id='word_1_217' title='bbox 420 1272 505 1308; x_wconf 84' lang='grc' dir='ltr'>ἀγνὼς</span> <span class='ocrx_word' id='word_1_218' title='bbox 533 1272 557 1298; x_wconf 80' lang='grc' dir='ltr'>ἐν</span> <span class='ocrx_word' id='word_1_219' title='bbox 572 1273 645 1308; x_wconf 83' lang='grc' dir='ltr'>ἡμῖν,</span> <span class='ocrx_word' id='word_1_220' title='bbox 672 1276 809 1309; x_wconf 83' lang='grc' dir='ltr'>προσταγῇ</span> <span class='ocrx_word' id='word_1_221' title='bbox 832 1270 861 1298; x_wconf 69' lang='grc' dir='ltr'>δι</span> 
     </span>
    </p>
   </div>
   <div class='ocr_carea' id='block_1_30' title="bbox 53 1317 861 1357">
    <p class='ocr_par' dir='ltr' id='par_1_30' title="bbox 53 1317 861 1357">
     <span class='ocr_line' id='line_1_30' title="bbox 53 1317 861 1357; baseline -0.005 -11"><span class='ocrx_word' id='word_1_222' title='bbox 53 1322 132 1357; x_wconf 64' lang='grc' dir='ltr'>μόνον</span> <span class='ocrx_word' id='word_1_223' title='bbox 156 1318 295 1356; x_wconf 68' lang='grc' dir='ltr'>ἐνεργεῖται</span> <span class='ocrx_word' id='word_1_224' title='bbox 318 1317 457 1355; x_wconf 78' lang='grc' dir='ltr'>βασιλικῇ.</span> <span class='ocrx_word' id='word_1_225' title='bbox 475 1329 489 1343; x_wconf 90' lang='grc'><strong>››</strong></span> <span class='ocrx_word' id='word_1_226' title='bbox 510 1320 561 1344; x_wconf 78' lang='grc' dir='ltr'>Καὶ</span> <span class='ocrx_word' id='word_1_227' title='bbox 593 1318 630 1351; x_wconf 76' lang='grc' dir='ltr'>ὃς,</span> <span class='ocrx_word' id='word_1_228' title='bbox 657 1328 671 1342; x_wconf 77' lang='grc' dir='ltr'>ι(</span> <span class='ocrx_word' id='word_1_229' title='bbox 687 1317 722 1347; x_wconf 78' lang='grc' dir='ltr'>Ὦ</span> <span class='ocrx_word' id='word_1_230' title='bbox 754 1319 861 1353; x_wconf 76' lang='grc' dir='ltr'>μέγιστε</span> 
     </span>
    </p>
   </div>
   <div class='ocr_carea' id='block_1_31' title="bbox 55 1361 862 1402">
    <p class='ocr_par' dir='ltr' id='par_1_31' title="bbox 55 1361 862 1402">
     <span class='ocr_line' id='line_1_31' title="bbox 55 1361 862 1402; baseline -0.006 -11"><span class='ocrx_word' id='word_1_231' title='bbox 55 1365 172 1402; x_wconf 72' lang='grc' dir='ltr'>ἱεροίρχα</span> <span class='ocrx_word' id='word_1_232' title='bbox 198 1367 275 1397; x_wconf 78' lang='grc' dir='ltr'>Θεοῦ,</span> <span class='ocrx_word' id='word_1_233' title='bbox 292 1363 377 1399; x_wconf 77' lang='grc' dir='ltr'>εἰμέν</span> <span class='ocrx_word' id='word_1_234' title='bbox 397 1365 442 1388; x_wconf 77' lang='grc' dir='ltr'>καὶ</span> <span class='ocrx_word' id='word_1_235' title='bbox 470 1362 550 1393; x_wconf 74' lang='grc' dir='ltr'>αὐτὸς</span> <span class='ocrx_word' id='word_1_236' title='bbox 573 1361 600 1388; x_wconf 69' lang='grc' dir='ltr'>ἐκ</span> <span class='ocrx_word' id='word_1_237' title='bbox 627 1361 767 1399; x_wconf 83' lang='grc' dir='ltr'>βαρϐάρων</span> <span class='ocrx_word' id='word_1_238' title='bbox 790 1364 862 1397; x_wconf 73' lang='grc' dir='ltr'>γεγά-</span> 
     </span>
    </p>
   </div>
   <div class='ocr_carea' id='block_1_32' title="bbox 52 1405 862 1445">
    <p class='ocr_par' dir='ltr' id='par_1_32' title="bbox 52 1405 862 1445">
     <span class='ocr_line' id='line_1_32' title="bbox 52 1405 862 1445; baseline -0.004 -10"><span class='ocrx_word' id='word_1_239' title='bbox 52 1419 137 1445; x_wconf 85' lang='grc' dir='ltr'>νημοιι</span> <span class='ocrx_word' id='word_1_240' title='bbox 167 1410 213 1434; x_wconf 82' lang='grc' dir='ltr'>καὶ</span> <span class='ocrx_word' id='word_1_241' title='bbox 237 1407 409 1445; x_wconf 79' lang='grc' dir='ltr'>βαρϐαρικοῖς</span> <span class='ocrx_word' id='word_1_242' title='bbox 442 1411 497 1439; x_wconf 90' lang='grc' dir='ltr'>τοῖς</span> <span class='ocrx_word' id='word_1_243' title='bbox 533 1408 624 1437; x_wconf 78' lang='grc' dir='ltr'>ἤθεσιν</span> <span class='ocrx_word' id='word_1_244' title='bbox 665 1405 862 1444; x_wconf 72' lang='grc' dir='ltr'>ἆνατέθραμμαι</span> 
     </span>
    </p>
   </div>
   <div class='ocr_carea' id='block_1_33' title="bbox 52 1450 863 1490">
    <p class='ocr_par' dir='ltr' id='par_1_33' title="bbox 52 1450 863 1490">
     <span class='ocr_line' id='line_1_33' title="bbox 52 1450 863 1490; baseline -0.005 -10"><span class='ocrx_word' id='word_1_245' title='bbox 52 1455 68 1484; x_wconf 82' lang='grc' dir='ltr'>ἡ</span> <span class='ocrx_word' id='word_1_246' title='bbox 96 1457 143 1480; x_wconf 76' lang='grc' dir='ltr'>καὶ</span> <span class='ocrx_word' id='word_1_247' title='bbox 168 1455 256 1490; x_wconf 83' lang='grc' dir='ltr'>νόμοις</span> <span class='ocrx_word' id='word_1_248' title='bbox 283 1455 414 1479; x_wconf 86' lang='grc' dir='ltr'>τουτοισὶν</span> <span class='ocrx_word' id='word_1_249' title='bbox 443 1450 660 1488; x_wconf 72' lang='grc' dir='ltr'>ἕκπεπαίδεομαι,</span> <span class='ocrx_word' id='word_1_250' title='bbox 691 1453 736 1477; x_wconf 78' lang='grc' dir='ltr'>καὶ</span> <span class='ocrx_word' id='word_1_251' title='bbox 763 1450 863 1488; x_wconf 77' lang='grc' dir='ltr'>βαρϐα-</span> 
     </span>
    </p>
   </div>
   <div class='ocr_carea' id='block_1_34' title="bbox 54 1495 861 1536">
    <p class='ocr_par' dir='ltr' id='par_1_34' title="bbox 54 1495 861 1536">
     <span class='ocr_line' id='line_1_34' title="bbox 54 1495 861 1536; baseline -0.006 -11"><span class='ocrx_word' id='word_1_252' title='bbox 54 1503 135 1536; x_wconf 75' lang='grc' dir='ltr'>ρικῶς</span> <span class='ocrx_word' id='word_1_253' title='bbox 150 1498 305 1534; x_wconf 71' lang='grc' dir='ltr'>ἄχτισαίμην</span> <span class='ocrx_word' id='word_1_254' title='bbox 334 1499 381 1526; x_wconf 85' lang='grc' dir='ltr'>τὴν</span> <span class='ocrx_word' id='word_1_255' title='bbox 406 1495 485 1526; x_wconf 74' lang='grc' dir='ltr'>δὶιην</span> <span class='ocrx_word' id='word_1_256' title='bbox 510 1506 571 1533; x_wconf 85' lang='grc' dir='ltr'><strong>μου.</strong></span> <span class='ocrx_word' id='word_1_257' title='bbox 599 1496 630 1523; x_wconf 82' lang='grc' dir='ltr'><strong>Εἰ</strong></span> <span class='ocrx_word' id='word_1_258' title='bbox 659 1495 690 1522; x_wconf 68' lang='grc' dir='ltr'>δὲ</span> <span class='ocrx_word' id='word_1_259' title='bbox 718 1498 861 1532; x_wconf 67' lang='grc' dir='ltr'>Ῥωμαίων,</span> 
     </span>
    </p>
   </div>
   <div class='ocr_carea' id='block_1_35' title="bbox 55 1541 862 1579">
    <p class='ocr_par' dir='ltr' id='par_1_35' title="bbox 55 1541 862 1579">
     <span class='ocr_line' id='line_1_35' title="bbox 55 1541 862 1579; baseline -0.005 -9"><span class='ocrx_word' id='word_1_260' title='bbox 55 1546 102 1570; x_wconf 78' lang='grc' dir='ltr'>καὶ</span> <span class='ocrx_word' id='word_1_261' title='bbox 134 1543 162 1570; x_wconf 71' lang='grc' dir='ltr'>ἐκ</span> <span class='ocrx_word' id='word_1_262' title='bbox 203 1543 344 1579; x_wconf 76' lang='grc' dir='ltr'>Ῥωμαίων,</span> <span class='ocrx_word' id='word_1_263' title='bbox 384 1543 451 1569; x_wconf 79' lang='grc' dir='ltr'>κατὰ</span> <span class='ocrx_word' id='word_1_264' title='bbox 487 1544 582 1578; x_wconf 82' lang='grc' dir='ltr'>νόμους</span> <span class='ocrx_word' id='word_1_265' title='bbox 617 1541 778 1577; x_wconf 75' lang='grc' dir='ltr'>Ῥωμαῑκοὺς</span> <span class='ocrx_word' id='word_1_266' title='bbox 817 1542 862 1566; x_wconf 78' lang='grc' dir='ltr'>χαὶ</span> 
     </span>
    </p>
   </div>
   <div class='ocr_carea' id='block_1_36' title="bbox 55 1586 862 1625">
    <p class='ocr_par' dir='ltr' id='par_1_36' title="bbox 55 1586 862 1625">
     <span class='ocr_line' id='line_1_36' title="bbox 55 1586 862 1625; baseline -0.005 -10"><span class='ocrx_word' id='word_1_267' title='bbox 55 1586 218 1625; x_wconf 79' lang='grc' dir='ltr'>παραδόσεις</span> <span class='ocrx_word' id='word_1_268' title='bbox 246 1586 391 1624; x_wconf 68' lang='grc' dir='ltr'>ἐγγράφους</span> <span class='ocrx_word' id='word_1_269' title='bbox 413 1587 428 1616; x_wconf 86' lang='grc' dir='ltr'>ἡ</span> <span class='ocrx_word' id='word_1_270' title='bbox 451 1589 540 1624; x_wconf 80' lang='grc' dir='ltr'>κρίσις</span> <span class='ocrx_word' id='word_1_271' title='bbox 559 1587 759 1624; x_wconf 83' lang='grc' dir='ltr'>τερματισθὴτω</span> <span class='ocrx_word' id='word_1_272' title='bbox 780 1596 862 1622; x_wconf 85' lang='grc' dir='ltr'>μοι.»</span> 
     </span>
    </p>
   </div>
   <div class='ocr_carea' id='block_1_37' title="bbox 59 1630 864 1668">
    <p class='ocr_par' dir='ltr' id='par_1_37' title="bbox 59 1630 864 1668">
     <span class='ocr_line' id='line_1_37' title="bbox 59 1630 864 1668; baseline -0.004 -9"><span class='ocrx_word' id='word_1_273' title='bbox 59 1633 172 1664; x_wconf 73' lang='grc' dir='ltr'>Ἐκεῖνος</span> <span class='ocrx_word' id='word_1_274' title='bbox 193 1634 238 1668; x_wconf 71' lang='grc' dir='ltr'>μεν</span> <span class='ocrx_word' id='word_1_275' title='bbox 261 1630 304 1658; x_wconf 81' lang='grc' dir='ltr'>οὖν</span> <span class='ocrx_word' id='word_1_276' title='bbox 327 1635 382 1663; x_wconf 81' lang='grc' dir='ltr'>τοῖς</span> <span class='ocrx_word' id='word_1_277' title='bbox 402 1631 490 1668; x_wconf 83' lang='grc' dir='ltr'>λόγοις</span> <span class='ocrx_word' id='word_1_278' title='bbox 513 1632 565 1657; x_wconf 86' lang='grc' dir='ltr'>οἶον</span> <span class='ocrx_word' id='word_1_279' title='bbox 593 1634 640 1657; x_wconf 85' lang='grc' dir='ltr'>τοῦ</span> <span class='ocrx_word' id='word_1_280' title='bbox 673 1633 772 1657; x_wconf 78' lang='grc' dir='ltr'>νεανίου</span> <span class='ocrx_word' id='word_1_281' title='bbox 792 1630 864 1657; x_wconf 74' lang='grc' dir='ltr'>ἐκπε-</span> 
     </span>
    </p>
   </div>
   <div class='ocr_carea' id='block_1_38' title="bbox 58 1673 864 1714">
    <p class='ocr_par' dir='ltr' id='par_1_38' title="bbox 58 1673 864 1714">
     <span class='ocr_line' id='line_1_38' title="bbox 58 1673 864 1714; baseline -0.004 -11"><span class='ocrx_word' id='word_1_282' title='bbox 58 1677 206 1714; x_wconf 73' lang='grc' dir='ltr'>πληγμένος</span> <span class='ocrx_word' id='word_1_283' title='bbox 231 1676 360 1712; x_wconf 81' lang='grc' dir='ltr'>(εἰκοστόν</span> <span class='ocrx_word' id='word_1_284' title='bbox 391 1678 442 1713; x_wconf 78' lang='grc' dir='ltr'>γὰρ</span> <span class='ocrx_word' id='word_1_285' title='bbox 465 1678 511 1702; x_wconf 76' lang='grc' dir='ltr'>καὶ</span> <span class='ocrx_word' id='word_1_286' title='bbox 536 1673 647 1712; x_wconf 68' lang='grc' dir='ltr'>ἕϐδομον</span> <span class='ocrx_word' id='word_1_287' title='bbox 677 1673 781 1704; x_wconf 69' lang='grc' dir='ltr'>διήνυον</span> <span class='ocrx_word' id='word_1_288' title='bbox 809 1676 864 1706; x_wconf 79' lang='grc' dir='ltr'>ἔτος</span> 
     </span>
    </p>
   </div>
   <div class='ocr_carea' id='block_1_39' title="bbox 59 1720 865 1757">
    <p class='ocr_par' dir='ltr' id='par_1_39' title="bbox 59 1720 865 1757">
     <span class='ocr_line' id='line_1_39' title="bbox 59 1720 865 1757; baseline -0.004 -9"><span class='ocrx_word' id='word_1_289' title='bbox 59 1722 72 1748; x_wconf 83' lang='grc' dir='ltr'><strong>ὁ</strong></span> <span class='ocrx_word' id='word_1_290' title='bbox 88 1723 223 1757; x_wconf 77' lang='grc' dir='ltr'>Κομνηνός</span> <span class='ocrx_word' id='word_1_291' title='bbox 250 1720 373 1756; x_wconf 79' lang='grc' dir='ltr'>Μιχαὴλ)</span> <span class='ocrx_word' id='word_1_292' title='bbox 396 1723 495 1756; x_wconf 83' lang='grc' dir='ltr'>καὶτῷ</span> <span class='ocrx_word' id='word_1_293' title='bbox 520 1722 556 1756; x_wconf 87' lang='grc' dir='ltr'>μὴ</span> <span class='ocrx_word' id='word_1_294' title='bbox 581 1720 605 1746; x_wconf 77' lang='grc' dir='ltr'>ἐν</span> <span class='ocrx_word' id='word_1_295' title='bbox 635 1723 782 1756; x_wconf 76' lang='grc' dir='ltr'>συμφοραῖς</span> <span class='ocrx_word' id='word_1_296' title='bbox 807 1721 865 1745; x_wconf 80' lang='grc' dir='ltr'>τού-</span> 
     </span>
    </p>
   </div>
   <div class='ocr_carea' id='block_1_40' title="bbox 59 1765 864 1802">
    <p class='ocr_par' dir='ltr' id='par_1_40' title="bbox 59 1765 864 1802">
     <span class='ocr_line' id='line_1_40' title="bbox 59 1765 864 1802; baseline -0.004 -10"><span class='ocrx_word' id='word_1_297' title='bbox 59 1769 106 1792; x_wconf 66' lang='lat' dir='ltr'>to!)</span> <span class='ocrx_word' id='word_1_298' title='bbox 130 1765 203 1796; x_wconf 82' lang='grc' dir='ltr'>ὄντος</span> <span class='ocrx_word' id='word_1_299' title='bbox 232 1766 262 1791; x_wconf 79' lang='grc' dir='ltr'>τὸ</span> <span class='ocrx_word' id='word_1_300' title='bbox 290 1765 374 1800; x_wconf 71' lang='grc' dir='ltr'>εὐγνὶς</span> <span class='ocrx_word' id='word_1_301' title='bbox 405 1768 450 1791; x_wconf 82' lang='grc' dir='ltr'>τοῦ</span> <span class='ocrx_word' id='word_1_302' title='bbox 490 1766 657 1802; x_wconf 73' lang='grc' dir='ltr'>φρυνὴματος</span> <span class='ocrx_word' id='word_1_303' title='bbox 693 1765 864 1790; x_wconf 78' lang='grc' dir='ltr'>καταπίπτειν</span> 
     </span>
    </p>
   </div>
   <div class='ocr_carea' id='block_1_41' title="bbox 59 1807 864 1846">
    <p class='ocr_par' dir='ltr' id='par_1_41' title="bbox 59 1807 864 1846">
     <span class='ocr_line' id='line_1_41' title="bbox 59 1807 864 1846; baseline -0.002 -10"><span class='ocrx_word' id='word_1_304' title='bbox 59 1808 131 1846; x_wconf 66' lang='grc' dir='ltr'>μηδὲ</span> <span class='ocrx_word' id='word_1_305' title='bbox 145 1812 175 1836; x_wconf 83' lang='grc' dir='ltr'>τό</span> <span class='ocrx_word' id='word_1_306' title='bbox 190 1814 240 1836; x_wconf 89' lang='grc' dir='ltr'>τῶν</span> <span class='ocrx_word' id='word_1_307' title='bbox 265 1810 402 1845; x_wconf 75' lang='grc' dir='ltr'>νοημάτων</span> <span class='ocrx_word' id='word_1_308' title='bbox 439 1808 526 1845; x_wconf 78' lang='grc' dir='ltr'>χαλᾷν</span> <span class='ocrx_word' id='word_1_309' title='bbox 553 1807 716 1842; x_wconf 76' lang='grc' dir='ltr'>εὐεπήϐολον,</span> <span class='ocrx_word' id='word_1_310' title='bbox 736 1809 799 1845; x_wconf 86' lang='grc' dir='ltr'>πρὸς</span> <span class='ocrx_word' id='word_1_311' title='bbox 820 1809 864 1834; x_wconf 85' lang='grc' dir='ltr'>τόν</span> 
     </span>
    </p>
   </div>
   <div class='ocr_carea' id='block_1_42' title="bbox 61 1852 865 1891">
    <p class='ocr_par' dir='ltr' id='par_1_42' title="bbox 61 1852 865 1891">
     <span class='ocr_line' id='line_1_42' title="bbox 61 1852 865 1891; baseline -0.004 -10"><span class='ocrx_word' id='word_1_312' title='bbox 61 1854 175 1891; x_wconf 69' lang='grc' dir='ltr'>βασιλέα</span> <span class='ocrx_word' id='word_1_313' title='bbox 194 1854 271 1882; x_wconf 75' lang='grc' dir='ltr'>ἱλθων</span> <span class='ocrx_word' id='word_1_314' title='bbox 298 1855 348 1881; x_wconf 85' lang='grc' dir='ltr'>ὅσα</span> <span class='ocrx_word' id='word_1_315' title='bbox 368 1856 410 1880; x_wconf 78' lang='grc' dir='ltr'>κέν</span> <span class='ocrx_word' id='word_1_316' title='bbox 433 1852 477 1880; x_wconf 83' lang='grc' dir='ltr'>οὖν</span> <span class='ocrx_word' id='word_1_317' title='bbox 505 1853 571 1880; x_wconf 84' lang='grc' dir='ltr'>εἶπεν</span> <span class='ocrx_word' id='word_1_318' title='bbox 598 1852 690 1884; x_wconf 72' lang='grc' dir='ltr'>ἐκεῖνος</span> <span class='ocrx_word' id='word_1_319' title='bbox 722 1853 798 1883; x_wconf 78' lang='grc' dir='ltr'>αὐτὸς</span> <span class='ocrx_word' id='word_1_320' title='bbox 818 1853 865 1879; x_wconf 78' lang='grc' dir='ltr'>οὐκ</span> 
     </span>
    </p>
   </div>
   <div class='ocr_carea' id='block_1_43' title="bbox 60 1897 864 1935">
    <p class='ocr_par' dir='ltr' id='par_1_43' title="bbox 60 1897 864 1935">
     <span class='ocr_line' id='line_1_43' title="bbox 60 1897 864 1935; baseline -0.004 -9"><span class='ocrx_word' id='word_1_321' title='bbox 60 1898 133 1934; x_wconf 84' lang='grc' dir='ltr'>οἶδα,</span> <span class='ocrx_word' id='word_1_322' title='bbox 154 1900 256 1930; x_wconf 78' lang='grc' dir='ltr'>πάντως</span> <span class='ocrx_word' id='word_1_323' title='bbox 287 1897 317 1925; x_wconf 73' lang='grc' dir='ltr'>δὲ</span> <span class='ocrx_word' id='word_1_324' title='bbox 342 1899 416 1925; x_wconf 82' lang='grc' dir='ltr'>ταῦτ’</span> <span class='ocrx_word' id='word_1_325' title='bbox 443 1898 528 1935; x_wconf 76' lang='grc' dir='ltr'>ἔμελλε</span> <span class='ocrx_word' id='word_1_326' title='bbox 551 1898 622 1930; x_wconf 70' lang='grc' dir='ltr'>λέξαι</span> <span class='ocrx_word' id='word_1_327' title='bbox 643 1898 693 1924; x_wconf 81' lang='grc' dir='ltr'>ὅσα</span> <span class='ocrx_word' id='word_1_328' title='bbox 714 1907 740 1924; x_wconf 80' lang='grc' dir='ltr'>τε</span> <span class='ocrx_word' id='word_1_329' title='bbox 762 1900 807 1924; x_wconf 76' lang='grc' dir='ltr'>καὶ</span> <span class='ocrx_word' id='word_1_330' title='bbox 822 1897 864 1923; x_wconf 85' lang='grc' dir='ltr'>οἵα</span> 
     </span>
    </p>
   </div>
   <div class='ocr_carea' id='block_1_44' title="bbox 60 1941 864 1981">
    <p class='ocr_par' dir='ltr' id='par_1_44' title="bbox 60 1941 864 1981">
     <span class='ocr_line' id='line_1_44' title="bbox 60 1941 864 1981; baseline -0.004 -10"><span class='ocrx_word' id='word_1_331' title='bbox 60 1947 182 1975; x_wconf 80' lang='grc' dir='ltr'>ἤκουσεν,</span> <span class='ocrx_word' id='word_1_332' title='bbox 214 1945 293 1980; x_wconf 65' lang='grc' dir='ltr'>Ομεν</span> <span class='ocrx_word' id='word_1_333' title='bbox 318 1942 362 1970; x_wconf 84' lang='grc' dir='ltr'>οὖν</span> <span class='ocrx_word' id='word_1_334' title='bbox 388 1943 513 1980; x_wconf 78' lang='grc' dir='ltr'>βασιλεὺς</span> <span class='ocrx_word' id='word_1_335' title='bbox 539 1941 677 1981; x_wconf 77' lang='grc' dir='ltr'>διάπειραν</span> <span class='ocrx_word' id='word_1_336' title='bbox 703 1942 798 1972; x_wconf 78' lang='grc' dir='ltr'>πολλὴν</span> <span class='ocrx_word' id='word_1_337' title='bbox 820 1952 864 1968; x_wconf 84' lang='grc' dir='ltr'>πε-</span> 
     </span>
    </p>
   </div>
   <div class='ocr_carea' id='block_1_45' title="bbox 59 1987 864 2026">
    <p class='ocr_par' dir='ltr' id='par_1_45' title="bbox 59 1987 864 2026">
     <span class='ocr_line' id='line_1_45' title="bbox 59 1987 864 2026; baseline -0.004 -10"><span class='ocrx_word' id='word_1_338' title='bbox 59 1992 174 2020; x_wconf 73' lang='grc' dir='ltr'>ποιηκώς</span> <span class='ocrx_word' id='word_1_339' title='bbox 198 1989 251 2025; x_wconf 67' lang='grc' dir='ltr'>οὐχ</span> <span class='ocrx_word' id='word_1_340' title='bbox 277 1989 334 2026; x_wconf 79' lang='grc' dir='ltr'>εὗρε</span> <span class='ocrx_word' id='word_1_341' title='bbox 373 1989 440 2015; x_wconf 83' lang='grc' dir='ltr'>κατά</span> <span class='ocrx_word' id='word_1_342' title='bbox 465 1998 490 2014; x_wconf 92' lang='grc' dir='ltr'>τι</span> <span class='ocrx_word' id='word_1_343' title='bbox 516 1990 559 2014; x_wconf 86' lang='grc' dir='ltr'>τὸν</span> <span class='ocrx_word' id='word_1_344' title='bbox 586 1989 718 2024; x_wconf 84' lang='grc' dir='ltr'>Κομνηνόν</span> <span class='ocrx_word' id='word_1_345' title='bbox 752 1987 864 2023; x_wconf 80' lang='grc' dir='ltr'>Μιχαὴλ</span> 
     </span>
    </p>
   </div>
   <div class='ocr_carea' id='block_1_46' title="bbox 59 2032 862 2067">
    <p class='ocr_par' dir='ltr' id='par_1_46' title="bbox 59 2032 862 2067">
     <span class='ocr_line' id='line_1_46' title="bbox 59 2032 862 2067; baseline -0.002 -7"><span class='ocrx_word' id='word_1_346' title='bbox 59 2035 102 2061; x_wconf 82' lang='grc' dir='ltr'>ὑπ’</span> <span class='ocrx_word' id='word_1_347' title='bbox 119 2034 205 2060; x_wconf 84' lang='grc' dir='ltr'>αἰτίαν</span> <span class='ocrx_word' id='word_1_348' title='bbox 221 2035 291 2067; x_wconf 79' lang='grc' dir='ltr'>ὄντα,</span> <span class='ocrx_word' id='word_1_349' title='bbox 307 2035 353 2060; x_wconf 74' lang='grc' dir='ltr'>καὶ</span> <span class='ocrx_word' id='word_1_350' title='bbox 381 2037 466 2060; x_wconf 78' lang='grc' dir='ltr'>ταῦτα</span> <span class='ocrx_word' id='word_1_351' title='bbox 492 2035 537 2058; x_wconf 77' lang='grc' dir='ltr'>καὶ</span> <span class='ocrx_word' id='word_1_352' title='bbox 564 2034 608 2059; x_wconf 79' lang='grc' dir='ltr'>τὸν</span> <span class='ocrx_word' id='word_1_353' title='bbox 628 2032 740 2058; x_wconf 83' lang='grc' dir='ltr'>ἀναίτιον</span> <span class='ocrx_word' id='word_1_354' title='bbox 765 2032 801 2063; x_wconf 87' lang='grc' dir='ltr'>εἰς</span> <span class='ocrx_word' id='word_1_355' title='bbox 825 2032 862 2058; x_wconf 83' lang='grc' dir='ltr'>αὶ-</span> 
     </span>
    </p>
   </div>
   <div class='ocr_carea' id='block_1_47' title="bbox 59 2077 860 2115">
    <p class='ocr_par' dir='ltr' id='par_1_47' title="bbox 59 2077 860 2115">
     <span class='ocr_line' id='line_1_47' title="bbox 59 2077 860 2115; baseline -0.004 -10"><span class='ocrx_word' id='word_1_356' title='bbox 59 2081 116 2105; x_wconf 86' lang='grc' dir='ltr'>τίαν</span> <span class='ocrx_word' id='word_1_357' title='bbox 146 2079 217 2114; x_wconf 87' lang='grc' dir='ltr'>ᾶγων</span> <span class='ocrx_word' id='word_1_358' title='bbox 243 2082 274 2115; x_wconf 80' lang='grc' dir='ltr'>τῇ</span> <span class='ocrx_word' id='word_1_359' title='bbox 297 2077 346 2114; x_wconf 83' lang='grc' dir='ltr'>βίᾳ</span> <span class='ocrx_word' id='word_1_360' title='bbox 374 2078 389 2107; x_wconf 78' lang='grc' dir='ltr'><strong><em>ἦ</em></strong></span> <span class='ocrx_word' id='word_1_361' title='bbox 419 2081 469 2104; x_wconf 85' lang='grc' dir='ltr'>τῶν</span> <span class='ocrx_word' id='word_1_362' title='bbox 491 2077 572 2114; x_wconf 85' lang='grc' dir='ltr'>λόγων</span> <span class='ocrx_word' id='word_1_363' title='bbox 598 2077 613 2106; x_wconf 82' lang='grc' dir='ltr'>ἢ</span> <span class='ocrx_word' id='word_1_364' title='bbox 646 2081 695 2103; x_wconf 84' lang='grc' dir='ltr'>τῶν</span> <span class='ocrx_word' id='word_1_365' title='bbox 715 2078 860 2113; x_wconf 85' lang='grc' dir='ltr'>μαστίγων.</span> 
     </span>
    </p>
   </div>
   <div class='ocr_carea' id='block_1_48' title="bbox 61 2122 862 2160">
    <p class='ocr_par' dir='ltr' id='par_1_48' title="bbox 61 2122 862 2160">
     <span class='ocr_line' id='line_1_48' title="bbox 61 2122 862 2160; baseline -0.002 -10"><span class='ocrx_word' id='word_1_366' title='bbox 61 2125 159 2154; x_wconf 82' lang='grc' dir='ltr'>Πάντες</span> <span class='ocrx_word' id='word_1_367' title='bbox 178 2124 229 2160; x_wconf 85' lang='grc' dir='ltr'>γὰρ</span> <span class='ocrx_word' id='word_1_368' title='bbox 263 2122 432 2159; x_wconf 74' lang='grc' dir='ltr'>ἀπεφαίνοντο</span> <span class='ocrx_word' id='word_1_369' title='bbox 462 2123 486 2149; x_wconf 86' lang='grc' dir='ltr'>οἰ</span> <span class='ocrx_word' id='word_1_370' title='bbox 512 2132 539 2149; x_wconf 85' lang='grc' dir='ltr'>τε</span> <span class='ocrx_word' id='word_1_371' title='bbox 565 2127 614 2148; x_wconf 84' lang='grc' dir='ltr'>τῶν</span> <span class='ocrx_word' id='word_1_372' title='bbox 639 2124 755 2149; x_wconf 77' lang='grc' dir='ltr'>Λατίνων</span> <span class='ocrx_word' id='word_1_373' title='bbox 779 2123 804 2148; x_wconf 88' lang='grc' dir='ltr'>οῖ</span> <span class='ocrx_word' id='word_1_374' title='bbox 836 2131 862 2148; x_wconf 86' lang='grc' dir='ltr'>τε</span> 
     </span>
    </p>
   </div>
   <div class='ocr_carea' id='block_1_49' title="bbox 60 2166 864 2205">
    <p class='ocr_par' dir='ltr' id='par_1_49' title="bbox 60 2166 864 2205">
     <span class='ocr_line' id='line_1_49' title="bbox 60 2166 864 2205; baseline -0.002 -11"><span class='ocrx_word' id='word_1_375' title='bbox 60 2173 107 2195; x_wconf 81' lang='grc' dir='ltr'>τῶν</span> <span class='ocrx_word' id='word_1_376' title='bbox 131 2168 274 2205; x_wconf 75' lang='grc' dir='ltr'>Ῥωμαίων,</span> <span class='ocrx_word' id='word_1_377' title='bbox 311 2178 355 2194; x_wconf 81' lang='grc' dir='ltr'>και</span> <span class='ocrx_word' id='word_1_378' title='bbox 379 2167 495 2204; x_wconf 79' lang='grc' dir='ltr'>μάλιστα</span> <span class='ocrx_word' id='word_1_379' title='bbox 526 2172 574 2193; x_wconf 86' lang='grc' dir='ltr'>τῶν</span> <span class='ocrx_word' id='word_1_380' title='bbox 605 2169 733 2201; x_wconf 77' lang='grc' dir='ltr'>Λατίνων,</span> <span class='ocrx_word' id='word_1_381' title='bbox 755 2166 809 2193; x_wconf 85' lang='grc' dir='ltr'>ἐπεί</span> <span class='ocrx_word' id='word_1_382' title='bbox 835 2176 864 2202; x_wconf 85' lang='grc' dir='ltr'>γε</span> 
     </span>
    </p>
   </div>
   <div class='ocr_carea' id='block_1_50' title="bbox 61 2212 863 2250">
    <p class='ocr_par' dir='ltr' id='par_1_50' title="bbox 61 2212 863 2250">
     <span class='ocr_line' id='line_1_50' title="bbox 61 2212 863 2250; baseline -0.005 -10"><span class='ocrx_word' id='word_1_383' title='bbox 61 2214 135 2240; x_wconf 82' lang='grc' dir='ltr'>αὗτοι</span> <span class='ocrx_word' id='word_1_384' title='bbox 164 2212 359 2249; x_wconf 76' lang='grc' dir='ltr'>ἕλευθερώτερον</span> <span class='ocrx_word' id='word_1_385' title='bbox 378 2216 497 2250; x_wconf 85' lang='grc' dir='ltr'>χρῶνται</span> <span class='ocrx_word' id='word_1_386' title='bbox 521 2216 552 2248; x_wconf 75' lang='grc' dir='ltr'>τῇ</span> <span class='ocrx_word' id='word_1_387' title='bbox 580 2212 681 2248; x_wconf 73' lang='grc' dir='ltr'>γλώττῃ</span> <span class='ocrx_word' id='word_1_388' title='bbox 707 2213 771 2248; x_wconf 72' lang='grc' dir='ltr'>πρὸς</span> <span class='ocrx_word' id='word_1_389' title='bbox 804 2213 863 2241; x_wconf 84' lang='grc' dir='ltr'>τοὺς</span> 
     </span>
    </p>
   </div>
   <div class='ocr_carea' id='block_1_51' title="bbox 62 2256 862 2292">
    <p class='ocr_par' dir='ltr' id='par_1_51' title="bbox 62 2256 862 2292">
     <span class='ocr_line' id='line_1_51' title="bbox 62 2256 862 2292; baseline -0.005 -7"><span class='ocrx_word' id='word_1_390' title='bbox 62 2256 204 2291; x_wconf 76' lang='grc' dir='ltr'>δεσπότας⁷</span> <span class='ocrx_word' id='word_1_391' title='bbox 223 2257 305 2284; x_wconf 76' lang='grc' dir='ltr'>ἀθῶον</span> <span class='ocrx_word' id='word_1_392' title='bbox 327 2256 391 2284; x_wconf 83' lang='grc' dir='ltr'>εἶναι</span> <span class='ocrx_word' id='word_1_393' title='bbox 415 2256 458 2283; x_wconf 80' lang='grc' dir='ltr'>ἐπὶ</span> <span class='ocrx_word' id='word_1_394' title='bbox 485 2260 550 2284; x_wconf 84' lang='grc' dir='ltr'>πᾶσι</span> <span class='ocrx_word' id='word_1_395' title='bbox 580 2266 624 2283; x_wconf 85' lang='grc' dir='ltr'>τον</span> <span class='ocrx_word' id='word_1_396' title='bbox 653 2257 784 2292; x_wconf 78' lang='grc' dir='ltr'>Κομνηνόν</span> <span class='ocrx_word' id='word_1_397' title='bbox 813 2259 862 2282; x_wconf 93' lang='grc' dir='ltr'>Μι-</span> 
     </span>
    </p>
   </div>
   <div class='ocr_carea' id='block_1_52' title="bbox 61 2301 861 2339">
    <p class='ocr_par' dir='ltr' id='par_1_52' title="bbox 61 2301 861 2339">
     <span class='ocr_line' id='line_1_52' title="bbox 61 2301 861 2339; baseline -0.004 -10"><span class='ocrx_word' id='word_1_398' title='bbox 61 2303 145 2339; x_wconf 84' lang='grc' dir='ltr'>χαήλ.</span> <span class='ocrx_word' id='word_1_399' title='bbox 172 2302 293 2329; x_wconf 78' lang='grc' dir='ltr'>Ἤκουσα</span> <span class='ocrx_word' id='word_1_400' title='bbox 308 2301 337 2329; x_wconf 71' lang='lat' dir='ltr'>ti“:</span> <span class='ocrx_word' id='word_1_401' title='bbox 350 2304 395 2328; x_wconf 79' lang='grc' dir='ltr'>καὶ</span> <span class='ocrx_word' id='word_1_402' title='bbox 416 2302 493 2333; x_wconf 74' lang='grc' dir='ltr'>αὐτός</span> <span class='ocrx_word' id='word_1_403' title='bbox 522 2301 563 2328; x_wconf 72' lang='grc' dir='ltr'>ἰπὶ</span> <span class='ocrx_word' id='word_1_404' title='bbox 592 2305 623 2338; x_wconf 77' lang='grc' dir='ltr'>τῇ</span> <span class='ocrx_word' id='word_1_405' title='bbox 652 2303 737 2338; x_wconf 84' lang='grc' dir='ltr'>χρίσει</span> <span class='ocrx_word' id='word_1_406' title='bbox 763 2303 861 2338; x_wconf 71' lang='grc' dir='ltr'>παρὼν,</span> 
     </span>
    </p>
   </div>
   <div class='ocr_carea' id='block_1_53' title="bbox 64 2346 863 2385">
    <p class='ocr_par' dir='ltr' id='par_1_53' title="bbox 64 2346 863 2385">
     <span class='ocr_line' id='line_1_53' title="bbox 64 2346 863 2385; baseline -0.006 -9"><span class='ocrx_word' id='word_1_407' title='bbox 64 2347 103 2385; x_wconf 79' lang='grc' dir='ltr'>[Ρ.</span> <span class='ocrx_word' id='word_1_408' title='bbox 129 2348 176 2384; x_wconf 79' lang='grc'>54]</span> <span class='ocrx_word' id='word_1_409' title='bbox 198 2349 243 2374; x_wconf 77' lang='grc' dir='ltr'>καὶ</span> <span class='ocrx_word' id='word_1_410' title='bbox 264 2349 312 2374; x_wconf 81' lang='grc' dir='ltr'>σὺν</span> <span class='ocrx_word' id='word_1_411' title='bbox 337 2347 395 2384; x_wconf 82' lang='grc' dir='ltr'>ἐμοὶ</span> <span class='ocrx_word' id='word_1_412' title='bbox 425 2348 438 2373; x_wconf 88' lang='grc' dir='ltr'><strong><em>ὁ</em></strong></span> <span class='ocrx_word' id='word_1_413' title='bbox 466 2348 611 2381; x_wconf 74' lang='grc' dir='ltr'>Μαχρωτὸς</span> <span class='ocrx_word' id='word_1_414' title='bbox 634 2346 765 2377; x_wconf 79' lang='grc' dir='ltr'>Ἰωάννης.</span> <span class='ocrx_word' id='word_1_415' title='bbox 789 2347 863 2382; x_wconf 81' lang='grc' dir='ltr'>τάχα</span> 
     </span>
    </p>
   </div>
   <div class='ocr_carea' id='block_1_54' title="bbox 62 2392 861 2429">
    <p class='ocr_par' dir='ltr' id='par_1_54' title="bbox 62 2392 861 2429">
     <span class='ocr_line' id='line_1_54' title="bbox 62 2392 861 2429; baseline -0.004 -10"><span class='ocrx_word' id='word_1_416' title='bbox 62 2395 106 2420; x_wconf 60' lang='grc' dir='ltr'>καὶ</span> <span class='ocrx_word' id='word_1_417' title='bbox 132 2394 207 2429; x_wconf 77' lang='grc' dir='ltr'>ἡμεῖς</span> <span class='ocrx_word' id='word_1_418' title='bbox 246 2393 480 2428; x_wconf 83' lang='grc' dir='ltr'>συναριθμούμενοι</span> <span class='ocrx_word' id='word_1_419' title='bbox 503 2395 558 2422; x_wconf 85' lang='grc' dir='ltr'>τοῖς</span> <span class='ocrx_word' id='word_1_420' title='bbox 580 2393 699 2428; x_wconf 79' lang='grc' dir='ltr'>κρίνουσι</span> <span class='ocrx_word' id='word_1_421' title='bbox 723 2392 787 2428; x_wconf 82' lang='grc' dir='ltr'>πρὸς</span> <span class='ocrx_word' id='word_1_422' title='bbox 816 2394 861 2416; x_wconf 82' lang='grc' dir='ltr'>τοὺ</span> 
     </span>
    </p>
   </div>
   <div class='ocr_carea' id='block_1_55' title="bbox 63 2433 862 2474">
    <p class='ocr_par' dir='ltr' id='par_1_55' title="bbox 63 2433 862 2474">
     <span class='ocr_line' id='line_1_55' title="bbox 63 2433 862 2474; baseline -0.003 -10"><span class='ocrx_word' id='word_1_423' title='bbox 63 2437 192 2474; x_wconf 74' lang='grc' dir='ltr'>βασιλέως</span> <span class='ocrx_word' id='word_1_424' title='bbox 220 2438 254 2468; x_wconf 85' lang='grc' dir='ltr'>ὡς</span> <span class='ocrx_word' id='word_1_425' title='bbox 293 2436 373 2468; x_wconf 81' lang='grc' dir='ltr'>ξύλων</span> <span class='ocrx_word' id='word_1_426' title='bbox 403 2437 433 2463; x_wconf 80' lang='grc' dir='ltr'>ἄν</span> <span class='ocrx_word' id='word_1_427' title='bbox 469 2446 536 2467; x_wconf 88' lang='grc' dir='ltr'>τινες</span> <span class='ocrx_word' id='word_1_428' title='bbox 580 2434 663 2472; x_wconf 73' lang='grc' dir='ltr'>μηδὲν</span> <span class='ocrx_word' id='word_1_429' title='bbox 698 2433 862 2472; x_wconf 70' lang='grc' dir='ltr'>διαφέροντας</span> 
     </span>
    </p>
   </div>
   <div class='ocr_carea' id='block_1_56' title="bbox 61 2480 861 2518">
    <p class='ocr_par' dir='ltr' id='par_1_56' title="bbox 61 2480 861 2518">
     <span class='ocr_line' id='line_1_56' title="bbox 61 2480 861 2518; baseline -0.004 -9"><span class='ocrx_word' id='word_1_430' title='bbox 61 2482 161 2509; x_wconf 76' lang='grc' dir='ltr'>ἔνταῦθ⁸</span> <span class='ocrx_word' id='word_1_431' title='bbox 184 2482 314 2510; x_wconf 78' lang='grc' dir='ltr'>ἵστανται.</span> <span class='ocrx_word' id='word_1_432' title='bbox 348 2481 482 2510; x_wconf 77' lang='grc' dir='ltr'>Ἐϐούλετο</span> <span class='ocrx_word' id='word_1_433' title='bbox 505 2483 556 2518; x_wconf 82' lang='grc' dir='ltr'>γὰρ</span> <span class='ocrx_word' id='word_1_434' title='bbox 582 2482 681 2512; x_wconf 78' lang='grc' dir='ltr'>πάντας</span> <span class='ocrx_word' id='word_1_435' title='bbox 703 2481 759 2506; x_wconf 80' lang='grc' dir='ltr'>κατ’</span> <span class='ocrx_word' id='word_1_436' title='bbox 781 2480 861 2507; x_wconf 78' lang='grc' dir='ltr'>αὑτοῦ</span> 
     </span>
    </p>
   </div>
   <div class='ocr_carea' id='block_1_57' title="bbox 63 2524 861 2564">
    <p class='ocr_par' dir='ltr' id='par_1_57' title="bbox 63 2524 861 2564">
     <span class='ocr_line' id='line_1_57' title="bbox 63 2524 861 2564; baseline -0.004 -10"><span class='ocrx_word' id='word_1_437' title='bbox 63 2527 290 2564; x_wconf 69' lang='grc' dir='ltr'>συμψηφίζισθαι.</span> <span class='ocrx_word' id='word_1_438' title='bbox 306 2526 381 2563; x_wconf 83' lang='grc' dir='ltr'>Ἡμῖν</span> <span class='ocrx_word' id='word_1_439' title='bbox 405 2525 435 2553; x_wconf 72' lang='grc' dir='ltr'>δε</span> <span class='ocrx_word' id='word_1_440' title='bbox 460 2526 506 2553; x_wconf 76' lang='grc' dir='ltr'>οὐκ</span> <span class='ocrx_word' id='word_1_441' title='bbox 531 2524 561 2555; x_wconf 72' lang='grc' dir='ltr'>ἦν</span> <span class='ocrx_word' id='word_1_442' title='bbox 593 2525 679 2562; x_wconf 83' lang='grc' dir='ltr'>λόγος,</span> <span class='ocrx_word' id='word_1_443' title='bbox 704 2526 764 2551; x_wconf 79' lang='grc' dir='ltr'>ἄνευ</span> <span class='ocrx_word' id='word_1_444' title='bbox 782 2525 861 2561; x_wconf 84' lang='grc' dir='ltr'>λόγου</span> 
     </span>
    </p>
   </div>
   <div class='ocr_carea' id='block_1_58' title="bbox 60 2571 607 2608">
    <p class='ocr_par' dir='ltr' id='par_1_58' title="bbox 60 2571 607 2608">
     <span class='ocr_line' id='line_1_58' title="bbox 60 2571 607 2608; baseline -0.005 -9"><span class='ocrx_word' id='word_1_445' title='bbox 60 2576 104 2599; x_wconf 81' lang='grc' dir='ltr'>τοῦ</span> <span class='ocrx_word' id='word_1_446' title='bbox 131 2571 244 2608; x_wconf 81' lang='grc' dir='ltr'>Μιχαὴλ</span> <span class='ocrx_word' id='word_1_447' title='bbox 273 2575 407 2608; x_wconf 87' lang='grc' dir='ltr'>Κομνηνοῦ</span> <span class='ocrx_word' id='word_1_448' title='bbox 447 2573 607 2608; x_wconf 72' lang='grc' dir='ltr'>κρινομένου,</span> 
     </span>
    </p>
   </div>
   <div class='ocr_carea' id='block_1_59' title="bbox 62 2614 862 2653">
    <p class='ocr_par' dir='ltr' id='par_1_59' title="bbox 62 2614 862 2653">
     <span class='ocr_line' id='line_1_59' title="bbox 62 2614 862 2653; baseline -0.004 -10"><span class='ocrx_word' id='word_1_449' title='bbox 62 2617 129 2653; x_wconf 72' lang='grc' dir='ltr'>(φίλη</span> <span class='ocrx_word' id='word_1_450' title='bbox 143 2626 173 2652; x_wconf 87' lang='grc' dir='ltr'>γε</span> <span class='ocrx_word' id='word_1_451' title='bbox 195 2617 210 2645; x_wconf 88' lang='grc' dir='ltr'><strong>ἡ</strong></span> <span class='ocrx_word' id='word_1_452' title='bbox 232 2615 350 2652; x_wconf 82' lang='grc' dir='ltr'>ὰληθεια)</span> <span class='ocrx_word' id='word_1_453' title='bbox 369 2616 398 2643; x_wconf 82' lang='grc' dir='ltr'>οὗ</span> <span class='ocrx_word' id='word_1_454' title='bbox 419 2618 484 2652; x_wconf 79' lang='grc' dir='ltr'>πρὸς</span> <span class='ocrx_word' id='word_1_455' title='bbox 515 2616 587 2652; x_wconf 82' lang='grc' dir='ltr'>ἡμῶν</span> <span class='ocrx_word' id='word_1_456' title='bbox 615 2617 659 2641; x_wconf 82' lang='grc' dir='ltr'>καὶ</span> <span class='ocrx_word' id='word_1_457' title='bbox 687 2617 774 2651; x_wconf 81' lang='grc' dir='ltr'>μόνον,</span> <span class='ocrx_word' id='word_1_458' title='bbox 799 2614 862 2641; x_wconf 79' lang='grc' dir='ltr'>ἀλλὰ</span> 
     </span>
    </p>
   </div>
   <div class='ocr_carea' id='block_1_60' title="bbox 61 2660 861 2698">
    <p class='ocr_par' dir='ltr' id='par_1_60' title="bbox 61 2660 861 2698">
     <span class='ocr_line' id='line_1_60' title="bbox 61 2660 861 2698; baseline -0.003 -11"><span class='ocrx_word' id='word_1_459' title='bbox 61 2662 184 2698; x_wconf 70' lang='grc' dir='ltr'>καὶπρὸς</span> <span class='ocrx_word' id='word_1_460' title='bbox 198 2662 295 2692; x_wconf 85' lang='grc' dir='ltr'>παντὸς</span> <span class='ocrx_word' id='word_1_461' title='bbox 308 2665 358 2686; x_wconf 88' lang='grc' dir='ltr'>τῶν</span> <span class='ocrx_word' id='word_1_462' title='bbox 391 2660 414 2687; x_wconf 70' lang='grc' dir='ltr'>ἐν</span> <span class='ocrx_word' id='word_1_463' title='bbox 436 2660 501 2687; x_wconf 79' lang='grc' dir='ltr'>τελει</span> <span class='ocrx_word' id='word_1_464' title='bbox 523 2664 571 2686; x_wconf 88' lang='grc' dir='ltr'>τῶν</span> <span class='ocrx_word' id='word_1_465' title='bbox 587 2669 613 2686; x_wconf 83' lang='grc' dir='ltr'>τε</span> <span class='ocrx_word' id='word_1_466' title='bbox 640 2664 793 2697; x_wconf 84' lang='grc' dir='ltr'>στρατηγῶν</span> <span class='ocrx_word' id='word_1_467' title='bbox 812 2664 861 2686; x_wconf 86' lang='grc' dir='ltr'>τῶν</span> 
     </span>
    </p>
   </div>
   <div class='ocr_carea' id='block_1_61' title="bbox 62 2703 862 2743">
    <p class='ocr_par' dir='ltr' id='par_1_61' title="bbox 62 2703 862 2743">
     <span class='ocr_line' id='line_1_61' title="bbox 62 2703 862 2743; baseline -0.001 -11"><span class='ocrx_word' id='word_1_468' title='bbox 62 2715 88 2732; x_wconf 81' lang='grc' dir='ltr'>τε</span> <span class='ocrx_word' id='word_1_469' title='bbox 103 2710 270 2743; x_wconf 79' lang='grc' dir='ltr'>στρατιωτῶν</span> <span class='ocrx_word' id='word_1_470' title='bbox 289 2708 334 2732; x_wconf 77' lang='grc' dir='ltr'>χαὶ</span> <span class='ocrx_word' id='word_1_471' title='bbox 349 2705 431 2732; x_wconf 74' lang='grc' dir='ltr'>αὐτῶν</span> <span class='ocrx_word' id='word_1_472' title='bbox 451 2709 501 2731; x_wconf 86' lang='grc' dir='ltr'>τῶν</span> <span class='ocrx_word' id='word_1_473' title='bbox 534 2709 581 2736; x_wconf 88' lang='grc' dir='ltr'>τῆς</span> <span class='ocrx_word' id='word_1_474' title='bbox 604 2703 750 2740; x_wconf 65' lang='grc' dir='ltr'>ξύγκλυδος</span> <span class='ocrx_word' id='word_1_475' title='bbox 776 2715 782 2721; x_wconf 72' lang='grc'><strong><em>⁸</em></strong></span> <span class='ocrx_word' id='word_1_476' title='bbox 807 2709 862 2736; x_wconf 86' lang='grc' dir='ltr'>τοῖς</span> 
     </span>
    </p>
   </div>
   <div class='ocr_carea' id='block_1_62' title="bbox 63 2748 862 2788">
    <p class='ocr_par' dir='ltr' id='par_1_62' title="bbox 63 2748 862 2788">
     <span class='ocr_line' id='line_1_62' title="bbox 63 2748 862 2788; baseline -0.003 -12"><span class='ocrx_word' id='word_1_477' title='bbox 63 2760 88 2777; x_wconf 82' lang='grc' dir='ltr'>τε</span> <span class='ocrx_word' id='word_1_478' title='bbox 101 2752 152 2788; x_wconf 84' lang='grc' dir='ltr'>γὰρ</span> <span class='ocrx_word' id='word_1_479' title='bbox 177 2751 312 2782; x_wconf 66' lang='grc' dir='ltr'>νεάζουσιν</span> <span class='ocrx_word' id='word_1_480' title='bbox 340 2748 405 2780; x_wconf 71' lang='grc' dir='ltr'>ἡδὺς</span> <span class='ocrx_word' id='word_1_481' title='bbox 432 2748 463 2779; x_wconf 77' lang='grc' dir='ltr'>ἦν</span> <span class='ocrx_word' id='word_1_482' title='bbox 490 2752 535 2776; x_wconf 78' lang='grc' dir='ltr'>καὶ</span> <span class='ocrx_word' id='word_1_483' title='bbox 558 2752 693 2787; x_wconf 80' lang='grc' dir='ltr'>προσηνὴς</span> <span class='ocrx_word' id='word_1_484' title='bbox 708 2749 803 2785; x_wconf 84' lang='grc' dir='ltr'>ὁμιλῶν</span> <span class='ocrx_word' id='word_1_485' title='bbox 818 2751 862 2775; x_wconf 86' lang='grc' dir='ltr'>καὶ</span> 
     </span>
    </p>
   </div>
   <div class='ocr_carea' id='block_1_63' title="bbox 65 2792 861 2832">
    <p class='ocr_par' dir='ltr' id='par_1_63' title="bbox 65 2792 861 2832">
     <span class='ocr_line' id='line_1_63' title="bbox 65 2792 861 2832; baseline -0.001 -11"><span class='ocrx_word' id='word_1_486' title='bbox 65 2804 165 2832; x_wconf 70' lang='grc' dir='ltr'>χαρίεις</span> <span class='ocrx_word' id='word_1_487' title='bbox 195 2794 219 2820; x_wconf 77' lang='grc' dir='ltr'>ἄν</span> <span class='ocrx_word' id='word_1_488' title='bbox 253 2794 340 2831; x_wconf 77' lang='grc' dir='ltr'>λόγοις</span> <span class='ocrx_word' id='word_1_489' title='bbox 363 2797 408 2821; x_wconf 78' lang='grc' dir='ltr'>καὶ</span> <span class='ocrx_word' id='word_1_490' title='bbox 432 2794 458 2820; x_wconf 68' lang='lat' dir='ltr'>ii.</span> <span class='ocrx_word' id='word_1_491' title='bbox 494 2792 668 2831; x_wconf 77' lang='grc' dir='ltr'>ἄπιτηδεύμαι</span> <span class='ocrx_word' id='word_1_492' title='bbox 695 2793 861 2828; x_wconf 74' lang='grc' dir='ltr'>δεξιώτατος,</span> 
     </span>
    </p>
   </div>
   <div class='ocr_carea' id='block_1_64' title="bbox 651 2570 861 2608">
    <p class='ocr_par' dir='ltr' id='par_1_64' title="bbox 651 2570 861 2608">
     <span class='ocr_line' id='line_1_64' title="bbox 651 2570 861 2608; baseline 0.005 -12"><span class='ocrx_word' id='word_1_493' title='bbox 651 2570 777 2607; x_wconf 76' lang='grc' dir='ltr'>Ἐφιλεῖτο</span> <span class='ocrx_word' id='word_1_494' title='bbox 809 2571 861 2608; x_wconf 82' lang='grc' dir='ltr'>γὰρ</span> 
     </span>
    </p>
   </div>
   <div class='ocr_carea' id='block_1_65' title="bbox 914 247 1737 286">
    <p class='ocr_par' dir='ltr' id='par_1_65' title="bbox 914 247 1737 286">
     <span class='ocr_line' id='line_1_65' title="bbox 914 247 1737 286; baseline 0.005 -11"><span class='ocrx_word' id='word_1_495' title='bbox 914 247 1128 284; x_wconf 85' lang='lat' dir='ltr'>depinxissent,</span> <span class='ocrx_word' id='word_1_496' title='bbox 1140 249 1245 277; x_wconf 83' lang='lat' dir='ltr'>ﬁrmus</span> <span class='ocrx_word' id='word_1_497' title='bbox 1266 258 1302 277; x_wconf 91' lang='lat' dir='ltr'>ac</span> <span class='ocrx_word' id='word_1_498' title='bbox 1320 250 1444 283; x_wconf 82' lang='lat' dir='ltr'>stabilis,</span> <span class='ocrx_word' id='word_1_499' title='bbox 1461 261 1475 275; x_wconf 85' lang='grc'><strong>‹‹</strong></span> <span class='ocrx_word' id='word_1_500' title='bbox 1493 251 1617 278; x_wconf 85' lang='lat' dir='ltr'>Sacrum</span> <span class='ocrx_word' id='word_1_501' title='bbox 1635 251 1703 286; x_wconf 90' lang='lat' dir='ltr'>hoc,</span> <span class='ocrx_word' id='word_1_502' title='bbox 1723 262 1737 276; x_wconf 66' lang='grc' dir='ltr'><strong>η</strong></span> 
     </span>
    </p>
   </div>
   <div class='ocr_carea' id='block_1_66' title="bbox 914 293 1740 330">
    <p class='ocr_par' dir='ltr' id='par_1_66' title="bbox 914 293 1740 330">
     <span class='ocr_line' id='line_1_66' title="bbox 914 293 1740 330; baseline 0.004 -10"><span class='ocrx_word' id='word_1_503' title='bbox 914 293 1020 329; x_wconf 82' lang='lat' dir='ltr'>inquit,</span> <span class='ocrx_word' id='word_1_504' title='bbox 1040 304 1051 318; x_wconf 72' lang='grc' dir='ltr'><strong><em>α</em></strong></span> <span class='ocrx_word' id='word_1_505' title='bbox 1073 293 1204 328; x_wconf 85' lang='lat' dir='ltr'>domine,</span> <span class='ocrx_word' id='word_1_506' title='bbox 1219 302 1354 330; x_wconf 87' lang='lat' dir='ltr'>quonam</span> <span class='ocrx_word' id='word_1_507' title='bbox 1374 297 1496 323; x_wconf 85' lang='lat' dir='ltr'>vocetur</span> <span class='ocrx_word' id='word_1_508' title='bbox 1523 295 1656 329; x_wconf 84' lang='lat' dir='ltr'>nomine,</span> <span class='ocrx_word' id='word_1_509' title='bbox 1677 303 1740 323; x_wconf 90' lang='lat' dir='ltr'>non</span> 
     </span>
    </p>
   </div>
   <div class='ocr_carea' id='block_1_67' title="bbox 914 337 1740 375">
    <p class='ocr_par' dir='ltr' id='par_1_67' title="bbox 914 337 1740 375">
     <span class='ocr_line' id='line_1_67' title="bbox 914 337 1740 375; baseline 0.005 -11"><span class='ocrx_word' id='word_1_510' title='bbox 914 337 995 365; x_wconf 87' lang='lat' dir='ltr'>novi.</span> <span class='ocrx_word' id='word_1_511' title='bbox 1012 338 1077 374; x_wconf 85' lang='lat' dir='ltr'>Ipse</span> <span class='ocrx_word' id='word_1_512' title='bbox 1089 345 1144 373; x_wconf 86' lang='lat' dir='ltr'>ego</span> <span class='ocrx_word' id='word_1_513' title='bbox 1153 342 1293 374; x_wconf 76' lang='lat' dir='ltr'>peccator</span> <span class='ocrx_word' id='word_1_514' title='bbox 1302 348 1369 367; x_wconf 92' lang='lat' dir='ltr'>sum</span> <span class='ocrx_word' id='word_1_515' title='bbox 1382 347 1436 368; x_wconf 88' lang='lat' dir='ltr'>nec</span> <span class='ocrx_word' id='word_1_516' title='bbox 1446 340 1629 375; x_wconf 87' lang='lat' dir='ltr'>ejuscemodi</span> <span class='ocrx_word' id='word_1_517' title='bbox 1641 339 1740 368; x_wconf 88' lang='lat' dir='ltr'>admi-</span> 
     </span>
    </p>
   </div>
   <div class='ocr_carea' id='block_1_68' title="bbox 914 381 1740 420">
    <p class='ocr_par' dir='ltr' id='par_1_68' title="bbox 914 381 1740 420">
     <span class='ocr_line' id='line_1_68' title="bbox 914 381 1740 420; baseline 0.004 -11"><span class='ocrx_word' id='word_1_518' title='bbox 914 381 1011 410; x_wconf 85' lang='lat' dir='ltr'>randa</span> <span class='ocrx_word' id='word_1_519' title='bbox 1025 382 1142 410; x_wconf 78' lang='lat' dir='ltr'>efﬁcere</span> <span class='ocrx_word' id='word_1_520' title='bbox 1149 391 1284 419; x_wconf 88' lang='lat' dir='ltr'>possum.</span> <span class='ocrx_word' id='word_1_521' title='bbox 1299 384 1327 412; x_wconf 88' lang='lat' dir='ltr'>Si</span> <span class='ocrx_word' id='word_1_522' title='bbox 1341 392 1411 412; x_wconf 91' lang='lat' dir='ltr'>vero</span> <span class='ocrx_word' id='word_1_523' title='bbox 1428 388 1457 412; x_wconf 90' lang='lat' dir='ltr'>tu</span> <span class='ocrx_word' id='word_1_524' title='bbox 1468 384 1551 417; x_wconf 88' lang='lat' dir='ltr'>mihi,</span> <span class='ocrx_word' id='word_1_525' title='bbox 1566 385 1617 420; x_wconf 86' lang='lat' dir='ltr'>qui</span> <span class='ocrx_word' id='word_1_526' title='bbox 1629 386 1740 413; x_wconf 83' lang='lat' dir='ltr'>metro-</span> 
     </span>
    </p>
   </div>
   <div class='ocr_carea' id='block_1_69' title="bbox 915 427 1740 466">
    <p class='ocr_par' dir='ltr' id='par_1_69' title="bbox 915 427 1740 466">
     <span class='ocr_line' id='line_1_69' title="bbox 915 427 1740 466; baseline 0.004 -12"><span class='ocrx_word' id='word_1_527' title='bbox 915 427 1008 463; x_wconf 85' lang='lat' dir='ltr'>polita</span> <span class='ocrx_word' id='word_1_528' title='bbox 1021 435 1054 455; x_wconf 88' lang='lat' dir='ltr'>es</span> <span class='ocrx_word' id='word_1_529' title='bbox 1068 430 1096 455; x_wconf 89' lang='lat' dir='ltr'>et</span> <span class='ocrx_word' id='word_1_530' title='bbox 1111 428 1202 456; x_wconf 90' lang='lat' dir='ltr'>homo</span> <span class='ocrx_word' id='word_1_531' title='bbox 1219 429 1349 463; x_wconf 87' lang='lat' dir='ltr'>divinus,</span> <span class='ocrx_word' id='word_1_532' title='bbox 1374 432 1406 457; x_wconf 90' lang='lat' dir='ltr'>ut</span> <span class='ocrx_word' id='word_1_533' title='bbox 1419 429 1449 457; x_wconf 89' lang='lat' dir='ltr'>id</span> <span class='ocrx_word' id='word_1_534' title='bbox 1472 429 1610 466; x_wconf 80' lang='lat' dir='ltr'>expleam</span> <span class='ocrx_word' id='word_1_535' title='bbox 1630 429 1740 457; x_wconf 87' lang='lat' dir='ltr'>adhor-</span> 
     </span>
    </p>
   </div>
   <div class='ocr_carea' id='block_1_70' title="bbox 915 472 1742 510">
    <p class='ocr_par' dir='ltr' id='par_1_70' title="bbox 915 472 1742 510">
     <span class='ocr_line' id='line_1_70' title="bbox 915 472 1742 510; baseline 0.004 -11"><span class='ocrx_word' id='word_1_536' title='bbox 915 472 997 507; x_wconf 87' lang='lat' dir='ltr'>taris,</span> <span class='ocrx_word' id='word_1_537' title='bbox 1018 480 1074 506; x_wconf 80' lang='lat' dir='ltr'>age</span> <span class='ocrx_word' id='word_1_538' title='bbox 1088 475 1120 500; x_wconf 89' lang='lat' dir='ltr'>tu</span> <span class='ocrx_word' id='word_1_539' title='bbox 1134 473 1197 509; x_wconf 90' lang='lat' dir='ltr'>ipse</span> <span class='ocrx_word' id='word_1_540' title='bbox 1216 481 1370 502; x_wconf 85' lang='lat' dir='ltr'>sacrarum</span> <span class='ocrx_word' id='word_1_541' title='bbox 1390 475 1514 502; x_wconf 84' lang='lat' dir='ltr'>vestium</span> <span class='ocrx_word' id='word_1_542' title='bbox 1537 477 1684 510; x_wconf 82' lang='lat' dir='ltr'>apparatu</span> <span class='ocrx_word' id='word_1_543' title='bbox 1699 474 1742 502; x_wconf 92' lang='lat' dir='ltr'>iu-</span> 
     </span>
    </p>
   </div>
   <div class='ocr_carea' id='block_1_71' title="bbox 915 517 1740 554">
    <p class='ocr_par' dir='ltr' id='par_1_71' title="bbox 915 517 1740 554">
     <span class='ocr_line' id='line_1_71' title="bbox 915 517 1740 554; baseline 0.004 -11"><span class='ocrx_word' id='word_1_544' title='bbox 915 517 998 551; x_wconf 86' lang='lat' dir='ltr'>tegro</span> <span class='ocrx_word' id='word_1_545' title='bbox 1005 519 1030 544; x_wconf 92' lang='lat' dir='ltr'>te</span> <span class='ocrx_word' id='word_1_546' title='bbox 1037 517 1500 554; x_wconf 82' lang='lat' dir='ltr'>circumvesti,quemadmodum</span> <span class='ocrx_word' id='word_1_547' title='bbox 1509 519 1616 547; x_wconf 86' lang='lat' dir='ltr'>Sancta</span> <span class='ocrx_word' id='word_1_548' title='bbox 1623 521 1740 546; x_wconf 85' lang='lat' dir='ltr'>sancto-</span> 
     </span>
    </p>
   </div>
   <div class='ocr_carea' id='block_1_72' title="bbox 915 560 1741 599">
    <p class='ocr_par' dir='ltr' id='par_1_72' title="bbox 915 560 1741 599">
     <span class='ocr_line' id='line_1_72' title="bbox 915 560 1741 599; baseline 0.002 -11"><span class='ocrx_word' id='word_1_549' title='bbox 915 568 983 588; x_wconf 91' lang='lat' dir='ltr'>rum</span> <span class='ocrx_word' id='word_1_550' title='bbox 996 560 1112 596; x_wconf 82' lang='lat' dir='ltr'>ingredi</span> <span class='ocrx_word' id='word_1_551' title='bbox 1123 561 1200 589; x_wconf 89' lang='lat' dir='ltr'>soles</span> <span class='ocrx_word' id='word_1_552' title='bbox 1220 566 1250 590; x_wconf 87' lang='lat' dir='ltr'>et</span> <span class='ocrx_word' id='word_1_553' title='bbox 1265 564 1357 590; x_wconf 86' lang='lat' dir='ltr'>Deum</span> <span class='ocrx_word' id='word_1_554' title='bbox 1370 563 1483 599; x_wconf 88' lang='lat' dir='ltr'>alloqui</span> <span class='ocrx_word' id='word_1_555' title='bbox 1496 571 1503 596; x_wconf 89' lang='lat'><strong>;</strong></span> <span class='ocrx_word' id='word_1_556' title='bbox 1519 563 1588 591; x_wconf 91' lang='lat' dir='ltr'>dein</span> <span class='ocrx_word' id='word_1_557' title='bbox 1601 563 1659 591; x_wconf 91' lang='lat' dir='ltr'>tuis</span> <span class='ocrx_word' id='word_1_558' title='bbox 1674 570 1741 591; x_wconf 87' lang='lat' dir='ltr'>ma-</span> 
     </span>
    </p>
   </div>
   <div class='ocr_carea' id='block_1_73' title="bbox 915 605 1740 643">
    <p class='ocr_par' dir='ltr' id='par_1_73' title="bbox 915 605 1740 643">
     <span class='ocr_line' id='line_1_73' title="bbox 915 605 1740 643; baseline 0.005 -11"><span class='ocrx_word' id='word_1_559' title='bbox 915 605 1016 639; x_wconf 88' lang='lat' dir='ltr'>nibus,</span> <span class='ocrx_word' id='word_1_560' title='bbox 1023 606 1133 642; x_wconf 89' lang='lat' dir='ltr'>quibus</span> <span class='ocrx_word' id='word_1_561' title='bbox 1141 607 1236 641; x_wconf 88' lang='lat' dir='ltr'>tangis</span> <span class='ocrx_word' id='word_1_562' title='bbox 1244 611 1470 635; x_wconf 85' lang='lat' dir='ltr'>sacrosanctum</span> <span class='ocrx_word' id='word_1_563' title='bbox 1477 608 1668 643; x_wconf 88' lang='lat' dir='ltr'>sacriﬁcium,</span> <span class='ocrx_word' id='word_1_564' title='bbox 1679 615 1740 636; x_wconf 90' lang='lat' dir='ltr'>cor-</span> 
     </span>
    </p>
   </div>
   <div class='ocr_carea' id='block_1_74' title="bbox 915 651 1740 688">
    <p class='ocr_par' dir='ltr' id='par_1_74' title="bbox 915 651 1740 688">
     <span class='ocr_line' id='line_1_74' title="bbox 915 651 1740 688; baseline 0.004 -11"><span class='ocrx_word' id='word_1_565' title='bbox 915 658 973 686; x_wconf 87' lang='lat' dir='ltr'>pus</span> <span class='ocrx_word' id='word_1_566' title='bbox 991 651 1107 679; x_wconf 87' lang='lat' dir='ltr'>Domini</span> <span class='ocrx_word' id='word_1_567' title='bbox 1121 651 1214 679; x_wconf 81' lang='lat' dir='ltr'>nostri</span> <span class='ocrx_word' id='word_1_568' title='bbox 1231 653 1301 679; x_wconf 83' lang='lat' dir='ltr'>Jesu</span> <span class='ocrx_word' id='word_1_569' title='bbox 1316 652 1434 686; x_wconf 85' lang='lat' dir='ltr'>Christi,</span> <span class='ocrx_word' id='word_1_570' title='bbox 1449 652 1503 688; x_wconf 85' lang='lat' dir='ltr'>qui</span> <span class='ocrx_word' id='word_1_571' title='bbox 1517 660 1572 688; x_wconf 89' lang='lat' dir='ltr'>pro</span> <span class='ocrx_word' id='word_1_572' title='bbox 1585 652 1657 680; x_wconf 85' lang='lat' dir='ltr'>orbe</span> <span class='ocrx_word' id='word_1_573' title='bbox 1672 653 1740 680; x_wconf 91' lang='lat' dir='ltr'>uni-</span> 
     </span>
    </p>
   </div>
   <div class='ocr_carea' id='block_1_75' title="bbox 914 694 1740 732">
    <p class='ocr_par' dir='ltr' id='par_1_75' title="bbox 914 694 1740 732">
     <span class='ocr_line' id='line_1_75' title="bbox 914 694 1740 732; baseline 0.001 -10"><span class='ocrx_word' id='word_1_574' title='bbox 914 694 1132 731; x_wconf 62' lang='lat' dir='ltr'>versozoblatus</span> <span class='ocrx_word' id='word_1_575' title='bbox 1142 697 1187 723; x_wconf 87' lang='lat' dir='ltr'>est</span> <span class='ocrx_word' id='word_1_576' title='bbox 1197 696 1399 732; x_wconf 90' lang='lat' dir='ltr'>continuoque</span> <span class='ocrx_word' id='word_1_577' title='bbox 1411 705 1429 724; x_wconf 87' lang='lat' dir='ltr'>a</span> <span class='ocrx_word' id='word_1_578' title='bbox 1439 696 1525 724; x_wconf 84' lang='lat' dir='ltr'>vobis</span> <span class='ocrx_word' id='word_1_579' title='bbox 1534 697 1740 725; x_wconf 81' lang='lat' dir='ltr'>sacerdotibus</span> 
     </span>
    </p>
   </div>
   <div class='ocr_carea' id='block_1_76' title="bbox 914 739 1741 775">
    <p class='ocr_par' dir='ltr' id='par_1_76' title="bbox 914 739 1741 775">
     <span class='ocr_line' id='line_1_76' title="bbox 914 739 1741 775; baseline 0.002 -8"><span class='ocrx_word' id='word_1_580' title='bbox 914 741 943 767; x_wconf 85' lang='lat' dir='ltr'>et</span> <span class='ocrx_word' id='word_1_581' title='bbox 961 739 1143 775; x_wconf 60' lang='lat' dir='ltr'>praesulibus</span> <span class='ocrx_word' id='word_1_582' title='bbox 1161 740 1294 774; x_wconf 83' lang='lat' dir='ltr'>oﬂ‘ertus,</span> <span class='ocrx_word' id='word_1_583' title='bbox 1311 741 1422 768; x_wconf 88' lang='lat' dir='ltr'>ferrum</span> <span class='ocrx_word' id='word_1_584' title='bbox 1438 741 1510 769; x_wconf 88' lang='lat' dir='ltr'>mihi</span> <span class='ocrx_word' id='word_1_585' title='bbox 1535 741 1696 775; x_wconf 83' lang='lat' dir='ltr'>inﬂamma,</span> <span class='ocrx_word' id='word_1_586' title='bbox 1713 743 1741 769; x_wconf 81' lang='lat' dir='ltr'>et</span> 
     </span>
    </p>
   </div>
   <div class='ocr_carea' id='block_1_77' title="bbox 914 783 1740 822">
    <p class='ocr_par' dir='ltr' id='par_1_77' title="bbox 914 783 1740 822">
     <span class='ocr_line' id='line_1_77' title="bbox 914 783 1740 822; baseline 0.002 -11"><span class='ocrx_word' id='word_1_587' title='bbox 914 783 1021 811; x_wconf 87' lang='lat' dir='ltr'>iisdem</span> <span class='ocrx_word' id='word_1_588' title='bbox 1033 785 1125 812; x_wconf 84' lang='lat' dir='ltr'>sacris</span> <span class='ocrx_word' id='word_1_589' title='bbox 1132 785 1189 812; x_wconf 86' lang='lat' dir='ltr'>tuis</span> <span class='ocrx_word' id='word_1_590' title='bbox 1197 785 1337 813; x_wconf 87' lang='lat' dir='ltr'>manibus</span> <span class='ocrx_word' id='word_1_591' title='bbox 1347 785 1458 813; x_wconf 80' lang='lat' dir='ltr'>ferrum</span> <span class='ocrx_word' id='word_1_592' title='bbox 1467 788 1624 822; x_wconf 87' lang='lat' dir='ltr'>acceptum</span> <span class='ocrx_word' id='word_1_593' title='bbox 1637 785 1740 813; x_wconf 88' lang='lat' dir='ltr'>manui</span> 
     </span>
    </p>
   </div>
   <div class='ocr_carea' id='block_1_78' title="bbox 914 828 1741 865">
    <p class='ocr_par' dir='ltr' id='par_1_78' title="bbox 914 828 1741 865">
     <span class='ocr_line' id='line_1_78' title="bbox 914 828 1741 865; baseline 0.002 -9"><span class='ocrx_word' id='word_1_594' title='bbox 914 836 989 856; x_wconf 71' lang='lat' dir='ltr'>mem</span> <span class='ocrx_word' id='word_1_595' title='bbox 999 828 1130 865; x_wconf 86' lang='lat' dir='ltr'>impone.</span> <span class='ocrx_word' id='word_1_596' title='bbox 1143 829 1188 857; x_wconf 87' lang='lat' dir='ltr'>Sic</span> <span class='ocrx_word' id='word_1_597' title='bbox 1199 830 1278 858; x_wconf 89' lang='lat' dir='ltr'>enim</span> <span class='ocrx_word' id='word_1_598' title='bbox 1290 830 1320 857; x_wconf 88' lang='lat' dir='ltr'>in</span> <span class='ocrx_word' id='word_1_599' title='bbox 1333 831 1459 858; x_wconf 91' lang='lat' dir='ltr'>Domino</span> <span class='ocrx_word' id='word_1_600' title='bbox 1469 838 1535 858; x_wconf 91' lang='lat' dir='ltr'>meo</span> <span class='ocrx_word' id='word_1_601' title='bbox 1549 830 1662 858; x_wconf 87' lang='lat' dir='ltr'>Christo</span> <span class='ocrx_word' id='word_1_602' title='bbox 1673 837 1741 858; x_wconf 92' lang='lat' dir='ltr'>con-</span> 
     </span>
    </p>
   </div>
   <div class='ocr_carea' id='block_1_79' title="bbox 881 873 1741 909">
    <p class='ocr_par' dir='ltr' id='par_1_79' title="bbox 881 873 1741 909">
     <span class='ocr_line' id='line_1_79' title="bbox 881 873 1741 909; baseline 0.002 -9"><span class='ocrx_word' id='word_1_603' title='bbox 881 883 900 909; x_wconf 76' lang='grc' dir='ltr'><strong>Β</strong></span> <span class='ocrx_word' id='word_1_604' title='bbox 914 873 986 908; x_wconf 84' lang='lat' dir='ltr'>ﬁdo,</span> <span class='ocrx_word' id='word_1_605' title='bbox 996 874 1098 901; x_wconf 83' lang='lat' dir='ltr'>omnia</span> <span class='ocrx_word' id='word_1_606' title='bbox 1109 882 1177 902; x_wconf 89' lang='lat' dir='ltr'>eum</span> <span class='ocrx_word' id='word_1_607' title='bbox 1189 883 1257 902; x_wconf 87' lang='lat' dir='ltr'>mea</span> <span class='ocrx_word' id='word_1_608' title='bbox 1269 875 1378 903; x_wconf 88' lang='lat' dir='ltr'>delicta</span> <span class='ocrx_word' id='word_1_609' title='bbox 1393 875 1652 902; x_wconf 86' lang='lat' dir='ltr'>dissimulaturum</span> <span class='ocrx_word' id='word_1_610' title='bbox 1667 875 1741 902; x_wconf 81' lang='lat' dir='ltr'>veri-</span> 
     </span>
    </p>
   </div>
   <div class='ocr_carea' id='block_1_80' title="bbox 915 919 1740 955">
    <p class='ocr_par' dir='ltr' id='par_1_80' title="bbox 915 919 1740 955">
     <span class='ocr_line' id='line_1_80' title="bbox 915 919 1740 955; baseline 0.001 -9"><span class='ocrx_word' id='word_1_611' title='bbox 915 920 1065 954; x_wconf 88' lang='lat' dir='ltr'>tatemque</span> <span class='ocrx_word' id='word_1_612' title='bbox 1080 926 1141 946; x_wconf 92' lang='lat' dir='ltr'>non</span> <span class='ocrx_word' id='word_1_613' title='bbox 1160 919 1223 947; x_wconf 89' lang='lat' dir='ltr'>sine</span> <span class='ocrx_word' id='word_1_614' title='bbox 1239 919 1385 948; x_wconf 85' lang='lat' dir='ltr'>miraculo</span> <span class='ocrx_word' id='word_1_615' title='bbox 1399 920 1628 955; x_wconf 82' lang='lat' dir='ltr'>patefacturum.</span> <span class='ocrx_word' id='word_1_616' title='bbox 1643 931 1653 943; x_wconf 78' lang='grc' dir='ltr'>ι</span> <span class='ocrx_word' id='word_1_617' title='bbox 1674 921 1740 947; x_wconf 74' lang='lat' dir='ltr'>Haec</span> 
     </span>
    </p>
   </div>
   <div class='ocr_carea' id='block_1_81' title="bbox 916 964 1740 1001">
    <p class='ocr_par' dir='ltr' id='par_1_81' title="bbox 916 964 1740 1001">
     <span class='ocr_line' id='line_1_81' title="bbox 916 964 1740 1001; baseline 0.001 -10"><span class='ocrx_word' id='word_1_618' title='bbox 916 964 1046 991; x_wconf 88' lang='lat' dir='ltr'>Comnen</span> <span class='ocrx_word' id='word_1_619' title='bbox 1051 971 1085 991; x_wconf 90' lang='lat' dir='ltr'>us</span> <span class='ocrx_word' id='word_1_620' title='bbox 1091 964 1213 992; x_wconf 86' lang='lat' dir='ltr'>Michael</span> <span class='ocrx_word' id='word_1_621' title='bbox 1220 964 1347 992; x_wconf 83' lang='lat' dir='ltr'>dixerat.</span> <span class='ocrx_word' id='word_1_622' title='bbox 1365 966 1397 992; x_wconf 85' lang='lat' dir='ltr'>Et</span> <span class='ocrx_word' id='word_1_623' title='bbox 1405 965 1602 1001; x_wconf 87' lang='lat' dir='ltr'>metropolita,</span> <span class='ocrx_word' id='word_1_624' title='bbox 1611 974 1626 991; x_wconf 87' lang='grc'><strong>‹</strong></span> <span class='ocrx_word' id='word_1_625' title='bbox 1633 965 1654 992; x_wconf 94' lang='grc' dir='ltr'>Ο</span> <span class='ocrx_word' id='word_1_626' title='bbox 1661 964 1740 992; x_wconf 91' lang='lat' dir='ltr'>bone</span> 
     </span>
    </p>
   </div>
   <div class='ocr_carea' id='block_1_82' title="bbox 914 1008 1740 1045">
    <p class='ocr_par' dir='ltr' id='par_1_82' title="bbox 914 1008 1740 1045">
     <span class='ocr_line' id='line_1_82' title="bbox 914 1008 1740 1045; baseline 0.001 -10"><span class='ocrx_word' id='word_1_627' title='bbox 914 1008 1042 1045; x_wconf 82' lang='lat' dir='ltr'>juvenis,</span> <span class='ocrx_word' id='word_1_628' title='bbox 1059 1019 1073 1033; x_wconf 70' lang='grc' dir='ltr'><strong>η</strong></span> <span class='ocrx_word' id='word_1_629' title='bbox 1089 1008 1195 1044; x_wconf 88' lang='lat' dir='ltr'>inquit,</span> <span class='ocrx_word' id='word_1_630' title='bbox 1204 1020 1216 1034; x_wconf 80' lang='grc' dir='ltr'>α</span> <span class='ocrx_word' id='word_1_631' title='bbox 1225 1009 1283 1037; x_wconf 90' lang='lat' dir='ltr'>hoc</span> <span class='ocrx_word' id='word_1_632' title='bbox 1290 1017 1388 1045; x_wconf 89' lang='lat' dir='ltr'>neque</span> <span class='ocrx_word' id='word_1_633' title='bbox 1398 1009 1491 1037; x_wconf 85' lang='lat' dir='ltr'>nostri</span> <span class='ocrx_word' id='word_1_634' title='bbox 1501 1017 1600 1045; x_wconf 88' lang='lat' dir='ltr'>neque</span> <span class='ocrx_word' id='word_1_635' title='bbox 1614 1008 1740 1036; x_wconf 79' lang='lat' dir='ltr'>Romani</span> 
     </span>
    </p>
   </div>
   <div class='ocr_carea' id='block_1_83' title="bbox 914 1052 1740 1088">
    <p class='ocr_par' dir='ltr' id='par_1_83' title="bbox 914 1052 1740 1088">
     <span class='ocr_line' id='line_1_83' title="bbox 914 1052 1740 1088; baseline 0.001 -8"><span class='ocrx_word' id='word_1_636' title='bbox 914 1052 1040 1081; x_wconf 87' lang='lat' dir='ltr'>instituti</span> <span class='ocrx_word' id='word_1_637' title='bbox 1059 1060 1157 1088; x_wconf 90' lang='lat' dir='ltr'>neque</span> <span class='ocrx_word' id='word_1_638' title='bbox 1177 1053 1385 1082; x_wconf 62' lang='lat' dir='ltr'>ecclesiasticae</span> <span class='ocrx_word' id='word_1_639' title='bbox 1411 1053 1586 1082; x_wconf 77' lang='lat' dir='ltr'>traditionis.</span> <span class='ocrx_word' id='word_1_640' title='bbox 1609 1053 1673 1080; x_wconf 89' lang='lat' dir='ltr'>Imo</span> <span class='ocrx_word' id='word_1_641' title='bbox 1687 1060 1740 1081; x_wconf 88' lang='lat' dir='ltr'>ne-</span> 
     </span>
    </p>
   </div>
   <div class='ocr_carea' id='block_1_84' title="bbox 915 1097 1740 1134">
    <p class='ocr_par' dir='ltr' id='par_1_84' title="bbox 915 1097 1740 1134">
     <span class='ocr_line' id='line_1_84' title="bbox 915 1097 1740 1134; baseline 0 -9"><span class='ocrx_word' id='word_1_642' title='bbox 915 1105 974 1134; x_wconf 86' lang='lat' dir='ltr'>que</span> <span class='ocrx_word' id='word_1_643' title='bbox 985 1105 1020 1125; x_wconf 80' lang='lat' dir='ltr'>ex</span> <span class='ocrx_word' id='word_1_644' title='bbox 1034 1097 1162 1133; x_wconf 88' lang='lat' dir='ltr'>legibus,</span> <span class='ocrx_word' id='word_1_645' title='bbox 1178 1105 1275 1134; x_wconf 90' lang='lat' dir='ltr'>neque</span> <span class='ocrx_word' id='word_1_646' title='bbox 1303 1098 1386 1134; x_wconf 90' lang='lat' dir='ltr'>prius</span> <span class='ocrx_word' id='word_1_647' title='bbox 1416 1106 1431 1126; x_wconf 89' lang='lat' dir='ltr'>e</span> <span class='ocrx_word' id='word_1_648' title='bbox 1459 1098 1550 1126; x_wconf 82' lang='lat' dir='ltr'>sacris</span> <span class='ocrx_word' id='word_1_649' title='bbox 1575 1105 1610 1126; x_wconf 86' lang='lat' dir='ltr'>ac</span> <span class='ocrx_word' id='word_1_650' title='bbox 1633 1097 1740 1125; x_wconf 84' lang='lat' dir='ltr'>divinis</span> 
     </span>
    </p>
   </div>
   <div class='ocr_carea' id='block_1_85' title="bbox 915 1141 1740 1180">
    <p class='ocr_par' dir='ltr' id='par_1_85' title="bbox 915 1141 1740 1180">
     <span class='ocr_line' id='line_1_85' title="bbox 915 1141 1740 1180; baseline -0.001 -11"><span class='ocrx_word' id='word_1_651' title='bbox 915 1141 1081 1170; x_wconf 85' lang='lat' dir='ltr'>canonibus</span> <span class='ocrx_word' id='word_1_652' title='bbox 1101 1141 1296 1178; x_wconf 85' lang='lat' dir='ltr'>desumptum</span> <span class='ocrx_word' id='word_1_653' title='bbox 1319 1144 1373 1170; x_wconf 90' lang='lat' dir='ltr'>est.</span> <span class='ocrx_word' id='word_1_654' title='bbox 1391 1143 1476 1180; x_wconf 82' lang='lat'>105</span> <span class='ocrx_word' id='word_1_655' title='bbox 1493 1142 1550 1170; x_wconf 90' lang='lat' dir='ltr'>Sed</span> <span class='ocrx_word' id='word_1_656' title='bbox 1564 1141 1740 1170; x_wconf 83' lang='lat' dir='ltr'>barbaricus</span> 
     </span>
    </p>
   </div>
   <div class='ocr_carea' id='block_1_86' title="bbox 916 1186 1741 1223">
    <p class='ocr_par' dir='ltr' id='par_1_86' title="bbox 916 1186 1741 1223">
     <span class='ocr_line' id='line_1_86' title="bbox 916 1186 1741 1223; baseline -0.001 -9"><span class='ocrx_word' id='word_1_657' title='bbox 916 1188 960 1214; x_wconf 86' lang='lat' dir='ltr'>est</span> <span class='ocrx_word' id='word_1_658' title='bbox 972 1186 1028 1214; x_wconf 88' lang='lat' dir='ltr'>iste</span> <span class='ocrx_word' id='word_1_659' title='bbox 1042 1186 1161 1219; x_wconf 87' lang='lat' dir='ltr'>modus,</span> <span class='ocrx_word' id='word_1_660' title='bbox 1176 1187 1324 1223; x_wconf 86' lang='lat' dir='ltr'>nobisque</span> <span class='ocrx_word' id='word_1_661' title='bbox 1339 1187 1462 1215; x_wconf 89' lang='lat' dir='ltr'>minime</span> <span class='ocrx_word' id='word_1_662' title='bbox 1477 1190 1577 1218; x_wconf 89' lang='lat' dir='ltr'>notus,</span> <span class='ocrx_word' id='word_1_663' title='bbox 1593 1187 1741 1222; x_wconf 89' lang='lat' dir='ltr'>quijussu</span> 
     </span>
    </p>
   </div>
   <div class='ocr_carea' id='block_1_87' title="bbox 915 1231 1742 1267">
    <p class='ocr_par' dir='ltr' id='par_1_87' title="bbox 915 1231 1742 1267">
     <span class='ocr_line' id='line_1_87' title="bbox 915 1231 1742 1267; baseline -0.001 -8"><span class='ocrx_word' id='word_1_664' title='bbox 915 1233 1032 1259; x_wconf 86' lang='lat' dir='ltr'>tantum</span> <span class='ocrx_word' id='word_1_665' title='bbox 1045 1231 1237 1267; x_wconf 87' lang='lat' dir='ltr'>imperatorio</span> <span class='ocrx_word' id='word_1_666' title='bbox 1252 1231 1294 1260; x_wconf 84' lang='lat' dir='ltr'>fit.</span> <span class='ocrx_word' id='word_1_667' title='bbox 1310 1241 1325 1258; x_wconf 88' lang='grc'><strong>›</strong></span> <span class='ocrx_word' id='word_1_668' title='bbox 1340 1233 1373 1260; x_wconf 88' lang='lat' dir='ltr'>Et</span> <span class='ocrx_word' id='word_1_669' title='bbox 1387 1232 1444 1264; x_wconf 88' lang='lat' dir='ltr'>ille,</span> <span class='ocrx_word' id='word_1_670' title='bbox 1463 1243 1477 1257; x_wconf 90' lang='lat'><strong>«</strong></span> <span class='ocrx_word' id='word_1_671' title='bbox 1500 1233 1521 1260; x_wconf 97' lang='grc' dir='ltr'><strong>Ο</strong></span> <span class='ocrx_word' id='word_1_672' title='bbox 1548 1231 1678 1259; x_wconf 79' lang='lat' dir='ltr'>maxime</span> <span class='ocrx_word' id='word_1_673' title='bbox 1691 1231 1742 1258; x_wconf 89' lang='lat' dir='ltr'>Dei</span> 
     </span>
    </p>
   </div>
   <div class='ocr_carea' id='block_1_88' title="bbox 916 1275 1742 1313">
    <p class='ocr_par' dir='ltr' id='par_1_88' title="bbox 916 1275 1742 1313">
     <span class='ocr_line' id='line_1_88' title="bbox 916 1275 1742 1313; baseline -0.001 -9"><span class='ocrx_word' id='word_1_674' title='bbox 916 1275 1049 1309; x_wconf 85' lang='lat' dir='ltr'>antistes,</span> <span class='ocrx_word' id='word_1_675' title='bbox 1066 1275 1089 1303; x_wconf 90' lang='lat' dir='ltr'>si</span> <span class='ocrx_word' id='word_1_676' title='bbox 1105 1284 1141 1304; x_wconf 81' lang='lat' dir='ltr'>ex</span> <span class='ocrx_word' id='word_1_677' title='bbox 1164 1276 1303 1304; x_wconf 81' lang='lat' dir='ltr'>barbaris</span> <span class='ocrx_word' id='word_1_678' title='bbox 1330 1276 1396 1313; x_wconf 89' lang='lat' dir='ltr'>ipse</span> <span class='ocrx_word' id='word_1_679' title='bbox 1423 1284 1519 1312; x_wconf 84' lang='lat' dir='ltr'>genus</span> <span class='ocrx_word' id='word_1_680' title='bbox 1544 1276 1685 1304; x_wconf 85' lang='lat' dir='ltr'>ducerem</span> <span class='ocrx_word' id='word_1_681' title='bbox 1713 1277 1742 1303; x_wconf 87' lang='lat' dir='ltr'>et</span> 
     </span>
    </p>
   </div>
   <div class='ocr_carea' id='block_1_89' title="bbox 914 1319 1741 1355">
    <p class='ocr_par' dir='ltr' id='par_1_89' title="bbox 914 1319 1741 1355">
     <span class='ocr_line' id='line_1_89' title="bbox 914 1319 1741 1355; baseline -0.001 -7"><span class='ocrx_word' id='word_1_682' title='bbox 914 1319 1080 1348; x_wconf 83' lang='lat' dir='ltr'>barbaricis</span> <span class='ocrx_word' id='word_1_683' title='bbox 1093 1321 1228 1348; x_wconf 88' lang='lat' dir='ltr'>moribus</span> <span class='ocrx_word' id='word_1_684' title='bbox 1239 1321 1384 1349; x_wconf 89' lang='lat' dir='ltr'>enutritus</span> <span class='ocrx_word' id='word_1_685' title='bbox 1401 1324 1452 1350; x_wconf 85' lang='lat' dir='ltr'>aut</span> <span class='ocrx_word' id='word_1_686' title='bbox 1465 1321 1613 1349; x_wconf 89' lang='lat' dir='ltr'>similibus</span> <span class='ocrx_word' id='word_1_687' title='bbox 1625 1320 1741 1355; x_wconf 79' lang='lat' dir='ltr'>legibus</span> 
     </span>
    </p>
   </div>
   <div class='ocr_carea' id='block_1_90' title="bbox 915 1365 1742 1401">
    <p class='ocr_par' dir='ltr' id='par_1_90' title="bbox 915 1365 1742 1401">
     <span class='ocr_line' id='line_1_90' title="bbox 915 1365 1742 1401; baseline 0 -9"><span class='ocrx_word' id='word_1_688' title='bbox 915 1365 1078 1393; x_wconf 85' lang='lat' dir='ltr'>instructus</span> <span class='ocrx_word' id='word_1_689' title='bbox 1092 1365 1227 1399; x_wconf 86' lang='lat' dir='ltr'>fuissem,</span> <span class='ocrx_word' id='word_1_690' title='bbox 1243 1365 1402 1394; x_wconf 84' lang='lat' dir='ltr'>barbarico</span> <span class='ocrx_word' id='word_1_691' title='bbox 1421 1366 1510 1394; x_wconf 85' lang='lat' dir='ltr'>etiam</span> <span class='ocrx_word' id='word_1_692' title='bbox 1531 1366 1623 1393; x_wconf 90' lang='lat' dir='ltr'>modo</span> <span class='ocrx_word' id='word_1_693' title='bbox 1636 1372 1742 1401; x_wconf 67' lang='lat' dir='ltr'>poenas</span> 
     </span>
    </p>
   </div>
   <div class='ocr_carea' id='block_1_91' title="bbox 915 1409 1743 1445">
    <p class='ocr_par' dir='ltr' id='par_1_91' title="bbox 915 1409 1743 1445">
     <span class='ocr_line' id='line_1_91' title="bbox 915 1409 1743 1445; baseline -0.001 -7"><span class='ocrx_word' id='word_1_694' title='bbox 915 1410 1038 1438; x_wconf 90' lang='lat' dir='ltr'>lucrem.</span> <span class='ocrx_word' id='word_1_695' title='bbox 1053 1409 1111 1437; x_wconf 88' lang='lat' dir='ltr'>Sed</span> <span class='ocrx_word' id='word_1_696' title='bbox 1134 1410 1157 1437; x_wconf 91' lang='lat' dir='ltr'>si</span> <span class='ocrx_word' id='word_1_697' title='bbox 1174 1411 1326 1438; x_wconf 81' lang='lat' dir='ltr'>Romanus</span> <span class='ocrx_word' id='word_1_698' title='bbox 1341 1413 1369 1438; x_wconf 92' lang='lat' dir='ltr'>et</span> <span class='ocrx_word' id='word_1_699' title='bbox 1382 1418 1419 1438; x_wconf 87' lang='lat' dir='ltr'>ex</span> <span class='ocrx_word' id='word_1_700' title='bbox 1433 1411 1587 1445; x_wconf 81' lang='lat' dir='ltr'>Romanis,</span> <span class='ocrx_word' id='word_1_701' title='bbox 1601 1409 1743 1438; x_wconf 83' lang='lat' dir='ltr'>Romanis</span> 
     </span>
    </p>
   </div>
   <div class='ocr_carea' id='block_1_92' title="bbox 916 1454 1742 1490">
    <p class='ocr_par' dir='ltr' id='par_1_92' title="bbox 916 1454 1742 1490">
     <span class='ocr_line' id='line_1_92' title="bbox 916 1454 1742 1490; baseline 0.001 -9"><span class='ocrx_word' id='word_1_702' title='bbox 916 1454 1032 1489; x_wconf 83' lang='lat' dir='ltr'>legibus</span> <span class='ocrx_word' id='word_1_703' title='bbox 1045 1456 1074 1482; x_wconf 90' lang='lat' dir='ltr'>et</span> <span class='ocrx_word' id='word_1_704' title='bbox 1093 1454 1208 1490; x_wconf 86' lang='lat' dir='ltr'>scriptis</span> <span class='ocrx_word' id='word_1_705' title='bbox 1220 1454 1431 1482; x_wconf 85' lang='lat' dir='ltr'>traditionibus</span> <span class='ocrx_word' id='word_1_706' title='bbox 1440 1455 1588 1490; x_wconf 83' lang='lat' dir='ltr'>judicium</span> <span class='ocrx_word' id='word_1_707' title='bbox 1606 1454 1742 1482; x_wconf 81' lang='lat' dir='ltr'>termine-</span> 
     </span>
    </p>
   </div>
   <div class='ocr_carea' id='block_1_93' title="bbox 917 1498 1742 1535">
    <p class='ocr_par' dir='ltr' id='par_1_93' title="bbox 917 1498 1742 1535">
     <span class='ocr_line' id='line_1_93' title="bbox 917 1498 1742 1535; baseline -0.002 -8"><span class='ocrx_word' id='word_1_708' title='bbox 917 1501 973 1527; x_wconf 88' lang='lat' dir='ltr'>tur.</span> <span class='ocrx_word' id='word_1_709' title='bbox 983 1509 994 1523; x_wconf 69' lang='grc' dir='ltr'>ι</span> <span class='ocrx_word' id='word_1_710' title='bbox 1009 1498 1164 1534; x_wconf 85' lang='lat' dir='ltr'>Illeitaque</span> <span class='ocrx_word' id='word_1_711' title='bbox 1168 1498 1287 1534; x_wconf 88' lang='lat' dir='ltr'>juvenis</span> <span class='ocrx_word' id='word_1_712' title='bbox 1300 1499 1490 1527; x_wconf 86' lang='lat' dir='ltr'>sermonibus</span> <span class='ocrx_word' id='word_1_713' title='bbox 1502 1499 1588 1535; x_wconf 87' lang='lat' dir='ltr'>quasi</span> <span class='ocrx_word' id='word_1_714' title='bbox 1599 1499 1742 1526; x_wconf 83' lang='lat' dir='ltr'>attonitus</span> 
     </span>
    </p>
   </div>
   <div class='ocr_carea' id='block_1_94' title="bbox 918 1543 1742 1580">
    <p class='ocr_par' dir='ltr' id='par_1_94' title="bbox 918 1543 1742 1580">
     <span class='ocr_line' id='line_1_94' title="bbox 918 1543 1742 1580; baseline -0.001 -9"><span class='ocrx_word' id='word_1_715' title='bbox 918 1543 1049 1580; x_wconf 80' lang='lat' dir='ltr'>(Michael</span> <span class='ocrx_word' id='word_1_716' title='bbox 1060 1551 1192 1579; x_wconf 86' lang='lat' dir='ltr'>namque</span> <span class='ocrx_word' id='word_1_717' title='bbox 1207 1544 1378 1571; x_wconf 88' lang='lat' dir='ltr'>Comnenus</span> <span class='ocrx_word' id='word_1_718' title='bbox 1395 1543 1557 1580; x_wconf 84' lang='lat' dir='ltr'>septimum</span> <span class='ocrx_word' id='word_1_719' title='bbox 1572 1545 1642 1571; x_wconf 92' lang='lat' dir='ltr'>tunc</span> <span class='ocrx_word' id='word_1_720' title='bbox 1660 1545 1689 1570; x_wconf 87' lang='lat' dir='ltr'>et</span> <span class='ocrx_word' id='word_1_721' title='bbox 1701 1543 1742 1571; x_wconf 90' lang='lat' dir='ltr'>vi-</span> 
     </span>
    </p>
   </div>
   <div class='ocr_carea' id='block_1_95' title="bbox 919 1587 1743 1624">
    <p class='ocr_par' dir='ltr' id='par_1_95' title="bbox 919 1587 1743 1624">
     <span class='ocr_line' id='line_1_95' title="bbox 919 1587 1743 1624; baseline -0.002 -8"><span class='ocrx_word' id='word_1_722' title='bbox 919 1588 1066 1623; x_wconf 89' lang='lat' dir='ltr'>gesimum</span> <span class='ocrx_word' id='word_1_723' title='bbox 1088 1595 1201 1616; x_wconf 87' lang='lat' dir='ltr'>annum</span> <span class='ocrx_word' id='word_1_724' title='bbox 1222 1587 1355 1622; x_wconf 81' lang='lat' dir='ltr'>agebat),</span> <span class='ocrx_word' id='word_1_725' title='bbox 1375 1590 1403 1615; x_wconf 89' lang='lat' dir='ltr'>et</span> <span class='ocrx_word' id='word_1_726' title='bbox 1421 1587 1504 1624; x_wconf 90' lang='lat' dir='ltr'>quod</span> <span class='ocrx_word' id='word_1_727' title='bbox 1523 1587 1553 1615; x_wconf 92' lang='lat' dir='ltr'>in</span> <span class='ocrx_word' id='word_1_728' title='bbox 1575 1587 1743 1615; x_wconf 82' lang='lat' dir='ltr'>infortuniis</span> 
     </span>
    </p>
   </div>
   <div class='ocr_carea' id='block_1_96' title="bbox 918 1631 1744 1667">
    <p class='ocr_par' dir='ltr' id='par_1_96' title="bbox 918 1631 1744 1667">
     <span class='ocr_line' id='line_1_96' title="bbox 918 1631 1744 1667; baseline -0.002 -7"><span class='ocrx_word' id='word_1_729' title='bbox 918 1632 991 1660; x_wconf 89' lang='lat' dir='ltr'>nihil</span> <span class='ocrx_word' id='word_1_730' title='bbox 1010 1632 1048 1660; x_wconf 89' lang='lat' dir='ltr'>de</span> <span class='ocrx_word' id='word_1_731' title='bbox 1070 1631 1222 1667; x_wconf 81' lang='lat' dir='ltr'>generosis</span> <span class='ocrx_word' id='word_1_732' title='bbox 1248 1632 1480 1666; x_wconf 79' lang='lat' dir='ltr'>cogitationibus</span> <span class='ocrx_word' id='word_1_733' title='bbox 1503 1631 1669 1659; x_wconf 88' lang='lat' dir='ltr'>demitteret</span> <span class='ocrx_word' id='word_1_734' title='bbox 1688 1639 1744 1659; x_wconf 85' lang='lat' dir='ltr'>nec</span> 
     </span>
    </p>
   </div>
   <div class='ocr_carea' id='block_1_97' title="bbox 919 1676 1743 1712">
    <p class='ocr_par' dir='ltr' id='par_1_97' title="bbox 919 1676 1743 1712">
     <span class='ocr_line' id='line_1_97' title="bbox 919 1676 1743 1712; baseline -0.001 -7"><span class='ocrx_word' id='word_1_735' title='bbox 919 1677 1134 1706; x_wconf 79' lang='lat' dir='ltr'>sententiarum</span> <span class='ocrx_word' id='word_1_736' title='bbox 1151 1677 1340 1712; x_wconf 86' lang='lat' dir='ltr'>ingeniosum</span> <span class='ocrx_word' id='word_1_737' title='bbox 1355 1685 1390 1704; x_wconf 85' lang='lat' dir='ltr'>ac</span> <span class='ocrx_word' id='word_1_738' title='bbox 1404 1677 1542 1704; x_wconf 89' lang='lat' dir='ltr'>dextrum</span> <span class='ocrx_word' id='word_1_739' title='bbox 1562 1676 1683 1708; x_wconf 85' lang='lat' dir='ltr'>laxaret,</span> <span class='ocrx_word' id='word_1_740' title='bbox 1705 1676 1743 1704; x_wconf 86' lang='lat' dir='ltr'>ad</span> 
     </span>
    </p>
   </div>
   <div class='ocr_carea' id='block_1_98' title="bbox 918 1721 1743 1758">
    <p class='ocr_par' dir='ltr' id='par_1_98' title="bbox 918 1721 1743 1758">
     <span class='ocr_line' id='line_1_98' title="bbox 918 1721 1743 1758; baseline -0.002 -8"><span class='ocrx_word' id='word_1_741' title='bbox 918 1722 1130 1758; x_wconf 83' lang='lat' dir='ltr'>imperatorem</span> <span class='ocrx_word' id='word_1_742' title='bbox 1146 1721 1283 1751; x_wconf 87' lang='lat' dir='ltr'>accurrit.</span> <span class='ocrx_word' id='word_1_743' title='bbox 1299 1724 1328 1749; x_wconf 90' lang='lat' dir='ltr'>et</span> <span class='ocrx_word' id='word_1_744' title='bbox 1341 1729 1481 1758; x_wconf 79' lang='lat' dir='ltr'>quaenam</span> <span class='ocrx_word' id='word_1_745' title='bbox 1496 1721 1560 1757; x_wconf 90' lang='lat' dir='ltr'>ipse</span> <span class='ocrx_word' id='word_1_746' title='bbox 1573 1721 1679 1749; x_wconf 79' lang='lat' dir='ltr'>dixerit</span> <span class='ocrx_word' id='word_1_747' title='bbox 1693 1729 1743 1749; x_wconf 90' lang='lat' dir='ltr'>ne-</span> 
     </span>
    </p>
   </div>
   <div class='ocr_carea' id='block_1_99' title="bbox 919 1764 1744 1801">
    <p class='ocr_par' dir='ltr' id='par_1_99' title="bbox 919 1764 1744 1801">
     <span class='ocr_line' id='line_1_99' title="bbox 919 1764 1744 1801; baseline 0 -8"><span class='ocrx_word' id='word_1_748' title='bbox 919 1766 992 1800; x_wconf 89' lang='lat' dir='ltr'>scio,</span> <span class='ocrx_word' id='word_1_749' title='bbox 1006 1768 1137 1794; x_wconf 85' lang='lat' dir='ltr'>attamen</span> <span class='ocrx_word' id='word_1_750' title='bbox 1150 1765 1235 1793; x_wconf 92' lang='lat' dir='ltr'>illum</span> <span class='ocrx_word' id='word_1_751' title='bbox 1250 1773 1439 1801; x_wconf 73' lang='lat' dir='ltr'>qumcunque</span> <span class='ocrx_word' id='word_1_752' title='bbox 1455 1765 1602 1799; x_wconf 85' lang='lat' dir='ltr'>audierat,</span> <span class='ocrx_word' id='word_1_753' title='bbox 1615 1773 1671 1793; x_wconf 85' lang='lat' dir='ltr'>nec</span> <span class='ocrx_word' id='word_1_754' title='bbox 1686 1764 1744 1793; x_wconf 86' lang='lat' dir='ltr'>alia</span> 
     </span>
    </p>
   </div>
   <div class='ocr_carea' id='block_1_100' title="bbox 918 1809 1745 1846">
    <p class='ocr_par' dir='ltr' id='par_1_100' title="bbox 918 1809 1745 1846">
     <span class='ocr_line' id='line_1_100' title="bbox 918 1809 1745 1846; baseline 0 -9"><span class='ocrx_word' id='word_1_755' title='bbox 918 1810 1031 1838; x_wconf 82' lang='lat' dir='ltr'>dixisse</span> <span class='ocrx_word' id='word_1_756' title='bbox 1040 1809 1153 1845; x_wconf 86' lang='lat' dir='ltr'>judico.</span> <span class='ocrx_word' id='word_1_757' title='bbox 1165 1810 1256 1844; x_wconf 83' lang='lat' dir='ltr'>Igitur</span> <span class='ocrx_word' id='word_1_758' title='bbox 1270 1809 1431 1846; x_wconf 86' lang='lat' dir='ltr'>imperator</span> <span class='ocrx_word' id='word_1_759' title='bbox 1457 1812 1528 1845; x_wconf 89' lang='lat' dir='ltr'>post</span> <span class='ocrx_word' id='word_1_760' title='bbox 1539 1810 1623 1837; x_wconf 86' lang='lat' dir='ltr'>varia</span> <span class='ocrx_word' id='word_1_761' title='bbox 1637 1809 1745 1838; x_wconf 86' lang='lat' dir='ltr'>multa-</span> 
     </span>
    </p>
   </div>
   <div class='ocr_carea' id='block_1_101' title="bbox 918 1854 1744 1891">
    <p class='ocr_par' dir='ltr' id='par_1_101' title="bbox 918 1854 1744 1891">
     <span class='ocr_line' id='line_1_101' title="bbox 918 1854 1744 1891; baseline 0 -9"><span class='ocrx_word' id='word_1_762' title='bbox 918 1863 976 1891; x_wconf 89' lang='lat' dir='ltr'>que</span> <span class='ocrx_word' id='word_1_763' title='bbox 991 1855 1195 1890; x_wconf 86' lang='lat' dir='ltr'>experimenta</span> <span class='ocrx_word' id='word_1_764' title='bbox 1209 1854 1319 1882; x_wconf 87' lang='lat' dir='ltr'>nullius</span> <span class='ocrx_word' id='word_1_765' title='bbox 1335 1854 1469 1882; x_wconf 85' lang='lat' dir='ltr'>criminis</span> <span class='ocrx_word' id='word_1_766' title='bbox 1495 1857 1547 1882; x_wconf 83' lang='lat' dir='ltr'>aut</span> <span class='ocrx_word' id='word_1_767' title='bbox 1571 1854 1640 1882; x_wconf 86' lang='lat' dir='ltr'>facti</span> <span class='ocrx_word' id='word_1_768' title='bbox 1659 1862 1744 1882; x_wconf 90' lang='lat' dir='ltr'>reum</span> 
     </span>
    </p>
   </div>
   <div class='ocr_carea' id='block_1_102' title="bbox 919 1898 1744 1935">
    <p class='ocr_par' dir='ltr' id='par_1_102' title="bbox 919 1898 1744 1935">
     <span class='ocr_line' id='line_1_102' title="bbox 919 1898 1744 1935; baseline -0.001 -8"><span class='ocrx_word' id='word_1_769' title='bbox 919 1898 1089 1928; x_wconf 82' lang='lat' dir='ltr'>Michaelem</span> <span class='ocrx_word' id='word_1_770' title='bbox 1103 1900 1289 1927; x_wconf 90' lang='lat' dir='ltr'>Comnenum</span> <span class='ocrx_word' id='word_1_771' title='bbox 1298 1898 1504 1935; x_wconf 88' lang='lat' dir='ltr'>deprehendit,</span> <span class='ocrx_word' id='word_1_772' title='bbox 1519 1906 1615 1934; x_wconf 88' lang='lat' dir='ltr'>eoque</span> <span class='ocrx_word' id='word_1_773' title='bbox 1628 1898 1744 1934; x_wconf 90' lang='lat' dir='ltr'>potissi-</span> 
     </span>
    </p>
   </div>
   <div class='ocr_carea' id='block_1_103' title="bbox 918 1943 1745 1980">
    <p class='ocr_par' dir='ltr' id='par_1_103' title="bbox 918 1943 1745 1980">
     <span class='ocr_line' id='line_1_103' title="bbox 918 1943 1745 1980; baseline 0 -9"><span class='ocrx_word' id='word_1_774' title='bbox 918 1952 1013 1977; x_wconf 82' lang='lat' dir='ltr'>mum,</span> <span class='ocrx_word' id='word_1_775' title='bbox 1021 1943 1103 1980; x_wconf 87' lang='lat' dir='ltr'>quod</span> <span class='ocrx_word' id='word_1_776' title='bbox 1110 1943 1298 1971; x_wconf 80' lang='lat' dir='ltr'>innocentem</span> <span class='ocrx_word' id='word_1_777' title='bbox 1307 1946 1515 1972; x_wconf 90' lang='lat' dir='ltr'>etsermonum</span> <span class='ocrx_word' id='word_1_778' title='bbox 1524 1946 1550 1971; x_wconf 87' lang='lat' dir='ltr'>et</span> <span class='ocrx_word' id='word_1_779' title='bbox 1556 1943 1745 1978; x_wconf 83' lang='lat' dir='ltr'>ﬂagellorum</span> 
     </span>
    </p>
   </div>
   <div class='ocr_carea' id='block_1_104' title="bbox 918 1988 1744 2024">
    <p class='ocr_par' dir='ltr' id='par_1_104' title="bbox 918 1988 1744 2024">
     <span class='ocr_line' id='line_1_104' title="bbox 918 1988 1744 2024; baseline 0 -8"><span class='ocrx_word' id='word_1_780' title='bbox 918 1989 946 2017; x_wconf 89' lang='lat' dir='ltr'>vi</span> <span class='ocrx_word' id='word_1_781' title='bbox 960 1996 1046 2016; x_wconf 90' lang='lat' dir='ltr'>reum</span> <span class='ocrx_word' id='word_1_782' title='bbox 1060 1990 1226 2024; x_wconf 84' lang='lat' dir='ltr'>perageret.</span> <span class='ocrx_word' id='word_1_783' title='bbox 1251 1989 1361 2016; x_wconf 89' lang='lat' dir='ltr'>Omnes</span> <span class='ocrx_word' id='word_1_784' title='bbox 1383 1989 1464 2016; x_wconf 89' lang='lat' dir='ltr'>enim</span> <span class='ocrx_word' id='word_1_785' title='bbox 1483 1988 1545 2016; x_wconf 90' lang='lat' dir='ltr'>sive</span> <span class='ocrx_word' id='word_1_786' title='bbox 1569 1988 1662 2016; x_wconf 88' lang='lat' dir='ltr'>Latini</span> <span class='ocrx_word' id='word_1_787' title='bbox 1683 1988 1744 2016; x_wconf 86' lang='lat' dir='ltr'>sive</span> 
     </span>
    </p>
   </div>
   <div class='ocr_carea' id='block_1_105' title="bbox 917 2032 1743 2069">
    <p class='ocr_par' dir='ltr' id='par_1_105' title="bbox 917 2032 1743 2069">
     <span class='ocr_line' id='line_1_105' title="bbox 917 2032 1743 2069; baseline -0.001 -8"><span class='ocrx_word' id='word_1_788' title='bbox 917 2033 1054 2068; x_wconf 83' lang='lat' dir='ltr'>Romani,</span> <span class='ocrx_word' id='word_1_789' title='bbox 1070 2033 1121 2061; x_wconf 89' lang='lat' dir='ltr'>sed</span> <span class='ocrx_word' id='word_1_790' title='bbox 1138 2032 1269 2061; x_wconf 85' lang='lat' dir='ltr'>maxime</span> <span class='ocrx_word' id='word_1_791' title='bbox 1289 2033 1391 2064; x_wconf 88' lang='lat' dir='ltr'>Latini,</span> <span class='ocrx_word' id='word_1_792' title='bbox 1403 2033 1455 2069; x_wconf 92' lang='lat' dir='ltr'>qui</span> <span class='ocrx_word' id='word_1_793' title='bbox 1469 2040 1519 2060; x_wconf 90' lang='lat' dir='ltr'>ore</span> <span class='ocrx_word' id='word_1_794' title='bbox 1541 2032 1677 2060; x_wconf 89' lang='lat' dir='ltr'>liberiore</span> <span class='ocrx_word' id='word_1_795' title='bbox 1691 2033 1743 2060; x_wconf 87' lang='lat' dir='ltr'>ad-</span> 
     </span>
    </p>
   </div>
   <div class='ocr_carea' id='block_1_106' title="bbox 916 2076 1742 2117">
    <p class='ocr_par' dir='ltr' id='par_1_106' title="bbox 916 2076 1742 2117">
     <span class='ocr_line' id='line_1_106' title="bbox 916 2076 1742 2117; baseline -0.002 -11"><span class='ocrx_word' id='word_1_796' title='bbox 916 2086 1035 2106; x_wconf 86' lang='lat' dir='ltr'>versum</span> <span class='ocrx_word' id='word_1_797' title='bbox 1042 2077 1180 2105; x_wconf 89' lang='lat' dir='ltr'>dominos</span> <span class='ocrx_word' id='word_1_798' title='bbox 1186 2076 1359 2113; x_wconf 86' lang='lat' dir='ltr'>loquuntur,</span> <span class='ocrx_word' id='word_1_799' title='bbox 1372 2077 1541 2105; x_wconf 86' lang='lat' dir='ltr'>Michaelem</span> <span class='ocrx_word' id='word_1_800' title='bbox 1553 2077 1742 2117; x_wconf 82' lang='lat' dir='ltr'>Comnenum</span> 
     </span>
    </p>
   </div>
   <div class='ocr_carea' id='block_1_107' title="bbox 916 2121 1744 2158">
    <p class='ocr_par' dir='ltr' id='par_1_107' title="bbox 916 2121 1744 2158">
     <span class='ocr_line' id='line_1_107' title="bbox 916 2121 1744 2158; baseline -0.002 -7"><span class='ocrx_word' id='word_1_801' title='bbox 916 2122 1052 2151; x_wconf 90' lang='lat' dir='ltr'>omnium</span> <span class='ocrx_word' id='word_1_802' title='bbox 1060 2121 1302 2158; x_wconf 86' lang='lat' dir='ltr'>planeinsontem</span> <span class='ocrx_word' id='word_1_803' title='bbox 1311 2122 1576 2158; x_wconf 70' lang='lat' dir='ltr'>judicabant..Ego</span> <span class='ocrx_word' id='word_1_804' title='bbox 1588 2122 1678 2150; x_wconf 85' lang='lat' dir='ltr'>etiam</span> <span class='ocrx_word' id='word_1_805' title='bbox 1693 2121 1744 2158; x_wconf 87' lang='lat' dir='ltr'>qul</span> 
     </span>
    </p>
   </div>
   <div class='ocr_carea' id='block_1_108' title="bbox 913 2167 1743 2204">
    <p class='ocr_par' dir='ltr' id='par_1_108' title="bbox 913 2167 1743 2204">
     <span class='ocr_line' id='line_1_108' title="bbox 913 2167 1743 2204; baseline 0 -9"><span class='ocrx_word' id='word_1_806' title='bbox 913 2168 1029 2204; x_wconf 86' lang='lat' dir='ltr'>judicio</span> <span class='ocrx_word' id='word_1_807' title='bbox 1043 2167 1246 2202; x_wconf 87' lang='lat' dir='ltr'>interfueram,</span> <span class='ocrx_word' id='word_1_808' title='bbox 1263 2170 1290 2194; x_wconf 89' lang='lat' dir='ltr'>et</span> <span class='ocrx_word' id='word_1_809' title='bbox 1306 2175 1367 2195; x_wconf 90' lang='lat' dir='ltr'>una</span> <span class='ocrx_word' id='word_1_810' title='bbox 1395 2175 1514 2195; x_wconf 88' lang='lat' dir='ltr'>mecum</span> <span class='ocrx_word' id='word_1_811' title='bbox 1544 2169 1674 2196; x_wconf 80' lang='lat' dir='ltr'>Joannes</span> <span class='ocrx_word' id='word_1_812' title='bbox 1688 2169 1743 2195; x_wconf 87' lang='lat' dir='ltr'>Ma-</span> 
     </span>
    </p>
   </div>
   <div class='ocr_carea' id='block_1_109' title="bbox 917 2211 1743 2248">
    <p class='ocr_par' dir='ltr' id='par_1_109' title="bbox 917 2211 1743 2248">
     <span class='ocr_line' id='line_1_109' title="bbox 917 2211 1743 2248; baseline 0 -8"><span class='ocrx_word' id='word_1_813' title='bbox 917 2215 1027 2246; x_wconf 89' lang='lat' dir='ltr'>crotus,</span> <span class='ocrx_word' id='word_1_814' title='bbox 1042 2214 1165 2248; x_wconf 87' lang='lat' dir='ltr'>uterque</span> <span class='ocrx_word' id='word_1_815' title='bbox 1182 2211 1221 2240; x_wconf 88' lang='lat' dir='ltr'>ab</span> <span class='ocrx_word' id='word_1_816' title='bbox 1231 2211 1410 2247; x_wconf 84' lang='lat' dir='ltr'>imperatore</span> <span class='ocrx_word' id='word_1_817' title='bbox 1425 2213 1500 2240; x_wconf 90' lang='lat' dir='ltr'>inter</span> <span class='ocrx_word' id='word_1_818' title='bbox 1511 2212 1628 2248; x_wconf 84' lang='lat' dir='ltr'>judices</span> <span class='ocrx_word' id='word_1_819' title='bbox 1644 2219 1743 2240; x_wconf 85' lang='lat' dir='ltr'>annu—</span> 
     </span>
    </p>
   </div>
   <div class='ocr_carea' id='block_1_110' title="bbox 918 2255 1744 2291">
    <p class='ocr_par' dir='ltr' id='par_1_110' title="bbox 918 2255 1744 2291">
     <span class='ocr_line' id='line_1_110' title="bbox 918 2255 1744 2291; baseline 0 -7"><span class='ocrx_word' id='word_1_820' title='bbox 918 2256 1031 2291; x_wconf 87' lang='lat' dir='ltr'>merati,</span> <span class='ocrx_word' id='word_1_821' title='bbox 1048 2256 1210 2284; x_wconf 90' lang='lat' dir='ltr'>nonnullos</span> <span class='ocrx_word' id='word_1_822' title='bbox 1227 2255 1301 2284; x_wconf 91' lang='lat' dir='ltr'>nihil</span> <span class='ocrx_word' id='word_1_823' title='bbox 1317 2264 1335 2284; x_wconf 86' lang='lat' dir='ltr'>a</span> <span class='ocrx_word' id='word_1_824' title='bbox 1355 2256 1443 2291; x_wconf 79' lang='lat' dir='ltr'>lignis</span> <span class='ocrx_word' id='word_1_825' title='bbox 1459 2256 1606 2284; x_wconf 88' lang='lat' dir='ltr'>distantes</span> <span class='ocrx_word' id='word_1_826' title='bbox 1631 2256 1744 2284; x_wconf 87' lang='lat' dir='ltr'>ibidem</span> 
     </span>
    </p>
   </div>
   <div class='ocr_carea' id='block_1_111' title="bbox 916 2301 1745 2337">
    <p class='ocr_par' dir='ltr' id='par_1_111' title="bbox 916 2301 1745 2337">
     <span class='ocr_line' id='line_1_111' title="bbox 916 2301 1745 2337; baseline -0.002 -7"><span class='ocrx_word' id='word_1_827' title='bbox 916 2302 1059 2330; x_wconf 87' lang='lat' dir='ltr'>interesse</span> <span class='ocrx_word' id='word_1_828' title='bbox 1073 2301 1182 2329; x_wconf 83' lang='lat' dir='ltr'>audivi.</span> <span class='ocrx_word' id='word_1_829' title='bbox 1199 2302 1334 2337; x_wconf 89' lang='lat' dir='ltr'>Namque</span> <span class='ocrx_word' id='word_1_830' title='bbox 1349 2301 1396 2328; x_wconf 91' lang='lat' dir='ltr'>ille</span> <span class='ocrx_word' id='word_1_831' title='bbox 1409 2301 1530 2330; x_wconf 88' lang='lat' dir='ltr'>volebat</span> <span class='ocrx_word' id='word_1_832' title='bbox 1540 2304 1573 2329; x_wconf 93' lang='lat' dir='ltr'>ut</span> <span class='ocrx_word' id='word_1_833' title='bbox 1584 2309 1691 2330; x_wconf 90' lang='lat' dir='ltr'>omnes</span> <span class='ocrx_word' id='word_1_834' title='bbox 1708 2301 1745 2328; x_wconf 90' lang='lat' dir='ltr'>si-</span> 
     </span>
    </p>
   </div>
   <div class='ocr_carea' id='block_1_112' title="bbox 918 2345 1744 2382">
    <p class='ocr_par' dir='ltr' id='par_1_112' title="bbox 918 2345 1744 2382">
     <span class='ocr_line' id='line_1_112' title="bbox 918 2345 1744 2382; baseline -0.001 -8"><span class='ocrx_word' id='word_1_835' title='bbox 918 2346 981 2374; x_wconf 88' lang='lat' dir='ltr'>mul</span> <span class='ocrx_word' id='word_1_836' title='bbox 992 2346 1024 2374; x_wconf 91' lang='lat' dir='ltr'>in</span> <span class='ocrx_word' id='word_1_837' title='bbox 1036 2354 1105 2373; x_wconf 90' lang='lat' dir='ltr'>eum</span> <span class='ocrx_word' id='word_1_838' title='bbox 1117 2345 1294 2373; x_wconf 89' lang='lat' dir='ltr'>sententiam</span> <span class='ocrx_word' id='word_1_839' title='bbox 1306 2345 1424 2373; x_wconf 82' lang='lat' dir='ltr'>ferrent.</span> <span class='ocrx_word' id='word_1_840' title='bbox 1441 2345 1498 2374; x_wconf 87' lang='lat' dir='ltr'>Sed</span> <span class='ocrx_word' id='word_1_841' title='bbox 1513 2353 1569 2373; x_wconf 89' lang='lat' dir='ltr'>nos</span> <span class='ocrx_word' id='word_1_842' title='bbox 1583 2346 1630 2374; x_wconf 88' lang='lat' dir='ltr'>his</span> <span class='ocrx_word' id='word_1_843' title='bbox 1645 2353 1744 2382; x_wconf 89' lang='lat' dir='ltr'>neque</span> 
     </span>
    </p>
   </div>
   <div class='ocr_carea' id='block_1_113' title="bbox 917 2384 1742 2426">
    <p class='ocr_par' dir='ltr' id='par_1_113' title="bbox 917 2384 1742 2426">
     <span class='ocr_line' id='line_1_113' title="bbox 917 2384 1742 2426; baseline -0.001 -7"><span class='ocrx_word' id='word_1_844' title='bbox 917 2390 1147 2419; x_wconf 82' lang='lat' dir='ltr'>attendebamus</span> <span class='ocrx_word' id='word_1_845' title='bbox 1158 2398 1256 2426; x_wconf 89' lang='lat' dir='ltr'>neque</span> <span class='ocrx_word' id='word_1_846' title='bbox 1266 2390 1497 2418; x_wconf 87' lang='lat' dir='ltr'>advertebamus</span> <span class='ocrx_word' id='word_1_847' title='bbox 1511 2384 1657 2424; x_wconf 82' lang='lat' dir='ltr'>animum,</span> <span class='ocrx_word' id='word_1_848' title='bbox 1674 2399 1742 2418; x_wconf 88' lang='lat' dir='ltr'>cum</span> 
     </span>
    </p>
   </div>
   <div class='ocr_carea' id='block_1_114' title="bbox 917 2434 1743 2471">
    <p class='ocr_par' dir='ltr' id='par_1_114' title="bbox 917 2434 1743 2471">
     <span class='ocr_line' id='line_1_114' title="bbox 917 2434 1743 2471; baseline 0 -8"><span class='ocrx_word' id='word_1_849' title='bbox 917 2437 1089 2464; x_wconf 87' lang='lat' dir='ltr'>Comneuus</span> <span class='ocrx_word' id='word_1_850' title='bbox 1109 2434 1230 2463; x_wconf 84' lang='lat' dir='ltr'>Michael</span> <span class='ocrx_word' id='word_1_851' title='bbox 1245 2435 1359 2471; x_wconf 87' lang='lat' dir='ltr'>absque</span> <span class='ocrx_word' id='word_1_852' title='bbox 1389 2435 1477 2471; x_wconf 75' lang='lat'>106</span> <span class='ocrx_word' id='word_1_853' title='bbox 1493 2434 1554 2463; x_wconf 89' lang='lat' dir='ltr'>ulla</span> <span class='ocrx_word' id='word_1_854' title='bbox 1582 2435 1697 2463; x_wconf 85' lang='lat' dir='ltr'>ratione</span> <span class='ocrx_word' id='word_1_855' title='bbox 1712 2435 1743 2463; x_wconf 94' lang='lat' dir='ltr'>iu</span> 
     </span>
    </p>
   </div>
   <div class='ocr_carea' id='block_1_115' title="bbox 914 2479 1743 2516">
    <p class='ocr_par' dir='ltr' id='par_1_115' title="bbox 914 2479 1743 2516">
     <span class='ocr_line' id='line_1_115' title="bbox 914 2479 1743 2516; baseline 0 -9"><span class='ocrx_word' id='word_1_856' title='bbox 914 2479 1061 2516; x_wconf 88' lang='lat' dir='ltr'>judicium</span> <span class='ocrx_word' id='word_1_857' title='bbox 1089 2481 1254 2508; x_wconf 85' lang='lat' dir='ltr'>vocaretur.</span> <span class='ocrx_word' id='word_1_858' title='bbox 1282 2479 1464 2514; x_wconf 85' lang='lat' dir='ltr'>Diligebatur</span> <span class='ocrx_word' id='word_1_859' title='bbox 1489 2479 1609 2513; x_wconf 89' lang='lat' dir='ltr'>etenim,</span> <span class='ocrx_word' id='word_1_860' title='bbox 1629 2479 1671 2507; x_wconf 90' lang='lat' dir='ltr'>ita</span> <span class='ocrx_word' id='word_1_861' title='bbox 1694 2487 1743 2507; x_wconf 92' lang='lat' dir='ltr'>me</span> 
     </span>
    </p>
   </div>
   <div class='ocr_carea' id='block_1_116' title="bbox 916 2523 1743 2559">
    <p class='ocr_par' dir='ltr' id='par_1_116' title="bbox 916 2523 1743 2559">
     <span class='ocr_line' id='line_1_116' title="bbox 916 2523 1743 2559; baseline -0.002 -6"><span class='ocrx_word' id='word_1_862' title='bbox 916 2526 996 2553; x_wconf 85' lang='lat' dir='ltr'>amet</span> <span class='ocrx_word' id='word_1_863' title='bbox 1007 2523 1191 2557; x_wconf 86' lang='lat' dir='ltr'>veritas,non</span> <span class='ocrx_word' id='word_1_864' title='bbox 1203 2531 1221 2551; x_wconf 93' lang='lat' dir='ltr'>a</span> <span class='ocrx_word' id='word_1_865' title='bbox 1232 2523 1319 2551; x_wconf 89' lang='lat' dir='ltr'>nobis</span> <span class='ocrx_word' id='word_1_866' title='bbox 1330 2523 1433 2558; x_wconf 89' lang='lat' dir='ltr'>modo,</span> <span class='ocrx_word' id='word_1_867' title='bbox 1446 2523 1499 2551; x_wconf 89' lang='lat' dir='ltr'>sed</span> <span class='ocrx_word' id='word_1_868' title='bbox 1508 2523 1547 2551; x_wconf 88' lang='lat' dir='ltr'>ab</span> <span class='ocrx_word' id='word_1_869' title='bbox 1559 2531 1743 2559; x_wconf 90' lang='lat' dir='ltr'>unoquoque</span> 
     </span>
    </p>
   </div>
   <div class='ocr_carea' id='block_1_117' title="bbox 916 2567 1742 2605">
    <p class='ocr_par' dir='ltr' id='par_1_117' title="bbox 916 2567 1742 2605">
     <span class='ocr_line' id='line_1_117' title="bbox 916 2567 1742 2605; baseline -0.002 -7"><span class='ocrx_word' id='word_1_870' title='bbox 916 2569 1060 2605; x_wconf 88' lang='lat' dir='ltr'>dignitate</span> <span class='ocrx_word' id='word_1_871' title='bbox 1075 2567 1279 2604; x_wconf 69' lang='lat' dir='ltr'>prmiulgente,</span> <span class='ocrx_word' id='word_1_872' title='bbox 1293 2568 1468 2596; x_wconf 88' lang='lat' dir='ltr'>ductoribus</span> <span class='ocrx_word' id='word_1_873' title='bbox 1492 2567 1659 2604; x_wconf 78' lang='lat' dir='ltr'>copiarum,</span> <span class='ocrx_word' id='word_1_874' title='bbox 1688 2568 1742 2596; x_wconf 87' lang='lat' dir='ltr'>mi-</span> 
     </span>
    </p>
   </div>
   <div class='ocr_carea' id='block_1_118' title="bbox 915 2612 1744 2649">
    <p class='ocr_par' dir='ltr' id='par_1_118' title="bbox 915 2612 1744 2649">
     <span class='ocr_line' id='line_1_118' title="bbox 915 2612 1744 2649; baseline -0.002 -7"><span class='ocrx_word' id='word_1_875' title='bbox 915 2615 1025 2649; x_wconf 86' lang='lat' dir='ltr'>litibus,</span> <span class='ocrx_word' id='word_1_876' title='bbox 1037 2612 1180 2641; x_wconf 87' lang='lat' dir='ltr'>convenis</span> <span class='ocrx_word' id='word_1_877' title='bbox 1197 2621 1204 2645; x_wconf 89' lang='lat'><strong>;</strong></span> <span class='ocrx_word' id='word_1_878' title='bbox 1218 2620 1287 2640; x_wconf 90' lang='lat' dir='ltr'>cum</span> <span class='ocrx_word' id='word_1_879' title='bbox 1292 2613 1463 2647; x_wconf 88' lang='lat' dir='ltr'>junioribus</span> <span class='ocrx_word' id='word_1_880' title='bbox 1479 2613 1586 2648; x_wconf 87' lang='lat' dir='ltr'>dulcis,</span> <span class='ocrx_word' id='word_1_881' title='bbox 1602 2620 1656 2640; x_wconf 88' lang='lat' dir='ltr'>usu</span> <span class='ocrx_word' id='word_1_882' title='bbox 1673 2612 1744 2641; x_wconf 87' lang='lat' dir='ltr'>faci-</span> 
     </span>
    </p>
   </div>
   <div class='ocr_carea' id='block_1_119' title="bbox 916 2657 1744 2695">
    <p class='ocr_par' dir='ltr' id='par_1_119' title="bbox 916 2657 1744 2695">
     <span class='ocr_line' id='line_1_119' title="bbox 916 2657 1744 2695; baseline -0.002 -7"><span class='ocrx_word' id='word_1_883' title='bbox 916 2660 962 2693; x_wconf 85' lang='lat' dir='ltr'>lis,</span> <span class='ocrx_word' id='word_1_884' title='bbox 979 2657 1214 2695; x_wconf 80' lang='lat' dir='ltr'>eloquiosuavis,</span> <span class='ocrx_word' id='word_1_885' title='bbox 1228 2657 1265 2685; x_wconf 88' lang='lat' dir='ltr'>ad</span> <span class='ocrx_word' id='word_1_886' title='bbox 1272 2657 1390 2691; x_wconf 81' lang='lat' dir='ltr'>agenda</span> <span class='ocrx_word' id='word_1_887' title='bbox 1398 2657 1615 2694; x_wconf 84' lang='lat' dir='ltr'>tractandaque</span> <span class='ocrx_word' id='word_1_888' title='bbox 1624 2657 1744 2693; x_wconf 84' lang='lat' dir='ltr'>negotia</span> 
     </span>
    </p>
   </div>
   <div class='ocr_carea' id='block_1_120' title="bbox 916 2702 1743 2738">
    <p class='ocr_par' dir='ltr' id='par_1_120' title="bbox 916 2702 1743 2738">
     <span class='ocr_line' id='line_1_120' title="bbox 916 2702 1743 2738; baseline -0.001 -6"><span class='ocrx_word' id='word_1_889' title='bbox 916 2703 1111 2738; x_wconf 79' lang='lat' dir='ltr'>incredibilis,</span> <span class='ocrx_word' id='word_1_890' title='bbox 1124 2702 1245 2731; x_wconf 88' lang='lat' dir='ltr'>senibus</span> <span class='ocrx_word' id='word_1_891' title='bbox 1260 2704 1288 2730; x_wconf 90' lang='lat' dir='ltr'>et</span> <span class='ocrx_word' id='word_1_892' title='bbox 1297 2709 1434 2729; x_wconf 88' lang='lat' dir='ltr'>sermone</span> <span class='ocrx_word' id='word_1_893' title='bbox 1441 2705 1469 2730; x_wconf 90' lang='lat' dir='ltr'>et</span> <span class='ocrx_word' id='word_1_894' title='bbox 1479 2703 1639 2738; x_wconf 87' lang='lat' dir='ltr'>prudentia</span> <span class='ocrx_word' id='word_1_895' title='bbox 1651 2710 1743 2731; x_wconf 86' lang='lat' dir='ltr'>senex</span> 
     </span>
    </p>
   </div>
   <div class='ocr_carea' id='block_1_121' title="bbox 917 2745 1743 2784">
    <p class='ocr_par' dir='ltr' id='par_1_121' title="bbox 917 2745 1743 2784">
     <span class='ocr_line' id='line_1_121' title="bbox 917 2745 1743 2784; baseline -0.001 -7"><span class='ocrx_word' id='word_1_896' title='bbox 917 2749 1094 2781; x_wconf 80' lang='lat' dir='ltr'>habebatur,</span> <span class='ocrx_word' id='word_1_897' title='bbox 1107 2748 1193 2784; x_wconf 88' lang='lat' dir='ltr'>cujus</span> <span class='ocrx_word' id='word_1_898' title='bbox 1205 2745 1359 2783; x_wconf 86' lang='lat' dir='ltr'>impendio</span> <span class='ocrx_word' id='word_1_899' title='bbox 1374 2747 1590 2775; x_wconf 85' lang='lat' dir='ltr'>consuetudine</span> <span class='ocrx_word' id='word_1_900' title='bbox 1606 2748 1647 2776; x_wconf 87' lang='lat' dir='ltr'>illi</span> <span class='ocrx_word' id='word_1_901' title='bbox 1662 2747 1743 2776; x_wconf 86' lang='lat' dir='ltr'>oble—</span> 
     </span>
    </p>
   </div>
   <div class='ocr_carea' id='block_1_122' title="bbox 917 2791 1744 2822">
    <p class='ocr_par' dir='ltr' id='par_1_122' title="bbox 917 2791 1744 2822">
     <span class='ocr_line' id='line_1_122' title="bbox 917 2791 1744 2822; baseline -0.002 0"><span class='ocrx_word' id='word_1_902' title='bbox 917 2793 1086 2822; x_wconf 86' lang='lat' dir='ltr'>ctabantur.</span> <span class='ocrx_word' id='word_1_903' title='bbox 1097 2794 1163 2821; x_wconf 83' lang='lat' dir='ltr'>Haec</span> <span class='ocrx_word' id='word_1_904' title='bbox 1175 2794 1275 2822; x_wconf 86' lang='lat' dir='ltr'>tamen</span> <span class='ocrx_word' id='word_1_905' title='bbox 1286 2791 1327 2820; x_wconf 85' lang='lat' dir='ltr'>ita</span> <span class='ocrx_word' id='word_1_906' title='bbox 1335 2793 1485 2819; x_wconf 89' lang='lat' dir='ltr'>annuente</span> <span class='ocrx_word' id='word_1_907' title='bbox 1497 2792 1621 2820; x_wconf 85' lang='lat' dir='ltr'>Numine</span> <span class='ocrx_word' id='word_1_908' title='bbox 1632 2793 1664 2821; x_wconf 90' lang='lat' dir='ltr'>in</span> <span class='ocrx_word' id='word_1_909' title='bbox 1674 2799 1744 2821; x_wconf 90' lang='lat' dir='ltr'>eum</span> 
     </span>
    </p>
   </div>
  </div>
