1966 3079
217 121 284 148 “l5

857 121 1002 151 GEORGII
1016 121 1252 151 ACROPOLITE

1840 121 1915 149 HIC

214 183 759 221 patratasunt,quandoquidem,cum
770 192 804 213 ac
816 184 1040 221 imperatorium
1056 186 1080 213 Α
1096 187 1149 215 τοῖς
1163 194 1173 210 τ

1096 187 1149 215 τοῖς
1163 194 1189 211 τε
1202 187 1310 222 γέρουσι
1330 185 1438 222 γηραιὸς
1452 182 1537 211 ἱδόκει
1564 185 1609 210 τὸν
1628 183 1704 219 λόγον
1733 192 1763 210 τι
1789 184 1838 209 καὶ
1862 183 1919 212 τὴν

215 228 333 256 culmen
348 228 479 257 attollere
488 229 667 258 decrevisset
682 238 763 263 eum,
777 232 805 258 et
823 232 1041 258 tormentorum

214 273 282 308 igne
306 276 334 301 et
349 274 622 310 experimentorum
637 275 813 303 conﬂatorio
835 275 983 311 probavit,
1004 282 1042 303 ne

214 318 245 346 in
256 318 362 346 solium
389 321 507 346 evectus
527 318 685 347 calumniis
699 321 728 347 et
751 319 994 347 accusationibus
1005 327 1041 347 ex

214 363 293 391 facili
304 363 446 397 crederet,
460 371 558 399 neque
577 371 612 391 eo
628 364 657 391 in
680 363 745 392 loco
771 365 964 399 constitutus,
980 372 1042 400 quo

214 407 362 444 quidquid
376 407 495 436 libuerit
504 416 592 444 agere
603 411 715 445 posset,
741 409 810 446 plus
823 409 905 445 justo
917 409 1041 437 celerius

213 452 386 481 decerneret
401 461 435 481 ac
461 453 683 482 determinaret.
704 455 810 482 Verum
838 454 989 482 enimvero
1010 454 1040 482 in

214 497 279 526 aliis
295 497 394 532 etiam,
405 499 438 526 ut
451 498 639 535 subsequens
650 499 745 527 oratio
756 499 908 533 indicabit,
921 499 1041 527 Numini

214 541 359 578 probatus
374 545 426 571 est.
442 543 475 570 In
489 545 621 572 extremo
635 544 756 579 negotio
771 544 945 580 imperator,
958 543 1040 580 quod

214 587 303 615 etiam
315 587 379 623 ipse
393 587 547 616 auditione
564 596 752 625 acceperam,
764 589 944 622 enuntiaret,
964 600 978 614 «
992 589 1040 616 Vas

214 631 325 659 misero
343 631 405 667 tibi,
418 640 552 669 quanam
569 633 664 668 gloria
692 633 825 661 cecidisti
840 633 846 660 !
864 643 878 659 ιι
899 633 930 660 ld
951 641 1040 669 porro

178 703 180 705 .
215 677 286 709 erat,
303 676 515 713 imperatorem
536 677 625 705 ﬁxius
647 677 749 705 animo
765 678 895 713 agitasse
908 680 1039 713 neptem,

215 720 343 756 primam
360 720 454 749 ﬁliam
482 722 534 750 ﬁlii
554 722 600 749 sui
622 722 795 758 imperatori
815 721 971 756 Theodori,
986 723 1039 749 Ire-

214 773 284 799 nen,
293 774 360 802 quas
369 766 428 802 ipsi
437 767 583 795 Michaelis
599 767 723 795 secundi
743 767 914 795 consobrini
923 767 967 794 sui
978 766 1040 794 ﬁlia

215 813 288 844 erat,
299 810 430 838 Michaeli
442 812 594 839 Comneno
606 811 636 839 in
646 811 869 839 matrimonium
880 811 1037 840 collocare.

216 855 302 888 Quod
315 857 343 883 et
359 855 389 883 in
412 856 591 892 imperatore
610 857 723 885 Joanne
752 857 877 893 aliisque
901 857 1038 893 pluribus
1054 863 1073 890 Β

215 899 328 927 factum
343 902 396 928 est.
410 901 443 928 Et
454 900 500 928 his
514 901 617 929 afﬁnia
632 910 692 929 non
709 902 767 930 alia
782 902 896 930 ratione
919 902 1037 930 evenire

216 951 397 972 consuevere
413 954 419 973 :
436 945 504 973 licet
522 946 601 974 enim
617 946 656 974 ab
666 946 796 974 Ecclesia
809 946 1035 982 prohibeantur.

214 990 344 1017 attamen
356 989 485 1026 publica:
499 990 722 1025 gubernationis
737 998 829 1019 causa
853 994 941 1027 atque
957 998 1038 1018 com~

213 1033 294 1061 modi
309 1034 541 1070 imperatoribus
556 1036 776 1072 permittuntur.

212 1078 279 1105 οὕτω
312 1089 367 1110 πως
396 1079 546 1116 συμϐαίνειν
577 1091 582 1098 -

212 1124 320 1160 μηθείας
330 1125 410 1161 χάριν
423 1128 466 1151 καὶ
481 1129 527 1152 τοῦ
549 1128 732 1162 συμφέροντος.

247 1169 381 1205 51.107
398 1169 488 1204 Igitur
504 1170 676 1206 imperator,
693 1170 784 1198 modo
793 1170 822 1198 in
834 1177 895 1206 quo
905 1169 1038 1198 diximus

211 1213 369 1248 quaestioni
396 1213 456 1242 ﬁne
479 1215 631 1250 imposito,
660 1215 807 1243 Orientem
834 1214 1032 1250 progreditur,

211 1258 240 1284 et
261 1257 430 1286 Michaelem
458 1259 645 1287 Comnenum
686 1261 858 1296 suspectum
892 1258 1034 1286 habebat.

211 1302 337 1334 Quando
348 1310 417 1330 vero
432 1305 460 1331 et
472 1303 588 1338 generis
599 1303 744 1331 claritudo
759 1306 788 1331 et
801 1311 869 1331 cum
886 1303 952 1339 ipso
963 1310 1032 1331 con-

208 1347 334 1383 junctio,
346 1355 463 1376 necnon
473 1356 542 1376 cum
556 1348 749 1383 magnatihus
763 1348 810 1376 aﬂi
816 1348 893 1376 nitas
904 1356 963 1376 non
973 1356 1038 1385 per-

209 1391 367 1420 mittebant
377 1393 548 1430 imperatori
577 1395 610 1421 ut
628 1401 675 1421 res
694 1393 734 1421 ab
754 1401 789 1421 eo
805 1395 902 1428 gestas
915 1393 1038 1421 habere!

210 1437 404 1473 contemptui,
417 1438 504 1465 mittit
514 1446 582 1465 eum
595 1438 632 1466 ad
652 1438 828 1471 Manuelem,
843 1439 895 1474 qui
910 1445 946 1466 ea
966 1440 1038 1465 tem-

209 1483 322 1517 pestate
331 1481 550 1518 patriarchatus
557 1482 767 1518 gubernaculis
775 1482 1037 1517 assidebat,virum

210 1525 317 1562 pietate
337 1526 487 1562 insignem
515 1530 543 1556 et
565 1528 633 1556 vites
659 1528 803 1561 instituto,
824 1527 891 1555 licet
911 1535 1037 1555 uxorem

209 1570 354 1603 duxisset.
363 1572 581 1607 venerandum,
589 1573 690 1601 literas
701 1575 801 1601 tamen
810 1572 892 1600 haud
901 1572 1034 1605 doctum,

210 1623 277 1643 cum
293 1624 348 1644 nec
361 1624 465 1645 eorum
481 1617 658 1646 sententiam
674 1626 742 1654 quae
771 1617 834 1653 ipse
849 1620 1036 1653 percurrerat

209 1664 328 1696 caperet
354 1671 360 1695 ;
389 1669 480 1697 quem
505 1662 614 1698 scripto
638 1662 800 1697 imperator
817 1661 979 1697 compellat
1003 1663 1035 1690 ut

209 1705 306 1741 poenis
312 1713 433 1742 quoque
443 1706 552 1734 exactis
559 1706 729 1734 Michaelem
743 1707 926 1734 Comnenum
943 1706 1034 1734 incre—

209 1752 304 1785 paret,
312 1750 439 1785 jureque
451 1750 582 1785 jurando
595 1750 687 1777 ﬁdem
699 1750 776 1778 illius
790 1749 1034 1785 alligaret,nullas

209 1801 279 1821 eum
298 1793 497 1830 imposterum
515 1795 660 1822 adversus
678 1794 890 1830 imperatorem
909 1795 1034 1823 insidias

210 1837 454 1874 moliturum,sed
464 1838 559 1866 ﬁdum
571 1847 605 1866 ac
617 1838 824 1874 incorruptum
835 1839 864 1866 in
876 1839 1033 1867 dominum

210 1882 321 1910 amoris
334 1883 511 1919 obsequium
519 1883 731 1915 exhibiturum,
746 1882 798 1911 Ubi
806 1891 842 1911 ea
857 1891 904 1912 res
913 1884 954 1912 sic
967 1891 1034 1911 eve-

209 1927 263 1960 nit,
270 1927 432 1962 imperator
439 1928 625 1955 Comnenum
633 1927 662 1954 in
670 1927 796 1962 gratiam
802 1927 916 1964 recipit,
933 1927 1034 1964 illique

210 1971 307 1998 fratris
327 1971 373 1998 sui
397 1971 645 1999 sebastocratoris
674 1972 779 2000 lsaacii
804 1973 890 2000 Ducas
912 1974 1033 2008 neptem

209 2015 395 2044 Theodoram
403 2018 531 2052 nuptum
538 2016 717 2052 deditquam
724 2017 845 2045 unicam
853 2020 935 2053 pater
942 2017 1031 2050 illius,

211 2060 455 2089 sebastocratoris
467 2060 544 2088 ﬁlius
559 2061 699 2094 Joannes,
718 2062 747 2089 in
759 2061 960 2090 adolescentia
972 2061 1033 2090 fato

210 2105 339 2140 functus,
356 2105 524 2141 reliquerat.
537 2105 613 2133 Obiit
621 2106 760 2142 equidem
777 2106 824 2134 ille
833 2114 924 2133 uxore
936 2106 1033 2134 Eudo-

211 2149 258 2177 cia
271 2149 374 2184 Angeli
390 2149 515 2177 Joannis
526 2150 586 2178 ﬁlia
610 2151 714 2184 vidua,
737 2150 852 2187 pupilla
878 2158 948 2178 vero
972 2150 1035 2178 ﬁlia

212 2193 383 2225 Theodore,
398 2202 465 2230 quas
483 2194 547 2230 jam
568 2198 630 2223 tum
650 2203 710 2223 non
736 2195 902 2222 infelicibus
927 2195 1034 2223 avibus

211 2239 363 2266 Comneno
390 2238 520 2267 Michaeli
547 2242 654 2276 juncta
687 2239 793 2270 fuerat.
811 2239 922 2273 relicta,
941 2243 1036 2268 mater

210 2282 359 2319 siquidem
374 2283 452 2312 illius
469 2284 611 2316 Eudocia.
622 2285 688 2312 licet
701 2283 824 2312 ﬂorente
835 2284 960 2319 juventa
979 2284 1033 2313 fer-
1052 2277 1073 2303 θ

210 2327 292 2362 vida,
310 2329 397 2364 108
409 2329 469 2357 viro
480 2337 581 2357 carere
593 2329 698 2357 maluit
712 2337 747 2356 ac
763 2329 901 2356 virtutem
918 2330 1032 2364 sectari,

210 2373 270 2400 Deo
282 2372 365 2409 freta,
378 2373 425 2402 cui
441 2381 472 2401 se
486 2373 684 2409 fortunasque
693 2381 764 2401 suas
776 2373 946 2401 devoverat.
960 2374 1034 2402 Hinc

210 2419 287 2446 Deus
306 2419 443 2447 virtutem
458 2418 651 2447 matrimonio
666 2418 881 2454 compensavit.
912 2419 945 2447 Et
968 2418 1033 2446 haec

208 2463 332 2501 quidem
350 2464 390 2492 ita
403 2472 434 2491 se
449 2463 592 2492 habuere.

1097 231 1211 265 σύνεσιν,
1244 231 1288 256 καὶ
1313 228 1444 260 ἀσπάσιος
1472 229 1561 260 αὐτοῖς
1583 228 1724 265 ἐνομίζετο.
1752 230 1807 255 Καὶ
1834 227 1914 253 ταῦτ’

1096 272 1149 302 οὖν.
1185 277 1220 305 ὡς
1258 273 1342 310 οἶμαι,
1376 276 1478 310 γέγονεν
1514 273 1554 300 ἐπ’
1579 273 1647 309 αὐτῷ
1683 271 1840 309 δοκιμασίᾳ
1862 276 1916 298 τοῦ

1095 321 1248 355 κρείττονος.
1269 319 1326 346 Ἐπὶ
1356 320 1406 356 γὰρ
1431 319 1469 350 εἰς
1493 321 1540 348 τήν
1555 317 1690 356 βασὶλιιον
1715 317 1807 354 ἔμελλε
1841 319 1917 347 Θιὸς

1096 363 1254 390 ἀναϐιϐάσαι
1281 367 1371 390 τοῦτον
1397 366 1542 400 περιωπήν,
1575 367 1612 399 τῷ
1633 367 1683 390 τῶν
1702 362 1833 399 βασάνων
1845 356 1919 399 πυρί

1094 411 1139 435 καὶ
1160 412 1195 443 τῷ
1221 406 1359 445 διαπείρας
1388 410 1559 444 χωνευτηρίῳ
1588 406 1775 444 διδοκίμακεν,
1806 408 1853 433 ἶνα
1872 408 1915 443 μὴ

1095 453 1128 484 εἰς
1142 455 1186 480 τὸν
1207 452 1338 489 βασίλειον
1355 452 1451 484 ἀναϐὰς
1475 454 1564 490 θρόνον
1588 453 1652 490 ῥᾷον
1680 454 1740 488 ἔχοι
1768 453 1917 478 metuitur

1095 497 1228 528 διαϐολαῖς
1266 501 1311 524 καὶ
1345 500 1612 535 συκοφαντίαις,μήτι
1639 498 1732 523 θᾶττον
1760 498 1812 527 τὰς
1844 497 1918 523 ἀπσ-

1095 544 1184 580 φάσεις
1203 547 1284 570 ποιεῖν
1304 543 1342 570 ἔπ’
1367 543 1472 580 ἐξουσίᾳ
1492 547 1538 570 τοῦ
1566 544 1686 580 πράττειν
1715 544 1749 568 τὰ
1772 541 1917 578 βουλητέα

1093 590 1264 625 γενενημένος.
1292 589 1330 615 Οὐ
1355 590 1407 625 μὴν
1430 591 1475 614 καὶ
1504 587 1528 614 ἓν
1549 588 1637 619 ἄλλοις
1657 587 1852 619 κπεξήτασιν,
1868 589 1908 617 ὡς

1093 635 1189 659 πτοῐὼν
1213 634 1226 659 ὁ
1253 633 1327 669 λόγος
1354 631 1480 662 δηλώσει.
1503 633 1562 659 Ἐπὶ
1579 631 1609 659 δὲ
1637 631 1701 658 τέλει
1729 635 1780 662 τῆς
1811 632 1908 667 irreli-

1095 687 1158 709 σεως
1184 680 1296 707 ταυτησὶ
1324 676 1355 707 ἧν
1388 678 1401 704 ὁ
1433 677 1557 714 βασιλιυς
1587 677 1704 714 εἰρηκώς,
1733 676 1826 712 κάμοῦ
1855 680 1907 702 τῶν

1093 722 1174 758 λόγων
1189 722 1362 759 ἀκροωμένου,
1380 733 1394 747 ι(
1415 722 1450 749 Αἱ
1477 721 1592 755 ἐλεεινὸν,
1625 721 1682 752 οἳας
1704 719 1788 753 δόξης
1815 720 1905 752 ἐξέπε-

1094 777 1146 799 σες,
1160 778 1174 792 ››
1186 769 1221 794 Τό
1237 766 1267 794 δὲ
1284 765 1313 796 ἦν
1327 768 1367 794 ὅτι
1386 777 1433 804 περ
1455 768 1521 804 πρὸς
1551 765 1703 803 βουλήσεως
1725 764 1757 795 ἧν
1786 769 1824 800 τῷ
1851 764 1906 802 βα-

1094 812 1161 838 σιλεῖ
1177 814 1224 841 τὴν
1251 811 1358 848 ἐγγόνην
1380 811 1471 844 αὐτοῦ,
1496 813 1543 840 τὴν
1570 813 1676 848 πρώτην
1707 811 1847 847 θυγατέρα
1858 814 1905 836 τοῦ

1092 858 1150 883 υἱοῦ
1183 856 1263 883 αὐτοῦ
1296 860 1342 883 τοῦ
1370 855 1497 893 βασιλέως
1531 853 1670 892 Θεοδώρου
1699 857 1748 884 τὴν
1775 855 1905 892 Εἰρήνην,

1092 900 1228 928 ὶπιδοῡναι
1254 905 1290 927 τῶ
1317 904 1440 937 Κομνηνῷ
1465 901 1577 936 Μιχαὴλ
1606 900 1642 931 εὶς
1673 901 1825 936 ὁμόκοιτιν.
1854 899 1904 926 'H‘

1092 945 1121 972 δί
1140 947 1205 975 αὕτη
1230 948 1295 983 πρὸς
1318 947 1361 972 τὸν
1394 944 1505 981 Μιχαὴλ
1530 944 1624 980 ἀνεψιά
1657 942 1902 981 δευτεριξαδίλφον

1092 991 1219 1027 θυγάτηρ.
1245 990 1322 1017 Ἀλλά
1348 993 1424 1016 τοῦτο
1451 992 1496 1016 καὶ
1517 989 1560 1016 ἐπὶ
1589 993 1625 1024 τῷ
1649 988 1758 1024 βασιλεῖ
1785 988 1894 1025 Ἰωάννῃ

1090 1035 1185 1071 εγενετο
1197 1038 1242 1062 καὶ
1257 1034 1281 1061 ἐν
1303 1035 1420 1061 πελίοσιν
1444 1034 1540 1067 ἄλλοις,
1567 1036 1612 1060 καὶ
1635 1033 1706 1060 dsz
1726 1034 1761 1059 τά
1787 1037 1904 1059 τοιαῦτα

613 1080 660 1107 κᾶν
685 1083 736 1118 γὰρ
767 1085 797 1117 τῇ
823 1080 967 1117 Ἐκκλησία
999 1080 1151 1115 κεκώλυται,
1181 1079 1246 1106 ἀλλά
1276 1083 1332 1111 τοῖς
1354 1079 1508 1116 βασιλεῦσιν
1532 1078 1627 1116 ἐφεῖται
1650 1080 1697 1110 τῆς
1717 1082 1811 1109 κοινῆς
1842 1088 1904 1115 προ-

1128 1179 1174 1197 να.
1203 1172 1233 1196 Ὁ
1257 1170 1302 1206 μεν
1325 1169 1349 1186 ³³
1369 1167 1412 1194 οὖν
1429 1167 1552 1204 βασιλεύς
1566 1168 1662 1194 οὑτωσὶ
1690 1168 1725 1194 τὰ
1751 1171 1804 1198 τῆς
1837 1168 1903 1193 ὑπο·

1094 1215 1187 1245 θέσεως
1218 1212 1346 1244 διαλύσας
1367 1213 1403 1244 εἰς
1428 1215 1474 1242 τὴν
1493 1213 1525 1239 ἔω
1554 1211 1642 1250 ἀπῄει,
1668 1213 1681 1238 ὁ
1699 1210 1730 1239 δί
1760 1214 1902 1248 Κομνηνός

1092 1258 1212 1295 Μιχαὴλ,
1243 1260 1275 1289 ὡς
1304 1258 1422 1296 ιίρήκειν,
1449 1256 1614 1286 ὑπιϐλέπετο.
1641 1257 1711 1284 Ἐπεὶ
1738 1255 1770 1283 δί
1798 1259 1831 1284 τὸ
1853 1261 1900 1283 τοῦ

1091 1306 1178 1340 γένους
1205 1305 1339 1342 πιριφανὶς
1366 1305 1410 1330 καὶ
1445 1305 1508 1341 πρός
1536 1303 1613 1329 αὐτόν
1647 1304 1780 1338 συγγενὶς,
1809 1305 1849 1330 Et:
1871 1314 1903 1339 γε

1091 1351 1143 1385 μὴν
1173 1350 1202 1374 τὸ
1231 1350 1296 1384 πρὸς
1319 1350 1378 1378 τούς
1401 1347 1527 1384 μεγάλους
1548 1350 1653 1383 γνήσιον
1673 1347 1770 1372 τούτου
1796 1347 1846 1377 οὖς
1859 1348 1903 1373 εἷα

1091 1395 1134 1419 τὸν
1166 1392 1278 1429 βασιλέα
1296 1392 1320 1419 ἕν
1353 1395 1537 1430 περιφρονήσει
1565 1394 1647 1429 φέρειν
1661 1392 1694 1418 τὰ
1717 1391 1778 1417 κατ’
1807 1391 1899 1424 αὐτὸν,

1091 1440 1117 1464 τι
1135 1441 1205 1464 ποιιί
1231 1447 1237 1472 ;
1261 1437 1358 1463 Στέλλει
1386 1441 1478 1463 τοῦτον
1504 1438 1568 1474 πρὸς
1593 1438 1638 1462 τὸν
1657 1437 1844 1473 πατριάρχην.
1870 1435 1901 1462 ὐ

1091 1482 1214 1511 Μανουὴλ
1240 1482 1280 1518 (8)
1302 1480 1333 1511 ἧν
1359 1483 1417 1509 τότε
1440 1483 1474 1508 τὰ
1498 1485 1544 1512 τῆς
1571 1483 1755 1518 πατριαρχίας
1770 1478 1900 1507 διιθὺνων

1090 1525 1219 1562 πηδὰλια,
1243 1525 1306 1564 ἀνὴρ
1344 1526 1467 1558 εὐλαϐοῡς
1503 1529 1548 1553 καὶ
1582 1525 1643 1562 βίου
1683 1528 1727 1552 καὶ
1766 1525 1900 1555 πολιτείας

1092 1575 1194 1608 σεμνῆς,
1219 1571 1242 1598 εἰ
1265 1573 1309 1598 καὶ
1336 1573 1440 1607 γυναικὶ
1473 1571 1614 1606 συνεζύγη,
1635 1569 1716 1601 ἄλλως
1743 1568 1775 1596 δί·
1799 1570 1830 1596 οὐ
1852 1579 1900 1596 πι-

1089 1618 1239 1653 πειραμένος
1263 1617 1436 1653 γραμμάτων,
1469 1614 1532 1642 οὐδε
1564 1615 1597 1641 ὧν
1632 1614 1804 1651 ἀνεγίνωσκεν
1841 1614 1900 1641 ἀνε-

1089 1660 1181 1687 λίττων
1197 1663 1244 1690 τὴν
1255 1662 1360 1688 ἔννοιαν.
1383 1663 1434 1687 Καὶ
1447 1661 1541 1697 γράφει
1557 1662 1620 1698 πρὸς
1640 1662 1732 1686 τοῦτον
1766 1661 1780 1686 ὁ
1812 1659 1897 1696 βασι-

1089 1705 1146 1736 λεὺς
1165 1705 1299 1742 ἐπιτιμίων
1322 1704 1510 1731 καθυποϐαλεῖν
1540 1706 1583 1731 τὸν
1614 1706 1746 1741 Κομνηνὸν
1781 1705 1898 1740 Μιχαὴλ

1088 1752 1133 1776 καὶ
1147 1749 1231 1786 ὅρκοις
1244 1749 1321 1776 αὐτὸν
1334 1747 1496 1785 ἑμπεδῶσαι,
1524 1751 1560 1786 μὴ
1583 1749 1614 1775 ἄν
1641 1758 1703 1776 ποτε
1727 1748 1898 1785 βουληθῆναι

1089 1794 1211 1821 ἀπιστίαν
1241 1796 1309 1820 κατὰ
1332 1797 1379 1820 τοῦ
1408 1793 1537 1830 βασιλέως
1569 1793 1721 1830 μελετῆσαι,
1756 1793 1898 1830 φυλάττειν

1089 1837 1118 1866 δὲ
1138 1840 1253 1875 καθαρὰν
1279 1839 1358 1865 αὐτοῦ
1374 1840 1420 1867 τήν
1439 1841 1503 1875 πρὸς
1525 1840 1568 1865 τὸν
1597 1842 1742 1874 κρατοῦντα
1763 1837 1895 1865 διάθεσιν.

1089 1885 1127 1920 [Ρ.
1141 1884 1184 1920 55]
1201 1885 1288 1920 Γέγονε
1315 1887 1407 1916 ταῦτα,
1436 1884 1512 1909 καὶὸ
1538 1882 1662 1920 βασιλεὺς
1688 1885 1732 1909 τὸν
1758 1886 1896 1919 Κομνηνόν

1089 1927 1226 1960 ἀνεδέξατο
1246 1928 1368 1964 Μιχαὴλ,
1389 1930 1432 1954 καὶ
1457 1928 1596 1964 ζεύγνυσιν
1621 1928 1690 1963 αὐτῷ
1721 1927 1756 1958 εἰς
1781 1932 1898 1964 γυναῖκα

1088 1977 1136 2000 τοῦ
1163 1971 1275 2009 ἀδιλφοῦ
1299 1972 1380 1999 αὐτοῦ
1404 1976 1450 1999 τοῦ
1482 1972 1734 2009 σεϐεαστοκράτορος
1759 1972 1896 1999 Ἰσαακίου

1088 2021 1133 2044 τοῦ
1150 2019 1234 2043 Δούκα
1254 2017 1362 2053 ἕγγὸνην
1386 2019 1433 2046 τήν
1453 2015 1601 2054 Θεοδώραν,
1625 2021 1656 2047 ῆν
1687 2019 1769 2053 μόνην
1804 2019 1818 2043 ὀ
1847 2027 1897 2044 πα-

1088 2065 1136 2099 τὴρ
1151 2061 1230 2092 αὐτῆς
1249 2061 1440 2092 καταλελοιπὼς
1467 2062 1480 2087 ὁ
1503 2065 1548 2088 τοῦ
1575 2061 1821 2098 σεϐαστοκράτορος
1840 2062 1895 2092 υἱός

1089 2106 1208 2138 Ἰωάννης
1234 2107 1271 2133 ἔτι
1297 2106 1321 2132 ἓν
1347 2106 1464 2143 μείραξιν
1489 2106 1524 2132 ὡν
1553 2108 1581 2132 τὸ
1613 2109 1698 2143 χρεὼν
1725 2106 1894 2143 ἐξιμὲτρησε,

1089 2155 1177 2189 χήραν
1205 2153 1249 2188 μὲν
1269 2154 1315 2181 τήν
1349 2151 1429 2178 αὐτοῦ
1455 2153 1571 2187 γαμετὴν
1595 2149 1725 2177 Εὐδοκίαν
1746 2150 1832 2188 ἀφεὶς,
1850 2154 1894 2181 τὴν

1089 2201 1135 2223 τοῦ
1150 2196 1273 2233 Ἀγγῆου
1294 2196 1411 2222 Ἰωάννου
1432 2197 1571 2234 θυγατέρα,
1599 2197 1711 2233 ὀρφανὴν
1735 2194 1766 2222 δι
1786 2199 1835 2226 τὴν
1851 2197 1895 2223 αὖ·

1089 2245 1134 2267 τοῦ
1154 2242 1283 2277 θυγατέρα
1298 2239 1447 2277 Θεοδώραν,
1469 2242 1528 2271 ἣτις
1556 2240 1675 2276 εὐτυχῶς
1703 2244 1739 2276 τῷ
1769 2244 1894 2278 Κομνηνῷ

1090 2288 1146 2312 τότε
1171 2285 1325 2316 συνέζευκτο
1352 2285 1471 2321 Μιχαὴλ.
1498 2284 1527 2311 Ἦ
1551 2285 1600 2321 γὰρ
1621 2288 1709 2321 μήτηρ
1742 2285 1828 2316 αὐτῆς
1850 2286 1895 2313 Εὐ-

1090 2329 1169 2357 δοκία
1189 2332 1276 2356 καίτοι
1301 2339 1330 2366 γε
1353 2332 1398 2356 νέα
1421 2328 1488 2356 οὖσα
1515 2331 1582 2356 πάνυ
1604 2332 1651 2359 τὴν
1675 2332 1790 2367 χηρείαν
1810 2333 1893 2368 φέρειν

1089 2375 1240 2408 ἠσπάσατο,
1276 2374 1368 2412 ἀρετὴν
1399 2373 1428 2401 δὲ
1455 2374 1534 2411 ίφιλει
1560 2377 1605 2401 καὶ
1632 2375 1750 2411 καθαπερ
1767 2378 1894 2412 προσανέ-

1089 2429 1148 2455 χειν
1170 2423 1236 2455 Θεῷ.
1267 2420 1313 2446 Διά
1332 2422 1416 2445 ταῦτα
1445 2421 1490 2445 καὶ
1513 2418 1682 2455 ἀντιμισθίαν
1705 2418 1891 2456 ἀντιλαμϐάνει

1089 2464 1154 2501 πρὸς
1170 2467 1226 2499 Θιῷ
1239 2465 1268 2490 τὸ
1279 2462 1371 2495 κῆδος.
1383 2466 1433 2490 Καὶ
1443 2466 1526 2490 ταῦτα
1545 2465 1589 2500 μιν
1600 2464 1680 2499 ἔσχιν
1696 2463 1787 2495 οὕτως.

243 2508 268 2544 ﬂ
285 2510 306 2536 Ι)
319 2517 325 2536 :
339 2511 390 2535 Καὶ
405 2507 440 2539 είς
455 2508 487 2534 ἔω
502 2505 713 2544 διαπεραιοῦται,
727 2510 772 2534 καὶ
788 2509 947 2544 συζευγνυσι
958 2512 995 2544 τῷ
1010 2507 1122 2544 Μιχαὴλ
1133 2512 1169 2543 τῷ
1193 2511 1316 2544 Κομνηνῷ
1337 2508 1372 2539 εἰς
1395 2512 1509 2544 γυναῖκα
1532 2511 1578 2534 τοῦ
1598 2506 1711 2544 ἀδελφοῦ
1738 2508 1822 2535 αὑτοῦ
1849 2513 1892 2544 τοῦ

209 2542 596 2582 σεϐαστοκράτοροςςισαακίου
611 2543 718 2580 ἐγγόνην
729 2546 776 2574 τὴν
792 2542 941 2582 Θιοδῶραν,
953 2542 985 2573 ἦν
999 2542 1079 2580 μόνην
1093 2545 1105 2570 ὁ
1122 2546 1209 2582 πατὴρ
1222 2542 1343 2576 Ἰωάννης
1356 2542 1490 2570 κατέλιπεν
1506 2545 1553 2571 σὺν
1566 2547 1598 2580 τῇ
1612 2542 1695 2575 αὐτῆς
1709 2547 1792 2581 μητρὶ
1814 2543 1882 2572 Εὑδο

209 2582 254 2618 κὶᾳ
265 2584 295 2617 τῇ
312 2579 358 2607 τοῦ
379 2579 501 2616 ’Ᾱγγὲλου
514 2579 632 2606 Ἰωάννου
649 2583 788 2615 συνοῦσαν,
804 2585 835 2618 τῇ
859 2579 914 2617 θείᾳ
927 2585 976 2606 τῶν
990 2579 1251 2618 στρατηγουπούλων.

651 2670 821 2704 Theodori
847 2670 972 2704 Dousae
995 2673 1028 2703 et
1051 2668 1176 2703 Leonis
1201 2668 1318 2703 Allatii
1342 2673 1445 2703 notae.

246 2757 326 2796 (8ὶό
341 2759 479 2796 Musoni),
502 2761 566 2788 Non
591 2767 663 2796 ergo
691 2759 843 2796 Arscnius,
868 2761 901 2787 ut
920 2759 1036 2796 Phraa-

208 2801 253 2823 za.
275 2795 418 2831 Gregoras
444 2794 564 2832 :"0pu;
587 2794 673 2828 ἔδοξεν
701 2795 788 2832 ὅρκοις
813 2795 892 2822 αὐτὸν
919 2794 1031 2832 βιϐαιώ-

1092 2769 1184 2792 σαντα,
1193 2761 1249 2788 etc.
1257 2758 1352 2788 Verba
1359 2758 1454 2787 habes
1461 2757 1606 2795 superiori
1614 2758 1721 2795 capite.
1732 2758 1791 2787 Sed
1798 2759 1891 2795 magis

1086 2795 1222 2824 distincte
1238 2797 1266 2824 et
1275 2798 1415 2824 accurate
1427 2794 1697 2831 Pachymerius,’p.
1717 2796 1764 2829 52,
1779 2795 1838 2824 Au.
