1966 3079
235 133 302 160 1119

870 130 1013 159 GEORGII
1040 130 1271 160 ACROPOLITIE

1866 135 1936 161 H26

231 192 585 230 ratorisinpejusruebat.
598 200 666 221 cum
679 193 767 221 solito
774 193 862 229 longe
871 193 1056 230 frequentius
1073 195 1096 222 Α
1112 197 1149 220 τοῙ

1119 197 1167 225 τοῖς
1186 193 1295 223 πολλοῖς.
1313 193 1392 220 Ἐπὰν
1413 193 1442 221 6“:
1470 194 1507 225 εἰς
1529 194 1654 232 λογισμὸν
1683 195 1809 231 ἰπανῆκε,
1838 196 1935 231 σχολῇ

232 240 313 268 malo
328 239 514 266 divexaretur
527 245 691 274 carnesque
711 238 950 271 absumerentur,
970 240 991 274 ι
1001 240 1057 275 10

231 284 315 321 quod
327 282 456 310 deterius
468 281 600 309 habebat
608 285 637 310 et
646 282 685 310 ali
697 290 757 310 non
769 285 893 318 poterat.
905 284 977 311 Cum
987 291 1057 318 ergo

232 328 417 356 medicorum
433 327 587 362 ingenium
606 327 644 355 de
673 327 859 356 restituenda
890 327 1058 356 valetudine

231 373 430 408 desperasset,
462 373 494 399 ut
512 372 659 408 respirare
680 372 745 408 ipse
765 372 922 408 paululum
942 375 1057 408 posset,

231 419 390 453 Smyrnam
407 417 460 444 iter
473 417 645 451 meditatur,
661 420 693 445 ut
715 417 873 452 Christum,
899 418 952 454 qui
965 417 994 445 in
1023 426 1058 446 ea

231 461 386 496 insigniter
398 461 514 493 colitur,
524 461 662 489 adoraret
672 461 872 498 precibusque
886 461 988 490 eﬁ'usis
1001 462 1058 490 sibi

231 505 393 543 propitium
404 506 435 533 in
455 508 537 534 tanto
556 506 718 534 infortunio
737 506 883 541 redigeret
919 507 1057 541 Accessit,

231 551 345 584 omnia,
365 550 408 578 uti
440 550 617 584 instituerat,
654 550 787 587 perfecit,
822 559 877 579 nec
907 553 1007 579 tamen
1022 559 1059 580 ex

231 595 338 624 morbo
348 595 508 623 convaluit.
523 597 611 623 Porro
622 595 651 623 in
667 595 848 631 Periclystris
868 604 1059 624 commorans

233 641 327 676 (locus
341 640 365 667 is
374 642 418 668 est
430 648 524 676 prope
536 641 706 676 Smyrnam,
723 641 806 677 quod
822 641 955 677 undique
967 649 1059 677 aqua-

231 693 299 713 rum
319 684 407 720 copia
426 684 659 718 circumﬂuatur,
682 685 723 712 sic
743 685 850 719 dictus)
872 686 978 721 majori
997 686 1059 714 sive

231 729 331 766 potius
347 729 485 757 atrociori
505 729 586 756 malo
605 737 778 765 oppressus,
799 729 869 757 inde
889 729 1057 765 discedens,

232 782 300 802 cum
312 773 491 808 gravissime
522 781 647 809 corpore
675 776 838 808 urgeretur,
855 775 1057 810 Nymphaeum

231 818 437 855 proﬁciscitur,
454 826 509 846 nec
522 818 618 853 regias
631 818 743 846 ibi-lem
756 818 864 846 domos
876 819 983 850 invisit.
1006 819 1059 847 sed

1112 240 1225 275 πρὸςτά
1244 238 1368 275 βασίλεια
1393 238 1585 276 ἔπανέστρεφιν,
1614 240 1693 267 ἐνίοτε
1711 239 1741 267 δὲ
1772 243 1823 267 καὶ
1854 243 1938 277 φορέ-

1114 282 1163 312 δην
1184 283 1224 309 ἐπὶ
1241 284 1331 320 θρόνου
1361 283 1384 309 ἓν
1406 288 1461 315 τοῖς
1488 284 1641 323 ἀνακτόροις
1666 286 1716 312 ὑπὸ
1742 290 1795 312 τῶν
1825 286 1938 312 οἱιείων

1113 329 1202 364 ἤγετο.
1217 329 1288 354 Ἐπεὶ
1302 326 1332 354 δὲ
1347 329 1361 358 ἡ
1378 331 1452 359 νόσος
1484 330 1621 365 ἑπηύξανι,
1644 332 1673 356 τὸ
1696 335 1776 367 σῶμα
1803 334 1863 356 τοῦ
1883 330 1941 366 βια-

1115 373 1204 404 σιλέως
1233 375 1374 399 χατέπιπτε
1404 384 1410 390 ·
1438 377 1624 412 συνεχέστερον
1649 377 1700 412 γὰρ
1725 376 1835 413 ἤρξατο
1864 377 1940 401 πᾶν.»

1113 419 1196 453 τούτῳ
1210 419 1339 453 γίνεσθαι,
1367 418 1488 450 Σύντηξις
1515 423 1576 455 γοῦν
1593 418 1623 448 ἦν
1651 419 1721 455 αὐτῷ
1741 424 1792 446 τῶν
1830 430 1940 457 σαρκι-

1113 466 1175 495 κῶν,
1191 462 1231 497 [Ρ.
1248 461 1293 499 56]
1309 465 1353 488 καὶ
1368 465 1398 488 τὸ
1420 461 1570 501 ,δεινότερον
1585 465 1600 494 ἡ
1618 463 1730 501 ἁτροᾳία
1743 468 1848 491 τοῦτον
1864 465 1942 491 ἐπίε‹

1115 508 1165 538 ζεν.
1182 506 1252 533 Ἐπεὶ
1278 505 1322 532 οὖν
1346 511 1433 544 χεῖρες
1459 507 1552 545 ἰατρῶν
1582 508 1615 539 εἰς
1645 511 1692 538 τὴν
1717 512 1795 535 νόσον
1828 509 1940 536 ἀπέκα-

1113 561 1172 588 μον,
1211 553 1380 589 παραμυθίαν
1408 552 1563 589 βουλόμενος
1594 555 1689 590 μικρὰν
1714 553 1838 591 ἐφωρείν
1866 555 1938 583 ἠθέ-

1113 595 1191 625 λησεν
1219 596 1254 626 εἰς
1275 598 1321 625 τὴν
1347 597 1464 633 Σμύρνην
1496 596 1623 630 ἀπελθεῖν,
1659 598 1728 628 ὅπως
1765 603 1804 633 τῷ
1846 598 1938 625 ἐκεῖσε

1113 643 1284 678 προσκυνήσῃ
1302 645 1409 677 Χριστῷ
1426 642 1484 676 (l3)
1511 641 1676 678 παράκλησίν
1690 652 1717 668 τε
1749 646 1872 672 ποιήσοι
1887 647 1934 669 καὶ

1115 684 1186 711 ἵλεων
1227 684 1304 711 αὐτὸν
1340 684 1525 721 ἀπεργάσοιτο.
1566 686 1735 723 Ἀφικόμενος
1761 685 1808 713 οὖν
1843 692 1934 714 ταῦτα

1114 732 1158 765 μὲν
1177 728 1346 767 διεπράξατο,
1363 729 1503 766 ἀνακωχὴν
1528 729 1558 756 δὲ
1572 735 1618 757 τοῦ
1642 732 1740 761 πάθους
1766 732 1824 767 οὐχ
1842 732 1931 770 εὗρεν,

1115 773 1167 800 ἀλλ’
1196 774 1220 800 ἐν
1243 778 1298 805 τοῖς
1328 775 1531 812 Περικλύστροις
1571 777 1743 812 σκηνούμενος
1773 777 1871 811 (τόπος
1901 775 1933 803 δέ

1115 819 1185 845 ἐστιν
1201 819 1276 849 οὗτος
1293 818 1371 854 ἐγγύς
1389 829 1438 846 που
1463 823 1512 850 τῆς
1533 821 1660 857 Σμύρνης,
1678 819 1726 846 διὰ
1755 823 1785 846 τὸ
1810 821 1925 852 πολλοῖς

232 863 262 890 in
278 863 370 890 hortis
383 863 472 897 regiis
486 871 579 899 prope
588 863 891 899 urbemimperatoria
907 863 1060 892 tinxitten-
1078 874 1098 900 Β
1115 867 1149 889 τολ

1119 867 1167 893 τοῖς
1200 861 1282 889 ὕδασι
1310 863 1514 900 περικλύζεσθαι
1536 864 1603 890 οὕτω
1629 874 1682 895 πως
1709 866 1931 901 κατονομαζομ-

233 908 326 941 toria;
340 907 425 935 ubiet
433 907 513 935 diem
528 915 616 935 suum
633 907 707 935 obiit
726 910 893 936 extremum
909 909 994 936 tertio
1010 917 1059 936 ca-

232 951 336 980 lendas
350 951 532 986 Novembris,
551 952 706 987 sexaginta
719 954 747 979 et
761 952 838 980 ducs
850 960 946 981 annos
961 955 1059 988 natus,

233 998 266 1023 ut
277 996 328 1032 qui
338 995 416 1023 illius
427 1004 475 1023 res
499 996 632 1024 exactius
666 996 861 1032 possidebant
883 997 994 1024 dixere.
1019 999 1061 1025 Ex

233 1040 280 1068 his
297 1040 415 1075 triginta
432 1043 490 1068 tres
499 1040 772 1077 probeintegreque
789 1044 974 1076 regnaverat.
992 1041 1062 1070 Leni

234 1085 336 1113 animo
348 1085 412 1118 fuit,
434 1093 611 1122 semperque
626 1094 657 1113 se
671 1086 880 1114 humaniorem
897 1086 1059 1122 praebebat.

234 1130 408 1158 Familiares
425 1130 544 1165 parcius
559 1131 792 1159 munerabatur:
809 1133 935 1163 exteros,
948 1139 1061 1167 eosque

235 1174 287 1210 qui
298 1177 440 1209 tanquam
452 1174 540 1209 legati
553 1176 591 1202 ad
604 1183 673 1202 eum
689 1176 852 1209 venissent,
871 1175 1062 1210 magniﬁcen-

235 1219 360 1246 tioribus
378 1219 597 1255 largitionibus,
609 1223 641 1248 ut
652 1221 690 1248 ab
704 1221 746 1248 eis
758 1221 939 1256 laudaretur,
955 1221 1062 1249 afﬁcie-

234 1263 298 1291 bat.
319 1263 479 1291 Amoribus
500 1265 705 1297 muliebribus,
726 1267 889 1301 postquam
908 1266 972 1301 ejus
988 1273 1063 1294 uxor

235 1309 318 1335 Irene
333 1309 506 1344 Imperatrix
521 1313 556 1338 ex
570 1309 626 1337 hac
637 1309 696 1336 vita
709 1312 885 1343 excesserat,
907 1313 935 1337 et
947 1310 1064 1346 potissi-

235 1360 320 1380 mum
332 1353 500 1381 Marcesinae
518 1362 585 1390 quae
600 1362 634 1381 ex
646 1353 727 1381 [talia
739 1357 871 1387 venerat,
887 1357 980 1382 Annae,
999 1355 1063 1391 qui-

236 1396 306 1424 dem
316 1397 504 1434 imperatrice
517 1406 553 1426 ex
572 1398 727 1426 Alemania
747 1399 848 1426 uxoris
869 1399 1061 1435 pedissequa,

236 1441 289 1469 sed
303 1451 371 1478 quae
384 1446 489 1479 postea
502 1443 532 1470 in
547 1451 647 1470 amore
660 1443 770 1471 mmula
780 1443 885 1477 fuerat,
895 1444 1025 1472 deditus.
1043 1445 1063 1472 E

236 1486 322 1522 cujus
336 1495 438 1515 amore
452 1487 491 1515 ita
509 1488 592 1522 ιιι
610 1487 673 1522 ipse
687 1487 839 1523 pendebat
859 1491 891 1516 ut
909 1488 951 1516 illi
970 1488 1063 1516 cocci-

235 1538 309 1559 neos
325 1532 442 1560 calceOS
459 1534 574 1567 gestare
593 1532 762 1568 permiserit
781 1534 809 1560 et
825 1540 932 1568 sagum
952 1535 980 1560 et
999 1532 1063 1560 fra-

235 1583 308 1604 num
320 1585 381 1605 non
396 1576 518 1604 alterius
532 1576 639 1605 coloris
655 1577 819 1613 indulserit,
842 1577 942 1613 plures
961 1577 1002 1605 illi
1022 1577 1063 1605 fa-

235 1621 334 1649 mulos
364 1629 458 1658 quam
489 1630 566 1649 verae
599 1621 730 1649 dominia
760 1621 924 1656 donaverit,
944 1622 1062 1658 aliaque

235 1666 436 1702 quampluima
442 1665 615 1694 libidinibus
622 1666 699 1693 illius
705 1666 875 1694 deserviens
883 1666 1059 1703 praestiterit.

235 1710 300 1738 Fuit
308 1710 348 1738 illi
364 1710 484 1738 animus
495 1710 564 1737 belli
580 1711 684 1745 ingens
700 1718 735 1737 ac
752 1710 890 1738 tolerans.
912 1711 1060 1738 Lionsertis

236 1754 358 1789 prceliis,
374 1754 488 1781 variam
503 1754 606 1782 Martis
628 1756 738 1781 sortem
758 1754 962 1790 extimescens,
984 1757 1012 1782 et
1029 1755 1060 1783 in

236 1799 292 1827 illis
303 1798 496 1826 conserendis
510 1798 655 1825 incertum
667 1798 768 1825 animo
795 1799 923 1833 agitans,
936 1799 1060 1829 minime

236 1842 449 1876 delectabatur,
464 1842 518 1870 sed
529 1842 701 1870 fortitudine
712 1850 746 1869 ac
761 1843 912 1878 patientia,
924 1845 953 1871 et
966 1852 1059 1873 verno

1115 910 1176 941 νος),
1197 907 1314 943 μείζονος
1342 908 1356 937 ἧ
1386 907 1480 943 μᾶλλον
1508 910 1629 945 χείρονος
1654 913 1699 934 τοῦ
1727 910 1835 940 πάθους
1864 910 1930 946 ἐπῄ-

1117 953 1202 979 σθετο.
1230 953 1340 978 Ἐκεῖθιν
1368 950 1411 978 οὖν
1439 951 1539 989 ἀπάρας
1565 956 1685 990 πονήρως
1702 953 1761 979 λίαν
1790 955 1866 990 ἔχων
1882 958 1929 980 τοῦ

1117 1000 1238 1033 σώματος
1252 996 1444 1033 καταλαμϐάνει
1470 999 1498 1023 τὸ
1514 999 1660 1034 Νύμφαιον.
1679 1000 1729 1024 Καὶ
1754 997 1779 1024 ἐν
1796 1000 1847 1034 μὲν
1872 1003 1930 1029 τοῖς

1116 1041 1265 1077 βασιλικοῖς
1281 1041 1327 1067 οὐκ
1354 1041 1466 1071 ἀπῆλθεν
1490 1042 1642 1078 οἰκήμασιν,
1660 1041 1683 1068 ἐν
1714 1041 1744 1069 δὲ
1769 1046 1829 1073 τοῖς
1849 1043 1931 1078 ἐγγύς

1115 1096 1165 1112 που
1185 1091 1230 1116 τῆς
1244 1089 1336 1124 χώρας
1360 1086 1506 1122 βασιλείοις
1533 1089 1626 1117 κήποις
1663 1089 1712 1118 τὰς
1745 1086 1930 1124 irrumpunt};

1117 1132 1215 1162 σκηνὰς
1238 1129 1403 1167 ἐνιδρύσατο.
1419 1131 1500 1158 Ἔνθα
1523 1134 1569 1157 καὶ
1591 1133 1620 1157 τὸ
1642 1134 1728 1168 χρεὼν
1751 1131 1929 1169 ἐλειτούργη-

1117 1185 1146 1201 σε
1158 1177 1232 1212 τρίτῃ
1253 1174 1388 1202 καλανδῶν
1404 1175 1562 1213 Νοιμϐρὶου,
1584 1176 1710 1207 ἐξήκοντα
1724 1179 1769 1202 καὶ
1790 1176 1843 1203 δύο
1859 1179 1927 1211 (H),

1116 1222 1151 1251 ὡς
1170 1222 1194 1246 οἱ
1222 1222 1255 1246 τὰ
1274 1223 1332 1256 περὶ
1356 1220 1435 1246 αὐτοῦ
1464 1220 1647 1258 ἀκριϐέστερον
1678 1220 1777 1251 εἰδότες
1797 1224 1927 1257 ἔφασκον,

1117 1266 1159 1293 ἔτη
1186 1264 1298 1301 βιώσας,
1327 1264 1353 1296 ἐξ
1368 1265 1401 1290 ὧν
1420 1265 1562 1301 τριάκοντα
1574 1267 1618 1291 καὶ
1646 1269 1715 1302 τρεῖς
1746 1265 1928 1302 βεϐασίλενκι

1117 1309 1198 1339 καλῶς
1217 1318 1244 1335 τι
1269 1311 1313 1334 καὶ
1340 1308 1454 1344 ἀγαθῶς.
1484 1312 1570 1346 Πρᾶος
1595 1311 1643 1346 γὰρ
1674 1308 1704 1339 ἧν
1729 1319 1775 1337 και
1809 1313 1879 1347 πρὸς
1898 1313 1928 1337 τὸ

1118 1353 1354 1391 φιλανθρωπότερον
1384 1353 1423 1380 ἀεί
1452 1353 1594 1382 ἀπονεύων.
1632 1358 1742 1392 Δωρεαῖς
1864 1358 1927 1392 πρὸς

1117 1400 1179 1430 τοὺς
1195 1399 1274 1424 αὑτοῦ
1299 1399 1377 1427 ἧττον
1395 1398 1503 1436 ἐχρᾶτο,
1537 1400 1600 1435 πρὸς
1627 1397 1657 1425 δὲ
1678 1401 1740 1431 τοὺς
1760 1399 1862 1432 ξένους,
1883 1410 1927 1426 και

1117 1443 1211 1479 μᾶλλον
1239 1445 1297 1473 τοὺς
1333 1444 1368 1474 ὡς
1397 1443 1518 1480 πρέσϐεις
1557 1442 1739 1479 ἀφικομένους,
1769 1442 1927 1480 δαψιλεστέ-

1117 1497 1164 1524 ραν
1191 1487 1249 1524 (15)
1265 1490 1312 1516 τὴν
1327 1490 1407 1524 χεῖρα
1429 1489 1588 1525 προῦτεινεν,
1615 1488 1646 1514 ἶν’
1674 1488 1717 1514 ὑπ’
1743 1488 1831 1514 αὐτῶν
1855 1489 1925 1516 ἐπαι-

1117 1536 1195 1559 νοῖτο.
1211 1531 1324 1570 Ἐρώτων
1345 1530 1375 1558 δὲ
1399 1532 1494 1561 θὴλεων
1509 1534 1618 1562 ἡττᾶτο.
1642 1532 1669 1564 ἐξ
1684 1533 1745 1559 ὅτου
1762 1534 1778 1562 ἡ
1809 1534 1923 1569 σύζυγος

1118 1577 1197 1603 αὑτοῦ
1212 1578 1256 1602 καὶ
1271 1576 1378 1611 βασιλὶς
1391 1577 1498 1613 Εἰρήνη,
1515 1576 1542 1608 ἐξ
1565 1576 1704 1613 ἀνθρώπων
1731 1577 1845 1613 ἐγεὸιετο,
1859 1580 1921 1605 Μά-

1116 1621 1194 1648 λιστα
1207 1619 1236 1647 δὶ
1252 1625 1299 1652 τῆς
1322 1620 1349 1652 ἐξ
1373 1621 1487 1653 Ἰταλίας
1515 1621 1639 1652 ἐλθούσης
1671 1623 1704 1652 ὡς
1731 1621 1922 1658 θεραπαινίδος

1115 1667 1160 1702 μὲν
1176 1671 1222 1696 τῆς
1235 1665 1260 1697 ἐξ
1275 1665 1425 1702 Ἀλαμάνων
1439 1666 1555 1702 συζύγου
1577 1664 1716 1702 βασιλίδος
1733 1666 1830 1698 Ἀννης
1851 1669 1917 1702 (l6),

1115 1710 1254 1741 ἀντιζὴλου
1283 1709 1311 1736 δὲ
1335 1711 1433 1741 ταύτης
1465 1712 1637 1746 γε’γῡῃμένης
1664 1713 1836 1747 Μαρκεσίνης
1863 1713 1918 1746 (Π)

1114 1765 1141 1782 τε
1159 1755 1351 1791 ὀνομαζομένης
1368 1759 1413 1781 τοῦ
1442 1756 1533 1792 ἔρωτος
1561 1757 1670 1790 ἥττητο,
1703 1758 1749 1782 καί
1774 1755 1800 1787 ἐς
1827 1761 1917 1783 τοσοῦ-

1114 1810 1156 1826 τον
1189 1804 1236 1830 τῆς
1264 1799 1366 1834 ἀγάπης
1399 1799 1478 1829 αὐτῆς
1502 1799 1655 1836 ἐξεχρὲματο
1687 1801 1721 1831 ὡς
1747 1802 1794 1826 καὶ
1820 1799 1914 1827 πέδιλα

1113 1842 1290 1871 ὑποδεδὲσθαι
1316 1842 1407 1870 δουναι
1433 1845 1513 1881 ταύτῃ
1542 1844 1691 1880 κοκκοϐαφῆ
1726 1847 1774 1870 καὶ
1802 1844 1915 1881 ἐφεστρὶ-

670 1895 840 1930 Theodori
865 1897 989 1931 Dousa:
1014 1903 1047 1932 et
1070 1899 1196 1933 Leonis
1220 1897 1336 1932 Allatii
1363 1903 1463 1932 notae.

930 1955 961 1983 in
1009 1955 1065 1984 hac

239 1990 543 2027 mgritudinAeJoannis
552 1990 693 2027 pietatem
708 1992 937 2027 etnummorum
948 1991 978 2018 in
993 1999 1066 2027 pau-

237 2033 323 2063 peres
334 2025 538 2063 profusionem
548 2025 739 2063 fu_se_enarrat
752 2026 893 2063 Georgius
906 2025 1066 2063 Pachyme-

237 2060 350 2098 rius(p,
368 2061 423 2098 70),
445 2062 527 2097 quia
554 2060 725 2089 Christianis
753 2060 940 2098 principibus
971 2060 1066 2090 omni-

237 2105 277 2126 no
293 2097 462 2125 audiendus
480 2099 533 2124 est.
554 2099 621 2125 ALL.

275 2133 330 2169 (14)
361 2133 575 2169 Ἐξήκοννταήξιοιὶ
609 2131 668 2160 δύο.
701 2133 856 2167 Gregoras.

293 1955 335 1989 i3)
435 1953 525 1991 ἐκεῖσεν
548 1956 721 1991 προσπυνήση
761 1958 880 1991 Χριστῷ.

890 2141 921 2169 p.
956 2134 999 2162 50.
1033 2135 1066 2162 Et

238 2167 310 2206 nota
323 2176 419 2206 annos
429 2168 498 2206 vitae
508 2167 586 2195 illius
595 2169 796 2206 Acropolitam
805 2167 964 2206 numerare
980 2177 1066 2197 sexa-
1082 2169 1103 2197 D
1120 2169 1202 2198 fama
1219 2179 1235 2197 ιι
1250 2167 1410 2206 cupiditate
1425 2169 1475 2206 illa
1494 2167 1671 2197 revocarint.

239 2204 321 2239 ginta
336 2203 422 2240 duos,
439 2205 600 2238 Gregoram
612 2203 767 2238 sexaginta
782 2213 788 2232 :
805 2204 835 2232 in
845 2205 932 2232 annis
949 2205 1065 2240 imperii

239 2239 431 2271 conveniunt.
449 2247 518 2267 cum
538 2242 662 2276 uterque
675 2242 733 2268 tres
750 2242 777 2267 et
806 2240 925 2275 triginta
948 2239 1065 2276 imperii

239 2277 385 2302 numeret.
413 2277 478 2303 ALL.

275 2310 332 2346 (15)
350 2310 551 2349 Δαψιλεστέραν.
579 2310 784 2349 ᾼᾲωίτᾶῦἱιιιι·
811 2318 974 2349 nonnemo
993 2320 1067 2348 qua-

239 2353 312 2387 nam
324 2347 438 2374 ratione
448 2346 606 2387 ejusmodi
614 2346 882 2387 imperatoreskqui
896 2347 986 2382 paulo
997 2346 1065 2387 ante

239 2382 385 2418 reliquam
393 2383 505 2418 regiam
514 2382 725 2418 supellectilem
738 2382 875 2409 hostibus
881 2386 1031 2411 cesserant
1038 2386 1066 2411 et

239 2418 342 2446 omnia
359 2427 414 2446 sua
428 2419 600 2451 amiserant,
618 2420 778 2451 exotorres,
791 2420 819 2445 et
829 2425 889 2445 non
902 2419 964 2446 sine
975 2419 1066 2446 conti-

239 2454 307 2482 nuis
322 2454 430 2490 illsque
445 2454 603 2490 immensis
616 2452 796 2488 sumptibus,
817 2461 897 2481 nunc
917 2462 985 2482 cum
998 2454 1065 2482 Bul-

240 2490 332 2525 garis,
345 2489 425 2517 nunc
435 2498 504 2517 cum
515 2489 630 2523 Latinis,
643 2496 722 2525 nunc
741 2496 810 2516 cum
831 2490 1065 2518 Christianorum

238 2524 385 2560 hostibus,
402 2528 430 2553 et
448 2525 532 2562 quod
551 2524 650 2562 majus
671 2524 801 2560 cuipiam
837 2524 927 2562 videri
948 2526 1064 2562 poterit,

239 2569 308 2601 cum
325 2562 432 2601 Graecis
445 2560 517 2601 ipsis
526 2560 745 2601 belligerantes,
767 2562 809 2588 tot
827 2560 1065 2601 recolli_g_ere__pe-

240 2597 346 2624 cunias
353 2595 513 2632 potuerint,
521 2598 553 2623 ut
563 2596 647 2632 larga
658 2595 746 2624 etiam
758 2604 849 2632 manu
859 2595 1066 2632 largitionibus

240 2605 346 2624 cunias
376 2605 513 2630 otuerim,
521 2605 553 2623 ιιι
563 2605 647 2630 larga
658 2605 746 2624 etiam
758 2605 849 2624 manu
859 2605 1066 2632 larglllOIHDllS

240 2634 269 2660 et
284 2605 530 2660 retrigutionibus
547 2639 618 2665 ,non
627 2631 824 2660 familiaribus
832 2633 922 2660 modo
929 2633 980 2660 sed
988 2635 1066 2660 exte-

239 2668 292 2709 ris,
301 2675 393 2709 supra
403 2668 492 2709 etiam
503 2668 716 2709 imperatorum
731 2668 978 2709 consuetudinem
991 2668 1065 2709 etin-

242 2703 367 2740 sissimis
377 2703 571 2740 providerint.
586 2703 717 2740 Cessabit
742 2704 867 2740 omnino
895 2703 1064 2736 admiratio,

243 2738 267 2765 si
282 2738 457 2767 revocentur
467 2739 497 2767 in
517 2739 694 2775 memoriam
713 2739 1009 2775 quaarPachymerius
1028 2739 1066 2767 de

242 2775 347 2802 aerario
358 2775 481 2803 Joannis
497 2778 525 2803 et
538 2774 683 2803 Theadori
703 2774 812 2809 scribit,
829 2782 858 2810 p.
874 2776 916 2803 68.
932 2777 1000 2804 ALL.

277 2809 454 2846 (19)”Αννης.
472 2812 585 2839 Mortua
599 2817 732 2846 namque
752 2809 837 2839 [rene
853 2810 971 2839 Annam
1006 2811 1066 2839 Ales

1121 1963 1277 1987 mancam.
1300 1955 1441 1984 Manfredi
1462 1955 1566 1984 Sicilire
1584 1956 1664 1991 regis
1679 1963 1829 1989 sororem,
1851 1965 1907 1985 uxo

1120 2000 1185 2028 rem
1199 1992 1291 2020 duxit.
1309 1992 1465 2028 Gregoras,
1482 1999 1510 2027 p.
1536 1993 1569 2019 4-5
1591 1994 1619 2019 et
1632 1993 1676 2020 9i.
1695 1992 1914 2028 Pachymertus,

1121 2027 1171 2056 lib.
1182 2036 1222 2058 in.
1235 2035 1264 2063 p.
1280 2027 1379 2064 t81,et
1393 2027 1513 2064 infrap.
1532 2029 1592 2064 185.
1607 2027 1699 2064 Hujus
1714 2027 1809 2056 Annae
1819 2031 1916 2064 postea

1120 2062 1281 2099 imperium
1306 2063 1433 2098 adeptus
1448 2062 1569 2099 Michael
1583 2063 1768 2099 Palmologus
1789 2062 1915 2092 maxime

1120 2098 1244 2134 cupiens
1259 2098 1322 2126 fuit.
1336 2100 1436 2134 itaque
1452 2098 1647 2126 inﬂammatus
1659 2098 1785 2126 libidine
1806 2099 1916 2128 fereba-

1120 2136 1177 2174 tur,
1195 2136 1226 2162 ut
1234 2134 1543 2174 nequepudor‘peque
1552 2134 1647 2174 pietas
1654 2142 1755 2174 neque
1762 2134 1915 2174 hominum

1717 2170 1819 2198 ulieris
1839 2171 1917 2199 casti-

1120 2206 1254 2233 moniam
1281 2209 1309 2233 et
1329 2208 1407 2241 artes
1425 2208 1453 2232 et
1467 2205 1562 2241 ipsius
1582 2206 1771 2241 imperatoris
1793 2210 1914 2235 conatus

1120 2241 1340 2277 Pachymerius,
1357 2240 1408 2268 lib.
1421 2249 1463 2274 iu,
1476 2240 1506 2277 β.
1524 2241 1586 2272 481.
1602 2240 1758 2276 expressit.
1780 2244 1849 2270 ALL.

1156 2276 1212 2311 (t7)
1228 2279 1407 2317 Maprsa'évyg.
1430 2276 1500 2304 Rem
1520 2276 1614 2317 fusius
1636 2279 1798 2317 pertractat
1812 2278 1914 2317 Grego-

1119 2319 1216 2349 ras,p.
1224 2312 1299 2345 46.0
1305 2321 1349 2340 uae
1364 2313 1509 2345 Gregoras
1520 2312 1556 2339 de
1566 2312 1731 2348 Nicephoro
1742 2312 1916 2349 Blemmyda

1119 2350 1147 2389 et
1163 2348 1284 2389 exclusa
1308 2347 1470 2389 Marcesina
1492 2347 1531 2375 ab
1551 2347 1676 2389 ecclesia
1688 2349 1789 2389 tradit,
1807 2350 1915 2389 videtur

1119 2383 1254 2411 hausisse
1273 2392 1307 2411 ex
1318 2383 1449 2420 epistola
1456 2383 1606 2420 encyclica
1613 2383 1746 2420 ejusdem
1753 2384 1913 2420 Nicephori,

1143 2427 1187 2447 ua:
1202 2419 1274 2455 quia
1288 2419 1387 2455 adhuc
1397 2419 1509 2446 inedita
1523 2422 1577 2453 est,
1589 2419 1671 2454 quod
1687 2419 1782 2446 sciam
1798 2419 1871 2455 ipse,
1889 2423 1913 2448 et

1119 2427 1187 2481 alia:
1202 2427 1274 2455 qnia
1288 2427 1387 2446 annuc
1397 2427 1509 2446 inedita
1523 2427 1577 2453 est,
1589 2427 1671 2454 quoa
1687 2427 1782 2446 solani
1798 2427 1871 2455 ipse,
1889 2427 1911 2448 ei

1141 2455 1212 2489 igna
1220 2455 1330 2491 sitquaa
1336 2454 1376 2482 ob
1388 2456 1527 2491 pietatem
1537 2458 1565 2482 et
1571 2462 1725 2491 summum
1736 2455 1767 2482 in
1778 2455 1911 2484 Christia-

1119 2498 1190 2518 nam
1203 2490 1377 2525 religionem
1386 2490 1482 2517 zelum
1494 2493 1605 2518 teratur
1617 2490 1753 2518 omnium
1767 2492 1908 2521 manibus.

1119 2525 1166 2553 hic
1173 2526 1339 2553 exscribam
1352 2527 1460 2556 Graece;
1468 2533 1535 2562 qua:
1544 2528 1603 2553 est:
1612 2528 1764 2562 Νικηφόρον
1775 2529 1909 2562 μοναστοὺ,

1119 2571 1144 2588 κ.
1159 2571 1181 2589 τ.
1193 2562 1289 2598 iVide
1299 2565 1409 2589 tomum
1419 2562 1496 2589 CXLI
1506 2562 1536 2589 in
1546 2561 1716 2598 Nicephoro
1730 2562 1909 2598 Blemmyda.

1121 2597 1302 2638 §pondanus
1316 2599 1492 2638 anno‘t225,
1514 2605 1598 2638 num,
1621 2597 1745 2638 tamira
1762 2597 1911 2638 oscitantia

1119 2633 1318 2669 Nicephorum
1335 2641 1353 2660 a
1379 2633 1554 2669 Blemmyda
1569 2633 1674 2661 dividit
1694 2642 1700 2660 :
1718 2633 1793 2661 Cum
1819 2635 1910 2668 pellex

1120 2670 1293 2704 ejusquazda
1308 2676 1397 2704 quaem
1404 2669 1722 2705 majoﬁpompaquam
1729 2670 1909 2705 ipsaAugus-

1120 2708 1151 2732 ta
1164 2705 1504 2738 incedcreconsueverat,
1518 2704 1697 2739 abingressu
1704 2705 1810 2739 templi
1822 2704 1908 2734 Blem-

1118 2741 1215 2775 mydar
1225 2740 1375 2775 prohibita
1386 2741 1423 2768 ab
1433 2747 1498 2775 ejus
1506 2740 1612 2768 abbate
1618 2741 1788 2773 Nic-ephoro
1799 2749 1906 2776 magna:

1120 2777 1240 2804 virtutis
1246 2779 1335 2812 atque
1341 2777 1529 2812 acclametis
1537 2777 1612 2812 circ,
1622 2778 1677 2804 etc.
1685 2777 1763 2805 Sane
1769 2776 1817 2805 hic
1823 2777 1907 2805 abbas

1120 2811 1301 2848 Nicephorns
1311 2819 1330 2840 a
1345 2811 1520 2848 Blemmyda
1531 2811 1663 2845 delectus
1678 2819 1740 2840 non
1753 2813 1800 2840 est
1813 2815 1876 2842 ALL.
