1966 3079
21 112 106 138 1121

815 111 988 139 ANNALES.

1675 113 1742 140 H22

20 171 86 204 δας
107 174 246 203 τοιαύτας
261 174 306 198 καὶ
336 171 435 208 χαλινὰ
461 171 568 197 ἕπεσθαι
587 180 613 197 τι
640 171 705 208 αὐτῇ
727 172 829 203 πλείους
845 173 859 201 ὴ
875 186 882 200 Α

956 180 1049 208 npore
1059 173 1088 200 in
1094 172 1228 201 hostium
1239 173 1314 201 locis
1325 173 1438 208 degens
1445 175 1472 201 et
1484 175 1584 201 aestate
1590 173 1740 208 trajiciens

20 221 59 253 τῇ
83 220 201 253 κυρίως
217 215 353 252 δεσποίνῃ,
384 216 449 242 ἄλλά
464 226 491 242 τε
508 215 589 242 πολλὰ
615 215 694 242 ἐποίει
719 220 778 248 ταῖς
799 217 862 243 ὲκεί-

22 271 84 292 νης
125 260 264 288 δουλεύων
301 261 412 298 ὀρέξεσι.
448 261 608 298 Καρτερικός
628 259 657 286 δὲ
673 259 703 289 ἧν
735 262 809 292 οὗτος
839 261 862 286 ἐν

24 310 102 337 ταῖς
129 307 239 343 μάχαις
266 307 279 332 ὁ
314 305 449 342 βασιλεὺς,
472 308 517 331 καὶ
532 309 587 335 τοῖς
600 307 645 341 μὲν
667 307 734 332 κατὰ
764 307 863 332 συστά-

29 350 92 380 δην
136 351 265 387 πολέμοις
300 350 346 376 οὐκ
384 352 486 386 ἔχαιρε,
527 352 556 375 τό
586 349 793 387 ἀλλοπρόσαλλον
819 354 863 377 τοῦ

28 394 152 433 ”Αρεως
170 393 273 422 δειλιῶν
298 397 343 421 καὶ
370 396 399 421 τό
427 395 498 431 παρὰ
523 395 607 420 ταῦτὰ
628 393 726 423 ἄδηλον
741 395 863 430 ὑπολογι-

32 442 165 476 ζόμενος
183 451 189 456 ·
215 444 246 476 τῇ
273 441 396 476 καρτερίᾳ
424 437 454 465 δὲ
481 442 626 475 χρώμενος,
656 442 701 465 καὶ
730 439 864 476 ἔνεαρίζων

31 486 89 521 μὲν
109 485 154 515 εἰς
169 487 217 514 τήν
241 489 291 510 τῶν
317 483 435 510 ἐναντίων
461 487 511 519 γῆν
535 486 580 509 καὶ
607 485 654 512 τὴν
683 485 769 521 θέρους
797 485 864 522 ὤραν

33 527 234 563 διαϐιϐάξων,
270 530 307 555 ἔτι
333 527 362 555 δὲ
391 531 434 555 καὶ
458 530 501 557 τήν
522 529 663 564 φθίνουσαν
687 528 789 565 ὀπώραν
806 527 865 555 δια-

34 574 70 599 νύ
74 584 127 609 ων,

916 225 971 245 nec
982 225 1042 245 non
1056 219 1084 245 et
1097 221 1284 246 senescentes
1297 218 1410 246 fructus
1425 220 1595 253 expectans,
1606 219 1741 254 quando-

916 270 975 298 que
984 262 1073 290 etiam
1085 262 1245 291 hibernans
1255 263 1410 291 victoriam
1421 262 1602 298 reportabat,
1616 262 1742 298 impera-

918 306 988 334 toris
1003 307 1170 335 constantia
1181 316 1216 335 ac
1231 308 1374 344 patientia
1387 306 1516 341 fatigatis
1531 306 1675 334 hostibus.
1689 308 1745 335 Mo-

915 350 990 378 ritur
1000 351 1164 386 imperator
1174 352 1304 380 Joannes
1315 351 1437 387 imperio
1452 350 1513 378 filio
1522 359 1576 378 suo
1591 351 1744 380 Theodoro

917 397 975 423 tres
992 395 1150 430 ettriginta
1165 404 1261 424 annos
1278 397 1377 432 agenti
1388 395 1505 424 relicto:
1528 395 1660 424 totenim
1674 398 1744 424 aeta.-

918 440 953 467 tis
968 439 1047 468 illius
1066 441 1135 468 anni
1155 444 1229 477 quot
1241 444 1269 469 et
1287 440 1403 477 paterni
1427 440 1544 476 imperii
1556 443 1640 468 erant
1654 449 1660 467 :
1675 448 1745 468 cum

917 487 1075 520 paternam
1086 485 1166 513 enim
1183 485 1398 514 acclamatione
1411 485 1485 513 forte
1498 487 1526 513 et
1539 485 1654 513 natales
1667 485 1745 513 illius

918 532 1141 558 concurrerant.

176 573 257 600 ἐνίοτε
295 572 326 600 δὲ
360 574 405 599 καὶ
443 573 652 610 παραχειμάζων
691 575 737 602 τὴν
768 577 880 599 νικῶσαν
925 573 1076 610 ἐλάμϐανεν,
1115 574 1315 611 ἁποκαμνόντων
1344 579 1394 601 τῶν
1424 575 1542 600 ἐναντίων
1563 578 1594 610 τῇ
1622 578 1668 600 τοῦ
1698 573 1747 610 βα·-

39 618 151 649 edim;
183 618 304 645 ἔνο-τάσει
329 628 357 645 τε
382 620 427 644 καὶ
454 619 583 654 ὑπομονῇ.
615 619 759 647 Ἑτεθνήκει
787 619 866 654 μενό
895 618 1017 655 βασιλεὺς
1047 620 1165 650 Ἰωάννης
1193 624 1229 655 τῷ
1255 621 1304 655 υἱῷ
1329 620 1409 646 αὐτοῦ
1435 617 1563 655 Θεοδώρῳ
1591 621 1636 648 τὴν
1666 618 1747 655 βασι-

38 663 122 689 λείαν
137 663 341 697 καταλελοιπὼς,
352 663 494 700 τριάκοντα
507 665 552 688 καὶ
563 664 703 699 τριάκοντα
718 666 762 690 καὶ
776 665 837 700 τρία
856 664 899 692 ἔτη
917 662 1058 691 διανύοντι.
1076 666 1205 694 Τοσοῦτὸς
1216 666 1266 702 γὰρ
1281 665 1293 690 ὁ
1309 667 1404 702 χρόνος
1420 664 1488 699 αὐτῷ
1511 664 1606 694 ὁπόσος
1629 666 1676 693 τὴν
1699 674 1747 690 πα.

41 712 151 746 τρικῆς
169 707 308 744 βασιλείας
320 708 448 744 ἐτύγχανε
466 718 473 724 '
490 705 590 743 σχεδόν
601 709 650 744 γὰρ
665 712 695 744 τῇ
712 711 825 745 πατρικῇ
842 707 984 746 ἀναρρήσει
996 711 1041 735 καὶ
1052 710 1066 738 ἡ
1080 710 1202 745 ’γέννησις
1215 708 1312 734 ἐκείνου
1329 707 1497 745 ξυνέδραμεν.

85 753 146 788 ιη’.
165 752 235 779 Ἀλλ’
261 753 274 778 ὁ
290 751 414 789 βασιλεὺς
445 753 468 769 ¹’⁰
483 753 527 788 μὲν
549 750 685 789 Θεόδωρος
710 756 760 778 τῶν
789 751 866 788 βασι-

45 797 131 823 λείων
171 796 311 827 ἐπείληπτο
347 798 451 834 θρόνων.
495 799 547 826 Τὴν
584 799 767 834 νενομισμένην
804 801 867 833 γοῦν

46 843 133 868 ὁσίαν
152 840 270 873 ἀποδοὺς
286 841 328 878 [Ρ.
346 842 391 878 57]
405 846 441 877 τῷ
456 841 560 878 βασιλεῖ
584 844 629 868 καὶ
654 845 744 879 πατρὶ,
763 845 807 868 καὶ
822 852 867 868 κα-

52 887 162 917 θεσθεὶς
184 885 223 913 ἐπ’
243 884 359 917 ἀσπίδος
382 887 416 917 ὡς
446 887 511 920 ἔθος,
540 888 585 912 καὶ
611 887 661 912 ὑπὸ
690 887 790 913 πάντων
820 896 866 922 φη-

48 932 164 967 μισθεὶς
185 931 353 968 αὐτοκράτωρ
374 931 444 967 (18),
461 935 506 957 τοῦ
533 933 672 967 Νυμφαίου
698 930 798 968 ἀπάρας
825 931 867 957 ἐπὶ

956 755 1000 781 53.
1018 753 1108 788 igitur
1119 753 1283 789 imperator
1301 753 1470 780 Theodorus
1484 752 1598 788 imperii
1622 751 1747 780 habenis

921 798 1079 834 susceptis,
1101 798 1251 834 Justisque
1276 797 1448 833 imperatori
1475 800 1502 824 et
1517 796 1659 833 patri,uti
1683 796 1748 824 ﬁeri

920 844 1012 873 amat,
1027 842 1123 877 factis,
1140 844 1168 870 et
1193 850 1284 878 super
1304 844 1420 870 scutum
1436 841 1581 876 assidens,
1597 841 1639 868 uti
1654 840 1746 868 moris

921 889 973 919 est,
987 887 1025 914 ab
1039 887 1181 915 omnibus
1197 887 1359 923 imperator
1374 887 1567 920 acclamatus,
1583 885 1747 922 Nymphaeo

921 930 1079 959 discedens
1086 931 1313 967 Philadephiam
1321 933 1478 964 commeat,
1487 930 1588 958 urbem
1595 930 1748 965 ingentem

49 979 101 1005 τὴν
122 974 287 1012 Φιλαδέλφου
313 975 429 1012 ἀφίκετο.
450 978 569 1011 Μεγίστη
595 974 626 1002 δὲ
640 976 706 1004 αὕτη
722 976 798 1007 πόλις
822 977 867 1002 καὶ

968 975 1152 1012 frequentem
1168 975 1288 1012 populis
1310 976 1530 1012 oppidanisque
1546 983 1631 1003 arma
1661 975 1746 1010 112

40 1020 268 1056 ,πολυάνθρωπος
287 1022 332 1046 καὶ
361 1020 517 1052 ὁπλίζεσθαι
546 1019 736 1056 δεδυνημένους
762 1020 866 1049 οἰκήτο-

51 1075 102 1103 ρας
119 1066 238 1101 ἔχουσα,
252 1067 297 1091 καὶ
319 1064 436 1102 μάλιστα
459 1065 558 1096 τοξείαν
586 1064 730 1096 ἀσκοῦντας
759 1076 765 1082 -
788 1064 867 1101 ἀγχι-

51 1114 226 1147 τερμονοῦτα
240 1108 270 1136 δὲ
285 1113 338 1140 τοῖς
354 1113 492 1147 Περσικοῖς
510 1110 591 1146 ὁρίοις
614 1109 653 1136 ἀεὶ
683 1108 868 1146 διαμάχεσθαι

52 1159 109 1185 τοῖς
132 1155 298 1186 ὑπεναντίοις
320 1155 427 1184 τούτους
457 1157 526 1180 ποιεῖ
552 1157 596 1180 καί
632 1153 726 1185 ἐθάδας
751 1154 867 1190 πολέμων

55 1199 213 1236 ἐργάζεται.
250 1199 348 1226 Ἐκιίσε
390 1197 434 1225 οὖν
480 1197 689 1236 διακαρτερήσας
715 1201 808 1236 μικρὸν
823 1202 868 1226 καὶ

55 1245 120 1270 ὅσον
151 1243 293 1282 πρεσϐείαν
333 1243 432 1270 στεῖλαι
457 1245 521 1279 πρὸς
546 1245 590 1270 τὸν
620 1244 742 1276 σουλτὰν,
767 1243 809 1270 ἐπὶ
836 1245 868 1271 τὰ

57 1289 176 1315 Βιθυνῶν
203 1291 344 1325 κεχώρηκη
371 1291 436 1325 μέρη
457 1290 502 1314 καὶ
517 1290 564 1317 τὴν
584 1292 630 1318 τῆς
656 1291 746 1325 χώρας
770 1290 867 1319 ταύτης

56 1333 264 1369 προκαθημένῃ
278 1333 352 1359 πόλιν
381 1335 428 1362 τήν
455 1333 577 1360 Νίκαιαν.
605 1333 675 1359 Ἐπεὶ
700 1331 729 1359 δὲ
758 1333 868 1370 ἐχήρευε

57 1382 104 1404 τοῦ
126 1381 354 1415 πατριαρχοῦντος
382 1378 438 1412 (19)
462 1378 475 1406 ἠ
504 1377 645 1406 Ἐκκλησία
668 1378 792 1413 (πέφθακε
817 1379 867 1414 γὰρ

57 1423 70 1448 ὁ
112 1423 285 1460 πατριάρχης
322 1422 444 1451 Μανουὴλ
477 1425 571 1459 μικρὸν
608 1431 634 1448 τι
667 1426 712 1448 τοῦ
738 1421 867 1458 βασιλέως

55 1467 181 1494 Ἰωάννου
210 1467 435 1504 προτελευτῆσαι),
466 1465 520 1493 ἔδει
560 1465 589 1493 δὲ
613 1471 714 1504 πρῶτον
741 1467 867 1504 πατριάρ-

62 1522 119 1549 χην
143 1511 333 1548 προϐληθῆναι,
363 1511 393 1537 ἶν’
424 1511 466 1538 ἐπὶ
490 1515 526 1546 τῷ
547 1510 652 1547 βασιλεί
674 1513 720 1540 τὴν
742 1521 869 1547 στεφηφο-

62 1558 124 1595 ρίαν
137 1556 162 1582 ἰν
178 1561 212 1592 τῷ
238 1557 296 1594 ἱερῷ
309 1557 514 1593 τιλεσιουργήσῃ
539 1557 646 1592 τεμένει,
678 1555 794 1586 ἐζητεῖτο
823 1557 867 1592 μὲν
886 1549 905 1577 C

62 1602 76 1627 ὁ
92 1600 165 1632 ἄξιος
177 1604 223 1627 τοῦ
238 1602 358 1627 τοιούτου
385 1601 487 1638 θρόνου,
514 1601 529 1629 ἡ
547 1598 613 1631 δόξα
637 1598 667 1626 ri“:
686 1604 742 1631 τοῖς
766 1599 868 1631 πολλοῖς

65 1645 109 1673 ἐπὶ
128 1650 164 1681 τῷ
185 1643 319 1682 Βλεμμίδῃ
349 1646 403 1682 (20)
435 1644 563 1681 ἐτύγχανε
588 1647 740 1682 Νικηφὸρῳ,
755 1649 791 1681 τῷ
817 1644 869 1681 ἐμῷ

65 1688 223 1725 διδασκάλῳ
235 1694 285 1716 τῶν
305 1693 351 1720 τῆς
379 1689 530 1726 φιλοσοφίας
554 1689 635 1725 λόγων
661 1699 689 1715 τε
703 1693 748 1716 καὶ
770 1687 869 1726 δογμά-

64 1744 125 1768 των,
142 1733 220 1771 ἀνδρὶ
235 1733 263 1760 ἐκ
281 1737 398 1765 νεότητος
412 1736 454 1760 τὸν
478 1733 557 1769 ζυγὸν
579 1732 696 1770 ἀραμένῳ
717 1737 764 1760 τοῦ
787 1736 870 1770 μονή-

64 1789 128 1816 ρους
148 1778 209 1816 βίον
224 1778 428 1816 καὶπεριϐοήτῳ
454 1779 615 1814 τυγχάνοντι
640 1780 683 1804 καὶ
711 1781 769 1816 περὶ
795 1778 870 1814 λόγον

65 1827 111 1850 καὶ
133 1822 236 1860 ἀρετὴν,
268 1823 316 1849 κᾶν
335 1823 407 1849 ἐνίων
438 1823 451 1848 ὁ
479 1823 579 1859 φθονος,
608 1825 653 1849 καὶ
677 1822 794 1860 μάλιστα
821 1827 869 1850 τῶν

66 1868 246 1905 προύχόντων,
263 1867 292 1894 οὐ
308 1870 384 1904 μόνον
398 1867 445 1893 οὐκ
465 1867 560 1904 ἐκφανῆ
576 1869 660 1903 τούτῳ
689 1868 721 1893 τὰ
749 1873 795 1898 τῆς
815 1867 870 1905 ἁρε-

67 1917 112 1944 τῆς
127 1912 216 1946 ἐποίει,
232 1911 296 1938 ἀλλὰ
311 1915 355 1939 καὶ
379 1915 474 1943 κακίας
495 1913 568 1943 τινὰς
599 1912 669 1948 αὐτῷ
695 1912 868 1949 προσεκόλλα.

69 1957 148 1987 Οὗτος
162 1955 205 1983 οὖν
220 1959 286 1994 πρὸς
300 1959 344 1983 τὸν
378 1956 491 1993 βασιλέα
507 1955 643 1994 Θεόδωρον
659 1957 747 1993 φιλίως
776 1955 870 1984 διέκει-

68 2011 98 2028 το
109 2004 152 2027 καὶ
166 2000 227 2037 παρ’
256 2001 336 2027 αὐτοῦ
356 2001 466 2037 ἐφιλεῖτο
481 2011 487 2017 ·
511 2005 561 2026 τῶν
580 2002 631 2038 ’γὰρ
657 2001 748 2037 λόγων,
780 2001 804 2027 ἐν
831 2002 870 2032 οἷς

68 2047 102 2072 τὰ
124 2045 205 2072 πολλά
220 2045 384 2081 ὶπεγάννυτο,
411 2044 575 2072 διδάσκαλον
599 2048 644 2071 καὶ
671 2046 747 2072 αὑτὸν
763 2046 870 2083 ἐπεγρά-

69 2100 125 2127 φετο
138 2101 145 2107 ·
163 2092 241 2126 σοφὸς
270 2092 320 2128 ’γὰρ
347 2089 377 2120 ἦν
411 2090 446 2121 εἰς
463 2091 542 2127 ἄκρον
566 2094 622 2120 ταῖς
647 2090 777 2121 ἀληθείαις
793 2092 805 2116 ὁ
821 2090 869 2127 βα-

71 2135 163 2166 σιλεύς.
182 2133 210 2161 Ὀ
232 2133 262 2162 δὲ
291 2135 459 2173 ὀκνηρότερος
483 2137 543 2172 πιρὶ
567 2136 596 2161 τὸ
622 2138 733 2173 πρᾶγμα
754 2135 869 2172 ἐτύγχα-

105 2198 128 2215 ”
147 2199 167 2225 D
202 2205 209 2225 :
251 2197 299 2227 Ὃς
325 2199 372 2226 τὴν
400 2199 584 2233 νενομισμένην

72 2235 145 2270 φαίου
168 2232 278 2276 ἀπάρας,
317 2235 382 2276 προς
419 2232 466 2262 τὴν
497 2232 657 2276 (ξιλαδέλφου
693 2233 808 2270 ἀφίκετο.

921 1028 1038 1048 sumere
1054 1024 1082 1049 et
1094 1021 1225 1049 maxime
1240 1020 1355 1055 sagittis
1370 1020 1575 1049 adversarium
1599 1019 1749 1054 conﬁgere

920 1065 1073 1101 professis.
1094 1067 1135 1093 Ea
1149 1073 1219 1093 cum
1236 1065 1267 1093 in
1282 1065 1443 1093 ﬁnitimum
1471 1072 1578 1100 agrum
1594 1064 1749 1092 Persicum

920 1110 1107 1145 extendatur,
1119 1110 1199 1138 bella
1214 1118 1282 1138 cum
1299 1110 1438 1138 hostibus
1451 1110 1593 1137 continuo
1608 1116 1749 1137 exercens

921 1157 1040 1191 gentem
1054 1155 1124 1183 belli
1149 1155 1256 1183 studiis
1275 1155 1474 1191 asperrimam
1499 1154 1558 1182 alit.
1584 1153 1626 1181 lbi
1644 1153 1749 1190 paucis

921 1199 1041 1234 diebus,
1057 1199 1169 1235 quibus
1192 1199 1373 1234 legationem
1396 1199 1435 1226 ad
1452 1198 1603 1227 sultanum
1618 1198 1748 1233 miserat,

922 1246 1128 1272 commoratus
1142 1244 1182 1272 ad
1199 1243 1394 1280 Bithynorum
1406 1251 1475 1271 oras
1487 1246 1515 1270 et
1525 1243 1565 1270 ad
1578 1243 1707 1279 primam
1720 1241 1751 1269 il-

921 1287 979 1315 lius
993 1288 1123 1323 regionis
1135 1288 1241 1316 urbem
1255 1289 1384 1316 Nicaeam
1400 1287 1530 1315 secessit.
1544 1287 1601 1316 Sed
1614 1295 1683 1314 cum
1697 1295 1750 1323 pa-

923 1333 1058 1361 triarchae
1070 1333 1144 1361 orba
1159 1333 1289 1361 Ecclesia
1301 1333 1376 1361 foret
1390 1333 1474 1370 (nam
1488 1333 1579 1369 paulo
1588 1335 1750 1368 antequam

921 1379 1052 1406 Joannes
1067 1379 1224 1414 imperator
1240 1381 1417 1412 moreretur,
1445 1377 1615 1413 patriarcha
1636 1376 1748 1405 Manuel

922 1423 1013 1450 vitam
1029 1422 1168 1456 finierat),
1179 1430 1233 1449 nec
1245 1422 1360 1458 absque
1376 1422 1548 1458 patriarcha
1563 1420 1751 1458 imperatoris

923 1466 1075 1494 coronalio
1086 1466 1116 1494 in
1130 1474 1216 1494 sacro
1228 1466 1338 1502 templo
1351 1466 1459 1493 conﬁci
1469 1468 1581 1502 posset,
1595 1466 1705 1500 dignus
1715 1473 1752 1493 ea

923 1511 1077 1547 provincia
1097 1513 1126 1538 et
1146 1510 1261 1538 honore
1280 1510 1522 1546 conquirebatur.
1552 1510 1750 1538 Plurimorum

924 1554 1064 1589 suffragia
1072 1555 1101 1582 in
1110 1554 1308 1591 Nicephorum
1322 1554 1528 1586 Blemmidam,
1536 1556 1751 1590 praeceptorem

924 1606 1026 1626 meum
1033 1599 1343 1635 etphilosophicorum
1351 1606 1525 1626 sermonum
1533 1606 1567 1626 ac
1573 1598 1751 1633 dogmatum

923 1643 1130 1678 institutorem,
1160 1644 1259 1671 virum
1287 1646 1314 1671 et
1335 1643 1437 1671 litteris
1466 1642 1572 1670 virtute
1601 1650 1751 1678 perquam

924 1687 1072 1716 celebrem
1085 1691 1114 1716 et
1127 1688 1179 1725 qui
1196 1688 1315 1724 juvenis
1330 1688 1429 1716 adhuc
1449 1690 1538 1723 atque
1549 1686 1655 1715 tenella
1665 1688 1751 1714 aetate

922 1733 1030 1768 jugum
1044 1733 1218 1761 monasticae
1237 1732 1305 1761 vitae
1321 1732 1439 1766 tulerat,
1464 1731 1671 1768 respiciebant,
1685 1730 1753 1759 licet

924 1777 1150 1812 nonnullorum,
1161 1780 1189 1806 et
1200 1777 1330 1806 maxime
1339 1777 1513 1814 primatum,
1520 1776 1684 1804 invidentia
1690 1783 1752 1804 non

924 1822 1016 1850 modo
1032 1824 1122 1850 tantae
1135 1822 1249 1850 virtutis
1258 1822 1361 1850 lumen
1371 1821 1551 1855 occuluerat,
1566 1821 1620 1848 sed
1632 1823 1661 1849 et
1682 1821 1753 1848 vitia

924 1866 1065 1903 quaedam
1076 1867 1191 1894 homini
1199 1867 1386 1903 appinxerat.
1400 1866 1484 1894 Hunc
1493 1866 1655 1902 imperator
1662 1865 1752 1892 Theo-

924 1911 1018 1940 dorus
1025 1911 1178 1946 diligebat,
1187 1911 1496 1948 cuijuncundissimus
1503 1913 1574 1945 erat,
1583 1910 1694 1946 quippe
1700 1909 1753 1946 qui

926 1965 1111 1990 sermonum,
1124 1957 1237 1993 quibus
1251 1963 1445 1993 summopere
1460 1955 1674 1990 delectabatur,
1690 1963 1753 1983 ma-

925 2002 1049 2037 gistrum
1055 2009 1125 2029 eum
1131 2001 1187 2028 sibi
1195 2001 1375 2029 adsciverat:
1384 2001 1538 2037 sapientiae
1545 2000 1625 2028 enim
1635 1999 1753 2027 culmen

926 2049 953 2074 et
967 2054 998 2074 re
1008 2053 1080 2074 vera
1101 2046 1239 2081 attigerat
1251 2046 1424 2082 imperator.
1445 2045 1493 2073 ille
1513 2045 1551 2073 ad
1563 2048 1678 2073 tantam
1688 2052 1753 2072 rem

925 2091 1044 2126 segnior
1059 2098 1136 2124 esse,
1151 2093 1180 2118 et
1189 2091 1352 2126 imperator
1368 2090 1530 2126 etiamipse
1546 2089 1753 2125 nonimpense

925 2135 1014 2164 nimis
1027 2143 1143 2171 urgere,
1155 2135 1204 2163 cui
1211 2135 1332 2170 magnis
1343 2135 1453 2170 volupe
1460 2136 1523 2163 erat
1532 2134 1570 2163 ab
1578 2141 1613 2162 eo
1625 2133 1753 2162 similem

639 2198 713 2235 ὁσίαν
756 2197 870 2229 ἀποδοὺς
905 2203 951 2235 τῷν
982 2200 1069 2235 πατρὶί
1101 2200 1146 2224 καὶ
1184 2197 1223 2223 ἐπ’
1260 2195 1374 2227 ἀσπίδος
1418 2197 1566 2232 φημισθεὶς,
1592 2199 1646 2235 τοῦς
1677 2198 1754 2235 μυμ-

858 2237 908 2261 Καὶ
927 2232 1040 2275 ’.ἐκςῐσέ
1053 2232 1265 2275 (διακαρτερήσας
1293 2234 1385 2270 μικρὸν
1414 2235 1470 2275 καί-
1490 2232 1754 2275 mammeata»

72 2268 162 2306 χωρεῖ.
192 2268 242 2307 Καὶ
268 2268 341 2307 ᾇπεὶς
357 2268 519 2307 ἇχήρευενλὴ
544 2268 690 2307 ςΕκκλησία
714 2268 883 2307 (προτὲέθνηκε
911 2271 961 2306 γὰρ
989 2273 1033 2296 τοῦ
1056 2268 1188 2307 βασιλέως
1209 2270 1222 2295 ὁ
1248 2268 1417 2307 πατριάρχης
1445 2268 1590 2307 Μανονὴλ),
1623 2268 1754 2307 ’,ᾼρσὲνιόν

71 2301 252 2348 τιναιμοναχὸν
264 2304 291 2336 ἕξ
321 2301 527 2351 ’Δτξιῖλλυνιάίξος
544 2304 636 2341 λίμνης
663 2301 895 2350 μεταπεμψάμενος
915 2301 1067 2351 ’χειροτονεῖ
1093 2306 1271 2343 πατριάρχην,
1301 2301 1330 2335 ἲς
1348 2301 1406 2330 ’καὶ
1430 2301 1580 2342 μονημέρως
1626 2301 1751 2334 διάκονος

73 2343 116 2367 καὶ
130 2341 205 2378 ἱεριὺς
220 2343 265 2367 καὶ
276 2341 444 2378 πατριάρχης
455 2340 575 2368 τέλεστοξ
585 2344 635 2368 Καὶ
650 2340 711 2379 παρ’
724 2340 804 2368 αὐτοῦ
819 2340 941 2378 στεφθιὶς
953 2340 1056 2372 ἔξεισιν.

512 2393 685 2428 Theodori
709 2395 835 2429 Dousa:
860 2399 893 2429 et
916 2394 1044 2429 Leonis
1067 2394 1184 2428 Allatii
1208 2398 1310 2429 notae.

109 2459 161 2494 (18)
175 2458 316 2494 Φῃμισθιὶς
345 2458 526 2494 αὐτοκράτωρ.
553 2459 696 2491 Quamvis
710 2459 791 2486 enim
810 2458 871 2486 im-

76 2493 184 2529 perium
193 2493 259 2528 jure
269 2493 459 2522 haereditario
470 2493 509 2521 ad
519 2494 708 2522 Theodorum
723 2495 872 2523 Lascarim

77 2528 190 2568 veniret,
200 2529 273 2565 quia
282 2529 307 2556 is
317 2537 335 2557 a
343 2532 427 2568 patre
439 2529 554 2557 vivente
561 2537 621 2558 non
633 2530 799 2568 appellatus
810 2530 871 2568 fue-

77 2567 118 2592 rat
126 2565 293 2600 impci-ator,
303 2573 338 2593 eo
349 2566 490 2593 defuncto
501 2573 567 2593 com
573 2565 754 2594 munitotius
764 2566 873 2594 exerci-

78 2603 121 2628 tus
140 2607 285 2628 consensu
303 2609 338 2628 ac
353 2601 500 2629 nobilium
511 2609 648 2629 omnium
663 2610 698 2629 ac
714 2610 873 2629 procerum

79 2643 217 2664 concursu
237 2636 401 2672 imperator
417 2636 564 2664 salutatur
582 2646 588 2664 :
611 2636 770 2665 constabat
794 2638 874 2665 enim

79 2673 214 2700 Joannem
222 2672 333 2699 nemini
342 2674 481 2700 omnium
488 2672 545 2700 nisi
553 2672 613 2700 filio
620 2673 874 2701 imneriumrelin-

81 2714 162 2744 qnere
172 2707 398 2744 voluisse,quod
408 2712 437 2736 et
447 2708 513 2744 pius
529 2712 604 2737 esset
619 2709 648 2737 in
664 2707 773 2737 liberos
784 2712 813 2737 et
823 2717 874 2738 ne-

82 2743 147 2772 nimi
154 2743 233 2771 alteri
241 2743 271 2771 id
278 2743 550 2777 destinarethuare
560 2747 659 2773 autem
669 2745 763 2774 ﬁlium
773 2745 875 2773 vivens

82 2778 156 2808 nullo
171 2778 262 2809 modo
281 2779 442 2816 designare
468 2779 602 2816 voluerit,
617 2780 756 2818 pluribus
770 2788 877 2820 prose-

926 2457 1027 2520 quitur
1039 2458 1194 2492 Gregoras,
1210 2457 1264 2486 lib.
1293 2465 1333 2490 ιιι,
1347 2455 1400 2499 qui
1426 2455 1526 2484 subdit
1554 2463 1560 2483 :
1582 2455 1755 2492 Ἀνηγόρευτο

947 2494 953 2502 “
967 2493 1072 2520 ὔστιοον
1087 2492 1148 2520 παρ’
1160 2492 1273 2520 ἐνόντων
1283 2497 1334 2519 τῶν
1349 2493 1471 2520 υπηκόων
1486 2491 1605 2517 ἁπάντων
1618 2492 1755 2520 καθεσθεὶς

947 2494 953 2502 “
967 2493 1079 2529 Gartpov_
1087 2492 1148 2529 παρ’
1160 2492 1273 2528 ἐχόντων
1283 2497 1334 2519 τῶν
1349 2491 1471 2521 ῧπηχόων
1486 2491 1605 2529 ᾁπάντων
1618 2491 1756 2529 καθεσθεὶς

928 2529 966 2556 ἐπ’
997 2527 1111 2559 ἀσπίδος
1125 2527 1201 2554 ’κατά
1228 2530 1258 2554 τό
1288 2528 1311 2555 ἐν
1349 2529 1452 2558 τούτοις
1490 2527 1644 2564 ἐπικρατοῦν
1682 2527 1751 2556 ἔθος.

928 2568 996 2594 ALL.

963 2600 1022 2635 (‘19)
1061 2600 1189 2637 Ἐχὴρευι
1235 2603 1281 2626 τοῦ
1318 2602 1551 2638 πατριαρχοῦντος.

930 2645 959 2673 p.
1030 2638 1097 2664 ALL.

967 2673 1022 2708 (20)
1063 2672 1167 2703 Πολλοῖς
1206 2671 1248 2697 ἐπὶ
1270 2675 1312 2708 τῷ
1347 2669 1497 2708 Βλεμμύδῃ.
1539 2672 1692 2708 Gregoras,
1726 2677 1756 2705 p.

986 2705 1154 2746 Acropolita
1163 2705 1327 2746 Manuelem
1337 2705 1424 2735 vocat
1431 2705 1633 2746 patriai-chain
1640 2705 1759 2746 demur:

931 2746 1030 2785 tuum,
1047 2740 1192 2785 Gregoras
1218 2745 1400 2772 Germanum
1413 2752 1419 2771 :
1431 2740 1490 2770 "sed
1501 2742 1594 2772 dehis
1615 2750 1671 2771 nos
1687 2740 1760 2771 alibi

933 2782 1061 2816 egimus.
1076 2782 1143 2810 ALL.

1599 2599 1755 2632 Gregoras,
