1966 3079
43 99 129 128 1125

821 99 991 128 ANNALES.

1678 105 1686 130 1
1695 103 1744 132 126

42 166 116 193 πῆς.
135 163 178 188 Τὰ
193 161 273 188 πλείω
297 159 326 187 δὲ
353 164 404 187 τῶν
432 160 530 188 ἄστεων
554 164 598 188 καὶ
626 161 801 198 ἁπεριποίητα
830 161 861 191 ἧν

955 169 1058 198 epaena
1070 164 1098 189 et
1113 161 1248 190 Achridis
1258 165 1364 199 praeter
1374 163 1531 197 Mniacum,
1543 165 1625 200 quod
1639 165 1687 193 vel
1698 174 1744 194 so-

43 209 98 233 καὶ
116 210 173 232 τῶν
192 204 330 243 χρειωδῶν
345 205 429 232 ὃπλων
449 205 555 243 ἀμοιρα·
573 207 727 242 Κατεσχέθη
744 209 788 242 μὲν
818 205 861 233 οὖν

44 250 136 277 ἕκτοι)
151 252 302 288 παραυτίκα
320 253 489 287 Στινίμαχος,
519 251 675 288 Πριστίτξα,
706 251 861 288 Κρυτξιμός,

44 297 196 327 Τζέπαινα
225 297 270 321 καὶ
297 296 330 322 τὰ
360 294 384 321 ἰν
410 299 442 331 τῇ
473 294 593 333 Ἀχριδῶ
624 295 760 332 ξύμπαντα
797 296 862 326 πλὴν

46 341 195 367 Μνιιάχου
211 350 218 357 υ
234 343 310 366 τοῦτο
329 341 379 377 γὰρ
408 342 453 366 καὶ
479 342 554 376 μόνον
578 341 628 367 ὑπὸ
655 340 787 377 Ῥωμαίων
815 351 864 367 πε-

47 385 203 421 φύλακται.
218 383 327 421 Οὖστρα
344 382 374 411 δὲ
401 387 445 411 καὶ
475 388 648 423 Περπερακιον
674 387 719 411 καὶ
748 385 864 422 Κρυϐοῦς

47 432 102 456 καὶ
123 431 156 456 τό
185 432 373 467 παρακείμενον
400 433 431 466 τῇ
457 433 503 456 τοῦ
528 428 670 466 Ἀδριανοῦ
696 432 741 456 καὶ
774 430 863 459 κεκλη-

47 476 134 511 μένον
160 474 271 512 Ἐφραὶμ
298 477 352 505 τοίς
379 473 537 511 Βουλγαροις
565 477 720 511 κεχείρωται
760 476 862 501 Τούτων

47 520 126 546 οὕτω
157 521 329 556 γεγενημένων
358 522 403 546 καὶ
432 523 481 545 τῶν
511 518 536 545 ἄν
571 518 685 556 δυσμαῖς
714 519 862 556 Ῥωμαϊκῶν

47 564 235 600 κλονουμενων
261 564 432 600 πραγμάτων,
459 567 508 594 τῆς
537 566 627 600 φήμης
653 566 734 600 μέχρι
762 566 807 590 καὶ
838 564 863 596 ἐς

50 608 192 645 βασιλέως
224 607 422 645 ἄπιδραμούσης
461 611 505 634 καὶ
543 608 664 635 πλειόνων
699 607 863 645 προσδοκίαν

49 658 148 680 κακῶν
177 657 228 679 τῶν
256 655 404 690 προσόντων
432 655 575 689 φαντασίαν
607 655 798 690 παρεχομένης,
839 655 863 680 οἱ

51 700 119 735 περὶ
146 699 180 724 τὰ
207 697 332 734 βασίλεια
355 697 385 724 οὔ
412 702 513 735 μικρῶς
540 697 729 734 ἐταράχθησαν
755 708 762 714 ·
798 698 864 727 ἡπί-

52 752 158 769 σταντο
172 743 222 779 γὰρ
242 743 275 772 ὡς
295 744 328 768 τὰ
352 742 431 768 πλείω
458 746 507 768 τῶν
537 740 651 768 δυτικῶν
678 746 761 778 μερῶν
788 743 864 768 Βουλ-

51 789 152 825 γάροις
173 787 315 821 οἰκοῦνται,
353 789 398 813 καὶ
435 786 653 817 ἀποστατήσουσι
689 786 770 813 πάλαι
806 787 864 814 Ῥω-

916 207 979 234 lum
994 207 1134 234 Romanis
1146 206 1288 236 devotum
1300 210 1743 243 perseveraverat,omiliaprae-

917 253 996 280 terea
1012 252 1106 286 Ustra,
1118 253 1336 288 Perperacium,
1349 253 1453 281 Cribus
1465 256 1493 281 et
1504 254 1587 289 quod
1601 254 1745 283 Adriano-

918 295 977 332 poli
993 295 1121 331 adjacet,
1136 296 1274 331 Ephrem,
1288 297 1418 332 Bulgaris
1428 305 1553 326 cessere.
1566 300 1632 327 Haec
1645 299 1696 326 ubi
1704 299 1746 327 ita

917 340 996 369 facta
1009 343 1090 376 sunt,
1105 341 1177 369 etin
1192 341 1326 370 occiduis
1344 343 1479 378 partibus
1496 342 1589 380 rebus
1598 345 1745 372 Romano-

916 393 983 413 rum
998 385 1029 413 in
1042 385 1206 414 discrimen
1217 387 1341 420 adactis,
1351 395 1419 415 cum
1432 387 1514 415 fama
1528 387 1567 416 ad
1578 387 1743 424 imperato-

916 430 957 457 ris
977 430 1068 458 etiam
1084 438 1170 458 aures
1180 431 1374 467 pervolasset,
1396 433 1480 468 115
1496 435 1523 460 et
1543 433 1744 468 praesentibus

918 474 1004 503 malis
1015 475 1161 504 atrociora
1172 476 1240 504 inde
1248 479 1374 505 ventura
1384 480 1638 513 reprmsentasset,
1651 478 1704 514 qui
1714 478 1746 506 in

917 518 987 547 aula
1005 521 1099 553 erant,
1125 520 1214 548 nimis
1241 521 1410 549 conturbati
1439 523 1518 555 sunt,
1547 522 1660 558 quippe
1692 522 1746 558 qui

919 563 1028 591 scirent
1040 564 1229 599 potissimam
1240 565 1406 594 Occidentis
1418 568 1534 602 partem
1548 566 1580 594 in
1602 566 1746 602 Bulgaros

917 616 981 636 esse
992 615 1186 644 propensam,
1198 612 1346 646 tanquam
1357 618 1426 647 quae
1437 619 1454 638 a
1465 611 1607 639 Romanis
1616 611 1745 647 jampri—

917 653 986 681 dem
1002 652 1207 689 defecisset,et
1235 657 1369 683 recenter
1383 663 1402 683 a
1430 657 1544 684 Joanne
1566 657 1746 691 imperatore

917 697 1066 725 debellata
1079 698 1216 727 nondum
1229 699 1326 728 solida
1341 708 1376 728 ac
1388 700 1475 728 ﬁrma
1490 700 1520 728 in
1530 700 1664 729 dominio
1677 709 1745 729 con-

919 746 1017 779 staret,
1035 745 1088 773 sed
1104 745 1245 773 continua
1257 745 1287 773 in
1307 746 1458 773 RomanOs
1483 745 1554 774 odia
1573 745 1745 774 clanculum

919 793 1078 820 exerceret.

53 835 156 869 μαίων,
184 833 342 870 προσφάτως
368 830 398 858 δι
425 832 579 869 χειρωθεῑσι
605 836 641 868 τῷ
670 831 775 868 βασιλεί
791 832 907 870 Ἰωάννῃ,
932 837 977 861 καὶ
1005 835 1077 863 οὔπω
1105 835 1182 867 πῆξιν
1211 839 1257 867 τῆς
1291 837 1448 872 χειρώσεως,
1479 835 1618 870 λαϐούσης,
1648 836 1745 873 ἔχθραν

55 875 88 904 δε
109 876 152 904 ἀεὶ
166 879 233 914 πρός
250 876 391 913 Ῥωμαίους
411 874 608 913 ἄνδομυχοῡσι.

91 921 136 950 γε’.
154 923 203 949 Διά
216 925 300 948 ταῦτα
314 922 338 939 ⁸³
357 924 402 948 καὶ
430 921 506 952 αὐτὸς
535 922 548 947 6
579 921 704 958 βασιλεύς
733 919 861 958 ἠδημόνει
881 921 902 948 Β

55 970 113 998 τοῖς
127 968 294 1004 πράγμασιν,
320 966 342 993 εἰ
365 967 433 992 οὕτω
461 965 519 992 κατ’
548 965 635 1003 ἀρχὰς
665 970 709 997 τῆς
741 965 864 998 ἐξουσίας

56 1012 97 1048 [Ρ.
115 1011 165 1048 59]
190 1011 271 1038 αὐτοῦ
297 1009 441 1046 δυστυχῶς
468 1011 587 1047 πράττει.
616 1012 793 1048 Συναθροίσας
819 1014 863 1037 οῦν

56 1058 119 1088 τοὺς
134 1057 161 1082 ἓν
180 1055 246 1083 τέλει
265 1057 311 1082 καὶ
338 1058 398 1086 τοὺς
428 1055 465 1086 εἰς
492 1056 652 1092 στρατηγούς
682 1057 862 1092 τεταγμένους,

59 1103 108 1127 σὺν
123 1101 164 1131 οἷς
178 1103 224 1126 καὶ
237 1101 261 1126 οἱ
275 1101 338 1137 πρὸς
351 1100 460 1126 πάππου
476 1099 555 1127 αὐτοῦ
569 1103 616 1126 τοῦ
646 1099 776 1134 βασιλέως
804 1102 864 1126 Θεο-

59 1144 150 1184 δώρου
164 1146 286 1182 ὑπῆρχον
299 1145 369 1180 αὗτῷ
385 1146 458 1180 θεῖοι,
473 1145 486 1170 ὅ
501 1154 528 1171 τε
553 1144 677 1174 Μανουὴλ
701 1147 746 1171 καὶ
775 1145 788 1171 ὁ
814 1148 863 1171 Μι-

58 1189 144 1226 χαὴλ,
166 1188 336 1216 ἐϐουλεύσατο
365 1190 391 1215 τί
414 1188 444 1214 ἂν
471 1188 531 1224 ἓχοι
553 1190 619 1226 πρὸς
651 1189 683 1215 τὰ
708 1191 864 1225 γεγενημένα

61 1233 285 1272 διαπράττεσθαι.
303 1235 336 1261 Οἱ
358 1235 403 1270 μὶν
434 1231 477 1260 οὖν
504 1233 607 1264 πλείους
634 1232 794 1271 διαπερᾶσαι
819 1236 862 1260 τὸν

60 1278 177 1316 βασιλέα
189 1281 232 1305 τόν
244 1278 429 1308 Ἑλλήσποντον
445 1276 503 1305 δέον
526 1278 611 1314 ἔλεγον
636 1279 700 1305 εἶναι
723 1281 767 1305 καὶ
797 1283 863 1309 στῆ-

60 1333 108 1350 σαι
122 1326 172 1353 τὴν
183 1328 233 1350 τῶν
247 1322 400 1361 βουλγάρων
413 1324 503 1360 φοράν.
519 1326 600 1349 Τοῦτο
616 1321 645 1349 δὲ
658 1326 712 1354 τοῖς
727 1327 773 1349 τοῦ
797 1333 863 1360 κρα-

57 1373 165 1399 τοῦντος
182 1370 261 1400 θείοις
270 1372 322 1399 τοῖς
334 1370 529 1406 προειρημένοις
553 1368 599 1394 οὐκ
617 1368 735 1405 ἤρεσκεν,
759 1368 797 1398 οἷς
819 1370 863 1394 καὶ

57 1417 189 1451 προσεῖχε
203 1413 297 1450 μᾶλλον
313 1414 325 1439 ό
337 1412 469 1450 βασιλεὺς,
484 1412 586 1439 παλλῶν
599 1413 680 1440 ἕνεκα.
697 1411 730 1438 Ἠ
758 1422 785 1438 τε
811 1413 862 1449 γὰρ

56 1461 202 1496 γνησιότης
216 1463 261 1485 τοῦ
285 1461 375 1494 γένους
394 1458 526 1493 ὴνάγιαξε
549 1460 595 1484 καὶ
622 1459 651 1484 τὸ
685 1461 732 1488 τῆς
761 1457 863 1488 ἡλικίας

57 1505 173 1542 γηραιὸν
193 1502 378 1541 παρτεϐίαζεν,
417 1502 469 1539 οὐχ
506 1502 584 1531 ἧττον
623 1500 652 1528 δε
688 1503 752 1538 πρὸς
787 1506 863 1528 τοῦτο

58 1550 154 1575 καὶτὸ
176 1548 275 1575 πολλῶν
304 1548 464 1584 πραγμάτων
504 1545 576 1584 ἴδρις
614 1546 706 1577 αὐτοὺς
746 1547 864 1582 γίνεσθαι

955 926 996 952 55.
1014 925 1174 962 Propterea
1187 925 1350 961 imperator
1362 924 1452 953 etiam
1467 924 1532 960 ipse
1546 925 1637 953 rebus
1657 925 1745 954 anxie

918 968 1074 1004 aestuabat,
1111 969 1136 997 si
1168 968 1346 996 tammisere
1368 968 1524 1004 potestatis
1552 969 1633 997 illius
1659 969 1744 998 initio

917 1013 1108 1041 haberentur.
1122 1013 1180 1041 illis
1191 1021 1262 1049 ergo
1275 1013 1328 1049 qui
1354 1013 1497 1048 dignitate
1522 1013 1686 1049 fulgebant,
1717 1016 1746 1042 et

918 1058 1101 1086 exercituum
1116 1057 1300 1088 ductoribus.
1313 1057 1389 1085 inter
1399 1065 1476 1094 quos
1489 1059 1516 1085 et
1526 1065 1562 1086 ex
1577 1066 1634 1085 avo
1650 1058 1745 1094 impe-

917 1104 1015 1130 ratore
1028 1102 1181 1130 Theodoro
1192 1102 1290 1138 patrui
1305 1101 1421 1130 Manuel
1432 1104 1461 1130 et
1475 1101 1598 1130 Michael
1613 1102 1744 1131 advene-

917 1149 994 1183 rant,
1008 1147 1190 1180 convocatis,
1209 1146 1439 1178 consiliumiuit,
1452 1146 1526 1183 quid
1542 1147 1609 1179 sibi,
1621 1149 1654 1175 ut
1664 1147 1745 1175 malo

917 1194 1094 1226 occurreret,
1110 1191 1262 1227 agendum
1284 1193 1373 1219 esset.
1391 1191 1488 1219 Potior
1508 1199 1611 1219 eorum
1627 1193 1698 1228 pars
1715 1191 1745 1219 in

917 1244 984 1264 eam
995 1236 1047 1264 ivit
1060 1236 1455 1271 sententiam,utimperator
1462 1235 1653 1271 Hellesponto
1659 1243 1746 1272 supe-

917 1283 982 1309 rato
994 1280 1140 1316 impetum
1152 1280 1350 1315 Bulgarorum
1370 1280 1590 1316 comprimeret.
1613 1280 1669 1308 Sed
1689 1280 1746 1308 hoc

916 1324 1060 1361 principis
1073 1324 1197 1361 patruis,
1209 1332 1285 1360 quos
1298 1331 1389 1359 supra
1406 1324 1558 1352 nominavi
1571 1324 1655 1352 haud
1671 1324 1742 1352 arri-

918 1368 1019 1402 debat,
1027 1369 1136 1404 quibus
1144 1368 1280 1397 animum
1293 1369 1392 1404 potius
1404 1369 1572 1397 adverterat
1584 1369 1747 1405 imperator

919 1413 1019 1440 multis
1029 1413 1066 1440 de
1083 1413 1191 1440 causis.
1204 1412 1341 1441 Amnitas
1356 1413 1468 1449 quippe
1479 1413 1595 1449 generis
1608 1416 1636 1442 et
1661 1421 1747 1442 vene-

918 1457 1014 1485 randa
1038 1460 1177 1485 senectus
1203 1457 1365 1492 compellat
1383 1467 1392 1493 ;
1407 1465 1503 1494 neque
1524 1458 1623 1485 minus
1653 1458 1693 1486 ad
1716 1458 1748 1487 id

919 1501 1089 1530 conferebat
1095 1509 1197 1529 rerum
1204 1501 1368 1529 multarum
1374 1502 1565 1538 experientia.
1574 1502 1608 1529 Hi
1615 1510 1748 1538 namque

918 1547 1042 1575 Joannis
1058 1546 1248 1582 imperatoris
1259 1548 1394 1582 tempore
1407 1549 1435 1574 et
1447 1547 1511 1575 solo
1523 1547 1620 1582 patrio
1630 1547 1747 1575 exsules

60 1594 201 1631 παρέπειθε
228 1603 235 1609 ·
258 1590 371 1629 φυγάδες
394 1592 445 1628 γὰρ
473 1591 544 1618 οὗτοι
571 1593 704 1627 γεγονότες
731 1594 779 1622 τῆς
819 1594 864 1617 τοῦ

955 1591 1078 1619 ultorum
1085 1591 1251 1628 principum
1258 1590 1456 1619 familiaritate
1463 1591 1508 1631 usi
1518 1593 1587 1619 sunt
1594 1593 1623 1619 et
1629 1591 1750 1620 diversa.

60 1637 193 1675 βασιλέῶς
230 1637 348 1664 Ἰωάννου
382 1634 579 1673 διαχρατήσεως
633 1635 737 1666 πολλοῖς
784 1645 865 1673 προσ-

62 1683 200 1719 ωμίλησαν
238 1680 379 1712 δεσπόταις
424 1683 469 1706 καὶ
514 1680 547 1711 εἰς
594 1678 735 1716 διαφόρους
783 1689 866 1718 περιε-

62 1727 234 1757 πλανὴθησαν
257 1728 364 1758 τόπους,
393 1724 539 1760 κάντεῦθεν,
571 1726 639 1751 κατὰ
669 1726 717 1754 τὴν
742 1726 861 1760 ποίησιν,

64 1770 134 1799 εἶδον
167 1772 250 1798 ἄστεα
275 1773 321 1797 καὶ
344 1772 401 1796 νόον
423 1771 549 1806 ἔγνωσαν.
583 1771 634 1795 Καὶ
659 1766 726 1798 ἦσαν
761 1770 805 1805 μὲν
834 1770 866 1799 ὡς

65 1817 168 1848 ἀληθῶς
193 1816 264 1843 οὗτοι
289 1817 420 1852 νοήμονες,
444 1814 491 1841 οὐχ
521 1814 586 1851 ὀρθὰ
610 1812 640 1840 δὲ
667 1813 788 1851 ἐφρόνουν
814 1818 866 1844 τοῖς

64 1867 115 1889 τῶν
139 1861 271 1898 Ῥωμαίων
304 1861 468 1898 πράγμασιν,
502 1858 589 1885 αἰτίαν
612 1859 713 1894 ἔχοντες
743 1860 772 1884 τὸ
801 1868 866 1896 παρ-

65 1905 272 1944 ιυδοκιμηθῆναι
302 1906 336 1932 τὰ
366 1909 458 1942 πρῶτα
489 1904 561 1940 παρὰ
590 1907 636 1929 τοῦ
671 1901 784 1938 ἀδελφοῦ
821 1905 866 1929 χαὶ

65 1951 205 1990 βασιλέως,
218 1949 329 1988 μηδενὸς
349 1950 433 1977 αὐτῶν
456 1949 493 1981 εἰς
517 1948 591 1981 ἀξίαν
617 1947 761 1984 ἀνηγμένου
788 1945 866 1983 βασι-

63 1997 122 2027 λέως
153 1994 274 2032 ἀδελφοῖς
303 1993 513 2032 διαπρέπουσαν.
544 1992 608 2020 Εἶτα
637 1994 682 2018 καὶ
717 1992 790 2029 παρὰ
819 1995 866 2017 τοῦ

63 2040 182 2078 γαμϐρόν
220 2042 265 2066 καὶ
304 2038 432 2075 βασιλέως
474 2039 519 2063 καὶ
554 2035 683 2073 φυγαδίαι
725 2040 771 2066 τῆς
808 2034 868 2062 ¹Ρω‹

64 2088 146 2123 μαίων
174 2086 336 2121 γεγενημένοι
369 2085 431 2120 πρὸς
461 2082 554 2113 αὐτοὺς
591 2080 786 2118 ἐδυσμέναινον.
817 2083 867 2107 Καὶ

64 2135 147 2158 ταῦτα
164 2131 210 2166 μέν
230 2130 291 2159 ἴσως
311 2128 362 2166 ἐρεῖ
378 2138 416 2158 τις
433 2129 506 2154 αἴτια
525 2126 601 2162 εἶναι,
620 2128 649 2152 τό
671 2124 701 2152 δὲ
722 2125 814 2157 ἀληθὲς
834 2127 868 2152 τὰ

66 2180 115 2203 τῶν
128 2174 267 2212 ἀνθρώπων
282 2174 333 2203 ἤθη
351 2172 460 2199 ἀϐέϐαια
491 2173 552 2198 ὄντα
577 2174 622 2197 καὶ
653 2170 757 2197 ἁστατα
781 2172 867 2197 τοιού-

67 2230 125 2251 τους
148 2219 289 2255 τυγχάνειν
312 2217 424 2244 ἐποίουν.
451 2217 502 2243 Καὶ
531 2219 615 2242 ταῦτα
636 2217 681 2252 μὲν
706 2215 735 2241 οὗ
766 2213 867 2241 διελάν-

71 2266 139 2293 θανεν
150 2262 212 2290 οὖδέ
226 2265 268 2289 τὸν
283 2262 396 2300 βασιλέα
420 2259 558 2298 Θεόδωρον
574 2271 580 2277 ·

69 2313 151 2341 χείους
160 2312 207 2336 τοῦ
232 2308 342 2344 αἳματος
365 2309 410 2334 καὶ
431 2308 460 2333 τὸ
487 2309 566 2342 τιμᾴν
591 2306 683 2336 αὐτοὺς
707 2304 755 2332 διὰ
774 2306 868 2335 παντὸς

70 2355 231 2394 προελόμενος
267 2353 367 2390 ἐχρᾶτο
403 2353 468 2389 πρὸς
507 2350 664 2394 συμϐουλᾲς.
704 2350 868 2377 ’Υπετίθεντο

71 2393 129 2438 γοῦν
143 2399 214 2426 οὗτοι
229 2399 262 2428 ὡς
277 2397 306 2424 οὗ
323 2398 409 2434 χρεὼν
427 2397 471 2423 τόν
492 2394 604 2432 βασιλέα
624 2393 786 2432 διαπερᾶσαι
803 2395 868 2432 πρὸς

72 2447 117 2475 χὴν
132 2443 246 2480 δυο-μὴν,
265 2443 305 2469 ὅτι
316 2451 343 2468 τε
357 2445 443 2472 κακῶς
468 2440 575 2477 πράττει
604 2441 636 2466 τὰ
661 2443 771 2466 τοιαῦτα
790 2441 867 2477 μέρη,

609 2262 672 2291 τέως
699 2258 743 2286 οὖν
770 2260 803 2290 ὡς
830 2260 868 2286 ol-
884 2276 907 2302 Ι)

73 2492 115 2516 καὶ
126 2490 160 2520 ὡς
180 2491 249 2514 νοσεῖ
279 2485 378 2523 σχεδὸν
405 2485 577 2522 ἀθεράπευτα,
601 2485 753 2522 στράτευμά
780 2494 806 2511 τε
830 2487 866 2521 μὴ

74 2535 139 2571 ἔχειν
151 2535 193 2560 τὸν
208 2532 320 2569 βασιλέα
337 2535 471 2569 προσῆκον
493 2529 585 2567 πράξει
609 2529 736 2566 βασιλικῇ
750 2540 757 2546 ·
783 2530 796 2555 6
818 2530 868 2566 γὰρ

75 2581 168 2616 χειμὼν
183 2576 276 2604 ἐκώλυε
290 2578 337 2606 τήν
365 2576 535 2612 συνάθροισιν
563 2578 612 2601 τῶν
637 2573 784 2612 δυνάμεων,
819 2576 869 2601 Καὶ

919 1636 950 1664 in
959 1636 1025 1665 loca
1036 1636 1222 1672 aberrarunt,
1239 1635 1378 1672 hincque,
1397 1637 1418 1671 1
1428 1636 1483 1672 16
1492 1638 1620 1672 utpoeta
1631 1636 1747 1671 cecinit,

919 1681 1059 1709 viderunt
1067 1681 1156 1709 urbes
1168 1683 1196 1708 et
1208 1689 1307 1709 mores
1317 1681 1475 1709 hominum
1488 1683 1702 1716 cognoverunt.
1715 1681 1749 1709 Hi

920 1726 995 1762 licet,
1015 1728 1045 1754 ut
1058 1734 1162 1754 verum
1172 1726 1276 1762 fatear,
1291 1725 1380 1762 pleno
1393 1729 1512 1762 pectore
1527 1728 1675 1762 saperent,
1686 1734 1749 1755 non

919 1773 998 1799 recte
1013 1773 1114 1798 tamen
1125 1771 1330 1799 Romanorum
1340 1770 1432 1798 rebus
1446 1770 1654 1804 consulebant,
1666 1771 1750 1807 quod

921 1815 1054 1852 primum
1064 1823 1083 1843 a
1097 1814 1186 1843 fratre
1201 1817 1229 1843 et
1239 1815 1419 1852 imperatore
1429 1815 1555 1850 neglecti
1569 1815 1652 1843 nullo
1666 1815 1750 1851 digni

920 1859 1013 1887 habiti
1028 1858 1155 1887 fuissent
1179 1867 1312 1890 munere.
1333 1859 1417 1895 quod
1437 1859 1541 1887 fratres
1561 1859 1750 1896 imperatoris

921 1903 1096 1932 condeceret
1110 1912 1116 1937 ;
1129 1903 1198 1931 dein
1213 1911 1266 1939 per
1274 1911 1419 1939 generum
1438 1906 1466 1931 et
1480 1905 1693 1939 imperatorem
1708 1904 1748 1932 ab

921 1947 985 1976 solo
995 1948 1092 1984 patrio
1103 1950 1245 1982 extorres,
1259 1948 1298 1976 ab
1307 1948 1348 1976 eis
1359 1950 1436 1976 totos
1451 1956 1483 1976 se
1494 1948 1748 1977 abolienaverant.

921 1991 955 2020 Et
963 1992 1019 2020 has
1033 1992 1156 2028 quidem
1170 2000 1278 2020 causas
1289 1993 1431 2020 Romanis
1447 1992 1513 2021 illos
1525 1993 1750 2022 inimicissimos

921 2035 1086 2064 reddidisse
1097 2035 1205 2072 aliquis
1222 2036 1295 2064 forte
1313 2036 1438 2065 diceret:
1452 2037 1539 2065 nobis
1553 2037 1624 2066 satis
1649 2038 1753 2073 cogni-
1789 2043 1794 2047 '

922 2082 985 2110 tum
1000 2089 1100 2109 mores
1114 2080 1274 2109 hominum
1289 2081 1418 2109 incertos
1433 2084 1523 2118 atque
1541 2081 1694 2109 instabiles
1721 2081 1752 2109 in

921 2126 1098 2161 hujusmodi
1118 2133 1170 2153 eos
1187 2125 1350 2153 deduxisse
1367 2126 1542 2159 simultates,
1566 2134 1634 2162 qum
1651 2133 1752 2162 neque

922 2171 1133 2207 imperatorem
1146 2169 1690 2200 Theodorumlatebent.Nihilominus
1701 2178 1753 2207 eos

922 2217 1067 2252 tanquam
1075 2215 1221 2251 sanguine
1228 2215 1293 2251 conj
1299 2218 1414 2251 unctos,
1424 2217 1451 2243 et
1457 2215 1539 2252 quod
1545 2218 1690 2252 perpetuo
1697 2223 1751 2244 eos

923 2260 1295 2289 honoribuscondecorare
1304 2263 1512 2296 proposuerat,
1524 2261 1656 2289 consiliis
1665 2261 1752 2289 adhi-

922 2304 1023 2333 bebat.
1040 2305 1250 2341 Proponebant
1261 2304 1361 2340 itaque
1372 2304 1413 2332 illi
1425 2313 1487 2333 non
1497 2313 1563 2333 esse
1575 2313 1674 2342 operm
1688 2313 1755 2342 pre-

924 2350 997 2378 tium
1009 2350 1221 2386 imperatorem
1241 2349 1271 2378 in
1284 2358 1427 2378 occasum
1439 2350 1684 2387 progredi,quod
1709 2359 1752 2380 ese

923 2397 1022 2431 partes
1037 2394 1115 2423 male
1127 2393 1340 2423 aﬁlictarentur
1351 2397 1379 2423 et
1393 2395 1508 2431 absque
1519 2396 1653 2424 remedio
1661 2396 1750 2424 vehe-

923 2441 1039 2467 menter
1056 2439 1236 2468 laborarent.
1253 2439 1360 2476 Copias
1373 2447 1440 2467 esse
1459 2439 1648 2476 imperatoris
1663 2440 1754 2469 exiles

924 2492 958 2512 ac
967 2486 1071 2512 tenues
1081 2491 1136 2512 nec
1145 2483 1224 2518 regis
1236 2486 1384 2520 apparatu
1395 2491 1622 2520 suppares,cum
1633 2486 1752 2520 tempus

923 2529 1084 2557 hibernum
1108 2528 1325 2564 impedimento
1350 2530 1428 2556 esset
1452 2535 1490 2556 ne
1512 2530 1689 2563 cogerentur
1722 2529 1754 2557 in

925 2582 1030 2603 unum.
1043 2573 1414 2609 Praetereaimperatorem,
1419 2573 1443 2601 si
1452 2573 1519 2602 loco
1526 2575 1682 2602 moveatur
1688 2581 1742 2602 nes

109 2669 130 2687 “
159 2669 181 2696 D
207 2675 214 2695 :
243 2666 340 2697 Βουλην
354 2664 398 2692 οὖν
423 2665 525 2694 ποιησά
547 2674 611 2698 nec,
640 2666 664 2691 οἱ
695 2666 739 2701 μὲν
783 2664 886 2696 πλείους
912 2662 1073 2701 διαπερᾶσαι
1099 2663 1175 2690 αὐτὸν
1211 2663 1254 2689 τὸν
1284 2661 1472 2692 Ἑλλήσποντον
1500 2662 1557 2691 δίον
1590 2663 1685 2700 ἔλεγον.
1720 2663 1754 2691 οε

121 2705 184 2738 πρὸς
203 2704 312 2730 πάππου
340 2702 420 2729 αὑτοῦ
442 2704 488 2728 τοῦ
515 2676 646 2738 βασιλέως
669 2699 807 2738 Θεοδώρου
836 2700 961 2738 Μανουὴλ
988 2703 1033 2738 καὶ
1062 2699 1170 2738 Μιχαὴλ
1196 2699 1221 2725 οἱ
1254 2699 1412 2738 ιξασκάριες,
1436 2700 1478 2738 οἷς
1506 2704 1634 2738 προσεῖχε
1659 2700 1754 2738 μᾶλλον

77 2704 104 2732 δι
121 2705 184 2742 πρὸς
203 2704 312 2730 πάππου
340 2702 420 2742 αυτοῦ
442 2704 488 2742 τοῦ

97 2777 168 2807 ουλὴ.

536 2701 646 2732 ασιλέως
669 2699 807 2737 Θεοδώρου
836 2700 960 2730 Μανουὴλ
988 2699 1033 2727 imi
1062 2703 1099 2727 ML
1124 2699 1170 2729 αὴλ
1196 2699 1221 2725 οἱ
1254 2699 1412 2736 Λασκάριες,
1440 2700 1478 2731 οἷς
1506 2699 1638 2738 προσεῖχε
1661 2700 1754 2728 μᾶλλον

537 2736 566 2762 οὐ
581 2739 664 2762 ’νοιὼν
689 2735 850 2762 διαπεοᾶσαι
878 2738 922 2762 τὸν
947 2736 1058 2762 ϐασιλέα
1082 2710 1246 2762 ἑᾶῡλευσαν.
1270 2734 1312 2762 Ἠ.
1339 2739 1388 2761 τῶν
1417 2735 1538 2762 πλειόνων
1563 2741 1627 2762 ’νοῦν
1655 2729 1754 2762 ίσ-γυσι

76 2729 311 2814 ﬁeriﬁeri)“
323 2741 367 2766 καὶ
387 2742 422 2775 τῷ
435 2729 521 2774 γήρει,
537 2736 566 2764 οὐ
579 2729 664 2776 χρεων
689 2729 850 2776 διαπερᾶσαι
878 2738 922 2764 τόν
938 2729 1058 2773 βασιλέα
1082 2729 1246 2763 εϐοῡλευσαν.
1270 2734 1312 2764 Ἠ.
1339 2729 1388 2761 ⁶ιῖών
1404 2729 1538 2762 ’πλειόνων
1563 2729 1627 2773 γοδῖ
1655 2729 1756 2775 ίσχυσε

76 2778 78 2781 ’
97 2777 168 2807 ουλὴ.
