1966 3079
37 126 144 155 1137

832 121 1004 151 ANNALES.

1689 123 1757 150 “38

37 198 112 215 νου
131 192 178 220 τῆς
194 188 329 227 Ἀχριδοῦ
353 191 398 216 καὶ
413 189 570 226 καλουμένου
605 189 720 224 Πὰτμον,
734 187 746 213 ὃ
761 187 806 212 καὶ

982 193 1029 213 νεα.
1046 183 1219 221 Imperator,
1236 183 1319 220 quod
1337 191 1398 212 non
1413 183 1532 217 horum,
1545 183 1629 212 sicuti
1638 185 1758 216 caetero-

39 238 159 270 χερῶς
178 235 247 260 πάνυ
275 235 288 260 ὀ
315 234 530 272 Φιλανθρωπηνὸς
555 233 666 264 Ἃλέξιος
694 232 788 258 εἴλενὸ
814 231 876 257 Δού-

41 288 131 313 χας,
167 279 342 315 καταλειφθεὶς
367 281 431 317 πρὸς
455 283 500 305 τοῦ
537 277 667 315 βασιλέως
694 276 729 307 εἰς
759 275 875 312 φυλακὴν

42 327 122 348 τῶν
137 323 164 349 ἐν
193 321 317 360 Αγριδῷ,
342 325 386 350 καὶ
410 325 508 355 ἄστεως
537 323 614 349 ἄλλον
642 322 789 353 Τζεπαίνης
815 320 876 346 ὠνο-

44 370 221 404 μασμένον,
239 368 296 394 λίαν
329 370 506 404 τυγχάνοντος
534 368 631 405 ἐχυροῦ
657 369 701 392 καὶ
738 368 797 402 περὶ
828 367 875 394 τὴν

44 411 204 448 ξυμϐολὴν
219 413 352 444 τελοῦντος
371 418 420 439 τῶν
446 411 495 440 δύο
524 415 654 449 μεγίστων
675 411 750 448 ὀρῶν,
782 413 827 436 τοῦ
848 419 876 436 τε

46 458 156 494 Αἶμον
192 460 237 484 καὶ
267 462 316 489 τῆς
332 457 469 491 Ῥοδόπης,
497 457 555 484 καθ’
579 458 612 482 ὧν
647 459 725 493 μέσον
749 456 761 481 ό
783 454 875 491 Ἕϐρος

40 502 103 540 ῥεῖ
144 504 270 539 ποταμὸς,
298 503 322 529 ἐν
349 502 424 539 δεινῷ
449 505 494 540 μὲν
533 503 641 529 ἐποιεῖτο
669 503 682 528 ὁ
708 501 874 537 αὐτοκράτωρ

44 548 107 573 ὅτι
126 549 164 583 μὴ
182 550 227 573 καὶ
250 548 335 574 αὐτῶν
365 549 398 579 ὡς
431 552 481 574 τῶν
507 547 598 584 ἐτέρων
636 546 786 583 ἐκράτησεν,
822 544 874 570 ἀλλ’

43 592 100 618 ἔτι
126 596 177 623 τῆς
195 594 287 630 χειρὸς
307 592 387 619 αὐτοῦ
409 592 452 629 [Ρ.
473 592 520 628 65]
555 594 662 629 κρείττω
692 592 800 626 φανέντα
829 589 875 620 ἔξω

44 638 263 672 τυγχὰνουσιν,
285 637 401 673 μάλιστα
416 636 445 663 δε
463 638 526 675 ὑπὲρ
555 640 604 667 τῆς
628 636 771 666 Τζεπαίνης
798 633 874 660 ἐδυσ-

45 683 140 717 φόρει
160 682 193 706 τὰ
206 683 329 717 μέγιστα.
350 681 480 708 Ἐσπευσε
506 683 550 717 μὲν
579 679 622 707 οὖν
647 683 691 706 καὶ
715 681 783 705 κατὰ
815 679 874 704 ταύ-

44 735 113 762 της
130 729 292 762 στρατεῦσαι
319 728 364 752 καὶ
390 727 425 757 ὡς
447 725 516 761 εἶχεν
550 725 642 761 ἰσχύος
669 724 872 761 ἀποπειρᾶσθαι.

43 760 92 796 Ἠ
120 771 168 805 μὲν
188 768 232 795 οὖν
248 771 303 807 ὦρα
321 774 365 796 τοῦ
385 771 471 807 θέρους
495 768 549 799 ἤδη
574 772 678 807 παρῄει,
704 771 749 795 καὶ
771 770 800 794 τό
815 777 872 804 μετ-

790 813 819 839 ’0
844 811 873 846 δῖε

48 869 98 895 μη
107 857 155 885 δέν
170 869 196 885 τι
212 863 258 885 τοῦ
270 863 363 897 καιροῦ
376 862 523 896 φροντίσας,
543 858 614 895 μηδὲ
638 862 666 885 τὸ
694 862 740 884 τοῦ
765 862 867 894 χειμῶ-
887 867 906 893 Β

48 816 170 851 ὀπωρον
198 814 276 850 ἐγγὺς
303 813 334 844 ἦν
370 817 414 841 καὶ
435 819 511 841 τοῦτο
554 813 748 852 παραδραμεῖν.

48 913 107 934 νος
141 902 312 934 δυσωπήσας.
341 903 422 941 δριμὺ
448 904 514 939 (ἐνὸς
537 905 586 940 γὰρ
601 907 645 929 καὶ
668 906 746 940 μόνον
773 907 817 929 τοῦ
842 903 870 928 τὸ

49 948 162 974 οἰκεῖον
187 948 341 978 ἀποπλῆσαι
367 948 489 985 βούλημα
513 949 694 984 ἐστοχίιξετο)⁷
721 950 768 977 τὴν
793 957 871 985 στρα-

50 995 123 1020 τιὰν
150 997 238 1020 πᾶσαν
276 994 304 1020 ἐκ
327 998 375 1025 τῆς
403 993 542 1030 Ἀδριανοῦ
571 996 688 1026 κινήσας,
719 993 820 1029 ὰμὰξας
843 1003 870 1018 τε

51 1038 222 1074 παμπόλλας
250 1038 406 1074 συλλεγῆναι
441 1039 587 1075 προστάξας
625 1037 675 1064 ἀπὸ
705 1038 869 1073 πανταχόθεν

53 1087 114 1114 τῆς
134 1087 186 1109 τῶν
202 1081 361 1110 Μακεδόνων
375 1086 474 1120 χώρας,
503 1085 548 1114 τὰς
572 1085 616 1119 μὲν
643 1083 684 1109 ἐπὶ
708 1087 743 1118 τῷ
764 1083 796 1108 τὰ
821 1093 870 1118 μη-

53 1130 214 1164 χανήματα
243 1130 288 1154 χαὶ
316 1128 361 1158 τὰς
389 1128 510 1158 ἑλεπόλεις
532 1131 624 1164 φέρειν,
641 1129 687 1158 τὰς
709 1126 738 1153 δὲ
763 1127 805 1153 ἐπὶ
833 1130 869 1162 τῷ

55 1171 233 1208 διακομίζειν
253 1174 285 1198 τὰ
300 1173 406 1209 ζωαρχῆ
431 1176 477 1198 τοῦ
505 1174 707 1209 στρατεύματος,
738 1174 782 1198 καὶ
812 1181 870 1197 συν-

55 1218 242 1254 αθροισθῆναι
264 1217 387 1248 κελεύσας
428 1217 528 1246 πληθύν
556 1217 640 1247 πεζῶν
669 1215 770 1253 ἀνδρῶν
799 1215 870 1247 τοξο-

55 1265 114 1287 τῶν
148 1263 194 1287 καὶ
220 1264 397 1299 κορυνοφόρων
420 1261 467 1287 οὐκ
493 1262 677 1299 εὐαρίθμητον,
706 1261 759 1287 ἐπεὶ
786 1261 871 1286 πάντα

54 1305 148 1336 καλῶς
168 1306 295 1341 αὐτῷκαὶ
319 1308 354 1337 ὡς
379 1305 452 1337 ἔδοξε
484 1308 672 1343 κατηρτίσατο,
690 1309 736 1336 τῆς
764 1303 870 1341 Ἀδρια-

56 1354 108 1377 νοῦ
139 1350 244 1387 ἀπάρας
266 1352 331 1377 κατὰ
362 1355 408 1382 τῆς
431 1352 577 1382 Τζεπαίνης
601 1351 704 1386 ἐχώρει.
741 1351 869 1386 Τέτταρας

59 1393 95 1422 δὲ
136 1396 268 1431 σταθμοὺς
298 1395 489 1432 παρήμειψενὸ
519 1397 637 1432 στρατὸς,
665 1397 709 1420 καὶ
734 1395 800 1420 κατὰ
826 1396 868 1420 τὸν

55 1441 142 1465 τόπον
185 1439 211 1465 ὃν
244 1438 435 1476 Μακρολιϐάὸα
479 1441 702 1475 κατονομαζουσιν
738 1438 869 1474 ἐτητύμως

56 1486 130 1522 πρὸς
144 1486 174 1510 τὸ
199 1488 295 1520 σχῆμα
317 1487 364 1513 τὴν
383 1484 475 1513 κλῆσιν
498 1486 522 1510 οἱ
543 1487 652 1520 πρώτως
677 1482 773 1514 ἰδόντες
797 1484 868 1519 θέμε-

55 1538 112 1562 νοι,
144 1527 228 1559 δεινὸς
262 1532 406 1565 συμπίπτει
450 1531 525 1565 σφίσι
558 1532 669 1564 χειμών.
691 1528 735 1559 Ἐξ
759 1528 869 1564 ἑσπέρας

57 1571 107 1599 οὖν
131 1572 283 1610 ἀρξάμενος,
299 1572 337 1599 δι’
363 1573 423 1604 ὅλης
451 1578 496 1604 τῆς
524 1575 617 1604 νυκτὸς
638 1575 684 1602 τὴν
701 1571 869 1610 σφοδρότητα

58 1622 110 1644 τοῦ
129 1618 236 1654 ψύχους
259 1621 303 1644 καὶ
324 1622 370 1644 τοῦ
386 1618 478 1654 ἀνέμου
502 1621 701 1656 προσεπιτείνας
725 1619 753 1644 τό
781 1617 867 1653 βίαιον

56 1657 144 1692 πολλῆ
162 1673 189 1689 τε
204 1665 277 1699 χιόνι
292 1667 337 1694 τῆς
356 1666 406 1699 γὴς
435 1663 602 1699 ἐπηλυγασας
635 1666 681 1692 τὴν
710 1663 866 1699 ἐπιφάνειαν,

57 1709 137 1735 ἔωθεν
170 1713 206 1743 τῷ
248 1707 353 1744 βασιλεῖ
385 1708 479 1738 πολλὴν
512 1708 670 1744 προυξένησε
690 1711 737 1737 τὴν
767 1706 862 1744 δυσχέ-

57 1763 144 1790 ρειαν.
172 1752 206 1778 Ὀ
232 1763 258 1779 τι
295 1754 345 1790 γὰρ
375 1756 454 1784 τόπος
482 1753 570 1784 ἆοικος
595 1751 635 1784 ἦν,
662 1755 706 1778 καὶ
731 1752 867 1788 ἐγγύτερον

58 1797 209 1833 ἐτύγχανον
225 1798 249 1823 οἱ
261 1797 388 1833 πολέμιοι,
417 1801 462 1823 καὶ
493 1799 508 1826 ἡ
537 1796 742 1835 προσδοκωμένη
774 1798 867 1828 σπάνις

57 1846 112 1868 τῶν
127 1842 275 1878 ἀναγκαίων
291 1842 343 1878 οὑχ
367 1843 444 1872 ἦττον
470 1845 517 1872 τὴν
545 1842 638 1878 ψυχὴν
672 1842 764 1873 ἐπίεζε·
790 1846 866 1868 τοῦτο

57 1888 111 1923 γὰρ
127 1889 173 1913 καὶ
202 1887 296 1923 μᾶλλον
324 1886 466 1924 δεινότερον
495 1888 654 1916 καθέστηκεν
688 1886 712 1913 ἐν
744 1888 866 1924 στρατεύ-

59 1942 155 1969 μασιν.
174 1931 214 1962 Ἐς
226 1933 356 1961 τοσαύτην
387 1936 447 1967 γοῦν
481 1934 527 1961 τὴν
549 1931 694 1970 δυσφορίαν
721 1932 867 1963 συνελᾱθεὶς

60 1979 121 2007 τοὺς
131 1978 263 2012 ἡγεμόνας
291 1978 506 2013 συνηθροίκιιτῶν
529 1979 737 2014 στρατευμάτων,
763 1977 792 2003 οὐ
818 1981 867 2003 τῶν

55 2022 211 2058 Ῥωμαϊκῶν
222 2024 308 2058 μόνον,
330 2021 383 2047 ἀλλ’
397 2021 451 2051 ἤδη
467 2024 574 2047 καὶτῶν
595 2021 623 2053 ἐξ
641 2023 725 2052 ἔθνους
751 2024 867 2049 Λατίνων

62 2077 88 2094 τε
103 2069 149 2093 καὶ
169 2067 282 2096 Σκυθῶν,
299 2069 343 2093 καὶ
372 2068 479 2097 τούτους
505 2069 530 2092 ’ί
557 2065 598 2092 δεῖ
623 2071 704 2093 ποιεῖν
726 2069 865 2104 ὴρωτὴκει.

61 2113 159 2142 Πάντες
190 2115 251 2146 γοῦν
266 2110 364 2147 σχεδόν
392 2111 577 2138 ἐϐουλεύσαντο
604 2113 629 2142 ἐς
654 2114 701 2141 τὴν
728 2111 867 2149 Ἀδριανοῦ

61 2159 109 2185 τὴν
131 2157 297 2192 ὑποστροφήν
322 2157 495 2184 ποίησασθαι.
515 2155 543 2181 Ὀ
572 2154 600 2181 δὲ
616 2159 662 2186 τὴν
697 2158 741 2192 μεν
769 2156 867 2192 βουλὴν

63 2201 148 2227 αὐτῶν
167 2200 214 2226 οὐκ
226 2200 381 2237 ἀπέπεμψεν,
501 2202 565 2237 πρὸς
597 2201 688 2231 αὐτοὺς
712 2202 810 2238 εἰρήκει
835 2202 868 2232 ὡς

65 2245 174 2282 «Ὑμεῖς
196 2247 240 2281 μὲν
262 2246 322 2282 ὅπερ
355 2249 468 2282 κρεῐτ-ον
491 2248 536 2271 καὶ
568 2248 697 2283 συμφέρον
727 2244 801 2276 ἔδοξε
823 2256 869 2271 κα-

63 2290 111 2321 λῶς
145 2289 344 2315 ἐϐουλεύσασθε·
376 2290 399 2316 εὶ
428 2288 457 2316 δὲ
483 2293 527 2315 καὶ
557 2289 632 2320 αὐτὸς
662 2291 744 2326 ἕτερον
766 2300 792 2316 τι
821 2293 868 2316 σὺν

66 2339 121 2370 Θεῷ
133 2337 269 2369 νοήσαιμι,
286 2334 332 2359 οὐκ
349 2335 379 2359 ἄν
396 2333 507 2365 δέξησθε
521 2338 596 2360 τοῦτο
613 2336 646 2364 ὡς
660 2336 709 2360 ἀπὸ
738 2333 867 2361 δεσπότου

64 2382 203 2415 νοννεχοῡς
228 2378 358 2415 εἰρημένον
395 2389 440 2404 και
463 2380 533 2415 ὑμῶν
560 2380 593 2410 ὡς
631 2378 687 2406 δέον
712 2382 868 2416 προνοουμέ-

63 2434 106 2450 νον
123 2434 149 2458 ς»
162 2425 311 2459 Ξυνέγησαν
328 2423 448 2455 ἅπαντες,
459 2425 492 2454 ὡς
506 2435 518 2448 (ι
532 2423 612 2461 ’Ὁπερ
630 2425 659 2450 οἶν
673 2429 708 2459 τῷ
721 2428 758 2459 ’τῷ
785 2423 868 2456 δόξειε

67 2469 163 2505 κράτει,
182 2469 304 2504 στερκτον
320 2469 382 2493 αὐτὸ
411 2478 455 2493 και
477 2468 613 2494 ἀσπαστὸν
638 2468 819 2505 λογισαίμεθα.
854 2480 867 2495 ν

67 2515 178 2542 Τούτους
191 2515 234 2547 μὲν
250 2512 293 2538 οὖν
313 2513 411 2542 πάντας
431 2512 555 2538 ἀπέλυσεν
578 2514 590 2539 ὁ
613 2512 735 2549 βασιλεὺς
766 2515 800 2545 εὶς
822 2516 869 2546 τὰς

69 2559 191 2593 σφετέρας
213 2556 315 2582 ὰπέιναι
338 2557 436 2587 σκηνὰς
465 2556 500 2593 ἐφ’
579 2568 623 2583 και
647 2563 727 2595 τροφῆ
757 2557 803 2584 διὰ
825 2561 868 2585 τὸν

69 2606 186 2638 χειμῶνα
196 2602 363 2638 χρήσασθαι,
378 2601 456 2632 αὐτὸς
472 2600 500 2627 ὃε
525 2602 560 2633 εἰς
585 2604 628 2628 τὸν
653 2603 732 2629 αὑτοῦ
758 2608 868 2630 κοιτῶνα

69 2646 153 2673 εἰσιὼν
176 2647 240 2681 μετὰ
262 2650 311 2672 τῶν
344 2649 403 2682 περί
446 2646 523 2672 αὐτον
550 2647 695 2673 ἐϐουλεύετο
725 2650 750 2674 τί
773 2648 867 2684 μαλλον

71 2693 123 2728 χρὴ
149 2694 241 2717 ποιεῖν.
265 2692 337 2720 Τινὲς
355 2692 400 2726 μεν
425 2693 472 2720 τὴν
498 2695 546 2717 τῶν
576 2691 665 2723 ἔξωθεν
692 2691 867 2729 βουλευσαμέ-

71 2746 116 2762 νων
145 2734 243 2771 βουλὴν
276 2735 312 2766 εἱς
337 2737 410 2773 ἔργον
439 2735 571 2762 ἐϐούλοντο
613 2738 703 2770 θεῖναι,
732 2738 812 2774 ἕτεροι
838 2737 868 2764 δε

73 2781 109 2812 οἷς
127 2789 172 2806 και
189 2781 217 2806 τὸ
250 2782 365 2817 κρεῖττον
392 2778 564 2810 διανοηθῆναι
587 2786 622 2818 τῷ
652 2781 758 2819 βασιλεῖ
781 2781 868 2808 διακέ-

930 238 1008 264 rum,
1024 229 1132 266 potitus
1149 228 1265 263 fuisset,
1281 236 1359 264 qum,
1383 228 1426 255 uti
1443 228 1569 264 potiora,
1592 228 1679 256 subdi
1705 235 1758 257 ne-

930 275 1098 311 quiverant,
1114 281 1192 309 aegre
1216 273 1297 308 angi,
1321 273 1373 300 sed
1397 274 1540 309 Tzepzena
1565 272 1756 308 potissimum

930 319 1073 354 exagitari
1088 321 1177 355 atque
1191 318 1292 346 animo
1308 317 1490 346 discruciari.
1515 318 1612 350 Quare
1636 317 1666 346 in
1687 325 1756 345 eam

930 365 1149 401 expeditionem
1178 363 1347 396 maturavit,
1368 363 1506 399 viresque
1520 363 1614 391 voluit
1629 361 1755 400 experiri

930 418 1011 444 suas,
1045 409 1070 437 si
1099 408 1171 445 quid
1199 408 1387 445 proﬁcerent.
1408 408 1516 443 Elapsa
1538 408 1604 443 jam
1640 411 1753 444 aestate,

930 455 1051 483 extremi
1068 455 1124 483 sub
1138 463 1243 482 casum
1273 453 1419 485 autumni,
1442 461 1540 490 neque
1568 455 1752 490 tempestatis

934 500 1017 535 127
1033 498 1254 536 nequehiberni
1267 498 1410 535 temporis
1422 498 1580 534 asperitate
1595 498 1752 529 deterritus

929 545 971 580 (id
984 545 1064 572 enim
1080 544 1135 572 sibi
1149 546 1278 577 tantum,
1294 551 1357 571 rem
1370 551 1424 571 suo
1440 543 1531 571 modo
1544 546 1573 572 et
1597 552 1680 573 more
1706 545 1753 574 fa-

929 598 1005 624 cere,
1027 588 1248 626 proposuerat),
1266 588 1352 616 motis
1366 588 1560 624 Adrianopoli
1579 589 1752 618 cohortibus

929 635 1075 663 universis
1081 634 1217 662 vehicula
1224 633 1366 670 pleraque
1379 641 1415 661 ex
1425 633 1620 662 Macedonum
1631 635 1753 670 regione

928 680 992 708 haec
1013 679 1050 707 ad
1064 679 1219 707 machinas
1234 680 1262 705 et
1276 678 1381 706 arietes
1392 678 1703 714 transportandos,illa
1714 679 1754 708 ad

928 724 1039 752 militiae
1067 724 1176 751 idonea
1202 722 1350 758 victuique
1379 722 1548 750 necessaria
1563 722 1751 757 devehenda,

927 769 1061 805 undique
1077 768 1143 803 cogi
1156 767 1250 803 jubet.
1268 767 1339 795 Dein
1353 767 1498 803 peditum,
1516 767 1750 803 sagittariorum.

928 814 1142 849 clavigerorum
1154 812 1312 841 innumera
1323 812 1511 840 multitudine
1519 812 1752 847 conducta,cum

926 858 1180 895 opportunissime
1203 859 1308 894 parata
1327 865 1394 885 esse
1421 857 1523 885 omnia
1562 858 1749 894 aestimasset,

926 903 1119 940 Adrianopoli
1139 902 1297 930 discedens
1316 903 1491 938 Tzepaanam
1500 902 1658 931 ferebatur.
1668 904 1749 932 Man-

925 949 1024 976 siones
1040 950 1171 984 quatuor
1190 947 1275 975 miles
1290 955 1430 975 emensus
1456 947 1486 974 in
1507 947 1613 981 locum,
1645 948 1693 976 cui
1712 956 1749 978 ex

924 992 1021 1021 forma
1034 992 1073 1020 ab
1091 991 1276 1025 hominibus,
1293 991 1342 1027 qui
1357 991 1488 1028 primum
1519 994 1745 1029 conspexerant,

924 1038 1061 1073 apposite
1077 1044 1188 1064 nomen
1208 1035 1408 1064 Macrolibada
1421 1035 1549 1064 inditum
1568 1036 1634 1070 fuit,
1656 1036 1747 1065 adve-

924 1081 1012 1109 hitur.
1031 1081 1073 1109 lbi
1095 1080 1175 1108 foeda
1204 1082 1365 1116 tempestas
1391 1080 1466 1108 coelo
1491 1080 1617 1116 dejecta,
1647 1089 1715 1118 qua
1730 1089 1749 1110 θ,

923 1134 1048 1162 vespere
1064 1128 1166 1154 coorta
1180 1133 1233 1161 per
1243 1127 1336 1153 totam
1350 1127 1470 1153 noctem
1496 1125 1613 1161 frigoris
1636 1126 1695 1154 vim
1721 1128 1749 1156 et

923 1174 1080 1199 ventorum
1095 1170 1241 1207 procellas
1261 1170 1374 1198 intense
1389 1170 1578 1200 continuans.
1593 1171 1747 1208 multaque

923 1216 990 1244 nive
1006 1217 1090 1243 terrie
1115 1214 1221 1243 faciem
1255 1214 1440 1251 inasperans,
1466 1223 1555 1244 mane
1574 1215 1750 1251 imperatori

925 1263 1009 1289 atrox
1025 1260 1178 1295 negotium
1192 1259 1321 1287 facessit.
1335 1261 1429 1287 Locus
1440 1260 1520 1288 enim
1529 1261 1592 1288 erat
1599 1260 1748 1289 habitato-

923 1313 991 1333 rum
1003 1313 1118 1333 vacuus
1133 1314 1139 1339 ;
1159 1305 1259 1332 hostes
1269 1304 1425 1333 instabant
1440 1304 1580 1341 proximi,
1593 1307 1621 1334 et
1636 1305 1673 1334 de
1687 1313 1749 1342 qua

923 1350 1058 1384 timebat,
1078 1350 1318 1377 necessariorum
1333 1349 1445 1386 inopia,
1460 1350 1544 1386 quod
1560 1350 1591 1378 in
1618 1351 1749 1380 exercitu

923 1395 1058 1423 omnium
1067 1395 1231 1430 pessimum
1244 1394 1360 1428 accidit,
1377 1402 1438 1422 non
1445 1395 1604 1423 minimum
1611 1396 1747 1425 animum

923 1440 1123 1468 excruciabat.
1139 1439 1238 1467 Tantis
1251 1438 1477 1467 difﬁcultatibus
1492 1439 1677 1469 conﬂictatus
1699 1449 1746 1470 co-

922 1485 1050 1521 piarum,
1071 1492 1132 1512 non
1150 1485 1354 1511 Romanorum
1369 1483 1471 1519 modo,
1487 1485 1540 1512 sed
1549 1493 1584 1512 ex
1599 1485 1663 1513 aliis
1674 1492 1746 1521 gen-

923 1530 1002 1558 tibus
1020 1529 1188 1557 Latinorum
1215 1536 1250 1556 ac
1286 1529 1466 1564 Scytharum
1489 1529 1582 1557 duces
1605 1530 1744 1565 advocat,

922 1575 1020 1611 deque
1035 1573 1159 1610 agendis
1174 1573 1313 1601 consulit.
1328 1574 1438 1601 Omnes
1453 1572 1511 1602 fere
1536 1574 1567 1602 in
1582 1573 1613 1602 id
1637 1582 1746 1603 conve-

922 1621 1030 1647 nerunt
1058 1621 1090 1646 ut
1114 1617 1338 1654 Adrianopolim
1366 1620 1543 1646 remearent.
1582 1618 1747 1655 Imperator

922 1665 1004 1692 haud
1024 1666 1233 1700 spretaeorum
1243 1663 1387 1691 sententia
1399 1662 1499 1691 infert:
1519 1674 1533 1688 «
1546 1664 1604 1692 Vos
1621 1664 1746 1700 quidem

922 1709 1004 1746 quod
1011 1712 1039 1736 et
1047 1709 1151 1736 melius
1159 1708 1322 1744 utiliusque
1330 1707 1562 1743 forejudicastis,
1570 1710 1646 1736 recte
1659 1709 1680 1744 ι
1687 1709 1745 1744 28

922 1754 1077 1790 probeque
1093 1752 1293 1781 consuluistis.
1308 1754 1416 1781 Verum
1436 1752 1460 1780 si
1477 1753 1635 1789 quippiam
1655 1754 1746 1782 etiam

921 1799 997 1835 ipse,
1011 1800 1069 1826 Deo
1086 1798 1425 1834 auspice,excogitarim,
1441 1806 1480 1826 an
1491 1806 1553 1826 non
1563 1798 1646 1834 illud,
1655 1798 1746 1827 veluti

922 1851 940 1871 a
954 1843 1100 1880 prudente
1113 1843 1248 1877 domino,
1263 1850 1360 1879 eoque
1373 1842 1425 1879 qui
1440 1842 1477 1871 de
1494 1843 1590 1876 vobis,
1601 1843 1643 1871 uti
1655 1843 1746 1872 adde-

922 1890 977 1922 cet,
994 1888 1139 1924 providet,
1154 1887 1304 1924 prolatum
1321 1895 1408 1924 aequo
1426 1887 1528 1915 animo
1542 1887 1719 1924 accipietis?
1732 1899 1742 1913 ι

923 1933 1029 1960 Omnes
1036 1932 1247 1961 acclamarunt:
1258 1943 1268 1957 ι
1278 1932 1427 1968 Quidquid
1437 1931 1522 1960 fuerit
1533 1932 1680 1968 majestati
1689 1935 1746 1961 tum

922 1978 1030 2010 visum,
1047 1979 1204 2013 acceptum
1217 1979 1245 2004 et
1259 1977 1406 2005 universis
1421 1976 1634 2013 complacitum
1658 1978 1711 2006 erit
1731 1989 1745 2003 n

923 2023 970 2051 Sic
985 2030 1036 2050 eos
1056 2022 1092 2050 ad
1106 2021 1227 2057 propria
1251 2021 1386 2055 tentoria,
1415 2023 1447 2049 ut
1468 2029 1577 2057 corpus
1601 2022 1669 2050 cibo
1679 2029 1747 2059 pro-

922 2070 987 2104 pter
1001 2067 1132 2094 hiemem
1146 2065 1310 2101 reﬁcerent,
1326 2066 1452 2094 mandat
1466 2074 1472 2093 :
1487 2067 1550 2102 ipse
1565 2066 1596 2094 in
1623 2066 1746 2095 cubicu-

922 2111 985 2139 lum
1002 2120 1089 2139 suum
1116 2110 1268 2145 introiens,
1285 2119 1353 2139 cum
1380 2111 1416 2139 iis
1428 2112 1480 2148 qui
1495 2111 1573 2139 circa
1592 2119 1662 2139 eum
1676 2111 1746 2140 ade-

923 2159 990 2184 rant
1009 2156 1081 2192 quid
1102 2156 1180 2184 facto
1195 2164 1271 2192 opus
1278 2158 1354 2183 esset
1363 2156 1529 2185 consulere.
1542 2156 1670 2189 Quidam
1678 2164 1747 2185 con-

926 2201 1036 2235 silium,
1053 2201 1135 2237 quod
1151 2201 1221 2228 foris
1249 2200 1402 2234 dederant,
1433 2209 1523 2237 opere
1539 2201 1747 2237 praestandum

925 2254 989 2274 esse
997 2246 1176 2273 contendere
1188 2245 1399 2282 ;alii,quorum
1418 2245 1662 2281 meliorajudicia
1681 2254 1748 2275 cen-

925 2293 1023 2318 suerat
1039 2290 1381 2326 imperator.adversari:
1395 2291 1471 2318 «lter
1487 2291 1577 2324 enim,
1587 2302 1600 2315 ››
1615 2291 1745 2325 aiebant,

926 2347 936 2360 ι
951 2338 1027 2363 retro
1048 2343 1102 2362 nos
1114 2335 1151 2362 ad
1165 2334 1388 2371 Adrianopolim
1398 2334 1511 2362 ducens
1523 2338 1661 2372 exequat
1674 2336 1747 2364 illud

923 2380 1005 2416 quod
1017 2382 1085 2407 ante
1098 2379 1135 2407 ad
1146 2379 1325 2407 Stenimachi
1333 2379 1477 2416 oppidum
1490 2381 1554 2413 fert,
1564 2382 1593 2408 et
1601 2381 1748 2417 quemad-

924 2424 1045 2452 modum
1053 2424 1093 2451 ibi
1101 2425 1332 2452 necessariorum
1339 2424 1698 2460 copia,sicetStenimachi
1705 2425 1748 2454 af-

924 2469 998 2497 ﬂuit.
1012 2469 1064 2497 Ubi
1079 2469 1118 2496 ita
1129 2469 1595 2505 egerimusnequetimore,quem
1614 2469 1748 2498 exhosti-

924 2514 981 2541 bus
989 2513 1224 2550 conceperimus,
1232 2521 1329 2549 neque
1337 2513 1520 2549 tempestatis
1535 2514 1691 2549 asperitate
1700 2522 1748 2542 re-

923 2563 968 2587 tro
976 2559 1042 2593 cogi
1053 2557 1186 2594 judicabi
1193 2565 1268 2586 mur.
1278 2569 1291 2582 n
1300 2558 1413 2585 Dictum
1422 2558 1645 2594 approbaverat
1654 2558 1749 2595 impe-

922 2607 1012 2631 rator.
1019 2605 1124 2631 Etcum
1130 2602 1206 2630 acris
1213 2602 1305 2630 hiems
1312 2603 1617 2639 mitesceretnivisque
1623 2602 1750 2639 impetus

924 2649 1061 2682 stetisset,
1078 2650 1196 2684 postero
1212 2647 1260 2675 die
1271 2647 1403 2683 receptui
1418 2647 1539 2683 signum
1561 2647 1626 2676 dari
1652 2648 1750 2684 jussit.

924 2693 994 2720 Inde
1010 2693 1166 2728 copiarum
1181 2692 1316 2720 cohortes
1332 2692 1494 2720 desumens
1524 2692 1751 2722 Stenimachum

924 2738 1086 2772 contendit,
1100 2740 1126 2766 et
1147 2746 1215 2766 cum
1233 2738 1343 2766 ibidem
1359 2738 1521 2766 exercitum
1537 2741 1748 2769 exsaturassctv

923 2785 1003 2810 recta
1023 2783 1198 2818 Tzepzenam
1213 2783 1266 2811 iter
1279 2782 1387 2818 dirigit,
1404 2782 1599 2820 pervenitque
1625 2783 1749 2813 tandem
