1966 3079
225 124 294 152 M39

883 121 1024 152 GEORGII
1037 123 1271 153 ACROPOLITJE

1855 127 1934 156 1140

223 185 254 213 in
269 184 419 222 oppidum
438 184 629 219 Vateunium,
640 185 724 221 quod
745 192 798 220 per
807 184 908 222 plures
918 185 980 214 dies
990 194 1052 215 ma-
1073 187 1095 215 Α
1111 196 1193 224 κριταί

1113 196 1208 224 χριται,
1223 186 1370 214 τούναντίον
1385 187 1530 226 εἰρήκασιν.
1541 187 1661 225 Ἐφησαν
1671 191 1715 216 καὶ
1727 191 1794 226 γὰρ,
1811 202 1828 216 κ
1850 190 1935 219 “Oa:

223 230 306 258 ximo
322 229 464 258 exercitui
478 229 600 258 abunde
620 229 774 266 effuseque
785 232 886 266 posset
912 230 1053 260 alimenta

225 274 427 311 suppeditare.
444 276 485 302 Ex
501 282 536 302 eo
550 276 692 310 patruum
710 283 799 302 suum
814 274 979 303 Manuelem
1000 277 1053 304 La-

225 319 346 352 scarim,
358 320 379 354 1
387 319 445 355 29
452 318 503 354 qui
512 319 666 346 monachis
673 319 796 347 nomine
803 319 872 347 dato
879 327 989 348 nomen
997 320 1054 349 sibi

224 363 344 393 Maximi
360 364 622 399 assumpserat,'et
647 363 754 399 Allagii
779 364 952 400 praefectum
977 365 1054 393 Con-

225 409 389 437 stantinum
407 408 595 442 Margaritem
610 407 711 436 loeum
726 408 854 436 invisere
862 409 952 444 misit,
964 409 1054 438 refer-

225 461 318 490 reque
333 453 357 480 si
372 452 440 488 quis
451 452 490 480 ad
506 460 577 480 eum
592 452 692 480 aditus
707 452 791 480 militi
810 453 904 481 facilis
929 456 1053 490 pateret.

226 498 277 526 Isti
305 497 425 530 oculati,
456 497 599 524 omnibus
632 497 689 524 loci
725 497 861 534 partibus
887 499 1053 534 perpensis.

227 550 390 571 ascensum
406 541 524 569 facilem
541 549 604 569 esse
619 542 769 576 nuntiant,
785 544 814 570 et
828 543 959 571 maxime
982 544 1056 571 Con—

228 587 376 615 stantinus
391 586 570 622 Margarites,
582 586 649 615 licet
659 586 717 621 alii,
731 587 783 623 qui
793 587 860 615 loca
870 588 983 624 optime
1003 596 1054 616 no-

228 634 343 668 verant,
361 631 610 667 contradiccrent,
642 631 723 659 illius
746 632 936 660 sermonibus
961 633 1054 661 fretus

229 677 395 713 imperator
408 684 477 703 cum
493 676 631 704 universo
645 676 774 704 exercitu
787 679 1054 706 ascensumtentat.

232 722 326 750 Locus
341 723 403 749 erat
418 723 588 757 praruptus
603 724 631 748 et
646 728 773 749 ascensu
788 722 901 749 arduus
924 731 930 750 :
943 722 1055 757 glacies

230 774 285 803 per
299 767 471 795 universam
484 766 566 793 viam
585 765 810 799 conglomerata
825 768 854 794 et
876 766 993 795 levitate
1013 767 1055 795 lu-

229 811 313 840 brica
327 811 771 847 gressuiproperantiobstabat
783 820 790 845 ;
803 811 907 846 spissa:
931 812 1055 841 arbores

1110 233 1155 268 μὲν
1170 233 1233 268 ἡμῖν
1247 230 1307 263 ὁδός
1331 232 1400 258 ἔστιν
1428 233 1534 259 ὄπισθεν
1554 232 1588 263 εἰς
1615 235 1662 262 τὴν
1684 233 1849 272 Ἀδριανοῦ,
1890 245 1937 261 το-

1111 277 1195 305 σαύτη
1210 276 1252 313 [Ρ.
1274 276 1319 312 66]
1337 279 1383 303 καὶ
1398 278 1543 314 ἔμπροσθεν
1562 277 1598 308 εἰς
1616 279 1646 304 τὸ
1671 282 1718 304 τοῦ
1745 281 1937 316 Στενιμοὲχου

1109 321 1176 347 ἄστυ
1190 322 1334 350 καθέστηκε
1353 332 1360 338 ·
1380 331 1426 348 και
1444 323 1530 359 ὥσπερ
1551 322 1602 348 ἐκεῖ
1627 326 1676 349 τῶν
1705 323 1856 360 χρειωδιέημ
1893 325 1938 351 εὖ·

1108 370 1236 403 μοιρῆσαι
1256 367 1360 402 ἔχομεν,
1381 367 1448 393 οὕτω
1466 364 1501 396 δὴ
1531 376 1577 393 και
1604 367 1639 398 εἰς
1661 370 1704 394 τόν
1735 371 1935 406 Στενίμοεχον.

1109 410 1185 436 Οὕτω
1220 410 1361 447 πράξαντες
1404 410 1434 437 οὐ
1471 409 1593 448 δόξαιμεν
1616 415 1669 442 τοῖς
1692 412 1831 449 πολεμίοις
1867 416 1937 440 οὔτε

1109 453 1195 491 δειλίᾳ
1212 465 1218 472 ·
1234 459 1265 492 τῇ
1286 457 1351 492 πρός
1368 455 1464 486 αὐτοὺς
1489 457 1549 483 οὔτε
1575 457 1620 492 μὶν
1645 460 1677 493 τῇ
1705 461 1752 483 τοῦ
1778 462 1937 494 χειμῶνος

1110 497 1257 537 δυσχερείᾳ
1288 502 1336 529 τὴν
1367 500 1535 537 ὑποστροφὴν
1562 502 1737 531 ποιήσασθαι.
1755 512 1771 527 »
1792 504 1933 540 Δρεστόν

1108 548 1171 580 γοῦν
1187 542 1258 575 ἔδοξε
1272 548 1308 580 τῷ
1330 544 1446 581 βασιλεῖ,
1463 555 1508 571 και
1535 545 1578 572 ἐπί
1604 549 1651 577 τῆς
1675 545 1846 583 δριμῦτητος
1880 558 1935 574 και

1109 589 1123 615 ὁ
1145 591 1245 625 χειμὼν
1264 589 1340 626 ἔληγε
1371 600 1417 616 και
1440 591 1455 619 ἠ
1483 594 1530 621 τῆς
1555 593 1645 627 χιόνος
1669 592 1731 622 ἔστη
1756 594 1840 629 φορὰ,
1875 595 1934 622 τὴν

1110 633 1234 660 έπιοῡσαν
1259 635 1288 660 τὸ
1309 633 1480 662 ἀνακλητικόν
1505 634 1611 670 ὴχῆσαε
1629 636 1802 671 προσέταξεν.
1837 636 1934 663 Ἐκεῖ-

1111 678 1151 705 θεν
1180 676 1224 704 οὖν
1257 679 1304 710 τὰς
1345 679 1479 710 συντάξεις
1511 683 1561 705 τῶν
1593 681 1796 717 στρατευμάτων
1829 681 1933 707 λαϐὼν

1110 722 1188 759 ἀπῄει
1207 722 1242 753 εἰς
1256 725 1299 749 τόν
1312 726 1482 760 Στενίμαχον.
1513 723 1655 750 Κάντεῦθεν
1680 724 1724 751 οὗν
1748 727 1778 751 τό
1807 727 1930 762 σύμπαν

1110 768 1294 795 ἕνσιτίσασθαι
1346 769 1468 800 κελεύσας
1508 770 1656 806 οτρὰτευμα
1710 771 1829 796 κατευθὺ
1873 775 1930 801 τῆς

1108 813 1255 844 Τζεπαὶνης
1295 812 1399 851 ἒχὼερι.
1429 816 1591 843 Κατηντὴκει
1617 817 1680 850 γοῦν
1710 814 1734 845 ἱς
1755 814 1836 841 πόλιν
1864 815 1926 842 ἔπι-

227 863 264 884 ac
279 855 355 883 foliis
368 855 469 883 densae
480 855 599 883 culmen
619 857 813 892 occuparant.
832 856 971 895 Cohortes
995 859 1055 885 tota
1070 868 1090 896 Β
1109 857 1193 894 xum

1113 857 1267 894 κεκλῃμένην
1314 859 1480 893 Βατκούνιον,
1521 859 1613 890 ἱκανὰς
1653 858 1752 895 ἡμέρας
1798 862 1925 896 mia—3;

226 908 263 929 ea
274 902 361 928 nocte
384 899 458 928 focis
484 900 618 928 accensis
646 900 774 928 caleﬁeri
803 910 809 928 :
842 901 1055 938 plerarumque

226 945 306 973 enim
323 945 428 972 famuli
443 953 512 972 cum
528 945 646 980 attegiis
661 945 801 973 dominos
814 946 978 982 comperire
993 954 1054 974 non

226 992 377 1028 poterant.
391 991 562 1026 Omnesque
578 997 688 1026 parum
706 990 803 1018 abfuit
812 991 885 1026 quin
896 991 1000 1018 ﬂetum
1014 991 1056 1019 in-

225 1035 413 1063 desinentem
429 1038 458 1063 et
471 1034 589 1070 absque
617 1035 817 1062 mestitudiue
839 1035 961 1063 ﬂerent:
983 1043 1054 1063 nam

228 1079 330 1108 fumus
343 1079 448 1114 erogis
463 1079 610 1106 densitate
627 1079 770 1106 arborum
787 1079 1055 1115 interceptus,cum

227 1124 259 1152 in
271 1131 339 1151 aere
350 1123 425 1150 liber
435 1123 555 1156 evagari
576 1122 721 1157 nequiret,
750 1123 828 1150 infra
861 1123 1055 1160 referebatur,

229 1167 395 1202 oculosque
402 1166 440 1194 ad
448 1167 648 1194 extorsionem
655 1175 750 1203 usque
758 1167 955 1204 lacrymarum
966 1168 1055 1197 laede-

228 1213 292 1241 bat.
308 1213 366 1239 Hoc
378 1212 477 1247 ipsum
502 1211 666 1247 imperator
689 1220 810 1248 quoque
836 1215 975 1249 expertus
1002 1216 1055 1242 est.

229 1258 347 1291 Verum,
365 1258 397 1284 ut
408 1264 469 1283 nox
484 1256 625 1292 praeteriit
645 1258 674 1283 et
697 1256 760 1284 dies
787 1258 882 1293 cmpit,
908 1258 1056 1294 oppidum

229 1301 360 1330 obsideri
374 1300 456 1328 haud
469 1300 553 1328 facile
567 1308 656 1337 posse
675 1309 871 1336 cognoscens,
888 1303 1011 1331 militem
1026 1303 1056 1331 in

229 1345 383 1383 planitiem
393 1345 574 1373 descendere
587 1346 686 1381 jussit.
702 1345 742 1374 Illi
754 1346 982 1375 descenderunt.
999 1350 1058 1376 Im—

229 1393 348 1427 perator
363 1393 462 1418 custos
478 1392 545 1426 post
552 1398 604 1418 eos
618 1398 686 1418 cum
703 1391 812 1425 exigua
827 1392 964 1425 militum,
990 1393 1056 1429 qui-

227 1435 286 1464 bus
302 1436 435 1472 corporis
450 1435 587 1463 custodia
602 1436 785 1464 demandata
800 1439 873 1471 erat,
890 1445 1056 1474 eorumqne

225 1481 382 1518 juvenum,
397 1489 490 1510 manu
500 1484 701 1515 remanserat;
713 1481 781 1509 dein
788 1485 815 1510 et
824 1482 897 1518 ipse,
908 1484 1055 1519 quemad-

226 1526 353 1555 modum
366 1528 394 1554 et
408 1526 526 1563 reliqui,
542 1526 634 1563 pedes
651 1527 759 1562 (neque
780 1527 859 1554 enim
886 1529 950 1556 erat
974 1536 1053 1565 equo

1110 902 1247 940 ἐξαρκέσαι
1278 901 1423 939 δυναμένην
1457 903 1492 935 εἰς
1520 903 1663 941 ζωὰρχειαν
1691 907 1817 941 στρατιᾷ.
1850 904 1928 932 Ἐκεῖ

1111 948 1152 973 θεν
1179 945 1222 974 οὖν
1250 947 1404 974 ὐπεστὰλκει
1432 949 1476 974 τὸν
1501 949 1568 974 θεῖον
1596 948 1676 974 αὐτοῦ
1701 950 1745 975 τὸν
1774 950 1929 986 Δασκαριν

1110 991 1243 1026 Μανουὴ),
1271 994 1388 1029 μοναχὸν
1411 994 1472 1019 ὅντα
1499 1002 1544 1018 και
1567 992 1686 1029 Μὰξιμον
1711 993 1926 1030 ὀνομαζόμενον,

1109 1046 1153 1063 και
1169 1038 1212 1063 τὸν
1228 1040 1274 1063 τοῦ
1297 1035 1420 1072 ἂλλαγίου
1448 1037 1529 1063 αὐτοῦ
1554 1038 1674 1074 ἄρχοντα
1702 1039 1745 1064 τόν
1769 1041 1927 1076 Μαργαρί-

1110 1091 1157 1110 την
1199 1085 1401 1116 Κωνσταντῐνον,
1428 1086 1605 1109 κατοπτεῦσαι
1638 1084 1681 1109 τὸν
1709 1085 1802 1115 τόπον,
1834 1086 1886 1110 καὶ
1903 1083 1927 1109 εἰ

1111 1126 1296 1164 εὐχερεστίραν
1322 1129 1369 1156 τὴν
1403 1128 1470 1164 πρὸς
1502 1127 1580 1153 αὐτὸν
1623 1130 1728 1164 πορείαν
1761 1130 1848 1164 σχοίη
1892 1129 1926 1154 τὸ

1112 1172 1271 1208 στράτευμα.
1308 1172 1341 1197 Οἱ
1365 1169 1395 1197 δε
1427 1170 1543 1202 ἀπιόντες
1563 1181 1607 1198 και
1621 1173 1654 1198 τὰ
1682 1174 1741 1209 περί
1764 1174 1810 1198 τὸν
1837 1175 1926 1198 τόπον

1110 1218 1359 1246 κατασκοπῆσαντες
1392 1215 1487 1254 εὐχερῆ
1517 1217 1657 1253 τυγχὰνειν
1680 1219 1728 1246 τὴν
1755 1215 1854 1244 ἄνοδον
1885 1221 1926 1252 τῷ

1112 1259 1218 1297 βασιλεῖ
1253 1260 1437 1296 κατήγγελλον,
1473 1271 1519 1287 και
1556 1261 1671 1297 μὰλιστα
1698 1262 1711 1288 ὁ
1739 1264 1926 1298 Mala-719k»;

1111 1308 1313 1337 Κωνσταντῖνος,
1354 1307 1440 1332 καίτοι
1476 1315 1505 1342 γε
1531 1306 1629 1332 πολλῶν
1654 1310 1705 1332 τῶν
1736 1305 1846 1333 εἰδότων
1879 1306 1924 1333 ἆν-

1110 1349 1271 1386 τιλεγόντων.
1288 1353 1348 1381 Τοῖς
1374 1354 1436 1386 γοῦν
1465 1352 1556 1377 τούτου
1579 1350 1663 1387 λόγοις
1676 1351 1796 1382 πεισθείς
1819 1352 1833 1377 ό
1862 1351 1924 1388 βα-

1111 1394 1197 1425 σιλεὺς
1212 1395 1277 1431 μιτὰ
1291 1396 1378 1426 πάσης
1409 1399 1456 1426 τῆς
1475 1398 1600 1433 στρατιᾶς
1627 1395 1709 1432 ἀνῄει.
1727 1397 1779 1422 Καί
1805 1393 1836 1425 ἦν
1873 1399 1923 1432 μὲν

1110 1440 1192 1469 πὰντη
1210 1439 1320 1469 ἀνὰντην
1336 1440 1349 1465 ὁ
1368 1444 1456 1478 χῶρος
1471 1442 1518 1469 τὴν
1538 1437 1642 1475 ἄνοδον,
1669 1450 1715 1466 και
1728 1441 1843 1476 παγετός
1875 1443 1925 1469 τήν

1109 1482 1172 1510 ὁδον
1187 1487 1274 1511 πᾶσαν
1300 1484 1441 1523 πολύτερός
1464 1495 1490 1511 τι
1513 1494 1559 1511 και
1581 1485 1646 1516 λεῖος
1669 1483 1788 1522 βαδίσαι
1816 1483 1925 1522 δυσχε-

1109 1531 1231 1567 ρεστὲραν
1246 1529 1336 1564 ἐποίει,
1356 1534 1486 1566 συνηρεφῆ
1510 1539 1537 1556 τε
1555 1539 1600 1556 και
1625 1529 1705 1556 λὰσια
1731 1528 1834 1568 δένδρα
1858 1532 1923 1567 περὶ

225 1572 403 1600 insidentem
416 1579 469 1608 per
482 1571 565 1600 collis
583 1573 736 1608 praerupta
746 1571 801 1600 iter
812 1572 911 1608 agere)
926 1573 956 1600 in
970 1581 1053 1601 cam-
1068 1571 1088 1585 υ
1106 1575 1153 1603 τὴν
1182 1573 1193 1600 ὁ

1113 1575 1153 1603 τὴν
1182 1573 1334 1611 ἀκρώρειαν.
1363 1572 1403 1603 ἧν,
1429 1574 1458 1601 Ἦ
1481 1575 1525 1610 μὶν
1554 1572 1597 1600 οὖν
1624 1576 1737 1612 στρατιὰ
1766 1576 1816 1604 τὴν
1838 1576 1925 1600 νύκτα

226 1625 300 1653 pum
315 1617 444 1644 devenit.
1105 1622 1192 1645 πᾶσαν

1113 1622 1192 1645 ’πᾶσαν
1234 1619 1331 1648 ἐκείνην
1359 1620 1490 1656 πυρκαϊὰς
1520 1618 1661 1655 ἀνὰψαντες
1692 1619 1878 1656 ἕθερμαίνοντο
1902 1630 1910 1636 θ

230 1666 279 1688 τῶν
292 1662 341 1700 γὰρ
355 1661 476 1688 πλειόνων
491 1662 517 1687 οἱ
532 1661 659 1699 ὑπηρέται
678 1662 743 1697 μετὰ
754 1665 804 1687 τῶν
821 1665 922 1691 σκηνῶν
937 1662 1022 1689 αὐτῶν
1035 1663 1081 1689 οὔκ
1111 1662 1284 1693 ἠδυνήθησαν
1320 1665 1381 1694 τούς
1401 1668 1470 1700 σφῶν
1492 1667 1599 1701 κυρίους
1627 1664 1718 1702 εὑρεῖν.
1742 1664 1867 1691 Ἕκλαιον
1893 1662 1911 1690 δ

231 1710 326 1744 μικροῦ
362 1704 416 1732 δεῖν
443 1705 574 1741 κλαυθμὸν
599 1707 744 1740 ἄπαυστον,
776 1707 798 1732 εὶ
826 1716 870 1732 και
903 1706 1000 1734 ἄλυπον
1016 1717 1023 1725 η
1058 1709 1071 1734 ὁ
1104 1709 1153 1745 γὰρ
1176 1708 1204 1735 ἐκ
1228 1713 1278 1735 τῶν
1297 1713 1430 1746 πυρκαῐῶν
1459 1710 1556 1739 καπνὸς
1577 1709 1628 1735 ὑπὸ
1649 1713 1697 1740 τῆς
1724 1713 1775 1735 τῶν
1799 1707 1920 1746 δένδρων

227 1753 388 1781 πυκνότητος
405 1752 585 1786 συνέχὸμενος,
597 1760 642 1776 και
655 1748 774 1781 διέξοδον
790 1751 824 1781 εἰς
838 1751 965 1789 ἑλέὺθερον
979 1751 1042 1790 ἀέρα
1055 1755 1091 1789 μή
1108 1754 1237 1790 εὑρίσκειν
1253 1752 1405 1790 δυνάμενος,
1416 1754 1480 1780 κάτο
1504 1754 1638 1780 ὑπενοστιι
1662 1763 1708 1779 και
1736 1755 1796 1783 τοὺς
1823 1753 1918 1789 ὀφθαλ-

229 1796 293 1831 μοὺς
308 1794 342 1824 εἰς
355 1795 433 1830 ἄκρον
449 1793 540 1821 ἔδακνε
555 1804 600 1820 και
609 1799 659 1820 τῶν
673 1794 808 1830 ὀφθαλμῶν
825 1796 951 1826 εκπιέζειν
967 1797 1145 1833 κατηνάγκαξε
1157 1796 1282 1835 δάκρυον.
1299 1801 1380 1824 Τοῦτο
1395 1799 1463 1824 καιὸ
1480 1797 1604 1834 βασιλεὺς
1629 1797 1763 1824 ἇπεπόνθει
1788 1797 1832 1829 Ὠς
1856 1797 1887 1824 δέ
1903 1798 1917 1826 ἦ

227 1839 274 1871 νὺξ
286 1841 381 1876 παρῄει
392 1849 437 1865 και
449 1840 534 1875 ἡμέρα
549 1839 703 1875 ἐπέλαμψεν,
717 1838 916 1877 ἀνεπιχείρητον
930 1841 962 1872 εἰς
977 1842 1127 1879 πολιορκίαν
1140 1840 1204 1869 εἶναι
1218 1845 1247 1869 τό
1260 1843 1328 1869 οῖστυ
1351 1845 1482 1879 γνωρίσας
1506 1845 1622 1869 κατιέναι
1629 1843 1822 1880 προσπετάχει
1856 1842 1880 1872 ἐς
1889 1843 1917 1868 τὸ

227 1883 317 1912 πεδίον
331 1886 378 1913 τὴν
391 1885 525 1921 στρατιὰν.
543 1887 593 1910 Και
606 1885 630 1910 οἱ
640 1885 685 1920 μὶν
698 1883 825 1919 ἀπήεσαν,
842 1886 855 1910 ὁ
866 1884 896 1912 δε
907 1886 987 1922 φύλαξ
1002 1887 1107 1914 ὄπισθεν
1118 1889 1183 1923 μετὰ
1193 1890 1303 1925 μετρίων
1319 1887 1484 1924 ἐναπελείφθη
1502 1891 1677 1925 στρατιωτῶν,
1699 1897 1745 1913 και
1757 1889 1859 1914 τούτων
1875 1896 1918 1913 πι-

227 1933 339 1966 ριαυτῶν
350 1938 376 1955 τε
390 1939 434 1955 και
450 1930 586 1965 νεωτέρων.
609 1930 770 1956 Κατόπισθεν
787 1927 816 1956 δὲ
829 1940 873 1956 και
883 1931 962 1961 αὐτος
971 1934 1063 1960 κατῄει
1082 1932 1170 1968 πεζός,
1192 1934 1224 1963 ὡς
1232 1942 1276 1958 και
1291 1932 1419 1959 οἱλοιποί-
1443 1930 1505 1959 οὐδὲ
1519 1933 1570 1968 γὰρ
1597 1930 1627 1961 ἦν
1651 1929 1764 1958 δυνατὸν
1802 1932 1916 1961 ἱππότην

229 1973 344 2011 βαδίσαι
363 1984 422 2011 περι
435 1975 464 2000 τὸ
480 1974 601 2004 κάταντες
611 1978 656 2000 τοῦ
680 1973 787 2011 βουνοῦ.

264 2020 307 2048 60.
325 2019 519 2055 1301bique
530 2027 582 2055 per
592 2019 668 2047 duos
679 2019 742 2048 dies
749 2023 906 2048 cunctatus
915 2022 944 2048 et
953 2022 1056 2049 Batcu-
1147 2021 1167 2053 ξ’
1177 2022 1193 2047 ’l

1147 2021 1278 2053 ξ’Ἒκείσε
1290 2024 1353 2057 γοῦν
1369 2022 1391 2039 ⁵⁷
1416 2021 1515 2058 ἡμέρας
1538 2019 1666 2051 διανύσας
1685 2019 1747 2054 δὺο,
1773 2030 1820 2047 και
1848 2021 1916 2048 λείαν

228 2064 313 2093 nium
334 2063 548 2100 depopulatus,
565 2072 668 2092 rursus
684 2064 909 2101 Adrianopolim
925 2065 1055 2101 indeque
1111 2068 1158 2095 τὴν
1179 2076 1193 2092 κ

1113 2068 1158 2095 τὴν
1179 2069 1270 2102 κώμην
1309 2069 1459 2097 πεποιηκὼς
1480 2067 1509 2093 τὸ
1538 2067 1692 2092 Βατκοὺνιον
1721 2066 1786 2101 (25),
1813 2065 1839 2097 ἔς
1873 2068 1915 2095 τὴν

230 2109 486 2146 Didymotcechum
493 2109 606 2145 repetit.
617 2109 671 2137 Ubi
677 2109 822 2138 exercitus
829 2110 968 2138 ductores
975 2109 1055 2145 eligit
1075 2111 1097 2139 D
1114 2108 1191 2149 Ἀδρι

1114 2108 1254 2149 Ἀδριανοῦ
1285 2120 1330 2137 και
1370 2108 1442 2141 αὖθις
1487 2110 1643 2149 ὑπέστρεψε,
1679 2109 1797 2137 κὰκεῖθεν
1831 2110 1865 2141 εἰς
1889 2112 1915 2136 τὸ

268 2208 290 2245 ξτ
304 2209 325 2235 D
343 2215 349 2235 :
362 2207 431 2234 Ἐκεῖ
445 2206 475 2234 δὲ
488 2206 536 2245 δύο
553 2207 650 2240 ἀνύσας
669 2209 778 2245 ἡμέρας,
789 2218 834 2234 και
844 2208 914 2235 λείαν
929 2211 975 2238 τὴν
988 2209 1061 2235 πόλιν
1074 2211 1223 2240 πεποιηκὼς
1237 2210 1266 2235 τό
1280 2208 1443 2243 Μτκοὺνιον,
1455 2208 1480 2240 ἐς
1491 2206 1631 2245 ’Δδρικδοῦ
1650 2209 1729 2245 ἧκενι
1751 2208 1872 2236 κάκεῖθεν
1893 2208 1916 2239 ἐς

233 2242 433 2282 Δὶδυμότειχον.
447 2247 497 2271 Καὶ
513 2242 709 2282 διαπεραιωθεὶς
720 2242 768 2282 ’τον
782 2245 978 2274 Ἑλλήσποντον.
993 2248 1051 2281 περὶ
1070 2245 1276 2282 τὴνΔΛὰμψακον
1289 2248 1390 2282 σκηνοῖ,
1405 2247 1450 2271 καὶ
1463 2242 1589 2282 Γεώργιον
1600 2244 1828 2282 τόν-Μουςὰὶωνα
1849 2255 1915 2282 πρω·

233 2254 298 2270 Διου
321 2254 433 2280 οτειχον.
448 2254 497 2271 mu.
513 2254 709 2281 οιαπεραιωυεις
725 2255 768 2271 τον
792 2254 978 2274 ηΑΑησποντον.
993 2255 1051 2281 περι
1070 2255 1117 2274 την
1130 2254 1276 2281 Λαμψακον
1291 2254 1390 2280 σκηνοι,
1405 2255 1450 2271 και
1464 2254 1589 2282 ι·εωργιον
1600 2254 1643 2270 τον
1664 2254 1828 2275 mensuum:
1849 2255 1913 2282 πρω·

232 2254 439 2318 τοσεὲεσϐαστόν
451 2283 496 2306 καὶ
515 2281 750 2318 πρωτοϐεστιὰριον
758 2280 814 2318 (26)
827 2283 872 2306 καὶ
884 2283 963 2317 μέγαν
979 2279 1217 2318 στρατοπεδὰρχην
1226 2281 1296 2318 (26’)
1306 2284 1384 2313 ποιεῖ,
1398 2279 1486 2318 τόνδε
1505 2280 1584 2307 αὐτοῦ
1600 2278 1710 2317 ἀδελφόν
1736 2279 1913 2318 ’Δνδρόνικον,

232 2318 313 2354 μέγαν
327 2314 482 2354 δομέστικον
501 2314 544 2343 τὸν
572 2315 600 2343 δὲ
619 2314 743 2352 Ἀγγελον
758 2317 876 2345 Ἰωάννην
884 2314 1115 2354 πρωτοστρατόροὶ,
1130 2314 1386 2354 ἦρ’ὡτοϐεστιαρίτην
1400 2317 1456 2351 (27)
1469 2315 1499 2343 δὲ
1513 2318 1557 2343 τόν
1581 2314 1746 2354 Καρυανίτην
1758 2314 1910 2346 πεποίηκεν.

234 2350 319 2379 Άῦτοῡ
331 2350 365 2379 δὲ’
386 2353 433 2384 τὰς
447 2352 537 2390 ἑορτὰς
549 2356 599 2379 τῶν
615 2350 827 2390 Χριστουγέννων
842 2355 887 2379 καὶ
899 2350 989 2388 γὼτων
1006 2350 1166 2384 διαϐιϐάσας
1181 2353 1264 2382 εἰσῄει
1274 2350 1468 2388 τό’Νύμφαιον.

675 2448 846 2483 Theodori
870 2449 996 2484 Dousae
1020 2454 1052 2484 et
1075 2449 1201 2484 Leonis
1225 2449 1342 2484 Allatii
1366 2453 1467 2484 notae.

261 2549 318 2584 (25)
364 2547 530 2575 Βατκούνιον.
593 2546 710 2576 Nicetas
756 2549 913 2575 Βακτούνιον
957 2547 1058 2576 scribit

225 2584 338 2613 Dousa.

261 2621 319 2656 (26)
355 2617 573 2656 Πρωτοσέϐαστον
617 2622 661 2656 καὶ

1111 2547 1251 2584 ηιεειίεαε
1263 2549 1291 2575 et
1304 2549 1516 2584 protestrator,
1525 2555 1595 2584 quia
1605 2546 1694 2576 ofﬁcii
1704 2548 1834 2584 nomina
1845 2557 1912 2578 mox

1111 2583 1350 2620 subsequuntur,
1365 2583 1472 2612 nullibi
1495 2583 1603 2612 melius
1625 2591 1719 2620 quam
1739 2583 1783 2612 ibi
1805 2584 1911 2613 disces.

1111 2621 1213 2648 DOUSA.

1145 2655 1205 2692 (2‘7)
1224 2654 1495 2692 Πρωτοϐεστιαρίτην.
1522 2653 1701 2692 Differ-ebant
1721 2654 1867 2692 dignitate
1885 2658 1911 2684 et

1109 2690 1234 2729 munere
1249 2690 1269 2717 ’ό
1283 2690 1521 2729 πρωτοϐιστιὰριος
1536 2693 1564 2719 et
1586 2691 1599 2717 6
1624 2690 1908 2729 προεσταϐεστιαρίτης.

1110 2727 1239 2759 Clarum,
1256 2726 1333 2761 ecce,
1359 2735 1395 2754 ex
1411 2726 1469 2754 hoc
1493 2726 1570 2760 loco,
1595 2728 1625 2754 et
1644 2726 1833 2755 adnotatum"
1848 2728 1907 2761 jam

1110 2736 1239 2759 uarum,
1256 2736 1333 2761 ecce,
1359 2736 1395 2754 ex
1411 2736 1468 2754 HOC.
1493 2736 1570 2760 1000,
1595 2736 1625 2754 el
1647 2736 1827 2755 nunciatum
1861 2736 1907 2756 am

1110 2766 1178 2791 ante
1189 2771 1226 2791 ex
1244 2763 1356 2790 Codino
1372 2764 1403 2790 V.
1421 2764 1451 2791 C.
1469 2762 1576 2791 Joanni
1590 2763 1726 2791 Meursio.
1744 2763 1815 2791 Vide
1831 2736 1907 2792 G’los-

1109 2799 1224 2828 sarium
1239 2799 1270 2827 in
1286 2797 1448 2836 βεστιάριον.
1465 2798 1569 2827 DOUSA.

720 2620 967 2647 ποωτοϐιστιάοιον.
1016 2620 1056 2647 De

224 2646 490 2691 his'd'igni'tatibus
530 2646 745 2684 consulendum
778 2646 843 2684 esse
872 2646 1056 2684 Glossarium

224 2690 341 2720 Meursii
358 2699 450 2726 supra
469 2690 655 2719 monuimus.
671 2693 777 2720 Dousa.

357 2729 445 2762 Μέγαν
474 2726 722 2764 στρατοπεδάρχην.
758 2726 1056 2764 Quanteedignitatis

227 2761 314 2798 fuerit
328 2761 455 2797 magnus
464 2761 858 2798 stfalupedai'cha,ostendit
871 2761 950 2790 idem
966 2763 1055 2791 Meur-

231 2797 338 2825 sinsin
355 2799 547 2827 exactissimo
560 2797 662 2837 'opere.
681 2801 750 2827 Item
768 2799 836 2836 quis
851 2806 978 2835 magnus
1006 2798 1056 2827 do-
