1966 3079
229 92 295 120 1143

877 87 1016 116 GEORGII
1034 87 1261 116 ACROPOLITE

1875 75 1952 118 tu."

227 153 436 188 censebantur,
453 152 506 180 sed
518 160 570 180 eos
581 152 725 188 prmterea
739 150 792 188 qui
805 158 962 186 nunquam
977 150 1053 178 inter
1073 151 1096 177 A
1112 150 1158 186 γὰρ

1118 150 1161 186 γὰρ
1186 151 1262 186 μόνον
1300 151 1359 181 τοὺς
1378 153 1547 187 τεταγμένους
1586 148 1694 178 ὀπαδεῖν
1727 153 1942 188 «positum.

226 199 370 227 militares
382 197 486 233 copias
502 197 620 224 fuerunt
631 196 834 232 asserti,sequi
845 195 938 223 voluit
952 204 958 222 :
970 203 1055 223 nam—

227 251 286 280 que
293 242 462 275 confestim,
475 241 566 278 quiin
576 240 787 269 venationibus
805 241 890 276 132
903 240 1057 276 capiendis

227 287 308 320 feris,
321 286 416 314 cervis
430 289 458 314 et
472 286 581 322 porcis,
600 293 652 313 nec
667 293 728 313 non
742 285 916 321 accipitrum
928 284 1058 320 aucupio

227 331 459 367 imperatoribus
473 329 834 363 inserviebant,universis
853 329 971 366 penitus
983 329 1059 356 inter

229 375 339 403 milites
361 375 536 411 conscriptis
557 375 662 409 ingens
678 373 805 402 militum
821 374 865 402 vis
879 375 1059 408 exaggerata

229 422 288 450 est.
317 420 507 456 Imperatoris
526 427 648 456 quoque
674 418 773 447 studia
796 419 924 452 animos,
940 417 1059 454 utquid

230 465 318 494 solito
334 464 515 492 cumulatius
541 464 689 492 deferrent
713 464 912 492 concitabant.
937 464 996 491 Hac
1014 470 1059 491 ra-

228 510 308 539 tione
325 509 482 537 universas
495 508 597 545 copias
608 508 756 536 conﬂavit.
771 509 804 536 Et
819 516 887 536 cum
900 509 1057 536 Persarum

227 554 394 591 principem
410 554 622 582 Tachariorum
645 553 783 581 molestia
802 552 929 580 liberum
953 552 1057 588 legatis

226 597 327 628 missis
339 599 542 633 cognovisset,
554 600 635 626 recta
649 605 684 625 ex
699 598 814 626 Oriente
824 598 854 625 in
868 597 1057 625 Occidentem

226 643 372 680 graditur.
397 644 534 679 Namque
556 651 624 670 cum
639 642 804 670 Persarchm
816 649 862 669 res
874 649 940 669 esse
953 641 983 669 in
995 644 1057 669 tuto

226 688 388 716 collocatas
405 689 433 715 et
448 688 511 715 sine
528 687 699 715 discrimine
712 686 970 723 apprehendisset,
985 680 1057 714 nihil

224 733 262 761 de
278 740 332 760 suo
347 731 430 768 apud
443 732 591 760 Orientem
605 731 730 767 imperio
745 731 851 759 hostile
865 731 1056 766 timebathi-

225 780 274 807 tur
284 777 398 813 majore
416 785 505 814 quam
524 785 660 812 unquam
677 776 722 803 vel
735 778 820 812 pater
834 775 912 803 illius
928 777 1057 804 Joannes

226 823 273 851 vel
288 823 351 858 ipse
367 824 456 849 antea
467 824 684 858 comparasset,
701 821 831 849 exercitu
845 821 1001 854 instructo,
1018 821 1057 849 ad
1073 817 1092 844 Β

227 866 484 896 transfretandum
499 866 723 902 Hellespontum
731 867 931 901 Lampsacum
940 865 1057 902 proﬁci-

229 911 416 945 scitur,etiam
423 910 714 947 quosDidymotuechi
721 910 1056 946 reliqueratincolumes,

228 957 271 985 uti
283 956 342 984 illis
358 956 564 989 mandaverat,
581 954 743 988 offendere,
759 954 876 991 illisque
890 955 1057 983 maximum

229 1001 387 1030 exercitum
399 1001 546 1034 majorem
558 999 655 1028 facere
662 1001 806 1035 'sperans.
822 999 930 1027 Atillos
945 999 1058 1027 ducum

229 1053 371 1083 perversa
381 1045 518 1078 consilia,
533 1044 698 1080 prudentiae
708 1046 735 1071 et
746 1043 896 1072 ﬁdelitatis
907 1051 1004 1072 vacua
1015 1046 1058 1072 at-

230 1091 382 1123 triverant,
389 1089 638 1125 quandoquidem
649 1088 843 1122 Bulgarorum
850 1088 989 1124 princeps
995 1087 1059 1116 lon-

228 1135 294 1170 gius
306 1135 327 1169 1
335 1134 391 1169 33
401 1133 506 1161 abesse
516 1133 723 1168 imperatorem
730 1140 929 1167 cognoscens,
936 1133 1059 1161 auxilia-

227 1178 304 1207 riam
315 1178 494 1213 Scytharum
507 1177 562 1204 sibi
571 1185 696 1204 manum
707 1177 850 1204 adscitam
865 1177 904 1204 ad
915 1176 996 1205 bona
1005 1185 1058 1214 op-

228 1222 396 1259 pugnanda
405 1222 599 1257 timoremque
607 1221 748 1249 Romanis
755 1221 954 1249 incutiendum
961 1222 991 1249 in
999 1223 1060 1250 Ma-

234 1265 367 1294 cedoniae
380 1265 448 1294 loca
459 1266 612 1293 amandat.
627 1267 734 1293 Eorum
750 1273 893 1293 numerus
908 1274 966 1294 non
983 1266 1060 1295 ultra

232 1314 364 1347 quatuor
374 1310 479 1345 millia,
492 1313 525 1338 ut
537 1318 636 1338 rerum
651 1310 735 1345 gnari
751 1311 868 1346 Scythae
882 1310 1058 1345 referebant,

230 1356 285 1384 fuit
302 1365 310 1389 ;
325 1355 462 1383 nonnulli
487 1355 596 1390 plures,
613 1355 661 1384 alii
678 1355 835 1392 pauciores
856 1355 1058 1385 afﬁrmabant-

233 1400 351 1435 Scythte
358 1400 584 1435 Adrianopolim
592 1403 862 1436 praetercurrentes,
869 1409 937 1437 quae
948 1401 1061 1429 circum

233 1445 346 1473 ﬂumen
359 1444 405 1472 cui
417 1452 529 1472 nomen
542 1445 638 1480 Regius
649 1448 704 1478 est,
716 1447 745 1473 et
756 1445 868 1473 circum
881 1445 1062 1481 Didymotaa-

1113 194 1177 220 ἀλλὰ
1193 197 1307 226 καὶτοὺς
1322 193 1387 231 μηδ’
1407 195 1468 226 ὅλως
1493 195 1518 222 ἐν
1532 196 1603 227 τάξει
1615 198 1677 222 ποτε
1703 196 1867 226 τελοῦντας

1114 242 1247 276 στρατιᾶς.
1285 239 1385 266 Αὐτίκα
1425 242 1474 277 γὰρ
1514 242 1574 271 τοὺς
1604 240 1850 277 ἑξυπηρετοῡντοις
1895 246 1945 267 te»:

1113 283 1268 321 βασιλεῦσιν
1302 283 1326 310 ἐν
1347 285 1436 322 θήραις
1468 287 1535 319 [ταῖς
1552 289 1601 312 τῶν
1622 286 1706 322 θηρῶν
1726 285 1861 323 ἄγραις]
1886 285 1945 311 Eui-

1114 339 1166 365 φων
1185 338 1212 355 τε
1225 331 1270 354 καὶ
1289 329 1331 364 [Ρ.
1358 329 1404 366 68]
1433 332 1543 366 χοίρων,
1576 331 1619 356 καὶ
1646 332 1705 360 τοὺς
1742 328 1788 356 δι’
1822 331 1944 368 ἱεραῖς»

1115 374 1277 410 θηρεύοντας,
1312 375 1409 405 πάντας
1440 374 1598 406 ἁπαξαπλῶς
1625 379 1844 411 στρατιωτικοῖς
1886 385 1947 401 σνν-

1113 420 1209 454 τέταχι
1225 419 1354 455 τάγμασι.
1377 421 1427 445 Καὶ
1446 417 1476 448 ἧν
1494 421 1523 446 τὸ
1537 421 1695 456 συνηγμένον
1719 419 1838 450 πλῆθος
1863 420 1943 453 πολὺ,

1113 465 1158 489 καὶ
1173 464 1188 492 ἡ
1206 467 1252 489 τοῦ
1269 467 1423 500 κρατοῦντος
1439 462 1468 490 δε
1486 463 1558 500 ἁρχὴ
1576 464 1708 500 ἠνάγκαζε
1730 466 1802 494 τοὺς
1823 464 1942 494 πλείους

1112 512 1162 534 τῶν
1191 508 1316 534 εἰωθότων
1347 510 1429 546 φέρειν
1465 519 1492 535 τι
1520 511 1711 546 περιττότερον.
1745 509 1840 535 Οὕτω
1874 513 1939 544 709':

1112 555 1199 578 πᾶσαν
1228 555 1426 589 συναγηοχὴκει
1454 555 1500 582 τὴν
1523 552 1719 589 στρατιάν.Ὠς
1748 551 1784 579 δὲ
1813 555 1870 579 καὶ
1895 555 1938 579 τά,

1113 597 1272 634 Περσάρχην
1285 599 1339 632 (29)
1359 600 1395 634 μὴ
1415 598 1559 635 πράγματα
1571 599 1641 634 ἔχειν
1656 607 1728 634 παρα
1747 602 1807 624 τῶν
1830 601 1937 633 Ταχα-

1111 644 1173 679 ρίων
1218 641 1356 678 πρεσϐείαν
1384 641 1566 673 ἐξαποστείλας
1603 641 1776 678 ἐμεμαθήκει,
1809 644 1936 668 κατευθὺ

1111 687 1174 722 πρὸς
1201 687 1248 714 τὴν
1279 683 1385 722 δυσμήν
1415 685 1444 712 ἐκ
1468 691 1514 717 τῆς
1540 686 1574 713 ἔω
1599 686 1693 723 ἐχώρει
1718 697 1724 703 ·
1749 685 1849 717 καλῶς
1880 688 1933 723 γὰρ

1112 732 1182 766 ἔχειν
1208 731 1251 756 τὸν
1285 732 1445 768 Περσάρχην
1473 735 1523 757 τῶν
1550 730 1645 757 ἐκείνου
1673 733 1851 768 πραγμάτων
1882 731 1934 757 οἰό-

1112 785 1183 812 μενος
1198 778 1242 801 καὶ
1263 774 1382 812 ἀσφαλῶς
1397 778 1490 812 μένειν,
1520 774 1578 802 οὐδ’
1603 775 1666 806 ὅλως
1687 779 1748 812 περὶ
1777 780 1813 812 τῇ
1847 776 1931 802 αὑτοῦ

1111 822 1180 846 κατὰ
1195 822 1242 849 τὴν
1261 821 1293 846 ἔω
1316 818 1412 847 ἐδεδίει
1437 819 1523 857 ἀρχῇ.
1554 823 1607 850 Τὴν
1627 823 1715 847 πᾶσαν
1744 825 1816 856 γοὺν
1845 830 1932 849 σννη-

1113 866 1223 901 θροικὼς
1259 866 1382 902 στρατιὰν
1411 865 1518 901 μείζονα
1548 869 1598 891 τῶν
1624 874 1687 891 ποτε
1715 866 1794 902 παρὰ
1824 874 1857 891 τι
1887 869 1931 891 τοῦ

1112 912 1211 947 πατρὸς
1238 909 1317 936 αὐτοῦ
1356 908 1486 946 βασιλέως
1514 912 1559 936 καὶ
1587 911 1680 936 τούτου
1716 909 1931 946 συνειλεγμένων

1113 954 1148 986 εἰς
1189 956 1219 980 τὸ
1256 952 1482 991 διαπεραιωθῆναι
1518 956 1562 980 τὸν
1594 953 1786 984 Ἑλλήσποντον
1815 953 1931 990 ἀφίκετο

1113 998 1149 1030 εἰς
1160 1001 1206 1028 τὴν
1225 998 1383 1035 Λάμψακον,
1402 998 1508 1029 ἐλπίσας
1530 1001 1575 1025 καὶ
1600 1000 1660 1029 τοὺς
1685 1000 1755 1025 κατὰ
1783 1000 1815 1025 τό
1847 996 1930 1025 Διδυ-

1113 1045 1239 1080 μότοιχον
1253 1042 1498 1080 καταλελειμμένους
1528 1046 1612 1074 σώους
1633 1053 1660 1070 τε
1686 1044 1769 1080 εὑρεῖν
1799 1044 1873 1069 κατὰ
1897 1043 1930 1069 τὰ

1112 1090 1325 1126 προστεταγμένα
1360 1089 1458 1118 τούτοις
1498 1090 1543 1114 καὶ
1578 1088 1607 1114 οὗ
1633 1089 1729 1125 μικρὰν
1761 1089 1926 1124 προσθήκην

1112 1136 1143 1169 τῇ
1164 1133 1226 1169 ἀμφ’
1254 1133 1332 1159 αὐτὸν
1356 1135 1464 1170 στρατιᾷ
1491 1132 1698 1169 ἐμποιήσασθαι.
1724 1134 1795 1163 Τοὺς
1819 1131 1854 1158 δὲ
1881 1142 1926 1158 κα-

1113 1177 1237 1203 κοϐουλία
1259 1179 1305 1203 καὶ
1331 1179 1360 1203 τὸ
1394 1181 1561 1214 παρακοῦσαι
1581 1181 1627 1208 τῆς
1659 1176 1807 1214 βασιλικῆς
1839 1177 1926 1203 κελεὺι

1115 1232 1179 1253 σεως
1199 1221 1316 1258 ἔσφηλεν.
1346 1221 1414 1248 Ἐπεὶ
1442 1223 1492 1258 γὰρ
1524 1223 1536 1247 ὁ
1564 1226 1612 1248 τῶν
1643 1222 1801 1259 Βουλγάρων
1827 1223 1924 1260 ἅρχων

1115 1269 1272 1304 μακρότερον
1298 1265 1398 1302 διάγειν
1422 1268 1466 1293 τόν
1487 1266 1600 1303 βασιλέα
1630 1266 1766 1302 ἐγίνωσκε,
1791 1268 1923 1293 Σκυθικὸν

1117 1313 1267 1349 στράτευμα
1290 1311 1327 1342 εἰς
1353 1321 1476 1348 σφετέραν
1509 1313 1666 1347 συμμαχίαν
1702 1311 1925 1348 προσκαλεσάμε-

1115 1367 1158 1387 νος
1183 1358 1251 1383 κατὰ
1287 1360 1336 1382 τῶν
1362 1360 1410 1385 τῆν
1449 1354 1614 1387 Μακεδονίας
1645 1358 1740 1393 χώρων
1770 1355 1924 1392 ἔκπέπομφε

1116 1400 1227 1439 κέρδους
1239 1410 1266 1427 τε
1284 1401 1365 1437 χάριν
1388 1402 1434 1426 καὶ
1456 1404 1503 1431 τῆς
1531 1402 1595 1437 πρὸς
1619 1400 1762 1437 Ῥωμαίους
1789 1402 1861 1430 τινὸς
1884 1401 1923 1427 ἐκ-

1117 1445 1260 1483 φοϐήσεως.
1293 1445 1452 1482 Ἠρίθμηντο
1479 1443 1509 1471 δὲ
1534 1447 1594 1482 περὶ
1630 1455 1680 1471 που
1707 1446 1752 1475 τὰς
1786 1448 1922 1482 τέσσαρας

233 1489 325 1518 chum
340 1489 455 1525 oppida
469 1489 573 1517 omnia
587 1490 698 1526 praedis
713 1498 747 1518 ac
759 1490 873 1526 rapinis
887 1490 1056 1518 vestabant.
1075 1493 1097 1520 C
1116 1490 1158 1527 χι]

1118 1488 1254 1527 χιλιάδας,
1275 1491 1310 1521 ὡς
1333 1490 1357 1516 οἱ
1383 1488 1478 1520 εἰδότες
1501 1490 1612 1526 ἔφασκον
1641 1490 1749 1518 Σκύθαι.
1777 1492 1851 1520 Τινὲς
1877 1492 1922 1526 μὲν

233 1534 379 1563 Exercitui
391 1534 472 1570 apud
488 1534 750 1570 Didymotmchum
764 1534 905 1571 praefecti,
921 1535 1061 1570 neglectis

233 1579 434 1615 imperatoriis
449 1579 602 1607 mandatis
623 1587 708 1607 arma
723 1582 874 1607 sumentes
889 1579 918 1607 in
936 1579 1061 1615 Scythas

233 1623 359 1652 irruunt.
370 1624 496 1652 Romani
507 1632 561 1660 pro
572 1632 656 1652 more
669 1632 723 1652 suo
734 1624 818 1659 gravi
829 1626 979 1653 armatura
989 1632 1063 1660 prae-

234 1669 323 1697 cincti
340 1672 436 1702 erant,
461 1669 577 1704 Scythae
592 1669 650 1697 levi
665 1671 693 1696 et
719 1669 870 1704 sagittarii.
902 1670 999 1702 Quare
1025 1669 1062 1697 de

234 1713 402 1750 longinquo
423 1713 471 1740 isti
495 1713 602 1748 jaculis
630 1714 781 1741 Romanos
796 1713 953 1748 incessere,
969 1721 1063 1750 equos

235 1757 380 1792 sauciare,
397 1759 426 1784 et
439 1757 522 1792 gravi
537 1765 611 1785 casu
622 1765 657 1784 ex
668 1757 817 1792 equitibus
829 1758 944 1793 pedites
955 1758 1063 1793 facere,

235 1801 358 1829 tandem
374 1801 487 1836 fugare.
505 1802 606 1837 Itaque
617 1801 732 1829 Manuel
748 1802 881 1830 Lascaris
893 1810 971 1838 equo
986 1803 1064 1831 velo—

237 1845 373 1877 cissimo,
402 1853 488 1881 quem
512 1846 736 1881 Chrysopedem
760 1846 888 1880 dicebat,
913 1846 985 1882 fuga
1001 1855 1064 1875 sese

236 1890 462 1927 Adrianopolim
474 1890 600 1918 intrusit.
618 1891 828 1919 Constantinus
847 1892 1016 1926 Margarites
1038 1895 1065 1920 et

237 1942 306 1962 cum
329 1942 364 1962 eo
383 1935 486 1970 plures
504 1935 554 1962 alii
569 1935 736 1963 cohortium
755 1936 853 1971 capita
879 1936 1011 1971 Bulgaris
1030 1944 1065 1965 ac

239 1979 355 2015 Scythis
365 1979 539 2007 venundata
550 1982 638 2016 capta
649 1983 725 2007 sunt.
737 1980 775 2008 De
788 1980 835 2008 his
852 1981 956 2009 certior
971 1981 1066 2009 factus

237 2023 401 2060 imperator
411 2024 549 2059 indoluit,
569 2025 772 2061 maturiusque
788 2025 818 2053 in
845 2025 1067 2062 Bulgarophygi

237 2069 339 2098 locum
355 2068 514 2104 festinavit,
531 2071 559 2096 et
573 2077 711 2105 gressum
729 2069 887 2098 intendens
901 2070 1066 2098 festinatio-

237 2122 308 2143 nem
335 2113 517 2142 acceleravit.
544 2114 600 2142 Sed
624 2114 860 2150 speculatoribus
888 2115 1066 2151 Scytharum

238 2158 402 2187 exercitum
421 2166 516 2194 prope
528 2167 593 2186 esse
609 2159 869 2192 denuntiantibus,
880 2159 931 2187 ubi
943 2168 994 2187 eos
1010 2168 1066 2196 pa-

238 2203 334 2232 lantes
345 2202 466 2236 audivit,
483 2211 518 2231 eo
535 2203 708 2231 universum
730 2204 892 2231 exercitum
907 2207 1017 2238 movet,
1038 2207 1066 2232 et

240 2255 301 2276 uno
313 2247 360 2275 die
373 2247 609 2284 quadringentas
621 2248 707 2284 134
719 2250 747 2276 et
757 2248 886 2284 amplius
895 2249 1068 2276 mansiones

240 2300 421 2330 permensus
434 2295 486 2322 est.
498 2294 635 2322 Attamen
650 2293 680 2321 in
692 2301 743 2320 eos
758 2300 818 2320 non
830 2293 933 2321 incidit
947 2303 953 2327 ;
974 2293 1068 2322 celere

1081 2172 1102 2199 D

1117 1533 1160 1561 οὖν
1180 1537 1224 1560 καὶ
1239 1534 1352 1567 πλείους,
1373 1535 1398 1561 οὶ
1418 1532 1447 1560 δῖε
1471 1543 1516 1560 και
1540 1534 1660 1565 ἐλάττους
1694 1534 1790 1570 ἔλεγον.
1812 1536 1847 1561 Οἱ
1875 1537 1919 1571 ph

1116 1578 1160 1606 οὖν
1193 1581 1288 1606 Σκύθα(
1316 1582 1362 1609 τὴν
1391 1577 1532 1616 Ἀδριανοῦ
1560 1579 1770 1617 παραμείψαντες
1799 1581 1832 1606 τὰ
1861 1583 1919 1617 περὶ

1116 1626 1159 1651 τὸν
1189 1625 1305 1660 ποταμὸν
1333 1624 1364 1650 οὗ
1392 1623 1497 1659 Ῥηγίνα
1531 1625 1645 1660 τοῦνομα
1675 1623 1744 1650 λείαν
1772 1623 1916 1656 ἐποιοῦντο,

1117 1671 1161 1696 καὶ
1176 1670 1209 1695 τὰ
1224 1668 1298 1705 πέριξ
1316 1672 1362 1694 τοῦ
1389 1666 1584 1705 Διδυμοτοίχου
1607 1670 1697 1706 χωρία
1711 1667 1858 1695 ἕσκὺλευονο
1883 1671 1915 1695 Οἱ

1119 1713 1148 1741 δὲ
1161 1713 1356 1750 προλελεγμένοι
1383 1714 1549 1750 στρατάρχαι
1579 1717 1625 1739 τοῦ
1649 1713 1684 1744 εἰς
1704 1715 1734 1739 τὸ
1762 1712 1912 1750 Διδυμότοι-

1118 1769 1168 1795 χον
1192 1757 1422 1795 καταλελειμμένου
1452 1759 1654 1794 στρατεύματος,
1690 1762 1739 1784 τῶν
1773 1757 1911 1794 βασιλικῶν

1119 1802 1313 1839 ἐπιλελησμένοι
1351 1802 1526 1840 προστὰξεων,
1581 1802 1797 1834 καθοπλισθέντες
1848 1804 1912 1828 κατὰ

1118 1852 1168 1874 τῶν
1188 1848 1292 1874 Σκυθῶν
1317 1846 1482 1884 ἐφώρμησαν,
1516 1847 1549 1873 Οἱ
1575 1849 1620 1883 μιν
1643 1845 1687 1873 οὖν
1714 1846 1846 1884 Ῥωμαῖοι,
1871 1848 1912 1873 οἶα

1119 1893 1178 1923 ἔθος
1196 1892 1295 1926 αὐτοῖς,
1323 1890 1488 1928 δυσαχθέσιν
1513 1891 1600 1922 ὅπλοις
1628 1893 1807 1927 κατὰφρακτοι
1836 1891 1911 1925 ἦσαν,

1120 1938 1144 1963 οἱ
1158 1935 1187 1964 δὲ
1200 1937 1297 1963 Σκύθαι
1320 1940 1412 1972 κοῦφοι
1431 1936 1536 1962 ὁπλῖται
1550 1937 1607 1971 (30)
1629 1939 1674 1962 καὶ
1700 1936 1786 1967 τόξοις
1813 1940 1912 1973 χρώμες

1119 1991 1167 2008 νοι.
1189 1982 1324 2018 Μακρόθεν
1340 1979 1383 2006 οὖν
1415 1980 1488 2007 οὗτοι
1510 1984 1562 2011 τοῖς
1588 1979 1677 2017 βέλεσι
1695 1982 1756 2012 τοὺς
1777 1980 1912 2017 Ῥωμαίους

1121 2025 1223 2053 ἔϐαλλον
1242 2028 1287 2052 καὶ
1310 2027 1369 2055 τούς
1389 2026 1482 2055 ἵππους
1505 2025 1661 2063 ἐτίτρωσκον
1680 2028 1726 2051 καὶ
1750 2025 1839 2056 πεζοὺς
1856 2028 1910 2056 τούς

1122 2073 1233 2101 ἱππότας
1260 2067 1361 2107 ῥᾳδίως
1403 2069 1514 2106 ἐποίουν⁷
1545 2072 1589 2096 καὶ
1615 2069 1682 2100 τέλος
1717 2072 1861 2106 τρέπουσιν.
1883 2071 1908 2096 Ὀ

1122 2117 1166 2152 μὲν
1182 2113 1225 2141 οὖν
1246 2114 1368 2143 Μανουὴλ
1390 2115 1402 2140 ὁ
1432 2115 1570 2152 Λὰσκαρις
1602 2115 1752 2150 ταχύτατον
1785 2116 1849 2150 ἔχων
1870 2117 1908 2141 τὸν

1123 2161 1210 2194 ῖππον,
1232 2159 1258 2185 ὃν
1284 2161 1329 2185 καὶ
1350 2157 1526 2196 Χρυσοποδην
1555 2158 1668 2193 ἐκάλεσε,
1697 2160 1779 2195 φυγὰς
1810 2159 1843 2190 εἰς
1868 2162 1908 2188 τὴν

1122 2203 1265 2241 Ἀδριανοῦ
1283 2206 1368 2240 ᾤχετο
1395 2214 1401 2220 ·
1431 2205 1444 2229 ὁ
1473 2202 1503 2230 δὲ
1526 2206 1697 2241 Μαργαρίτης
1730 2207 1908 2234 Κωνσταντῖνος

1121 2249 1196 2284 ἐὰλω,
1220 2251 1265 2276 καὶ
1282 2248 1354 2275 ἄλλοι
1381 2248 1470 2275 πολλοὶ
1493 2249 1548 2284 μετ’
1573 2248 1653 2274 αὐτοῦ
1675 2252 1724 2274 τῶν
1750 2248 1785 2279 εἱς
1811 2249 1907 2285 κεφαλὰς

1121 2295 1280 2330 τεταγμένων
1320 2298 1366 2324 τῆς
1413 2296 1548 2330 στρατιᾶς,
1587 2292 1628 2323 οὓς
1674 2295 1719 2319 καὶ
1747 2292 1906 2329 ἀπημόλησαν

674 2341 843 2376 Theodori
869 2342 993 2376 Dousaa
1018 2347 1051 2377 et
1074 2342 1200 2377 Leonis
1225 2342 1342 2376 Allatii
1367 2347 1467 2376 nota.

274 2400 332 2439 (29)
342 2402 390 2428 Τὸν
400 2402 570 2439 Περσάρχην.
580 2402 736 2435 Gregoras,
747 2407 778 2436 p.
791 2401 834 2433 56,
845 2400 886 2428 ait
899 2400 995 2428 fcedus
1004 2409 1069 2429 cum

238 2438 350 2481 Turcis,
367 2438 448 2481 quod
456 2438 547 2481 pater
557 2438 755 2481 percusserat,
771 2443 943 2478 renovasse.
957 2438 1030 2481 “an.

273 2471 347 2510 (30)
373 2471 423 2500 Καὶ
453 2471 520 2503 ἦσαν
554 2471 642 2502 ὅπλοις
676 2473 864 2510 κατάφρακτοι,
885 2473 923 2510 -οἱ
942 2471 980 2510 ’δὲ
1006 2474 1068 2510 Σκύ-

240 2507 284 2537 θαι
299 2507 391 2545 κοῦφοι
412 2509 527 2536 ὁπλῖται.
544 2510 698 2545 Romanos
717 2507 824 2535 milites
843 2507 960 2536 induxit
978 2508 1066 2545 etiam

239 2554 332 2582 supra
345 2543 428 2580 gravi
444 2546 597 2582 armatura
617 2543 748 2582 munitos
769 2546 796 2572 et
811 2547 969 2582 propterea
981 2544 1067 2582 inha-

237 2579 324 2615 bil‘es,
350 2583 454 2608 contra
487 2579 761 2616 Scythasilevibus
790 2579 893 2616 armis
912 2579 1066 2616 expeditos

240 2617 479 2652 succinctosque,
497 2615 547 2643 ubi
564 2615 742 2643 Balduinum
760 2623 777 2643 a
790 2615 933 2652 Scythico
948 2615 1065 2652 equita-

239 2654 272 2680 tu
286 2650 524 2680 circumventum
541 2654 723 2688 captumque
740 2651 851 2688 scribit.
870 2650 1064 2688 Herodianus,

238 2688 290 2716 lib.
302 2696 350 2723 vn,
366 2688 396 2716 in
411 2686 598 2724 expeditione
609 2687 743 2724 quadam
760 2686 909 2724 Maximini
921 2686 1066 2713 adversus

241 2721 414 2757 Germanos,
430 2721 487 2752 hoc
503 2723 609 2751 eodem
619 2721 705 2759 'pene
730 2730 799 2759 cum
826 2721 937 2749 militiae
959 2729 1066 2759 genere

241 2766 330 2786 usum
359 2760 448 2788 tradit
477 2769 483 2786 :
510 2757 639 2786 Μαλιστοῖ
671 2757 701 2785 δὲ
731 2759 755 2784 οἱ
780 2757 931 2783 ἀκοντισταὶ
965 2760 1010 2784 καὶ
1043 2757 1067 2784 οἰ

1121 2400 1224 2444 τοξόται
1240 2402 1304 2437 πρὸς
1317 2401 1362 2431 τὰς
1372 2403 1506 2444 Γερμανῶν
1521 2401 1610 2444 μάχας
1625 2398 1770 2444 ἐπιτήδειοὲ
1784 2398 1902 2432 δοκοῦσιν,

1122 2434 1300 2474 ἐπιτρέχοντές
1325 2446 1352 2474 τε
1379 2434 1468 2474 Andrei;
1484 2434 1594 2474 adﬁce};
1620 2435 1648 2462 οὺ
1677 2434 1845 2474 προσδοκῶσι
1866 2440 1902 2463 καὶ

1123 2470 1319 2509 mxumam;
1337 2470 1434 2509 ῥᾳδίως
1451 2481 1457 2499 2
1475 2470 1621 2500 Caeterum
1629 2470 1814 2509 jacdtqtores
1825 2474 1902 2508 sagit-

1123 2507 1252 2543 tariique
1260 2507 1389 2542 gerendo
1400 2509 1542 2536 adversus
1552 2509 1711 2535 Germanos
1718 2507 1792 2535 bello
1798 2516 1901 2543 magno—

1119 2551 1190 2578 pere
1208 2544 1307 2571 idonei
1326 2544 1476 2576 videntur,
1496 2543 1640 2578 siquidem
1660 2543 1788 2577 expediti
1805 2544 1900 2572 hostem

1121 2579 1294 2614 opprimunt
1307 2579 1471 2610 incautum,
1489 2579 1638 2614 facileque
1651 2586 1755 2606 rursus
1770 2580 1799 2606 in
1818 2582 1899 2608 tutum

1120 2623 1149 2643 se
1164 2615 1321 2651 recipiunt.
1338 2615 1522 2651 Jaculatores
1537 2614 1593 2651 hos
1608 2614 1833 2651 domoAM‘auroVs,
1855 2616 1899 2644 Os-

1119 2649 1260 2691 rhoenos,
1279 2650 1495 2691 Armeniosque
1510 2649 1688 2691 et_‘lfarthos
1702 2649 1899 2691 fuiss‘e‘ibiiem

1122 2688 1226 2714 auctor
1249 2685 1356 2715 innuit.
1371 2685 1481 2714 Eodem
1509 2685 1618 2713 militiae
1643 2693 1697 2712 seu
1724 2686 1832 2714 malitia:
1855 2694 1885 2721 ge

1120 2730 1191 2750 nere
1227 2722 1389 2749 Balduinus
1413 2722 1575 2757 imperator
1598 2729 1617 2749 a
1636 2721 1762 2758 Sythico
1786 2722 1897 2758 equitatu

1121 2757 1342 2786 circumventus
1365 2756 1592 2795 oppressusque
1615 2756 1741 2785 videtur.
1774 2756 1865 2786 Do'um.
