1966 3079
50 99 145 127 1145

841 101 1015 131 ANNALES.

1691 101 1758 130 1146

47 165 125 193 τοίς
144 161 305 198 Βουλγοίροις
323 161 348 187 οὶ
367 162 472 189 Σκύθαι.
497 161 527 189 Ὀ
556 163 600 198 μὲν
616 162 659 189 οὖν
688 162 812 199 βασιλεὺς
846 164 879 190 τὰ

969 165 1018 193 nim
1043 165 1174 193 adventu
1195 165 1383 203 imperatoris
1411 164 1539 200 cognito,
1556 164 1644 192 citato
1669 171 1758 191 cursu

47 209 131 242 περὶ
150 207 247 232 τούτου
268 206 357 242 μαθὼν
378 206 483 241 ἠνιάθη,
513 207 622 233 ἔσπευσε
653 205 681 233 δὲ
711 205 758 233 διὰ
781 208 879 243 τάχους

50 250 109 278 ἰπὶ
132 253 183 278 τὸν
203 255 249 277 τοῦ
277 251 493 288 Βονλγαροφύγου
516 256 605 290 χῶρον
631 252 720 287 ἐλθεῖν,
752 255 797 279 καὶ
821 252 880 279 ἑπι-

50 298 161 326 τείνας
190 297 232 322 τὸν
259 294 356 333 δρόμον
405 295 527 333 ὀξυτέραν
565 297 645 323 ἐποίει
681 299 726 326 τὴν
764 300 877 327 κίνησιν

53 340 144 367 Ἐπεὶ
162 338 194 366 δὲ
209 342 254 366 καὶ
278 341 302 366 οἰ
329 344 475 378 πευστῆρες
498 342 611 377 ἔφασκον
639 341 714 377 ἐγγὺς
740 343 880 378 τυγχάνειν

51 385 91 411 τὸ
135 385 263 411 Σκυθινόν
303 386 464 421 στράτευμα,
502 386 562 411 ἔνθα
603 386 699 417 αὐτοὺς
733 387 880 424 περιπολεῖν

936 208 1039 244 fugam
1055 209 1254 246 arripuerunt,
1275 212 1302 237 et
1319 209 1454 246 plerique
1469 216 1572 236 eorum
1588 210 1616 235 et
1629 208 1757 235 nationis

937 253 1113 282 celebriores
1127 254 1240 282 circum
1254 255 1348 290 Bizyee
1371 257 1438 282 loca
1458 253 1594 282 trucidati
1610 255 1689 280 sunt.
1702 252 1758 287 Spe

935 298 1093 327 frustratus
1104 300 1267 335 imperator
1275 300 1312 327 ad
1326 299 1451 327 ﬂuvium
1460 299 1507 326 cui
1517 297 1634 332 Reginae
1648 303 1759 324 nomen

936 346 1033 371 castra
1048 347 1186 377 metatur,
1203 344 1304 380 ibique
1316 344 1490 372 universum
1507 343 1584 379 cogit
1598 341 1760 369 exercitum

935 387 1114 416 insolentem
1130 396 1203 416 sane
1212 391 1301 424 atque
1315 388 1546 424 amplissimum.

54 429 170 465 ἔλεγον,
207 429 291 456 ἐκεῖσε
313 431 359 455 καὶ
388 433 476 456 πᾶσαν
508 429 583 456 ἐκίνει
616 433 662 460 τὴν
694 432 829 468 στρατιάν.
863 434 913 458 Καὶ
940 432 1036 469 ἡμέρας
1068 434 1113 469 μὲν
1147 435 1209 469 μιᾶς
1241 433 1344 463 πλείους
1376 437 1424 459 τῶν
1456 433 1629 469 τετρακοσίων
1663 428 1761 466 διεξῂει

56 473 109 510 [Ρ.
151 474 198 512 69]
231 475 372 510 σταθμοὺς,
405 474 452 500 οὐκ
478 475 597 512 ἐνέκυρσέ
619 473 649 502 δὲ
673 478 774 507 τοὺτοις
803 487 809 493 -

838 475 1035 512 ἐμεμαθήκεσαν
1061 479 1110 514 γὰρ
1138 478 1196 513 (31)
1219 488 1264 504 και
1290 476 1362 504 οὗτοι
1386 479 1432 506 τὴν
1461 480 1570 512 ταχεῖαν
1599 479 1645 502 τοῦ
1682 474 1760 511 βασι-

55 518 132 550 Eia;
147 517 253 554 ἱφοδον,
264 529 309 545 και
324 519 358 550 ὡς
373 519 445 555 εἶχον
473 518 561 546 ποδῶν
587 521 689 556 ἔφυγον,
711 531 754 547 και
784 521 887 551 πλείους
916 519 945 547 δὲ
968 521 993 552 ἐξ
1019 521 1102 547 αὐτῶν
1121 532 1166 548 και
1199 524 1409 560 περιφανέστεροι
1436 525 1480 548 τοῦ
1510 522 1598 551 ἔθνους
1626 522 1684 556 περὶ
1708 528 1759 545 που

54 564 98 589 τὰ
135 565 205 601 μέρη
234 567 281 594 τῆς
317 563 414 594 Βιζύης
446 563 535 600 ξίφους
563 565 636 601 ἔργον
668 566 790 601 ἕγένοντο.
818 566 972 602 Ἀποτυχὼν
995 570 1058 602 γοῦν
1083 571 1129 597 τῆς
1154 567 1331 604 ἐγχειρήσεως
1363 568 1459 596 ταύτης
1492 567 1504 592 ὁ
1535 565 1659 601 βασιλεὺς
1697 565 1758 600 περί

55 609 109 633 τὸν
150 610 268 645 ποταμὸν
292 608 319 639 ὃς
351 607 457 644 Ῥηγίνα
482 609 600 635 καλείκαι
620 612 666 639 τὴν
695 613 792 640 σκηνὴν
818 610 904 645 ἔπηξε,

58 651 157 679 οὖσαν
171 652 239 679 πολύ

104 696 164 733 εβ’,
179 696 209 723 Ὀ
228 698 273 733 μὲν
291 701 341 723 τῶν
364 698 386 715 ⁸³
419 697 571 735 Βουλγὰρων
680 697 876 736 ἃρχων,έπειδὴ

60 743 105 777 μὴ
138 740 341 778 διαπρὰξασθαὶ
363 751 390 768 τι
417 744 484 768 κατὰ
512 742 644 779 Ῥωμαίων
674 742 815 772 ἑδεδύνητο
832 747 878 770 τοῦ

62 785 205 822 βασιλέως
229 784 457 822 ἐπιδεδημηκότας
481 788 547 823 μετὰ
589 789 720 814 τοσούτων
755 798 879 826 στρατευ-

60 831 161 866 μὰτων
182 830 206 857 ἐν
232 834 262 866 τῇ
293 829 384 867 δυσμῇ
412 841 457 857 και
477 831 688 863 πεπλησιακότος
712 836 743 869 τῇ
775 833 877 866 ἑαυτοῦ,

60 876 107 906 εἰς
126 873 246 905 σπονδὰς
275 875 410 912 ἑτρὰπετο,
435 885 481 902 και
509 878 552 902 τὸν
581 878 701 915 πενθερὸν
723 877 804 904 αὐτοῦ
835 879 878 904 τὸν

59 919 168 946 Ῥῶσον
203 919 296 957 Οὖρον,
322 923 367 946 τοῦ
393 921 473 957 ῥηγὸς
510 921 642 957 Οὐγγρίας
686 921 730 948 ἐπί
766 923 878 959 θυγατρί

60 964 196 991 τελοῦντα
216 964 345 1002 γαμϐρὸν,
380 969 534 1001 μισιτεῡσαι
560 967 594 992 τὰ
622 966 660 997 εἰς
693 966 797 1004 εἰρήνην
836 966 878 1003 βε-

62 1008 221 1037 ϐόύλευται,
249 1011 299 1036 Καί
322 1013 415 1046 πρῶτα
440 1011 485 1046 μὲν
512 1010 608 1037 ἔστειλε
645 1011 771 1045 πρέσϐεις
811 1013 878 1050 πρὸς

61 1055 114 1080 τὸν
146 1052 261 1089 βασιλέα
285 1057 556 1090 προοικονομήσοντας
575 1057 622 1084 τὴν
647 1055 682 1087 εἰς
719 1056 795 1082 αὐτὸν
831 1060 877 1082 τοῦ

64 1097 161 1135 Οὔρου
178 1097 264 1134 ἄφιξιν
276 1098 323 1130 ἔξω
350 1101 443 1129 πτοίας
468 1108 495 1125 τε
521 1097 586 1125 εἶναι
615 1109 660 1126 και
684 1100 791 1137 ἐντίμως
815 1103 878 1138 πρὸς

63 1145 118 1169 τοῦ
148 1141 280 1178 βασιλεως
302 1141 442 1179 δεχθῆναι.
474 1145 524 1170 Καί
548 1145 637 1179 γέγονε
664 1148 757 1179 ταῦτα,
786 1155 831 1171 και
864 1146 877 1171 ὁ

66 1184 159 1224 οὖρος
183 1186 219 1217 εἰς
244 1188 287 1213 τὸν
312 1186 424 1223 βασιλέα
453 1187 566 1224 ἀφίκετο.
584 1187 700 1224 Ἐδέχθη
717 1193 779 1225 γοῦν
805 1192 878 1227 παρὰ

66 1234 120 1257 τοῦ
146 1231 340 1269 αὐτοκράτορος
369 1231 485 1268 ἁσμένως
508 1243 535 1259 τε
563 1243 608 1259 και
636 1235 699 1270 μετά
725 1239 772 1266 τῆς
795 1245 877 1273 προσ-

68 1277 195 1308 ηκούσῃς
208 1275 397 1312 φιλοτιμήσεως
411 1287 456 1303 και
484 1277 559 1308 οὗτός
579 1287 606 1304 τε
632 1288 678 1304 και
704 1280 728 1305 οἰ
747 1280 802 1316 μετ’
832 1280 877 1306 αὖ·

69 1324 132 1353 τοῦ,
154 1331 200 1347 και
225 1323 272 1350 τὴν
297 1321 401 1359 εἰρήνην
420 1324 559 1351 πεποίηκεν
609 1322 802 1360 ἐπομοσάμενος
831 1323 876 1351 δι-

70 1367 142 1401 καίῳ
172 1374 199 1392 τε
223 1365 303 1392 αὐτοῦ
324 1376 369 1392 και
401 1370 447 1393 τοῦ
484 1366 604 1404 γαμϐροῦ
640 1368 720 1394 αὐτοῦ
746 1372 792 1395 τοῦ
826 1373 876 1395 τῶν

72 1409 231 1446 Βουλγὰρων
258 1410 395 1447 ἄρχοντος,
421 1410 583 1441 ἀπολυθῆναι
613 1413 659 1448 μὲν
697 1414 762 1450 πρὸς
798 1413 875 1440 αὐτὸν

73 1454 190 1490 βασιλέα
202 1456 292 1486 τὸτῆς
312 1455 456 1486 Τςεποίνης
478 1456 546 1482 ἄστυ
567 1457 655 1490 (τοῦτο
682 1459 731 1495 γὰρ
756 1467 801 1484 και
828 1461 876 1494 μό-

934 620 978 636 και
1005 613 1092 637 πᾶσαν
1117 611 1198 638 ἐκεῖσε
1228 611 1321 642 συνῆξε
1346 613 1392 641 τὴν
1427 612 1552 648 στρατιὰν
1592 610 1625 640 εὶς
1658 608 1756 638 πλῆθος

969 702 1011 727 62.
1029 699 1226 735 Bulgarorum
1238 700 1356 728 interim
1370 699 1521 736 princeps,
1538 698 1589 726 ubi
1600 698 1759 725 adversum

933 745 1083 773 Romanos
1099 744 1287 781 imperatoris
1303 753 1371 773 cum
1388 747 1448 773 tam
1458 744 1509 772 ubi
1524 743 1615 771 ubere
1627 742 1717 770 milite
1728 741 1759 769 in

933 789 1124 817 Occidentem
1140 798 1263 818 accessu
1278 789 1418 826 illiusque
1435 789 1582 817 vicinitate
1612 787 1757 824 proﬁcere

932 833 1097 870 quicquam
1112 842 1173 862 non
1194 836 1305 871 posset,
1323 834 1487 862 amicitiam
1504 836 1532 861 et
1542 832 1639 860 fcedus
1666 830 1758 868 petiit,

933 881 960 906 et
976 880 1087 906 Rosum
1102 880 1192 907 Urum
1209 880 1335 911 socium,
1354 879 1489 914 Ungarim
1505 878 1583 913 regis
1601 883 1755 912 generum,

932 923 1018 959 cujus
1029 924 1171 952 arbitratu
1179 924 1388 952 communibus
1401 924 1526 959 negotiis
1543 922 1756 956 consuleretur,

933 968 1074 997 destinat.
1095 969 1224 996 Primum
1240 971 1340 997 tamen
1360 969 1449 1005 legati
1481 968 1519 996 ad
1543 968 1757 1003 imperatorem

932 1013 1088 1049 praemissi,
1097 1013 1310 1049 profectionem
1318 1013 1356 1040 ad
1363 1021 1432 1041 eum
1443 1013 1488 1040 Uri
1495 1034 1500 1044 ,
1508 1014 1539 1040 ut
1548 1012 1663 1047 absque
1673 1009 1759 1037 timo-

898 1053 917 1080 Β
932 1065 963 1084 re
978 1059 1064 1089 esset,
1082 1057 1154 1094 quin
1170 1057 1258 1085 etiam
1272 1059 1302 1085 ut
1312 1057 1360 1085 ille
1380 1056 1540 1084 houoriﬁce
1561 1055 1756 1090 exciperetur,

932 1104 1113 1138 praeparant.
1128 1103 1160 1129 Et
1175 1101 1307 1138 profecto
1318 1102 1358 1130 ita
1373 1109 1403 1129 se
1416 1109 1465 1129 res
1478 1100 1593 1132 habuit,
1625 1101 1654 1126 et
1681 1099 1757 1126 Urus

932 1146 971 1174 ad
984 1147 1194 1182 imperatorem
1210 1154 1242 1174 se
1257 1145 1390 1174 contulit.
1411 1147 1478 1182 lpse
1491 1148 1519 1173 et
1546 1143 1595 1172 alii
1607 1142 1659 1180 qui
1688 1149 1757 1170 cum

932 1199 968 1219 eo
983 1193 1180 1226 accesserant,
1195 1190 1403 1218 lubentissime
1419 1191 1447 1218 et
1461 1189 1569 1217 debitis
1591 1186 1756 1216 honoribus

932 1236 971 1264 ab
987 1236 1165 1272 imperatore
1179 1235 1347 1263 aﬂiciuntur
1360 1244 1366 1268 ;
1377 1242 1471 1271 quare
1481 1242 1534 1261 suo
1544 1236 1572 1261 et
1581 1232 1681 1268 generi
1695 1231 1757 1259 Bul-

932 1288 1073 1317 garorum
1081 1280 1222 1316 principis
1226 1280 1236 1315 j
1243 1287 1293 1307 ure
1303 1281 1324 1315 1
1331 1279 1388 1315 35
1400 1280 1489 1307 etiam
1498 1277 1696 1314 jurejurando
1707 1283 1758 1312 pa-

932 1333 996 1352 cem
1012 1324 1152 1358 firmavit,
1164 1332 1196 1351 ea
1209 1324 1379 1352 conditione
1398 1326 1430 1351 ut
1442 1325 1592 1358 Tzepaanze
1608 1320 1756 1357 oppidum

931 1368 1028 1396 solum
1040 1376 1075 1396 ex
1092 1368 1135 1402 iis,
1143 1368 1199 1395 sub
1207 1368 1320 1395 ditione
1330 1367 1452 1395 Joannis
1464 1366 1652 1402 imperatoris
1661 1367 1756 1397 erant,

931 1420 949 1441 a
955 1412 1087 1447 Bulgaris
1094 1415 1157 1440 tum
1167 1415 1348 1448 occupatum
1357 1411 1528 1447 imperatori
1541 1411 1755 1442 restitueretur,

930 1458 1090 1494 imperator
1104 1456 1166 1484 vice
1182 1464 1269 1485 versa
1279 1456 1440 1484 amicitiam
1453 1458 1481 1483 et
1489 1463 1594 1491 pacem
1611 1462 1679 1482 cum
1695 1453 1758 1481 Bul-

72 1509 117 1526 νον
128 1501 201 1536 παρὰ
215 1504 265 1526 τῶν
291 1500 442 1537 Βουλγὰρων
467 1503 605 1537 κατείχετο
632 1501 674 1538 ἀφ’
700 1502 734 1528 ὢν
763 1503 776 1528 ὁ
796 1502 875 1540 βασι-

969 1503 1012 1530 ris
1028 1502 1223 1536 continuaret,
1240 1504 1268 1529 et
1282 1503 1407 1537 uterque
1433 1500 1566 1536 antiquis
1592 1498 1757 1526 conﬁnium

72 1543 265 1575 λιὺςἹωὰννης
280 1544 403 1581 ἐκράτει),
431 1545 533 1582 εἰρήνην
563 1555 591 1572 τε
615 1548 680 1584 πρὸς
707 1549 768 1579 τοὺς
797 1547 875 1574 Βουλ-

74 1590 175 1625 γὰρους
187 1590 257 1625 ἔχειν
267 1591 311 1616 τὸν
324 1589 446 1626 βασιλέα,
476 1592 520 1617 καί
548 1590 655 1628 έκὰτεροι
676 1593 709 1617 τὰ
735 1594 799 1630 μέρη
822 1596 876 1624 τοῖς

75 1633 241 1670 παλαιτεροις
269 1635 351 1671 ὁρίοις
382 1634 529 1671 ἀρκεῖσθαι.
570 1635 640 1662 Ἐπεί
674 1640 737 1672 γοῦν
779 1638 877 1663 οὓτωσί

77 1681 153 1705 ταυτί
178 1680 247 1705 κατὰ
267 1681 372 1716 γνώμην
393 1679 539 1707 τετέλεσται
562 1685 598 1716 τῷ
625 1686 774 1717 κρατοῦντι,
797 1683 809 1708 ὁ
833 1683 877 1718 μὲν

79 1721 164 1760 οὖρος
176 1726 236 1755 τοὺς
265 1728 313 1754 τῆς
337 1723 532 1761 ἆπεχωρήσεως
558 1725 662 1757 ἐξειπὼν
696 1726 788 1762 λόγους
809 1727 878 1764 ἐξῃει

80 1767 224 1805 βασιλικῶν
236 1771 411 1806 χαρισμάτων
422 1772 511 1805 τυχὼν
525 1771 568 1806 (τὰ
591 1769 618 1796 δ’
647 1769 714 1800 ἦσαν
736 1771 773 1802 εἱς
794 1773 877 1798 εἴκοσι

78 1811 206 1848 χιλιάδας
249 1812 463 1850 ἀποριθμοὺμενα
495 1814 614 1841 ἁπὰντων
655 1819 875 1853 συνεισαγομένων

79 1855 163 1891 εἱδῶν,
190 1858 273 1884 ἵππων
301 1867 329 1884 τε
358 1868 403 1885 και
427 1859 584 1895 ὑφασμάτων
613 1869 658 1886 και
682 1860 799 1895 ξοιπῶν),
827 1862 840 1887 ὁ
869 1859 899 1887 δὲ

79 1906 127 1933 τῆς
139 1902 283 1933 Τζεπαίνης
295 1904 436 1940 περιμένων
451 1903 587 1931 ἀπόλυσιν.

115 1946 160 1983 ξγ’.
178 1947 326 1984 Συμϐἓϐηκε
339 1949 363 1966 ⁵ο
379 1946 409 1974 δὲ
424 1958 449 1974 τι
469 1947 493 1974 ἐν
505 1950 606 1979 τούτοις
630 1953 666 1984 τῷ
690 1951 747 1976 τότε
768 1952 878 1986 πρᾶγμα

84 1993 237 2028 θαυμάσιον,
264 1995 367 2028 μνήμης
393 2002 438 2018 και
467 1993 583 2030 ἱστορίας
604 1994 686 2025 οἰξιον.
713 1994 810 2031 Ἡμέρα
848 1993 878 2023 ἦν

83 2040 128 2062 τῶν
152 2036 279 2072 ἐπιφανῶν
307 2046 333 2063 τε
357 2046 402 2063 και
427 2036 585 2074 ἑορτασίμων
614 2038 672 2064 καθ’
703 2039 733 2068 ἦν
757 2041 805 2068 τὴν
832 2041 878 2064 τοῦ

83 2085 195 2118 Χριστοῦ
224 2084 425 2119 μεταμορφωσιν
438 2083 463 2108 οἱ
486 2082 601 2114 εὐσεϐεῖς
627 2083 804 2120 ἱορτὰζομεν·

85 2124 202 2153 institi“
221 2136 266 2152 και
297 2125 363 2163 ἀμφί
388 2129 435 2156 τὴν
465 2128 534 2163 ἱερὰν
564 2131 762 2164 μυσταγωγίαν,
787 2129 822 2159 ὡς
849 2129 876 2154 τὸ

85 2171 177 2204 εἰωθὸς,
189 2174 309 2208 παρεῖναι
321 2173 365 2197 τὸν
382 2170 504 2207 βασιλὲα,
535 2172 568 2201 εἰς
591 2172 684 2209 ἀργίαν
708 2173 721 2198 ὁ
747 2177 793 2198 τοῦ
822 2172 877 2209 ἀρί-

88 2217 289 2252 στουπαρετέὠη
321 2218 421 2253 καιρός,
451 2216 648 2253 Ἠριστήσαμιν
672 2221 734 2252 γοῦν
755 2227 801 2243 και
834 2217 877 2243 αὖ·

87 2269 134 2295 τοι,
148 2270 193 2286 και
206 2262 299 2297 μικρὸν
314 2270 340 2286 τι
366 2259 575 2292 καθευδὴσαντες
605 2261 764 2298 ἀνηγέθημεν
791 2272 797 2278 ·
823 2260 877 2291 ἤδη

89 2303 150 2330 δὲό
181 2304 253 2335 ἣλιος
282 2309 318 2340 τῷ
342 2305 457 2343 ὁρίζοντι
480 2307 645 2342 προσήγγιζὲ
682 2311 729 2338 τῆς
763 2305 876 2342 δυσμῆς.

88 2349 158 2380 Ἐθος
179 2348 209 2376 δε
237 2350 343 2387 ὑπῆρχε
361 2353 397 2385 τῷ
422 2349 529 2386 βασιλεῖ
550 2353 608 2387 πιρὶ
648 2349 735 2379 δείλην
768 2351 878 2388 ἑσπέραν

833 2093 879 2109 και

896 2149 916 2175 D

931 1548 1065 1576 terminis
1078 1546 1287 1575 contineretur.
1305 1545 1357 1573 Ubi
1373 1553 1420 1573 res
1433 1552 1488 1581 pro
1503 1544 1648 1572 arbitratu
1661 1543 1757 1579 impe-

931 1592 1037 1621 ratoris
1053 1591 1205 1623 successit,
1217 1592 1292 1619 Urus
1305 1590 1342 1617 de
1366 1589 1463 1617 reditu
1485 1596 1624 1616 sermone
1649 1587 1757 1616 collato

932 1637 1082 1673 egreditur
1088 1635 1287 1672 imperatoriis
1294 1634 1469 1662 muneribus
1477 1636 1593 1661 auctus.
1602 1634 1710 1660 Eorum
1719 1631 1758 1660 ad

931 1680 1145 1717 vigintimillia,
1156 1680 1180 1707 si
1191 1679 1386 1708 denariorum
1395 1686 1485 1707 omne
1497 1686 1602 1714 genus,
1610 1684 1757 1713 equorum

931 1726 1002 1754 item
1018 1733 1053 1754 ac
1063 1725 1208 1753 textilium
1222 1727 1250 1752 et
1265 1724 1401 1756 aliorum,
1428 1723 1459 1751 in
1489 1731 1581 1750 unum
1606 1721 1755 1756 conferas,

933 1778 1053 1798 summa
1060 1769 1205 1798 ascendit.
1214 1770 1530 1805 lmperatorTzepaenm
1541 1766 1758 1795 restitutionem

932 1817 1110 1852 exspectans
1130 1814 1250 1849 Regina:
1265 1813 1473 1842 cunctabatur.

932 1860 1056 1897 βασιλεύς
1080 1857 1239 1896 διεκαρτέρει
1266 1858 1290 1884 ἐν
1318 1862 1353 1894 τῷ
1379 1862 1425 1888 τῆς
1451 1857 1569 1893 Ῥηγίνης
1593 1858 1674 1891 νόπῳ,
1709 1856 1758 1883 τὴν

969 1951 1013 1977 63.
1028 1950 1080 1976 Per
1094 1947 1124 1975 id
1132 1949 1250 1983 tempus
1261 1955 1307 1975 res
1315 1946 1437 1983 quidem
1444 1946 1524 1974 dictu
1535 1946 1612 1973 mira
1624 1943 1756 1978 contigit,

933 1994 1026 2028 digna
1040 2001 1107 2029 quae
1123 1992 1280 2020 hominum
1291 1991 1446 2019 memoriae
1458 1990 1639 2019 ethistoricis
1654 1996 1759 2016 monu-

933 2038 1040 2066 mentis
1056 2036 1292 2065 commendetur.
1316 2036 1382 2064 Dies
1411 2038 1475 2063 erat
1494 2034 1636 2063 solemnis
1665 2035 1693 2060 et
1722 2040 1758 2059 ex

933 2082 1154 2111 celebrioribus.
1186 2089 1247 2117 quo
1274 2080 1378 2108 Christi
1404 2079 1683 2116 tansiigurationem
1716 2076 1759 2112 pii

934 2135 990 2155 nos
1004 2127 1190 2154 celebramus
1205 2135 1211 2159 ;
1228 2127 1256 2153 et
1271 2133 1339 2152 cum
1350 2133 1434 2152 sacro
1447 2123 1609 2157 audiendo,
1622 2125 1654 2150 ut
1664 2122 1757 2149 moris

934 2175 1005 2205 erat,
1022 2174 1184 2207 imperator
1197 2170 1302 2198 adesse
1318 2170 1448 2203 deberet,
1466 2170 1496 2197 in
1518 2169 1575 2197 diei
1602 2175 1758 2203 vesperam

933 2217 1094 2254 prandium
1105 2216 1230 2243 dilatum
1243 2217 1295 2242 est.
1312 2214 1487 2242 Prandimus
1494 2218 1520 2242 et
1531 2212 1758 2249 ipsi,paulisper

934 2261 1153 2295 obdormimus,
1169 2260 1238 2288 dein
1258 2267 1366 2287 somno
1381 2259 1543 2294 experrecti
1557 2257 1756 2292 assurgimus,

933 2314 1003 2333 cum
1021 2305 1065 2332 sol
1082 2313 1113 2332 se
1124 2305 1153 2332 in
1170 2312 1313 2332 occasum
1325 2303 1530 2340 praecipitaret.
1549 2304 1688 2331 Sueverat
1704 2301 1757 2328 im-

933 2352 1052 2387 perator
1063 2350 1150 2377 nimis
1164 2357 1230 2377 sero
1240 2349 1409 2385 ineq'iitans
1420 2348 1590 2375 universum
1601 2346 1757 2374 circumire

121 2394 193 2437 “Mli
217 2402 223 2421 :
246 2393 365 2437 Ὀᾓγοῡν
391 2399 440 2420 τῶν
467 2394 627 2437 Βρυλγάρνυν,
643 2396 733 2432 ἅρχων
757 2398 840 2436 ’πτοία
867 2395 970 2431 ληφθείς
994 2395 1031 2437 εἰς
1059 2392 1336 2437 σπονδὰςοέτρὰπετο,
1370 2403 1414 2418 κοιι
1451 2394 1494 2418 τὸν
1533 2393 1641 2433 πενυθρόν
1669 2391 1757 2431 ,αὐτοῦ

87 2431 132 2473 τρι
153 2429 244 2472 ῖξὼσον
273 2429 372 2473 (ξᾷοονἸ
399 2434 445 2473 1:013
480 2429 572 2471 ῥηγὸς’
591 2429 723 2473 Οὒγηγρίας
823 2429 934 2468 θυγατρί
966 2430 1086 2473 τελοῦντα
1120 2429 1255 2466 γαμϐρὸν,
1289 2430 1442 2465 μεσὶτεῠσαι
1477 2429 1520 2469 ¹τὰς
1573 2429 1598 2453 ἐν

1654 2429 1757 2463 εἰρήνην

89 2464 258 2506 βεϐούλευται.
281 2468 337 2506 ’Καί
362 2466 374 2506 (ξ
404 2464 485 2502 Οὖρος
503 2464 538 2496 εἰς
554 2469 607 2506 κτὸν
634 2464 749 2503 βασιλέα
772 2464 889 2506 ᾁφίκετο,
907 2464 963 2492 ’και
986 2465 1085 2502 ἐδέχθη
1110 2464 1305 2501 προσήκοντως,
1332 2474 1377 2490 και
1401 2467 1455 2505 τὴν³
1473 2464 1575 2500 εἰρήνην
1606 2465 1754 2495 πεποίηκεν,

87 2511 128 2540 και
151 2503 260 2540 ὧμοσινᾼ
275 2498 507 2540 ᾲπολιιθῆναίτήν
531 2498 672 2533 Τξέπαιναν
698 2513 742 2540 και
767 2498 931 2539 ἐκᾶτερα’τὰ
960 2498 1108 2540 reﬁgunt-oi;
1130 2498 1298 2540 ’παλαιτέροις
1331 2501 1412 2537 ὁρίοις
1445 2498 1592 2536 ἀρκεῖσθαι.

88 2535 319 2574 εἴκοσιχιλικάᾇας
333 2536 477 2574 βασιλικῶν
490 2539 688 2574 χαρισμάτωνὸ
704 2537 786 2574 Οὗρος
812 2535 899 2574 τυχὼν
923 2535 1000 2574 ἐξῄειξ
1026 2537 1055 2563 Ὀ
1080 2535 1109 2563 δὲ

1638 2499 1688 2523 Καί
1733 2499 1743 2523 ε

1134 2508 1298 2537 παΑαιτεροις
1331 2509 1412 2537 οριοις
1445 2508 1592 2536 αρκεισυαι.
1638 2508 1688 2523 κιαι
1733 2508 1757 2528 ες

1134 2535 1259 2573 βασιλεὺς
1287 2535 1446 2572 διεκαρτέρει
1467 2537 1514 2565 τὴν
1538 2538 1585 2566 τῆς
1613 2533 1758 2565 Τζεπαίνης

88 2547 162 2562 εικοσι
174 2547 319 2572 χιΛικασας
333 2547 477 2573 ρασιλικων
490 2547 530 2573 γα
550 2548 665 2574 ισματων
676 2547 688 2564 ο
704 2547 786 2574 υυρος
812 2549 889 2574 τυχω·

87 2575 217 2608 περιμένων
232 2572 367 2600 ἀπόλυσιν.
407 2573 430 2590 5°
441 2547 589 2610 Συμξὲἕηκε
605 2582 697 2610 usque
706 2575 747 2602 ad
760 2578 859 2600 σκοποῦ
873 2575 889 2610 (ι

969 2548 1000 2565 ει.
1034 2547 1055 2563 υ
1080 2547 1109 2563 οε
1134 2547 1222 2573 parum

977 2576 1024 2601 125
1037 2575 1058 2601 D
1072 2573 1100 2608 4)
1113 2581 1173 2600 om.
1192 2573 1222 2599 l).

520 2652 690 2687 Theodori
715 2653 841 2687 Dousa;
866 2658 899 2686 et
922 2653 1047 2687 Leonis
1071 2651 1189 2688 Allatii
1213 2656 1314 2686 nota.

120 2733 172 2804 E31)
184 2732 398 2778 :Eplpaevixwaw
407 2733 458 2777 γὰρ
470 2734 626 2768 Gregoras,
639 2741 671 2770 p.
680 2735 725 2762 56.
745 2734 814 2762 ALL.

131 2771 171 2804 3‘2)
193 2772 214 2795 0
228 2778 273 2804 μεν
284 2778 333 2795 των
347 2768 509 2804 Βουλγαρων.
522 2770 679 2804 Gregoras,
694 2777 723 2804 ρ.
735 2771 778 2798 56.
795 2770 814 2796 Α

131 2771 171 2804 32)
184 2768 214 2795 ’0
228 2768 273 2805 μὲν
284 2772 333 2795 τῶν
347 2768 509 2807 Bonl-7019mm
522 2768 679 2804 Gregoras,
694 2777 723 2806 p.
735 2771 778 2798 ‘56.
795 2770 863 2798 ALL.
