1966 3079
228 139 294 167 1147

875 133 1016 164 GEORGII
1033 133 1265 164 ACROPOLILE

1857 130 1922 158 1148

226 202 398 236 exercitum,
412 201 442 228 in
453 200 539 236 cujus
554 199 673 229 conﬁne
694 207 816 236 aequum
845 198 1005 236 paululum
1032 206 1048 226 e
1069 199 1091 227 Α
1106 198 1251 234 ἄποχεῖσθα

1106 198 1262 234 ἔποχεῖσθαι
1286 200 1331 224 καὶ
1356 198 1460 234 σύμπαν
1487 194 1644 234 διέρχεσθαι
1667 197 1696 222 τὸ
1712 192 1925 232 στρατόπεδον,

226 246 347 283 planitie
358 247 567 280 assurgentem
591 245 691 273 locum
718 244 890 277 ascendere,
920 243 1050 279 indeque

226 292 399 319 universum
415 290 574 318 exercitum
590 289 725 322 lustrare,
743 297 833 325 quem
851 299 864 313 «
889 288 993 316 urbem
1019 296 1050 316 se

226 337 395 362 moventem
412 337 595 370 craterasque
603 333 678 361 alias
687 335 838 361 Romanas
850 333 938 361 urbes
953 334 1050 360 tutan-

226 380 284 405 tem
302 389 315 402 ιι
328 378 464 406 nominat
485 387 492 411 ;
512 378 631 414 hocque
658 378 698 406 ita
731 377 871 414 patrabat
895 377 1047 413 continuo,

230 422 316 458 136
336 424 364 450 et
393 422 459 451 licet
483 430 651 459 vesperugo
678 423 708 450 in
733 430 875 450 occasum
902 429 966 450 sese
994 422 1049 450 im-

226 469 381 502 mergeret,
398 467 461 503 ipse
475 467 669 495 nihilominus
682 467 712 494 id
731 467 810 494 idem
827 474 924 502 neque
950 467 1050 502 segnis

225 511 396 548 praestabat.
423 511 592 539 Castrorum
626 511 815 539 intervallum
848 511 1051 547 quadraginta

227 555 394 591 stadia,nisi
401 555 484 584 etiam
491 555 578 592 plura
584 555 695 584 addere
703 556 840 589 velimus,
859 555 1048 592 exaequabat.

227 599 288 635 Ego
303 600 412 636 itaque,
430 601 488 628 Deo
501 603 572 628 tunc
583 601 656 628 mihi
682 601 767 634 irato,
797 601 987 637 imperatoris
1005 602 1048 629 ni-

226 644 321 672 mium
328 653 475 673 amansac
482 645 617 678 stolidus,
625 645 675 673 ubi
683 645 893 681 imperatorem
899 653 977 682 equo
983 645 1048 673 vehi

227 689 339 725 accepi,
354 689 385 717 in
400 689 513 718 mulam
529 698 655 726 propere
671 689 780 718 saliens
795 692 933 718 contento
960 698 1049 718 cursu

226 734 383 770 sequebar,
405 734 546 771 temporis
565 735 812 771 inopportunum,
839 735 920 772 quod
946 736 1049 772 utique

226 779 386 813 debebam,
407 780 531 808 minime
556 781 758 817 conspicatus.
787 782 949 817 Imperator
970 789 1048 818 equo

226 827 328 852 vectus
337 833 459 853 cursum
468 833 583 861 rapere.
593 825 663 853 Mox
675 834 723 854 me
734 825 968 863 subsequentem
977 834 1048 855 con-

227 868 356 904 spiciens
373 870 472 897 cursui
489 869 646 906 imparem.
676 871 853 907 suspicatus,
880 871 904 899 si
930 871 1050 907 longius
1065 880 1084 907 Β

226 912 292 948 ipse
306 914 506 949 processisset,
524 922 585 942 non
610 917 794 950 secuturum,
818 915 901 949 dixit,
918 926 932 940 α
962 916 1048 950 Cave,

227 965 348 985 cursum
360 958 525 991 contineas,
542 967 666 994 sequere
696 962 795 988 tamen
821 960 1049 989 commodius.»

226 1001 276 1029 Ille
288 1001 318 1029 in
334 1005 419 1031 sueta
430 1003 484 1031 sibi
500 1003 566 1031 loca
581 1003 739 1031 advehitur
753 1013 759 1032 :
772 1012 911 1040 proceres
935 1013 970 1033 ac
996 1005 1051 1033 viri

225 1045 354 1074 illustres
368 1047 480 1075 itineris
490 1048 622 1081 comites,
637 1047 819 1084 quibuscum
835 1051 863 1076 et
888 1049 951 1085 ipse
977 1057 1049 1078 con-

225 1098 378 1124 veneram,
396 1092 528 1128 undique
537 1100 606 1120 eum
618 1093 818 1128 constipantes
828 1092 957 1120 adstant.
969 1094 1050 1121 Tunc

226 1134 400 1170 imperator,
418 1147 431 1160 ‹‹
447 1136 655 1170 Cognovistine
671 1145 696 1169 ›,
713 1136 818 1172 inqutt,
831 1147 844 1161 «
869 1145 936 1172 quae
960 1137 1048 1164 nobis

226 1186 323 1214 nuper
333 1179 469 1207 nuntiata
480 1182 548 1207 sunt
562 1180 576 1207 ?
592 1181 682 1213 nNos,
696 1192 704 1204 ι
717 1180 842 1213 Minime,
854 1180 1048 1216 imperator,»

225 1222 366 1250 diximus.
376 1223 575 1259 Etimperator
583 1232 593 1251 .'
601 1236 614 1248 «ι
623 1224 750 1256 Quidam
758 1227 825 1252 ante
834 1225 1049 1260 paucissimum

227 1269 345 1302 tempus
370 1267 543 1300 adveniens,
569 1268 650 1304 quod
676 1277 749 1296 sane
777 1269 866 1297 nobis
903 1269 1047 1306 displicet,

224 1312 382 1346 nuntiavit,
398 1313 508 1340 Rosum
522 1314 612 1341 Urum
626 1312 714 1341 nobis
725 1313 827 1341 fucum
838 1313 951 1342 fecisse.
967 1315 1050 1343 Lucri

226 1356 306 1384 enim
319 1364 411 1384 causa
421 1357 480 1385 huc
489 1357 610 1385 veniens
620 1366 724 1394 pacem
737 1358 945 1392 etamicitiam,
955 1367 1049 1396 quam

224 1398 301 1427 inter
316 1408 369 1428 nos
397 1403 426 1428 et
454 1400 599 1436 BulgarOS
626 1402 785 1430 meditatus
812 1405 866 1436 est,
893 1403 995 1432 fefellit
1022 1406 1051 1432 et

223 1444 378 1480 pejeravit.
391 1446 594 1482 Quaecumque
605 1455 676 1482 ergo
687 1448 850 1483 attentavit,
867 1447 954 1476 fucus
968 1448 1050 1476 fuere

224 1478 312 1526 atque
327 1490 456 1519 fallacia.
474 1493 531 1519 Nec
544 1478 621 1520 male
638 1478 764 1528 compta
775 1492 815 1520 illi
830 1478 987 1529 responsio
1009 1493 1049 1522 ad
1065 1478 1085 1506 C

219 1534 270 1569 jus
283 1534 572 1571 deeritviolandum,
604 1537 801 1572 Bulgarorum
832 1545 941 1574 nempe
971 1538 1050 1574 prin-

223 1578 330 1614 cipem,
349 1580 413 1616 ejus
429 1589 585 1616 generum,
610 1589 717 1617 pacem
745 1582 955 1617 hujuscemodi
983 1590 1052 1610 con-

222 1622 384 1652 ditionibus
418 1627 578 1654 conﬂatam
607 1634 669 1654 non
687 1626 827 1662 recipere.
857 1626 934 1660 Quid
964 1627 1051 1655 vobis

222 1667 339 1696 videtur
357 1670 372 1697 ?
385 1671 532 1698 Verumne
543 1673 587 1698 est
601 1670 669 1706 hoc,
683 1679 721 1699 an
735 1671 860 1699 verbum
875 1679 893 1699 a
906 1671 1051 1699 mendace

221 1713 384 1741 conﬂatum
396 1714 410 1742 ‘2
427 1726 440 1739 ››
458 1716 490 1742 Et
501 1723 566 1748 nos,
579 1726 593 1739 «
608 1715 796 1751 Neutiquam,
810 1715 939 1743 dicimus
953 1723 1052 1744 sermo

223 1765 310 1785 verus
325 1766 407 1785 essse
421 1759 554 1786 videtur:
567 1759 691 1787 omnino
712 1767 842 1795 namque
858 1759 949 1788 falsus
965 1760 1047 1796 137

223 1804 268 1828 est
277 1805 367 1838 atque
381 1802 519 1830 incertus.
536 1805 669 1839 Namque
681 1804 775 1831 Rosus
787 1805 861 1832 Urus
879 1812 939 1832 non
951 1813 1005 1840 pro
1021 1813 1051 1833 se

223 1845 291 1882 ipso
306 1847 408 1879 modo,
427 1847 479 1875 sed
500 1850 528 1876 et
555 1855 610 1884 pro
636 1855 746 1882 genero
776 1856 830 1876 suo
856 1848 1050 1883 Bulgarorum

224 1891 357 1927 principe
369 1891 489 1927 juravit.
507 1895 542 1920 At
553 1900 689 1928 quonam
704 1892 796 1920 modo
811 1893 841 1920 id
856 1893 920 1921 ﬁeri
942 1896 1049 1930 potest,

223 1935 369 1963 hominem
377 1936 572 1964 Christianum
580 1936 629 1964 tali
638 1945 668 1965 se
675 1937 805 1973 perjurio
812 1937 1050 1966 dedecorasse?»

225 1980 258 2007 Et
269 1979 450 2015 imperator:
471 1991 486 2008 ‹
499 1981 697 2010 Pecuniarum
714 1982 847 2010 fortassis
871 1983 998 2011 aviditas
1020 1983 1050 2011 in

226 2023 321 2052 simile
337 2032 405 2052 cum
422 2025 567 2060 ﬂagitium
584 2027 736 2054 conduxit.
751 2028 784 2054 Et
799 2035 854 2055 nos
868 2035 965 2064 neque
980 2027 1050 2055 Bul-

224 2076 367 2104 garorum
383 2070 514 2098 amicitia
524 2070 662 2106 fruimur,
676 2073 704 2099 et
720 2074 833 2100 tantam
855 2080 1050 2100 nummorum

224 2114 284 2142 vim
293 2115 456 2147 incassum.
469 2116 679 2151 projecimus,»
695 2118 843 2150 «Nonest,
862 2127 874 2141 ιι
891 2117 1050 2145 subdimus

225 2166 292 2191 nos,
310 2169 320 2183 ι
337 2167 398 2186 non
411 2162 454 2187 est
467 2160 524 2188 hoc
537 2161 650 2189 veritati
662 2169 840 2195 consonum,
851 2162 1024 2198 imperator.
1034 2172 1048 2186 ››

224 2203 432 2239 Etimperator
447 2205 485 2233 ad
502 2213 549 2233 me
565 2206 753 2241 potissimum
768 2214 949 2234 conversus:
966 2219 980 2232 ‹‹
1008 2208 1050 2235 Tu

224 2254 296 2275 vero
311 2247 384 2284 quid
396 2248 433 2276 ad
449 2249 513 2277 haec
528 2250 594 2278 ais?
610 2261 623 2275 ››
635 2251 708 2278 Tum
725 2250 800 2286 ipse:
813 2261 826 2275 ι(
844 2252 906 2278 Non
915 2250 998 2278 aliter
1013 2251 1050 2280 de

224 2293 382 2329 hisiudico
395 2302 401 2322 :
414 2294 541 2323 aliorum
553 2296 690 2332 approbo
700 2295 887 2330 sententiam,
899 2296 1050 2324 fraudem-

224 2346 284 2375 que
299 2347 363 2367 esse
376 2347 469 2375 quam
485 2341 650 2368 maximam
664 2341 764 2376 potius
779 2348 873 2376 quam
885 2342 1049 2378 veritatem,

225 2384 306 2420 quod
320 2384 536 2417 circumfertur,
546 2386 695 2413 existimo.
708 2386 815 2414 Verum
828 2385 953 2422 si,quod
960 2387 1050 2415 etiam

224 2428 388 2465 aliquando
400 2430 430 2458 in
447 2430 599 2458 nonnullis
614 2429 748 2458 accidere
761 2430 845 2464 solet,
863 2432 938 2459 Urus
951 2439 1051 2460 sacra-

223 2476 360 2502 mentum
376 2474 508 2509 violavit,
528 2474 626 2508 nobis,
639 2476 671 2502 ut
690 2474 755 2511 ipse
777 2475 967 2512 opinabatur,
997 2476 1052 2504 im-

223 2526 351 2555 ponens,
368 2522 500 2547 attamen
512 2520 627 2547 Numen
639 2519 705 2555 ipse
717 2519 773 2547 sibi
785 2520 904 2554 iratum,
916 2529 971 2549 nos
980 2529 1051 2549 vero

224 2562 254 2592 id
265 2571 317 2601 pro
327 2563 414 2591 nobis
428 2563 501 2600 ipsis
512 2563 811 2602 veritatejustitiaque
822 2565 887 2602 ipsa
894 2565 1051 2594 decertans

1105 245 1150 269 ιιαὶ
1167 242 1234 280 ἀμφὶ
1250 244 1279 269 τὸ
1295 244 1386 269 τούτου
1405 244 1488 280 τέρμα
1502 241 1539 272 εἰς
1558 244 1637 268 τόπον
1664 240 1841 277 ἀγχώμαλον
1872 249 1926 269 πως

1105 287 1224 314 τελοῦντα
1250 289 1296 314 καὶ
1327 289 1420 324 μικρὸν
1445 287 1672 323 ὑπερανεστηκοτα
1696 290 1742 316 τῆς
1779 283 1928 314 πεδιάδος

1105 331 1274 369 ἀνέρχεσθαι,
1287 333 1330 368 [Ρ.
1344 332 1388 368 70]
1404 333 1449 358 καὶ
1471 332 1517 361 τὴν
1548 331 1608 360 ὅλην
1623 332 1735 368 καθορᾴν
1766 331 1928 366 στρατιάν,

1105 376 1135 406 ἣν
1154 379 1199 403 καὶ
1223 376 1298 403 πόλιν
1322 378 1474 412 κινουμένην
1500 376 1558 412 (33)
1587 375 1713 412 ὠνόμαζε,
1742 384 1849 406 πασας
1882 376 1928 405 τὰς

1103 422 1247 458 Ῥωμαίχὰς
1264 421 1340 452 ἄλλας
1370 421 1455 452 πόλεις
1474 420 1665 458 φυλάττουσαν.
1692 423 1777 447 Τοῦτο
1813 418 1853 446 δί
1885 419 1929 445 οὗ·

1103 476 1154 498 τως
1170 466 1251 493 ἰποίει
1278 464 1412 500 διηνεκῶς,
1440 468 1484 492 καὶ
1515 465 1527 491 ὁ
1554 468 1691 503 φωσφόρος
1715 463 1745 491 δὲ
1767 466 1854 502 εἰπερ
1885 474 1929 490 τον

1105 509 1211 537 δυτιιιόν
1223 508 1344 537 εἰσδῦναι
1359 510 1480 548 ὁρίζοντα
1493 509 1602 546 ὶμελλεν,
1618 510 1647 536 οὗ
1673 512 1805 535 κατώκνει
1843 513 1928 535 τοῦτο

1104 555 1272 592 ἕργάξεσθαι.
1292 557 1327 582 Τὸ
1344 553 1373 581 δὲ
1397 558 1443 581 τοῦ
1471 553 1648 592 στρατοπέδου
1675 552 1824 590 διάστημα
1856 552 1928 590 ἀμφὶ

1104 601 1197 626 πουτά
1209 601 1406 636 τεσσαράκοντα
1429 597 1528 626 στάδια
1551 599 1591 634 ἦν,
1609 599 1631 626 ιί
1651 601 1687 635 μὴ
1710 608 1741 634 γε
1761 602 1814 625 καὶ
1844 600 1926 636 πρὸς.

1102 643 1204 680 Ἔγωγε
1217 642 1261 670 οὖν
1273 643 1320 670 οὖκ
1336 644 1420 681 ἀγαθῇ
1437 646 1494 670 τότε
1509 644 1580 680 τὺχῃ
1605 645 1776 681 χρησάμένος
1793 644 1808 669 ὁ
1849 643 1925 679 φιλο-

1103 689 1224 721 ϐασιλιὺς
1239 699 1267 716 κε
1297 691 1342 715 καὶ
1365 690 1485 726 μάταιος,
1518 690 1678 725 πεπυσμένος
1702 688 1822 717 ἱππότην
1854 687 1925 714 εἰναι

1102 735 1145 761 τὸν
1169 733 1290 770 βασιλέα,
1304 737 1349 764 τῆς
1375 735 1485 770 ἡμιόνου
1512 735 1544 764 ὡς
1580 731 1653 769 εἶχον
1681 734 1785 769 τάχους
1817 731 1920 763 ἐπιϐὰς

1104 776 1231 816 δρομαῖος
1255 778 1396 815 ἰφειπόμην
1423 778 1505 814 αὐτῷ,
1530 777 1559 804 οὐ
1581 779 1609 804 τὸ
1638 781 1683 808 τῆς
1719 777 1790 813 ὧρας
1827 776 1919 813 ἄωρον

1102 824 1292 857 κατοπτεύσας,
1309 823 1369 861 ὅπερ
1400 821 1465 850 ἔδει.
1499 822 1550 859 Ἐφ’
1580 822 1660 849 ἳππου
1685 820 1715 848 δί
1737 823 1751 848 ὁ
1779 821 1919 858 βασιλεὺς

1104 867 1192 898 ίπιϐἀς
1207 869 1351 905 ταχύτερον
1376 867 1518 905 ὶπορεύετο,
1546 870 1580 898 ὡς
1605 865 1634 894 δι
1660 865 1713 894 εῖδὶ
1738 877 1770 903 με
1797 869 1920 893 κατόπιν

1103 911 1184 939 αὗτοὺ
1211 915 1246 949 μὴ
1280 911 1421 948 δυνάμενον
1443 912 1530 948 ἐκείνῳ
1566 913 1734 944 ονυνὶπεσθαι,
1769 911 1920 938 ὑπολαϐὼν

1104 959 1140 994 μὴ
1156 967 1209 988 πως
1227 959 1361 994 μαχρύνας
1384 957 1437 993 οὐχ
1468 957 1576 994 ἕψομαι,
1610 957 1707 994 εἰρήκει
1723 966 1781 993 μοι,
1803 967 1820 983 ς
1838 954 1920 985 Μηδ¹

1105 1002 1168 1034 ὅλως
1192 1001 1358 1038 ἀπολειφθῇς,
1383 1001 1448 1028 ἀλλὰ
1472 1004 1518 1028 καὶ
1547 1001 1733 1039 σχολαιότίρον
1762 1003 1867 1038 ἔρχου.
1903 1011 1919 1025 ιι

1104 1046 1197 1083 Ἀπῄει
1215 1050 1278 1082 γοῦν
1291 1047 1327 1077 εἰς
1339 1048 1382 1072 τὸν
1402 1048 1502 1076 συνήθη
1526 1049 1616 1082 τόπον,
1639 1048 1683 1072 καὶ
1713 1048 1762 1072 σὺν
1787 1044 1865 1081 αὐτῷ
1895 1045 1919 1071 οἱ

1105 1091 1166 1128 ἀμφ’
1192 1091 1269 1118 αὑτὸν
1292 1089 1400 1127 λογάδες
1429 1091 1604 1126 συνεστησαν,
1628 1093 1672 1117 καὶ
1711 1090 1791 1120 αὐτός
1836 1093 1919 1126 σφίσι

1105 1136 1231 1167 συνῆλθον
1260 1136 1400 1171 ἑπόμενος,
1432 1138 1477 1162 καὶ
1507 1138 1678 1174 περιέστημεν
1708 1137 1777 1162 κατά
1818 1135 1917 1162 κύκλον

1103 1182 1205 1212 πάντες.
1223 1182 1294 1208 Καὶὸ
1310 1180 1443 1217 βασιλεῦς,
1462 1190 1477 1207 ‹
1491 1181 1674 1217 Μεμαθήχατε,
1689 1190 1704 1205 ›ι
1720 1182 1800 1216 φησὶ,
1818 1191 1833 1205 ιι
1864 1184 1917 1206 τῶν

1103 1227 1262 1262 προσφάτως
1277 1225 1475 1262 ἀπηγγελμένων
1488 1225 1569 1261 ἠμῖν;
1586 1236 1600 1250 »
1624 1227 1669 1251 καὶ
1696 1225 1783 1261 ἡμεῖς,
1817 1236 1832 1250 ‹‹
1865 1226 1917 1251 05-

1103 1280 1174 1305 xow,
1189 1270 1208 1295 ὦ
1225 1269 1345 1306 βασιλεῦ,
1359 1281 1372 1295 ››
1392 1272 1442 1296 Καὶ
1456 1271 1469 1296 ὁ
1495 1269 1630 1306 βασιλευς,
1649 1280 1664 1295 α
1692 1269 1852 1306 ἓΔνθρο-ιπός
1877 1279 1919 1300 τις

1103 1316 1153 1352 πρὸ
1177 1324 1245 1346 τινος
1271 1314 1403 1352 βραχείας
1427 1314 1496 1352 ὧρας
1523 1314 1600 1341 ὶλθὼν
1629 1313 1771 1350 ἀπήγγειὶέ
1805 1324 1834 1340 τι
1865 1319 1917 1340 τῶν

1105 1359 1263 1388 ἀϐουλήτων.
1277 1361 1312 1386 Τὸ
1333 1357 1400 1389 δ’ἦν
1422 1360 1456 1390 ὡς
1487 1360 1500 1386 ὁ
1523 1359 1615 1390 Ῥὦσος
1640 1361 1724 1396 Οῡρός
1753 1360 1825 1395 ἡμᾶς
1858 1359 1917 1391 ἐξη-

1105 1405 1205 1433 πάτηκε
1219 1415 1225 1421 ·
1246 1405 1327 1440 χάριν
1342 1405 1393 1441 γὰρ
1422 1403 1532 1441 κέρδους
1555 1403 1659 1430 ἐντανθὶ
1692 1403 1836 1440 ἀφιγμένος
1868 1406 1916 1433 τὴν

1105 1451 1236 1486 μεσιτείαν
1248 1453 1292 1479 τῆς
1315 1448 1418 1485 εἰρήνης
1446 1448 1574 1484 ἐψεύσατο
1597 1451 1642 1475 καὶ
1668 1447 1789 1486 ἐπίορκον
1810 1448 1915 1484 ὤμοσε.

1106 1494 1202 1522 Φενάιιη
1219 1497 1281 1529 γοῦν
1296 1494 1402 1530 ὑπῆρχε
1420 1494 1453 1520 τὰ
1478 1494 1563 1520 πάντα
1585 1492 1670 1520 ἐκεῖνα
1697 1494 1743 1519 ὅνα
1767 1496 1914 1527 πεποίηιε,

1104 1542 1149 1565 καὶ
1173 1538 1313 1574 ἀπολογίαν
1340 1539 1483 1575 εὑὰφορμον
1509 1539 1575 1574 ἔχει,
1600 1540 1635 1570 ὡς
1661 1541 1737 1575 φασί,
1766 1540 1834 1574 πρὸς
1867 1541 1915 1567 τὴν

1105 1587 1154 1609 τῶν
1170 1584 1251 1620 ὄρχων
1268 1581 1400 1617 διάλυσιν,
1422 1584 1463 1610 ὅτι
1489 1593 1534 1620 περ
1564 1583 1577 1608 ὁ
1605 1587 1654 1609 τῶν
1683 1582 1837 1620 Βουλγάρων
1868 1584 1914 1619 αἶρ-

1105 1637 1162 1663 χων
1176 1629 1188 1653 ὁ
1204 1629 1299 1654 τούτου
1310 1627 1428 1664 γαμϐρὸς
1440 1630 1486 1657 τὴν
1510 1629 1551 1654 ἐπὶ
1584 1629 1745 1664 συμφώνίαις
1774 1629 1915 1658 τοιαύταις

1106 1672 1210 1709 εἰρήνην
1226 1672 1255 1698 οὗ
1274 1671 1464 1708 καταδὶχεται.
1476 1674 1507 1698 Τί
1521 1672 1564 1698 οὖν
1579 1673 1640 1708 ὑμῖν
1656 1670 1731 1698 δοκεῖ
1751 1681 1758 1706 ;
1783 1671 1827 1709 ἄρ’
1850 1672 1912 1701 ἀλη-

1107 1718 1148 1747 θες
1174 1716 1359 1750 έστιτοῡτο,ἣ
1388 1717 1462 1754 ῥῆμα
1489 1716 1666 1753 πεπλασμένον
1691 1719 1758 1753 πρός
1783 1715 1912 1752 ψευδολό-

1105 1770 1172 1798 γου;
1188 1772 1202 1786 »
1214 1763 1264 1788 Καὶ
1280 1762 1367 1798 ἡμεῖς,
1384 1772 1397 1786 ‹‹
1411 1760 1479 1788 Οὐδ’
1493 1760 1566 1795 ὅλως,
1583 1759 1656 1788 δοθιιί
1682 1771 1737 1792 πως
1763 1772 1778 1786 υ
1803 1761 1910 1798 ἔφαμεν,

1106 1818 1119 1831 ι(
1136 1805 1256 1836 ἀληθείας
1274 1807 1318 1831 τὸν
1337 1806 1412 1842 λόγον
1441 1806 1560 1842 ἔχεσθαι.
1594 1807 1665 1833 Θάνυ
1691 1807 1742 1843 γὰρ
1779 1808 1910 1843 τυγχάνει

1105 1848 1180 1881 οὗτος
1193 1849 1348 1886 ψευδὴςκαὶ
1367 1850 1497 1885 ἀϐέϐαιος,
1527 1852 1567 1877 ὅτι
1595 1853 1642 1889 πέρ
1668 1851 1681 1877 ὁ
1701 1850 1798 1882 Ῥῶσος
1827 1852 1910 1888 Οὗρος

1106 1895 1135 1921 οὐ
1152 1897 1227 1932 μόνον
1243 1896 1306 1931 ὑπὲρ
1332 1895 1435 1930 ἑαυτοῦ,
1460 1894 1526 1921 ἄλλά
1552 1897 1597 1921 καὶ
1624 1896 1687 1932 ὑπὲρ
1714 1895 1762 1921 τοῦ
1787 1895 1910 1934 γαμϐροῦ

1105 1940 1240 1966 αὐτοῦτοῦ
1255 1944 1304 1966 τῶν
1319 1939 1471 1976 Βουλγάρων
1494 1941 1625 1976 ἄρχοντος
1650 1940 1819 1976 ἐπωμόσατο,
1850 1945 1909 1971 Πῶς

1105 1982 1148 2010 οὖν
1168 1983 1225 2010 ἔστι
1251 1986 1361 2020 πεφυκὸς
1399 1983 1533 2021 ἄνθρωπον
1559 1986 1620 2011 ὄντα
1647 1987 1810 2022 Χριστιανὸν
1836 1985 1908 2012 ἐπιο-

1104 2031 1149 2065 κίᾳ
1159 2030 1268 2066 τοιαύτῃ
1282 2032 1450 2066 rapinam;
1470 2040 1480 2054 ι
1499 2031 1550 2056 Καὶ
1563 2030 1576 2055 ὀ
1601 2028 1736 2066 βασιλεὺς,
1770 2041 1781 2054 ι
1812 2030 1841 2057 Ἠ
1859 2035 1908 2056 τῶν

1105 2075 1250 2110 χρημάτων
1266 2072 1330 2104 ἴσως
1354 2072 1480 2109 ἐπιθυμία
1510 2075 1664 2110 παρέπεισεν
1692 2074 1723 2099 ἄν
1757 2074 1838 2100 αὑτὸν
1876 2075 1908 2104 εἰς

1105 2119 1229 2146 τοιαύτην
1256 2117 1425 2149 ἐξολισθησαι
1453 2120 1554 2146 κακίαν,
1586 2120 1636 2144 Καὶ
1662 2118 1737 2154 ἡμεῖς
1768 2119 1799 2145 οὐ
1833 2122 1908 2155 μόνον

1106 2165 1153 2192 τὴν
1176 2167 1226 2188 τῶν
1250 2162 1404 2199 Βουλγοὶρων
1433 2162 1536 2199 ἀγάπην
1569 2162 1616 2189 οὐχ
1639 2164 1744 2200 ἕχομεν¹
1771 2163 1837 2190 ἀλλά
1865 2167 1908 2190 καὶ

1106 2211 1222 2234 τοσαῦτα
1259 2207 1302 2234 ἐπὶ
1336 2212 1408 2238 κενῆς
1444 2207 1662 2244 κατηναλώκαμεν
1698 2210 1842 2244 χρήματα·
1895 2220 1907 2233 ιι

1106 2263 1120 2277 ι(
1137 2252 1278 2289 Οὐμενοῦν,
1297 2263 1311 2277 ιι
1333 2252 1409 2288 ἡμεῖς
1434 2253 1518 2289 ἔφηεν,
1533 2263 1547 2277 ι(
1576 2251 1666 2283 ἀληθὲς
1680 2255 1754 2279 τουτί
1769 2254 1902 2283 καθεστη-

1105 2307 1142 2330 xs,
1161 2296 1280 2334 βασιλεῦ.
1300 2307 1314 2321 ››
1339 2299 1389 2323 Καὶ
1411 2298 1423 2323 ό
1451 2296 1573 2334 βασιλεὺς
1603 2295 1661 2334 ἰδίᾳ
1688 2299 1733 2323 καὶ
1760 2299 1829 2334 πρὸς
1854 2299 1907 2335 ἔμε,

1106 2353 1120 2368 α
1133 2344 1165 2369 Σὺ
1177 2340 1206 2368 δὲ
1219 2343 1245 2368 τί
1259 2342 1365 2378 φάσκεις
1375 2343 1439 2379 πρὸς
1453 2345 1538 2368 ταῦτα
1553 2350 1560 2375 ς
1575 2353 1588 2366 ››
1615 2344 1665 2368 Καὶ
1697 2341 1786 2374 αὐτὸς,
1813 2354 1828 2367 ι(
1856 2345 1908 2369 Οὐ-

1104 2389 1172 2414 τωσὶ
1195 2397 1251 2418 πως
1278 2387 1379 2417 τούτοις
1403 2386 1436 2416 ὡς
1457 2389 1501 2412 καὶ
1529 2386 1553 2413 οἰ
1579 2385 1652 2412 ἄλλοι
1678 2385 1829 2423 διάκειμαι,
1865 2390 1907 2414 καὶ

1105 2431 1146 2459 επὶ
1174 2431 1238 2458 πολὺ
1264 2430 1360 2468 μᾶλλον
1387 2429 1533 2466 ψεύδεσθαι
1560 2433 1590 2457 τὸ
1617 2430 1764 2467 λελεγμένον
1793 2434 1809 2461 ἧ
1844 2432 1906 2462 «λη-

1106 2478 1187 2504 θεὺειν
1196 2478 1296 2512 οἴομαι.
1312 2477 1342 2502 Εἰ
1358 2473 1398 2506 δε,
1414 2476 1456 2502 οἵα
1469 2475 1606 2512 συμϐαίνει
1618 2477 1679 2502 ποτε
1700 2479 1745 2502 καὶ
1771 2476 1795 2502 ἐν
1821 2476 1906 2508 ἐνίοις,

1105 2521 1173 2548 χαὶό
1206 2519 1291 2558 Οὖρος
1315 2521 1406 2546 οὑτοσὶ
1434 2522 1496 2551 τοὺς
1517 2521 1609 2557 ὅρκους
1634 2520 1789 2550 ὴθετηκέναι
1817 2521 1906 2556 βεϐού·

1105 2565 1203 2601 λευται,
1234 2564 1278 2602 [Ρ.
1297 2564 1343 2601 71]
1369 2562 1446 2596 δόξας
1469 2565 1538 2602 ἡμᾶς
1566 2564 1764 2600 ἕξηπσπηχὲιαι,
1791 2564 1906 2598 ἀλλἐξει

665 2635 835 2670 Theodori
860 2637 986 2671 Dousae
1011 2642 1044 2670 et
1066 2637 1192 2671 Leonis
1218 2636 1335 2670 Allatii
1360 2641 1460 2671 notaz.

256 2698 313 2734 (33)
345 2697 421 2725 Πόλιν
454 2699 631 2735 κινουμένηνη
661 2699 696 2727 Et
742 2701 810 2727 ante
855 2699 1042 2735 Theodorum

223 2735 309 2773 anna
323 2736 485 2773 Cpmnena,
501 2733 640 2773 Aleziud.
656 2735 708 2773 lib.
723 2743 771 2773 _xiu
787 2744 793 2762 :
810 2737 860 2761 Καὶ
882 2733 913 2773 ἧν
937 2735 1043 2773 φοϐερὸν

224 2769 413 2808 θὼμᾳηὶξείνο
439 2772 469 2796 τὸ
498 2772 635 2806 σύνταγμα
659 2771 775 2808 καθαπερ
809 2780 834 2797 τι
868 2769 962 2808 Nelea};
994 2769 1044 2808 τεῖ-

222 2803 274 2841 χος
290 2803 409 2836 ἀλλήλοις
436 2803 653 2842 συνηρμοσμένοι.
679 2806 732 2834 Lib
761 2803 819 2834 'xv:
849 2809 899 2833 Καὶ
925 2805 992 2839 εἶπες
1014 2806 1044 2834 ἆν

1099 2698 1162 2726 ἰδὼν
1192 2699 1265 2726 πόλιν
1303 2701 1361 2738 τινᾲ
1398 2700 1518 2738 ἔμψυχον
1556 2702 1760 2738 πεπυργωμένην
1799 2703 1901 2738 πορεύε-

1100 2737 1162 2803 ἕθαι
1178 2737 1247 2762 κατὰ
1263 2737 1310 2766 τὴν
1332 2735 1595 2773 εἰρημένηνῖκεινην
1625 2735 1782 2773 αινουμενην
1813 2735 1902 2764 οὖντα-

1116 2782 1148 2799 ιν,
1158 2774 1227 2800 ALL.

1116 2782 1148 2799 ιν.
1158 2782 1227 2799 ALL.
