1966 3079
29 109 140 139 1149

850 106 1023 135 ANNALES'

1676 115 1744 143 H50

31 173 102 208 μὶν
140 172 216 203 οὗτος
226 173 255 199 τὸ
273 173 350 200 Ocior
377 172 436 199 καθ’
467 171 558 199 ἑαυτοῦ
572 170 703 207 πολέμιον,
732 167 807 206 ἡμεῖς

968 168 1113 198 bebimus.
1127 171 1216 199 nllaeo
1235 171 1399 208 imperator
1413 172 1502 201 eﬂ'ata
1521 174 1705 212 approbavit,
1716 179 1744 205 et

31 218 130 254 ὑπέρ
145 219 243 245 ὶαυτῶν
264 222 312 249 τῆς
331 217 452 249 άληθιὶας
470 219 515 243 καὶ
546 220 592 243 τοῦ
622 214 728 242 δικαίου
749 215 865 252 ὑπερμα-

33 263 189 298 χόμινον.
207 273 222 287 »
236 263 314 289 Ταῦτ’
333 264 446 299 εἴπομεν,
462 264 506 288 καὶ
519 262 533 287 ὁ
553 259 678 297 βασιλεὺς
707 262 761 290 τοῖς
785 258 866 294 λελεγ-

34 309 149 342 μένοις
187 311 321 344 συνῇνισι.
357 309 408 334 Καὶ
439 305 607 344 ῦποστρὶφειν
636 306 702 342 πρὸς
729 305 776 335 τὰς
802 312 867 331 σκη-

32 353 102 383 νὰς
140 351 339 388 ἐφωρμήκαμσν.
371 351 418 384 νὺξ
449 352 500 388 γὰρ
533 348 598 380 ἤδη.
620 349 687 376 Ἀλλ’
721 349 736 378 ἡ
773 347 865 377 σιλήνη

34 396 224 427 πανσέληνος
246 397 314 423 οὖσα
341 400 392 433 φῶς
419 398 482 432 ἡμῖν
512 396 637 432 παρεῖχεν
670 395 742 430 ὸρᾷνυ
775 395 826 419 Καὶ
852 392 865 418 ό

36 440 190 477 βασιλιὺς
205 439 222 467 δ
226 450 383 477 ιιρχομενος,
398 451 412 465 ››
430 442 462 466 Τί
480 439 541 476 ὑμῖν
560 439 631 475 ροκιῖ
654 440 712 474 πιρὶ
734 439 784 464 τῶν
797 436 875 479 λιλιπ

34 487 165 521 νμένων
181 493 188 518 ;
203 495 217 510 »
236 485 310 516 αὖθις
329 487 428 523 ἠρώτα.
446 487 496 511 Καὶ
525 486 597 520 ἡμεῖς
617 494 630 508 η
658 484 746 519 φενρές
776 486 864 516 τοῦτο,

36 528 65 566 ᾧ
86 529 222 567 βασιλεῦ.
235 541 249 555 ››
266 533 349 557 Τοῦτο
359 528 390 557 δὴ
405 530 458 566 οὐχ
471 529 552 563 ἅπαξ,
573 527 635 555 οὖδὶ
651 526 693 559 δίς
707 528 722 558 ἦ
737 537 782 554 και
797 529 864 564 τρίς,

36 574 126 601 ἀλλὰ
162 577 207 601 καὶ
234 575 355 605 πολλάκις
405 575 547 610 πυθόμενος
581 572 622 603 ἦν.
657 575 709 600 Καί
727 572 800 609 ἡμεῖς
819 573 865 603 τὰς

37 618 220 655 άπαιρῖσκις
239 619 265 651 ἐξ
302 623 362 646 ἴσου
394 621 457 656 πρὸς
488 620 535 650 τὰς
563 620 668 649 πεύσεις
696 619 866 647 πεποιηκότις

37 665 226 700 ὶσιωπῶμιν.
247 663 279 690 '0
307 662 338 691 δᾶ
363 666 409 690 καὶ
433 663 510 690 πάλιν
538 665 638 700 ἠρώτα·
664 663 734 689 Ἐπιὶ
759 660 788 688 δί
806 663 865 692 τοὺς

38 707 158 740 ἄλλους
177 712 304 744 σιγῶντας
321 709 397 745 ἐώρα,
418 709 482 745 πρὸς
502 717 533 744 με
552 709 595 734 τὸν
627 707 702 743 λόγον
735 707 864 743 ἀποστρὲ-

40 763 108 790 per;
121 755 256 790 ἠρώτηκε,
277 763 292 778 n
310 755 343 779 Σὺ
358 751 388 780 δὶ
403 755 429 779 τί
449 755 499 789 φής
515 754 581 789 πρὸς
597 755 680 778 ταῦτα
700 759 707 779 :
726 762 737 775 ι
758 753 802 780 τὴν
817 754 863 777 τοῦ

41 799 186 834 οφφικίου
205 797 300 827 κλῆσιν
318 798 450 835 προσθείς·
488 807 503 822 ο
533 797 564 824 Ἠ
596 798 705 825 τοιαύτη
739 796 864 827 ὑπόθεσις

922 214 1050 250 quisque
1063 216 1198 242 nostrum
1214 215 1252 243 ad
1270 216 1396 244 tentoria
1420 218 1558 253 progredi
1590 223 1720 257 coeperat
1735 231 1741 250 :

921 265 1053 294 namque
1064 266 1124 286 nox
1134 259 1236 287 omnia
1256 264 1464 296 occupaverat,
1484 261 1551 290 licet
1564 262 1637 291 luna
1656 264 1745 300 plena

921 301 1032 331 lumine
1045 303 1239 332 collustraret.
1266 305 1429 342 Imperator
1460 306 1529 334 dein
1560 309 1742 344 preteriens,

919 355 1039 376 rursum
1056 357 1112 376 nos
1123 349 1308 382 sollicitare,»
1327 351 1399 386 quid
1427 351 1515 379 nobis
1529 352 1567 381 de
1595 354 1744 389 praedictis

920 392 1079 421 videretur.
1099 404 1110 418 ι
1122 394 1156 421 Et
1168 402 1261 427 nos;n
1278 394 1461 423 Mendacium
1478 396 1535 425 hoc
1550 400 1604 430 est,
1617 398 1744 435 impera-

919 438 975 465 tor.
992 448 1006 462 »
1022 439 1054 465 Et
1065 438 1122 466 hoc
1136 446 1197 466 non
1210 438 1257 466 bis
1276 442 1327 467 aut
1341 442 1394 473 ter,
1409 440 1459 468 sed
1481 442 1645 477 saepissime
1658 443 1746 471 inter-

919 481 1056 516 rogabat.
1078 484 1110 510 Et
1127 490 1184 510 nes
1204 491 1294 519 porro
1315 485 1559 521 responsionibus
1578 487 1743 523 interroga-

920 526 1051 555 tionibus
1077 535 1112 555 ex
1136 535 1224 564 aquo
1250 529 1462 557 satisfacientes
1487 531 1672 560 tacebamus.
1694 533 1743 561 Ille

919 579 1038 599 rursum
1055 572 1233 608 compellare
1265 573 1352 609 13s
1369 573 1424 602 Sed
1457 577 1580 603 ceteros
1608 576 1743 605 obmute-

920 618 1035 644 scentes
1050 616 1174 645 intuitus
1185 616 1223 644 ad
1236 625 1284 645 me
1298 621 1472 646 convertens
1483 621 1648 649 orationem
1660 621 1723 650 inﬁt
1735 631 1742 650 :

919 672 934 686 »
943 662 985 689 Tu
994 669 1082 697 porro
1095 661 1169 697 quid
1185 662 1223 690 ad
1236 662 1300 690 haec
1311 662 1406 690 dicis?
1415 675 1428 689 ι‹
1439 665 1466 691 et
1478 665 1593 692 nomini
1610 665 1743 694 ofﬁcium

919 705 1048 734 addidit.
1066 716 1080 731 »
1093 707 1152 734 Hoc
1167 708 1319 742 negotium
1332 710 1403 736 aute
1416 711 1538 745 spectat,
1555 712 1640 738 ettua
1655 712 1743 746 potis-

919 750 1028 778 simum
1043 750 1197 779 interest.»
1214 753 1279 779 Haec
1286 755 1385 780 autem
1399 753 1546 781 irascendi
1554 754 1608 782 sibi
1619 763 1743 784 causam

919 803 1085 831 procurans
1092 795 1219 824 dicebat.
1229 798 1303 825 Tum
1315 805 1386 832 ego:
1396 808 1410 822 »
1422 798 1557 830 Quanam
1569 807 1661 827 causa
1675 808 1744 829 mea

43 845 98 868 σοὶ
116 843 254 879 ἁρμόττει,
274 845 318 869 καὶ
337 844 372 874 ὡς
387 844 420 872 σὴ
441 843 586 871 taeta-mu
604 842 732 878 μάγιστα.
750 851 764 866 n
780 842 819 868 Τα

964 844 1039 868 erest
1052 841 1100 868 ‘ISi
1114 840 1238 869 ﬁdeliter
1246 842 1408 878 scripturas
1423 850 1483 870 non
1497 846 1652 872 exsecutus
1663 852 1740 873 sum.

44 885 84 914 δὶ
118 887 190 922 ἴλιγι
215 889 346 924 πρόφασιν
379 887 458 924 ὀργῆς
487 887 573 917 ζητῶν
607 886 729 923 ipsiipsis.
768 884 817 911 Ἠν
836 883 862 911 δ’

44 932 121 968 εγὼ,
142 942 158 956 ιο
173 934 246 962 Τίνος
256 933 337 969 χάριν
355 933 426 958 ὶστίν
445 931 493 968 ἆμῆ
516 940 523 965 ;
540 931 562 958 εἰ
580 932 631 968 γάρ
660 933 696 967 μὴ
717 930 799 961 καλῶς
813 939 862 956 πι-

46 979 163 1006 ποίηκα
180 977 226 1007 τὰς
244 977 346 1013 γραφὰς
369 978 414 1003 καὶ
437 978 496 1007 τοὺς
515 976 606 1013 ὃρκους
637 975 765 1008 τετέλεκα,
794 972 863 1011 μηδέ

46 1024 248 1059 προσηκόντως
268 1021 345 1048 αὐτόν
371 1031 398 1048 τι
417 1023 542 1053 καὶτοὺς
570 1020 632 1057 ἀμφ’
662 1021 740 1047 αὑτὸν
769 1021 862 1056 ῳκονὸ-

48 1069 145 1103 μηκᾱ,
169 1066 275 1102 σφάλμα
292 1069 367 1092 τοῦτο
397 1065 456 1102 ἐμὸν
483 1069 528 1092 καὶ
553 1069 675 1102 πταῖσμα
707 1067 815 1102 μακρόν.
834 1066 863 1091 Εἰ

50 1109 88 1138 δὲ
121 1113 272 1147 πρεπόντως
305 1114 387 1137 ταῦτα
418 1113 555 1147 γεγένηται
586 1113 631 1137 καὶ
658 1112 693 1141 ὡς
705 1110 753 1136 οὐκ
782 1109 864 1140 ἆλλως

51 1156 158 1193 ἄχρῆν,
174 1158 200 1182 τί
215 1157 278 1193 πρὸς
292 1155 337 1192 ἐμὲ
355 1157 388 1182 τὰ
402 1156 464 1193 παρ’
496 1155 592 1182 ἐκείνου
622 1156 687 1192 πρὸς
716 1154 863 1191 ἀνατροπὴν

50 1204 109 1226 τῶν
130 1201 304 1236 γεγενημὶνων
328 1199 466 1236 τελούμενα
485 1209 492 1233 ;
510 1210 525 1224 ››
557 1202 607 1226 Καὶ
635 1200 649 1225 ὀ
680 1198 802 1235 βασιλεὺς
816 1199 863 1224 οὑκ

52 1243 114 1271 οἶδ’
130 1245 202 1276 ὁπως
232 1245 287 1280 (τὴν
317 1245 368 1281 γὰρ
408 1244 493 1270 αἰτίαν
527 1246 650 1282 siprius”)
679 1244 755 1270 πάλιν
785 1243 860 1280 λέγει,

54 1301 71 1316 »
89 1293 124 1316 Τί
140 1292 192 1326 φὴς
206 1291 264 1327 περὶ
275 1293 326 1316 τῶν
338 1291 461 1316 τοιούτων
475 1297 482 1323 ;
506 1301 517 1315 ι
535 1292 586 1316 Καὶ
609 1289 688 1320 αὐτὸς
708 1310 717 1323 ,
734 1300 748 1314 ››
765 1289 862 1315 Πολλά-

52 1345 99 1366 κις
114 1334 402 1372 εὶρήκιιν,ὦϐασιλεῡ,
433 1333 520 1365 ὡςᾶπὶ
549 1334 624 1360 πλέον
655 1336 701 1370 μοι
728 1332 801 1360 δοκιῖ
832 1335 861 1360 τό

54 1380 196 1417 εἰρημένον
209 1377 315 1415 ψευδὴς,
340 1378 379 1405 ἔπ’
401 1379 506 1405 ἴλαττον
531 1377 561 1405 δί
587 1378 687 1409 ἀληθές.
709 1380 744 1405 Τὸ
769 1377 799 1405 δί
820 1378 861 1404 ἔπι

52 1428 113 1455 tot;
129 1422 239 1454 ἀδήλοις
255 1423 368 1461 ἀκριϐῶς
384 1422 573 1460 ἀποφαίνεσθαι
606 1424 636 1449 οὔ
655 1433 699 1458 μοι
713 1421 786 1449 δοκιῖ
799 1424 861 1461 ρᾷον

51 1467 136 1498 εἶναι,
155 1479 166 1494 ι
185 1471 220 1495 Ἥ
235 1466 263 1494 δ’
282 1466 386 1502 ὶκιῖνος,
404 1479 418 1493 »
438 1469 479 1495 Ἐν
498 1467 553 1498 τοῖς
572 1466 683 1499 άδῆλοις
702 1470 758 1494 ἐστὶ
781 1469 862 1504 χάρις

919 892 974 913 nec
982 885 1194 921 jusjurandum
1208 886 1348 922 persolvi,
1360 895 1458 923 neque
1469 890 1510 915 uti
1525 896 1581 924 par
1594 891 1656 916 erat
1669 889 1743 917 illud

918 932 946 958 et
965 937 1032 966 quas
1058 930 1137 958 circa
1165 930 1238 958 illud
1269 932 1441 967 pertractari
1472 932 1569 960 solent
1596 933 1742 970 disposui,

917 982 999 1002 error
1011 974 1059 1003 hic
1074 975 1196 1011 quidem
1214 984 1299 1004 meus
1315 979 1342 1004 et
1361 976 1536 1012 imprudens
1552 977 1640 1014 culpa
1655 978 1743 1006 fuerit

917 1019 1029 1047 Verum
1043 1019 1067 1047 si
1078 1019 1142 1047 haec
1163 1020 1204 1047 uti
1227 1020 1334 1056 decuit,
1363 1023 1391 1048 et
1416 1022 1541 1054 ratione,
1575 1030 1636 1058 qua
1668 1022 1742 1050 nihil

917 1064 1035 1098 melius,
1057 1063 1195 1092 absoluta
1214 1067 1291 1100 sunt,
1327 1066 1492 1101 quomodo,
1527 1074 1594 1102 qum
1624 1066 1673 1094 ille
1702 1066 1742 1094 ad

917 1109 1112 1136 evertendum
1132 1116 1199 1145 quae
1219 1109 1354 1138 confecta
1374 1113 1443 1137 sunt
1470 1110 1641 1146 meditatur,
1674 1119 1742 1139 mea

917 1156 1056 1189 poterunt
1070 1154 1212 1181 interesse
1224 1154 1238 1181 ?
1254 1165 1268 1178 »
1285 1155 1318 1182 Et
1332 1154 1495 1190 imperator
1509 1163 1628 1183 rursum
1641 1156 1741 1184 nescio

917 1199 1072 1235 quomodo
1079 1201 1223 1235 (namque
1230 1207 1353 1227 causam
1361 1200 1563 1236 exposui)den
1569 1208 1607 1228 uo
1614 1200 1740 1237 profert:

917 1244 1013 1277 xQuid
1029 1244 1091 1280 ipse
1106 1244 1200 1271 dehis
1213 1245 1304 1272 sentis
1317 1246 1331 1272 ‘I
1348 1246 1442 1272 >i'l‘um
1458 1253 1514 1280 ego
1531 1253 1537 1272 :
1557 1256 1571 1270 «ί
1587 1247 1622 1273 At
1632 1246 1742 1282 saepius

917 1288 1023 1316 eﬁ‘atus
1038 1297 1105 1316 sum
1122 1288 1190 1325 plus
1209 1289 1240 1316 in
1260 1297 1290 1317 se
1311 1289 1459 1318 mendacii
1490 1298 1583 1326 quam
1613 1290 1743 1319 veritatis

915 1333 998 1370 quod
1013 1333 1229 1366 circumtertur,
1250 1333 1279 1361 in
1300 1341 1331 1361 se
1349 1335 1499 1362 continere
1521 1344 1527 1368 ;
1548 1337 1576 1362 et
1595 1335 1625 1362 in
1643 1335 1742 1363 dubiis

916 1377 1061 1414 exquisite
1080 1378 1256 1405 sententiam
1277 1377 1361 1413 ferre,
1395 1387 1456 1406 non
1487 1379 1529 1407 ita
1560 1379 1646 1408 facile
1669 1379 1742 1407 mihi

915 1422 1070 1450 videtur.»
1091 1422 1252 1458 Respondit
1265 1422 1336 1450 ille:
1359 1423 1416 1450 Sed
1435 1423 1466 1450 in
1487 1423 1585 1451 dubiis
1605 1432 1673 1452 vere
1706 1431 1742 1451 ac

916 1466 1040 1494 ﬁrmiter
1052 1467 1216 1500 enuntiare,
1232 1467 1262 1494 id
1281 1467 1435 1502 prudentis
1447 1470 1490 1495 est
1505 1468 1560 1495 :de
1575 1468 1741 1496 manifestis

54 1512 175 1550 βιδαίως
206 1515 252 1539 καὶ
282 1511 384 1544 ἀληθῶς
414 1511 604 1549 ἀποφαίνεσθαι
620 1521 627 1526 ·
657 1512 700 1539 ἐπὶ
730 1497 830 1551 γὰρηιιν

963 1512 1030 1549 ippe
1044 1515 1072 1540 et
1083 1512 1157 1540 asini
1171 1511 1437 1548 pronuntiaverint.
1451 1523 1464 1537 »
1475 1513 1549 1540 Tum
1558 1520 1613 1547 ego
1627 1520 1634 1539 :
1650 1524 1663 1537 ››
1674 1513 1739 1540 Jam

56 1557 151 1588 δήλοις
166 1560 212 1584 καὶ
226 1558 253 1584 οἱ
266 1555 384 1593 ἀσίδαροι
398 1557 529 1593 λέγουσιν.
548 1567 562 1582 ››
576 1556 625 1584 Ἦν
643 1555 668 1584 δ’
681 1558 742 1593 ἒγὼ,
761 1568 775 1583 n
792 1556 862 1585 Ἰδοὺ

57 1604 127 1640 μετὰ
139 1607 192 1629 τῶν
212 1601 340 1639 ὰσιδάρων
359 1604 404 1629 καὶ
434 1603 510 1639 ἡμιῖς
543 1603 746 1639 σνντιτάγμιθα·
778 1615 790 1630 ς
815 1606 864 1630 Καὶ

57 1649 73 1674 ό
87 1647 211 1678 ϐασιλεὺς
229 1647 311 1684 χόλου
326 1647 453 1678 πλησθιὶς
472 1649 483 1665 ³
500 1658 514 1672 ››
534 1649 567 1673 Σὺ
577 1648 685 1674 πάντονι
698 1648 769 1677 ἦσθα
786 1659 797 1674 α
816 1650 863 1685 ἔφη

61 1695 178 1730 »μωρὸς
208 1695 253 1719 καὶ
285 1691 379 1730 ἀρτίως
406 1691 484 1718 πᾶλιν
516 1693 613 1728 μωρὸς.
652 1703 667 1717 n
700 1693 759 1719 ’Καὶ
790 1694 864 1724 αὐτὸς

60 1736 141 1764 οὐδὲν
153 1747 181 1763 τι
199 1736 274 1763 πλέον
293 1737 331 1773 μὰ
349 1738 410 1767 τοὺς
428 1736 521 1772 λόγους
541 1735 741 1774 ἀνταπςκριθην,
761 1737 815 1764 ἀλλ’
834 1739 862 1771 ἤ,

62 1794 74 1807 1
93 1782 163 1817 Ἐγώ
178 1783 222 1817 μέν
243 1781 295 1818 εἰμι
314 1782 411 1818 μωρὸς,
427 1783 472 1808 καὶ
491 1782 532 1807 ἵνα
553 1785 653 1817 σιωπῶ²
688 1784 712 1808 oi
742 1780 772 1809 3's
802 1792 864 1819 φρο-

58 1829 165 1857 νοὴντις
179 1826 347 1853 λαλείτωσαν.
368 1837 383 1851 »
402 1825 480 1853 Ταῦτ’
500 1824 580 1861 εἶπον,
600 1828 645 1852 καὶ
665 1826 746 1863 ὀργῆς
760 1827 773 1853 ό
788 1826 863 1854 ϐασι-

58 1872 115 1902 λεὺς
152 1871 262 1898 ἀπλέτου
302 1871 427 1902 πλησθεὶς
467 1871 574 1898 ἐλκῦσαι
605 1873 650 1908 μὶν
687 1873 794 1910 ὦρμησι
817 1875 864 1902 τὴν

59 1918 168 1946 σπάθην
211 1919 255 1942 τοῦ
295 1916 419 1950 κουλιοῠ,
467 1921 515 1947 τῆς
552 1919 639 1947 κώπης
672 1916 862 1953 ἰπιλαϐὀμενος.

58 1962 140 1990 Ἀλλὰ
159 1961 236 1988 τοῦτο
251 1963 296 1998 μὲν
315 1963 442 1998 κατέσχιθ
466 1971 559 1999 μικρον
590 1963 641 1999 γὰρ
673 1963 769 2001 ταύγτην
801 1962 864 1988 ἀπο-

57 2009 200 2044 γυμνώσας
225 2006 303 2032 πάλιν
321 2006 408 2038 ιὶσῆξε
426 2015 433 2021 '
454 2006 490 2042 τῷ
522 2005 625 2043 μεγάλῳ
651 2004 680 2033 δὲ
714 2005 863 2043 δομιστίκῳ

56 2054 139 2078 αὐτου
156 2055 192 2086 τῷ
204 2051 358 2081 Μουζοὶλωνι
391 2049 549 2088 ’Δνδρονίκῳ
581 2050 736 2077 καταϐαλεῖν
766 2061 797 2088 με
816 2051 862 2078 τοῦ

57 2098 141 2123 ἵππου
152 2095 320 2133 προσέταξαν.
343 2099 394 2123 Καὶ
415 2096 442 2127 ὅς
458 2096 542 2133 ἠρέμα
555 2105 609 2126 πως
622 2097 703 2132 ἤφη.‹
732 2095 863 2125 Ἐκστηθι

57 2146 106 2172 τῆς
126 2138 291 2177 ἐφιστρὶδος.
314 2151 328 2165 υ
352 2142 402 2167 Καὶ
435 2140 512 2172 αὐτὸς
543 2140 641 2169 άπέϐην
670 2144 717 2172 τῆς
740 2141 859 2177 ἡμιόνου.

918 1560 946 1586 et
961 1565 1017 1585 nos
1037 1557 1112 1584 inter
1130 1557 1230 1584 asinos
1251 1556 1442 1584 collocamur.
1481 1568 1496 1582 η
1518 1558 1550 1585 Et
1579 1557 1742 1593 imperator

918 1602 962 1630 ira
971 1601 1187 1634 inﬂammatus,
1202 1612 1216 1626 «
1227 1603 1269 1629 Tu
1279 1609 1407 1636 semper,
1419 1612 1434 1626 «
1451 1601 1501 1635 ait,
1514 1612 1528 1626 »
1549 1601 1630 1630 haud
1649 1609 1742 1628 sanus

917 1646 1035 1682 ineptis,
1051 1649 1080 1673 et
1095 1654 1175 1673 nune
1186 1653 1306 1682 quoque
1320 1646 1438 1682 ineptis.
1459 1656 1473 1670 ››
1489 1647 1566 1682 Ipse,
1581 1654 1636 1674 nec
1648 1645 1739 1682 aliud,

918 1692 959 1720 ita
972 1700 1019 1719 me
1034 1699 1187 1719 sermones
1200 1691 1459 1727 ament,respondi
1469 1700 1478 1719 :
1489 1702 1502 1716 »ι
1511 1694 1544 1718 At
1556 1691 1741 1727 egoquidem

917 1737 1040 1773 ineptio,
1061 1735 1189 1771 ideoque
1205 1735 1353 1763 silentium
1373 1737 1416 1763 est
1435 1735 1508 1763 mihi
1527 1738 1535 1763 ε
1557 1735 1609 1772 qui
1622 1736 1742 1772 sapiunt

918 1782 977 1818 ipsi
1009 1781 1181 1817 loquantur.
1203 1791 1217 1805 ν
1228 1780 1373 1808 Dixeram.
1395 1780 1559 1816 Imperator
1576 1780 1743 1809 incredibili

919 1829 1009 1862 atque
1020 1826 1112 1854 atrooi
1124 1825 1425 1862 peroitusiracundia,
1440 1825 1518 1853 ensis
1529 1826 1636 1862 capulo
1649 1833 1742 1854 manu

919 1879 1101 1908 compresso,
1136 1871 1246 1906 vagina
1273 1870 1411 1905 detegere
1428 1872 1530 1899 tentet.
1550 1870 1607 1898 Sed
1627 1874 1743 1899 motum

918 1918 1190 1952 temperat,etquem
1201 1914 1353 1952 paululum
1362 1917 1505 1943 retexerat
1513 1915 1742 1950 ensem,vaginae

922 1962 1008 1998 139
1022 1961 1127 1989 reddit.
1144 1961 1212 1989 Dein
1242 1968 1354 1996 magno
1380 1960 1545 1989 domestico
1572 1961 1743 1989 Andronico

918 2006 1060 2034 Muzaloni
1077 2014 1124 2034 me
1139 2005 1176 2033 de
1196 2013 1274 2041 equo
1294 2005 1420 2041 dejicere
1439 2005 1577 2041 imperat.
1601 2005 1650 2033 Ille
1669 2013 1742 2034 voce

918 2051 1083 2083 submissa,
1100 2061 1114 2075 (ι
1127 2050 1247 2082 Secede,
1263 2060 1276 2074 n
1289 2050 1338 2084 ait,
1359 2060 1373 2076 ι
1386 2057 1469 2085 sago.
1486 2061 1496 2074 ‹
1515 2051 1575 2084 Ego
1592 2049 1675 2077 mula
1692 2049 1742 2078 de-

919 2095 1030 2124 scendi.
1046 2097 1127 2123 Tunc
1141 2095 1272 2130 optimus
1287 2102 1359 2129 erga
1373 2102 1427 2122 nos
1439 2094 1612 2130 imperator,
1628 2102 1683 2122 nos
1690 2094 1742 2130 qui

918 2140 1014 2168 multa
1032 2148 1050 2168 a
1070 2142 1154 2176 patre
1174 2147 1229 2167 suo
1261 2139 1307 2166 sui
1338 2139 1433 2174 gratia
1470 2147 1577 2176 aspera
1609 2139 1742 2175 perpessi

59 2186 90 2212 ’0
106 2184 137 2212 δί
156 2187 340 2223 χρηστότατος
357 2187 417 2222 περὶ
436 2186 506 2221 ἡμᾶς
537 2184 657 2215 ϐασιλεὺς
690 2187 748 2216 τοὺς
780 2185 835 2212 πολῖ

965 2193 1038 2213 .mus
1052 2207 1059 2220 ,
1072 2188 1103 2213 ut
1119 2184 1218 2221 palam
1247 2191 1387 2220 smpeque
1415 2183 1518 2211 multis
1552 2184 1741 2212 audientibus

58 2233 125 2267 πρὸς
134 2234 182 2256 τοῦ
194 2231 290 2267 πατρὸς
309 2230 388 2256 αὑτοῦ
420 2228 454 2256 δι’
484 2230 562 2256 αὐτὸν
592 2231 764 2263 πιπὸνθὸτας,
791 2232 824 2261 ὡς
837 2229 861 2256 ἐν

59 2275 145 2311 πολλῷ
159 2274 253 2304 πλήθει
268 2277 312 2301 καὶ
327 2274 448 2305 πολλάκις
475 2273 627 2312 διαπρυσὶῳ
645 2275 711 2307 ἔλεξε
726 2279 757 2311 τῇ
779 2279 860 2312 φωνῇ,

60 2321 93 2352 ὡς
111 2332 124 2345 n
141 2319 242 2346 Ηο).λῶν
255 2329 301 2356 μοι
319 2323 403 2351 αῖτιος
432 2321 535 2356 ἀγαθῶν
570 2318 646 2350 οὗτος
678 2322 690 2346 ό
727 2319 862 2356 ἄνθρωπος

59 2367 255 2402 γέγονι,ηπιρὶ
272 2368 318 2396 τῆς
343 2364 451 2400 λογικῆς
479 2365 585 2400 φάσκων
613 2362 746 2397 παιδιὶας,
772 2363 862 2402 [1)27]

61 2421 75 2435 ι(
96 2412 141 2436 καὶ
167 2409 267 2435 πολλῶν
295 2409 427 2446 ὀφειλέτης
459 2410 542 2446 τούτῳ
573 2410 708 2445 τυγχάνω,
744 2420 755 2433 ι
787 2407 862 2436 δυοῖν

60 2456 244 2492 κορυνοφόροιν
262 2453 420 2490 προσέταξεν
435 2455 540 2480 τύπτειν
560 2463 601 2490 με,
619 2454 705 2489 χθιζὰ
734 2456 778 2480 καὶ
810 2455 860 2491 πρὸ

60 2501 150 2537 τρὶτης
168 2499 277 2529 τούτους
309 2498 509 2535 χιιροτονήσας.
544 2499 577 2529 ὡς
613 2500 695 2524 ιῖκοσι
729 2500 861 2535 τέσσαρας

60 2545 158 2574 πάντας
186 2545 230 2570 τὸν
255 2544 376 2580 ἀριθμὸν,
398 2543 445 2569 οὐκ
465 2541 509 2569 οἶδ
528 2543 550 2569 si
569 2545 604 2579 μὴ
628 2541 663 2570 δι’
684 2544 738 2580 ἐμὲ,
769 2544 800 2569 ἶν’
820 2545 858 2573 εἴη

60 2591 103 2616 xii.
124 2590 208 2618 σκηνὴ
229 2591 276 2614 τοῦ
296 2587 430 2626 δράματος
444 2589 481 2619 si;
499 2586 649 2625 τραγῳδίαν
685 2590 859 2625 μιμορφωμέο

59 2644 99 2663 νη.
118 2636 168 2661 Καὶ
188 2634 212 2660 οἱ
231 2635 276 2670 μὶν
307 2634 427 2667 itum-av,
461 2632 510 2669 ἐγὼ
544 2631 574 2659 di
606 2634 666 2669 σιγὴ
698 2634 742 2662 τὰς
769 2632 858 2668 τύψας

60 2678 209 2713 ἱλάμϐανον.
241 2677 274 2705 Ὀ
306 2680 351 2704 καὶ
381 2677 476 2714 μᾶλλον
506 2681 596 2704 τοῦτον
643 2677 783 2714 ἐξὶμαινιν,
817 2680 857 2704 ὅτι

60 2722 122 2760 μηδ’
142 2723 204 2753 ὅλως
227 2725 290 2761 πρὸς
312 2721 416 2754 διήσεις
435 2723 589 2759 κάμπτομαι
608 2725 652 2749 καὶ
672 2722 854 2758 πληττόμινος.

60 2771 120 2796 Επεὶ
140 2766 170 2794 δὲ
189 2768 281 2799 πολλάς
304 2769 372 2794 κατὰ
383 2769 479 2799 παντὸς
493 2765 621 2803 ἑδιξάμην
654 2770 700 2793 τοῦ
733 2769 854 2803 σώματος

917 2230 1082 2258 clarissima
1090 2237 1163 2258 voce
1173 2232 1297 2257 testatus
1308 2231 1351 2256 est
1363 2229 1460 2256 virum
1470 2229 1560 2264 hunc,
1574 2237 1622 2257 me
1632 2237 1742 2265 nempe

917 2275 1096 2309 intelligens,
1119 2274 1200 2302 bona
1227 2273 1282 2301 sibi
1310 2273 1440 2310 plurima
1475 2276 1653 2310 opportasse
1686 2281 1742 2310 pro

916 2319 1074 2356 disciplina
1088 2318 1195 2354 logica,
1212 2326 1273 2355 qua
1288 2327 1357 2346 eum
1369 2318 1565 2352 institueram,
1581 2326 1705 2346 necnon
1714 2320 1742 2347 et

916 2364 975 2392 alia
1003 2371 1064 2391 non
1090 2363 1198 2399 exigua
1225 2371 1258 2391 se
1286 2363 1395 2391 debere
1427 2362 1592 2398 confessus,
1621 2363 1742 2391 duobus

916 2407 1072 2442 clavigeris
1083 2407 1145 2435 heri
1160 2406 1326 2435 autnudius
1333 2407 1444 2440 tertius,
1452 2406 1554 2435 nescio
1570 2414 1609 2435 an
1620 2408 1742 2443 propter

915 2461 974 2487 me,
991 2454 1023 2480 ut
1037 2451 1180 2479 dramatis
1192 2458 1281 2479 scena
1298 2451 1328 2479 in
1337 2451 1514 2486 tragcediam
1533 2451 1573 2478 ad
1594 2451 1740 2478 amussim

915 2499 1145 2529 converteretur,
1156 2496 1264 2529 electis,
1281 2498 1421 2524 eteorum
1436 2503 1563 2523 numero
1582 2495 1621 2523 ad
1636 2495 1741 2530 viginti

914 2545 1042 2579 quatuor
1063 2541 1252 2574 ascendente,
1277 2540 1452 2568 verberibus
1480 2542 1620 2576 appetere
1637 2539 1739 2575 jussit.

914 2587 956 2615 llli
969 2587 1070 2623 itaque
1083 2585 1251 2618 verberare,
1266 2592 1321 2620 ego
1333 2584 1449 2613 silentio
1461 2584 1738 2620 verberaexcipere.

914 2633 945 2660 Id
954 2631 1087 2666 magisin
1096 2630 1224 2658 furorem
1239 2629 1348 2664 agebat
1356 2629 1579 2666 imperatorem,
1591 2628 1673 2665 quod
1684 2637 1739 2657 nec

912 2677 1084 2705 verberibus
1095 2684 1190 2704 cmsus
1197 2675 1235 2703 ad
1242 2674 1474 2711 supplicationes
1490 2673 1667 2702 eﬂunderer.
1685 2674 1738 2702 Ubi

911 2729 982 2750 vero
1008 2720 1209 2754 frequentium
1239 2719 1397 2747 verberum
1431 2718 1537 2747 ictibus
1566 2718 1738 2747 universum

910 2774 1020 2803 corpus
1032 2765 1229 2799 fmdaverant,
1242 2764 1289 2792 vix
1300 2763 1421 2793 tandem
1437 2771 1494 2799 ego
1508 2771 1582 2792 voce
1597 2763 1688 2792 debili
1702 2771 1738 2793 ac
