1966 3079
237 112 300 139 “Si

874 110 1015 138 GEORGII
1033 107 1272 137 ACROPOLITIE.

1872 107 1932 134 ΗΠ

237 172 400 207 submissa,
417 183 431 197 «
447 172 558 201 Christe
573 181 624 201 rex
654 173 823 209 n,inquam,
836 184 850 199 α
864 174 937 209 quot
946 171 1060 200 morbis
1079 169 1105 197 Α
1118 173 1195 207 μόγις
1218 172 1298 207 ὶσχνῆ
1319 172 1364 197 καὶ
1391 170 1493 207 agitauit

1123 173 1195 207 ιιόγις
1218 172 1298 207 ἰσχνῆ
1319 172 1364 197 καὶ
1391 170 1505 207 ἠρεμαίᾳ
1515 173 1595 206 φωνῇ.
1619 179 1633 195 ››
1664 167 1701 194 Ὠ
1720 169 1840 205 Χριστὶ
1864 167 1934 193 ϐατι-

237 216 397 245 aﬂlictatus
405 225 482 252 sum,
492 225 586 253 quare
592 225 696 245 eorum
704 217 786 245 nullo
793 217 885 245 vitam
893 216 993 250 amisi,
1009 215 1061 244 sed

238 261 275 290 ad
289 262 345 289 has
356 269 403 289 me
419 264 609 297 tempestates
633 262 759 290 servasti
773 262 787 290 ?
812 273 825 287 η
839 262 887 290 His
911 261 1061 289 dictisim-

238 308 355 343 perator
373 306 519 340 nonnihil,
540 309 572 334 ut
591 306 757 340 videbatur,
786 307 897 334 veritus
930 305 1061 334 secessit.

238 359 308 379 cum
329 351 380 379 uni
399 359 435 379 ex
453 351 489 379 iis
509 351 560 387 qui
580 352 679 387 ipsum
706 351 909 387 sequebantur
928 351 1062 382 dixisset,

240 405 254 420 η
267 396 328 422 Duc
343 397 439 422 tecum
449 395 558 431 ipsum.
570 406 580 419 ι
592 395 642 423 Ille
651 403 728 431 equo
745 395 1065 429 advehensinterrogat

240 439 417 476 quoabituri
427 439 533 467 simus.
546 440 605 475 Ego
620 448 626 467 :
640 451 649 464 ι
663 440 737 468 Praei
750 449 756 473 ;
769 447 951 476 quocunque
960 439 1064 467 luben-

240 483 280 511 tia
295 483 394 518 trahit,
410 491 530 519 sequar.
548 495 561 508 n
573 485 684 511 Rursus
695 483 741 512 ille
752 483 939 518 interrogans
947 490 1063 518 urgere,

240 527 364 564 quando
373 527 469 564 etipse
475 529 645 564 respondizn
654 530 707 556 lter
716 528 803 556 nobis
817 528 856 557 ad
865 527 1063 561 Bardariotas,

242 571 293 600 tibi
308 572 405 607 magis
420 572 592 608 expeditum
604 573 769 601 ineundum
781 575 852 601 est.)
864 574 919 601 Res
928 572 969 601 ita
979 575 1065 607 gesta

241 618 294 649 est,
305 618 333 644 et
348 616 386 644 ad
400 617 774 646 Bardariotarumtentoria
787 618 995 646 convenimus.
1008 617 1065 645 Ubi

242 668 290 688 me
299 668 403 689 eorum
414 661 599 697 primicerius
623 661 710 699 140
729 663 893 699 conspexit,
914 670 975 690 non
1002 661 1065 690 sine

243 705 439 734 admiratione
453 709 663 742 percunctatur
679 715 820 743 quasnam
840 714 887 735 me
901 707 1019 735 occasio
1035 706 1065 734 in

243 751 308 785 ejus
328 751 487 778 tentorium
505 751 694 779 conduceret.
715 753 787 780 Tum
809 759 875 786 ego,
889 763 902 776 »
919 753 954 780 Ut
971 750 1067 779 tantil-

243 794 305 822 lum
320 794 436 830 placide
449 796 603 831 quiescam
614 807 638 830 »,
656 796 714 825 aio.
730 796 889 824 Paululum
904 796 977 824 inibi
987 803 1066 824 com-

1117 215 1171 249 λεῦ,
1189 226 1203 239 u
1223 217 1294 252 ἔφην,
1316 217 1425 245 »πόσας
1443 217 1570 243 νενόσηκα
1588 215 1689 246 νόσους,
1720 211 1836 238 καὶδιὰ
1877 216 1905 238 τὶ
1918 212 1935 237 ὸ

1117 259 1228 296 οὐδεμιᾷ
1256 259 1352 286 τούτων
1371 259 1502 286 κατέλυσα
1520 261 1566 288 τὴν
1596 259 1664 289 ζωὴν
1689 257 1742 284 ἀλλ’
1779 257 1810 283 ἐν
1853 259 1936 282 τοιού-

1116 315 1172 336 τοις
1190 315 1222 341 με
1240 302 1339 342 καιροῖς
1358 306 1499 340 imp-istm;
1517 314 1530 328 ι)
1550 303 1628 330 Ταῦτ’
1645 302 1725 336 εἷπον,
1759 304 1817 328 καὶ
1842 303 1859 327 ὀ
1899 301 1937 326 ϐπ-

1118 351 1196 376 αὑτοῡ
1209 349 1327 386 ιὶρηκὼς,
1349 360 1363 374 ››
1385 348 1452 376 Δάϐε
1469 352 1560 375 τοῦτον
1579 348 1664 379 αὐτὸς.
1682 360 1695 373 n
1715 350 1773 374 Καὶ
1797 348 1839 373 ὅσ
1870 347 1937 382 ἔξιτ-

1118 395 1202 425 σιλεὺς
1215 393 1267 420 οἷον
1300 392 1433 424 αἰδεσθεὶς
1461 393 1611 429 amna-7n,
1628 393 1665 419 ἐνὶ
1690 397 1741 419 τῶν
1774 391 1937 418 ἀκολούθων

1117 442 1164 466 πόν
1184 449 1214 475 με
1233 437 1317 464 λαϐὼν
1341 438 1431 475 ὴρὼτα
1450 442 1499 464 ποῦ
1518 441 1548 464 ἄν
1577 440 1622 464 καὶ
1651 437 1832 473 ἆπέλθοιμεν.
1878 436 1937 470 Ἐγε-

1118 483 1158 519 δὲ,
1175 495 1185 508 ι
1203 483 1288 510 Ὀπον
1299 483 1329 509 ἂν
1359 482 1435 513 αὐτὸς
1454 483 1549 517 ϐούλει,
1574 484 1713 519 ἱφέπομαυ
1746 494 1761 507 ι»
1781 483 1845 508 Καὶ
1862 480 1935 506 «im

1117 529 1193 561 οὗτος
1217 529 1263 557 διὰ
1294 534 1344 556 τῶν
1366 528 1516 566 ἐρωτήσεων
1538 528 1730 564 κατηνάγκαζε.
1767 528 1848 553 Ter:
1879 529 1934 561 79-31

1118 579 1163 602 καὶ
1177 576 1257 607 αὐτὸς
1274 578 1340 614 πρὸς
1368 579 1458 602 τοῦτον
1491 574 1611 610 ἆντῲην,
1644 574 1677 602 ὡς
1707 575 1752 598 Δεῖ
1791 572 1875 607 ἡμᾶς

1118 623 1168 658 πρὸ
1183 623 1242 652 τούς
1263 613 1446 658 Βαρδαριὼτας
1474 617 1595 646 ϐοίδια-αι’
1625 621 1700 644 τοῦτο
1730 617 1790 652 γάρ
1831 625 1883 652 μοι
1897 613 1935 640 δο-

1118 669 1158 692 κεῖ
1172 668 1216 692 καὶ
1235 666 1330 700 μᾶλλον
1365 666 1494 701 συμφέρον
1525 672 1576 690 σοι.
1612 664 1662 689 Καὶ
1687 663 1802 697 γέγονε-ν
1839 660 1932 690 οὕτως,

1118 713 1163 737 καὶ
1197 710 1222 742 ἐς
1267 715 1316 736 τῶν
1357 708 1547 746 Βαρδαριωτῶν
1575 709 1700 743 ἀπήειμεν
1733 707 1788 736 τὰς
1820 705 1930 733 σκηνάς.

1121 753 1194 782 Ἰδὼν
1215 754 1245 782 δί
1264 765 1295 792 με
1314 756 1327 781 ὸ
1356 754 1440 780 αὐτῶν
1459 754 1649 790 πριμμικήριος
1674 751 1827 786 θαυμάσας
1844 750 1931 786 ἠρώτα

1119 799 1186 826 τιᾶν
1214 799 1364 836 ϐουλόμενος
1381 800 1422 825 ἰπὶ
1453 800 1499 827 τὴν
1532 797 1612 823 αὐτοῦ
1643 797 1744 825 σκηνὴν
1782 794 1929 830 ἀφικόμην.

245 847 360 868 moror:
372 840 437 875 jam
451 840 530 868 enim
541 843 569 868 et
583 841 769 876 primicerius
776 842 814 869 de
829 850 876 870 me
887 843 1067 876 cognoverat
1082 849 1102 877 Β
1122 847 1172 871 Καὶ
1183 846 1271 880 ἔγωγε.
1289 855 1302 869 ‹‹
1320 846 1431 881 Μικρᾱς,
1447 854 1458 867 ι
1474 843 1493 878 ἔς

1123 847 1172 871 Καὶ
1183 846 1271 880 ἔγωγε.
1289 855 1302 869 ‹‹
1320 846 1431 881 Μικρᾱς,
1447 854 1458 867 ι
1474 843 1544 878 ἔφην·
1561 853 1575 866 ‹‹
1604 840 1777 870 ἀναπαύσεως
1807 840 1906 875 χὰριν,
1918 849 1929 861 n

243 885 356 913 omnia.
370 886 471 921 Neque
489 886 520 913 in
539 886 667 914 multum
682 889 838 915 cunctatus
853 886 1015 923 imperator
1029 887 1068 914 ad

245 930 404 958 tentorium
412 938 458 957 me
465 938 565 958 meum
583 931 716 960 conferre
731 933 870 968 precepit
885 932 1069 968 ,suspicatus

244 981 314 1002 vero
326 982 362 1002 ne
375 975 512 1003 molestia
520 975 705 1004 conﬂictatus
712 976 783 1011 fuga
791 984 839 1004 me
855 976 1065 1012 subducerem,

243 1018 345 1055 aliqua
352 1019 478 1047 militum
485 1028 577 1048 manu
589 1021 748 1049 tentorium
758 1021 974 1058 circumsepsit,
987 1025 1014 1049 et
1027 1022 1068 1050 sic

243 1063 413 1092 clanculum
427 1072 475 1092 me
493 1065 635 1093 custodiri
645 1065 809 1094 mandavit.
823 1067 853 1093 in
869 1074 970 1094 meum
982 1066 1068 1094 adve-

244 1111 310 1136 ctus
326 1109 486 1136 tentorium
506 1110 604 1145 quiete
623 1112 740 1137 aetatem
759 1110 900 1144 agebam,
921 1117 1018 1146 neque
1038 1111 1068 1138 in

243 1152 345 1180 aulam
372 1153 496 1186 vadens,
521 1161 619 1189 neque
639 1153 800 1182 familiares
818 1162 917 1190 neque
952 1155 1067 1182 amicos

243 1196 410 1232 alloquens.
427 1197 478 1225 sed
485 1197 566 1225 libris
581 1198 889 1232 tautumincumbens,
903 1207 1068 1235 eorumque

243 1239 369 1268 lectione
395 1249 444 1269 me
463 1241 627 1275 delectans,
658 1242 785 1279 ciboque
817 1251 866 1271 me
899 1246 1068 1280 opportune

243 1285 390 1313 reﬁciens.
407 1285 539 1322 Plerique
552 1286 653 1322 itaque
669 1286 733 1315 dies
747 1295 816 1315 cum
837 1287 893 1316 hoc
907 1288 974 1316 vitae
994 1297 1068 1317 meae

244 1330 452 1359 moderamine
482 1332 683 1366 praetergressi
717 1335 797 1360 sunt.
846 1334 879 1360 Et
907 1333 1069 1369 imperator

245 1376 397 1411 ingenium
405 1383 506 1403 meum
513 1375 531 1403 d
537 1384 622 1404 urum
629 1384 664 1404 ac
671 1377 710 1404 im
716 1376 861 1416 placabile
875 1377 979 1406 videns
989 1386 1068 1412 aegre

244 1420 368 1449 ferebat.
388 1422 540 1456 Augustus
555 1423 634 1448 totus
654 1420 818 1456 efﬂuxerat,
839 1429 936 1458 neque
956 1430 1012 1458 ego
1031 1423 1068 1450 de

244 1465 390 1493 sententia
417 1465 490 1492 mihi
512 1466 665 1502 proposita
691 1465 805 1501 aliquid
834 1466 923 1494 movi.
949 1467 1067 1495 [nterim

1122 891 1213 926 Βραχὺ
1241 889 1304 925 γοῦν
1332 899 1358 914 τι
1390 888 1623 925 προσεκαρτέρησα
1654 888 1710 915 τοῖς
1745 884 1848 911 ἐκεῖσε.
1879 881 1928 911 ἤδη

1121 944 1172 971 γαρ
1186 934 1258 960 καὶὸ
1272 935 1463 970 πριμμικὴριος
1487 930 1651 968 ἑμεμαθήκιι¹
1678 931 1712 955 τὰ
1735 928 1800 954 κατ’
1829 927 1885 963 ἐμέ.
1904 926 1929 952 Ὀ

1123 977 1152 1005 δὲ
1165 978 1286 1009 ϐασιλεύς
1302 976 1360 1004 οὐδ’
1372 977 1405 1007 εἰς
1419 976 1484 1003 πολὺ
1513 975 1644 1012 μελλήσας
1680 972 1873 1009 διεμηνύσοιτο
1900 971 1930 1000 εἰς

1121 1025 1166 1052 τήν
1182 1025 1280 1052 σκηνὴν
1297 1022 1436 1059 ἀφικέσθαι
1451 1032 1493 1058 με.
1518 1018 1612 1049 Δεδιὼς
1631 1017 1660 1045 δὲ
1677 1021 1712 1055 μή
1726 1028 1784 1048 πως
1801 1021 1835 1045 τῆ
1861 1016 1927 1043 λύπη

1121 1068 1294 1103 κατασχεθεὶς
1316 1071 1384 1104 eus/ﬁ
1408 1068 1563 1104 χρήσωμαι,
1588 1063 1730 1100 προσὶταξι
1758 1062 1862 1099 μοῖραν
1875 1070 1928 1086 τινα

1123 1114 1313 1149 στρατιωτικήν
1325 1113 1526 1150 περιστοιχίσαι
1545 1119 1594 1146 μου
1616 1110 1663 1137 τὴν
1693 1109 1794 1135 σκηνήν
1817 1108 1867 1132 καὶ
1894 1105 1928 1129 λε-

1121 1156 1236 1186 ληθότως
1263 1156 1397 1193 φυλάττειν
1417 1154 1456 1182 δε.
1472 1155 1537 1190 Ἐγὼ
1551 1155 1595 1190 μὲν
1621 1151 1665 1178 οὖν
1696 1153 1730 1182 εἰς
1753 1153 1804 1180 τὴν
1829 1150 1927 1176 οἰκείαν

1121 1200 1260 1238 ἀφιγμένος
1276 1202 1371 1230 σκηνήν
1382 1201 1494 1236 ἡσύχως
1517 1199 1540 1225 έν
1569 1198 1640 1224 αὑτῶ
1658 1198 1702 1223 τὸν
1726 1197 1823 1233 καιρόν
1842 1193 1927 1221 διεϐί-

1123 1245 1212 1279 ϐαζον,
1239 1245 1287 1272 οὐκ
1313 1245 1336 1271 ἐν
1371 1244 1523 1282 ἀνακτόροις
1550 1241 1676 1274 ϐαδίζων,
1711 1239 1777 1267 οὗδὶ
1802 1249 1858 1266 τινι
1880 1243 1927 1264 τῶν

1122 1288 1276 1319 ὶπιτηδείων
1295 1292 1340 1316 καὶ
1372 1290 1490 1318 συνήθων
1530 1286 1707 1325 προσομιλῶν,
1751 1284 1808 1311 ἀλλ’
1837 1285 1853 1314 ἦ
1872 1287 1927 1313 ταῖς

1124 1335 1226 1372 βίϐλοις
1254 1337 1425 1371 προσανίχων
1465 1336 1510 1360 καὶ
1550 1332 1693 1368 ἀναγνώσει
1721 1332 1865 1368 χρὼμειος
1886 1331 1926 1354 καὶ

1121 1385 1217 1418 τροφῆς
1252 1378 1453 1416 μεταλαμϐἁνων
1494 1379 1563 1404 κατὰ
1600 1378 1701 1414 καιρόν.
1729 1375 1832 1402 ’ἱκαναὶ
1864 1378 1924 1409 γοῦν

1123 1426 1218 1463 ἡμέραι
1233 1426 1330 1451 οὑτωσί
1351 1427 1404 1454 πώς
1430 1433 1480 1460 μου
1505 1423 1606 1458 ἕχονιος
1642 1422 1856 1458 παρῳχήκεσαν,
1881 1421 1924 1444 καὶ

1123 1471 1136 1496 ὀ
1151 1469 1272 1500 ϐασιλεὺς
1300 1469 1439 1504 ἠγανάκτει
1465 1469 1494 1493 τὸ
1527 1466 1640 1504 σκληρόν
1659 1475 1709 1502 μου
1739 1465 1863 1500 καθορῶν
1882 1466 1924 1488 καὶ

243 1510 386 1547 prwsules
402 1518 463 1538 non
479 1510 567 1546 pauci
595 1510 744 1550 advenere
767 1511 956 1546 imperatoris
969 1511 1065 1547 jussu,
1082 1525 1105 1553 ο
1123 1517 1310 1552 όφρονήματος.
1335 1513 1433 1549 Ηάρήει
1467 1521 1493 1548 γε

1123 1517 1310 1552 ὀφρονὴματος.
1335 1513 1433 1549 Ηοὶρήει
1467 1516 1530 1548 γοῦν
1572 1510 1654 1541 ὃλοςό
1696 1510 1861 1544 Αὔγουστος,
1881 1509 1924 1533 καὶ

244 1557 275 1584 ut
295 1556 357 1592 ipse
376 1563 589 1590 cognoveram,
616 1555 683 1582 licet
708 1555 766 1591 ipsi
792 1555 823 1583 id
842 1555 990 1584 occultare
1011 1559 1068 1584 stu-

243 1601 357 1634 derent,
396 1602 470 1628 nutu
485 1600 607 1636 proprio
635 1600 816 1636 processisse
849 1604 1066 1634 asseverantes,

243 1645 380 1673 amicitiae
391 1647 420 1673 et
438 1644 527 1672 bonae
558 1652 629 1680 erga
658 1653 705 1672 me
737 1645 941 1681 dispositionis
974 1646 1069 1680 gratia

242 1689 372 1725 ingenue
388 1689 548 1717 suadentes
581 1691 611 1716 ut
631 1690 788 1725 asperitate
808 1690 915 1718 mentis
935 1690 1069 1726 aliquan-

244 1734 339 1762 tulum
353 1734 467 1761 mollita
480 1733 518 1761 ad
529 1734 739 1769 imperatorem
748 1735 920 1762 accederem
937 1743 1068 1763 rursum-

244 1786 303 1814 que
333 1777 373 1805 illi
399 1785 446 1804 me
475 1778 532 1805 sub
559 1778 707 1806 servitutis
727 1778 886 1806 subderem
904 1779 988 1815 jugo.
1011 1779 1069 1807 Illis

245 1825 345 1850 tamen
357 1821 657 1850 cohortationibusad
666 1822 697 1849 id
707 1822 771 1858 ipse
782 1823 891 1851 adduci
901 1831 961 1851 non
974 1824 1068 1860 potui.

247 1867 387 1895 Dicebam
395 1867 485 1900 enim,
493 1867 555 1895 sive
562 1867 759 1903 imperatoria
766 1876 813 1895 me
820 1868 1069 1905 optimaquaeque

246 1911 389 1939 muniﬁce
399 1911 577 1944 admodum,
591 1919 659 1947 qua:
672 1911 771 1939 nullus
785 1912 1068 1949 eximperatoribus,

247 1955 298 1992 qui
310 1958 377 1983 ante
392 1963 461 1983 eum
474 1955 599 1991 imperio
611 1955 764 1991 praefuere,
776 1957 859 1993 141
878 1957 1069 1986 administro-

247 2007 315 2028 rum
330 1999 461 2035 cuipiam
480 2000 572 2034 dedit,
602 2000 767 2036 contulerit,
801 2002 862 2029 sive
896 2002 1029 2037 pessima
1044 2005 1072 2030 et

249 2045 445 2079 atrocissima,
457 2044 568 2080 quibus
574 2045 649 2072 alius
655 2046 796 2074 omnibus
806 2046 924 2081 ﬂagitiis
935 2046 1070 2082 inquinav

248 2089 381 2118 tissimos
401 2097 537 2125 unquam
563 2089 723 2124 divexavit,
741 2091 769 2118 in
798 2100 846 2119 me
874 2093 1071 2127 attentaverit,

250 2135 310 2162 sive
318 2135 374 2162 hac
383 2134 500 2162 siveilla
510 2135 633 2168 ratione,
646 2135 728 2164 nullo
739 2144 787 2164 me
798 2137 890 2165 modo
900 2137 938 2164 illi
949 2137 1029 2165 inser
1035 2138 1072 2165 vi-

250 2182 363 2208 turum.
386 2179 554 2215 Egoitaque
566 2188 663 2217 neque
685 2181 723 2208 de
750 2182 894 2210 sententia
923 2190 1020 2218 neque
1035 2183 1071 2211 de

251 2224 405 2260 proposito
418 2223 562 2252 dimoveri
580 2226 672 2261 potui.
693 2226 766 2253 Cum
798 2226 970 2262 September
981 2235 1072 2264 appe-

252 2271 332 2304 teret,
345 2268 477 2304 despotte
486 2270 632 2298 Michaelis
643 2278 697 2298 con
699 2271 753 2305 jux
767 2271 921 2299 Theodora
930 2279 998 2299 cum
1012 2272 1072 2300 ﬁlio

252 2322 307 2342 suo
320 2314 484 2350 Nicephoro
497 2315 535 2343 ad
547 2315 748 2343 absolvendas
767 2316 900 2352 nuptias,
924 2317 965 2344 uti
987 2318 1074 2345 Joan-

252 2366 305 2386 nes
324 2359 497 2395 imperator,
532 2360 707 2396 imperantis
737 2363 830 2396 pater,
864 2364 932 2388 ante
963 2369 1077 2398 paucos

252 2411 349 2432 annos
371 2408 561 2440 convenerat,
582 2405 621 2433 ad
636 2405 847 2440 imperatorem
868 2406 1076 2442 proﬁciscitur,

1123 1557 1182 1586 οὐδ’
1209 1559 1272 1589 ὅλως
1308 1556 1425 1584 ἐνδοῦναι
1455 1555 1526 1593 εἶχον
1546 1554 1592 1586 τῆς
1617 1556 1649 1585 ἧς
1673 1553 1785 1591 ἔστερξα
1816 1556 1923 1588 γνώμης

1123 1606 1226 1641 μικρόν.
1244 1603 1334 1630 Πολλοὶ
1364 1602 1426 1638 γοῦν
1457 1606 1506 1627 τῶν
1540 1601 1683 1637 ἀρχιερέων
1719 1598 1844 1634 ἀφίκοντο
1860 1599 1922 1633 πρὸς

1123 1649 1176 1684 ἐμὲ,
1192 1647 1313 1676 ϐασιλικῆ
1334 1648 1388 1683 μὲν,
1423 1648 1456 1676 ὡς
1485 1646 1648 1681 ήπιστὰμην,
1675 1647 1707 1672 τῆ
1736 1646 1885 1679 πρόσταττε,
1901 1642 1921 1668 εἰ

1122 1695 1167 1719 καὶ
1182 1692 1273 1719 ἐκεῖνοι
1302 1691 1434 1718 λανθὰνειν
1462 1690 1562 1723 ἤθελον,
1596 1689 1695 1715 οἴκοθεν
1725 1687 1842 1723 λέγοντες
1865 1685 1921 1723 ὰφι-

1123 1738 1215 1764 κίσθαι
1230 1738 1293 1773 πρὸς
1307 1736 1350 1772 ἐμὴ
1369 1735 1453 1772 φιλίας
1484 1735 1565 1772 χάριν
1594 1736 1640 1759 καὶ
1671 1736 1797 1769 χρηστῆς
1829 1729 1919 1757 διαθὲ-

1125 1787 1188 1812 σιῶς
1214 1789 1220 1796 ·
1242 1780 1323 1806 πολλα
1352 1790 1380 1806 τε
1407 1779 1522 1815 λέγοντες
1545 1780 1573 1805 τό
1597 1779 1743 1815 ἀπόκροτον
1771 1776 1917 1802 καταλιπεῖν

1124 1837 1155 1863 με
1168 1831 1214 1857 τῆς
1228 1828 1333 1862 γνώμης
1351 1827 1396 1850 καὶ
1416 1827 1452 1859 τῷ
1481 1823 1585 1849 ϐασιλεῖ
1616 1822 1742 1854 ξυνελθεῖν
1772 1824 1816 1847 καὶ
1847 1819 1918 1850 αὖθις

1124 1871 1194 1906 αὐτῷ
1209 1872 1275 1907 πρὸς
1285 1871 1328 1895 τόν
1343 1873 1390 1900 τῆς
1411 1867 1530 1899 δουλείας
1560 1866 1732 1896 συνελαθῆναι
1764 1866 1851 1900 ζυγόν,
1867 1863 1917 1899 οὐχ

1125 1916 1244 1952 εὕρισκον
1270 1914 1332 1945 ὅλως
1353 1915 1484 1942 πειθήνιον
1504 1921 1511 1927 ’
1527 1913 1637 1948 ἔφασκον
1665 1912 1715 1948 γὰρ
1736 1912 1770 1940 ὡς
1789 1912 1855 1946 εἰπερ
1875 1918 1916 1944 μοι

1124 1960 1157 1987 τὰ
1175 1960 1349 1997 χρηστότατα
1368 1959 1380 1984 ό
1405 1957 1523 1987 ϐασιλεὺς
1543 1955 1712 1987 ἐπιδείξαιτο,
1733 1953 1824 1990 [Ρ-73]
1845 1956 1917 1980 όποία

1124 2003 1211 2034 οὐδεὶς
1241 2008 1290 2030 τῶν
1320 2002 1541 2039 βεϐασιλευκότων
1569 2001 1610 2028 ἐπί
1637 2010 1687 2026 τινι
1713 2004 1764 2026 τῶν
1795 2000 1914 2035 ὑπηρετε-

1126 2050 1225 2076 σὰντων
1241 2048 1310 2083 αὑτῷ
1335 2045 1478 2082 ἑπιδίιχεν,
1499 2047 1514 2076 ἡ
1537 2047 1569 2072 τὰ
1596 2048 1728 2082 χαὶριστα
1746 2046 1792 2070 καὶ
1811 2045 1914 2070 κάκιστα

1126 2095 1150 2121 ἐν
1184 2093 1240 2129 ἐμοὶ
1283 2093 1486 2128 κατεργάσαιτο,
1519 2089 1561 2117 οἶα
1589 2088 1672 2119 οὐδεὶς
1701 2088 1780 2120 ἄλλος
1811 2093 1857 2114 τῶν
1871 2090 1912 2116 ήπὶ

1126 2141 1207 2174 κακὶᾳ
1222 2133 1518 2173 περιϐοήτωνὲνοῦὃενὶ
1545 2139 1595 2161 τῶν
1626 2133 1745 2161 ἁπάντων
1777 2135 1912 2163 πεποίηκεν.

1127 2183 1182 2210 οὔθ’
1198 2184 1279 2212 οὕτως
1299 2181 1351 2207 οὔτ’
1364 2180 1464 2211 ἐκεὶνως
1479 2182 1516 2216 τῷ
1547 2179 1648 2206 ϐασιλεῖ
1683 2181 1752 2205 κατά
1766 2189 1793 2205 τι
1816 2177 1913 2205 δουλεύ-

1129 2238 1216 2264 σαιμι.
1238 2227 1303 2262 Ἐγὼ
1323 2227 1367 2262 μὲν
1387 2223 1430 2251 οὖν
1458 2226 1538 2255 οὕτως
1570 2225 1642 2260 εἶχον
1661 2226 1771 2260 γνώμης
1788 2226 1829 2249 καί
1859 2222 1913 2259 ἀξιε-

1127 2273 1236 2299 ταθέτου
1257 2274 1367 2297 σκοποῦ.
1388 2271 1462 2297 Ἐπεὶ
1482 2268 1512 2296 δὲ
1534 2269 1555 2287 ¹⁵
1575 2271 1621 2295 καὶ
1639 2269 1652 2294 ό
1672 2268 1840 2304 Σεπτέμϐριος
1858 2267 1914 2303 ἔξει-

1130 2320 1221 2346 στὴκιι
1238 2318 1289 2352 μὴν
1311 2317 1375 2350 ι34),
1396 2317 1441 2341 καὶ
1459 2315 1475 2344 ἡ
1496 2318 1542 2340 τοῦ
1562 2312 1693 2340 δεσπότου
1714 2313 1826 2349 Μιχαὴλ
1844 2313 1913 2342 ﬂii;-

1129 2372 1174 2398 γος
1202 2358 1328 2398 Θεοδώρα
1360 2361 1432 2396 παρὰ
1461 2361 1504 2386 τὸν
1524 2358 1633 2385 ϐασιλέα
1664 2357 1771 2394 ἆφικετο
1805 2357 1912 2394 μετὰιοῠ

1131 2408 1188 2433 υἱοῦ
1201 2405 1284 2436 αὐτῆς
1302 2407 1452 2442 Νικηφόρον
1468 2405 1497 2430 τὸ
1532 2405 1598 2439 πρὸς
1623 2405 1666 2429 τόν
1701 2402 1810 2429 ϐασιλέα
1841 2401 1912 2432 κῆδος

287 2454 310 2472 ⁵¹
327 2453 380 2480 ἐπεὶ
394 2452 423 2491 δξ
436 2462 528 2489 usque
544 2454 584 2481 ad
598 2453 718 2485 ξυνῆλθεν
735 2454 788 2481 lin.
808 2456 838 2482 Π
854 2455 908 2491 col.
924 2454 997 2491 sui]
1009 2455 1128 2491 'Aft'xno
1138 2452 1168 2491 δε
1187 2457 1231 2481 καὶ
1246 2455 1261 2483 ἡ
1278 2458 1324 2480 τοῦ
1337 2453 1466 2480 δεσπότου

1123 2452 1168 2491 His
1187 2457 1231 2481 καὶ
1246 2455 1261 2483 ἡ
1278 2458 1324 2480 τοῦ
1337 2453 1466 2480 δεσπότου
1487 2451 1603 2491 Μιχαὴλ
1628 2454 1692 2491 γυνῂ
1722 2450 1845 2491 Θεοδώρα
1858 2453 1912 2487 μετὰ

251 2493 296 2516 τοῦ
311 2493 369 2516 υἱοῦ
389 2481 485 2521 αὐτῆς¹
502 2492 652 2526 Νικηφόρον
672 2491 701 2515 τὸ
720 2491 784 2527 πρός
802 2492 844 2516 τόν
869 2489 977 2516 ϐασιλέα
986 2481 1074 2522 ’κῆδος
1094 2490 1333 2527 αποπληρώσοντες.
1354 2491 1385 2515 ’0
1405 2491 1449 2525 μεν
1469 2487 1512 2514 οὖν
1524 2481 1653 2518 ’ϐασιλεῦς
1669 2486 1782 2527 ξσπξυδε
1799 2481 1840 2516 τήν
1854 2481 1910 2514 655-

254 2526 392 2555 σαλονίκην
405 2521 744 2559 ταταλαϐεῑν,”σὶινείποντο’
758 2524 788 2551 δέ
802 2527 884 2562 τούτῳ
900 2527 965 2562 καὶῂ
983 2530 1028 2552 του
1053 2521 1183 2552 δεσποτόυ
1198 2521 1268 2562 ’γυνὴ
1290 2527 1355 2562 μετά
1382 2521 1428 2551 τόν]
1454 2527 1522 2562 uici),
1553 2526 1598 2550 καὶ
1620 2524 1679 2549 καθ’
1702 2521 1773 2562 ὀδόν
1790 2525 1829 2553 τὰς
1856 2533 1910 2562 συμ-

254 2536 392 2555 σαωνικην
405 2536 567 2559 ταταΛαοειν,
590 2536 738 2551 συνειποντο
758 2536 787 2551 σε
802 2536 884 2562 τουτίτ]
900 2536 965 2554 καιη
983 2536 1028 2552 του
1053 2536 1183 2552 σεσποτου
1203 2536 1268 2562 γυνη
1311 2536 1355 2551 Ξτα
1382 2536 1428 2551 του
1454 2536 1522 2558 υιου,
1553 2536 1598 2550 χαι
1620 2536 1670 2549 και]
1702 2536 1764 2549 ουωι
1790 2536 1829 2553 τας
1856 2536 1910 2559 Πυξί-

253 2561 341 2593 ϐασεις
356 2561 468 2594 ὶποίουν,
485 2563 530 2587 καί
558 2563 744 2597 συμπεφώνηκε
754 2564 797 2587 καί
830 2563 933 2588 ἄκουσα
949 2559 1040 2587 δοῦναι
1074 2564 1137 2599 πρὸς
1152 2564 1194 2588 τόν
1227 2536 1335 2587 ϐασιλέα
1368 2562 1401 2586 τὰ
1433 2559 1525 2597 Σέρϐια
1558 2562 1602 2585 καί
1635 2561 1664 2585 τὸ
1693 2558 1846 2596 Δυρ“ὰχιον.
1865 2560 1911 2586 Ἐπί

253 2600 355 2626 τούτοις
364 2599 409 2624 καί
442 2599 514 2626 ᾱοκοι
543 2596 696 2626 προύϐησαν
711 2600 755 2623 καί
784 2596 968 2626 ἀπεστάλησαν
987 2598 1053 2626 πρὸς
1070 2600 1114 2624 τόν
1130 2597 1251 2626 Μιγαὴλ.
1289 2599 1334 2623 καί
1349 2599 1374 2626 ὅς
1400 2598 1462 2623 ἑκὼν
1482 2597 1583 2622 ἀέκοντι
1601 2605 1631 2626 γε
1650 2596 1725 2626 θυμῷ
1746 2569 1869 2626 ξυνῆλθεν.
1885 2595 1910 2622 D.

252 2599 409 2629 τούτοιςκαί
442 2599 514 2634 ᾀοκοι
543 2596 696 2635 προύϐησαν
711 2600 755 2623 καί
784 2596 968 2626 ἁπεστὰλησαν
987 2598 1053 2634 πρὸς
1070 2596 1114 2624 τόν
1130 2597 1251 2634 Μιχαὴλ,
1289 2599 1334 2623 καί
1349 2599 1374 2627 ὅς
1400 2598 1462 2623 ἑκὼν
1482 2597 1583 2622 ἀέκοντί
1601 2605 1631 2631 γε
1650 2596 1725 2630 θυμῷ

1765 2595 1869 2624 υνῆλθεν.
1885 2595 1910 2622 D.

698 2685 868 2720 Theodori
892 2686 1016 2720 Dousa:
1041 2690 1074 2720 et
1097 2685 1225 2720 Leonis
1250 2685 1367 2719 Allatii
1393 2690 1493 2719 notae.

291 2780 348 2815 (34)
359 2780 388 2807 Ὀ
405 2780 575 2819 Σεπτίμϐριος
587 2781 719 2817 ἐφεστήκει
732 2783 792 2817 μήν.
810 2781 954 2815 Gregoras
967 2789 993 2808 ι).
1008 2781 1052 2808 57.
1067 2783 1135 2808 ALL.
