1966 3079
30 114 136 142 1169

842 109 1003 141 ANNALES
1010 131 1017 139 .

1686 113 1757 145 M70

27 185 93 202 τον
107 175 294 212 Παλαιολόγον
313 176 355 203 καὶ
374 175 399 202 οἰ
424 177 483 213 περὶ
512 175 554 202 τὸν
585 173 722 212 Λάσκαριν
750 176 803 209 ML;

976 172 1092 209 mologo
1104 173 1134 202 et
1141 172 1280 202 Michaele
1287 173 1405 202 Lasearl
1419 175 1514 208 erant,
1522 173 1594 203 talia
1607 175 1751 206 tulerunt.

31 219 148 247 τοιάδε
177 222 347 248 πεπόνθασιν.
373 220 445 248 Ἐπεὶ
473 222 520 249 τὴν
549 219 618 246 λείαν
648 217 672 244 ἓν
695 222 726 255 τῇ
757 217 866 256 Βεῤῥοία

34 267 228 300 πεποίηνται,
243 268 301 303 περὶ
315 267 360 292 τόν
375 265 399 292 ἐν
430 263 554 296 Βοδηνοῖς
585 268 673 301 χῶρον
701 262 863 299 ἐσκήνωσαν,

39 310 156 347 ὁμαλόν
186 320 215 337 τε
242 313 303 337 ὄντα
329 313 374 337 καὶ
401 310 436 342 εἰς
463 312 560 347 τροφὴν
591 309 675 336 ἳππων
715 310 862 346 χρήσιμον.

34 355 75 381 '0
95 354 260 386 ἀποστάτης
273 353 302 382 δὲ
323 354 436 391 Μιχαὴλ
459 355 472 381 ό
500 353 632 385 δεσπότης
666 353 701 379 τὰ
729 355 774 379 τοῦ
801 351 864 378 Ῥω-

36 403 156 436 μαῑκοῠ
193 401 388 438 στρατεύματος
415 398 529 436 ἀκριϐῶς
567 398 693 434 ἆγνωκὼς,
741 399 786 423 καὶ
828 397 865 427 εἰς

37 445 156 471 ὁπόσον
171 448 249 472 τοῦτο
265 445 411 482 ἠρίθμηται
429 446 474 470 καί
502 445 536 474 ὡς
559 443 626 472 πλὴν
647 443 739 478 ὀλίγων
757 442 788 468 τὸ
812 444 864 468 πᾶν

38 489 126 516 ἔστιν
153 489 276 526 ἀνωφελὲς
315 491 360 516 καὶ
396 488 558 526 ἀχρήσιμον,
601 487 708 523 ῧκλογὴν
748 487 863 516 ποιησά-

38 544 131 572 μωιος
153 534 206 561 ἀπὸ
230 536 326 565 παντὸς
341 534 421 561 αὐτοῦ
447 537 494 560 τοῦ
520 534 714 570 στρατεύματος
739 533 784 558 καὶ
809 531 863 558 οἷον

37 579 73 612 ἕξ
93 579 223 607 ἁπάντων
238 582 299 611 τοὺς
317 582 449 616 κρείττους
464 581 585 617 χωρίσας
608 581 653 604 καὶ
678 578 711 608 ὡς
739 577 772 608 εἰς
802 586 863 603 πεν-

37 627 200 656 τακοσίους
221 625 313 656 αὐτοὺς
344 624 507 662 ἀριθμήσας,
539 626 584 650 καὶ
616 624 763 659 στρατηγὸν
801 632 861 658 χει-

37 669 206 708 ροτονήσας
217 671 260 697 τὸν
271 671 343 697 νόθον
359 670 439 696 αὐτοῦ
474 670 530 696 υἱὸν
556 670 600 695 τὸν
627 666 764 704 Θεόδωρον
792 667 860 703 (51),

38 716 122 742 κατὰ
138 719 187 742 τοὺ
202 715 347 752 Ῥωμαϊκοῦ
372 715 567 752 στρατεύματος
592 715 735 750 πέπομφεν.
761 711 862 748 Ἔτυχε

42 759 79 787 δὶ
98 764 139 796 τῷ
163 761 222 787 τότε
246 763 290 786 καὶ
317 761 330 786 ὁ
350 758 517 797 Λαμπαρδάς
543 758 667 788 Μανουὴλ
688 758 752 794 μετὰ
774 766 860 794 στρα-

41 806 187 841 τεύματος
203 803 388 843 συρφετώδους
412 806 455 831 καὶ
471 801 616 840 ξύγκλυδος
639 803 704 839 πρὸς
731 805 777 829 τοῦ
808 801 861 838 βα-

921 219 1049 247 Βοιτωω
1064 219 1168 247 omnia.
1180 218 1346 255 depraedati
1354 218 1438 255 apud
1450 219 1585 247 Bodenos
1592 222 1692 250 castra
1705 222 1750 250 lo-

922 265 1001 298 cant,
1016 263 1171 299 planitiem
1191 263 1318 292 fertilem
1330 263 1507 300 alendisque
1517 264 1601 300 equis
1615 266 1751 302 apprime

920 308 1072 337 idoneam.
1104 307 1225 337 Michael
1254 308 1382 345 despota
1409 307 1542 336 defector
1582 311 1751 340 Romanum

921 353 1056 388 militem,
1069 356 1201 391 quantus
1220 355 1307 385 esset,
1324 356 1352 382 et
1371 353 1451 382 illius
1474 361 1636 383 numerum
1662 356 1752 392 plane

921 398 1044 433 callens,
1059 406 1095 426 ex
1113 398 1231 434 illisque
1246 400 1354 434 praeter
1363 406 1478 435 paucos
1492 398 1624 435 reliquos
1645 408 1752 428 omnes

920 451 1016 480 neque
1029 443 1097 471 usui
1109 450 1207 480 neque
1221 442 1273 471 ulli
1287 443 1369 471 bono
1384 451 1458 479 esse,
1472 451 1508 471 ex
1529 444 1667 472 universo
1695 453 1750 474 suo

920 487 1052 516 exercitu
1065 488 1148 516 electi
1158 490 1186 516 et
1200 496 1236 516 ex
1251 488 1366 516 cunctis
1381 488 1605 524 probatioribus
1630 490 1751 518 secretis

920 532 1073 569 quingenti
1085 540 1221 566 numero,
1233 532 1294 561 ﬁlio
1309 541 1364 561 suo
1387 533 1489 569 spurio
1517 533 1673 562 Theodoro
1697 535 1751 562 du-

919 578 999 605 ctore
1012 578 1172 605 constituto
1184 577 1213 605 in
1229 578 1380 606 Romanas
1391 577 1529 605 cohortes
1542 578 1682 607 immittit.
1709 580 1750 608 Ea

919 621 1009 649 etiam
1024 623 1199 658 tempestate
1215 621 1329 649 Manuel
1343 622 1529 658 Lampardas
1544 630 1614 651 eum
1638 624 1748 651 tumul-

919 666 1016 694 tuario
1027 674 1062 694 ac
1069 666 1224 694 collectitio
1236 667 1366 695 exercitu
1377 666 1416 694 ab
1427 667 1616 702 imperatore,
1625 670 1657 695 ut
1677 677 1748 698 cum

918 710 984 738 aliis
995 711 1123 739 ducibus
1137 713 1363 747 aggregaretur,
1380 711 1512 739 mittitur.
1522 711 1577 740 Sed
1586 712 1666 740 enim
1680 712 1744 748 ipse

919 763 997 789 aegre
1008 755 1122 784 ferebat
1140 764 1191 784 eos
1206 756 1342 793 praedam
1352 756 1554 792 praeripuisse,
1566 756 1659 784 semel
1669 757 1744 786 lucri

918 803 1070 837 expertem
1079 800 1173 830 labori
1185 809 1351 837 superesse.
1364 801 1483 829 Interim
1499 801 1572 829 dum
1597 802 1745 831 haecinter

42 849 150 881 σιλέως
169 849 324 880 ἀποσταλεὶς
350 852 404 881 τοῖς
431 848 576 886 προσοῦσιν
603 849 716 884 ἡγεμόσι
746 856 818 883 συγκη

967 845 1123 874 conferunt
1131 846 1286 883 copiarum
1302 845 1451 879 ductores,
1462 846 1535 874 viles
1558 846 1743 884 abjeoteeque

40 904 109 930 σαι,
137 897 184 921 καὶ
209 896 384 932 κατεμέμφετο
414 893 506 924 αὐτοὺς
532 895 567 925 ὡς
595 891 770 929 προλαϐόντας
816 894 861 918 καὶ

41 941 101 968 τὴν
124 939 196 966 λείαν
223 938 423 975 ὶργασαμένους,
451 937 568 964 κάκεῖνον
601 935 631 964 δὲ
655 938 764 974 ἄμοιρον
787 938 860 972 γενέ-

45 985 119 1010 σθαι
133 987 182 1010 τοῦ
197 981 319 1020 κέρδους.
335 983 376 1010 Ἐν
392 984 428 1014 οἷς
454 987 517 1019 γοῦν
543 984 576 1009 τὰ
602 985 711 1008 τοιαῦτα
741 991 859 1018 συνωμι-

39 1028 146 1055 λοῦντο
168 1030 193 1055 οἱ
213 1032 258 1055 τοῦ
285 1029 481 1065 στρατεύματος
513 1029 646 1064 ἡγεμόνες,
677 1028 707 1053 τὸ
735 1027 785 1053 ὑπὸ
814 1027 858 1052 τὸν

41 1072 224 1110 Λαμπαρδάν
238 1073 359 1103 Μανουὴλ
388 1071 550 1111 συρφετώδεις
583 1073 743 1110 στράτευμα,
769 1070 802 1097 ὧν
833 1071 858 1097 οἰ

41 1119 158 1149 πλείους
183 1117 334 1154 ὶπωχοῦντο
361 1117 473 1156 φορϐάσι
497 1119 543 1144 καὶ
582 1116 654 1153 εἶχον
694 1116 775 1147 αὐτὰς
824 1117 858 1142 τὰ

39 1161 172 1200 χρειώδη
200 1165 417 1200 πεφορτισμένας,
442 1165 478 1199 μὴ
508 1166 558 1188 τῶν
599 1161 681 1188 ἄλλων
724 1162 856 1198 ἡγεμόνων

40 1207 160 1235 εἰδότων
177 1209 281 1244 εἴχοντο
292 1212 339 1238 τῆς
354 1206 418 1234 ὁδοῦ
432 1212 479 1239 τῆς
495 1206 712 1245 παραμειϐούσης
732 1207 762 1232 τὸ
787 1206 856 1232 ἄστυ

37 1257 96 1280 τῶν
125 1251 257 1287 Βοδηνῶν,
283 1254 327 1279 ἵνα
354 1254 478 1290 πρότερον
502 1255 552 1278 τῶν
590 1251 672 1277 ἀλλων
710 1249 856 1280 διελθόντες

39 1298 119 1325 λείαν
139 1300 186 1324 καὶ
206 1297 277 1325 οὗτοι
303 1300 469 1327 ποιήσαιντο.
496 1298 652 1326 Ξυνηντήκει
678 1299 740 1332 γοῦν
768 1295 856 1326 αὐτοῖς

41 1342 69 1369 ἰν
82 1347 116 1379 τῇ
135 1342 232 1369 κλείσιι
247 1346 297 1369 τῶν
312 1341 336 1368 ἄν
351 1346 406 1373 τοῖς
422 1340 546 1373 Βοδηνοῖς
566 1341 630 1380 ὀρῶν
654 1343 683 1368 τὸ
711 1340 854 1367 ἁποοταλὶν

43 1389 118 1424 πρὸς
146 1390 193 1414 τοῦ
220 1386 370 1414 ἁποστάτου
400 1387 512 1423 Μιχαὴλ
539 1387 689 1424 στράτευμα
716 1387 779 1423 πρὸς
806 1386 855 1414 τὴν

42 1436 100 1458 τῶν
131 1431 264 1468 Ῥωμαίων
285 1431 505 1468 καταπολέμησιν.
538 1429 649 1467 Ἀνδρις
683 1433 748 1466 γοῦν
772 1439 853 1468 στρα-

42 1481 144 1503 τιῶται
168 1480 280 1513 γινναῖοι
308 1476 460 1513 ὐῲαύχεσιν
490 1477 579 1506 ἰπποις
607 1475 779 1512 ἐποχούμενοι
808 1477 853 1502 καὶ

41 1524 104 1553 τοῖς
130 1521 217 1554 ὅπλοις
240 1523 420 1559 κατάφρακτοι
449 1521 642 1558 ἀνθρωπίσκοις
679 1520 888 1557 ξυντυχόντεςσ

42 1565 156 1596 ἀόπλοις
188 1568 233 1592 καὶ
259 1566 375 1602 ἀγεννέσι
400 1568 444 1593 καὶ
466 1566 581 1597 θηλείαις
606 1567 694 1596 ἵπποις
727 1564 852 1601 ἐφεζομέ-

41 1621 102 1642 νοις
117 1611 141 1637 ἐν
159 1610 253 1648 ἀκαρεί
281 1613 380 1643 παντᾶς
413 1611 553 1649 ὶτρέψαντο
581 1612 699 1642 τούτους.
731 1608 851 1646 Φυγάδες

40 1660 109 1693 γοῦν
129 1657 191 1683 ἔνιοι
210 1656 237 1683 ἐκ
270 1659 365 1683 τούτων
397 1658 560 1693 γεγενημένοι
601 1658 647 1682 καὶ
695 1657 761 1692 πρὸς
805 1656 850 1682 τὸν

42 1702 182 1738 Κομνηνὸν
209 1701 321 1737 Μιχαὴλ
350 1700 484 1738 ἀφιγμένοι
513 1700 673 1737 ἀπήγγειλαν
708 1704 778 1736 αυτῷ
816 1700 851 1726 τὰ

42 1745 231 1782 ξυμϐάντα.“0
247 1744 276 1772 δὲ
294 1745 340 1772 οὐκ
369 1745 481 1784 ὶθροήθη
506 1749 542 1781 τῷ
571 1743 704 1782 αἰφνιδίῳ,
736 1744 849 1782 ἰσχυρὸς

42 1789 76 1818 δὲ
97 1790 132 1817 ὡν
146 1792 194 1819 τὴν
215 1794 295 1828 χεῖρα
322 1793 366 1817 καὶ
392 1792 440 1820 τήν
466 1793 571 1827 γνώμην
601 1788 718 1826 ἀνδρείος
742 1792 787 1816 καὶ
815 1790 849 1816 τὰ

41 1836 157 1873 μάχιμα
176 1836 295 1873 ἔμπειρος
326 1835 443 1871 (πολλοῖς
477 1837 528 1872 γὰρ
559 1838 604 1862 καὶ
637 1837 758 1872 πρότερον
792 1838 848 1866 τοῖς

41 1879 195 1918 πολεμικοῖς
210 1880 416 1917 ἐγγιγύμναστο)
437 1879 570 1912 ὁπλισθιὶς
601 1882 645 1906 καὶ
674 1878 740 1918 δορυ
763 1879 847 1906 λαϐὼν

41 1928 90 1952 καὶ
109 1927 139 1952 τὸ
158 1927 355 1963 στρατιωτικόν,
385 1926 445 1962 ὅπερ
466 1924 496 1954 ἦν
529 1925 579 1951 ὑπὸ
617 1926 660 1951 τὸν
710 1925 847 1962 Λάσκαριν

41 1969 158 2006 Μιχαὴλ
177 1969 205 1996 ἔκ
225 1970 405 2006 Παφλαγονίας
430 1971 579 2007 ὡρμημένον
608 1972 653 1996 καὶ
685 1969 720 2001 εἰς
753 1971 847 1998 πεντή-

40 2024 122 2042 κοντα
147 2013 247 2052 ἄνδρας
272 2015 447 2053 ἠριθμημένον
477 2015 568 2050 (ἐκεῖνο
595 2016 640 2040 καὶ
675 2015 726 2051 γὰρ
769 2015 846 2050 μόνον

41 2060 173 2096 ἐτύγχανε
197 2063 247 2086 τῶν
272 2059 353 2086 ἄλλων
371 2063 486 2096 κρεῖττον
513 2061 558 2086 καὶ
582 2059 730 2095 πολεμῆσαι
763 2056 845 2084 δυνά-

41 2106 141 2141 μενον),
161 2105 229 2131 κατά
244 2108 294 2131 τῶν
314 2103 433 2130 ἐναντίων
471 2105 548 2140 ὁρμᾷ.
589 2103 619 2130 Ὀ
642 2101 671 2130 δὲ
708 2103 845 2137 Δάσκαρις

41 2148 166 2185 Μιχαὴλ,
196 2150 230 2180 ὡς
258 2149 352 2183 εἰώθει,
384 2148 413 2175 οὔ
453 2149 558 2186 Θώρακα
589 2147 653 2174 ἀλλα
687 2146 844 2186 θωρακὶδιον

42 2192 206 2226 ὑπενδυθεὶς,
231 2195 263 2225 ὡς
286 2193 317 2220 ἂν
339 2195 398 2230 ἔχοι
418 2192 518 2232 ῥᾳδίως
545 2194 656 2230 φεύγειν,
672 2192 700 2220 ix
730 2193 842 2229 πλαγίου
863 2213 885 2240 D

42 2243 92 2270 τῆς
107 2240 200 2275 μάχης
222 2237 252 2268 ἧν
274 2241 318 2265 καὶ
347 2238 453 2265 ἐσκόπει
480 2240 510 2265 τὸ
540 2240 718 2275 γενησόμενον.
744 2237 774 2264 Ὀ
797 2239 842 2274 μὲν

43 2287 88 2310 οὖν
110 2285 242 2320 Κομνηνός
264 2283 375 2319 Μιχαὴλ
403 2287 439 2319 τῷ
464 2285 572 2320 πρώτως
595 2282 727 2321 ἐρχομένῳ
752 2282 843 2314 ξυναν-

42 2331 126 2358 τήσας
147 2327 236 2364 βάλλει
259 2331 295 2364 τῷ
319 2326 413 2366 δόρατι
438 2330 484 2354 καὶ
507 2328 596 2366 ῥίπτει
623 2332 670 2360 τῆς
699 2325 842 2365 εφετρίδος·

42 2372 74 2404 ἦν
90 2371 120 2400 δι
137 2373 150 2398 ό
168 2373 257 2410 ῥηθεὶς
284 2376 330 2399 τοῦ
360 2372 509 2400 ἁποστοίτον
544 2372 656 2410 Μιχαὴλ
687 2373 760 2403 νόθος
788 2373 844 2404 υἱὸς

42 2415 188 2455 Θεόδωρος.
203 2421 254 2444 Τοῦ
268 2420 406 2455 πτώματος
429 2421 490 2454 γοῦν
514 2417 627 2449 ἀναστάς
652 2417 728 2448 οὗτος
756 2426 840 2455 προσ-

42 2462 140 2500 έδραμε
153 2467 190 2499 τῷ
204 2466 327 2500 Κομνηνῷ
347 2463 468 2500 Μιχαὴλ,
495 2462 536 2500 [Ρ.
564 2462 611 2500 82]
638 2465 684 2490 καὶ
710 2461 842 2490 ἐδυσώπει

40 2539 79 2571 τῷ
95 2538 235 2579 στρατηγῷ
248 2537 294 2561 τοῦ
308 2533 457 2561 ἁποστάτου
474 2532 602 2572 Θεοδώρῳ
615 2534 746 2579 συρρήξας
760 2533 850 2571 βάλλιι
861 2537 950 2561 τοῦτον
966 2537 1012 2560 τοῦ
1024 2533 1161 2579 ῖππονικαί
1173 2532 1258 2561 ἱκέτην
1277 2533 1340 2569 ὑπὲρ
1367 2536 1414 2558 τοῦ

42 2575 64 2579 .-
143 2573 148 2579 ν
263 2571 276 2579 ν
339 2575 348 2578 ν
412 2574 432 2579 ι-
455 2572 460 2578 l
572 2573 575 2577 ι
638 2573 642 2579 ι
895 2573 904 2577 -
975 2573 994 2579 εν
1017 2572 1022 2578 ι
1045 2569 1051 2576 ⁸
1092 2571 1097 2576 ’
1156 2577 1176 2579 κ.
1204 2570 1260 2579 ῙγΙΑ
1279 2571 1321 2579 κγ.-
1346 2567 1410 2579 {7,7

917 891 1058 921 Manuelis
1071 891 1246 927 Lampardaz
1259 891 1405 920 cohortes.
1423 899 1459 920 ex
1479 891 1591 927 quibus
1610 891 1744 928 plerique

916 935 1089 971 gregalibus
1111 936 1195 972 equis
1218 943 1319 964 rerum
1351 935 1590 964 necessariarum
1627 937 1743 965 onustis

917 981 1112 1015 vehebantur,
1128 980 1228 1009 insciis
1242 981 1307 1009 aliis
1322 981 1451 1009 ducibus
1465 981 1551 1015 inter,
1567 981 1650 1018 quod
1664 982 1742 1013 ultra

917 1025 1104 1054 Bodenorum
1111 1025 1259 1062 oppidum
1269 1025 1496 1057 extendebatur,
1508 1026 1694 1061 continuant,
1711 1028 1744 1055 ut

914 1070 979 1099 aliis
995 1071 1159 1100 anteversis
1182 1071 1240 1107 ipsi
1256 1079 1377 1107 quoque
1396 1071 1530 1109 praedam
1551 1079 1742 1108 praeoccupa-

912 1118 988 1144 rent.
997 1115 1054 1144 Illis
1067 1115 1190 1144 obviam
1199 1115 1272 1143 ﬁtin
1284 1116 1472 1144 Bodenorum
1493 1117 1513 1151 ι
1522 1116 1575 1155 57
1591 1116 1741 1145 montium

913 1160 1049 1189 claustris
1062 1160 1210 1189 Michaelis
1221 1160 1378 1188 defectoris
1389 1168 1498 1195 agmen
1507 1161 1546 1189 ad
1561 1168 1740 1197 oppugnan.

912 1206 968 1234 dos
984 1207 1135 1234 Romanos
1150 1206 1373 1234 transmissum.
1393 1205 1494 1234 Milites
1507 1214 1577 1242 ergo
1589 1206 1678 1234 fortes
1703 1214 1739 1234 ae

912 1251 1033 1284 strenui,
1055 1251 1190 1288 superbis
1212 1250 1298 1287 equis
1329 1250 1406 1278 vecti
1432 1253 1459 1279 et
1486 1251 1578 1279 armis
1605 1251 1738 1288 undique

911 1296 997 1332 septi,
1013 1296 1233 1324 homunciones
1253 1296 1383 1324 inermes
1409 1303 1443 1324 ac
1465 1296 1598 1333 putidos,
1623 1296 1738 1333 equulis

911 1341 1084 1374 insidentes,
1093 1340 1175 1369 nulla
1182 1348 1267 1369 mora
1274 1348 1379 1368 omnes
1387 1342 1470 1376 terga
1483 1344 1595 1369 vertere
1603 1348 1738 1376 coegere.

912 1387 952 1414 Ex
967 1385 1013 1413 his
1027 1385 1174 1419 nonnulli,
1191 1385 1244 1421 qui
1271 1385 1329 1413 sibi
1352 1385 1425 1420 fuga
1457 1385 1678 1422 consuluerant,
1700 1385 1740 1414 ad

910 1429 1082 1460 Michaelem
1101 1431 1287 1458 Comnenum
1314 1429 1522 1463 concedentes,
1548 1438 1739 1467 qutecunque

911 1474 1081 1503 acciderant
1109 1476 1259 1502 enarrant.
1285 1474 1334 1502 llle
1361 1482 1393 1502 re
1417 1474 1537 1503 insolita
1568 1477 1658 1512 atque
1683 1476 1739 1503 im-

911 1520 1034 1557 provisa
1043 1519 1167 1548 minime
1183 1521 1401 1554 consternatus,
1418 1519 1462 1547 vir
1488 1527 1581 1548 manu
1608 1519 1738 1554 validus,

911 1567 1020 1594 natura
1037 1565 1132 1598 fortis,
1151 1564 1263 1592 militiae
1286 1572 1399 1600 magna
1426 1564 1550 1592 scientia
1584 1567 1611 1593 ct
1634 1565 1737 1592 animo

910 1610 1024 1645 ingenti
1046 1609 1179 1643 celebris,
1209 1611 1355 1645 tanquam
1373 1608 1426 1645 qui
1458 1611 1486 1636 et
1512 1610 1600 1637 antea
1626 1608 1735 1645 praeliis

906 1657 1112 1688 consueverat,
1127 1655 1272 1687 armatus,
1285 1654 1375 1682 hasta
1393 1655 1522 1689 arrepta,
1550 1656 1579 1682 et
1600 1653 1732 1688 agmine,

905 1700 988 1736 quod
1012 1699 1134 1728 Michael
1154 1698 1289 1727 Lascaris
1322 1706 1338 1726 e
1361 1698 1565 1735 Paphlagonia
1593 1698 1730 1732 duxerat,

905 1743 1126 1781 quinquaginta
1136 1745 1250 1771 tantum
1278 1742 1438 1771 hominum
1465 1742 1615 1771 conducto
1642 1742 1728 1779 (illud

903 1797 1036 1825 namque
1047 1788 1144 1816 solum
1159 1795 1295 1824 pugnam
1312 1787 1458 1816 sustinere
1472 1787 1515 1815 uti
1529 1787 1642 1816 caeteris
1656 1796 1730 1824 prze~

904 1834 1031 1862 stantius
1045 1834 1172 1870 poterat)
1187 1833 1217 1861 in
1229 1833 1330 1861 hostes
1346 1840 1431 1861 armo
1457 1835 1568 1861 movet.
1592 1833 1727 1860 Lascaris

903 1879 1024 1908 Michael
1049 1886 1104 1915 pro
1131 1886 1186 1906 suo
1215 1885 1299 1906 more
1318 1886 1379 1906 non
1404 1877 1508 1909 lorica.
1524 1877 1576 1905 sed
1603 1877 1729 1906 loricula

903 1923 1116 1956 circumdatus,
1133 1925 1165 1951 ut
1175 1922 1341 1959 expeditius
1365 1922 1396 1950 in
1409 1922 1513 1957 fugam
1527 1930 1592 1950 sese
1604 1922 1731 1958 conjice-

902 1971 956 2002 ret,
973 1977 989 1997 e
1002 1968 1094 1996 latere
1107 1975 1217 2004 pugnae
1232 1969 1373 1995 eventum
1384 1967 1535 1996 observat.
1545 1969 1580 1996 At
1607 1969 1732 1996 Comne-

901 2021 959 2041 nus
975 2012 1096 2042 Michael
1113 2012 1210 2049 primo
1225 2011 1358 2040 hostium
1386 2012 1509 2040 obviam
1533 2011 1628 2041 factus
1644 2011 1731 2041 hasta

900 2065 1077 2094 percussum
1100 2056 1206 2092 sagulo
1225 2056 1315 2093 pellit.
1340 2058 1408 2085 Erat
1420 2057 1445 2084 is
1462 2065 1555 2094 quem
1583 2056 1729 2090 diximus,

901 2103 1047 2132 Michaelis
1058 2101 1214 2130 delector-is
1228 2101 1305 2129 filius
1328 2102 1447 2139 spurius
1468 2102 1652 2137 Theodorus,
1676 2102 1729 2139 qui

900 2148 989 2185 lapsu
1000 2147 1172 2176 sublevatus
1187 2147 1319 2175 Michaeli
1339 2147 1491 2176 Comneno
1520 2147 1725 2184 supplicatum

900 2192 991 2227 venit,
1012 2191 1174 2228 multisque
1193 2191 1292 2219 verbis
1313 2198 1350 2219 ne
1371 2192 1436 2220 neci
1457 2191 1622 2220 traderetur
1645 2192 1728 2221 efﬂa-

901 2237 1024 2272 gitabat.
1043 2238 1118 2264 Eum
1139 2235 1261 2265 Michael
1279 2243 1377 2272 neque
1398 2237 1601 2271 cognoscebat
1625 2245 1726 2273 neque

898 2282 968 2319 quis
979 2284 1057 2310 esset
1067 2281 1198 2315 sciebat;
1212 2289 1306 2318 quare
1320 2282 1420 2309 Turcte
1447 2281 1569 2310 cuidam
1598 2281 1725 2310 traditus

899 2327 1052 2356 occiditur.
1070 2326 1140 2354 Dein
1153 2325 1361 2362 Paphlagones
1386 2333 1496 2362 pugna:
1511 2327 1634 2355 comites
1654 2335 1724 2355 cum

898 2372 1019 2408 reliquis
1026 2371 1219 2406 conﬂigentes
1233 2372 1254 2406 ι
1263 2371 1320 2407 53
1329 2370 1405 2398 alius
1415 2371 1507 2399 alium
1519 2371 1723 2400 trucidebant:

898 2416 1081 2453 tandemque
1103 2423 1206 2453 pugna
1231 2418 1364 2444 extrema
1386 2415 1535 2444 Michaelis
1561 2416 1724 2444 defectoris

898 2462 1005 2491 milites
1017 2460 1095 2496 fugae
1105 2469 1137 2489 se
1143 2460 1262 2495 dedere,
1270 2460 1418 2489 Michaelis
1430 2461 1574 2489 Comneni
1582 2460 1687 2496 viginti
1696 2463 1725 2489 et

1460 2534 1475 2562 ὴ
1506 2533 1588 2558 θανεῖν
1604 2530 1724 2567 δεχεται.

42 2567 232 2608 Παραδὶδωσιν
246 2571 290 2597 οὖν
303 2575 393 2597 τοῦτον
412 2572 519 2607 Τούρκῳ
529 2567 689 2606 τινὶ,’καὶ”ὂς
707 2567 845 2607 πεφονευκι
859 2573 959 2597 τοῦτον.
975 2572 1027 2596 Καὶ
1042 2568 1180 2606 ἐτρέψαντο
1200 2570 1261 2599 τοὺς
1276 2567 1330 2594 ’ποῦ’
1341 2567 1501 2596 ἁποστοίτου.
1516 2567 1578 2595 Εἶτα
1598 2567 1721 2604 ἀφίκοντο

41 2606 159 2645 πρὸςτόν
175 2606 317 2644 Πρίλαπον,
330 2609 375 2634 καὶ
391 2607 481 2644 ὀλίγας
491 2607 588 2645 ἡμέρας
603 2606 803 2644 προσμείναντες
822 2606 1000 2644 ὑπέστρεψαν.

486 2695 657 2730 Theodori
681 2696 807 2731 Dousa:
831 2699 864 2729 et
887 2695 1014 2730 Leonis
1038 2694 1156 2730 Allatii
1182 2698 1283 2729 notae.

79 2795 135 2832 (51)
151 2793 298 2834 Θεόδωρος.
312 2793 520 2832 Pachymeres,
535 2802 566 2832 p.
587 2795 632 2830 26,
651 2796 740 2825 vocat
753 2794 855 2825 Manue

234 2804 298 2834 ιιρος.
312 2793 520 2832 Pachymeres,
535 2802 566 2832 p.
587 2795 632 2830 26,
651 2796 740 2825 vocat
753 2793 928 2831 Manuelem,
943 2794 1010 2822 ALL.
