1966 3079
16 108 38 135 1
50 109 126 138 189

813 111 984 144 ΑΝΝΑιΕε.

1670 118 1742 149 ηοο

18 173 76 204 δή
108 186 187 209 τινος,
206 174 301 206 πολλῆς
320 179 367 205 τῆς
398 173 496 206 ἡδονῆς
524 174 710 212 ἐμφορούμενον
733 178 778 202 καὶ
803 176 857 202 ἐπὶ-

946 184 1050 205 omnes
1057 180 1202 214 poterant.
1211 179 1474 213 Quemadmodum
1485 180 1576 213 enim,
1588 181 1662 209 dum
1672 183 1741 218 quis

19 225 152 258 χαῖρον
169 224 222 250 τοίς
238 221 406 256 πράγμασιν.
421 219 522 255 Ὠσπερ
541 222 589 256 γὰρ
604 229 642 250 τις
673 220 699 246 ἐκ
727 223 857 257 σκοτομή-

19 275 99 296 νης
129 265 239 302 βαθείας
285 265 338 299 (80)
385 263 422 294 εἰς
447 265 630 300 καθαρώτατον
664 265 738 294 ἡλίου
765 267 858 301 φέγγος

22 309 146 338 ἐπέλθῃ
160 312 174 338 ἤ
190 311 233 335 καὶ
247 308 297 334 ἀπο
313 307 446 338 κλύδωνος
475 308 507 338 εἰς
521 309 636 343 ’γαλήνην
651 309 664 338 ἡ
701 309 728 334 ἐκ
759 314 857 345 χειμῶ-

19 363 90 384 νος
124 354 160 384 εἰς
192 355 236 390 ἔαρ
270 354 285 382 ἦ
315 352 348 382 εἰς
371 355 492 388 νηνεμίαν
512 352 538 378 ἐκ
569 353 700 383 λαίλαπος.
734 353 783 378 κάκ
810 358 856 384 τῆς

20 398 148 428 πολλῆς
168 397 239 428 ἀνίας
262 398 446 434 μεταμειφθιίη
471 397 505 427 εἰς
523 395 632 429 ἡδονήν,
668 398 748 427 οὕτως
776 398 856 424 ἃπαν-

18 452 89 473 τες
114 442 270 478 ἐπεγάνυντο
299 444 344 467 καὶ
372 441 495 478 ἐσκίρτων
521 441 562 477 ὑφ’
591 440 697 474 ἡδονῆς,
729 446 775 473 τῆς
794 452 855 479 προ-

18 491 125 524 τέρας
154 487 348 523 ἐπιλελησμένοι
371 485 547 523 ἁλγεινοτέρας
571 496 615 512 και
640 490 732 523 πικρᾶς
759 486 856 522 διαγω-

20 536 71 567 Ίῆ
81 543 104 562 ς.
130 533 164 558 Οἱ
180 533 225 567 μὲν
241 531 284 557 οὖν
295 531 318 556 ἐν
333 535 364 559 τῆ
380 534 573 557 Κωνσταντινου
588 531 659 557 πόλει
675 534 782 558 Λατῖνοι
798 532 854 566 (81)

22 578 114 602 καὶὸ
133 576 158 602 ἐν
173 576 260 606 αὐτοῖς
274 577 347 610 τάχα
371 575 516 611 βασιλεύων
538 574 691 606 Βαλὸουῖνος
717 576 855 613 πρεσϐείαν

24 623 170 647 ἔστειλαν
186 622 247 656 πρὸς
262 622 305 646 τὸν
325 619 447 656 βασιλεα,
477 620 609 655 ὑπέρογκα
633 630 692 646 τινα
721 622 855 652 ζητοῦντες

23 669 91 692 καὶ
130 668 232 691 ατόπων
274 665 336 690 ὄντα
361 663 444 699 ἐγγύς·
473 670 699 700 καταφρονητικῶς
722 666 772 702 γὰρ
798 663 856 691 δια-

26 712 166 740 τεθέντες
181 712 246 747 πρὸς
264 711 306 735 τὸν
321 709 432 745 βασιλέα
448 710 482 739 ως
492 713 535 734 νῦν
566 714 613 739 τῆς
638 708 726 745 ἀρχῆς
752 709 856 746 ἁψάμε-

26 765 91 781 νον
111 755 222 791 βαρείας
237 756 281 784 τὰς
317 753 442 783 ζητήσεις
468 753 580 779 ἐποίουν.
611 756 660 779 Καὶ
682 758 782 790 πρῶτον
812 757 856 790 μὲν

30 799 167 835 ἤρξαντο
184 798 234 824 απὸ
250 803 297 829 τῆς
312 797 408 828 πόλεως
430 797 622 827 Θεσσαλονίκης
651 799 782 824 ποιεῖσθαι
810 801 856 828 τὴν

29 845 178 875 ζήτησιν,
212 843 252 869 ἵνα
270 843 399 879 παράσχη
414 843 509 870 ταύτην
524 843 628 872 τούτοις
643 843 655 867 ό
676 841 798 878 βασιλεὺς
813 846 857 869 καὶ

31 892 144 914 πᾶσαν
159 890 206 916 τήν
222 887 300 915 οἶλλην
313 890 405 924 χώραν
430 887 498 922 ἄχρι
519 888 564 912 καὶ
587 891 632 916 τῆς
663 890 856 913 Κωνσταντίνου

32 931 189 963 ει·3τῆς.’()
217 930 246 958 δὲ
281 930 404 967 βασιλεὺς
431 935 480 956 τῶν
512 931 635 956 τοιούτων
666 930 858 967 ἀκροασάμενος

34 977 218 1013 ἀστειότερον
233 977 295 1012 πρὸς
311 978 375 1011 σφᾶς
399 975 494 1006 αὐτοὺς
515 977 558 1001 τὸν
586 975 712 1010 ἀπολογον
738 977 858 1004 ἐποιήσα-

34 1031 89 1054 το,
104 1022 154 1050 ὡς.
170 1031 184 1046 ι
194 1020 223 1046 Ἠ
237 1020 311 1050 πόλις
322 1019 388 1048 αὕτη
400 1021 494 1055 πατρίς
502 1029 552 1055 μου
565 1020 591 1045 οἶ
600 1021 765 1055 οντυγχάνει·
794 1019 856 1046 ἐκεῖ-

40 1075 79 1091 σε
96 1066 148 1102 γὰρ
163 1065 176 1090 ό
193 1064 253 1100 ἐμὸς
267 1066 351 1101 πατὴρ
369 1065 529 1099 ἡγεμόνευεν,
547 1065 573 1090 ὃν
595 1066 638 1090 καὶ
667 1065 741 1100 ὑμεῖς
768 1063 858 1091 οἴδατε

38 1112 94 1135 τὸν
112 1111 195 1145 μέγαν
219 1107 384 1144 depictum».
409 1107 486 1133 Ἀλλὰ
507 1110 553 1133 καὶ
578 1107 602 1134 ἐν
634 1108 699 1138 αὐτῆ
733 1107 806 1139 οὗτος
828 1111 856 1135 τὸ

40 1154 100 1184 ζῆν
136 1153 314 1190 ἐξεμέτρησεν,
342 1155 386 1178 καὶ
411 1155 440 1178 τὸ
477 1157 554 1188 σωμα
576 1152 654 1178 αὑτοῦ
680 1152 762 1179 ἐκεῖσε
785 1155 857 1180 τέθα-

38 1208 128 1225 πται.
146 1202 205 1228 Πῶς
215 1198 258 1223 οὖν
283 1196 340 1223 δίον
365 1197 420 1223 ἐστι
444 1199 538 1225 ταύτην
563 1199 610 1226 τήν
636 1197 709 1223 πόλιν
740 1198 790 1228 ἔξω
811 1202 857 1228 τῆς

38 1243 114 1279 ἐμῆς
129 1242 272 1278 τυγχάνειν
287 1241 373 1279 ἀρχῆς
389 1250 395 1274 ;
413 1252 427 1266 ››
440 1245 528 1267 Ταῦτα
541 1240 680 1272 ἀκηκοότες
695 1243 718 1268 οὶ
736 1242 856 1279 πρέσϐεις

39 1289 272 1316 ὐποκνηοτιώσαν
292 1288 372 1322 ἔσχον
386 1288 432 1314 τὴν
457 1285 546 1320 ἀκοήν,
574 1285 615 1322 [Ρ.
650 1286 696 1321 90]
723 1288 756 1316 ὡς
783 1289 856 1322 τάχα

39 1333 109 1358 τινὰ
131 1335 182 1357 τῶν
212 1332 375 1367 ζητουμένων
402 1331 532 1365 παράσχη
559 1331 692 1360 τούτοιςο
720 1330 853 1367 βασιλεὺς,

41 1379 95 1402 καὶ
117 1375 303 1412 μεταϐαλόντες
314 1377 357 1401 τὸν
372 1375 457 1410 λόγον,
472 1385 485 1399 ‹‹
501 1375 612 1408 Οὐκοῦν,
634 1386 648 1399 ››
681 1376 788 1410 ἔφησαν,
806 1387 820 1400 ε(
833 1377 854 1401 ὦ

43 1421 175 1457 βασιλεῦ⁷
192 1423 390 1457 παραχώρησον
417 1421 479 1455 ἡμῖν
506 1419 533 1445 ἐκ
561 1424 610 1445 τῶν
645 1420 740 1457 Σερρὠν
768 1421 852 1446 αὐτῶν

41 1469 197 1501 κατασχεῖν
213 1466 247 1490 τὰ
261 1464 350 1492 λοιπὰ.
366 1475 380 1488 ››
399 1466 449 1490 Καὶ
463 1464 476 1489 ὁ
493 1463 625 1500 βασιλεὺς,
642 1475 654 1488 ‹‹
672 1463 737 1490 Οὐδ’
771 1465 852 1494 αὐτήν

43 1519 95 1545 μοι
116 1512 304 1546 προσήκουσαν
329 1509 421 1534 ποῖσθε
447 1509 493 1537 τὴν
519 1508 641 1538 ζήτησιν.
666 1511 776 1544 Πρώτως
800 1510 850 1546 ’γὰρ

43 1554 72 1580 ἑν
90 1554 156 1582 αὗτῆ
174 1555 237 1590 πρὸς
251 1557 297 1579 τοὺ
313 1556 456 1589 μακαρίτου
478 1551 608 1588 βασιλέως
631 1557 676 1578 τοὺ
704 1554 772 1579 θείου
802 1557 852 1590 μοῡ

42 1600 214 1634 ἡγεμονεύειν
241 1601 332 1633 χώρας
359 1597 487 1635 ἠρξάμην,
527 1599 571 1623 καὶ
602 1601 711 1635 πρώτως
738 1597 762 1623 ἐν
785 1599 850 1627 αὑτῆ

44 1643 251 1680 ἐστρατήγησα,
267 1645 311 1668 καί
324 1642 388 1678 φιλώ
402 1644 445 1668 τόν
473 1644 550 1667 τόπον
581 1643 612 1672 ὡς
652 1644 761 1673 σύνηθες
793 1641 852 1669 ἔδα-

44 1698 106 1723 φος.
123 1688 161 1714 Οὐ
177 1690 263 1723 χρεὼν
274 1691 335 1722 ’γοῦν
365 1685 426 1712 οὐδε
451 1688 548 1715 ταύτην
579 1689 626 1716 τὴν
652 1687 725 1713 πολιν
748 1687 852 1713 καταλι-

42 1737 116 1758 πεῖν.
136 1743 147 1756 ι
166 1732 289 1768 Εὖχερώς
303 1735 366 1766 ’γοῦν
389 1733 414 1757 οὶ
439 1730 560 1767 πρέσϐἐις
581 1730 608 1756 εκ
634 1733 715 1757 τόπου
739 1735 853 1768 μετεπή-

43 1776 102 1803 δων
118 1777 154 1806 εἰς
168 1779 256 1811 τόπον,
276 1778 321 1801 καὶ
335 1773 418 1811 μηδὲν
430 1777 541 1810 ἔχοντες,
564 1775 586 1801 εὶ
614 1779 659 1802 καὶ
684 1785 710 1802 τι
740 1775 851 1811 λάϐοιεν,

42 1822 154 1857 ἀγαπᾷν
168 1822 202 1851 ὡς
217 1818 401 1857 κερδήσαντες,
417 1823 470 1854 καὶ,
487 1830 502 1847 ‹
526 1820 560 1846 Ὠ.
587 1820 706 1856 βασιλεῦ,
733 1832 747 1846 ›ι
768 1821 853 1848 ἀντεῖ-

43 1876 105 1901 πον,
123 1877 137 1890 ε(
154 1868 200 1891 καὶ
213 1863 260 1895 δός
274 1866 336 1901 ἡμῖν
356 1864 384 1890 ἐκ
399 1869 444 1890 τοῦ
461 1864 567 1902 Βολεροῠ
582 1866 614 1891 τὰ
628 1867 725 1901 μέχρις
740 1866 824 1901 ἡμῶν.
836 1875 852 1893 ν

46 1909 266 1946 Καὶόβασιλεὺς
287 1920 300 1934 α
329 1909 370 1935 Ἐν
405 1910 506 1940 τούτοις
531 1913 582 1940 τοῖς
616 1912 704 1940 τόποις
731 1910 853 1940 πολλάκις

46 1955 190 1992 ἐθήρευσα,
205 1957 251 1980 καὶ
267 1952 366 1990 σχεδὸν
381 1956 410 1980 τό
425 1954 510 1985 καλῶς
528 1955 647 1991 χρᾶσθαι
674 1959 732 1986 ταῖς
760 1956 853 1992 θήραις

47 2000 73 2026 ἐν
88 2002 172 2035 τούτῳ
189 2000 338 2035 μεμάθηκα,
355 2001 399 2024 καὶ
413 2001 442 2024 οὔ
472 2009 516 2035 μοι
544 2002 661 2036 κέκριται
692 1999 763 2030 ἀξιον
790 2004 852 2025 τοῦ·

45 2054 91 2070 τον
106 2044 209 2080 ἀφεῖναι
232 2045 275 2069 τόν
305 2048 403 2080 χῶρον,
434 2045 494 2069 ἔνθα
519 2047 564 2069 καί
591 2044 667 2070 πάλιν
690 2043 783 2079 ἀγαπῶ
807 2045 851 2073 Θη-

45 2091 131 2126 ρεύειν
143 2091 190 2114 καὶ
204 2089 299 2124 ἄγραις
322 2088 395 2118 ζώων
417 2086 572 2123 ἐφήδεσθαι.
608 2099 622 2126 η
647 2091 678 2115 Τί
701 2092 763 2123 γοῦν
789 2090 851 2125 ἡμῖν

46 2132 136 2164 δίδως
153 2141 160 2165 ς
176 2142 193 2159 ›
207 2131 352 2168 ἀντέφησαν
368 2133 392 2158 οἱ
407 2132 529 2168 πρέσϐεις
542 2137 577 2168 τῷ
603 2132 718 2168 βασιλεῖ.
746 2144 759 2157 κ
786 2133 851 2168 Ἐγὼ

46 2181 101 2215 μὴ,
122 2190 135 2203 n
151 2179 196 2215 ἔφη
217 2179 230 2203 ό
245 2176 378 2213 βασιλεὺς,
397 2188 410 2198 ιι
438 2175 523 2204 οὐδέν.
557 2177 622 2204 Ἀλλ’
654 2179 723 2215 εἴπερ
757 2177 851 2204 ἐθέλετε

44 2226 91 2252 τήν
112 2223 139 2254 ἐξ
154 2222 218 2259 ἐμοῦ
243 2222 346 2259 εἰρήνην
370 2221 455 2248 λαϐεῖν
478 2221 574 2258 (καλῶς
598 2224 649 2259 γάρ
677 2232 708 2258 με
739 2222 850 2248 ἐπίστα-
869 2217 892 2244 Ῑ)

47 2271 103 2303 σϐε,
120 2270 167 2294 καὶ
182 2270 229 2296 τὴν
245 2267 271 2298 ἐξ
288 2266 350 2303 ἐμοῦ
363 2268 454 2303 μάχην
482 2267 588 2302 ξυνίετε,
622 2268 701 2296 ἡνίκα
722 2269 769 2296 τὴν
793 2268 852 2303 ἡγε-

46 2316 138 2349 μονίαν
153 2313 273 2342 Βιθυνίας
296 2314 342 2337 καὶ
356 2314 473 2348 Ταρσίας
504 2312 587 2347 εἶχον,
614 2312 680 2341 ὅπως
707 2312 767 2348 ὐμῖς
791 2310 853 2338 οἶδα

45 2357 245 2394 μαχέσασθαι),
273 2355 348 2382 ἐθέλω
385 2358 442 2386 τοὺς
477 2355 501 2382 ἐν
531 2360 560 2384 τῆ
599 2356 853 2383 Κωνστανινουπολει

47 2405 175 2431 Λατίνους
186 2403 251 2438 πρὸς
264 2403 311 2430 τὴν
338 2404 387 2426 τῶν
415 2400 546 2436 Ῥωμαίων
576 2400 655 2426 τελεῖν
689 2401 777 2437 ἀρχὴν
805 2411 852 2437 με-

45 2446 111 2484 ρίδα
140 2448 186 2482 μὲν
215 2448 262 2474 τήν
287 2455 314 2471 εκ
342 2449 387 2470 του
412 2447 572 2481 κομμερκίον
601 2446 658 2479 (82)
685 2445 779 2477 αὐτῶν,
803 2449 851 2476 τήν

46 2492 173 2527 ἀνάλογον
189 2491 315 2520 ὡσαύτως
330 2487 442 2516 εἴσοδον.
467 2490 497 2515 Εἰ
521 2491 603 2516 ταῦτα
631 2499 676 2526 μοι
701 2495 850 2527 παρασχεῖν

45 2538 224 2572 ὑποσχοίητε,
240 2534 276 2565 εἰς
291 2534 390 2568 εἰρήνην
407 2536 579 2570 συνέρχομαι.
607 2535 636 2560 Εἰ
664 2532 689 2560 δ’
713 2535 767 2569 οὖν,
796 2534 850 2561 ἀλλ’

872 862 892 891 Β

913 229 928 248 e
944 221 1134 250 densissimis
1149 223 1278 251 tenebris
1294 225 1324 252 in
1339 224 1538 260 purissimum
1555 225 1625 252 solis
1649 225 1741 260 jubar

912 273 1079 302 emergens,
1097 270 1149 295 aut
1163 276 1179 295 e
1194 271 1370 304 tempestate
1386 269 1417 296 in
1437 269 1598 305 tranquilla
1628 272 1679 297 aut
1705 277 1741 297 ex

911 309 1044 337 hiemein
1051 319 1176 339 vernum
1184 315 1276 340 autex
1285 313 1415 348 procella
1422 313 1451 340 in
1460 313 1562 348 quieta
1573 314 1739 348 accesserit,

911 356 961 381 aut
970 355 1059 382 etiam
1067 354 1219 390 ingentem
1229 363 1388 384 maerorem
1398 357 1427 384 in
1435 356 1581 392 gaudium
1593 359 1741 384 transmu-

909 398 1023 432 taverit,
1032 399 1282 435 laetitiadiﬂ‘ertur,
1290 402 1328 428 ita
1336 409 1438 429 omnes
1444 403 1597 437 voluptate
1607 402 1741 437 quadam

910 443 1047 478 perfundi
1059 446 1087 472 et
1096 445 1207 479 gaudio
1214 445 1360 473 cumulari
1370 449 1458 482 atque
1467 446 1594 479 exsilire,
1611 447 1740 474 miserri-

909 495 959 514 ma
974 488 1194 526 deterrimaque
1209 490 1316 525 prioris
1344 491 1409 518 vitae
1437 491 1551 518 ratione
1580 499 1596 518 e
1621 494 1740 526 pectore

908 531 1062 568 oculisque
1075 537 1187 562 amota.
1206 535 1306 567 Latini,
1327 535 1379 570 qui
1395 535 1476 562 CPoli
1498 538 1592 569 erant,
1619 538 1648 563 et
1680 535 1729 563 Bal

909 574 1020 603 duinus
1032 577 1151 605 illorum
1165 579 1335 606 moderator
1345 579 1385 607 ad
1395 579 1609 615 imperatorem
1624 579 1740 614 legatos

910 621 1088 655 praetumida
1102 622 1244 657 quedam
1258 625 1286 650 et
1296 631 1372 659 pene
1383 623 1518 651 absurda
1541 624 1737 659 quaeritantes

910 665 1064 693 miserunt.
1072 666 1276 702 Contemptius
1289 675 1421 703 namque
1432 675 1503 702 erga
1514 667 1737 703 imperatorem,

911 712 1053 744 tanquam
1082 711 1134 746 qui
1176 714 1240 739 tum
1272 711 1403 747 primum
1435 712 1594 747 imperium
1621 720 1739 739 assum-

910 757 1022 789 pserat,
1037 754 1142 789 affecti,
1160 755 1366 783 immoderatis
1386 756 1637 790 postulationibus
1652 764 1739 791 urge-

910 798 985 826 bant
1001 808 1008 833 ;
1022 799 1101 827 etab
1115 799 1182 835 ipsa
1205 800 1416 828 Thessalonica
1438 801 1556 828 initium
1584 800 1736 834 facientes,

911 845 944 870 ut
970 851 1038 871 eam
1079 843 1135 872 sibi
1172 847 1201 872 et
1241 845 1389 880 reliquam
1426 853 1549 873 omnem
1585 846 1738 881 regionem

911 888 1023 924 Cpolim
1040 896 1135 925 usque
1156 889 1319 925 imperator
1343 890 1528 923 concederet,
1561 889 1737 926 poscebant.

910 932 961 960 His
982 932 1092 960 auditis
1124 933 1287 969 imperator
1319 942 1498 970 responsum
1525 934 1659 970 lepidum
1693 942 1738 961 sa-

909 985 946 1004 ne
981 985 1077 1013 neque
1111 977 1303 1006 invenustum
1332 978 1424 1007 dedit.
1456 980 1528 1006 Eam
1551 979 1662 1007 scilicet
1689 986 1738 1006 ur-

910 1022 979 1049 bem
986 1022 1031 1049 sui
1037 1022 1165 1057 patriam
1180 1023 1201 1057 1
1207 1023 1232 1058 7
1239 1023 1265 1058 3
1275 1023 1502 1058 quodammodo
1509 1031 1574 1051 esse
1586 1032 1593 1057 ;
1602 1024 1633 1050 in
1643 1031 1680 1050 ea
1687 1030 1739 1058 pa-

910 1069 984 1093 trem
1010 1074 1110 1099 suum,
1137 1074 1228 1102 quem
1259 1067 1316 1103 ipsi
1343 1067 1456 1102 optime
1484 1069 1639 1100 noverant,
1668 1074 1737 1094 ma-

910 1119 1004 1146 gnum
1016 1111 1215 1139 domesticum
1231 1112 1433 1148 principatum
1453 1112 1629 1146 obtinuisse,
1656 1112 1687 1139 in
1701 1119 1738 1139 ea

909 1156 976 1183 vitae
986 1156 1077 1183 tinem
1091 1155 1204 1188 fecisse,
1220 1157 1250 1184 in
1263 1164 1358 1192 eaque
1368 1156 1495 1184 cadaver
1515 1156 1593 1184 illius
1607 1156 1738 1193 sepultu-

909 1208 949 1228 ra;
966 1200 1153 1229 mandatum.
1170 1201 1327 1233 Quomodo
1335 1200 1436 1236 itaque
1452 1209 1488 1229 ea
1500 1201 1573 1229 urbs
1583 1205 1667 1230 extra
1681 1210 1736 1238 po-

909 1247 1044 1272 testatem
1073 1253 1173 1273 meam
1212 1245 1319 1273 fuerit?
1332 1245 1464 1273 Audiunt
1494 1245 1607 1280 legati:
1637 1247 1737 1275 adhuc

909 1292 1009 1317 tamen
1021 1290 1137 1326 pruritu
1143 1290 1260 1317 aurium
1272 1289 1373 1325 aliqua
1383 1297 1598 1318 concessurum
1607 1291 1736 1327 impera-

909 1336 1000 1361 torem
1008 1333 1212 1369 sperabant,et
1218 1334 1498 1369 mutataoratione,«
1505 1334 1606 1369 Igitur,
1620 1347 1635 1360 κ
1643 1336 1735 1372 aiunt,

907 1389 921 1403 «
936 1378 1109 1413 imperator,
1124 1378 1255 1406 concede
1271 1378 1359 1405 nobis
1374 1378 1413 1406 ab
1426 1379 1518 1406 Serris
1532 1379 1607 1415 ipsis
1621 1380 1738 1417 reliqua

906 1423 1069 1458 possidere.
1083 1434 1096 1447 υ
1112 1423 1332 1458 Etimperator:
1346 1434 1359 1448 ‹‹
1372 1424 1471 1458 Neque
1483 1424 1562 1458 juste
1577 1432 1676 1461 neque
1686 1426 1740 1454 de.

906 1471 1006 1495 center
1024 1467 1089 1494 haec
1104 1466 1274 1502 postulatis.
1291 1466 1423 1502 primum
1438 1467 1518 1494 enim
1531 1467 1561 1495 in
1574 1476 1611 1495 ea
1624 1476 1642 1496 a
1665 1469 1737 1498 bea-

907 1515 943 1539 tae
950 1511 1099 1539 memoriae
1108 1511 1288 1546 imperatore
1294 1513 1401 1546 patruo
1408 1510 1538 1539 meoloci
1547 1511 1736 1542 dominatum

906 1556 1010 1590 habui,
1021 1556 1078 1583 illic
1091 1555 1304 1583 dominationis
1323 1563 1398 1582 mea)
1409 1555 1542 1588 exordia,
1551 1555 1609 1583 illic
1624 1557 1735 1586 militiae

906 1601 1005 1638 prima
1020 1599 1204 1628 incunabula
1221 1599 1341 1633 ;etloco
1353 1603 1497 1636 tanquam
1518 1600 1657 1629 familiari
1671 1602 1735 1630 solo

907 1645 1047 1673 delector.
1067 1644 1150 1672 Haud
1167 1645 1267 1680 itaque
1295 1644 1349 1672 erit
1373 1652 1471 1680 operae
1496 1645 1625 1681 pretium
1650 1645 1735 1674 illum

908 1690 1051 1718 amittere.
1073 1701 1087 1714 υ
1105 1689 1204 1724 Legati
1222 1688 1260 1716 de
1275 1690 1342 1716 loco
1356 1689 1387 1717 in
1402 1689 1502 1716 locum
1516 1689 1593 1717 facili
1614 1691 1735 1726 negotio

908 1742 1078 1762 sermonem
1089 1736 1271 1768 convertere,
1289 1736 1317 1761 et
1334 1741 1405 1762 cum
1427 1732 1501 1761 nihil
1525 1733 1681 1767 haberent,
1710 1735 1735 1763 si

907 1779 981 1816 quid
992 1779 1215 1815 impetrassent,
1235 1786 1270 1806 eo
1284 1780 1441 1806 contentos
1463 1786 1539 1812 esse,
1554 1787 1590 1807 ac
1605 1779 1630 1807 si
1644 1779 1736 1808 victo-

907 1825 981 1852 riam
989 1824 1115 1851 fuissent
1122 1823 1272 1851 consecuti
1279 1844 1285 1850 .
1291 1823 1378 1855 Et,«0
1385 1823 1565 1859 imperator»
1572 1823 1733 1860 excipiunt,

908 1879 922 1894 «
937 1868 1041 1896 saltem
1052 1868 1139 1896 nobis
1150 1875 1165 1895 e
1181 1867 1284 1895 Bolero
1291 1867 1330 1895 ad
1339 1870 1442 1895 nostra
1461 1867 1608 1902 permitte.
1626 1878 1640 1892 ››
1660 1869 1734 1896 Tum

907 1914 1080 1951 imperator,
1091 1923 1105 1937 α
1122 1912 1182 1939 Illis
1195 1912 1226 1940 in
1240 1911 1312 1939 locis
1323 1911 1487 1947 saepissime
1498 1912 1649 1940 venationi
1662 1919 1734 1948 ope-

906 1966 970 1986 ram
983 1957 1062 1991 dedi,
1078 1959 1107 1984 et
1130 1956 1340 1984 venationibus
1354 1963 1416 1984 non
1443 1956 1521 1984 male
1551 1956 1593 1984 uti
1619 1957 1652 1984 in
1677 1956 1734 1985 illis

907 2002 1082 2039 aprehendi.
1109 2001 1270 2036 Indignum
1302 2002 1402 2037 itaque
1437 2001 1552 2029 videtur
1576 2001 1649 2030 locis
1677 2002 1734 2030 illis

906 2047 1086 2079 renuntiare,
1102 2046 1152 2073 ubi
1167 2053 1270 2073 rursus
1283 2045 1432 2074 venationi
1446 2045 1620 2074 incumbere
1639 2046 1733 2081 gestio

907 2094 935 2120 et
949 2092 1080 2119 ferarum
1095 2090 1226 2126 capturis
1246 2089 1382 2118 animum
1406 2089 1565 2118 oblectare.
1593 2101 1608 2116 ››
1636 2090 1733 2123 «Quid

905 2136 995 2171 igitur
1007 2135 1095 2163 nobis
1108 2135 1206 2162 donas
1216 2134 1230 2161 (ἰ
1246 2145 1260 2158 ››
1274 2133 1364 2169 legati
1382 2134 1554 2170 imperatori
1573 2134 1734 2170 responde-

906 2183 985 2208 runt.
1000 2190 1015 2206 α
1029 2181 1089 2215 Ego
1104 2178 1239 2215 quidem,
1254 2188 1268 2202 »
1279 2177 1343 2206 inﬁt
1357 2178 1530 2214 imperator,
1548 2190 1562 2205 «
1575 2178 1659 2207 nihil.
1677 2179 1732 2206 Sed

907 2226 931 2254 si
944 2233 1049 2261 pacem
1059 2232 1096 2252 ex
1107 2231 1154 2251 me
1164 2222 1276 2250 habere
1286 2222 1494 2258 concupiscitis
1501 2223 1589 2258 (bene
1601 2231 1733 2260 namque

907 2279 955 2298 me
968 2269 1102 2303 nostis,et
1112 2267 1184 2304 quid
1199 2266 1363 2303 pugnando
1375 2266 1493 2295 valeam
1507 2276 1513 2301 ;
1523 2267 1649 2304 jamque
1660 2269 1732 2296 satis

907 2314 1049 2342 didicistis
1055 2321 1124 2340 cum
1133 2311 1273 2348 Bithyniae
1283 2312 1304 2346 1
1310 2311 1334 2346 7
1341 2311 1543 2348 ᾇτᾶεεὶεθίιυε
1549 2320 1648 2340 rerum
1658 2313 1733 2348 poti-

906 2365 963 2392 rer,
970 2364 1102 2392 quanam
1111 2355 1177 2390 ipse
1183 2353 1381 2382 rationebello
1390 2354 1573 2391 conﬂigam),
1581 2354 1650 2383 volo
1660 2355 1734 2383 Lati-

906 2410 971 2433 nos,
986 2400 1038 2437 qui
1049 2399 1131 2435 Cpoli
1141 2401 1220 2431 sunt,
1229 2400 1364 2426 Romano
1371 2398 1497 2434 imperio
1505 2407 1569 2427 eam
1579 2407 1616 2427 ex
1622 2399 1732 2428 tributo

906 2447 1021 2482 partem
1053 2442 1224 2479 persolvant
1251 2450 1319 2478 quas
1345 2442 1513 2470 introitibus
1537 2443 1732 2479 proportione

904 2489 1096 2527 respondeat.
1113 2489 1179 2515 Hinc
1201 2487 1225 2514 si
1254 2490 1396 2523 praestare
1424 2487 1597 2519 annueritis,
1624 2495 1731 2523 pacem

905 2533 1132 2571 compono;sin
1147 2531 1257 2566 minus,
1269 2539 1403 2567 pugnam
1411 2532 1505 2565 edico,
1516 2540 1585 2568 qua:
1603 2533 1661 2560 Deo
1681 2539 1733 2560 au-

507 2596 676 2630 Theodori
702 2596 827 2632 Dousa;
852 2602 885 2632 et
908 2596 1033 2633 Leonis
1058 2593 1175 2629 Allatii
1198 2599 1300 2628 notae.

48 2671 142 2733 97(8Ᾱ))
161 2670 207 2696 Ἐκ
233 2672 393 2706 σκοτομήνης
418 2668 536 2706 βαθείας.
566 2669 792 2705 Pachymerius,
816 2677 848 2706 Ρ.

86 2727 93 2733 .
129 2714 175 2733 ιι..

86 2727 93 2734 .
104 2714 175 2737 ALL,

938 2670 994 2705 (82)
1006 2672 1061 2694 Τῶν
1076 2677 1228 2705 κομερκιων.
1249 2666 1509 2705 commerciorum.
1539 2665 1602 2705 V91
1628 2665 1732 2705 ult-[Ra

904 2701 1390 2744 tqtaiops‘puoisiveuxeppépxwv,
1415 2702 1632 2729 commercium.
1659 2701 1731 2730 Vide

82 2742 210 2782 (8i)_0i‘
236 2742 280 2776 μὲν
307 2742 358 2782 γὰρ
379 2741 402 2766 ἐν
435 2741 767 2782 τήήἰίωνσταντινουπόλει
789 2743 850 2769 Λα-

938 2739 1089 2770 ossarium
1100 2739 1227 2769 Meursii.
1245 2739 1350 2767 Dousa.

47 2780 123 2806 τῖνοι.
139 2776 366 2813 Pachymerius,
383 2784 416 2813 p.
435 2777 498 2806 106.
516 2779 586 2805 ALL.
