1966 3079
255 81 322 113 1223

998 67 1178 101 ADDENDA.

1884 68 1952 97 12ξᾷ

215 170 218 173 τ
253 145 340 174 fuerit
362 144 465 173 divina
487 142 622 180 quadam
637 147 732 169 manu
755 137 794 166 ad
816 142 938 164 omnem
963 134 1080 163 virtutis

1140 135 1195 161 ibam
1221 135 1348 163 θειότητος
1385 133 1569 170 χρηματίσαι.
1591 132 1642 158 Καὶ
1669 130 1880 168 λαμπρυνέσθω
1910 142 1952 167 με,

253 197 393 219 normam
407 179 624 218 conformatus,
639 185 678 214 ad
689 189 822 218 unguem
832 181 928 209 factus
942 179 1078 216 quidam,

254 234 424 264 ofﬁciorum
449 232 586 261 omnium
613 228 766 264 diligentia
793 227 924 258 exactus,
957 223 1010 260 qui
1045 231 1081 252 ea

254 279 408 308 sanctitate
423 277 490 306 vitae
503 276 542 305 ad
557 272 840 310 contemplationem
866 268 1079 303 manuductus,

254 332 307 362 per
318 324 382 360 ejus
398 321 509 358 gradus
522 321 561 349 ad
580 327 648 348 eam
663 326 694 346 se
705 315 820 362 attollat
835 314 966 350 denique
979 320 1081 362 arcem

254 357 362 397 mentis
375 357 411 396 ac
420 366 545 400 consilii,
557 367 590 394 ut
601 364 681 393 illinc
696 360 846 391 mundum
857 366 979 387 omnem
988 357 1080 386 istum

254 412 469 450 aspectabilem
495 412 620 447 ejusque
648 406 782 437 fallacias
806 413 841 433 ac
857 404 1007 450 vanitates
1021 402 1080 450 alte

254 447 466 495 supergressus
481 455 636 492 despiciat,
653 451 792 481 admotus
811 451 911 478 autem
927 447 1025 476 choris
1039 447 1081 475 di-

253 491 394 531 vinarum
410 491 554 529 mentium
569 497 801 528 familiaritatem
817 501 886 522 cum
909 494 993 521 tanta
1017 491 1081 520 illa-

254 555 322 575 rum
338 545 517 574 sublimitate
533 552 568 574 ac
582 542 741 580 splendore
755 538 964 568 beatissimam
977 544 1079 564 coram

1135 179 1209 209 οὗτος
1231 179 1274 204 τὸν
1314 181 1371 204 νοῦν
1396 180 1452 207 ταῖς
1487 176 1710 212 ὑπερφαιστάταις
1735 180 1951 212 μοιρμοιριι-Ῑαυῖςῃ

1134 222 1297 259 ἐπιλαμπέτω
1332 220 1361 248 δὲ
1389 224 1433 248 καὶ
1459 220 1546 252 ἄλλοις
1572 222 1615 246 τὸν
1642 222 1776 256 φωτισμόν
1794 230 1799 236 ·
1818 223 1877 246 καὶ
1894 219 1953 254 δογ-

1133 277 1199 304 μασι
1229 265 1400 293 πανευσεϐἐσι
1423 268 1467 292 καὶ
1486 267 1602 302 νοήμασι
1630 266 1791 300 πανενατέσι
1806 266 1865 293 τὴν
1885 265 1952 300 ἱερεῖ

1134 311 1288 340 Ἐκκλησίαν
1311 309 1506 347 καταγλαῑζέτω
1538 311 1583 336 καὶ
1609 311 1807 345 κατατερπέτω.
1857 309 1955 345 Πο1ὁ⁴ὲ¹¹ἐ

1134 355 1164 383 δὲ
1187 357 1283 382 τούτων
1311 355 1438 384 ἐπηκέτω
1466 355 1539 385 ὅστις
1554 355 1678 385 τοιαύτης
1695 353 1881 380 ἀπολείπεται
1908 364 1956 389 μα-

1133 403 1296 439 καριότητος,
1323 402 1367 427 καὶ
1393 401 1408 430 ἦ
1434 403 1484 426 τῶν
1503 400 1598 426 ἄνωθεν
1621 401 1698 435 μόνον
1725 398 1885 435 ἀκροάσθω
1907 409 1957 433 φθ-

1134 450 1192 479 νῶν,
1208 447 1230 472 εἴ
1245 454 1311 476 τινος
1321 445 1373 483 ἄρα
1392 446 1515 475 συνέσεως
1539 445 1656 481 μετέχοι,
1684 443 1699 473 ἦ
1726 441 1800 480 μηδι
1830 445 1956 474 tanta”,

1135 491 1170 521 ὡς
1210 490 1293 519 πάντη
1333 488 1442 525 βέϐηλος
1482 490 1527 514 καὶ
1549 491 1682 524 μυστικῶν
1715 486 1812 524 λογίων
1842 486 1956 518 ἀνάξιος

1137 534 1293 571 ἕλεγχέσθω.

256 594 285 620 et
299 591 435 620 cominus
458 575 712 626 usurpet,-macte
736 585 762 613 is
782 583 914 620 primum
936 581 993 610 ista
1007 580 1144 609 felicitate
1159 579 1204 614 sit,
1222 580 1251 626 et
1270 578 1301 606 in
1318 577 1488 626 complexu
1511 578 1600 606 tanta:
1623 575 1726 612 glorias
1748 575 1896 612 gaudeat
1924 576 1954 604 in

257 636 346 664 sinu:
363 638 425 664 tum
439 620 609 670 hujus.su'ae
625 633 713 660 tantte
736 628 812 657 lucis
833 634 957 655 usuram
984 625 1118 661 aliquam
1141 626 1169 652 et
1183 623 1284 652 radios
1300 622 1365 651 aliis
1379 621 1539 659 impertiat,
1556 620 1752 657 Ecclesiasque
1768 629 1875 649 sacra:
1892 627 1954 657 qua

255 683 337 709 recta
365 666 530 713 sentiendo,
556 685 619 714 qua
647 675 794 712 sapienter
822 671 989 707 excogitata
1007 670 1055 706 pie
1075 668 1264 705 proferendo,
1289 670 1318 696 et
1340 667 1531 704 splendorem
1552 666 1592 695 ad
1617 669 1758 695 ornatum
1785 666 1905 695 afferat
1928 670 1956 694 et

258 726 387 753 fructum
411 723 450 752 ad
464 711 658 759 voluptatem.
683 711 792 747 Procul
806 717 875 746 hinc
900 717 1000 744 autem
1025 722 1056 742 se
1072 715 1262 742 summoveat
1275 720 1367 759 quem
1390 712 1481 748 hujus
1497 714 1558 740 tam
1583 711 1676 740 beatae
1693 711 1789 747 copi£e
1813 711 1953 739 facultas

257 769 358 798 deﬁcit
373 778 379 797 ι
397 770 425 796 et
437 769 489 796 aut
505 755 590 795 se-ad
606 764 773 801 captandos
797 761 961 790 caelestium
974 766 1085 788 vocum
1103 766 1204 791 sonos,
1221 756 1348 785 modesti
1370 756 1474 784 silentii
1489 755 1588 792 quiete
1608 757 1782 791 componat,
1807 755 1836 783 si
1854 763 1951 791 quem

259 822 294 843 ea
313 813 493 841 demissione
507 812 537 840 in
554 800 731 838 suamiforte
745 806 944 836 humilitatem
965 806 1054 841 queat
1073 802 1183 832 altioris
1199 801 1350 838 sapientiae
1365 800 1496 829 rivulum
1510 800 1642 828 derivare
1657 808 1664 827 :
1681 800 1727 828 sin
1742 807 1782 828 ne
1799 800 1865 828 hoc
1885 801 1951 836 quj~

258 858 327 886 dem
343 859 498 894 expectare
513 855 645 886 sustinet,
671 856 735 882 tum
750 853 775 880 is
789 857 968 880 arcanorum
989 854 1162 877 sermonum
1182 846 1324 881 indignus
1338 844 1529 878 conscientia,
1552 846 1585 873 ut
1605 844 1742 881 impurus
1757 851 1892 880 prorsus
1914 851 1948 871 ac

258 903 405 940 profanus
418 901 542 938 quidam
556 899 712 928 habeatur.

294 930 474 983 Principium
488 952 577 982 porro
591 942 736 972 sermonis
751 942 828 970 Deus
841 940 868 968 is
883 939 944 977 qui,
965 941 998 967 ut
1012 945 1082 966 cum

1172 935 1258 973 Ἀρχὴ
1275 932 1305 961 δὲ
1317 938 1362 961 τοῦ
1376 934 1455 971 λόγου
1471 935 1546 969 Θεὸς,
1569 932 1596 965 ὃς
1623 933 1675 960 οὔτ’
1705 933 1796 970 ἀρχὴν
1825 932 1947 969 ἡμερῶν,

258 991 406 1028 scriptura
429 990 546 1026 loquar,
572 996 670 1024 neque
691 986 808 1015 initium
831 985 957 1019 dierum,
974 983 1082 1018 [neque

257 1037 350 1064 tinem
363 1035 433 1063 vitae
446 1034 548 1068 habet,
564 1033 616 1061 sed
631 1033 670 1061 ab
694 1031 777 1060 omni
793 1029 955 1058 aeternitate
970 1028 1000 1056 in
1015 1035 1083 1055 om-

258 1088 329 1108 nem
342 1079 571 1116 perpetuitatem
585 1075 727 1113 temporis
741 1080 859 1110 semper
871 1075 925 1101 est.
943 1072 999 1105 Qui
1013 1078 1083 1100 cum

257 1124 358 1153 bonus
381 1124 427 1157 sit,
445 1125 506 1157 aut,
533 1124 565 1150 ut
583 1121 707 1158 propius
731 1127 795 1148 rem
814 1118 904 1147 verbo
929 1123 1082 1152 assequar,

258 1170 324 1206 ipsa
333 1168 461 1203 bonitas,
475 1170 503 1196 et
511 1166 650 1203 perennis
660 1163 801 1193 hon‘tatis
815 1163 891 1197 fons,
908 1161 1009 1206 utique
1021 1166 1084 1188 non

260 1204 364 1242 debuit
386 1213 418 1240 in
439 1211 596 1240 solitudine
620 1215 842 1241 consenescere,
868 1208 920 1234 aut
942 1204 1084 1233 bonitatis

260 1257 389 1295 propriae
412 1256 523 1285 deliciis
539 1255 618 1284 solus
634 1253 700 1282 frui.
722 1254 821 1288 Neque
836 1250 916 1279 enim
931 1249 962 1277 id
977 1251 1086 1277 natura

260 1292 333 1331 boni
345 1301 464 1338 patitur,
483 1308 514 1328 se
526 1301 558 1328 ut
572 1306 667 1327 unum
682 1297 842 1330 intueatur,
853 1301 950 1330 neque
970 1293 1035 1329 ejus
1054 1292 1085 1320 in

260 1354 321 1383 quo
336 1337 413 1374 inest
428 1344 559 1373 utilitatis
573 1342 635 1371 vim
660 1338 875 1369 circumscribit
889 1345 978 1366 suam
995 1337 1085 1365 bene-

259 1381 389 1419 ticentia.
405 1390 565 1418 Summum
584 1385 673 1421 igitur
687 1385 801 1413 bonum
817 1382 983 1420 oportebat,
1000 1381 1037 1409 ad
1054 1388 1086 1409 se

264 1435 449 1464 adducendis
469 1434 498 1462 in
523 1439 614 1468 seque
638 1428 811 1465 colligendis
832 1428 921 1456 rebus
944 1425 1086 1455 omnibus

263 1479 497 1509 redundantiam
511 1475 691 1512 profusionis
702 1482 763 1502 sum
783 1472 945 1506 declarare,
967 1471 1085 1499 institu-

261 1527 388 1561 tumque
401 1523 430 1551 in
444 1529 479 1550 eo
493 1523 607 1549 natura:
630 1522 727 1548 tenere
749 1518 878 1554 propriae
896 1524 902 1545 :
924 1516 1010 1552 cujus
1023 1515 1084 1543 sin-

261 1567 373 1606 gularis
399 1567 497 1595 unitas
526 1565 586 1594 vim
612 1564 704 1592 habet
735 1562 903 1591 mirabilem
931 1561 962 1589 in
989 1567 1085 1588 unum

261 1604 364 1644 omnia
379 1610 541 1640 conﬂandi.
558 1609 627 1646 Ejus
640 1609 741 1645 itaque
752 1605 961 1636 conciliatione
975 1604 1085 1633 coelum

262 1661 346 1687 terrae
363 1655 557 1692 conjunctum
579 1656 634 1682 est.
650 1652 774 1685 Caelum,
798 1651 934 1687 inquam,
952 1649 1013 1677 sive
1032 1647 1085 1685 qui

262 1703 319 1731 alio
341 1701 438 1736 magis
453 1699 574 1736 proprio
602 1696 801 1734 appellandus
815 1698 859 1724 est
874 1693 995 1723 nomine
1018 1693 1084 1721 uni-

259 1754 364 1775 versus
392 1745 466 1773 ordo
492 1744 738 1779 incorporearum
765 1739 920 1771 mentium,
949 1738 987 1766 ab
1012 1737 1086 1766 anti-

259 1790 416 1828 quioribus
436 1787 581 1821 theologis
604 1786 635 1814 in
653 1787 711 1813 tres
734 1783 918 1812 hierarchias
941 1781 1086 1810 trifariam

261 1826 438 1864 distributus
454 1835 509 1861 est.
543 1830 640 1859 Prima
662 1828 785 1865 quidem
807 1827 942 1856 omnium
962 1826 1025 1855 aliis
1040 1834 1086 1854 or-

260 1879 330 1908 dine
344 1879 464 1907 inferior
476 1885 513 1905 ex
526 1875 635 1904 sanctis
648 1873 772 1909 angelis,
797 1875 859 1901 tum
879 1880 916 1900 ex
933 1871 1086 1900 sanctiori-

260 1924 318 1952 bus
348 1920 549 1956 Archangelis.
587 1919 718 1955 Denique
753 1925 789 1946 ex
827 1915 1084 1953 praestantioribus

261 1968 394 2003 utrisque
408 1966 466 1994 illis
495 1963 713 2000 Principatibus
737 1961 886 1990 concinna
909 1960 1085 1996 gradatione

262 2012 435 2041 continuata
448 2009 522 2038 serie
544 2007 740 2037 constituitur.
756 2006 855 2034 Altera
869 2013 939 2033 vero
951 2005 1005 2033 hac
1018 2012 1085 2040 pro-

260 2058 340 2085 xime
353 2055 488 2092 superior
510 2061 546 2081 ex
572 2052 696 2081 excelsis
719 2050 925 2084 Potestatibus,
945 2048 1086 2077 excelsio~

261 2102 344 2131 ribus
359 2100 532 2133 Virtutibus,
549 2100 577 2126 et
594 2097 724 2133 utrisque
744 2096 807 2124 istis
820 2094 969 2131 prioribus
988 2093 1085 2128 digni-

263 2146 330 2174 tatis
345 2145 450 2173 ordine
464 2141 723 2171 Dominationibus
746 2140 822 2168 inter
838 2147 869 2167 se
897 2138 1025 2166 invicem
1040 2145 1086 2166 or-

262 2189 373 2218 dinatis
388 2190 512 2217 constat.
538 2186 632 2215 Tertia
655 2185 778 2214 demum
804 2191 873 2220 quis
897 2185 926 2211 et.
949 2183 1086 2210 omnium

263 2242 406 2271 suprema
419 2232 525 2269 triplici
546 2232 617 2260 item
639 2230 743 2260 ordine
756 2228 920 2257 conﬁcitur.
947 2227 1082 2255 Primum

263 2287 368 2309 eorum
399 2278 570 2306 divinorum
627 2275 788 2312 spirituum
811 2273 863 2310 qui
897 2272 1087 2309 appellantur

261 2324 378 2359 Throni,
392 2322 574 2352 diviniorum
587 2310 696 2349 deinde
711 2318 869 2347 Cherubim
893 2326 900 2351 ;
934 2319 1086 2353 postremo
1103 2310 1124 2338 Ι)

261 2369 292 2398 in
304 2371 364 2398 toto
386 2368 442 2396 isto
466 2374 573 2402 genere
618 2362 876 2392 divinissimorum
919 2361 1086 2397 Seraphim.

261 2415 360 2444 Prima
378 2412 516 2442 omnium
530 2409 701 2447 proximam
718 2407 915 2443 intimamque
937 2406 1087 2442 primariae

261 2459 402 2489 bonitatis
418 2455 677 2493 participationem
688 2452 769 2480 ducit
784 2461 791 2480 ε
813 2459 908 2487 eaque
925 2450 1085 2487 perﬁcitur.

261 2507 335 2534 Tum
359 2502 450 2538 hujus
479 2499 635 2534 fulgurans
664 2496 754 2525 radiis
780 2496 811 2524 in
843 2495 918 2524 alios
947 2495 1088 2532 deinceps

263 2549 465 2585 subjectnrum
483 2543 719 2573 bierarchiarum
740 2541 859 2570 ordines
884 2541 1027 2569 haustum
1052 2548 1088 2568 ex

298 2639 407 2703 32)Mia
431 2637 475 2672 μὲν
501 2638 550 2660 τῶν
581 2632 672 2675 άςλλων.
698 2634 753 2659 Μία
775 2631 833 2660 hoc
865 2631 931 2659 loco
957 2630 1089 2672 primam

298 2677 342 2703 .et
358 2683 364 2702 :
381 2672 465 2703 quod
475 2669 618 2703 exemplis
643 2676 680 2697 ex
703 2667 825 2696 Hebrma
840 2667 1006 2703 Graecaque
1033 2667 1089 2695 lin-

262 2667 342 2704 vale’t
358 2683 364 2702 :
381 2667 465 2710 quod
475 2669 618 2710 esemplis
643 2676 688 2710 ex.
703 2667 826 2710 Hebraei
839 2667 1006 2710 ‘Grtecaque
1033 2667 1089 2710 lin-

265 2702 435 2746 guaduc‘tis
447 2706 532 2736 multi
553 2702 705 2746 εἱξῐνιιιιξξῐΖ
721 2703 787 2746 lt‘tlihi
798 2702 915 2743 videtur
943 2702 1032 2732 etiam
1047 2703 1089 2732 lo-

264 2738 354 2775 cutus
369 2745 408 2774 ad
421 2744 502 2773 hunc
516 2741 643 2771 modum
655 2739 800 2775 Catullus,
813 2738 909 2775 epigr.
926 2747 934 2766 ι
947 2747 954 2767 :

1137 981 1195 1007 οὔτε
1208 980 1278 1011 ζωῆς
1293 979 1363 1011 τῦιος
1374 981 1452 1016 ἔχων,
1469 980 1537 1005 κατὰ
1545 981 1593 1008 τὴν
1613 980 1718 1015 Γραφήν
1735 988 1742 995 ·
1772 978 1807 1004 ὧν
1839 975 1872 1003 δᾶ
1896 976 1947 1009 ἰαί,

1138 1023 1228 1054 ἐπειδὴ
1250 1024 1347 1060 ἁγαθός
1373 1022 1415 1057 ἦν,
1444 1024 1459 1053 ἡ
1487 1025 1545 1059 τόγε
1573 1022 1678 1060 ἀκριθες
1702 1022 1795 1057 simis,
1826 1021 1949 1057 ανᾶταγα·

1139 1070 1226 1104 θότης,
1246 1071 1290 1095 καὶ
1306 1067 1465 1098 ἀνέκλειπτος
1489 1067 1652 1104 ἀγαθότητος
1676 1069 1761 1102 πηγὴ,
1790 1066 1841 1093 οὐκ
1871 1066 1950 1102 ius}.-

1137 1113 1177 1140 λεν
1221 1114 1274 1151 ἄρα
1301 1115 1446 1150 μονώτατος
1483 1111 1556 1145 εἶναι,
1586 1114 1631 1138 καὶ
1659 1113 1739 1148 μόνος
1769 1115 1819 1142 τῆς
1851 1110 1949 1140 ciuis;

1140 1158 1301 1195 ἀγαθότητος
1320 1158 1485 1195 κατάτρυφᾷν
1502 1167 1509 1174 ο
1524 1157 1570 1183 οὐκ
1598 1155 1667 1183 ἴδιον
1683 1157 1735 1193 γὰρ
1758 1154 1865 1191 ἀγαθοῦ
1885 1157 1949 1191 πρὸς

1139 1203 1229 1230 ἐαυτὸν
1244 1204 1320 1239 μόνον
1340 1201 1515 1239 ἐπεστράφθαι
1530 1212 1535 1218 ·
1553 1200 1582 1228 οὔ
1601 1202 1790 1239 χρηστότητος
1815 1203 1855 1235 τῷ
1886 1201 1949 1226 τιτὸ-

1139 1257 1186 1277 την
1227 1248 1316 1283 ἔχοντι
1353 1249 1422 1284 μόνῳ
1455 1246 1670 1284 πιριγράφισθαι.
1709 1248 1861 1281 Τοιγαροῦν
1894 1243 1947 1271 ἔδει

1139 1292 1316 1321 πληθύνεσθαι
1339 1293 1369 1318 τὸ
1398 1290 1503 1327 ἀγαθόν,
1519 1290 1543 1317 ἕν
1565 1294 1596 1326 τῇ
1626 1294 1674 1316 τῶν
1700 1291 1894 1328 παραγομένων
1924 1289 1946 1314 ἔν

1141 1336 1222 1373 ἑαυτῷ
1248 1335 1347 1366 «tum
1372 1339 1418 1367 τῆς
1442 1335 1559 1363 ἐνοποιοῦ
1584 1339 1634 1362 τῶν
1660 1334 1723 1361 ὅλων
1753 1332 1883 1371 οὐδαμῶς
1910 1333 1947 1365 ἐξ·

1141 1382 1277 1418 ιστοίμινον
1297 1381 1423 1412 ἑνότητος.
1449 1381 1496 1407 Διά
1519 1383 1596 1406 τοῦτο
1626 1379 1735 1416 οὐρανὸς
1749 1383 1887 1417 παρῆκται
1901 1381 1946 1405 καὶ

1139 1430 1185 1462 γῆ,
1200 1426 1316 1463 Οὖρρνὸς
1330 1427 1375 1462 μὶν
1404 1427 1454 1452 ιῗτε
1477 1427 1632 1462 κυριώτερον
1654 1423 1810 1460 ὀνομαστέος
1839 1424 1853 1450 ὁ
1878 1425 1944 1459 σύμ-

1139 1481 1190 1502 πας
1216 1469 1362 1507 διάκοσμος
1401 1474 1451 1496 τῶν
1482 1468 1626 1506 ἀσωμάτων
1666 1471 1740 1496 νόων.
1765 1468 1814 1499 Ὃς
1844 1466 1879 1498 δὴ
1900 1471 1945 1494 καὶ

1138 1516 1210 1554 παρά
1236 1518 1291 1546 τοῖς
1320 1519 1369 1542 τῶν
1396 1515 1519 1550 θεολόγων
1548 1513 1732 1552 πρεσϐυτέροις
1755 1516 1830 1551 τρισὶ
1858 1511 1945 1540 διατέ-

1139 1570 1233 1588 τακται
1255 1558 1398 1598 τριαδικῶς
1411 1561 1561 1597 ἱεραρχίαις
1577 1561 1645 1596 ·μία
1671 1560 1716 1595 μὲν
1743 1561 1790 1585 καὶ
1819 1562 1871 1584 τῶν
1898 1558 1944 1584 εἰλ-

1138 1604 1187 1632 λων
1211 1605 1250 1641 (2)
1277 1609 1308 1642 τῇ
1336 1604 1407 1637 τάξει
1433 1602 1635 1641 καταδεεστέρα,
1668 1606 1699 1640 τῇ
1728 1602 1757 1629 ἐκ
1790 1607 1841 1628 τῶν
1871 1604 1944 1638 ἱερῶν

1139 1650 1263 1687 ἀγγέλων,
1289 1651 1333 1677 καὶ
1371 1653 1420 1676 τῶν
1446 1650 1584 1687 ἱερωτέρων
1614 1647 1796 1687 ἀρχαγγέλων,
1821 1650 1869 1674 καὶ
1894 1653 1942 1674 τῶν

1139 1696 1202 1733 ὑπὲρ
1218 1695 1313 1726 αὐτοὺς
1333 1693 1422 1732 ἀρχῶν
1450 1693 1474 1720 ἐν
1491 1688 1611 1731 ’ἁρμονίῳ
1637 1701 1741 1729 στοιχῳ
1768 1696 1921 1722 σννεστὼπ
1934 1703 1939 1708 -

1141 1737 1251 1777 δευτέρα
1266 1738 1296 1766 δὲ
1309 1741 1352 1765 καὶ
1371 1739 1434 1776 ὑπερ
1452 1738 1533 1768 αὐτὴν
1557 1742 1587 1774 τῇ
1615 1736 1642 1763 ἐκ
1674 1741 1724 1763 τῶν
1754 1736 1862 1772 ὑψηλῶν
1877 1736 1941 1769 ἐξον.

1141 1789 1215 1818 σιῶν,
1240 1786 1285 1810 καὶ
1308 1788 1357 1810 τῶν
1378 1783 1542 1821 ὑψηλοτέρων
1566 1781 1711 1819 δυνάμεων,
1735 1784 1782 1808 καὶ
1805 1786 1856 1808 τὼν
1878 1783 1939 1818 νπὲρ

1141 1828 1252 1860 ἐκείνους
1281 1831 1440 1866 κυριοτήτων
1464 1830 1634 1864 τεταγμένων.
1664 1828 1738 1864 τρίτη
1759 1823 1790 1853 δὲ
1815 1829 1861 1853 καὶ
1881 1826 1941 1853 ἀνω-

1140 1874 1208 1900 τάτω
1249 1878 1339 1900 πασῶν
1361 1876 1392 1910 τῇ
1421 1872 1448 1899 ἐκ
1477 1877 1527 1899 τῶν
1552 1873 1625 1899 θείων
1650 1871 1814 1908 καλουμένων
1848 1873 1939 1909 θρόνων

1140 1921 1185 1945 καὶ
1210 1922 1259 1945 τῶν
1294 1918 1425 1956 θειοτέρων
1455 1916 1543 1948 αὐτοῖς
1567 1916 1710 1954 Χερουϐὶμ,
1737 1919 1784 1942 καὶ
1808 1920 1858 1942 τῶν
1878 1917 1938 1943 Θειο-

1140 1963 1224 1990 τάτων
1250 1963 1337 1993 πάσης
1378 1961 1475 1993 τάξεως
1507 1963 1733 1998 συγκεκροτημένη
1757 1963 1880 1998 Σεραφίμ.
1908 1961 1938 1987 Ἦ

1142 2010 1249 2045 πρώτως
1259 2009 1303 2044 μέν
1330 2008 1374 2033 καὶ
1401 2006 1504 2043 ἁμέσως
1526 2008 1576 2033 ὑπὸ
1600 2010 1648 2037 τῆς
1671 2005 1845 2042 ἀγαθαρχίας
1865 2007 1938 2036 αᾶτῆς

1141 2051 1317 2088 ἆγαθυνομένη
1344 2052 1573 2088 καταστράπτιται
1607 2060 1614 2068 ·
1648 2053 1711 2087 πρὸς
1738 2051 1787 2081 τὰς
1814 2049 1937 2079 ὑποϐεϐη-

1141 2099 1216 2128 κυίας
1240 2094 1269 2123 δὲ
1291 2100 1341 2122 τῶν
1367 2094 1461 2127 τάξεων
1489 2097 1535 2122 τὰν
1562 2092 1728 2125 ἁκτινοειδιῖς
1756 2093 1936 2132 διαπορθμεὴι

1141 2145 1190 2167 τῶν
1207 2145 1346 2177 φωτισμῶν
1363 2137 1472 2178 δωρεάς.
1502 2140 1586 2171 Οὗτος
1605 2141 1650 2176 μὲν
1676 2140 1689 2165 ὁ
1709 2141 1789 2170 ὅντως
1815 2141 1848 2165 ὢν
1866 2140 1935 2177 οὐρα-

1143 2186 1194 2220 νὸς,
1227 2184 1270 2210 οἵα
1295 2184 1384 2220 Θρόνος
1416 2183 1559 2221 ὑπέρτατος
1584 2187 1620 2219 τῷ
1644 2182 1761 2218 ’Υψίστῳ
1788 2186 1935 2210 κατεσκεύα-

1143 2239 1214 2258 σται.
1229 2229 1258 2255 Ἠ
1274 2233 1308 2264 ’γῆ
1333 2226 1362 2255 δί
1384 2228 1454 2264 αὐτῷ
1479 2227 1624 2255 ὑποπόδιον
1651 2227 1777 2263 ἀνάλογον
1804 2228 1936 2257 ὑποϐέϐλη-

1140 2283 1184 2300 ται
1196 2277 1231 2309 τῷ
1248 2274 1340 2310 θρόνῳ.
1356 2275 1406 2302 Γῆν
1422 2271 1452 2300 δέ
1467 2283 1534 2310 φημι
1552 2277 1596 2299 νῡν
1623 2276 1673 2299 τῶν
1702 2272 1838 2301 αἰσθητῶν
1858 2275 1935 2309 σωμὰ-

1142 2328 1191 2344 των
1227 2319 1274 2347 τήν
1309 2316 1499 2354 διακόσμησιν,
1538 2317 1552 2347 ἢ
1583 2315 1700 2354 δεύτερος
1736 2319 1837 2353 κόσμος
1859 2317 1934 2347 ὑλικὰς

1142 2365 1186 2390 καὶ
1225 2363 1351 2400 ὁρώμενος
1376 2365 1420 2389 καὶ
1447 2364 1515 2397 ἔστι,
1535 2364 1579 2389 καὶ
1604 2363 1766 2398 ὠνόμασται.
1796 2362 1863 2389 Ἀλλ’
1884 2364 1934 2388 οὔτε

1142 2411 1186 2434 νῦν
1208 2410 1267 2444 περὶ
1291 2409 1384 2434 τούτου
1414 2405 1570 2436 διαληπτέον
1600 2405 1646 2441 δὴ,
1673 2408 1732 2433 οὔτε
1755 2405 1785 2433 6";
1814 2409 1870 2444 περὶ
1894 2410 1932 2433 τοῦ

1143 2455 1236 2481 νοητοῦ
1282 2453 1325 2478 καὶ
1366 2454 1470 2490 πρώτου
1505 2453 1606 2488 κόσμου
1643 2452 1740 2481 παντὸς
1770 2451 1931 2488 φιλοσοφῆσαι

1143 2498 1234 2533 καιρός
1250 2506 1257 2513 ·
1271 2496 1383 2533 Μιχαὴλ
1399 2494 1429 2523 δὲ
1443 2498 1488 2522 καὶ
1504 2495 1618 2533 Γαϐριὴλ
1645 2495 1671 2522 οὶ
1697 2497 1878 2532 τρισμέγιστοι
1893 2505 1932 2532 με·

1143 2541 1309 2578 γαλοπρεπὴς
1335 2542 1397 2577 ἡμῖν
1429 2543 1542 2578 σήμερον
1577 2541 1699 2571 ὑπόθεσις
1743 2540 1930 2578 προϐέϐληνται,

1215 2631 1283 2660 Jam
1298 2633 1360 2659 tum
1375 2638 1443 2660 cum
1456 2638 1546 2659 ausus
1559 2638 1588 2659 es
1609 2637 1688 2658 unus
1706 2629 1853 2659 Italorum

1217 2668 1305 2695 Omna
1318 2674 1412 2695 arvum
1429 2666 1506 2694 tibus
1521 2667 1675 2701 explicare
1688 2666 1815 2701 chartis,
1834 2669 1884 2696 etc.

1145 2702 1208 2738 Quo
1220 2702 1297 2739 loco,
1312 2707 1401 2737 unus,
1414 2702 1531 2732 videtur
1541 2709 1616 2737 esse,
1634 2701 1766 2738 primus.
