1966 3079
31 129 101 158 λιες)

515 127 649 162 ΝῘΟΕΤΕ
663 129 840 161 LAUDATIO
859 130 910 160 SS.
920 130 1104 161 MICHAELIS
1117 133 1160 161 ET
1174 131 1373 162 GABRIELIS.

1647 136 1715 166 1230

33 195 96 219 Θεοῦ
108 194 194 228 μένειν
210 191 348 223 εναῦτοῖς.
371 192 448 219 Ὀθεν
473 196 519 223 τὴν
545 194 606 224 ὅλην
633 193 733 231 ἂθροως
754 203 809 220 καθ-ι

936 199 1001 221 ntur
1012 202 1145 228 munere,
1170 195 1223 223 sed
1246 195 1336 224 etiam
1365 195 1521 232 sapienter.
1549 198 1622 226 Sunt
1634 199 1712 227 enim

31 237 109 263 λῦσαι
127 241 191 272 γῆν,
209 239 254 263 καὶ
267 240 318 263 πᾶν
333 235 362 264 δὲ
372 239 401 263 τὸ
416 240 512 269 ταύτης
528 238 668 275 ἀνάστημα
695 243 740 265 τοῦ
769 241 836 265 Θεοῦ

33 280 192 317 βουλομένου
209 281 443 318 καταστρέψασθαι
457 282 481 309 ἄν
500 285 572 320 χειρί
601 293 666 320 φασι
692 288 742 310 τῶν
769 283 838 319 ὑψη-

31 326 78 351 λῶν
93 328 193 352 τούτων
211 324 356 362 δυνάμεων,
386 329 448 358 τούς
475 337 503 354 τε
531 333 580 354 τῶν
609 328 723 365 οὐρανῶν
756 337 836 354 κατα-

30 372 126 406 ράκτας
155 371 254 396 ἀνωθεν
283 371 490 408 καταρραγῆναι,
527 373 572 403 τάς
608 382 634 399 τι
673 374 759 409 πηγὰς
785 376 835 398 τῶν

30 415 154 441 ἀϐύσσων
169 416 286 441 κάτωθεν
310 415 498 453 ἀναρραγῆναι.
528 415 575 448 Οἷς
602 416 708 448 ἀπάσης
739 418 836 454 σαρκὸς

29 461 248 494 καταπνιγείσης,
263 462 339 495 μόνον
359 462 403 486 τόν
440 459 543 487 δίκαιον
565 465 622 492 ταῖς
645 463 742 488 τούτων
773 471 836 499 προ-

28 506 109 534 νοίαις
139 503 165 530 ὶν
204 504 308 540 κιϐωτῷ
339 505 426 536 ξυλίνη
460 508 614 542 πανοικεσίᾳ
643 505 834 536 διασώζεσθαι.

30 548 159 575 Ἐντεῦθεν
194 549 314 575 κάτεισιν
351 551 397 585 μὴν
424 550 588 587 οὐρανόθηὸ
605 552 700 586 Κύριος
716 550 759 577 ἐπὶ
788 553 835 580 τὴν

29 597 86 627 γῆν.
102 592 184 618 Ἀλλὰ
194 595 235 623 τίς
253 594 269 622 ἠ
295 592 409 624 κάθοδος
432 597 478 620 τοῦ
503 596 547 620 τὸν
576 595 682 631 οὐρανὸν
708 595 766 621 κατ’
795 595 837 621 οὐ-

31 639 88 663 σὶαν
102 639 148 663 καὶ
169 639 221 666 τὴν
246 641 296 672 γῆν
321 637 520 674 πεπληρωκότος
536 638 588 671 ;⁴0
609 640 683 675 τάχα
711 641 758 668 τὴν
780 638 835 665 ἔπι-

31 685 94 717 φανῆ
115 686 168 707 τῶν
179 681 225 708 ἐπὶ
237 685 287 717 γῆς
309 683 388 719 ἔργων
413 683 493 709 αὐτοῦ
517 686 686 720 καινοτομίαν
710 687 777 710 Θεοῦ
803 688 834 714 τῆ

31 728 115 762 Γραφῆ
140 725 292 753 κατάϐασιν
322 727 444 764 εἰρῆσθαι
461 736 468 761 ;
485 728 594 754 κάτεισι
621 730 707 754 τοίνυν
730 731 765 757 πῆ
791 729 836 764 μὲν

890 238 1001 274 quibus
1018 239 1132 267 aditum
1147 240 1327 276 permittant,
1342 242 1370 267 et
1389 240 1469 268 viam
1497 241 1616 269 faciant.
1635 244 1713 276 Quo-

889 290 957 311 rum
971 283 1215 312 videlicetdivina
1230 284 1372 321 quaedam
1388 288 1468 313 secta
1481 288 1524 313 est
1538 290 1566 314 et
1585 287 1713 316 cmlestis

890 327 1033 355 institutio
1052 328 1218 356 innocentis
1251 329 1327 362 vitae,
1357 329 1426 357 labe
1457 334 1613 366 segregata
1632 333 1715 360 omni

889 372 1006 408 illisque
1039 373 1116 401 adeo
1149 373 1222 409 ipsis
1256 376 1437 410 perpurgata
1469 375 1608 403 sordibus
1641 384 1715 412 qua-

889 425 957 444 rum
970 425 1035 444 esse
1046 417 1132 452 solet,
1163 417 1193 445 in
1227 418 1392 446 humilitate
1424 418 1578 447 tardorum
1610 428 1715 456 corpo—

889 469 957 489 rum
985 464 1131 498 tanquam
1160 462 1191 489 in
1221 463 1338 491 sentina
1365 462 1449 490 locus
1479 464 1628 499 proprius.
1658 465 1715 492 Illis

889 513 960 534 vero
979 514 1082 533 rursus
1102 507 1214 534 vallum
1247 507 1449 543 insuperabile
1483 515 1601 536 moram
1614 509 1718 544 objicit

889 551 1110 584 necessariam;
1133 552 1180 579 vel
1200 551 1223 579 si
1257 555 1360 579 contra
1388 553 1532 588 pergendi
1564 553 1716 582 obstinent

890 594 1058 630 audaciam,
1080 603 1192 631 anceps
1211 604 1372 624 occurrens
1392 596 1510 631 gladius
1546 598 1715 633 periculum

890 639 1015 667 intentat
1028 647 1302 676 praesens,quorum
1314 640 1466 677 cupiditati
1479 642 1517 669 ad
1528 643 1714 678 carpendum

889 683 1004 719 lignum
1017 685 1141 712 vetitum
1160 687 1272 713 temere
1287 685 1430 721 prtecipiti
1447 685 1527 720 juste
1547 686 1645 714 aditus
1666 695 1715 715 ne—

890 730 986 763 gatur,
1003 729 1037 757 Ut
1056 731 1155 757 autem
1171 729 1270 757 omnis
1288 729 1397 757 deinde
1412 738 1482 758 caro
1501 730 1531 757 in
1552 733 1715 767 conspectu

29 774 78 800 τοῖς
104 770 139 800 εἱς
173 769 286 808 οὐρανὸν
312 772 359 800 τὴν
387 770 512 798 ἀνάϐασιν
543 771 725 808 οἰκοχομοῦσιν
745 771 805 808 ἁλον)

937 773 941 800 i
957 773 1036 801 viam
1048 781 1134 801 suam
1155 774 1287 810 corrupit
1305 782 1395 810 super
1416 777 1534 810 terram,
1556 766 1713 812 omnisque

30 824 92 845 στως
118 817 167 844 τήν
192 815 318 851 γλῶσσαν
352 818 597 853 ιπαμεριοὺμενος,
623 821 659 846 πῆ
685 815 716 843 δε
737 817 834 848 ξενιζὸ-

27 868 97 894 μινος
144 859 373 897 ἄνθρωποπρεπῶς
420 862 492 898 παρὰ
528 865 564 896 τῷ
603 861 723 898 Ἀϐραάμ
737 869 743 876 ·
781 860 836 888 εἶτα

28 906 88 940 πυρὶ
102 906 148 930 καὶ
169 904 232 940 θείῳ
256 906 316 935 τοὺς
342 903 478 941 ἁθιμετους
506 905 628 936 ἀπολλύς.
657 907 834 942 Συγκατερχι·

28 957 68 974 ται
82 949 166 984 τούτῳ
179 948 295 984 Μιχαὴλ
311 951 356 975 καὶ
385 949 508 987 Γαϐριὴλ,
534 949 564 976 οὐ
587 953 633 980 τῆς
661 949 835 986 ’Λϐραμιαίας

30 994 100 1028 μόνον
146 995 192 1019 καὶ
227 993 300 1024 ξένης
341 993 424 1024 ξενίας
463 993 560 1024 ἐκείνης
590 998 771 1025 κοινωνοῦντες
798 998 834 1029 τῷ

32 1039 155 1074 eum,
185 1037 255 1064 ἀλλὰ
296 1040 342 1064 καὶ
369 1040 448 1065 παντὶ
475 1039 534 1074 Θιιῳ
564 1039 721 1075 κελεύσματι
747 1039 834 1076 Θεαρί-

35 1091 97 1112 στως
126 1083 330 1119 ὑπουργοῦντες.
366 1083 553 1119 Διαμερίζουσι
595 1085 640 1119 μὲν
673 1084 731 1112 ἔθνη
767 1083 836 1109 κατὰ

34 1126 151 1160 γλώσσας
164 1136 194 1154 τε
208 1129 257 1153 xui.
271 1126 362 1162 φυλάς·
378 1126 498 1158 iactaret;
528 1126 558 1154 δι
581 1129 678 1154 τούτων
712 1127 834 1164 ἀγγέλους

37 1170 135 1208 ὶφόρους
163 1171 346 1208 ἄνια-τείνουσι,
389 1174 435 1198 καὶ
460 1170 617 1208 ιηδεμόνας.
642 1175 692 1199 Καὶ
714 1173 835 1210 ῥυόμενοι

38 1217 77 1250 μεν
94 1220 292 1252 περιποιοῦνται
330 1219 374 1243 καὶ
399 1217 530 1247 σώζουσιν
565 1216 609 1248 οὓς
644 1215 799 1243 Minatium
822 1217 835 1243 ὁ

40 1262 106 1295 Θεὸς,
119 1262 336 1297 καταστρέφουσι
358 1259 388 1287 δὲ
411 1263 456 1287 καὶ
479 1266 651 1288 κατασπῶσιν
665 1261 710 1292 οὓς
735 1259 836 1292 ἔνδικος

38 1302 155 1339 Ὑψίστου
208 1305 297 1341 ψῆφος
339 1303 450 1332 ἆχδίωσι
491 1305 667 1342 πανωλεθρίῳ,
716 1304 835 1342 ’Δϐραὰμ

39 1348 145 1376 ἐνταῦθα
162 1351 295 1386 ἡγίασται
309 1352 374 1386 Θεῷ,
395 1348 431 1376 δι’
447 1349 474 1376 ὃν
496 1353 541 1376 καὶ
563 1351 577 1376 ὁ
591 1351 694 1386 ἔκγονος
720 1350 836 1376 immat-

38 1402 76 1419 ται
85 1394 198 1430 Ἰσραήλ.

889 817 1028 854 cogitatio
1040 818 1079 845 ad
1095 817 1209 846 malum
1228 818 1339 854 impetu
1355 819 1469 852 ruebat,
1482 827 1543 847 non
1563 822 1606 847 est
1616 820 1714 848 visum

888 864 1123 889 consentaneum
1139 864 1255 890 tantam
1270 862 1345 890 inter
1364 863 1565 899 corruptelam
1587 864 1636 891 Dei
1653 864 1714 900 Spi-

888 905 978 934 ritum
993 906 1024 933 in
1039 906 1161 934 homine
1183 914 1370 942 permanere.
1396 907 1479 935 Unde
1503 915 1572 935 cum
1586 907 1636 936 illa
1656 910 1714 937 Deo

888 950 1004 978 sederet
1031 951 1186 984 sententia,
1217 953 1328 979 terram
1355 951 1516 979 delendam
1544 952 1714 981 universam

887 997 1002 1031 quanta
1014 997 1058 1022 est
1067 997 1096 1023 et
1109 1002 1232 1023 omnem
1247 995 1313 1031 ejus
1329 995 1503 1032 superbiam
1513 996 1712 1031 obruendam,

888 1038 1064 1066 sublimium
1079 1039 1185 1066 harum
1200 1039 1340 1068 virtutum
1359 1042 1481 1076 putatur
1496 1048 1569 1068 usus
1581 1041 1714 1068 ministe-

887 1083 930 1111 rio
944 1083 984 1111 ad
993 1086 1160 1111 cataractas
1172 1083 1316 1111 calorum
1336 1084 1565 1120 perfringendos
1586 1084 1714 1121 desuper

888 1129 916 1155 et
935 1127 974 1155 ad
994 1127 1096 1163 abyssi
1113 1127 1210 1155 fontes
1229 1126 1306 1156 infra
1324 1128 1520 1164 rumpendos.
1542 1129 1582 1156 Ex
1601 1129 1713 1165 quibus

887 1179 1037 1209 aquarum
1055 1171 1244 1200 redundante
1271 1173 1358 1208 copia
1385 1180 1454 1200 cum
1474 1174 1620 1201 exstincta
1648 1181 1715 1202 esse

876 1216 988 1245 omnis
1002 1224 1082 1251 caro,
1106 1224 1185 1244 unus
1201 1216 1300 1252 justus
1319 1224 1388 1244 cum
1407 1216 1520 1245 familia
1537 1217 1714 1245 eorumdem

889 1261 1078 1297 providentia
1098 1262 1233 1288 servatus
1253 1260 1343 1289 fuisse
1364 1261 1469 1289 merito
1488 1261 1629 1290 creditur.
1644 1261 1715 1289 inde

889 1305 927 1333 de
940 1305 1016 1333 caelo
1041 1305 1184 1333 Dominus
1211 1305 1366 1333 descendit
1389 1306 1419 1333 in
1442 1308 1562 1334 terram.
1583 1306 1655 1339 Quis
1665 1306 1714 1334 hic

889 1350 1053 1377 descensus
1068 1352 1168 1377 autem
1179 1349 1253 1385 ejus,
1263 1350 1349 1385 cujus
1366 1351 1523 1386 prementia
1536 1350 1647 1378 coelum
1657 1350 1713 1379 im-

888 1394 949 1430 plet
963 1397 992 1422 et
1004 1397 1112 1422 terram
1131 1393 1145 1421 ‘I
1159 1395 1204 1421 An
1231 1401 1378 1422 novorum
1408 1394 1482 1422 forte
1501 1403 1628 1431 operum
1643 1403 1714 1424 mox

38 1441 214 1477 edendorum
237 1451 329 1480 super
350 1445 458 1473 terram
491 1443 635 1472 mirabilis
655 1443 770 1472 eﬂeetio
786 1443 843 1471 hoc
863 1451 882 1471 a
901 1443 1053 1479 Scriptura
1080 1442 1202 1470 nomine
1218 1442 1392 1478 designatur
1413 1442 1427 1470 τ
1451 1444 1608 1472 Descendit
1624 1444 1715 1478 igitur

40 1494 112 1515 nunc
121 1487 281 1517 hominum
301 1489 524 1525 conspiratione
543 1489 701 1516 temeraria
720 1488 759 1516 ad
788 1487 1054 1516 consoendendum
1087 1487 1196 1515 caelum
1227 1487 1365 1515 insanam
1393 1488 1497 1516 turrim
1526 1488 1713 1516 molientium

40 1530 163 1566 linguam
193 1533 349 1560 divisurus
365 1542 372 1560 ι
388 1540 469 1561 nunc
489 1533 699 1569 hospitalitatis
725 1532 852 1560 Abrahae
877 1534 1019 1568 capturus
1047 1532 1303 1568 experimentum:
1338 1534 1401 1559 tum
1430 1532 1493 1567 igni
1512 1534 1541 1560 et
1572 1532 1715 1568 sulphure

40 1574 158 1604 incestos
173 1579 420 1613 consumpturus.
443 1578 519 1605 Eunt
531 1577 571 1604 illi
595 1577 719 1605 comites
739 1576 859 1605 Michael
881 1579 909 1605 et
931 1576 1057 1604 Gabriel.
1081 1578 1144 1604 Non
1160 1578 1192 1604 ut
1214 1576 1380 1604 Abramseas
1403 1576 1612 1613 hospitalitatis
1636 1576 1714 1605 illius

41 1618 176 1649 inusitatae
187 1624 281 1658 atque
303 1621 343 1650 ab
366 1622 525 1650 hominum
548 1624 612 1649 tum
641 1621 777 1650 moribus
797 1621 1012 1658 peregrinantis
1038 1620 1167 1649 fructum
1201 1620 1291 1648 simul
1310 1629 1379 1648 cum
1407 1621 1530 1649 domino
1557 1621 1713 1658 prmsentis

42 1665 134 1697 gaudii
144 1667 343 1702 perciperent,
358 1665 411 1695 sed
424 1669 456 1694 ut
473 1667 512 1694 ad
535 1673 625 1694 omne
639 1666 759 1700 signum
781 1666 888 1693 divinae
907 1665 1068 1694 voluntatis
1096 1673 1247 1693 summam
1277 1665 1388 1701 ubique
1410 1665 1449 1694 ad
1469 1665 1599 1702 quodvis
1620 1666 1713 1693 obse-

43 1709 137 1744 quium
156 1718 252 1747 opera
264 1710 598 1746 navandadiligentiam
617 1712 874 1747 reprmsentarent.
900 1711 1005 1738 Gentes
1024 1710 1113 1745 igitur
1131 1710 1161 1737 in
1185 1709 1302 1744 linguas
1325 1713 1354 1738 et
1376 1710 1471 1738 tribus
1487 1710 1529 1738 illi
1552 1710 1712 1744 dividunt,

42 1754 98 1781 tum
113 1755 226 1784 eisdem
243 1755 369 1790 singulis
384 1758 534 1784 curatores
566 1756 718 1792 quosdam
740 1755 863 1791 angelos
886 1758 915 1783 et
938 1754 1080 1791 praesides
1107 1754 1274 1790 praeﬁciunt
1298 1754 1398 1782 iidem.
1428 1756 1493 1782 Jam
1516 1755 1556 1782 ad
1579 1763 1631 1783 eos
1655 1762 1713 1782 ser-

41 1799 148 1827 vandos
160 1808 241 1836 quos
256 1800 432 1828 eximendos
448 1808 466 1828 a
485 1801 638 1828 communi
659 1800 744 1828 clade
769 1802 844 1828 Deus
869 1799 983 1827 censuit
1014 1807 1108 1834 quam
1133 1799 1228 1827 seduli
1256 1802 1326 1827 sunt
1340 1799 1426 1835 ‘Iqua
1436 1807 1487 1827 eos
1502 1800 1538 1834 vi,
1555 1807 1616 1836 qua
1629 1808 1712 1835 cura,

42 1849 126 1877 quam,
149 1844 288 1873 beneﬁca
313 1847 483 1880 protegunt,
514 1844 653 1880 eripiunt,
680 1847 775 1872 tutum
791 1845 821 1872 in
842 1846 995 1880 receptum
1019 1844 1150 1880 denique
1169 1843 1340 1880 perducunt
1366 1843 1412 1871 ΤΕ
1433 1845 1581 1872 contrario
1596 1851 1667 1872 vero
1682 1847 1714 1872 ut

42 1890 159 1923 vastant,
173 1889 310 1918 obruunt
324 1892 414 1925 atque
424 1889 508 1917 omni
522 1890 675 1917 atrocitate
691 1889 721 1917 in
741 1897 793 1917 eos
815 1889 959 1916 detonant
983 1888 1095 1924 quibus
1119 1888 1177 1916 hoc
1203 1888 1340 1916 meritum
1352 1889 1587 1924 exitiumjustus
1613 1896 1714 1925 supre-

42 1931 78 1958 mi
89 1932 194 1966 judicis
209 1933 345 1962 calculus
357 1933 554 1961 decreverat?
567 1933 719 1962 Abraham
739 1933 847 1961 exinde
867 1932 1069 1961 sanctiﬁcatus
1089 1933 1147 1960 Deo
1167 1935 1221 1967 est,
1236 1932 1276 1960 ob
1291 1941 1383 1969 quem
1393 1936 1422 1961 et
1445 1941 1541 1970 nepos
1569 1934 1634 1968 ejus
1645 1933 1713 1961 lau-

42 1973 121 2003 datur
134 1978 236 2007 lsrael.

73 2019 154 2047 ”Δλλοι
169 2024 213 2058 μεν
240 2023 284 2049 οὖν
324 2032 373 2049 των
405 2023 478 2050 etiam
504 2022 619 2059 ἀγγίλων
645 2022 727 2048 ἄλλων
755 2021 832 2048 ἰθνῶν

936 2022 1013 2057 gitur
1023 2021 1071 2050 alii
1086 2021 1209 2058 quidem
1225 2023 1318 2050 sancti
1332 2022 1564 2057 angelialiarum
1580 2023 1712 2058 gentium

42 2066 184 2094 προστατεῖν
198 2062 454 2098 κατακεκληρωνται·
480 2061 552 2089 οὗτοι
577 2062 606 2089 δὲ
635 2063 761 2099 ἄρχοντες
787 2065 833 2088 καὶ

42 2109 211 2139 προασπὶσταὶ
238 2111 284 2134 τοῦ
321 2107 430 2145 Ἰσραὴλ
458 2109 523 2144 πρὸς
555 2111 621 2135 Θεοῦ
655 2105 830 2143 διαττάχατο.

42 2145 109 2174 Ὀθεν
121 2152 259 2186 τῷἸο-αάκ
283 2153 298 2182 ἡ
320 2154 442 2188 γὸνησις
469 2151 635 2190 ξενοπρεπής·
671 2151 729 2179 κατ’
753 2151 832 2187 ἄπαγ-

42 2191 119 2225 γελίαν
153 2197 203 2233 γάρ
233 2197 283 2232 (3).
316 2197 474 2233 Ξενοπρεπὴς
508 2195 538 2223 δε
561 2197 642 2223 θυσία
662 2197 728 2233 μετὰ
750 2200 834 2223 ταῦτα

43 2241 226 2276 προσαγόμενος
267 2245 335 2278 φωνῇ
372 2241 481 2277 ἀγγέλου
529 2244 654 2278 πατρῴας
695 2243 834 2278 μαχαίρας

44 2280 218 2319 ἀπηλλάττπο,
260 2287 342 2317 τύπος
391 2287 528 2323 ἱερωτέρας
570 2285 834 2322 παραλαμϐανόμινος

45 2324 191 2373 “fannius.
220 2334 279 2362 Πῶς
323 2329 350 2357 cl"
389 2329 419 2356 ἂν
446 2329 539 2358 Ἰακὼϐ
564 2335 613 2361 τῆς
639 2330 833 2368 οὐρανομήκης

43 2371 154 2405 κλίμωιος
179 2374 284 2408 hunc,
319 2378 364 2401 καὶ
388 2379 436 2402 τῶν
478 2374 599 2401 ἀνιόντων
628 2378 673 2402 καὶ
692 2377 833 2402 κατιόντων

43 2408 74 2437 δι’
89 2415 163 2447 αὐτῆς
174 2417 298 2455 ἀγγίλων,
328 2420 344 2448 ἦ
374 2422 420 2446 τοῦ
443 2418 660 2456 ἔπεστηριγμενου
683 2423 750 2447 Θεοῦ
779 2420 834 2456 ἐγι·

39 2457 237 2503 ἶὸνιιθεωρὸςώ
266 2468 316 2490 τῶν
339 2463 446 2500 ὕστερον
472 2463 599 2499 ὀφθεισῶν
630 2463 700 2499 αὐτῷ
733 2475 831 2503 παρεμ-

41 2498 121 2546 ςθλῶνι
143 2505 158 2535 ἦ
182 2512 230 2539 τῆς
253 2510 319 2545 μετὰ
355 2498 407 2535 τοῦ.
426 2498 600 2546 Θεανθρὼπου
626 2508 721 2544 πάλῆς,
800 2498 830 2537 οὗ

39 2543 118 2590 ξῖξτῧς
131 2549 236 2587 Ἰσραὴλ
253 2543 345 2589 ’ἔτυχε
374 2543 566 2590 προσηγορίας·
591 2557 644 2583 πῶς
672 2543 828 2582 armum»

887 2067 980 2094 sortiti
995 2067 1201 2102 praefecturam
1216 2070 1295 2095 sunt.
1311 2067 1377 2095 Istis
1387 2070 1488 2096 autem
1504 2071 1588 2096 extra
1602 2070 1712 2096 sortem

888 2111 938 2138 Dei
967 2111 1230 2139 commendatione
1251 2111 1354 2148 populi
1374 2112 1524 2140 lsraelitici
1543 2112 1666 2147 regendi
1685 2115 1714 2140 et

886 2155 1062 2192 protegendi
1076 2156 1260 2184 demandata
1273 2159 1316 2184 est
1327 2157 1491 2192 provincia.
1513 2157 1598 2185 Unde
1616 2157 1713 2185 lsaaci

887 2200 1038 2235 generatio
1048 2200 1203 2233 mirabilis,
1218 2203 1247 2229 et
1261 2200 1428 2237 inopinata,
1444 2209 1497 2238 per
1505 2202 1712 2238 repromissio-

885 2252 956 2273 nem
971 2245 1051 2273 enim
1066 2248 1155 2273 natus
1165 2248 1218 2281 est,
1232 2253 1334 2274 eorum
1345 2246 1559 2275 administrata
1574 2254 1634 2276 esse
1642 2255 1712 2281 pru-

887 2290 989 2318 dentia
1002 2290 1140 2324 putanda
1155 2293 1206 2318 est.
1229 2291 1285 2323 Qui
1304 2290 1411 2319 deinde
1432 2293 1519 2319 Isaac
1539 2299 1607 2319 cum
1627 2291 1712 2320 altari

886 2337 966 2363 esset
976 2333 1131 2370 inopinata
1146 2334 1266 2362 victima
1281 2335 1447 2371 impositus,
1458 2343 1531 2364 voce
1550 2336 1711 2372 prohiben-

887 2379 924 2407 tis
944 2378 1042 2413 angeli
1063 2379 1178 2414 paterni
1205 2382 1249 2406 est
1268 2379 1359 2414 gladii
1378 2380 1509 2416 periculo
1530 2380 1710 2410 subtractus.

887 2423 958 2456 Quae
973 2425 1057 2450 erant
1066 2423 1130 2458 jam
1146 2425 1208 2451 tum
1220 2424 1324 2452 omnia
1338 2424 1378 2452 ad
1403 2425 1558 2453 sanctioris
1573 2425 1710 2454 sacriﬁcii

885 2467 1015 2503 ﬁguram
1025 2467 1192 2503 designata.
1206 2468 1364 2500 Quomodo
1373 2477 1444 2497 vero
1454 2469 1548 2497 Jacob
1565 2470 1708 2497 mirabilis

883 2512 962 2540 illius
976 2511 1085 2540 caelum
1101 2514 1186 2539 terra:
1205 2513 1416 2541 committentis
1437 2513 1525 2542 scalae
1545 2514 1709 2541 ascenden-

882 2556 1019 2593 tiumque
1033 2564 1086 2592 per
1111 2564 1178 2584 eam
1199 2557 1376 2592 angelorum
1392 2561 1444 2586 aut
1462 2557 1708 2586 descendentium

39 2585 124 2619 ἦξίωτο
137 2585 185 2627 τῆς
197 2585 332 2635 sapiu,"
346 2598 368 2624 εἰ
459 2585 516 2627 rei;
541 2596 745 2633 ἁρχαγιελικοῑς
770 2601 815 2626 τοὺ

934 2585 1144 2637 umbentisque
1157 2600 1198 2629 illi
1224 2585 1284 2636 Dat,
1306 2609 1409 2630 rursus
1435 2605 1600 2630 castrorum
1616 2585 1708 2638 appa;

40 2639 86 2683 τξις
119 2640 186 2671 νόοις
239 2643 418 2672 χατηυθὺνετο
473 2642 663 2680 φρουρούμενος
686 2650 694 2676 ;
717 2641 770 2680 Ὑφ’
792 2644 826 2670 ὢν

42 2684 173 2715 “eam
195 2685 292 2724 Ἰωσὴφ
311 2687 418 2724 ὕστερον
440 2686 476 2717 εἰς
490 2688 622 2723 Afr/umor
646 2685 825 2725 ὁδηγηθῆναι,

880 2646 1022 2680 rentium,
1039 2648 1104 2674 tum
1113 2645 1202 2674 luctas
1212 2653 1281 2674 cum
1305 2647 1407 2675 divino
1431 2647 1494 2675 viro
1508 2654 1577 2683 quae.
1592 2647 1707 2676 lsraelis

881 2690 922 2719 illi
932 2690 1166 2727 appellationem
1185 2691 1318 2727 peperit:
1334 2699 1395 2728 quo
1411 2692 1537 2728 inquam
1551 2692 1599 2720 ille
1614 2692 1706 2721 modo

71 2747 109 2786 l3)
119 2752 223 2792 Aliqms
234 2759 283 2788 hic
293 2758 397 2788 deesse
410 2758 547 2787 videntur
560 2758 592 2787 in
602 2759 709 2788 Grecis
723 2768 792 2797 quea
811 2769 868 2791 nos
884 2762 985 2792 Latine
1002 2762 1208 2800 supplevimus
1227 2763 1430 2799 probabiliter.
