1966 3079
245 119 312 148 1231

959 115 1137 144 ADDENDA.

1871 121 1927 147 H32

243 184 288 211 tot
303 185 381 210 esset
408 180 572 216 taliumque
596 186 696 207 rerum
713 180 772 207 tam
796 177 942 215 praeclara
967 185 1019 213 spe

1152 178 1164 202 ,ἱ
1193 180 1239 207 τῆς
1275 177 1423 214 Αἰγυπτίων
1464 178 1552 216 ἀρχῆς
1581 179 1764 212 ἐπιλαϐέσθαι,
1793 182 1845 206 καὶ
1876 184 1928 218 nisi:

245 226 420 262 visioneque
431 225 582 258 dignatus,
596 224 652 252 nisi
664 224 772 252 harum
791 221 1067 257 archangelicarum

246 270 392 298 mentium
412 269 551 305 praesidio
570 269 681 305 ubique
700 270 729 296 et
747 267 961 303 gubernatione
976 268 1069 294 utere-

246 318 305 344 tur.
317 316 447 347 Quarum
458 313 548 342 etiam
562 313 670 341 deinde
693 312 783 340 credo
808 311 997 348 providentia
1012 310 1070 338 du-

248 362 329 388 ctum
341 359 452 395 Ioseph
472 358 502 386 in
520 360 682 394 {Egyptum
706 357 745 386 ad
758 357 822 392 ejus
847 356 977 392 denique
993 355 1073 390 genti

249 404 404 433 emersisse
414 403 635 440 principatum:
662 410 723 439 quo
743 404 771 430 et
781 401 821 430 ad
844 401 1071 433 humanitatem,

250 452 278 478 et
288 449 328 478 ad
340 448 514 484 religionem
525 456 597 476 usus
619 450 682 476 tum
696 450 839 483 cognatos
863 446 901 475 ad
927 454 959 474 se
969 453 1074 474 omnes

251 494 370 524 attraxit
385 502 466 528 suos,
484 495 547 522 tum
562 493 676 521 alienos
700 494 790 528 atque
809 493 925 520 exteros
939 491 978 519 ad
995 491 1075 526 ejus-

252 540 321 569 dem
352 547 454 567 sccum
482 538 534 566 Dei
562 538 676 566 cultum
704 537 883 574 provocavit.
919 538 987 564 Post
1011 536 1076 564 hac

252 594 358 615 rursus
380 585 455 613 eruit
480 584 624 612 Dominus
645 591 681 612 ex
704 583 913 619 IEgyptiorum
935 581 1077 610 manibus

253 631 402 663 lsraelem,
419 629 587 665 modojam
611 628 683 657 satis
708 628 815 664 opinor
839 629 910 655 noto
925 626 1076 655 omnibus.

256 675 400 712 Disruptis
414 674 493 702 enim
505 673 592 710 aquis
603 673 659 701 illis
678 672 834 701 immensis
862 671 985 707 gurgitis
999 670 1079 699 altis-

255 720 322 748 simi
332 719 416 748 siccis
426 718 573 756 populum
598 717 725 754 pedibus
750 716 919 745 vastomari
938 715 1077 744 traduxit.

255 764 346 800 Cujus
369 763 463 800 ipsius
492 762 633 790 ﬂuctibus
659 763 889 798 persequentem
913 759 1013 789 obruit
1045 767 1080 787 ac

254 808 384 846 perdidit
402 807 583 844 Egyptium.
595 807 750 835 Servatum
775 806 845 834 hinc
864 805 1011 842 populum
1027 803 1080 832 ad-

256 853 350 882 movit
365 861 451 882 sacro
469 851 574 880 monti.
596 851 650 879 Ubi
682 850 790 880 divinis
815 858 885 878 eum
912 849 1037 878 vocibus
1053 850 1082 877 et

256 897 373 933 legibus
382 896 550 926 coelestibus
574 895 710 924 erudivit.
726 897 821 932 Atque
837 895 886 924 hic
900 894 930 922 in
950 894 1078 930 speciem

258 943 314 971 soli
328 944 444 980 Moyses
463 944 491 970 et
509 944 609 970 Aaron
629 940 811 977 excipiendis
830 940 881 968 Dei
896 939 995 968 verbis
1014 946 1082 975 por-

257 988 405 1024 tentisque
415 986 613 1024 procurandis
629 987 688 1014 Deo
698 985 871 1022 populoque
883 984 1081 1013 ministerium

258 1033 421 1062 navabant.
435 1033 473 1061 Re
489 1034 590 1061 autem
603 1039 672 1059 vera
695 1031 816 1059 Michael
835 1033 863 1058 et
889 1029 1005 1058 Gabriel
1017 1037 1082 1058 om-

259 1086 329 1106 nem
341 1077 422 1106 illam
441 1077 480 1105 ad
496 1084 601 1104 sensus
614 1075 792 1104 admirantis
806 1074 910 1111 populi
921 1073 1082 1102 miraculo-

260 1131 328 1151 rum
342 1129 489 1158 pompam
499 1123 527 1149 et
541 1119 732 1149 oraculorum
748 1120 881 1147 sonitum
894 1126 929 1146 ex
940 1118 1083 1153 dignitate

261 1165 439 1202 legislatoris
461 1165 511 1193 Dei
522 1164 600 1192 clam
615 1163 879 1192 administrabant.
899 1162 985 1196 Quod
995 1162 1084 1197 igitur

260 1211 301 1239 illi
314 1211 455 1246 praestare
469 1209 658 1242 videbantur,
669 1207 726 1236 hoc
740 1216 809 1237 vere
824 1207 870 1236 isti
890 1207 1084 1244 praestabant.

262 1259 302 1283 Ac
321 1253 580 1291 quemadmodum
600 1252 737 1281 omnium
752 1254 856 1281 auctor
872 1252 1017 1289 sapientia
1031 1251 1085 1279 im-

262 1298 402 1328 mediatis
433 1298 496 1326 istis
517 1297 563 1325 sui
582 1297 695 1326 consilii
716 1297 898 1326 administris
922 1297 1084 1325 utebatur:

263 1345 305 1372 sic
320 1343 368 1371 isti
378 1343 461 1371 Mose
471 1345 500 1371 et
510 1344 625 1371 Aarone
638 1342 726 1379 quasi
740 1342 941 1370 secundarum
954 1341 1085 1378 partium

263 1388 401 1417 ﬁdelibus
414 1387 599 1425 quibusdam
617 1387 760 1416 ministris
777 1387 823 1415 usi
842 1387 1020 1422 magniﬁcas
1033 1393 1087 1423 per

263 1433 345 1470 ipsos
356 1433 423 1462 illas
438 1435 465 1462 et
479 1432 711 1461 divinmindices
725 1432 864 1468 potentiae
879 1431 1086 1468 prodigiorum

264 1478 446 1508 mirabilium
473 1477 618 1506 editiones
654 1479 850 1506 ostentarunt.
889 1479 989 1513 Neque
1011 1477 1087 1505 idin

1121 220 1210 248 ἑαυτὸν
1238 223 1283 258 μὲν
1303 223 1358 249 ὅλον
1384 223 1548 250 ἐπισπᾶσθαι
1575 226 1604 250 τὸ
1634 227 1770 261 συγγενὲς,
1798 227 1874 263 πρὸς
1894 230 1930 252 τὶν

1123 266 1272 292 κατ-ἀὐτὸν
1291 265 1320 293 δὲ
1350 267 1493 294 θεοσέϐειαν
1518 271 1562 295 καὶ
1589 270 1649 300 τοὺς
1677 269 1838 307 ἀλλοτρίους
1865 269 1933 305 ἐγκτ-

1124 309 1324 340 λεῖσθαι,Μετ-ἀ
1342 316 1425 339 ταῦτα
1447 313 1523 339 πάλιν
1551 313 1656 345 ἐξείλετο
1686 316 1786 351 Κύριος
1813 319 1867 345 τῆς
1898 317 1936 341 Αι-

1126 360 1273 391 γυπτιαχῆς
1287 357 1563 395 χειρὸςτὸνἸσραήλ.
1592 362 1662 385 Πᾱσι
1699 357 1730 385 δὲ
1764 357 1853 390 δῆλος
1884 361 1938 388 iam

1128 401 1208 430 ὁτῆς
1229 399 1320 432 ἐξόδου
1361 404 1465 439 τρόπος.
1488 401 1574 439 ’Υδωρ
1604 405 1654 441 γὰρ
1685 403 1810 430 ἀϐύσσου
1850 407 1939 441 μυρίον

1129 443 1275 482 ἀναρρήξας
1289 448 1332 472 τὸν
1347 448 1393 483 μεν
1413 446 1538 484 ἀϐρόχοις
1552 446 1665 484 διήγαγε
1691 450 1783 475 ποσίν·
1811 448 1840 475 ἐν
1875 450 1939 483 αὐτῷ

1130 487 1159 515 δὲ
1174 491 1217 516 τὸν
1231 488 1345 519 διώκτην
1362 491 1500 528 Αἰγύπτιον
1515 491 1643 524 ἐξώλεσεν.
1669 492 1713 524 Εἰς
1737 494 1798 530 ὄρος
1829 491 1866 520 δὲ
1903 503 1939 519 τοι

1132 537 1294 571 σεσωσμένον
1332 537 1398 572 μετὰ
1435 541 1519 564 ταῦτα
1550 541 1738 574 προσαγαγὼν,
1781 540 1938 568 θεσπεσίαις

1132 583 1224 614 φωναῖς
1239 582 1283 606 καὶ
1314 581 1420 617 θεσμοῖς
1444 582 1574 618 οὐρανίοις
1595 581 1819 618 ἔπαιδαγώγησςν
1853 584 1937 610 αὐτόν.

1130 623 1179 651 Ἦν
1193 627 1278 651 τοίνυν
1293 624 1344 652 ἐκεῖ
1359 627 1387 652 τὸ
1410 628 1455 662 μὲν
1481 628 1616 664 ὁρώμενον,
1638 631 1736 658 Μωσῆς
1758 631 1807 654 καὶ
1842 629 1936 665 Ἀιρυν

1132 673 1200 695 Θεοῦ
1212 670 1311 707 ῥήμασι
1326 673 1369 696 καὶ
1394 673 1498 709 τέρασιν
1529 672 1744 709 ὑπηρετούμινοι,
1773 675 1804 700 τὸ
1836 676 1939 708 νοονμι-

1133 723 1173 739 νον
1201 712 1230 740 δὲ
1259 715 1370 751 Μιχαὴλ
1393 719 1438 742 καὶ
1462 716 1582 754 Γαβριὴλ
1608 721 1658 743 τῶν
1685 718 1768 755 ἧογων
1798 722 1871 745 Θεοῦ
1899 728 1939 744 ui

1133 758 1226 794 λογίων
1252 764 1402 796 πανευαγώς
1443 764 1638 798 προεστηκότες.
1657 761 1740 799 Ὀπερ
1772 763 1819 789 οὖν
1852 763 1941 789 habet

1135 804 1189 834 τοῖς
1215 804 1302 836 ἄλλοις
1328 806 1502 843 καθεο›ρῶντο,
1541 811 1616 834 τοῦτο
1646 812 1708 843 γοῦν
1745 806 1823 834 οὗτοι
1845 810 1941 838 τούτοις

1135 847 1324 885 ἐχρημάτιζον-
1338 853 1388 877 καὶ
1411 853 1498 887 ὥσπερ
1518 852 1533 881 ἡ
1558 854 1721 889 παντουργός
1745 855 1831 889 σοφία
1858 851 1943 879 ὃιαχέ-

1135 902 1188 923 νοις
1203 894 1304 925 τούτοις
1321 894 1422 931 ἁμέσως
1436 900 1482 926 τῆς
1494 894 1564 927 ἰδίας
1591 896 1701 933 ἐκέχητο
1734 896 1839 934 βουλῆς
1869 898 1942 927 οὕτως

1137 937 1209 964 οὗτοι
1223 939 1312 966 Μωσεῐ
1326 942 1370 966 καὶ
1390 939 1489 977 Ἀαρὼν
1504 942 1554 967 ὅσα
1574 944 1618 968 καὶ
1641 943 1786 979 ὑπηρέταις
1811 952 1941 979 Lam-amt

1135 987 1250 1017 πιστοῖς,
1266 985 1310 1014 τὰς
1322 985 1472 1015 πανσθινεῖς
1502 985 1526 1011 ἐν
1554 986 1644 1017 αὐτοῖς
1679 986 1858 1018 ἐξεκάλυτπον
1890 988 1941 1013 6:9-

1137 1030 1255 1063 σημείας.
1271 1028 1340 1055 Ἀλλ¹
1355 1028 1401 1055 οὐκ
1425 1029 1450 1055 ἐν
1478 1032 1566 1066 μόνοις
1588 1030 1694 1061 ἐκείνοις
1720 1033 1771 1062 τὰς
1800 1032 1941 1067 pit/alwa-

1136 1074 1197 1107 γίας
1212 1071 1384 1105 ἐπεδείξαντο.
1403 1077 1452 1101 Καὶ
1462 1079 1507 1101 τοῦ
1522 1075 1609 1104 Ἰησοῦ
1627 1073 1656 1102 δὲ
1667 1077 1734 1112 μετὰ
1762 1080 1854 1102 ταῦτα
1882 1079 1942 1112 πρὸς

1138 1119 1185 1146 τήν
1200 1116 1390 1154 ἐπηγγελμένην
1409 1123 1446 1154 τῷ
1472 1119 1526 1155 λαῷ
1553 1124 1602 1156 γῆν
1630 1123 1870 1157 προπορευόμενοι,
1901 1131 1941 1147 και

1138 1164 1185 1191 τὴν
1200 1160 1261 1188 ὁδὸν
1286 1163 1366 1189 αὐτοῦ
1393 1165 1640 1199 κατασκευάζοντες,
1670 1168 1715 1191 καὶ
1739 1168 1807 1202 πρὸς
1834 1169 1882 1195 τὴν
1901 1170 1940 1191 τοὺ

1139 1210 1206 1233 Θεοῦ
1218 1208 1382 1234 κατάπαυσιν
1405 1208 1562 1245 εἰσάγοντες,
1595 1214 1714 1246 ποταμοῦ
1743 1212 1827 1247 φορὰν
1854 1210 1940 1236 ἀνακο-

1139 1261 1259 1278 πτονσιν’
1287 1255 1364 1288 τείχη
1404 1251 1474 1289 δίχα
1516 1255 1716 1291 μηχανημάτων
1744 1258 1939 1282 κατασείουσιν·

1140 1295 1271 1328 δυνάστας
1282 1296 1503 1334 ὰναοεματὶζουσι
1530 1302 1592 1335 γῆς.
1624 1299 1692 1326 Ἐκεὶ
1721 1300 1840 1336 Μιχαὴλ
1866 1299 1941 1337 ἀρχι-

1141 1342 1289 1378 στράτηγος
1317 1345 1413 1380 Κυρίου
1448 1344 1532 1374 καθὼς
1571 1342 1636 1380 ἀνὴρ
1677 1344 1851 1381 ἐσπασμένην
1878 1354 1942 1380 lusi

1139 1388 1258 1422 κατέχων
1285 1387 1414 1424 ῥομφαίαν
1453 1387 1625 1424 ὀπταζόμενος
1663 1388 1756 1415 ἑαυτὸν
1796 1390 1871 1420 ὅστις
1910 1391 1940 1417 si:

1140 1433 1293 1468 παρέφηνιν,
1308 1434 1353 1458 καὶ
1367 1432 1435 1458 λύειν
1450 1434 1479 1458 τὸ
1497 1431 1625 1470 ὑπόδημα
1649 1435 1798 1471 παρηγγύα
1830 1438 1868 1469 τῷ
1898 1435 1943 1462 Ἰζ-

1142 1479 1200 1511 σοῡ,
1220 1478 1265 1502 καὶ
1278 1475 1361 1513 μηδεν
1373 1487 1447 1513 παχυ
1459 1479 1505 1504 καὶ
1519 1477 1677 1507 ἀναίσθητον
1690 1482 1737 1504 τοῦ
1761 1480 1858 1514 γηῖνου
1887 1488 1943 1515 ῖρμ

265 1527 367 1554 monte
381 1525 496 1552 tantum
511 1525 562 1552 aut
575 1523 608 1551 in
626 1522 756 1551 deserto.
773 1523 871 1550 Iesum
884 1522 963 1550 enim
983 1529 1038 1558 pos

1165 1523 1254 1557 ἣμοιτος
1269 1520 1421 1557 ἐπάγεσθαι,
1437 1523 1470 1553 ὡς
1504 1521 1558 1552 ἤδη
1587 1527 1634 1554 τῆς
1665 1523 1742 1559 ἁγίας
1766 1523 1941 1550 ἑπιϐατεΰοντι

266 1570 306 1599 ad
319 1569 503 1607 promissam
523 1568 563 1596 illi
578 1567 690 1604 populo
704 1570 813 1596 terram
826 1567 913 1596 solita
932 1566 1089 1603 providen»

265 1615 308 1644 tia
337 1614 495 1651 prosecuti,
518 1614 721 1650 praeparantes
741 1612 852 1649 ubique
867 1620 902 1641 ac
921 1612 1089 1640 munientes

265 1662 345 1690 viam
360 1661 389 1688 et
408 1659 446 1687 ad
466 1658 518 1686 Dei
535 1658 670 1694 requiem
688 1657 874 1691 inducenles,
895 1656 976 1685 ﬂuvii
989 1657 1090 1685 refrin-

267 1706 343 1740 gunt
369 1704 527 1740 impetum,
553 1710 656 1730 muros
685 1702 748 1729 sine
775 1701 923 1729 machinis
946 1703 1090 1737 evertunt,

267 1749 412 1783 dynastas
440 1747 505 1782 ejus
529 1748 613 1774 terrm
637 1745 710 1773 diris
721 1748 749 1774 et
773 1745 945 1774 efﬁcacibus
959 1754 1092 1774 exsecra-

267 1792 399 1820 tionibus
410 1791 566 1819 devovent.
581 1790 631 1817 Hic
647 1789 768 1818 Michael
785 1791 926 1826 princeps
946 1791 1092 1818 exercitus

267 1836 386 1865 Domini
414 1834 466 1864 viri
490 1834 590 1871 specie
611 1834 802 1869 evaginatum
833 1843 928 1863 manu
965 1835 1093 1864 tenentis

267 1881 402 1917 gladium
432 1886 591 1916 apparens,
617 1879 685 1915 quis
713 1881 791 1907 esset
814 1879 975 1908 declaravit
1010 1882 1038 1908 et
1061 1882 1094 1908 ut

267 1926 470 1954 calceamenta
482 1923 607 1951 solveret
620 1924 706 1951 Josue
719 1924 861 1960 praecepit
877 1933 882 1952 :
901 1931 936 1952 ea
950 1932 981 1952 re
997 1923 1093 1959 signi-

267 1968 362 1996 ticans
375 1967 483 2004 siquid
499 1969 671 1996 concretum
690 1970 754 1996 erat
781 1970 869 2004 atque
897 1967 989 1996 hebes
1000 1968 1092 1996 tarda:

268 2015 451 2048 terrenaque
477 2012 633 2047 oogitionis
653 2012 865 2040 excutiendum
894 2020 960 2040 esse
1002 2020 1092 2041 omne

267 2066 320 2094 per
331 2060 438 2086 terram
449 2057 511 2092 jam
528 2059 664 2085 sanctam
690 2057 876 2092 ingredienti.
907 2057 987 2085 [dem
1000 2057 1092 2085 ambo

266 2105 374 2139 postea
389 2104 421 2129 ut
434 2102 615 2130 sanctiorum
648 2109 837 2138 quorumque
855 2101 992 2137 judicum
1008 2104 1036 2130 et
1048 2110 1092 2130 re-

267 2155 341 2181 gum
360 2147 460 2182 glorias
481 2146 623 2174 servirent
653 2146 714 2174 vim
734 2146 890 2175 elementis
920 2146 1090 2175 attulerunt.

267 2191 380 2221 Caelum
406 2198 475 2219 cum
504 2190 566 2219 sole
598 2193 627 2220 et
657 2191 744 2219 astris
763 2190 927 2228 aliquando
955 2191 1092 2227 quidem-

267 2240 346 2265 stare
358 2236 569 2272 coegeruntad
579 2236 725 2271 integram
750 2236 1011 2272 consumptionem
1039 2237 1092 2264 im-

265 2282 394 2319 piorum.
411 2283 634 2318 Nonnunquam
655 2289 725 2309 vero
754 2289 858 2309 cursus
881 2283 1032 2309 astrorum
1047 2289 1090 2310 re-

267 2328 414 2355 torserunt
426 2326 562 2355 omnium
573 2326 612 2354 ad
623 2334 693 2354 suos
716 2327 795 2353 retro
822 2333 954 2354 carceres
978 2326 1090 2355 reﬂexo

265 2372 387 2408 impetu,
399 2373 431 2400 ut
443 2379 479 2399 eo
494 2370 631 2408 prodigio
644 2370 711 2398 vitm
727 2369 910 2406 promissum
923 2371 1089 2400 auctarium

264 2416 343 2445 ﬁdeli
356 2416 419 2451 regi
433 2416 654 2444 conﬁrmarent.
678 2414 872 2443 Abstulerunt
883 2414 972 2450 bella,
987 2423 1005 2444 δ.
1020 2423 1090 2450 gen-

264 2461 344 2490 tibus
365 2461 464 2497 impiis
480 2459 566 2488 tutati
581 2459 721 2487 Israelem
734 2461 813 2488 sunt.
827 2460 968 2496 Satrapas
978 2460 1089 2489 multos

263 2509 292 2535 et
322 2513 451 2542 magnos
491 2505 576 2540 signo
604 2503 728 2540 quidem
758 2504 797 2532 ad
825 2505 1002 2533 memoriam
1037 2507 1090 2534 aut

261 2551 386 2586 vestigio
417 2550 518 2578 relicto
559 2557 594 2577 ex
630 2551 707 2577 terra
739 2549 982 2578 exterminarunt.
1012 2551 1087 2579 Nam

262 2597 286 2624 si
299 2595 416 2632 absque
430 2594 486 2622 illis
497 2593 787 2630 fuisset,potueratne
801 2602 869 2622 cum
885 2594 1022 2623 trecentis
1034 2596 1086 2623 Ge-

260 2640 336 2669 deon
364 2639 519 2676 myriadas
548 2638 720 2667 debellare?
744 2641 776 2668 Et
798 2639 881 2676 quod
900 2647 1005 2675 quaeso
1026 2642 1085 2668 tam

260 2685 389 2713 ferreum
403 2683 536 2721 corporis
564 2692 600 2712 ac
620 2683 799 2713 lacertorum
825 2684 918 2712 robur
946 2685 1086 2714 Samsoni

260 2730 426 2759 sullecisset
441 2738 448 2758 τ
462 2732 591 2766 autquse
602 2729 724 2759 tandem
734 2729 765 2758 id
779 2729 837 2758 hoc
856 2730 964 2759 durare
974 2731 1086 2768 potuis—

259 2777 305 2804 set
318 2774 394 2804 asini
408 2775 530 2805 maxilla
545 2777 578 2805 ut
595 2775 637 2806 ita
655 2773 874 2804 Philistinorum
906 2776 1084 2807 exercitibus

1106 2306 1128 2332 D

1142 1569 1200 1601 γῆς.
1227 1564 1336 1592 ’Ἔπειτα
1367 1571 1461 1603 κριτῶν
1490 1570 1534 1593 καὶ
1558 1566 1686 1604 βασιλέων
1715 1571 1773 1599 τοῖς
1800 1567 1942 1595 εὐσεϐεστέ-

1143 1620 1199 1648 ροις
1225 1610 1418 1647 μεγαλύνοντες,
1461 1616 1616 1649 τυραννοῦσι
1653 1617 1787 1649 στοιχεῖα,
1832 1614 1942 1650 Οὖρα-»ἐν

1146 1657 1192 1682 σὺν
1208 1655 1272 1691 ἡλίῳ
1299 1658 1344 1682 καὶ
1369 1657 1476 1693 οἴστροις
1505 1658 1565 1683 ποτὶ
1589 1659 1635 1694 μεν
1664 1659 1775 1684 ἱστῶσιν
1803 1657 1837 1688 εἰς
1864 1660 1943 1684 ruri-

1144 1700 1213 1727 λειαν
1243 1698 1387 1736 δυσμενῶν·
1423 1703 1484 1728 ποτε
1525 1700 1554 1728 δὲ
1586 1701 1743 1738 παλίνορσον
1755 1701 1942 1739 ἀναστρέφωσι

1146 1746 1175 1772 τὸ
1188 1748 1248 1779 πᾶν,
1264 1749 1350 1781 πιστῷ
1362 1745 1468 1782 βασιλεῖ
1487 1746 1558 1778 ζωῆς
1587 1748 1758 1783 πιστούμενοι
1782 1749 1940 1784 προσθέτω.

1145 1790 1346 1827 ’Λνταναιροῡσι
1369 1791 1497 1828 πολέμους
1538 1794 1735 1829 περιποιοῦνται
1775 1794 1821 1818 τὸν
1844 1791 1941 1829 Ἰσραήλ

1147 1833 1223 1862 ἐθνῶν
1248 1834 1358 1870 ἀσεϐῶν,
1393 1839 1438 1862 καὶ
1464 1840 1603 1874 σατραπῶν
1626 1836 1725 1863 πολλῶν
1759 1839 1805 1863 και
1834 1837 1943 1873 malm

1146 1882 1311 1916 μνημόσυνον
1325 1880 1352 1905 ἐκ
1381 1884 1429 1911 τῆς
1461 1885 1511 1917 γῆς
1535 1885 1726 1919 περιαιροῦσιν.
1762 1885 1821 1911 Πῶς
1853 1881 1882 1907 ἀν
1908 1884 1942 1906 Γε-

1148 1923 1211 1951 δεὼν
1235 1924 1260 1950 ἐν
1300 1927 1463 1961 τριακοσίοις
1502 1925 1639 1962 ἐκστράτει
1662 1923 1820 1963 μυριάδων;
1838 1929 1894 1955 Πῶς
1919 1923 1943 1950 δὲ

1147 1969 1257 2005 Σαμψὼν
1273 1969 1351 2005 ἰσχύϊ
1364 1972 1482 2006 σώματος
1503 1972 1568 2006 μόνη
1585 1971 1600 2000 ἦ
1617 1973 1722 2007 σιαγόνι
1748 1973 1807 1997 ὄνου
1833 1974 1880 2001 τῆς
1901 1974 1942 1995 τῶν

1147 2013 1291 2050 ἀλλοφύλων
1322 2014 1387 2040 οὕτω
1428 2015 1567 2045 κατέπαιζε
1598 2013 1734 2052 δυνάμεως
1751 2023 1758 2049 ;
1775 2015 1831 2041 Οὐκ
1862 2015 1890 2041 ἆ)
1915 2013 1941 2043 ἓν

1147 2061 1228 2094 μέγας
1254 2060 1326 2095 παρὰ
1359 2061 1446 2096 Κυρίῳ
1472 2059 1602 2096 Σαμουὴλ.
1632 2060 1688 2086 Οὐχ
1716 2058 1870 2086 ἆνὸΔάὲὶδ
1896 2063 1939 2084 τῶν

1146 2105 1247 2130 πάντων
1259 2104 1403 2141 ὑπερέσχεν
1419 2103 1529 2140 ἐχθρῶν.
1546 2104 1602 2131 Οὐκ
1614 2104 1644 2130 ἂν
1659 2102 1717 2130 οὐδ’
1747 2104 1826 2135 αὐτὸς
1858 2104 1938 2134 Ἠλίας

1146 2151 1226 2186 πυρὸς
1241 2148 1413 2186 φοϐερώτερος
1440 2153 1493 2179 τοῖς
1521 2151 1639 2186 πυρίνοις
1664 2150 1752 2185 ἔργοις
1785 2150 1934 2186 καθεωρᾶτο,

1145 2195 1190 2220 καὶ
1212 2195 1295 2229 πυρὸς
1318 2193 1399 2230 οἷματι
1429 2195 1493 2230 πρὸς
1525 2193 1650 2230 οὐρανούς
1674 2193 1819 2230 ὀχούμενος
1848 2193 1936 2221 obsat-

1145 2247 1202 2265 πτο.
1221 2236 1286 2264 Οὐδ’
1302 2238 1332 2264 ἄν
1344 2247 1382 2268 τις
1394 2237 1470 2269 ἄλλος
1494 2242 1544 2264 τῶν
1569 2239 1657 2265 ἐνθέων
1680 2238 1770 2274 λόγοις
1791 2241 1836 2264 καὶ
1859 2240 1935 2276 ἔργοις

1144 2284 1270 2318 ἐπίσημος
1283 2281 1395 2318 ἐγεγόνει
1404 2287 1551 2320 προφητῶν,
1568 2283 1590 2309 εἰ
1620 2285 1656 2319 μὴ
1689 2287 1790 2314 νοητὼς
1809 2287 1833 2309 οἱ
1854 2285 1935 2320 κράτι-

1144 2336 1203 2355 στοι
1217 2331 1267 2354 τῶν
1288 2329 1350 2353 νόων
1371 2325 1512 2364 κηδεμόνες
1536 2327 1651 2365 λαμπροὶ
1674 2330 1874 2366 προεστηκότες,
1897 2329 1935 2353 καὶ

1143 2378 1192 2399 τῶν
1212 2371 1280 2399 ὁδῶν
1307 2371 1402 2404 αὐτῶν,
1441 2374 1487 2398 καὶ
1511 2376 1562 2398 τῶν
1584 2374 1664 2409 ξογων
1691 2375 1883 2410 προηγούμενοι
1906 2373 1934 2402 εἰς

1142 2422 1192 2445 πᾶν
1218 2417 1316 2454 θέλημα
1352 2417 1417 2443 θεῖον
1454 2418 1618 2446 κατηύθυναν
1646 2417 1750 2448 αὐτούς.
1779 2417 1834 2444 ’Υπ“
1858 2418 1933 2446 adrui;

1143 2465 1188 2489 καὶ
1202 2466 1270 2500 τρεῖς
1284 2464 1379 2488 νεανίαι
1399 2461 1493 2498 φλογός
1518 2464 1627 2498 καμίνου
1661 2463 1803 2499 καιομένης
1834 2463 1866 2493 ὡς
1891 2471 1930 2488 πα-

1143 2506 1242 2538 στάδος
1267 2506 1396 2536 ἆλώϐητοι
1431 2506 1665 2540 κατιπιϐαἰνοντες,
1685 2509 1729 2533 τὸν
1754 2511 1861 2544 Σωτῆρα
1886 2509 1931 2535 τοῖς

1141 2555 1230 2589 ῦμνόις
1254 2554 1407 2590 χορεύοντες
1445 2550 1599 2584 ἐδεξιοῦντο.
1631 2551 1686 2578 ’Υπ“
1725 2551 1824 2586 αὐτοῖς,
1858 2551 1929 2588 οξιιαι,

1141 2600 1185 2624 καὶ
1199 2597 1284 2628 Ἰωνᾶς
1308 2598 1352 2633 μὲν
1378 2596 1468 2627 ἀσινὴς
1497 2601 1546 2623 τῶν
1574 2596 1647 2623 ἁλίου
1664 2597 1825 2634 σπλάγχνων
1844 2597 1930 2635 ἐξέθορε

1141 2644 1229 2681 θηρός.
1257 2643 1351 2672 Δανιὴλ
1373 2640 1402 2668 δὲ
1412 2642 1517 2668 λεόντων
1534 2640 1624 2673 δεινῶς
1650 2642 1824 2680 βρυχομένων
1852 2641 1929 2670 διατέ-

1140 2697 1249 2723 σωσται,
1277 2690 1322 2714 καὶ
1351 2687 1503 2724 Ἀμϐακοὺμ
1529 2689 1574 2724 μὲν
1596 2687 1621 2714 ἐν
1646 2688 1711 2725 ῥιπῇ
1739 2687 1880 2725 βλέμματος
1906 2687 1929 2718 ἐξ

1139 2733 1301 2771 Ιερουσαλὴμ
1327 2732 1363 2763 εὶς
1401 2732 1540 2760 Βαϐυλῶνα
1572 2736 1608 2769 τῷ
1637 2732 1719 2771 ῥοίζῳ
1743 2735 1826 2760 τούτω
1847 2734 1926 2770 μετάρ-

1138 2789 1194 2812 σιος
1208 2781 1286 2816 ἤγετο
1308 2776 1412 2807 δεῖπνον
1425 2777 1583 2816 ἔπικομίξων
1602 2781 1639 2816 τῷ
1659 2778 1762 2808 Δανιὴλ.
1787 2777 1832 2807 Ὀν
1853 2777 1923 2806 (fuat
