1966 3079
15 136 99 164 1233

449 137 582 165 ΝΙΟΕΤΕ
599 137 773 166 LAUDATlO
790 137 838 166 SS.
856 137 1040 168 MlCHAELIS
1055 140 1098 169 ET
1111 141 1300 170 GABRIELIS.

1642 141 1712 171 1234

15 207 70 228 τας
102 196 309 235 αἰνιγματώδεις
337 199 442 236 ὁράσεις
482 204 532 227 τῶν
564 199 752 236 ἐκϐησομένων,
783 199 835 227 ἐκεῖ

931 201 1026 230 lderet
1037 203 1051 231 ‘I
1065 206 1108 231 An
1121 211 1183 232 non
1197 204 1267 232 inde
1282 210 1411 238 magnus
1427 204 1489 232 erat
1516 203 1635 232 Samuel
1666 213 1715 234 co-

20 243 180 273 συνετίζων
209 244 299 281 ὁρᾶται
329 244 452 281 Γαϐριὴλ.
478 244 522 272 Ἐκ
547 249 592 276 τῆς
622 245 769 276 Βαϐυλῶνος
807 244 837 272 δε

19 289 97 324 μετὰ
107 292 197 315 ταῦτα
212 286 250 315 δι’
264 288 346 315 αὐτῶν
370 289 479 326 Ἰσραήλ
503 291 567 327 πρὸς
594 292 638 319 τὴν
666 289 837 327 Ἰερουσαλήμ

20 331 215 369 ἀνεκομίζετο.
239 333 376 365 Πλεονάχις
404 334 457 368 οὖν,
485 335 516 361 ἶν’
540 336 603 361 εἴπω
629 334 749 368 συνελὼν,
790 338 836 362 τοῦ

21 381 100 404 Θεοῦ
130 379 178 414 μὲν
209 377 386 416 ὁλιγωροῦτες,
418 381 480 416 πρὸς
510 381 582 411 θεούς
611 378 641 406 δὲ
667 380 837 416 αὐτομολοῦν-

20 432 82 455 τες,
139 426 195 453 τοῖς
251 422 355 460 ἆχθροῖς
392 424 578 456 ὑποπίπτοντες
615 424 812 462 ἐπρονομεύοντο
828 435 835 442 ·

23 467 177 498 Πλςονάκις
205 465 235 494 δὲ
256 470 301 497 τὴν
333 469 401 495 θείαν
428 469 623 506 ἐπικεκλημένοι
655 469 749 507 ῥοπὴν,
791 468 838 497 διὰ

19 516 79 538 τῶν
109 511 219 547 ὑψηλῶν
245 514 342 539 τούτων
373 516 418 540 καὶ
456 514 582 551 λαμπρῶν
616 514 837 551 ἁρχιστρατήγων

22 561 76 587 τῆς
102 557 227 592 χαλεπῆς
250 559 295 594 μὲν
322 557 476 596 τυραννίδος
505 559 671 596 πολυτρόπως
702 559 838 588 ἁπηλλάτα

23 611 122 636 τοντο,
134 606 193 633 ταῖς
206 601 302 629 ἑαυτῶν
314 601 343 629 δὲ
371 613 484 640 χωραις,
509 606 553 630 καὶ
579 604 680 637 πόλεσι,
705 606 751 630 καὶ
784 607 837 636 τοῖς

24 646 145 678 οἰκείοις
165 646 373 674 ἀποκαθίστα-ιντο
410 649 522 685 θεσμοῖς.
551 649 626 675 Οὕτω
651 650 695 685 μὲν
718 648 742 675 οἱ
773 659 838 675 παν-

26 691 111 718 ἁυλοι
142 696 190 723 τῆς
228 696 392 729 πανηουργοῦ
436 695 529 730 σοφίας
567 703 617 720 των
660 692 838 731 ἀρχαιοτέρων

22 735 249 773 ἐπιτηδευμάτων
282 738 410 775 ὑπουργοὶ
438 740 483 764 καὶ
509 736 627 764 διακονοὶ
665 738 837 767 καθειστήκε-

23 791 79 808 σαν
92 780 266 820 δραστήριοι.

890 254 956 274 ram
971 248 1098 276 Domino
1107 249 1120 277 Ἰ
1129 250 1192 278 Non
1205 248 1338 277 indidem
1350 248 1486 276 hostibus
1496 248 1558 277 suis
1569 249 1712 278 omnibus

891 292 1026 328 superior
1042 293 1096 321 fuit
1112 294 1204 322 David
1219 294 1234 322 ’ἲ
1249 296 1311 323 Non
1327 294 1374 322 ille
1390 293 1454 330 ipse
1468 293 1545 321 Elias
1566 302 1621 322 suo
1650 294 1715 331 ipso

890 336 959 372 igne
973 337 1129 366 terribilior
1143 339 1238 374 igneis
1254 338 1396 375 operibus
1423 338 1602 366 cernebatur
1625 339 1639 367 ‘I
1661 339 1717 372 QUI

891 383 1022 410 etcurru
1037 383 1149 411 vehens
1168 383 1257 418 igneo
1283 386 1459 419 assumptus
1484 383 1515 411 in
1545 383 1635 411 caelos
1661 387 1716 412 est.

891 427 992 462 Neque
1006 435 1096 463 porro
1111 427 1272 464 quisquam
1283 428 1358 456 alius
1371 427 1542 456 divinorum
1557 428 1718 465 propheta»

891 479 958 499 rum
972 472 1108 501 doctrina
1117 473 1246 501 rebusve
1255 473 1344 508 gestis
1354 472 1444 509 paulo
1455 472 1562 501 exstitit
1577 472 1717 502 illustrior

892 516 939 544 cui
966 524 1027 545 non
1051 517 1101 546 isti
1124 517 1291 546 caelestium
1316 518 1471 554 spirituum
1506 518 1660 554 praacipui,
1690 521 1718 547 et

892 560 985 589 duces
1003 561 1112 589 fuerint
1126 563 1275 595 itinerum,
1297 564 1324 590 et
1346 562 1497 598 adjutores
1526 570 1662 598 operum,
1690 565 1719 591 et

893 606 974 634 omni
991 608 1096 634 caetera
1110 609 1282 634 curatorum
1296 607 1478 643 optimorum
1488 606 1634 643 complexi
1649 615 1718 644 pro-

892 649 1153 679 videntia'motum
1166 659 1288 679 omnem
1299 653 1527 687 etprogressum
1538 659 1598 688 quo
1605 660 1666 679 surs
1678 652 1718 680 ad

893 695 1086 723 assectandos
1100 696 1209 723 divime
1226 696 1386 724 voluntatis
1402 699 1493 724 nutus
1507 696 1631 724 occultis
1652 704 1717 725 mo-

893 740 961 768 nitis
977 742 1004 768 et
1016 740 1205 769 instinctibus
1233 740 1403 769 direxerint.
1434 741 1467 768 Hi
1494 741 1589 769 tribus
1617 741 1718 778 pueris

893 785 923 812 in
937 784 1052 812 ardenti
1067 785 1188 813 fornace
1213 785 1354 813 ﬂammas
1379 786 1524 821 tanquam
1549 785 1717 814 thalamum

20 827 155 855 innoxie
165 827 351 855 calcantibus
366 827 558 864 hymnosque
571 827 719 856 Servatori
739 827 830 856 mixto
856 827 967 865 plausu
991 829 1170 857 chorearum
1195 829 1423 857 concinentibus
1450 831 1586 857 auctores
1627 830 1718 858 iidem

22 874 54 900 et
70 871 352 908 participeslzetitim
367 872 512 900 consertis
538 872 685 900 haerentes
705 871 857 906 manibus,
885 881 959 901 voce
984 874 1306 910 motuque'preeibant.
1337 874 1412 907 Quin
1437 873 1477 901 ab
1504 873 1617 902 eisdem
1645 877 1719 910 puto

22 917 145 945 factum
158 919 191 945 ut
201 924 236 944 ex
252 916 377 945 marinae
390 919 492 945 ventre
501 916 610 945 bellum
625 917 689 944 sine
712 925 792 945 noxa
813 918 906 946 Jonas
930 918 1070 953 exsiliret,
1105 920 1196 955 utque
1223 918 1301 947 inter
1327 917 1430 946 leones
1455 918 1641 947 horrendum
1671 927 1720 947 ru-

24 962 149 997 gientes
172 962 286 997 integer
314 962 378 990 sine
400 962 514 990 damno
539 964 708 990 servaretur
734 961 846 996 Daniel,
875 963 923 990 cui
946 962 1088 991 Ahbacuc
1116 963 1301 1000 Babylonem
1325 963 1537 999 Hierosolymis
1562 965 1644 992 tanta
1667 963 1715 992 via

23 1007 143 1036 horum
158 1007 188 1035 vi
199 1010 289 1044 atque
303 1007 418 1044 impetu
431 1008 512 1035 uictu
525 1007 680 1044 palpebra:
693 1009 830 1043 correpta
849 1007 1011 1044 prandium
1025 1007 1101 1037 tulit.
1113 1008 1165 1036 Cui
1187 1008 1258 1036 item
1284 1007 1397 1036 ibidem
1430 1008 1577 1036 obscuras
1601 1008 1718 1037 futuru-

26 1059 101 1080 rum
116 1059 218 1080 rerum
234 1051 459 1087 designationes
472 1052 543 1080 visis
560 1051 709 1088 perplexis
731 1051 929 1080 adumbratas
944 1052 1046 1088 palam
1078 1052 1195 1081 Gabriel
1220 1052 1366 1081 edisserit.
1392 1055 1454 1087 Age
1483 1052 1633 1089 Babylone
1662 1060 1720 1088 po-

29 1098 98 1125 stea
110 1095 225 1124 eisdem
237 1096 267 1124 id
278 1096 436 1132 agentibus
455 1096 546 1125 Israel
572 1096 736 1125 Jerusalem
763 1096 947 1133 postliminio
977 1097 1142 1125 revertitur.
1172 1097 1285 1133 Saepius
1314 1097 1433 1131 deinde,
1455 1099 1487 1125 ut
1518 1097 1618 1126 dicam
1639 1105 1722 1125 com.

30 1141 158 1178 pendio,
171 1142 240 1174 Deo,
256 1141 365 1175 miseri,
380 1143 552 1178 contempto
567 1141 607 1169 ad
617 1141 690 1168 deos
702 1141 865 1177 transfugas
880 1141 947 1169 victi
976 1141 1014 1169 ab
1039 1141 1176 1170 hostibus
1204 1141 1313 1177 captivi
1342 1141 1581 1171 ubducebantur.
1607 1142 1720 1178 Saepius

30 1194 104 1214 vero
116 1185 367 1214 divinainvocata
393 1185 561 1220 clementia,
587 1193 692 1222 opera-
703 1185 829 1215 istorum
852 1185 1027 1214 sublimium
1054 1186 1181 1215 ecelestis
1207 1185 1318 1214 militias
1340 1186 1557 1223 imperatorum
1581 1187 1721 1214 servitute

33 1233 234 1267 tyrannorum
260 1231 341 1259 varie
365 1230 481 1259 liberati
505 1230 566 1259 suis
594 1230 677 1259 terris
699 1232 789 1267 atque
815 1230 942 1259 urbibus
967 1230 1144 1268 legibusque
1167 1231 1380 1260 reddebantur.
1413 1231 1495 1260 Adeo
1525 1239 1557 1259 se
1585 1233 1722 1259 strenuos

31 1275 103 1312 pari
113 1275 161 1304 isti
177 1275 297 1312 spiritus
312 1275 570 1304 etaconcretione
583 1275 715 1304 materiae
739 1275 912 1311 longissime
939 1276 1045 1304 remoti
1069 1276 1134 1312 ejus
1167 1276 1196 1304 in
1223 1276 1442 1313 procurationis
1468 1276 1619 1304 functione
1647 1284 1723 1313 pra:-

33 1320 167 1348 buerunt
181 1320 229 1348 cui
241 1320 374 1356 prmfecti
389 1320 516 1353 fuerant,
533 1321 563 1348 ut
578 1319 798 1356 antiquioribus
819 1328 919 1349 rerum
938 1321 1072 1357 parentis
1110 1321 1248 1350 omnium
1274 1321 1425 1358 sapientius
1448 1320 1554 1349 studiis
1580 1323 1722 1359 prompto

33 1373 71 1394 ac
86 1364 168 1393 ﬁdeli
184 1365 347 1393 ministerio
359 1365 512 1393 servirent.

73 1410 142 1437 Ἐπεὶ
160 1408 190 1436 δὲ
216 1410 228 1436 ὁ
255 1409 403 1446 ἀσώματος,
426 1410 440 1436 ὁ
454 1409 573 1447 ἀόρατος,
591 1410 770 1446 ὀὺπεροῦσιος
794 1409 840 1435 οὐκ

36 1456 76 1482 ἔτι
107 1456 183 1491 μόνον
213 1453 280 1485 εἶδος
299 1454 376 1481 ὰῦλον
404 1456 467 1492 πρὸς
508 1454 593 1490 ὀλίγον
633 1455 759 1491 ὁρώμενον
795 1456 840 1480 καὶ

37 1501 131 1527 θᾶττον
151 1500 337 1536 ἁφιπτάμενον,
367 1499 431 1526 ἀλλὰ
457 1498 491 1528 δὴ
519 1502 563 1525 καὶ
602 1499 665 1528 ὓλην
712 1499 757 1525 εἴτ’
796 1502 840 1525 οῦν

37 1545 130 1572 οὐσίαν
158 1547 205 1574 τὴν
238 1545 362 1581 ὑμετέραν
386 1546 431 1570 καὶ
465 1546 566 1581 μορφὴν
603 1541 733 1570 ὑποδῦναι
779 1553 840 1570 κατ-

38 1589 271 1625 ηξίωσε,Γαϐριὴ)
298 1591 343 1625 μὲν
374 1588 447 1619 εὐθὺς
474 1591 503 1615 τό
528 1591 674 1626 μυστήριον
701 1598 841 1625 μυσταγω-

37 1638 134 1671 γείται,
156 1633 231 1665 εὐθὺς
261 1632 290 1660 δί
314 1637 350 1669 τῷ
382 1635 443 1671 ἱερεῖ
474 1636 598 1671 Ζαχαρία
625 1634 764 1671 παραστὰς
793 1635 840 1662 τὴν

38 1679 66 1706 ἐκ
94 1683 140 1710 τῆς
164 1681 267 1716 στείρας
294 1679 364 1714 αὐτῷ
391 1680 511 1714 γέννησιν
534 1677 644 1714 ἐκφαίνει
670 1682 716 1704 τοῦ
746 1681 840 1704 Βαπτι-

41 1728 115 1752 στοῡ,
144 1723 208 1751 Εἶτα
233 1728 264 1761 τῇ
294 1726 474 1760 κεχαριπμένῃ
500 1724 622 1761 Παρθένῳ
648 1725 735 1760 χαρὰν
769 1723 842 1759 εὐαγ-

38 1769 178 1806 γελίζεται.
216 1769 256 1795 Ἐν
290 1768 356 1805 ἁγίῳ
399 1766 429 1794 δὲ
449 1769 595 1804 ’Πνεὺματι
634 1771 679 1794 καὶ
716 1767 841 1803 Ὑψίστου

40 1814 151 1851 δυνάμει
169 1815 213 1840 τὸν
236 1815 295 1840 Υἰόν
323 1817 389 1840 Θεοῦ
410 1813 574 1850 χρηματίζει
595 1816 686 1840 τεκεῖν.
717 1812 788 1839 Ἐπεὶ
813 1810 842 1839 δὲ

38 1864 89 1886 τῶν
115 1860 275 1895 παρθενικῶν
303 1857 416 1894 λαγόνων
442 1857 467 1884 ἐν
496 1858 640 1894 ὁμοιώματι
680 1856 793 1895 βρέφους
829 1857 841 1883 ὁ

40 1904 192 1941 ὑπερούσιος
222 1902 330 1939 ἐτέχθη,
361 1905 435 1929 πᾶσα
471 1903 516 1938 μὲν
562 1902 669 1939 οὐρανία
709 1902 840 1938 γηθομένη

42 1950 154 1985 στρατιὰ
178 1949 207 1974 τὸ
235 1948 301 1984 ἱερὸν
322 1951 367 1978 τῆς
403 1945 557 1982 δοξολογίας
586 1946 652 1973 αἰνεῖ
681 1945 765 1982 μελος.
793 1949 843 1972 Μι-

41 1993 114 2031 χαὴλ
138 1991 168 2019 δὲ
193 1994 238 2018 καὶ
267 1991 381 2028 Γαϐρίὴλ
409 1991 434 2022 ἐξ
458 1990 545 2028 ἀρχῆς
583 1991 651 2028 ἄχρι
679 1990 767 2021 τέλους
806 1993 842 2025 τῷ

43 2039 229 2075 σεσαρκωμίνῳ
244 2038 426 2073 παρεπόμενοι,
446 2038 491 2062 καὶ
515 2034 568 2066 τοῖς
596 2039 702 2072 γονεῦσι
729 2036 758 2061 τὸ
784 2032 842 2061 δέον

43 2086 103 2120 ὄναρ
132 2082 324 2118 εἰσηγούμενοι,
350 2083 395 2107 καὶ
421 2082 486 2117 μετὰ
514 2082 557 2107 τὸν
592 2081 737 2117 πειρασμὸν
772 2079 842 2115 αὐτῷ

44 2127 248 2163 ὃιαιονούμενοι,
277 2128 322 2152 καὶ
351 2125 374 2151 ἐν
422 2129 504 2163 καιρῷ
532 2128 578 2151 τοῦ
614 2125 714 2155 πάθους
747 2126 842 2161 τρόπον

43 2173 100 2199 τινὰ
111 2171 332 2206 ωνεπισχὺοντες
343 2180 349 2187 ε
367 2169 396 2196 οὐ
408 2172 485 2206 μόνον
502 2167 530 2196 δὲ
560 2168 624 2196 ἀλλὰ
654 2171 759 2200 καὶτῆς
781 2178 843 2205 σαρ-

44 2220 87 2248 κὸς
113 2215 159 2242 διά
186 2219 300 2252 σταυροῦ
326 2215 425 2242 λυθέντι
453 2225 458 2232 -
482 2217 527 2240 καὶ
555 2218 640 2251 γυμνῇ
662 2213 739 2250 ψυχῇ
781 2215 844 2251 πρὸς

46 2263 191 2298 κευθμῶνας
225 2258 302 2287 ἀὶδου
322 2263 454 2297 χωροῦντι
481 2260 699 2296 προὺηγούμενοι,
726 2260 771 2285 καὶ
798 2261 844 2284 τοῦ

49 2309 155 2338 σκότους
169 2308 214 2342 μέν
235 2307 293 2336 τοὺς
319 2305 470 2342 προστάτας
494 2303 719 2341 χαταρῥάσσοντες
747 2303 795 2334 τὰς
821 2301 845 2328 ἓν

49 2352 116 2388 αὐτῷ
134 2352 318 2388 κατειργμένας
343 2349 436 2385 ψυχὰς
462 2350 494 2379 ὡς
519 2348 621 2385 πλάστῃ
657 2348 843 2386 προσάγοντες,

49 2399 92 2422 καὶ
110 2395 179 2430 αὐτῷ
205 2399 298 2431 νοιρῶς
325 2393 570 2431 προσαρμοζόμενοι
599 2403 605 2410 ·
643 2390 697 2418 εἶτα
730 2394 777 2421 τὴν
818 2390 846 2418 ἐκ

50 2442 128 2477 τάφου
156 2441 294 2477 τριήμερον
318 2440 420 2476 ἔγερσιν
446 2442 501 2469 τοῖς
535 2437 616 2469 ἀξίοις
639 2437 845 2474 ἐμφανίσαντες·

52 2485 115 2512 οὓτω
131 2483 163 2514 δὴ
180 2485 246 2521 πρὸς
273 2483 395 2520 οὐρανοὺς
418 2482 582 2509 ἀναϐαίνοντι
605 2484 651 2508 καὶ
676 2483 719 2508 τόν
743 2482 848 2518 Πατέρα

53 2531 210 2561 συνανιόντες
222 2529 388 2566 τεθεώρηντο,
417 2528 536 2554 κάτωθεν
561 2528 606 2563 μὲν
632 2525 675 2552 οὖν
705 2530 761 2557 τοῖς
785 2525 848 2551 ἀπο-

55 2575 148 2605 στόλοις
174 2575 206 2604 ὡς
235 2571 327 2610 ἄνδρες
350 2571 399 2599 δύο
422 2572 586 2608 λευχείμονες
613 2569 651 2597 δι’
680 2570 753 2607 ἀέρος
784 2568 849 2596 ἐδεί-

54 2629 139 2646 κνυντο
166 2620 310 2654 πετόμὲνοι,
333 2620 378 2643 καὶ
406 2619 449 2643 τὸν
468 2621 516 2648 τῆς
556 2615 679 2653 δευτέρας
704 2615 850 2652 ἐπιφανείας

55 2667 141 2701 τρόπον
159 2667 204 2690 τοῦ
229 2661 470 2698 ἀναλαμϐανομένην
503 2660 716 2697 καταγγέλλοντες
748 2670 754 2676 ·
793 2662 852 2690 ταῖς

57 2710 200 2746 ύπιρτέραις
225 2705 253 2733 δὲ
285 2707 384 2733 τούτων
425 2703 578 2742 δυνάμεσιν,
621 2704 716 2742 Ἄρατε
760 2703 852 2735 πύλας,

60 2753 162 2780 ἐπεϐόων
183 2762 190 2770 ·
210 2754 255 2778 καὶ
276 2751 355 2778 πύλαι
375 2751 484 2786 αἰώνιοι,
508 2752 536 2777 τὸ
561 2751 645 2787 τάχος
676 2749 854 2786 ἐπαιρόμεναι,

59 2801 93 2833 τῷ
107 2797 211 2834 βασιλεῖ
224 2800 271 2827 τῆς
298 2794 566 2828 ὃόξηςόὃοποιήσατε
597 2797 644 2825 τὴν
670 2793 773 2822 εἴσοδον
797 2791 856 2830 ⁷Αρ²

931 1409 1058 1443 Quando
1069 1417 1140 1437 vero
1152 1409 1357 1446 incorporeus,
1382 1409 1538 1443 invisiblis,
1562 1410 1724 1447 super-sub-

896 1453 1041 1482 stantialis
1058 1455 1134 1481 Deus
1148 1461 1208 1481 non
1221 1454 1285 1489 jam
1299 1461 1408 1490 corpus
1425 1462 1546 1482 aereum
1563 1455 1602 1482 ad
1623 1454 1724 1489 exigui

895 1498 1038 1534 temporis
1049 1498 1178 1534 speciem
1188 1497 1431 1534 deproperatum,
1442 1506 1513 1526 mox
1521 1498 1722 1527 avolaturum.

897 1542 951 1570 sed
962 1545 1071 1570 terram
1090 1542 1166 1570 adeo
1178 1542 1394 1578 ipsamlutum,
1415 1544 1562 1578 nostram,
1585 1542 1722 1578 inquam,

896 1587 1094 1616 substantiam
1110 1589 1138 1615 et
1150 1586 1279 1615 formam
1290 1586 1413 1615 induere
1435 1587 1576 1622 dignatus
1597 1589 1652 1622 est,
1684 1586 1724 1616 ad

896 1633 1033 1661 intimam
1048 1632 1149 1660 statim
1173 1631 1373 1666 cognitionem
1395 1631 1530 1669 mysterii
1553 1632 1642 1660 totius
1670 1633 1724 1660 Ga-

896 1676 970 1705 briel
983 1676 1158 1704 admittitur.
1171 1676 1224 1709 Qui
1250 1675 1416 1704 sacerdotio
1438 1675 1573 1711 iungenti
1602 1677 1724 1711 repente

896 1723 999 1750 astans
1014 1720 1162 1749 Zacharire
1186 1720 1374 1749 nasciturum
1407 1720 1463 1757 ipsi
1487 1720 1582 1757 aperit
1602 1728 1639 1748 ex
1663 1728 1724 1748 anu

897 1766 986 1794 sterili
999 1765 1171 1802 Baptistam.
1185 1766 1259 1793 Tum
1275 1765 1371 1801 gratia
1393 1765 1486 1802 plenae
1510 1765 1620 1801 Virgini
1641 1765 1723 1794 bono

897 1810 1002 1839 nuntio
1017 1810 1175 1846 insperatae
1191 1810 1377 1838 salutationis
1389 1810 1501 1844 oblato,
1514 1813 1622 1838 caetera
1632 1818 1723 1846 nego-

896 1855 1017 1884 tiatione
1030 1855 1186 1890 legationis
1201 1863 1262 1882 sum
1280 1863 1343 1883 rem
1371 1854 1501 1891 denique
1526 1855 1567 1883 sic
1594 1855 1722 1890 coniicit,

896 1901 973 1928 inter
983 1908 1035 1928 eos
1049 1903 1080 1928 ut
1093 1900 1252 1928 conveniat
1268 1909 1274 1926 :
1290 1900 1320 1927 in
1344 1900 1454 1936 Spiritu
1479 1902 1581 1928 sancto
1606 1900 1724 1928 virtute-

897 1953 956 1981 que
972 1944 1114 1973 Altissimi
1130 1944 1279 1979 Virginem
1293 1944 1343 1972 Dei
1359 1945 1463 1972 Filium
1487 1944 1663 1981 parituram.
1690 1945 1724 1973 Ut

896 1997 966 2018 vero
977 1990 1041 2025 jam
1056 1989 1087 2017 in
1098 1988 1241 2024 virgineis
1256 1988 1419 2017 visceribus
1443 1989 1474 2017 in
1497 1988 1723 2018 similitudinem

896 2034 1023 2062 humani
1036 2034 1123 2061 foetus
1137 2035 1292 2070 assumpto
1305 2033 1484 2070 corpusculo
1495 2033 1726 2070 supersubstan-

897 2078 974 2107 tialis
989 2081 1033 2107 est
1047 2078 1173 2114 genitus,
1188 2078 1328 2106 universa
1341 2078 1464 2113 quidem
1485 2078 1640 2113 gratulans
1669 2078 1725 2106 mi-

897 2124 959 2152 litia
974 2123 1098 2152 caelestis
1114 2131 1232 2151 sacrum
1246 2122 1468 2158 gloriﬁcationis
1480 2123 1630 2159 hymnum
1652 2122 1726 2151 ceci-

897 2169 950 2201 uit,
962 2170 992 2197 at
1002 2167 1122 2196 Michael
1137 2169 1165 2195 et
1179 2167 1297 2196 Gabriel
1321 2176 1338 2195 a
1362 2168 1510 2204 principio
1534 2167 1724 2196 incarnatum

899 2213 1036 2242 assectati
1046 2214 1157 2249 praesto
1167 2219 1288 2248 semper
1298 2211 1468 2246 adfuerunt,
1478 2221 1548 2249 qua,
1559 2220 1614 2249 pro
1626 2220 1725 2240 neces-

900 2259 983 2287 sitate
1005 2265 1117 2289 rerum.
1141 2259 1314 2293 opportuna
1343 2257 1518 2293 parentibus
1552 2257 1725 2293 objicientcs

900 2302 1026 2335 somnia,
1043 2309 1103 2337 qua
1129 2303 1196 2338 post
1219 2301 1412 2329 tentationem
1440 2301 1471 2330 in
1496 2301 1616 2330 deserto
1638 2300 1725 2329 mini-

900 2349 1110 2382 strantes,qua
1136 2345 1284 2381 passionis
1308 2347 1442 2382 tempore
1471 2346 1672 2374 confortantes
1691 2353 1726 2373 ac

900 2390 1129 2428 quodammodo
1143 2389 1476 2426 collaborantes.Neque
1487 2391 1544 2419 hoc
1561 2389 1727 2423 soium,sed

901 2437 995 2464 morte
1005 2434 1101 2463 crucis
1117 2442 1242 2470 corpore
1258 2433 1400 2469 solutum,
1414 2435 1556 2471 nudaque
1573 2435 1675 2463 anima
1687 2434 1728 2462 ad

903 2479 1114 2508 subterraneos
1127 2477 1290 2506 inferorum
1302 2480 1507 2514 penetrantem
1527 2485 1661 2506 carceres
1673 2486 1727 2513 ap-

902 2524 1047 2562 paritores
1060 2523 1107 2551 isti
1122 2525 1346 2559 praecesserunt.
1359 2523 1414 2555 Qui
1428 2523 1516 2551 etiam
1531 2522 1729 2558 impressione

904 2568 1003 2597 subita
1011 2568 1165 2604 perculsos
1181 2566 1371 2594 tenebrarum
1386 2567 1536 2604 principes
1550 2566 1728 2595 afﬂixerunt.

904 2615 978 2642 Tum
992 2614 1109 2648 ereptas
1121 2619 1157 2640 ex
1171 2619 1274 2639 eorum
1290 2611 1417 2639 vinculis
1440 2611 1585 2640 conditori
1613 2611 1731 2639 animas

907 2658 1107 2691 adduxerunt,
1122 2659 1289 2693 caeteraque
1305 2656 1459 2685 sedulitate
1473 2658 1555 2686 omni
1572 2665 1602 2685 se
1629 2664 1732 2684 suum-

908 2711 967 2740 que
987 2702 1168 2739 obsequium
1183 2701 1222 2729 ad
1233 2701 1396 2737 majestatis
1407 2702 1472 2738 ejus
1485 2709 1631 2739 pompam
1642 2704 1670 2730 et
1683 2709 1734 2730 vo-

909 2747 1032 2776 iuntatis
1038 2755 1128 2776 omne
1135 2747 1256 2782 signum
1262 2747 1540 2776 accommodarunt.
1548 2749 1589 2775 Ex
1595 2746 1733 2784 sepulcro

912 2792 1021 2822 deinde
1031 2791 1282 2821 "resurrectionem
1301 2799 1370 2828 quae
1389 2792 1474 2821 tertia
1497 2792 1545 2820 die
1558 2792 1681 2827 contigit
1695 2791 1734 2819 iis
