  <div class='ocr_page' id='page_1' title='image "/cluster/home/n/w/nwhite01/storage/ocr_20150623/140/njp.32101010942850/669.png"; bbox 0 0 1966 3079; ppageno 0'>
   <div class='ocr_carea' id='block_1_1' title="bbox 236 116 304 148">
    <p class='ocr_par' dir='ltr' id='par_1_1' title="bbox 236 116 304 148">
     <span class='ocr_line' id='line_1_1' title="bbox 236 116 304 148; baseline -0.029 0"><span class='ocrx_word' id='word_1_1' title='bbox 236 116 304 148; x_wconf 73' lang='lat'>1223</span> 
     </span>
    </p>
   </div>
   <div class='ocr_carea' id='block_1_2' title="bbox 979 100 1158 134">
    <p class='ocr_par' dir='ltr' id='par_1_2' title="bbox 979 100 1158 134">
     <span class='ocr_line' id='line_1_2' title="bbox 979 100 1158 134; baseline 0 0"><span class='ocrx_word' id='word_1_2' title='bbox 979 100 1144 134; x_wconf 76' lang='lat' dir='ltr'>ADDENDA</span> <span class='ocrx_word' id='word_1_3' title='bbox 1149 124 1158 134; x_wconf 85' lang='lat'>.</span> 
     </span>
    </p>
   </div>
   <div class='ocr_carea' id='block_1_3' title="bbox 1854 96 1929 127">
    <p class='ocr_par' dir='ltr' id='par_1_3' title="bbox 1854 96 1929 127">
     <span class='ocr_line' id='line_1_3' title="bbox 1854 96 1929 127; baseline -0.013 0"><span class='ocrx_word' id='word_1_4' title='bbox 1854 96 1929 127; x_wconf 70' lang='grc'>1224</span> 
     </span>
    </p>
   </div>
   <div class='ocr_carea' id='block_1_4' title="bbox 197 161 1074 214">
    <p class='ocr_par' dir='ltr' id='par_1_4' title="bbox 197 167 1074 214">
     <span class='ocr_line' id='line_1_4' title="bbox 197 167 1074 214; baseline -0.014 -7"><span class='ocrx_word' id='word_1_5' title='bbox 197 205 199 207; x_wconf 86' lang='grc'><strong><em>,</em></strong></span> <span class='ocrx_word' id='word_1_6' title='bbox 234 180 322 209; x_wconf 84' lang='lat' dir='ltr'>fuerit</span> <span class='ocrx_word' id='word_1_7' title='bbox 343 178 446 207; x_wconf 89' lang='lat' dir='ltr'>divina.</span> <span class='ocrx_word' id='word_1_8' title='bbox 468 175 603 214; x_wconf 88' lang='lat' dir='ltr'>quadam</span> <span class='ocrx_word' id='word_1_9' title='bbox 618 180 713 203; x_wconf 86' lang='lat' dir='ltr'>manu</span> <span class='ocrx_word' id='word_1_10' title='bbox 736 170 776 200; x_wconf 90' lang='lat' dir='ltr'>ad</span> <span class='ocrx_word' id='word_1_11' title='bbox 797 175 919 198; x_wconf 86' lang='lat' dir='ltr'>omnem</span> <span class='ocrx_word' id='word_1_12' title='bbox 945 167 1074 196; x_wconf 24' lang='lat' dir='ltr'>virtutis.</span> 
     </span>
    </p>
   </div>
   <div class='ocr_carea' id='block_1_5' title="bbox 1124 161 1929 214">
    <p class='ocr_par' dir='ltr' id='par_1_5' title="bbox 1124 161 1929 201">
     <span class='ocr_line' id='line_1_5' title="bbox 1124 161 1929 201; baseline -0.007 -8"><span class='ocrx_word' id='word_1_13' title='bbox 1124 168 1175 193; x_wconf 62' lang='lat' dir='ltr'>remo</span> <span class='ocrx_word' id='word_1_14' title='bbox 1201 167 1328 196; x_wconf 77' lang='grc' dir='ltr'>θειότητος</span> <span class='ocrx_word' id='word_1_15' title='bbox 1366 165 1549 201; x_wconf 84' lang='grc' dir='ltr'>χρηματίσαι.</span> <span class='ocrx_word' id='word_1_16' title='bbox 1572 164 1623 189; x_wconf 81' lang='grc' dir='ltr'>Καὶ</span> <span class='ocrx_word' id='word_1_17' title='bbox 1650 161 1851 199; x_wconf 78' lang='grc' dir='ltr'>λαμπρυνέσθω</span> <span class='ocrx_word' id='word_1_18' title='bbox 1885 172 1929 198; x_wconf 69' lang='grc' dir='ltr'>μεν</span> 
     </span>
    </p>
   </div>
   <div class='ocr_carea' id='block_1_6' title="bbox 234 212 1060 254">
    <p class='ocr_par' dir='ltr' id='par_1_6' title="bbox 234 212 1060 254">
     <span class='ocr_line' id='line_1_6' title="bbox 234 212 1060 254; baseline -0.019 0"><span class='ocrx_word' id='word_1_19' title='bbox 234 232 374 254; x_wconf 83' lang='lat' dir='ltr'><strong>normam</strong></span> <span class='ocrx_word' id='word_1_20' title='bbox 388 212 605 252; x_wconf 71' lang='lat' dir='ltr'>conformatus,</span> <span class='ocrx_word' id='word_1_21' title='bbox 620 218 659 248; x_wconf 90' lang='lat' dir='ltr'>ad</span> <span class='ocrx_word' id='word_1_22' title='bbox 670 223 803 252; x_wconf 84' lang='lat' dir='ltr'>unguem</span> <span class='ocrx_word' id='word_1_23' title='bbox 813 214 909 242; x_wconf 88' lang='lat' dir='ltr'>factus</span> <span class='ocrx_word' id='word_1_24' title='bbox 923 212 1060 249; x_wconf 88' lang='lat' dir='ltr'>quidam,</span> 
     </span>
    </p>
   </div>
   <div class='ocr_carea' id='block_1_7' title="bbox 236 257 1062 298">
    <p class='ocr_par' dir='ltr' id='par_1_7' title="bbox 236 257 1062 298">
     <span class='ocr_line' id='line_1_7' title="bbox 236 257 1062 298; baseline -0.018 0"><span class='ocrx_word' id='word_1_25' title='bbox 236 269 405 298; x_wconf 75' lang='lat' dir='ltr'>ofﬁciorum</span> <span class='ocrx_word' id='word_1_26' title='bbox 430 266 568 296; x_wconf 88' lang='lat' dir='ltr'>omnium</span> <span class='ocrx_word' id='word_1_27' title='bbox 594 261 748 298; x_wconf 79' lang='lat' dir='ltr'>diligentia</span> <span class='ocrx_word' id='word_1_28' title='bbox 773 261 904 292; x_wconf 81' lang='lat' dir='ltr'>exactus,</span> <span class='ocrx_word' id='word_1_29' title='bbox 938 257 991 294; x_wconf 92' lang='lat' dir='ltr'>qui</span> <span class='ocrx_word' id='word_1_30' title='bbox 1025 263 1062 285; x_wconf 90' lang='lat' dir='ltr'>ea</span> 
     </span>
    </p>
   </div>
   <div class='ocr_carea' id='block_1_8' title="bbox 235 302 1060 344">
    <p class='ocr_par' dir='ltr' id='par_1_8' title="bbox 235 302 1060 344">
     <span class='ocr_line' id='line_1_8' title="bbox 235 302 1060 344; baseline -0.018 -1"><span class='ocrx_word' id='word_1_31' title='bbox 235 314 389 343; x_wconf 80' lang='lat' dir='ltr'>sanctitate</span> <span class='ocrx_word' id='word_1_32' title='bbox 405 312 471 340; x_wconf 79' lang='lat' dir='ltr'>vitae</span> <span class='ocrx_word' id='word_1_33' title='bbox 484 310 524 339; x_wconf 88' lang='lat' dir='ltr'>ad</span> <span class='ocrx_word' id='word_1_34' title='bbox 538 306 822 344; x_wconf 80' lang='lat' dir='ltr'>contemplationem</span> <span class='ocrx_word' id='word_1_35' title='bbox 847 302 1060 336; x_wconf 87' lang='lat' dir='ltr'>manuductus,</span> 
     </span>
    </p>
   </div>
   <div class='ocr_carea' id='block_1_9' title="bbox 235 347 1062 396">
    <p class='ocr_par' dir='ltr' id='par_1_9' title="bbox 235 347 1062 396">
     <span class='ocr_line' id='line_1_9' title="bbox 235 347 1062 396; baseline -0.017 -9"><span class='ocrx_word' id='word_1_36' title='bbox 235 366 288 396; x_wconf 90' lang='lat' dir='ltr'>per</span> <span class='ocrx_word' id='word_1_37' title='bbox 299 358 364 394; x_wconf 86' lang='lat' dir='ltr'>ejus</span> <span class='ocrx_word' id='word_1_38' title='bbox 380 355 490 393; x_wconf 85' lang='lat' dir='ltr'>gradus</span> <span class='ocrx_word' id='word_1_39' title='bbox 504 354 543 384; x_wconf 89' lang='lat' dir='ltr'>ad</span> <span class='ocrx_word' id='word_1_40' title='bbox 561 361 629 382; x_wconf 87' lang='lat' dir='ltr'>eam</span> <span class='ocrx_word' id='word_1_41' title='bbox 644 359 675 380; x_wconf 90' lang='lat' dir='ltr'>se</span> <span class='ocrx_word' id='word_1_42' title='bbox 687 349 802 380; x_wconf 83' lang='lat' dir='ltr'>attollat</span> <span class='ocrx_word' id='word_1_43' title='bbox 816 347 947 383; x_wconf 89' lang='lat' dir='ltr'>denique</span> <span class='ocrx_word' id='word_1_44' title='bbox 960 353 1062 375; x_wconf 87' lang='lat' dir='ltr'>arcem.</span> 
     </span>
    </p>
   </div>
   <div class='ocr_carea' id='block_1_10' title="bbox 235 391 1062 434">
    <p class='ocr_par' dir='ltr' id='par_1_10' title="bbox 235 391 1062 434">
     <span class='ocr_line' id='line_1_10' title="bbox 235 391 1062 434; baseline -0.018 -1"><span class='ocrx_word' id='word_1_45' title='bbox 235 391 344 432; x_wconf 67' lang='lat' dir='ltr'>mentis</span> <span class='ocrx_word' id='word_1_46' title='bbox 357 391 392 431; x_wconf 76' lang='lat' dir='ltr'>ac</span> <span class='ocrx_word' id='word_1_47' title='bbox 402 400 527 434; x_wconf 86' lang='lat' dir='ltr'>consilii,</span> <span class='ocrx_word' id='word_1_48' title='bbox 539 401 572 428; x_wconf 87' lang='lat' dir='ltr'>ut</span> <span class='ocrx_word' id='word_1_49' title='bbox 583 398 662 427; x_wconf 86' lang='lat' dir='ltr'>illinc</span> <span class='ocrx_word' id='word_1_50' title='bbox 678 394 828 424; x_wconf 88' lang='lat' dir='ltr'>mundum</span> <span class='ocrx_word' id='word_1_51' title='bbox 838 399 960 421; x_wconf 88' lang='lat' dir='ltr'>omnem</span> <span class='ocrx_word' id='word_1_52' title='bbox 969 391 1062 419; x_wconf 86' lang='lat' dir='ltr'>istum</span> 
     </span>
    </p>
   </div>
   <div class='ocr_carea' id='block_1_11' title="bbox 236 435 1062 485">
    <p class='ocr_par' dir='ltr' id='par_1_11' title="bbox 236 435 1062 485">
     <span class='ocr_line' id='line_1_11' title="bbox 236 435 1062 485; baseline -0.018 -8"><span class='ocrx_word' id='word_1_53' title='bbox 236 446 451 485; x_wconf 83' lang='lat' dir='ltr'>aspectabilem</span> <span class='ocrx_word' id='word_1_54' title='bbox 477 445 601 482; x_wconf 83' lang='lat' dir='ltr'>ejusque</span> <span class='ocrx_word' id='word_1_55' title='bbox 630 440 763 471; x_wconf 81' lang='lat' dir='ltr'>fallacias</span> <span class='ocrx_word' id='word_1_56' title='bbox 788 446 822 467; x_wconf 89' lang='lat' dir='ltr'>ac</span> <span class='ocrx_word' id='word_1_57' title='bbox 839 437 988 485; x_wconf 74' lang='lat' dir='ltr'>vanitates</span> <span class='ocrx_word' id='word_1_58' title='bbox 1002 435 1062 464; x_wconf 91' lang='lat' dir='ltr'>alte</span> 
     </span>
    </p>
   </div>
   <div class='ocr_carea' id='block_1_12' title="bbox 237 480 1063 529">
    <p class='ocr_par' dir='ltr' id='par_1_12' title="bbox 237 480 1063 529">
     <span class='ocr_line' id='line_1_12' title="bbox 237 480 1063 529; baseline -0.017 -8"><span class='ocrx_word' id='word_1_59' title='bbox 237 480 449 529; x_wconf 73' lang='lat' dir='ltr'>supergressus</span> <span class='ocrx_word' id='word_1_60' title='bbox 463 480 617 526; x_wconf 79' lang='lat' dir='ltr'>despiciat,</span> <span class='ocrx_word' id='word_1_61' title='bbox 635 485 773 515; x_wconf 87' lang='lat' dir='ltr'>admotus</span> <span class='ocrx_word' id='word_1_62' title='bbox 792 485 892 511; x_wconf 85' lang='lat' dir='ltr'>autem</span> <span class='ocrx_word' id='word_1_63' title='bbox 908 480 1006 509; x_wconf 88' lang='lat' dir='ltr'>choris</span> <span class='ocrx_word' id='word_1_64' title='bbox 1021 480 1063 508; x_wconf 88' lang='lat' dir='ltr'>di-</span> 
     </span>
    </p>
   </div>
   <div class='ocr_carea' id='block_1_13' title="bbox 237 524 1062 565">
    <p class='ocr_par' dir='ltr' id='par_1_13' title="bbox 237 524 1062 565">
     <span class='ocr_line' id='line_1_13' title="bbox 237 524 1062 565; baseline -0.017 1"><span class='ocrx_word' id='word_1_65' title='bbox 237 524 377 565; x_wconf 73' lang='lat' dir='ltr'>vinarum</span> <span class='ocrx_word' id='word_1_66' title='bbox 393 524 536 564; x_wconf 80' lang='lat' dir='ltr'>mentium</span> <span class='ocrx_word' id='word_1_67' title='bbox 552 530 783 561; x_wconf 79' lang='lat' dir='ltr'>familiaritatem</span> <span class='ocrx_word' id='word_1_68' title='bbox 799 535 868 555; x_wconf 89' lang='lat' dir='ltr'>cum</span> <span class='ocrx_word' id='word_1_69' title='bbox 891 527 975 554; x_wconf 89' lang='lat' dir='ltr'>tanta</span> <span class='ocrx_word' id='word_1_70' title='bbox 998 524 1062 553; x_wconf 87' lang='lat' dir='ltr'>illa-</span> 
     </span>
    </p>
   </div>
   <div class='ocr_carea' id='block_1_14' title="bbox 237 571 1061 614">
    <p class='ocr_par' dir='ltr' id='par_1_14' title="bbox 237 571 1061 614">
     <span class='ocr_line' id='line_1_14' title="bbox 237 571 1061 614; baseline -0.017 -4"><span class='ocrx_word' id='word_1_71' title='bbox 237 589 305 610; x_wconf 88' lang='lat' dir='ltr'>rum</span> <span class='ocrx_word' id='word_1_72' title='bbox 321 579 500 609; x_wconf 84' lang='lat' dir='ltr'>sublimitate</span> <span class='ocrx_word' id='word_1_73' title='bbox 515 585 550 607; x_wconf 84' lang='lat' dir='ltr'>ac</span> <span class='ocrx_word' id='word_1_74' title='bbox 565 575 722 614; x_wconf 85' lang='lat' dir='ltr'>splendore</span> <span class='ocrx_word' id='word_1_75' title='bbox 737 571 946 602; x_wconf 84' lang='lat' dir='ltr'>beatissimam</span> <span class='ocrx_word' id='word_1_76' title='bbox 959 577 1061 598; x_wconf 87' lang='lat' dir='ltr'>coram</span> 
     </span>
    </p>
   </div>
   <div class='ocr_carea' id='block_1_15' title="bbox 1116 207 1929 244">
    <p class='ocr_par' dir='ltr' id='par_1_15' title="bbox 1116 207 1929 244">
     <span class='ocr_line' id='line_1_15' title="bbox 1116 207 1929 244; baseline -0.007 -7"><span class='ocrx_word' id='word_1_77' title='bbox 1116 211 1190 242; x_wconf 59' lang='grc' dir='ltr'>ιῦτος</span> <span class='ocrx_word' id='word_1_78' title='bbox 1212 211 1255 236; x_wconf 85' lang='grc' dir='ltr'>τὸν</span> <span class='ocrx_word' id='word_1_79' title='bbox 1294 213 1352 236; x_wconf 83' lang='grc' dir='ltr'>νοῦν</span> <span class='ocrx_word' id='word_1_80' title='bbox 1377 212 1432 239; x_wconf 89' lang='grc' dir='ltr'>ταῖς</span> <span class='ocrx_word' id='word_1_81' title='bbox 1468 207 1690 244; x_wconf 78' lang='grc' dir='ltr'>ὑπερφαεστάταις</span> <span class='ocrx_word' id='word_1_82' title='bbox 1715 210 1929 243; x_wconf 63' lang='grc' dir='ltr'>μαρμαρυγαῖς,</span> 
     </span>
    </p>
   </div>
   <div class='ocr_carea' id='block_1_16' title="bbox 1115 249 1931 292">
    <p class='ocr_par' dir='ltr' id='par_1_16' title="bbox 1115 249 1931 292">
     <span class='ocr_line' id='line_1_16' title="bbox 1115 249 1931 292; baseline -0.007 -10"><span class='ocrx_word' id='word_1_83' title='bbox 1115 255 1278 292; x_wconf 78' lang='grc' dir='ltr'>ἓπιλαμπέτω</span> <span class='ocrx_word' id='word_1_84' title='bbox 1312 252 1342 280; x_wconf 70' lang='grc' dir='ltr'>δὲ</span> <span class='ocrx_word' id='word_1_85' title='bbox 1370 255 1414 280; x_wconf 86' lang='grc' dir='ltr'>καὶ</span> <span class='ocrx_word' id='word_1_86' title='bbox 1440 252 1526 284; x_wconf 78' lang='grc' dir='ltr'>ἄλλοις</span> <span class='ocrx_word' id='word_1_87' title='bbox 1553 253 1596 278; x_wconf 87' lang='grc' dir='ltr'>τὸν</span> <span class='ocrx_word' id='word_1_88' title='bbox 1623 254 1754 288; x_wconf 77' lang='grc' dir='ltr'>φωτισμόν</span> <span class='ocrx_word' id='word_1_89' title='bbox 1771 261 1777 268; x_wconf 87' lang='grc'><strong>·</strong></span> <span class='ocrx_word' id='word_1_90' title='bbox 1795 253 1849 277; x_wconf 81' lang='grc' dir='ltr'>καὶ</span> <span class='ocrx_word' id='word_1_91' title='bbox 1867 249 1931 284; x_wconf 64' lang='grc' dir='ltr'>δόγ-</span> 
     </span>
    </p>
   </div>
   <div class='ocr_carea' id='block_1_17' title="bbox 1114 296 1931 337">
    <p class='ocr_par' dir='ltr' id='par_1_17' title="bbox 1114 296 1931 337">
     <span class='ocr_line' id='line_1_17' title="bbox 1114 296 1931 337; baseline -0.007 -11"><span class='ocrx_word' id='word_1_92' title='bbox 1114 309 1180 337; x_wconf 82' lang='grc' dir='ltr'>μασι</span> <span class='ocrx_word' id='word_1_93' title='bbox 1210 298 1381 326; x_wconf 75' lang='grc' dir='ltr'>πανευσεϐἱσι</span> <span class='ocrx_word' id='word_1_94' title='bbox 1404 300 1448 324; x_wconf 82' lang='grc' dir='ltr'>καὶ</span> <span class='ocrx_word' id='word_1_95' title='bbox 1467 299 1583 333; x_wconf 81' lang='grc' dir='ltr'>νοήμασι</span> <span class='ocrx_word' id='word_1_96' title='bbox 1611 297 1769 332; x_wconf 79' lang='grc' dir='ltr'>πανεναγέσι</span> <span class='ocrx_word' id='word_1_97' title='bbox 1783 297 1836 324; x_wconf 75' lang='grc' dir='ltr'>τήν</span> <span class='ocrx_word' id='word_1_98' title='bbox 1858 296 1931 332; x_wconf 47' lang='lat' dir='ltr'>igni:</span> 
     </span>
    </p>
   </div>
   <div class='ocr_carea' id='block_1_18' title="bbox 1115 339 1933 379">
    <p class='ocr_par' dir='ltr' id='par_1_18' title="bbox 1115 339 1933 379">
     <span class='ocr_line' id='line_1_18' title="bbox 1115 339 1933 379; baseline -0.007 -8"><span class='ocrx_word' id='word_1_99' title='bbox 1115 343 1269 373; x_wconf 74' lang='grc' dir='ltr'>Ἐκκλησίαν</span> <span class='ocrx_word' id='word_1_100' title='bbox 1293 341 1487 379; x_wconf 82' lang='grc' dir='ltr'>καταγλαῑζέτω</span> <span class='ocrx_word' id='word_1_101' title='bbox 1519 343 1564 367; x_wconf 83' lang='grc' dir='ltr'>καὶ</span> <span class='ocrx_word' id='word_1_102' title='bbox 1590 343 1785 377; x_wconf 73' lang='grc' dir='ltr'>κατατιρπέτω.</span> <span class='ocrx_word' id='word_1_103' title='bbox 1828 339 1933 377; x_wconf 71' lang='grc' dir='ltr'>Πορρω</span> 
     </span>
    </p>
   </div>
   <div class='ocr_carea' id='block_1_19' title="bbox 1115 384 1935 421">
    <p class='ocr_par' dir='ltr' id='par_1_19' title="bbox 1115 384 1935 421">
     <span class='ocr_line' id='line_1_19' title="bbox 1115 384 1935 421; baseline -0.006 -6"><span class='ocrx_word' id='word_1_104' title='bbox 1115 388 1146 415; x_wconf 77' lang='grc' dir='ltr'>δὲ</span> <span class='ocrx_word' id='word_1_105' title='bbox 1168 390 1264 415; x_wconf 74' lang='grc' dir='ltr'>τούτων</span> <span class='ocrx_word' id='word_1_106' title='bbox 1292 387 1419 417; x_wconf 74' lang='grc' dir='ltr'>ἕστηκετω</span> <span class='ocrx_word' id='word_1_107' title='bbox 1447 387 1520 417; x_wconf 83' lang='grc' dir='ltr'>ὅστις</span> <span class='ocrx_word' id='word_1_108' title='bbox 1536 386 1659 416; x_wconf 84' lang='grc' dir='ltr'>τοιαύτης</span> <span class='ocrx_word' id='word_1_109' title='bbox 1676 384 1853 411; x_wconf 75' lang='grc' dir='ltr'>ἀπολείπεται</span> <span class='ocrx_word' id='word_1_110' title='bbox 1883 394 1935 421; x_wconf 73' lang='grc' dir='ltr'>μα-</span> 
     </span>
    </p>
   </div>
   <div class='ocr_carea' id='block_1_20' title="bbox 1115 429 1936 471">
    <p class='ocr_par' dir='ltr' id='par_1_20' title="bbox 1115 429 1936 471">
     <span class='ocr_line' id='line_1_20' title="bbox 1115 429 1936 471; baseline -0.006 -11"><span class='ocrx_word' id='word_1_111' title='bbox 1115 436 1278 471; x_wconf 80' lang='grc' dir='ltr'>καριότητος,</span> <span class='ocrx_word' id='word_1_112' title='bbox 1304 435 1349 459; x_wconf 84' lang='grc' dir='ltr'>καὶ</span> <span class='ocrx_word' id='word_1_113' title='bbox 1374 432 1389 462; x_wconf 84' lang='grc' dir='ltr'><em>ἢ</em></span> <span class='ocrx_word' id='word_1_114' title='bbox 1416 435 1465 458; x_wconf 83' lang='grc' dir='ltr'>τῶν</span> <span class='ocrx_word' id='word_1_115' title='bbox 1484 432 1579 458; x_wconf 73' lang='grc' dir='ltr'>ἄνωθεν</span> <span class='ocrx_word' id='word_1_116' title='bbox 1603 432 1679 466; x_wconf 77' lang='grc' dir='ltr'>μόνον</span> <span class='ocrx_word' id='word_1_117' title='bbox 1706 429 1858 466; x_wconf 73' lang='grc' dir='ltr'>ἀκροάσθω</span> <span class='ocrx_word' id='word_1_118' title='bbox 1882 439 1936 465; x_wconf 63' lang='grc' dir='ltr'>φω-</span> 
     </span>
    </p>
   </div>
   <div class='ocr_carea' id='block_1_21' title="bbox 1115 472 1935 515">
    <p class='ocr_par' dir='ltr' id='par_1_21' title="bbox 1115 472 1935 515">
     <span class='ocr_line' id='line_1_21' title="bbox 1115 472 1935 515; baseline -0.007 -10"><span class='ocrx_word' id='word_1_119' title='bbox 1115 483 1174 512; x_wconf 77' lang='grc' dir='ltr'>νῶν,</span> <span class='ocrx_word' id='word_1_120' title='bbox 1190 480 1212 504; x_wconf 75' lang='grc' dir='ltr'>εἴ</span> <span class='ocrx_word' id='word_1_121' title='bbox 1226 487 1293 508; x_wconf 86' lang='grc' dir='ltr'>τινος</span> <span class='ocrx_word' id='word_1_122' title='bbox 1303 478 1355 515; x_wconf 81' lang='grc' dir='ltr'>ἄρα</span> <span class='ocrx_word' id='word_1_123' title='bbox 1373 478 1496 506; x_wconf 73' lang='grc' dir='ltr'>συνέσεως</span> <span class='ocrx_word' id='word_1_124' title='bbox 1520 477 1637 512; x_wconf 76' lang='grc' dir='ltr'>μετέχοι,</span> <span class='ocrx_word' id='word_1_125' title='bbox 1665 474 1680 504; x_wconf 81' lang='grc' dir='ltr'><em>ἢ</em></span> <span class='ocrx_word' id='word_1_126' title='bbox 1707 472 1780 511; x_wconf 65' lang='grc' dir='ltr'>μηδὶ</span> <span class='ocrx_word' id='word_1_127' title='bbox 1806 475 1935 506; x_wconf 69' lang='grc' dir='ltr'>τούτων,</span> 
     </span>
    </p>
   </div>
   <div class='ocr_carea' id='block_1_22' title="bbox 1117 517 1936 558">
    <p class='ocr_par' dir='ltr' id='par_1_22' title="bbox 1117 517 1936 558">
     <span class='ocr_line' id='line_1_22' title="bbox 1117 517 1936 558; baseline -0.007 -9"><span class='ocrx_word' id='word_1_128' title='bbox 1117 523 1152 554; x_wconf 85' lang='grc' dir='ltr'>ὡς</span> <span class='ocrx_word' id='word_1_129' title='bbox 1192 523 1275 552; x_wconf 76' lang='grc' dir='ltr'>πάντη</span> <span class='ocrx_word' id='word_1_130' title='bbox 1315 520 1424 558; x_wconf 78' lang='grc' dir='ltr'>βέϐηλος</span> <span class='ocrx_word' id='word_1_131' title='bbox 1463 522 1508 546; x_wconf 82' lang='grc' dir='ltr'>καὶ</span> <span class='ocrx_word' id='word_1_132' title='bbox 1531 523 1664 556; x_wconf 74' lang='grc' dir='ltr'>μυστικῶν</span> <span class='ocrx_word' id='word_1_133' title='bbox 1697 518 1791 555; x_wconf 76' lang='grc' dir='ltr'>λογίων</span> <span class='ocrx_word' id='word_1_134' title='bbox 1817 517 1936 549; x_wconf 72' lang='grc' dir='ltr'>ἀνάξιος</span> 
     </span>
    </p>
   </div>
   <div class='ocr_carea' id='block_1_23' title="bbox 1118 567 1275 604">
    <p class='ocr_par' dir='ltr' id='par_1_23' title="bbox 1118 567 1275 604">
     <span class='ocr_line' id='line_1_23' title="bbox 1118 567 1275 604; baseline -0.006 -10"><span class='ocrx_word' id='word_1_135' title='bbox 1118 567 1275 604; x_wconf 71' lang='grc' dir='ltr'>ἔλεγχέσθω.</span> 
     </span>
    </p>
   </div>
   <div class='ocr_carea' id='block_1_24' title="bbox 239 606 1935 659">
    <p class='ocr_par' dir='ltr' id='par_1_24' title="bbox 239 606 1935 659">
     <span class='ocr_line' id='line_1_24' title="bbox 239 606 1935 659; baseline -0.013 -3"><span class='ocrx_word' id='word_1_136' title='bbox 239 629 268 655; x_wconf 87' lang='lat' dir='ltr'>et</span> <span class='ocrx_word' id='word_1_137' title='bbox 282 606 694 659; x_wconf 22' lang='lat' dir='ltr'>cominusrusurpet,‘macte</span> <span class='ocrx_word' id='word_1_138' title='bbox 718 619 744 646; x_wconf 93' lang='lat' dir='ltr'>is</span> <span class='ocrx_word' id='word_1_139' title='bbox 764 617 896 654; x_wconf 87' lang='lat' dir='ltr'>primum</span> <span class='ocrx_word' id='word_1_140' title='bbox 918 615 975 643; x_wconf 87' lang='lat' dir='ltr'>ista</span> <span class='ocrx_word' id='word_1_141' title='bbox 989 613 1127 642; x_wconf 81' lang='lat' dir='ltr'>felicitate</span> <span class='ocrx_word' id='word_1_142' title='bbox 1141 612 1186 647; x_wconf 89' lang='lat' dir='ltr'>sit,</span> <span class='ocrx_word' id='word_1_143' title='bbox 1204 613 1233 639; x_wconf 87' lang='lat' dir='ltr'>et</span> <span class='ocrx_word' id='word_1_144' title='bbox 1252 611 1283 639; x_wconf 91' lang='lat' dir='ltr'>in</span> <span class='ocrx_word' id='word_1_145' title='bbox 1310 609 1470 647; x_wconf 84' lang='lat' dir='ltr'>complexu</span> <span class='ocrx_word' id='word_1_146' title='bbox 1492 610 1582 638; x_wconf 80' lang='lat' dir='ltr'>tantae</span> <span class='ocrx_word' id='word_1_147' title='bbox 1605 607 1706 644; x_wconf 67' lang='lat' dir='ltr'>glorias</span> <span class='ocrx_word' id='word_1_148' title='bbox 1729 607 1872 643; x_wconf 82' lang='lat' dir='ltr'>gaudeat</span> <span class='ocrx_word' id='word_1_149' title='bbox 1902 606 1935 635; x_wconf 88' lang='lat' dir='ltr'>in</span> 
     </span>
    </p>
   </div>
   <div class='ocr_carea' id='block_1_25' title="bbox 240 652 1936 704">
    <p class='ocr_par' dir='ltr' id='par_1_25' title="bbox 240 652 1936 704">
     <span class='ocr_line' id='line_1_25' title="bbox 240 652 1936 704; baseline -0.012 -5"><span class='ocrx_word' id='word_1_150' title='bbox 240 670 308 699; x_wconf 83' lang='lat' dir='ltr'>sinu</span> <span class='ocrx_word' id='word_1_151' title='bbox 322 679 328 696; x_wconf 74' lang='grc' dir='ltr'>ε</span> <span class='ocrx_word' id='word_1_152' title='bbox 345 672 408 698; x_wconf 91' lang='lat' dir='ltr'>tum</span> <span class='ocrx_word' id='word_1_153' title='bbox 421 652 591 704; x_wconf 46' lang='lat' dir='ltr'>hujus-suae</span> <span class='ocrx_word' id='word_1_154' title='bbox 607 667 695 694; x_wconf 73' lang='lat' dir='ltr'>tantre</span> <span class='ocrx_word' id='word_1_155' title='bbox 719 652 794 691; x_wconf 75' lang='lat' dir='ltr'>lucis</span> <span class='ocrx_word' id='word_1_156' title='bbox 814 667 940 689; x_wconf 87' lang='lat' dir='ltr'>usuram</span> <span class='ocrx_word' id='word_1_157' title='bbox 966 659 1100 695; x_wconf 84' lang='lat' dir='ltr'>aliquam</span> <span class='ocrx_word' id='word_1_158' title='bbox 1124 659 1152 685; x_wconf 89' lang='lat' dir='ltr'>et</span> <span class='ocrx_word' id='word_1_159' title='bbox 1165 655 1266 684; x_wconf 86' lang='lat' dir='ltr'>radios</span> <span class='ocrx_word' id='word_1_160' title='bbox 1282 655 1347 683; x_wconf 88' lang='lat' dir='ltr'>aliis</span> <span class='ocrx_word' id='word_1_161' title='bbox 1361 653 1522 691; x_wconf 82' lang='lat' dir='ltr'>impertiat,</span> <span class='ocrx_word' id='word_1_162' title='bbox 1538 652 1734 689; x_wconf 72' lang='lat' dir='ltr'>Ecclesiaeque</span> <span class='ocrx_word' id='word_1_163' title='bbox 1749 660 1848 681; x_wconf 70' lang='lat' dir='ltr'>sacrae</span> <span class='ocrx_word' id='word_1_164' title='bbox 1866 657 1936 688; x_wconf 84' lang='lat' dir='ltr'>qua</span> 
     </span>
    </p>
   </div>
   <div class='ocr_carea' id='block_1_26' title="bbox 239 697 1939 748">
    <p class='ocr_par' dir='ltr' id='par_1_26' title="bbox 239 697 1939 748">
     <span class='ocr_line' id='line_1_26' title="bbox 239 697 1939 748; baseline -0.012 -4"><span class='ocrx_word' id='word_1_165' title='bbox 347 697 512 747; x_wconf 72' lang='lat' dir='ltr'>sentiendo,</span> <span class='ocrx_word' id='word_1_166' title='bbox 539 718 601 748; x_wconf 87' lang='lat' dir='ltr'>qua</span> <span class='ocrx_word' id='word_1_167' title='bbox 629 709 777 746; x_wconf 80' lang='lat' dir='ltr'>sapienter</span> <span class='ocrx_word' id='word_1_168' title='bbox 804 705 971 740; x_wconf 81' lang='lat' dir='ltr'>excogitata</span> <span class='ocrx_word' id='word_1_169' title='bbox 989 703 1038 739; x_wconf 89' lang='lat' dir='ltr'>pie</span> <span class='ocrx_word' id='word_1_170' title='bbox 1058 701 1246 738; x_wconf 81' lang='lat' dir='ltr'>proferendo,</span> <span class='ocrx_word' id='word_1_171' title='bbox 1271 702 1300 729; x_wconf 89' lang='lat' dir='ltr'>et</span> <span class='ocrx_word' id='word_1_172' title='bbox 1322 699 1513 736; x_wconf 83' lang='lat' dir='ltr'>splendorem</span> <span class='ocrx_word' id='word_1_173' title='bbox 1535 698 1574 726; x_wconf 83' lang='lat' dir='ltr'>ad</span> <span class='ocrx_word' id='word_1_174' title='bbox 1599 700 1739 726; x_wconf 87' lang='lat' dir='ltr'>ornatum</span> <span class='ocrx_word' id='word_1_175' title='bbox 1765 697 1882 726; x_wconf 78' lang='lat' dir='ltr'>afferat</span> <span class='ocrx_word' id='word_1_176' title='bbox 1906 699 1939 725; x_wconf 86' lang='lat' dir='ltr'>et</span> 
     </span>
    </p>
   </div>
   <div class='ocr_carea' id='block_1_27' title="bbox 240 741 1935 793">
    <p class='ocr_par' dir='ltr' id='par_1_27' title="bbox 240 741 1935 793">
     <span class='ocr_line' id='line_1_27' title="bbox 240 741 1935 793; baseline -0.012 -5"><span class='ocrx_word' id='word_1_177' title='bbox 393 741 432 786; x_wconf 89' lang='lat' dir='ltr'>ad</span> <span class='ocrx_word' id='word_1_178' title='bbox 446 741 640 793; x_wconf 65' lang='lat' dir='ltr'>voluptatem.</span> <span class='ocrx_word' id='word_1_179' title='bbox 664 741 774 781; x_wconf 67' lang='lat' dir='ltr'>i’rocul</span> <span class='ocrx_word' id='word_1_180' title='bbox 788 751 858 779; x_wconf 90' lang='lat' dir='ltr'>hinc</span> <span class='ocrx_word' id='word_1_181' title='bbox 883 751 983 777; x_wconf 89' lang='lat' dir='ltr'>autem</span> <span class='ocrx_word' id='word_1_182' title='bbox 1008 755 1039 775; x_wconf 85' lang='lat' dir='ltr'>se</span> <span class='ocrx_word' id='word_1_183' title='bbox 1054 748 1245 774; x_wconf 81' lang='lat' dir='ltr'>summoveat</span> <span class='ocrx_word' id='word_1_184' title='bbox 1258 753 1350 782; x_wconf 87' lang='lat' dir='ltr'>quem</span> <span class='ocrx_word' id='word_1_185' title='bbox 1373 743 1464 780; x_wconf 88' lang='lat' dir='ltr'>hujus</span> <span class='ocrx_word' id='word_1_186' title='bbox 1479 746 1540 771; x_wconf 86' lang='lat' dir='ltr'>tam</span> <span class='ocrx_word' id='word_1_187' title='bbox 1565 742 1658 771; x_wconf 77' lang='lat' dir='ltr'>beatae</span> <span class='ocrx_word' id='word_1_188' title='bbox 1675 742 1770 778; x_wconf 69' lang='lat' dir='ltr'>copim</span> <span class='ocrx_word' id='word_1_189' title='bbox 1794 741 1935 770; x_wconf 84' lang='lat' dir='ltr'>facultas</span> 
     </span>
    </p>
   </div>
   <div class='ocr_carea' id='block_1_28' title="bbox 240 786 1935 835">
    <p class='ocr_par' dir='ltr' id='par_1_28' title="bbox 240 786 1935 835">
     <span class='ocr_line' id='line_1_28' title="bbox 240 786 1935 835; baseline -0.012 -2"><span class='ocrx_word' id='word_1_190' title='bbox 240 804 340 833; x_wconf 86' lang='lat' dir='ltr'>deﬁcit</span> <span class='ocrx_word' id='word_1_191' title='bbox 355 812 361 831; x_wconf 87' lang='lat'>:</span> <span class='ocrx_word' id='word_1_192' title='bbox 379 805 407 830; x_wconf 92' lang='lat' dir='ltr'>et</span> <span class='ocrx_word' id='word_1_193' title='bbox 419 804 472 830; x_wconf 87' lang='lat' dir='ltr'>aut</span> <span class='ocrx_word' id='word_1_194' title='bbox 487 786 572 829; x_wconf 44' lang='lat' dir='ltr'>se.ad</span> <span class='ocrx_word' id='word_1_195' title='bbox 588 797 755 835; x_wconf 77' lang='lat' dir='ltr'>captandas</span> <span class='ocrx_word' id='word_1_196' title='bbox 780 794 944 824; x_wconf 81' lang='lat' dir='ltr'>caelestium</span> <span class='ocrx_word' id='word_1_197' title='bbox 957 800 1067 821; x_wconf 84' lang='lat' dir='ltr'>vocum</span> <span class='ocrx_word' id='word_1_198' title='bbox 1087 798 1187 824; x_wconf 87' lang='lat' dir='ltr'>sonos,</span> <span class='ocrx_word' id='word_1_199' title='bbox 1203 788 1331 818; x_wconf 88' lang='lat' dir='ltr'>modesti</span> <span class='ocrx_word' id='word_1_200' title='bbox 1352 788 1457 816; x_wconf 88' lang='lat' dir='ltr'>silentii</span> <span class='ocrx_word' id='word_1_201' title='bbox 1471 787 1571 824; x_wconf 88' lang='lat' dir='ltr'>quiete</span> <span class='ocrx_word' id='word_1_202' title='bbox 1590 789 1763 823; x_wconf 86' lang='lat' dir='ltr'>componat,</span> <span class='ocrx_word' id='word_1_203' title='bbox 1788 786 1814 814; x_wconf 87' lang='lat' dir='ltr'>si</span> <span class='ocrx_word' id='word_1_204' title='bbox 1831 793 1935 822; x_wconf 81' lang='lat' dir='ltr'>quem</span> 
     </span>
    </p>
   </div>
   <div class='ocr_carea' id='block_1_29' title="bbox 241 831 1934 877">
    <p class='ocr_par' dir='ltr' id='par_1_29' title="bbox 241 831 1934 877">
     <span class='ocr_line' id='line_1_29' title="bbox 241 831 1934 877; baseline -0.012 0"><span class='ocrx_word' id='word_1_205' title='bbox 241 856 276 877; x_wconf 84' lang='lat' dir='ltr'>ea</span> <span class='ocrx_word' id='word_1_206' title='bbox 295 847 476 876; x_wconf 86' lang='lat' dir='ltr'>demissione</span> <span class='ocrx_word' id='word_1_207' title='bbox 489 846 519 873; x_wconf 92' lang='lat' dir='ltr'>in</span> <span class='ocrx_word' id='word_1_208' title='bbox 536 831 714 872; x_wconf 56' lang='lat' dir='ltr'>suam-forte</span> <span class='ocrx_word' id='word_1_209' title='bbox 728 839 926 870; x_wconf 87' lang='lat' dir='ltr'>humilitatem</span> <span class='ocrx_word' id='word_1_210' title='bbox 947 839 1037 874; x_wconf 87' lang='lat' dir='ltr'>queat</span> <span class='ocrx_word' id='word_1_211' title='bbox 1055 835 1166 864; x_wconf 84' lang='lat' dir='ltr'>altioris</span> <span class='ocrx_word' id='word_1_212' title='bbox 1181 834 1332 871; x_wconf 69' lang='lat' dir='ltr'>sapientiae</span> <span class='ocrx_word' id='word_1_213' title='bbox 1348 832 1478 861; x_wconf 83' lang='lat' dir='ltr'>rivulum</span> <span class='ocrx_word' id='word_1_214' title='bbox 1493 831 1625 860; x_wconf 77' lang='lat' dir='ltr'>derivare</span> <span class='ocrx_word' id='word_1_215' title='bbox 1640 839 1646 858; x_wconf 87' lang='lat'><strong>:</strong></span> <span class='ocrx_word' id='word_1_216' title='bbox 1663 831 1708 859; x_wconf 88' lang='lat' dir='ltr'>sin</span> <span class='ocrx_word' id='word_1_217' title='bbox 1724 838 1762 859; x_wconf 86' lang='lat' dir='ltr'>ne</span> <span class='ocrx_word' id='word_1_218' title='bbox 1780 831 1841 859; x_wconf 86' lang='lat' dir='ltr'>hoc</span> <span class='ocrx_word' id='word_1_219' title='bbox 1861 831 1934 867; x_wconf 50' lang='lat' dir='ltr'>qui.</span> 
     </span>
    </p>
   </div>
   <div class='ocr_carea' id='block_1_30' title="bbox 241 875 1932 928">
    <p class='ocr_par' dir='ltr' id='par_1_30' title="bbox 241 875 1932 928">
     <span class='ocr_line' id='line_1_30' title="bbox 241 875 1932 928; baseline -0.012 -6"><span class='ocrx_word' id='word_1_220' title='bbox 241 893 310 921; x_wconf 87' lang='lat' dir='ltr'>dem</span> <span class='ocrx_word' id='word_1_221' title='bbox 325 893 480 928; x_wconf 79' lang='lat' dir='ltr'>expectare</span> <span class='ocrx_word' id='word_1_222' title='bbox 495 889 628 920; x_wconf 84' lang='lat' dir='ltr'>sustinet,</span> <span class='ocrx_word' id='word_1_223' title='bbox 653 890 718 916; x_wconf 89' lang='lat' dir='ltr'>tum</span> <span class='ocrx_word' id='word_1_224' title='bbox 733 886 758 914; x_wconf 88' lang='lat' dir='ltr'>is</span> <span class='ocrx_word' id='word_1_225' title='bbox 772 889 951 914; x_wconf 88' lang='lat' dir='ltr'>arcanorum</span> <span class='ocrx_word' id='word_1_226' title='bbox 972 887 1145 910; x_wconf 88' lang='lat' dir='ltr'>sermonum</span> <span class='ocrx_word' id='word_1_227' title='bbox 1165 878 1307 914; x_wconf 86' lang='lat' dir='ltr'>indignus</span> <span class='ocrx_word' id='word_1_228' title='bbox 1321 875 1511 909; x_wconf 84' lang='lat' dir='ltr'>conscientia,</span> <span class='ocrx_word' id='word_1_229' title='bbox 1535 878 1568 904; x_wconf 88' lang='lat' dir='ltr'>ut</span> <span class='ocrx_word' id='word_1_230' title='bbox 1588 875 1724 912; x_wconf 87' lang='lat' dir='ltr'>impurus</span> <span class='ocrx_word' id='word_1_231' title='bbox 1738 882 1869 912; x_wconf 83' lang='lat' dir='ltr'>prorsus</span> <span class='ocrx_word' id='word_1_232' title='bbox 1895 881 1932 902; x_wconf 89' lang='lat' dir='ltr'>ac</span> 
     </span>
    </p>
   </div>
   <div class='ocr_carea' id='block_1_31' title="bbox 241 933 695 974">
    <p class='ocr_par' dir='ltr' id='par_1_31' title="bbox 241 933 695 974">
     <span class='ocr_line' id='line_1_31' title="bbox 241 933 695 974; baseline -0.013 -8"><span class='ocrx_word' id='word_1_233' title='bbox 241 937 387 974; x_wconf 85' lang='lat' dir='ltr'>profanus</span> <span class='ocrx_word' id='word_1_234' title='bbox 400 935 525 973; x_wconf 89' lang='lat' dir='ltr'>quidam</span> <span class='ocrx_word' id='word_1_235' title='bbox 539 933 695 962; x_wconf 85' lang='lat' dir='ltr'>habeatur.</span> 
     </span>
    </p>
   </div>
   <div class='ocr_carea' id='block_1_32' title="bbox 276 963 1074 1018">
    <p class='ocr_par' dir='ltr' id='par_1_32' title="bbox 276 963 1064 1018">
     <span class='ocr_line' id='line_1_32' title="bbox 276 963 1064 1018; baseline -0.015 -8"><span class='ocrx_word' id='word_1_236' title='bbox 276 963 456 1018; x_wconf 70' lang='lat' dir='ltr'>Principium</span> <span class='ocrx_word' id='word_1_237' title='bbox 470 987 560 1016; x_wconf 89' lang='lat' dir='ltr'>porro</span> <span class='ocrx_word' id='word_1_238' title='bbox 574 976 719 1006; x_wconf 86' lang='lat' dir='ltr'>sermonis</span> <span class='ocrx_word' id='word_1_239' title='bbox 734 975 811 1003; x_wconf 87' lang='lat' dir='ltr'>Deus</span> <span class='ocrx_word' id='word_1_240' title='bbox 825 973 851 1002; x_wconf 87' lang='lat' dir='ltr'>is</span> <span class='ocrx_word' id='word_1_241' title='bbox 865 972 927 1010; x_wconf 89' lang='lat' dir='ltr'>qui,</span> <span class='ocrx_word' id='word_1_242' title='bbox 948 974 981 1000; x_wconf 85' lang='lat' dir='ltr'>ut</span> <span class='ocrx_word' id='word_1_243' title='bbox 995 978 1064 999; x_wconf 87' lang='lat' dir='ltr'>cum</span> 
     </span>
    </p>
   </div>
   <div class='ocr_carea' id='block_1_33' title="bbox 1124 963 1931 1018">
    <p class='ocr_par' dir='ltr' id='par_1_33' title="bbox 1140 963 1931 1018">
     <span class='ocr_line' id='line_1_33' title="bbox 1156 963 1931 1006; baseline -0.009 -11"><span class='ocrx_word' id='word_1_244' title='bbox 1156 967 1241 1006; x_wconf 79' lang='grc' dir='ltr'>Ἀρχὴ</span> <span class='ocrx_word' id='word_1_245' title='bbox 1259 964 1288 994; x_wconf 66' lang='grc' dir='ltr'>δὲ</span> <span class='ocrx_word' id='word_1_246' title='bbox 1300 969 1345 993; x_wconf 82' lang='grc' dir='ltr'>τοῦ</span> <span class='ocrx_word' id='word_1_247' title='bbox 1359 966 1437 1002; x_wconf 82' lang='grc' dir='ltr'>λόγου</span> <span class='ocrx_word' id='word_1_248' title='bbox 1454 966 1529 1001; x_wconf 74' lang='grc' dir='ltr'>Θεὸς,</span> <span class='ocrx_word' id='word_1_249' title='bbox 1552 964 1579 996; x_wconf 84' lang='grc' dir='ltr'>ὃς</span> <span class='ocrx_word' id='word_1_250' title='bbox 1606 964 1658 991; x_wconf 72' lang='grc' dir='ltr'>οὔτ’</span> <span class='ocrx_word' id='word_1_251' title='bbox 1688 964 1778 1001; x_wconf 78' lang='grc' dir='ltr'>ἀρχὴν</span> <span class='ocrx_word' id='word_1_252' title='bbox 1806 963 1931 1001; x_wconf 69' lang='grc' dir='ltr'>ἡμερῶν,</span> 
     </span>
     <span class='ocr_line' id='line_1_34' title="bbox 1140 1006 1920 1018; baseline -0.005 0"><span class='ocrx_word' id='word_1_253' title='bbox 1140 1012 1369 1018; x_wconf 37' lang='grc' dir='ltr'>,μμρμ</span> <span class='ocrx_word' id='word_1_254' title='bbox 1508 1006 1920 1018; x_wconf 23' lang='grc' dir='ltr'>η...,.,.ν,ί.</span> 
     </span>
    </p>
   </div>
   <div class='ocr_carea' id='block_1_34' title="bbox 241 1006 1074 1062">
    <p class='ocr_par' dir='ltr' id='par_1_34' title="bbox 241 1006 1065 1062">
     <span class='ocr_line' id='line_1_35' title="bbox 241 1006 1065 1062; baseline -0.016 -7"><span class='ocrx_word' id='word_1_255' title='bbox 241 1006 388 1062; x_wconf 66' lang='lat' dir='ltr'>scriptura</span> <span class='ocrx_word' id='word_1_256' title='bbox 411 1006 529 1061; x_wconf 66' lang='lat' dir='ltr'>loqliar,</span> <span class='ocrx_word' id='word_1_257' title='bbox 555 1030 652 1059; x_wconf 90' lang='lat' dir='ltr'>neque</span> <span class='ocrx_word' id='word_1_258' title='bbox 674 1020 791 1049; x_wconf 92' lang='lat' dir='ltr'>initium</span> <span class='ocrx_word' id='word_1_259' title='bbox 814 1018 940 1052; x_wconf 90' lang='lat' dir='ltr'>dierum,</span> <span class='ocrx_word' id='word_1_260' title='bbox 957 1016 1065 1051; x_wconf 70' lang='lat' dir='ltr'>[nequc</span> 
     </span>
    </p>
   </div>
   <div class='ocr_carea' id='block_1_35' title="bbox 1124 1006 1931 1062">
    <p class='ocr_par' dir='ltr' id='par_1_35' title="bbox 1124 1006 1931 1047">
     <span class='ocr_line' id='line_1_36' title="bbox 1124 1006 1931 1047; baseline -0.009 -7"><span class='ocrx_word' id='word_1_261' title='bbox 1124 1014 1178 1040; x_wconf 69' lang='grc' dir='ltr'>οὔτε</span> <span class='ocrx_word' id='word_1_262' title='bbox 1191 1013 1261 1043; x_wconf 82' lang='grc' dir='ltr'>ζωῆς</span> <span class='ocrx_word' id='word_1_263' title='bbox 1276 1012 1347 1043; x_wconf 78' lang='grc' dir='ltr'>τελος</span> <span class='ocrx_word' id='word_1_264' title='bbox 1357 1013 1436 1047; x_wconf 73' lang='grc' dir='ltr'>ἔχων,</span> <span class='ocrx_word' id='word_1_265' title='bbox 1451 1012 1520 1037; x_wconf 84' lang='grc' dir='ltr'>κατά</span> <span class='ocrx_word' id='word_1_266' title='bbox 1528 1012 1576 1040; x_wconf 83' lang='grc' dir='ltr'>τὴν</span> <span class='ocrx_word' id='word_1_267' title='bbox 1597 1011 1700 1046; x_wconf 72' lang='grc' dir='ltr'>Γραφήν</span> <span class='ocrx_word' id='word_1_268' title='bbox 1717 1019 1724 1026; x_wconf 72' lang='grc' dir='ltr'>ι</span> <span class='ocrx_word' id='word_1_269' title='bbox 1753 1009 1788 1034; x_wconf 84' lang='grc' dir='ltr'>ὢν</span> <span class='ocrx_word' id='word_1_270' title='bbox 1819 1006 1850 1034; x_wconf 60' lang='grc' dir='ltr'><strong>δί</strong></span> <span class='ocrx_word' id='word_1_271' title='bbox 1876 1007 1931 1040; x_wconf 63' lang='grc' dir='ltr'>ἀεὶ,</span> 
     </span>
    </p>
   </div>
   <div class='ocr_carea' id='block_1_36' title="bbox 241 1061 1066 1102">
    <p class='ocr_par' dir='ltr' id='par_1_36' title="bbox 241 1061 1066 1102">
     <span class='ocr_line' id='line_1_37' title="bbox 241 1061 1066 1102; baseline -0.015 -3"><span class='ocrx_word' id='word_1_272' title='bbox 241 1061 333 1099; x_wconf 77' lang='lat' dir='ltr'>tinem</span> <span class='ocrx_word' id='word_1_273' title='bbox 346 1070 416 1098; x_wconf 67' lang='lat' dir='ltr'>vitae</span> <span class='ocrx_word' id='word_1_274' title='bbox 429 1069 531 1102; x_wconf 81' lang='lat' dir='ltr'>habet,</span> <span class='ocrx_word' id='word_1_275' title='bbox 547 1067 600 1096; x_wconf 89' lang='lat' dir='ltr'>sed</span> <span class='ocrx_word' id='word_1_276' title='bbox 614 1067 653 1094; x_wconf 85' lang='lat' dir='ltr'>ab</span> <span class='ocrx_word' id='word_1_277' title='bbox 677 1065 761 1093; x_wconf 89' lang='lat' dir='ltr'>omni</span> <span class='ocrx_word' id='word_1_278' title='bbox 776 1062 938 1091; x_wconf 81' lang='lat' dir='ltr'>aeternitate</span> <span class='ocrx_word' id='word_1_279' title='bbox 953 1061 983 1088; x_wconf 89' lang='lat' dir='ltr'>in</span> <span class='ocrx_word' id='word_1_280' title='bbox 998 1067 1066 1088; x_wconf 91' lang='lat' dir='ltr'>om-</span> 
     </span>
    </p>
   </div>
   <div class='ocr_carea' id='block_1_37' title="bbox 242 1104 1066 1150">
    <p class='ocr_par' dir='ltr' id='par_1_37' title="bbox 242 1104 1066 1150">
     <span class='ocr_line' id='line_1_38' title="bbox 242 1104 1066 1150; baseline -0.016 -7"><span class='ocrx_word' id='word_1_281' title='bbox 242 1123 312 1143; x_wconf 90' lang='lat' dir='ltr'>nem</span> <span class='ocrx_word' id='word_1_282' title='bbox 325 1113 554 1150; x_wconf 85' lang='lat' dir='ltr'>perpetuitatem</span> <span class='ocrx_word' id='word_1_283' title='bbox 568 1109 710 1146; x_wconf 90' lang='lat' dir='ltr'>temporis</span> <span class='ocrx_word' id='word_1_284' title='bbox 724 1113 842 1143; x_wconf 84' lang='lat' dir='ltr'>semper</span> <span class='ocrx_word' id='word_1_285' title='bbox 854 1107 908 1134; x_wconf 89' lang='lat' dir='ltr'>est.</span> <span class='ocrx_word' id='word_1_286' title='bbox 926 1104 982 1137; x_wconf 85' lang='lat' dir='ltr'>Qui</span> <span class='ocrx_word' id='word_1_287' title='bbox 997 1110 1066 1132; x_wconf 88' lang='lat' dir='ltr'>cum</span> 
     </span>
    </p>
   </div>
   <div class='ocr_carea' id='block_1_38' title="bbox 241 1150 1065 1191">
    <p class='ocr_par' dir='ltr' id='par_1_38' title="bbox 241 1150 1065 1191">
     <span class='ocr_line' id='line_1_39' title="bbox 241 1150 1065 1191; baseline -0.015 -4"><span class='ocrx_word' id='word_1_288' title='bbox 241 1159 341 1187; x_wconf 88' lang='lat' dir='ltr'>bonus</span> <span class='ocrx_word' id='word_1_289' title='bbox 364 1158 410 1191; x_wconf 89' lang='lat' dir='ltr'>sit,</span> <span class='ocrx_word' id='word_1_290' title='bbox 429 1158 489 1190; x_wconf 87' lang='lat' dir='ltr'>aut,</span> <span class='ocrx_word' id='word_1_291' title='bbox 517 1157 548 1183; x_wconf 90' lang='lat' dir='ltr'>ut</span> <span class='ocrx_word' id='word_1_292' title='bbox 566 1154 690 1191; x_wconf 89' lang='lat' dir='ltr'>propius</span> <span class='ocrx_word' id='word_1_293' title='bbox 714 1160 778 1180; x_wconf 90' lang='lat' dir='ltr'>rem</span> <span class='ocrx_word' id='word_1_294' title='bbox 797 1150 887 1179; x_wconf 89' lang='lat' dir='ltr'>verbo</span> <span class='ocrx_word' id='word_1_295' title='bbox 911 1156 1065 1185; x_wconf 83' lang='lat' dir='ltr'>assequar,</span> 
     </span>
    </p>
   </div>
   <div class='ocr_carea' id='block_1_39' title="bbox 241 1193 1068 1239">
    <p class='ocr_par' dir='ltr' id='par_1_39' title="bbox 241 1193 1068 1239">
     <span class='ocr_line' id='line_1_40' title="bbox 241 1193 1068 1239; baseline -0.016 -7"><span class='ocrx_word' id='word_1_296' title='bbox 241 1204 307 1239; x_wconf 90' lang='lat' dir='ltr'>ipsa</span> <span class='ocrx_word' id='word_1_297' title='bbox 317 1202 445 1236; x_wconf 87' lang='lat' dir='ltr'>bonitas,</span> <span class='ocrx_word' id='word_1_298' title='bbox 459 1203 487 1229; x_wconf 89' lang='lat' dir='ltr'>et</span> <span class='ocrx_word' id='word_1_299' title='bbox 495 1198 634 1236; x_wconf 83' lang='lat' dir='ltr'>perennis</span> <span class='ocrx_word' id='word_1_300' title='bbox 644 1195 784 1226; x_wconf 53' lang='lat' dir='ltr'>bonitatis</span> <span class='ocrx_word' id='word_1_301' title='bbox 798 1195 874 1230; x_wconf 87' lang='lat' dir='ltr'>fons,</span> <span class='ocrx_word' id='word_1_302' title='bbox 891 1193 993 1229; x_wconf 89' lang='lat' dir='ltr'>utique</span> <span class='ocrx_word' id='word_1_303' title='bbox 1006 1199 1068 1220; x_wconf 93' lang='lat' dir='ltr'>non</span> 
     </span>
    </p>
   </div>
   <div class='ocr_carea' id='block_1_40' title="bbox 244 1237 1067 1275">
    <p class='ocr_par' dir='ltr' id='par_1_40' title="bbox 244 1237 1067 1275">
     <span class='ocr_line' id='line_1_41' title="bbox 244 1237 1067 1275; baseline -0.013 0"><span class='ocrx_word' id='word_1_304' title='bbox 244 1237 347 1275; x_wconf 85' lang='lat' dir='ltr'>debuit</span> <span class='ocrx_word' id='word_1_305' title='bbox 370 1246 401 1273; x_wconf 88' lang='lat' dir='ltr'>in</span> <span class='ocrx_word' id='word_1_306' title='bbox 422 1244 580 1273; x_wconf 86' lang='lat' dir='ltr'>solitudine</span> <span class='ocrx_word' id='word_1_307' title='bbox 603 1248 826 1274; x_wconf 83' lang='lat' dir='ltr'>consenescere,</span> <span class='ocrx_word' id='word_1_308' title='bbox 852 1241 904 1267; x_wconf 86' lang='lat' dir='ltr'>aut</span> <span class='ocrx_word' id='word_1_309' title='bbox 925 1237 1067 1266; x_wconf 86' lang='lat' dir='ltr'>bonitatis</span> 
     </span>
    </p>
   </div>
   <div class='ocr_carea' id='block_1_41' title="bbox 243 1281 1069 1328">
    <p class='ocr_par' dir='ltr' id='par_1_41' title="bbox 243 1281 1069 1328">
     <span class='ocr_line' id='line_1_42' title="bbox 243 1281 1069 1328; baseline -0.013 -9"><span class='ocrx_word' id='word_1_310' title='bbox 243 1291 373 1328; x_wconf 73' lang='lat' dir='ltr'>propriae</span> <span class='ocrx_word' id='word_1_311' title='bbox 395 1289 507 1318; x_wconf 88' lang='lat' dir='ltr'>deliciis</span> <span class='ocrx_word' id='word_1_312' title='bbox 523 1287 602 1316; x_wconf 88' lang='lat' dir='ltr'>solus</span> <span class='ocrx_word' id='word_1_313' title='bbox 617 1285 684 1314; x_wconf 87' lang='lat' dir='ltr'>frui.</span> <span class='ocrx_word' id='word_1_314' title='bbox 705 1287 805 1320; x_wconf 87' lang='lat' dir='ltr'>Neque</span> <span class='ocrx_word' id='word_1_315' title='bbox 820 1283 900 1312; x_wconf 89' lang='lat' dir='ltr'>enim</span> <span class='ocrx_word' id='word_1_316' title='bbox 915 1281 946 1310; x_wconf 91' lang='lat' dir='ltr'>id</span> <span class='ocrx_word' id='word_1_317' title='bbox 961 1284 1069 1310; x_wconf 86' lang='lat' dir='ltr'>natura</span> 
     </span>
    </p>
   </div>
   <div class='ocr_carea' id='block_1_42' title="bbox 243 1325 1069 1370">
    <p class='ocr_par' dir='ltr' id='par_1_42' title="bbox 243 1325 1069 1370">
     <span class='ocr_line' id='line_1_43' title="bbox 243 1325 1069 1370; baseline -0.015 -6"><span class='ocrx_word' id='word_1_318' title='bbox 243 1325 317 1364; x_wconf 74' lang='lat' dir='ltr'>boni</span> <span class='ocrx_word' id='word_1_319' title='bbox 328 1334 449 1370; x_wconf 88' lang='lat' dir='ltr'>patitur,</span> <span class='ocrx_word' id='word_1_320' title='bbox 467 1340 497 1360; x_wconf 89' lang='lat' dir='ltr'>se</span> <span class='ocrx_word' id='word_1_321' title='bbox 510 1334 542 1360; x_wconf 92' lang='lat' dir='ltr'>ut</span> <span class='ocrx_word' id='word_1_322' title='bbox 556 1338 651 1360; x_wconf 89' lang='lat' dir='ltr'>unum</span> <span class='ocrx_word' id='word_1_323' title='bbox 666 1330 826 1363; x_wconf 87' lang='lat' dir='ltr'>intueatur,</span> <span class='ocrx_word' id='word_1_324' title='bbox 836 1334 934 1363; x_wconf 90' lang='lat' dir='ltr'>neque</span> <span class='ocrx_word' id='word_1_325' title='bbox 954 1326 1019 1361; x_wconf 87' lang='lat' dir='ltr'>ejus</span> <span class='ocrx_word' id='word_1_326' title='bbox 1038 1325 1069 1353; x_wconf 89' lang='lat' dir='ltr'>in</span> 
     </span>
    </p>
   </div>
   <div class='ocr_carea' id='block_1_43' title="bbox 244 1369 1070 1416">
    <p class='ocr_par' dir='ltr' id='par_1_43' title="bbox 244 1369 1070 1416">
     <span class='ocr_line' id='line_1_44' title="bbox 244 1369 1070 1416; baseline -0.015 -8"><span class='ocrx_word' id='word_1_327' title='bbox 244 1388 305 1416; x_wconf 90' lang='lat' dir='ltr'>quo</span> <span class='ocrx_word' id='word_1_328' title='bbox 321 1369 397 1407; x_wconf 77' lang='lat' dir='ltr'>inest</span> <span class='ocrx_word' id='word_1_329' title='bbox 411 1376 543 1406; x_wconf 83' lang='lat' dir='ltr'>utilitatis</span> <span class='ocrx_word' id='word_1_330' title='bbox 557 1375 619 1404; x_wconf 85' lang='lat' dir='ltr'>vim</span> <span class='ocrx_word' id='word_1_331' title='bbox 643 1371 859 1402; x_wconf 88' lang='lat' dir='ltr'>circumscribit</span> <span class='ocrx_word' id='word_1_332' title='bbox 873 1378 961 1399; x_wconf 88' lang='lat' dir='ltr'>suam</span> <span class='ocrx_word' id='word_1_333' title='bbox 980 1369 1070 1397; x_wconf 83' lang='lat' dir='ltr'>bene-</span> 
     </span>
    </p>
   </div>
   <div class='ocr_carea' id='block_1_44' title="bbox 243 1414 1070 1456">
    <p class='ocr_par' dir='ltr' id='par_1_44' title="bbox 243 1414 1070 1456">
     <span class='ocr_line' id='line_1_45' title="bbox 243 1414 1070 1456; baseline -0.015 -3"><span class='ocrx_word' id='word_1_334' title='bbox 243 1414 372 1453; x_wconf 71' lang='lat' dir='ltr'>ficentia.</span> <span class='ocrx_word' id='word_1_335' title='bbox 390 1423 548 1451; x_wconf 89' lang='lat' dir='ltr'>Summum</span> <span class='ocrx_word' id='word_1_336' title='bbox 568 1419 657 1456; x_wconf 82' lang='lat' dir='ltr'>igitur</span> <span class='ocrx_word' id='word_1_337' title='bbox 670 1418 786 1447; x_wconf 88' lang='lat' dir='ltr'>bonum</span> <span class='ocrx_word' id='word_1_338' title='bbox 801 1415 967 1453; x_wconf 87' lang='lat' dir='ltr'>oportebat,</span> <span class='ocrx_word' id='word_1_339' title='bbox 985 1414 1021 1442; x_wconf 87' lang='lat' dir='ltr'>ad</span> <span class='ocrx_word' id='word_1_340' title='bbox 1039 1420 1070 1442; x_wconf 87' lang='lat' dir='ltr'>se</span> 
     </span>
    </p>
   </div>
   <div class='ocr_carea' id='block_1_45' title="bbox 247 1458 1070 1501">
    <p class='ocr_par' dir='ltr' id='par_1_45' title="bbox 247 1458 1070 1501">
     <span class='ocr_line' id='line_1_46' title="bbox 247 1458 1070 1501; baseline -0.016 -3"><span class='ocrx_word' id='word_1_341' title='bbox 247 1467 433 1498; x_wconf 85' lang='lat' dir='ltr'>adducendis</span> <span class='ocrx_word' id='word_1_342' title='bbox 453 1468 482 1495; x_wconf 92' lang='lat' dir='ltr'>in</span> <span class='ocrx_word' id='word_1_343' title='bbox 507 1473 598 1501; x_wconf 90' lang='lat' dir='ltr'>seque</span> <span class='ocrx_word' id='word_1_344' title='bbox 622 1462 795 1498; x_wconf 79' lang='lat' dir='ltr'>colligendis</span> <span class='ocrx_word' id='word_1_345' title='bbox 815 1461 905 1489; x_wconf 82' lang='lat' dir='ltr'>rebus</span> <span class='ocrx_word' id='word_1_346' title='bbox 929 1458 1070 1488; x_wconf 89' lang='lat' dir='ltr'>omnibus</span> 
     </span>
    </p>
   </div>
   <div class='ocr_carea' id='block_1_46' title="bbox 247 1503 1069 1546">
    <p class='ocr_par' dir='ltr' id='par_1_46' title="bbox 247 1503 1069 1546">
     <span class='ocr_line' id='line_1_47' title="bbox 247 1503 1069 1546; baseline -0.015 -4"><span class='ocrx_word' id='word_1_347' title='bbox 247 1511 481 1542; x_wconf 82' lang='lat' dir='ltr'>redundantiam</span> <span class='ocrx_word' id='word_1_348' title='bbox 495 1509 674 1546; x_wconf 85' lang='lat' dir='ltr'>profusionis</span> <span class='ocrx_word' id='word_1_349' title='bbox 686 1515 747 1536; x_wconf 71' lang='lat' dir='ltr'>suae</span> <span class='ocrx_word' id='word_1_350' title='bbox 767 1505 930 1539; x_wconf 85' lang='lat' dir='ltr'>declarare,</span> <span class='ocrx_word' id='word_1_351' title='bbox 951 1503 1069 1532; x_wconf 87' lang='lat' dir='ltr'>institu-</span> 
     </span>
    </p>
   </div>
   <div class='ocr_carea' id='block_1_47' title="bbox 244 1547 1069 1594">
    <p class='ocr_par' dir='ltr' id='par_1_47' title="bbox 244 1547 1069 1594">
     <span class='ocr_line' id='line_1_48' title="bbox 244 1547 1069 1594; baseline -0.016 -7"><span class='ocrx_word' id='word_1_352' title='bbox 244 1560 372 1594; x_wconf 86' lang='lat' dir='ltr'>tumque</span> <span class='ocrx_word' id='word_1_353' title='bbox 385 1557 414 1584; x_wconf 92' lang='lat' dir='ltr'>in</span> <span class='ocrx_word' id='word_1_354' title='bbox 428 1563 463 1584; x_wconf 87' lang='lat' dir='ltr'>eo</span> <span class='ocrx_word' id='word_1_355' title='bbox 477 1557 590 1583; x_wconf 73' lang='lat' dir='ltr'>naturae</span> <span class='ocrx_word' id='word_1_356' title='bbox 614 1555 712 1581; x_wconf 90' lang='lat' dir='ltr'>tenere</span> <span class='ocrx_word' id='word_1_357' title='bbox 733 1551 862 1588; x_wconf 66' lang='lat' dir='ltr'>proprius</span> <span class='ocrx_word' id='word_1_358' title='bbox 880 1557 887 1578; x_wconf 91' lang='lat'><strong>:</strong></span> <span class='ocrx_word' id='word_1_359' title='bbox 908 1549 994 1584; x_wconf 91' lang='lat' dir='ltr'>cujus</span> <span class='ocrx_word' id='word_1_360' title='bbox 1007 1547 1069 1575; x_wconf 89' lang='lat' dir='ltr'>sin-</span> 
     </span>
    </p>
   </div>
   <div class='ocr_carea' id='block_1_48' title="bbox 245 1593 1069 1638">
    <p class='ocr_par' dir='ltr' id='par_1_48' title="bbox 245 1593 1069 1638">
     <span class='ocr_line' id='line_1_49' title="bbox 245 1593 1069 1638; baseline -0.015 -7"><span class='ocrx_word' id='word_1_361' title='bbox 245 1593 358 1638; x_wconf 73' lang='lat' dir='ltr'>gularis</span> <span class='ocrx_word' id='word_1_362' title='bbox 383 1601 481 1629; x_wconf 87' lang='lat' dir='ltr'>unitas</span> <span class='ocrx_word' id='word_1_363' title='bbox 510 1599 570 1628; x_wconf 90' lang='lat' dir='ltr'>vim</span> <span class='ocrx_word' id='word_1_364' title='bbox 596 1598 688 1626; x_wconf 88' lang='lat' dir='ltr'>habet</span> <span class='ocrx_word' id='word_1_365' title='bbox 719 1594 887 1624; x_wconf 87' lang='lat' dir='ltr'>mirabilem</span> <span class='ocrx_word' id='word_1_366' title='bbox 915 1593 946 1621; x_wconf 92' lang='lat' dir='ltr'>in</span> <span class='ocrx_word' id='word_1_367' title='bbox 973 1599 1069 1620; x_wconf 92' lang='lat' dir='ltr'>unum</span> 
     </span>
    </p>
   </div>
   <div class='ocr_carea' id='block_1_49' title="bbox 245 1636 1069 1679">
    <p class='ocr_par' dir='ltr' id='par_1_49' title="bbox 245 1636 1069 1679">
     <span class='ocr_line' id='line_1_50' title="bbox 245 1636 1069 1679; baseline -0.015 -3"><span class='ocrx_word' id='word_1_368' title='bbox 245 1636 348 1676; x_wconf 74' lang='lat' dir='ltr'>omnia</span> <span class='ocrx_word' id='word_1_369' title='bbox 363 1644 525 1674; x_wconf 89' lang='lat' dir='ltr'>conﬂandi.</span> <span class='ocrx_word' id='word_1_370' title='bbox 542 1643 611 1679; x_wconf 88' lang='lat' dir='ltr'>Ejus</span> <span class='ocrx_word' id='word_1_371' title='bbox 624 1642 725 1678; x_wconf 87' lang='lat' dir='ltr'>itaque</span> <span class='ocrx_word' id='word_1_372' title='bbox 737 1639 945 1669; x_wconf 85' lang='lat' dir='ltr'>conciliatione</span> <span class='ocrx_word' id='word_1_373' title='bbox 960 1636 1069 1665; x_wconf 79' lang='lat' dir='ltr'>ccelum</span> 
     </span>
    </p>
   </div>
   <div class='ocr_carea' id='block_1_50' title="bbox 246 1679 1070 1726">
    <p class='ocr_par' dir='ltr' id='par_1_50' title="bbox 246 1679 1070 1726">
     <span class='ocr_line' id='line_1_51' title="bbox 246 1679 1070 1726; baseline -0.016 -5"><span class='ocrx_word' id='word_1_374' title='bbox 246 1693 330 1720; x_wconf 67' lang='lat' dir='ltr'>terrm</span> <span class='ocrx_word' id='word_1_375' title='bbox 348 1689 541 1726; x_wconf 84' lang='lat' dir='ltr'>conjunctum</span> <span class='ocrx_word' id='word_1_376' title='bbox 563 1689 618 1716; x_wconf 88' lang='lat' dir='ltr'>est.</span> <span class='ocrx_word' id='word_1_377' title='bbox 635 1685 758 1718; x_wconf 74' lang='lat' dir='ltr'>Caelum,</span> <span class='ocrx_word' id='word_1_378' title='bbox 783 1683 918 1721; x_wconf 90' lang='lat' dir='ltr'>inquam,</span> <span class='ocrx_word' id='word_1_379' title='bbox 936 1681 998 1710; x_wconf 90' lang='lat' dir='ltr'>sive</span> <span class='ocrx_word' id='word_1_380' title='bbox 1017 1679 1070 1717; x_wconf 89' lang='lat' dir='ltr'>qui</span> 
     </span>
    </p>
   </div>
   <div class='ocr_carea' id='block_1_51' title="bbox 246 1725 1069 1770">
    <p class='ocr_par' dir='ltr' id='par_1_51' title="bbox 246 1725 1069 1770">
     <span class='ocr_line' id='line_1_52' title="bbox 246 1725 1069 1770; baseline -0.016 -5"><span class='ocrx_word' id='word_1_381' title='bbox 246 1736 304 1765; x_wconf 87' lang='lat' dir='ltr'>alio</span> <span class='ocrx_word' id='word_1_382' title='bbox 325 1725 422 1770; x_wconf 80' lang='lat' dir='ltr'>magis</span> <span class='ocrx_word' id='word_1_383' title='bbox 437 1733 558 1770; x_wconf 90' lang='lat' dir='ltr'>proprio</span> <span class='ocrx_word' id='word_1_384' title='bbox 586 1729 785 1768; x_wconf 87' lang='lat' dir='ltr'>appellandus</span> <span class='ocrx_word' id='word_1_385' title='bbox 800 1730 844 1756; x_wconf 88' lang='lat' dir='ltr'>est</span> <span class='ocrx_word' id='word_1_386' title='bbox 857 1726 979 1756; x_wconf 89' lang='lat' dir='ltr'>nomine</span> <span class='ocrx_word' id='word_1_387' title='bbox 1002 1725 1069 1753; x_wconf 88' lang='lat' dir='ltr'>uni-</span> 
     </span>
    </p>
   </div>
   <div class='ocr_carea' id='block_1_52' title="bbox 245 1769 1070 1812">
    <p class='ocr_par' dir='ltr' id='par_1_52' title="bbox 245 1769 1070 1812">
     <span class='ocr_line' id='line_1_53' title="bbox 245 1769 1070 1812; baseline -0.015 -3"><span class='ocrx_word' id='word_1_388' title='bbox 245 1788 349 1809; x_wconf 84' lang='lat' dir='ltr'>versus</span> <span class='ocrx_word' id='word_1_389' title='bbox 376 1769 450 1807; x_wconf 80' lang='lat' dir='ltr'>ordo</span> <span class='ocrx_word' id='word_1_390' title='bbox 477 1778 722 1812; x_wconf 86' lang='lat' dir='ltr'>incorporearum</span> <span class='ocrx_word' id='word_1_391' title='bbox 750 1772 905 1804; x_wconf 85' lang='lat' dir='ltr'>mentium,</span> <span class='ocrx_word' id='word_1_392' title='bbox 933 1770 971 1799; x_wconf 89' lang='lat' dir='ltr'>ab</span> <span class='ocrx_word' id='word_1_393' title='bbox 996 1769 1070 1798; x_wconf 83' lang='lat' dir='ltr'>anti-</span> 
     </span>
    </p>
   </div>
   <div class='ocr_carea' id='block_1_53' title="bbox 244 1814 1070 1861">
    <p class='ocr_par' dir='ltr' id='par_1_53' title="bbox 244 1814 1070 1861">
     <span class='ocr_line' id='line_1_54' title="bbox 244 1814 1070 1861; baseline -0.015 -8"><span class='ocrx_word' id='word_1_394' title='bbox 244 1823 401 1861; x_wconf 87' lang='lat' dir='ltr'>quioribus</span> <span class='ocrx_word' id='word_1_395' title='bbox 420 1820 566 1856; x_wconf 85' lang='lat' dir='ltr'>theologis</span> <span class='ocrx_word' id='word_1_396' title='bbox 589 1819 620 1847; x_wconf 89' lang='lat' dir='ltr'>in</span> <span class='ocrx_word' id='word_1_397' title='bbox 637 1820 695 1846; x_wconf 90' lang='lat' dir='ltr'>tres</span> <span class='ocrx_word' id='word_1_398' title='bbox 718 1815 902 1845; x_wconf 85' lang='lat' dir='ltr'>hierarchias</span> <span class='ocrx_word' id='word_1_399' title='bbox 926 1814 1070 1843; x_wconf 84' lang='lat' dir='ltr'>trifariam</span> 
     </span>
    </p>
   </div>
   <div class='ocr_carea' id='block_1_54' title="bbox 246 1859 1070 1898">
    <p class='ocr_par' dir='ltr' id='par_1_54' title="bbox 246 1859 1070 1898">
     <span class='ocr_line' id='line_1_55' title="bbox 246 1859 1070 1898; baseline -0.015 0"><span class='ocrx_word' id='word_1_400' title='bbox 246 1859 422 1897; x_wconf 81' lang='lat' dir='ltr'>distributus</span> <span class='ocrx_word' id='word_1_401' title='bbox 438 1869 493 1895; x_wconf 89' lang='lat' dir='ltr'>est.</span> <span class='ocrx_word' id='word_1_402' title='bbox 527 1864 625 1893; x_wconf 87' lang='lat' dir='ltr'>Prima</span> <span class='ocrx_word' id='word_1_403' title='bbox 646 1861 769 1898; x_wconf 87' lang='lat' dir='ltr'>quidem</span> <span class='ocrx_word' id='word_1_404' title='bbox 791 1860 926 1889; x_wconf 88' lang='lat' dir='ltr'>omnium</span> <span class='ocrx_word' id='word_1_405' title='bbox 946 1859 1010 1888; x_wconf 89' lang='lat' dir='ltr'>aliis</span> <span class='ocrx_word' id='word_1_406' title='bbox 1024 1866 1070 1887; x_wconf 91' lang='lat' dir='ltr'>or-</span> 
     </span>
    </p>
   </div>
   <div class='ocr_carea' id='block_1_55' title="bbox 245 1903 1070 1942">
    <p class='ocr_par' dir='ltr' id='par_1_55' title="bbox 245 1903 1070 1942">
     <span class='ocr_line' id='line_1_56' title="bbox 245 1903 1070 1942; baseline -0.015 1"><span class='ocrx_word' id='word_1_407' title='bbox 245 1913 314 1942; x_wconf 89' lang='lat' dir='ltr'>dine</span> <span class='ocrx_word' id='word_1_408' title='bbox 328 1913 449 1941; x_wconf 86' lang='lat' dir='ltr'>inferior</span> <span class='ocrx_word' id='word_1_409' title='bbox 461 1918 497 1938; x_wconf 81' lang='lat' dir='ltr'>ex</span> <span class='ocrx_word' id='word_1_410' title='bbox 510 1908 620 1937; x_wconf 85' lang='lat' dir='ltr'>sanctis</span> <span class='ocrx_word' id='word_1_411' title='bbox 632 1906 756 1941; x_wconf 83' lang='lat' dir='ltr'>angelis,</span> <span class='ocrx_word' id='word_1_412' title='bbox 781 1908 844 1933; x_wconf 89' lang='lat' dir='ltr'>tum</span> <span class='ocrx_word' id='word_1_413' title='bbox 864 1913 901 1933; x_wconf 85' lang='lat' dir='ltr'>ex</span> <span class='ocrx_word' id='word_1_414' title='bbox 918 1903 1070 1932; x_wconf 89' lang='lat' dir='ltr'>sanctiori-</span> 
     </span>
    </p>
   </div>
   <div class='ocr_carea' id='block_1_56' title="bbox 245 1947 1069 1990">
    <p class='ocr_par' dir='ltr' id='par_1_56' title="bbox 245 1947 1069 1990">
     <span class='ocr_line' id='line_1_57' title="bbox 245 1947 1069 1990; baseline -0.015 -3"><span class='ocrx_word' id='word_1_415' title='bbox 245 1957 302 1986; x_wconf 90' lang='lat' dir='ltr'>bus</span> <span class='ocrx_word' id='word_1_416' title='bbox 332 1954 534 1990; x_wconf 83' lang='lat' dir='ltr'>Archangelis.</span> <span class='ocrx_word' id='word_1_417' title='bbox 571 1951 702 1988; x_wconf 89' lang='lat' dir='ltr'>Denique</span> <span class='ocrx_word' id='word_1_418' title='bbox 737 1958 773 1978; x_wconf 81' lang='lat' dir='ltr'>ex</span> <span class='ocrx_word' id='word_1_419' title='bbox 812 1947 1069 1985; x_wconf 79' lang='lat' dir='ltr'>preestantioribus</span> 
     </span>
    </p>
   </div>
   <div class='ocr_carea' id='block_1_57' title="bbox 246 1992 1070 2038">
    <p class='ocr_par' dir='ltr' id='par_1_57' title="bbox 246 1992 1070 2038">
     <span class='ocr_line' id='line_1_58' title="bbox 246 1992 1070 2038; baseline -0.013 -7"><span class='ocrx_word' id='word_1_420' title='bbox 246 2003 378 2038; x_wconf 88' lang='lat' dir='ltr'>utrisque</span> <span class='ocrx_word' id='word_1_421' title='bbox 393 2000 450 2028; x_wconf 86' lang='lat' dir='ltr'>illis</span> <span class='ocrx_word' id='word_1_422' title='bbox 479 1996 697 2032; x_wconf 84' lang='lat' dir='ltr'>Principatibus</span> <span class='ocrx_word' id='word_1_423' title='bbox 722 1994 870 2022; x_wconf 88' lang='lat' dir='ltr'>concinna</span> <span class='ocrx_word' id='word_1_424' title='bbox 894 1992 1070 2029; x_wconf 76' lang='lat' dir='ltr'>gradatione</span> 
     </span>
    </p>
   </div>
   <div class='ocr_carea' id='block_1_58' title="bbox 246 2038 1070 2076">
    <p class='ocr_par' dir='ltr' id='par_1_58' title="bbox 246 2038 1070 2076">
     <span class='ocr_line' id='line_1_59' title="bbox 246 2038 1070 2076; baseline -0.015 0"><span class='ocrx_word' id='word_1_425' title='bbox 246 2047 419 2076; x_wconf 87' lang='lat' dir='ltr'>continuata</span> <span class='ocrx_word' id='word_1_426' title='bbox 432 2042 506 2071; x_wconf 85' lang='lat' dir='ltr'>serie</span> <span class='ocrx_word' id='word_1_427' title='bbox 528 2040 724 2069; x_wconf 86' lang='lat' dir='ltr'>constituitur.</span> <span class='ocrx_word' id='word_1_428' title='bbox 741 2039 839 2067; x_wconf 87' lang='lat' dir='ltr'>Altera</span> <span class='ocrx_word' id='word_1_429' title='bbox 854 2045 924 2066; x_wconf 89' lang='lat' dir='ltr'>vero</span> <span class='ocrx_word' id='word_1_430' title='bbox 936 2038 989 2065; x_wconf 87' lang='lat' dir='ltr'>hac</span> <span class='ocrx_word' id='word_1_431' title='bbox 1002 2044 1070 2073; x_wconf 89' lang='lat' dir='ltr'>pro-</span> 
     </span>
    </p>
   </div>
   <div class='ocr_carea' id='block_1_59' title="bbox 245 2081 1071 2126">
    <p class='ocr_par' dir='ltr' id='par_1_59' title="bbox 245 2081 1071 2126">
     <span class='ocr_line' id='line_1_60' title="bbox 245 2081 1071 2126; baseline -0.016 -5"><span class='ocrx_word' id='word_1_432' title='bbox 245 2092 324 2120; x_wconf 84' lang='lat' dir='ltr'>xime</span> <span class='ocrx_word' id='word_1_433' title='bbox 338 2088 473 2126; x_wconf 89' lang='lat' dir='ltr'>superior</span> <span class='ocrx_word' id='word_1_434' title='bbox 495 2094 530 2114; x_wconf 82' lang='lat' dir='ltr'>ex</span> <span class='ocrx_word' id='word_1_435' title='bbox 557 2084 680 2113; x_wconf 82' lang='lat' dir='ltr'>excelsis</span> <span class='ocrx_word' id='word_1_436' title='bbox 703 2082 910 2116; x_wconf 87' lang='lat' dir='ltr'>Potestalibus,</span> <span class='ocrx_word' id='word_1_437' title='bbox 931 2081 1071 2110; x_wconf 75' lang='lat' dir='ltr'>excelsio-</span> 
     </span>
    </p>
   </div>
   <div class='ocr_carea' id='block_1_60' title="bbox 246 2126 1070 2166">
    <p class='ocr_par' dir='ltr' id='par_1_60' title="bbox 246 2126 1070 2166">
     <span class='ocr_line' id='line_1_61' title="bbox 246 2126 1070 2166; baseline -0.015 -1"><span class='ocrx_word' id='word_1_438' title='bbox 246 2137 329 2165; x_wconf 91' lang='lat' dir='ltr'>ribus</span> <span class='ocrx_word' id='word_1_439' title='bbox 344 2132 517 2165; x_wconf 86' lang='lat' dir='ltr'>Virtutibus,</span> <span class='ocrx_word' id='word_1_440' title='bbox 533 2132 562 2158; x_wconf 87' lang='lat' dir='ltr'>et</span> <span class='ocrx_word' id='word_1_441' title='bbox 578 2129 709 2166; x_wconf 87' lang='lat' dir='ltr'>utrisque</span> <span class='ocrx_word' id='word_1_442' title='bbox 729 2128 792 2156; x_wconf 89' lang='lat' dir='ltr'>istis</span> <span class='ocrx_word' id='word_1_443' title='bbox 805 2127 954 2164; x_wconf 85' lang='lat' dir='ltr'>prioribus</span> <span class='ocrx_word' id='word_1_444' title='bbox 973 2126 1070 2161; x_wconf 87' lang='lat' dir='ltr'>digni-</span> 
     </span>
    </p>
   </div>
   <div class='ocr_carea' id='block_1_61' title="bbox 247 2171 1071 2209">
    <p class='ocr_par' dir='ltr' id='par_1_61' title="bbox 247 2171 1071 2209">
     <span class='ocr_line' id='line_1_62' title="bbox 247 2171 1071 2209; baseline -0.015 0"><span class='ocrx_word' id='word_1_445' title='bbox 247 2180 314 2209; x_wconf 89' lang='lat' dir='ltr'>tatis</span> <span class='ocrx_word' id='word_1_446' title='bbox 330 2178 434 2207; x_wconf 91' lang='lat' dir='ltr'>ordine</span> <span class='ocrx_word' id='word_1_447' title='bbox 449 2174 708 2203; x_wconf 89' lang='lat' dir='ltr'>Dominationibus</span> <span class='ocrx_word' id='word_1_448' title='bbox 731 2173 807 2200; x_wconf 90' lang='lat' dir='ltr'>inter</span> <span class='ocrx_word' id='word_1_449' title='bbox 823 2179 854 2199; x_wconf 89' lang='lat' dir='ltr'>se</span> <span class='ocrx_word' id='word_1_450' title='bbox 882 2171 1010 2199; x_wconf 86' lang='lat' dir='ltr'>invicem</span> <span class='ocrx_word' id='word_1_451' title='bbox 1025 2177 1071 2198; x_wconf 89' lang='lat' dir='ltr'>or-</span> 
     </span>
    </p>
   </div>
   <div class='ocr_carea' id='block_1_62' title="bbox 246 2215 1071 2252">
    <p class='ocr_par' dir='ltr' id='par_1_62' title="bbox 246 2215 1071 2252">
     <span class='ocr_line' id='line_1_63' title="bbox 246 2215 1071 2252; baseline -0.013 0"><span class='ocrx_word' id='word_1_452' title='bbox 246 2223 357 2252; x_wconf 89' lang='lat' dir='ltr'>dinatis</span> <span class='ocrx_word' id='word_1_453' title='bbox 372 2222 497 2249; x_wconf 85' lang='lat' dir='ltr'>constat.</span> <span class='ocrx_word' id='word_1_454' title='bbox 523 2219 617 2247; x_wconf 88' lang='lat' dir='ltr'>Tertia</span> <span class='ocrx_word' id='word_1_455' title='bbox 641 2218 763 2246; x_wconf 90' lang='lat' dir='ltr'>demum</span> <span class='ocrx_word' id='word_1_456' title='bbox 789 2224 858 2252; x_wconf 70' lang='lat' dir='ltr'>qum</span> <span class='ocrx_word' id='word_1_457' title='bbox 882 2217 911 2243; x_wconf 90' lang='lat' dir='ltr'>et</span> <span class='ocrx_word' id='word_1_458' title='bbox 934 2215 1071 2243; x_wconf 92' lang='lat' dir='ltr'>omnium</span> 
     </span>
    </p>
   </div>
   <div class='ocr_carea' id='block_1_63' title="bbox 248 2260 1067 2304">
    <p class='ocr_par' dir='ltr' id='par_1_63' title="bbox 248 2260 1067 2304">
     <span class='ocr_line' id='line_1_64' title="bbox 248 2260 1067 2304; baseline -0.013 -7"><span class='ocrx_word' id='word_1_459' title='bbox 248 2275 390 2304; x_wconf 85' lang='lat' dir='ltr'>suprema</span> <span class='ocrx_word' id='word_1_460' title='bbox 404 2265 511 2302; x_wconf 88' lang='lat' dir='ltr'>triplici</span> <span class='ocrx_word' id='word_1_461' title='bbox 531 2264 602 2292; x_wconf 89' lang='lat' dir='ltr'>item</span> <span class='ocrx_word' id='word_1_462' title='bbox 624 2262 729 2292; x_wconf 87' lang='lat' dir='ltr'>ordine</span> <span class='ocrx_word' id='word_1_463' title='bbox 741 2261 905 2290; x_wconf 82' lang='lat' dir='ltr'>conﬁcitur.</span> <span class='ocrx_word' id='word_1_464' title='bbox 933 2260 1067 2288; x_wconf 88' lang='lat' dir='ltr'>Primum</span> 
     </span>
    </p>
   </div>
   <div class='ocr_carea' id='block_1_64' title="bbox 247 2304 1072 2344">
    <p class='ocr_par' dir='ltr' id='par_1_64' title="bbox 247 2304 1072 2344">
     <span class='ocr_line' id='line_1_65' title="bbox 247 2304 1072 2344; baseline -0.012 -2"><span class='ocrx_word' id='word_1_465' title='bbox 247 2321 354 2342; x_wconf 90' lang='lat' dir='ltr'>eorum</span> <span class='ocrx_word' id='word_1_466' title='bbox 384 2310 555 2339; x_wconf 87' lang='lat' dir='ltr'>divinorum</span> <span class='ocrx_word' id='word_1_467' title='bbox 613 2308 773 2344; x_wconf 88' lang='lat' dir='ltr'>spirituum</span> <span class='ocrx_word' id='word_1_468' title='bbox 796 2306 849 2342; x_wconf 88' lang='lat' dir='ltr'>qui</span> <span class='ocrx_word' id='word_1_469' title='bbox 881 2304 1072 2341; x_wconf 88' lang='lat' dir='ltr'>appellantur</span> 
     </span>
    </p>
   </div>
   <div class='ocr_carea' id='block_1_65' title="bbox 246 2343 1109 2392">
    <p class='ocr_par' dir='ltr' id='par_1_65' title="bbox 246 2343 1109 2392">
     <span class='ocr_line' id='line_1_66' title="bbox 246 2343 1109 2392; baseline -0.012 -6"><span class='ocrx_word' id='word_1_470' title='bbox 246 2357 364 2392; x_wconf 87' lang='lat' dir='ltr'>Throni,</span> <span class='ocrx_word' id='word_1_471' title='bbox 378 2355 560 2384; x_wconf 88' lang='lat' dir='ltr'>diviniorum</span> <span class='ocrx_word' id='word_1_472' title='bbox 573 2343 681 2380; x_wconf 83' lang='lat' dir='ltr'>deinde</span> <span class='ocrx_word' id='word_1_473' title='bbox 697 2350 855 2379; x_wconf 90' lang='lat' dir='ltr'>Cherubim</span> <span class='ocrx_word' id='word_1_474' title='bbox 878 2359 885 2384; x_wconf 88' lang='lat'><strong>;</strong></span> <span class='ocrx_word' id='word_1_475' title='bbox 919 2352 1072 2386; x_wconf 89' lang='lat' dir='ltr'>postremo</span> <span class='ocrx_word' id='word_1_476' title='bbox 1088 2343 1109 2370; x_wconf 80' lang='grc' dir='ltr'>Π</span> 
     </span>
    </p>
   </div>
   <div class='ocr_carea' id='block_1_66' title="bbox 246 2394 1071 2435">
    <p class='ocr_par' dir='ltr' id='par_1_66' title="bbox 246 2394 1071 2435">
     <span class='ocr_line' id='line_1_67' title="bbox 246 2394 1071 2435; baseline -0.013 -3"><span class='ocrx_word' id='word_1_477' title='bbox 246 2402 278 2432; x_wconf 89' lang='lat' dir='ltr'>in</span> <span class='ocrx_word' id='word_1_478' title='bbox 289 2404 349 2431; x_wconf 88' lang='lat' dir='ltr'>toto</span> <span class='ocrx_word' id='word_1_479' title='bbox 372 2401 428 2429; x_wconf 91' lang='lat' dir='ltr'>isto</span> <span class='ocrx_word' id='word_1_480' title='bbox 452 2405 559 2435; x_wconf 83' lang='lat' dir='ltr'>genere</span> <span class='ocrx_word' id='word_1_481' title='bbox 604 2396 861 2424; x_wconf 87' lang='lat' dir='ltr'>divinissimorum</span> <span class='ocrx_word' id='word_1_482' title='bbox 905 2394 1071 2430; x_wconf 86' lang='lat' dir='ltr'>Seraphim.</span> 
     </span>
    </p>
   </div>
   <div class='ocr_carea' id='block_1_67' title="bbox 247 2439 1072 2479">
    <p class='ocr_par' dir='ltr' id='par_1_67' title="bbox 247 2439 1072 2479">
     <span class='ocr_line' id='line_1_68' title="bbox 247 2439 1072 2479; baseline -0.015 -2"><span class='ocrx_word' id='word_1_483' title='bbox 247 2448 346 2477; x_wconf 90' lang='lat' dir='ltr'>Prima</span> <span class='ocrx_word' id='word_1_484' title='bbox 364 2445 502 2475; x_wconf 90' lang='lat' dir='ltr'>omnium</span> <span class='ocrx_word' id='word_1_485' title='bbox 516 2442 686 2479; x_wconf 80' lang='lat' dir='ltr'>proximam</span> <span class='ocrx_word' id='word_1_486' title='bbox 703 2441 900 2476; x_wconf 84' lang='lat' dir='ltr'>intimamque</span> <span class='ocrx_word' id='word_1_487' title='bbox 922 2439 1072 2475; x_wconf 71' lang='lat' dir='ltr'>primariae</span> 
     </span>
    </p>
   </div>
   <div class='ocr_carea' id='block_1_68' title="bbox 247 2483 1070 2526">
    <p class='ocr_par' dir='ltr' id='par_1_68' title="bbox 247 2483 1070 2526">
     <span class='ocr_line' id='line_1_69' title="bbox 247 2483 1070 2526; baseline -0.013 -4"><span class='ocrx_word' id='word_1_488' title='bbox 247 2492 388 2522; x_wconf 87' lang='lat' dir='ltr'>bonitatis</span> <span class='ocrx_word' id='word_1_489' title='bbox 403 2487 662 2526; x_wconf 85' lang='lat' dir='ltr'>participationem</span> <span class='ocrx_word' id='word_1_490' title='bbox 673 2485 754 2513; x_wconf 92' lang='lat' dir='ltr'>ducit</span> <span class='ocrx_word' id='word_1_491' title='bbox 770 2494 776 2513; x_wconf 89' lang='lat'><strong>:</strong></span> <span class='ocrx_word' id='word_1_492' title='bbox 798 2492 893 2521; x_wconf 88' lang='lat' dir='ltr'>eaque</span> <span class='ocrx_word' id='word_1_493' title='bbox 911 2483 1070 2520; x_wconf 84' lang='lat' dir='ltr'>perficitur.</span> 
     </span>
    </p>
   </div>
   <div class='ocr_carea' id='block_1_69' title="bbox 248 2528 1073 2571">
    <p class='ocr_par' dir='ltr' id='par_1_69' title="bbox 248 2528 1073 2571">
     <span class='ocr_line' id='line_1_70' title="bbox 248 2528 1073 2571; baseline -0.015 -4"><span class='ocrx_word' id='word_1_494' title='bbox 248 2540 321 2567; x_wconf 89' lang='lat' dir='ltr'>Tum</span> <span class='ocrx_word' id='word_1_495' title='bbox 345 2535 436 2571; x_wconf 90' lang='lat' dir='ltr'>hujus</span> <span class='ocrx_word' id='word_1_496' title='bbox 464 2532 620 2567; x_wconf 79' lang='lat' dir='ltr'>fulgurans</span> <span class='ocrx_word' id='word_1_497' title='bbox 650 2530 740 2559; x_wconf 88' lang='lat' dir='ltr'>radiis</span> <span class='ocrx_word' id='word_1_498' title='bbox 765 2530 796 2557; x_wconf 93' lang='lat' dir='ltr'>in</span> <span class='ocrx_word' id='word_1_499' title='bbox 829 2528 904 2557; x_wconf 90' lang='lat' dir='ltr'>alios</span> <span class='ocrx_word' id='word_1_500' title='bbox 932 2528 1073 2565; x_wconf 90' lang='lat' dir='ltr'>deinceps</span> 
     </span>
    </p>
   </div>
   <div class='ocr_carea' id='block_1_70' title="bbox 249 2573 1073 2619">
    <p class='ocr_par' dir='ltr' id='par_1_70' title="bbox 249 2573 1073 2619">
     <span class='ocr_line' id='line_1_71' title="bbox 249 2573 1073 2619; baseline -0.015 -7"><span class='ocrx_word' id='word_1_501' title='bbox 249 2583 451 2619; x_wconf 72' lang='lat' dir='ltr'>subiectarum</span> <span class='ocrx_word' id='word_1_502' title='bbox 469 2576 705 2606; x_wconf 87' lang='lat' dir='ltr'>bierarchiarum</span> <span class='ocrx_word' id='word_1_503' title='bbox 725 2574 844 2603; x_wconf 88' lang='lat' dir='ltr'>ordines</span> <span class='ocrx_word' id='word_1_504' title='bbox 869 2573 1012 2602; x_wconf 85' lang='lat' dir='ltr'>haustum</span> <span class='ocrx_word' id='word_1_505' title='bbox 1037 2580 1073 2601; x_wconf 86' lang='lat' dir='ltr'>ex</span> 
     </span>
    </p>
   </div>
   <div class='ocr_carea' id='block_1_71' title="bbox 285 2663 1074 2736">
    <p class='ocr_par' dir='ltr' id='par_1_71' title="bbox 285 2663 1074 2736">
     <span class='ocr_line' id='line_1_72' title="bbox 285 2663 1074 2736; baseline -0.008 -38"><span class='ocrx_word' id='word_1_506' title='bbox 285 2673 323 2736; x_wconf 63' lang='lat'>(12)</span> <span class='ocrx_word' id='word_1_507' title='bbox 336 2673 393 2699; x_wconf 83' lang='grc' dir='ltr'>Μία</span> <span class='ocrx_word' id='word_1_508' title='bbox 417 2669 461 2705; x_wconf 62' lang='grc' dir='ltr'>μὲν</span> <span class='ocrx_word' id='word_1_509' title='bbox 487 2671 536 2693; x_wconf 84' lang='grc' dir='ltr'>τῶν</span> <span class='ocrx_word' id='word_1_510' title='bbox 566 2666 657 2693; x_wconf 75' lang='grc' dir='ltr'>ἄλλων.</span> <span class='ocrx_word' id='word_1_511' title='bbox 683 2667 739 2692; x_wconf 81' lang='grc' dir='ltr'>Μία</span> <span class='ocrx_word' id='word_1_512' title='bbox 760 2664 818 2692; x_wconf 86' lang='lat' dir='ltr'>hoc</span> <span class='ocrx_word' id='word_1_513' title='bbox 850 2663 917 2691; x_wconf 94' lang='lat' dir='ltr'>loco</span> <span class='ocrx_word' id='word_1_514' title='bbox 942 2663 1074 2699; x_wconf 87' lang='lat' dir='ltr'>primam</span> 
     </span>
     <span class='ocr_line' id='line_1_73' title="bbox 285 2699 1074 2736; baseline -0.013 0"><span class='ocrx_word' id='word_1_515' title='bbox 285 2711 328 2736; x_wconf 83' lang='lat' dir='ltr'>et</span> <span class='ocrx_word' id='word_1_516' title='bbox 345 2716 351 2735; x_wconf 88' lang='lat'><strong>:</strong></span> <span class='ocrx_word' id='word_1_517' title='bbox 367 2705 450 2736; x_wconf 79' lang='lat' dir='ltr'>quod</span> <span class='ocrx_word' id='word_1_518' title='bbox 461 2702 603 2736; x_wconf 83' lang='lat' dir='ltr'>exemplis</span> <span class='ocrx_word' id='word_1_519' title='bbox 628 2709 664 2730; x_wconf 81' lang='lat' dir='ltr'>ex</span> <span class='ocrx_word' id='word_1_520' title='bbox 688 2700 811 2736; x_wconf 75' lang='lat' dir='ltr'>Hebraea</span> <span class='ocrx_word' id='word_1_521' title='bbox 825 2699 991 2736; x_wconf 65' lang='lat' dir='ltr'>Graecaque</span> <span class='ocrx_word' id='word_1_522' title='bbox 1019 2699 1074 2736; x_wconf 83' lang='lat' dir='ltr'>lin-</span> 
     </span>
    </p>
   </div>
   <div class='ocr_carea' id='block_1_72' title="bbox 248 2699 1074 2743">
    <p class='ocr_par' dir='ltr' id='par_1_72' title="bbox 248 2699 1074 2743">
     <span class='ocr_line' id='line_1_74' title="bbox 248 2699 1074 2743; baseline -0.016 -7"><span class='ocrx_word' id='word_1_523' title='bbox 248 2699 328 2738; x_wconf 64' lang='lat' dir='ltr'>vaie&#39;t</span> <span class='ocrx_word' id='word_1_524' title='bbox 345 2716 351 2735; x_wconf 87' lang='lat'>:</span> <span class='ocrx_word' id='word_1_525' title='bbox 367 2699 450 2743; x_wconf 81' lang='lat' dir='ltr'>quod</span> <span class='ocrx_word' id='word_1_526' title='bbox 461 2702 603 2743; x_wconf 53' lang='lat' dir='ltr'>enemplis</span> <span class='ocrx_word' id='word_1_527' title='bbox 628 2709 672 2743; x_wconf 37' lang='lat' dir='ltr'>ex.</span> <span class='ocrx_word' id='word_1_528' title='bbox 688 2700 811 2743; x_wconf 59' lang='lat' dir='ltr'>Hebraea</span> <span class='ocrx_word' id='word_1_529' title='bbox 825 2699 991 2743; x_wconf 53' lang='lat' dir='ltr'>‘Grzecaqne</span> <span class='ocrx_word' id='word_1_530' title='bbox 1019 2699 1074 2743; x_wconf 63' lang='lat' dir='ltr'>lin.</span> 
     </span>
    </p>
   </div>
   <div class='ocr_carea' id='block_1_73' title="bbox 250 2734 1074 2780">
    <p class='ocr_par' dir='ltr' id='par_1_73' title="bbox 250 2734 1074 2780">
     <span class='ocr_line' id='line_1_75' title="bbox 250 2734 1074 2780; baseline -0.01 -8"><span class='ocrx_word' id='word_1_531' title='bbox 250 2734 421 2780; x_wconf 47' lang='lat' dir='ltr'>ganeae?</span> <span class='ocrx_word' id='word_1_532' title='bbox 433 2739 517 2769; x_wconf 87' lang='lat' dir='ltr'>multi</span> <span class='ocrx_word' id='word_1_533' title='bbox 538 2734 690 2780; x_wconf 51' lang='grc' dir='ltr'>είξιτιιιιξιιΖ</span> <span class='ocrx_word' id='word_1_534' title='bbox 706 2735 773 2780; x_wconf 62' lang='lat' dir='ltr'>uini</span> <span class='ocrx_word' id='word_1_535' title='bbox 784 2734 901 2780; x_wconf 62' lang='lat' dir='ltr'>videtur</span> <span class='ocrx_word' id='word_1_536' title='bbox 928 2734 1018 2764; x_wconf 74' lang='lat' dir='ltr'>etiam</span> <span class='ocrx_word' id='word_1_537' title='bbox 1032 2735 1074 2764; x_wconf 76' lang='lat' dir='ltr'>lo~</span> 
     </span>
    </p>
   </div>
   <div class='ocr_carea' id='block_1_74' title="bbox 250 2770 940 2809">
    <p class='ocr_par' dir='ltr' id='par_1_74' title="bbox 250 2770 940 2809">
     <span class='ocr_line' id='line_1_76' title="bbox 250 2770 940 2809; baseline -0.016 -1"><span class='ocrx_word' id='word_1_538' title='bbox 250 2770 339 2809; x_wconf 52' lang='lat' dir='ltr'>aliis</span> <span class='ocrx_word' id='word_1_539' title='bbox 355 2777 394 2807; x_wconf 82' lang='lat' dir='ltr'>ad</span> <span class='ocrx_word' id='word_1_540' title='bbox 407 2777 487 2806; x_wconf 89' lang='lat' dir='ltr'>hunc</span> <span class='ocrx_word' id='word_1_541' title='bbox 501 2774 628 2805; x_wconf 88' lang='lat' dir='ltr'>modum</span> <span class='ocrx_word' id='word_1_542' title='bbox 641 2771 785 2807; x_wconf 87' lang='lat' dir='ltr'>Catullus,</span> <span class='ocrx_word' id='word_1_543' title='bbox 799 2770 894 2807; x_wconf 89' lang='lat' dir='ltr'>epigr.</span> <span class='ocrx_word' id='word_1_544' title='bbox 912 2779 940 2799; x_wconf 68' lang='grc' dir='ltr'>ις</span> 
     </span>
    </p>
   </div>
   <div class='ocr_carea' id='block_1_75' title="bbox 1121 1052 1933 1092">
    <p class='ocr_par' dir='ltr' id='par_1_75' title="bbox 1121 1052 1933 1092">
     <span class='ocr_line' id='line_1_77' title="bbox 1121 1052 1933 1092; baseline -0.009 -8"><span class='ocrx_word' id='word_1_545' title='bbox 1121 1055 1212 1086; x_wconf 81' lang='grc' dir='ltr'>ἐπειδὴ</span> <span class='ocrx_word' id='word_1_546' title='bbox 1234 1056 1330 1092; x_wconf 78' lang='grc' dir='ltr'>ἀγαθὸς</span> <span class='ocrx_word' id='word_1_547' title='bbox 1357 1054 1398 1089; x_wconf 79' lang='grc' dir='ltr'>ἧν,</span> <span class='ocrx_word' id='word_1_548' title='bbox 1427 1056 1442 1085; x_wconf 80' lang='grc' dir='ltr'><strong>ἣ</strong></span> <span class='ocrx_word' id='word_1_549' title='bbox 1471 1057 1528 1091; x_wconf 82' lang='grc' dir='ltr'>τόγε</span> <span class='ocrx_word' id='word_1_550' title='bbox 1557 1053 1661 1091; x_wconf 68' lang='grc' dir='ltr'>ἀκριϐὲς</span> <span class='ocrx_word' id='word_1_551' title='bbox 1685 1053 1776 1088; x_wconf 72' lang='grc' dir='ltr'>εἰπεῖν,</span> <span class='ocrx_word' id='word_1_552' title='bbox 1808 1052 1933 1088; x_wconf 52' lang='lat'>«7.17271-</span> 
     </span>
    </p>
   </div>
   <div class='ocr_carea' id='block_1_76' title="bbox 1122 1097 1934 1136">
    <p class='ocr_par' dir='ltr' id='par_1_76' title="bbox 1122 1097 1934 1136">
     <span class='ocr_line' id='line_1_78' title="bbox 1122 1097 1934 1136; baseline -0.007 -8"><span class='ocrx_word' id='word_1_553' title='bbox 1122 1103 1210 1136; x_wconf 73' lang='grc' dir='ltr'>θύτης,</span> <span class='ocrx_word' id='word_1_554' title='bbox 1230 1103 1274 1127; x_wconf 83' lang='grc' dir='ltr'>καὶ</span> <span class='ocrx_word' id='word_1_555' title='bbox 1289 1100 1448 1130; x_wconf 74' lang='grc' dir='ltr'>ἀνέκλειπτος</span> <span class='ocrx_word' id='word_1_556' title='bbox 1473 1099 1635 1135; x_wconf 79' lang='grc' dir='ltr'>ἁγαθότητος</span> <span class='ocrx_word' id='word_1_557' title='bbox 1659 1100 1743 1134; x_wconf 70' lang='grc' dir='ltr'>πηγὴ,</span> <span class='ocrx_word' id='word_1_558' title='bbox 1771 1097 1822 1124; x_wconf 63' lang='grc' dir='ltr'>οὐκ</span> <span class='ocrx_word' id='word_1_559' title='bbox 1851 1097 1934 1134; x_wconf 47' lang='lat' dir='ltr'>iga}.-</span> 
     </span>
    </p>
   </div>
   <div class='ocr_carea' id='block_1_77' title="bbox 1120 1141 1935 1183">
    <p class='ocr_par' dir='ltr' id='par_1_77' title="bbox 1120 1141 1935 1183">
     <span class='ocr_line' id='line_1_79' title="bbox 1120 1141 1935 1183; baseline -0.007 -10"><span class='ocrx_word' id='word_1_560' title='bbox 1120 1146 1161 1173; x_wconf 79' lang='grc' dir='ltr'>λιν</span> <span class='ocrx_word' id='word_1_561' title='bbox 1205 1146 1258 1183; x_wconf 76' lang='grc' dir='ltr'>ἄρα</span> <span class='ocrx_word' id='word_1_562' title='bbox 1285 1147 1430 1182; x_wconf 78' lang='grc' dir='ltr'>μονώτατος</span> <span class='ocrx_word' id='word_1_563' title='bbox 1466 1142 1540 1177; x_wconf 74' lang='grc' dir='ltr'>εἶναι,</span> <span class='ocrx_word' id='word_1_564' title='bbox 1570 1145 1615 1169; x_wconf 81' lang='grc' dir='ltr'>καὶ</span> <span class='ocrx_word' id='word_1_565' title='bbox 1643 1145 1720 1179; x_wconf 81' lang='grc' dir='ltr'>μόνος</span> <span class='ocrx_word' id='word_1_566' title='bbox 1751 1146 1801 1173; x_wconf 79' lang='grc' dir='ltr'>τῆς</span> <span class='ocrx_word' id='word_1_567' title='bbox 1831 1141 1935 1170; x_wconf 69' lang='grc' dir='ltr'>οἰκείας</span> 
     </span>
    </p>
   </div>
   <div class='ocr_carea' id='block_1_78' title="bbox 1123 1186 1934 1227">
    <p class='ocr_par' dir='ltr' id='par_1_78' title="bbox 1123 1186 1934 1227">
     <span class='ocr_line' id='line_1_80' title="bbox 1123 1186 1934 1227; baseline -0.007 -10"><span class='ocrx_word' id='word_1_568' title='bbox 1123 1190 1284 1227; x_wconf 80' lang='grc' dir='ltr'>ἀγαθότητος</span> <span class='ocrx_word' id='word_1_569' title='bbox 1304 1190 1469 1227; x_wconf 73' lang='grc' dir='ltr'>κατ-ἀτρυφᾷν</span> <span class='ocrx_word' id='word_1_570' title='bbox 1486 1199 1492 1206; x_wconf 86' lang='grc'>·</span> <span class='ocrx_word' id='word_1_571' title='bbox 1507 1188 1554 1215; x_wconf 77' lang='grc' dir='ltr'>οὐκ</span> <span class='ocrx_word' id='word_1_572' title='bbox 1582 1186 1650 1214; x_wconf 75' lang='grc' dir='ltr'>ἴδιον</span> <span class='ocrx_word' id='word_1_573' title='bbox 1667 1188 1717 1224; x_wconf 81' lang='grc' dir='ltr'>γὰρ</span> <span class='ocrx_word' id='word_1_574' title='bbox 1741 1186 1844 1222; x_wconf 78' lang='grc' dir='ltr'>ἀγαθοῦ</span> <span class='ocrx_word' id='word_1_575' title='bbox 1866 1187 1934 1222; x_wconf 77' lang='grc' dir='ltr'>πρὸς</span> 
     </span>
    </p>
   </div>
   <div class='ocr_carea' id='block_1_79' title="bbox 1123 1232 1934 1271">
    <p class='ocr_par' dir='ltr' id='par_1_79' title="bbox 1123 1232 1934 1271">
     <span class='ocr_line' id='line_1_81' title="bbox 1123 1232 1934 1271; baseline -0.007 -9"><span class='ocrx_word' id='word_1_576' title='bbox 1123 1234 1212 1262; x_wconf 77' lang='grc' dir='ltr'>ἔαυτόν</span> <span class='ocrx_word' id='word_1_577' title='bbox 1228 1237 1304 1271; x_wconf 84' lang='grc' dir='ltr'>μόνον</span> <span class='ocrx_word' id='word_1_578' title='bbox 1323 1233 1499 1271; x_wconf 72' lang='grc' dir='ltr'>ἐπεστράφθαι</span> <span class='ocrx_word' id='word_1_579' title='bbox 1513 1243 1519 1250; x_wconf 71' lang='grc' dir='ltr'>ί</span> <span class='ocrx_word' id='word_1_580' title='bbox 1537 1232 1565 1259; x_wconf 85' lang='grc' dir='ltr'>οὐ</span> <span class='ocrx_word' id='word_1_581' title='bbox 1585 1234 1771 1270; x_wconf 77' lang='grc' dir='ltr'>χρηστότητος</span> <span class='ocrx_word' id='word_1_582' title='bbox 1797 1235 1835 1266; x_wconf 81' lang='grc' dir='ltr'>τῷ</span> <span class='ocrx_word' id='word_1_583' title='bbox 1870 1232 1934 1257; x_wconf 67' lang='grc' dir='ltr'>ταὺ-</span> 
     </span>
    </p>
   </div>
   <div class='ocr_carea' id='block_1_80' title="bbox 1123 1274 1932 1316">
    <p class='ocr_par' dir='ltr' id='par_1_80' title="bbox 1123 1274 1932 1316">
     <span class='ocr_line' id='line_1_82' title="bbox 1123 1274 1932 1316; baseline -0.006 -10"><span class='ocrx_word' id='word_1_584' title='bbox 1123 1290 1170 1310; x_wconf 90' lang='grc' dir='ltr'>την</span> <span class='ocrx_word' id='word_1_585' title='bbox 1210 1280 1300 1316; x_wconf 77' lang='grc' dir='ltr'>ἔχοντι</span> <span class='ocrx_word' id='word_1_586' title='bbox 1337 1281 1406 1316; x_wconf 85' lang='grc' dir='ltr'>μόνῳ</span> <span class='ocrx_word' id='word_1_587' title='bbox 1438 1277 1654 1316; x_wconf 72' lang='grc' dir='ltr'>περιγράφεσθαι.</span> <span class='ocrx_word' id='word_1_588' title='bbox 1693 1279 1840 1313; x_wconf 75' lang='grc' dir='ltr'>Τοιγαροῦν</span> <span class='ocrx_word' id='word_1_589' title='bbox 1878 1274 1932 1302; x_wconf 71' lang='grc' dir='ltr'>ἔδει</span> 
     </span>
    </p>
   </div>
   <div class='ocr_carea' id='block_1_81' title="bbox 1123 1319 1932 1359">
    <p class='ocr_par' dir='ltr' id='par_1_81' title="bbox 1123 1319 1932 1359">
     <span class='ocr_line' id='line_1_83' title="bbox 1123 1319 1932 1359; baseline -0.007 -8"><span class='ocrx_word' id='word_1_590' title='bbox 1123 1324 1301 1353; x_wconf 77' lang='grc' dir='ltr'>πληθύνεσθαι</span> <span class='ocrx_word' id='word_1_591' title='bbox 1323 1325 1352 1350; x_wconf 88' lang='grc' dir='ltr'>τὸ</span> <span class='ocrx_word' id='word_1_592' title='bbox 1382 1322 1486 1359; x_wconf 70' lang='grc' dir='ltr'>ἀγαθὸν</span> <span class='ocrx_word' id='word_1_593' title='bbox 1502 1321 1527 1348; x_wconf 71' lang='grc' dir='ltr'>ἐν</span> <span class='ocrx_word' id='word_1_594' title='bbox 1549 1325 1580 1358; x_wconf 79' lang='grc' dir='ltr'>τῇ</span> <span class='ocrx_word' id='word_1_595' title='bbox 1609 1325 1658 1348; x_wconf 88' lang='grc' dir='ltr'>τῶν</span> <span class='ocrx_word' id='word_1_596' title='bbox 1684 1322 1878 1359; x_wconf 66' lang='grc' dir='ltr'>παραγομένων</span> <span class='ocrx_word' id='word_1_597' title='bbox 1908 1319 1932 1345; x_wconf 75' lang='grc' dir='ltr'>ἐν</span> 
     </span>
    </p>
   </div>
   <div class='ocr_carea' id='block_1_82' title="bbox 1124 1363 1933 1405">
    <p class='ocr_par' dir='ltr' id='par_1_82' title="bbox 1124 1363 1933 1405">
     <span class='ocr_line' id='line_1_84' title="bbox 1124 1363 1933 1405; baseline -0.006 -10"><span class='ocrx_word' id='word_1_598' title='bbox 1124 1368 1206 1405; x_wconf 84' lang='grc' dir='ltr'>ἐαυτῷ</span> <span class='ocrx_word' id='word_1_599' title='bbox 1233 1367 1330 1398; x_wconf 78' lang='grc' dir='ltr'>πληθύὶ</span> <span class='ocrx_word' id='word_1_600' title='bbox 1356 1372 1402 1399; x_wconf 88' lang='grc' dir='ltr'>τῆς</span> <span class='ocrx_word' id='word_1_601' title='bbox 1427 1367 1543 1395; x_wconf 79' lang='grc' dir='ltr'>ἑνοποιοῦ</span> <span class='ocrx_word' id='word_1_602' title='bbox 1569 1370 1618 1393; x_wconf 88' lang='grc' dir='ltr'>τῶν</span> <span class='ocrx_word' id='word_1_603' title='bbox 1644 1366 1707 1393; x_wconf 85' lang='grc' dir='ltr'>ὅλων</span> <span class='ocrx_word' id='word_1_604' title='bbox 1736 1363 1866 1402; x_wconf 70' lang='grc' dir='ltr'>οὐδαμῶς</span> <span class='ocrx_word' id='word_1_605' title='bbox 1895 1364 1933 1396; x_wconf 66' lang='grc' dir='ltr'>ἐξα</span> 
     </span>
    </p>
   </div>
   <div class='ocr_carea' id='block_1_83' title="bbox 1125 1410 1930 1451">
    <p class='ocr_par' dir='ltr' id='par_1_83' title="bbox 1125 1410 1930 1451">
     <span class='ocr_line' id='line_1_85' title="bbox 1125 1410 1930 1451; baseline -0.006 -11"><span class='ocrx_word' id='word_1_606' title='bbox 1125 1414 1261 1451; x_wconf 69' lang='grc' dir='ltr'>ιστάμενον</span> <span class='ocrx_word' id='word_1_607' title='bbox 1281 1413 1407 1443; x_wconf 74' lang='grc' dir='ltr'>ἑνότητός.</span> <span class='ocrx_word' id='word_1_608' title='bbox 1433 1413 1480 1439; x_wconf 82' lang='grc' dir='ltr'>Διὰ</span> <span class='ocrx_word' id='word_1_609' title='bbox 1503 1415 1579 1438; x_wconf 78' lang='grc' dir='ltr'>τοῦτο</span> <span class='ocrx_word' id='word_1_610' title='bbox 1610 1410 1719 1447; x_wconf 69' lang='grc' dir='ltr'>οὐρανός</span> <span class='ocrx_word' id='word_1_611' title='bbox 1732 1414 1873 1448; x_wconf 79' lang='grc' dir='ltr'>παρῆκται</span> <span class='ocrx_word' id='word_1_612' title='bbox 1887 1412 1930 1436; x_wconf 80' lang='grc' dir='ltr'>καὶ</span> 
     </span>
    </p>
   </div>
   <div class='ocr_carea' id='block_1_84' title="bbox 1123 1455 1930 1495">
    <p class='ocr_par' dir='ltr' id='par_1_84' title="bbox 1123 1455 1930 1495">
     <span class='ocr_line' id='line_1_86' title="bbox 1123 1455 1930 1495; baseline -0.007 -9"><span class='ocrx_word' id='word_1_613' title='bbox 1123 1463 1169 1495; x_wconf 81' lang='grc' dir='ltr'>γῆ.</span> <span class='ocrx_word' id='word_1_614' title='bbox 1185 1458 1300 1495; x_wconf 70' lang='grc' dir='ltr'>Οὖρρνός</span> <span class='ocrx_word' id='word_1_615' title='bbox 1314 1459 1358 1494; x_wconf 75' lang='grc' dir='ltr'>μὶν</span> <span class='ocrx_word' id='word_1_616' title='bbox 1389 1459 1438 1484; x_wconf 84' lang='grc' dir='ltr'>ιῖτε</span> <span class='ocrx_word' id='word_1_617' title='bbox 1461 1459 1616 1494; x_wconf 78' lang='grc' dir='ltr'>κυριώτερον</span> <span class='ocrx_word' id='word_1_618' title='bbox 1639 1455 1793 1492; x_wconf 79' lang='grc' dir='ltr'>όνομαστέος</span> <span class='ocrx_word' id='word_1_619' title='bbox 1821 1455 1834 1481; x_wconf 86' lang='grc' dir='ltr'><strong><em>ὁ</em></strong></span> <span class='ocrx_word' id='word_1_620' title='bbox 1862 1456 1930 1490; x_wconf 75' lang='grc' dir='ltr'>σύμ-</span> 
     </span>
    </p>
   </div>
   <div class='ocr_carea' id='block_1_85' title="bbox 1123 1497 1930 1539">
    <p class='ocr_par' dir='ltr' id='par_1_85' title="bbox 1123 1497 1930 1539">
     <span class='ocr_line' id='line_1_87' title="bbox 1123 1497 1930 1539; baseline -0.007 -9"><span class='ocrx_word' id='word_1_621' title='bbox 1123 1513 1175 1534; x_wconf 87' lang='grc' dir='ltr'>πας</span> <span class='ocrx_word' id='word_1_622' title='bbox 1200 1502 1346 1539; x_wconf 72' lang='grc' dir='ltr'>διάκοσμος</span> <span class='ocrx_word' id='word_1_623' title='bbox 1386 1506 1435 1529; x_wconf 83' lang='grc' dir='ltr'>τῶν</span> <span class='ocrx_word' id='word_1_624' title='bbox 1466 1500 1611 1538; x_wconf 78' lang='grc' dir='ltr'>ἀσωμάτων</span> <span class='ocrx_word' id='word_1_625' title='bbox 1651 1502 1724 1528; x_wconf 78' lang='grc' dir='ltr'>νόων.</span> <span class='ocrx_word' id='word_1_626' title='bbox 1748 1499 1797 1530; x_wconf 74' lang='lat' dir='ltr'>&quot;O;</span> <span class='ocrx_word' id='word_1_627' title='bbox 1826 1497 1863 1529; x_wconf 82' lang='grc' dir='ltr'>δὴ</span> <span class='ocrx_word' id='word_1_628' title='bbox 1886 1501 1930 1524; x_wconf 79' lang='grc' dir='ltr'>καὶ</span> 
     </span>
    </p>
   </div>
   <div class='ocr_carea' id='block_1_86' title="bbox 1123 1542 1931 1586">
    <p class='ocr_par' dir='ltr' id='par_1_86' title="bbox 1123 1542 1931 1586">
     <span class='ocr_line' id='line_1_88' title="bbox 1123 1542 1931 1586; baseline -0.005 -12"><span class='ocrx_word' id='word_1_629' title='bbox 1123 1549 1194 1586; x_wconf 79' lang='grc' dir='ltr'>παρὰ</span> <span class='ocrx_word' id='word_1_630' title='bbox 1221 1551 1275 1579; x_wconf 89' lang='grc' dir='ltr'>τοῖς</span> <span class='ocrx_word' id='word_1_631' title='bbox 1304 1551 1353 1574; x_wconf 82' lang='grc' dir='ltr'>τῶν</span> <span class='ocrx_word' id='word_1_632' title='bbox 1381 1547 1503 1583; x_wconf 82' lang='grc' dir='ltr'>οεολὸγων</span> <span class='ocrx_word' id='word_1_633' title='bbox 1532 1545 1716 1583; x_wconf 71' lang='grc' dir='ltr'>πρεσϐυτέροις</span> <span class='ocrx_word' id='word_1_634' title='bbox 1739 1547 1813 1582; x_wconf 80' lang='grc' dir='ltr'>τρισὶ</span> <span class='ocrx_word' id='word_1_635' title='bbox 1840 1542 1931 1571; x_wconf 67' lang='grc' dir='ltr'>διατέ‹</span> 
     </span>
    </p>
   </div>
   <div class='ocr_carea' id='block_1_87' title="bbox 1123 1588 1929 1630">
    <p class='ocr_par' dir='ltr' id='par_1_87' title="bbox 1123 1588 1929 1630">
     <span class='ocr_line' id='line_1_89' title="bbox 1123 1588 1929 1630; baseline -0.007 -10"><span class='ocrx_word' id='word_1_636' title='bbox 1123 1602 1217 1620; x_wconf 72' lang='grc' dir='ltr'>τακται</span> <span class='ocrx_word' id='word_1_637' title='bbox 1240 1590 1545 1630; x_wconf 75' lang='grc' dir='ltr'>τριαδικῶςὶεραρχίαις</span> <span class='ocrx_word' id='word_1_638' title='bbox 1562 1592 1629 1627; x_wconf 85' lang='grc' dir='ltr'>-μὶα</span> <span class='ocrx_word' id='word_1_639' title='bbox 1656 1592 1700 1626; x_wconf 79' lang='grc' dir='ltr'>μεν</span> <span class='ocrx_word' id='word_1_640' title='bbox 1727 1592 1773 1616; x_wconf 81' lang='grc' dir='ltr'>καὶ</span> <span class='ocrx_word' id='word_1_641' title='bbox 1803 1593 1855 1615; x_wconf 83' lang='grc' dir='ltr'>τῶν</span> <span class='ocrx_word' id='word_1_642' title='bbox 1885 1588 1929 1615; x_wconf 78' lang='grc' dir='ltr'>οἱ).-</span> 
     </span>
    </p>
   </div>
   <div class='ocr_carea' id='block_1_88' title="bbox 1123 1634 1930 1674">
    <p class='ocr_par' dir='ltr' id='par_1_88' title="bbox 1123 1634 1930 1674">
     <span class='ocr_line' id='line_1_90' title="bbox 1123 1634 1930 1674; baseline -0.007 -10"><span class='ocrx_word' id='word_1_643' title='bbox 1123 1637 1171 1664; x_wconf 85' lang='grc' dir='ltr'>)ων</span> <span class='ocrx_word' id='word_1_644' title='bbox 1195 1638 1233 1673; x_wconf 80' lang='grc'>(2)</span> <span class='ocrx_word' id='word_1_645' title='bbox 1261 1640 1292 1674; x_wconf 76' lang='grc' dir='ltr'>τῇ</span> <span class='ocrx_word' id='word_1_646' title='bbox 1321 1636 1392 1668; x_wconf 77' lang='grc' dir='ltr'>τάξει</span> <span class='ocrx_word' id='word_1_647' title='bbox 1418 1634 1619 1672; x_wconf 78' lang='grc' dir='ltr'>καταδεεστέρα,</span> <span class='ocrx_word' id='word_1_648' title='bbox 1653 1637 1684 1671; x_wconf 76' lang='grc' dir='ltr'>τῇ</span> <span class='ocrx_word' id='word_1_649' title='bbox 1713 1634 1740 1660; x_wconf 80' lang='grc' dir='ltr'>ἐκ</span> <span class='ocrx_word' id='word_1_650' title='bbox 1773 1638 1824 1659; x_wconf 83' lang='grc' dir='ltr'>τῶν</span> <span class='ocrx_word' id='word_1_651' title='bbox 1854 1635 1930 1669; x_wconf 76' lang='grc' dir='ltr'>ἱερῶν</span> 
     </span>
    </p>
   </div>
   <div class='ocr_carea' id='block_1_89' title="bbox 1124 1679 1929 1719">
    <p class='ocr_par' dir='ltr' id='par_1_89' title="bbox 1124 1679 1929 1719">
     <span class='ocr_line' id='line_1_91' title="bbox 1124 1679 1929 1719; baseline -0.006 -10"><span class='ocrx_word' id='word_1_652' title='bbox 1124 1681 1247 1719; x_wconf 79' lang='grc' dir='ltr'>ἀγγέλων,</span> <span class='ocrx_word' id='word_1_653' title='bbox 1273 1683 1318 1709; x_wconf 81' lang='grc' dir='ltr'>καὶ</span> <span class='ocrx_word' id='word_1_654' title='bbox 1355 1685 1405 1708; x_wconf 82' lang='grc' dir='ltr'>τῶν</span> <span class='ocrx_word' id='word_1_655' title='bbox 1431 1682 1569 1719; x_wconf 81' lang='grc' dir='ltr'>ἱερωτέρων</span> <span class='ocrx_word' id='word_1_656' title='bbox 1599 1679 1779 1718; x_wconf 77' lang='grc' dir='ltr'>ἀρχαγγέλων,</span> <span class='ocrx_word' id='word_1_657' title='bbox 1805 1681 1852 1705; x_wconf 77' lang='grc' dir='ltr'>καὶ</span> <span class='ocrx_word' id='word_1_658' title='bbox 1881 1683 1929 1705; x_wconf 75' lang='grc' dir='ltr'>τῶν</span> 
     </span>
    </p>
   </div>
   <div class='ocr_carea' id='block_1_90' title="bbox 1124 1720 1927 1765">
    <p class='ocr_par' dir='ltr' id='par_1_90' title="bbox 1124 1720 1927 1765">
     <span class='ocr_line' id='line_1_92' title="bbox 1124 1720 1927 1765; baseline -0.004 -11"><span class='ocrx_word' id='word_1_659' title='bbox 1124 1728 1186 1765; x_wconf 67' lang='grc' dir='ltr'>ὑπὲρ</span> <span class='ocrx_word' id='word_1_660' title='bbox 1203 1727 1297 1758; x_wconf 75' lang='grc' dir='ltr'>αὐτοὺς</span> <span class='ocrx_word' id='word_1_661' title='bbox 1317 1725 1407 1763; x_wconf 78' lang='grc' dir='ltr'>ἀρχῶν</span> <span class='ocrx_word' id='word_1_662' title='bbox 1435 1725 1459 1752; x_wconf 80' lang='grc' dir='ltr'>ἐν</span> <span class='ocrx_word' id='word_1_663' title='bbox 1476 1720 1596 1763; x_wconf 70' lang='grc' dir='ltr'>’ἁρμονίῳ</span> <span class='ocrx_word' id='word_1_664' title='bbox 1622 1734 1725 1760; x_wconf 79' lang='grc' dir='ltr'>στοιχῳ</span> <span class='ocrx_word' id='word_1_665' title='bbox 1751 1726 1908 1751; x_wconf 74' lang='grc' dir='ltr'>σννεστὼση</span> <span class='ocrx_word' id='word_1_666' title='bbox 1921 1733 1927 1738; x_wconf 92' lang='grc'><strong>·</strong></span> 
     </span>
    </p>
   </div>
   <div class='ocr_carea' id='block_1_91' title="bbox 1126 1767 1929 1810">
    <p class='ocr_par' dir='ltr' id='par_1_91' title="bbox 1126 1767 1929 1810">
     <span class='ocr_line' id='line_1_93' title="bbox 1126 1767 1929 1810; baseline -0.006 -12"><span class='ocrx_word' id='word_1_667' title='bbox 1126 1769 1235 1810; x_wconf 81' lang='grc' dir='ltr'>δευτέρα</span> <span class='ocrx_word' id='word_1_668' title='bbox 1251 1769 1337 1798; x_wconf 75' lang='grc' dir='ltr'>δὲκαὶ</span> <span class='ocrx_word' id='word_1_669' title='bbox 1356 1771 1419 1809; x_wconf 76' lang='grc' dir='ltr'>ὑπερ</span> <span class='ocrx_word' id='word_1_670' title='bbox 1437 1770 1518 1800; x_wconf 67' lang='grc' dir='ltr'>αὐτὴν</span> <span class='ocrx_word' id='word_1_671' title='bbox 1541 1774 1572 1806; x_wconf 88' lang='grc' dir='ltr'>τῇ</span> <span class='ocrx_word' id='word_1_672' title='bbox 1599 1768 1627 1795; x_wconf 72' lang='grc' dir='ltr'>ἐκ</span> <span class='ocrx_word' id='word_1_673' title='bbox 1659 1773 1709 1795; x_wconf 78' lang='grc' dir='ltr'>τῶν</span> <span class='ocrx_word' id='word_1_674' title='bbox 1738 1767 1847 1804; x_wconf 71' lang='grc' dir='ltr'>ὑψηλῶν</span> <span class='ocrx_word' id='word_1_675' title='bbox 1863 1767 1929 1799; x_wconf 80' lang='grc' dir='ltr'>ἐξον-</span> 
     </span>
    </p>
   </div>
   <div class='ocr_carea' id='block_1_92' title="bbox 1127 1813 1927 1853">
    <p class='ocr_par' dir='ltr' id='par_1_92' title="bbox 1127 1813 1927 1853">
     <span class='ocr_line' id='line_1_94' title="bbox 1127 1813 1927 1853; baseline -0.005 -11"><span class='ocrx_word' id='word_1_676' title='bbox 1127 1821 1199 1850; x_wconf 79' lang='grc' dir='ltr'>σιῶν,</span> <span class='ocrx_word' id='word_1_677' title='bbox 1224 1819 1269 1842; x_wconf 82' lang='grc' dir='ltr'>καὶ</span> <span class='ocrx_word' id='word_1_678' title='bbox 1293 1820 1342 1843; x_wconf 83' lang='grc' dir='ltr'>τῶν</span> <span class='ocrx_word' id='word_1_679' title='bbox 1363 1815 1527 1853; x_wconf 69' lang='grc' dir='ltr'>ὑψηλοτέρων</span> <span class='ocrx_word' id='word_1_680' title='bbox 1552 1813 1696 1850; x_wconf 76' lang='grc' dir='ltr'>δυνάμεων,</span> <span class='ocrx_word' id='word_1_681' title='bbox 1719 1815 1764 1839; x_wconf 79' lang='grc' dir='ltr'>καὶ</span> <span class='ocrx_word' id='word_1_682' title='bbox 1788 1818 1841 1839; x_wconf 79' lang='grc' dir='ltr'>τὼν</span> <span class='ocrx_word' id='word_1_683' title='bbox 1865 1814 1927 1848; x_wconf 70' lang='grc' dir='ltr'>υπερ</span> 
     </span>
    </p>
   </div>
   <div class='ocr_carea' id='block_1_93' title="bbox 1125 1855 1929 1898">
    <p class='ocr_par' dir='ltr' id='par_1_93' title="bbox 1125 1855 1929 1898">
     <span class='ocr_line' id='line_1_95' title="bbox 1125 1855 1929 1898; baseline -0.005 -11"><span class='ocrx_word' id='word_1_684' title='bbox 1125 1860 1237 1893; x_wconf 82' lang='grc' dir='ltr'>ἐκείνους</span> <span class='ocrx_word' id='word_1_685' title='bbox 1265 1863 1425 1898; x_wconf 82' lang='grc' dir='ltr'>κνριοτὴτων</span> <span class='ocrx_word' id='word_1_686' title='bbox 1450 1861 1619 1896; x_wconf 80' lang='grc' dir='ltr'>τεταγμένων.</span> <span class='ocrx_word' id='word_1_687' title='bbox 1649 1860 1723 1896; x_wconf 77' lang='grc' dir='ltr'>τρίτη</span> <span class='ocrx_word' id='word_1_688' title='bbox 1743 1855 1774 1884; x_wconf 69' lang='grc' dir='ltr'>δὲ</span> <span class='ocrx_word' id='word_1_689' title='bbox 1799 1861 1846 1884; x_wconf 76' lang='grc' dir='ltr'>καὶ</span> <span class='ocrx_word' id='word_1_690' title='bbox 1868 1856 1929 1883; x_wconf 78' lang='grc' dir='ltr'>ἂνω-</span> 
     </span>
    </p>
   </div>
   <div class='ocr_carea' id='block_1_94' title="bbox 1124 1902 1928 1941">
    <p class='ocr_par' dir='ltr' id='par_1_94' title="bbox 1124 1902 1928 1941">
     <span class='ocr_line' id='line_1_96' title="bbox 1124 1902 1928 1941; baseline -0.006 -9"><span class='ocrx_word' id='word_1_691' title='bbox 1124 1907 1193 1932; x_wconf 69' lang='grc' dir='ltr'>τάτω</span> <span class='ocrx_word' id='word_1_692' title='bbox 1234 1910 1324 1932; x_wconf 83' lang='grc' dir='ltr'>πασῶν</span> <span class='ocrx_word' id='word_1_693' title='bbox 1345 1908 1377 1941; x_wconf 76' lang='grc' dir='ltr'>τῇ</span> <span class='ocrx_word' id='word_1_694' title='bbox 1406 1904 1433 1931; x_wconf 71' lang='grc' dir='ltr'>ἔκ</span> <span class='ocrx_word' id='word_1_695' title='bbox 1462 1909 1512 1931; x_wconf 83' lang='grc' dir='ltr'>τῶν</span> <span class='ocrx_word' id='word_1_696' title='bbox 1537 1905 1610 1930; x_wconf 83' lang='grc' dir='ltr'>θείων</span> <span class='ocrx_word' id='word_1_697' title='bbox 1635 1902 1797 1939; x_wconf 72' lang='grc' dir='ltr'>καλουμένων</span> <span class='ocrx_word' id='word_1_698' title='bbox 1833 1903 1928 1940; x_wconf 74' lang='grc' dir='ltr'>θρόνων</span> 
     </span>
    </p>
   </div>
   <div class='ocr_carea' id='block_1_95' title="bbox 1125 1947 1927 1988">
    <p class='ocr_par' dir='ltr' id='par_1_95' title="bbox 1125 1947 1927 1988">
     <span class='ocr_line' id='line_1_97' title="bbox 1125 1947 1927 1988; baseline -0.006 -11"><span class='ocrx_word' id='word_1_699' title='bbox 1125 1953 1170 1977; x_wconf 84' lang='grc' dir='ltr'>καὶ</span> <span class='ocrx_word' id='word_1_700' title='bbox 1195 1955 1244 1976; x_wconf 82' lang='grc' dir='ltr'>τῶν</span> <span class='ocrx_word' id='word_1_701' title='bbox 1279 1951 1410 1988; x_wconf 84' lang='grc' dir='ltr'>θιιοτέρων</span> <span class='ocrx_word' id='word_1_702' title='bbox 1440 1948 1528 1980; x_wconf 76' lang='grc' dir='ltr'>αὐτοῖς</span> <span class='ocrx_word' id='word_1_703' title='bbox 1551 1947 1695 1986; x_wconf 74' lang='grc' dir='ltr'>Χερουϐὶμ,</span> <span class='ocrx_word' id='word_1_704' title='bbox 1722 1950 1768 1973; x_wconf 81' lang='grc' dir='ltr'>καὶ</span> <span class='ocrx_word' id='word_1_705' title='bbox 1791 1951 1844 1973; x_wconf 81' lang='grc' dir='ltr'>τῶν</span> <span class='ocrx_word' id='word_1_706' title='bbox 1865 1948 1927 1973; x_wconf 78' lang='grc' dir='ltr'>Θειο-</span> 
     </span>
    </p>
   </div>
   <div class='ocr_carea' id='block_1_96' title="bbox 1125 1992 1928 2031">
    <p class='ocr_par' dir='ltr' id='par_1_96' title="bbox 1125 1992 1928 2031">
     <span class='ocr_line' id='line_1_98' title="bbox 1125 1992 1928 2031; baseline -0.005 -10"><span class='ocrx_word' id='word_1_707' title='bbox 1125 1996 1209 2022; x_wconf 73' lang='grc' dir='ltr'>τάτων</span> <span class='ocrx_word' id='word_1_708' title='bbox 1235 1995 1322 2025; x_wconf 74' lang='grc' dir='ltr'>πάσης</span> <span class='ocrx_word' id='word_1_709' title='bbox 1363 1994 1460 2025; x_wconf 72' lang='grc' dir='ltr'>τάξεως</span> <span class='ocrx_word' id='word_1_710' title='bbox 1492 1994 1717 2031; x_wconf 67' lang='grc' dir='ltr'>συγκεκροτημένη</span> <span class='ocrx_word' id='word_1_711' title='bbox 1740 1993 1868 2028; x_wconf 74' lang='grc' dir='ltr'>Σεραφίμ,</span> <span class='ocrx_word' id='word_1_712' title='bbox 1897 1992 1928 2017; x_wconf 82' lang='grc' dir='ltr'><em>Ἣ</em></span> 
     </span>
    </p>
   </div>
   <div class='ocr_carea' id='block_1_97' title="bbox 1127 2037 1929 2076">
    <p class='ocr_par' dir='ltr' id='par_1_97' title="bbox 1127 2037 1929 2076">
     <span class='ocr_line' id='line_1_99' title="bbox 1127 2037 1929 2076; baseline -0.005 -10"><span class='ocrx_word' id='word_1_713' title='bbox 1127 2043 1234 2076; x_wconf 78' lang='grc' dir='ltr'>πρώτως</span> <span class='ocrx_word' id='word_1_714' title='bbox 1244 2041 1288 2076; x_wconf 81' lang='grc' dir='ltr'>μέν</span> <span class='ocrx_word' id='word_1_715' title='bbox 1315 2040 1359 2065; x_wconf 80' lang='grc' dir='ltr'>καὶ</span> <span class='ocrx_word' id='word_1_716' title='bbox 1385 2038 1489 2075; x_wconf 80' lang='grc' dir='ltr'>ἁμέσως</span> <span class='ocrx_word' id='word_1_717' title='bbox 1511 2039 1561 2064; x_wconf 77' lang='grc' dir='ltr'>ὑπό</span> <span class='ocrx_word' id='word_1_718' title='bbox 1585 2042 1633 2069; x_wconf 80' lang='grc' dir='ltr'>τῆς</span> <span class='ocrx_word' id='word_1_719' title='bbox 1657 2037 1830 2074; x_wconf 79' lang='grc' dir='ltr'>ἁγαθαρχίας</span> <span class='ocrx_word' id='word_1_720' title='bbox 1851 2038 1929 2065; x_wconf 70' lang='grc' dir='ltr'>αὐτῆς</span> 
     </span>
    </p>
   </div>
   <div class='ocr_carea' id='block_1_98' title="bbox 1126 2079 1927 2120">
    <p class='ocr_par' dir='ltr' id='par_1_98' title="bbox 1126 2079 1927 2120">
     <span class='ocr_line' id='line_1_100' title="bbox 1126 2079 1927 2120; baseline -0.001 -10"><span class='ocrx_word' id='word_1_721' title='bbox 1126 2083 1302 2120; x_wconf 75' lang='grc' dir='ltr'>ἁγαθυνομένη</span> <span class='ocrx_word' id='word_1_722' title='bbox 1329 2084 1559 2120; x_wconf 73' lang='grc' dir='ltr'>καταστράπτεται</span> <span class='ocrx_word' id='word_1_723' title='bbox 1593 2092 1599 2099; x_wconf 91' lang='grc'><strong>·</strong></span> <span class='ocrx_word' id='word_1_724' title='bbox 1633 2084 1697 2118; x_wconf 85' lang='grc' dir='ltr'>πρός</span> <span class='ocrx_word' id='word_1_725' title='bbox 1722 2083 1770 2112; x_wconf 78' lang='grc' dir='ltr'>τὰς</span> <span class='ocrx_word' id='word_1_726' title='bbox 1797 2079 1927 2109; x_wconf 71' lang='grc' dir='ltr'>ὑποϐεϐη-</span> 
     </span>
    </p>
   </div>
   <div class='ocr_carea' id='block_1_99' title="bbox 1126 2124 1928 2162">
    <p class='ocr_par' dir='ltr' id='par_1_99' title="bbox 1126 2124 1928 2162">
     <span class='ocr_line' id='line_1_101' title="bbox 1126 2124 1928 2162; baseline -0.004 -8"><span class='ocrx_word' id='word_1_727' title='bbox 1126 2131 1201 2160; x_wconf 80' lang='grc' dir='ltr'>κυίας</span> <span class='ocrx_word' id='word_1_728' title='bbox 1225 2127 1255 2155; x_wconf 63' lang='grc' dir='ltr'>δε</span> <span class='ocrx_word' id='word_1_729' title='bbox 1276 2132 1326 2154; x_wconf 83' lang='grc' dir='ltr'>τῶν</span> <span class='ocrx_word' id='word_1_730' title='bbox 1352 2126 1446 2159; x_wconf 81' lang='grc' dir='ltr'>τάξεων</span> <span class='ocrx_word' id='word_1_731' title='bbox 1474 2129 1520 2154; x_wconf 80' lang='grc' dir='ltr'>τὰν</span> <span class='ocrx_word' id='word_1_732' title='bbox 1547 2124 1714 2156; x_wconf 76' lang='grc' dir='ltr'>ἀχτινοειδεῐς</span> <span class='ocrx_word' id='word_1_733' title='bbox 1740 2124 1928 2162; x_wconf 79' lang='grc' dir='ltr'>διαπορθμεύει</span> 
     </span>
    </p>
   </div>
   <div class='ocr_carea' id='block_1_100' title="bbox 1126 2169 1928 2210">
    <p class='ocr_par' dir='ltr' id='par_1_100' title="bbox 1126 2169 1928 2210">
     <span class='ocr_line' id='line_1_102' title="bbox 1126 2169 1928 2210; baseline -0.004 -11"><span class='ocrx_word' id='word_1_734' title='bbox 1126 2177 1175 2199; x_wconf 85' lang='grc' dir='ltr'>τῶν</span> <span class='ocrx_word' id='word_1_735' title='bbox 1192 2177 1331 2209; x_wconf 72' lang='grc' dir='ltr'>φωτισμῶν</span> <span class='ocrx_word' id='word_1_736' title='bbox 1348 2169 1457 2210; x_wconf 76' lang='grc' dir='ltr'>δωρεάς.</span> <span class='ocrx_word' id='word_1_737' title='bbox 1487 2172 1571 2203; x_wconf 79' lang='grc' dir='ltr'>Οὗτος</span> <span class='ocrx_word' id='word_1_738' title='bbox 1590 2173 1635 2208; x_wconf 71' lang='grc' dir='ltr'>μὲν</span> <span class='ocrx_word' id='word_1_739' title='bbox 1662 2171 1675 2197; x_wconf 80' lang='grc' dir='ltr'><strong><em>ὁ</em></strong></span> <span class='ocrx_word' id='word_1_740' title='bbox 1695 2173 1773 2201; x_wconf 80' lang='grc' dir='ltr'>ὅντως</span> <span class='ocrx_word' id='word_1_741' title='bbox 1798 2171 1834 2196; x_wconf 79' lang='grc' dir='ltr'>ὢν</span> <span class='ocrx_word' id='word_1_742' title='bbox 1854 2170 1928 2208; x_wconf 68' lang='grc' dir='ltr'>οὐρα-</span> 
     </span>
    </p>
   </div>
   <div class='ocr_carea' id='block_1_101' title="bbox 1128 2213 1927 2252">
    <p class='ocr_par' dir='ltr' id='par_1_101' title="bbox 1128 2213 1927 2252">
     <span class='ocr_line' id='line_1_103' title="bbox 1128 2213 1927 2252; baseline -0.004 -10"><span class='ocrx_word' id='word_1_743' title='bbox 1128 2218 1179 2252; x_wconf 67' lang='grc' dir='ltr'>νὸς,</span> <span class='ocrx_word' id='word_1_744' title='bbox 1213 2217 1255 2243; x_wconf 87' lang='grc' dir='ltr'>οἶα</span> <span class='ocrx_word' id='word_1_745' title='bbox 1281 2216 1369 2252; x_wconf 83' lang='grc' dir='ltr'>θρόνος</span> <span class='ocrx_word' id='word_1_746' title='bbox 1402 2216 1544 2252; x_wconf 75' lang='grc' dir='ltr'>ὑπέρτατος</span> <span class='ocrx_word' id='word_1_747' title='bbox 1568 2219 1605 2250; x_wconf 84' lang='grc' dir='ltr'>τῷ</span> <span class='ocrx_word' id='word_1_748' title='bbox 1629 2213 1745 2250; x_wconf 59' lang='grc' dir='ltr'>’Υψίστῳ</span> <span class='ocrx_word' id='word_1_749' title='bbox 1772 2216 1927 2240; x_wconf 65' lang='grc' dir='ltr'>κατεσκεύα-</span> 
     </span>
    </p>
   </div>
   <div class='ocr_carea' id='block_1_102' title="bbox 1128 2258 1928 2297">
    <p class='ocr_par' dir='ltr' id='par_1_102' title="bbox 1128 2258 1928 2297">
     <span class='ocr_line' id='line_1_104' title="bbox 1128 2258 1928 2297; baseline -0.001 -10"><span class='ocrx_word' id='word_1_750' title='bbox 1128 2271 1200 2290; x_wconf 86' lang='grc' dir='ltr'>σται,</span> <span class='ocrx_word' id='word_1_751' title='bbox 1214 2260 1244 2287; x_wconf 79' lang='grc' dir='ltr'><strong><em>Ἠ</em></strong></span> <span class='ocrx_word' id='word_1_752' title='bbox 1260 2265 1293 2297; x_wconf 79' lang='grc' dir='ltr'>γῆ</span> <span class='ocrx_word' id='word_1_753' title='bbox 1318 2258 1348 2287; x_wconf 60' lang='grc' dir='ltr'>δε</span> <span class='ocrx_word' id='word_1_754' title='bbox 1370 2259 1439 2296; x_wconf 65' lang='grc' dir='ltr'>αὐτῷ</span> <span class='ocrx_word' id='word_1_755' title='bbox 1463 2258 1609 2287; x_wconf 79' lang='grc' dir='ltr'>ὑποπόδιον</span> <span class='ocrx_word' id='word_1_756' title='bbox 1637 2259 1761 2295; x_wconf 76' lang='grc' dir='ltr'>ἀνάλογον</span> <span class='ocrx_word' id='word_1_757' title='bbox 1788 2258 1928 2287; x_wconf 69' lang='grc' dir='ltr'>ὑποϐέϐλη-</span> 
     </span>
    </p>
   </div>
   <div class='ocr_carea' id='block_1_103' title="bbox 1126 2303 1928 2343">
    <p class='ocr_par' dir='ltr' id='par_1_103' title="bbox 1126 2303 1928 2343">
     <span class='ocr_line' id='line_1_105' title="bbox 1126 2303 1928 2343; baseline -0.004 -11"><span class='ocrx_word' id='word_1_758' title='bbox 1126 2315 1169 2332; x_wconf 85' lang='grc' dir='ltr'>ται</span> <span class='ocrx_word' id='word_1_759' title='bbox 1181 2309 1216 2342; x_wconf 84' lang='grc' dir='ltr'>τῷ</span> <span class='ocrx_word' id='word_1_760' title='bbox 1233 2306 1325 2343; x_wconf 86' lang='grc' dir='ltr'>ορόνῳ,</span> <span class='ocrx_word' id='word_1_761' title='bbox 1341 2308 1392 2334; x_wconf 74' lang='grc' dir='ltr'>Γῆν</span> <span class='ocrx_word' id='word_1_762' title='bbox 1407 2303 1437 2331; x_wconf 82' lang='grc' dir='ltr'>δέ</span> <span class='ocrx_word' id='word_1_763' title='bbox 1453 2315 1519 2342; x_wconf 73' lang='grc' dir='ltr'>φημι</span> <span class='ocrx_word' id='word_1_764' title='bbox 1537 2309 1581 2331; x_wconf 83' lang='grc' dir='ltr'>νῦν</span> <span class='ocrx_word' id='word_1_765' title='bbox 1609 2308 1659 2330; x_wconf 82' lang='grc' dir='ltr'>τῶν</span> <span class='ocrx_word' id='word_1_766' title='bbox 1688 2303 1823 2332; x_wconf 73' lang='grc' dir='ltr'>αἰσθητνῖιν</span> <span class='ocrx_word' id='word_1_767' title='bbox 1846 2304 1928 2340; x_wconf 72' lang='grc' dir='ltr'>σωμα-</span> 
     </span>
    </p>
   </div>
   <div class='ocr_carea' id='block_1_104' title="bbox 1127 2347 1928 2386">
    <p class='ocr_par' dir='ltr' id='par_1_104' title="bbox 1127 2347 1928 2386">
     <span class='ocr_line' id='line_1_106' title="bbox 1127 2347 1928 2386; baseline -0.004 -10"><span class='ocrx_word' id='word_1_768' title='bbox 1127 2361 1176 2376; x_wconf 82' lang='grc' dir='ltr'>των</span> <span class='ocrx_word' id='word_1_769' title='bbox 1213 2352 1259 2379; x_wconf 85' lang='grc' dir='ltr'>τὴν</span> <span class='ocrx_word' id='word_1_770' title='bbox 1295 2348 1484 2386; x_wconf 74' lang='grc' dir='ltr'>διακόσμησιν,</span> <span class='ocrx_word' id='word_1_771' title='bbox 1523 2349 1538 2379; x_wconf 83' lang='grc' dir='ltr'>ἢ</span> <span class='ocrx_word' id='word_1_772' title='bbox 1569 2347 1686 2386; x_wconf 74' lang='grc' dir='ltr'>δεύτερος</span> <span class='ocrx_word' id='word_1_773' title='bbox 1722 2350 1823 2384; x_wconf 83' lang='grc' dir='ltr'>κόσμος</span> <span class='ocrx_word' id='word_1_774' title='bbox 1848 2348 1928 2376; x_wconf 60' lang='lat' dir='ltr'>{altar};</span> 
     </span>
    </p>
   </div>
   <div class='ocr_carea' id='block_1_105' title="bbox 1127 2392 1928 2432">
    <p class='ocr_par' dir='ltr' id='par_1_105' title="bbox 1127 2392 1928 2432">
     <span class='ocr_line' id='line_1_107' title="bbox 1127 2392 1928 2432; baseline -0.004 -10"><span class='ocrx_word' id='word_1_775' title='bbox 1127 2397 1171 2422; x_wconf 84' lang='grc' dir='ltr'>καὶ</span> <span class='ocrx_word' id='word_1_776' title='bbox 1210 2396 1336 2432; x_wconf 84' lang='grc' dir='ltr'>ὁρώμενος</span> <span class='ocrx_word' id='word_1_777' title='bbox 1361 2397 1405 2421; x_wconf 80' lang='grc' dir='ltr'>καὶ</span> <span class='ocrx_word' id='word_1_778' title='bbox 1432 2396 1500 2428; x_wconf 77' lang='grc' dir='ltr'>ἔστι,</span> <span class='ocrx_word' id='word_1_779' title='bbox 1520 2396 1564 2420; x_wconf 82' lang='grc' dir='ltr'>καὶ</span> <span class='ocrx_word' id='word_1_780' title='bbox 1590 2394 1750 2430; x_wconf 76' lang='grc' dir='ltr'>ὠνόμασται.</span> <span class='ocrx_word' id='word_1_781' title='bbox 1780 2392 1852 2420; x_wconf 82' lang='grc' dir='ltr'>Ἀλλ’</span> <span class='ocrx_word' id='word_1_782' title='bbox 1876 2395 1928 2419; x_wconf 73' lang='grc' dir='ltr'>οὔτε</span> 
     </span>
    </p>
   </div>
   <div class='ocr_carea' id='block_1_106' title="bbox 1127 2436 1926 2477">
    <p class='ocr_par' dir='ltr' id='par_1_106' title="bbox 1127 2436 1926 2477">
     <span class='ocr_line' id='line_1_108' title="bbox 1127 2436 1926 2477; baseline -0.005 -11"><span class='ocrx_word' id='word_1_783' title='bbox 1127 2444 1172 2466; x_wconf 82' lang='grc' dir='ltr'>νῦν</span> <span class='ocrx_word' id='word_1_784' title='bbox 1193 2442 1253 2477; x_wconf 80' lang='grc' dir='ltr'>περὶ</span> <span class='ocrx_word' id='word_1_785' title='bbox 1277 2440 1370 2465; x_wconf 78' lang='grc' dir='ltr'>τούτου</span> <span class='ocrx_word' id='word_1_786' title='bbox 1399 2437 1555 2468; x_wconf 75' lang='grc' dir='ltr'>διαληπτέον</span> <span class='ocrx_word' id='word_1_787' title='bbox 1585 2437 1631 2472; x_wconf 85' lang='grc' dir='ltr'>δὴ,</span> <span class='ocrx_word' id='word_1_788' title='bbox 1659 2439 1717 2464; x_wconf 70' lang='grc' dir='ltr'>οὔτε</span> <span class='ocrx_word' id='word_1_789' title='bbox 1740 2436 1770 2464; x_wconf 62' lang='grc' dir='ltr'>δὲ</span> <span class='ocrx_word' id='word_1_790' title='bbox 1798 2440 1860 2474; x_wconf 83' lang='grc' dir='ltr'>περὶ</span> <span class='ocrx_word' id='word_1_791' title='bbox 1887 2440 1926 2463; x_wconf 78' lang='grc' dir='ltr'>τοῦ</span> 
     </span>
    </p>
   </div>
   <div class='ocr_carea' id='block_1_107' title="bbox 1128 2481 1926 2522">
    <p class='ocr_par' dir='ltr' id='par_1_107' title="bbox 1128 2481 1926 2522">
     <span class='ocr_line' id='line_1_109' title="bbox 1128 2481 1926 2522; baseline -0.004 -12"><span class='ocrx_word' id='word_1_792' title='bbox 1128 2487 1221 2513; x_wconf 83' lang='grc' dir='ltr'>νοητοῦ</span> <span class='ocrx_word' id='word_1_793' title='bbox 1267 2485 1310 2510; x_wconf 78' lang='grc' dir='ltr'>καὶ</span> <span class='ocrx_word' id='word_1_794' title='bbox 1352 2486 1456 2522; x_wconf 81' lang='grc' dir='ltr'>πρώτου</span> <span class='ocrx_word' id='word_1_795' title='bbox 1491 2485 1591 2520; x_wconf 84' lang='grc' dir='ltr'>κόσμου</span> <span class='ocrx_word' id='word_1_796' title='bbox 1629 2484 1725 2513; x_wconf 79' lang='grc' dir='ltr'>παντὸς</span> <span class='ocrx_word' id='word_1_797' title='bbox 1754 2481 1926 2518; x_wconf 63' lang='grc' dir='ltr'>φιλοσοφῆσαι</span> 
     </span>
    </p>
   </div>
   <div class='ocr_carea' id='block_1_108' title="bbox 1129 2526 1927 2566">
    <p class='ocr_par' dir='ltr' id='par_1_108' title="bbox 1129 2526 1927 2566">
     <span class='ocr_line' id='line_1_110' title="bbox 1129 2526 1927 2566; baseline -0.004 -11"><span class='ocrx_word' id='word_1_798' title='bbox 1129 2530 1219 2566; x_wconf 81' lang='grc' dir='ltr'>καιρός</span> <span class='ocrx_word' id='word_1_799' title='bbox 1236 2539 1242 2545; x_wconf 89' lang='grc'>·</span> <span class='ocrx_word' id='word_1_800' title='bbox 1257 2527 1369 2565; x_wconf 80' lang='grc' dir='ltr'>Μιχαὴλ</span> <span class='ocrx_word' id='word_1_801' title='bbox 1384 2526 1414 2555; x_wconf 76' lang='grc' dir='ltr'>δὲ</span> <span class='ocrx_word' id='word_1_802' title='bbox 1429 2530 1473 2554; x_wconf 81' lang='grc' dir='ltr'>καὶ</span> <span class='ocrx_word' id='word_1_803' title='bbox 1489 2527 1604 2565; x_wconf 75' lang='grc' dir='ltr'>Γαϐριὴλ</span> <span class='ocrx_word' id='word_1_804' title='bbox 1631 2527 1656 2553; x_wconf 88' lang='grc' dir='ltr'>οἰ</span> <span class='ocrx_word' id='word_1_805' title='bbox 1683 2528 1870 2564; x_wconf 75' lang='grc' dir='ltr'>τρισμέγιστοι</span> <span class='ocrx_word' id='word_1_806' title='bbox 1887 2535 1927 2562; x_wconf 69' lang='grc' dir='ltr'>μί’</span> 
     </span>
    </p>
   </div>
   <div class='ocr_carea' id='block_1_109' title="bbox 1129 2571 1926 2610">
    <p class='ocr_par' dir='ltr' id='par_1_109' title="bbox 1129 2571 1926 2610">
     <span class='ocr_line' id='line_1_111' title="bbox 1129 2571 1926 2610; baseline -0.005 -10"><span class='ocrx_word' id='word_1_807' title='bbox 1129 2573 1295 2610; x_wconf 78' lang='grc' dir='ltr'>γαλοπρεπὴς</span> <span class='ocrx_word' id='word_1_808' title='bbox 1321 2574 1382 2609; x_wconf 78' lang='grc' dir='ltr'>ἡμῖν</span> <span class='ocrx_word' id='word_1_809' title='bbox 1415 2575 1527 2610; x_wconf 81' lang='grc' dir='ltr'>σήμερον</span> <span class='ocrx_word' id='word_1_810' title='bbox 1562 2572 1685 2603; x_wconf 75' lang='grc' dir='ltr'>ὑπόθεσις</span> <span class='ocrx_word' id='word_1_811' title='bbox 1728 2571 1926 2609; x_wconf 67' lang='grc' dir='ltr'>προϐέϐληνται,</span> 
     </span>
    </p>
   </div>
   <div class='ocr_carea' id='block_1_110' title="bbox 1201 2660 1842 2692">
    <p class='ocr_par' dir='ltr' id='par_1_110' title="bbox 1201 2660 1842 2692">
     <span class='ocr_line' id='line_1_112' title="bbox 1201 2660 1842 2692; baseline -0.005 -1"><span class='ocrx_word' id='word_1_812' title='bbox 1201 2663 1268 2692; x_wconf 84' lang='lat' dir='ltr'>Jam</span> <span class='ocrx_word' id='word_1_813' title='bbox 1283 2665 1345 2691; x_wconf 77' lang='lat' dir='ltr'>tum</span> <span class='ocrx_word' id='word_1_814' title='bbox 1361 2670 1428 2691; x_wconf 81' lang='lat' dir='ltr'>cum</span> <span class='ocrx_word' id='word_1_815' title='bbox 1441 2670 1532 2691; x_wconf 76' lang='lat' dir='ltr'>ausus</span> <span class='ocrx_word' id='word_1_816' title='bbox 1545 2670 1574 2691; x_wconf 89' lang='lat' dir='ltr'>es</span> <span class='ocrx_word' id='word_1_817' title='bbox 1595 2669 1674 2690; x_wconf 91' lang='lat' dir='ltr'>unus</span> <span class='ocrx_word' id='word_1_818' title='bbox 1693 2660 1842 2689; x_wconf 80' lang='lat' dir='ltr'>Italorum</span> 
     </span>
    </p>
   </div>
   <div class='ocr_carea' id='block_1_111' title="bbox 1203 2697 1877 2733">
    <p class='ocr_par' dir='ltr' id='par_1_111' title="bbox 1203 2697 1877 2733">
     <span class='ocr_line' id='line_1_113' title="bbox 1203 2697 1877 2733; baseline -0.001 -6"><span class='ocrx_word' id='word_1_819' title='bbox 1203 2700 1291 2727; x_wconf 82' lang='lat' dir='ltr'>Omne</span> <span class='ocrx_word' id='word_1_820' title='bbox 1303 2706 1398 2727; x_wconf 66' lang='lat' dir='ltr'>aevum</span> <span class='ocrx_word' id='word_1_821' title='bbox 1414 2699 1492 2726; x_wconf 65' lang='lat' dir='ltr'>tibus</span> <span class='ocrx_word' id='word_1_822' title='bbox 1507 2698 1661 2733; x_wconf 71' lang='lat' dir='ltr'>explicare</span> <span class='ocrx_word' id='word_1_823' title='bbox 1675 2697 1800 2731; x_wconf 80' lang='lat' dir='ltr'>chartis,</span> <span class='ocrx_word' id='word_1_824' title='bbox 1821 2699 1877 2726; x_wconf 80' lang='lat' dir='ltr'>etc.</span> 
     </span>
    </p>
   </div>
   <div class='ocr_carea' id='block_1_112' title="bbox 1130 2734 1750 2771">
    <p class='ocr_par' dir='ltr' id='par_1_112' title="bbox 1130 2734 1750 2771">
     <span class='ocr_line' id='line_1_114' title="bbox 1130 2734 1750 2771; baseline -0.013 -2"><span class='ocrx_word' id='word_1_825' title='bbox 1130 2734 1193 2769; x_wconf 81' lang='lat' dir='ltr'>Quo</span> <span class='ocrx_word' id='word_1_826' title='bbox 1205 2734 1282 2771; x_wconf 86' lang='lat' dir='ltr'>loco,</span> <span class='ocrx_word' id='word_1_827' title='bbox 1298 2739 1387 2769; x_wconf 73' lang='lat' dir='ltr'>umis,</span> <span class='ocrx_word' id='word_1_828' title='bbox 1399 2734 1517 2764; x_wconf 86' lang='lat' dir='ltr'>videtur</span> <span class='ocrx_word' id='word_1_829' title='bbox 1527 2741 1602 2769; x_wconf 85' lang='lat' dir='ltr'>esse,</span> <span class='ocrx_word' id='word_1_830' title='bbox 1620 2734 1750 2770; x_wconf 79' lang='lat' dir='ltr'>primus.</span> 
     </span>
    </p>
   </div>
  </div>
