1966 3079
29 140 111 171 i225

449 148 581 179 NICETIE
595 148 782 180 LAUDATIO
795 149 846 181 SS.
862 146 1049 181 MICHAELIS
1067 154 1110 182 ET
1123 152 1316 182 GABRIELIS.

1656 157 1726 186 i226

20 207 50 231 οἱ
68 209 121 237 τῆς
143 206 340 244 ἆρχαγγελικῆς
367 211 412 247 μὶν
437 212 533 244 τάξεως
561 211 708 252 ὶδιαιτέρως
731 214 819 251 ταξιάρ

899 213 962 250 ipso
984 215 1065 244 fonte
1079 216 1182 245 lumen
1198 216 1327 252 gratuita.
1355 215 1626 246 communicatione
1656 227 1726 256 pro-

18 260 84 296 ᾈαι
100 254 144 279 καὶ
172 254 262 284 πάσης
288 252 318 281 δὲ
344 259 394 281 τῶν
436 257 509 283 θείων
543 257 655 294 ἀγγέλων
679 259 838 296 πανάριστοι

22 292 193 333 δημαγωγοὶ
204 302 395 336 χοροστασίας,
408 302 432 327 οἱ
445 305 492 328 τοῦ
524 307 618 332 νοητοῦ
644 306 745 341 κόσμου
773 314 837 331 παν-

21 341 77 371 τὸς
101 339 144 368 οἷά
158 352 223 373 τινες
252 343 380 381 ὀφθαλμοὶ
411 346 609 374 θεοπτιχώτατοι
639 352 683 375 καὶ
706 351 837 385 φωιτοιυγέΔ

23 386 356 425 στατοι,προϐἐϐλημένοι
369 388 406 416 δι’
422 390 455 416 ὧν
486 390 527 418 ἐπὶ
555 396 643 419 πᾶσαν
668 394 717 431 ὁρᾷ
744 395 836 431 Κύριος

19 431 77 458 τὴν
98 434 159 466 γῆν.
175 435 328 470 [Ιροαιρέσιι
343 435 394 472 γὰρ
415 434 573 471 ἆγαθοτάτη,
588 440 632 464 καὶ
651 439 709 469 νοὸς
736 437 836 476 ἀχράν-

18 483 85 505 τοις
113 476 217 512 ﬁgite-eat
243 479 308 514 πρὸς
330 481 378 508 τὴν
407 480 532 517 θιαρχίαν
557 481 652 518 μᾶλλον
683 487 732 509 τῶν
752 483 833 510 ἄλλων

17 517 222 557 ἀνατεταμένοι,
251 524 296 549 καὶ
319 525 385 561 πρὸς
414 527 461 554 τὴν
495 524 574 558 δόξαν
593 527 676 558 αὐτῆς
702 527 833 555 brevebre-

17 573 69 600 ρον
87 567 251 602 κεκινημένοι
263 570 310 598 τῆς
341 567 464 596 ἀνωτάτω
490 570 551 608 παρ’
580 571 662 603 αὐτῆς
681 572 832 604 καταξιοῦν-

16 618 65 635 ται
80 614 174 647 τιμῆς,
194 611 219 638 οἱ
233 609 340 639 δυνατοὶ
360 613 438 650 ἰσχῦι
466 620 577 645 ποιῆσαι
601 618 631 643 τὸ
659 616 757 654 θέλημα
785 623 830 645 τοῦ

17 651 152 688 δυνατοῦ,
168 654 192 681 οἱ
207 659 309 683 συνιτοὶ
319 661 412 688 νοῆσαι
432 661 461 685 τό
494 658 617 697 βούλημα
637 665 683 688 τοῦ
712 666 828 697 συνετοῦ,

14 698 120 733 μᾶλλον
145 697 176 726 δὲ
201 704 246 727 τοῦ
273 704 317 728 καὶ
348 700 484 739 δυνάμεως
520 706 608 736 πάσης
631 708 676 732 καὶ
705 708 830 738 συνέσεως

16 743 176 780 ὑπερέκεινα
204 746 389 783 θεωρουμένου.
424 746 503 775 Οὗτοι
524 747 554 775 6“:
581 754 625 776 νῦν
654 751 678 777 oi
710 751 828 787 μεγαλώι

13 798 109 825 νυμοι,
139 790 164 816 οἱ
193 788 345 828 ἀγιώνυμοι,
373 797 409 828 τῷ
430 794 545 831 ἡμετέρῳ
573 793 642 831 λογῳ
666 797 827 833 προκείμενοι

16 835 131 869 σκοπὸς,
147 834 222 861 αὐτοὶ
237 835 267 861 ἃν
287 837 484 872 καθηγήσαιντο
505 841 569 876 πρὸς
597 839 683 867 αὐτόν.
712 840 750 867 Οὐ
775 842 825 879 γὰρ

14 881 85 916 πρὸς
101 879 176 916 ἡμῶν
204 884 252 911 τῆς
287 885 337 908 τῶν
364 883 436 909 θιίων
464 883 685 922 μεγαλοπρεπείας
718 884 825 922 ἐφικνεῖ-

16 925 84 950 σθαι
114 922 173 951 οὐδ’
194 923 307 957 ἔπαίνοις
338 927 500 964 χαρίζεσθαι
536 932 589 960 τοῖς
619 929 713 967 ἀπείρῳ
739 932 824 968 μέτρῳ

15 966 123 1005 σχεδὸν
150 971 194 996 τὸν
216 975 265 997 τῶν
302 971 442 1010 ἀνθρώπων
487 966 726 1011 ὑπεραναϐεϐηδίόσι
754 980 822 1004 νοῦν.

16 1013 85 1040 Ἀλλ’
102 1014 190 1045 αὐτοῖς
211 1015 316 1048 ἐκείνοις
345 1021 391 1043 τοῦ
420 1021 464 1044 νοῦ
492 1021 536 1045 καὶ
558 1018 636 1055 λόγου
660 1021 824 1057 καθηγεμόσι

14 1060 179 1096 κεχρημένοι
193 1059 289 1087 οἰκείαν
312 1060 399 1093 αὐτοῖς
430 1061 483 1092 ἤδη
513 1065 560 1093 τὴν
582 1066 689 1101 αἷνεσιν,
715 1066 748 1096 ὡς
772 1075 824 1102 ιφι-

14 1106 88 1141 κτὸν,
134 1103 342 1143 ἐξιργαζώμεθα-
368 1107 397 1133 οὐ
424 1109 471 1138 τὴν
501 1107 650 1145 ἀγγελικὴν,
677 1109 733 1140 ἣτις
760 1112 823 1137 ποτέ

14 1151 82 1187 ἔστι,
116 1154 195 1190 φύσιν
241 1154 527 1194 πολυπραγμονοῦντες,
585 1157 718 1195 ἀνέφικτον
758 1161 821 1198 γὰρ,

13 1197 109 1224 ἀλλ’ὲκ
124 1203 172 1230 τῆς
186 1200 308 1232 ποικίλης
323 1200 451 1239 ὶνιργιίας
475 1202 489 1232 ἣ
517 1199 653 1234 διακονίας
676 1205 719 1230 τὸν
752 1197 822 1231 αἶνον

12 1242 164 1279 ὑφαίνοντες
185 1245 218 1271 τὰ
251 1247 311 1283 πιρὶ
346 1249 392 1276 τῆς
415 1246 499 1273 αὐτῶν
523 1247 616 1279 οὐσίας
642 1248 689 1274 οὐκ
716 1247 821 1280 ἀπεικός

12 1288 69 1315 iam
95 1291 294 1327 τεκμαίρεσθαι,
324 1291 339 1320 ἣ
373 1290 505 1329 σύδρομος
531 1292 573 1319 ἐπὶ
608 1295 691 1320 τούτω
718 1297 821 1332 τυγχά-

11 1343 95 1360 νουσα
116 1338 148 1364 τῆ
175 1334 288 1372 ἐνεργείᾳ
316 1333 353 1362 δι’
382 1336 463 1368 αὐτῆς
493 1337 577 1374 ἠρέμα
606 1339 817 1377 καταθεωρεῐται.

12 1382 58 1405 Οτι
74 1380 122 1416 μὶν
138 1377 207 1405 οὗνό
228 1382 294 1411 Θεὸς
320 1379 454 1417 ἀγίννητος
486 1384 532 1408 καὶ
563 1381 678 1414 ἀναίτιος
701 1384 734 1410 ὧν
756 1394 819 1411 παν-

12 1426 55 1455 τὸς
66 1424 162 1454 αἰῶνος
171 1426 217 1450 καὶ
235 1427 334 1462 χρόνον
351 1427 492 1457 actin-(ian;
520 1425 550 1453 δὲ
577 1429 686 1459 κτίσεως
716 1427 818 1466 ὀπωμί-

11 1477 56 1499 νης
73 1468 154 1499 αὐτὸς
168 1468 240 1495 ἐστιν
255 1471 270 1499 ἦ
297 1472 465 1509 πρωτουργὸς
495 1471 692 1508 αἰτία,Μιχαὴλ
720 1471 749 1499 δὲ
772 1475 817 1501 καὶ

12 1513 130 1552 magis}
145 1515 325 1552 στρατιάρχαι
337 1519 387 1541 τῶν
420 1517 493 1542 eum
514 1516 558 1543 ὑπ’
579 1517 658 1543 αὑτοῦ
690 1520 817 1548 κατέστη-

11 1567 59 1585 σαν
74 1558 201 1595 ἀγγὲλὼν,
221 1558 250 1585 οὐ
279 1563 390 1598 μακροῖς
412 1559 482 1587 ἔστιν
510 1559 695 1588 ἀποδεικνύναι
717 1562 813 1600 λόγὸις,

8 1605 99 1630 πίστει
128 1602 158 1630 δί
190 1613 254 1640 μονη
292 1608 324 1634 τῆ
352 1606 439 1636 πάσης
465 1604 624 1638 ἁποδιίξεως
650 1606 816 1646 ἔνιργιστέρᾳ

8 1650 52 1674 καὶ
77 1646 235 1685 βεϐαιοτίρᾳ
260 1649 334 1675 ταῦθ’
372 1649 473 1681 ἑαυτοῖς
491 1651 679 1688 ὑποτιθέμενοι,
718 1652 813 1679 οἰνωθιν

9 1689 37 1718 δὲ
55 1692 175 1729 τῷλόγῳ
202 1697 260 1724 ταῖς
287 1694 366 1731 ίιραῖς
399 1694 526 1731 ἑπομένως
563 1700 675 1733 γραφαῖς
702 1694 812 1733 διαλαμ-

7 1737 121 1768 Eii-4mm;
149 1739 194 1768 τὰς
233 1738 393 1775 λειτουργίας
422 1739 515 1775 αὐτῶν,
541 1741 588 1767 εἶτ’
612 1739 656 1767 οὖν
670 1741 807 1779 ἱνεργιίας.

894 257 995 295 pagat.
1012 260 1125 289 leum
1138 261 1196 290 hoc
1210 269 1316 290 verum
1335 260 1479 289 nimirum
1499 268 1603 296 unum,
1621 271 1656 291 ac
1673 264 1724 292 tali

893 303 1021 340 dignum
1040 306 1162 334 nomine
1183 309 1329 343 tanquam
1337 313 1497 342 supremus
1506 306 1632 343 quidam
1642 308 1724 337 thro-

891 356 949 377 nus
970 349 1120 379 Altissimo
1139 354 1325 387 praeparatus
1338 352 1383 378 est
1392 352 1480 379 Terra
1494 358 1564 379 vero
1579 353 1723 389 tanquam

893 393 1059 423 scabellum
1073 399 1179 430 aptum
1202 395 1370 424 humilitate
1398 403 1454 424 sua
1472 395 1511 424 ad
1535 404 1626 425 usum
1660 399 1723 426 tam

891 438 989 475 vilem,
1006 439 1175 475 subjectum
1189 439 1230 468 illi
1244 440 1352 469 throno
1381 442 1435 468 est.
1470 441 1590 469 Terram
1620 444 1722 470 autem

889 489 970 512 nunc
985 484 1103 520 appello
1129 485 1354 513 universitatem
1378 492 1499 513 omnem
1528 485 1720 515 sensibilium

888 535 1049 565 corporum
1064 538 1070 564 ;
1083 537 1150 566 quin
1163 529 1314 558 secundus
1329 529 1463 558 mundus
1497 531 1658 560 materialis
1686 533 1714 559 et

887 573 1076 609 aspectabilis
1090 577 1118 602 et
1131 577 1176 603 est
1195 577 1224 603 et
1257 574 1435 611 appellatur.
1458 574 1567 604 Verum
1594 576 1631 604 de
1657 576 1716 604 hoc

886 618 1001 646 mundo
1016 619 1204 655 capessenda
1218 619 1309 647 modo
1324 618 1413 647 nobis
1429 620 1564 648 tractatio
1577 628 1636 649 non
1661 622 1715 649 est.

885 663 925 690 Ne
941 663 1073 698 primum
1096 662 1182 691 illum
1218 663 1342 700 quidem
1370 663 1595 700 intelligibilem,
1621 672 1716 701 quam

883 709 941 735 late
955 710 1046 744 patet,
1062 708 1235 736 universum
1250 708 1407 744 complecti
1426 708 1628 745 disputatione
1656 718 1713 737 vat-

883 754 940 780 cat.
962 752 1134 781 Orationem
1149 753 1262 789 quippe
1276 755 1412 781 nostram
1443 761 1564 782 omnem
1594 754 1712 782 hodier-

848 789 867 817 Β
882 804 955 825 nam
969 797 1049 825 hanc
1065 798 1103 826 ad
1115 805 1147 826 se
1172 797 1356 834 jamdudum
1384 798 1507 834 rapiunt
1532 797 1711 834 Archangeli

881 845 924 871 ter
938 842 1062 870 maximi
1076 842 1197 871 Michael
1211 845 1240 871 et
1258 842 1375 871 Gabriel
1393 851 1399 877 ;
1427 846 1639 878 argumentum
1666 843 1711 871 dia

881 886 968 915 Oendi
984 887 1179 922 magniﬁcum
1195 887 1225 915 in
1238 887 1342 924 primis
1368 887 1574 923 Archangelici
1596 888 1709 916 ordinis

879 930 1026 960 individui
1045 932 1137 960 duces
1152 934 1181 960 et
1197 932 1326 960 universi
1339 931 1511 961 divinorum
1531 932 1708 968 angelorum

880 976 962 1005 chori
981 977 1187 1005 moderatores
1200 976 1315 1013 optimi.
1331 976 1490 1013 Mundique
1517 978 1582 1014 ejus
1608 977 1708 1006 omnis

878 1021 965 1057 cujus
981 1021 1082 1050 animo
1097 1022 1179 1049 cerni
1199 1021 1262 1050 solo
1283 1022 1397 1058 species
1422 1024 1520 1059 potest
1543 1022 1624 1050 velut
1646 1022 1708 1050 duo

878 1066 1003 1102 quidam
1014 1066 1092 1095 oculi
1107 1066 1293 1101 lucidissimi,
1306 1066 1346 1094 ad
1365 1067 1417 1095 Dei
1440 1075 1536 1104 usque
1559 1066 1708 1095 visionem

878 1118 962 1139 acres
976 1119 1098 1139 omnem
1112 1111 1143 1139 in
1163 1113 1280 1147 partem
1294 1111 1398 1139 intenti
1425 1120 1431 1138 :
1461 1112 1573 1148 quibus
1600 1111 1707 1139 orbem

877 1157 1024 1184 terrarum
1036 1156 1211 1184 universum
1230 1155 1356 1192 despicit
1383 1157 1470 1184 Deus.
1493 1156 1598 1184 Libera
1624 1155 1705 1184 enim

874 1200 939 1237 jam
963 1208 982 1229 ο.
1002 1201 1150 1238 principio
1179 1200 1218 1228 ab
1247 1208 1284 1228 ea
1305 1200 1547 1229 constantissime.
1561 1200 1704 1229 electione

876 1245 969 1274 animi
986 1248 1014 1274 et
1026 1246 1149 1274 isncerse
1166 1244 1274 1273 mentis
1289 1245 1444 1274 amoribus
1468 1245 1636 1282 purissimis
1664 1244 1705 1273 ad

874 1289 981 1318 divinae
987 1290 1152 1326 majestatis
1170 1289 1357 1318 adorandam
1364 1290 1570 1319 excellentiam
1580 1296 1702 1326 promo-

874 1334 1066 1371 vendamque
1082 1334 1208 1369 gloriam
1221 1334 1376 1362 intentiore
1383 1343 1476 1371 quam
1484 1335 1581 1363 caeteri
1602 1333 1701 1362 studio

874 1379 1182 1415 conversi,;supremis
1204 1378 1368 1407 honoribus
1394 1380 1433 1407 ab
1465 1388 1500 1408 ea
1529 1379 1634 1408 merito
1658 1378 1702 1406 di-

873 1426 1014 1461 gnantur.
1030 1423 1072 1452 Illi
1086 1425 1222 1460 potentes
1236 1423 1341 1451 virtute
1352 1423 1391 1452 ad
1400 1423 1573 1452 faciendam
1591 1425 1699 1452 volun-

873 1471 964 1498 tatem
989 1468 1130 1505 potentis.
1165 1467 1208 1495 illi
1237 1467 1387 1504 sapientes
1404 1468 1442 1497 ad
1471 1468 1700 1503 intelligendum

871 1513 1026 1543 consilium
1042 1512 1183 1549 sapientis
1206 1515 1282 1540 :aut
1307 1512 1373 1548 ejus
1402 1512 1501 1549 potius
1534 1520 1623 1549 quem
1647 1512 1700 1548 qui

870 1559 1111 1596 contemplantur
1122 1557 1245 1595 propius
1263 1558 1398 1594 potentia
1409 1557 1618 1594 sapientiaque
1635 1565 1699 1585 om‘

869 1605 901 1633 ni
913 1603 1099 1642 superiorem
1114 1602 1216 1631 vident
1225 1610 1302 1631 esse.
1330 1602 1374 1630 Illi
1398 1611 1509 1639 magno
1533 1604 1698 1638 sanctoque

869 1649 1001 1685 insignes
1029 1648 1162 1677 nomine.
1188 1647 1246 1684 ipsi
1274 1655 1384 1684 scopus
1412 1647 1556 1676 orationis
1571 1649 1691 1675 nostrae.

870 1695 974 1729 Iidem,
990 1701 1077 1730 spero
1101 1692 1250 1729 equidem,
1279 1700 1347 1721 eam
1371 1693 1411 1721 ad
1438 1701 1470 1721 se
1496 1692 1625 1728 dirigent
1659 1698 1697 1719 ne

870 1740 996 1768 aberret.
1017 1740 1129 1767 Natura
1142 1737 1222 1766 enim
1236 1745 1271 1766 ac
1284 1737 1424 1766 facultate
1438 1739 1543 1766 nostra
1556 1736 1692 1774 superius

7 1785 48 1810 est
62 1783 223 1820 quiddam,
239 1783 280 1811 ad
291 1783 464 1813 divinarnin
478 1793 579 1814 rerum
589 1786 842 1822 magniﬁcentiam
857 1784 989 1820 aspirare
1004 1792 1011 1811 :
1036 1786 1088 1812 aut
1116 1783 1261 1811 demereri
1278 1782 1427 1819 nobisque
1440 1782 1573 1818 obligare
1587 1781 1681 1809 lauda

7 1827 84 1855 tione
100 1830 206 1856 nostra
218 1835 365 1864 supernas
380 1828 446 1857 illas
474 1832 598 1864 mentes,
628 1839 759 1867 quarum
783 1834 827 1860 est
849 1828 965 1858 inﬁnito
987 1827 1122 1864 quodam
1150 1826 1306 1855 intervallo
1329 1835 1423 1863 supra
1448 1827 1618 1855 humanum
1646 1833 1694 1853 ca~

7 1874 57 1908 put
66 1872 147 1901 elata
161 1872 344 1908 praestantia.
357 1873 414 1902 Sed
429 1873 502 1910 ipsis
517 1874 574 1902 illis
586 1875 774 1910 cogitationis
796 1879 825 1904 et
848 1873 993 1904 orationis
1018 1872 1065 1900 usi
1078 1872 1208 1900 ducibus
1242 1875 1348 1900 exacta
1368 1872 1408 1900 ad
1436 1879 1540 1900 eorum
1566 1871 1691 1899 ductum

7 1919 33 1944 et
45 1917 160 1945 directa
172 1919 299 1953 utraque
310 1925 364 1954 pro
379 1921 487 1946 nostrae
503 1919 652 1948 facultatis
664 1920 789 1949 modulo
803 1920 901 1957 potius
928 1926 1020 1955 quam
1054 1925 1109 1954 pro
1130 1917 1251 1945 illorum
1278 1916 1384 1946 merito
1404 1917 1610 1945 laudationem
1634 1915 1695 1944 ela-

7 1960 160 1990 boremus.
178 1962 249 1994 Quae
261 1961 345 1990 nulla
370 1962 494 1998 quidem
517 1964 548 1992 in
566 1964 668 1992 subtili
686 1968 800 1993 naturae
825 1963 967 1999 angelicae
992 1962 1211 1998 disquisitione,
1236 1962 1334 1998 qualis
1353 1961 1476 1990 tandem
1500 1961 1547 1996 sit,
1575 1960 1694 1989 curiose

9 2006 235 2039 conﬂictabitur,
246 2006 276 2034 id
287 2006 367 2034 enim
381 2006 492 2036 frustra
506 2011 665 2037 conaretur
674 2009 807 2046 quidem,
824 2009 882 2037 nisi
897 2009 922 2036 si
934 2006 1008 2044 quid
1021 2015 1126 2035 eorum
1141 2014 1175 2034 ex
1196 2006 1287 2034 variis
1318 2007 1461 2043 operibus
1496 2006 1586 2034 laude
1616 2005 1696 2034 velut

11 2050 208 2084 contexenda,
229 2058 266 2078 ex
279 2051 306 2078 vi
316 2059 383 2087 quae
401 2051 479 2080 iniis
494 2053 624 2081 cernitur
647 2054 686 2082 ad
712 2054 913 2089 cognitionem
936 2053 1002 2088 ejus
1031 2060 1099 2088 quae
1130 2051 1214 2079 illam
1238 2052 1369 2080 continet
1387 2054 1479 2088 atque
1506 2051 1614 2079 exserit
1639 2058 1694 2078 na-

12 2096 82 2124 tura:
102 2095 156 2124 niti
170 2095 315 2132 paulatim
330 2096 512 2131 suspicando
533 2100 623 2134 atque
647 2099 826 2127 aestimando
851 2097 1048 2135 potuerimus.
1063 2101 1103 2124 Ac
1132 2096 1264 2132 primum
1290 2095 1413 2132 quidem
1434 2102 1588 2123 summum
1609 2093 1694 2122 illum

11 2146 106 2175 neque
117 2141 240 2177 parente
254 2139 388 2175 genitum
402 2148 502 2177 neque
513 2141 652 2171 effectum
682 2151 784 2177 causa,
812 2146 864 2172 aut
887 2151 903 2171 e
930 2141 1078 2178 principio
1106 2141 1268 2169 excitatum
1296 2147 1362 2168 esse
1392 2148 1548 2177 quoquam
1580 2140 1692 2167 Deum:

11 2185 170 2213 Auctorem
185 2192 253 2212 vero
266 2185 367 2221 ipsum
383 2188 473 2221 atque
488 2186 656 2216 etl‘ectorem
672 2190 736 2217 tum
747 2189 802 2216 aevi
812 2188 911 2217 omnis
925 2195 960 2215 ac
971 2185 1123 2222 temporis,
1153 2188 1217 2213 tum
1242 2185 1442 2213 universitatis
1475 2184 1573 2212 omnis
1601 2184 1693 2219 hujus

10 2229 113 2258 mundi
127 2228 255 2265 duplicis
270 2230 382 2266 quique
397 2238 487 2258 sensu
502 2231 658 2261 oculorum
672 2233 785 2270 quique
807 2232 985 2269 cogitatione
1014 2230 1159 2258 mentium
1185 2229 1356 2266 percipitur.
1384 2231 1488 2257 Porrro
1521 2228 1693 2257 Michaelem

9 2275 36 2301 et
49 2273 218 2302 Gabrielem
231 2273 356 2302 caelestis
371 2274 548 2309 angelorum
563 2277 664 2305 milites
687 2286 820 2306 summos
837 2279 1032 2313 imperatores
1048 2275 1087 2303 ab
1115 2274 1180 2310 ipso
1204 2282 1268 2302 esse
1296 2273 1483 2307 constitutos,
1498 2273 1598 2301 verbis
1625 2273 1694 2310 qui-

10 2317 75 2347 dem
89 2321 118 2347 et
128 2319 314 2354 argumentis
329 2318 465 2355 pluribus
477 2321 641 2357 approbari
650 2322 762 2359 nequit.
776 2325 817 2351 Ac
832 2330 869 2351 ne
884 2328 1005 2350 necesse
1032 2319 1154 2356 quidem
1181 2321 1234 2353 est,
1269 2327 1338 2347 cum
1358 2319 1422 2347 hzec
1448 2318 1532 2346 omni
1568 2318 1693 2346 demon-

10 2363 149 2391 stratione
175 2362 326 2391 efﬁcacior
350 2363 516 2400 certiorque
542 2365 617 2394 ﬁdes
643 2367 758 2396 doceat.
803 2367 894 2402 Cujus
916 2365 1004 2393 unius
1028 2372 1084 2400 par
1110 2366 1162 2399 est,
1189 2363 1366 2392 auctoritate
1392 2363 1540 2400 persuasi,
1567 2362 1693 2398 ejusque

9 2407 47 2435 rei
62 2407 237 2436 assensione
251 2408 420 2442 constituta,
437 2411 575 2439 ceteram
596 2411 639 2440 sic
657 2412 781 2441 demum
791 2411 982 2440 instituamus
1006 2407 1277 2437 considerationem
1301 2410 1334 2436 ut
1362 2415 1380 2436 a
1400 2408 1498 2444 primo
1522 2408 1590 2443 ipso
1610 2414 1694 2443 repe-

10 2450 92 2481 titam
107 2452 206 2488 capite
219 2459 273 2488 per
285 2460 440 2481 sacrorum
456 2459 673 2492 consequenter
684 2457 970 2486 commentariorum
982 2454 1091 2483 seriem
1107 2461 1229 2482 omnem
1249 2460 1354 2481 eorum
1367 2452 1527 2482 {unctionis
1553 2451 1690 2488 alicujus,

10 2500 57 2525 aut
69 2497 238 2526 efﬁcientiee
253 2497 432 2526 memoriam
444 2506 673 2536 persequamur.

41 2546 104 2573 Θεος
120 2542 153 2567 ὢν
167 2540 217 2577 ἀεὶ,
230 2543 297 2568 κατὰ
319 2543 348 2568 τὸ
384 2543 450 2569 θεῖον
471 2543 557 2580 λογιον
582 2544 672 2581 ἐκεῖνο,
695 2548 810 2580 κάθηται

10 2583 47 2612 ἰπὶ
58 2588 150 2614 θρόνου
166 2586 241 2623 ἁγίου
257 2586 347 2614 αὐτοῦ.
359 2586 392 2614 Ὀ
402 2589 429 2613 τί
453 2598 518 2629 ,ποτε
544 2588 577 2619 δὴ
607 2593 654 2620 τὴν
678 2591 809 2630 καθέδραν

9 2632 102 2661 ταύτην
116 2641 220 2661 νοητιον
239 2630 340 2667 ;οῆυ.αι
354 2630 383 2658 δὲ
399 2635 447 2662 τὴν
477 2633 609 2672 ἀραρότως
637 2639 683 2663 καὶ
709 2636 805 2674 ἀμετα-

10 2674 84 2708 θέτως
98 2676 143 2703 ἐπὶ
157 2681 204 2707 τῆς
219 2676 317 2708 οἰκείας
326 2676 406 2703 αὐτοῦ
432 2676 513 2710 δόξης
535 2678 641 2717 ἵδρυσιν
656 2684 700 2708 καὶ
712 2685 803 2719 μονήν.

9 2721 47 2746 Ali
58 2725 94 2758 τῷ
109 2721 151 2748 ὄπι
168 2722 258 2758 θρόνου
273 2720 378 2752 δηλαδὴ
395 2723 541 2761 καθημένῳ,
566 2727 609 2752 οἷα
642 2725 674 2756 δὴ
702 2726 808 2764 βασιλεῖ

10 2766 120 2809 μεγάλῳ,
142 2768 203 2797 τοὺς
241 2764 403 2804 δορυφόρους
430 2770 598 2807 παριστάναι.
628 2774 672 2798 Δεῖ
691 2776 727 2809 τῷ
761 2776 808 2804 τῆς

11 2807 67 2843 ὅλης
80 2813 193 2843 κτίσεως
209 2809 367 2842 δισπόςοντι
385 2814 418 2839 τὰ
432 2818 482 2840 τῶν
493 2816 644 2854 κτισμάτων
681 2807 811 2847 κάλλιστα

220 2861 342 2897 ΡΔπιοι,
363 2862 415 2893 Gn.
429 2863 505 2897 CXL.

899 2545 977 2574 Deus
991 2546 1131 2577 aeternus,
1155 2543 1242 2579 juxta
1268 2542 1403 2571 divinum
1425 2542 1498 2571 illud
1522 2539 1689 2575 oraculum,

864 2591 946 2620 sedet
959 2598 1048 2628 super
1082 2590 1225 2618 thronum
1251 2591 1389 2617 sanctum
1416 2596 1515 2616 suum.
1539 2587 1690 2621 Quidnam

862 2637 940 2666 hanc
946 2643 1011 2664 esse
1017 2635 1142 2664 tandem
1151 2634 1318 2663 sessionem
1326 2633 1539 2662 arbitrabimur
1549 2633 1564 2662 ?
1574 2632 1690 2661 Firmis-

860 2681 971 2710 simam
981 2681 1089 2717 opinor
1099 2680 1183 2708 illam
1198 2681 1287 2715 atque
1303 2678 1522 2707 immutabilem
1535 2685 1598 2706 una
1620 2685 1691 2705 sem:

860 2733 916 2764 per
927 2725 959 2754 in
971 2725 1118 2754 sententia
1132 2723 1329 2753 constantiam
1338 2726 1366 2753 et
1383 2731 1512 2753 moram.
1545 2724 1558 2751 ἔ
1563 2729 1611 2751 3.31
1639 2730 1690 2750 su-

862 2777 916 2808 per
948 2770 1091 2799 thronum
1124 2768 1240 2798 sedenti
1268 2771 1385 2806 oportet
1412 2776 1522 2806 nempe
1543 2770 1690 2805 tanquam

863 2822 977 2854 magno
990 2814 1062 2852 Regi
1070 2813 1211 2846 satellites
1227 2821 1384 2852 apparere.
1395 2814 1690 2853 Oportetcreaterum

1422 2871 1470 2899 39.
