1966 3079
46 127 61 156 1
67 129 126 157 229

538 126 672 160 NICETE
686 128 862 159 LAUDATIO
881 128 932 158 ss.
943 128 1127 158 MICHAELIS
1139 131 1182 158 ET
1197 129 1395 160 GABRIELIS.

1669 133 1737 164 1230

49 193 121 218 Θεοῦ
134 192 217 227 μένειν
232 189 256 216 ἒν
269 190 370 222 αὐτοῖς.
394 191 470 218 Ὀθεν
495 194 542 222 τὴν
568 192 629 222 ὅλην
656 191 756 229 ἆθροως
777 202 825 218 καθ’

959 197 1024 220 ntur
1034 199 1168 226 munere,
1192 192 1245 221 sed
1269 192 1358 221 etiam
1387 193 1544 229 sapienter.
1571 196 1644 224 Sunt
1656 197 1735 224 enim

47 235 136 261 λῦσαι
154 239 215 270 γῆν,
231 238 276 261 καὶ
291 238 341 262 πᾶν
355 234 384 262 δὲ
395 238 424 262 τὸ
439 238 534 268 ταύτης
550 236 691 273 ἀνάστημα
718 241 763 263 τοῦ
792 240 858 264 Θεοῦ

51 279 216 316 βουλομένου
232 280 465 317 καταστρέψασθαι
480 280 504 306 ἐν
523 284 595 318 χειρί
624 291 689 318 φασι
715 286 766 308 τῶν
791 281 860 316 ὑψη-

48 324 103 350 λῶν
120 326 217 350 τούτων
234 323 378 360 δυνάμεων,
409 326 470 355 τούς
498 335 525 352 τε
553 331 603 352 ⁴ι’ῶν
632 326 746 364 οὐρανῶν
779 335 859 352 κατα-

49 370 154 404 ράκτας
182 369 277 395 alvcan
306 369 513 406 καταρραγῆναι,
550 371 595 401 τάς
631 380 657 397 τι
697 372 782 407 πηγὰς
808 374 858 397 τῶν

49 413 182 440 ἀϐύσσων
195 414 309 439 κάτωθεν
333 413 521 451 ἀναρραγῆναι.
551 414 597 446 Οἷς
625 414 730 446 ἁπάσης
762 416 859 453 σαρκὸς

48 460 270 493 καταπνιγείσης,
286 461 362 494 μόνον
382 460 426 484 τὸν
463 457 566 485 δίκαιον
588 463 644 490 ταῖς
668 461 765 486 τούτων
796 469 859 496 προ-

48 505 139 532 νοὶαις
168 501 192 528 ἰν
228 502 331 538 κιϐωτῷ
362 502 449 534 ξυλίνη
482 506 637 540 πανοικεσίᾳ
666 502 857 534 διασώζεσθαι.

50 547 187 573 Ἐντιϋθιν
219 548 337 573 κάτεισιν
374 549 419 584 μὲν
446 548 611 586 οὐρανόθηό
628 550 722 585 Κύριος
739 548 782 575 ὶπὶ
811 550 858 578 τὴν

49 595 116 626 γῆν.
132 590 258 621 amem;
276 592 292 620 ἠ
317 590 432 623 κάθοδος
454 595 501 618 τοῦ
526 594 569 618 τὸν
599 593 705 629 οὐρανὸν
731 593 789 619 κατ’
817 593 859 619 οὔ-

51 637 118 662 σίαν
133 638 178 662 καὶ
197 637 244 664 τήν
268 639 319 671 ’γῆν
344 636 543 673 πεπληρωκότος
559 637 611 670 ;”ο
632 638 706 673 τάχα
734 639 781 666 τὴν
803 635 858 663 ἔπι-

51 683 124 716 φανῆ
145 684 196 706 τῶν
206 679 248 706 ἐπὶ
260 684 310 716 γῆς
332 681 412 718 ἔργων
436 681 516 707 αὐτοῦ
540 684 709 718 καινοτομίαν
733 685 800 708 Θεοῦ
826 686 856 711 τῆ

51 727 146 761 Γραφῆ
170 724 315 751 κατάϐασιν
344 725 467 762 εἰρῆσθαι
484 734 491 759 ;
509 726 616 752 Κάτιισι
644 729 730 752 τοίνυν
753 729 788 755 πῆ
814 727 858 762 μὲν

913 235 1024 272 quibus
1040 237 1154 265 aditum
1170 238 1350 274 permittant,
1364 240 1393 265 et
1411 238 1492 265 viam
1519 238 1638 267 faciant.
1657 242 1736 274 Quo-

912 289 980 308 rum
994 281 1238 310 videlicetdivina
1253 282 1395 318 quaedam
1411 286 1490 311 secta
1503 286 1546 311 est
1560 287 1588 311 et
1607 285 1735 313 cmlestis

913 325 1055 353 institutio
1074 326 1240 354 innocentis
1274 327 1350 359 vitae,
1380 327 1448 355 labe
1479 331 1635 364 segregata
1654 331 1737 358 omni

912 370 1029 406 illisque
1062 371 1139 398 adeo
1172 371 1245 407 ipsis
1279 374 1460 408 perpurgata
1491 372 1630 401 sordibus
1663 382 1737 410 qua-

912 423 980 442 rum
993 422 1057 442 esse
1069 415 1154 449 solet,
1186 415 1216 443 in
1249 415 1415 444 humilitate
1447 416 1601 445 tardorum
1632 425 1738 454 corpo-

912 467 979 487 rum
1009 462 1154 496 tanquam
1183 460 1213 488 in
1244 460 1360 488 sentina
1388 460 1472 488 locus
1502 462 1650 497 proprius.
1680 462 1737 490 Illis

912 511 983 532 vero
1002 511 1105 531 rursus
1124 504 1237 532 vallum
1270 505 1472 541 insuperabile
1505 513 1623 534 moram
1637 506 1740 542 objicit

913 549 1133 582 necessariam;
1156 550 1203 577 vel
1222 549 1246 577 si
1279 553 1383 578 contra
1411 550 1555 586 pergendi
1586 551 1739 579 obstinent

913 592 1082 628 audaciam,
1103 601 1215 629 anceps
1235 602 1395 621 occurrens
1415 594 1533 629 gladius
1569 595 1738 631 periculum

912 637 1037 665 intentat
1051 645 1325 674 praesens,quorum
1336 638 1489 674 cupiditati
1502 639 1540 667 ad
1551 640 1737 676 carpendum

912 681 1027 716 lignum
1040 682 1164 710 vetitum
1184 685 1294 710 temere
1310 682 1453 719 praecipiti
1470 683 1550 718 juste
1570 684 1668 711 aditus
1689 693 1738 712 ne-

913 728 1008 762 gatur,
1026 727 1061 754 Ut
1079 729 1178 755 autem
1194 727 1292 755 omnis
1311 727 1419 755 deinde
1435 735 1504 756 caro
1525 727 1554 755 in
1575 731 1738 764 conspectu

48 772 107 798 τοῐς
135 768 168 799 εἰς
201 768 309 806 οὐρανὸν
335 771 382 798 τὴν
409 768 535 796 ἀνάϐασιν
566 770 748 806 οἰκοκομοῦσιν
768 769 824 805 ἀλοσλ

960 771 963 798 i
979 771 1059 799 viam
1071 779 1157 799 suam
1178 772 1309 808 corrupit
1328 780 1417 808 super
1439 774 1557 808 terram,
1579 773 1736 809 omnisque

49 823 122 843 στως
148 815 196 842 τήν
219 813 342 849 γλῶσσαν
374 816 620 852 καταμιριούμινος,
646 819 682 845 πῆ
709 813 738 841 δι
760 814 857 846 ξηιζὸ-

46 867 127 894 μινος
174 857 396 895 ἆνθρωποπρι-κῶς
443 860 514 896 παρὰ
551 863 586 894 τῷ
626 858 746 896 Ἀϐραάμ
760 867 766 874 ·
804 857 859 886 εἶτα

46 905 117 939 πυρὶ
131 904 177 928 καὶ
197 903 256 938 θείῳ
279 905 339 934 τοὺς
365 902 501 939 ἀθεμίτους
529 903 652 934 ἁπολλύς.
680 904 857 940 Συγκατόρχι·

46 957 95 974 ται
110 947 194 982 τούτῳ
206 947 318 982 Μιχαὴλ
333 949 379 974 καὶ
407 947 531 985 Γαϐριὴλ,
557 947 586 974 οὐ
611 951 656 978 τῆς
684 947 858 984 ’Λϐραμιαίας

47 994 129 1028 μόνον
175 993 219 1017 καὶ
252 991 323 1022 ξένης
364 992 447 1023 ξενίας
486 991 583 1023 ὶχείνης
613 996 794 1023 κοινωνοῦντες
821 996 857 1027 τῷ

49 1038 184 1072 Aecum,
213 1035 278 1062 ἀλλὰ
319 1038 366 1062 καὶ
391 1039 471 1063 παντὶ
499 1037 558 1073 θείῳ
587 1037 744 1072 κελεύσματι
771 1037 858 1074 θεαρί-

52 1090 125 1111 στως
155 1081 353 1117 ὑπουργοῦντες.
389 1081 576 1117 Διαμεριζονσι
619 1083 663 1117 μὴν
696 1082 755 1110 ἔθνη
790 1082 859 1107 κατὰ

51 1125 179 1161 γλώσσας
193 1134 220 1152 τε
235 1127 280 1151 καὶ
294 1124 385 1161 φυλάς·
401 1124 521 1156 ἕκάστοις
551 1123 581 1152 δὲ
604 1127 702 1152 τούτων
735 1124 857 1161 ἀγγέλους

54 1170 163 1207 ἂφόρους
191 1169 369 1205 ipsa-theam,
412 1172 458 1196 καὶ
484 1168 640 1206 κηδεμόνας.
665 1173 715 1197 Καὶ
738 1170 858 1207 ῥυόμενοί

54 1217 102 1251 μὲν
120 1218 315 1251 πιριποιοῦνται
353 1217 398 1241 καὶ
423 1215 553 1244 σώζουσιν
588 1214 632 1246 οὓς
668 1213 822 1241 ἄδικαίωσεν
846 1215 858 1240 ό

56 1261 132 1294 Θεὸς,
147 1261 359 1295 καταστρέφουσι
381 1257 411 1285 3's
433 1261 480 1285 καὶ
502 1263 674 1286 κατασπῶσιν
689 1258 733 1290 οὓς
758 1257 860 1290 ἔνδικος

54 1303 182 1340 Ὑψίστου
235 1303 321 1339 ψῆφος
363 1302 473 1330 ﬁdium
515 1303 691 1340 πανωλεθρίᾳ».
739 1302 859 1340 Ἀϐραὰμ

53 1349 172 1376 ἐντεῦθεν
190 1349 318 1384 ἡγίασται
333 1350 397 1384 Θεῷ,
418 1346 455 1374 δι’
470 1347 497 1374 ὃν
519 1351 565 1375 καὶ
587 1349 601 1374 ὁ
615 1349 717 1384 ἔκγονος
744 1347 860 1374 ἐπαινεῖ-

53 1403 97 1420 ται
107 1392 225 1430 Ἰσραήλ.

912 815 1052 852 cogitatio
1063 816 1101 844 ad
1118 815 1232 844 malum
1251 816 1363 852 impetu
1378 816 1493 849 ruebat,
1505 824 1565 844 non
1585 819 1629 845 est
1638 817 1737 845 visum

911 861 1146 887 consentaneum
1162 862 1278 887 tantam
1293 860 1368 888 inter
1387 860 1588 896 corruptelam
1610 861 1660 889 Dei
1676 861 1737 897 Spi-

910 903 1001 932 ritum
1016 903 1046 931 in
1062 903 1184 932 homine
1205 911 1392 940 permanere.
1419 904 1502 932 Unde
1525 913 1594 933 cum
1608 905 1659 933 illa
1679 908 1737 934 Deo

911 947 1026 976 sederet
1054 949 1210 981 sententia,
1241 951 1350 976 terram
1378 948 1538 977 delendam
1567 950 1737 978 universam

911 994 1025 1028 quanta
1037 994 1081 1020 est
1090 995 1119 1020 et
1133 1000 1255 1020 omnem
1271 993 1336 1028 ejus
1352 993 1526 1029 superbiam
1536 993 1735 1028 obruendam,

911 1036 1087 1064 sublimium
1102 1036 1208 1064 harum
1223 1037 1364 1065 virtutum
1382 1039 1505 1073 putatur
1519 1045 1593 1066 usus
1604 1038 1737 1066 ministe-

910 1081 954 1109 rio
967 1081 1007 1109 ad
1017 1083 1183 1109 cataractas
1195 1080 1339 1109 caelorum
1359 1081 1588 1117 perfringendos
1608 1082 1738 1118 desuper

911 1127 940 1153 et
959 1125 997 1153 ad
1017 1125 1119 1162 abyssi
1136 1125 1233 1153 fontes
1252 1124 1329 1153 infra
1347 1126 1542 1162 rumpendas.
1565 1127 1605 1154 Ex
1624 1126 1736 1162 quibus

911 1177 1060 1206 aquarum
1079 1169 1267 1197 redundante
1294 1170 1381 1206 copia
1408 1178 1477 1198 cum
1497 1171 1643 1198 exstincta
1671 1179 1738 1199 esse

899 1214 1011 1242 omnis
1025 1221 1105 1249 caro,
1129 1221 1208 1242 unus
1224 1214 1323 1249 justus
1342 1222 1411 1242 cum
1430 1214 1543 1242 familia
1560 1215 1737 1243 eorumdem

912 1259 1101 1295 providentia
1121 1260 1256 1286 servatus
1276 1258 1366 1286 fuisse
1387 1259 1492 1287 merito
1511 1259 1652 1288 creditur.
1667 1259 1738 1287 lnde

912 1302 951 1330 de
963 1303 1040 1331 coelo
1064 1303 1208 1330 Dominus
1235 1302 1389 1330 descendit
1412 1303 1442 1331 in
1465 1306 1585 1332 terram.
1607 1303 1678 1336 Quis
1689 1303 1737 1331 hic

912 1347 1077 1375 descensus
1091 1349 1192 1374 autem
1202 1347 1276 1382 ejus,
1286 1348 1373 1382 cujus
1389 1348 1547 1383 praesentia
1559 1347 1670 1376 caelum
1680 1348 1736 1376 im-

912 1392 973 1428 plet
986 1394 1015 1419 et
1027 1394 1135 1419 terram
1154 1391 1168 1419 ‘l
1183 1393 1227 1419 An
1254 1399 1402 1420 novorum
1431 1391 1505 1420 forte
1524 1400 1651 1429 operum
1666 1401 1738 1421 mox

52 1442 240 1479 edendorum
261 1449 352 1478 super
372 1444 481 1472 terram
515 1441 659 1470 mirabilis
679 1441 794 1470 etlectio
810 1441 867 1469 hoc
887 1449 906 1469 a
925 1441 1076 1477 Scriptura
1103 1440 1225 1468 nomine
1241 1440 1416 1475 designatur
1436 1440 1451 1468 γ
1475 1441 1631 1469 Descendit
1648 1441 1738 1475 igitur

52 1495 137 1516 nunc
146 1486 305 1516 hominum
325 1486 548 1523 conspiratione
567 1486 725 1515 temeraria
744 1486 783 1514 ad
811 1485 1077 1514 conscendendum
1111 1484 1220 1513 caelum
1250 1484 1388 1513 insanam
1417 1486 1521 1514 turrim
1550 1486 1737 1514 molientium

51 1531 191 1566 linguam
220 1531 395 1559 divisurus:
412 1539 493 1559 nunc
512 1531 722 1568 hospitalitatis
749 1530 876 1558 Abrahm
900 1532 1043 1566 capturus
1070 1530 1327 1566 experimentum:
1361 1532 1424 1557 tum
1454 1529 1516 1565 igni
1535 1533 1564 1558 et
1595 1530 1738 1566 sulphure

51 1576 186 1604 incestos
200 1578 444 1611 consumpturus.
467 1574 595 1603 Euntilli
619 1575 743 1603 comites
763 1574 883 1602 Michael
904 1577 933 1602 et
954 1574 1081 1602 Gabriel.
1105 1576 1167 1602 Non
1184 1576 1216 1602 ut
1237 1574 1403 1602 Abramaaaa
1427 1574 1635 1610 hospitalitatis
1659 1575 1738 1603 illius

52 1620 204 1649 inusitatae
214 1622 305 1656 atque
326 1619 366 1648 ab
389 1620 549 1648 hominum
572 1622 636 1647 tum
665 1619 801 1648 moribus
821 1619 1036 1655 peregrinantis
1062 1618 1191 1646 fructum
1225 1618 1314 1646 simul
1334 1626 1403 1646 cum
1430 1619 1554 1647 domino
1580 1619 1736 1655 praesentis

53 1665 160 1700 gaudii
169 1664 366 1701 perciperent,
382 1664 433 1692 sed
448 1667 480 1692 ut
497 1664 535 1692 ad
559 1671 650 1692 omne
663 1664 783 1699 signum
805 1663 912 1691 divinae
930 1663 1091 1691 voluntatis
1120 1671 1271 1691 summam
1300 1663 1412 1699 ubique
1434 1663 1473 1692 ad
1493 1663 1623 1700 quodvis
1644 1664 1737 1691 obse-

53 1711 163 1746 quium
183 1716 276 1746 opera
287 1708 622 1744 navandadiligentiam
641 1710 897 1744 repraesentarent.
923 1709 1028 1736 Gentes
1048 1707 1137 1742 igitur
1155 1708 1185 1735 in
1209 1707 1326 1742 linguas
1349 1710 1378 1736 et
1400 1708 1495 1736 tribus
1511 1707 1552 1736 illi
1576 1708 1736 1742 dividunt,

53 1758 118 1783 tum
136 1754 252 1782 eisdem
267 1753 392 1789 singulis
408 1756 557 1782 curatores
590 1753 742 1790 quosdam
764 1753 887 1788 angelos
911 1755 939 1781 et
961 1752 1103 1788 praesides
1131 1752 1298 1788 praeficiunt
1321 1752 1421 1780 iidem.
1451 1754 1517 1780 Jam
1539 1752 1579 1780 ad
1603 1760 1654 1781 eos
1678 1760 1737 1780 ser-

52 1799 174 1828 vandos
186 1807 265 1834 quos
280 1798 456 1826 eximendos
472 1806 490 1826 a
509 1799 662 1826 communi
683 1797 767 1826 clade
793 1800 869 1826 Deus
893 1797 1007 1825 censuit
1038 1804 1132 1832 quam
1157 1796 1252 1825 seduli
1280 1799 1350 1824 sunt
1364 1797 1450 1833 ‘Iqua
1459 1804 1511 1825 eos
1526 1797 1562 1831 vi,
1578 1805 1640 1833 qua
1653 1805 1736 1832 cura,

53 1852 150 1881 quam
176 1843 312 1871 beneﬁca
337 1845 507 1879 protegunt,
537 1843 677 1878 eripiunt,
704 1845 799 1870 tutum
815 1843 845 1870 in
866 1844 1020 1878 receptum
1043 1841 1173 1877 denique
1194 1841 1364 1878 perducunt
1390 1841 1436 1869 ΤΕ
1457 1843 1606 1870 contrario
1620 1850 1692 1870 vero
1706 1844 1738 1869 ut

51 1891 185 1922 vastant,
199 1887 334 1916 obruunt
347 1890 438 1924 atque
447 1887 531 1916 omni
546 1888 699 1915 atrocitate
714 1887 745 1914 in
765 1894 817 1915 eos
839 1887 983 1914 detonant
1007 1885 1119 1921 quibus
1143 1886 1200 1914 hoc
1227 1886 1364 1914 meritum
1376 1887 1500 1914 exitium
1512 1887 1610 1921 justus
1636 1894 1738 1923 supre—

52 1934 96 1961 mi
108 1932 220 1968 judiois
236 1931 368 1960 calculus
381 1932 579 1960 decreverat?
591 1931 743 1960 Abraham
763 1931 871 1959 exinde
891 1929 1093 1958 sanctiﬁcatus
1112 1931 1171 1958 Deo
1191 1932 1245 1965 est,
1260 1930 1300 1958 ob
1315 1939 1407 1966 quem
1417 1934 1446 1959 et
1469 1938 1564 1968 nepos
1593 1931 1658 1966 ejus
1669 1930 1737 1959 lau-

50 1978 143 2006 datur
159 1976 261 2005 lsrael.

89 2022 180 2049 ’Δλλοι
194 2023 239 2057 μὲν
264 2021 308 2047 οὗν
348 2031 397 2047 των
429 2022 502 2048 θεῑων
528 2019 643 2057 ἀγγέλων
669 2020 751 2047 ἄλλων
779 2019 826 2046 ἆθνε

959 2019 1037 2055 gitur
1047 2019 1095 2048 alii
1110 2019 1233 2056 quidem
1249 2021 1343 2048 sancti
1356 2020 1588 2056 angelialiarum
1604 2020 1735 2056 gentium

50 2065 211 2100 προστατεῖν
224 2061 478 2096 κατακεκληρωνται-
504 2059 576 2087 οὗτοι
600 2060 630 2087 δὲ
659 2062 785 2097 ἄρχοντες
812 2063 857 2086 καὶ

50 2108 237 2144 προασπὶσταί
262 2110 308 2132 τοῦ
346 2105 454 2143 Ἰσραὴλ
482 2107 547 2143 πρὸς
578 2109 646 2132 Θεοῦ
679 2103 854 2141 dcam-nixam.

49 2152 131 2179 ‘06:»
144 2155 181 2186 τῷ
193 2151 283 2177 Ἰσαὰκ
307 2152 323 2180 ἡ
344 2153 466 2186 γέννησις
493 2150 659 2188 ξενοπρεπής·
695 2149 753 2176 κατ’
777 2149 856 2185 ἄπαγ-

50 2196 141 2233 γιλίαν
177 2196 229 2232 γάρ
258 2196 308 2231 (3).
341 2196 498 2231 Ξινοπρεπὴς
532 2192 562 2221 δί
586 2195 666 2221 θυσία
686 2195 752 2230 μετὰ
775 2198 858 2220 ταῦτα

51 2242 251 2278 προσαγόμενος
291 2244 359 2276 φωνῇ
396 2239 505 2275 ἀγγέλου
554 2242 678 2277 πατρῴας
719 2241 858 2276 μαχαίρας

51 2284 243 2317 ἀπηλλάττετο,
284 2285 366 2315 τύπος
415 2285 552 2322 ἱερωτέρας
595 2283 858 2320 παραλαμϐανόμενος

52 2331 216 2367 ὶιρονργίας.
245 2332 304 2360 Πῶς
348 2327 374 2355 δ’
413 2327 444 2355 ἃν
470 2327 564 2356 Ἰακὼϐ
588 2333 637 2359 τῆς
663 2328 858 2366 οὐρανομήκους

49 2375 178 2411 κλίμακος
203 2373 309 2406 ἐκείνης,
343 2376 388 2400 καὶ
412 2377 461 2399 τῶν
502 2372 624 2399 ἀνιόντων
652 2375 697 2399 καὶ
716 2375 857 2399 κατιόντων

49 2417 89 2446 δι’
106 2418 187 2448 αὐτῆς
198 2417 322 2454 ἀγγέλων,
352 2418 368 2447 ἦ
398 2420 445 2444 τοῦ
467 2416 684 2454 ἐπεστηριγμένου
707 2421 774 2444 Θεοῦ
803 2417 858 2454 ἐγε-

43 2465 118 2500 γόνει
132 2463 262 2499 (impegi;
290 2466 341 2489 τῶν
363 2462 470 2498 ὕστερον
496 2461 623 2497 ὁφθεισῶν
654 2461 724 2497 αὐτῷ
757 2472 856 2500 παρεμ-

45 2508 141 2540 ϐολῶν,
165 2507 180 2536 ἣ
206 2511 254 2538 τῆς
278 2508 344 2543 μετά
379 2510 425 2533 τοῦ
451 2507 624 2544 Θιανθρώπου
650 2506 744 2542 πάλῆς,
775 2507 802 2539 ὶξ
824 2509 854 2534 οὗ

42 2553 138 2582 iani;
152 2551 260 2588 Ἰσραὴλ
289 2553 369 2587 ἔτυχε
399 2552 590 2588 προσηγορίας·
616 2555 669 2581 πῶς
697 2550 727 2577 ἂν
755 2553 853 2579 τούτων

911 2065 1004 2092 sortiti
1019 2064 1225 2100 praefecturam
1240 2067 1319 2092 sunt.
1335 2065 1401 2093 Istis
1412 2068 1512 2094 autem
1528 2069 1612 2094 extra
1626 2068 1736 2093 sortem

911 2108 963 2136 Dei
992 2109 1254 2137 commendatione
1275 2109 1378 2145 populi
1398 2110 1548 2138 lsraelitici
1567 2109 1690 2145 regendi
1709 2112 1738 2138 et

911 2153 1086 2189 protegendi
1101 2153 1284 2181 demandata
1298 2157 1340 2182 est
1352 2155 1515 2190 provincia.
1538 2154 1622 2183 Unde
1640 2155 1737 2183 tsaaci

911 2198 1062 2233 generatio
1072 2197 1227 2231 mirabilis,
1242 2201 1271 2226 et
1285 2198 1452 2234 inopinata,
1468 2207 1521 2235 per
1529 2199 1736 2236 repromissio-

909 2250 980 2270 nem
995 2243 1076 2270 enim
1090 2245 1179 2271 natus
1189 2245 1243 2279 est,
1257 2251 1358 2272 eorum
1369 2244 1584 2273 administrata
1598 2252 1658 2273 esse
1666 2252 1736 2279 pru-

911 2288 1013 2316 dentia
1026 2287 1164 2322 putanda
1180 2291 1231 2316 est.
1253 2288 1309 2321 Qui
1328 2288 1436 2316 deinde
1456 2290 1544 2317 Isaac
1563 2297 1632 2317 cum
1652 2289 1737 2317 altari

911 2334 990 2360 esset
1001 2331 1155 2368 inopinata
1170 2332 1290 2360 victima
1306 2332 1472 2368 impositus,
1482 2341 1555 2361 voce
1575 2334 1735 2369 prohiben-

911 2376 948 2404 tis
969 2375 1066 2411 angeli
1087 2376 1202 2411 paterni
1230 2379 1274 2404 est
1292 2377 1383 2412 gladii
1403 2377 1534 2413 periculo
1554 2378 1734 2408 subtractus.

911 2422 983 2454 Quae
997 2423 1082 2448 erant
1091 2420 1155 2456 jam
1170 2423 1233 2448 tum
1244 2421 1348 2449 omnia
1363 2421 1402 2450 ad
1427 2422 1582 2450 sanctioris
1598 2423 1735 2451 sacriﬁcii

909 2465 1039 2500 ﬁguram
1050 2465 1216 2500 designata.
1231 2466 1389 2498 Quomodo
1397 2474 1468 2494 vero
1478 2467 1573 2494 Jacob
1589 2467 1733 2496 mirabilis

907 2510 986 2538 illius
1001 2509 1110 2538 coelum
1125 2512 1210 2537 terra;
1230 2510 1440 2538 committentis
1461 2511 1550 2539 scalae
1570 2512 1734 2540 ascenden-

907 2554 1043 2590 tiumque
1057 2562 1111 2590 per
1136 2561 1202 2582 eam
1223 2555 1400 2590 angelorum
1416 2559 1468 2583 aut
1486 2555 1732 2584 descendentium

43 2596 144 2629 ἧξίωτο
158 2600 206 2627 τῆς
221 2597 336 2633 θεωρίας,
370 2596 393 2622 εἰ
419 2597 456 2632 μὴ
484 2599 540 2625 τοῖς
565 2594 770 2631 ἁρχανγιλικοῖς
794 2606 819 2624 τι

958 2599 1168 2635 umbentisque
1181 2599 1222 2627 illi
1248 2599 1308 2634 Dei,
1330 2607 1434 2627 rursus
1460 2603 1625 2628 castrorum
1641 2607 1732 2636 appa-

42 2651 100 2672 τοις
139 2643 210 2671 νοοις
264 2641 443 2670 κατηναύνιτο
498 2640 718 2677 φρουρούμενος;

741 2639 794 2677 Ὑφ’
816 2642 850 2668 ὧν
905 2644 1046 2678 rentinm,
1063 2646 1128 2671 tum
1138 2643 1226 2672 luctas
1236 2651 1306 2672 cum
1329 2644 1433 2672 divino
1456 2645 1519 2672 viro
1533 2652 1601 2681 quae
1617 2645 1732 2673 lsraelis

45 2685 196 2722 αἶομιικαὶ
219 2685 316 2722 Ἰωσὴφ
336 2685 443 2722 ὕστερον
464 2684 500 2715 εἰς
515 2685 647 2720 ΔΖγυπτον
670 2683 821 2721 ὁδηγηθῆνο

956 2687 1190 2724 appellationem
1209 2689 1342 2725 peperit:
1359 2697 1420 2725 quo
1435 2689 1562 2726 inquam
1576 2689 1624 2718 ille
1639 2690 1730 2718 modo

83 2757 126 2796 (3)
137 2755 249 2794 Aliqua
258 2757 307 2786 hic
318 2756 422 2786 deesse
435 2756 572 2785 videntur
585 2755 616 2784 in
627 2757 734 2786 Graecis
748 2765 817 2794 quas
835 2767 892 2788 nos
909 2760 1009 2789 Latine
1027 2759 1233 2797 supplevimus
1251 2760 1455 2797 probabiliter.
