1966 3079
235 118 301 146 1231

950 112 1128 142 ADDENDA.

1853 119 1909 144 “'31

232 181 278 208 tot
292 182 370 207 esset
398 178 562 214 taliumque
586 184 686 205 rerum
703 178 764 205 tam
787 175 932 213 praeclara
958 182 1008 211 spe

1134 176 1154 200 ιὶ
1183 178 1229 205 τῆς
1266 175 1413 212 Αἰγυπτίων
1454 175 1543 213 ἀρχῆς
1571 176 1754 209 ἐπιλαϐέσθαι,
1782 180 1831 204 καὶ

234 224 411 260 visioneque
422 223 572 257 dignatus,
586 222 642 250 nisi
654 222 763 250 harum
782 219 1057 254 archangelicarum

235 269 382 296 mentium
401 267 541 304 praesidio
560 267 671 303 ubique
690 269 719 294 et
738 265 951 301 gubernatione
967 266 1060 292 utere-

236 316 295 342 tur.
307 314 438 346 Quarum
449 312 538 340 etiam
552 311 660 339 deinde
684 310 774 339 credo
799 309 987 346 providentia
1003 308 1061 336 du-

238 360 320 386 ctum
331 357 443 394 Joseph
463 357 493 384 in
511 358 672 393 Egyptum
697 355 736 384 ad
749 355 813 391 ejus
838 353 968 390 denique
983 353 1063 389 genti

239 403 395 431 emersisse
405 401 604 439 principatum
619 412 626 429 :
652 409 714 438 quo
734 403 762 428 et
772 399 811 428 ad
834 399 1062 432 humanitatem,

241 451 269 476 et
279 448 318 477 ad
331 447 504 482 religionem
516 454 588 474 usus
609 449 673 475 tum
686 448 830 482 cognatos
854 445 892 473 ad
918 452 950 472 se
960 451 1065 472 omnes

242 493 361 523 attraxit
376 500 458 526 suos,
475 494 538 520 tum
553 491 667 520 alienos
691 493 780 527 atque
800 492 915 518 exteros
930 489 969 517 ad
986 489 1065 524 ejus-

243 539 313 568 dem
343 546 445 566 secum
474 536 524 565 Dei
554 536 666 564 cultum
694 535 874 572 provocavit.
910 535 978 562 Post
1002 534 1067 562 haec

243 592 348 613 rursus
371 583 446 611 eruit
471 582 615 611 Dominus
636 590 672 610 ex
695 581 904 617 [Egyptiorum
926 579 1068 608 manibus

244 629 393 662 Israelem,
410 627 500 656 modo
513 627 577 663 jam
602 627 674 655 satis
699 626 806 663 opinor
829 627 901 653 noto
915 624 1067 653 omnibus.

247 673 391 710 Disruptis
405 673 483 700 enim
496 671 582 708 aquis
594 671 650 700 illis
669 671 825 699 immensis
853 669 976 705 gurgitis
989 668 1070 697 altis-

245 717 407 746 simisiccis
418 717 564 754 populum
589 716 715 753 pedibus
741 717 826 744 vasto
835 715 909 743 mari
929 713 1068 742 traduxit.

246 763 338 798 Cujus
361 762 454 798 ipsius
483 760 624 788 ﬂuctibus
650 762 880 796 persequentem
904 758 1004 787 obruit
1036 765 1071 785 ac

246 807 376 843 perdidit
393 805 574 842 JEgyptium.
586 805 741 833 Servatum
766 805 835 832 hinc
855 803 1002 840 populum
1018 801 1071 830 ad—

247 852 342 881 movit
356 859 442 879 sacro
460 849 565 878 monti.
587 849 641 878 Ubi
673 849 781 878 divinis
805 857 876 877 eum
903 847 1029 876 vocibus
1045 849 1073 875 et

247 896 364 932 legibus
373 894 541 924 caelestibus
565 894 702 923 erudivit.
718 896 812 930 Atque
829 893 877 922 hic
891 892 921 921 in
941 892 1069 929 speciem

249 941 305 970 soli
320 942 435 978 Moyses
454 942 482 968 et
501 942 600 968 Aaron
620 938 802 975 excipiendis
822 938 872 966 De‘i
886 937 986 966 verbis
1005 944 1073 973 por-

249 987 396 1022 tentisque
406 984 605 1022 procurandis
620 985 679 1012 Deo
689 983 862 1020 populoque
874 982 1072 1011 ministerium

249 1031 412 1060 navabant.
426 1032 465 1059 [te
480 1033 581 1059 autem
594 1037 663 1058 vera
686 1028 808 1058 Michael
826 1030 854 1057 et
880 1027 995 1056 Gabriel
1008 1035 1073 1055 om—

250 1085 320 1105 nem
331 1076 413 1104 illam
432 1075 472 1103 ad
488 1082 592 1102 sensus
605 1073 783 1102 admirantis
797 1072 901 1109 populi
912 1071 1073 1100 miraculo-

250 1130 319 1150 rum
333 1127 480 1157 pompam
491 1122 518 1147 et
532 1117 723 1147 oraculorum
739 1118 871 1145 sonitum
885 1124 921 1144 ex
931 1116 1075 1151 dignitate

253 1163 431 1200 legislatoris
453 1163 503 1191 Dei
513 1163 592 1190 clam
607 1161 870 1191 administrabant.
891 1160 976 1194 Quod
986 1160 1076 1195 igitur

251 1209 293 1238 illi
306 1210 446 1245 praestare
460 1207 649 1240 videbantur,
660 1206 718 1234 hoc
731 1214 800 1234 vere
815 1205 861 1234 isti
881 1205 1075 1242 praestabant.

253 1257 293 1282 Ac
313 1251 573 1289 quemadmodum
591 1251 728 1279 omnium
743 1252 848 1279 auctor
863 1250 1008 1287 sapientia
1023 1249 1076 1277 im-

253 1297 393 1327 mediatis
424 1296 488 1324 istis
509 1295 554 1324 sui
573 1295 686 1324 consilii
707 1295 889 1324 administris
913 1294 1075 1323 utebatur:

254 1343 297 1370 sic
312 1342 360 1370 isti
369 1341 453 1369 Mose
463 1343 492 1369 et
501 1342 616 1369 Aarone
630 1340 717 1377 quasi
732 1340 933 1368 secundarum
946 1339 1078 1377 partium

254 1387 393 1416 ﬁdelibus
406 1386 590 1423 quibusdam
609 1385 752 1414 ministris
768 1384 814 1413 usi
833 1385 1012 1420 magniﬁcas
1024 1391 1078 1421 per

254 1432 336 1469 ipsos
348 1431 414 1460 illas
429 1433 458 1459 et
471 1430 580 1459 divina
589 1430 702 1459 indices
717 1430 856 1466 potentiue
871 1429 1079 1466 prodigiorum

256 1477 438 1506 mirabilium
465 1476 609 1505 editiones
645 1477 842 1504 ostentarunt.
881 1476 981 1511 Neque
1002 1474 1078 1503 idin

1112 218 1201 245 ἑαυτὸν
1228 221 1274 255 μὲν
1294 220 1348 247 ὅλον
1375 221 1538 248 ἐπισπᾶσθαι
1566 223 1594 248 τὸ
1625 224 1760 258 συγγενὲς,
1787 224 1858 261 πρὸς
1875 228 1912 251 τὶ]

1113 264 1170 289 κατ’
1186 264 1263 290 αὐτὸν
1281 263 1311 291 δὲ
1340 265 1484 292 θεοσέϐειαν
1508 268 1553 292 καὶ
1581 268 1640 298 τοὺς
1668 267 1826 304 ἀλλοτρίους
1850 267 1917 303 ἔγει-

1115 307 1315 337 λεῖσθαι.Μετα
1333 313 1416 336 ταῦτα
1438 311 1514 337 πάλιν
1543 311 1647 342 ἐξείλετο
1676 313 1776 349 Κύριος
1803 317 1853 343 τῆς
1880 312 1920 339 ΑΞ-

1116 358 1263 389 γυπτιακῆς
1278 355 1554 392 χειρὸςτὸνἹσραὴλ.
1583 359 1653 383 Πᾱσι
1689 354 1721 383 δὲ
1755 355 1840 387 δῆλος
1868 359 1923 386 iam;

1119 398 1199 428 ὁτῆς
1220 397 1311 430 ἐξόδου
1352 402 1456 436 τρόπος.
1478 399 1566 437 ’Υὸωρ
1595 402 1645 438 γὰρ
1676 400 1801 428 ἀϐύσσου
1838 403 1923 439 μύρων

1120 441 1266 480 ἀναρρήξας
1280 445 1323 470 τὸν
1338 445 1383 480 μεν
1404 444 1529 481 ἀϐρόχοις
1543 443 1656 482 διήγαγε
1681 448 1773 472 ποσίν·
1801 446 1829 472 ἐν
1860 447 1924 481 αὐτῷ

1121 485 1150 513 δὲ
1164 489 1208 514 τὸν
1222 486 1336 517 διώκτην
1352 489 1491 525 Αἰγύπτιον
1506 489 1634 521 ἐξώλεσεν.
1660 490 1704 521 Εἰς
1728 492 1789 528 ὄρος
1819 489 1852 517 δὲ
1888 495 1924 517 τε)

1123 535 1284 569 σεσωσμένον
1323 535 1389 570 μετὰ
1426 538 1510 561 ταῦτα
1541 539 1729 572 προσαγαγὼν,
1772 537 1924 566 θεσπεσίαις

1123 581 1216 612 φωναῖς
1230 580 1274 604 καὶ
1304 579 1410 615 Θεσμοῖς
1435 579 1564 616 οὐρανίοις
1586 578 1810 616 ὶπαιδαγώγησίν
1841 581 1922 607 αὐτὸν.

1121 621 1170 649 Ἦν
1184 625 1269 648 τοίνυν
1284 622 1336 649 ἐκεῖ
1349 625 1378 650 τὸ
1401 626 1446 660 μεν
1471 625 1607 661 ὁρώμενον,
1629 628 1726 656 Μωσῆς
1749 628 1797 652 καὶ
1831 626 1922 663 Ἀαξνὶη

1123 670 1190 694 Θεοῦ
1203 668 1302 705 ῥήμασι
1317 671 1360 694 καὶ
1384 671 1489 706 τέρασιν
1520 671 1734 707 ὑπηρετούμενοι,
1764 672 1794 697 τὸ
1827 674 1924 706 νοονμι-

1124 721 1164 738 νον
1191 710 1221 738 δὲ
1250 713 1361 748 Μιχαὴλ
1384 716 1429 740 καὶ
1453 713 1572 752 Γαβριὴλ
1599 719 1648 741 τῶν
1676 716 1758 752 ἰργων
1788 719 1858 742 Θεοῦ
1886 726 1926 741 zz:

1124 756 1217 792 λογίων
1243 762 1394 793 πανιυαγῶς
1434 761 1629 795 προεστηκότες.
1648 759 1731 796 Ὀπερ
1762 760 1809 786 οὖν
1841 760 1926 786 ἐκεῖνοι

1125 802 1180 832 τοῖς
1206 802 1292 834 ἄλλοις
1318 803 1493 841 καθεωρῶντο,
1532 809 1607 831 τοῦτο
1637 809 1699 841 γοῦν
1736 804 1813 832 οὗτοι
1835 807 1928 835 τούτοις

1125 845 1315 883 ἐχρημάτιζον.
1329 851 1379 874 Καὶ
1403 851 1489 886 ὥσπερ
1509 850 1524 879 ἡ
1550 852 1712 887 παντουργὸς
1736 853 1821 886 σοφία
1846 849 1928 877 διακέ-

1126 900 1179 921 νοις
1193 892 1295 923 τούτοις
1311 891 1413 929 ἀμέσως
1427 897 1473 924 τῆς
1485 892 1555 925 ἰδίας
1582 894 1692 930 ἐκέχητο
1725 894 1828 931 βουλῆς
1857 895 1928 924 οὕτως

1128 936 1200 962 οὗτοι
1214 937 1304 965 Maia-5i
1318 940 1361 964 καὶ
1381 938 1480 974 Ἀαρὼν
1495 939 1545 965 ὅσα
1564 942 1609 966 καὶ
1633 940 1776 977 ὑπηρέταις
1800 949 1930 977 χρωμτδοι

1126 985 1241 1015 πιστοῖς,
1257 983 1301 1012 τὰς
1313 983 1463 1013 πανσθινείς
1493 983 1517 1009 ἐν
1545 983 1635 1015 αὐτοῖς
1670 983 1847 1016 ἐξεκάλυπτον
1878 985 1930 1010 Θεο-

1129 1028 1247 1061 σημείας.
1262 1025 1332 1053 Ἀλλ’
1346 1026 1393 1052 οὐκ
1417 1026 1442 1053 ἐν
1469 1029 1557 1064 μονοις
1579 1028 1684 1059 ἐκείνοις
1711 1030 1761 1059 τὰς
1789 1029 1930 1065 μεγαλουρ-

1128 1072 1188 1106 γίας
1203 1069 1375 1102 ἐπεδείξαντο.
1394 1074 1444 1098 Καὶ
1453 1076 1498 1099 τοῦ
1513 1073 1600 1102 Ἰησοῦ
1617 1071 1647 1100 δὲ
1659 1075 1725 1110 μετὰ
1753 1078 1843 1100 ταῦτα
1870 1076 1931 1110 πρὸς

1129 1117 1176 1144 τήν
1192 1114 1381 1152 ἐπηγγελμένην
1401 1121 1437 1152 τῷ
1463 1117 1516 1153 λαῷ
1544 1122 1594 1154 γῆν
1621 1121 1859 1155 προπορευόμινοι,
1890 1122 1930 1144 καὶ

1129 1162 1176 1189 τὴν
1192 1158 1252 1186 ὁδόν
1277 1160 1357 1187 αὐτοῦ
1385 1162 1631 1197 κατασκευάζοντες,
1661 1166 1706 1189 καὶ
1730 1165 1794 1200 πρὸς
1824 1166 1871 1193 τὴν
1890 1167 1930 1189 τοῦ

1131 1208 1197 1231 Θεοῦ
1210 1206 1374 1232 κατάπαυσιν
1397 1205 1553 1243 εἰσάγοντες,
1586 1211 1706 1244 ποταμοῦ
1733 1209 1816 1244 φορὰν
1843 1208 1931 1234 ἀναιθ-

1130 1259 1250 1276 πτουσιν·
1278 1253 1356 1286 τείχη
1395 1249 1465 1286 δίχα
1507 1253 1707 1288 μηχανημάτων
1734 1255 1930 1279 κατασείοντα·

1132 1293 1262 1325 δυνάστας
1273 1294 1494 1332 ἀναθεματίζονσι
1521 1300 1582 1332 γῆς.
1615 1297 1683 1324 Ἐκιὶ
1713 1297 1830 1333 Μιχαὴλ
1856 1297 1933 1335 ἀρχι-

1133 1340 1280 1376 στράτηγος
1308 1343 1405 1377 Κυρίου
1440 1342 1523 1372 καθὼς
1563 1340 1627 1378 ἀνὴρ
1668 1342 1840 1378 ἐσπασμένην
1867 1351 1934 1378 χειρί

1131 1386 1250 1420 κατέχων
1277 1385 1406 1422 ῥομφαίαν
1444 1385 1616 1422 ὁπταξόμενος
1654 1386 1745 1413 ἑαυτὸν
1785 1387 1861 1418 ὅστις
1901 1389 1932 1414 εἰς

1132 1431 1284 1467 παρέφηνιν,
1300 1432 1345 1456 καὶ
1359 1429 1426 1456 λύιιν
1442 1432 1471 1456 τὸ
1488 1428 1616 1467 ὑπόδημα
1640 1432 1788 1468 παρηγγύα
1820 1436 1859 1467 τῷ
1889 1432 1936 1459 Ἰπ-

1133 1477 1191 1509 σοῡ,
1212 1476 1257 1500 καὶ
1269 1473 1353 1510 μηδὲν
1364 1485 1438 1511 παχυ
1451 1477 1496 1502 καὶ
1510 1475 1668 1505 ἀναίσθητον
1681 1480 1727 1502 τοῦ
1751 1477 1848 1512 γηῖνον
1878 1486 1936 1513 φρο-

257 1525 359 1552 monte
373 1524 488 1551 tantum
503 1523 554 1550 aut
567 1521 599 1549 in
618 1520 748 1549 deserto.
764 1521 863 1549 lesum
875 1520 954 1548 enim
975 1527 1030 1556 pos

1160 1527 1246 1554 ιματος
1260 1517 1413 1555 ἐπάγεσθαι,
1429 1521 1461 1550 ὡς
1496 1519 1550 1550 ἤδη
1580 1525 1626 1552 τῆς
1656 1520 1732 1556 ἁγίας
1757 1520 1936 1547 Era-13mm:

258 1569 297 1597 ad
311 1568 495 1605 promissam
515 1566 555 1594 illi
570 1565 682 1602 populo
696 1568 805 1594 terram
818 1565 904 1593 solita
923 1564 1080 1601 providen-

257 1614 300 1643 tia
328 1612 486 1650 prosecuti,
509 1613 713 1648 praaparantes
732 1610 843 1647 ubique
858 1618 893 1638 ac
913 1610 1081 1638 munientes

257 1660 336 1688 viam
352 1660 381 1687 et
399 1657 438 1686 ad
458 1657 509 1685 Dci
526 1656 661 1693 requiem
680 1655 866 1688 inducentes,
887 1655 967 1683 ﬂuvii
980 1655 1082 1683 refrin-

259 1705 334 1739 gunt
361 1702 518 1738 impetum,
544 1708 648 1728 muros
677 1700 740 1728 sine
766 1699 914 1728 machinis
938 1701 1081 1735 evertunt,

258 1747 404 1782 dynastas
432 1745 497 1781 ejus
521 1747 605 1772 terrae
629 1744 702 1772 diris
713 1746 741 1772 et
764 1743 937 1772 efﬁcacibus
951 1751 1084 1772 exsecra-

259 1790 391 1819 tionibus
401 1790 558 1818 dev0vent.
572 1788 623 1816 Hic
638 1788 760 1816 Michael
777 1788 918 1824 princeps
938 1788 1084 1817 exercitus

260 1835 378 1864 Domini
405 1834 458 1862 viri
482 1833 581 1869 specie
603 1833 794 1868 evaginatum
825 1841 920 1861 manu
957 1833 1084 1862 tenentis

259 1880 395 1916 gladium
425 1885 583 1914 apparens,
609 1877 677 1913 quis
704 1879 783 1905 esset
806 1877 967 1906 declaravit
1002 1880 1030 1906 et
1053 1879 1086 1906 ut

259 1924 462 1953 calceamenta
474 1921 599 1949 solveret
611 1922 699 1950 Josue
711 1922 853 1958 praecepit
868 1931 874 1950 :
893 1930 929 1950 ea
941 1930 973 1950 re
990 1921 1085 1957 signi-

259 1966 354 1994 ﬁcans
367 1965 475 2002 siquid
491 1967 663 1994 concretum
682 1968 746 1994 erat
773 1968 861 2002 atque
888 1965 980 1994 hebes
992 1966 1084 1994 tardae

260 2014 443 2046 terreneeque
469 2009 625 2045 cogitionis
645 2010 857 2038 excutiendum
886 2018 952 2039 esse
993 2019 1084 2039 omne

259 2064 313 2093 per
323 2055 503 2091 terramjatn
520 2057 656 2084 sanctam
682 2055 868 2091 ingredienti.
899 2055 978 2083 Idem
992 2055 1084 2083 ambo

259 2103 367 2137 postea
381 2102 413 2128 ut
426 2100 608 2128 sanctiorum
640 2107 830 2136 quorumque
847 2099 984 2135 judicum
1000 2102 1028 2128 et
1040 2108 1084 2128 re-

259 2154 333 2180 gum
352 2145 452 2180 gloriae
473 2144 615 2172 servirent
645 2145 707 2172 vim
726 2145 882 2173 elementis
912 2144 1082 2173 attulerunt.

259 2189 373 2220 Caelum
398 2197 468 2218 cum
497 2188 558 2218 sole
590 2191 619 2218 et
649 2189 736 2218 astris
756 2189 919 2226 aliquando
947 2189 1085 2225 quidem-

259 2238 338 2264 stare
350 2234 561 2271 coegeruntad
571 2235 717 2270 integram
741 2234 1002 2270 consumptionem
1031 2234 1084 2262 im-

257 2281 386 2317 piorum.
403 2282 626 2316 Nonnunquam
648 2287 717 2307 vero
746 2287 851 2306 cursus
874 2281 1024 2307 astrorum
1039 2287 1083 2308 re-

259 2327 406 2354 torserunt
418 2325 554 2353 omnium
565 2324 604 2352 ad
615 2331 685 2352 suos
708 2325 787 2351 retro
814 2331 946 2352 carceres
970 2324 1082 2352 reﬂexo

256 2371 379 2407 impetu,
391 2372 423 2399 ut
435 2377 471 2398 eo
487 2369 624 2406 prodigio
636 2368 704 2396 vita:
719 2368 903 2404 promissum
915 2369 1082 2398 auctarium

256 2415 336 2444 ﬁdeli
348 2415 410 2450 regi
425 2414 647 2443 confirmarent.
671 2412 865 2441 Abstulerunt
875 2413 964 2448 bella,
979 2421 998 2442 a
1013 2422 1082 2449 gen-

256 2460 336 2489 tibus
357 2459 457 2496 impiis
472 2458 558 2487 tutati
574 2456 713 2485 lsraelem
727 2459 805 2486 sunt.
820 2459 960 2494 Satrapas
971 2458 1081 2487 multos

255 2508 284 2533 et
315 2512 444 2540 magnos
484 2503 569 2538 signo
597 2502 720 2539 quidem
750 2503 789 2531 ad
817 2503 994 2531 memoriam
1030 2505 1082 2532 aut;

254 2549 379 2584 vestigio
409 2548 511 2576 relicto
552 2556 587 2575 ex
623 2549 700 2576 terra
731 2548 975 2576 exterminarunt.
1005 2549 1080 2577 Nam

255 2594 280 2622 si
292 2593 408 2630 absque
422 2592 479 2620 illis
489 2592 780 2628 fuisset,potueratne
794 2600 862 2620 cum
878 2593 1015 2621 trecentis
1026 2594 1078 2621 Ge-

252 2638 329 2666 deon
358 2637 511 2674 myriadas
540 2636 712 2666 debellare?
736 2639 768 2666 Et
791 2636 874 2673 quod
893 2645 997 2673 qumso
1018 2640 1078 2667 tam

253 2683 382 2710 ferreum
396 2681 529 2718 corporis
557 2690 593 2711 ac
612 2682 791 2710 lacertorum
818 2681 910 2710 robur
938 2683 1078 2712 Samsoni

253 2728 418 2757 suﬂecisset
434 2736 440 2756 :
455 2730 584 2765 antqua;
594 2727 717 2756 tandem
727 2727 757 2755 id
772 2727 829 2756 hoc
849 2728 956 2758 durare
967 2729 1078 2766 potuis-

251 2775 298 2802 set
311 2771 387 2802 asini
401 2773 524 2803 maxilla
538 2775 571 2802 ut
588 2773 630 2802 ita
648 2771 867 2803 Philistinorum
899 2774 1076 2805 exercitibus

1099 2304 1120 2331 D

1134 1567 1191 1599 γῆς.
1218 1563 1328 1590 Ἔπειτα
1359 1569 1453 1601 κριτῶν
1482 1567 1526 1591 καὶ
1549 1564 1678 1602 βασιλέων
1706 1569 1763 1595 τοῖς
1790 1565 1936 1592 εὖσεϐεοτι-

1135 1617 1191 1645 ροις
1217 1608 1410 1645 μεγαλύνοντες,

1138 1655 1184 1679 σὺν
1199 1653 1263 1689 ἡλίῳ
1291 1656 1336 1680 καὶ
1361 1654 1468 1691 ἄστροις
1497 1656 1558 1681 ποτᾶ
1581 1656 1626 1691 μὲν
1655 1656 1765 1681 ἱστῶσιν
1792 1655 1828 1686 εἰς
1856 1657 1939 1682 συντί-

1136 1698 1205 1725 λςιαν
1234 1696 1380 1734 δυσμινῶψ
1416 1701 1476 1726 ποτε
1516 1698 1545 1726 δὲ
1577 1699 1734 1736 παλίνορσον
1746 1699 1938 1737 ἀναστρέφωσι

1138 1745 1167 1769 τὸ
1179 1746 1240 1777 πᾶν,
1255 1747 1341 1779 πιστῷ
1354 1743 1460 1780 βασιλεῖ
1479 1744 1549 1776 ζωῆς
1579 1746 1748 1781 πιστούμενοι
1773 1746 1936 1782 Enecat-xxv.

1137 1788 1338 1824 ’Λνταναιροῡσι
1361 1788 1489 1825 πολέμους
1530 1791 1726 1827 περιποιοῦνται
1767 1791 1813 1816 τὸν
1836 1789 1939 1826 Ἰσρὰὴλ

1139 1831 1215 1859 ἐθνῶν
1240 1832 1350 1868 ἀσεϐῶν,
1385 1836 1430 1860 καὶ
1456 1837 1595 1872 σατραπῶν
1619 1833 1717 1860 πολλῶν
1749 1844 1798 1860 και
1827 1835 1940 1870 μεγάλω-ι

1138 1880 1303 1914 μνημόσυνον
1316 1878 1344 1904 ἐκ
1373 1882 1421 1909 τῆς
1452 1883 1502 1915 γῆς
1527 1882 1718 1916 πιριαιροῡσιν,
1754 1882 1814 1909 Πῶς
1846 1878 1877 1905 ἂν
1904 1882 1939 1904 Γι-

1139 1921 1203 1948 δεὼν
1227 1922 1252 1948 ἐν
1292 1925 1454 1959 τριακοσίοις
1495 1923 1630 1960 ἐκστράτει
1653 1921 1812 1961 μυριάδων;
1831 1927 1888 1953 Πῶς
1916 1921 1942 1948 δῖ

1139 1967 1249 2003 Σαμψὼν
1265 1967 1343 2003 ἰσχύϊ
1356 1970 1474 2004 σώματος
1495 1970 1559 2004 μόνη
1577 1968 1592 1998 ἡ
1609 1971 1713 2004 σιαγόνι
1739 1970 1800 1994 ὄνου
1826 1972 1876 1999 τῆς
1898 1972 1941 1994 τὼν

1139 2011 1284 2048 ἀλλοφύλων
1314 2012 1380 2038 οὕτω
1420 2012 1559 2043 κατέπαιζε
1590 2011 1824 2049 δυνάμεωςςοὺκ
1857 2012 1887 2038 ἂν
1915 2011 1940 2040 ξν

1139 2059 1221 2092 μέγας
1246 2058 1318 2094 παρὰ
1350 2059 1437 2094 Κυρίῳ
1464 2057 1594 2093 Σαμουήλ,
1624 2057 1679 2084 Οὐκ
1708 2056 1866 2084 ἁνόΔςὶϐὶδ
1893 2061 1939 2082 ’ὢν

1138 2103 1239 2128 πάντων
1252 2102 1396 2139 ὑπερέσχεν
1411 2101 1522 2138 ἐχθρῶν.
1538 2102 1594 2129 Οὐκ
1606 2102 1636 2128 ἂν
1651 2100 1708 2128 οὐδ’
1738 2102 1820 2134 αὐτὸς
1853 2102 1940 2132 Ἠλίας

1138 2148 1218 2184 πυρός
1233 2146 1405 2184 φοϐερώτερος
1432 2150 1485 2177 τοῖς
1513 2149 1631 2184 πυρίνοις
1656 2148 1742 2183 ἔργοις
1776 2148 1936 2184 καθεωρᾶτο,

1137 2194 1182 2217 καὶ
1205 2193 1288 2227 πυρὸς
1310 2191 1391 2227 οἶμαι-ι
1420 2192 1486 2227 πρὸς
1516 2191 1642 2228 οὐρανούς
1666 2191 1812 2227 ὀχούμενος
1843 2191 1938 2219 ἀνείλη-

1137 2246 1194 2263 πτο.
1213 2234 1278 2262 Οὐδ’
1294 2236 1324 2262 οἶν
1336 2246 1374 2266 τις
1387 2235 1462 2267 ἄλλος
1486 2240 1536 2262 τῶν
1561 2237 1649 2262 seem
1672 2236 1761 2271 λόγοις
1782 2239 1830 2262 καὶ
1855 2238 1938 2273 ἔργοις

1137 2282 1262 2317 ἐπίσημος
1276 2279 1544 2318 ἐγεγόνειπροφητῶν,
1561 2280 1582 2307 εἰ
1612 2283 1647 2317 μὴ
1681 2285 1782 2312 νοητῶς
1802 2285 1827 2306 οἱ
1849 2282 1938 2317 κράτι-

1137 2334 1195 2353 στοι
1209 2329 1259 2352 τῶν
1279 2327 1342 2351 νόων
1364 2323 1504 2362 κηδεμόνες
1528 2325 1643 2363 λαμπροὶ
1666 2328 1870 2363 προεστηκότες,
1897 2326 1938 2350 καὶ

1135 2376 1185 2398 τῶν
1205 2369 1273 2397 ὁδῶν
1299 2369 1394 2402 αὐτῶν,

1453 1614 1608 1647 τυραννοῦσι
1644 1614 1777 1646 στοιχεῖα.
1823 1611 1937 1648 Οὐραιόν

1433 2372 1479 2396 καὶ
1503 2374 1554 2396 τῶν
1575 2372 1656 2407 ᾅογων
1683 2372 1880 2408 προηγούμενοι
1907 2371 1938 2400 εἰς

1134 2420 1184 2443 πᾶν
1211 2415 1309 2452 θέλημα
1345 2416 1409 2442 θεῖον
1446 2416 1609 2444 κατηύθυναν
1638 2415 1741 2445 αὐτούς.
1770 2415 1828 2441 ’Υπ“
1854 2415 1937 2444 αὐτοῖς

1135 2463 1179 2487 χαὶ
1195 2465 1262 2499 τρεῖς
1276 2461 1371 2486 νεανίαι
1392 2459 1485 2496 φλογὸς
1511 2462 1620 2496 καμίνου
1653 2461 1796 2496 καιομένης
1828 2462 1863 2490 ὡς
1890 2469 1935 2486 πα-

1136 2504 1234 2537 στάδος
1259 2504 1389 2534 ἀλώϐητοι
1423 2504 1657 2539 κατεπιϐαίνοντες,
1677 2507 1721 2531 τὸν
1746 2508 1858 2542 Σωτῆρα
1886 2507 1935 2534 τοῖς

1134 2552 1222 2588 ὕμνοις
1247 2551 1399 2588 χορεύοντες
1438 2548 1592 2582 ὶδεξιοῡντο.
1623 2549 1678 2576 ⁸Υπ¹
1716 2548 1817 2583 αὐτοῖς,
1855 2549 1934 2586 οζιιαι,

1133 2599 1178 2622 καὶ
1191 2596 1276 2626 Ἰωνᾶς
1300 2597 1345 2632 μεν
1370 2594 1461 2625 ἀσινὴς
1489 2599 1538 2621 τῶν
1567 2594 1639 2621 ἁλίου
1656 2595 1818 2631 σπλάγχνων
1839 2595 1935 2632 ἐξέθορι

1133 2642 1221 2679 θηρός.
1249 2640 1343 2669 Δανιὴλ
1365 2638 1394 2666 δε
1404 2640 1509 2666 λεόντων
1526 2638 1617 2671 δεινῶς
1643 2640 1817 2677 βρυχομένων
1848 2639 1935 2667 διατρ

1133 2695 1242 2721 σωσται,
1269 2688 1314 2712 καὶ
1343 2684 1495 2722 Ἀμϐακοὺμ
1522 2687 1567 2722 μὲν
1589 2685 1613 2712 ἐν
1638 2686 1703 2723 ῥιπῆ
1730 2685 1882 2723 βλέμματος
1911 2685 1934 2717 ἐξ

1131 2731 1294 2769 Ιερονσαλὴμ
1320 2730 1356 2761 εἰς
1394 2730 1532 2758 Βαϐυλῶνα
1565 2734 1600 2767 τῷ
1630 2730 1711 2768 ῥοίζῳ
1735 2732 1822 2758 τούτω
1844 2732 1932 2768 μετάρ-

1130 2787 1186 2810 σιος
1201 2779 1278 2814 ἤγετο
1301 2774 1404 2805 δεῖπνον
1418 2775 1576 2814 ἐπικομίζων
1595 2779 1631 2814 τῷ
1651 2775 1754 2806 Δανιὴλ,
1779 2775 1827 2805 Ὀν
1851 2775 1880 2804 δᾶ
1890 2778 1930 2803 καὶ
