  <div class='ocr_page' id='page_1' title='image "/cluster/home/n/w/nwhite01/storage/ocr_20150623/140/njp.32101010942850/674.png"; bbox 0 0 1966 3079; ppageno 0'>
   <div class='ocr_carea' id='block_1_1' title="bbox 56 135 129 163">
    <p class='ocr_par' dir='ltr' id='par_1_1' title="bbox 56 135 129 163">
     <span class='ocr_line' id='line_1_1' title="bbox 56 135 129 163; baseline 0 0"><span class='ocrx_word' id='word_1_1' title='bbox 56 135 129 163; x_wconf 77' lang='grc'>1233</span> 
     </span>
    </p>
   </div>
   <div class='ocr_carea' id='block_1_2' title="bbox 472 135 1323 169">
    <p class='ocr_par' dir='ltr' id='par_1_2' title="bbox 472 135 1323 169">
     <span class='ocr_line' id='line_1_2' title="bbox 472 135 1323 169; baseline 0.005 -5"><span class='ocrx_word' id='word_1_2' title='bbox 472 136 605 165; x_wconf 71' lang='grc' dir='ltr'>ΝΙΟΕΤᾸΞ</span> <span class='ocrx_word' id='word_1_3' title='bbox 622 136 796 165; x_wconf 77' lang='lat' dir='ltr'>LAUDATIO</span> <span class='ocrx_word' id='word_1_4' title='bbox 813 135 860 165; x_wconf 92' lang='lat' dir='ltr'>SS.</span> <span class='ocrx_word' id='word_1_5' title='bbox 878 136 1063 167; x_wconf 69' lang='lat' dir='ltr'>MICHAELIS</span> <span class='ocrx_word' id='word_1_6' title='bbox 1078 139 1121 168; x_wconf 88' lang='lat' dir='ltr'>ET</span> <span class='ocrx_word' id='word_1_7' title='bbox 1134 140 1323 169; x_wconf 80' lang='lat' dir='ltr'>GABRIELIS.</span> 
     </span>
    </p>
   </div>
   <div class='ocr_carea' id='block_1_3' title="bbox 1665 139 1734 169">
    <p class='ocr_par' dir='ltr' id='par_1_3' title="bbox 1665 139 1734 169">
     <span class='ocr_line' id='line_1_3' title="bbox 1665 139 1734 169; baseline 0 -1"><span class='ocrx_word' id='word_1_8' title='bbox 1665 139 1734 169; x_wconf 77' lang='grc'>1234</span> 
     </span>
    </p>
   </div>
   <div class='ocr_carea' id='block_1_4' title="bbox 55 195 866 237">
    <p class='ocr_par' dir='ltr' id='par_1_4' title="bbox 55 195 858 236">
     <span class='ocr_line' id='line_1_4' title="bbox 55 195 858 236; baseline 0.002 -13"><span class='ocrx_word' id='word_1_9' title='bbox 55 207 104 228; x_wconf 86' lang='grc' dir='ltr'>τας</span> <span class='ocrx_word' id='word_1_10' title='bbox 132 195 332 234; x_wconf 74' lang='grc' dir='ltr'>αἰνιγματώδεις</span> <span class='ocrx_word' id='word_1_11' title='bbox 360 198 465 235; x_wconf 79' lang='grc' dir='ltr'>ὁράσεις</span> <span class='ocrx_word' id='word_1_12' title='bbox 505 202 555 226; x_wconf 83' lang='grc' dir='ltr'>τῶν</span> <span class='ocrx_word' id='word_1_13' title='bbox 587 198 775 236; x_wconf 77' lang='grc' dir='ltr'>ἐκϐησομένων,</span> <span class='ocrx_word' id='word_1_14' title='bbox 806 199 858 226; x_wconf 78' lang='grc' dir='ltr'>ἐκεῖ</span> 
     </span>
    </p>
   </div>
   <div class='ocr_carea' id='block_1_5' title="bbox 955 195 1738 237">
    <p class='ocr_par' dir='ltr' id='par_1_5' title="bbox 955 200 1738 237">
     <span class='ocr_line' id='line_1_5' title="bbox 955 200 1738 237; baseline 0.006 -10"><span class='ocrx_word' id='word_1_15' title='bbox 955 200 1049 229; x_wconf 70' lang='lat' dir='ltr'>lderet</span> <span class='ocrx_word' id='word_1_16' title='bbox 1060 202 1074 230; x_wconf 86' lang='lat'><strong>?</strong></span> <span class='ocrx_word' id='word_1_17' title='bbox 1088 204 1131 230; x_wconf 78' lang='lat' dir='ltr'>An</span> <span class='ocrx_word' id='word_1_18' title='bbox 1143 210 1206 231; x_wconf 87' lang='lat' dir='ltr'>non</span> <span class='ocrx_word' id='word_1_19' title='bbox 1220 202 1289 231; x_wconf 89' lang='lat' dir='ltr'>inde</span> <span class='ocrx_word' id='word_1_20' title='bbox 1305 209 1433 237; x_wconf 78' lang='lat' dir='ltr'>magnus</span> <span class='ocrx_word' id='word_1_21' title='bbox 1450 203 1513 230; x_wconf 88' lang='lat' dir='ltr'>erat</span> <span class='ocrx_word' id='word_1_22' title='bbox 1539 202 1658 231; x_wconf 80' lang='lat' dir='ltr'>Samuel</span> <span class='ocrx_word' id='word_1_23' title='bbox 1689 211 1738 232; x_wconf 86' lang='lat' dir='ltr'>co-</span> 
     </span>
    </p>
   </div>
   <div class='ocr_carea' id='block_1_6' title="bbox 59 243 860 280">
    <p class='ocr_par' dir='ltr' id='par_1_6' title="bbox 59 243 860 280">
     <span class='ocr_line' id='line_1_6' title="bbox 59 243 860 280; baseline 0.002 -12"><span class='ocrx_word' id='word_1_24' title='bbox 59 243 203 273; x_wconf 80' lang='grc' dir='ltr'>συνετίξων</span> <span class='ocrx_word' id='word_1_25' title='bbox 231 243 322 280; x_wconf 85' lang='grc' dir='ltr'>ὁρᾶται</span> <span class='ocrx_word' id='word_1_26' title='bbox 352 243 476 280; x_wconf 78' lang='grc' dir='ltr'>Γαϐριὴλ.</span> <span class='ocrx_word' id='word_1_27' title='bbox 501 244 545 271; x_wconf 78' lang='grc' dir='ltr'>Ἐκ</span> <span class='ocrx_word' id='word_1_28' title='bbox 570 248 616 275; x_wconf 85' lang='grc' dir='ltr'>τῆς</span> <span class='ocrx_word' id='word_1_29' title='bbox 646 244 792 275; x_wconf 74' lang='grc' dir='ltr'>Βαϐυλῶνος</span> <span class='ocrx_word' id='word_1_30' title='bbox 830 243 860 271; x_wconf 68' lang='lat' dir='ltr'>r)“:</span> 
     </span>
    </p>
   </div>
   <div class='ocr_carea' id='block_1_7' title="bbox 56 285 860 326">
    <p class='ocr_par' dir='ltr' id='par_1_7' title="bbox 56 285 860 326">
     <span class='ocr_line' id='line_1_7' title="bbox 56 285 860 326; baseline 0.002 -13"><span class='ocrx_word' id='word_1_31' title='bbox 56 288 220 324; x_wconf 73' lang='grc' dir='ltr'>μετὰταῦτα</span> <span class='ocrx_word' id='word_1_32' title='bbox 235 285 273 314; x_wconf 87' lang='grc' dir='ltr'>δι’</span> <span class='ocrx_word' id='word_1_33' title='bbox 287 287 370 314; x_wconf 79' lang='grc' dir='ltr'>αὐτῶν</span> <span class='ocrx_word' id='word_1_34' title='bbox 393 288 502 326; x_wconf 78' lang='grc' dir='ltr'>Ἰσραήλ</span> <span class='ocrx_word' id='word_1_35' title='bbox 526 290 590 326; x_wconf 86' lang='grc' dir='ltr'>πρὸς</span> <span class='ocrx_word' id='word_1_36' title='bbox 617 291 661 318; x_wconf 84' lang='grc' dir='ltr'>τὴν</span> <span class='ocrx_word' id='word_1_37' title='bbox 689 288 860 326; x_wconf 74' lang='grc' dir='ltr'>Ἰερουσαλήμ</span> 
     </span>
    </p>
   </div>
   <div class='ocr_carea' id='block_1_8' title="bbox 58 331 859 369">
    <p class='ocr_par' dir='ltr' id='par_1_8' title="bbox 58 331 859 369">
     <span class='ocr_line' id='line_1_8' title="bbox 58 331 859 369; baseline 0.002 -11"><span class='ocrx_word' id='word_1_38' title='bbox 58 331 238 369; x_wconf 72' lang='grc' dir='ltr'>ἀνεκομίζετο.</span> <span class='ocrx_word' id='word_1_39' title='bbox 263 332 400 364; x_wconf 75' lang='grc' dir='ltr'>Πλεονάκις</span> <span class='ocrx_word' id='word_1_40' title='bbox 427 333 481 367; x_wconf 76' lang='grc' dir='ltr'>οὖν,</span> <span class='ocrx_word' id='word_1_41' title='bbox 508 334 539 360; x_wconf 79' lang='grc' dir='ltr'>ἶν’</span> <span class='ocrx_word' id='word_1_42' title='bbox 563 335 626 360; x_wconf 77' lang='grc' dir='ltr'>ι’ἱπω</span> <span class='ocrx_word' id='word_1_43' title='bbox 652 333 772 368; x_wconf 74' lang='grc' dir='ltr'>συνελὼν,</span> <span class='ocrx_word' id='word_1_44' title='bbox 813 337 859 360; x_wconf 84' lang='grc' dir='ltr'>τοῦ</span> 
     </span>
    </p>
   </div>
   <div class='ocr_carea' id='block_1_9' title="bbox 58 377 860 415">
    <p class='ocr_par' dir='ltr' id='par_1_9' title="bbox 58 377 860 415">
     <span class='ocr_line' id='line_1_9' title="bbox 58 377 860 415; baseline 0.001 -12"><span class='ocrx_word' id='word_1_45' title='bbox 58 380 130 404; x_wconf 75' lang='grc' dir='ltr'>Θεοῦ</span> <span class='ocrx_word' id='word_1_46' title='bbox 156 378 201 414; x_wconf 70' lang='grc' dir='ltr'>μὲν</span> <span class='ocrx_word' id='word_1_47' title='bbox 232 377 409 415; x_wconf 78' lang='grc' dir='ltr'>ὀλιγωροῦτες,</span> <span class='ocrx_word' id='word_1_48' title='bbox 441 380 503 415; x_wconf 84' lang='grc' dir='ltr'>πρὸς</span> <span class='ocrx_word' id='word_1_49' title='bbox 533 380 606 410; x_wconf 70' lang='grc' dir='ltr'>θεούς</span> <span class='ocrx_word' id='word_1_50' title='bbox 634 377 664 405; x_wconf 66' lang='grc' dir='ltr'><strong>δί</strong></span> <span class='ocrx_word' id='word_1_51' title='bbox 689 378 860 415; x_wconf 72' lang='grc' dir='ltr'>αὐτομολοῦν-</span> 
     </span>
    </p>
   </div>
   <div class='ocr_carea' id='block_1_10' title="bbox 56 422 858 461">
    <p class='ocr_par' dir='ltr' id='par_1_10' title="bbox 56 422 858 461">
     <span class='ocr_line' id='line_1_10' title="bbox 56 422 858 461; baseline 0.004 -13"><span class='ocrx_word' id='word_1_52' title='bbox 56 431 113 455; x_wconf 76' lang='grc' dir='ltr'>τες,</span> <span class='ocrx_word' id='word_1_53' title='bbox 164 426 219 453; x_wconf 80' lang='grc' dir='ltr'>τοῖς</span> <span class='ocrx_word' id='word_1_54' title='bbox 273 422 378 459; x_wconf 75' lang='grc' dir='ltr'>ἆχθροῖς</span> <span class='ocrx_word' id='word_1_55' title='bbox 415 424 601 455; x_wconf 76' lang='grc' dir='ltr'>ὑποπίπτοντες</span> <span class='ocrx_word' id='word_1_56' title='bbox 637 423 835 461; x_wconf 80' lang='grc' dir='ltr'>ἓπρονομεύοντο</span> <span class='ocrx_word' id='word_1_57' title='bbox 851 434 858 441; x_wconf 92' lang='grc'><strong>·</strong></span> 
     </span>
    </p>
   </div>
   <div class='ocr_carea' id='block_1_11' title="bbox 59 465 862 506">
    <p class='ocr_par' dir='ltr' id='par_1_11' title="bbox 59 465 862 506">
     <span class='ocr_line' id='line_1_11' title="bbox 59 465 862 506; baseline 0.001 -12"><span class='ocrx_word' id='word_1_58' title='bbox 59 467 200 497; x_wconf 79' lang='grc' dir='ltr'>Πλεονάκις</span> <span class='ocrx_word' id='word_1_59' title='bbox 229 465 258 493; x_wconf 69' lang='grc' dir='ltr'>δὲ</span> <span class='ocrx_word' id='word_1_60' title='bbox 280 469 324 497; x_wconf 83' lang='grc' dir='ltr'>τὴν</span> <span class='ocrx_word' id='word_1_61' title='bbox 356 469 425 494; x_wconf 77' lang='grc' dir='ltr'>θείαν</span> <span class='ocrx_word' id='word_1_62' title='bbox 451 468 646 505; x_wconf 71' lang='grc' dir='ltr'>ἐπικεκλημένοι</span> <span class='ocrx_word' id='word_1_63' title='bbox 679 468 772 506; x_wconf 78' lang='grc' dir='ltr'>ῥοπὴν,</span> <span class='ocrx_word' id='word_1_64' title='bbox 814 467 862 496; x_wconf 77' lang='grc' dir='ltr'>διὰ</span> 
     </span>
    </p>
   </div>
   <div class='ocr_carea' id='block_1_12' title="bbox 55 511 860 551">
    <p class='ocr_par' dir='ltr' id='par_1_12' title="bbox 55 511 860 551">
     <span class='ocr_line' id='line_1_12' title="bbox 55 511 860 551; baseline 0.004 -14"><span class='ocrx_word' id='word_1_65' title='bbox 55 515 110 538; x_wconf 84' lang='grc' dir='ltr'>τῶν</span> <span class='ocrx_word' id='word_1_66' title='bbox 137 511 243 547; x_wconf 67' lang='grc' dir='ltr'>ὑψηλῶν</span> <span class='ocrx_word' id='word_1_67' title='bbox 269 513 366 539; x_wconf 84' lang='grc' dir='ltr'>τούτων</span> <span class='ocrx_word' id='word_1_68' title='bbox 396 515 441 539; x_wconf 76' lang='grc' dir='ltr'>καὶ</span> <span class='ocrx_word' id='word_1_69' title='bbox 480 513 605 551; x_wconf 82' lang='grc' dir='ltr'>λαμπρῶυ</span> <span class='ocrx_word' id='word_1_70' title='bbox 639 513 860 550; x_wconf 70' lang='grc' dir='ltr'>ἀρχιστρατήγων</span> 
     </span>
    </p>
   </div>
   <div class='ocr_carea' id='block_1_13' title="bbox 57 556 861 595">
    <p class='ocr_par' dir='ltr' id='par_1_13' title="bbox 57 556 861 595">
     <span class='ocr_line' id='line_1_13' title="bbox 57 556 861 595; baseline 0.002 -13"><span class='ocrx_word' id='word_1_71' title='bbox 57 561 107 587; x_wconf 79' lang='grc' dir='ltr'>τῆς</span> <span class='ocrx_word' id='word_1_72' title='bbox 130 556 251 592; x_wconf 84' lang='grc' dir='ltr'>χαλεπῆς</span> <span class='ocrx_word' id='word_1_73' title='bbox 274 559 318 593; x_wconf 66' lang='grc' dir='ltr'>μὲν</span> <span class='ocrx_word' id='word_1_74' title='bbox 345 556 498 595; x_wconf 77' lang='grc' dir='ltr'>τυραννίδος</span> <span class='ocrx_word' id='word_1_75' title='bbox 529 558 695 595; x_wconf 75' lang='grc' dir='ltr'>πολυτρόπως</span> <span class='ocrx_word' id='word_1_76' title='bbox 725 558 861 587; x_wconf 74' lang='grc' dir='ltr'>ἀπηλλατα</span> 
     </span>
    </p>
   </div>
   <div class='ocr_carea' id='block_1_14' title="bbox 58 600 860 639">
    <p class='ocr_par' dir='ltr' id='par_1_14' title="bbox 58 600 860 639">
     <span class='ocr_line' id='line_1_14' title="bbox 58 600 860 639; baseline 0.001 -11"><span class='ocrx_word' id='word_1_77' title='bbox 58 611 147 636; x_wconf 71' lang='grc' dir='ltr'>τουτο,</span> <span class='ocrx_word' id='word_1_78' title='bbox 159 605 216 633; x_wconf 85' lang='grc' dir='ltr'>ταῖς</span> <span class='ocrx_word' id='word_1_79' title='bbox 230 601 325 628; x_wconf 75' lang='grc' dir='ltr'>ἑαυτῶν</span> <span class='ocrx_word' id='word_1_80' title='bbox 337 600 366 629; x_wconf 71' lang='grc' dir='ltr'>δὲ</span> <span class='ocrx_word' id='word_1_81' title='bbox 394 612 507 639; x_wconf 87' lang='grc' dir='ltr'>χωραις,</span> <span class='ocrx_word' id='word_1_82' title='bbox 532 605 577 629; x_wconf 80' lang='grc' dir='ltr'>καὶ</span> <span class='ocrx_word' id='word_1_83' title='bbox 603 603 704 636; x_wconf 73' lang='grc' dir='ltr'>πόλεσι,</span> <span class='ocrx_word' id='word_1_84' title='bbox 729 605 774 629; x_wconf 80' lang='grc' dir='ltr'>καὶ</span> <span class='ocrx_word' id='word_1_85' title='bbox 807 606 860 634; x_wconf 86' lang='grc' dir='ltr'>τοῖς</span> 
     </span>
    </p>
   </div>
   <div class='ocr_carea' id='block_1_15' title="bbox 59 645 861 684">
    <p class='ocr_par' dir='ltr' id='par_1_15' title="bbox 59 645 861 684">
     <span class='ocr_line' id='line_1_15' title="bbox 59 645 861 684; baseline 0.002 -12"><span class='ocrx_word' id='word_1_86' title='bbox 59 646 168 677; x_wconf 76' lang='grc' dir='ltr'>οἰκείοις</span> <span class='ocrx_word' id='word_1_87' title='bbox 188 645 396 673; x_wconf 64' lang='grc' dir='ltr'>ἀποκαθίστα-ατο</span> <span class='ocrx_word' id='word_1_88' title='bbox 433 649 546 684; x_wconf 85' lang='grc' dir='ltr'>θεσμοῖς.</span> <span class='ocrx_word' id='word_1_89' title='bbox 575 648 650 674; x_wconf 76' lang='grc' dir='ltr'>Οὕτω</span> <span class='ocrx_word' id='word_1_90' title='bbox 674 649 718 684; x_wconf 64' lang='grc' dir='ltr'>μὲν</span> <span class='ocrx_word' id='word_1_91' title='bbox 741 647 766 674; x_wconf 78' lang='grc' dir='ltr'>οἱ</span> <span class='ocrx_word' id='word_1_92' title='bbox 796 657 861 674; x_wconf 83' lang='grc' dir='ltr'>παν-</span> 
     </span>
    </p>
   </div>
   <div class='ocr_carea' id='block_1_16' title="bbox 60 690 861 730">
    <p class='ocr_par' dir='ltr' id='par_1_16' title="bbox 60 690 861 730">
     <span class='ocr_line' id='line_1_16' title="bbox 60 690 861 730; baseline 0 -12"><span class='ocrx_word' id='word_1_93' title='bbox 60 690 138 718; x_wconf 76' lang='grc' dir='ltr'>ἆῡλόι</span> <span class='ocrx_word' id='word_1_94' title='bbox 166 695 213 723; x_wconf 80' lang='grc' dir='ltr'>τῆς</span> <span class='ocrx_word' id='word_1_95' title='bbox 251 695 415 728; x_wconf 77' lang='grc' dir='ltr'>παντουργοῦ</span> <span class='ocrx_word' id='word_1_96' title='bbox 459 694 552 729; x_wconf 64' lang='grc' dir='ltr'>σοφίας</span> <span class='ocrx_word' id='word_1_97' title='bbox 590 702 640 718; x_wconf 85' lang='grc' dir='ltr'>των</span> <span class='ocrx_word' id='word_1_98' title='bbox 683 691 861 730; x_wconf 76' lang='grc' dir='ltr'>ἀρχαιοτέρων</span> 
     </span>
    </p>
   </div>
   <div class='ocr_carea' id='block_1_17' title="bbox 54 734 860 774">
    <p class='ocr_par' dir='ltr' id='par_1_17' title="bbox 54 734 860 774">
     <span class='ocr_line' id='line_1_17' title="bbox 54 734 860 774; baseline 0.001 -12"><span class='ocrx_word' id='word_1_99' title='bbox 54 734 272 773; x_wconf 70' lang='grc' dir='ltr'>ἕπιτηδιυμοξτων</span> <span class='ocrx_word' id='word_1_100' title='bbox 305 737 433 774; x_wconf 79' lang='grc' dir='ltr'>ὑπουργοὶ</span> <span class='ocrx_word' id='word_1_101' title='bbox 461 739 506 763; x_wconf 76' lang='grc' dir='ltr'>καὶ</span> <span class='ocrx_word' id='word_1_102' title='bbox 533 735 650 763; x_wconf 77' lang='grc' dir='ltr'>διάκονοί</span> <span class='ocrx_word' id='word_1_103' title='bbox 688 738 860 766; x_wconf 67' lang='grc' dir='ltr'>καθειστήκε-</span> 
     </span>
    </p>
   </div>
   <div class='ocr_carea' id='block_1_18' title="bbox 54 780 290 819">
    <p class='ocr_par' dir='ltr' id='par_1_18' title="bbox 54 780 290 819">
     <span class='ocr_line' id='line_1_18' title="bbox 54 780 290 819; baseline 0.008 -12"><span class='ocrx_word' id='word_1_104' title='bbox 54 791 108 807; x_wconf 85' lang='grc' dir='ltr'>σαν</span> <span class='ocrx_word' id='word_1_105' title='bbox 120 780 290 819; x_wconf 79' lang='grc' dir='ltr'>δραστήριοι.</span> 
     </span>
    </p>
   </div>
   <div class='ocr_carea' id='block_1_19' title="bbox 913 247 1735 276">
    <p class='ocr_par' dir='ltr' id='par_1_19' title="bbox 913 247 1735 276">
     <span class='ocr_line' id='line_1_19' title="bbox 913 247 1735 276; baseline 0.004 -3"><span class='ocrx_word' id='word_1_106' title='bbox 913 253 979 274; x_wconf 87' lang='lat' dir='ltr'>ram</span> <span class='ocrx_word' id='word_1_107' title='bbox 995 247 1121 275; x_wconf 90' lang='lat' dir='ltr'>Domino</span> <span class='ocrx_word' id='word_1_108' title='bbox 1130 247 1144 275; x_wconf 80' lang='lat' dir='ltr'>‘I</span> <span class='ocrx_word' id='word_1_109' title='bbox 1152 249 1215 276; x_wconf 91' lang='lat' dir='ltr'>Non</span> <span class='ocrx_word' id='word_1_110' title='bbox 1228 247 1361 276; x_wconf 82' lang='lat' dir='ltr'>indidem</span> <span class='ocrx_word' id='word_1_111' title='bbox 1373 247 1509 275; x_wconf 81' lang='lat' dir='ltr'>hostibus</span> <span class='ocrx_word' id='word_1_112' title='bbox 1519 247 1581 275; x_wconf 86' lang='lat' dir='ltr'>suis</span> <span class='ocrx_word' id='word_1_113' title='bbox 1592 248 1735 276; x_wconf 87' lang='lat' dir='ltr'>omnibus</span> 
     </span>
    </p>
   </div>
   <div class='ocr_carea' id='block_1_20' title="bbox 914 291 1738 330">
    <p class='ocr_par' dir='ltr' id='par_1_20' title="bbox 914 291 1738 330">
     <span class='ocr_line' id='line_1_20' title="bbox 914 291 1738 330; baseline 0.005 -12"><span class='ocrx_word' id='word_1_114' title='bbox 914 291 1050 327; x_wconf 87' lang='lat' dir='ltr'>superior</span> <span class='ocrx_word' id='word_1_115' title='bbox 1065 291 1119 320; x_wconf 85' lang='lat' dir='ltr'>fuit</span> <span class='ocrx_word' id='word_1_116' title='bbox 1135 293 1227 321; x_wconf 80' lang='lat' dir='ltr'>David</span> <span class='ocrx_word' id='word_1_117' title='bbox 1242 292 1256 320; x_wconf 81' lang='lat'><strong>?</strong></span> <span class='ocrx_word' id='word_1_118' title='bbox 1271 295 1335 321; x_wconf 89' lang='lat' dir='ltr'>Non</span> <span class='ocrx_word' id='word_1_119' title='bbox 1349 292 1397 320; x_wconf 90' lang='lat' dir='ltr'>ille</span> <span class='ocrx_word' id='word_1_120' title='bbox 1413 292 1477 328; x_wconf 90' lang='lat' dir='ltr'>ipse</span> <span class='ocrx_word' id='word_1_121' title='bbox 1491 291 1568 320; x_wconf 83' lang='lat' dir='ltr'>Elias</span> <span class='ocrx_word' id='word_1_122' title='bbox 1589 300 1644 320; x_wconf 84' lang='lat' dir='ltr'>suo</span> <span class='ocrx_word' id='word_1_123' title='bbox 1673 293 1738 330; x_wconf 90' lang='lat' dir='ltr'>ipso</span> 
     </span>
    </p>
   </div>
   <div class='ocr_carea' id='block_1_21' title="bbox 914 335 1740 374">
    <p class='ocr_par' dir='ltr' id='par_1_21' title="bbox 914 335 1740 374">
     <span class='ocr_line' id='line_1_21' title="bbox 914 335 1740 374; baseline 0.002 -10"><span class='ocrx_word' id='word_1_124' title='bbox 914 335 982 371; x_wconf 85' lang='lat' dir='ltr'>igne</span> <span class='ocrx_word' id='word_1_125' title='bbox 996 336 1152 365; x_wconf 80' lang='lat' dir='ltr'>terribilior</span> <span class='ocrx_word' id='word_1_126' title='bbox 1166 337 1261 372; x_wconf 80' lang='lat' dir='ltr'>igneis</span> <span class='ocrx_word' id='word_1_127' title='bbox 1277 337 1419 374; x_wconf 78' lang='lat' dir='ltr'>operibus</span> <span class='ocrx_word' id='word_1_128' title='bbox 1446 337 1625 365; x_wconf 80' lang='lat' dir='ltr'>cernebatur</span> <span class='ocrx_word' id='word_1_129' title='bbox 1648 337 1663 366; x_wconf 73' lang='lat'>&#39;2‘</span> <span class='ocrx_word' id='word_1_130' title='bbox 1684 338 1740 371; x_wconf 78' lang='lat' dir='ltr'>QUI</span> 
     </span>
    </p>
   </div>
   <div class='ocr_carea' id='block_1_22' title="bbox 915 381 1739 418">
    <p class='ocr_par' dir='ltr' id='par_1_22' title="bbox 915 381 1739 418">
     <span class='ocr_line' id='line_1_22' title="bbox 915 381 1739 418; baseline 0.002 -10"><span class='ocrx_word' id='word_1_131' title='bbox 915 382 1045 408; x_wconf 81' lang='lat' dir='ltr'>etcurru</span> <span class='ocrx_word' id='word_1_132' title='bbox 1060 381 1172 410; x_wconf 86' lang='lat' dir='ltr'>vehens</span> <span class='ocrx_word' id='word_1_133' title='bbox 1191 382 1280 417; x_wconf 81' lang='lat' dir='ltr'>igneo</span> <span class='ocrx_word' id='word_1_134' title='bbox 1306 384 1482 418; x_wconf 82' lang='lat' dir='ltr'>assumptus</span> <span class='ocrx_word' id='word_1_135' title='bbox 1507 382 1539 410; x_wconf 88' lang='lat' dir='ltr'>in</span> <span class='ocrx_word' id='word_1_136' title='bbox 1568 382 1659 410; x_wconf 65' lang='lat' dir='ltr'>caelos</span> <span class='ocrx_word' id='word_1_137' title='bbox 1684 385 1739 411; x_wconf 87' lang='lat' dir='ltr'>est.</span> 
     </span>
    </p>
   </div>
   <div class='ocr_carea' id='block_1_23' title="bbox 914 426 1741 464">
    <p class='ocr_par' dir='ltr' id='par_1_23' title="bbox 914 426 1741 464">
     <span class='ocr_line' id='line_1_23' title="bbox 914 426 1741 464; baseline 0.004 -11"><span class='ocrx_word' id='word_1_138' title='bbox 914 426 1015 461; x_wconf 88' lang='lat' dir='ltr'>Neque</span> <span class='ocrx_word' id='word_1_139' title='bbox 1029 433 1119 462; x_wconf 91' lang='lat' dir='ltr'>porro</span> <span class='ocrx_word' id='word_1_140' title='bbox 1133 426 1295 463; x_wconf 86' lang='lat' dir='ltr'>quisquam</span> <span class='ocrx_word' id='word_1_141' title='bbox 1306 427 1381 455; x_wconf 88' lang='lat' dir='ltr'>alius</span> <span class='ocrx_word' id='word_1_142' title='bbox 1394 426 1566 455; x_wconf 81' lang='lat' dir='ltr'>divinorum</span> <span class='ocrx_word' id='word_1_143' title='bbox 1580 427 1741 464; x_wconf 80' lang='lat' dir='ltr'>propheta~</span> 
     </span>
    </p>
   </div>
   <div class='ocr_carea' id='block_1_24' title="bbox 915 470 1740 507">
    <p class='ocr_par' dir='ltr' id='par_1_24' title="bbox 915 470 1740 507">
     <span class='ocr_line' id='line_1_24' title="bbox 915 470 1740 507; baseline 0.004 -9"><span class='ocrx_word' id='word_1_144' title='bbox 915 478 982 498; x_wconf 90' lang='lat' dir='ltr'>rum</span> <span class='ocrx_word' id='word_1_145' title='bbox 995 470 1131 500; x_wconf 79' lang='lat' dir='ltr'>doctrina</span> <span class='ocrx_word' id='word_1_146' title='bbox 1140 471 1268 500; x_wconf 87' lang='lat' dir='ltr'>rebusve</span> <span class='ocrx_word' id='word_1_147' title='bbox 1278 471 1367 506; x_wconf 79' lang='lat' dir='ltr'>gestis</span> <span class='ocrx_word' id='word_1_148' title='bbox 1377 471 1467 507; x_wconf 90' lang='lat' dir='ltr'>paulo</span> <span class='ocrx_word' id='word_1_149' title='bbox 1478 471 1585 499; x_wconf 87' lang='lat' dir='ltr'>exstitit</span> <span class='ocrx_word' id='word_1_150' title='bbox 1600 471 1740 501; x_wconf 82' lang='lat' dir='ltr'>illustrior</span> 
     </span>
    </p>
   </div>
   <div class='ocr_carea' id='block_1_25' title="bbox 916 515 1740 553">
    <p class='ocr_par' dir='ltr' id='par_1_25' title="bbox 916 515 1740 553">
     <span class='ocr_line' id='line_1_25' title="bbox 916 515 1740 553; baseline 0.002 -10"><span class='ocrx_word' id='word_1_151' title='bbox 916 515 963 543; x_wconf 91' lang='lat' dir='ltr'>cui</span> <span class='ocrx_word' id='word_1_152' title='bbox 989 523 1051 544; x_wconf 91' lang='lat' dir='ltr'>non</span> <span class='ocrx_word' id='word_1_153' title='bbox 1074 515 1124 544; x_wconf 85' lang='lat' dir='ltr'>isti</span> <span class='ocrx_word' id='word_1_154' title='bbox 1147 516 1314 544; x_wconf 82' lang='lat' dir='ltr'>ccelestium</span> <span class='ocrx_word' id='word_1_155' title='bbox 1339 516 1495 553; x_wconf 86' lang='lat' dir='ltr'>spirituum</span> <span class='ocrx_word' id='word_1_156' title='bbox 1530 516 1683 553; x_wconf 71' lang='lat' dir='ltr'>praecipui,</span> <span class='ocrx_word' id='word_1_157' title='bbox 1713 519 1740 546; x_wconf 90' lang='lat' dir='ltr'>et</span> 
     </span>
    </p>
   </div>
   <div class='ocr_carea' id='block_1_26' title="bbox 915 559 1742 597">
    <p class='ocr_par' dir='ltr' id='par_1_26' title="bbox 915 559 1742 597">
     <span class='ocr_line' id='line_1_26' title="bbox 915 559 1742 597; baseline 0.002 -10"><span class='ocrx_word' id='word_1_158' title='bbox 915 559 1008 587; x_wconf 87' lang='lat' dir='ltr'>duces</span> <span class='ocrx_word' id='word_1_159' title='bbox 1027 559 1136 588; x_wconf 89' lang='lat' dir='ltr'>fuerint</span> <span class='ocrx_word' id='word_1_160' title='bbox 1149 561 1298 594; x_wconf 85' lang='lat' dir='ltr'>itinerum,</span> <span class='ocrx_word' id='word_1_161' title='bbox 1319 562 1347 589; x_wconf 89' lang='lat' dir='ltr'>et</span> <span class='ocrx_word' id='word_1_162' title='bbox 1368 561 1520 596; x_wconf 82' lang='lat' dir='ltr'>adjutores</span> <span class='ocrx_word' id='word_1_163' title='bbox 1549 569 1685 597; x_wconf 88' lang='lat' dir='ltr'>operum,</span> <span class='ocrx_word' id='word_1_164' title='bbox 1713 563 1742 589; x_wconf 88' lang='lat' dir='ltr'>et</span> 
     </span>
    </p>
   </div>
   <div class='ocr_carea' id='block_1_27' title="bbox 916 604 1741 642">
    <p class='ocr_par' dir='ltr' id='par_1_27' title="bbox 916 604 1741 642">
     <span class='ocr_line' id='line_1_27' title="bbox 916 604 1741 642; baseline 0.002 -10"><span class='ocrx_word' id='word_1_165' title='bbox 916 604 997 632; x_wconf 89' lang='lat' dir='ltr'>omni</span> <span class='ocrx_word' id='word_1_166' title='bbox 1014 606 1119 633; x_wconf 66' lang='lat' dir='ltr'>caetera</span> <span class='ocrx_word' id='word_1_167' title='bbox 1134 608 1305 633; x_wconf 87' lang='lat' dir='ltr'>curatorum</span> <span class='ocrx_word' id='word_1_168' title='bbox 1319 605 1501 642; x_wconf 88' lang='lat' dir='ltr'>optimorum</span> <span class='ocrx_word' id='word_1_169' title='bbox 1511 605 1658 641; x_wconf 79' lang='lat' dir='ltr'>complexi</span> <span class='ocrx_word' id='word_1_170' title='bbox 1672 614 1741 642; x_wconf 89' lang='lat' dir='ltr'>pro-</span> 
     </span>
    </p>
   </div>
   <div class='ocr_carea' id='block_1_28' title="bbox 916 648 1741 686">
    <p class='ocr_par' dir='ltr' id='par_1_28' title="bbox 916 648 1741 686">
     <span class='ocr_line' id='line_1_28' title="bbox 916 648 1741 686; baseline 0.002 -10"><span class='ocrx_word' id='word_1_171' title='bbox 916 648 1176 677; x_wconf 82' lang='lat' dir='ltr'>videntia&#39;motum</span> <span class='ocrx_word' id='word_1_172' title='bbox 1189 658 1311 678; x_wconf 89' lang='lat' dir='ltr'>omnem</span> <span class='ocrx_word' id='word_1_173' title='bbox 1322 652 1551 686; x_wconf 84' lang='lat' dir='ltr'>etprogressnm</span> <span class='ocrx_word' id='word_1_174' title='bbox 1561 658 1622 686; x_wconf 88' lang='lat' dir='ltr'>quo</span> <span class='ocrx_word' id='word_1_175' title='bbox 1628 658 1689 678; x_wconf 81' lang='lat' dir='ltr'>suis</span> <span class='ocrx_word' id='word_1_176' title='bbox 1701 650 1741 679; x_wconf 87' lang='lat' dir='ltr'>ad</span> 
     </span>
    </p>
   </div>
   <div class='ocr_carea' id='block_1_29' title="bbox 916 694 1740 723">
    <p class='ocr_par' dir='ltr' id='par_1_29' title="bbox 916 694 1740 723">
     <span class='ocr_line' id='line_1_29' title="bbox 916 694 1740 723; baseline 0.002 -2"><span class='ocrx_word' id='word_1_177' title='bbox 916 694 1110 722; x_wconf 83' lang='lat' dir='ltr'>assectaudos</span> <span class='ocrx_word' id='word_1_178' title='bbox 1124 695 1232 722; x_wconf 85' lang='lat' dir='ltr'>divime</span> <span class='ocrx_word' id='word_1_179' title='bbox 1250 694 1409 723; x_wconf 79' lang='lat' dir='ltr'>voluntatis</span> <span class='ocrx_word' id='word_1_180' title='bbox 1425 697 1516 722; x_wconf 87' lang='lat' dir='ltr'>nutus</span> <span class='ocrx_word' id='word_1_181' title='bbox 1531 695 1654 722; x_wconf 83' lang='lat' dir='ltr'>occultis</span> <span class='ocrx_word' id='word_1_182' title='bbox 1675 703 1740 723; x_wconf 89' lang='lat' dir='ltr'>mo-</span> 
     </span>
    </p>
   </div>
   <div class='ocr_carea' id='block_1_30' title="bbox 916 739 1741 776">
    <p class='ocr_par' dir='ltr' id='par_1_30' title="bbox 916 739 1741 776">
     <span class='ocr_line' id='line_1_30' title="bbox 916 739 1741 776; baseline 0.002 -10"><span class='ocrx_word' id='word_1_183' title='bbox 916 739 984 767; x_wconf 90' lang='lat' dir='ltr'>nitis</span> <span class='ocrx_word' id='word_1_184' title='bbox 1000 741 1027 767; x_wconf 90' lang='lat' dir='ltr'>et</span> <span class='ocrx_word' id='word_1_185' title='bbox 1039 739 1228 767; x_wconf 86' lang='lat' dir='ltr'>instinctibus</span> <span class='ocrx_word' id='word_1_186' title='bbox 1256 739 1427 768; x_wconf 82' lang='lat' dir='ltr'>direxerint.</span> <span class='ocrx_word' id='word_1_187' title='bbox 1457 739 1490 768; x_wconf 89' lang='lat' dir='ltr'>Hi</span> <span class='ocrx_word' id='word_1_188' title='bbox 1517 739 1613 768; x_wconf 86' lang='lat' dir='ltr'>tribus</span> <span class='ocrx_word' id='word_1_189' title='bbox 1641 740 1741 776; x_wconf 89' lang='lat' dir='ltr'>pueris</span> 
     </span>
    </p>
   </div>
   <div class='ocr_carea' id='block_1_31' title="bbox 916 783 1741 820">
    <p class='ocr_par' dir='ltr' id='par_1_31' title="bbox 916 783 1741 820">
     <span class='ocr_line' id='line_1_31' title="bbox 916 783 1741 820; baseline 0 -9"><span class='ocrx_word' id='word_1_190' title='bbox 916 783 947 811; x_wconf 90' lang='lat' dir='ltr'>in</span> <span class='ocrx_word' id='word_1_191' title='bbox 961 783 1076 812; x_wconf 89' lang='lat' dir='ltr'>ardenti</span> <span class='ocrx_word' id='word_1_192' title='bbox 1090 783 1211 812; x_wconf 83' lang='lat' dir='ltr'>fornace</span> <span class='ocrx_word' id='word_1_193' title='bbox 1236 784 1377 812; x_wconf 90' lang='lat' dir='ltr'>ﬂammas</span> <span class='ocrx_word' id='word_1_194' title='bbox 1402 785 1547 820; x_wconf 84' lang='lat' dir='ltr'>tanquam</span> <span class='ocrx_word' id='word_1_195' title='bbox 1573 783 1741 812; x_wconf 85' lang='lat' dir='ltr'>thalamum</span> 
     </span>
    </p>
   </div>
   <div class='ocr_carea' id='block_1_32' title="bbox 49 826 1742 863">
    <p class='ocr_par' dir='ltr' id='par_1_32' title="bbox 49 826 1742 863">
     <span class='ocr_line' id='line_1_32' title="bbox 49 826 1742 863; baseline 0.001 -9"><span class='ocrx_word' id='word_1_196' title='bbox 49 826 178 854; x_wconf 76' lang='lat' dir='ltr'>innoxie</span> <span class='ocrx_word' id='word_1_197' title='bbox 189 826 374 854; x_wconf 83' lang='lat' dir='ltr'>calcantibus</span> <span class='ocrx_word' id='word_1_198' title='bbox 389 827 581 863; x_wconf 85' lang='lat' dir='ltr'>hymnosque</span> <span class='ocrx_word' id='word_1_199' title='bbox 594 826 742 854; x_wconf 88' lang='lat' dir='ltr'>Servatori</span> <span class='ocrx_word' id='word_1_200' title='bbox 763 826 853 854; x_wconf 85' lang='lat' dir='ltr'>mixto</span> <span class='ocrx_word' id='word_1_201' title='bbox 880 827 991 863; x_wconf 87' lang='lat' dir='ltr'>plausu</span> <span class='ocrx_word' id='word_1_202' title='bbox 1015 827 1193 856; x_wconf 85' lang='lat' dir='ltr'>chorearum</span> <span class='ocrx_word' id='word_1_203' title='bbox 1218 828 1446 856; x_wconf 88' lang='lat' dir='ltr'>concinentibus</span> <span class='ocrx_word' id='word_1_204' title='bbox 1473 830 1609 856; x_wconf 75' lang='lat' dir='ltr'>auctores</span> <span class='ocrx_word' id='word_1_205' title='bbox 1650 828 1742 856; x_wconf 89' lang='lat' dir='ltr'>iidem</span> 
     </span>
    </p>
   </div>
   <div class='ocr_carea' id='block_1_33' title="bbox 51 870 1742 909">
    <p class='ocr_par' dir='ltr' id='par_1_33' title="bbox 51 870 1742 909">
     <span class='ocr_line' id='line_1_33' title="bbox 51 870 1742 909; baseline 0.001 -10"><span class='ocrx_word' id='word_1_206' title='bbox 51 873 84 899; x_wconf 85' lang='lat' dir='ltr'>et</span> <span class='ocrx_word' id='word_1_207' title='bbox 99 870 257 907; x_wconf 88' lang='lat' dir='ltr'>participes</span> <span class='ocrx_word' id='word_1_208' title='bbox 267 871 375 899; x_wconf 60' lang='lat' dir='ltr'>laetitiae</span> <span class='ocrx_word' id='word_1_209' title='bbox 390 871 535 899; x_wconf 78' lang='lat' dir='ltr'>consertis</span> <span class='ocrx_word' id='word_1_210' title='bbox 561 871 708 899; x_wconf 67' lang='lat' dir='ltr'>haerentes</span> <span class='ocrx_word' id='word_1_211' title='bbox 728 870 880 905; x_wconf 85' lang='lat' dir='ltr'>manibus,</span> <span class='ocrx_word' id='word_1_212' title='bbox 908 879 982 900; x_wconf 91' lang='lat' dir='ltr'>voce</span> <span class='ocrx_word' id='word_1_213' title='bbox 1007 872 1330 909; x_wconf 52' lang='lat' dir='ltr'>motuque‘prsaibant.</span> <span class='ocrx_word' id='word_1_214' title='bbox 1360 872 1435 905; x_wconf 89' lang='lat' dir='ltr'>Quin</span> <span class='ocrx_word' id='word_1_215' title='bbox 1461 872 1500 900; x_wconf 87' lang='lat' dir='ltr'>ab</span> <span class='ocrx_word' id='word_1_216' title='bbox 1527 872 1640 900; x_wconf 86' lang='lat' dir='ltr'>eisdem</span> <span class='ocrx_word' id='word_1_217' title='bbox 1668 875 1742 909; x_wconf 91' lang='lat' dir='ltr'>puto</span> 
     </span>
    </p>
   </div>
   <div class='ocr_carea' id='block_1_34' title="bbox 51 915 1743 953">
    <p class='ocr_par' dir='ltr' id='par_1_34' title="bbox 51 915 1743 953">
     <span class='ocr_line' id='line_1_34' title="bbox 51 915 1743 953; baseline 0.001 -9"><span class='ocrx_word' id='word_1_218' title='bbox 51 916 169 944; x_wconf 77' lang='lat' dir='ltr'>factum</span> <span class='ocrx_word' id='word_1_219' title='bbox 182 918 215 944; x_wconf 87' lang='lat' dir='ltr'>ut</span> <span class='ocrx_word' id='word_1_220' title='bbox 225 923 260 943; x_wconf 86' lang='lat' dir='ltr'>ex</span> <span class='ocrx_word' id='word_1_221' title='bbox 275 915 400 944; x_wconf 63' lang='lat' dir='ltr'>marinas</span> <span class='ocrx_word' id='word_1_222' title='bbox 413 918 515 944; x_wconf 89' lang='lat' dir='ltr'>ventre</span> <span class='ocrx_word' id='word_1_223' title='bbox 525 915 633 944; x_wconf 69' lang='lat' dir='ltr'>belluas</span> <span class='ocrx_word' id='word_1_224' title='bbox 649 916 712 943; x_wconf 86' lang='lat' dir='ltr'>sine</span> <span class='ocrx_word' id='word_1_225' title='bbox 735 923 815 944; x_wconf 85' lang='lat' dir='ltr'>noxa</span> <span class='ocrx_word' id='word_1_226' title='bbox 836 917 930 945; x_wconf 82' lang='lat' dir='ltr'>Jonas</span> <span class='ocrx_word' id='word_1_227' title='bbox 954 917 1094 952; x_wconf 85' lang='lat' dir='ltr'>exsiliret,</span> <span class='ocrx_word' id='word_1_228' title='bbox 1128 919 1220 953; x_wconf 86' lang='lat' dir='ltr'>utque</span> <span class='ocrx_word' id='word_1_229' title='bbox 1247 917 1323 945; x_wconf 88' lang='lat' dir='ltr'>inter</span> <span class='ocrx_word' id='word_1_230' title='bbox 1350 916 1453 945; x_wconf 89' lang='lat' dir='ltr'>leones</span> <span class='ocrx_word' id='word_1_231' title='bbox 1478 917 1664 945; x_wconf 90' lang='lat' dir='ltr'>horrendum</span> <span class='ocrx_word' id='word_1_232' title='bbox 1695 925 1743 945; x_wconf 91' lang='lat' dir='ltr'>ru-</span> 
     </span>
    </p>
   </div>
   <div class='ocr_carea' id='block_1_35' title="bbox 52 960 1739 999">
    <p class='ocr_par' dir='ltr' id='par_1_35' title="bbox 52 960 1739 999">
     <span class='ocr_line' id='line_1_35' title="bbox 52 960 1739 999; baseline 0.001 -10"><span class='ocrx_word' id='word_1_233' title='bbox 52 961 173 997; x_wconf 83' lang='lat' dir='ltr'>gientes</span> <span class='ocrx_word' id='word_1_234' title='bbox 195 961 309 996; x_wconf 80' lang='lat' dir='ltr'>integer</span> <span class='ocrx_word' id='word_1_235' title='bbox 338 961 401 989; x_wconf 88' lang='lat' dir='ltr'>sine</span> <span class='ocrx_word' id='word_1_236' title='bbox 423 961 536 989; x_wconf 87' lang='lat' dir='ltr'>damno</span> <span class='ocrx_word' id='word_1_237' title='bbox 562 963 732 989; x_wconf 84' lang='lat' dir='ltr'>servaretur</span> <span class='ocrx_word' id='word_1_238' title='bbox 758 960 870 995; x_wconf 85' lang='lat' dir='ltr'>Daniel,</span> <span class='ocrx_word' id='word_1_239' title='bbox 899 961 947 989; x_wconf 92' lang='lat' dir='ltr'>cui</span> <span class='ocrx_word' id='word_1_240' title='bbox 970 961 1111 990; x_wconf 86' lang='lat' dir='ltr'>Abbacuc</span> <span class='ocrx_word' id='word_1_241' title='bbox 1139 961 1324 999; x_wconf 86' lang='lat' dir='ltr'>Babylonem</span> <span class='ocrx_word' id='word_1_242' title='bbox 1348 961 1560 998; x_wconf 80' lang='lat' dir='ltr'>Hierosolymis</span> <span class='ocrx_word' id='word_1_243' title='bbox 1585 964 1668 990; x_wconf 82' lang='lat' dir='ltr'>tanta</span> <span class='ocrx_word' id='word_1_244' title='bbox 1690 962 1739 991; x_wconf 89' lang='lat' dir='ltr'>via</span> 
     </span>
    </p>
   </div>
   <div class='ocr_carea' id='block_1_36' title="bbox 50 1005 1741 1043">
    <p class='ocr_par' dir='ltr' id='par_1_36' title="bbox 50 1005 1741 1043">
     <span class='ocr_line' id='line_1_36' title="bbox 50 1005 1741 1043; baseline 0.001 -9"><span class='ocrx_word' id='word_1_245' title='bbox 50 1007 167 1035; x_wconf 84' lang='lat' dir='ltr'>horum</span> <span class='ocrx_word' id='word_1_246' title='bbox 181 1006 211 1034; x_wconf 83' lang='lat' dir='ltr'>vi</span> <span class='ocrx_word' id='word_1_247' title='bbox 223 1009 312 1043; x_wconf 85' lang='lat' dir='ltr'>atque</span> <span class='ocrx_word' id='word_1_248' title='bbox 326 1006 442 1043; x_wconf 88' lang='lat' dir='ltr'>impetu</span> <span class='ocrx_word' id='word_1_249' title='bbox 454 1007 535 1034; x_wconf 87' lang='lat' dir='ltr'>uictu</span> <span class='ocrx_word' id='word_1_250' title='bbox 548 1006 703 1043; x_wconf 76' lang='lat' dir='ltr'>palpebrae</span> <span class='ocrx_word' id='word_1_251' title='bbox 717 1008 854 1042; x_wconf 87' lang='lat' dir='ltr'>correpta.</span> <span class='ocrx_word' id='word_1_252' title='bbox 872 1005 1034 1042; x_wconf 85' lang='lat' dir='ltr'>prandium</span> <span class='ocrx_word' id='word_1_253' title='bbox 1049 1006 1124 1035; x_wconf 90' lang='lat' dir='ltr'>tulit.</span> <span class='ocrx_word' id='word_1_254' title='bbox 1136 1006 1188 1035; x_wconf 91' lang='lat' dir='ltr'>Cui</span> <span class='ocrx_word' id='word_1_255' title='bbox 1210 1007 1281 1035; x_wconf 87' lang='lat' dir='ltr'>item</span> <span class='ocrx_word' id='word_1_256' title='bbox 1308 1006 1420 1034; x_wconf 86' lang='lat' dir='ltr'>ibidem</span> <span class='ocrx_word' id='word_1_257' title='bbox 1453 1006 1600 1035; x_wconf 87' lang='lat' dir='ltr'>obscuras</span> <span class='ocrx_word' id='word_1_258' title='bbox 1624 1006 1741 1036; x_wconf 78' lang='lat' dir='ltr'>futura-</span> 
     </span>
    </p>
   </div>
   <div class='ocr_carea' id='block_1_37' title="bbox 53 1050 1742 1087">
    <p class='ocr_par' dir='ltr' id='par_1_37' title="bbox 53 1050 1742 1087">
     <span class='ocr_line' id='line_1_37' title="bbox 53 1050 1742 1087; baseline 0 -8"><span class='ocrx_word' id='word_1_259' title='bbox 53 1059 127 1080; x_wconf 85' lang='lat' dir='ltr'>rum</span> <span class='ocrx_word' id='word_1_260' title='bbox 141 1058 242 1079; x_wconf 90' lang='lat' dir='ltr'>rerum</span> <span class='ocrx_word' id='word_1_261' title='bbox 258 1050 481 1086; x_wconf 81' lang='lat' dir='ltr'>designationes</span> <span class='ocrx_word' id='word_1_262' title='bbox 495 1050 566 1079; x_wconf 89' lang='lat' dir='ltr'>visis</span> <span class='ocrx_word' id='word_1_263' title='bbox 583 1050 733 1087; x_wconf 88' lang='lat' dir='ltr'>perplexis</span> <span class='ocrx_word' id='word_1_264' title='bbox 754 1050 952 1079; x_wconf 86' lang='lat' dir='ltr'>adumbratas</span> <span class='ocrx_word' id='word_1_265' title='bbox 968 1050 1069 1087; x_wconf 90' lang='lat' dir='ltr'>palam</span> <span class='ocrx_word' id='word_1_266' title='bbox 1101 1050 1218 1079; x_wconf 84' lang='lat' dir='ltr'>Gabriel</span> <span class='ocrx_word' id='word_1_267' title='bbox 1244 1051 1390 1079; x_wconf 87' lang='lat' dir='ltr'>edisserit.</span> <span class='ocrx_word' id='word_1_268' title='bbox 1416 1053 1477 1086; x_wconf 79' lang='lat' dir='ltr'>Age</span> <span class='ocrx_word' id='word_1_269' title='bbox 1506 1051 1657 1087; x_wconf 83' lang='lat' dir='ltr'>Babylone</span> <span class='ocrx_word' id='word_1_270' title='bbox 1685 1059 1742 1087; x_wconf 84' lang='lat' dir='ltr'>po-</span> 
     </span>
    </p>
   </div>
   <div class='ocr_carea' id='block_1_38' title="bbox 56 1095 1745 1132">
    <p class='ocr_par' dir='ltr' id='par_1_38' title="bbox 56 1095 1745 1132">
     <span class='ocr_line' id='line_1_38' title="bbox 56 1095 1745 1132; baseline 0.001 -9"><span class='ocrx_word' id='word_1_271' title='bbox 56 1098 124 1124; x_wconf 85' lang='lat' dir='ltr'>stea</span> <span class='ocrx_word' id='word_1_272' title='bbox 135 1095 248 1123; x_wconf 88' lang='lat' dir='ltr'>eisdem</span> <span class='ocrx_word' id='word_1_273' title='bbox 260 1095 291 1123; x_wconf 91' lang='lat' dir='ltr'>id</span> <span class='ocrx_word' id='word_1_274' title='bbox 301 1095 459 1131; x_wconf 76' lang='lat' dir='ltr'>agentibus</span> <span class='ocrx_word' id='word_1_275' title='bbox 478 1095 568 1124; x_wconf 88' lang='lat' dir='ltr'>Israel</span> <span class='ocrx_word' id='word_1_276' title='bbox 595 1095 759 1124; x_wconf 87' lang='lat' dir='ltr'>Jerusalem</span> <span class='ocrx_word' id='word_1_277' title='bbox 787 1095 971 1131; x_wconf 88' lang='lat' dir='ltr'>postliminio</span> <span class='ocrx_word' id='word_1_278' title='bbox 1001 1095 1165 1124; x_wconf 86' lang='lat' dir='ltr'>revertitur.</span> <span class='ocrx_word' id='word_1_279' title='bbox 1195 1096 1308 1132; x_wconf 68' lang='lat' dir='ltr'>Saepius</span> <span class='ocrx_word' id='word_1_280' title='bbox 1338 1095 1456 1129; x_wconf 88' lang='lat' dir='ltr'>deinde,</span> <span class='ocrx_word' id='word_1_281' title='bbox 1478 1097 1510 1123; x_wconf 90' lang='lat' dir='ltr'>ut</span> <span class='ocrx_word' id='word_1_282' title='bbox 1542 1095 1641 1124; x_wconf 86' lang='lat' dir='ltr'>dicam</span> <span class='ocrx_word' id='word_1_283' title='bbox 1663 1104 1745 1124; x_wconf 88' lang='lat' dir='ltr'>com-</span> 
     </span>
    </p>
   </div>
   <div class='ocr_carea' id='block_1_39' title="bbox 57 1139 1743 1177">
    <p class='ocr_par' dir='ltr' id='par_1_39' title="bbox 57 1139 1743 1177">
     <span class='ocr_line' id='line_1_39' title="bbox 57 1139 1743 1177; baseline 0 -9"><span class='ocrx_word' id='word_1_284' title='bbox 57 1141 182 1177; x_wconf 87' lang='lat' dir='ltr'>pendio,</span> <span class='ocrx_word' id='word_1_285' title='bbox 195 1141 264 1173; x_wconf 85' lang='lat' dir='ltr'>Deo,</span> <span class='ocrx_word' id='word_1_286' title='bbox 279 1140 388 1174; x_wconf 90' lang='lat' dir='ltr'>miseri,</span> <span class='ocrx_word' id='word_1_287' title='bbox 404 1142 575 1177; x_wconf 88' lang='lat' dir='ltr'>contempto</span> <span class='ocrx_word' id='word_1_288' title='bbox 591 1140 630 1168; x_wconf 86' lang='lat' dir='ltr'>ad</span> <span class='ocrx_word' id='word_1_289' title='bbox 640 1140 714 1168; x_wconf 92' lang='lat' dir='ltr'>deos</span> <span class='ocrx_word' id='word_1_290' title='bbox 725 1139 889 1175; x_wconf 73' lang='lat' dir='ltr'>transfugze</span> <span class='ocrx_word' id='word_1_291' title='bbox 904 1140 971 1168; x_wconf 87' lang='lat' dir='ltr'>victi</span> <span class='ocrx_word' id='word_1_292' title='bbox 999 1139 1038 1168; x_wconf 84' lang='lat' dir='ltr'>ab</span> <span class='ocrx_word' id='word_1_293' title='bbox 1062 1140 1199 1168; x_wconf 87' lang='lat' dir='ltr'>hostibus</span> <span class='ocrx_word' id='word_1_294' title='bbox 1228 1140 1337 1176; x_wconf 80' lang='lat' dir='ltr'>captivi</span> <span class='ocrx_word' id='word_1_295' title='bbox 1366 1140 1604 1170; x_wconf 88' lang='lat' dir='ltr'>abducebantur.</span> <span class='ocrx_word' id='word_1_296' title='bbox 1631 1141 1743 1177; x_wconf 72' lang='lat' dir='ltr'>Saepius</span> 
     </span>
    </p>
   </div>
   <div class='ocr_carea' id='block_1_40' title="bbox 56 1183 1744 1221">
    <p class='ocr_par' dir='ltr' id='par_1_40' title="bbox 56 1183 1744 1221">
     <span class='ocr_line' id='line_1_40' title="bbox 56 1183 1744 1221; baseline -0.001 -7"><span class='ocrx_word' id='word_1_297' title='bbox 56 1193 130 1214; x_wconf 78' lang='lat' dir='ltr'>vero</span> <span class='ocrx_word' id='word_1_298' title='bbox 140 1184 390 1214; x_wconf 87' lang='lat' dir='ltr'>divinainvocata</span> <span class='ocrx_word' id='word_1_299' title='bbox 416 1185 585 1219; x_wconf 84' lang='lat' dir='ltr'>clementia,</span> <span class='ocrx_word' id='word_1_300' title='bbox 610 1192 715 1221; x_wconf 84' lang='lat' dir='ltr'>opera-</span> <span class='ocrx_word' id='word_1_301' title='bbox 726 1184 853 1213; x_wconf 87' lang='lat' dir='ltr'>istorum</span> <span class='ocrx_word' id='word_1_302' title='bbox 875 1183 1050 1213; x_wconf 85' lang='lat' dir='ltr'>sublimium</span> <span class='ocrx_word' id='word_1_303' title='bbox 1077 1184 1205 1214; x_wconf 67' lang='lat' dir='ltr'>caelestis</span> <span class='ocrx_word' id='word_1_304' title='bbox 1230 1184 1342 1213; x_wconf 61' lang='lat' dir='ltr'>militiae</span> <span class='ocrx_word' id='word_1_305' title='bbox 1363 1185 1580 1221; x_wconf 87' lang='lat' dir='ltr'>imperatorum</span> <span class='ocrx_word' id='word_1_306' title='bbox 1605 1185 1744 1213; x_wconf 77' lang='lat' dir='ltr'>servitute</span> 
     </span>
    </p>
   </div>
   <div class='ocr_carea' id='block_1_41' title="bbox 58 1228 1745 1267">
    <p class='ocr_par' dir='ltr' id='par_1_41' title="bbox 58 1228 1745 1267">
     <span class='ocr_line' id='line_1_41' title="bbox 58 1228 1745 1267; baseline -0.001 -9"><span class='ocrx_word' id='word_1_307' title='bbox 58 1233 258 1267; x_wconf 83' lang='lat' dir='ltr'>tyrannorum</span> <span class='ocrx_word' id='word_1_308' title='bbox 283 1230 365 1258; x_wconf 85' lang='lat' dir='ltr'>varie</span> <span class='ocrx_word' id='word_1_309' title='bbox 388 1229 504 1258; x_wconf 81' lang='lat' dir='ltr'>liberati</span> <span class='ocrx_word' id='word_1_310' title='bbox 528 1229 589 1258; x_wconf 85' lang='lat' dir='ltr'>suis</span> <span class='ocrx_word' id='word_1_311' title='bbox 617 1229 700 1257; x_wconf 86' lang='lat' dir='ltr'>terris</span> <span class='ocrx_word' id='word_1_312' title='bbox 722 1231 812 1266; x_wconf 86' lang='lat' dir='ltr'>atque</span> <span class='ocrx_word' id='word_1_313' title='bbox 839 1228 965 1258; x_wconf 87' lang='lat' dir='ltr'>urbibus</span> <span class='ocrx_word' id='word_1_314' title='bbox 990 1229 1168 1267; x_wconf 81' lang='lat' dir='ltr'>legibusque</span> <span class='ocrx_word' id='word_1_315' title='bbox 1190 1229 1403 1258; x_wconf 86' lang='lat' dir='ltr'>reddebantur.</span> <span class='ocrx_word' id='word_1_316' title='bbox 1437 1229 1518 1258; x_wconf 75' lang='lat' dir='ltr'>Adeo</span> <span class='ocrx_word' id='word_1_317' title='bbox 1548 1238 1580 1258; x_wconf 91' lang='lat' dir='ltr'>se</span> <span class='ocrx_word' id='word_1_318' title='bbox 1609 1231 1745 1258; x_wconf 79' lang='lat' dir='ltr'>strenuos</span> 
     </span>
    </p>
   </div>
   <div class='ocr_carea' id='block_1_42' title="bbox 56 1274 1747 1312">
    <p class='ocr_par' dir='ltr' id='par_1_42' title="bbox 56 1274 1747 1312">
     <span class='ocr_line' id='line_1_42' title="bbox 56 1274 1747 1312; baseline 0 -9"><span class='ocrx_word' id='word_1_319' title='bbox 56 1275 127 1312; x_wconf 87' lang='lat' dir='ltr'>pari</span> <span class='ocrx_word' id='word_1_320' title='bbox 137 1275 184 1303; x_wconf 90' lang='lat' dir='ltr'>isti</span> <span class='ocrx_word' id='word_1_321' title='bbox 201 1274 321 1311; x_wconf 87' lang='lat' dir='ltr'>spiritus</span> <span class='ocrx_word' id='word_1_322' title='bbox 335 1275 594 1303; x_wconf 89' lang='lat' dir='ltr'>etaeoncretione</span> <span class='ocrx_word' id='word_1_323' title='bbox 607 1274 739 1302; x_wconf 73' lang='lat' dir='ltr'>materias</span> <span class='ocrx_word' id='word_1_324' title='bbox 762 1274 936 1309; x_wconf 77' lang='lat' dir='ltr'>longissime</span> <span class='ocrx_word' id='word_1_325' title='bbox 962 1275 1069 1303; x_wconf 88' lang='lat' dir='ltr'>remoti</span> <span class='ocrx_word' id='word_1_326' title='bbox 1092 1275 1157 1311; x_wconf 89' lang='lat' dir='ltr'>ejus</span> <span class='ocrx_word' id='word_1_327' title='bbox 1190 1275 1220 1303; x_wconf 89' lang='lat' dir='ltr'>in</span> <span class='ocrx_word' id='word_1_328' title='bbox 1247 1275 1465 1311; x_wconf 79' lang='lat' dir='ltr'>procurationis</span> <span class='ocrx_word' id='word_1_329' title='bbox 1491 1275 1642 1303; x_wconf 75' lang='lat' dir='ltr'>iunctione</span> <span class='ocrx_word' id='word_1_330' title='bbox 1670 1282 1747 1311; x_wconf 69' lang='lat' dir='ltr'>prea-</span> 
     </span>
    </p>
   </div>
   <div class='ocr_carea' id='block_1_43' title="bbox 56 1318 1745 1356">
    <p class='ocr_par' dir='ltr' id='par_1_43' title="bbox 56 1318 1745 1356">
     <span class='ocr_line' id='line_1_43' title="bbox 56 1318 1745 1356; baseline 0.001 -9"><span class='ocrx_word' id='word_1_331' title='bbox 56 1320 191 1348; x_wconf 86' lang='lat' dir='ltr'>buerunt</span> <span class='ocrx_word' id='word_1_332' title='bbox 205 1319 253 1347; x_wconf 93' lang='lat' dir='ltr'>cui</span> <span class='ocrx_word' id='word_1_333' title='bbox 265 1319 397 1356; x_wconf 67' lang='lat' dir='ltr'>praefecti</span> <span class='ocrx_word' id='word_1_334' title='bbox 413 1319 540 1352; x_wconf 76' lang='lat' dir='ltr'>fuerant,</span> <span class='ocrx_word' id='word_1_335' title='bbox 556 1321 587 1347; x_wconf 90' lang='lat' dir='ltr'>ut</span> <span class='ocrx_word' id='word_1_336' title='bbox 601 1318 822 1355; x_wconf 82' lang='lat' dir='ltr'>antiquioribus</span> <span class='ocrx_word' id='word_1_337' title='bbox 843 1326 942 1347; x_wconf 90' lang='lat' dir='ltr'>rerum</span> <span class='ocrx_word' id='word_1_338' title='bbox 962 1319 1095 1356; x_wconf 87' lang='lat' dir='ltr'>parentis</span> <span class='ocrx_word' id='word_1_339' title='bbox 1134 1319 1272 1348; x_wconf 90' lang='lat' dir='ltr'>omnium</span> <span class='ocrx_word' id='word_1_340' title='bbox 1297 1319 1448 1356; x_wconf 70' lang='lat' dir='ltr'>sapientiae</span> <span class='ocrx_word' id='word_1_341' title='bbox 1471 1319 1577 1348; x_wconf 90' lang='lat' dir='ltr'>studiis</span> <span class='ocrx_word' id='word_1_342' title='bbox 1604 1322 1745 1356; x_wconf 86' lang='lat' dir='ltr'>prompto</span> 
     </span>
    </p>
   </div>
   <div class='ocr_carea' id='block_1_44' title="bbox 57 1364 536 1393">
    <p class='ocr_par' dir='ltr' id='par_1_44' title="bbox 57 1364 536 1393">
     <span class='ocr_line' id='line_1_44' title="bbox 57 1364 536 1393; baseline -0.002 0"><span class='ocrx_word' id='word_1_343' title='bbox 57 1373 95 1393; x_wconf 87' lang='lat' dir='ltr'>ac</span> <span class='ocrx_word' id='word_1_344' title='bbox 111 1364 191 1392; x_wconf 89' lang='lat' dir='ltr'>ﬁdeli</span> <span class='ocrx_word' id='word_1_345' title='bbox 208 1364 370 1392; x_wconf 88' lang='lat' dir='ltr'>ministerio</span> <span class='ocrx_word' id='word_1_346' title='bbox 383 1364 536 1392; x_wconf 85' lang='lat' dir='ltr'>servirent.</span> 
     </span>
    </p>
   </div>
   <div class='ocr_carea' id='block_1_45' title="bbox 97 1407 863 1446">
    <p class='ocr_par' dir='ltr' id='par_1_45' title="bbox 97 1407 863 1446">
     <span class='ocr_line' id='line_1_45' title="bbox 97 1407 863 1446; baseline -0.001 -11"><span class='ocrx_word' id='word_1_347' title='bbox 97 1410 166 1436; x_wconf 71' lang='grc' dir='ltr'>Ἐπεὶ</span> <span class='ocrx_word' id='word_1_348' title='bbox 184 1407 213 1435; x_wconf 71' lang='grc' dir='ltr'>δὲ</span> <span class='ocrx_word' id='word_1_349' title='bbox 239 1409 252 1435; x_wconf 88' lang='grc' dir='ltr'>ό</span> <span class='ocrx_word' id='word_1_350' title='bbox 279 1408 427 1445; x_wconf 80' lang='grc' dir='ltr'>ἀσώματος,</span> <span class='ocrx_word' id='word_1_351' title='bbox 450 1409 463 1435; x_wconf 89' lang='grc' dir='ltr'><strong><em>ὁ</em></strong></span> <span class='ocrx_word' id='word_1_352' title='bbox 478 1408 597 1446; x_wconf 74' lang='grc' dir='ltr'>ἀόρατος,</span> <span class='ocrx_word' id='word_1_353' title='bbox 615 1408 793 1445; x_wconf 79' lang='grc' dir='ltr'>όὺπεροϋσιος</span> <span class='ocrx_word' id='word_1_354' title='bbox 817 1408 863 1434; x_wconf 77' lang='grc' dir='ltr'>οὐκ</span> 
     </span>
    </p>
   </div>
   <div class='ocr_carea' id='block_1_46' title="bbox 58 1452 864 1491">
    <p class='ocr_par' dir='ltr' id='par_1_46' title="bbox 58 1452 864 1491">
     <span class='ocr_line' id='line_1_46' title="bbox 58 1452 864 1491; baseline -0.002 -11"><span class='ocrx_word' id='word_1_355' title='bbox 58 1456 100 1481; x_wconf 79' lang='grc' dir='ltr'>ἔτι</span> <span class='ocrx_word' id='word_1_356' title='bbox 132 1455 207 1491; x_wconf 81' lang='grc' dir='ltr'>μόνον</span> <span class='ocrx_word' id='word_1_357' title='bbox 237 1452 304 1484; x_wconf 68' lang='grc' dir='ltr'>εἶδος</span> <span class='ocrx_word' id='word_1_358' title='bbox 323 1453 399 1480; x_wconf 75' lang='grc' dir='ltr'>ἆϋλον</span> <span class='ocrx_word' id='word_1_359' title='bbox 427 1455 491 1490; x_wconf 82' lang='grc' dir='ltr'>πρὸς</span> <span class='ocrx_word' id='word_1_360' title='bbox 531 1453 616 1489; x_wconf 82' lang='grc' dir='ltr'>ὀλίγον</span> <span class='ocrx_word' id='word_1_361' title='bbox 657 1453 783 1490; x_wconf 71' lang='grc' dir='ltr'>ὁρώμενον</span> <span class='ocrx_word' id='word_1_362' title='bbox 819 1455 864 1479; x_wconf 76' lang='grc' dir='ltr'>καὶ</span> 
     </span>
    </p>
   </div>
   <div class='ocr_carea' id='block_1_47' title="bbox 59 1496 863 1535">
    <p class='ocr_par' dir='ltr' id='par_1_47' title="bbox 59 1496 863 1535">
     <span class='ocr_line' id='line_1_47' title="bbox 59 1496 863 1535; baseline -0.001 -10"><span class='ocrx_word' id='word_1_363' title='bbox 59 1501 155 1526; x_wconf 79' lang='grc' dir='ltr'>θᾶττον</span> <span class='ocrx_word' id='word_1_364' title='bbox 175 1499 361 1535; x_wconf 72' lang='grc' dir='ltr'>ἁφιπτάμενον,</span> <span class='ocrx_word' id='word_1_365' title='bbox 391 1498 455 1525; x_wconf 72' lang='grc' dir='ltr'>ἀλλὰ</span> <span class='ocrx_word' id='word_1_366' title='bbox 481 1496 514 1528; x_wconf 71' lang='grc' dir='ltr'><em>δὴ</em></span> <span class='ocrx_word' id='word_1_367' title='bbox 542 1500 586 1524; x_wconf 85' lang='grc' dir='ltr'>καὶ</span> <span class='ocrx_word' id='word_1_368' title='bbox 626 1497 688 1527; x_wconf 78' lang='grc' dir='ltr'>ὕλην</span> <span class='ocrx_word' id='word_1_369' title='bbox 735 1498 781 1524; x_wconf 82' lang='grc' dir='ltr'>εἶτ’</span> <span class='ocrx_word' id='word_1_370' title='bbox 820 1501 863 1524; x_wconf 72' lang='grc' dir='ltr'>οῦν</span> 
     </span>
    </p>
   </div>
   <div class='ocr_carea' id='block_1_48' title="bbox 60 1540 864 1580">
    <p class='ocr_par' dir='ltr' id='par_1_48' title="bbox 60 1540 864 1580">
     <span class='ocr_line' id='line_1_48' title="bbox 60 1540 864 1580; baseline -0.004 -9"><span class='ocrx_word' id='word_1_371' title='bbox 60 1544 154 1571; x_wconf 70' lang='grc' dir='ltr'>οὐσίαν</span> <span class='ocrx_word' id='word_1_372' title='bbox 182 1546 229 1573; x_wconf 79' lang='grc' dir='ltr'>τὴν</span> <span class='ocrx_word' id='word_1_373' title='bbox 262 1544 386 1580; x_wconf 80' lang='grc' dir='ltr'>ὑμετέραν</span> <span class='ocrx_word' id='word_1_374' title='bbox 410 1545 455 1569; x_wconf 80' lang='grc' dir='ltr'>καὶ</span> <span class='ocrx_word' id='word_1_375' title='bbox 489 1545 590 1580; x_wconf 70' lang='grc' dir='ltr'>μορφήν</span> <span class='ocrx_word' id='word_1_376' title='bbox 626 1540 756 1569; x_wconf 77' lang='grc' dir='ltr'>ὑποδῦναι</span> <span class='ocrx_word' id='word_1_377' title='bbox 803 1552 864 1568; x_wconf 78' lang='grc' dir='ltr'>κατ-</span> 
     </span>
    </p>
   </div>
   <div class='ocr_carea' id='block_1_49' title="bbox 60 1587 865 1625">
    <p class='ocr_par' dir='ltr' id='par_1_49' title="bbox 60 1587 865 1625">
     <span class='ocr_line' id='line_1_49' title="bbox 60 1587 865 1625; baseline -0.002 -10"><span class='ocrx_word' id='word_1_378' title='bbox 60 1587 294 1624; x_wconf 74' lang='grc' dir='ltr'>ηξίωσε,Γαϐριήλ</span> <span class='ocrx_word' id='word_1_379' title='bbox 322 1589 366 1624; x_wconf 70' lang='grc' dir='ltr'>μὲν</span> <span class='ocrx_word' id='word_1_380' title='bbox 397 1587 471 1618; x_wconf 79' lang='grc' dir='ltr'>εὐθὺς</span> <span class='ocrx_word' id='word_1_381' title='bbox 498 1590 527 1614; x_wconf 85' lang='grc' dir='ltr'>τό</span> <span class='ocrx_word' id='word_1_382' title='bbox 551 1590 698 1625; x_wconf 75' lang='grc' dir='ltr'>μυστήριον</span> <span class='ocrx_word' id='word_1_383' title='bbox 725 1597 865 1624; x_wconf 77' lang='grc' dir='ltr'>μυσταγω-</span> 
     </span>
    </p>
   </div>
   <div class='ocr_carea' id='block_1_50' title="bbox 59 1631 864 1670">
    <p class='ocr_par' dir='ltr' id='par_1_50' title="bbox 59 1631 864 1670">
     <span class='ocr_line' id='line_1_50' title="bbox 59 1631 864 1670; baseline -0.004 -10"><span class='ocrx_word' id='word_1_384' title='bbox 59 1637 158 1670; x_wconf 80' lang='grc' dir='ltr'>γεῖται,</span> <span class='ocrx_word' id='word_1_385' title='bbox 181 1633 255 1664; x_wconf 67' lang='grc' dir='ltr'>εὐθὺς</span> <span class='ocrx_word' id='word_1_386' title='bbox 285 1631 314 1659; x_wconf 65' lang='grc' dir='ltr'><strong>δί</strong></span> <span class='ocrx_word' id='word_1_387' title='bbox 338 1636 374 1667; x_wconf 86' lang='grc' dir='ltr'>τῷ</span> <span class='ocrx_word' id='word_1_388' title='bbox 407 1634 467 1669; x_wconf 79' lang='grc' dir='ltr'>ἱερεῖ</span> <span class='ocrx_word' id='word_1_389' title='bbox 498 1634 621 1670; x_wconf 71' lang='grc' dir='ltr'>Ζαχαρία</span> <span class='ocrx_word' id='word_1_390' title='bbox 649 1633 788 1670; x_wconf 81' lang='grc' dir='ltr'>παραστὰς</span> <span class='ocrx_word' id='word_1_391' title='bbox 817 1634 864 1661; x_wconf 84' lang='grc' dir='ltr'>τὴν</span> 
     </span>
    </p>
   </div>
   <div class='ocr_carea' id='block_1_51' title="bbox 60 1676 864 1715">
    <p class='ocr_par' dir='ltr' id='par_1_51' title="bbox 60 1676 864 1715">
     <span class='ocr_line' id='line_1_51' title="bbox 60 1676 864 1715; baseline -0.004 -10"><span class='ocrx_word' id='word_1_392' title='bbox 60 1679 90 1705; x_wconf 73' lang='grc' dir='ltr'>ἐκ</span> <span class='ocrx_word' id='word_1_393' title='bbox 118 1682 164 1709; x_wconf 80' lang='grc' dir='ltr'>τῆς</span> <span class='ocrx_word' id='word_1_394' title='bbox 188 1680 291 1715; x_wconf 72' lang='grc' dir='ltr'>στείρας</span> <span class='ocrx_word' id='word_1_395' title='bbox 318 1678 388 1712; x_wconf 72' lang='grc' dir='ltr'>αὐτῷ</span> <span class='ocrx_word' id='word_1_396' title='bbox 415 1679 534 1713; x_wconf 75' lang='grc' dir='ltr'>γέννησιν</span> <span class='ocrx_word' id='word_1_397' title='bbox 558 1676 668 1713; x_wconf 70' lang='grc' dir='ltr'>ἐκφαίνει</span> <span class='ocrx_word' id='word_1_398' title='bbox 693 1680 739 1703; x_wconf 81' lang='grc' dir='ltr'>τοῦ</span> <span class='ocrx_word' id='word_1_399' title='bbox 770 1680 864 1703; x_wconf 82' lang='grc' dir='ltr'>Βαπτι-</span> 
     </span>
    </p>
   </div>
   <div class='ocr_carea' id='block_1_52' title="bbox 61 1721 865 1760">
    <p class='ocr_par' dir='ltr' id='par_1_52' title="bbox 61 1721 865 1760">
     <span class='ocr_line' id='line_1_52' title="bbox 61 1721 865 1760; baseline -0.004 -9"><span class='ocrx_word' id='word_1_400' title='bbox 61 1727 138 1751; x_wconf 81' lang='grc' dir='ltr'>στοῦ.</span> <span class='ocrx_word' id='word_1_401' title='bbox 168 1722 232 1750; x_wconf 82' lang='grc' dir='ltr'>Εἶτα</span> <span class='ocrx_word' id='word_1_402' title='bbox 257 1727 288 1760; x_wconf 81' lang='grc' dir='ltr'>τῇ</span> <span class='ocrx_word' id='word_1_403' title='bbox 318 1724 498 1759; x_wconf 79' lang='grc' dir='ltr'>κεχαριπμένῃ</span> <span class='ocrx_word' id='word_1_404' title='bbox 524 1723 646 1760; x_wconf 83' lang='grc' dir='ltr'>Παρθένῳ</span> <span class='ocrx_word' id='word_1_405' title='bbox 671 1723 759 1759; x_wconf 80' lang='grc' dir='ltr'>χαρὰν</span> <span class='ocrx_word' id='word_1_406' title='bbox 793 1721 865 1758; x_wconf 67' lang='grc' dir='ltr'>εὐαγ-</span> 
     </span>
    </p>
   </div>
   <div class='ocr_carea' id='block_1_53' title="bbox 58 1765 864 1806">
    <p class='ocr_par' dir='ltr' id='par_1_53' title="bbox 58 1765 864 1806">
     <span class='ocr_line' id='line_1_53' title="bbox 58 1765 864 1806; baseline -0.004 -11"><span class='ocrx_word' id='word_1_407' title='bbox 58 1769 203 1806; x_wconf 78' lang='grc' dir='ltr'>γελίζεται,</span> <span class='ocrx_word' id='word_1_408' title='bbox 240 1768 280 1794; x_wconf 87' lang='grc' dir='ltr'>Ἐν</span> <span class='ocrx_word' id='word_1_409' title='bbox 314 1767 380 1804; x_wconf 78' lang='grc' dir='ltr'>ἁγίῳ</span> <span class='ocrx_word' id='word_1_410' title='bbox 424 1765 453 1793; x_wconf 66' lang='grc' dir='ltr'>δὲ</span> <span class='ocrx_word' id='word_1_411' title='bbox 473 1768 618 1803; x_wconf 78' lang='grc' dir='ltr'>’ῐῖνεὺματι</span> <span class='ocrx_word' id='word_1_412' title='bbox 658 1769 703 1793; x_wconf 81' lang='grc' dir='ltr'>καὶ</span> <span class='ocrx_word' id='word_1_413' title='bbox 740 1766 864 1802; x_wconf 75' lang='grc' dir='ltr'>Ὑψίστου</span> 
     </span>
    </p>
   </div>
   <div class='ocr_carea' id='block_1_54' title="bbox 60 1809 866 1850">
    <p class='ocr_par' dir='ltr' id='par_1_54' title="bbox 60 1809 866 1850">
     <span class='ocr_line' id='line_1_54' title="bbox 60 1809 866 1850; baseline -0.004 -10"><span class='ocrx_word' id='word_1_414' title='bbox 60 1813 175 1850; x_wconf 75' lang='grc' dir='ltr'>δυνάμει</span> <span class='ocrx_word' id='word_1_415' title='bbox 194 1814 237 1839; x_wconf 89' lang='grc' dir='ltr'>τόν</span> <span class='ocrx_word' id='word_1_416' title='bbox 260 1813 319 1839; x_wconf 82' lang='grc' dir='ltr'>Υἱόν</span> <span class='ocrx_word' id='word_1_417' title='bbox 347 1815 413 1839; x_wconf 79' lang='grc' dir='ltr'>Θεοῦ</span> <span class='ocrx_word' id='word_1_418' title='bbox 434 1812 598 1848; x_wconf 78' lang='grc' dir='ltr'>χρηματίζει</span> <span class='ocrx_word' id='word_1_419' title='bbox 619 1815 710 1839; x_wconf 72' lang='grc' dir='ltr'>τεκεῖν.</span> <span class='ocrx_word' id='word_1_420' title='bbox 741 1810 812 1837; x_wconf 77' lang='grc' dir='ltr'>Ἐπεὶ</span> <span class='ocrx_word' id='word_1_421' title='bbox 837 1809 866 1837; x_wconf 68' lang='grc' dir='ltr'>δὲ</span> 
     </span>
    </p>
   </div>
   <div class='ocr_carea' id='block_1_55' title="bbox 58 1855 866 1894">
    <p class='ocr_par' dir='ltr' id='par_1_55' title="bbox 58 1855 866 1894">
     <span class='ocr_line' id='line_1_55' title="bbox 58 1855 866 1894; baseline -0.002 -10"><span class='ocrx_word' id='word_1_422' title='bbox 58 1863 113 1885; x_wconf 80' lang='grc' dir='ltr'>τῶν</span> <span class='ocrx_word' id='word_1_423' title='bbox 139 1859 299 1894; x_wconf 80' lang='grc' dir='ltr'>παρθενικῶν</span> <span class='ocrx_word' id='word_1_424' title='bbox 327 1856 440 1893; x_wconf 81' lang='grc' dir='ltr'>λαγόνων</span> <span class='ocrx_word' id='word_1_425' title='bbox 466 1856 491 1883; x_wconf 75' lang='grc' dir='ltr'>ἐν</span> <span class='ocrx_word' id='word_1_426' title='bbox 521 1857 664 1893; x_wconf 84' lang='grc' dir='ltr'>ὁμοιώματι</span> <span class='ocrx_word' id='word_1_427' title='bbox 704 1855 816 1893; x_wconf 79' lang='grc' dir='ltr'>βρέφους</span> <span class='ocrx_word' id='word_1_428' title='bbox 853 1856 866 1882; x_wconf 87' lang='grc' dir='ltr'><strong><em>ὁ</em></strong></span> 
     </span>
    </p>
   </div>
   <div class='ocr_carea' id='block_1_56' title="bbox 58 1900 864 1940">
    <p class='ocr_par' dir='ltr' id='par_1_56' title="bbox 58 1900 864 1940">
     <span class='ocr_line' id='line_1_56' title="bbox 58 1900 864 1940; baseline -0.004 -11"><span class='ocrx_word' id='word_1_429' title='bbox 58 1903 216 1940; x_wconf 74' lang='grc' dir='ltr'>ὑπερούσιος</span> <span class='ocrx_word' id='word_1_430' title='bbox 247 1901 354 1938; x_wconf 70' lang='grc' dir='ltr'>ἐτέχθη,</span> <span class='ocrx_word' id='word_1_431' title='bbox 385 1904 460 1928; x_wconf 83' lang='grc' dir='ltr'>πᾶσα</span> <span class='ocrx_word' id='word_1_432' title='bbox 495 1902 540 1937; x_wconf 71' lang='grc' dir='ltr'>μὲν</span> <span class='ocrx_word' id='word_1_433' title='bbox 586 1900 693 1938; x_wconf 73' lang='grc' dir='ltr'>οὐρανία</span> <span class='ocrx_word' id='word_1_434' title='bbox 733 1901 864 1936; x_wconf 80' lang='grc' dir='ltr'>γηθομένη</span> 
     </span>
    </p>
   </div>
   <div class='ocr_carea' id='block_1_57' title="bbox 61 1944 867 1984">
    <p class='ocr_par' dir='ltr' id='par_1_57' title="bbox 61 1944 867 1984">
     <span class='ocr_line' id='line_1_57' title="bbox 61 1944 867 1984; baseline -0.005 -10"><span class='ocrx_word' id='word_1_435' title='bbox 61 1949 178 1984; x_wconf 77' lang='grc' dir='ltr'>στρατιά</span> <span class='ocrx_word' id='word_1_436' title='bbox 202 1948 231 1973; x_wconf 89' lang='grc' dir='ltr'>τὸ</span> <span class='ocrx_word' id='word_1_437' title='bbox 259 1947 325 1983; x_wconf 84' lang='grc' dir='ltr'>ἱερὸν</span> <span class='ocrx_word' id='word_1_438' title='bbox 346 1950 391 1976; x_wconf 89' lang='grc' dir='ltr'>τῆς</span> <span class='ocrx_word' id='word_1_439' title='bbox 427 1944 581 1981; x_wconf 72' lang='grc' dir='ltr'>δοξο).ογίας</span> <span class='ocrx_word' id='word_1_440' title='bbox 611 1945 676 1971; x_wconf 84' lang='grc' dir='ltr'>αἰνεῖ</span> <span class='ocrx_word' id='word_1_441' title='bbox 705 1944 790 1981; x_wconf 75' lang='grc' dir='ltr'>μέλος.</span> <span class='ocrx_word' id='word_1_442' title='bbox 817 1948 867 1971; x_wconf 86' lang='grc' dir='ltr'>Μι-</span> 
     </span>
    </p>
   </div>
   <div class='ocr_carea' id='block_1_58' title="bbox 60 1989 866 2029">
    <p class='ocr_par' dir='ltr' id='par_1_58' title="bbox 60 1989 866 2029">
     <span class='ocr_line' id='line_1_58' title="bbox 60 1989 866 2029; baseline -0.005 -10"><span class='ocrx_word' id='word_1_443' title='bbox 60 1992 138 2029; x_wconf 79' lang='grc' dir='ltr'>χαὴλ</span> <span class='ocrx_word' id='word_1_444' title='bbox 161 1990 192 2018; x_wconf 66' lang='grc' dir='ltr'>δὲ</span> <span class='ocrx_word' id='word_1_445' title='bbox 217 1993 262 2017; x_wconf 79' lang='grc' dir='ltr'>καὶ</span> <span class='ocrx_word' id='word_1_446' title='bbox 292 1990 406 2027; x_wconf 81' lang='grc' dir='ltr'>Γαϐρίὴλ</span> <span class='ocrx_word' id='word_1_447' title='bbox 433 1990 459 2021; x_wconf 80' lang='grc' dir='ltr'><strong>ἐξ</strong></span> <span class='ocrx_word' id='word_1_448' title='bbox 482 1989 569 2027; x_wconf 83' lang='grc' dir='ltr'>ἀρχῆς</span> <span class='ocrx_word' id='word_1_449' title='bbox 607 1990 676 2027; x_wconf 77' lang='grc' dir='ltr'>ἄχρι</span> <span class='ocrx_word' id='word_1_450' title='bbox 703 1989 791 2020; x_wconf 68' lang='grc' dir='ltr'>τέλους</span> <span class='ocrx_word' id='word_1_451' title='bbox 830 1992 866 2024; x_wconf 81' lang='grc' dir='ltr'>τῷ</span> 
     </span>
    </p>
   </div>
   <div class='ocr_carea' id='block_1_59' title="bbox 61 2031 866 2074">
    <p class='ocr_par' dir='ltr' id='par_1_59' title="bbox 61 2031 866 2074">
     <span class='ocr_line' id='line_1_59' title="bbox 61 2031 866 2074; baseline -0.006 -10"><span class='ocrx_word' id='word_1_452' title='bbox 61 2037 450 2074; x_wconf 73' lang='grc' dir='ltr'>σεσαρκωμένῳπαρεπόμενοι,</span> <span class='ocrx_word' id='word_1_453' title='bbox 470 2037 515 2061; x_wconf 84' lang='grc' dir='ltr'>καὶ</span> <span class='ocrx_word' id='word_1_454' title='bbox 539 2033 592 2065; x_wconf 83' lang='grc' dir='ltr'>τοῖς</span> <span class='ocrx_word' id='word_1_455' title='bbox 620 2037 726 2070; x_wconf 70' lang='grc' dir='ltr'>γονεῦσι</span> <span class='ocrx_word' id='word_1_456' title='bbox 753 2035 782 2060; x_wconf 85' lang='grc' dir='ltr'>τὸ</span> <span class='ocrx_word' id='word_1_457' title='bbox 808 2031 866 2060; x_wconf 72' lang='grc' dir='ltr'>δέον</span> 
     </span>
    </p>
   </div>
   <div class='ocr_carea' id='block_1_60' title="bbox 61 2078 902 2125">
    <p class='ocr_par' dir='ltr' id='par_1_60' title="bbox 61 2078 902 2125">
     <span class='ocr_line' id='line_1_60' title="bbox 61 2078 902 2125; baseline -0.006 -16"><span class='ocrx_word' id='word_1_458' title='bbox 61 2085 125 2119; x_wconf 77' lang='grc' dir='ltr'>ὄναρ</span> <span class='ocrx_word' id='word_1_459' title='bbox 156 2081 348 2117; x_wconf 73' lang='grc' dir='ltr'>εἰσηγούμενοι,</span> <span class='ocrx_word' id='word_1_460' title='bbox 375 2082 419 2106; x_wconf 74' lang='grc' dir='ltr'>καὶ</span> <span class='ocrx_word' id='word_1_461' title='bbox 445 2081 511 2116; x_wconf 88' lang='grc' dir='ltr'>μετά</span> <span class='ocrx_word' id='word_1_462' title='bbox 538 2081 582 2105; x_wconf 86' lang='grc' dir='ltr'>τὸν</span> <span class='ocrx_word' id='word_1_463' title='bbox 617 2080 761 2116; x_wconf 78' lang='grc' dir='ltr'>πειρασμὸν</span> <span class='ocrx_word' id='word_1_464' title='bbox 796 2078 866 2114; x_wconf 69' lang='grc' dir='ltr'>αὐτῷ</span> <span class='ocrx_word' id='word_1_465' title='bbox 883 2097 902 2125; x_wconf 75' lang='lat' dir='ltr'>C</span> 
     </span>
    </p>
   </div>
   <div class='ocr_carea' id='block_1_61' title="bbox 62 2124 866 2162">
    <p class='ocr_par' dir='ltr' id='par_1_61' title="bbox 62 2124 866 2162">
     <span class='ocr_line' id='line_1_61' title="bbox 62 2124 866 2162; baseline -0.005 -9"><span class='ocrx_word' id='word_1_466' title='bbox 62 2126 272 2162; x_wconf 64' lang='grc' dir='ltr'>διακονούμενοι,</span> <span class='ocrx_word' id='word_1_467' title='bbox 301 2127 346 2151; x_wconf 82' lang='grc' dir='ltr'>καὶ</span> <span class='ocrx_word' id='word_1_468' title='bbox 376 2124 399 2150; x_wconf 80' lang='grc' dir='ltr'>ἐν</span> <span class='ocrx_word' id='word_1_469' title='bbox 446 2127 528 2162; x_wconf 81' lang='grc' dir='ltr'>καιρῷ</span> <span class='ocrx_word' id='word_1_470' title='bbox 557 2127 602 2150; x_wconf 85' lang='grc' dir='ltr'>τοῦ</span> <span class='ocrx_word' id='word_1_471' title='bbox 638 2124 738 2154; x_wconf 81' lang='grc' dir='ltr'>πάθους</span> <span class='ocrx_word' id='word_1_472' title='bbox 772 2125 866 2160; x_wconf 78' lang='grc' dir='ltr'>τρόπον</span> 
     </span>
    </p>
   </div>
   <div class='ocr_carea' id='block_1_62' title="bbox 61 2167 868 2205">
    <p class='ocr_par' dir='ltr' id='par_1_62' title="bbox 61 2167 868 2205">
     <span class='ocr_line' id='line_1_62' title="bbox 61 2167 868 2205; baseline -0.004 -9"><span class='ocrx_word' id='word_1_473' title='bbox 61 2173 122 2198; x_wconf 78' lang='grc' dir='ltr'>τινὰ</span> <span class='ocrx_word' id='word_1_474' title='bbox 134 2171 356 2205; x_wconf 80' lang='grc' dir='ltr'>συνεπισχύοντες</span> <span class='ocrx_word' id='word_1_475' title='bbox 368 2179 374 2186; x_wconf 71' lang='grc'><em>’</em></span> <span class='ocrx_word' id='word_1_476' title='bbox 391 2168 421 2195; x_wconf 71' lang='grc' dir='ltr'>οὐ</span> <span class='ocrx_word' id='word_1_477' title='bbox 432 2171 509 2205; x_wconf 82' lang='grc' dir='ltr'>μόνον</span> <span class='ocrx_word' id='word_1_478' title='bbox 526 2167 556 2195; x_wconf 70' lang='grc' dir='ltr'>δὲ</span> <span class='ocrx_word' id='word_1_479' title='bbox 585 2167 648 2194; x_wconf 74' lang='grc' dir='ltr'>ἀλλὰ</span> <span class='ocrx_word' id='word_1_480' title='bbox 678 2170 722 2194; x_wconf 81' lang='grc' dir='ltr'>καὶ</span> <span class='ocrx_word' id='word_1_481' title='bbox 736 2171 784 2198; x_wconf 86' lang='grc' dir='ltr'>τῆς</span> <span class='ocrx_word' id='word_1_482' title='bbox 805 2177 868 2203; x_wconf 91' lang='grc' dir='ltr'>σαρ-</span> 
     </span>
    </p>
   </div>
   <div class='ocr_carea' id='block_1_63' title="bbox 61 2212 868 2251">
    <p class='ocr_par' dir='ltr' id='par_1_63' title="bbox 61 2212 868 2251">
     <span class='ocr_line' id='line_1_63' title="bbox 61 2212 868 2251; baseline -0.006 -8"><span class='ocrx_word' id='word_1_483' title='bbox 61 2219 107 2247; x_wconf 77' lang='grc' dir='ltr'>κὸς</span> <span class='ocrx_word' id='word_1_484' title='bbox 136 2214 183 2242; x_wconf 76' lang='grc' dir='ltr'>διά</span> <span class='ocrx_word' id='word_1_485' title='bbox 211 2218 324 2251; x_wconf 84' lang='grc' dir='ltr'>σταυροῦ</span> <span class='ocrx_word' id='word_1_486' title='bbox 350 2214 450 2241; x_wconf 78' lang='grc' dir='ltr'>λυθέντι</span> <span class='ocrx_word' id='word_1_487' title='bbox 477 2224 483 2230; x_wconf 94' lang='grc'><strong>·</strong></span> <span class='ocrx_word' id='word_1_488' title='bbox 507 2215 552 2240; x_wconf 74' lang='grc' dir='ltr'>καὶ</span> <span class='ocrx_word' id='word_1_489' title='bbox 579 2217 664 2250; x_wconf 81' lang='grc' dir='ltr'>γυμνῇ</span> <span class='ocrx_word' id='word_1_490' title='bbox 686 2212 763 2249; x_wconf 67' lang='grc' dir='ltr'>ψυχῇ</span> <span class='ocrx_word' id='word_1_491' title='bbox 805 2213 868 2249; x_wconf 84' lang='grc' dir='ltr'>πρός</span> 
     </span>
    </p>
   </div>
   <div class='ocr_carea' id='block_1_64' title="bbox 62 2257 868 2297">
    <p class='ocr_par' dir='ltr' id='par_1_64' title="bbox 62 2257 868 2297">
     <span class='ocr_line' id='line_1_64' title="bbox 62 2257 868 2297; baseline -0.007 -9"><span class='ocrx_word' id='word_1_492' title='bbox 62 2262 217 2297; x_wconf 78' lang='grc' dir='ltr'>κευθμῶνας</span> <span class='ocrx_word' id='word_1_493' title='bbox 249 2257 327 2285; x_wconf 66' lang='grc' dir='ltr'>άὶδου</span> <span class='ocrx_word' id='word_1_494' title='bbox 347 2262 478 2296; x_wconf 83' lang='grc' dir='ltr'>χωροῦντι</span> <span class='ocrx_word' id='word_1_495' title='bbox 506 2259 724 2294; x_wconf 77' lang='grc' dir='ltr'>προύηγούμενοι,</span> <span class='ocrx_word' id='word_1_496' title='bbox 750 2259 795 2283; x_wconf 81' lang='grc' dir='ltr'>καὶ</span> <span class='ocrx_word' id='word_1_497' title='bbox 823 2260 868 2283; x_wconf 83' lang='grc' dir='ltr'>τοῦ</span> 
     </span>
    </p>
   </div>
   <div class='ocr_carea' id='block_1_65' title="bbox 66 2300 869 2341">
    <p class='ocr_par' dir='ltr' id='par_1_65' title="bbox 66 2300 869 2341">
     <span class='ocr_line' id='line_1_65' title="bbox 66 2300 869 2341; baseline -0.006 -9"><span class='ocrx_word' id='word_1_498' title='bbox 66 2309 179 2336; x_wconf 74' lang='grc' dir='ltr'>σκότους</span> <span class='ocrx_word' id='word_1_499' title='bbox 193 2306 238 2341; x_wconf 84' lang='grc' dir='ltr'>μέν</span> <span class='ocrx_word' id='word_1_500' title='bbox 260 2306 317 2335; x_wconf 82' lang='grc' dir='ltr'>τοὺς</span> <span class='ocrx_word' id='word_1_501' title='bbox 343 2304 495 2340; x_wconf 77' lang='grc' dir='ltr'>προστάτας</span> <span class='ocrx_word' id='word_1_502' title='bbox 518 2302 744 2340; x_wconf 76' lang='grc' dir='ltr'>καταῤῥάσσοντες</span> <span class='ocrx_word' id='word_1_503' title='bbox 771 2302 819 2332; x_wconf 85' lang='grc' dir='ltr'>τὰς</span> <span class='ocrx_word' id='word_1_504' title='bbox 845 2300 869 2327; x_wconf 88' lang='grc' dir='ltr'>ἐν</span> 
     </span>
    </p>
   </div>
   <div class='ocr_carea' id='block_1_66' title="bbox 66 2347 868 2387">
    <p class='ocr_par' dir='ltr' id='par_1_66' title="bbox 66 2347 868 2387">
     <span class='ocr_line' id='line_1_66' title="bbox 66 2347 868 2387; baseline -0.007 -10"><span class='ocrx_word' id='word_1_505' title='bbox 66 2352 138 2386; x_wconf 74' lang='grc' dir='ltr'>αὐτῷ</span> <span class='ocrx_word' id='word_1_506' title='bbox 158 2351 343 2387; x_wconf 81' lang='grc' dir='ltr'>κατειργμένας</span> <span class='ocrx_word' id='word_1_507' title='bbox 368 2348 461 2384; x_wconf 70' lang='grc' dir='ltr'>ψυχὰς</span> <span class='ocrx_word' id='word_1_508' title='bbox 487 2349 519 2378; x_wconf 81' lang='grc' dir='ltr'>ὡς</span> <span class='ocrx_word' id='word_1_509' title='bbox 543 2347 646 2384; x_wconf 79' lang='grc' dir='ltr'>πλάστῃ</span> <span class='ocrx_word' id='word_1_510' title='bbox 681 2347 868 2384; x_wconf 77' lang='grc' dir='ltr'>προσάγοντες,</span> 
     </span>
    </p>
   </div>
   <div class='ocr_carea' id='block_1_67' title="bbox 64 2389 870 2430">
    <p class='ocr_par' dir='ltr' id='par_1_67' title="bbox 64 2389 870 2430">
     <span class='ocr_line' id='line_1_67' title="bbox 64 2389 870 2430; baseline -0.006 -9"><span class='ocrx_word' id='word_1_511' title='bbox 64 2398 112 2422; x_wconf 81' lang='grc' dir='ltr'>καὶ</span> <span class='ocrx_word' id='word_1_512' title='bbox 132 2394 204 2429; x_wconf 70' lang='grc' dir='ltr'>αὐτῷ</span> <span class='ocrx_word' id='word_1_513' title='bbox 229 2397 322 2430; x_wconf 75' lang='grc' dir='ltr'>νοερῶς</span> <span class='ocrx_word' id='word_1_514' title='bbox 349 2391 595 2429; x_wconf 75' lang='grc' dir='ltr'>προσαρμοζόμενοι</span> <span class='ocrx_word' id='word_1_515' title='bbox 623 2402 630 2408; x_wconf 91' lang='grc'><strong>·</strong></span> <span class='ocrx_word' id='word_1_516' title='bbox 667 2389 722 2418; x_wconf 80' lang='grc' dir='ltr'>εἶτα</span> <span class='ocrx_word' id='word_1_517' title='bbox 755 2392 802 2420; x_wconf 82' lang='grc' dir='ltr'>τὴν</span> <span class='ocrx_word' id='word_1_518' title='bbox 843 2389 870 2416; x_wconf 75' lang='grc' dir='ltr'>ἐκ</span> 
     </span>
    </p>
   </div>
   <div class='ocr_carea' id='block_1_68' title="bbox 66 2435 869 2477">
    <p class='ocr_par' dir='ltr' id='par_1_68' title="bbox 66 2435 869 2477">
     <span class='ocr_line' id='line_1_68' title="bbox 66 2435 869 2477; baseline -0.006 -11"><span class='ocrx_word' id='word_1_519' title='bbox 66 2441 151 2477; x_wconf 60' lang='grc' dir='ltr'>τάφον</span> <span class='ocrx_word' id='word_1_520' title='bbox 181 2441 318 2476; x_wconf 73' lang='grc' dir='ltr'>τριήμερόν</span> <span class='ocrx_word' id='word_1_521' title='bbox 343 2439 445 2474; x_wconf 72' lang='grc' dir='ltr'>ἔγερσιν</span> <span class='ocrx_word' id='word_1_522' title='bbox 471 2440 526 2468; x_wconf 89' lang='grc' dir='ltr'>τοῖς</span> <span class='ocrx_word' id='word_1_523' title='bbox 560 2435 641 2468; x_wconf 78' lang='grc' dir='ltr'>ἀξίοις</span> <span class='ocrx_word' id='word_1_524' title='bbox 664 2435 869 2473; x_wconf 76' lang='grc' dir='ltr'>ἐμφανίσαντες·</span> 
     </span>
    </p>
   </div>
   <div class='ocr_carea' id='block_1_69' title="bbox 67 2480 872 2520">
    <p class='ocr_par' dir='ltr' id='par_1_69' title="bbox 67 2480 872 2520">
     <span class='ocr_line' id='line_1_69' title="bbox 67 2480 872 2520; baseline -0.006 -9"><span class='ocrx_word' id='word_1_525' title='bbox 67 2485 137 2511; x_wconf 68' lang='grc' dir='ltr'>οὕτω</span> <span class='ocrx_word' id='word_1_526' title='bbox 153 2482 188 2513; x_wconf 76' lang='grc' dir='ltr'>δὴ</span> <span class='ocrx_word' id='word_1_527' title='bbox 204 2485 270 2520; x_wconf 87' lang='grc' dir='ltr'>πρὸς</span> <span class='ocrx_word' id='word_1_528' title='bbox 298 2482 419 2519; x_wconf 75' lang='grc' dir='ltr'>οὐρανοὺς</span> <span class='ocrx_word' id='word_1_529' title='bbox 443 2480 606 2507; x_wconf 76' lang='grc' dir='ltr'>ἀναϐαίνοντι</span> <span class='ocrx_word' id='word_1_530' title='bbox 630 2483 675 2507; x_wconf 80' lang='grc' dir='ltr'>καὶ</span> <span class='ocrx_word' id='word_1_531' title='bbox 701 2482 744 2506; x_wconf 87' lang='grc' dir='ltr'>τόν</span> <span class='ocrx_word' id='word_1_532' title='bbox 768 2481 872 2517; x_wconf 81' lang='grc' dir='ltr'>Πατέρα</span> 
     </span>
    </p>
   </div>
   <div class='ocr_carea' id='block_1_70' title="bbox 68 2523 873 2565">
    <p class='ocr_par' dir='ltr' id='par_1_70' title="bbox 68 2523 873 2565">
     <span class='ocr_line' id='line_1_70' title="bbox 68 2523 873 2565; baseline -0.006 -10"><span class='ocrx_word' id='word_1_533' title='bbox 68 2530 234 2559; x_wconf 82' lang='grc' dir='ltr'>συνανιόντες</span> <span class='ocrx_word' id='word_1_534' title='bbox 246 2528 412 2565; x_wconf 78' lang='grc' dir='ltr'>τεθεώρηντο.</span> <span class='ocrx_word' id='word_1_535' title='bbox 442 2527 561 2553; x_wconf 70' lang='grc' dir='ltr'>κάτωθεν</span> <span class='ocrx_word' id='word_1_536' title='bbox 586 2527 630 2562; x_wconf 69' lang='grc' dir='ltr'>μὲν</span> <span class='ocrx_word' id='word_1_537' title='bbox 656 2523 699 2551; x_wconf 69' lang='grc' dir='ltr'>οὖν</span> <span class='ocrx_word' id='word_1_538' title='bbox 730 2529 785 2556; x_wconf 79' lang='grc' dir='ltr'>τοῖς</span> <span class='ocrx_word' id='word_1_539' title='bbox 809 2524 873 2550; x_wconf 81' lang='grc' dir='ltr'>ἀπο-</span> 
     </span>
    </p>
   </div>
   <div class='ocr_carea' id='block_1_71' title="bbox 70 2567 873 2609">
    <p class='ocr_par' dir='ltr' id='par_1_71' title="bbox 70 2567 873 2609">
     <span class='ocr_line' id='line_1_71' title="bbox 70 2567 873 2609; baseline -0.007 -8"><span class='ocrx_word' id='word_1_540' title='bbox 70 2574 172 2604; x_wconf 75' lang='grc' dir='ltr'>στόλοις</span> <span class='ocrx_word' id='word_1_541' title='bbox 199 2574 232 2603; x_wconf 81' lang='grc' dir='ltr'>ὡς</span> <span class='ocrx_word' id='word_1_542' title='bbox 260 2570 352 2609; x_wconf 68' lang='grc' dir='ltr'>ἄνδρες</span> <span class='ocrx_word' id='word_1_543' title='bbox 375 2570 423 2598; x_wconf 75' lang='grc' dir='ltr'>δύο</span> <span class='ocrx_word' id='word_1_544' title='bbox 446 2571 611 2607; x_wconf 73' lang='grc' dir='ltr'>λευχεὶμονες</span> <span class='ocrx_word' id='word_1_545' title='bbox 639 2568 675 2596; x_wconf 81' lang='grc' dir='ltr'>δι’</span> <span class='ocrx_word' id='word_1_546' title='bbox 705 2569 778 2606; x_wconf 75' lang='grc' dir='ltr'>ἀέρος</span> <span class='ocrx_word' id='word_1_547' title='bbox 809 2567 873 2596; x_wconf 70' lang='grc' dir='ltr'>ἐδεί-</span> 
     </span>
    </p>
   </div>
   <div class='ocr_carea' id='block_1_72' title="bbox 68 2613 875 2653">
    <p class='ocr_par' dir='ltr' id='par_1_72' title="bbox 68 2613 875 2653">
     <span class='ocr_line' id='line_1_72' title="bbox 68 2613 875 2653; baseline -0.007 -8"><span class='ocrx_word' id='word_1_548' title='bbox 68 2629 162 2646; x_wconf 79' lang='grc' dir='ltr'>κνυντο</span> <span class='ocrx_word' id='word_1_549' title='bbox 191 2619 335 2653; x_wconf 76' lang='grc' dir='ltr'>πετόμένοι,</span> <span class='ocrx_word' id='word_1_550' title='bbox 358 2619 403 2642; x_wconf 84' lang='grc' dir='ltr'>καὶ</span> <span class='ocrx_word' id='word_1_551' title='bbox 431 2617 474 2642; x_wconf 82' lang='grc' dir='ltr'>τόν</span> <span class='ocrx_word' id='word_1_552' title='bbox 493 2619 540 2646; x_wconf 82' lang='grc' dir='ltr'>τῆς</span> <span class='ocrx_word' id='word_1_553' title='bbox 581 2613 704 2651; x_wconf 76' lang='grc' dir='ltr'>δευτέρας</span> <span class='ocrx_word' id='word_1_554' title='bbox 729 2613 875 2651; x_wconf 73' lang='grc' dir='ltr'>ἐπιφανείας</span> 
     </span>
    </p>
   </div>
   <div class='ocr_carea' id='block_1_73' title="bbox 69 2658 876 2700">
    <p class='ocr_par' dir='ltr' id='par_1_73' title="bbox 69 2658 876 2700">
     <span class='ocr_line' id='line_1_73' title="bbox 69 2658 876 2700; baseline -0.009 -10"><span class='ocrx_word' id='word_1_555' title='bbox 69 2666 165 2700; x_wconf 78' lang='grc' dir='ltr'>τρόπον</span> <span class='ocrx_word' id='word_1_556' title='bbox 184 2665 229 2689; x_wconf 77' lang='grc' dir='ltr'>τοῦ</span> <span class='ocrx_word' id='word_1_557' title='bbox 253 2660 494 2697; x_wconf 71' lang='grc' dir='ltr'>ὰναλαμϐανομένου</span> <span class='ocrx_word' id='word_1_558' title='bbox 528 2658 740 2696; x_wconf 64' lang='grc' dir='ltr'>καταγγελλοντες</span> <span class='ocrx_word' id='word_1_559' title='bbox 772 2668 779 2675; x_wconf 79' lang='grc' dir='ltr'>ο</span> <span class='ocrx_word' id='word_1_560' title='bbox 818 2661 876 2688; x_wconf 87' lang='grc' dir='ltr'>ταῖς</span> 
     </span>
    </p>
   </div>
   <div class='ocr_carea' id='block_1_74' title="bbox 71 2702 876 2745">
    <p class='ocr_par' dir='ltr' id='par_1_74' title="bbox 71 2702 876 2745">
     <span class='ocr_line' id='line_1_74' title="bbox 71 2702 876 2745; baseline -0.009 -10"><span class='ocrx_word' id='word_1_561' title='bbox 71 2709 225 2745; x_wconf 74' lang='grc' dir='ltr'>ὑπερτέραις</span> <span class='ocrx_word' id='word_1_562' title='bbox 250 2704 279 2732; x_wconf 72' lang='grc' dir='ltr'>δὲ</span> <span class='ocrx_word' id='word_1_563' title='bbox 310 2707 408 2732; x_wconf 77' lang='grc' dir='ltr'>τούτων</span> <span class='ocrx_word' id='word_1_564' title='bbox 450 2703 603 2741; x_wconf 67' lang='grc' dir='ltr'>δυνάμεσιν,</span> <span class='ocrx_word' id='word_1_565' title='bbox 646 2703 741 2741; x_wconf 69' lang='grc' dir='ltr'>Ἀρατε</span> <span class='ocrx_word' id='word_1_566' title='bbox 784 2702 876 2734; x_wconf 86' lang='grc' dir='ltr'>πύλας,</span> 
     </span>
    </p>
   </div>
   <div class='ocr_carea' id='block_1_75' title="bbox 74 2748 879 2786">
    <p class='ocr_par' dir='ltr' id='par_1_75' title="bbox 74 2748 879 2786">
     <span class='ocr_line' id='line_1_75' title="bbox 74 2748 879 2786; baseline -0.006 -7"><span class='ocrx_word' id='word_1_567' title='bbox 74 2752 187 2779; x_wconf 70' lang='grc' dir='ltr'>ἐπεϐόων</span> <span class='ocrx_word' id='word_1_568' title='bbox 208 2761 216 2769; x_wconf 71' lang='grc' dir='ltr'><strong><em>υ</em></strong></span> <span class='ocrx_word' id='word_1_569' title='bbox 235 2753 280 2777; x_wconf 80' lang='grc' dir='ltr'>καὶ</span> <span class='ocrx_word' id='word_1_570' title='bbox 300 2750 379 2778; x_wconf 80' lang='grc' dir='ltr'>πύλαι</span> <span class='ocrx_word' id='word_1_571' title='bbox 399 2749 508 2785; x_wconf 68' lang='grc' dir='ltr'>αἰώνιοι,</span> <span class='ocrx_word' id='word_1_572' title='bbox 533 2751 562 2775; x_wconf 87' lang='grc' dir='ltr'>τὸ</span> <span class='ocrx_word' id='word_1_573' title='bbox 585 2750 670 2786; x_wconf 77' lang='grc' dir='ltr'>τάχος</span> <span class='ocrx_word' id='word_1_574' title='bbox 701 2748 879 2785; x_wconf 74' lang='grc' dir='ltr'>ἐπαιρόμεναι,</span> 
     </span>
    </p>
   </div>
   <div class='ocr_carea' id='block_1_76' title="bbox 73 2789 881 2834">
    <p class='ocr_par' dir='ltr' id='par_1_76' title="bbox 73 2789 881 2834">
     <span class='ocr_line' id='line_1_76' title="bbox 73 2789 881 2834; baseline -0.005 -11"><span class='ocrx_word' id='word_1_575' title='bbox 73 2800 110 2833; x_wconf 82' lang='grc' dir='ltr'>τῷ</span> <span class='ocrx_word' id='word_1_576' title='bbox 126 2796 236 2834; x_wconf 71' lang='grc' dir='ltr'>βασιλεῖ</span> <span class='ocrx_word' id='word_1_577' title='bbox 248 2799 296 2825; x_wconf 82' lang='grc' dir='ltr'>τῆς</span> <span class='ocrx_word' id='word_1_578' title='bbox 323 2792 591 2827; x_wconf 70' lang='grc' dir='ltr'>δόξηςόδοποιήσατι</span> <span class='ocrx_word' id='word_1_579' title='bbox 622 2796 670 2824; x_wconf 72' lang='grc' dir='ltr'>τὴν</span> <span class='ocrx_word' id='word_1_580' title='bbox 695 2792 798 2820; x_wconf 74' lang='grc' dir='ltr'>εἴσοδον</span> <span class='ocrx_word' id='word_1_581' title='bbox 822 2789 881 2828; x_wconf 78' lang='grc' dir='ltr'>⁷Δρ²</span> 
     </span>
    </p>
   </div>
   <div class='ocr_carea' id='block_1_77' title="bbox 955 1407 1747 1446">
    <p class='ocr_par' dir='ltr' id='par_1_77' title="bbox 955 1407 1747 1446">
     <span class='ocr_line' id='line_1_77' title="bbox 955 1407 1747 1446; baseline 0.001 -10"><span class='ocrx_word' id='word_1_582' title='bbox 955 1408 1081 1442; x_wconf 87' lang='lat' dir='ltr'>Quando</span> <span class='ocrx_word' id='word_1_583' title='bbox 1092 1416 1163 1436; x_wconf 87' lang='lat' dir='ltr'>vero</span> <span class='ocrx_word' id='word_1_584' title='bbox 1176 1407 1380 1444; x_wconf 88' lang='lat' dir='ltr'>incorporeus,</span> <span class='ocrx_word' id='word_1_585' title='bbox 1405 1408 1562 1442; x_wconf 88' lang='lat' dir='ltr'>invisiblis,</span> <span class='ocrx_word' id='word_1_586' title='bbox 1586 1409 1747 1446; x_wconf 87' lang='lat' dir='ltr'>supersub-</span> 
     </span>
    </p>
   </div>
   <div class='ocr_carea' id='block_1_78' title="bbox 920 1452 1747 1488">
    <p class='ocr_par' dir='ltr' id='par_1_78' title="bbox 920 1452 1747 1488">
     <span class='ocr_line' id='line_1_78' title="bbox 920 1452 1747 1488; baseline 0.001 -8"><span class='ocrx_word' id='word_1_587' title='bbox 920 1452 1065 1481; x_wconf 89' lang='lat' dir='ltr'>stantialis</span> <span class='ocrx_word' id='word_1_588' title='bbox 1081 1454 1157 1480; x_wconf 87' lang='lat' dir='ltr'>Deus</span> <span class='ocrx_word' id='word_1_589' title='bbox 1171 1460 1232 1480; x_wconf 87' lang='lat' dir='ltr'>non</span> <span class='ocrx_word' id='word_1_590' title='bbox 1244 1453 1308 1488; x_wconf 88' lang='lat' dir='ltr'>jam</span> <span class='ocrx_word' id='word_1_591' title='bbox 1322 1460 1431 1488; x_wconf 89' lang='lat' dir='ltr'>corpus</span> <span class='ocrx_word' id='word_1_592' title='bbox 1449 1460 1570 1480; x_wconf 89' lang='lat' dir='ltr'>aereum</span> <span class='ocrx_word' id='word_1_593' title='bbox 1587 1453 1625 1481; x_wconf 88' lang='lat' dir='ltr'>ad</span> <span class='ocrx_word' id='word_1_594' title='bbox 1647 1452 1747 1488; x_wconf 81' lang='lat' dir='ltr'>exigui</span> 
     </span>
    </p>
   </div>
   <div class='ocr_carea' id='block_1_79' title="bbox 918 1496 1745 1533">
    <p class='ocr_par' dir='ltr' id='par_1_79' title="bbox 918 1496 1745 1533">
     <span class='ocr_line' id='line_1_79' title="bbox 918 1496 1745 1533; baseline 0 -9"><span class='ocrx_word' id='word_1_595' title='bbox 918 1497 1061 1533; x_wconf 85' lang='lat' dir='ltr'>temporis</span> <span class='ocrx_word' id='word_1_596' title='bbox 1072 1496 1202 1533; x_wconf 89' lang='lat' dir='ltr'>speciem</span> <span class='ocrx_word' id='word_1_597' title='bbox 1211 1496 1454 1533; x_wconf 75' lang='lat' dir='ltr'>deproperatum,</span> <span class='ocrx_word' id='word_1_598' title='bbox 1465 1504 1537 1524; x_wconf 87' lang='lat' dir='ltr'>mox</span> <span class='ocrx_word' id='word_1_599' title='bbox 1545 1496 1745 1525; x_wconf 87' lang='lat' dir='ltr'>avolaturum.</span> 
     </span>
    </p>
   </div>
   <div class='ocr_carea' id='block_1_80' title="bbox 921 1541 1746 1577">
    <p class='ocr_par' dir='ltr' id='par_1_80' title="bbox 921 1541 1746 1577">
     <span class='ocr_line' id='line_1_80' title="bbox 921 1541 1746 1577; baseline -0.001 -7"><span class='ocrx_word' id='word_1_600' title='bbox 921 1542 974 1570; x_wconf 89' lang='lat' dir='ltr'>sed</span> <span class='ocrx_word' id='word_1_601' title='bbox 985 1544 1094 1570; x_wconf 88' lang='lat' dir='ltr'>terram</span> <span class='ocrx_word' id='word_1_602' title='bbox 1113 1541 1189 1569; x_wconf 85' lang='lat' dir='ltr'>adeo</span> <span class='ocrx_word' id='word_1_603' title='bbox 1201 1541 1417 1577; x_wconf 86' lang='lat' dir='ltr'>ipsamlutum,</span> <span class='ocrx_word' id='word_1_604' title='bbox 1439 1543 1585 1576; x_wconf 88' lang='lat' dir='ltr'>nostram,</span> <span class='ocrx_word' id='word_1_605' title='bbox 1609 1541 1746 1577; x_wconf 86' lang='lat' dir='ltr'>inquam,</span> 
     </span>
    </p>
   </div>
   <div class='ocr_carea' id='block_1_81' title="bbox 920 1585 1748 1621">
    <p class='ocr_par' dir='ltr' id='par_1_81' title="bbox 920 1585 1748 1621">
     <span class='ocr_line' id='line_1_81' title="bbox 920 1585 1748 1621; baseline -0.001 -7"><span class='ocrx_word' id='word_1_606' title='bbox 920 1586 1118 1615; x_wconf 83' lang='lat' dir='ltr'>substantiam</span> <span class='ocrx_word' id='word_1_607' title='bbox 1133 1587 1162 1614; x_wconf 87' lang='lat' dir='ltr'>et</span> <span class='ocrx_word' id='word_1_608' title='bbox 1173 1585 1437 1614; x_wconf 78' lang='lat' dir='ltr'>formaminduere</span> <span class='ocrx_word' id='word_1_609' title='bbox 1459 1585 1600 1620; x_wconf 80' lang='lat' dir='ltr'>dignatus</span> <span class='ocrx_word' id='word_1_610' title='bbox 1621 1588 1675 1621; x_wconf 92' lang='lat' dir='ltr'>est,</span> <span class='ocrx_word' id='word_1_611' title='bbox 1707 1585 1748 1614; x_wconf 88' lang='lat' dir='ltr'>ad</span> 
     </span>
    </p>
   </div>
   <div class='ocr_carea' id='block_1_82' title="bbox 920 1630 1747 1667">
    <p class='ocr_par' dir='ltr' id='par_1_82' title="bbox 920 1630 1747 1667">
     <span class='ocr_line' id='line_1_82' title="bbox 920 1630 1747 1667; baseline -0.002 -7"><span class='ocrx_word' id='word_1_612' title='bbox 920 1632 1057 1660; x_wconf 84' lang='lat' dir='ltr'>intimam</span> <span class='ocrx_word' id='word_1_613' title='bbox 1072 1631 1173 1659; x_wconf 90' lang='lat' dir='ltr'>statim</span> <span class='ocrx_word' id='word_1_614' title='bbox 1196 1630 1396 1665; x_wconf 81' lang='lat' dir='ltr'>cognitionem</span> <span class='ocrx_word' id='word_1_615' title='bbox 1418 1631 1554 1667; x_wconf 89' lang='lat' dir='ltr'>mysterii</span> <span class='ocrx_word' id='word_1_616' title='bbox 1577 1630 1666 1659; x_wconf 88' lang='lat' dir='ltr'>totius</span> <span class='ocrx_word' id='word_1_617' title='bbox 1693 1631 1747 1659; x_wconf 88' lang='lat' dir='ltr'>Ga-</span> 
     </span>
    </p>
   </div>
   <div class='ocr_carea' id='block_1_83' title="bbox 919 1674 1748 1710">
    <p class='ocr_par' dir='ltr' id='par_1_83' title="bbox 919 1674 1748 1710">
     <span class='ocr_line' id='line_1_83' title="bbox 919 1674 1748 1710; baseline -0.002 -6"><span class='ocrx_word' id='word_1_618' title='bbox 919 1676 994 1704; x_wconf 89' lang='lat' dir='ltr'>briel</span> <span class='ocrx_word' id='word_1_619' title='bbox 1007 1675 1181 1704; x_wconf 88' lang='lat' dir='ltr'>admittitur.</span> <span class='ocrx_word' id='word_1_620' title='bbox 1194 1675 1248 1708; x_wconf 86' lang='lat' dir='ltr'>Qui</span> <span class='ocrx_word' id='word_1_621' title='bbox 1273 1674 1439 1703; x_wconf 79' lang='lat' dir='ltr'>sacerdotio</span> <span class='ocrx_word' id='word_1_622' title='bbox 1461 1674 1596 1710; x_wconf 71' lang='lat' dir='ltr'>iungenti</span> <span class='ocrx_word' id='word_1_623' title='bbox 1626 1676 1748 1710; x_wconf 88' lang='lat' dir='ltr'>repente</span> 
     </span>
    </p>
   </div>
   <div class='ocr_carea' id='block_1_84' title="bbox 920 1719 1748 1756">
    <p class='ocr_par' dir='ltr' id='par_1_84' title="bbox 920 1719 1748 1756">
     <span class='ocr_line' id='line_1_84' title="bbox 920 1719 1748 1756; baseline -0.001 -8"><span class='ocrx_word' id='word_1_624' title='bbox 920 1722 1023 1748; x_wconf 82' lang='lat' dir='ltr'>astans</span> <span class='ocrx_word' id='word_1_625' title='bbox 1038 1719 1186 1748; x_wconf 78' lang='lat' dir='ltr'>Zachariae</span> <span class='ocrx_word' id='word_1_626' title='bbox 1210 1719 1397 1748; x_wconf 83' lang='lat' dir='ltr'>nasciturum</span> <span class='ocrx_word' id='word_1_627' title='bbox 1431 1719 1487 1755; x_wconf 87' lang='lat' dir='ltr'>ipsi</span> <span class='ocrx_word' id='word_1_628' title='bbox 1511 1719 1606 1756; x_wconf 89' lang='lat' dir='ltr'>aperit</span> <span class='ocrx_word' id='word_1_629' title='bbox 1626 1727 1662 1747; x_wconf 88' lang='lat' dir='ltr'>ex</span> <span class='ocrx_word' id='word_1_630' title='bbox 1687 1727 1748 1747; x_wconf 89' lang='lat' dir='ltr'>anu</span> 
     </span>
    </p>
   </div>
   <div class='ocr_carea' id='block_1_85' title="bbox 921 1763 1747 1801">
    <p class='ocr_par' dir='ltr' id='par_1_85' title="bbox 921 1763 1747 1801">
     <span class='ocr_line' id='line_1_85' title="bbox 921 1763 1747 1801; baseline 0 -9"><span class='ocrx_word' id='word_1_631' title='bbox 921 1764 1010 1793; x_wconf 85' lang='lat' dir='ltr'>sterili</span> <span class='ocrx_word' id='word_1_632' title='bbox 1024 1764 1195 1801; x_wconf 87' lang='lat' dir='ltr'>Baptistam.</span> <span class='ocrx_word' id='word_1_633' title='bbox 1209 1765 1282 1792; x_wconf 89' lang='lat' dir='ltr'>Tum</span> <span class='ocrx_word' id='word_1_634' title='bbox 1299 1764 1394 1800; x_wconf 82' lang='lat' dir='ltr'>gratia</span> <span class='ocrx_word' id='word_1_635' title='bbox 1417 1763 1510 1801; x_wconf 62' lang='lat' dir='ltr'>plenas</span> <span class='ocrx_word' id='word_1_636' title='bbox 1533 1763 1644 1799; x_wconf 72' lang='lat' dir='ltr'>Virgini</span> <span class='ocrx_word' id='word_1_637' title='bbox 1665 1764 1747 1792; x_wconf 91' lang='lat' dir='ltr'>bono</span> 
     </span>
    </p>
   </div>
   <div class='ocr_carea' id='block_1_86' title="bbox 921 1809 1747 1845">
    <p class='ocr_par' dir='ltr' id='par_1_86' title="bbox 921 1809 1747 1845">
     <span class='ocr_line' id='line_1_86' title="bbox 921 1809 1747 1845; baseline 0 -8"><span class='ocrx_word' id='word_1_638' title='bbox 921 1809 1026 1837; x_wconf 88' lang='lat' dir='ltr'>nuntio</span> <span class='ocrx_word' id='word_1_639' title='bbox 1041 1809 1199 1844; x_wconf 82' lang='lat' dir='ltr'>insperatae</span> <span class='ocrx_word' id='word_1_640' title='bbox 1214 1809 1400 1837; x_wconf 85' lang='lat' dir='ltr'>salutationis</span> <span class='ocrx_word' id='word_1_641' title='bbox 1412 1809 1525 1843; x_wconf 88' lang='lat' dir='ltr'>oblato,</span> <span class='ocrx_word' id='word_1_642' title='bbox 1537 1811 1645 1837; x_wconf 78' lang='lat' dir='ltr'>ctetera</span> <span class='ocrx_word' id='word_1_643' title='bbox 1656 1817 1747 1845; x_wconf 86' lang='lat' dir='ltr'>nego-</span> 
     </span>
    </p>
   </div>
   <div class='ocr_carea' id='block_1_87' title="bbox 920 1853 1746 1890">
    <p class='ocr_par' dir='ltr' id='par_1_87' title="bbox 920 1853 1746 1890">
     <span class='ocr_line' id='line_1_87' title="bbox 920 1853 1746 1890; baseline -0.001 -8"><span class='ocrx_word' id='word_1_644' title='bbox 920 1854 1041 1882; x_wconf 86' lang='lat' dir='ltr'>tiatione</span> <span class='ocrx_word' id='word_1_645' title='bbox 1054 1853 1210 1889; x_wconf 81' lang='lat' dir='ltr'>legationis</span> <span class='ocrx_word' id='word_1_646' title='bbox 1225 1862 1286 1882; x_wconf 79' lang='lat' dir='ltr'>suae</span> <span class='ocrx_word' id='word_1_647' title='bbox 1303 1862 1367 1882; x_wconf 85' lang='lat' dir='ltr'>rem</span> <span class='ocrx_word' id='word_1_648' title='bbox 1394 1853 1524 1890; x_wconf 87' lang='lat' dir='ltr'>denique</span> <span class='ocrx_word' id='word_1_649' title='bbox 1550 1853 1591 1882; x_wconf 86' lang='lat' dir='ltr'>sic</span> <span class='ocrx_word' id='word_1_650' title='bbox 1617 1853 1746 1889; x_wconf 84' lang='lat' dir='ltr'>conﬁcit,</span> 
     </span>
    </p>
   </div>
   <div class='ocr_carea' id='block_1_88' title="bbox 920 1898 1748 1936">
    <p class='ocr_par' dir='ltr' id='par_1_88' title="bbox 920 1898 1748 1936">
     <span class='ocr_line' id='line_1_88' title="bbox 920 1898 1748 1936; baseline -0.002 -8"><span class='ocrx_word' id='word_1_651' title='bbox 920 1899 997 1928; x_wconf 88' lang='lat' dir='ltr'>inter</span> <span class='ocrx_word' id='word_1_652' title='bbox 1007 1907 1058 1927; x_wconf 89' lang='lat' dir='ltr'>eos</span> <span class='ocrx_word' id='word_1_653' title='bbox 1073 1901 1104 1927; x_wconf 88' lang='lat' dir='ltr'>ut</span> <span class='ocrx_word' id='word_1_654' title='bbox 1117 1899 1276 1927; x_wconf 87' lang='lat' dir='ltr'>conveniat</span> <span class='ocrx_word' id='word_1_655' title='bbox 1292 1907 1298 1925; x_wconf 94' lang='lat'><strong>:</strong></span> <span class='ocrx_word' id='word_1_656' title='bbox 1314 1900 1344 1927; x_wconf 93' lang='lat' dir='ltr'>in</span> <span class='ocrx_word' id='word_1_657' title='bbox 1367 1899 1478 1936; x_wconf 85' lang='lat' dir='ltr'>Spiritu</span> <span class='ocrx_word' id='word_1_658' title='bbox 1502 1900 1605 1927; x_wconf 87' lang='lat' dir='ltr'>sancto</span> <span class='ocrx_word' id='word_1_659' title='bbox 1630 1898 1748 1927; x_wconf 86' lang='lat' dir='ltr'>virtute-</span> 
     </span>
    </p>
   </div>
   <div class='ocr_carea' id='block_1_89' title="bbox 921 1943 1748 1980">
    <p class='ocr_par' dir='ltr' id='par_1_89' title="bbox 921 1943 1748 1980">
     <span class='ocr_line' id='line_1_89' title="bbox 921 1943 1748 1980; baseline 0 -9"><span class='ocrx_word' id='word_1_660' title='bbox 921 1951 980 1980; x_wconf 86' lang='lat' dir='ltr'>que</span> <span class='ocrx_word' id='word_1_661' title='bbox 996 1943 1139 1972; x_wconf 85' lang='lat' dir='ltr'>Altissimi</span> <span class='ocrx_word' id='word_1_662' title='bbox 1153 1943 1303 1978; x_wconf 86' lang='lat' dir='ltr'>Virginem</span> <span class='ocrx_word' id='word_1_663' title='bbox 1316 1943 1366 1972; x_wconf 89' lang='lat' dir='ltr'>Dei</span> <span class='ocrx_word' id='word_1_664' title='bbox 1383 1944 1487 1972; x_wconf 87' lang='lat' dir='ltr'>Filium</span> <span class='ocrx_word' id='word_1_665' title='bbox 1511 1943 1686 1980; x_wconf 87' lang='lat' dir='ltr'>parituram.</span> <span class='ocrx_word' id='word_1_666' title='bbox 1714 1944 1748 1971; x_wconf 93' lang='lat' dir='ltr'>Ut</span> 
     </span>
    </p>
   </div>
   <div class='ocr_carea' id='block_1_90' title="bbox 920 1987 1746 2024">
    <p class='ocr_par' dir='ltr' id='par_1_90' title="bbox 920 1987 1746 2024">
     <span class='ocr_line' id='line_1_90' title="bbox 920 1987 1746 2024; baseline 0 -8"><span class='ocrx_word' id='word_1_667' title='bbox 920 1996 990 2017; x_wconf 91' lang='lat' dir='ltr'>vero</span> <span class='ocrx_word' id='word_1_668' title='bbox 1001 1988 1066 2024; x_wconf 89' lang='lat' dir='ltr'>jam</span> <span class='ocrx_word' id='word_1_669' title='bbox 1080 1988 1111 2015; x_wconf 88' lang='lat' dir='ltr'>in</span> <span class='ocrx_word' id='word_1_670' title='bbox 1122 1987 1265 2022; x_wconf 81' lang='lat' dir='ltr'>virgineis</span> <span class='ocrx_word' id='word_1_671' title='bbox 1281 1988 1443 2016; x_wconf 87' lang='lat' dir='ltr'>visceribus</span> <span class='ocrx_word' id='word_1_672' title='bbox 1467 1988 1498 2016; x_wconf 91' lang='lat' dir='ltr'>in</span> <span class='ocrx_word' id='word_1_673' title='bbox 1521 1987 1746 2016; x_wconf 85' lang='lat' dir='ltr'>similitudinem</span> 
     </span>
    </p>
   </div>
   <div class='ocr_carea' id='block_1_91' title="bbox 920 2032 1751 2069">
    <p class='ocr_par' dir='ltr' id='par_1_91' title="bbox 920 2032 1751 2069">
     <span class='ocr_line' id='line_1_91' title="bbox 920 2032 1751 2069; baseline -0.001 -8"><span class='ocrx_word' id='word_1_674' title='bbox 920 2033 1047 2061; x_wconf 87' lang='lat' dir='ltr'>humani</span> <span class='ocrx_word' id='word_1_675' title='bbox 1060 2032 1147 2060; x_wconf 79' lang='lat' dir='ltr'>foetus</span> <span class='ocrx_word' id='word_1_676' title='bbox 1161 2034 1316 2068; x_wconf 88' lang='lat' dir='ltr'>assumpto</span> <span class='ocrx_word' id='word_1_677' title='bbox 1329 2033 1508 2069; x_wconf 88' lang='lat' dir='ltr'>corpusculo</span> <span class='ocrx_word' id='word_1_678' title='bbox 1519 2032 1751 2069; x_wconf 83' lang='lat' dir='ltr'>supersubstan-</span> 
     </span>
    </p>
   </div>
   <div class='ocr_carea' id='block_1_92' title="bbox 922 2076 1749 2113">
    <p class='ocr_par' dir='ltr' id='par_1_92' title="bbox 922 2076 1749 2113">
     <span class='ocr_line' id='line_1_92' title="bbox 922 2076 1749 2113; baseline -0.002 -6"><span class='ocrx_word' id='word_1_679' title='bbox 922 2077 998 2107; x_wconf 87' lang='lat' dir='ltr'>tialis</span> <span class='ocrx_word' id='word_1_680' title='bbox 1013 2079 1057 2105; x_wconf 86' lang='lat' dir='ltr'>est</span> <span class='ocrx_word' id='word_1_681' title='bbox 1071 2077 1197 2113; x_wconf 82' lang='lat' dir='ltr'>genitus,</span> <span class='ocrx_word' id='word_1_682' title='bbox 1212 2076 1352 2105; x_wconf 84' lang='lat' dir='ltr'>universa</span> <span class='ocrx_word' id='word_1_683' title='bbox 1365 2077 1488 2112; x_wconf 88' lang='lat' dir='ltr'>quidem</span> <span class='ocrx_word' id='word_1_684' title='bbox 1510 2077 1664 2113; x_wconf 81' lang='lat' dir='ltr'>gratulans</span> <span class='ocrx_word' id='word_1_685' title='bbox 1693 2077 1749 2105; x_wconf 89' lang='lat' dir='ltr'>mi-</span> 
     </span>
    </p>
   </div>
   <div class='ocr_carea' id='block_1_93' title="bbox 921 2121 1749 2159">
    <p class='ocr_par' dir='ltr' id='par_1_93' title="bbox 921 2121 1749 2159">
     <span class='ocr_line' id='line_1_93' title="bbox 921 2121 1749 2159; baseline -0.002 -8"><span class='ocrx_word' id='word_1_686' title='bbox 921 2123 983 2152; x_wconf 86' lang='lat' dir='ltr'>litia</span> <span class='ocrx_word' id='word_1_687' title='bbox 998 2122 1122 2151; x_wconf 73' lang='lat' dir='ltr'>cmlestis</span> <span class='ocrx_word' id='word_1_688' title='bbox 1138 2129 1256 2149; x_wconf 87' lang='lat' dir='ltr'>sacrum</span> <span class='ocrx_word' id='word_1_689' title='bbox 1270 2121 1492 2156; x_wconf 82' lang='lat' dir='ltr'>glorificationis</span> <span class='ocrx_word' id='word_1_690' title='bbox 1504 2123 1654 2159; x_wconf 85' lang='lat' dir='ltr'>hymnum</span> <span class='ocrx_word' id='word_1_691' title='bbox 1676 2122 1749 2150; x_wconf 86' lang='lat' dir='ltr'>ceci-</span> 
     </span>
    </p>
   </div>
   <div class='ocr_carea' id='block_1_94' title="bbox 922 2165 1748 2203">
    <p class='ocr_par' dir='ltr' id='par_1_94' title="bbox 922 2165 1748 2203">
     <span class='ocr_line' id='line_1_94' title="bbox 922 2165 1748 2203; baseline -0.002 -7"><span class='ocrx_word' id='word_1_692' title='bbox 922 2168 974 2200; x_wconf 77' lang='lat' dir='ltr'>nit,</span> <span class='ocrx_word' id='word_1_693' title='bbox 987 2168 1016 2195; x_wconf 87' lang='lat' dir='ltr'>at</span> <span class='ocrx_word' id='word_1_694' title='bbox 1026 2165 1146 2195; x_wconf 86' lang='lat' dir='ltr'>Michael</span> <span class='ocrx_word' id='word_1_695' title='bbox 1161 2168 1189 2194; x_wconf 87' lang='lat' dir='ltr'>et</span> <span class='ocrx_word' id='word_1_696' title='bbox 1204 2165 1320 2194; x_wconf 85' lang='lat' dir='ltr'>Gabriel</span> <span class='ocrx_word' id='word_1_697' title='bbox 1345 2175 1362 2194; x_wconf 70' lang='grc' dir='ltr'>ιι</span> <span class='ocrx_word' id='word_1_698' title='bbox 1387 2167 1534 2203; x_wconf 87' lang='lat' dir='ltr'>principio</span> <span class='ocrx_word' id='word_1_699' title='bbox 1558 2167 1748 2195; x_wconf 84' lang='lat' dir='ltr'>incarnatum</span> 
     </span>
    </p>
   </div>
   <div class='ocr_carea' id='block_1_95' title="bbox 923 2210 1749 2248">
    <p class='ocr_par' dir='ltr' id='par_1_95' title="bbox 923 2210 1749 2248">
     <span class='ocr_line' id='line_1_95' title="bbox 923 2210 1749 2248; baseline -0.002 -8"><span class='ocrx_word' id='word_1_700' title='bbox 923 2211 1060 2241; x_wconf 85' lang='lat' dir='ltr'>assectati</span> <span class='ocrx_word' id='word_1_701' title='bbox 1070 2212 1182 2247; x_wconf 73' lang='lat' dir='ltr'>praesto</span> <span class='ocrx_word' id='word_1_702' title='bbox 1191 2218 1312 2246; x_wconf 82' lang='lat' dir='ltr'>semper</span> <span class='ocrx_word' id='word_1_703' title='bbox 1322 2210 1492 2244; x_wconf 87' lang='lat' dir='ltr'>adfuerunt,</span> <span class='ocrx_word' id='word_1_704' title='bbox 1502 2220 1572 2248; x_wconf 86' lang='lat' dir='ltr'>qua,</span> <span class='ocrx_word' id='word_1_705' title='bbox 1584 2220 1638 2248; x_wconf 88' lang='lat' dir='ltr'>pro</span> <span class='ocrx_word' id='word_1_706' title='bbox 1650 2219 1749 2239; x_wconf 85' lang='lat' dir='ltr'>neces-</span> 
     </span>
    </p>
   </div>
   <div class='ocr_carea' id='block_1_96' title="bbox 924 2255 1749 2292">
    <p class='ocr_par' dir='ltr' id='par_1_96' title="bbox 924 2255 1749 2292">
     <span class='ocr_line' id='line_1_96' title="bbox 924 2255 1749 2292; baseline -0.001 -7"><span class='ocrx_word' id='word_1_707' title='bbox 924 2257 1007 2285; x_wconf 86' lang='lat' dir='ltr'>sitate</span> <span class='ocrx_word' id='word_1_708' title='bbox 1029 2263 1141 2287; x_wconf 87' lang='lat' dir='ltr'>rerum,</span> <span class='ocrx_word' id='word_1_709' title='bbox 1165 2258 1338 2292; x_wconf 87' lang='lat' dir='ltr'>opportuna</span> <span class='ocrx_word' id='word_1_710' title='bbox 1366 2255 1541 2292; x_wconf 87' lang='lat' dir='ltr'>parentibus</span> <span class='ocrx_word' id='word_1_711' title='bbox 1576 2256 1749 2292; x_wconf 87' lang='lat' dir='ltr'>objicientes</span> 
     </span>
    </p>
   </div>
   <div class='ocr_carea' id='block_1_97' title="bbox 924 2299 1749 2336">
    <p class='ocr_par' dir='ltr' id='par_1_97' title="bbox 924 2299 1749 2336">
     <span class='ocr_line' id='line_1_97' title="bbox 924 2299 1749 2336; baseline -0.002 -7"><span class='ocrx_word' id='word_1_712' title='bbox 924 2300 1051 2333; x_wconf 87' lang='lat' dir='ltr'>somnia,</span> <span class='ocrx_word' id='word_1_713' title='bbox 1067 2307 1127 2336; x_wconf 89' lang='lat' dir='ltr'>qua</span> <span class='ocrx_word' id='word_1_714' title='bbox 1153 2302 1219 2335; x_wconf 90' lang='lat' dir='ltr'>post</span> <span class='ocrx_word' id='word_1_715' title='bbox 1243 2299 1436 2328; x_wconf 87' lang='lat' dir='ltr'>tentationem</span> <span class='ocrx_word' id='word_1_716' title='bbox 1465 2299 1496 2328; x_wconf 94' lang='lat' dir='ltr'>in</span> <span class='ocrx_word' id='word_1_717' title='bbox 1521 2300 1640 2329; x_wconf 85' lang='lat' dir='ltr'>deserto</span> <span class='ocrx_word' id='word_1_718' title='bbox 1663 2299 1749 2328; x_wconf 86' lang='lat' dir='ltr'>mini-</span> 
     </span>
    </p>
   </div>
   <div class='ocr_carea' id='block_1_98' title="bbox 925 2343 1750 2381">
    <p class='ocr_par' dir='ltr' id='par_1_98' title="bbox 925 2343 1750 2381">
     <span class='ocr_line' id='line_1_98' title="bbox 925 2343 1750 2381; baseline -0.002 -7"><span class='ocrx_word' id='word_1_719' title='bbox 925 2347 1134 2381; x_wconf 86' lang='lat' dir='ltr'>strantes,qua</span> <span class='ocrx_word' id='word_1_720' title='bbox 1160 2343 1309 2380; x_wconf 89' lang='lat' dir='ltr'>passionis</span> <span class='ocrx_word' id='word_1_721' title='bbox 1332 2346 1467 2381; x_wconf 87' lang='lat' dir='ltr'>tempore</span> <span class='ocrx_word' id='word_1_722' title='bbox 1495 2344 1696 2373; x_wconf 81' lang='lat' dir='ltr'>confortantes</span> <span class='ocrx_word' id='word_1_723' title='bbox 1716 2352 1750 2372; x_wconf 88' lang='lat' dir='ltr'>ac</span> 
     </span>
    </p>
   </div>
   <div class='ocr_carea' id='block_1_99' title="bbox 924 2388 1751 2427">
    <p class='ocr_par' dir='ltr' id='par_1_99' title="bbox 924 2388 1751 2427">
     <span class='ocr_line' id='line_1_99' title="bbox 924 2388 1751 2427; baseline -0.002 -8"><span class='ocrx_word' id='word_1_724' title='bbox 924 2388 1153 2427; x_wconf 86' lang='lat' dir='ltr'>quodammodo</span> <span class='ocrx_word' id='word_1_725' title='bbox 1167 2388 1500 2425; x_wconf 84' lang='lat' dir='ltr'>collaborantcs.Neque</span> <span class='ocrx_word' id='word_1_726' title='bbox 1511 2389 1569 2417; x_wconf 88' lang='lat' dir='ltr'>hoc</span> <span class='ocrx_word' id='word_1_727' title='bbox 1585 2388 1751 2422; x_wconf 87' lang='lat' dir='ltr'>solum,scd</span> 
     </span>
    </p>
   </div>
   <div class='ocr_carea' id='block_1_100' title="bbox 925 2432 1752 2469">
    <p class='ocr_par' dir='ltr' id='par_1_100' title="bbox 925 2432 1752 2469">
     <span class='ocr_line' id='line_1_100' title="bbox 925 2432 1752 2469; baseline -0.002 -6"><span class='ocrx_word' id='word_1_728' title='bbox 925 2436 1020 2463; x_wconf 89' lang='lat' dir='ltr'>morte</span> <span class='ocrx_word' id='word_1_729' title='bbox 1030 2433 1126 2462; x_wconf 85' lang='lat' dir='ltr'>crucis</span> <span class='ocrx_word' id='word_1_730' title='bbox 1141 2440 1266 2469; x_wconf 91' lang='lat' dir='ltr'>corpore</span> <span class='ocrx_word' id='word_1_731' title='bbox 1282 2432 1424 2468; x_wconf 88' lang='lat' dir='ltr'>solutum,</span> <span class='ocrx_word' id='word_1_732' title='bbox 1438 2433 1581 2469; x_wconf 88' lang='lat' dir='ltr'>nudaque</span> <span class='ocrx_word' id='word_1_733' title='bbox 1597 2434 1699 2462; x_wconf 89' lang='lat' dir='ltr'>anima</span> <span class='ocrx_word' id='word_1_734' title='bbox 1712 2433 1752 2461; x_wconf 84' lang='lat' dir='ltr'>ad</span> 
     </span>
    </p>
   </div>
   <div class='ocr_carea' id='block_1_101' title="bbox 927 2476 1752 2513">
    <p class='ocr_par' dir='ltr' id='par_1_101' title="bbox 927 2476 1752 2513">
     <span class='ocr_line' id='line_1_101' title="bbox 927 2476 1752 2513; baseline -0.004 -6"><span class='ocrx_word' id='word_1_735' title='bbox 927 2479 1138 2507; x_wconf 86' lang='lat' dir='ltr'>subterraneos</span> <span class='ocrx_word' id='word_1_736' title='bbox 1151 2476 1314 2504; x_wconf 82' lang='lat' dir='ltr'>inferorum</span> <span class='ocrx_word' id='word_1_737' title='bbox 1326 2479 1531 2512; x_wconf 86' lang='lat' dir='ltr'>penetrantem</span> <span class='ocrx_word' id='word_1_738' title='bbox 1551 2485 1685 2505; x_wconf 87' lang='lat' dir='ltr'>carceres</span> <span class='ocrx_word' id='word_1_739' title='bbox 1698 2485 1752 2513; x_wconf 88' lang='lat' dir='ltr'>ap-</span> 
     </span>
    </p>
   </div>
   <div class='ocr_carea' id='block_1_102' title="bbox 927 2522 1754 2560">
    <p class='ocr_par' dir='ltr' id='par_1_102' title="bbox 927 2522 1754 2560">
     <span class='ocr_line' id='line_1_102' title="bbox 927 2522 1754 2560; baseline -0.004 -8"><span class='ocrx_word' id='word_1_740' title='bbox 927 2523 1071 2560; x_wconf 89' lang='lat' dir='ltr'>paritores</span> <span class='ocrx_word' id='word_1_741' title='bbox 1085 2522 1131 2550; x_wconf 89' lang='lat' dir='ltr'>isti</span> <span class='ocrx_word' id='word_1_742' title='bbox 1146 2523 1370 2558; x_wconf 72' lang='lat' dir='ltr'>praecesserunt.</span> <span class='ocrx_word' id='word_1_743' title='bbox 1384 2522 1439 2554; x_wconf 89' lang='lat' dir='ltr'>Qui</span> <span class='ocrx_word' id='word_1_744' title='bbox 1452 2522 1541 2550; x_wconf 87' lang='lat' dir='ltr'>etiam</span> <span class='ocrx_word' id='word_1_745' title='bbox 1555 2522 1754 2557; x_wconf 87' lang='lat' dir='ltr'>impressione</span> 
     </span>
    </p>
   </div>
   <div class='ocr_carea' id='block_1_103' title="bbox 929 2565 1752 2604">
    <p class='ocr_par' dir='ltr' id='par_1_103' title="bbox 929 2565 1752 2604">
     <span class='ocr_line' id='line_1_103' title="bbox 929 2565 1752 2604; baseline -0.004 -8"><span class='ocrx_word' id='word_1_746' title='bbox 929 2567 1027 2596; x_wconf 88' lang='lat' dir='ltr'>subita</span> <span class='ocrx_word' id='word_1_747' title='bbox 1035 2567 1190 2604; x_wconf 87' lang='lat' dir='ltr'>perculsos</span> <span class='ocrx_word' id='word_1_748' title='bbox 1206 2565 1396 2593; x_wconf 87' lang='lat' dir='ltr'>tenebrarum</span> <span class='ocrx_word' id='word_1_749' title='bbox 1410 2566 1560 2603; x_wconf 87' lang='lat' dir='ltr'>principes</span> <span class='ocrx_word' id='word_1_750' title='bbox 1573 2565 1752 2594; x_wconf 71' lang='lat' dir='ltr'>afﬂixerunt.</span> 
     </span>
    </p>
   </div>
   <div class='ocr_carea' id='block_1_104' title="bbox 929 2610 1755 2647">
    <p class='ocr_par' dir='ltr' id='par_1_104' title="bbox 929 2610 1755 2647">
     <span class='ocr_line' id='line_1_104' title="bbox 929 2610 1755 2647; baseline -0.004 -7"><span class='ocrx_word' id='word_1_751' title='bbox 929 2614 1003 2640; x_wconf 89' lang='lat' dir='ltr'>Tum</span> <span class='ocrx_word' id='word_1_752' title='bbox 1016 2613 1134 2647; x_wconf 87' lang='lat' dir='ltr'>ereptas</span> <span class='ocrx_word' id='word_1_753' title='bbox 1146 2619 1182 2638; x_wconf 83' lang='lat' dir='ltr'>ex</span> <span class='ocrx_word' id='word_1_754' title='bbox 1196 2618 1299 2638; x_wconf 90' lang='lat' dir='ltr'>eorum</span> <span class='ocrx_word' id='word_1_755' title='bbox 1314 2610 1441 2638; x_wconf 86' lang='lat' dir='ltr'>vinculis</span> <span class='ocrx_word' id='word_1_756' title='bbox 1464 2611 1610 2639; x_wconf 89' lang='lat' dir='ltr'>conditori</span> <span class='ocrx_word' id='word_1_757' title='bbox 1638 2610 1755 2638; x_wconf 82' lang='lat' dir='ltr'>animas</span> 
     </span>
    </p>
   </div>
   <div class='ocr_carea' id='block_1_105' title="bbox 931 2655 1756 2692">
    <p class='ocr_par' dir='ltr' id='par_1_105' title="bbox 931 2655 1756 2692">
     <span class='ocr_line' id='line_1_105' title="bbox 931 2655 1756 2692; baseline -0.004 -6"><span class='ocrx_word' id='word_1_758' title='bbox 931 2657 1131 2690; x_wconf 86' lang='lat' dir='ltr'>adduxerunt,</span> <span class='ocrx_word' id='word_1_759' title='bbox 1146 2658 1313 2692; x_wconf 70' lang='lat' dir='ltr'>cmteraque</span> <span class='ocrx_word' id='word_1_760' title='bbox 1329 2655 1483 2684; x_wconf 87' lang='lat' dir='ltr'>sedulitate</span> <span class='ocrx_word' id='word_1_761' title='bbox 1497 2656 1579 2684; x_wconf 86' lang='lat' dir='ltr'>omni</span> <span class='ocrx_word' id='word_1_762' title='bbox 1596 2664 1626 2684; x_wconf 89' lang='lat' dir='ltr'>se</span> <span class='ocrx_word' id='word_1_763' title='bbox 1653 2663 1756 2683; x_wconf 88' lang='lat' dir='ltr'>suum-</span> 
     </span>
    </p>
   </div>
   <div class='ocr_carea' id='block_1_106' title="bbox 932 2700 1758 2738">
    <p class='ocr_par' dir='ltr' id='par_1_106' title="bbox 932 2700 1758 2738">
     <span class='ocr_line' id='line_1_106' title="bbox 932 2700 1758 2738; baseline -0.001 -9"><span class='ocrx_word' id='word_1_764' title='bbox 932 2710 992 2738; x_wconf 89' lang='lat' dir='ltr'>que</span> <span class='ocrx_word' id='word_1_765' title='bbox 1011 2701 1193 2738; x_wconf 86' lang='lat' dir='ltr'>obsequium</span> <span class='ocrx_word' id='word_1_766' title='bbox 1208 2700 1247 2729; x_wconf 84' lang='lat' dir='ltr'>ad</span> <span class='ocrx_word' id='word_1_767' title='bbox 1257 2700 1420 2736; x_wconf 87' lang='lat' dir='ltr'>majestatis</span> <span class='ocrx_word' id='word_1_768' title='bbox 1431 2701 1495 2736; x_wconf 87' lang='lat' dir='ltr'>ejus</span> <span class='ocrx_word' id='word_1_769' title='bbox 1509 2708 1655 2737; x_wconf 89' lang='lat' dir='ltr'>pompam</span> <span class='ocrx_word' id='word_1_770' title='bbox 1665 2703 1694 2728; x_wconf 89' lang='lat' dir='ltr'>et</span> <span class='ocrx_word' id='word_1_771' title='bbox 1707 2708 1758 2728; x_wconf 85' lang='lat' dir='ltr'>vo-</span> 
     </span>
    </p>
   </div>
   <div class='ocr_carea' id='block_1_107' title="bbox 934 2745 1757 2782">
    <p class='ocr_par' dir='ltr' id='par_1_107' title="bbox 934 2745 1757 2782">
     <span class='ocr_line' id='line_1_107' title="bbox 934 2745 1757 2782; baseline -0.002 -7"><span class='ocrx_word' id='word_1_772' title='bbox 934 2747 1056 2775; x_wconf 87' lang='lat' dir='ltr'>luntatis</span> <span class='ocrx_word' id='word_1_773' title='bbox 1063 2754 1153 2774; x_wconf 90' lang='lat' dir='ltr'>omne</span> <span class='ocrx_word' id='word_1_774' title='bbox 1160 2746 1280 2781; x_wconf 86' lang='lat' dir='ltr'>signum</span> <span class='ocrx_word' id='word_1_775' title='bbox 1287 2745 1564 2774; x_wconf 85' lang='lat' dir='ltr'>accommodarunt.</span> <span class='ocrx_word' id='word_1_776' title='bbox 1572 2747 1613 2774; x_wconf 83' lang='lat' dir='ltr'><strong>Ex</strong></span> <span class='ocrx_word' id='word_1_777' title='bbox 1619 2745 1757 2782; x_wconf 86' lang='lat' dir='ltr'>sepulcro</span> 
     </span>
    </p>
   </div>
   <div class='ocr_carea' id='block_1_108' title="bbox 936 2789 1758 2828">
    <p class='ocr_par' dir='ltr' id='par_1_108' title="bbox 936 2789 1758 2828">
     <span class='ocr_line' id='line_1_108' title="bbox 936 2789 1758 2828; baseline -0.005 -8"><span class='ocrx_word' id='word_1_778' title='bbox 936 2791 1045 2821; x_wconf 88' lang='lat' dir='ltr'>deinde</span> <span class='ocrx_word' id='word_1_779' title='bbox 1056 2789 1307 2820; x_wconf 76' lang='lat' dir='ltr'>resurrectionem</span> <span class='ocrx_word' id='word_1_780' title='bbox 1325 2799 1394 2828; x_wconf 83' lang='lat' dir='ltr'>quae</span> <span class='ocrx_word' id='word_1_781' title='bbox 1414 2791 1498 2820; x_wconf 84' lang='lat' dir='ltr'>tertia</span> <span class='ocrx_word' id='word_1_782' title='bbox 1521 2790 1569 2819; x_wconf 89' lang='lat' dir='ltr'>die</span> <span class='ocrx_word' id='word_1_783' title='bbox 1581 2790 1705 2825; x_wconf 82' lang='lat' dir='ltr'>contigit</span> <span class='ocrx_word' id='word_1_784' title='bbox 1719 2789 1758 2817; x_wconf 86' lang='lat' dir='ltr'>iis</span> 
     </span>
    </p>
   </div>
  </div>
