1966 3079
232 135 303 162 4235

980 130 1158 159 ΑΒΒΕΝΒΑ.

1864 131 1922 159 ως

233 203 311 232 quos
325 194 496 229 dignandos
507 195 590 222 tanto
599 194 714 222 honore
726 193 802 221 Deus
818 193 910 221 voluit
934 200 1009 221 man:

1170 193 1280 220 ἐνταῦθα
1297 195 1400 225 τούτοις
1419 196 1465 220 καὶ
1495 195 1510 224 ἡ
1537 192 1660 220 διακονία
1694 195 1896 230 inpr/(7min.
1917 203 1922 224 ς

233 243 329 269 stata:
346 239 389 267 sic
400 239 523 266 demum
536 238 575 266 ad
591 238 681 266 caelos
696 241 724 266 et
743 238 783 266 ad
812 240 928 266 Patrem
954 245 1060 265 ascen-

234 285 355 313 dentem
370 283 505 311 comitari
528 283 583 310 visi
604 285 683 312 sunt.
709 284 781 311 Tum
804 281 1000 310 ostenderunt
1028 289 1061 309 se

235 329 380 366 apostolis
391 328 520 356 duorum
528 327 659 356 virorum
681 328 779 364 specie
786 328 892 355 vestitu
899 327 971 355 albo
978 334 1062 362 aper-

235 377 265 402 to
276 381 344 402 aere
354 372 569 407 devolantium,
585 372 725 400 secundm
735 371 985 400 manifestationis
996 370 1061 405 ejus

234 419 288 456 qui
300 420 474 454 assumptus
489 417 584 445 fuerat
594 417 806 446 annuntiantes
814 416 950 444 modum.
961 418 997 444 At
1013 423 1061 443 su-

235 463 403 500 perioribus
417 462 624 498 potestatibus,
641 461 767 490 Attollite
787 463 898 497 portas,
919 460 1061 488 inclama-

235 508 319 540 bant,
337 510 365 535 et
379 506 548 539 elevamini,
560 509 653 542 portis
683 506 850 540 internales,
875 508 903 533 et
929 503 1062 532 introibit

235 554 296 580 Rex
312 551 423 587 gloriae.
445 552 552 579 Verum
573 558 648 578 num
673 550 758 579 dictis
782 551 928 579 hactenus
955 556 1060 577 eorum

236 596 435 624 ministerium
446 595 704 631 circumscriptum
715 598 758 623 est
771 595 784 623 ‘I
813 595 940 623 Minime.
960 595 1060 629 Neque

1116 235 1261 274 Οὐδαμῶς.
1278 239 1316 264 Οὔ
1331 240 1382 275 γὰρ
1402 239 1447 269 ἕως
1465 243 1512 269 τῆς
1523 239 1588 274 πρὸς
1600 239 1644 264 τὸν
1662 240 1814 274 γεννήτοραι
1852 242 1924 273 pose?
1946 244 1947 250 π

1115 286 1161 309 τοῦ
1187 283 1349 318 γεννηθέντος
1389 283 1635 317 ἀποκαταστάσεως,
1674 284 1760 319 μέχρι
1804 281 1840 308 δὶ
1883 287 1927 312 ri;

1115 325 1336 363 προσδοκωμένης
1362 328 1517 361 συντελείας,
1544 330 1588 354 καὶ
1613 327 1670 353 κατ’
1693 327 1780 356 αὐτὴν
1816 325 1850 353 δε
1883 331 1927 354 τὲ)

1115 371 1295 409 μεγαλοπρεπῆ
1311 376 1358 403 τῆς
1377 376 1423 398 τοῦ
1438 373 1501 399 Υἱοῡ
1533 371 1614 404 δόξης
1639 371 1791 408 impium)
1819 373 1853 398 τό
1885 375 1930 400 τῆς
1949 393 1950 397 η

1115 382 1295 409 μιγαλοπρεπη
1311 382 1358 403 της
1377 382 1423 398 του
1442 382 1501 399 ιιου
1533 382 1614 404 οοςης
1639 382 1791 408 επιφανειαν
1819 382 1853 398 το
1885 382 1930 400 της

1114 415 1199 442 αὐτῶν
1224 416 1387 454 λειτουργίας
1416 417 1591 453 ἐπιφαίνοντες
1632 415 1811 454 δραστήριον,
1866 416 1930 442 σῶ-

1114 460 1188 496 πιγξι
1217 460 1470 497 μεγαλοφωνοτάταις
1498 461 1653 498 κελεύσματι
1687 462 1749 496 θείῳ
1793 461 1930 487 “1:195-

1116 513 1157 530 σιν
1175 515 1182 521 -
1197 504 1279 536 οὕτως
1297 507 1363 532 ὥστε
1391 507 1421 532 τὸ
1449 506 1562 542 φθαρτὸν
1586 507 1631 541 μεν
1651 504 1833 534 ἀλλοιώθῆνοει
1863 507 1929 540 πρὸς

1115 547 1272 585 ὰκηρασίαν,
1286 559 1336 575 παν
1361 548 1392 576 δε
1410 551 1440 576 τό
1465 549 1576 586 πλάσμα
1601 553 1636 585 τῷ
1660 549 1766 586 πλάστῃ
1793 549 1929 586 κριθησο-

1114 602 1188 629 μινον
1209 592 1378 622 ἀνίστασθαι.

235 641 316 669 enim
331 640 362 668 id
377 640 505 668 cessabit
519 647 538 668 a
551 640 734 667 restitutione
752 639 896 674 Unigeniti
912 638 951 666 ad
980 637 1072 666 Patris
1083 645 1130 665 sui
1141 637 1306 672 dexteram,
1322 645 1418 674 usque
1429 638 1468 666 ad
1492 640 1696 674 exspectatam
1721 645 1925 666 consumma-

235 686 347 714 tionem
360 688 389 714 et
402 693 469 713 eam
484 693 553 721 quae
569 684 618 713 illo
629 687 762 720 tempore
771 684 871 712 futura
881 686 925 712 est
945 681 1139 717 magniﬁcam
1167 682 1227 710 Filii
1255 682 1357 717 gloria:
1387 682 1640 712 manifestionem.
1673 683 1738 716 Quo
1771 685 1923 718 tempore.

235 733 368 758 extremo
380 729 431 758 illo
441 729 591 765 praeconio
602 729 751 762 faciendo,
764 731 793 757 et
803 727 994 757 vocalissima
1009 726 1060 754 Dei
1071 727 1161 761 jussu
1176 726 1311 754 inﬂanda
1321 727 1393 755 tuba
1407 726 1492 763 cujus
1505 726 1617 755 emcaoi
1631 735 1707 755 sono
1723 727 1925 763 corruptibile

235 774 275 802 ad
289 773 598 810 incorruptibilitatem
611 773 828 808 immutabitur,
843 775 872 802 et
882 775 1018 801 creatura
1030 769 1128 800 omnis
1141 773 1243 806 surget
1254 773 1282 800 et
1294 771 1412 800 sistetur
1422 770 1588 809 judicanda
1603 772 1798 807 Creatori,sui
1815 771 1925 800 minis-

236 819 300 848 terii
317 818 502 854 diligentiam
517 818 742 854 approbabunt.

273 863 331 891 Sed
344 863 527 899 jampridem
537 865 717 898 evagantem
733 870 769 891 eo
777 862 858 891 unde
872 865 916 891 est
927 862 1064 896 digressa
1079 861 1098 888 Β

237 908 403 937 orationem
419 915 606 936 revocamus.
621 909 695 936 Nam
708 910 870 944 postquam
885 914 986 935 rerum
999 913 1063 934 om-

235 952 321 980 nium
338 953 471 988 potestas
489 951 559 979 Filio
571 953 616 979 est
625 951 744 984 tradita,
769 959 822 988 per
848 959 971 979 omnem
999 950 1065 986 qui-

237 997 308 1025 dem
318 998 429 1025 terram
443 996 675 1032 dispensationis
694 998 760 1032 ejus
782 996 903 1024 nuntius
917 998 946 1024 et
967 997 1063 1023 Evan-

237 1041 305 1078 gelii
336 1049 436 1069 sermo
456 1041 550 1069 instar
578 1041 694 1069 sonitus
718 1041 839 1068 tonitrui
876 1040 1064 1068 vocalissime

235 1086 374 1124 pervasit.
391 1087 428 1113 At
440 1085 640 1121 spiritualium
662 1085 771 1113 harum
794 1087 977 1120 potestatum
1006 1085 1064 1113 hoc

236 1132 344 1165 agente
363 1129 552 1157 Providentia
563 1129 600 1157 ad
613 1129 819 1165 amplitudinis
838 1129 969 1165 speciem
997 1137 1063 1158 ma-

237 1173 378 1208 gniﬁcam
394 1172 538 1208 prodigiis
555 1172 784 1200 commendatus
808 1172 1064 1209 conﬁrmatusque

237 1219 291 1245 est.
309 1218 428 1245 Deserto
443 1217 523 1245 enim
540 1217 647 1245 Israele
662 1217 753 1245 veteri
770 1217 855 1253 quod
868 1217 894 1245 is
910 1217 1001 1246 verbo
1017 1226 1064 1246 sa-

237 1270 295 1290 cras
305 1261 375 1289 ﬁdei
386 1262 538 1290 restitisset
552 1261 667 1298 impie;
690 1265 741 1290 aut
759 1262 858 1298 potius
883 1262 1009 1299 receptis
1032 1263 1063 1291 in

237 1306 388 1343 peculiare
400 1306 599 1342 patrocinium
610 1306 666 1334 illis
683 1307 825 1334 omnibus
840 1307 1012 1343 quicunque
1027 1316 1063 1337 ex

237 1358 273 1379 eo
284 1350 396 1387 populo
411 1359 442 1378 se
461 1350 572 1378 dociles
581 1351 619 1379 ad
631 1354 772 1387 pietatem
781 1352 985 1387 praebuerunt,
999 1361 1063 1380 om»

235 1396 326 1424 nibus
338 1396 391 1432 qui
405 1404 496 1432 supra
507 1397 632 1424 modum
646 1396 783 1425 infra-nes
794 1405 829 1425 ac
839 1397 965 1425 rebelles
979 1400 1064 1426 erant

237 1440 374 1476 abjectis,
392 1441 433 1468 sic
452 1440 576 1469 demum
592 1441 703 1469 sanctis
719 1442 813 1470 divini
828 1441 910 1470 verbi
921 1442 1064 1478 pradica-

236 1484 350 1513 toribus
370 1485 409 1513 ad
429 1485 657 1514 conversionem
673 1486 807 1522 gentium
822 1487 1063 1522 promovendam
1079 1501 1098 1529 ο

238 1529 412 1558 auxiliarem
428 1537 516 1558 suam
530 1538 655 1566 operam
675 1530 824 1567 prolixam
852 1534 881 1559 et
910 1531 1064 1560 assiduam

235 1576 498 1611 repraesentarunt,
514 1582 550 1602 eo
561 1583 701 1603 successu
719 1577 751 1603 ut
763 1575 914 1604 celerrime
924 1576 1065 1604 universa

239 1620 317 1647 terra
330 1619 499 1654 cognitione
512 1619 562 1647 Dei
585 1619 758 1655 repleretur.
783 1620 869 1648 Prius
890 1622 992 1648 tamen
1024 1620 1064 1648 ab

237 1663 346 1691 iisdem
358 1664 431 1695 istis,
447 1666 476 1691 ut
488 1663 590 1692 divina
612 1666 713 1692 narrat
737 1664 945 1700 Apocoiypsis.
972 1664 1063 1692 draco

236 1708 322 1743 niger
334 1710 473 1743 apostata
499 1708 525 1736 ei
554 1716 650 1744 usque
678 1709 718 1736 ad
744 1709 978 1745 repugnandum
1003 1709 1063 1737 Deo

235 1754 399 1780 contumax
416 1752 537 1786 spiritus
551 1760 619 1780 cum
631 1752 693 1779 suis
705 1753 819 1787 angelis
833 1753 999 1782 debellatus
1008 1756 1061 1788 est,

237 1799 265 1824 et
281 1795 451 1823 caelestibus
468 1796 579 1831 ejectus
593 1796 714 1824 sedibus
729 1797 760 1824 in
774 1797 919 1834 abyssum
942 1806 977 1826 ac
998 1799 1063 1826 Tar-

236 1843 333 1868 tarum
349 1840 498 1875 relegatus
512 1842 566 1868 est.
579 1840 671 1876 Hujus
684 1841 790 1869 merito
814 1842 942 1870 victoriae
966 1843 1063 1871 conci-

235 1884 341 1912 liatum
357 1884 431 1920 ipsis
446 1885 603 1921 praesentis
612 1885 736 1920 hujusce
745 1885 809 1913 festi
823 1886 967 1915 honorem
979 1890 1062 1923 puto.

235 1930 393 1964 Propterea
404 1929 544 1965 synaxim
559 1929 813 1964 archangelorum
826 1931 915 1959 hodie
934 1931 1064 1966 gratula-

237 1973 409 2001 tiouetanta
425 1981 634 2010 concursuque
650 1974 838 2003 celebramus
863 1977 922 2003 Hoc
942 1976 981 2004 illi
1011 1976 1065 2004 de-

237 2025 290 2045 cus
305 2021 475 2046 meruerunt
486 2026 548 2054 quo
560 2021 693 2054 tempore
705 2019 744 2047 ad
754 2019 847 2048 divini
872 2023 978 2048 nutum
1005 2021 1064 2057 spi-

235 2062 307 2090 ritus
314 2065 460 2098 tauquam
467 2063 700 2099 adimperatoris
707 2064 828 2099 signum
839 2073 913 2093 conc
920 2068 1061 2102 urrentes,

237 2109 265 2135 et
275 2107 398 2144 spiritali
422 2107 557 2143 quodam
572 2108 684 2144 impetu
712 2112 800 2145 atque
823 2110 1019 2145 impressione
1033 2110 1064 2138 in

234 2155 351 2188 patrem
381 2152 498 2180 malitiae
528 2152 616 2180 simul
659 2153 858 2190 irrumpentes
893 2157 1065 2183 averterunt

1153 860 1220 888 Ἀλλ’
1258 864 1301 888 ἐπί
1328 864 1376 892 τὴν
1406 861 1560 889 ἀκολουθίαν
1586 863 1643 888 ὅθεν
1670 862 1684 888 ό
1708 861 1788 898 λόγος
1815 861 1925 899 προεξι-

1117 903 1214 942 δραμε,
1244 906 1321 932 πάλιν
1347 906 1425 933 αὐτόν
1451 908 1615 933 επανακτὶον.
1645 906 1717 932 Ἐπεὶ
1747 908 1802 942 γὰρ
1834 907 1852 935 ή
1875 910 1924 931 τῶν

1117 949 1181 976 ὅλων
1201 950 1309 982 ἱξουσία
1336 951 1372 981 εἰς
1399 952 1447 982 τὰς
1473 955 1564 988 χεῖρας
1592 952 1699 988 ὑπῆρχε
1730 955 1768 986 τῷ
1800 953 1867 986 Υἰῷ,
1892 950 1926 981 εἰς

1117 997 1205 1021 πᾶσαν
1227 996 1272 1031 μεν
1300 997 1348 1024 τὴν
1374 999 1426 1031 γῆν
1452 996 1465 1022 ὁ
1493 1000 1540 1026 τῆς
1568 995 1719 1032 οἰκονομίας
1740 995 1827 1022 αὐτοῦ

1117 1039 1151 1069 ὡς
1177 1041 1246 1074 φωνή
1278 1039 1390 1077 βροντῆς
1415 1039 1568 1077 ὶνορμονίως
1591 1039 1712 1075 ὶξηχεῐτο
1742 1051 1751 1056 -
1781 1040 1837 1066 ὑπὸ
1875 1044 1926 1065 τῶν

1117 1088 1209 1121 νοιρῶν
1242 1082 1273 1110 δι
1298 1085 1396 1110 τούτων
1433 1082 1567 1120 δυνάμεων
1604 1084 1812 1121 μεγαλυνόμενος

1117 1132 1232 1156 ταιοιζτο.
1252 1130 1301 1155 Τὸν
1323 1128 1406 1155 πάλαι
1427 1130 1479 1164 γὰρ
1506 1128 1611 1166 Ἰσραὴλ
1637 1129 1677 1155 ὅτι
1707 1132 1745 1158 τῷ
1771 1129 1846 1164 λόγῳ
1878 1132 1926 1159 τῆς

1119 1173 1186 1210 ἱερᾶς
1214 1182 1329 1204 πίστεως
1365 1172 1469 1209 ἀνάρως
1508 1171 1651 1200 ἀπετίθετο
1691 1173 1883 1203 καταλιπόντες
1916 1183 1923 1189 ν

1117 1216 1213 1253 μᾶλλον
1227 1215 1257 1243 δε
1275 1219 1306 1244 τὸ
1334 1219 1379 1253 μὶν
1404 1218 1465 1243 ὅσον
1488 1221 1534 1244 τοῦ
1566 1218 1654 1248 ἔθνους
1679 1216 1789 1254 εὐσεβες
1819 1217 1925 1246 iuuit:-

1117 1264 1201 1297 φότες,
1221 1262 1282 1288 ὅσον
1303 1260 1334 1288 δε
1359 1260 1458 1298 κομιδῆ
1488 1260 1613 1292 δυο-ἡνίαν
1652 1261 1819 1299 ἰκρίψαντες,
1857 1262 1924 1288 οὕτω

1118 1310 1172 1337 τοίς
1188 1307 1266 1342 ἱεροῖς
1290 1310 1336 1333 τοῦ
1362 1309 1447 1342 Λόγου
1478 1307 1609 1343 θεολόγοις
1636 1307 1672 1338 εἰς
1690 1308 1738 1335 τὴν
1765 1305 1817 1333 τῶν
1845 1306 1924 1334 ibi»

1117 1353 1284 1387 περιποίησιν
1297 1349 1470 1387 συνέδραμον,
1495 1352 1530 1382 ὡς
1556 1352 1677 1387 τάχιστα
1703 1353 1752 1380 τήν
1778 1352 1925 1387 σύμπασαν

1116 1399 1166 1431 γῆν
1193 1399 1242 1426 τῆς
1265 1395 1424 1431 ἔπι-γνώσεως
1453 1395 1533 1422 αὐτοῦ
1572 1395 1748 1433 πληροῦσθαι.
1793 1399 1925 1432 Πρότερον

1118 1438 1148 1467 δί
1164 1438 1212 1466 διὰ
1238 1441 1346 1472 τούτων,
1371 1441 1407 1471 ὡς
1434 1444 1463 1466 αῖ
1489 1441 1555 1467 θεῖαί
1583 1449 1661 1476 φασιν
1690 1439 1881 1476 ἀποκαλύψεις,
1913 1441 1924 1467 ὀ

1119 1482 1222 1521 δράκων
1247 1484 1258 1510 ἆ
1280 1484 1367 1521 με’λας,
1397 1485 1411 1511 ό
1435 1485 1567 1521 θεομάχος
1595 1489 1654 1515 νοῦς
1690 1487 1736 1512 καὶ
1759 1484 1923 1518 ἀποστάτης,

1117 1529 1174 1564 ἅμα
1187 1533 1243 1560 τοῖς
1269 1529 1350 1556 αὐτοῦ
1377 1529 1602 1566 καταπολεμηθιὶς
1633 1529 1766 1565 ἀγγέλοις,
1797 1532 1847 1556 καὶ
1873 1535 1924 1556 τῶν

1118 1573 1243 1610 οὐρανίων
1280 1575 1488 1612 κατοίκητηρίων
1526 1574 1620 1611 ῥιφεὶς,
1655 1573 1774 1600 ἀϐυσσόν
1809 1584 1838 1601 τε
1879 1578 1924 1601 καὶ

1117 1618 1246 1654 τάρταρον
1274 1617 1353 1644 οἰκεῖν
1392 1616 1617 1647 καταδεδίκαστο.
1659 1621 1741 1645 Τοῦτο
1783 1621 1827 1644 καὶ
1875 1623 1923 1649 τῆς

1117 1664 1253 1699 παρούσης
1271 1661 1345 1698 οἶμαι
1363 1662 1483 1700 πρόξινον
1510 1662 1611 1700 ἑορτῆς,
1639 1667 1716 1690 τοῦτο
1737 1665 1783 1689 καὶ
1812 1664 1921 1694 σὺναξιν

1117 1711 1168 1733 τῶν
1196 1706 1368 1744 ἁρχαγγέλων
1403 1709 1518 1744 σήμερσν
1538 1707 1760 1744 πανηγυρίζομεν.
1790 1708 1856 1734 Καθ’
1894 1709 1920 1733 ὃν

1117 1752 1207 1787 καιρὸν
1246 1752 1391 1787 Πνεύματος
1433 1752 1506 1778 θεῖον
1539 1750 1733 1789 συνδραμόντες
1763 1753 1847 1789 ῥοπῇ,
1876 1756 1920 1778 καί

1116 1798 1213 1827 νοητώς
1233 1800 1269 1831 τῷ
1299 1800 1344 1826 τῆς
1367 1799 1461 1828 κακίας
1485 1796 1654 1834 συρραγέντες
1672 1799 1754 1833 πατρὶ
1777 1796 1919 1834 ἔτρειᾷαγτο

1118 1851 1145 1867 τε
1159 1845 1248 1867 τοῦτον
1264 1843 1297 1871 εἰς
1309 1841 1379 1872 τέλος
1412 1843 1457 1868 καὶ
1478 1842 1547 1867 κατὰ
1569 1844 1616 1871 τὴν
1644 1841 1712 1878 ἱερὰν
1738 1845 1757 1868 Γ
1757 1844 1846 1879 pupis
1876 1842 1919 1878 i7-

1118 1886 1324 1917 καταπράξαντες
1346 1889 1391 1913 καὶ
1419 1887 1505 1923 ὥσπερ
1533 1885 1670 1923 ἀστραπὴν
1698 1888 1766 1913 κατὰ
1797 1890 1846 1916 τήν
1874 1891 1920 1914 τοῦ

1120 1930 1209 1959 Ἰησοῦ
1242 1931 1350 1966 θεωρίαν
1383 1930 1410 1962 ἐξ
1448 1931 1558 1967 οὐρανοῦ
1592 1930 1729 1967 βαλλοντες
1771 1930 1918 1968 ἰξέῤῥιψαν.

1120 1974 1199 2001 Ἀλλά
1227 1977 1265 2005 τίς
1289 1975 1302 2000 ό
1330 1978 1376 2000 τοῦ
1399 1975 1511 2011 πολέμου
1541 1979 1591 2001 τῶν
1629 1975 1775 2012 ἀσωμάτων
1816 1979 1919 2013 τρόπος,

1123 2017 1213 2046 εἰδεῖεν
1241 2020 1271 2045 ἄν
1297 2019 1389 2046 ἐκεῖνοι
1413 2024 1510 2055 σαφῶς,
1534 2020 1673 2050 Εἰκάζουεν
1696 2018 1725 2047 δὲ
1757 2021 1835 2056 ἡμεῖς
1864 2025 1919 2051 ταῖς

1121 2068 1170 2090 τῶν
1209 2064 1306 2100 ἀνέμων
1349 2064 1405 2090 κατ’
1448 2064 1561 2093 ἀλλήλων
1599 2064 1749 2100 ἆμπτώσεσι
1782 2067 1830 2094 τὴν
1873 2070 1919 2091 τῶν

1119 2112 1216 2137 νοητῶν
1250 2107 1350 2135 ἐκείνων
1385 2109 1536 2145 πνευμάτων
1572 2110 1781 2146 παρωμοιῶσθαί
1827 2111 1919 2140 πάλην.

1118 2152 1218 2190 Ὠσπερ
1247 2157 1291 2179 οὑν
1312 2152 1337 2178 ἄν
1363 2155 1463 2184 τούτοις
1489 2157 1535 2180 τοῦ
1559 2155 1667 2185 ἥττονος
1693 2155 1707 2180 ό
1744 2153 1917 2192 σφοδρότερος

236 2196 319 2224 illum
337 2196 367 2224 in
381 2196 471 2224 linem
486 2205 493 2224 τ
511 2200 539 2225 et
552 2197 637 2233 juxta
653 2198 788 2226 divinam
805 2199 1009 2234 Scripturami

1141 2202 1259 2236 τικρατεί,
1287 2198 1367 2229 οὕτως
1397 2199 1412 2227 ἡ
1441 2203 1492 2225 τῶν
1521 2198 1692 2235 ἀρχαγγέλων
1738 2198 1820 2235 βιαία
1853 2202 1917 2226 κατὰ

237 2240 342 2268 dentes
356 2243 394 2275 et,
407 2241 483 2270 sicut
493 2241 592 2277 fulgur
600 2242 685 2278 juxta
701 2243 844 2271 visionem
853 2243 923 2271 Jesu
947 2252 963 2271 e
988 2244 1064 2272 caelo

236 2285 420 2322 praecipitem
426 2287 629 2315 exturbarunt.
640 2288 784 2314 Caeterum
790 2295 930 2322 quaenam
939 2288 976 2316 sit
988 2288 1064 2316 inter

237 2333 351 2358 mentes
364 2330 555 2367 incorporeas
572 2331 640 2359 belli
656 2339 888 2367 pugnarumque
904 2334 970 2367 rati,
990 2333 1062 2369 ipsa:

237 2374 346 2402 scilicet
361 2375 504 2411 prteclare
519 2376 668 2404 noverint.
700 2377 757 2403 Nos
778 2375 975 2405 humilitatem
985 2378 1064 2412 cogi-

236 2419 384 2448 tationum
407 2420 600 2448 similitudine
626 2419 817 2448 sublevantes
843 2429 878 2448 ex
904 2424 1061 2450 ventorum

237 2463 376 2493 conﬂictu
397 2467 481 2493 vasto
494 2465 569 2493 inter
579 2472 610 2492 se
623 2464 698 2492 clelo
710 2463 949 2500 deprseliantium
960 2466 1062 2494 nescio

235 2517 329 2545 quam
345 2509 384 2538 ad
400 2509 609 2546 usurpandam
625 2509 716 2544 hujus
730 2509 812 2538 lectae
834 2510 964 2546 speciem
989 2511 1062 2539 nite-

235 2553 353 2582 bamur.
370 2555 403 2582 Ut
419 2554 506 2589 igitur
521 2554 550 2581 in
569 2553 665 2581 ventis
696 2554 900 2583 vehementior
919 2555 1062 2584 inﬁrmio-

236 2606 298 2626 rem
309 2601 432 2634 superat
444 2607 450 2626 :
466 2598 508 2626 sic
519 2598 765 2633 archangelorum
781 2599 909 2627 violenta
919 2599 1061 2635 quadam

235 2643 265 2670 in
286 2642 449 2671 draconem
461 2642 634 2671 sustinendo
649 2643 796 2680 imparem
812 2643 980 2679 praevalens
993 2652 1060 2673 con-

236 2686 358 2722 spiratio
375 2687 405 2715 in
426 2687 517 2715 chaos
537 2689 566 2715 et
579 2687 738 2722 caliginem
754 2687 897 2715 miserum
923 2687 1058 2717 ditﬂavit.

1118 2246 1164 2268 τοῦ
1193 2241 1333 2280 δράκοντος
1360 2242 1529 2278 ἱνισχύσασα
1558 2246 1621 2272 πνοὴ
1647 2245 1689 2270 τὸν
1787 2244 1826 2275 εὶς
1854 2247 1916 2281 χάος

1118 2289 1163 2312 καὶ
1177 2287 1254 2323 ζόφον
1268 2286 1420 2324 ἑξσρῥίψατο
1436 2297 1442 2304 ·
1459 2287 1534 2314 αὐτοὶ
1560 2285 1589 2314 δε
1618 2289 1665 2317 τὴν
1693 2287 1791 2314 ἑκείνου
1817 2293 1916 2315 πτῶσιν

1118 2331 1213 2357 ἑαυτῶν
1227 2330 1366 2367 ἀσφάλειαν
1385 2332 1522 2367 τιθέμενοι,
1553 2332 1638 2368 ἓτερος
1664 2334 1730 2365 πρὸς
1760 2335 1806 2358 τὸν
1833 2334 1915 2371 ἕτερον

1117 2376 1254 2413 ἄκέκραγον
1269 2386 1275 2393 -
1287 2378 1397 2410 Μήπως,
1408 2378 1483 2411 φασὶ,
1498 2374 1546 2402 διὰ
1580 2380 1628 2408 τῆς
1652 2377 1732 2407 αὐτῆς
1765 2377 1853 2409 αἰτίας
1885 2379 1915 2408 εἰς

1116 2423 1163 2450 τὴν
1207 2421 1298 2456 ὁμοίαν
1337 2418 1519 2457 ὗπενεχθῶμεγ
1560 2421 1645 2458 ῥίψιν.
1685 2422 1832 2459 Τοιγαροῦν
1872 2425 1912 2449 καὶ

1117 2465 1191 2501 ἡμεῖς
1216 2468 1382 2501 κροτήσωμεν
1407 2467 1517 2503 σήμερον
1541 2468 1588 2495 τὴν
1619 2466 1699 2495 ἠτταν
1736 2470 1783 2492 τοῦ
1821 2465 1912 2503 δυσμε-

1117 2513 1184 2540 νοῦς,
1220 2509 1398 2545 Ἐορτάσωμιν
1419 2512 1465 2539 τήν
1492 2509 1517 2536 ἐν
1545 2514 1590 2536 νοῦ
1615 2509 1735 2547 οὖρανοῦ,
1771 2513 1841 2538 κατὰ
1886 2513 1911 2537 τὸ

1117 2553 1216 2583 ὑψηλὸν
1238 2553 1464 2589 ενὶὰγγίλιον,.τοῡ
1493 2557 1593 2580 Σατανᾶ
1635 2559 1747 2588 πτῶσιν,
1791 2558 1837 2582 καὶ
1872 2558 1914 2584 τήν

1115 2598 1236 2635 λαμπρὰν
1262 2602 1311 2624 τῶν
1338 2597 1450 2634 ἀγγέλων
1472 2601 1544 2627 νίκην
1572 2597 1690 2636 φαιδρῶς
1718 2600 1913 2636 πανηγυρίσαν-

1116 2653 1158 2675 τες
1181 2643 1222 2669 ἐπὶ
1241 2643 1287 2674 τὰς
1323 2642 1411 2678 ἐφεξῆς
1450 2642 1533 2669 αὐτῶν
1581 2643 1714 2680 ἀριστείας
1757 2645 1802 2670 τόν
1843 2644 1911 2680 λόγον

1117 2688 1315 2724 καταγάγωμεν.

235 2731 327 2762 Quem
342 2732 407 2767 ejus
417 2731 458 2760 illi
473 2740 577 2760 casum
592 2739 679 2759 suam
707 2732 844 2767 ipsorum
873 2732 1062 2761 securitatem
1084 2732 1273 2769 reputabant,
1303 2731 1345 2760 sic
1375 2739 1406 2760 se
1428 2731 1557 2760 invicem
1582 2735 1812 2761 commonentes
1834 2741 1841 2761 :
1862 2735 1909 2762 Ne-

234 2773 309 2804 !orte
339 2775 379 2804 ob
405 2776 546 2805 eamdem
576 2776 673 2805 simile
699 2783 756 2804 nos
776 2775 834 2818 ipsi
863 2785 986 2814 quoque
1010 2777 1174 2814 aliquando
1199 2777 1230 2805 in
1259 2776 1397 2808 exsilium
1422 2776 1625 2814 deportemur.
1662 2778 1721 2806 Nos
1746 2785 1820 2806 vero
1856 2785 1905 2814 par
