1966 3079
23 125 113 153 237

463 125 597 154 NICETE.
611 122 788 154 LAUDATIO
804 121 853 149 SS.
867 115 1054 148 MICHAELIS
1073 119 1117 147 ΕΤ
1130 118 1322 146 GABRIELIS.

1669 117 1737 146 i238

9 196 106 216 Lem
123 188 221 216 etiam
232 185 400 215 delibemus
421 186 490 215 huic
520 187 642 222 gaudii:
659 189 688 215 et
703 185 814 214 victum
842 182 970 218 impium
996 181 1149 209 communi
1169 180 1258 208 hodie
1278 180 1388 216 plausu
1408 179 1602 215 gratulemur.
1626 181 1736 209 Casum

9 234 174 260 Satanae
186 232 273 266 juxta
283 230 420 258 divinum
431 232 623 267 Evangelium
639 231 676 259 de
696 230 770 258 caelo
786 227 920 256 cadentis
944 226 1019 253 ferta
1032 225 1144 252 Laetitia
1158 232 1378 261 prosequamur
1403 223 1626 259 gloriosamque
1639 225 1734 253 victo-

9 278 48 305 ri
57 286 124 306 am
140 276 320 311 angelorum
333 275 481 304 hilaritate
497 276 617 312 publica
631 276 814 304 celebrantes
828 273 868 300 ad
884 273 1021 300 caeterum
1035 270 1187 299 rerumab
1203 269 1277 307 ipsis
1292 267 1433 307 praeclare
1448 270 1600 306 gestarum
1617 277 1735 305 percur-

9 321 181 350 rendam
197 320 303 348 seriem
320 320 487 348 orationem
502 320 708 349 admittamus.

74 371 134 396 Διὰ
162 370 260 396 τούτων
293 368 445 402 ἀπόστολοι,
475 370 613 407 μάρτυρες,
645 370 728 406 ἱερέων
762 378 787 394 τε
811 370 850 393 καῖ

962 367 1058 394 lorum
1075 365 1212 401 praesenti
1230 373 1286 401 ope
1304 364 1430 401 apostoli
1449 367 1477 392 et
1496 366 1649 401 martyres,
1664 372 1738 401 pon-

9 416 128 441 ὁσίων
174 415 372 451 κραταιούμενοι
407 416 496 450 χοροὶ,
521 415 546 440 οἱ
564 415 609 450 μὲν
636 415 664 440 τὸ
692 415 783 450 κράτος
811 413 856 438 καὶ

11 461 148 497 Θράσος
180 463 227 489 τῆς
253 458 372 484 ἀνέκαθεν
405 458 524 489 ἀσεϐείας
552 459 720 495 ἐκριξοῡντες,
745 459 788 483 τὸν
817 457 856 483 εὗ-

15 503 108 533 σεϐῆ
137 507 187 530 τοῦ
203 507 270 530 Θεοῦ
292 504 378 539 Λόγου
394 502 469 538 λόγον
487 502 654 539 ἐνεφύτευσαν
674 507 705 540 τῇ
730 506 763 539 γῇ
796 513 802 518 ·
832 503 856 528 οὶ

15 547 65 575 δὲ
103 549 242 584 τυράννων
280 549 439 583 μιαιφονίαις
472 548 676 584 συμπλεκόμενοι
701 549 745 573 καὶ
760 549 856 584 μέχρις

17 594 166 629 αἵματος
193 593 295 623 τούτοις
320 591 572 628 ἀντικαθιστάμενοι,
602 594 646 622 τὰς
680 591 775 628 ἐναγεῖς
809 593 854 628 μὲν

19 638 147 668 Θυσίας
170 641 219 662 τῶν
247 634 388 672 δαιμονίων
426 635 579 670 ἁντανεῖλον,
618 637 692 662 αὐτοὶ
717 635 746 662 δὲ
775 637 855 662 θυσία

21 682 124 712 ζῶσα
154 679 232 709 δεκτὴ
261 685 297 716 τῷ
316 684 363 711 τῆς
390 679 471 712 δόξης
498 682 677 717 κεκάρττωνται
706 685 773 716 Θεῷ,
804 682 854 706 Καὶ

24 726 126 761 ἱερεῖς
150 726 196 761 μιν
223 726 319 761 Κυρίου
338 722 509 753 δικαιοσύνην
534 723 703 761 ἐνδυσάμενοι
731 727 781 750 πᾶν
808 725 853 760 μεν

22 771 110 805 οἶνος
153 770 275 805 αἱρέσεων
301 767 524 804 ἁπεσκοράκισαν,
562 772 649 795 πᾶσαν
669 767 699 795 δὲ
722 768 853 804 θεολογίαν

24 813 193 849 ἀμώμητον
213 814 274 849 ἡμῖν
298 812 446 844 ἐξέϐλυσαν.
468 813 575 849 Ὀμιλος
600 812 629 839 δὲ
657 817 705 839 τῶν
732 815 852 842 ἀσκητῶν

27 859 116 895 ἱερὸς
138 859 207 883 κατά
220 861 266 883 τού
280 859 359 893 νόμου
377 862 424 888 τῆς
453 857 580 894 ἁμαρτίας
603 857 778 894 όπλιζόμενοι,
807 860 852 884 καὶ

24 906 137 928 τοῦτον
163 905 232 938 νόμῳ
251 904 421 939 τροποὺμενοι
448 901 630 935 δικαιοσύνης,
657 902 680 928 ἐν
702 905 753 940 ὄρει
785 905 851 929 Θεοῦ

26 947 114 982 ἁγίῳ
151 947 335 973 καταπαύουσι
370 950 444 974 Σιών.
473 947 523 974 Καὶ
547 948 597 984 γὰρ
626 948 717 977 πάντες
755 948 799 982 μέεν
827 947 851 972 οὶ

30 993 110 1027 ἱεροὶ
138 993 193 1022 νὸες
236 991 385 1026 λειτουγικὰ
423 993 556 1028 πνεύματα
588 992 655 1017 κατὰ
692 993 736 1017 τὸν
770 993 850 1027 μέγαν

29 1035 206 1062 Ἀπόστολον
241 1036 404 1072 ὑπάρχοντες
443 1038 508 1074 πρὸς
532 1039 578 1064 τήν
615 1040 664 1062 τῶν
699 1035 850 1071 σωζομένων

31 1079 78 1115 ἐφ’
97 1079 161 1108 ὅλην
191 1081 236 1108 τὴν
255 1083 304 1115 γῆν
325 1080 541 1117 προχειρίζονται
567 1078 703 1106 διακονίαν
715 1090 721 1096 ε
738 1079 850 1115 Μιχαὴλ

32 1121 70 1150 δὲ
101 1126 148 1150 καὶ
172 1123 283 1160 Γαϐριὴλ
317 1125 434 1160 τοσούτῳ
463 1127 619 1162 πιστοτέραν
633 1126 678 1150 καὶ
707 1124 849 1161 ἐνεργεστέ-

32 1178 88 1204 ραν
121 1170 169 1197 τὴν
200 1168 296 1194 ἑαυτῶν
324 1168 486 1205 λειτουργίαν
514 1168 694 1207 ἀναφέρουσιν,
729 1169 781 1204 ὅσῳ
805 1170 849 1194 καὶ

32 1213 149 1239 πάντων
178 1213 357 1249 ὑπερκεὶμένοι
386 1216 478 1249 σοφίας
496 1216 637 1251 περιουσίᾳ
665 1216 710 1239 καὶ
733 1213 849 1250 λαμπρό-

34 1266 132 1290 τητος,
160 1256 255 1293 μᾶλλον
277 1260 474 1293 προσηηίκασι
503 1262 533 1294 τῇ
561 1259 772 1295 ὑπερουσιοτητι.
803 1258 850 1284 Διὰ

32 1304 140 1332 παντὸς
180 1299 210 1327 δε
250 1301 388 1337 βλέπουσι,
426 1303 459 1333 ὡς
482 1303 494 1328 ὁ
517 1304 583 1333 θεῖός
608 1312 673 1338 φησι
710 1302 793 1338 λόγος,
819 1303 848 1328 τό

34 1347 182 1383 πρόσωπον
201 1349 247 1372 τοῦ
263 1350 341 1374 Θεοῦ.
357 1345 514 1384 Ὤσπεριοῦν
539 1347 617 1377 αὐτὸς
640 1347 712 1377 οὗτος
737 1347 749 1372 ὀ
779 1347 849 1372 θεάν-

35 1392 144 1428 θρωπος
172 1392 289 1426 Χριστός
323 1391 425 1421 Ἰησοῦς
444 1392 501 1427 ἔχει
529 1401 573 1427 μεν
602 1391 629 1417 ἐκ
654 1390 756 1423 δεξιῶν,
791 1392 848 1427 ἔχει

36 1433 71 1461 δὲ
100 1438 146 1461 καὶ
183 1434 209 1466 ἐξ
245 1435 379 1472 εὐωνύμων
408 1435 478 1471 αὐτῴ
507 1434 735 1471 συνεδριάζοντας,
762 1436 800 1466 οἷς
830 1436 844 1464 ἧ

36 1477 170 1516 συνιδρία
208 1481 274 1515 πρὸς
298 1483 345 1506 τοῦ
371 1482 471 1517 Πατρός
519 1478 597 1509 δῆλον
626 1481 666 1506 ὃτι
699 1482 845 1516 πρητοίμα-

37 1532 104 1549 σται
129 1523 207 1556 οὕτω,
230 1525 306 1560 φημὶ,
341 1526 386 1550 καὶ
414 1528 463 1549 τῶν
490 1528 582 1560 νοερὼν
607 1524 704 1549 τούτων
730 1523 845 1561 λειτουρ-

36 1571 94 1603 γῶν
109 1567 136 1593 ὃν
149 1567 232 1604 μὲνέκ
252 1566 353 1601 δεξιῶν,
383 1568 410 1594 ὃν
435 1567 465 1594 δὲ
486 1571 530 1594 καὶ
555 1568 581 1599 ἐξ
609 1568 742 1604 εὐωνύμων
773 1568 843 1603 αὐτῷ

36 1615 209 1648 παρεστῶτας
230 1611 256 1643 ἕξ
278 1612 370 1642 αἰῶνος
392 1615 588 1650 παρεστήσατο,
618 1612 655 1639 Δι’
683 1612 717 1638 ὧν
746 1614 778 1643 ως
803 1614 841 1638 οὶ-

36 1657 179 1682 κειοτάτων
209 1659 264 1688 τοῖς
297 1656 365 1687 ὅλοις
393 1656 563 1693 ἐντελλόμενος
601 1661 651 1682 τῶν
677 1656 740 1683 ὅλων
777 1657 839 1694 ὑπερ

39 1703 175 1734 φυέστατα
215 1699 324 1729 κήδεται
366 1703 410 1727 καὶ
457 1702 641 1738 προμηθεῖται.
681 1701 757 1727 Οὕτω
794 1703 841 1732 τὰς

38 1743 176 1776 πολυεδιῖς
204 1743 348 1780 διακονίας,
383 1746 428 1772 εἶτ’
458 1745 501 1772 οὖν
531 1746 691 1782 λειτουργίας
705 1750 754 1772 τῶν
774 1745 842 1772 ἀσω-

37 1791 129 1824 μάτων
147 1790 402 1828 καταϐεωρήσαντες,
424 1792 481 1826 φέρε
513 1788 547 1819 δὴ
572 1790 660 1816 λοιπὸν
684 1792 723 1820 τίς
753 1790 842 1821 αὐτοῖς

37 1834 128 1870 ἑφεξῆς
147 1834 162 1862 ἠ
192 1835 258 1869 πρὸς
282 1836 325 1860 τὸν
353 1835 508 1870 ὑπερούσιον
532 1836 664 1870 ὁμοιότης,
689 1837 733 1860 καὶ
755 1837 796 1865 τίς
824 1835 839 1864 ἡ

38 1877 154 1915 διαφορά
190 1882 365 1915 κατανοῶμεν,

37 1926 86 1952 τὴν
121 1922 240 1958 ἀνόμοιον
275 1923 369 1957 αὐτῶν,
409 1925 444 1954 ὡς
472 1923 502 1949 ἂν
530 1925 596 1950 εἴποι
620 1933 668 1958 τις,
700 1923 842 1959 ὁμοιότητα

37 1968 105 1993 κατά
134 1968 211 2003 φὺσιν
235 1970 441 2003 τεκμαιρόμενοι.
472 1968 548 1993 Οὕτω
574 1969 624 2004 γὰρ
652 1967 681 1993 ἂν
703 1968 718 1997 ἡ
743 1969 841 1993 τούτων

411 1883 440 1915 τῇ
483 1883 532 1905 τῶν
557 1879 687 1914 ὀνομάτων
722 1882 842 1914 κοινωνίᾳ

37 2015 135 2046 γνῶσις
151 2011 323 2048 ἐναργεστέρα
333 2015 368 2046 τῷ
383 2016 418 2047 νῷ
433 2012 626 2048 καταλειφθείη,

857 1731 877 1758 C

912 410 1025 438 tiﬁcum
1037 412 1269 446 sanctorumque
1280 409 1461 445 reliquorum
1473 409 1657 437 corroborati
1672 409 1738 437 cho-

911 455 935 483 ri
952 464 958 488 ;
976 455 1015 482 illi
1028 455 1159 491 quidem,
1175 455 1282 482 robore
1302 457 1391 490 atque
1405 454 1533 482 audacia
1556 454 1736 490 superstitio:

911 500 968 534 nis,
984 508 1048 535 qua:
1073 508 1107 527 ex
1124 499 1225 527 inferis
1241 501 1398 534 emeserat,
1423 499 1595 535 exstirpata,
1619 499 1736 535 pietatis

911 551 1013 571 semen
1044 544 1093 571 Dei
1110 543 1193 571 Verbi
1209 543 1336 571 verbum
1364 544 1394 570 in
1422 545 1500 571 terra
1529 545 1678 572 severunt.
1694 543 1736 572 illi

910 597 978 616 vero
1002 597 1070 616 cum
1096 588 1268 616 crudelitate
1294 590 1489 624 tyrannorum
1503 588 1640 616 cominus
1667 597 1736 616 con-

910 633 1002 668 gressi
1016 635 1042 661 et
1057 641 1150 669 usque
1165 632 1203 660 ad
1214 632 1391 667 sanguinem
1407 632 1449 660 eis
1473 633 1641 661 resistentes
1666 641 1735 669 pro-

909 677 980 706 fana
1010 677 1132 713 quidem
1153 676 1298 705 sacriﬁcia
1313 676 1531 705 daemoniorum
1552 677 1736 705 sustulerunt

908 722 964 758 ipsi
980 730 1050 750 vero
1065 722 1167 750 vivens
1181 721 1278 750 hostia
1290 724 1318 750 et
1338 721 1528 757 acceptabilis
1546 723 1604 750 Deo
1632 722 1734 756 gloriae

907 766 1053 794 immolati
1075 769 1153 794 sunt.
1167 768 1202 793 At
1219 765 1386 793 sacerdotes
1404 766 1453 793 Del
1465 766 1610 800 justitiam
1627 766 1732 800 induti,

907 814 989 847 peste
1000 811 1079 838 omni
1093 812 1245 839 hmreseon
1260 810 1363 846 procul
1377 819 1394 838 a
1418 811 1596 845 contagione
1611 811 1733 839 sinceras

908 855 976 883 ﬁdei
991 855 1196 890 exterminata,
1213 863 1304 882 sacrae
1319 854 1408 882 nobis
1434 855 1576 883 doctrinae
1599 855 1731 892 explica-

907 900 1019 928 tionem
1039 909 1145 928 sanam
1161 903 1189 928 et
1211 900 1499 936 irreprehensibilem
1524 900 1733 936 profuderunt.

907 946 1006 973 Coetus
1031 953 1120 981 porro
1146 952 1228 972 sacer
1252 947 1424 972 Ascetarum
1449 944 1594 973 adversus
1619 945 1732 981 peccati

905 988 1002 1024 legem
1018 989 1135 1022 armati,
1150 989 1292 1025 illamque
1307 988 1371 1024 lege
1392 988 1512 1024 justitiae
1528 991 1732 1024 permutantes

905 1034 936 1062 in
961 1036 1061 1062 monte
1087 1035 1134 1061 Dei
1151 1036 1254 1061 sancto
1270 1033 1339 1061 Sion
1358 1033 1560 1069 acquiescunt.
1587 1034 1731 1061 Caeterum

905 1087 973 1106 cum
999 1078 1055 1106 illae
1079 1086 1185 1106 omnes
1214 1081 1325 1105 sanctae
1355 1080 1469 1106 mentes
1493 1078 1578 1113 juxta
1605 1085 1730 1113 magum

905 1122 1081 1159 Apostolum
1097 1122 1339 1150 administratorii
1356 1122 1415 1149 sint
1428 1121 1557 1158 spiritus,
1580 1122 1730 1150 omnium—

904 1175 963 1203 que
990 1166 1071 1195 salus
1084 1167 1135 1203 qui
1151 1167 1263 1202 ubique
1281 1169 1427 1194 terrarum
1450 1166 1655 1195 haereditatem
1678 1174 1730 1195 ca-

904 1212 991 1248 piunt
1005 1211 1109 1239 salutis
1125 1220 1229 1239 eorum
1245 1211 1284 1239 ad
1299 1210 1453 1239 ministerii
1477 1211 1730 1248 providentiteque

904 1260 1020 1292 partem
1042 1256 1175 1292 aliquam
1198 1255 1342 1292 pertineat
1356 1264 1362 1282 :
1379 1258 1462 1283 tanto
1478 1255 1545 1292 plus
1559 1259 1661 1284 tamen
1673 1255 1731 1284 hac

902 1301 933 1329 in
956 1301 1195 1329 administranda
1227 1300 1349 1336 spiritali
1377 1300 1554 1336 praefectura
1579 1300 1730 1329 ﬁdelitatis

903 1345 1118 1382 industriaeque
1135 1345 1223 1372 laude
1238 1344 1359 1373 Michael
1373 1347 1402 1373 et
1419 1345 1534 1373 Gabriel
1550 1353 1641 1381 supra
1661 1345 1730 1374 reli-

902 1398 979 1426 quos
995 1389 1151 1423 excellunt,
1168 1392 1283 1425 quanto
1301 1389 1407 1417 iisdem
1423 1390 1565 1417 omnibus
1583 1390 1730 1426 sapientia

902 1438 930 1462 et
957 1434 1110 1462 nobilitate
1132 1433 1209 1461 infra
1225 1441 1256 1461 se
1283 1433 1390 1460 relictis
1415 1433 1542 1461 vicinius
1572 1434 1612 1462 ad
1631 1435 1729 1463 omnis

901 1479 1090 1515 perfectionis
1116 1477 1232 1514 apicem
1260 1477 1446 1505 divinitatem
1471 1478 1632 1506 similitudo
1657 1479 1728 1506 istos

900 1523 1022 1560 propior
1034 1531 1126 1559 quam
1139 1523 1264 1550 aliorum
1275 1529 1462 1558 quemquam
1473 1522 1662 1558 dignitasque
1676 1523 1728 1551 ad-

899 1570 999 1596 movet
1015 1567 1180 1595 sublimior.
1199 1568 1322 1602 Semper
1337 1569 1446 1601 autem,
1466 1569 1496 1594 ut
1510 1567 1646 1594 divinum
1660 1567 1726 1595 Ver-

898 1612 970 1640 bum
985 1611 1127 1648 loquitur,
1143 1611 1244 1638 vident
1260 1610 1364 1638 faciem
1380 1610 1437 1637 Dei.
1463 1611 1725 1643 Quemadmodum
1767 1633 1770 1636 .

895 1657 987 1692 igitur
1001 1657 1048 1684 hic
1059 1664 1124 1692 ipse
1142 1657 1218 1683 Deus
1239 1654 1327 1682 simul
1342 1657 1370 1682 et
1384 1655 1475 1683 homo
1489 1655 1621 1683 Christus
1642 1656 1725 1683 Jesus

895 1709 914 1730 a
926 1700 1037 1728 dextris
1051 1703 1079 1728 et
1098 1708 1116 1728 a
1132 1699 1259 1727 sinistris
1286 1698 1451 1726 assidentes
1479 1699 1538 1726 sibi
1553 1698 1645 1727 habet
1669 1699 1724 1727 ali-

895 1753 994 1782 quos:
1012 1753 1062 1772 eos
1087 1744 1197 1772 scilicet
1222 1743 1332 1779 quibus
1348 1743 1420 1771 tanti
1445 1751 1604 1771 consessus
1629 1744 1726 1772 honor

896 1792 1019 1826 paratus
1034 1789 1146 1816 aPatre
1160 1791 1203 1816 est
1221 1796 1226 1815 :
1244 1788 1284 1816 ita
1309 1787 1376 1815 dico
1396 1787 1595 1823 spiritualium
1614 1788 1724 1816 horum

897 1834 1100 1862 ministrorum
1114 1833 1233 1861 adstare
1247 1833 1272 1860 ei
1289 1840 1407 1868 semper
1422 1840 1439 1860 a
1455 1832 1565 1860 dextris
1586 1833 1723 1868 alterum,

897 1878 1023 1906 alterum
1039 1877 1196 1904 asinistris
1231 1876 1269 1903 ad
1297 1876 1353 1903 hoc
1379 1876 1514 1904 ofﬁcium
1541 1877 1723 1913 quotidianae

897 1922 1093 1959 apparitionis
1118 1924 1168 1949 aut
1193 1928 1330 1948 assessus
1356 1923 1466 1948 aeterna
1493 1920 1540 1948 Dei
1573 1920 1723 1949 voluntate

896 1967 1005 1995 electos
1021 1970 1049 1994 et
1065 1965 1226 1994 adhibitos.
1245 1965 1358 1997 Quibus
1377 1967 1409 1993 ut
1428 1965 1665 1994 familiarissimis
1680 1966 1723 1994 in-

896 2011 1052 2039 ternuntiis
1067 2019 1101 2038 ac
1118 2009 1360 2046 procuratoribus
1375 2010 1414 2037 ad
1429 2010 1533 2038 omnia
1547 2013 1643 2044 utens,
1660 2011 1722 2038 uni-

38 2055 206 2083 versitatem
222 2063 322 2083 rerum
337 2056 498 2091 magniﬁca
515 2056 652 2090 quadam
672 2056 822 2092 planeque
836 2056 918 2090 regia
938 2055 1129 2083 Providentire
1163 2054 1276 2082 ratione
1303 2054 1486 2081 moderatur.
1511 2054 1568 2082 Sed
1589 2055 1652 2090 jam
1680 2056 1722 2083 in-

39 2106 251 2134 corporearum
267 2100 414 2127 mentium
430 2099 597 2128 functiones
620 2100 718 2128 varias
741 2108 777 2127 ac
792 2099 955 2128 ministeria
981 2101 1051 2127 satis
1072 2099 1216 2127 hactenus
1245 2098 1446 2134 contemplati,
1477 2106 1532 2135 age
1556 2099 1625 2126 hinc
1641 2099 1722 2128 dein-

39 2151 108 2180 ceps
122 2151 263 2179 quaenam
275 2144 397 2171 tandem
408 2145 445 2172 sit
458 2144 577 2172 illorum
591 2152 658 2172 cum
675 2144 734 2172 Deo
749 2144 920 2177 similitudo,
938 2152 1041 2172 rursus
1057 2152 1124 2180 quae
1137 2143 1313 2175 diﬁerentia,
1328 2143 1560 2170 consideremus.
1577 2144 1717 2181 Hancque

38 2187 69 2215 in
82 2195 117 2215 eo
130 2187 211 2215 viam
221 2190 377 2216 teneamus
393 2196 513 2220 censeo,
527 2190 558 2215 ut
570 2189 727 2216 nominum
741 2188 850 2216 indicio
861 2191 983 2217 naturas
997 2189 1173 2224 indagantes
1189 2188 1379 2216 attendamus
1392 2195 1487 2224 ecqua
1497 2190 1524 2215 et
1536 2188 1634 2224 qualis
1645 2189 1721 2218 inter

40 2239 91 2260 eos
104 2231 155 2268 qui
169 2232 382 2260 communione
398 2233 588 2260 continentur
602 2233 690 2260 unius
704 2233 845 2266 nominis,
862 2233 1023 2265 dissimilis,
1040 2236 1070 2260 ut
1085 2233 1125 2260 sic
1141 2233 1274 2268 loquam,
1289 2240 1356 2259 esse
1372 2232 1465 2268 possit
1486 2232 1648 2262 similitudo
1668 2242 1721 2263 na—

40 2279 177 2305 turarum.
193 2277 238 2304 Sic
253 2277 333 2304 enim
351 2276 422 2311 vim,
437 2279 468 2305 ut
478 2277 595 2313 opinor,
606 2277 698 2312 hujus
713 2277 756 2304 rei
765 2277 979 2313 perspiciemus
995 2277 1112 2305 clarius.

78 2321 153 2346 Ἔστι
233 2322 283 2358 γὰρ
309 2319 385 2347 οὐδὲν
409 2321 520 2347 καθόλου
547 2325 597 2347 τῶν
621 2323 698 2347 όντων
727 2321 838 2348 ἀκοινω-

941 2322 1003 2349 είὴΗ
1023 2329 1145 2357 prorsus
1161 2323 1205 2348 est
1217 2321 1353 2349 omnium
1363 2322 1444 2357 quod
1462 2329 1604 2358 supremo
1618 2330 1717 2352 rerum

40 2375 114 2394 νητον
150 2364 270 2395 ὀλοτιλῶς
300 2366 315 2394 ἣ
341 2363 484 2403 ὰδιαφορον
511 2367 575 2402 πρὸς
612 2368 659 2395 τὴν
684 2367 838 2402 ὑπερούσιον

40 2411 196 2444 οὑσιαρχίαν
224 2417 230 2424 '
247 2411 332 2436 πάντα
356 2408 382 2436 δ’
411 2411 463 2437 ὃσα
476 2412 504 2436 τὸ
525 2409 589 2436 εἶναι
610 2412 675 2448 πρὸς
695 2411 778 2442 αὐτῆς
804 2411 838 2441 εἰς

40 2454 111 2489 λήφσι
129 2456 172 2480 καὶ
198 2456 261 2490 πρὸς
283 2457 428 2486 κοινωνίαις
453 2457 509 2481 τισὶ
540 2457 606 2492 πρὸς
631 2457 728 2484 ταύτην
755 2465 837 2481 κεκοι-

41 2502 146 2528 νώνηται
165 2509 171 2514 -
194 2501 239 2524 καὶ
265 2497 381 2536 διαφέρει
404 2498 543 2536 διαφοραῖς
558 2498 677 2528 δηλαδή.
693 2499 761 2526 Ἀλλ’
777 2501 838 2526 ἔστι

43 2546 85 2580 μὲν
112 2543 148 2573 οἶς
176 2544 190 2571 ἠ
219 2546 340 2569 κοινωνία
375 2543 555 2574 πλεονάζουσα
583 2546 630 2573 τὴν
657 2542 838 2581 διαφορότητα

44 2591 107 2624 μιιοί
127 2597 132 2604 ·
149 2589 205 2613 ἔστι
235 2586 260 2614 δ’
291 2589 329 2618 οἶς
345 2589 359 2617 ἡ
383 2586 544 2625 διαφορότης
565 2587 763 2625 ὑπερϐάλλουσα
789 2591 837 2618 τὴν

45 2634 169 2660 κοινωνίαν
190 2632 299 2660 ἐλαττοῖ.
325 2633 358 2658 Οἱ
380 2631 409 2659 δὲ
433 2633 539 2669 πλείστῃ
569 2635 614 2669 μὲν
637 2635 702 2669 πρὸς
723 2636 770 2662 τὴν
800 2634 838 2660 θε-

46 2680 137 2715 αρχίαν
151 2678 294 2714 κέχρηνται
315 2681 344 2712 τῇ
360 2678 502 2712 ὁμοιότητι,
519 2675 562 2703 διὸ
590 2680 634 2703 καὶ
662 2681 718 2708 ταῖς
748 2678 838 2704 θεωνυ-

46 2724 114 2758 μιαις
128 2719 226 2756 σχεδὸν
247 2721 363 2752 ἁπάσαις
389 2721 548 2757 ἀξιοπρεπῶς
569 2724 814 2758 κατ-«κεκόσμηνται
829 2733 836 2739 ·

47 2765 136 2792 ἐλάττω
174 2764 203 2792 δὲ
240 2767 378 2795 κέκτηνται
403 2769 450 2795 τὴν
489 2765 634 2801 ἑτερότητα.
661 2768 783 2792 Σκητέον
809 2764 840 2793 δί

893 2367 1029 2395 omnium
1046 2366 1194 2402 principio
1209 2368 1259 2394 aut
1278 2366 1432 2394 diversum
1446 2366 1486 2394 ita
1513 2367 1550 2394 sit
1565 2369 1668 2396 utnon
1687 2369 1718 2396 in

893 2411 994 2447 aliquo
1007 2411 1166 2438 conveniat
1182 2420 1188 2441 ;
1204 2413 1254 2438 aut
1275 2418 1379 2438 rursus
1400 2411 1440 2438 ita
1455 2411 1607 2446 geminum
1636 2413 1718 2442 nulla

892 2457 924 2483 ut
951 2456 980 2482 in
1011 2457 1091 2490 parte
1122 2454 1248 2481 differat.
1285 2454 1331 2482 Sic
1357 2455 1414 2482 ista
1439 2457 1645 2491 temperantur
1671 2465 1717 2484 in-

893 2501 997 2528 vicem.
1014 2501 1063 2526 Est
1073 2502 1102 2526 in
1116 2499 1198 2526 omni
1210 2499 1259 2526 Dei
1271 2506 1360 2534 opere
1373 2499 1526 2527 character
1547 2500 1616 2528 certi
1627 2500 1717 2529 linea-

892 2545 983 2572 menti
1006 2543 1087 2580 quod
1109 2546 1261 2570 auctorem
1289 2542 1396 2570 referat
1412 2553 1418 2575 ;
1434 2546 1504 2571 sunt
1531 2546 1559 2571 et
1587 2544 1718 2579 insignes

892 2589 960 2616 item
978 2589 1016 2616 ad
1029 2587 1258 2616 discernendum
1272 2592 1362 2615 noue.
1373 2587 1480 2615 Verum
1491 2587 1520 2615 in
1534 2588 1717 2624 quibusdam

892 2633 1055 2661 similitudo
1081 2635 1139 2660 tam
1156 2639 1297 2668 expressa
1321 2632 1449 2659 cernitur
1469 2631 1668 2661 differentiam
1685 2637 1717 2663 ut

892 2686 1013 2705 omnem
1039 2685 1114 2712 pene
1134 2677 1240 2704 obruat
1267 2676 1320 2703 :in
1340 2676 1525 2711 quibusdam
1553 2677 1594 2704 ita
1623 2680 1717 2707 exstat

892 2722 1059 2750 ditfereutia
1075 2721 1188 2749 nullam
1202 2723 1235 2748 ut
1249 2720 1413 2756 relinquere
1433 2721 1634 2750 similitudinis
1649 2731 1716 2759 spe-

892 2767 968 2794 ciem
983 2766 1128 2794 videatur.
1144 2765 1238 2793 Nostri
1251 2767 1350 2794 autem
1370 2765 1558 2801 archangelis
1571 2767 1653 2802 prius
1665 2767 1718 2796 ad-
