1966 3079
8 123 94 150 241

441 124 573 154 NICET/E
583 123 762 155 LAUDATIO
779 122 827 152 SS.
842 120 1026 152 MICHAELIS
1040 123 1083 152 ET
1101 123 1291 153 GABRIELIS.

1648 125 1718 156 1242

7 186 163 222 ιυνοὶμεις
186 184 237 212 εἰσὶ
265 186 310 212 καὶ
337 184 462 224 ἰνίργιιαι
494 187 606 224 Μιχαὴλ
637 189 680 214 καὶ
712 187 780 224 Γαϐρ

945 192 973 213 m
985 184 1058 214 illud
1073 187 1189 215 tantum
1204 194 1272 215 esse
1284 186 1387 223 posset
1401 186 1484 223 quod
1498 186 1564 215 vitae
1578 177 1717 224 primige'

7 228 173 267 Ῠυνάμιις,
202 229 231 257 οὗ
255 232 393 262 ποιότητες
420 231 516 263 ἁτιλιῖς
547 234 596 268 ιῖτ,
612 236 655 259 οῦν
680 232 744 265 ἕξεις
776 233 839 268 πρὸς

11 277 167 312 νέργειαν
188 273 340 309 όδεύουσαι,
371 275 436 302 ἀλλὰ
468 275 593 314 δυνάμιις
622 277 707 308 ζῶσαι
731 279 777 304 καὶ
805 280 836 313 τῇ

7 319 114 356 “Sciet
145 318 294 358 σύνδρομον
323 321 447 356 ἔχουσαν
474 324 519 348 καὶ
546 324 590 352 τὴν
617 321 753 360 ἕνέργιιαν,
779 322 839 348 Ἐπὶ

7 365 74 390 ιὶν
106 365 163 401 γὰρ
187 368 238 391 τῶν
270 364 364 391 ὖλικῶν
393 367 520 402 σωμάτων
547 368 592 393 καὶ
623 371 738 404 φυσικῶν
783 365 840 403 ἰδίᾳ

7 411 74 435 ιέν
91 409 107 435 ὁ
123 414 174 440 τῆς
187 409 285 441 οὐσίας’
294 409 353 436 καθ’
369 410 382 436 ὅ
404 409 473 437 ἇστιν
499 411 592 448 ὁρᾶται
612 411 696 448 λόγος,
724 410 782 448 ἰδίᾳ
810 409 841 438 δί

7 454 20 483 5
51 454 183 490 ἔμφυτος
197 452 307 491 δύναμις
321 453 514 487 ἐπιτηδειότης,
531 459 598 482 οὐσα
622 457 687 493 πρὸς
714 455 840 494 ἐνέργειαν

7 501 73 525 ιαὶ
89 500 170 537 παρὰ
184 502 266 525 ταῦτα
290 500 306 529 ἠ
334 499 448 537 ἐνέργεια
476 501 529 527 οἷον
561 500 650 532 οὐσίας
679 500 841 538 ἀποτέλεσμα

7 544 214 579 Ρυσγχοίνουσικ
240 541 286 570 διὰ
311 547 357 574 τῆς
384 543 493 575 ἐνούσης
520 545 585 581 αὐτῇ
617 543 762 582 δυνάμεως,
804 545 840 576 εἰς

7 587 187 617 τελειότητα
213 590 407 625 προσαγομένη·
436 589 495 616 Ἐπὶ
521 593 571 616 τῶν
601 594 693 626 νοιρῶν
731 589 761 616 δὲ
795 592 840 617 καὶ

7 631 122 658 ἔιῧ).ων
144 632 241 659 οὐσιῶν
269 632 334 662 αὐτὴ
369 632 452 664 αὐτῆς
477 634 492 662 ἡ
522 636 600 660 οὐσία
629 632 740 670 δύναμίς
769 632 840 660 ἔστιν

7 676 155 714 ἰνεργὴς,
186 677 250 704 Καθ’
277 678 290 704 ὃ
322 679 373 716 γάρ
399 678 450 705 εἰσι
479 681 524 706 καὶ
553 677 688 705 δύνανται·
715 680 760 705 χαὶ
785 679 840 704 ἄεν-

7 732 88 748 »αον
117 725 230 760 προιᾶσι
251 724 298 752 τὴν
332 722 468 760 ἔνέργιιαν-
504 723 571 750 ὥστε
607 721 641 752 δὴ
686 725 730 749 καὶ
767 722 840 750 οὗτοι

7 768 137 793 πάντων
168 767 344 803 ῦπιρκείμενοι
370 771 420 793 τῶν
449 767 646 797 ὑποϐιϐηκότων
672 765 758 804 δρῶσι
793 768 838 804 μὶν

7 813 175 849 περιουσίᾳ
203 810 335 848 δυναμεως
358 812 506 848 θεοπρεπεῖς
529 816 577 843 τῆς
605 811 666 843 ὅλης
700 811 836 849 ἐνεργείας,

893 229 950 257 niue
961 230 1047 265 cujus
1062 238 1097 259 ex
1111 231 1225 267 origine
1237 231 1307 260 vitte
1333 231 1431 260 omnis
1457 239 1552 260 usura
1581 232 1717 263 derivata

894 276 947 309 est,
965 282 1057 303 causa
1068 278 1157 312 atque
1169 279 1273 305 auctor
1283 276 1439 304 existitisse
1449 276 1569 305 vivendi
1580 277 1648 313 jure
1674 277 1716 306 di-

894 319 1009 348 ceretur
1022 320 1036 348 ?
1053 321 1123 349 Vitae
1133 321 1180 350 isti
1194 329 1316 358 quoque
1332 323 1412 355 sunt,
1428 320 1530 358 sicque
1544 322 1650 350 merito
1665 330 1718 350 vo-

895 366 1007 400 centur,
1023 367 1055 393 ut
1075 366 1127 401 qui
1145 374 1270 403 perenni
1282 366 1349 395 vitae
1363 365 1437 395 fonti
1457 366 1630 395 adhaereant
1651 375 1717 403 per-

894 411 996 445 petuo,
1012 409 1259 448 aﬂluentiumque
1287 412 1367 440 illinc
1389 412 1457 440 vitae
1480 419 1643 440 munerum
1665 421 1718 441 co-

893 455 945 491 pia
958 454 1148 492 redundent;
1170 456 1239 484 Vitas
1254 456 1396 493 principis
1405 456 1538 491 imagine
1558 457 1590 484 in
1623 465 1654 485 se
1679 457 1719 486 ad

894 498 996 527 vivum
1011 507 1153 536 expressa
1167 500 1206 528 ad
1225 503 1340 529 naturae
1369 501 1565 537 praecellentis
1582 503 1718 530 exactam

895 543 1118 573 similitudinem
1130 546 1317 575 conformati.
1331 547 1437 574 Potens
1457 545 1625 583 efﬁcaxque
1639 548 1718 576 Deus

895 590 938 617 est
955 591 1007 618 aut
1030 590 1095 626 ipsa
1118 591 1219 626 potius
1247 592 1379 627 potestas
1405 591 1432 618 ei
1456 590 1616 619 etﬁcacitas
1641 599 1660 620 a
1688 599 1719 620 se

894 636 1056 670 utrumque
1065 634 1191 668 habens,
1203 637 1379 672 potestatem
1392 643 1512 664 omnem
1520 635 1719 665 corroborans

895 677 1059 706 eﬂicaciam
1073 687 1195 714 acuens,
1210 679 1364 716 utriusque
1380 682 1484 708 auctor
1498 680 1639 708 omnibus
1649 689 1718 717 quae

893 722 958 751 illas
973 731 1092 760 cunque
1114 724 1304 760 participant.
1331 725 1464 758 Quorum
1489 724 1563 753 nihil
1582 726 1719 754 omnium

893 767 1060 804 quidquam
1067 768 1162 797 simile
1172 768 1480 805 patituraquoquam,
1488 777 1556 798 cum
1570 769 1643 800 nulli
1657 778 1720 799 non

893 811 1042 840 effectioni
1057 821 1149 841 causa
1161 813 1226 850 ipse
1251 813 1435 842 extrinsecus
1464 822 1641 844 succurrens
1668 815 1720 842 ad-

7 855 82 883 ’Υπ¹
117 856 199 886 αὐτῆς
224 853 255 882 δί
276 857 356 888 μόνης
382 856 457 883 αὐτοὶ
489 860 536 887 τῆς
561 860 732 894 πρωτουργοῦ
760 854 783 883 δι

944 856 1042 893 rixque
1048 857 1137 886 adsit.
1150 857 1315 886 Potestates
1322 860 1351 886 et
1368 858 1558 887 etﬁcacitates
1568 859 1639 887 item
1650 860 1720 888 sunt

8 910 99 938 μεως
128 900 176 927 εἶτ’
199 899 243 927 οὖν
269 901 457 939 αὖτινιργιίας,
499 900 661 938 ὶνεργοῡνταὶ
702 899 838 937 δυναμού-

10 955 116 982 μενοι.
145 944 237 981 Ἄγιος
266 946 345 977 ὄντως
374 945 468 977 ἐκεῖνος
495 948 539 972 καὶ
568 947 643 982 μόνος
669 944 765 982 ἀγαθός
794 947 839 982 φύ-

17 999 88 1025 στι,
121 989 151 1021 ὃς
173 992 244 1026 πηγή
271 999 299 1017 τι
324 992 369 1017 καὶ
392 990 456 1028 ῥίζα
483 992 578 1022 παντός
612 990 683 1017 ἔστιν
708 990 840 1027 ἀγιασμοΰ

14 1037 74 1061 καὶ
106 1034 281 1071 ἁοίαθότητος.
309 1034 396 1071 ’Δγιοι
426 1033 456 1062 δί
479 1037 525 1062 καὶ
554 1034 648 1071 ἁγαθοί
673 1037 718 1061 καὶ
756 1033 838 1063 οὗτοι.

17 1079 105 1107 Ἀλλ’
122 1079 193 1116 ὀμὶνν
207 1078 351 1115 ἁμιθέκτως
370 1081 416 1106 καὶ
445 1078 574 1112 ἀναιτίως,
604 1081 629 1106 οἱ
652 1077 682 1106 δὲ
712 1080 840 1116 μιθικτῶς

21 1127 78 1151 καὶ
116 1123 314 1161 μεταληπτικῶς
354 1128 390 1159 τῷ
428 1125 494 1162 πρὸς
528 1124 606 1151 αὑτὸν
652 1126 700 1154 τὴν
749 1123 841 1151 οὐσίαν

24 1169 188 1205 ᾠκειῶσθαι
203 1173 252 1200 τῆς
276 1168 415 1205 ἁγιότητος
440 1168 678 1206 ύπιρπληρούμινοι
704 1171 750 1195 καὶ
779 1168 842 1204 ἁγα-

26 1215 159 1250 Θότητος,
175 1213 228 1240 οἷον
242 1215 402 1251 αὐτόχρημα
429 1215 459 1240 τὸ
483 1216 655 1251 μιτεχόμενον
684 1215 840 1250 πεφύκασιν.

893 901 1013 929 Michael
1029 904 1058 929 et
1071 901 1196 930 Gabriel.
1208 903 1380 935 Potestates,
1395 910 1456 931 non
1478 903 1637 939 qualitates
1666 903 1721 933 im-

893 945 1039 982 perfectae,
1055 949 1107 974 aut
1119 946 1239 975 habitus
1264 947 1304 975 ad
1328 946 1536 976 etﬁcacitatem
1550 947 1633 977 viam
1652 956 1720 977 mu-

893 990 1009 1019 nientes
1026 990 1099 1019 :sed
1111 990 1269 1020 facultates
1283 991 1360 1020 vivm
1373 1000 1504 1029 quarum
1531 994 1648 1021 naturae
1671 1001 1720 1023 ex-

894 1034 1083 1071 peditissima
1098 1043 1218 1072 semper
1232 1035 1342 1071 agendi
1359 1036 1402 1064 vis
1409 1044 1510 1064 comes
1528 1035 1662 1067 adhaeret
1677 1037 1720 1067 in-

895 1078 1028 1107 dividua.
1044 1080 1119 1108 Nam
1133 1079 1164 1107 in
1180 1079 1340 1109 materialis
1356 1080 1479 1116 quidem
1490 1082 1519 1108 et
1530 1080 1719 1110 naturalibus

896 1123 1073 1159 corporibus
1092 1124 1252 1160 separatim
1262 1128 1376 1152 naturae
1387 1124 1638 1161 ratio,separatim
1649 1125 1720 1156 item

896 1167 986 1196 insita
1001 1170 1152 1205 spectatur
1163 1170 1207 1196 vis
1223 1177 1230 1197 :
1244 1176 1313 1206 quae
1336 1168 1478 1197 habilitas
1505 1171 1548 1197 est
1575 1169 1719 1206 quaedam

897 1212 937 1241 ad
949 1212 1035 1241 facile
1053 1213 1242 1249 operandam
1257 1213 1416 1248 instruens,
1428 1215 1491 1242 tum
1505 1213 1571 1250 ipsa
1590 1214 1719 1250 denique

26 1259 212 1295 supervenit
233 1258 372 1295 expedita
393 1258 528 1295 proxime
554 1258 691 1292 facultas,
721 1258 975 1294 complementum
1003 1257 1158 1294 quoddam
1186 1258 1370 1292 substantias,
1387 1265 1480 1295 quam
1508 1258 1625 1287 virtutis
1654 1258 1720 1294 ejus

26 1311 106 1341 qua:
118 1303 150 1331 in
161 1310 193 1331 se
206 1305 250 1331 est
262 1303 418 1332 collatione
435 1302 559 1340 perﬁcit.
575 1303 665 1332 Aliter
679 1310 770 1339 porro
783 1310 814 1331 se
824 1310 871 1330 res
890 1303 983 1331 habet
1008 1303 1039 1331 in
1068 1303 1319 1332 intellectualibus
1342 1305 1370 1332 et
1394 1303 1566 1340 expertibus
1587 1303 1719 1332 materiae

27 1348 164 1377 naturis.
180 1347 294 1381 Quibus
309 1347 377 1384 ipsa
391 1356 446 1376 sua
458 1347 606 1376 facultatis
623 1347 718 1376 vicem
734 1347 831 1375 omnis
843 1347 901 1376 sibi
930 1349 1061 1384 potestas
1081 1350 1109 1376 et
1134 1347 1293 1377 eﬂicaoitas
1320 1348 1460 1385 expedita
1485 1348 1620 1384 proxime
1647 1347 1721 1377 sub-

29 1393 149 1422 stantia
164 1400 216 1429 per
231 1400 262 1421 se
275 1394 328 1422 est.
341 1394 392 1421 Per
409 1392 440 1421 id
453 1393 531 1421 enim
546 1393 646 1430 ipsum
660 1394 786 1429 possunt
799 1400 861 1428 quo
877 1394 965 1420 sunt:
982 1400 1018 1420 ac
1040 1392 1121 1420 velut
1147 1400 1183 1420 ex
1215 1392 1340 1429 perenni
1371 1392 1452 1421 fonte
1476 1395 1620 1421 aeternam
1649 1392 1720 1421 inde

28 1437 170 1467 fundunt
183 1437 358 1466 etﬁcacitem
376 1445 382 1471 ;
397 1445 502 1465 eorum
513 1439 545 1465 ut
557 1437 656 1465 omnis
670 1436 772 1474 (longe
784 1436 928 1464 nimirum
941 1444 1035 1473 supra
1047 1445 1207 1465 causarum
1223 1436 1398 1466 inﬁmarum
1421 1444 1549 1472 egenam
1579 1439 1608 1465 et
1634 1437 1720 1466 defa-

30 1482 174 1519 tigationi
188 1481 347 1510 ﬁnitimam
362 1481 470 1517 agendi
485 1481 644 1518 rationem)
655 1489 692 1510 ex
702 1480 851 1510 facultatis
869 1481 1057 1510 abundantia
1081 1489 1201 1518 semper
1228 1481 1375 1509 redundet
1399 1481 1543 1518 operatio.
1569 1483 1629 1509 Deo
1655 1482 1720 1518 jam

31 1527 149 1563 dignus
164 1526 313 1555 efﬁciendi
328 1527 446 1562 modus,
462 1534 523 1563 quo
539 1526 682 1555 nimirum
695 1525 735 1554 ab
749 1533 810 1554 uno
825 1525 883 1554 hac
899 1525 938 1554 illi
949 1526 1031 1554 omni
1042 1526 1084 1555 ita
1096 1529 1237 1563 prompta
1250 1528 1339 1562 atque
1354 1525 1431 1554 facili
1456 1528 1525 1554 sunt
1549 1527 1646 1554 ornati
1671 1534 1720 1563 pe-

32 1574 157 1601 testate.
171 1571 225 1605 Qui
235 1572 305 1600 item
321 1579 391 1600 vere
407 1574 528 1600 sanctus
548 1571 668 1600 etsolus
681 1571 781 1599 bonus
796 1572 906 1599 natura
921 1578 987 1599 vere
998 1570 1114 1599 dicitur.
1130 1571 1246 1608 Quippe
1257 1570 1420 1599 sanctitatis
1428 1572 1457 1599 et
1471 1570 1612 1598 bonitatis
1625 1571 1720 1600 omnis

34 1617 106 1646 fons
117 1616 201 1645 idem
218 1617 246 1644 et
258 1616 343 1645 radix
358 1618 412 1646 est.
429 1616 528 1646 Sancti
542 1623 664 1652 quoque
677 1615 770 1644 nostri
784 1615 832 1644 isti
847 1615 933 1644 simul
952 1617 980 1644 et
996 1615 1078 1644 boni.
1102 1617 1138 1644 At
1165 1615 1213 1643 ille
1238 1615 1362 1652 propria
1390 1614 1525 1652 nullique
1555 1623 1655 1643 causae
1669 1615 1718 1643 de-

36 1662 124 1690 bita:
141 1661 190 1689 isti
200 1660 312 1689 alunde
326 1661 417 1690 ducta
432 1662 461 1689 et
474 1660 654 1697 participata
666 1660 810 1695 bonitate,
829 1660 916 1696 cujus
938 1660 1111 1689 hauriendus
1142 1660 1293 1697 copiosius
1316 1667 1371 1688 sua
1393 1659 1538 1688 naturalis
1557 1667 1627 1688 cum
1656 1660 1720 1696 ejus

37 1707 122 1735 fonte
137 1707 196 1734 Deo
211 1705 420 1744 propinquitas
435 1713 581 1741 magnam
596 1705 671 1742 ipsis
686 1705 944 1742 opportunitatem
959 1705 1096 1742 praebuit,
1113 1707 1146 1734 ut
1158 1713 1219 1734 non
1232 1705 1296 1742 jam
1307 1705 1338 1734 in
1352 1705 1409 1733 illis
1429 1705 1652 1734 communicata
1661 1705 1714 1734 bo-

38 1751 131 1787 nitas,
148 1751 202 1779 sed
212 1750 278 1787 ipsa
288 1749 365 1779 adeo
377 1750 556 1787 primigenia
568 1752 715 1778 cernatur.

76 1796 137 1824 Ἐτι
153 1797 232 1832 σοφία
246 1797 310 1832 πρὸς
335 1796 436 1827 τούτοις
461 1797 506 1821 καὶ
537 1794 656 1829 ἀλήθεια,
684 1792 842 1823 δικαισύονη

943 1795 976 1823 td
988 1795 1053 1823 haec
1066 1795 1097 1823 in
1108 1794 1217 1824 divinis
1242 1797 1388 1832 praeterea
1407 1794 1536 1823 oraculis
1561 1795 1719 1832 sapientia,

38 1843 86 1867 xui
110 1842 229 1877 σωτηρία
253 1841 298 1866 καὶ
322 1841 355 1866 τὰ
379 1839 553 1876 παραπλήσια
573 1848 638 1876 προς
665 1843 715 1866 τῶν
752 1839 844 1866 ϐιοσό-

39 1896 93 1922 φων
108 1885 201 1921 λογὶων
214 1885 228 1914 ἠ
247 1885 360 1922 θεαρχία
374 1885 591 1922 προυηγόρευται.
619 1885 652 1910 Τί
675 1881 705 1910 δὲ
732 1882 844 1919 Μιχαὴλ

38 1932 85 1956 καὶ
94 1929 207 1967 Γαϐριὴλ
223 1929 270 1962 ;οὖ
285 1931 360 1965 σοφοὶ
373 1930 406 1955 τὰ
422 1929 478 1956 θεῖα
492 1938 499 1962 ς
531 1930 578 1955 καὶ
597 1932 643 1959 τῆς
670 1929 763 1964 σοφίας
795 1931 843 1959 τῆς

39 1975 136 2001 ἀνωθεν
159 1977 216 2004 τοῖς
242 1972 324 2005 ἀξίοις
351 1972 559 2011 διαπορθμιυταί
595 1982 602 2006 ;
644 1972 698 1999 Οὐκ
739 1971 845 2003 ἀληθεῖς

41 2020 115 2046 αὐτοὶ
138 2021 184 2046 καὶ
208 2017 309 2046 δίκαιοι
333 2019 404 2056 παρὰ
432 2022 489 2044 Θεῶ
531 2027 538 2052 ;
579 2016 702 2048 ἀληθείας
737 2015 766 2043 δὲ
799 2019 844 2043 καὶ

41 2063 215 2095 δικαιοσύνης
236 2064 299 2100 ἡμῖν
324 2062 469 2101 βραϐιῦταί
501 2070 508 2096 ;
541 2062 571 2088 οὒ
602 2065 715 2099 σωτῆρες
743 2063 844 2098 κόσμου

42 2110 108 2146 μετά
131 2118 160 2144 γε
186 2109 230 2135 τὸν
258 2110 334 2140 ὅντως
361 2111 469 2144 Σωτῆρα
494 2109 625 2143 πεφήνασι
649 2109 705 2137 τοῖς
730 2105 845 2142 σωζομέ-

42 2163 96 2185 νοις
113 2162 119 2188 ;
132 2153 167 2180 ’Ἡ
181 2153 245 2189 οὐχὶ
259 2154 307 2184 τὰς
316 2156 366 2179 τῶν
380 2156 481 2179 πιστῶν
501 2152 654 2189 προσευχὰς
685 2151 719 2181 ὡς
748 2148 846 2181 εὐῶδες

45 2200 164 2235 θυμίαμα
184 2198 349 2235 προσάγουσι
380 2199 477 2234 Κυρίῳ,
509 2197 626 2223 κάκιῑθεν
668 2199 717 2222 τῶν
756 2195 846 2221 αἰτου-

44 2245 124 2280 μένων
156 2244 205 2271 τὴν
228 2242 362 2279 πλήρωσιν
388 2242 422 2272 εἰς
449 2243 581 2278 σωτηρίαν
606 2243 659 2271 τοῖς
695 2239 845 2276 εὐχομένοις

46 2287 251 2324 ὶπιχορηγοῠσιν
265 2293 276 2322 ;
291 2286 324 2313 Ἣ
346 2286 410 2322 οὖχὶ
439 2288 483 2312 καὶ
507 2288 557 2312 πᾶν
581 2286 610 2311 τὸ
638 2286 776 2321 πρόσωπον
799 2288 846 2315 τῆς

45 2337 93 2368 γῆς
103 2333 249 2370 ἐφορῶντες,
275 2331 328 2367 οὐχ
354 2332 452 2360 ἥκιστα
477 2328 506 2356 δὲ
536 2330 598 2360 τοὺς
619 2328 643 2355 ἓν
669 2333 722 2364 ναῷ
747 2330 845 2355 τούτων

47 2377 109 2413 ἁγίῳ
141 2368 398 2414 προσκαρτεροῦντας
445 2374 626 2405 ἐποπτεύοντες
670 2371 845 2400 παντοδαπῶν
861 2368 882 2395 D

46 2431 73 2448 τε
91 2423 181 2454 νόσων,
203 2423 248 2447 καὶ
274 2421 361 2451 πάσης
386 2418 516 2456 δαιμόνων
541 2418 670 2456 ἐπηρείας,
692 2420 737 2444 καὶ
758 2419 845 2449 πάσης

47 2468 170 2504 σωμάτων
199 2466 316 2498 ὶξιῶνται
335 2465 420 2502 λύμης
447 2474 474 2491 τι
497 2466 542 2491 καὶ
578 2465 673 2502 φθορᾶς
698 2472 705 2497 ;
744 2466 844 2501 Ὠσπερ

45 2513 105 2549 γὰρ,
124 2511 145 2538 εἰ
155 2513 193 2548 μὴ
222 2511 350 2548 τολμηρόν
376 2510 465 2544 εἰπεῖν,
491 2509 542 2536 ὃσα
568 2509 638 2535 κατὰ
662 2509 739 2545 φύσιν
759 2508 846 2545 ἐνορᾶ-

46 2560 164 2592 ταιΘεῷ,
181 2557 264 2582 ταῦτά
284 2565 313 2592 γε
340 2556 407 2582 κατά
431 2556 475 2584 τὴν
501 2554 582 2580 αὐτοῦ
614 2553 679 2580 εἰσιν
704 2551 775 2580 οὗτοι
802 2563 846 2590 με-

46 2603 159 2634 τουσίαν,
177 2602 222 2627 καὶ
237 2601 287 2627 ὅσα
311 2598 340 2627 δὲ
367 2599 465 2636 πληροῖ
485 2596 622 2629 οὐσιωδῶς
651 2597 734 2627 ὶκιίνη
768 2596 846 2625 ἀδια-

49 2647 145 2676 στάτως
171 2649 208 2681 τῷ
228 2647 306 2671 παντὶ
338 2647 473 2682 παροῦσα,
509 2647 594 2670 ταῦτα
630 2646 729 2679 νοεραῖς
774 2641 845 2669 οὗτοι

49 2692 171 2720 πτήσισιν
196 2690 231 2721 ὡς
270 2690 410 2726 ὑπόπτεροι
443 2690 497 2720 νόες
540 2687 736 2724 κατιιλὴφασιν·
778 2689 845 2714 οὕτω

50 2734 188 2762 καὶπάνθ’
215 2735 265 2761 ὅσα
305 2732 417 2761 δύναται
452 2737 533 2761 ποιεῖν
571 2732 597 2765 ἔξ
636 2732 716 2765 αὐτῆς
749 2731 843 2767 εκείνη,

51 2781 188 2808 ταῦτακαὶ
201 2780 308 2811 τούτους
324 2780 407 2816 τυχὸν
431 2779 456 2806 ἓν
479 2778 561 2816 ἐκείνῃ
590 2775 722 2807 δύνασθαι
748 2781 842 2812 ποιεῖν,

56 2858 81 2870 σπι
86 2852 124 2870 sua

897 1839 1016 1873 veritas,
1022 1839 1145 1875 jnstitia,
1156 1839 1248 1874 salus,
1257 1841 1286 1868 et
1297 1839 1320 1867 si
1333 1839 1408 1876 quid
1419 1839 1567 1875 ejusmodi
1575 1840 1719 1876 estaliud,

898 1885 976 1912 Deus
990 1884 1166 1921 appellatur.
1181 1885 1257 1918 Quid
1277 1884 1399 1913 Michael
1414 1886 1441 1913 et
1458 1884 1599 1913 Gabriel?
1610 1892 1648 1912 an
1659 1892 1721 1913 non

898 1929 1065 1957 divinarum
1081 1937 1179 1957 rerum
1186 1929 1456 1965 praeditisapientia
1471 1929 1561 1957 sunt?
1576 1937 1637 1957 non
1644 1929 1722 1965 ejus—

899 1972 969 2002 dem
988 1973 1027 2002 ad
1042 1973 1180 2001 homines
1196 1973 1220 2001 si
1239 1973 1291 2010 qui
1310 1975 1393 2002 tanto
1409 1975 1480 2002 sunt
1498 1973 1582 2008 digni
1599 1981 1723 2002 munere

899 2018 1048 2046 institores
1059 2017 1140 2046 velut
1154 2018 1279 2054 quidam
1295 2019 1324 2046 et
1337 2018 1513 2055 interpretes
1527 2018 1542 2047 Ἰ
1555 2020 1600 2046 An
1615 2026 1676 2046 non
1691 2018 1724 2047 ii-

900 2062 969 2090 dem
980 2063 1041 2090 veri
1056 2062 1163 2098 etjusti
1176 2062 1258 2098 apud
1277 2062 1393 2090 Deum?
1415 2062 1506 2090 Nobis
1531 2070 1603 2091 vero
1623 2070 1723 2090 nonne

899 2107 940 2135 illi
963 2107 1093 2135 veritatis
1116 2109 1143 2135 et
1166 2107 1287 2142 justitise
1312 2107 1436 2143 praemia
1457 2107 1594 2135 dividunt
1622 2105 1636 2133 Τ
1660 2108 1724 2135 Non

900 2152 1178 2180 mundisalvntores
1194 2151 1337 2186 (secundo
1353 2151 1474 2188 quidem
1484 2151 1551 2179 loco
1570 2153 1638 2187 post
1663 2151 1722 2180 Sal-

900 2198 1034 2224 vatorem
1049 2198 1163 2231 verum)
1178 2196 1299 2224 salvatis
1315 2204 1346 2224 se
1362 2197 1526 2224 exhibent?
1542 2199 1570 2224 et
1585 2196 1724 2233 nunquid

900 2242 1051 2270 orationes
1058 2241 1192 2270 ﬁdelium
1200 2244 1346 2278 tanquam
1354 2241 1476 2269 odorem
1485 2249 1578 2270 suave
1589 2241 1724 2276 fragran-

900 2288 960 2314 tem
981 2286 1106 2314 Domino
1122 2286 1283 2314 admovent
1297 2285 1514 2322 iindidemque
1528 2286 1725 2323 expetitarum

899 2339 999 2359 rerum
1006 2331 1130 2359 uberem
1137 2331 1254 2367 copiam
1265 2333 1292 2358 et
1298 2332 1432 2358 votorum
1442 2330 1546 2359 eﬁ‘ecta
1552 2331 1590 2358 ad
1597 2330 1725 2359 salutem

899 2375 1092 2411 precantibus
1102 2375 1284 2411 expediunt?
1290 2383 1328 2403 an
1336 2383 1397 2403 non
1411 2375 1441 2403 in
1448 2377 1541 2403 terras
1552 2375 1610 2403 late
1618 2383 1725 2403 omnes

901 2429 936 2449 ex
951 2420 1084 2457 quadam
1096 2420 1178 2448 velut
1192 2419 1316 2455 specula
1328 2419 1607 2448 beneﬂcentissimae
1626 2419 1727 2456 provi-

900 2465 1008 2494 dentiae
1023 2465 1230 2500 despectantes
1245 2463 1419 2492 universum
1435 2472 1529 2499 genus
1553 2464 1724 2499 hominum,

900 2511 929 2538 et
943 2509 1051 2537 scilicet
1070 2508 1102 2536 in
1125 2515 1229 2535 eorum
1259 2515 1361 2536 curam
1385 2508 1438 2544 qui
1464 2511 1569 2536 sancto
1589 2507 1724 2543 ipsorum

900 2554 1012 2591 templo
1026 2553 1177 2588 religionis
1201 2551 1306 2580 ofﬁciis
1327 2553 1474 2580 constanti
1498 2553 1606 2589 pietate
1617 2559 1725 2586 reprae-

900 2598 1053 2627 sentandis
1070 2599 1294 2634 perseveranter
1319 2596 1470 2630 insistunt,
1500 2595 1642 2632 peculiari
1666 2597 1726 2623 stu-

900 2643 950 2671 dio
964 2642 1133 2678 vigilantes,
1149 2640 1372 2669 abmorborum
1383 2639 1466 2668 omni
1478 2648 1596 2675 genere,
1615 2643 1680 2668 tum
1706 2648 1725 2668 a

900 2687 1049 2716 malorum
1055 2686 1229 2715 dwmonum
1239 2684 1435 2721 impressione
1446 2685 1546 2720 noxia,
1561 2683 1724 2721 corruptio-

899 2740 997 2769 neque
1005 2731 1088 2761 omni
1095 2739 1131 2760 ac
1144 2729 1274 2768 pernicie
1289 2728 1583 2766 corporumliberant
1599 2730 1613 2758 ?
1628 2729 1722 2762 Quem

900 2777 1067 2808 admodum
1081 2776 1173 2811 enim,
1189 2775 1246 2804 nisi
1268 2774 1300 2803 id
1326 2774 1385 2804 dici
1406 2774 1542 2805 videatur
1563 2773 1721 2810 audacius,
