1966 3079
24 113 92 140 2&5

450 113 583 142 ΝΙΟΕΤΑΞ
598 115 774 144 LAUDATIO
790 116 838 144 SS.
854 115 1041 146 MICHAELIS
1061 119 1104 147 ET
1122 120 1319 149 GABRIELIS.

1653 121 1723 149 ιω

21 175 172 212 ι-τερωταε
187 183 195 191 ·
212 174 237 200 οἱ
250 174 354 200 πάντων
379 175 445 211 ἁμοῦ
471 181 523 202 τῶν
549 176 626 203 ὶθνῶν
656 178 761 213 ἄριστοι
783 188 797 204 τι

947 182 972 207 tu
986 188 1193 217 capessamus,
1221 182 1247 210 si
1275 181 1399 218 quidem
1416 181 1456 209 ad
1481 181 1582 217 aliqua
1598 182 1645 209 vel
1664 182 1723 210 me“

21 220 127 249 ιηθεῖς
167 222 216 244 καὶ
248 217 390 255 κηδεμόνες
425 230 430 236 ·
460 225 510 246 τῶν
536 221 649 257 ἀγγέλων
669 222 694 248 οὶ
719 221 844 259 δημαγω-

20 266 76 295 τοὶ,
97 267 160 289 τῶν
175 263 348 299 ὰρχαγγίλων
365 265 389 290 οἱ
400 263 528 301 ἀρχηγοὶ,
550 267 574 291 οἱ
593 267 718 303 ἄρχοντες
741 266 765 293 ἐν
791 271 846 297 ταῖς

20 308 146 344 ἱρχαίς,
167 310 214 334 καὶ
226 307 420 340 ἐξουσιάζοντες
447 308 470 335 ἐν
494 309 626 341 ἐξουσίαις
652 322 657 327 -
687 312 712 337 οἱ
739 309 846 337 δυνατοὶ

20 354 67 378 [sv
105 351 135 378 ἓν
177 356 238 383 ταῖς
263 351 402 388 δυνάμεσι,
436 363 523 390 κυριοι
552 353 581 381 δὲ
598 354 621 381 ἐν
643 359 698 385 ταὶς
726 359 847 392 κυριότη-

20 407 64 422 τιν
101 407 109 414 ο
144 398 172 423 οἱ
211 401 261 423 τῶν
291 398 387 434 θρόνων
413 399 541 427 σύσκηνοι
566 402 611 425 καὶ
637 400 771 436 συνόμιλοι
798 404 846 426 τῶν

19 441 175 478 Χερουϐὶμ
204 443 248 467 καὶ
275 441 425 469 ἰσοστάσιοι
453 447 502 468 τῶν
525 447 638 480 Σιραφίμ
663 455 671 462 ι
697 445 716 470 ὦ
736 447 779 471 τὸν
793 455 847 481 τρι-

19 487 126 522 τάγιον
150 486 233 523 ὕμνον
255 488 301 512 σὺν
329 490 410 513 πᾶσιν
436 488 525 519 αὐτοῖς
554 489 568 518 ἣ
590 491 639 527 πρὸ
667 490 767 516 πάντων
794 495 848 526 τρι·

19 534 141 566 war/iac;
177 530 291 562 ἀεννάοις
320 535 356 566 τῷ
383 533 515 568 ὑπιραγίῳ
543 532 720 571 προσᾴδοντες
741 534 846 570 ὑμνο).ο-

19 577 116 610 γίοιις,
148 575 255 613 εἱρήνης
295 579 362 603 Θεοῦ
400 576 518 606 πλήσατε
549 581 596 607 τὴν
622 582 679 614 γῆν.
707 577 844 615 Ὁμόνοιαν

18 619 134 653 ἀληθῆ,
168 621 351 656 ὁμοφροσύνην
379 621 492 658 θεοφιλῆ⁵
520 625 576 652 ταῖς
605 623 769 654 Ἐκκλησίαις
802 624 843 649 ἇν-

18 665 93 690 ωθεν
113 663 286 702 βραϐεύσατε
316 675 322 682 ·
353 667 397 691 καὶ
419 668 479 697 τοὺς
501 665 623 698 ἀναξίους
649 672 693 694 τοῦ
723 671 843 704 σώματος

18 709 199 746 περιελόντες
233 713 351 747 Χριστοῦ
377 711 413 740 εἰς
437 709 462 736 ἓν
487 715 589 747 πνεῦμα
612 715 656 738 καὶ
682 713 726 738 ἕνα
755 714 842 738 καινὸν

18 754 176 790 ἄνθρωπον
216 755 245 779 τὸ
283 753 412 790 πλήρωμα
444 757 638 793 χαταρτὶσασθε
662 760 738 784 Θεοῦ.
766 756 842 792 Ἡμῖν

20 795 59 824 δὲ
87 800 137 824 τὸν
168 799 214 834 itii;
245 800 360 835 παρόντα
386 798 446 835 βίον
473 800 653 827 κατευθύνοιτε
678 803 741 838 πρὸς
754 803 782 827 τό
800 801 842 828 εὐ-

21 843 69 873 θὲς
100 841 200 879 πρᾶξίν
232 852 260 869 τε
286 846 372 869 πᾶσαν
401 845 445 869 καὶ
464 843 590 880 λογισμὸν
606 845 660 881 [καὶ
681 845 755 881 λόγον
777 847 842 882 πρὸς

21 887 213 924 εὐαρέστησιν
239 889 411 918 συντείνοντες
438 892 485 914 τοῦ
509 892 575 915 Θεοῦ
606 900 612 906 ·
639 891 842 927 μεθισταμένους

24 930 59 958 δὲ
75 935 129 962 τῆς
156 931 324 963 πολυπαϐοῦς
337 933 436 963 ταύτης
465 933 535 964 ζωῆς
555 936 597 960 καὶ
625 934 740 970 ὀχληράς
754 937 790 971 μὴ
805 934 839 964 δὴ

24 980 82 1006 τοῖς
110 976 241 1012 ὀλεθρίοις
264 980 310 1002 τοῦ
338 979 450 1008 σκότους
474 976 594 1013 ἀγγέλοις
617 980 712 1016 χάρμα
736 979 842 1006 καταλί-

25 1030 109 1049 πητε.
124 1018 277 1057 Μηδαμῶς,
304 1020 324 1046 ὦ
349 1022 476 1047 θειότατοι
500 1023 612 1058 Μιχαὴλ
639 1025 683 1049 καὶ
716 1023 841 1060 Γαϐριὴλ,

28 1068 64 1101 μή
115 1063 262 1102 παραδῶτε
299 1065 393 1101 ψυχὴν
431 1066 664 1103 ὶξομολογουμένην
698 1072 755 1102 Θεῷ
797 1071 842 1095 καὶ

30 1112 281 1147 προσανακιιμένην
326 1111 398 1146 ὑμῖν,
432 1110 495 1136 ἀλλά
533 1113 593 1142 τοὺς
634 1113 679 1148 μὲν
717 1112 840 1149 ἐμϐριμὴ-

149 1155 208 1189 θιίῳ
246 1153 358 1191 στερρῶς
386 1154 604 1192 ἀπορριψοξμενοι,
634 1156 708 1182 αὐτοὶ
736 1155 766 1187 δέ
796 1167 842 1193 μοι

31 1202 159 1234 σωτῆρες
172 1198 267 1234 ἀγαθοὶ
282 1201 327 1225 καὶ
348 1199 509 1235 ὑπέρμαχοι,
539 1202 584 1226 καὶ
610 1210 675 1236 προς
696 1203 738 1227 τὸν
765 1203 841 1238 ὑπέρ-

31 1244 90 1270 θεον
120 1243 262 1279 εἰσαγωγοὶ
289 1245 334 1270 καὶ
365 1248 471 1280 μεσῖται
493 1246 650 1281 πανάριστοι
677 1249 841 1282 γεγενημένοι

34 1289 166 1324 Χριστόν,
187 1289 223 1323 μὴ
241 1290 300 1324 πρὶν
330 1287 462 1318 ἀποστῆτε
483 1291 530 1318 τὴν
559 1291 594 1320 ὡς
620 1290 697 1315 αὑτὸν
723 1290 840 1325 ἄγουσαν

36 1330 146 1358 εἰσοδον
162 1331 375 1368 ἂξευμαρίζοντες
389 1333 469 1370 ἄχρις
485 1333 516 1359 ἂν
536 1334 569 1364 εἰς
595 1334 676 1363 αὐτὴν
700 1338 746 1360 τοῦ
771 1333 837 1361 Θεοῦ

31 1379 81 1406 τήν
94 1377 266 1403 κατάπαυσιν
278 1376 436 1412 εἰσαγαγεῖν,
454 1380 499 1404 καὶ
514 1382 550 1414 τῷ
569 1382 619 1404 τῶν
642 1378 734 1414 ἐφετῶν
762 1377 840 1413 ἀκρο-

33 1422 106 1456 τάτῳ
136 1424 325 1457 προσαρμόσαι
352 1422 387 1453 εὶς
402 1420 482 1453 δόξαν
508 1425 609 1460 Πατρός
634 1425 678 1449 καὶ
704 1425 766 1449 Υίοῦ
794 1426 839 1449 καὶ

30 1164 99 1190 ματι

901 224 1030 252 diocrem
1046 227 1308 262 intelligentiarum
1328 227 1462 255 notitiam
1479 226 1656 262 aspiremus.
1683 227 1723 255 Si—

901 267 1007 296 militer
1023 270 1102 298 enim
1118 271 1292 306 imperfecta
1309 273 1387 305 sunt,
1401 271 1478 298 actio
1489 270 1596 303 infans,
1613 272 1641 298 et
1652 272 1724 298 otio-

901 320 952 339 sus
969 321 1078 342 sermo.
1097 315 1149 342 llla
1162 315 1285 351 quidem
1299 315 1440 352 perplexa
1454 317 1482 342 et
1494 315 1524 342 in
1539 315 1723 350 inconstans,

900 358 963 384 tum
973 358 1061 385 tristis
1076 359 1228 395 quaedam,
1245 360 1347 394 gratiae
1357 360 1421 394 ejus
1431 362 1459 386 et
1473 359 1547 386 lucis
1558 359 1646 394 inops
1657 367 1724 395 quae

901 400 1038 430 doctrina
1053 405 1080 430 et
1093 411 1230 431 sermone
1243 404 1418 431 continetur.
1449 403 1499 431 Hic
1515 410 1586 431 vero
1601 404 1724 439 strepitu

901 445 997 474 inutili
1010 454 1062 482 per
1077 455 1176 475 aerem
1197 447 1304 481 ﬂuens,
1321 450 1349 476 et
1374 450 1525 476 auctorem
1552 455 1641 475 suum
1659 447 1725 482 ejus

901 491 1100 520 ostentatione
1115 492 1291 528 gloriantem
1315 493 1434 520 inanem
1459 492 1642 528 relinquens,
1667 492 1725 520 nisi

901 534 1016 562 actione
1027 535 1219 564 confirmatus
1232 536 1359 564 solidam
1368 539 1431 564 tum
1438 536 1560 563 demum
1566 536 1724 564 invictam-

899 586 958 614 que
973 578 1115 613 obtineat,
1138 583 1168 608 ut
1191 581 1254 615 jam
1280 581 1392 616 optime
1409 579 1549 608 fundatus
1563 580 1593 607 in
1609 581 1722 614 animo,

897 621 1078 650 ﬁrmitatem.
1096 624 1148 656 Qui
1162 626 1261 652 autem
1278 624 1339 652 haec
1355 624 1542 660 coujungunt
1554 624 1603 659 ita,
1621 627 1653 652 ut
1668 632 1724 652 nec

897 667 1109 703 contemplatio
1121 668 1267 697 actionem
1281 668 1438 702 desideret,
1455 676 1509 696 nec
1523 669 1583 696 ista
1592 668 1723 696 vicissim

897 710 974 738 illius
998 712 1147 740 consortio
1179 713 1326 741 auxiliove
1348 713 1535 747 destituatur,
1563 712 1676 740 eisdem
1696 714 1724 740 et

896 756 1032 792 perfectis
1047 766 1113 786 esse
1137 757 1235 793 datur,
1256 761 1284 786 et
1308 758 1491 787 familiariter
1515 757 1630 792 angelis
1657 758 1721 785 uti:

896 804 958 829 tum
973 801 1128 830 facultates
1141 802 1286 839 dotesque
1303 811 1411 831 omnes
1430 802 1495 831 illas
1515 801 1673 830 subtilitate
1689 810 1723 830 ac

896 845 1055 881 splendore
1067 855 1122 874 suo
1134 855 1278 875 sensuum
1291 847 1466 875 frustrantes
1472 847 1565 875 aciem
1573 846 1724 882 soliusque

895 891 1003 918 mentis
1018 891 1156 919 intuitum
1167 891 1357 920 admittentes
1374 899 1464 927 posse
1479 891 1643 919 clarissime
1656 899 1723 926 per-

895 934 1018 970 spicere.
1032 936 1128 967 Quare
1139 938 1167 963 et
1178 936 1207 962 in
1219 935 1328 963 idonea
1338 935 1476 972 paranda
1486 935 1723 971 instruendaque

895 978 1038 1007 doctrina;
1053 986 1088 1007 ac
1101 980 1249 1008 sermonis
1265 980 1352 1016 copia
1367 979 1610 1008 contendendum
1626 981 1679 1012 est,
1695 981 1724 1007 et

896 1023 934 1052 ad
949 1023 1146 1052 obtinendam
1175 1024 1387 1060 perfectionem
1414 1024 1481 1052 vita:
1510 1024 1722 1059 laborandum,

895 1068 1127 1104 faciendumque
1140 1072 1172 1096 ut
1196 1069 1279 1097 illam
1304 1069 1402 1097 studio
1427 1072 1455 1097 et
1473 1069 1678 1098 meditatione.
1694 1070 1724 1096 et

893 1113 983 1141 istam
999 1113 1137 1148 religiOSa
1149 1114 1256 1141 mentis
1271 1113 1479 1141 exercitatione
1494 1121 1587 1149 quam
1599 1112 1723 1147 diligen-

895 1158 1009 1186 tissime
1018 1158 1201 1186 excolamus.
1217 1159 1263 1186 Sic
1272 1159 1351 1186 enim
1363 1158 1513 1194 utrimque
1521 1158 1619 1186 ornati
1629 1158 1724 1185 omni~

893 1202 1011 1238 busque
1024 1202 1154 1230 absoluti
1170 1203 1315 1235 numeris,
1332 1202 1452 1231 duabus
1466 1202 1547 1230 hisce
1561 1201 1641 1230 velut
1656 1202 1721 1236 alis,

893 1247 978 1274 terris
990 1247 1094 1280 evecti,
1110 1247 1258 1274 mundum
1273 1247 1354 1275 hunc
1369 1247 1491 1283 quidem
1507 1246 1722 1282 aspectabilem

894 1291 1152 1324 transcendemus,
1164 1291 1342 1326 intelligibili
1353 1299 1422 1320 vero
1437 1291 1563 1325 admoti,
1575 1291 1635 1318 imo
1647 1290 1723 1318 ultra

893 1335 993 1371 ipsum
1012 1335 1211 1364 abstractione
1238 1336 1344 1364 mentis
1374 1336 1457 1364 haud
1485 1335 1576 1372 paulo
1600 1335 1722 1363 feliciori

895 1387 1015 1407 sursum
1029 1380 1168 1415 provecti,
1181 1387 1250 1407 cum
1270 1380 1396 1408 aliarum
1410 1387 1563 1408 sacrarum
1577 1380 1722 1408 mentium

895 1423 1087 1451 lucidissimis
1112 1423 1320 1459 splendoribus
1344 1423 1548 1459 implebimur,
1574 1426 1639 1451 tum
1650 1431 1722 1451 vero

33 1465 114 1501 ἁγίου
132 1467 281 1502 Πνεὺματος
295 1466 330 1497 εἱς
344 1467 405 1497 τοὺς
417 1467 512 1498 αἰῶνας
531 1471 580 1493 τῶν
607 1467 714 1495 αἰώνων.
744 1467 809 1504 Ἀμή

942 1475 955 1495 e
971 1468 1084 1495 caeteris
1101 1467 1342 1502 archangelicam
1357 1468 1465 1495 horum
1493 1467 1718 1496 sublimitatem.

34 1508 284 1546 divinitatemque
305 1511 494 1539 mirabimur.
523 1512 614 1547 Cujus
641 1512 765 1540 visionis
789 1515 872 1540 tanto
897 1511 1003 1540 fructui
1026 1512 1090 1540 haec
1116 1512 1238 1540 accedet
1261 1512 1386 1548 insuper
1412 1512 1532 1546 utilitas,
1562 1512 1644 1548 quod
1671 1509 1722 1539 tali

34 1555 289 1591 contemplatione
300 1555 462 1584 exercitatis
476 1564 511 1584 ac
521 1557 698 1593 praeparatis
724 1557 876 1585 mentibus
899 1556 1086 1585 divinissima
1104 1557 1169 1592 jam
1196 1556 1320 1584 Trinitas
1345 1556 1531 1584 manifestius
1544 1556 1720 1590 ostenditur,

35 1599 220 1635 quibusdam
231 1602 379 1636 quantum
389 1601 525 1628 humana
536 1601 616 1637 capit
628 1601 813 1630 imbellicitas
827 1609 858 1629 se
871 1601 1115 1636 cognoscendam
1126 1601 1270 1629 exhibens
1286 1610 1292 1634 ;
1304 1601 1491 1637 quibusdam
1500 1601 1590 1628 etiam
1605 1603 1720 1628 tantum

35 1644 93 1672 hoc
119 1644 235 1672 donum
250 1644 300 1672 illo
313 1645 472 1673 cumulans
487 1645 630 1679 auctario,
644 1648 676 1674 ut
690 1646 806 1682 privato
830 1646 928 1674 fructu
952 1646 1112 1674 multorum
1136 1645 1175 1674 ad
1204 1645 1357 1674 utilitatem
1387 1648 1564 1681 propagato,
1589 1652 1716 1673 arcanas

35 1689 247 1717 illustrationes
263 1691 290 1716 et
299 1689 511 1725 mysteriorum
532 1698 639 1718 sensus
652 1690 876 1718 communicare
900 1691 964 1718 aliis
984 1691 1120 1718 docendo
1136 1698 1223 1726 posse
1252 1691 1406 1726 concedat,
1427 1691 1468 1718 ita
1492 1690 1642 1717 neminem
1659 1697 1720 1717 suae

36 1732 306 1761 beniﬁcentissimm
326 1733 553 1762 illuminationis
567 1736 718 1770 expertem
743 1735 853 1764 sinens.
884 1735 937 1762 sed
966 1735 1105 1771 quamvis
1128 1735 1264 1763 diversos
1277 1743 1382 1762 omnes
1411 1742 1469 1762 uno
1488 1734 1634 1762 beneﬁcio
1659 1741 1721 1761 suae

38 1777 287 1806 manifestationis
318 1779 521 1814 complectens
545 1782 574 1807 et
591 1779 695 1807 beans.
723 1782 758 1807 At
779 1787 846 1811 vos,
867 1787 886 1807 ο
912 1779 1161 1816 contemplatores
1190 1783 1219 1807 et
1237 1779 1362 1807 ministri
1376 1787 1524 1816 supremae
1538 1785 1721 1814 omnemque

37 1825 166 1851 mentem
179 1830 214 1850 ac
225 1830 396 1851 sermonem
411 1823 582 1851 excedentis
610 1823 974 1860 supersubstantialitatis.
996 1825 1017 1852 0
1043 1824 1168 1860 Spiritus
1187 1824 1291 1858 divini,
1317 1823 1406 1859 ignei,
1429 1824 1636 1858 intelligentes.
1652 1823 1719 1850 Ele-

38 1869 206 1895 mentorum
221 1867 327 1895 mundi
340 1867 531 1896 ﬁrmamenta
553 1876 589 1896 ac
618 1868 814 1896 fundamenta
829 1868 1010 1897 solidissima
1025 1868 1219 1903 Malignorum
1235 1861 1394 1904 spirituum
1410 1867 1508 1896 mallei
1528 1867 1719 1895 validissimi.

39 1912 92 1945 Qui
105 1911 255 1947 sapientes
265 1919 370 1948 sapere
385 1912 508 1940 docetis.
525 1913 580 1946 Qui
596 1913 708 1941 sanctis
730 1916 762 1941 ut
786 1914 870 1941 terris
897 1913 1016 1941 evolent
1031 1920 1148 1948 pennas
1163 1913 1281 1948 aptatis.
1299 1913 1320 1941 0
1332 1914 1508 1941 cunctarum
1536 1911 1625 1940 simul
1651 1918 1720 1946 gen-

39 1956 112 1984 tium
137 1956 279 1991 praesides
303 1956 420 1992 optimi,
458 1959 485 1985 et
510 1957 764 1992 providentissimi
791 1960 954 1989 curatores,
985 1957 1081 1993 plebis
1106 1957 1287 1992 Angelorum
1316 1958 1436 1991 tribuni,
1465 1957 1720 1991 Archangelorum

39 2001 241 2037 imperatores.
256 2001 404 2037 Principes
419 2002 448 2029 in
477 2001 704 2037 Principatibus,
734 2004 871 2038 potentes
896 2003 925 2030 in
953 2001 1156 2032 Potestatibus,
1186 2001 1358 2029 valentesin
1376 2002 1546 2034 Virtutibus,
1563 2001 1721 2029 dominan-

41 2048 82 2074 tes
92 2045 123 2073 in
143 2044 410 2077 Dominutionibus,
424 2046 610 2074 Thronorum
626 2046 866 2080 contubernales,
881 2049 1051 2075 sanctorum
1068 2046 1225 2073 Cherubim
1237 2046 1410 2080 familiares,
1428 2049 1455 2074 et
1479 2045 1629 2082 supremis
1657 2053 1720 2072 om-

40 2090 122 2118 nium
139 2089 291 2125 Serapbim
305 2089 445 2126 aequales.
464 2091 485 2118 0
502 2091 552 2126 qui
563 2091 710 2126 hymnum
727 2091 882 2125 trisagium
893 2099 961 2118 cum
974 2090 1030 2118 illis
1051 2090 1203 2122 omnibus,
1226 2090 1270 2118 vel
1296 2099 1357 2126 prae
1370 2090 1427 2118 illis
1439 2090 1591 2123 omnibus,
1601 2089 1719 2117 aeternis

42 2137 67 2162 et
83 2137 128 2162 ter
142 2134 335 2162 sanctissimis
347 2134 604 2163 modulationibus
615 2136 698 2163 omni
715 2136 869 2163 sanctitate
884 2135 1026 2163 Sanctiori
1042 2136 1100 2162 Deo
1115 2135 1282 2163 concinitis.
1294 2135 1412 2170 Replete
1428 2138 1536 2163 terram
1559 2142 1633 2171 pace
1658 2133 1717 2168 Dei,

41 2186 220 2207 consensum
240 2186 343 2207 verum
363 2182 390 2206 et
406 2180 629 2215 conspirantem
653 2179 681 2207 in
700 2188 761 2207 uno
786 2179 835 2208 Dei
859 2180 976 2208 colendi
998 2182 1088 2215 atque
1107 2179 1230 2206 amandi
1263 2179 1319 2206 ritu
1343 2180 1537 2207 concordiam
1553 2178 1689 2207 Ecclesiis
1703 2185 1719 2205 e

42 2223 116 2252 cmlo
128 2225 294 2259 procurate.
309 2223 498 2260 Rejectisque
510 2224 642 2259 indignis
665 2232 681 2252 e
701 2224 806 2252 Christi
832 2232 968 2260 corpore,
997 2224 1026 2251 in
1054 2231 1149 2251 unum
1165 2223 1318 2259 spriritum
1331 2231 1506 2260 navumque
1520 2232 1613 2252 unum
1625 2222 1720 2251 homi-

43 2275 109 2296 nem
122 2267 301 2303 reliquorum
319 2269 368 2296 Dei
380 2268 512 2297 ﬁdelium
537 2269 757 2297 multitudinem
773 2269 944 2297 reformate.
970 2268 1060 2296 Nobis
1082 2275 1151 2295 vero
1171 2271 1350 2304 prteseutem
1374 2268 1497 2304 quidem
1524 2269 1613 2296 vitam
1637 2268 1666 2295 in
1689 2267 1719 2294 id

43 2311 122 2348 quod
133 2314 242 2340 rectum
258 2315 303 2340 est
316 2313 445 2348 dirigite,
462 2313 671 2349 actionemque
681 2316 814 2341 nostram
833 2321 966 2345 omnem,
987 2316 1014 2340 et
1030 2312 1252 2347 cogitationem,
1269 2315 1297 2340 et
1311 2312 1492 2340 locutionem
1511 2313 1549 2340 ad
1573 2313 1718 2341 amussim

43 2357 131 2385 divini
141 2356 316 2393 beneplaciti
326 2365 449 2394 prorsus
462 2357 581 2392 exigite.
595 2358 664 2385 l‘um
688 2358 724 2386 ad
751 2361 918 2386 extremum
941 2364 1113 2385 aerumnOsa
1141 2357 1199 2384 ista
1226 2359 1254 2384 et
1278 2357 1388 2384 misera
1413 2357 1570 2385 defunctos
1598 2358 1659 2385 vita
1683 2365 1719 2385 ne

44 2409 98 2430 nos
113 2402 235 2430 funestis
259 2402 450 2431 tenebrarum
477 2402 592 2437 angelis
610 2411 756 2437 magnum
776 2403 814 2431 ad
830 2410 933 2431 eorum
955 2401 1099 2436 gaudium
1125 2400 1309 2436 relinquatis.
1335 2403 1542 2437 Nequaquam,
1556 2410 1574 2429 ο
1590 2402 1719 2429 divinis-

46 2446 109 2475 simi
120 2446 237 2475 Michael
247 2450 276 2475 et
289 2447 418 2481 Gabriel,
446 2455 495 2481 ne,
523 2447 647 2483 inquam
682 2455 729 2481 ne,
755 2455 859 2484 quaeso
883 2455 948 2478 vos,
975 2454 1013 2473 ne
1034 2445 1278 2473 condonaveritis
1301 2446 1357 2473 illis
1385 2446 1518 2474 animam
1543 2446 1591 2474 Dei
1613 2446 1718 2474 laudes

48 2491 218 2525 confessam,
234 2499 289 2520 vos
299 2500 370 2520 vero
381 2491 531 2519 humiliter
541 2500 576 2520 ac
591 2492 764 2528 suppliciter
788 2493 992 2528 deprecatam.
1018 2490 1070 2518 sed
1097 2493 1187 2518 ιθιτοε
1217 2490 1340 2526 quidem
1368 2490 1520 2518 daemonas
1542 2491 1652 2518 minaci
1678 2494 1720 2519 at-

47 2543 102 2572 que
116 2536 255 2564 iracundo
268 2536 386 2564 fremitu
402 2536 607 2572 rejicite,mihi
622 2543 692 2564 vero
709 2537 874 2564 salvatores
894 2539 954 2564 estc
980 2535 1051 2563 boni
1082 2537 1110 2563 et
1131 2535 1240 2568 invicti,
1267 2536 1331 2562 tum
1358 2535 1397 2562 ad
1422 2543 1597 2571 supremum
1626 2536 1718 2563 Deum

49 2579 267 2609 admissionales
282 2580 522 2616 mediatoresque
535 2580 624 2614 longe
636 2581 740 2617 optimi
757 2580 917 2610 Christum.
943 2582 1043 2616 Neque
1071 2579 1153 2616 prius
1169 2579 1299 2607 desistite
1326 2579 1364 2607 ab
1391 2579 1578 2615 expediendo
1596 2579 1667 2607 mihi
1680 2580 1719 2607 ad

49 2632 114 2652 eum
126 2623 214 2658 aditu,
227 2632 321 2661 quam
336 2633 385 2654 me
409 2625 439 2652 in
456 2625 553 2661 ipsam
582 2625 633 2653 Dei
659 2626 792 2661 requiem
807 2625 992 2655 induxeritis,
1014 2627 1042 2653 et
1058 2624 1169 2652 summi
1185 2626 1322 2652 votorum
1338 2623 1473 2651 omnium
1490 2626 1659 2659 compotem
1675 2623 1718 2650 fa-

51 2670 125 2697 ctum
135 2675 272 2704 supremo
282 2669 519 2705 expetendorum
535 2671 562 2697 et
573 2668 793 2697 desideriorum
811 2668 865 2696 fini
882 2669 985 2697 ultimo
1003 2677 1123 2696 summo
1149 2668 1231 2696 bono
1251 2676 1298 2696 me
1317 2668 1530 2703 conjunxeritis
1543 2668 1572 2695 in
1592 2667 1718 2702 gloriam

53 2713 150 2746 Patris,
164 2715 191 2742 et
206 2713 278 2747 Filii,
291 2717 320 2742 et
332 2715 426 2742 sancti
441 2712 566 2749 Spiritus
581 2714 610 2741 in
621 2713 731 2742 saecula
746 2713 935 2742 saeculorum.
952 2717 1053 2741 Amen.
