1966 3079
248 104 318 138 1255

987 107 1168 140 ADDENDA.

1864 122 1930 151 Η.Ξὸ

254 171 360 207 Δνοίγκη
379 171 463 197 τοίνὺν
498 169 631 222 ἁτέγκτρις
656 170 798 208 ὀφθαλμοῖς
819 173 864 198 καὶ
905 170 1095 222 στεναγμοῖςΑ
1111 169 1277 211 ἀξυμϐλήτου
1312 183 1367 213 τοῖς
1399 181 1521 213 παλαιοῖς
1549 181 1750 219 ἀριστεύματος.
1767 183 1922 222 Ἐῥρᾖσατέ

248 215 386 247 ἀλαλήτοις
422 216 506 252 ἄχθος
556 214 647 246 ὠδῖνος
687 218 769 254 φέρειν
807 216 943 253 ἁνέκφορον
970 217 1016 241 καὶ

246 261 481 297 συναποθανοῡμαι
500 261 529 287 τὸ
544 259 731 298 βραχυήμερον
751 265 799 293 τῆς
825 265 936 298 μογερῆς
964 259 1055 296 βιοτῆς

250 305 376 337 εξανύσας
399 305 500 334 ὑπόλει.
511 326 518 333 .
529 325 536 333 .
560 307 605 332 καὶ
621 308 744 334 κείσομαι
758 305 805 333 οὐκ
826 304 875 332 οἶό⁹
897 306 956 332 ὅποι
971 305 1055 343 βαρά-

246 350 313 386 θρων
346 354 394 386 γῆς
413 350 428 380 ἣ
459 349 559 377 κόλπων
591 350 726 382 Θαλάσσης
744 351 826 389 ῥιφεὶς
855 353 901 377 καὶ
924 351 1053 388 προτεθή-

246 404 328 432 σομαι
350 393 481 431 τάδελφῷ,
510 396 522 421 6
544 404 695 433 γεφαιτερος
717 400 752 431 τῷ
773 397 895 433 νεωνίρῳ,
911 396 924 423 6
939 397 1052 432 ἐσχατοα

244 441 326 477 γέρων
341 443 377 476 τῷ
393 441 568 469 καθεστηκότι
580 442 625 467 καὶ
639 441 805 479 ὠμογέροντι.

280 485 411 521 Ἀνέφικτε
439 488 484 511 καὶ
520 484 664 523 ἆτὲκμαρτέ
690 486 746 513 θεία
775 487 893 524 πρόνοια,
922 485 937 515 ἡ
963 485 1050 522 λόγοις

244 527 367 567 ἀρρήτοις
399 529 556 560 οἰακίζουσα
591 531 648 557 θεῖά
687 539 714 557 τε
739 533 784 557 καὶ
814 529 962 568 ἀνθρώπινα
985 531 1050 568 πρά-

248 583 318 610 ματα
332 578 388 605 πῶς
403 578 440 610 τῷ
459 578 509 601 τῶν
530 578 581 601 σῶν
601 577 733 612 χριμάτων
754 575 863 612 ἀϐύσσῳ
891 574 1049 611 ἕγκυϐιστῆ-

248 627 294 645 σαι
320 628 328 654 ;
356 619 546 651 Ἐπινήξασθαι
573 621 618 656 μεν
641 618 684 646 οὖν
710 623 826 658 παρήσει
856 629 895 651 τις
909 623 979 653 νοῦς,
1001 619 1048 646 κᾶν

245 665 285 692 εἴη
301 663 509 700 φιλοσοφώτατον
528 663 594 690 λύων
621 662 787 701 συνδέσμους
816 667 860 691 καὶ
888 663 1047 701 ἀναγγέλλων

244 709 415 746 κρατούμενα.
438 709 593 746 Ἐκφέρομαι
617 710 667 747 γὰρ
699 712 758 747 περὶ
786 713 832 736 τοῦ
860 709 960 742 πάθους
990 709 1046 746 έρε-

245 753 379 789 θιζόμενος
419 755 479 791 περὶ
513 752 737 790 κεκινδυνευμένον
768 764 794 781 τι
839 757 884 781 καὶ
922 757 1046 792 προπετὲς

244 798 416 834 φθέγξασθαι.
444 798 499 825 Ἵνα
512 801 537 825 τί
560 799 573 825 6
592 800 637 836 μὲν
665 798 868 837 πολιοκρόταφος
891 802 935 826 καὶ
964 800 1047 836 ἄχθος

245 841 358 879 ἀρούρης
377 842 483 870 ἐτώσιον
510 845 555 870 καὶ
573 847 657 882 γῆρας
686 844 764 871 ἕλκων
779 844 849 882 βαρὺ
873 846 916 871 καὶ
945 844 1018 871 ἄλκον
1033 845 1046 871 ὃ
1061 854 1081 881 Β

245 897 324 923 φησιν
337 887 406 919 ἕλκος
420 890 464 914 καὶ
490 887 553 924 ἐφ’ὃ
583 892 668 915 πᾶσαι
696 892 741 920 τῆς
761 891 861 925 φύσεως
887 893 962 928 κῆρες
987 899 1046 917 συν-

244 932 368 970 έρρευσαν
379 932 559 970 περιλείπομαι
573 935 610 960 ἔτι
621 931 712 971 δεῦρο.
723 955 730 962 .
741 955 748 963 .
759 955 766 962 .
777 955 784 962 .
802 938 854 970 γῆς
865 933 955 966 ἀξύντ.
967 956 973 963 .
984 956 990 963 .
1009 939 1045 970 τῷ

244 979 322 1003 παντὶ
337 979 381 1003 καὶ
397 978 488 1013 μηκέθ’
506 979 599 1014 ὡραῖον
624 978 689 1015 ἡλίῳ
713 981 863 1016 μαινόμενος
891 980 983 1016 θέαμα.
998 979 1045 1012 ’⁵ος

246 1019 276 1047 δὲ
295 1023 366 1048 οὔπω
377 1023 447 1049 ἵκετο
473 1024 570 1060 γήραος
596 1021 685 1057 οὐδὸν,
707 1021 870 1061 δικαιότερος
893 1022 920 1050 δ’
940 1023 970 1053 ἦν
991 1024 1045 1051 ἔπι-

245 1065 336 1092 ϐιώναι
349 1068 510 1104 μακρότατα,
531 1066 577 1094 οἵτε
595 1068 717 1102 γυναικὸς
741 1070 784 1094 καὶ
810 1070 902 1094 τέκνων
931 1068 978 1095 οὐκ
993 1068 1044 1095 ὀλί-

242 1120 294 1146 γων
337 1113 425 1147 σωτὴρ
453 1114 498 1137 καὶ
525 1113 614 1146 γένους
641 1111 758 1149 λαμπτὴρ
790 1114 834 1138 καὶ⁵
861 1114 929 1149 μέγα
957 1113 1044 1149 ὄφελος

243 1156 334 1191 κόσμῳ
369 1154 449 1191 κάμοὶ
489 1153 571 1186 δόξης
599 1157 644 1182 καὶ
670 1158 827 1192 καυχήσεως
854 1160 973 1193 στέφανος
998 1160 1043 1184 καὶ

245 1200 314 1229 ζωῆς
329 1198 411 1230 αὐτῆς
425 1201 564 1235 συνοχεὺς,
579 1197 654 1231 οὗτος
669 1199 698 1226 οὗ
712 1201 771 1226 καθ’
792 1201 870 1238 ὤραν,
885 1207 1042 1240 περιφρονῶν

242 1242 318 1278 λέγω,
346 1246 516 1280 προήρπαστο
550 1243 592 1270 ἐπὶ
617 1246 723 1281 ζημίαν.
764 1245 914 1283 ἀλλοτρίων,
941 1256 968 1273 τε
994 1257 1042 1284 μυ-

241 1290 304 1324 ρίων
328 1290 373 1314 καὶ
396 1287 512 1315 τοσῶνδε
536 1294 674 1326 προγενῶν.
705 1289 743 1316 Οὐ
768 1292 818 1328 γὰρ
835 1290 966 1329 ἀλλότριον
994 1294 1042 1329 μό-

242 1342 283 1358 νον
298 1331 328 1362 ἧν
353 1332 450 1368 ἀγαθὸν
477 1335 511 1365 ὡς
539 1334 672 1371 ὁρίζονται
703 1335 728 1361 οἱ
758 1338 834 1372 σοφοὶ
858 1338 900 1363 τὸν
927 1335 1039 1372 δίκαιον,

243 1376 306 1403 ἀλλά
319 1387 349 1413 γε
365 1376 398 1407 δὴ
415 1380 459 1405 καὶ
474 1380 608 1417 ἡμέτερον.

277 1425 331 1448 Ποῦ
350 1424 411 1449 ποτέ
439 1422 490 1450 εἰσι
512 1426 556 1449 νῦν
580 1425 638 1450 ὅσοι
665 1433 693 1451 τε
707 1424 797 1451 οἰκεῖοι
811 1426 879 1452 κατὰ
892 1428 964 1462 γένος
995 1429 1040 1454 καὶ

241 1468 300 1492 ὅσοι
326 1467 355 1493 τὸ
369 1468 490 1503 συγγενὲς
517 1469 729 1505 προποιούμενοι,
745 1468 831 1506 ἐκείνῳ
855 1474 1039 1508 προσήρχοντο

240 1513 282 1537 καὶ
298 1513 356 1548 περὶ
371 1511 500 1548 βασιλέων
513 1511 597 1540 ἐκίνου
619 1523 682 1549 μισ,
693 1535 699 1542 .
711 1535 735 1543 .,
771 1517 816 1541 καὶ
846 1516 892 1546 τὰς
921 1515 1040 1548 αἰτήσεις

241 1556 331 1582 θᾶττον
341 1558 386 1582 καὶ
396 1560 492 1594 προῖκα
503 1555 520 1583 δ
521 1559 646 1594 ιχόμονοι
664 1557 743 1585 οἳκαδ
745 1568 755 1585 ε
780 1561 919 1596 χαίροντες
941 1559 1038 1599 ἐπανῃ-

240 1610 300 1628 εσαν
316 1609 322 1635 ;
340 1603 390 1628 Καὶ
404 1601 522 1633 πλείονας
537 1607 573 1638 τῷ
593 1600 632 1628 δι’
654 1603 684 1629 οὗ
711 1603 725 1633 ἣ
750 1604 811 1641 παρ’
831 1604 865 1630 ὧν
892 1603 918 1631 εὖ
941 1608 1038 1632 πεπόν-

241 1646 303 1672 θασι
317 1644 417 1683 ᾔδεσαν
443 1648 555 1685 χάριτος
569 1649 594 1674 οἱ
620 1647 724 1679 πλείους
745 1651 789 1676 καὶ
817 1651 911 1681 πάντες
927 1649 984 1677 οὐδ’
1001 1652 1038 1683 εἰς

240 1690 301 1726 ὄψιν
316 1691 378 1721 ἧκον
395 1691 483 1721 ἐνίοτε,

276 1735 350 1772 Δεῦρ³
374 1737 411 1761 ῖτε
438 1737 530 1766 πάντες
555 1738 600 1763 καὶ
629 1737 836 1774 συνεφαψάμενοι
865 1743 909 1767 τοῦ
944 1741 1038 1778 θρήνου

240 1782 285 1805 καὶ
323 1781 356 1806 τὰ
378 1780 440 1816 παρ’
468 1781 541 1816 ἡμῶν
561 1780 677 1818 ἐγκώμια
718 1786 773 1813 ταῖς
810 1783 884 1820 ἐμαῖς
912 1785 1040 1823 οἰμωγαῖς

241 1826 432 1860 συναρμόσατε,
462 1824 503 1851 ἵνα
528 1827 576 1854 τὴν
603 1829 649 1852 τοῦ
685 1824 791 1853 δικαίου
830 1828 908 1856 τοῦδε
934 1834 1039 1868 μνήμην

239 1869 294 1906 μετ’
323 1868 456 1906 ἐγκωμίων
479 1872 639 1907 ποιήσωμεν,
664 1873 709 1897 καὶ
736 1874 771 1908 μὴ
798 1875 874 1908 μόνον
899 1873 1041 1912 δακρύσω-

238 1923 293 1950 μεν,
323 1913 474 1952 ἀμφοτέροις
507 1915 558 1952 γὰρ
591 1917 696 1952 πρέπον,
723 1914 828 1944 δικαίου
856 1919 907 1956 γὰρ
933 1921 1039 1952 θανατος

239 1959 283 1993 μεν
321 1956 424 1995 δάκρυα
462 1958 612 1985 ποκαλεῐται
647 1960 793 1988 καταλιπὼν
814 1963 940 2000 περιαλγῆ
963 1966 1036 2001 μετά-

238 2001 323 2038 μελον,
340 2004 429 2046 μνήμη
451 2000 480 2029 δε
506 2005 565 2040 περὶ
589 2007 638 2030 τῶν
666 2005 811 2035 ζηλουντων
835 2007 928 2044 ἀρετὴν
953 2009 1037 2046 ἐγκω-

238 2048 310 2082 μίοις
329 2045 485 2074 συνδιαπλέ.
497 2068 503 2075 ,
514 2068 521 2075 .
532 2068 538 2075 .
550 2069 556 2076 .
568 2070 574 2076 .
586 2069 591 2076 .
604 2070 609 2076 .
620 2069 628 2077 .
639 2070 645 2077 .
657 2070 663 2077 .
673 2070 681 2078 .
705 2049 770 2078 εῖδει
793 2051 886 2088 σφόδει
911 2055 1037 2092 παρθένος

239 2090 320 2120 έκείνη
336 2091 379 2121 ἣν.
391 2113 397 2120 ,
408 2113 415 2120 .
427 2113 432 2120 .
444 2112 451 2119 .
465 2091 667 2128 μεγαλοπόλεως.
678 2115 685 2122 .
696 2115 702 2123 .
714 2117 721 2124 .
739 2098 785 2123 καὶ
801 2090 954 2135 διαπαζομη
969 2102 1036 2136 πρὸς

239 2135 300 2172 βίαν
316 2135 400 2172 ἀπῆγε
414 2135 535 2173 πολέμιος
550 2136 683 2176 βάρϐαρος
702 2161 708 2167 .
720 2162 726 2169 .
738 2162 743 2168 .
755 2143 872 2174 ,ότατος.
884 2164 890 2171 .
901 2166 907 2172 .
919 2165 925 2171 .
940 2135 1035 2178 ἐκείνος

238 2178 367 2217 διάπυρος
386 2180 497 2217 ἐραστὴς
512 2183 546 2213 ὡς
560 2181 637 2218 εἶδεν,
665 2185 699 2216 ὡς
721 2187 826 2224 ᾤκτειρε
845 2190 891 2217 τὴν
918 2189 1034 2226 τλήμονα

236 2229 404 2264 παραχρῆμα
417 2224 567 2264 ἐπιδραμὼν
581 2229 615 2260 ὡς
634 2231 718 2260 Φινεες
741 2231 787 2257 οὐκ
809 2231 866 2268 εἶχε
889 2224 1032 2270 ἀμύνεσθαι

237 2271 365 2300 mi...”
409 2271 479 2307 αὐτῷ
520 2272 588 2308 ζήλῳ
621 2275 745 2310 παραθεὶς
782 2279 827 2303 καὶ
862 2278 948 2314 αὐτὸς,
985 2285 1032 2312 τῆς

236 2317 314 2352 κόρης
342 2313 367 2342 δ’
390 2315 587 2354 ἁντιλαϐὀμενος
620 2318 715 2345 οἰκείαν
756 2322 842 2350 οἴηται
867 2325 963 2354 ταύτην
986 2335 1033 2362 γα-

235 2362 326 2396 μετὴν,
360 2359 493 2399 ἐκεκράγει
531 2364 577 2388 καὶ
603 2363 637 2393 ὡς
662 2365 779 2400 συζύγου
816 2359 1032 2406 διαζευγνύμενος

235 2406 327 2431 καίτὰ
347 2403 484 2432 δεινότατα
504 2406 618 2442 πάσχων
646 2406 807 2445 ἐσχετλίαζε,
824 2414 869 2438 καὶ
884 2403 932 2440 οὐκ
956 2403 1033 2445 ἆνῆκε

235 2450 331 2479 ταύτην
347 2449 426 2487 ἀπρὶξ
447 2449 601 2487 ἀμῳοτέραις
626 2454 745 2489 κατέχων
770 2458 816 2482 καὶ
842 2456 969 2485 ἁνθίλκων
988 2461 1033 2486 καὶ

233 2496 300 2532 πρὸς
321 2494 442 2531 πολέμιον
470 2496 545 2531 ἔρωτι
570 2496 691 2531 μεθύοντι
716 2501 761 2526 καὶ
786 2501 859 2538 θυμῷ
882 2505 1033 2540 μαινόμενον

233 2540 494 2576 παγκρατιαζόμενος
534 2539 580 2570 ἕως
615 2545 665 2567 τῶν
697 2542 792 2579 βιαίων
815 2545 911 2573 ἐκείνου
937 2554 1033 2586 χειρῶν

234 2586 281 2613 τὴν
307 2585 432 2621 παρθένον
463 2583 551 2615 ἐξελὼν
574 2589 610 2621 τῷ
636 2589 735 2615 τεκόντι
761 2591 886 2628 παρθένον
914 2583 1032 2624 ἐξέδωκε.

234 2629 340 2665 Παρίτω
371 2632 415 2654 νῦν
439 2627 543 2659 κάκείνη
571 2633 616 2658 καὶ
651 2634 698 2658 σὺν
721 2639 830 2670 κωκυτῷ
858 2635 1033 2670 ἁνολολυξάτω

233 2675 279 2699 καὶ
303 2672 482 2700 ἀνακαὶείσθω
514 2676 558 2702 τὸν
586 2676 837 2715 ὑπερμεμαχημένον
873 2681 952 2714 αὐτῆς
977 2693 1032 2711 σω-

233 2720 313 2753 τῆρα,
338 2719 382 2744 τόν
409 2718 508 2756 ῥυστην
535 2718 678 2756 ἀπαγωγῆς
698 2724 743 2749 καὶ
767 2726 915 2761 προστάτου
934 2730 1031 2766 παρθε-

233 2762 289 2795 νίας
311 2764 356 2793 καὶ
380 2763 506 2802 ἀφθορίας
538 2763 650 2802 φύλακα,
674 2765 708 2794 Ὦ.
730 2770 857 2806 μεγίστου
881 2762 1030 2802 τοῦδεααὶ

1048 2214 1069 2241 D

1109 230 1170 249 ποτε
1192 226 1237 250 καὶ
1263 223 1391 262 Ἡρακλῆς
1417 227 1538 256 Ἡσιόνην
1564 227 1796 264 παραϐεϐλημένην

1110 267 1182 304 θηρὶ,
1202 268 1235 299 ὡς
1260 267 1286 295 δ’
1302 270 1387 302 αὔτως
1411 274 1455 298 καὶ
1482 270 1661 309 Ἀνδρομέδαν
1690 274 1820 309 Περσεύς.
1841 273 1927 300 Ἀλλὰ

1108 310 1320 348 ὡπλισμένοικαὶ
1336 313 1447 353 σίδηρον
1466 315 1669 353 προϐεϐλημένοι
1684 319 1749 354 πρὸς
1784 319 1822 344 τὰ
1850 321 1929 348 κήτη

1106 355 1306 394 παρεϐάλλοντο,
1346 363 1390 387 καὶ
1430 364 1519 398 σφίσιν
1560 361 1650 393 αὐτοῖς
1691 362 1739 392 τὰς
1764 363 1926 399 παρθένους

1108 398 1274 436 ἐμνήστευον.
1315 403 1344 430 Ὁ
1381 403 1410 432 δι
1446 405 1521 442 ψιλὸς
1549 407 1629 442 ὁμόσε
1651 398 1809 444 κεχώρηκεν
1837 407 1926 434 ὠπλι-

1108 447 1193 482 σμένῳ
1206 447 1288 484 θηρίῳ
1299 450 1344 475 καὶ
1356 447 1444 486 ψεύδη
1460 451 1511 477 ὅσα
1540 453 1586 477 καὶ
1611 450 1787 488 προϐλήματα
1805 453 1927 489 χρηστέ·

1107 499 1182 526 μενος
1198 492 1211 517 6
1235 491 1358 525 ἀληθενός
1379 496 1456 526 όντως
1483 497 1528 522 καὶ
1554 493 1674 531 ἀψευδὴς
1699 496 1844 533 ἄνθρωπος
1874 496 1928 523 οὗ-

1103 543 1155 568 τος,
1173 535 1298 574 ἀνέπαφον
1312 541 1359 568 τὴν
1374 542 1453 576 κόρην
1468 543 1505 576 τῷ
1519 542 1599 577 πατρὶ
1617 539 1781 568 ἀνεσώσατο.

1139 583 1240 617 Συμεὼν
1256 580 1286 608 δὲ
1300 585 1345 609 καὶ
1361 585 1426 611 Λευί
1450 589 1501 611 τῶν
1528 584 1693 622 βιασαμένων
1717 587 1766 614 τὴν
1792 584 1919 622 ἀδελφὴν

1104 622 1263 661 ἀπήλλαξαν,
1293 626 1357 655 ἀλλὰ
1392 630 1458 666 μετὰ
1485 630 1582 667 φθορὰν
1615 632 1660 656 καὶ
1685 629 1918 667 περιυϐρισμένην

1105 667 1142 698 ἥδ
1144 679 1159 699 η
1188 673 1233 697 καὶ
1258 672 1332 708 μόλις
1358 675 1402 700 καὶ
1418 671 1465 700 διὰ
1494 674 1590 701 κύκλου
1621 673 1860 712 ὰγκυλογνώμονος
1871 679 1920 702 καὶ

1102 715 1168 750 μετα
1193 718 1285 753 μυρίον
1312 719 1386 754 φόνον
1413 721 1458 745 καὶ
1495 718 1553 750 ὅλης
1579 718 1673 750 πόλεως
1702 719 1821 757 ὄλεθρον,
1848 721 1919 747 ὥστε

1102 756 1164 785 οὐδέ
1190 760 1390 798 παρεξεταστέον
1417 763 1522 794 τούτους
1550 764 1613 801 πρὸς
1636 765 1680 789 τὸν
1708 763 1919 800 ἐπαναγαγόντα

1101 805 1149 832 τὴν
1163 803 1328 841 ἀπαγομένην
1340 807 1439 844 ῥήματι
1467 810 1536 844 μόνῳ
1563 807 1690 844 ἀναιμωτὶ
1720 809 1844 845 καθαρὰν
1869 811 1917 835 καὶ

1103 846 1268 886 ἀνύϐριστον.
1295 852 1351 878 Σίόν
1380 853 1425 888 μὶν
1444 850 1507 879 οἶδα
1533 857 1578 879 τοῦ
1606 852 1727 890 Ἀϐραὰμ
1757 855 1801 879 τὸν
1834 854 1915 880 καλὸν

1102 892 1204 923 εἰσποιη
1210 895 1281 922 θέντα
1299 894 1345 922 διὰ
1359 901 1407 928 τῆς
1428 899 1552 931 πίστεως,
1573 897 1637 924 ἀλλὰ
1659 898 1800 934 θαρσήσας
1822 901 1913 935 εἴποιμ

1102 937 1132 964 ἆν
1155 943 1205 965 τῶν
1240 942 1300 978 περὶ
1328 942 1372 967 τὸν
1402 934 1532 978 Ἀϐραὰμ
1552 944 1669 979 πατέρων
1700 943 1759 979 μὶγ¹
1785 942 1914 980 ἀμύμονα

1100 986 1191 1010 τοῦτον
1232 982 1305 1019 εἶναι,
1344 986 1457 1012 καθόσον
1495 986 1615 1024 Ἀϐραὰμ
1651 988 1696 1024 μεν
1720 989 1788 1023 πρὸς
1813 991 1911 1024 ψαραά

1100 1030 1224 1065 πρότερον
1239 1032 1283 1056 καὶ
1298 1029 1439 1067 Ἀϐιμελεχ
1458 1031 1566 1069 ὕστερον
1595 1029 1708 1068 ἀδελφὴν
1733 1031 1763 1058 οὐ
1793 1036 1912 1068 γυναῖκα

1100 1071 1193 1099 ἑαυτοῦ
1218 1076 1265 1104 τὴν
1285 1074 1383 1113 Σάρραν
1398 1075 1480 1112 ἔλεγεν
1496 1077 1548 1107 ’ὡς
1574 1074 1604 1102 δε
1631 1078 1676 1103 καὶ
1698 1078 1747 1106 τὴν
1774 1075 1911 1103 Ῥεϐέκκαν

1100 1118 1113 1143 ὁ
1141 1117 1233 1145 Ἰσαὰκ
1266 1117 1464 1156 δειματούμενοι
1491 1123 1536 1147 καὶ
1563 1119 1751 1158 δειλαινόμενοι
1780 1125 1912 1157 γυναῖκας

1097 1161 1194 1189 ἑαυτῶν
1213 1163 1298 1190 καλεῖν
1313 1166 1349 1202 μὴ
1371 1163 1408 1191 δι’
1439 1165 1518 1196 αὐτὰς
1545 1168 1590 1192 καὶ
1618 1165 1799 1200 τεθνήξονται,
1833 1167 1911 1197 οὗτος

1097 1204 1127 1233 δε
1142 1209 1189 1237 τὴν
1204 1209 1329 1247 παρθένον
1349 1212 1393 1236 καὶ
1412 1213 1490 1246 μήπω
1510 1214 1621 1246 γυναῖκα
1649 1210 1784 1248 ὠνόμαζεν
1812 1211 1907 1238 ἑαυτοῦ

1097 1255 1141 1279 καὶ
1177 1255 1241 1291 πρὸς
1283 1254 1373 1281 ἑαυτὸν
1398 1254 1528 1282 ἑπεσπᾱτο
1565 1255 1788 1293 ἀντιποιούμενος,
1815 1259 1862 1283 καὶ
1885 1257 1908 1283 εἰ

1097 1297 1179 1324 θανεῖν
1222 1296 1324 1333 δεήσοι,
1351 1302 1386 1336 μή
1422 1299 1595 1337 ἀναινόμενος.
1624 1300 1654 1328 Εἰ
1683 1299 1713 1328 δε
1734 1303 1782 1327 καὶ.
1809 1301 1906 1331 Δανιὴλ

1096 1342 1174 1372 σώζει
1211 1345 1345 1370 Σωσάνναν
1382 1343 1506 1381 ἐπιμένων
1544 1344 1639 1382 βιαίων
1663 1346 1781 1383 ἐραστῶν
1804 1356 1834 1373 τε
1862 1349 1905 1373 καὶ

1094 1389 1244 1425 περανόμων
1273 1386 1416 1422 δικαστῶν,
1443 1389 1507 1416 ἀλλὰ
1529 1391 1648 1420 καθῆστο
1675 1388 1811 1422 δικαστὴς
1841 1394 1905 1429 πρό-

1094 1440 1165 1469 τερον
1199 1433 1244 1459 καὶ
1285 1431 1454 1470 διελάμϐανεν
1490 1433 1534 1461 ἀπ’
1560 1433 1673 1464 ἀλλήλων
1699 1437 1761 1467 τοὺς
1788 1435 1905 1472 βιαστος

1093 1478 1139 1502 καὶ
1160 1475 1208 1503 ἀνὰ
1233 1479 1312 1515 μέρος
1326 1479 1480 1505 ἐπυνθάνετο
1494 1481 1539 1506 καὶ
1565 1483 1619 1510 τοῖς
1644 1483 1714 1516 σφῶν
1741 1479 1831 1506 αὐτῶν
1856 1480 1904 1519 ῥέ-

1059 1534 1079 1562 c
1093 1529 1174 1557 μασιν
1197 1521 1383 1560 ἁλισκομένους
1410 1523 1524 1560 ἐλέγχων
1550 1523 1634 1555 λίθοις
1658 1524 1764 1561 βάλλειν
1793 1525 1902 1559 ἐκέλευε,

1092 1567 1138 1592 καὶ
1150 1566 1217 1592 οὕτω
1236 1569 1283 1597 τὴν
1313 1569 1432 1606 σώφρονά
1459 1571 1610 1607 παρανόμου
1639 1567 1790 1601 καταδίκης
1820 1570 1903 1600 ἀπήλ-

1092 1608 1176 1638 λαττε.
1191 1613 1226 1637 Τὸ
1249 1609 1274 1637 δ’
1290 1613 1349 1649 ἐμὸν
1378 1612 1502 1650 ὡράῑσμα
1525 1614 1538 1640 6
1565 1613 1625 1640 καθ’
1652 1614 1720 1650 ἡμᾶς
1742 1619 1794 1640 τῶν
1823 1614 1902 1641 ἐπιθυ

1091 1659 1158 1691 μιῶν
1173 1655 1248 1687 οὗτος
1265 1655 1329 1694 ἀνὴρ
1349 1656 1378 1683 οὐ
1407 1655 1524 1689 δικάζων
1548 1659 1581 1689 ὡς
1608 1658 1710 1690 Δανιὴλ,
1745 1657 1813 1685 ἀλλὰ
1838 1659 1902 1696 βίας

1092 1705 1222 1737 μοιχικῆς
1246 1704 1408 1740 γραφόμενος
1432 1704 1476 1728 τὸν
1495 1702 1625 1739 πολέμιον,
1653 1701 1715 1730 οὐδε
1744 1705 1789 1730 τὸν
1819 1702 1900 1731 ἀδελ-

1093 1746 1138 1781 φὸν
1159 1745 1320 1783 βιαζομένης
1346 1748 1379 1778 ὡς
1403 1748 1427 1774 οἱ
1453 1749 1512 1785 περὶ
1534 1749 1578 1774 τὸν
1604 1747 1724 1785 Ἀϐραὰμ
1757 1749 1900 1785 ὑποκρινό-

1093 1799 1176 1826 μενος,
1193 1792 1252 1817 οὕτε
1264 1793 1315 1828 μὴν
1335 1793 1370 1823 ὡς
1385 1790 1468 1819 Δαυῖδ
1482 1790 1639 1829 ψευδόμενος
1671 1794 1715 1819 τὸν
1741 1792 1896 1827 ἓπίληπτον,

1093 1834 1158 1861 ἀλλὰ
1197 1837 1241 1862 τὸν
1276 1834 1362 1874 ἄνδρα
1389 1841 1438 1868 τῆς
1470 1840 1548 1874 μήπω
1574 1836 1714 1874 ἐγνωκοίας
1739 1836 1828 1876 ἄνδρα
1853 1848 1898 1865 σο-

1093 1882 1204 1916 φώτερον
1234 1880 1290 1918 ἅμα
1326 1885 1371 1908 καὶ
1400 1880 1589 1919 ἀνδρικώτερον
1622 1884 1821 1920 παρεκρούσατο
1852 1885 1896 1910 τὸν

1091 1924 1278 1962 ὶπηρεαστικόν
1301 1928 1346 1952 καὶ
1385 1925 1509 1954 ἀπέωσεν,
1539 1927 1616 1964 Οὖρω
1648 1931 1697 1953 τῶν
1723 1927 1806 1954 πάλαι
1834 1937 1896 1955 ποτε

1093 1972 1233 2007 σεμνότερα
1263 1970 1348 2007 πολλῷ
1384 1971 1418 1997 τὰ
1457 1972 1569 2008 ἡμέτερα
1601 1970 1769 2008 διηγήματα,
1799 1974 1895 2007 καθότι

1091 2015 1157 2041 κατὰ
1186 2017 1300 2052 Χριστὸν
1328 2017 1371 2041 καὶ
1396 2019 1444 2047 τῆς
1481 2020 1589 2053 νομικῆς
1628 2015 1803 2048 δικαιοσύνης
1834 2027 1894 2054 περι

1090 2058 1156 2086 πολὺ
1182 2061 1381 2097 περισσεύοντα.
1405 2059 1448 2092 Ὠς
1474 2062 1524 2098 γὰρ
1555 2070 1595 2087 τοι
1617 2063 1732 2098 Χριστὸς
1751 2062 1817 2098 ὑπερ
1847 2066 1891 2092 τῆξ

1091 2103 1245 2134 Ἐκκλησίας
1271 2104 1360 2131 ἑαυτὸν
1394 2103 1529 2142 παρέδωκε
1554 2107 1646 2142 καίπερ
1672 2103 1787 2142 μηδέπω
1814 2108 1895 2137 οὔσης

1089 2147 1246 2180 Ἐκκλησίᾶς
1273 2147 1335 2176 οὐδε
1370 2150 1558 2186 νυμφευθείσης
1584 2159 1624 2176 πω
1650 2154 1686 2186 τῷ
1711 2154 1833 2187 Χριστῷ,
1858 2152 1895 2178 ἔτι

1086 2193 1138 2230 γὰρ
1161 2193 1318 2230 ἁμαρτωλῶν
1338 2195 1415 2220 ὄντων
1436 2195 1500 2231 ὑπὲρ
1526 2195 1599 2231 ἡμῶν
1632 2193 1742 2221 ἀπέθανε
1762 2197 1895 2232 Χριστὸς,

1085 2237 1120 2268 ὣς
1135 2248 1214 2275 φησιν
1242 2239 1254 2264 6
1284 2239 1450 2272 Ἀπόστολος,
1478 2241 1524 2266 καὶ
1555 2239 1621 2269 αὑτὴ
1649 2237 1679 2266 δὲ
1701 2241 1734 2270 ὡς
1761 2241 1800 2266 ἰτι
1823 2250 1896 2278 περι-

1086 2285 1188 2319 κειμένη
1204 2284 1233 2309 τὸ
1254 2282 1280 2315 ἐξ
1304 2283 1421 2314 ἀσεϐείας
1444 2282 1552 2321 αἶσχος,
1579 2283 1703 2320 Μέλαινα,
1731 2287 1799 2320 φησί
1829 2295 1894 2320 που,

1087 2329 1153 2364 εἰμὶ,
1177 2328 1313 2364 θυγατέρες
1339 2328 1519 2365 Ἰερουσαλὴμ,
1545 2328 1612 2355 οὑτω
1653 2331 1698 2355 καὶ
1726 2328 1785 2365 ἐμοὶ
1814 2327 1893 2356 ἁδελ-

1087 2374 1133 2408 φὸς
1157 2373 1220 2409 ὑπὲρ
1248 2376 1296 2404 τῆς
1319 2373 1365 2399 οὐκ
1392 2374 1474 2403 οὔσης
1494 2373 1563 2408 αὐτῷ
1599 2374 1722 2409 γυναικὸς
1753 2375 1813 2400 οὔτε
1841 2377 1893 2410 μήν

1086 2417 1148 2448 ὅλως
1164 2416 1287 2454 ἐσομένης
1297 2419 1327 2444 τὸ
1342 2420 1488 2456 καινότερον
1503 2420 1580 2454 μόνον
1604 2418 1633 2444 ού
1668 2419 1786 2444 θανατῶν
1815 2419 1852 2447 εἰ.
1863 2440 1871 2447 .
1881 2440 1888 2447 .

1086 2461 1222 2500 ἐπέρριψεν
1245 2462 1336 2489 ἐαυτὸν
1358 2461 1478 2489 κίνδυνον
1503 2465 1547 2489 καὶ
1575 2466 1620 2493 τῆς
1647 2461 1745 2494 παιδὸς
1766 2467 1891 2500 προσχή-

1086 2516 1149 2543 ματι
1169 2506 1249 2539 δόξας
1268 2507 1328 2536 ἀν..
1340 2529 1346 2536 .
1383 2511 1453 2534 ὧπτο
1476 2510 1563 2546 πατὴρ
1592 2509 1728 2545 πράγματι
1742 2510 1788 2534 καὶ
1802 2511 1890 2547 πατὴρ

1086 2551 1172 2588 πολλῷ
1202 2556 1248 2579 τοῦ
1272 2555 1390 2583 τεκόντος
1419 2552 1646 2590 φιλοστοργότερος
1675 2555 1721 2579 καὶ
1751 2557 1889 2579 σωστικώ-

1086 2606 1167 2634 τερος.
1209 2597 1316 2628 Ἐκεῖνος
1353 2599 1398 2634 μὶν
1423 2599 1474 2634 γὰρ
1503 2602 1543 2624 τοῖ
1569 2597 1754 2635 πολιορκηταῖς
1780 2600 1889 2634 προέμε-

1085 2651 1125 2672 νος
1138 2644 1223 2678 ῷχετο
1233 2643 1343 2679 φεύγων,
1358 2642 1431 2673 οὗτος
1451 2640 1480 2669 δὲ
1505 2644 1568 2681 πρὸς
1592 2641 1667 2680 ὕϐριν
1695 2644 1740 2668 καὶ
1768 2640 1888 2669 δουλείαν

1086 2685 1234 2724 ἀπαγομένη
1255 2690 1370 2725 παρίστη
1396 2689 1442 2714 καὶ
1468 2691 1518 2714 τῶν
1542 2686 1663 2724 ἐσχάτων
1692 2690 1779 2714 κακῶν
1798 2696 1886 2726 παρα-

1084 2730 1256 2764 κινδυνεύσας
1267 2731 1420 2764 ἀπήλλαξεν.

1113 2777 1149 2805 Ὦ
1178 2779 1310 2815 σοφώτατε
1336 2774 1439 2816 ἀδελφε,
1455 2778 1531 2810 ὅντως
1553 2777 1590 2809 εἰς
1616 2779 1661 2808 τὴν
1687 2775 1825 2815 βασιλείαν
1835 2780 1884 2806 τῶν
