1966 3079
10 105 94 134 1257

453 104 639 135 MICHAELIS
654 98 844 133 ΛΟΟΜΙΝΑΤῙ
860 98 1021 130 ΜΟΝΟΒΙΑ
1035 100 1071 129 ΙΝ
1090 100 1264 130 FRATREM.

1638 104 1710 139 1258

19 170 131 203 ορανῶν
160 167 367 203 μεμαθήτευκας·
401 168 457 195 ὅθεν
497 170 543 195 xui
587 169 603 198 ἡ
644 165 755 203 γλῶσσά
792 173 839 190 σου
855 162 879 189 Α
895 160 1079 199 ἐκκρεμάμενος
1105 164 1250 201 ἠνειχομην
1273 164 1299 197 ἐς
1329 163 1406 203 δεῦρο
1437 166 1481 192 τὸν
1517 167 1695 204 παροιμιαξός

20 215 144 247 ταχεῖαν
171 215 217 241 τῆς
242 211 407 248 ἁπαγομένης
436 211 579 249 ἐλευθερίαν
606 214 638 243 ὡς
663 210 841 248 γραμματέως

23 256 202 292 ὁξυγράφησε
216 255 340 292 κάλαμος,
354 256 384 282 οὐ
399 258 449 292 μὴν
475 255 505 283 δὲ
529 256 592 284 ἀλλὰ
620 259 665 284 καὶ
687 257 722 287 ὡς
753 263 840 290 σπαρ-

23 303 87 326 τίον
104 303 224 326 κόκκινον
250 300 328 335 χείλη
356 310 413 327 σοιν
447 301 516 337 λόγῳ
540 303 590 340 γὰρ
623 300 840 336 συνεστραμμίνῳ
865 310 869 315 ο

23 347 76 371 xui
95 344 199 382 βραχεῖ
223 348 267 371 καὶ
293 346 344 371 ὑπό
372 345 452 376 ζήλου
499 348 712 382 πυρακτουμένου
747 347 841 380 χεῖρας

25 389 184 422 ξυνέϐησαν
198 389 335 426 βαρϐάρου
348 393 393 416 καὶ
407 389 494 426 βίαιον
509 393 616 428 ὅρμημα
645 393 691 416 xui
720 390 734 419 ὁ
764 387 841 414 λαλιά

25 444 81 461 σου
105 435 191 470 ὡραία
218 433 265 460 οὐκ
290 433 380 471 ἀώρως
404 436 447 461 τὸν
479 433 565 472 ἄνδρα
592 435 755 470 ψευσαμένη,
785 431 839 458 ἀλλ’

25 478 66 509 εἰς
99 480 192 515 καιρόν
216 478 368 515 πλασαμένη
405 481 449 505 xui
489 482 646 517 παρανόμων
682 477 837 516 γραψαμένη

25 525 74 548 τὸν
93 522 194 559 βίαιον.
211 522 245 548 Ὠ
273 527 325 554 πῶς
345 523 460 560 ἠνεσχου
489 523 501 550 ὃ
525 526 604 560 μήπω
629 525 752 561 πρότερον
777 521 840 556 ψεύ-

26 569 160 601 audeat;
182 568 228 594 ἶσα
239 568 290 604 γὰρ
312 568 414 604 θανάτῳ
437 570 467 594 τὸ
495 567 595 604 ψεῦδος
621 567 776 603 ἐστύγηκας.
804 564 838 591 Ἦ

25 611 115 642 δῆλον
140 613 180 638 ὅτι
206 613 241 643 ὡς
264 612 331 638 εἵλου
361 613 444 639 θανεῖν
473 613 496 639 εἰ
524 611 614 642 δεήσοι
640 612 682 639 ἐπὶ
721 612 840 647 σωτηρία

23 655 212 686 κινδυνεύσεις
224 655 360 694 ἀνθρώπου
377 657 460 688 οὕτως
485 657 601 693 ἠνέσχου
614 659 659 683 xui
686 655 839 692 ψεύσασθαι

22 704 73 728 καὶ
104 701 248 736 ψεύστηςὸ
273 701 415 737 φιλαλήθης
448 703 567 737 γενέσθαι
598 704 644 728 καὶ
683 700 776 727 οὔποτε
807 700 840 726 τὰ

24 745 111 782 χείλη
125 743 350 781 μιάναςψεύδεσι.
382 747 456 772 Κατὰ
484 746 563 776 ζῆλον
590 744 620 772 δὲ
643 747 761 781 Χριστοῦ
793 745 839 769 xui

25 794 113 816 τοῦτο
139 787 271 827 διεπράξω
294 788 436 822 δήπουθεν,
462 790 490 822 ὃς
518 791 582 827 ὑπὲρ
616 791 690 826 ἡμῶν
723 788 839 825 ἁμαρτία

27 837 77 861 καὶ
93 835 200 871 κατάρα
222 836 335 870 γέγονεν,
365 834 431 861 οὕτω
458 838 514 865 τοῖς
545 838 612 861 πᾶσι
637 833 709 860 πάντ’
732 832 838 869 ἐγένετο,

29 879 260 916 ἀπροστατεύτοις
299 879 462 916 προστάτης,
505 880 604 915 χήραίς
642 876 763 914 κηδεμὼν
805 877 840 907 ὡ..

31 923 116 960 ἀνὴρ,
147 923 266 960 ὀρφανοῖς
291 925 388 961 πατήρ,
413 925 521 952 πένησιν
545 921 664 958 ὀιδελφος⁹
694 921 778 958 φίλοις
805 921 840 951 ὡς

31 968 188 1005 φιλέταιρος
226 970 395 1001 πιστότατος,
442 969 579 1004 συγγενέσι
630 966 839 1003 φιλοικειότατος,

30 1011 158 1048 ταδελφῷ
193 1011 253 1037 καθ’
281 1010 425 1048 ὑπερϐολὴν
464 1011 676 1048 ὑπερϐάλλουσαν
722 1007 841 1046 φιλαδελ-

33 1059 158 1093 φότητος,
184 1055 285 1082 Οὔκουν
310 1055 393 1092 ἐχρῆν
417 1057 432 1085 ἦ
455 1059 569 1091 γυναῖκα
597 1054 694 1081 ἐκείνου
717 1056 840 1091 χηρείαν,

33 1103 144 1131 ἧτέκνα
167 1100 291 1138 ὀρφανίαν
318 1100 343 1126 ἓν
372 1100 480 1139 ἀκαιρία
505 1098 596 1136 τοιᾷδε
621 1101 711 1126 παθεῖν
743 1098 842 1136 (ἔπεισι

32 1148 84 1184 γὰρ
99 1155 148 1182 μοι
162 1148 208 1171 καὶ
223 1143 296 1175 αὖθις
319 1144 417 1182 ληρεῖν)
447 1146 503 1171 οὔτε
523 1146 567 1171 τὸν
592 1142 702 1180 ἀδελφὸν
731 1142 774 1180 ius
795 1145 841 1170 καὶ

32 1194 82 1221 τῆς
111 1190 175 1226 παρ’
201 1191 297 1216 ἐκείνου
320 1189 415 1220 λοιπής
435 1189 616 1225 ψυχαγωγίας
642 1188 758 1215 ἱκπεσεῖν
797 1189 842 1213 xui

33 1233 232 1272 δυστηνοτεραν
247 1233 343 1260 ἀντλεῖν
366 1233 459 1270 βιοτὴν
476 1237 521 1260 xui
539 1235 716 1271 μογερωτίραν
744 1233 842 1259 τοσού-

33 1289 69 1315 τῳ
96 1283 142 1305 νὺν
165 1279 219 1314 ὅσῳ
253 1280 347 1316 περιὼν
389 1279 483 1309 ἐκεῖνος
525 1278 670 1315 ὑπέλαφρον
707 1277 842 1313 εἰργάζετο

33 1326 174 1361 πρότερον.
192 1322 221 1350 Εἰ
230 1323 281 1360 γὰρ
299 1325 335 1359 μὴ
362 1327 449 1360 παρῆν
468 1325 513 1349 καὶ
540 1326 630 1356 συνῆν,
656 1321 720 1348 ἀλλά
745 1330 775 1357 γε
797 1322 843 1347 καὶ

36 1371 116 1405 μόνον
132 1367 181 1404 ζῇν
208 1366 364 1404 ἀρκούμενος
391 1366 520 1404 ἀνέψυχεν
550 1365 645 1393 ἐκεῖθεν
669 1367 757 1403 ὥσπερ
785 1365 845 1391 τινὰ

40 1414 159 1449 ζωγόνον
200 1410 323 1438 ἐπιπνέων
363 1411 455 1450 αὔραν.
486 1413 538 1438 Καὶ
572 1412 607 1442 ὠς
649 1412 717 1442 θείος
761 1406 844 1435 Δαυῖδ

37 1457 244 1494 ἁπαρνήνασθαί
271 1457 332 1482 ποτί
356 1465 422 1493 φησι
446 1455 647 1493 παρακληθῆναι
670 1457 717 1484 τὴν
752 1453 844 1480 ἑαυτοῦ

37 1502 146 1538 ψυχήν,
180 1502 329 1537 μεμνῆσθαι
359 1499 389 1528 δι
421 1504 468 1528 τοῦ
493 1504 560 1528 Θεοῦ
593 1502 639 1527 καὶ
678 1502 845 1536 παραχρῆμα
860 1495 881 1523 C

38 1547 226 1583 εὐφρανθῆναιο
242 1545 310 1571 οὕτω
326 1548 371 1582 καὶ
393 1545 468 1576 αὐτὸς
502 1545 646 1582 ἀχθόμενος
667 1548 720 1575 τοῖς
749 1547 845 1582 παροῦ-

39 1601 81 1618 σιν
95 1590 221 1628 ἀνιαροῖς,
237 1592 259 1616 εἴ
286 1592 348 1617 ποτέ
375 1601 414 1621 τις
444 1590 559 1627 ἐπέμφθη
591 1600 636 1627 μοι
664 1589 772 1625 ἀγγελία
797 1589 845 1624 ὐφ-

38 1635 163 1660 άπτουσα
181 1635 284 1669 μνήμης
312 1631 454 1669 ἁδελφικῆς
480 1632 642 1669 ἔμπύρευμα,
671 1633 709 1658 ἔτι
741 1641 768 1657 τε
795 1631 842 1667 ζῇν

38 1677 133 1704 ἐκεῖνον
153 1679 198 1703 xui
224 1676 252 1703 εὖ
280 1678 402 1713 πράττειν
430 1676 659 1713 εὐαγγελιζομένη,
692 1676 844 1712 θαυμασίαν

36 1724 97 1749 τινὰ
109 1723 234 1758 παραυτὰ
247 1721 412 1758 παράκλησιν
425 1723 556 1759 εὕρισκον·
579 1721 609 1748 Εἰ
636 1719 666 1747 δέ
693 1723 738 1746 καὶ
761 1721 838 1757 γράμ

37 1777 75 1803 μα
85 1768 150 1793 ποτε
162 1769 208 1796 τῆς
231 1766 356 1802 φιλτάτης
382 1765 476 1802 ψυχῆς
501 1767 546 1791 καὶ
574 1767 663 1803 χειρὸς
689 1762 842 1800 ἐδεδέγμην,

36 1814 95 1838 τότε
111 1809 159 1844 δὴ,
175 1812 232 1836 τότε
246 1812 291 1839 xui
306 1810 366 1846 ὄψιν
383 1809 480 1839 εκείνην
505 1808 620 1840 ἠδιστην
647 1812 693 1836 καὶ
717 1808 844 1846 γλυκερὰν

38 1856 144 1893 ὁμιλίαν
171 1855 351 1891 ἓφανταξὸμην
378 1865 423 1881 και
451 1855 511 1884 ὅλην
538 1855 619 1884 αὐτὴν
646 1857 691 1883 τὴν
721 1852 846 1880 αὐτάδελ-

40 1912 86 1937 φον
100 1902 175 1936 ᾤμην
195 1900 307 1936 κεφαλὴν
333 1899 441 1937 ἀπέχειν
463 1902 509 1926 καὶ
536 1900 774 1938 περιπτύσσεσθαι,
801 1901 846 1925 καί

41 1956 93 1983 μου
123 1946 153 1971 τὸ
178 1947 378 1982 περικεχυμνον
401 1949 449 1976 τῆς
474 1945 566 1981 ψυχῆς
594 1945 680 1980 θλίψει
707 1945 739 1975 ὡς
774 1946 848 1980 νέφος

43 1992 132 2027 ὧσπερ
162 1991 232 2020 τινὸς
267 1990 415 2026 θαυμασίας
448 1989 551 2027 αἰθρίας
591 1990 682 2026 αἴφνης
722 1988 849 2026 ῥαγείσης

44 2044 120 2063 κατε.
131 2056 137 2062 .
149 2055 155 2061 .
171 2037 321 2071 παρῴχετο,
335 2037 380 2060 καὶ
403 2038 456 2070 φῶς
484 2034 662 2070 γλυκυθυμίας
680 2033 848 2071 περιέλαμπε.

46 2083 102 2106 Νῦν
118 2077 148 2105 δὲ
158 2078 212 2104 ἀλλ’
228 2078 270 2105 ἐπὶ
285 2082 320 2114 τῷ
337 2080 436 2115 θανάτῳ
455 2078 551 2104 ἐκείνου
573 2077 663 2109 ὠδῖνες
688 2076 755 2113 ᾆδον
779 2087 851 2114 περι-

46 2123 177 2151 κυκλοῦσί
189 2133 229 2160 με,
243 2126 288 2150 καὶ
304 2126 398 2155 σκότος
424 2122 506 2160 ἀθυμ.
518 2145 525 2152 .
536 2144 543 2150 .
554 2144 560 2150 .
595 2122 678 2160 βαθὺς
702 2125 747 2149 καὶ
774 2123 850 2149 θανά-

47 2179 94 2195 του
118 2168 257 2207 προϐάλλει
287 2169 359 2203 σκιὰ,
382 2167 484 2206 ἐπείπερ
513 2166 560 2194 ἔδυ
586 2167 708 2199 καθάπαξ
734 2168 747 2193 ό
790 2166 852 2203 ἐμὸς

47 2213 144 2243 ὶκεῖνος
164 2213 245 2244 ἣλιος.
269 2212 305 2238 Ὠ
329 2213 385 2239 οἷαν
414 2211 594 2244 ἁπεϐαλλόμην
627 2213 695 2248 ἱερὰν
722 2212 850 2248 ἄγκυραν,

49 2258 65 2287 ἢ
83 2260 208 2295 πρότερον
219 2259 263 2294 μὲν
289 2259 335 2287 τὴν
360 2257 502 2294 Ἀθήνησιν
528 2256 684 2286 Ἐκκλησίαν
709 2256 853 2286 οἰακίζοντι

48 2305 194 2339 παρείχετο
215 2304 309 2332 παντὸς
336 2305 462 2340 περιεῖναι
485 2300 623 2332 κλύδωνος·
653 2305 697 2327 νῦν
728 2299 757 2327 δὲ
793 2301 853 2327 πολ-

49 2347 104 2378 λοῖς
133 2348 281 2385 φορουμένῳ
304 2347 425 2383 κυμάτων
464 2343 581 2377 διαὺλοις
612 2348 656 2372 καὶ
691 2347 853 2382 ποντουμένῳ

51 2391 142 2427 ἂνείχί
151 2401 197 2428 μοι
211 2393 257 2421 τὴν
270 2391 364 2428 ψυχὴν
375 2393 420 2418 καὶ
435 2394 541 2427 συνεῖχε
554 2392 583 2417 τὸ
601 2392 659 2427 ζῇν,
677 2391 791 2421 Ἐκείνης
803 2391 854 2426 γὰρ

262 2810 386 2840 Ρλτεοι..
399 2811 450 2840 Gn.
466 2810 532 2840 CXL

895 216 968 242 μενον
980 206 1038 243 βίον
1060 207 1169 235 ἀϐίωτον
1190 212 1235 236 και
1258 214 1294 245 τῷ
1314 210 1416 246 θανάτῳ
1445 211 1541 236 ὤκνουν
1579 213 1694 238 ὑπακοῦ-

895 264 941 281 σαι
963 251 1044 280 πάλαι
1067 253 1196 291 καλούσῃ.
1222 258 1276 281 Νῦν
1299 252 1324 280 δ’
1351 254 1452 292 ἐπείπερ
1479 254 1561 284 ἐκείνη
1591 255 1692 293 φρούδη

896 302 920 326 τί
935 299 991 336 ἐμοὶ
1001 302 1047 326 xui
1064 301 1095 326 τὸ
1122 300 1170 336 ζῇν
1195 303 1281 334 τοῦτο,
1310 299 1324 328 ἲ]
1353 303 1405 329 πῶς
1434 299 1588 328 ἁναϐλητέον
1620 301 1694 326 ἔσται

894 354 939 381 μοι
962 346 991 370 τὸ
1020 346 1056 381 μή
1084 344 1113 370 οὐ
1144 342 1289 370 κάταδῦναι
1310 342 1363 373 ἠδη
1393 345 1456 381 πρὸς
1482 343 1550 379 ᾅδην
1578 344 1695 376 ἀπάσαις

895 387 1002 420 ὀδύναις
1014 388 1191 426 ὑπέραντλον;
1216 388 1252 419 εἰς
1277 392 1354 414 τοῦτο
1386 389 1437 425 γάρ
1464 398 1519 424 μοι,
1545 390 1579 420 ὡς
1603 390 1692 423 ἔοικεν,

895 434 910 463 ἦ
924 432 1054 470 δύσμορος
1066 433 1120 464 ζωὴ
1133 435 1321 470 παρατέταται,
1351 433 1392 459 ἶνα
1416 436 1576 471 μακροτέρας
1601 433 1694 460 ἔκτίσω

895 476 973 510 δίκας
990 480 1035 504 καὶ
1060 476 1106 504 διὰ
1127 479 1228 504 πάντων
1255 476 1382 515 διίξωμαι
1406 477 1539 514 ἀλγεινῶν,
1568 478 1619 504 κάκ
1645 482 1692 505 τοῦ

894 521 918 547 ἐν
934 525 1051 558 Χριστου
1065 524 1138 557 χειρὶ
1149 525 1196 547 τοῦ
1212 521 1324 558 πλήρους
1339 522 1408 548 οἳνου
1422 521 1536 559 ἀκράτου
1561 523 1694 559 κεράσμα-

893 576 936 596 τος
967 568 1067 603 πίωμαι
1091 566 1214 596 πολλάκις
1237 568 1269 596 ὡς
1294 567 1387 597 πάντες
1413 567 1438 592 οἱ
1467 565 1616 604 ἁμαρτωλοὶ
1648 571 1694 597 τῆς

893 615 953 646 γῆς.
976 610 1044 638 Ἀλλ’
1072 612 1125 639 ειπεὶ
1153 615 1197 637 νῦν
1224 613 1268 638 καὶ
1300 612 1343 637 τὸν
1391 613 1499 647 τρυγίαν
1540 611 1692 646 ἐκκενώθην,

895 657 1088 688 συνεκπέττωκα,
1111 653 1165 684 ἢδη
1193 655 1217 686 ἐς
1246 656 1275 681 τὸ
1302 657 1387 691 χρεὼν
1413 656 1505 691 ἄπειμι
1534 654 1695 686 διηντληκὼς

893 701 939 736 μεν
952 701 996 731 τὰς
1011 699 1036 725 ἓν
1053 702 1153 736 σώματι
1165 700 1249 735 θνητῷ
1269 698 1347 730 δίκας
1366 699 1471 731 ἁπάσας
1490 698 1599 735 σχεδον,

929 743 984 770 Οὐκ
999 745 1110 780 εὖθυμος
1122 746 1209 780 μέντοι
1234 746 1279 770 καὶ
1303 747 1406 781 χαίρων
1435 744 1591 780 μεταϐαινω,
1625 745 1693 771 ἔνθεν

893 787 924 815 δε
948 790 983 820 ὡς
994 791 1041 818 τὴν
1052 788 1203 824 ἀπαλλαγὴν
1230 792 1275 815 τοῦ
1300 789 1348 825 ζῇν
1374 789 1410 820 εἰς
1442 789 1538 824 ἀγαθόν
1563 798 1589 815 τι
1616 798 1693 826 μετα-

893 833 970 863 ϐολὴν
984 835 1087 864 πάντως
1098 834 1223 870 εὑρήσων·
1250 833 1323 870 φοϐεῖ
1350 834 1401 871 γάρ
1430 843 1462 870 με
1487 835 1516 860 τὸ
1545 836 1692 871 προσέρπον

894 876 953 910 δέος
968 879 1061 916 ἕτερον,
1084 880 1120 914 μὴ
1143 877 1242 907 κάκ...
1273 877 1356 904 ἀπιὼν
1389 877 1548 916 βαρυτέραις
1571 878 1690 909 εὐθύναις

894 924 1077 959 ὑποκείσομαι,
1106 922 1164 959 βίον
1192 921 1326 958 βεϐιωκὼς
1354 921 1402 949 οὐκ
1433 922 1598 958 ἀνέγκλητον.
1640 925 1692 950 Καὶ.

895 966 978 995 δεινὸν
1054 969 1097 993 καὶ
1120 971 1206 1001 τοῦτο,
1230 965 1372 1004 δεινότερον
1401 965 1431 993 δε
1456 967 1540 1003 πολλῷ
1568 967 1590 994 εἰ
1619 967 1695 994 κάκεῖ

895 1011 1078 1048 διαστήσομαι
1096 1010 1236 1048 τάδελφοῦ,
1268 1011 1332 1038 ἀλλὰ
1357 1013 1473 1048 μεγίστῳ
1500 1014 1546 1038 καὶ
1573 1012 1693 1048 χαλεπω-

893 1058 957 1094 τέρῳ
983 1058 1118 1093 χάσματι,
1143 1055 1156 1082 ὁ
1181 1058 1259 1092 μέσον
1288 1055 1442 1093 ὶστὴρικται
1465 1059 1511 1083 τοῦ
1539 1066 1567 1082 τε
1600 1059 1692 1094 χώρου

895 1101 980 1128 τῶνέν
995 1099 1047 1130 ἇδη
1077 1100 1289 1137 βασανιζομένων
1316 1103 1361 1127 καὶ
1387 1105 1435 1131 τῆς
1461 1099 1615 1137 εὐδαίμονος
1642 1105 1693 1128 τῶν

896 1149 1063 1183 μοααριοτῶν
1084 1143 1186 1182 ἀνδρῶν
1214 1144 1321 1179 λήξεως,
1348 1145 1384 1177 εἰς
1429 1145 1460 1174 ἣν
1498 1145 1694 1181 μετατάξασθαι

895 1192 939 1217 τὸν
968 1189 1079 1226 ἀδελφὸν
1108 1192 1278 1223 πεπίστευκα,
1307 1187 1383 1221 εἰδὼς
1411 1190 1478 1220 ὅπως
1501 1191 1546 1226 μὲν
1575 1189 1611 1221 εἰς
1651 1189 1696 1228 ἆρ-

895 1237 999 1272 χετυπα
1034 1232 1238 1272 παραδείγματα
1277 1233 1376 1260 ἐκείνων
1418 1235 1462 1260 τόν
1502 1233 1595 1261 ἑαυτοῦ
1635 1233 1694 1271 βίον

897 1279 1045 1307 ἀπευθύνων
1061 1278 1246 1316 διεκόσμησεν,
1262 1279 1331 1309 ὃπως
1348 1277 1378 1305 δὲ
1402 1281 1447 1305 xui
1475 1278 1500 1305 ἰν
1530 1283 1564 1316 γῇ
1594 1277 1697 1316 διατρί-

897 1324 947 1351 ϐων
970 1325 1019 1359 ἔτι,
1048 1323 1164 1357 ἐκείνοις,
1197 1325 1229 1354 ὡς
1273 1323 1339 1358 ἐξὸν,
1377 1321 1459 1359 ἕδίψα
1499 1327 1614 1350 συνεῖναι
1652 1325 1696 1350 καὶ

898 1367 1104 1406 συναγάλλεσθαι
1135 1367 1169 1394 τὰ
1208 1368 1390 1404 ὑπολείμματα
1439 1368 1520 1405 ἁγίων
1568 1369 1695 1405 σωμάτων

897 1413 997 1440 ἐκείνων
1028 1414 1074 1439 xui
1096 1413 1129 1438 τὰ
1159 1411 1333 1450 ἓκτυπώματα
1368 1412 1506 1448 συλλέγων,
1550 1415 1697 1443 συνοαιςόο

897 1460 971 1494 μενος
996 1467 1024 1484 τε
1047 1459 1093 1484 καὶ
1114 1460 1173 1487 ταῖς
1198 1456 1320 1483 ἀνωτάτω
1344 1460 1434 1493 τιμαῖς
1474 1457 1620 1493 σεϐόμενος
1660 1457 1697 1487 εἷς

897 1503 946 1540 γὰρ
958 1500 1043 1533 οὐδεὶς
1065 1500 1096 1532 ἦν
1128 1501 1248 1528 ἁπάντων
1273 1499 1383 1528 δικαίων
1410 1505 1461 1527 τῶν
1482 1500 1696 1539 ἐγγεγραμμένων

899 1548 947 1584 ὅλῳ
959 1551 996 1583 τῷ
1010 1547 1096 1583 κύκλῳ
1124 1551 1174 1573 τῶν
1200 1547 1301 1584 ἡμερῶν
1326 1550 1373 1572 τοῦ
1395 1545 1523 1580 ἔνιαυτοῡ,
1551 1546 1578 1577 ὃς
1605 1546 1634 1572 οὐ
1661 1550 1694 1582 τῇ

898 1593 978 1621 αὐτοῦ
1011 1594 1122 1628 μνήμονι
1145 1592 1231 1629 ἡμέρᾳ
1260 1591 1432 1628 ἑορταστικῶς
1461 1589 1612 1617 ἔκυδαίνετο
1640 1589 1698 1627 ἰδίᾳ

897 1636 959 1675 παρ’
992 1636 1088 1662 ἐκείνου
1134 1636 1303 1666 θυσιάζοντος
1339 1639 1529 1672 πνευματικῶς,
1573 1637 1618 1661 xui
1653 1644 1697 1670 γε-

897 1684 1030 1720 ραίροντος
1073 1680 1161 1717 ὓμνοις
1191 1682 1236 1712 xui
1280 1681 1444 1718 παγκάρποις
1487 1681 1588 1717 ὡραίων
1627 1680 1696 1715 ὰπάρ

897 1735 1007 1763 γμασιν.
1035 1725 1072 1752 Οὐ
1100 1726 1150 1763 γὰρ
1174 1725 1266 1761 ἠγάπα
1290 1722 1409 1760 δημοσιᾳ
1439 1724 1636 1760 πανηγυρίζων,
1676 1723 1698 1750 εἰ

898 1773 934 1807 μὴ
946 1773 991 1797 καὶ
1005 1770 1030 1796 ἓν
1050 1774 1080 1807 τῇ
1108 1770 1165 1797 κατ’
1188 1774 1258 1796 οἰκον
1293 1769 1386 1796 ἑαυτου
1409 1769 1536 1808 ἐκκλησίᾳ
1561 1769 1698 1806 ἀφοσιοῖτο

898 1819 935 1851 τῷ
961 1815 1062 1851 ἑκάστῳ
1090 1817 1252 1851 τετιμημένῳ
1281 1812 1387 1850 δικαίῳ,
1418 1815 1452 1844 ὡς
1484 1816 1532 1843 τὴν
1568 1813 1698 1840 ἕνιαύσιον

900 1863 934 1889 ὡς
945 1863 1029 1897 φωνὴν
1049 1860 1235 1896 άγαλλιᾱσθαι,
1255 1862 1300 1886 καὶ
1319 1862 1448 1896 σωτήριον
1481 1858 1505 1885 ἐν
1543 1863 1574 1896 τῇ
1603 1862 1698 1895 σκηνῇ,

900 1908 945 1932 καὶ
968 1909 1014 1932 τοῦ
1040 1903 1145 1932 δικαίου
1178 1904 1273 1931 ἰκείνου
1305 1904 1435 1940 ψαλμικὸν
1473 1902 1600 1934 διηνεκῶς
1640 1903 1699 1934 ἐξα-

901 1950 1034 1977 κουεσθαι.
1056 1949 1129 1980 Φίλος
1142 1947 1186 1975 οὖν
1198 1947 1245 1974 διὰ
1261 1952 1344 1974 ταῦτα
1371 1946 1398 1974 εὖ
1424 1947 1486 1974 οἶδα
1513 1949 1585 1984 παρὰ
1613 1947 1700 1984 φίλους

902 1993 1018 2030 ἀφίκετο,
1033 1996 1078 2020 καὶ
1108 1993 1143 2025 εἰς
1163 1994 1210 2025 τὰς
1233 1992 1315 2024 αὐτὰς
1340 1992 1429 2024 αὐτοῖς
1458 1993 1564 2023 αἰωνιας
1604 1994 1702 2024 σκηνὰς

903 2038 1034 2069 εἰσήλασε,
1065 2040 1110 2064 καὶ
1139 2041 1322 2074 συνεμφορείτο
1352 2042 1401 2069 τῆς
1438 2037 1581 2075 ἀπεράντου
1618 2047 1703 2074 μακα-

904 2085 1032 2120 ριότητος.
1059 2082 1230 2118 Ἐντυγχάνει
1255 2080 1285 2108 δε
1323 2080 1410 2111 δήπου
1448 2084 1493 2108 xui
1532 2084 1591 2119 περὶ
1630 2082 1702 2117 ἡμῶν

906 2129 1019 2166 θαρσῶν,
1034 2129 1067 2154 τά
1081 2137 1107 2154 τε
1122 2127 1186 2154 ἄλλα
1200 2129 1245 2153 xui
1258 2127 1293 2158 ὡς
1313 2125 1477 2164 φιλάδελφος,
1503 2127 1582 2158 οὕτως
1609 2127 1623 2153 ὁ
1645 2128 1704 2157 τοὺς

904 2173 1038 2210 ρυπῶντας
1052 2173 1193 2209 καθαίρων,
1207 2173 1241 2203 ὡς
1256 2174 1308 2208 πῦρ
1323 2174 1500 2208 χωνευτὴριον
1520 2174 1565 2198 xui
1593 2173 1627 2203 ὡς
1651 2174 1705 2198 πόα

905 2217 1061 2249 πλυνοντων,
1090 2219 1134 2244 καὶ
1162 2217 1235 2253 ἡμῶν
1262 2213 1308 2242 διὰ
1332 2220 1382 2242 τῶν
1417 2215 1527 2243 ίνταῡθα
1553 2220 1704 2254 πειρασμῶν

907 2263 941 2292 ὡς
962 2259 1010 2287 διὰ
1036 2263 1116 2298 πυρὸς
1141 2263 1186 2287 καὶ
1214 2258 1312 2292 ὕδατος
1336 2259 1490 2297 ἀποσμήξη,
1524 2264 1568 2288 καὶ
1597 2261 1634 2293 ii;
1661 2262 1704 2290 τὴν

908 2306 989 2335 αὐτὴν
1012 2305 1124 2343 ἐξαγάγῃ
1146 2305 1298 2342 ἀναψυχὴν,
1328 2308 1373 2332 xui
1401 2303 1548 2337 δικαιώσας
1586 2304 1633 2332 διὰ
1661 2309 1706 2335 τῆς

908 2352 1039 2388 Παρθένου
1056 2349 1136 2377 δώσει
1154 2354 1271 2377 κατοκεῖν
1293 2349 1335 2376 ἐπὶ
1347 2351 1387 2384 τὸ,
1418 2350 1482 2377 αὐτὸ
1508 2353 1554 2377 xui
1580 2350 1605 2377 ἄν
1636 2352 1706 2386 τόπῳ

909 2400 990 2425 σκηνῆ
996 2406 1007 2428 ς
1022 2396 1206 2432 θαυμασθῆναι
1222 2395 1342 2425 αἰωνίως,
