1966 3079
1064 105 1240 138 ΑΒΟΕΝΒᾹ.
1893 110 1954 136 126(

793 242 1411 336 ΘΕΟΔΩΡΟΥ

951 395 1039 428 ΤΟΥ
1065 393 1153 428 ΔΑΣ
1165 393 1271 427 ΚΑΡΙ

260 116 329 146 1250

868 169 1954 186 m

259 172 866 196 ﬁ:

539 499 605 524 ΤΟΥ
623 498 700 524 ΥΙΟΥ
717 498 782 522 ΤΟΥ
807 496 968 522 ΜΕΓΑΛΟΥ
986 496 1146 521 ΒΔΣΙΛΕΩΣ
1167 496 1273 520 ΚΥΡΟΥ
1290 495 1441 519 ΙΩΑΝΝΟΥ
1458 495 1523 519 ΤΟΥ
1543 492 1655 519 ΔΟΥΚΑ

720 587 828 632 ΤΗΣ
867 586 1114 632 ΦΥΣΙΚΗΣ
1157 584 1467 630 ΚΟΙΝΩΝΙΑΣ

931 693 1117 740 ΛΟΓΟΙ
1156 688 1243 737 ΕΞ.

502 862 1083 949 THEODOBI
1140 860 1687 945 LASCARIS

783 1011 886 1045 FILII
908 1010 1054 1044 SUMMI
1074 986 1255 1044 JOANNiS
1278 1010 1404 1042 DUCZE

572 1115 665 1169 DE
719 1112 1097 1168 NATURALI
1144 1112 1610 1168 COMMUNIONE

925 1237 1100 1287 LIBRI
1134 1236 1262 1285 SEX

1444 1353 1488 1373 us:
1498 1356 1512 1371 «
1528 1344 1627 1373 Codex
1635 1344 1898 1374 membranaceus
1914 1346 1945 1373 in

288 1349 401 1385 (Graeca
413 1355 494 1376 nunc
507 1346 637 1384 primum
652 1345 845 1388 prodeunte;
858 1346 989 1375 cod.ms.
1006 1347 1076 1380 Reg.
1088 1345 1233 1387 mill/nde
1242 1353 1303 1382 quo
1319 1345 1488 1409 catalogus:
1498 1356 1512 1371 «
1528 1345 1627 1373 Codex
1635 1345 1931 1385 membranaceusii

288 1393 313 1409 ιο
326 1383 516 1409 continuntur
530 1382 674 1409 Theodori
690 1383 823 1409 Lascaris
838 1390 911 1409 imo.
927 1382 965 1409 de
980 1384 1253 1409 communicatione
1267 1381 1391 1409 nbvsica
1406 1381 1424 1409 li
1450 1389 1472 1408 l‘l
1486 1389 1537 1409 sex
1553 1381 1650 1409 Graece
1673 1380 1827 1409 mondum
1854 1382 1931 1409 editi

1406 1380 1472 1409 libri
1486 1389 1537 1409 sex
1553 1381 1650 1409 Graece
1673 1380 1827 1409 mondum
1854 1382 1943 1415 editi,

251 1381 313 1422 quo
326 1381 516 1422 conlinuntur
528 1381 674 1422 :l‘lieodori
690 1382 827 1422 Lascaris
838 1382 969 1422 impudel
980 1381 1472 1422 communicationepbxsicalibri
1486 1389 1537 1422 se;
1553 1381 1650 1421 Graece
1673 1381 1847 1422 n_mn_dum__

249 1416 275 1449 1;
294 1419 389 1448 codex
404 1419 513 1447 saeculo
527 1419 584 1447 XIII
599 1421 738 1446 exaratus
750 1418 867 1446 videtur
878 1416 892 1443 ἦ
910 1418 1010 1446 Latine
1028 1417 1114 1445 vertit
1136 1419 1164 1444 et
1190 1417 1281 1444 edidit
1311 1416 1451 1445 Claudius
1484 1416 1627 1444 tuberius
1653 1417 1711 1444 sub
1742 1417 1803 1444 hoc
1827 1417 1920 1444 titulo
1936 1427 1941 1445 :

250 1455 424 1484 «Theodori
442 1456 529 1483 Ducat
551 1454 693 1490 Lascaris,
719 1454 793 1490 imp.
829 1455 900 1490 Caes,
924 1453 1058 1490 Joannis
1077 1453 1154 1488 Aug,
1182 1452 1245 1490 ﬁlii,
1261 1452 1312 1490 _de
1327 1452 1613 1490 _communicatione
1637 1452 1768 1490 naturali
1794 1452 1868 1490 libri
1899 1453 1941 1490 γι,

249 1476 429 1529 adfixit-"aid;
442 1476 1154 1529 ’ῥὶιῆἵεᾷιῖᾗῖἕῖἑίεέᾷᾝρηξῇᾘῄᾆῖιῖἷιῖέιὶἑξιῗί
1160 1476 1268 1524 ρῖὁὶἕιί
1277 1476 1314 1529 ξς
1321 1476 1511 1529 ξᾷῖᾶῐζυὶῇ
1515 1476 1632 1529 Ξὲῖεῇνα
1637 1476 1930 1529 -δὲἆῐίῆὁῇλῖιῌςῄρ

247 1523 474 1562 Triuncuriano,
490 1534 527 1555 ex
537 1523 572 1554 J.‘
585 1524 727 1555 Sambuci
746 1526 776 1554 V.
791 1526 821 1554 C.
836 1523 1030 1554 bibliotheca.
1044 1523 1170 1552 Basileai
1181 1531 1262 1553 anno
1284 1525 1364 1559 1561,
1378 1523 1452 1552 in8°
1470 1523 1555 1559 (Bibl.
1571 1523 1645 1560 imp.
1659 1523 1752 1552 Paris.
1775 1524 1810 1552 Β.
1844 1527 1937 1558 1735),

640 1662 1091 1718 HYPOTHESIS
1120 1661 1526 1717 GENERALIS

388 1784 530 1832 SEX
598 1782 1018 1831 SERMONUM
1092 1783 1496 1830 THEODORI
1569 1781 1783 1830 DUC/E

759 1887 821 1921 DE
843 1886 1077 1922 NATURALI
1097 1887 1407 1924 COMMUNIONE

646 1985 807 2021 Confecta
829 1997 849 2020 ε.
872 1985 1013 2021 Claudio
1037 1984 1189 2020 Auberio
1213 1984 1473 2020 Triuncuriano.

271 2135 327 2163 Res
340 2141 447 2162 omnes
460 2141 520 2163 uno
533 2133 667 2171 quodam
680 2133 828 2163 societatis
848 2133 966 2163 vinculo
980 2133 1179 2162 continentur.
1190 2135 1290 2170 Neque
1302 2133 1360 2161 hoc
1376 2133 1414 2161 de
1426 2132 1460 2161 iis
1472 2132 1618 2162 duntaxat
1645 2133 1738 2162 rebus
1763 2143 1834 2172 qua:
1861 2135 1914 2164 sub

234 2186 358 2207 sensum
375 2178 487 2208 cadunt
502 2182 530 2207 et
545 2187 579 2208 ex
593 2179 745 2208 elementis
765 2181 912 2214 constant,
927 2187 1030 2207 verum
1039 2178 1172 2207 etiamde
1187 2178 1384 2214 intelligentiis
1399 2186 1451 2206 seu
1458 2178 1619 2211 mentibus,
1627 2178 1664 2207 de
1672 2179 1914 2215 animis,animo-

231 2231 299 2252 rum
319 2224 523 2260 potestatibus,
542 2224 579 2252 de
594 2224 767 2252 hominibus
779 2223 936 2260 ipsisinter
948 2232 979 2252 se
992 2223 1122 2260 denique
1134 2222 1171 2251 de
1187 2223 1270 2251 omni
1283 2222 1451 2251 liberalium
1465 2231 1499 2251 ac
1509 2223 1709 2258 ingenuarum
1721 2225 1911 2254 scientiarum

230 2270 260 2296 et
275 2268 383 2297 artium
399 2269 533 2298 doctrina
542 2269 655 2297 dictum
670 2267 769 2297 velim.
781 2268 866 2301 Quod
882 2268 905 2296 si
913 2268 981 2305 quis
995 2275 1106 2304 genera
1119 2276 1220 2296 rerum
1233 2268 1391 2303 diligenter
1401 2268 1551 2296 intueatur
1564 2268 1646 2297 nullo
1653 2270 1777 2304 negotio
1792 2270 1823 2298 id
1831 2270 1910 2306 quod

228 2312 360 2341 diximus
370 2313 583 2350 deprehendet.
598 2314 632 2341 Et
649 2315 681 2342 ut
694 2313 732 2341 ab
747 2312 782 2340 iis
789 2311 878 2340 rebus
892 2321 959 2349 quas
973 2319 1078 2341 sensus
1088 2315 1204 2342 nostros
1216 2320 1279 2341 non
1288 2313 1414 2349 fugiunt,
1423 2312 1684 2350 exordiamur,qui
1695 2313 1833 2350 aliquam
1844 2323 1909 2351 ope-

226 2364 292 2385 ram
305 2357 336 2386 in
347 2358 543 2395 philosophiae
559 2357 658 2386 studio
671 2359 845 2394 posuerunt,
856 2359 967 2385 norunt
977 2365 1023 2385 res
1033 2365 1139 2386 omnes
1157 2360 1266 2386 natura
1291 2357 1434 2386 contineri
1460 2360 1488 2385 et
1514 2358 1591 2386 uniri
1619 2358 1647 2386 vi
1676 2358 1827 2393 ejusdem,
1843 2368 1907 2396 quis

225 2401 349 2438 quidem
362 2406 471 2432 natura
486 2405 632 2439 tanquam
648 2401 697 2430 Dei
712 2401 816 2438 optimi
830 2401 956 2430 maximi
967 2402 1105 2431 ministra
1119 2402 1149 2430 in
1169 2401 1259 2430 rebus
1274 2401 1460 2430 naturalibus
1476 2402 1658 2439 principium
1682 2405 1726 2431 est
1747 2407 1851 2432 motus
1874 2412 1904 2432 ac

224 2447 343 2483 quietis.
358 2449 407 2476 Est
426 2448 515 2484 igitur
528 2449 635 2475 natura
654 2446 684 2474 in
699 2446 755 2475 hoc
769 2447 884 2475 mundo
900 2446 1223 2483 elementaritanquam
1230 2447 1414 2480 contrum,in
1424 2455 1485 2483 quo
1492 2447 1635 2475 uniuntur
1645 2448 1749 2476 omnia
1758 2449 1902 2477 naturalia

222 2498 284 2520 non
296 2492 394 2520 solum
409 2492 468 2526 illa,
485 2500 553 2528 quae
569 2491 716 2528 simplicia
729 2492 1061 2529 appellamuscorpora,
1076 2499 1182 2520 verum
1194 2492 1285 2520 etiam
1294 2492 1462 2528 composita
1470 2494 1498 2520 et
1508 2492 1610 2526 mixta,
1618 2493 1755 2529 adeoque
1763 2493 1899 2529 singulia,

220 2536 305 2573 ipsa:
320 2539 352 2565 ut
366 2537 424 2565 hoc
439 2536 531 2564 modo
545 2544 648 2564 verum
657 2537 693 2565 sit
708 2536 912 2573 quodveteres
924 2535 965 2564 illi
978 2536 1165 2564 subobscure
1180 2536 1320 2564 dixerunt
1335 2544 1341 2564 :
1356 2536 1452 2564 Unum
1463 2544 1529 2565 esse
1540 2536 1634 2565 multa
1647 2539 1675 2565 et
1691 2537 1788 2566 multa
1800 2546 1897 2571 unum,

220 2583 261 2608 Ac
271 2581 399 2617 primum
406 2581 530 2617 quidem
536 2581 623 2609 orbes
630 2582 762 2609 cwlestes
769 2580 826 2608 hoc
835 2580 1004 2608 universum
1012 2581 1241 2618 amplectuntur,
1249 2589 1364 2617 suoque
1372 2581 1607 2610 motucienthmc
1613 2581 1898 2619 inferiora.Sequun-

217 2626 264 2653 tur
278 2625 387 2654 deinde
401 2628 510 2662 quator
529 2625 684 2659 elementa,
701 2633 769 2661 quae
785 2625 978 2661 proportione
993 2626 1088 2654 amica
1102 2626 1178 2654 inter
1194 2633 1226 2654 se
1240 2625 1424 2661 conspirant;
1439 2628 1509 2654 eunt
1519 2626 1706 2662 redeuntque
1713 2626 1743 2654 in
1756 2635 1799 2662 se,
1826 2627 1896 2656 inter

216 2677 249 2697 se
261 2672 289 2697 et
299 2678 335 2698 ex
346 2673 451 2699 mutuo
469 2671 614 2700 oriuntur.
632 2670 741 2698 Deinde
757 2677 793 2697 ex
807 2672 937 2705 quatuor
951 2670 1116 2705 elementis,
1130 2670 1246 2707 reliqua
1264 2672 1496 2707 componuntur,
1509 2678 1544 2699 ac
1555 2671 1687 2707 primum
1709 2679 1780 2708 quas
1809 2672 1894 2700 mixta

214 2716 370 2748 vocantur,
384 2717 417 2744 ut
430 2715 546 2752 lapides
562 2718 592 2743 et
605 2713 734 2742 metalla.
751 2714 884 2746 Quatuor
893 2713 1047 2744 elementis
1057 2706 1240 2752 respondent
1248 2717 1333 2751 χυμοὶ
1345 2714 1376 2742 in
1389 2714 1489 2743 herbis
1500 2717 1529 2743 et
1540 2706 1660 2752 plantis,
1676 2715 1708 2743 in
1719 2706 1891 2752 corporibus

214 2756 425 2794 animantium,
441 2763 531 2796 atque
539 2759 616 2788 adeo
629 2758 661 2788 in
671 2758 919 2795 prmstantissimo
929 2767 1054 2797 corpore
1060 2760 1193 2790 animato
1199 2759 1331 2789 hominis
1341 2761 1480 2796 quatuor,
1488 2760 1643 2795 humores,
1654 2759 1723 2790 bilis
1729 2760 1820 2796 ﬂava,
1830 2760 1889 2789 bilis
