1966 3079
41 133 115 162 ωσι
315 130 495 162 resonam
507 132 531 161 ιι
557 128 630 162 IMP.
641 131 687 161 DE
706 119 933 160 consortibus
945 118 1131 159 mtuam.
1145 145 1179 153 —
1194 130 1392 160 PREFA’I‘IO.
1661 125 1730 162 ηις

41 198 126 230 atra,
138 195 263 231 sanguis
268 197 296 224 et
303 195 419 232 pituita,
436 197 521 225 tanta
529 198 574 224 est
584 198 701 225 natura;
715 194 760 223 vis
768 193 906 222 inrerum
915 193 1098 221 naturalium
1114 193 1392 231 temperationibus.
1405 187 1461 220 Sed
1470 185 1534 228 iam
1541 192 1580 221 ad
1595 195 1732 224 secretio-

41 249 115 269 rem
128 239 402 269 considerationem
417 240 583 269 veniamus.
603 242 678 270 Snnt
692 237 897 268 animantibus
903 237 1026 266 rationis
1036 239 1207 275 expertibus
1218 239 1274 267 tria
1287 237 1437 275 plantasia
1455 237 1607 273 quaedam,
1618 238 1732 268 irarum

42 285 142 314 ardor
154 285 292 322 quidam,
303 285 452 322 cupiditas
467 285 611 322 quaedam
623 294 630 320 ;
646 286 677 314 in
687 283 809 314 nomine
823 283 898 312 ratio
909 291 976 320 quae
991 283 1181 320 phantasiam
1196 283 1342 318 nobilitat,
1359 282 1467 312 deinde
1477 283 1557 319 θυμὸς
1572 285 1601 312 et
1610 283 1734 320 ἐπιθυμία

42 337 120 367 quae
132 330 193 359 duo
201 338 236 359 eo
247 332 317 359 sunt
327 329 565 367 nobilioraquod
577 330 724 359 rationem
735 327 968 358 moderatrinem
978 330 1006 356 et
1017 327 1256 363 gubernatricem
1264 327 1467 357 habeantTria
1478 327 1542 356 haec
1552 327 1639 364 λόγος,
1652 329 1734 365 θυμὸς

42 377 77 404 et
90 374 228 411 ἐπιθυμία,
240 377 273 403 ut
282 376 352 403 sunt
361 374 470 404 animae
482 375 624 404 humanae
635 382 724 412 pares
734 371 917 405 essentiales,
931 372 963 401 in
974 373 1139 402 tensionem
1152 376 1180 402 et
1193 373 1399 402 remissionem
1406 380 1467 401 non
1479 372 1735 409 suscipiunt.Nam

43 419 166 448 ratione
179 418 269 450 οὐσίας
283 420 419 448 Socrates
437 427 499 448 non
509 422 554 448 est
565 420 663 455 magis
677 419 780 456 λογικὸς
797 426 817 455 q

959 419 997 454 to,
1013 419 1064 446 aut
1076 418 1174 454 magis
1192 419 1325 454 θυμικόςη
1341 420 1394 446 aut
1408 417 1505 453 magis
1535 417 1733 455 ἐπιθυμητικὸς.

45 464 110 494 Sed
119 464 235 493 ratione
242 463 442 501 copulationis
455 464 564 493 animas
576 466 604 493 et
618 463 765 493 materiali
775 462 909 500 corporis
917 461 1044 499 physici,
1055 463 1200 500 organici,
1212 463 1352 492 dicuntur
1358 463 1406 491 has
1416 464 1579 499 potestates
1604 462 1735 500 qualita-

44 514 94 542 tes
115 517 157 537 no
172 507 321 542 οὗσιώδιις.
338 511 367 538 et
378 509 504 546 proinde
517 509 717 538 intensionem
733 517 768 538 ac
779 515 820 537 rei

959 515 988 536 m
1003 508 1188 545 suscipiunt:
1209 508 1286 537 adeo
1297 510 1330 536 ut
1341 507 1388 536 hic
1399 507 1450 536 illo
1464 507 1644 546 λογικώτερος,
1658 509 1735 546 θυμι-

44 556 163 591 κώτερος
173 556 202 582 et
213 554 432 591 έπιθυμικὼτιρος
444 554 570 583 dicatur.
587 555 691 591 Itaque
703 553 772 582 bilis
783 553 820 581 ﬂa

960 552 989 581 ia
1009 553 1096 590 copia
1117 553 1271 581 hominem
1296 553 1471 590 θυμικώτιρον
1492 552 1600 581 reddit.
1630 553 1736 582 Pituita

43 598 146 627 nimia
170 598 325 627 hominem
350 599 450 627 minus
470 599 693 636 suarxbv,quam
711 607 766 636 par
785 599 838 631 est,
850 596 948 625 eﬁicit.
958 597 1118 633 Sanguinis
1128 597 1317 626 abundantia
1325 597 1480 626 hominem
1504 596 1734 635 ἕπιθυμικώτιρον,

43 643 204 672 interdum
216 644 307 672 etiam
313 643 458 673 laetiorem
467 643 574 673 reddit.
587 646 658 673 Atra
664 643 731 672 bilis
741 642 896 672 hominem
904 642 1064 671 tristiorem
1074 642 1173 671 efﬁcit.
1183 645 1326 671 Prmterea
1332 642 1408 679 λόγος
1418 643 1645 679 prmsertimque
1664 652 1735 680 πρα-

45 690 121 719 κτιὸς
133 688 344 717 interveniente
354 688 527 725 phantasia,
542 689 633 718 utitur
642 688 780 717 sensibus
787 690 934 724 tanquam
942 687 1273 717 instrumentistcirco
1287 687 1402 716 ratione
1408 687 1560 724 qualitatis
1571 690 1599 717 et
1607 690 1738 725 potesta-

45 733 85 763 tis
106 741 171 762 non
181 730 327 764 οὐσιώδους
341 733 446 770 recipit
455 733 668 769 intensioncm,
683 736 710 762 et
718 733 821 762 remiss

961 732 1017 761 deo
1028 734 1060 761 ut
1070 740 1149 761 unus
1159 731 1251 761 altero
1265 732 1435 769 λογικὼτιρος
1450 732 1495 761 vel
1506 732 1613 769 [minus
1631 732 1734 770 λογικὸν

46 778 181 814 dicatur,
199 778 351 806 interdum
368 778 458 807 etiam
472 778 552 807 idem
562 778 660 814 seipso
674 777 844 814 λογικώτιρος
858 776 976 811 dicitur,
986 785 1047 806 non
1060 777 1176 806 ratione
1185 777 1341 814 potestatis
1353 776 1529 813 essentialis,
1551 777 1603 806 sed
1614 780 1736 815 propter

45 823 208 851 meliorem
223 823 357 860 corporis
373 822 491 859 physici
504 825 624 852 statum.
636 824 764 858 Purgato
784 823 864 850 enim
879 822 1011 854 cerebro.
1027 823 1192 859 prtesertim
1216 830 1286 851 cum
1304 822 1403 851 noxiis
1416 822 1594 851 humoribus
1616 822 1736 853 infestae

46 867 226 904 tnr,aliquis
233 867 273 896 ad
278 867 518 896 ratiocinandum
525 868 621 904 aptior
627 867 711 896 reddi
718 869 825 904 potest.
832 867 865 895 Et
869 867 1015 903 quoniam
1021 869 1150 904 quatuor
1156 868 1299 896 humores
1306 875 1336 895 in
1343 867 1519 904 corporibus
1525 867 1665 896 humanis
1672 867 1736 905 plur-

44 912 164 941 rimnm
176 914 312 949 possunt,
325 914 356 941 ut
368 914 458 949 patet,
470 920 532 941 non
542 912 690 941 immerito
703 920 816 941 connec

959 911 1161 948 mjugaliones
1175 912 1252 949 λόγου
1263 913 1346 949 θυμοῦ
1356 912 1502 949 ἐπιθυμίας,
1514 920 1584 940 cum
1592 909 1735 949 coniuges

44 955 185 986 tionibus
195 959 323 994 quatuor
330 957 504 993 humorum,
516 965 625 994 nempe
633 957 701 986 bilis
711 956 879 992 ﬂave,bilis
887 957 1130 993 atrae,sanguinis
1141 965 1176 985 ac
1190 957 1313 994 pituitae.
1327 958 1406 990 Quas
1416 956 1539 994 quidem
1551 957 1736 994 coniugatio~

45 1009 104 1031 nes
111 1002 137 1030 si
143 1001 212 1039 quis
219 1001 485 1039 diligenterperves
490 1002 737 1038 tiget,nonaginta
744 1002 821 1030 duas
828 1001 962 1038 reperiet,
967 1002 1051 1030 etiam
1058 1010 1118 1030 non
1128 1004 1321 1031 annumerata
1328 1002 1451 1038 simplici
1457 1009 1492 1030 co
1496 1001 1524 1038 uj
1530 1002 1736 1038 ugatione,nec

44 1047 100 1076 illa
112 1055 182 1084 quas
194 1044 321 1083 simplici
334 1046 503 1084 respondet.
516 1048 590 1076 Nam
601 1049 715 1084 septem
726 1046 791 1075 aliae
802 1047 869 1082 conj
874 1046 1029 1082 ugationes
1056 1047 1156 1084 qutein
1170 1047 1283 1076 unitate
1297 1047 1361 1075 sola
1373 1046 1573 1075 intensionem
1586 1054 1620 1076 ao
1632 1046 1737 1075 remis-

47 1090 170 1120 sionem
182 1091 481 1128 suscipiuntmullum
488 1091 762 1128 autperobscurnm
774 1091 1070 1127 habentusum,qua-,
1089 1093 1190 1120 tamen
1198 1091 1222 1119 si
1230 1091 1381 1120 addantur
1397 1090 1525 1128 simplici
1535 1099 1571 1120 ac
1580 1091 1737 1127 monagins

47 1136 136 1172 ginta
151 1136 286 1171 duabus,
300 1139 421 1165 centum
434 1136 661 1173 conjugationes
677 1136 823 1165 constitue

958 1136 1059 1173 [uibus
1071 1135 1243 1172 intelligitur
1254 1136 1330 1165 ratio
1347 1137 1511 1173 συμπαθείας
1524 1138 1553 1164 et
1565 1135 1734 1167 ἀντιπαθείας

47 1181 212 1210 hominum
222 1180 298 1209 inter
305 1188 348 1216 se,
360 1189 428 1217 quas
439 1181 589 1210 exanimis
596 1183 624 1209 et
637 1181 770 1218 corporis
782 1180 913 1216 organici
924 1182 1039 1218 physici
1050 1181 1239 1218 copulatione
1248 1182 1372 1210 exsistit.
1385 1183 1477 1210 Nemo
1497 1189 1566 1210 vero
1581 1184 1665 1219 putet
1678 1189 1735 1210 nos

48 1225 183 1255 tribuere
192 1233 319 1254 causam
329 1226 427 1254 omnis
437 1225 604 1255 vitiositatis
616 1234 716 1263 pravas
726 1225 934 1263 temperationi
952 1226 1086 1263 corporis
1099 1226 1234 1262 organici
1245 1225 1369 1263 physici.
1382 1227 1457 1256 Nam
1471 1226 1626 1263 quomodo
1640 1227 1670 1253 τὸ
1683 1230 1735 1263 φῶς

48 1269 75 1298 ἐν
91 1273 123 1301 τῆ
147 1272 241 1307 naria}
260 1272 346 1307 φαίης
360 1272 404 1297 καὶ
416 1268 431 1300 ἡ
445 1273 537 1297 σκοτία
549 1271 613 1297 αὐτὸ
624 1271 653 1297 οὐ
671 1269 824 1308 aurariade

961 1279 968 1299 ι
992 1279 1053 1300 non
1074 1273 1119 1300 est
1148 1274 1287 1300 nostrum
1307 1271 1473 1300 ostendere.
1502 1271 1547 1300 Ad
1563 1279 1737 1308 supremam

47 1315 134 1345 enim
141 1314 321 1351 theologiam
328 1315 676 1352 pertinethaactractatio.
699 1316 833 1352 Cumque
845 1315 876 1344 in
890 1315 1046 1352 republica
1055 1315 1131 1344 ﬁnes
1148 1316 1386 1352 praestantissimi
1402 1316 1460 1345 sint
1473 1316 1506 1342 τοῖ
1524 1320 1574 1342 τῶν
1585 1315 1739 1353 ἀρχιτατοδ

47 1365 129 1387 νικῶν
139 1360 212 1394 τέλη,
226 1360 345 1397 sintque
361 1356 584 1397 Ἀρχιτικτονικοὶ
599 1361 806 1397 imperatores,
821 1368 823 1388 ξ

962 1359 1091 1397 rincipes
1124 1363 1152 1388 et
1181 1360 1388 1396 magistratus,
1417 1360 1583 1389 videndum
1609 1363 1653 1389 est
1678 1361 1736 1389 im-

49 1403 161 1443 primis
176 1406 205 1434 et
218 1404 396 1439 curandum,
412 1407 445 1433 ut
459 1405 606 1438 educatio,
623 1407 743 1432 κοινωνία
753 1407 782 1433 et
803 1405 825 1433 vi

960 1413 971 1433 )
999 1410 1049 1432 τῶν
1079 1404 1299 1443 ἁρχιτικτονικῶν
1323 1403 1434 1442 ἀνδρῶν,
1460 1405 1500 1434 ad
1525 1404 1736 1442 ἀρχιτεκτονικὸν

49 1450 122 1482 τέλος
137 1449 291 1478 referatur.
310 1449 412 1483 Qualis
428 1449 509 1478 enim
522 1452 566 1479 est
578 1450 593 1480 ἡ
610 1452 689 1487 σοφία
703 1450 779 1478 inter
789 1457 825 1478 on

959 1450 1062 1485 entias,
1078 1449 1145 1479 talis
1159 1450 1175 1480 ἡ
1192 1452 1317 1488 φρόνησις
1333 1450 1357 1477 ἐν
1378 1453 1434 1481 ταῖς
1453 1449 1599 1481 πολιτικαῖς
1623 1450 1735 1487 ἀρεταῖς.

49 1496 86 1524 Et
98 1493 281 1532 utquaedam
292 1494 423 1523 scientia:
435 1497 557 1531 propter
567 1494 752 1524 nobilitatem
762 1497 790 1523 et
803 1495 1024 1524 accurationem
1034 1495 1132 1531 magis
1144 1495 1290 1524 accedunt
1301 1495 1340 1523 ad
1352 1495 1531 1531 sapientiam
1546 1494 1604 1528 ;ila
1613 1502 1736 1532 quoque

50 1542 134 1570 artes
144 1539 288 1577 quaedam
298 1541 327 1569 et
337 1539 477 1574 scientiae,
490 1547 621 1576 quarum
636 1547 708 1568 usus
723 1539 754 1568 in
768 1547 826 1576 repi

959 1540 1074 1578 eruitur,
1089 1540 1186 1576 magis
1197 1540 1345 1569 accedunt
1358 1542 1423 1577 πρὸς
1434 1542 1481 1570 τὴν
1510 1539 1735 1578 ἀρχιτεκτονικὴν,

49 1584 159 1622 quales
169 1586 239 1612 sunt
253 1584 268 1613 ἠ
286 1586 458 1622 στρατήγικὴ,
470 1585 485 1614 ἠ
508 1584 621 1622 ἰατρική.
644 1585 718 1613 Nam
734 1604 742 1620 ,
767 1586 800 1613 ut

963 1593 997 1614 01·
1020 1587 1130 1620 noster,
1159 1589 1228 1624 τρεῖς
1253 1587 1384 1612 κοινωνίαι
1407 1589 1443 1621 τῷ
1467 1585 1580 1623 ἄρχοντι
1607 1583 1738 1623 ἁρμοδιὼιι

50 1639 138 1665 recres,
158 1627 308 1666 φιλοσοφία,
325 1631 459 1666 στρατεία,
494 1629 610 1666 ἰατρικὴ,
644 1628 709 1665 μιτά
738 1633 788 1656 τῶν
818 1629 824 1655 i

962 1641 966 1654 ι
985 1629 1082 1658 «dum.
1101 1630 1183 1659 Idem
1208 1629 1299 1667 paulo
1323 1632 1391 1659 ante
1402 1629 1518 1659 dixerat
1534 1638 1541 1658 :
1556 1629 1562 1638 ‘
1577 1633 1598 1656 ο
1613 1629 1738 1666 βασιλεὺς

51 1675 82 1702 οὐ
92 1677 209 1702 κοινωνεῖ
226 1678 272 1701 τοῦ
284 1673 413 1709 nouam,
430 1673 483 1701 ἀλλ’
504 1673 674 1711 ἀποδέχεται,
691 1674 758 1702 ὣστε
789 1676 818 1702 τὸ
849 1673 1031 1711 ἀποδέχεσθαι
1067 1677 1134 1706 τινος
1165 1674 1230 1711 ἔστι,
1256 1678 1301 1702 καὶ
1338 1674 1384 1701 οὐκ
1417 1674 1476 1705 ὅλης
1508 1679 1555 1706 τῆς
1593 1677 1737 1706 κοινωνίαςο

51 1721 118 1747 ὅπου
137 1729 187 1757 γαρ
198 1720 227 1747 τὸ
243 1720 390 1746 κοινωνικὸν
409 1719 490 1756 ὄνομα
521 1722 616 1755 miras,
647 1724 696 1746 τῶν
724 1722 827 1746 κοινὼνν

963 1719 1078 1750 utemur
1098 1722 1257 1757 συμφωνίαν.
1278 1721 1368 1749 Porro
1394 1719 1542 1757 sapientia
1572 1719 1737 1757 prudentia

52 1766 137 1794 tanto
149 1766 279 1802 praestat,
295 1766 410 1800 quanto
424 1772 509 1793 mens
525 1765 643 1793 animai.
660 1764 772 1794 Idcirco
787 1764 877 1794 etiam
889 1764 1058 1794 Aristoteles
1073 1767 1155 1794 sexto
1166 1765 1205 1794 De
1220 1764 1355 1794 moribus
1375 1763 1474 1793 divine
1490 1764 1563 1793 dixit
1577 1773 1584 1793 :
1600 1764 1669 1792 Α).λά
1678 1767 1730 1802 μὴν

52 1806 116 1836 eos”:
131 1811 210 1846 κυρία
224 1811 252 1845 γέ
262 1809 317 1836 ἐστι
331 1813 379 1840 τῆς
396 1811 486 1846 σοφίας
497 1807 558 1836 ούὸδ
586 1813 631 1836 τοῦ
652 1808 780 1847 βιλτίονος
809 1813 901 1849 μορίου
923 1809 1029 1847 ,ὢθπιρ
1057 1808 1119 1836 οὐδὲ
1149 1813 1198 1841 τῆς
1225 1811 1312 1846 ὑγείας
1345 1810 1459 1848 ἰατρική·
1494 1809 1523 1836 οὐ
1555 1819 1606 1846 γαρ
1634 1814 1737 1847 χρῆται

53 1853 134 1886 αὐτῆ,
149 1853 204 1881 ἀλλ’
216 1854 265 1891 ὁρᾴ
279 1854 345 1885 ὃπως
359 1856 477 1890 γίνηται.
493 1854 603 1882 Deinde
618 1854 737 1891 subjicit
747 1855 829 1883 veris:

960 1854 1126 1883 ententiam
1143 1862 1149 1882 :
1165 1854 1278 1886 Ἐκιίνης
1290 1854 1333 1881 οὖν
1349 1855 1419 1882 ἓιικα
1430 1856 1551 1891 (nempe
1572 1858 1619 1885 τῆς
1632 1855 1736 1891 copiae)

53 1899 184 1926 ἐπιτάττει
198 1919 207 1935 ,
224 1898 277 1925 ἀλλ’
289 1899 336 1925 οὐκ
348 1898 441 1929 ἐκιίνη.
454 1899 607 1928 Postremo
619 1899 791 1929 acutissime
805 1899 975 1928 ludiﬁcatur
989 1899 1068 1936 illos,
1084 1899 1109 1928 si
1129 1899 1181 1936 qui
1193 1900 1268 1928 forte
1283 1899 1481 1936 reperiantur,
1495 1899 1549 1936 qui
1583 1899 1740 1928 temerario

53 1943 168 1981 judicio
182 1943 374 1980 prudentiam
387 1943 539 1980 sapientiae,
558 1944 690 1972 audeant
704 1943 829 1972 anteferr

968 1945 1066 1982 ὅμοιον,
1077 1944 1184 1981 inquit,
1204 1943 1252 1970 κᾶν
1264 1946 1326 1976 εἴτις
1346 1947 1393 1974 τὴν
1408 1944 1542 1974 πολιτικὴν
1564 1946 1627 1981 φαίη
1647 1944 1739 1982 ἄρχειν

56 1993 106 2016 τῶν
123 1988 195 2023 θεῶν,
209 1988 250 2015 ὅτι
261 1987 392 2015 innuit?“
404 1991 463 2025 πιρὶ
472 1989 556 2015 πάντα
567 1989 600 2015 τὰ
615 1988 638 2015 ἄν
649 1992 680 2018 τῆ
697 1988 778 2017 πόλει.
805 1990 832 2017 Ε]

968 1999 981 2018 s
1017 1989 1188 2024 intelligitur
1213 1990 1393 2026 sapientiam
1421 1998 1489 2019 esse
1507 1989 1644 2025 reginam
1676 1997 1741 2018 om-

57 2034 142 2062 nium
156 2032 359 2068 scientiarum,
375 2033 572 2070 omniumque
585 2033 705 2069 artium,
719 2034 884 2070 praesertim
899 2042 969 2063 cum
981 2035 1141 2072 prudentia
1152 2035 1218 2071 ipsa
1229 2034 1305 2063 illius
1319 2043 1412 2064 causa
1425 2035 1528 2065 omnia
1543 2034 1740 2064 administret.

58 2078 170 2106 Idcirco
184 2077 303 2106 dicebat
320 2077 500 2113 Aristoteles,
511 2077 541 2105 Et
565 2075 599 2108 δὴ
626 2079 692 2105 θεῖον
707 2078 798 2110 ὁΝοῡς
820 2088 834 2105 π

980 2080 1125 2118 ἄνθρωπον,
1157 2082 1202 2106 καὶ
1233 2080 1324 2106 exarat
1354 2081 1397 2106 τὸν
1429 2083 1498 2107 Νοῦν
1529 2078 1586 2117 βίος
1610 2081 1671 2118 πρὸς
1697 2080 1740 2106 τὸν

60 2122 217 2160 ἀνθρωπινον
234 2123 309 2154 ϐιζος.
321 2124 429 2152 Verum
445 2125 545 2151 tamen
557 2123 630 2151 illud
645 2126 762 2152 constat
785 2123 869 2160 quod
881 2123 1074 2152 doctissimus
1089 2125 1123 2153 lli.
1135 2123 1245 2153 Tullius
1253 2123 1328 2152 dixit
1345 2134 1352 2152 :
1368 2125 1478 2153 Omnes
1500 2127 1588 2159 artes,
1619 2131 1741 2152 omnese

60 2176 118 2205 que
129 2167 277 2202 scientias,
293 2167 448 2196 communi
457 2167 591 2205 quodam
607 2168 880 2197 societatisvinculo
887 2169 1044 2198 contineri.
1058 2170 1097 2197 Ex
1106 2177 1167 2206 quo
1183 2169 1435 2200 exsistitxowewta;
1442 2169 1611 2206 sapientum
1624 2169 1700 2198 inter
1710 2176 1742 2197 se

59 2213 190 2248 itemque
203 2211 393 2248 ἱπιστημόνων,
408 2212 538 2249 denique
553 2212 711 2248 artiﬁcum,
731 2213 899 2242 secundum
914 2212 986 2241 illud
1004 2214 1087 2250 quod
1103 2217 1148 2242 est
1162 2214 1259 2250 magis
1275 2216 1305 2242 et
1320 2214 1442 2242 minius.
1467 2215 1543 2243 Nam
1565 2213 1740 2251 reipublicte

61 2257 242 2293 gubernator
254 2257 353 2294 potius
363 2258 608 2286 communionem
621 2265 656 2286 ac
667 2257 838 2287 societatem
847 2257 934 2287 inibit
948 2267 1018 2287 cum
1028 2259 1104 2287 duce
1114 2261 1271 2293 exercitus,
1286 2259 1335 2288 vel
1343 2268 1413 2288 cum
1425 2259 1543 2287 medico
1567 2267 1660 2296 quam
1672 2266 1743 2288 cum

63 2302 200 2330 cerdone.
215 2303 246 2330 Et
260 2302 379 2339 sapiens
389 2302 508 2331 vircum
519 2302 582 2331 viro
594 2302 739 2339 prudente
752 2303 851 2340 potius
860 2304 1105 2333 communionem
1116 2304 1285 2339 constituet,
1299 2313 1392 2342 quam
1414 2312 1482 2333 cum
1496 2304 1616 2333 artiﬁce.
1630 2304 1743 2333 Eodem

64 2345 154 2376 modo
166 2346 204 2375 de
211 2347 333 2384 reliquis
342 2347 542 2383 indicandum
554 2350 607 2376 est.
618 2348 764 2376 Hactenus
776 2348 866 2384 igitur
877 2349 915 2377 de
939 2349 1152 2377 communione
1163 2349 1379 2378 elementorum
1391 2352 1419 2378 et
1429 2357 1529 2378 rerum
1541 2355 1577 2377 ex
1588 2348 1742 2378 elementis

64 2391 296 2428 compositarum
306 2394 396 2428 atque
405 2391 481 2420 adeo
492 2392 529 2420 de
540 2393 752 2421 communione
763 2392 1002 2422 hominuminter
1012 2402 1053 2422 se.
1061 2394 1207 2426 Quoniam
1220 2397 1321 2423 autem
1331 2402 1431 2423 rerum
1439 2395 1514 2422 inter
1527 2401 1559 2422 se
1573 2393 1742 2422 communia

67 2437 141 2466 catio
149 2436 276 2465 maxime
287 2436 317 2464 in
327 2436 493 2472 ﬁgurarum
503 2437 729 2466 coordinatione
736 2438 1034 2475 cernitur,sciendum
1041 2441 1084 2467 cst
1093 2438 1222 2474 ﬁguram
1230 2439 1428 2468 orbicularem
1436 2438 1566 2468 maxime
1577 2445 1743 2467 accomom~

67 2481 166 2510 datam
173 2488 237 2509 esse
247 2480 285 2509 ad
292 2481 507 2510 continendum
515 2484 543 2510 ct
550 2481 819 2519 complectendum,
831 2482 900 2519 quia
907 2483 1049 2511 nimirum
1061 2483 1247 2518 ex:omnibus
1255 2483 1360 2518 ﬁguris
1375 2486 1419 2513 est
1427 2482 1634 2521 capacissima,
1646 2481 1743 2509 ἀκλινιι

70 2527 147 2554 στάτη
162 2527 206 2552 καί
220 2525 336 2562 μάλιστα
349 2528 500 2563 τιταγμένη.
521 2527 633 2556 Idcirco
644 2527 731 2556 orbes
745 2527 845 2556 coalest

982 2527 1193 2563 ﬁgurationem
1200 2527 1345 2556 obtinent.
1362 2529 1532 2557 Secundum
1544 2527 1743 2556 orbicularem

74 2570 278 2601 constituimus
296 2570 475 2608 quadratam
488 2571 628 2607 ﬁguram.
646 2573 677 2600 ln
693 2572 784 2600 tertiis
800 2572 933 2601 consistit
948 2572 1131 2608 triangulum
1146 2571 1361 2609 tequilaterum.
1389 2573 1592 2606 Quamobrem
1606 2572 1744 2602 omnium

71 2615 285 2644 mundanarum
296 2616 459 2652 ﬁgurarum
472 2616 647 2645 orhicularis
657 2616 746 2653 longe
761 2619 803 2645 est
814 2617 1057 2654 pzsestantissima
1067 2619 1188 2654 propter
1198 2625 1248 2646 eas
1259 2624 1370 2645 causas
1379 2625 1455 2654 quas
1467 2618 1630 2652 attulimus,
1640 2619 1668 2646 et
1676 2622 1744 2654 pro-

72 2662 133 2697 pter
146 2659 218 2688 alias
229 2660 330 2697 plures
344 2669 420 2698 quas
434 2660 518 2690 Plato
532 2664 561 2690 et
576 2662 745 2691 Aristoteles
763 2662 900 2692 atterunt.
912 2665 948 2692 At
966 2663 996 2691 iu
1011 2664 1079 2691 ortu
1090 2670 1191 2691 rerum
1206 2661 1273 2691 alias
1296 2661 1402 2698 ﬁgurae
1417 2662 1529 2691 habent
1541 2663 1643 2691 locum
1671 2662 1746 2699 quia

74 2705 130 2732 eos
143 2708 171 2735 τῆ
187 2706 286 2742 γινέσιι
296 2706 325 2734 in
341 2706 443 2743 primis
459 2706 605 2736 convenit.
621 2706 696 2740 Quia
710 2715 781 2736 vero
794 2715 841 2736 res
863 2707 894 2736 in
924 2707 1085 2736 orbiculari
1111 2707 1162 2736 illa
1194 2707 1374 2743 ﬁguratione
1406 2707 1634 2744 quodammodo
1656 2715 1745 2736 suam

74 2748 279 2787 perfectionem
292 2749 510 2788 adipiscuntur,
525 2751 636 2781 idcirco
658 2751 700 2781 sic
717 2752 773 2780 κατ’
789 2751 850 2780 and:

968 2756 1003 2784 ’ῆς
1018 2754 1138 2790 γενέσιως
1162 2751 1310 2783 elementa
1341 2752 1408 2790 ipsa
1422 2754 1451 2782 et
1462 2759 1510 2781 res
1524 2758 1592 2789 quae
1614 2759 1652 2782 ex
1684 2752 1744 2782 elo-
