1966 3079
1834 39 1946 62 _-—
1958 42 1960 45 ‘

259 121 326 148 1263
966 121 1147 150 ΛΟΟΕΝΠΔ.
1891 123 1960 153 1264

254 181 361 210 mentis
370 183 519 212 constant.
531 182 636 217 ﬁgurae
646 183 723 211 illius
733 183 908 211 orbicularis
920 182 1122 219 praestantiam
1135 181 1243 209 imitari
1254 183 1411 210 conantur.
1426 182 1577 218 Superest,
1595 185 1626 210 ut
1639 183 1685 211 his
1696 183 1867 219 diligenter
1882 193 1960 213 con-

255 225 400 260 sideratis,
410 226 578 260 videamus,
592 227 774 263 quibuscum
790 228 961 256 societatem
975 227 1120 254 ineamus.
1133 226 1248 253 Clamat
1264 226 1410 262 sapientia
1427 235 1433 253 :
1448 226 1500 254 Fili
1517 227 1566 262 mi,
1581 227 1687 255 recede
1699 236 1717 256 a
1728 228 1901 257 malorum
1914 238 1960 258 ογ·

254 270 327 306 bita,
345 272 405 298 tere
415 270 520 299 limina
535 271 704 307 sapientum
721 281 727 299 :
742 275 770 300 et
785 272 1021 308 sapientissimus
1032 271 1138 299 Paulus
1151 279 1219 298 cum
1231 270 1392 298 Menandro
1403 271 1519 303 asserit,
1534 280 1696 307 pravorum
1718 278 1878 302 consuetu
1885 275 1960 302 diu:

255 318 352 343 bonos
364 323 461 343 mores
472 315 630 352 depravari
639 325 674 344 ac
686 317 845 353 corrumpi.
859 316 1061 350 Quamobrem
1073 316 1111 343 illi
1121 316 1172 352 qui
1183 316 1212 343 in
1224 316 1462 344 administranda
1470 316 1625 353 republica
1636 320 1705 345 sunt
1725 317 1938 356 ἀρχιτεκτονικ
1946 331 1957 345 ς

254 360 376 388 videant
389 368 459 388 cum
469 360 580 396 quibus
591 361 834 389 communionem
843 363 1036 395 constituant,
1047 368 1082 388 ne
1094 363 1166 388 torte
1180 361 1309 388 Nerones
1320 363 1348 388 et
1364 360 1544 395 Heliogabali
1556 361 1684 390 evadant
1696 371 1701 388 :
1717 370 1752 390 ac
1768 364 1876 391 verius
1896 365 1955 392 sin

255 407 390 433 monstra
397 413 490 442 quam
497 405 643 433 homines.
653 406 784 442 Denique
796 406 1048 442 singulihomines
1061 405 1092 433 in
1102 405 1257 441 republica
1269 404 1375 432 eadem
1386 405 1450 432 haec
1459 408 1609 441 praecepta
1617 414 1671 442 pro
1683 414 1739 434 suo
1748 415 1867 443 genere
1883 410 1920 436 vi
1927 412 1960 437 ta

256 457 290 478 ac
304 449 437 478 instituto
452 449 608 485 diligenter
620 450 789 486 observent,
803 453 833 478 ut
846 459 949 478 veram
965 450 1137 478 beatitatem
1155 449 1276 477 tandem
1296 457 1402 476 omnes
1421 457 1628 486 assequamur.

887 580 1292 642 SYNOPSIS

419 711 542 760 SEU
574 711 914 760 REPETIT/E
948 711 1315 760 SIGILLATIM
1347 711 1773 761 HYPOTHESES

521 837 657 903 SEX
683 837 1043 903 THEODOBI
1069 837 1275 903 DUCE
1312 836 1666 902 SEBMONIS

884 972 1098 1016 AUCTORE
1121 972 1295 1006 EODEM.

254 521 1946 538 Μ

869 1143 1013 1188 ΡΒΙΜΙ
1042 1143 1305 1189 SERMONIS.

283 1250 316 1278 ln
327 1250 425 1286 primo
439 1257 576 1277 sermone
591 1249 720 1278 ostendit
732 1249 835 1278 omnia
848 1258 943 1278 unum
954 1258 1018 1278 esse
1031 1253 1151 1287 propter
1161 1253 1310 1283 naturam,
1324 1258 1358 1279 ac
1373 1259 1476 1278 rursus
1498 1251 1618 1286 singula
1637 1251 1730 1280 dividi
1746 1253 1826 1281 inter
1838 1261 1881 1285 se,
1899 1261 1938 1281 ac

246 1294 383 1323 distribui
397 1295 426 1322 in
441 1297 549 1323 natura
565 1302 571 1322 :
587 1302 641 1322 nec
654 1303 689 1323 ex
709 1295 897 1323 naturalibus
909 1298 991 1323 extra
1004 1298 1142 1324 naturam
1154 1303 1219 1323 esse
1231 1295 1411 1331 quidquam.
1426 1296 1465 1323 Ex
1478 1295 1587 1331 quibus
1603 1296 1778 1332 intelligitur
1787 1301 1935 1326 naturam

245 1347 312 1367 esse
331 1347 524 1368 communem
539 1339 681 1367 omnibus
695 1339 784 1367 rebus
801 1340 999 1371 naturalibus,
1013 1342 1042 1367 et
1059 1340 1089 1368 in
1100 1348 1137 1368 ea
1149 1339 1318 1374 generalem
1334 1340 1579 1368 communicandi
1591 1341 1717 1369 modum
1747 1343 1842 1370 situm
1854 1351 1936 1371 esse.

244 1383 440 1420 Deindetintra
447 1387 587 1412 naturam
597 1384 820 1412 distributiones
827 1384 1076 1420 temperationum
1084 1385 1238 1417 consitere,
1246 1387 1273 1412 et
1285 1392 1338 1420 per
1349 1385 1580 1422 temperationes
1586 1385 1766 1414 secundario
1774 1387 1872 1416 modo
1884 1396 1937 1416 res

243 1428 319 1456 inter
330 1436 362 1457 se
372 1428 605 1457 communicare.
620 1428 652 1456 Hi
665 1429 726 1456 duo
735 1431 805 1456 sunt
816 1429 898 1456 modi
908 1428 995 1456 nobis
1006 1429 1036 1456 in
1045 1429 1148 1465 primis
1158 1429 1350 1457 observandi.
1365 1429 1453 1457 Addit
1472 1433 1618 1466 praeterea
1630 1438 1682 1466 per
1694 1433 1936 1467 temperationes

243 1481 290 1501 res
302 1481 364 1501 non
380 1473 457 1501 uniri
467 1473 613 1506 absolute,
627 1473 680 1501 sed
693 1473 859 1501 secundum
867 1474 1062 1510 proprietates
1072 1473 1169 1508 magis
1186 1476 1339 1508 cognatas.
1354 1475 1385 1501 Et
1398 1474 1554 1510 quoniam,
1567 1477 1597 1502 ut
1614 1475 1655 1502 ait
1666 1476 1817 1506 Socrates.
1838 1477 1934 1513 ὀμμα

241 1522 287 1548 τῆς
315 1518 404 1554 ψυχῆς
434 1519 483 1545 ὑπὸ
533 1523 583 1544 τῶν
629 1518 710 1544 ἄλλων
751 1516 965 1554 ἐπιτηδευμάτων
1006 1518 1228 1554 ὰποτυφλούμενον
1259 1520 1305 1544 καὶ
1337 1520 1564 1556 κατορυττόμενον,
1598 1519 1648 1545 ὕπὸ
1680 1524 1730 1546 τῶν
1761 1522 1931 1557 μαθημάτων

242 1564 324 1598 μόνων
341 1562 571 1599 ἀναξωπυρεῖσθαι
586 1565 630 1588 καὶ
646 1562 821 1599 ἇνεγείρεσοαι
837 1562 942 1598 πέφυκε,
959 1562 1016 1590 idci

1151 1562 1215 1590 udit
1229 1563 1259 1590 in
1284 1563 1418 1590 numeris
1449 1571 1483 1590 ac
1511 1563 1614 1597 ﬁguris
1650 1566 1817 1601 utrumque
1844 1574 1927 1594 com-

241 1607 416 1636 municandi
431 1608 565 1636 modum.
583 1607 845 1640 Quemadmodum
859 1607 937 1634 enim
958 1608 987 1632 τὸ
1000 1617 1017 1633 σ

1152 1608 1275 1634 eferente
1293 1607 1403 1641 Proclo,
1419 1608 1506 1637 πάσης
1521 1607 1647 1643 ἐξηγῆται
1662 1611 1751 1646 σειρᾶς
1780 1613 1829 1636 καὶ
1845 1612 1928 1636 πάντα

242 1652 295 1678 ἑνοῖ
320 1653 354 1678 τὰ
383 1654 495 1689 μεριστὰ
527 1655 572 1679 καὶ
603 1654 709 1688 συνέχει
741 1655 785 1678 καὶ
818 1652 899 1689 ὁρίζει
930 1653 978 1682 τὰς
1020 1650 1150 1688 προόδους
1183 1651 1267 1677 αὐτῶν
1299 1654 1342 1678 καὶ
1370 1653 1493 1689 παράγει,
1528 1655 1572 1678 καὶ
1606 1652 1793 1689 περιλαμϐάνει
1830 1665 1927 1681 παντα-

241 1698 330 1733 χόθιν,
343 1697 384 1725 ita
402 1697 492 1725 etiam
505 1705 606 1724 rerum
619 1697 801 1725 naturalium
812 1704 917 1725 omnes
932 1699 1031 1732 partes
1042 1699 1148 1724 natura
1160 1697 1232 1728 unit,
1242 1696 1373 1724 continet
1382 1700 1410 1725 et
1426 1697 1573 1725 terminat.
1603 1698 1635 1725 Et
1651 1700 1682 1725 ut
1697 1698 1833 1727 circulus
1848 1700 1927 1726 mlu-

240 1743 334 1777 ’νωιίαν
349 1741 479 1776 ﬁguram
489 1741 704 1776 complectitur,
715 1741 756 1769 ita
770 1742 858 1770 etiam
869 1744 978 1769 natura
992 1749 1092 1769 rerum
1105 1741 1288 1769 naturalium
1300 1741 1521 1769 multitudinem
1529 1744 1558 1770 et
1584 1742 1761 1770 varietatem
1778 1745 1925 1772 continet.

833 1822 1044 1886 SECUNDI
1074 1821 1332 1868 SERMUNIS.

276 1915 308 1940 ln
322 1911 455 1941 secundo
463 1919 600 1940 sermone
609 1911 646 1940 de
652 1912 868 1940 elementorum
877 1911 1090 1938 communione
1101 1911 1171 1945 agit,
1183 1919 1275 1947 quam
1281 1911 1406 1947 quidem
1421 1911 1668 1940 communionem
1675 1919 1728 1940 seu
1744 1913 1842 1940 ἕνωσιν
1852 1914 1924 1950 ejus-

240 1958 324 1986 modi
337 1966 401 1985 esse
415 1958 513 1990 docet,
525 1960 556 1985 ut
571 1957 607 1985 sit
617 1957 661 1987 ὅλη
673 1961 728 1988 τοῖς
737 1957 803 1987 ὅλοις
816 1955 853 1982 δι’
864 1956 927 1982 ὅλων
942 1958 987 1982 καὶ
998 1965 1016 1982 οῖ

1145 1965 1168 1991 ’ῳ
1181 1960 1265 1981 τινῶν.
1282 1955 1417 1983 Ostendit
1427 1955 1516 1983 etiam
1529 1956 1685 1992 quomodo
1697 1958 1872 1986 secundum
1883 1966 1921 1986 ra-

238 2002 335 2030 tiones
348 2002 541 2031 harmonicas
558 2002 705 2030 elementa
727 2001 952 2030 communicent
970 2001 1045 2028 inter
1059 2008 1100 2032 se.
1116 2007 1225 2036 nempe
1242 2000 1406 2027 secundum
1425 2000 1561 2036 dulplam
1573 2000 1730 2037 rationem,
1750 2003 1921 2038 sesquialte-

239 2055 304 2076 ram
321 2050 350 2075 et
362 2047 587 2083 sesquitertiam.
601 2047 711 2075 Deinde
723 2046 828 2074 transit
845 2045 882 2073 ad
903 2045 1145 2081 temperationes,
1162 2044 1376 2080 mistionesque
1393 2044 1512 2073 illarum
1532 2053 1633 2073 rerum
1657 2053 1726 2082 quae
1741 2054 1779 2074 ex
1794 2050 1920 2083 quatuor

237 2092 391 2120 elementis
400 2094 546 2120 constant.
563 2095 603 2120 Ac
613 2092 745 2128 primum
758 2091 818 2125 agit
833 2090 870 2118 de
886 2089 1145 2126 temperationibus
1155 2097 1221 2125 quae
1236 2091 1397 2116 cernuntur
1409 2089 1439 2116 in
1455 2089 1638 2123 inanimatis,
1655 2090 1728 2118 utin
1751 2091 1883 2119 metallis
1895 2094 1919 2118 et

237 2136 268 2164 in
280 2136 444 2172 lapidibus.
462 2136 572 2165 Deinde
587 2136 694 2164 transit
711 2134 751 2163 ad
764 2134 994 2170 temperationes
1006 2134 1124 2162 illarum
1135 2141 1235 2161 rerum
1246 2141 1313 2170 quae
1326 2133 1436 2169 partim
1449 2134 1590 2162 animatas
1608 2135 1719 2170 partim
1747 2135 1918 2164 inanimum

236 2180 386 2213 videntur,
401 2181 574 2217 cujusmodi
589 2182 659 2208 sunt
675 2179 794 2216 plantae.
810 2179 905 2207 Tertio
931 2179 971 2206 ad
1003 2178 1244 2214 temperationes,
1277 2186 1346 2214 quae
1361 2178 1393 2206 in
1407 2178 1590 2206 animalibus
1605 2181 1780 2215 cernuntur,
1795 2179 1915 2211 accedit.

840 2259 1010 2305 TEBTIl
1040 2258 1303 2304 SERMONIS.

269 2352 339 2380 Cum
353 2352 446 2380 homo
460 2351 495 2379 sit
510 2349 791 2388 praestantissimum
806 2348 879 2377 illud
889 2349 1011 2382 animal,
1028 2349 1059 2377 in
1075 2348 1158 2385 quod
1177 2355 1283 2376 omnes
1298 2348 1517 2376 communionis
1536 2348 1644 2377 modos
1659 2350 1771 2377 natura
1782 2349 1913 2381 contulit,

234 2404 333 2433 operae
341 2397 470 2433 pretium
478 2395 575 2423 fuitde
584 2394 848 2431 temperationibus
854 2394 1010 2422 hominum
1026 2402 1125 2428 agere.
1141 2395 1199 2422 Has
1210 2393 1299 2428 igitur
1312 2393 1404 2421 hocin
1416 2393 1494 2421 libro
1502 2393 1726 2422 accuratissime
1736 2397 1896 2430 pertractat
1907 2403 1912 2422 :
1939 2395 1940 2411 ξ

233 2449 310 2477 quas
322 2441 488 2475 nonaginta
497 2440 573 2468 duas
582 2447 646 2467 esse
654 2439 768 2471 asserit.
781 2441 886 2476 praeter
895 2438 1062 2474 simplicem
1076 2438 1193 2466 etillam
1203 2446 1270 2474 quae
1296 2437 1430 2474 simplici
1447 2438 1618 2474 respondet.
1632 2437 1776 2472 Galenus,
1788 2439 1842 2467 lib.
1855 2447 1864 2467 ι
1875 2440 1913 2466 De
1937 2435 1939 2438 ⁴

233 2489 357 2520 tempor.
371 2485 520 2521 sapienter
534 2486 644 2519 monet,
660 2492 679 2512 a
698 2483 773 2512 bene
785 2486 949 2519 temperata
959 2483 1168 2511 constitutione
1180 2482 1385 2518 incipiendum
1397 2490 1476 2517 esse,
1494 2483 1553 2510 nisi
1566 2483 1634 2519 quis
1644 2482 1714 2510 velit
1727 2483 1761 2511 in
1785 2491 1909 2512 errorem
1937 2490 1938 2497 ‘

227 2530 344 2562 induci.
353 2531 424 2558 Nam
433 2529 532 2557 sicum
543 2529 618 2557 bene
627 2531 791 2565 temperata
801 2528 874 2556 alias
883 2527 1113 2563 temperationes
1136 2527 1369 2563 comparaveris,
1381 2526 1464 2555 nullo
1475 2527 1595 2562 negotio
1602 2527 1685 2563 quod
1695 2527 1726 2555 in
1743 2528 1854 2564 quavis
1869 2535 1911 2556 ει·
1936 2523 1937 2531 ¹

231 2574 736 2611 cedat,deﬂciatve,reperies.Quare
750 2573 846 2609 primo
860 2571 897 2600 de
910 2572 966 2599 illis
980 2580 1048 2608 quia
1061 2574 1092 2600 ut
1107 2571 1280 2608 simpliciter
1295 2574 1466 2608 temperatae
1481 2574 1533 2600 aut
1546 2572 1754 2608 intemperata
1767 2573 1909 2600 constitu-

233 2621 328 2650 tiones
339 2619 575 2653 considerantur,
583 2618 745 2647 dicendum
760 2619 812 2645 est.
824 2616 954 2652 Simplex
971 2619 1014 2644 est
1025 2615 1156 2653 illa,quas
1166 2624 1264 2652 neque
1278 2616 1475 2644 intensionem
1483 2623 1581 2652 neque
1589 2615 1804 2645 remissionem
1818 2616 1911 2649 habet,
1934 2626 1935 2629 η

231 2665 283 2693 sed
291 2664 444 2701 aequaliter
453 2664 600 2692 habetilla
606 2666 720 2698 septem
728 2664 751 2689 Α
762 2662 781 2689 Β
797 2661 827 2695 C,
836 2664 978 2697 prteterea
985 2662 1004 2689 E
1016 2662 1035 2689 F
1044 2662 1064 2689 G
1082 2661 1114 2687 ll.
1127 2661 1183 2688 Sed
1193 2660 1338 2696 quoniam
1348 2660 1499 2696 ejusmodi
1513 2659 1688 2689 constitutio
1702 2661 1911 2697 perfectissime

232 2695 357 2746 aequalis
373 2711 421 2737 vix
432 2709 584 2745 reperitur,
595 2695 1027 2742 idcircoillaconstitutio,qua:
1042 2705 1081 2734 ad
1094 2705 1172 2734 hanc
1182 2695 1398 2742 perfectissime
1413 2704 1562 2742 aequalem
1573 2695 1714 2741 proxime
1725 2705 1910 2739 accedet,erit

229 2753 261 2782 in
273 2753 377 2789 primis
386 2752 536 2789 cptabilis.
551 2751 599 2778 Ille
610 2749 878 2786 temperatissimus
889 2749 981 2778 homo
991 2752 1047 2784 est,
1058 2750 1155 2787 inquit
1165 2750 1303 2784 Calenus,
1312 2749 1365 2786 qui
1379 2749 1513 2786 corporis
1522 2749 1628 2778 habitu
1641 2749 1762 2778 medius
1783 2753 1831 2779 est
1843 2750 1908 2778 inter

231 2797 438 2835 gracilitatem,
455 2795 693 2829 crassitudinem,
703 2793 852 2830 duritiem,
865 2794 1031 2829 mollitiem,
1047 2794 1180 2831 itemque
1188 2794 1320 2823 calorem
1334 2796 1362 2822 et
1375 2793 1478 2830 frigus.
1490 2793 1573 2823 idem
1595 2794 1698 2823 animo
1713 2801 1839 2832 quoque
1853 2802 1905 2823 me-
