1966 3079
30 115 133 153 1285
366 124 542 153 THEODORI
556 127 578 153 II
595 125 664 154 IMP.
682 126 726 153 DE
738 123 968 154 COMMUNIONE
988 125 1174 156 NATURALI.
1190 143 1226 149 —
1240 127 1437 156 PBJEFATIO.
1683 129 1752 156 l266

27 186 130 215 dius
143 189 188 216 est
207 188 282 216 inter
295 188 455 217 audaciam
469 191 496 217 et
511 189 658 222 timorem,
672 188 748 216 inter
763 188 1000 216 misericordiam
1014 191 1041 216 et
1057 189 1212 218 invidiam.
1234 191 1282 218 Est
1303 190 1394 218 etiam
1409 189 1516 223 alacer,
1533 189 1674 226 φιλόφιλος,
1695 191 1750 219 hu—

28 240 171 260 manus
181 235 210 261 et
224 233 365 268 prudens,
382 235 410 260 et
424 233 568 269 quoniam
582 233 766 269 comparatio
776 233 806 261 in
815 233 861 261 his
870 234 1134 270 coujugationihus
1143 234 1244 263 locum
1255 235 1572 271 habet,circumspecte
1582 235 1748 264 videndum

28 279 112 313 est,
130 278 206 314 quid
217 285 287 306 cum
305 285 367 314 quo
387 278 589 306 conferamus.

662 393 848 443 QUARTI
878 394 1141 440 SERMONIS.

35 509 210 542 Quoniam
220 509 363 541 ἐπιτάσεως
374 512 420 536 καὶ
437 509 544 539 ἀνέσεως
563 509 607 537 vis
632 516 811 545 permagnux

971 517 1062 537 usum
1083 509 1113 537 in
1135 510 1412 545 conjugationibus,
1440 510 1482 538 uti
1505 517 1597 545 supra
1615 510 1740 538 demon-

35 556 186 582 stratum
197 556 250 590 est,
261 555 292 581 in
304 554 360 582 hoc
371 556 476 590 quarto
490 561 628 581 sermone
640 554 811 582 accuratissi

963 557 999 582 μαι
1017 554 1134 580 ἐπίτασιν
1144 557 1189 581 καὶ
1216 554 1313 586 civem,
1341 555 1399 582 hoc
1414 557 1459 582 est
1492 554 1692 583 intensionem
1705 564 1739 584 ac

34 599 267 626 remissionem
279 606 342 626 esse
366 602 412 624 τοῦ
424 602 510 632 ποιοῦ,
533 605 594 626 non
610 601 711 626 autem
735 598 810 625 οὐσία

961 603 1042 626 τοσοῦ.
1061 597 1229 636 Ἐπιδέχεται
1244 597 1283 633 δὲ,
1294 599 1391 636 inquit
1403 599 1581 635 Aristoteles,
1598 601 1628 625 τὸ
1643 600 1737 636 μᾶλλον

33 645 94 669 xci
107 645 139 669 τὸ
154 643 230 672 ἧττον
240 644 273 669 τά
282 653 338 671 ποι.
351 642 440 669 λευκὸν
454 644 505 679 γάρ
519 642 613 678 μᾶλλον
625 645 670 668 καί
685 643 762 672 ἧττον
784 643 809 669 Er

961 655 971 669 λ
995 644 1096 680 λέγεταε
1121 665 1127 677 ,
1155 647 1210 677 etc,
1236 645 1268 671 In
1293 644 1350 671 hoc
1376 645 1467 672 etiam
1489 651 1626 672 sermone
1651 644 1737 674 docet

32 691 179 724 propter
192 687 366 724 qualitatem
390 695 436 715 res
460 687 518 715 dici
538 687 648 715 similes
671 690 699 715 et
724 687 808 715 disen

960 698 1001 714 οια
1025 686 1054 715 δὲ
1069 699 1083 718 η
1098 687 1215 724 ἀνόμοια,
1245 688 1342 724 inquit
1361 688 1538 723 Arsitoteles,
1569 698 1637 714 κατα
1655 699 1736 724 μονας

33 733 99 763 τάς
115 734 259 762 ποιότητας
276 732 386 768 λέγεται·
405 732 493 768 ὅμοιον
512 733 563 769 γὰρ
578 732 661 769 ἕτερον
679 732 755 769 ἑτέρῳ
770 733 826 758 κατ’
847 732 893 759 ἄλλ
912 731 998 768 οὐδὲν,
1015 733 1068 768 ἀλλϐ
1096 733 1111 762 ἢ
1139 732 1198 759 καθ’
1211 734 1298 759 ὃποιὸν
1325 732 1392 761 ἐστι,
1411 732 1468 761 Sed
1486 740 1634 769 quorsum
1649 733 1712 761 haec
1723 733 1736 760 7

32 777 200 805 Nimirum
211 779 243 805 ut
257 777 388 804 sciamus
403 776 603 805 intensionem
619 784 653 804 ac
668 776 885 810 remissionem,
906 777 1131 806 similitudinem
1146 785 1182 806 ac
1201 777 1475 805 dissimilitudinem
1507 777 1618 805 habere
1633 777 1733 806 locum

30 822 75 850 in
92 821 278 850 enumeratis
291 821 563 858 coniugationibus,
580 828 641 849 non
654 822 770 850 ratione
785 831 806 848 οι

965 822 1079 851 ratione
1109 825 1155 849 τοῦ
1185 825 1262 849 ποιοῦ
1286 826 1332 852 τῆς
1346 823 1496 855 ποιότητος,
1531 822 1614 858 quod
1642 823 1731 852 etiam

33 874 146 903 supra
161 866 348 895 monuimus.

662 975 831 1023 QUINTI
860 974 1120 1020 SEBMONIS.

84 1100 231 1136 inquieto
244 1107 380 1128 sermone
386 1099 560 1135 gravissime
568 1107 603 1128 ac
613 1099 833 1136 sapientissime
839 1099 957 1127 disserit
964 1099 1002 1127 de
1016 1100 1174 1128 hominum
1185 1098 1448 1127 commnnionibus
1454 1098 1529 1126 inter
1539 1105 1579 1126 se.
1588 1099 1730 1127 Convenit

39 1145 178 1180 homini,
197 1145 295 1181 inquit
313 1144 452 1178 Galenus,
472 1146 504 1172 ut
523 1144 560 1172 sit
579 1144 827 1181 sapientissimus.
843 1143 920 1172 Alibi
938 1144 1026 1172 docet
1044 1144 1121 1172 bene
1140 1146 1168 1172 et
1187 1144 1341 1180 aequaliter
1357 1145 1557 1179 temperatum
1573 1151 1637 1171 esse
1654 1151 1728 1179 pru-

39 1190 185 1218 dentem.
196 1189 270 1217 Cum
277 1192 379 1217 autem
385 1188 546 1216 similitudo
553 1189 802 1224 temperationum
815 1189 978 1224 conjungat
987 1191 1014 1216 et
1025 1188 1175 1216 consociet
1183 1188 1320 1216 homines
1330 1188 1405 1216 inter
1420 1195 1461 1223 se,
1472 1195 1533 1223 quo
1543 1187 1729 1224 praestantior

38 1235 137 1262 fuerit
149 1233 342 1263 consociatio.
355 1235 444 1261 Porro
458 1233 506 1261 hic
521 1241 624 1261 rursus
637 1233 695 1261 duo
703 1235 772 1261 sunt
779 1233 1023 1262 eommunicandi
1033 1233 1117 1261 modi
1127 1233 1215 1262 nobis
1226 1233 1381 1269 diligenter
1390 1232 1582 1261 observandi.
1595 1234 1676 1261 Unus
1684 1235 1728 1261 est

37 1280 116 1305 κατά
127 1281 175 1308 τὴν
192 1281 293 1315 σοφίαν,
309 1278 381 1306 alter
389 1280 434 1306 est
448 1279 513 1304 κατά
524 1281 570 1308 τὴν
586 1278 719 1307 πολιτικὴν
735 1281 813 1314 φρόνη

951 1278 1051 1306 :rimen
1070 1279 1128 1306 hoc
1141 1278 1255 1306 elicitur
1270 1286 1305 1305 ex
1320 1278 1492 1306 discrimine
1505 1280 1598 1314 σοφὶας
1607 1280 1652 1304 καὶ
1669 1287 1727 1315 φρο-

35 1326 153 1357 νήσιως,
172 1323 256 1359 quod
266 1323 389 1359 quidem
409 1323 570 1351 discrimen
596 1331 666 1351 cum
686 1323 787 1350 multis
805 1323 836 1350 in
855 1323 938 1356 locis,
964 1325 1028 1351 tum
1043 1331 1072 1357 x,
1090 1324 1128 1350 De
1151 1322 1253 1356 moris,
1266 1322 1305 1350 ab
1331 1322 1484 1350 Aristotele
1495 1322 1666 1357 aseignatur
1680 1322 1727 1350 his

35 1367 146 1397 verbis
165 1368 352 1398 εΣυνέξευκται
367 1366 397 1394 δί
416 1368 614 1404 καὶἠφρόνησις
629 1371 660 1404 τῇ
674 1371 720 1393 τοῦ
733 1367 812 1398 ἢθους
824 1366 900 1404 ἁρετῆ
919 1389 927 1402 ,
942 1370 987 1393 καὶ
1007 1367 1072 1396 αὕτη
1089 1371 1120 1403 τῇ
1137 1369 1269 1403 φρονήσει,
1285 1368 1354 1402 (Imp
1379 1368 1406 1393 αὶ
1432 1368 1477 1402 μὶν
1503 1370 1549 1397 τῆς
1579 1368 1726 1404 φρονήσεως

35 1413 129 1451 ἀρχαὶ
141 1412 211 1439 κατὰ
225 1412 273 1443 τὰς
285 1413 378 1443 ἣθικάς
393 1412 458 1439 εἰσιν
470 1412 572 1449 ἀρετὰς,
591 1414 619 1438 τὸ
635 1411 661 1438 δ’
682 1411 757 1448 ὀρθὸν
771 1415 823 1437 τῶν
839 1413 936 1441 ὴθῖκῶν
947 1412 1015 1438 κατὰ
1029 1414 1075 1440 τὴν
1087 1413 1223 1447 φρόνησιν,
1239 1413 1412 1448 Συνηρτμέναι
1426 1409 1452 1437 δ’
1466 1409 1606 1442 αὗται-τοῖς
1619 1412 1726 1446 πάθεσι,

35 1460 86 1484 καὶ
107 1459 166 1494 περὶ
184 1459 214 1483 τό
231 1458 351 1483 σύνθετον
367 1458 398 1483 ἀν
414 1456 471 1490 εἷεν,
487 1458 515 1483 αἱ
531 1455 560 1483 δὲ
573 1461 618 1483 τοῦ
636 1456 760 1483 συνθέτου
776 1456 865 1493 ἀριταὶ
881 1456 1054 1494 ἀνθρωπικαὶ,
1074 1458 1119 1482 καὶ
1132 1456 1145 1482 ὁ
1161 1455 1221 1492 βίος
1235 1454 1265 1481 δὲ
1278 1456 1291 1481 ὁ
1304 1455 1361 1481 κατ’
1377 1455 1456 1486 αὐτὰς
1468 1459 1513 1482 καὶ
1527 1457 1542 1485 ἡ
1560 1455 1724 1492 ιῦδαιμονια,

37 1505 54 1531 ὴ
70 1500 102 1528 δί
114 1505 161 1528 τοῦ
175 1503 230 1530 Νοῡ
242 1503 435 1538 κεχωρισμένη.
450 1502 489 1529 De
505 1501 717 1529 communione
729 1501 810 1537 politi

950 1501 1018 1529 trist.
1034 1500 1085 1529 lib.
1098 1509 1144 1528 Vlll
1164 1499 1309 1535 moribus,
1325 1508 1386 1536 quo
1397 1500 1428 1528 in
1446 1499 1512 1528 loco
1527 1501 1572 1531 τὰς
1590 1500 1726 1532 πολιτικὰς

36 1549 178 1578 κοινωνὶας
192 1546 250 1573 καθ’
265 1547 378 1576 ἀχαστην
392 1550 442 1573 τῶν
457 1546 591 1573 πολιτειῶν
607 1546 758 1582 eleganter
773 1545 920 1574 excendit.

669 1662 815 1708 SEXTI
849 1661 1109 1708 SEBMONIS.

76 1779 109 1807 In
123 1781 204 1808 sexto
219 1781 374 1816 comparat
389 1779 542 1807 scientiam
553 1787 622 1807 cum
637 1781 710 1812 arte,
729 1781 757 1806 et
771 1781 912 1807 naturam
927 1786 995 1806 cum
1005 1778 1230 1814 temperatione,
1247 1777 1395 1814 docetque
1407 1779 1502 1806 artem
1515 1778 1554 1806 ad
1567 1778 1722 1807 scientiam

35 1823 164 1861 perinde
185 1832 216 1852 se
226 1823 337 1852 habere
346 1826 436 1860 atque
448 1824 695 1860 temperationem
707 1823 745 1852 ad
752 1826 901 1852 naturam.
910 1824 1052 1850 Praeterea
1063 1824 1164 1850 monet
1174 1824 1314 1850 naturam
1325 1824 1353 1850 et
1363 1822 1518 1851 scientiam
1525 1830 1589 1851 esse
1597 1823 1723 1858 conjun-

34 1868 163 1903 gendas,
177 1871 208 1896 ut
222 1868 344 1896 scientia
354 1872 492 1896 naturam
504 1867 592 1904 quasi
601 1867 748 1896 informet.
759 1868 889 1904 Denique
895 1866 1046 1895 constituit
1056 1866 1128 1898 τὰξιν
1141 1866 1361 1902 quamdam,ex
1369 1875 1428 1903 qua
1436 1867 1600 1903 poterimus
1611 1874 1724 1902 cogno-

34 1920 120 1940 scere
131 1911 202 1940 illud
222 1912 304 1948 quod
316 1914 359 1940 est
375 1912 470 1948 magis
481 1915 533 1940 aut
549 1913 647 1940 minus
659 1915 823 1948 τειαγμένον,
838 1912 896 1940 hoc
912 1913 963 1946 est,
972 1911 1127 1946 magisaut
1135 1910 1234 1938 minus
1250 1911 1418 1939 secundum
1428 1913 1569 1939 naturam
1584 1914 1612 1939 et
1628 1911 1721 1939 scien-

35 1957 217 1990 tiam.Quod
237 1957 411 1993 utperﬁciat,
428 1957 518 1985 utitur
541 1956 761 1984 mathematicis
777 1957 942 1991 ﬁgurarum
950 1955 1391 1992 comparationibus,docetque
1402 1955 1531 1990 ﬁguram
1540 1955 1720 1992 sphaericam

35 2009 106 2030 esse
117 2009 211 2037 supra
221 2001 296 2030 alias
305 2009 410 2030 omnes
422 2003 579 2038 τεταγμένην
587 2001 695 2029 deinde
702 2001 882 2037 quadratam
894 2001 1033 2036 ﬁguram,
1043 2002 1194 2036 postremo
1201 2000 1385 2034 triangulum
1402 2000 1618 2036 aaquilaterum.
1633 2000 1719 2033 Quod

35 2047 117 2081 igtur
130 2045 160 2074 in
171 2046 391 2074 mathematicis
397 2045 514 2081 ﬁguris,
525 2046 669 2082 sphaerion
684 2046 792 2080 ﬁgura,
799 2045 829 2073 id
836 2045 913 2073 estin
922 2044 1160 2073 rebushumanis
1167 2044 1320 2080 sapientia:
1329 2044 1528 2080 etprudentiaa
1535 2052 1605 2072 cum
1613 2047 1721 2073 natura

38 2090 221 2126 conjunctio,
229 2090 379 2126 etquodin
387 2090 443 2118 illis
450 2094 477 2118 et
486 2090 747 2126 quadrataﬁgura,
755 2090 836 2117 inhis
844 2092 887 2118 est
901 2090 1031 2118 scientias
1043 2097 1112 2118 cum
1123 2091 1230 2117 natura
1245 2089 1427 2124 conjunctio.
1438 2091 1588 2118 Postremo
1595 2089 1678 2126 quod
1687 2090 1719 2118 in

39 2135 96 2163 illis
112 2135 319 2172 mquilaterum
339 2134 530 2170 triangulum,
547 2136 593 2163 his
608 2138 653 2163 est
663 2135 733 2163 artis
748 2143 816 2162 cum
828 2134 1095 2170 temperationibus
1106 2133 1293 2162 naturalibus
1305 2134 1486 2169 conjunctio.
1499 2135 1538 2162 De
1547 2133 1720 2170 praestantia

39 2180 194 2216 sphazricze
208 2179 313 2214 ﬁgura:
331 2180 394 2208 haec
414 2180 592 2213 Aristoteles,
609 2182 670 2216 Περὶ
685 2180 794 2217 οὐρανοῦ
810 2184 815 2216 ι

942 2190 947 2203 ι
963 2177 997 2208 δὴ
1014 2183 1109 2215 σχῆμα
1129 2176 1249 2205 ἐπίπεδον
1265 2179 1279 2208 ἦ
1297 2178 1481 2216 εὐθύγραμμον
1498 2179 1566 2205 ἐστιν
1581 2181 1596 2209 ἦ
1616 2188 1718 2216 περιφε-

39 2227 203 2260 ρόγραμμον,
219 2225 305 2250 καὶτὸ
319 2226 364 2260 μὲν
379 2223 562 2261 εὐθύγραμμον
579 2225 629 2250 ὑπὸ
641 2224 762 2250 πλειονων
778 2226 924 2260 περιέχεται
933 2229 1069 2260 γραμμῶν,
1087 2226 1115 2250 τὸ
1136 2223 1165 2251 δὲ
1184 2226 1424 2261 περιφερόσνραμμον
1448 2224 1498 2250 ὑπό
1513 2227 1585 2260 μιᾶς.
1602 2224 1672 2250 Ἐπεὶ
1690 2223 1719 2250 δὲ

40 2270 162 2305 πρότερον
172 2271 203 2297 τῆ
218 2268 327 2303 φύσειέν
343 2268 443 2304 ἑκάστῳ
455 2270 522 2304 γένει
537 2270 565 2294 τό
585 2268 609 2294 ἐν
625 2273 674 2294 τῶν
689 2268 787 2294 πολλῶν
811 2270 855 2294 καὶ
869 2278 897 2294 το
917 2268 1013 2294 ἀπλουν
1036 2273 1081 2294 τοῦ
1110 2270 1242 2304 συνθέτου,
1271 2272 1371 2305 πρῶτον
1393 2267 1423 2294 ἂν
1451 2269 1489 2298 εἴη
1517 2273 1567 2294 τῶν
1586 2266 1716 2295 ἐπιπέδων

43 2313 189 2348 σχημάτων
213 2313 226 2338 ὁ
254 2312 355 2346 κύκλος,
380 2315 438 2340 etc.
463 2312 545 2345 Quod
569 2313 593 2340 si
620 2313 687 2348 quis
716 2316 819 2340 auctor

942 2313 970 2340 ,ri
999 2313 1111 2341 factum
1137 2313 1216 2342 ausit
1245 2312 1462 2349 reprehendere
1495 2313 1578 2349 quod
1604 2313 1718 2341 mathe-

41 2357 150 2385 matica
165 2356 299 2392 physicis
316 2357 491 2387 admisceat.
508 2357 701 2393 respondebit
714 2356 815 2384 Proclu

942 2368 948 2388 ;
981 2355 1011 2383 δὲ
1023 2360 1069 2386 τὴν
1096 2361 1208 2394 φυσικὴν
1224 2359 1329 2395 θεωρίαν
1356 2359 1388 2384 τὰ
1403 2360 1514 2394 μέγιστα
1544 2357 1718 2394 συμϐάλλεται

41 2402 222 2437 μαθηματικὴ,
261 2404 308 2430 τήν
322 2411 348 2428 τε
378 2406 428 2428 τῶν
459 2401 540 2437 λογων
573 2401 692 2433 εὐταξίαν
724 2402 903 2438 ἀναφαίνουσα
939 2402 998 2427 καθ’
1032 2401 1061 2430 ἢν
1100 2400 1329 2440 δεδημιούργηται
1347 2403 1376 2429 τὸ
1406 2405 1468 2437 πᾶν,
1499 2404 1543 2429 καὶ
1579 2402 1717 2438 ἀναλογίαν

43 2447 88 2475 τήν
114 2446 199 2472 πάντα
229 2447 262 2472 τὰ
283 2445 308 2472 ἐν
334 2450 370 2482 τῷ
394 2449 481 2482 κόσμφ
512 2445 691 2479 συνδήσασαν,
718 2448 750 2477 ὥς
772 2448 822 2472 πού
847 2456 925 2482 φησιν
951 2450 1072 2482 Τιμαῖος,
1110 2449 1154 2472 καὶ
1193 2447 1253 2482 φίλα
1293 2449 1326 2474 τά
1372 2449 1511 2484 μαχόμενα
1549 2449 1594 2473 καὶ
1630 2456 1717 2484 προσ-

40 2491 123 2526 ἡγορα
146 2492 191 2516 κα)⁵
221 2491 346 2527 συμπαθῆ
371 2493 403 2517 τὰ
429 2489 560 2517 διεστῶτα
589 2493 727 2520 ποιήσασα
760 2493 855 2518 καὶτὰ
882 2491 951 2517 ἀπλᾶ
972 2493 1016 2517 καὶ
1044 2492 1202 2528 πρωτουργὰ
1229 2494 1352 2528 στοιχεῖα
1372 2495 1417 2519 καὶ
1441 2493 1524 2521 πάντη
1551 2495 1582 2528 τῇ
1612 2501 1716 2528 συμμι-

39 2537 98 2572 τρίᾴ
113 2537 157 2561 καὶ
171 2539 202 2564 τῆ
216 2535 318 2564 ἰσότητι
333 2538 494 2572 συνεχόμτνα
509 2534 629 2567 δείξασα.
651 2537 722 2569 Qum
738 2544 815 2572 porri

940 2539 1032 2564 tremo
1049 2535 1126 2564 libro
1150 2535 1290 2563 dicuntur
1315 2539 1374 2574 rupi.
1393 2541 1441 2564 τοῦ
1459 2540 1635 2574 τριγωνισμοῦ
1659 2536 1716 2564 cir-

40 2579 106 2614 culi,
119 2587 180 2608 non
192 2587 315 2616 possum
326 2580 446 2615 adduci,
462 2583 494 2608 ut
508 2580 629 2608 credam
638 2580 688 2608 illa
699 2589 766 2608 esse
776 2581 869 2608 n0stri
879 2581 1018 2613 auctoris,
1031 2588 1100 2608 cum
1115 2580 1186 2617 quia
1201 2582 1270 2608 sunt
1284 2585 1391 2616 praeter
1402 2582 1568 2610 institutam
1584 2580 1717 2617 disputa-

40 2625 147 2653 tionem
163 2624 276 2657 additu,
293 2627 356 2652 tum
372 2625 462 2653 etiam
477 2625 548 2661 quia
572 2628 640 2652 sunt
666 2625 804 2661 puerilia.

938 2625 1032 2654 verba
1052 2626 1126 2660 haec,
1139 2626 1172 2651 τὰ
1194 2629 1257 2661 γοῦν
1284 2634 1326 2658 ατ,
1347 2635 1390 2660 τη,
1407 2626 1450 2659 ηϐ,
1472 2626 1519 2661 ϐω,
1535 2637 1583 2664 οχ,
1599 2635 1648 2662 χα,
1663 2627 1713 2661 τμή

39 2678 105 2705 ματα
116 2670 148 2695 τὰ
161 2668 189 2695 ἐκ
200 2672 245 2699 τῆς
260 2669 355 2695 κύκλου
373 2671 505 2707 περιφεὶας
516 2673 560 2695 καὶ
590 2674 638 2695 τῶν
669 2673 800 2706 τριγώνων
831 2670 944 2706 πλευρων
973 2671 1103 2706 γινόμενα,
1136 2671 1253 2696 ἔστωσαν
1268 2670 1316 2695 ἶσα
1342 2673 1396 2699 τοῖς
1409 2669 1474 2697 δυσὶ
1504 2675 1641 2708 τριγώνοις
1655 2668 1715 2700 τῇδ’

39 2713 185 2750 xor/quid
201 2713 282 2741 aliud
293 2712 414 2745 habent,
431 2722 524 2749 quam
541 2713 698 2750 αἲτημαλίαν
714 2714 813 2745 εὔηθες,
827 2714 997 2751 utloquitur
1009 2714 1199 2743 Aristoteles?
1210 2713 1335 2742 Additur
1343 2714 1450 2742 deinde
1458 2715 1534 2744 ratio
1549 2724 1615 2752 quae
1630 2716 1716 2751 igna-

40 2757 267 2793 vum,ingenium
274 2758 380 2793 arguit,
389 2757 519 2795 δηλοίγάρ
526 2759 640 2784 αὐτὸκαὶ
652 2759 667 2787 ἡ
675 2759 816 2792 αἴσθησις

939 2760 1149 2788 monstratione
1160 2767 1237 2796 Opus
1251 2757 1346 2786 fuerit.
1356 2759 1558 2791 Quamobrem
1565 2761 1654 2789 credo
1660 2768 1715 2796 ego

37 2803 211 2833 additaesse
223 2802 274 2832 illa
285 2803 439 2832 aGrmculo
445 2803 580 2840 quodam
588 2807 594 2838 ς
606 2803 690 2841 quod
695 2803 786 2832 etiam
798 2803 924 2839 quilibet
937 2809 974 2832 ex
980 2806 1134 2833 contextus
1140 2805 1215 2833 serie
1230 2803 1313 2832 nullo
1319 2803 1440 2839 negotio
1450 2803 1596 2840 conjicere
1603 2807 1714 2841 potest,
