1966 3079
19 109 37 135 ί
46 108 122 136 269

38 173 110 197 καὶ
127 170 210 208 ὠρική
238 170 353 201 ποσότης
381 167 428 196 διὰ
454 172 579 201 κινήσεως
605 181 612 188 ·

43 213 109 241 οὖν
136 213 310 252 Ἀριστοτέλει
329 216 374 241 καὶ
399 215 505 252 Ὁμήρῳ
520 217 588 241 κατὰ
612 217 715 245 κίνησιν
735 216 866 252 καιρικήν.

42 260 105 286 Ἐν
135 261 181 297 μὶν
201 257 245 286 οὖν
262 263 293 296 τῇ
326 262 428 288 κινήσει
458 260 583 296 συνέχειά
600 263 640 291 τίς
665 259 721 286 ἔστι
748 263 868 296 μερισμῷ

42 304 311 341 καθυποϐαλλομιῐνη
330 304 458 342 ἧχρόνου
472 305 486 335 ἦ
502 307 599 342 τρόπον
628 305 642 334 ἦ
674 307 794 334 ποιότητι
821 308 867 331 τοῦ

41 352 227 387 κινουμένου,
257 350 310 376 οἷον
339 350 373 380 ὡς
405 353 450 375 νοῦ
486 351 551 386 πρὸς
584 352 690 379 πτηνόν.
711 349 752 376 Ἐν
779 348 809 376 δι
834 353 865 386 τῇ

43 396 142 432 φύσει
157 396 283 432 μερισμοὶ
298 395 415 430 κράσεων
428 396 495 420 κατὰ
521 396 550 421 τὸ
567 394 628 421 ἄλλο
642 404 669 421 τε
698 397 742 421 καὶ
768 393 867 420 ἀλλοῖον

41 442 107 466 καὶ
137 439 229 470 ἄλλως.
255 439 295 465 Ἐν
327 437 356 466 δὲ
375 443 432 470 ταῖς
457 440 582 477 κράσεσιν
611 439 640 466 οὐ
667 437 798 475 διαίρεσις
825 448 868 475 με⁴

41 486 171 521 ρισμὸς,
185 485 217 514 ὡς
231 483 273 510 ἰπὶ
298 487 344 514 τῆς
364 485 463 520 φύσεως
489 487 547 514 ταῖς
565 484 690 520 κράσεσιν
705 485 720 513 ἠ
738 481 867 520 διαίρεσις

43 531 204 567 μερισμὸς,
239 527 292 555 ἀλλ’
324 529 412 559 ἓνωσις
444 530 579 565 μερισμός,
609 529 622 555 ὃ
647 538 702 554 τισι
738 532 802 565 φανῇ
832 529 866 559 ὡς

43 576 152 600 καινόν
180 584 186 591 ·
211 575 246 604 ὡς
271 574 321 611 γὰρ
355 575 483 610 μερισμόν
512 577 562 600 τῶν
595 574 722 599 συνθέτων
756 572 783 599 ἐκ
815 576 865 599 τῶν

44 619 150 646 ἁπλῶν
185 619 198 648 ἡ
229 622 278 644 τῶν
306 622 417 654 μερικῶν
455 619 553 651 ἓνωσις,
594 618 659 644 οὕτω
688 615 722 647 δὴ
749 620 794 644 καὶ
815 621 865 643 τῶν

44 664 182 701 κράσεων
213 663 314 698 ἓνωσις,
358 661 487 699 διαίρεσις
525 663 651 699 κράσεων.
680 662 789 689 Ἐκεῖθεν
813 662 864 700 γὰρ

45 709 65 737 ἠ
85 706 225 745 διαίρεσις
239 709 324 738 κοινός
339 709 478 743 μερισμός,
494 706 613 733 ἐνταυθοῖ
638 704 667 733 δὲ
688 707 703 736 ἡ
735 705 865 743 διαίρεσις

45 753 165 786 ἓνωσις,
187 751 276 782 ἐπειδὴ
297 756 407 788 μερικῶν
436 752 607 788 ὑποκειμένων
633 751 690 778 ἐστὶ
723 749 863 789 διαίρεσις,

45 798 128 824 Ἀπὸ
143 799 194 833 γὰρ
210 800 256 823 τοῦ
275 799 377 834 πρώτου
403 798 536 832 στοιχείου
559 806 576 822 α
601 796 648 826 ἕως
676 799 721 822 τοῦ
747 794 864 832 ἇσχάτου

46 853 73 868 ω
101 843 217 879 μερίζων
236 851 275 872 τις
295 841 347 877 οὐχ
381 840 433 867 ἑνοῖ
459 841 493 866 τὰ
516 842 580 877 μέρη
594 844 625 876 τῇ
643 839 772 876 διαιρέσει
787 851 793 856 ·
809 844 864 870 ταῖς

47 889 134 924 τρισὶ
148 884 177 912 δὲ
194 888 298 923 μερίσιν
317 886 339 912 εἰ
355 885 476 921 λάϐοιμεν
502 886 587 911 αὐτῶν
601 886 737 922 μερισμὸν,
768 884 863 921 μᾶλλον

46 935 109 958 τῶν
135 934 218 968 μερῶν
243 931 333 957 ἕνωσιν
358 929 484 966 λάϐωμεν,
505 930 572 956 ὥστε
595 930 610 958 ἡ
633 930 677 966 μὲν
700 930 775 965 φύσει
791 927 863 956 διαί-

47 986 134 1015 ρεσις
152 976 253 1011 ἔνωσις,
270 975 285 1005 ἡ
304 973 332 1001 δὶ
351 976 420 1001 κατά
434 977 527 1012 κρᾶσιν
556 974 644 1004 ἔνωσις
664 973 758 1010 μᾶλλον
791 971 863 1000 διαί-

48 1030 144 1057 ρεσις.
173 1021 246 1047 Κατὰ
278 1021 356 1045 mm
384 1023 446 1056 γοῦν
470 1020 503 1045 τὰ
540 1020 615 1055 φύσει
648 1017 817 1056 διαιρούμενα
844 1018 859 1049 ἦ

49 1067 150 1102 χρόνῳ
163 1065 178 1095 ἦ
190 1066 261 1100 τόπῳ
273 1064 288 1094 ἦ
304 1073 434 1095 ποιότητι,
452 1063 481 1089 οὔ
498 1065 565 1089 κατὰ
580 1065 657 1099 φύσιν
673 1061 838 1100 διαιροῦνται
853 1074 860 1080 ο

50 1112 139 1146 φύσις
174 1110 225 1146 γὰρ
251 1112 304 1140 τοῖς
339 1111 404 1135 πᾶσι
431 1111 515 1143 κοινὴ,
542 1107 606 1134 ἀλλὰ
637 1109 705 1134 κατά
735 1109 862 1144 μερισμόν

51 1154 190 1192 κράσεων,
215 1152 281 1182 πλὴν
307 1151 444 1190 ἀρχούσης
457 1157 505 1183 τῆς
535 1154 635 1189 φύσεως
648 1163 654 1169 ·
670 1151 861 1188 συμϐάλλονται

51 1200 110 1235 γὰρ
140 1199 167 1224 αἱ
195 1198 299 1235 κράσεις
328 1198 361 1228 ὡς
379 1200 484 1234 μερικαὶ
506 1198 598 1224 καθότι
625 1197 733 1235 κράσεις
764 1198 861 1235 κράσε-

54 1253 101 1271 σιν
123 1242 230 1281 ἑτέραις,
256 1239 345 1271 ἰπειδὴ
377 1244 422 1268 καὶ
449 1242 527 1268 αὗται
561 1243 676 1278 μερικαὶ,
702 1241 732 1268 οὗ
756 1243 807 1278 μὴν
831 1240 861 1268 δι

51 1290 156 1326 κρᾶσις
185 1290 259 1314 πᾶσα
285 1286 308 1313 ἐν
341 1287 414 1324 πάσῃ
447 1287 551 1324 κράσει.
577 1288 612 1313 Τό
656 1287 707 1323 γὰρ
734 1287 860 1322 μουσικὸν

53 1334 182 1370 φυσικόν,
197 1334 227 1358 τό
248 1333 413 1358 σκυτευτικόν
427 1330 451 1357 ἐν
470 1335 501 1368 τῇ
519 1332 594 1367 φύσει
610 1341 616 1348 ·
632 1331 698 1357 ἔστω
722 1333 807 1357 τοίνυν
830 1332 859 1357 τὸ

55 1378 229 1405 σκυτευτικὸν
242 1378 378 1413 μουσικὸν,
393 1377 408 1406 ἦ
426 1376 465 1402 ὅτι
484 1377 499 1405 ἡ
521 1375 659 1412 φιλοσοφία
681 1379 729 1406 τῆς
749 1377 858 1412 φύσεως,

53 1424 71 1453 ἡ
91 1424 199 1453 ποίησις
214 1421 241 1448 ἔκ
260 1425 307 1453 τῆς
332 1422 441 1457 φύσεως.
463 1420 550 1448 Ἔστω
569 1422 654 1447 τοίνυν
678 1419 860 1456 Ἀρίστοτέλης

493 106 671 137 THEODORI
686 107 709 136 II
723 106 792 136 IMP.
810 107 855 135 DE
871 106 1099 138 COMMUNIONE
1128 110 1200 140 NAT
1247 111 1315 140 AL].

1686 109 1756 137 1270

643 169 758 207 διαφορὰ
783 172 868 196 τοίνυν
899 170 922 197 Α
948 170 1101 209 Ὀμηρος,ἣ
1118 173 1158 200 ὅτι
1181 174 1197 203 ἠ
1211 175 1324 203 κίνησις.
1339 171 1379 199 Ἐν
1393 174 1425 208 τῇ
1441 171 1517 207 φύσει
1536 171 1551 200 ἦ
1583 171 1677 202 στάσις
1700 175 1747 202 τῆς

950 218 1050 253 φύσεως
1064 228 1070 234 ’
1086 219 1151 245 ἔστω
1164 219 1216 255 ἄρα
1230 220 1245 248 ἡ
1264 219 1358 248 στάσις
1368 219 1469 246 κίνησις
1482 226 1488 233 ·
1501 217 1557 252 ἔχει
1568 214 1597 242 δι
1612 214 1745 247 ἀδυνάτως

950 260 1014 288 εἶναι
1029 263 1096 289 αὐτά
1117 273 1123 279 ”
1144 262 1228 293 ἁπλῶς
1247 264 1297 299 γὰρ
1317 262 1344 288 αἰ
1369 262 1474 298 κράσεις
1490 260 1609 287 ἑνοῡσθαι
1638 261 1745 295 ἄτοπον,

950 304 1024 337 ἰδίως
1052 305 1081 334 δέ
1106 316 1136 344 71
1155 308 1301 345 εὑρίσκεται
1318 317 1324 323 ·
1339 305 1456 333 ἑνωτικὴν
1471 306 1521 341 γὰρ
1551 304 1574 330 ἓν
1592 304 1687 342 ἐτέρου,
1717 306 1745 331 τό

947 350 1036 378 λευκόν
1068 361 1095 378 τε
1114 354 1158 378 καὶ
1179 354 1209 378 τὸ
1236 351 1336 385 ξανθὸν,
1363 352 1408 377 καὶ
1431 351 1461 376 τὸ
1480 351 1606 386 μουσικὸν
1626 350 1746 384 συγγενὲς

947 399 993 422 τοῦ
1020 396 1176 434 ἀριθμητοῦ,
1209 399 1254 423 καὶ
1282 398 1311 423 τό
1340 395 1476 432 φιλόσοφον
1506 397 1552 421 τοῦ
1586 393 1743 430 θεολογικοῦ,

947 443 992 467 καὶ
1003 442 1032 468 τό
1044 443 1180 471 ποιητικὸν
1206 445 1251 468 τοῦ
1276 441 1427 479 ῥητορικοῦ,
1457 441 1500 466 καὶ
1525 440 1540 468 ἠ
1571 440 1665 470 στάσις
1696 442 1745 465 τοῦ

948 489 1120 523 σωφρονικοῦ,
1149 488 1194 512 καὶ
1222 489 1268 512 τοῦ
1297 484 1421 522 ἀνδρικού
1439 485 1454 514 ἠ
1483 486 1597 516 κίνησις,
1619 484 1744 514 ὡσαύτως

945 532 991 557 καὶ
1005 530 1018 556 ό
1044 532 1155 566 κναφεὺς
1185 534 1232 557 τοῦ
1258 531 1382 563 σκυτέως,
1406 531 1451 555 καὶ
1475 527 1556 555 ἄλλων
1585 527 1660 563 ἄλλα,
1687 528 1744 555 κατ’

947 573 1068 604 ἰδιότητα
1084 578 1208 611 συγγενῆ.

981 618 1019 655 β’.
1034 620 1083 646 Δύο
1097 623 1159 655 γοῦν
1173 620 1198 646 οἱ
1223 619 1337 646 ἑνωτικοὶ
1351 619 1444 656 τρόποι
1456 628 1462 634 ·
1479 618 1492 643 ό
1507 617 1576 644 κατὰ
1599 618 1676 654 φύσιν
1699 618 1744 644 καὶ

945 664 958 690 ὁ
973 665 1041 690 κατά
1057 666 1161 700 κρᾶσιν.
1185 665 1273 694 Κοινὸς
1304 661 1348 689 οὖν
1362 663 1464 689 πάντων
1479 663 1492 688 ὁ
1509 661 1545 693 εἷς
1569 673 1575 678 ·
1591 666 1745 688 κοινωνοῦσι

944 709 994 745 ’γὰρ
1008 709 1104 743 πάντα,
1133 709 1193 735 ὅταν
1208 708 1241 739 εἰς
1268 710 1311 737 τήν
1330 709 1459 736 ποιότητα
1483 707 1644 742 ἀναχθῶσιν,
1665 706 1680 736 ἦ
1711 706 1746 736 ιίς

945 754 992 782 τὴν
1011 752 1114 786 οὐσίαν,
1130 753 1144 783 ἢ
1167 752 1202 784 εἰς
1215 754 1243 779 τὸ
1259 750 1338 788 εἶδος,
1357 752 1372 782 ἦ
1388 751 1420 782 εἰς
1444 753 1491 780 τὴν
1506 750 1579 786 ὕλην,
1600 751 1615 780 ἦ
1639 750 1673 782 εἰς
1697 752 1744 780 τὴν

945 798 1022 834 φύσιν
1042 800 1137 834 κυρίως
1163 806 1190 824 τε
1215 799 1260 823 καὶ
1288 796 1439 829 καθολικῶς,
1469 795 1532 822 ἀλλὰ
1561 799 1672 832 μερικῶς
1699 797 1744 821 καὶ

946 840 1020 873 ἰδίως
1046 845 1090 868 καὶ
1114 842 1144 869 οὐ
1177 843 1269 869 καθότι
1292 843 1409 874 ποιότης,
1430 841 1444 870 ἣ
1481 841 1574 867 καθότι
1602 840 1689 873 οὐσία,
1726 840 1742 870 ἦ

944 887 1037 913 καθότι
1050 884 1130 919 εἶδος,
1146 886 1160 916 ἦ
1177 887 1270 913 καθότι
1289 886 1336 915 ὕλη
1352 885 1413 920 ἑνοῖ,
1443 884 1507 911 ἀλλά
1526 886 1619 911 καθότι
1641 887 1668 911 τί
1693 895 1744 912 τινι

945 930 1130 967 συμϐάλλεται,
1159 933 1204 958 καὶ
1228 932 1262 957 τὰ
1294 934 1416 967 στοιχεῖα
1450 931 1542 956 καθότι
1568 933 1616 961 τῆς
1643 931 1745 966 φύσεως

943 979 1106 1009 κοινωνοῦσι,
1121 977 1207 1002 καὶτὸ
1223 974 1296 1013 ὕδωρ
1312 975 1341 1001 οὐ
1362 976 1458 1012 φθείρει
1473 976 1502 1001 τό
1536 978 1598 1011 πῦρ,
1627 975 1685 1000 οὔτε
1711 976 1744 1001 τὰ

943 1020 1008 1047 ἄλλα
1021 1022 1054 1047 τὰ
1068 1022 1103 1057 μὴ
1123 1021 1268 1058 ὁμότροπα,
1288 1021 1329 1046 ὅτι
1357 1018 1387 1046 δὲ
1411 1022 1476 1056 πυρὶ
1501 1023 1599 1056 μιριιιῷ
1627 1018 1743 1056 ἐκρεύσει

942 1063 1014 1102 ὕδωρ
1030 1064 1054 1091 ἐν
1083 1065 1154 1100 αὐτῷ
1184 1066 1288 1102 μερικὸν
1303 1066 1388 1102 κάρτα
1411 1065 1508 1101 φθείρει
1526 1064 1588 1090 αὐτό
1612 1074 1619 1080 ·
1636 1065 1668 1089 τὰ
1690 1065 1742 1100 γὰρ

942 1109 1044 1136 ἐναντία
1061 1112 1115 1141 τοῖς
1127 1109 1269 1146 ἕναιτίφοις
1283 1110 1440 1146 φθείρονται,
1456 1109 1526 1135 ἔστιν
1552 1108 1616 1135 ὅπου
1644 1106 1674 1135 δε
1697 1108 1743 1135 καὶ

941 1154 974 1180 τὰ
1013 1155 1138 1191 φάρμακα
1163 1154 1221 1180 κατ’
1256 1152 1378 1183 ἰδιότητα
1403 1155 1527 1190 σωμάτων
1555 1155 1600 1179 καὶ
1626 1155 1742 1190 κράσεων

941 1202 1069 1225 κοινωνεῖν
1085 1209 1111 1225 τε
1125 1201 1170 1225 καὶ
1189 1198 1303 1235 ὠφελεῖν,
1319 1201 1369 1225 ποῦ
1396 1196 1425 1225 δὲ
1450 1200 1495 1225 καὶ
1523 1199 1632 1235 φθείρειν
1649 1196 1696 1224 διὰ
1713 1199 1742 1224 τὸ

941 1243 1004 1270 αὐτό
1031 1243 1056 1270 ἐν
1084 1243 1186 1274 ἐκείνοις
1227 1242 1361 1271 ἀνοίκειον.
1379 1242 1469 1279 Ὀμως
1498 1245 1542 1270 καὶ
1562 1244 1586 1270 ἓν
1611 1242 1742 1279 μετάλλοις

940 1290 1062 1314 κοινωνία
1087 1289 1244 1324 εὑρίσκιται,
1282 1287 1307 1314 ἕν
1346 1287 1433 1319 ἄλλοις
1460 1285 1490 1314 δι
1515 1289 1560 1314 καὶ
1588 1285 1740 1321 διάστασις,

941 1333 1028 1359 καινὸν
1044 1331 1073 1359 δι
1087 1332 1134 1359 οὐκ
1150 1331 1191 1368 ἦν,
1208 1334 1276 1371 εἴπερ
1291 1334 1337 1358 καὶ
1360 1334 1392 1359 τὰ
1415 1331 1438 1358 ἄν
1453 1336 1483 1368 τῇ
1504 1335 1612 1370 γραμμᾷ
1644 1335 1742 1368 σημεῖα

941 1377 970 1402 οὐ
998 1378 1164 1404 παντάπασιν
1193 1377 1307 1403 ἐνοῡνται
1330 1378 1398 1403 κατὰ
1439 1379 1576 1412 συνέχειαν
1598 1387 1604 1393 ·
1626 1378 1655 1403 τὸ
1687 1378 1738 1412 γὰρ

941 1425 1041 1458 πρῶτον
1057 1425 1092 1461 τῷ
1108 1423 1188 1457 τρίτῳ
1203 1421 1256 1457 οὐχ
1270 1421 1370 1448 ἑνοῦται
1385 1421 1454 1458 εἰμὴ
1473 1419 1519 1447 διὰ
1533 1424 1579 1448 τοῦ
1605 1419 1739 1458 δευτέρου,

39 1512 147 1540 motus
159 1510 278 1539 illorum
298 1517 358 1538 non
372 1511 417 1538 est
434 1509 615 1546 principium
626 1510 726 1538 motus
741 1508 873 1538 horum?
893 1527 913 1554 ο
927 1511 1233 1547 temperamentorum
1241 1509 1473 1538 exsistuntexeo
1481 1509 1563 1545 quod
1573 1509 1715 1543 estaliud,
1725 1511 1754 1538 et

38 1557 198 1589 Praeterea,
219 1557 320 1583 utrum
330 1554 495 1590 figurarum
511 1553 596 1582 lineae
611 1561 672 1582 non
684 1554 753 1582 sunt
765 1553 869 1590 princi-

39 1601 129 1638 pium
148 1607 265 1636 :neque
286 1599 391 1635 ﬁgurae
414 1599 562 1627 linearum
584 1601 653 1627 sunt
667 1598 873 1635 principium?

38 1648 86 1674 An
99 1645 198 1681 potius
220 1644 368 1672 linearum
396 1651 431 1672 ac
456 1643 622 1680 ﬁgurarum
653 1645 800 1679 punctum
827 1645 873 1672 est

38 1689 249 1726 principium?
265 1688 350 1722 Quod
365 1688 389 1716 si
403 1688 444 1716 ita
478 1690 544 1716 est:
567 1690 668 1716 utrum
692 1690 791 1716 motus
823 1687 872 1716 ille

39 1734 94 1771 qui
110 1742 129 1762 a
141 1735 249 1761 natura
264 1733 295 1761 in
309 1732 394 1761 lineis
407 1741 442 1760 ac
452 1732 556 1768 ﬁguris
569 1732 692 1765 exsistit,
708 1733 754 1760 est
776 1739 871 1768 punc-

39 1782 107 1807 tum
119 1779 133 1807 ?
148 1779 241 1806 Nemo
254 1778 334 1806 enim
350 1777 456 1806 dixerit
465 1779 611 1814 punctum
629 1784 694 1806 esse
703 1776 871 1812 ﬁgurarum

38 1826 195 1856 naturam,
209 1823 260 1850 sed
276 1822 374 1858 potius
389 1830 408 1851 a
421 1821 548 1850 naturali
573 1821 720 1858 principio
751 1823 870 1850 motum

37 1868 197 1896 habuisse.
210 1867 282 1895 Cum
302 1867 392 1902 igitur
406 1867 509 1895 omnia
530 1866 588 1894 alia
608 1865 715 1894 eodem
734 1865 826 1894 modo
837 1873 869 1894 se

37 1912 182 1944 habeant.
203 1913 231 1940 et
243 1911 308 1939 huic
323 1911 469 1947 principia
480 1911 538 1939 sint
550 1910 689 1938 omnibus
713 1912 786 1938 nota
795 1917 869 1938 sane

38 1960 149 1987 natura
165 1958 247 1992 (cum
263 1956 302 1984 sit
314 1963 349 1984 eo
364 1955 447 1992 quod
469 1958 514 1984 est
538 1963 574 1983 ex
596 1955 662 1991 ipsa
681 1954 776 1983 multo
795 1962 869 1991 prae-

38 2002 174 2037 stantior,
181 2001 294 2038 quippe
308 2008 376 2037 quas
390 2002 497 2037 praeter
507 2000 663 2035 omniasit)
675 2007 735 2028 non
751 1999 868 2036 vulgari

38 2047 133 2076 modo
145 2046 234 2074 nobis
252 2045 303 2074 illa
315 2053 383 2082 quae
399 2048 468 2074 sunt
481 2045 557 2073 infra
573 2053 614 2078 se,
631 2048 776 2081 tanquam
787 2044 867 2082 prin-

38 2092 152 2128 cipium
168 2093 197 2119 et
211 2098 303 2119 causa
317 2089 415 2118 efﬁcit.
436 2089 523 2123 Quod
537 2091 637 2118 autem
652 2089 682 2118 in
713 2091 820 2118 natura
831 2089 867 2118 sit

39 2139 139 2165 motus
154 2137 183 2163 et
197 2134 369 2163 distributio
382 2135 413 2163 in
423 2142 460 2163 ea
474 2142 543 2171 quae
557 2135 636 2162 inter
650 2142 681 2162 se
713 2133 864 2167 differunt,

38 2180 151 2209 nemini
171 2182 215 2208 est
242 2180 416 2208 obscurum.
443 2181 535 2208 Motus
568 2179 648 2207 enim
679 2178 730 2215 qui
756 2178 786 2206 in
807 2178 866 2206 hoc

38 2228 173 2262 tempore
188 2224 344 2253 conﬁcitur
356 2224 507 2259 distinguit
521 2223 703 2252 Aristotelem
721 2225 749 2251 et
761 2224 865 2251 Home-

38 2279 119 2299 rum.
139 2271 214 2298 Nam
229 2270 253 2297 si
264 2272 364 2297 motus
378 2277 397 2298 a
412 2269 451 2297 ad
461 2271 577 2297 motum
593 2277 608 2297 c
636 2276 689 2305 per
714 2270 831 2296 motum
848 2268 864 2296 ὁ

38 2315 201 2352 perveniat,
216 2314 340 2342 omnino
355 2314 529 2342 continuata
540 2313 748 2350 progressione
763 2315 864 2341 motus

39 2359 204 2388 conﬁcitur.
227 2360 259 2386 Et
286 2366 390 2386 rursus
415 2360 562 2394 punctum
582 2365 600 2386 a
628 2358 820 2394 distinguitur
847 2366 864 2386 a

38 2407 150 2441 puncto
164 2411 180 2431 ο
192 2411 246 2440 per
258 2405 405 2440 punctum
425 2403 441 2431 ὁ
452 2411 505 2439 per
515 2402 597 2439 quod
621 2404 743 2439 propter
771 2403 865 2431 conti-

39 2449 213 2478 nuationem
229 2448 290 2476 duo
304 2449 436 2476 extrema
463 2447 539 2475 inter
564 2455 594 2475 se
618 2447 779 2475 cohmrent.
804 2447 865 2475 Hoc

41 2496 139 2522 autem
152 2494 198 2521 est
209 2495 308 2521 motus
318 2494 347 2520 et
360 2492 442 2520 hom
460 2492 611 2528 quantitas
626 2492 655 2520 in
663 2493 755 2520 motu.
768 2492 865 2525 Quare

41 2538 200 2567 discrimen
214 2537 368 2565 intercedit
380 2537 457 2565 inter
474 2536 695 2565 Aristotelemet
704 2537 865 2565 Homerum

41 2585 160 2619 propter
173 2586 290 2610 motum
312 2584 552 2618 temporaneum.
569 2582 617 2610 Est
631 2581 720 2616 igitur
729 2581 760 2610 in
781 2583 865 2610 motu

43 2627 218 2657 cohaerentia
236 2627 377 2664 quaedam
396 2635 465 2664 quae
481 2626 637 2662 subjicitur
665 2626 864 2660 distinctioni,

43 2676 91 2702 aut
105 2672 259 2709 temporis,
275 2674 327 2700 aut
341 2672 434 2706 modi,
449 2672 574 2707 autejus
581 2671 664 2708 quod
680 2671 864 2709 exqualitate

44 2719 185 2752 movetur,
195 2717 278 2746 verbi
298 2717 403 2753 gratia,
415 2718 447 2745 ut
469 2717 493 2744 si
520 2718 635 2745 motum
664 2717 772 2745 mentis
794 2725 865 2746 cum

46 2765 122 2792 motu
137 2761 243 2791 alatilis
254 2761 426 2791 confera.ln
438 2763 547 2791 natura
554 2769 625 2790 vero
639 2761 865 2791 distributiones

927 1563 964 1584 ex
978 1563 1014 1584 eo
1027 1555 1111 1592 quod
1117 1556 1162 1583 est
1172 1554 1317 1582 dissimile
1332 1554 1477 1591 :itemque
1484 1554 1549 1582 aliis
1557 1554 1666 1583 modis.
1676 1557 1711 1583 At
1721 1555 1752 1583 in

927 1599 1194 1637 temperationibus
1200 1598 1306 1627 divisio
1313 1606 1373 1627 non
1380 1601 1424 1626 est
1431 1598 1682 1635 distributio(utin
1695 1607 1752 1627 na-

927 1647 994 1674 tura
1007 1645 1058 1674 illa
1068 1644 1318 1680 temperationum
1333 1643 1441 1672 divisio
1447 1643 1688 1680 estdistributio).
1699 1644 1751 1673 sed

926 1690 1094 1718 distributio
1100 1690 1168 1726 ipsa
1174 1689 1403 1722 estcommunio,
1410 1688 1493 1725 quod
1501 1688 1680 1726 quibusdam
1687 1691 1752 1717 tan-

925 1743 1018 1771 quam
1034 1733 1299 1762 absurdumvideri
1305 1733 1410 1769 possit.
1418 1733 1538 1762 Utenim
1561 1733 1748 1769 singulorum

926 1778 1210 1815 seuparticularium
1216 1778 1391 1807 communio
1400 1780 1443 1806 est
1449 1778 1618 1807 distributio
1626 1778 1746 1808 illorum

924 1832 959 1853 co
964 1823 1161 1860 mpositorum
1167 1831 1234 1860 qum
1240 1830 1276 1851 ex
1283 1823 1469 1859 simplicibus
1475 1825 1622 1858 constant,
1643 1824 1750 1853 eodem

923 1868 1016 1898 modo
1022 1868 1195 1896 communio
1201 1868 1443 1904 temperationum
1453 1870 1496 1896 est
1506 1868 1748 1904 tomperationum

923 1913 1040 1942 divisio.
1066 1912 1126 1940 lllio
1157 1912 1238 1940 enim
1265 1912 1373 1940 divisio
1398 1914 1442 1940 est
1462 1913 1632 1941 communis
1653 1913 1749 1942 distri-

922 1958 1017 1991 butio,
1032 1956 1081 1985 hic
1095 1963 1167 1984 vero
1179 1956 1246 1993 ipsa.
1259 1956 1366 1985 divisio
1389 1959 1434 1985 est
1465 1957 1651 1993 communio,
1678 1965 1748 1986 cum

922 2002 1042 2039 proprie
1057 2000 1261 2036 subjectorum
1267 2001 1493 2037 particularium
1501 2001 1539 2030 sit
1548 2001 1664 2030 divisio.
1673 2003 1749 2032 Num

922 2055 940 2075 α
952 2047 1050 2084 primo
1063 2045 1209 2074 elemento
1226 2053 1244 2074 α
1259 2053 1356 2082 usque
1379 2045 1419 2074 ad
1445 2048 1612 2074 extremum
1638 2057 1668 2081 ω,
1695 2048 1748 2084 qui

920 2091 1080 2126 distribuit,
1095 2097 1156 2118 non
1166 2089 1232 2118 unit
1248 2092 1349 2126 partes
1363 2089 1527 2119 dividendo
1546 2094 1595 2125 ;at
1611 2091 1637 2119 si
1656 2091 1747 2120 trium

920 2136 1051 2172 partium
1065 2134 1304 2163 distributionem
1322 2135 1479 2169 sumimus,
1493 2137 1592 2172 potius
1615 2137 1747 2173 partium

920 2180 1063 2208 unionem
1083 2179 1242 2207 sumimus.
1275 2179 1372 2212 Quare
1391 2179 1498 2208 divisio
1527 2180 1576 2209 illa
1599 2188 1668 2217 quas
1694 2189 1748 2210 na-

920 2227 992 2253 tura:
1007 2224 1123 2252 ratione
1135 2223 1322 2252 constituitur
1349 2226 1393 2252 est
1414 2225 1496 2252 unio.
1521 2227 1556 2253 At
1584 2224 1652 2261 ipsa
1677 2226 1746 2254 unio

920 2277 988 2305 qua
1003 2268 1210 2297 ﬁtsecundum
1221 2268 1466 2304 temperationem
1473 2270 1622 2306 estpotius
1639 2270 1746 2299 divisio

920 2316 960 2342 Ex
968 2313 1528 2350 quomtelligiturillaqueenaturasunt
1545 2316 1573 2343 et
1593 2317 1743 2350 constant,

919 2367 988 2387 cum
997 2357 1181 2391 dividuntur,
1188 2357 1442 2395 tempore,modo.
1455 2361 1506 2387 aut
1515 2359 1670 2395 qualitate.
1683 2367 1745 2388 non

919 2402 1012 2431 dividi
1033 2401 1349 2432 secundumnaturam
1362 2402 1446 2439 (nam
1467 2402 1610 2431 omnibus
1636 2406 1745 2433 natura

919 2446 1089 2476 communis
1099 2447 1166 2482 est),
1179 2446 1233 2474 sed
1245 2447 1412 2475 secundum
1420 2447 1660 2476 distributionem
1673 2449 1745 2477 tem-

918 2491 1120 2528 perationum,
1135 2491 1243 2519 natura
1255 2493 1372 2520 tantum
1385 2492 1587 2528 principatum
1611 2494 1744 2527 gerente.

919 2539 994 2566 Nam
1009 2535 1202 2564 conferuntur
1213 2537 1443 2572 temperationes
1458 2539 1491 2565 ut
1507 2536 1701 2574 particulares
1708 2545 1744 2566 eo

918 2581 1001 2618 quod
1020 2580 1196 2616 temperatio
1209 2588 1279 2608 cum
1294 2580 1358 2608 aliis
1381 2581 1647 2618 temperationibus
1662 2589 1744 2610 com-

918 2626 1048 2664 ponitur,
1061 2625 1309 2662 quandoquidem
1323 2626 1351 2653 et
1361 2625 1434 2661 ipsus
1450 2629 1520 2656 sunt
1535 2626 1744 2663 particulares,

920 2673 1027 2700 Verum
1040 2677 1102 2698 non
1118 2670 1217 2698 omnis
1233 2670 1408 2706 temperatio
1423 2678 1492 2699 cum
1519 2671 1603 2700 omni
1628 2673 1745 2709 tempe-

918 2716 1043 2745 ratione.
1061 2716 1135 2743 Nam
1149 2714 1232 2750 quod
1245 2714 1394 2742 musicum
1412 2716 1457 2742 est
1468 2715 1499 2743 in
1525 2718 1642 2753 natura,
1669 2719 1745 2746 esset

919 2768 1041 2798 quoque
1053 2759 1214 2790 coriarium
1222 2758 1366 2788 innatum.
1378 2761 1455 2789 :esto
1474 2759 1564 2796 igitur
1585 2762 1744 2792 coriarium
