1966 3079
217 121 282 148 1271

972 111 1150 145 ADDENDA.

1863 121 1929 148 £271

228 183 354 213 ὡσαύτως
367 183 413 208 καὶ
441 181 475 207 τὰ
497 180 566 216 ἑξῆς,
592 181 608 210 ἦ
629 183 674 207 καὶ
690 184 726 216 τῷ
743 184 837 218 στερεῷ
856 180 878 206 Ii.
901 179 931 205 ού
958 179 1027 205 κατὰ
1054 179 1079 205 Α
1104 180 1138 205 τὰ
1161 180 1235 217 ἔτερα
1259 185 1325 219 μέρη
1345 186 1392 210 τοῦ
1420 182 1501 208 κύϐου
1528 181 1631 208 εὐθειῶν
1656 186 1789 219 ⁹γροιριμίῖιν
1819 181 1921 208 εὐϐιὺι

228 228 305 263 φύσιν
334 229 409 263 μόνον
437 225 552 252 ένοῦνται
583 226 614 252 τὰ
637 225 718 251 αὐτοῦ
755 227 864 262 πέρατα,
894 223 958 250 ἀλλὰ
981 226 1026 250 καὶ

228 273 296 298 κατὰ
321 274 416 308 κρᾶσιν
433 281 438 287 ·
455 271 470 300 ἡ
499 272 551 308 ’γὰρ
565 274 611 296 τοῦ
637 269 717 296 κύϐου
735 272 858 306 συνέχεια
890 271 956 296 κατὰ
981 270 1025 305 μὶν

228 318 274 348 τὰς
294 315 438 352 ἐπιφανείας
450 315 479 342 ού
495 317 604 352 φυσικὴ,
620 315 677 341 κατ’
694 314 804 352 ἀριθμὸν
826 312 856 341 δί
872 312 1027 341 συνδίδεται

228 365 357 397 φυσικῶς.

263 405 298 441 7’.
341 406 446 434 Τιθήτω
485 407 547 440 γοῦν
583 404 641 436 ἑξὰς
666 403 690 431 ἰν
718 404 798 440 αὐτῷ,
830 405 956 435 ὡσαύτως
981 406 1027 430 καὶ

228 449 335 486 ὀγδοὰς,
356 451 422 476 ἵστω
448 447 478 476 δί
501 451 546 476 καὶ
562 453 668 486 σημεῖον
688 449 724 480 εἰς
737 449 751 476 ὃ
775 448 906 486 ἀφορῶσιν
924 449 1026 475 ἅπασαι

228 495 255 520 αἱ
266 496 396 531 γραμμαὶ,
413 494 482 520 αἵτε
497 493 547 520 ὰπὸ
569 497 619 520 τῶν
638 493 756 527 κλίσιων,
783 496 828 520 καὶ
843 495 870 520 αἱ
897 493 947 520 ἀπὸ
976 497 1026 519 τῶν

226 538 290 566 ἴσων
302 543 429 576 γραμμῶν
450 549 456 556 ·
473 537 584 574 ἁχθήτω
613 537 663 565 ἀπὸ
689 542 735 569 τῆς
762 548 779 565 α
806 538 914 569 κλίσεως
942 538 1028 565 εὐθεῖα

226 587 336 621 ’γραμμή
357 584 393 615 εἰς
409 585 438 610 τὸ
453 583 472 620 β
489 587 608 620 σημιῖον,
625 585 751 614 ὡσαύτως
770 586 814 610 καὶ
841 583 914 621 ἑτέρα
940 583 1027 610 εὐθεῖα

226 631 335 666 γραμμὴ
369 628 420 655 ἀπὸ
461 631 511 655 τῶν
536 627 560 654 ἄν
586 631 617 664 τῇ
644 627 709 657 αὐτῆ
739 627 874 665 ἐπιφανείᾳ
907 628 1024 662 κλίσεων,

227 675 309 709 ἤγουν
328 677 374 703 τῆς
387 684 404 709 γ
420 682 431 700 ι
446 673 462 704 ζ
477 671 518 700 ἰπὶ
532 674 562 699 τὸ
577 672 640 699 αὐτὸ
665 672 684 709 β
700 675 807 709 σημιῖον
840 683 846 690 ·
878 675 946 700 κατὰ
982 675 1026 701 τὸν

228 718 305 745 αὐτὸν
341 718 417 754 λόγον
456 716 618 754 ὰχθήτωσαν
657 720 702 744 καὶ
729 717 756 744 ἑκ
782 721 833 744 τῶν
865 717 954 755 ἑτέρων
980 723 1026 745 τοῦ

227 762 308 789 κύϐου
334 767 417 801 μιρῶν
449 762 546 789 εὐθεῖαι
577 764 699 800 γραμμαὶ
721 763 786 800 πρὸς
807 763 836 789 τὸ
860 761 878 799 β
907 766 1026 799 σημεῖον,

227 807 449 844 ἀριθμηθήτωσαν
489 808 517 834 αἱ
548 809 667 843 γραμμαὶ
703 810 787 834 πᾶσαι
810 809 855 834 καὶ
880 809 1026 837 σνντεθὴτω

216 854 336 883 ταύταις
375 854 420 878 καὶ
459 853 488 878 τό
526 855 633 888 σημεῖον
672 854 718 878 καὶ
752 854 897 882 ποιήσουσι
933 852 1026 879 κύκλον

227 895 371 933 ἓεανοξγκης
398 907 405 914 ·
425 895 502 923 πάλιν
517 895 628 932 ἆχθήτω
652 895 703 923 ἀπὸ
723 900 768 927 τῆς
796 906 812 922 κ
836 900 960 934 γραμμῆς
985 896 1026 923 in":

226 943 256 968 τὸ
281 939 300 978 β
328 945 434 978 σημεῖον
456 941 542 968 εὐθεῖα
564 943 685 979 γραμμὴ,
713 941 838 972 ὡσαύτως
864 941 1025 978 ἁχθήτωσαν

226 989 272 1013 καὶ
291 986 375 1023 ἕτεραι
397 987 517 1022 γραμμαὶ.
549 986 646 1012 mea“.
678 986 729 1012 ἀπὸ
752 985 803 1012 τῶν
835 985 860 1012 iv
890 990 926 1022 τῷ
954 986 1024 1022 αύτῷ

226 1033 298 1068 μέρει
318 1031 420 1058 ιύθιιῶν
448 1034 576 1068 γραμμῶν
596 1034 673 1068 τριῶν
702 1035 748 1060 τῆς
771 1030 797 1065 λ,
820 1041 849 1067 μ,
879 1041 903 1065 ν,
929 1030 971 1057 ἰπὶ
994 1032 1024 1058 τὸ

227 1075 246 1113 β
263 1079 380 1113 σημεῖον.
395 1074 505 1112 Ὁμοίως
523 1079 586 1111 γοῦν
606 1074 767 1110 ἁχθήτωσαν
795 1077 840 1101 καὶ
865 1073 893 1101 εκ
920 1079 970 1101 τῶν
988 1075 1024 1107 εἰς

211 1165 360 1192 musicum
375 1173 384 1199 ;
397 1165 448 1192 aut
459 1163 490 1191 id
501 1163 583 1199 quod
596 1165 643 1191 est
653 1162 844 1199 philosophia
870 1163 900 1191 in
920 1166 1036 1199 natura,

212 1210 275 1237 esto
290 1207 390 1244 poesis
402 1207 432 1235 in
446 1209 554 1235 natura
572 1216 578 1235 :
595 1209 658 1235 esto
681 1207 771 1242 igitur
798 1207 966 1236 Aristoteles
983 1209 1038 1236 Ho-

215 1261 316 1282 merus
330 1262 339 1289 ς
355 1252 498 1289 autquod
515 1254 561 1280 est
573 1251 710 1280 motusin
721 1253 932 1289 natura,quies
946 1253 976 1281 in
988 1261 1038 1281 na-

215 1301 293 1332 tura,
313 1300 376 1326 esto
393 1297 482 1332 igitur
495 1296 580 1333 quies
600 1299 708 1325 motus.
724 1298 790 1325 Haec
805 1300 904 1325 autem
918 1296 1039 1326 ﬁerine-

211 1345 335 1380 queunt.
343 1345 414 1371 Nam
420 1342 555 1371 absolute
561 1341 786 1378 temperationes
793 1343 868 1370 uniri
876 1342 1038 1371 absurdum

211 1390 269 1417 est.
287 1390 323 1416 At
331 1387 497 1416 secundum
509 1387 705 1423 proprietates
715 1387 774 1415 hoc
783 1387 847 1416 fieri
875 1387 1033 1424 reperitur.

211 1434 285 1461 Nam
297 1440 392 1460 unum
407 1431 529 1460 uniendi
541 1431 661 1459 alterius
673 1432 734 1460 vim
753 1431 854 1465 habet,
878 1435 910 1460 ut
933 1432 1036 1460 album

210 1480 239 1506 et
260 1477 384 1511 ﬂavum,
401 1480 429 1505 et
442 1476 525 1514 quod
539 1479 583 1504 est
607 1476 757 1504 musicum
771 1479 814 1504 est
826 1479 985 1512 cognatum
1012 1477 1037 1505 ei
1053 1490 1073 1517 ρ

211 1522 293 1559 quod
306 1524 350 1550 est
364 1520 561 1556 numerabile,
579 1523 607 1549 et
622 1520 815 1557 philosophia
831 1520 997 1557 theologia,
1010 1524 1038 1550 et

210 1567 328 1603 poetica
343 1566 398 1594 arti
410 1565 539 1594 dicendi.
555 1567 582 1594 et
601 1565 800 1602 tranquillitas
822 1566 1036 1602 temperantia,

211 1614 239 1640 et
247 1611 527 1640 fortitudinimotus.
538 1609 711 1646 Eodemque
723 1609 814 1638 modo
820 1609 892 1638 fullo
899 1610 1036 1644 coriario,

210 1658 240 1685 et
251 1657 315 1685 aliis
331 1656 388 1684 alia
413 1657 534 1692 propter
563 1655 775 1691 proprietatem
801 1657 873 1683 sunt
898 1658 1036 1690 cognata.

245 1703 275 1729 2.
293 1703 388 1734 Quare
401 1700 462 1728 duo
476 1702 546 1728 sunt
565 1699 648 1727 modi
670 1699 802 1735 uniendi,
835 1707 913 1727 unus
932 1699 1039 1736 quiest

212 1741 378 1769 secundum
388 1743 537 1775 naturam,
550 1739 622 1768 alter
633 1739 685 1776 qui
696 1742 740 1767 est
752 1739 1038 1776 secundumtempe-

209 1785 367 1814 rationem.
388 1786 464 1813 Nam
480 1784 815 1812 omniacommunicant
830 1785 906 1812 inter
925 1793 957 1813 se
967 1792 1038 1813 cum

209 1832 400 1863 revocantur,
417 1831 469 1857 aut
479 1828 518 1857 ad
532 1828 720 1865 qualitatem,
736 1830 789 1856 aut
801 1829 841 1857 ad
866 1829 1036 1862 essentiam,

212 1877 264 1903 aut
277 1874 316 1903 ad
330 1874 470 1908 formam,
486 1875 538 1902 aut
553 1872 592 1901 ad
605 1876 756 1908 naturam,
772 1873 862 1909 idque
886 1873 1038 1910 praecipue

211 1922 302 1956 atque
317 1919 462 1946 universe.
486 1920 522 1946 At
550 1917 717 1946 secundum
743 1919 937 1954 proprietates
965 1918 1039 1946 alter

212 1967 256 1993 est
266 1963 376 1991 modus
402 1972 409 1998 ;
431 1971 529 1999 neque
550 1963 630 1991 enim
654 1963 701 1991 hic
730 1963 795 1992 unit
820 1963 994 1991 naturaliter
1010 1965 1039 1992 et

212 2009 359 2041 universe,
392 2007 444 2035 sed
479 2007 698 2044 particulariter
722 2010 751 2036 et
784 2008 915 2045 proprie,
939 2015 1038 2044 neque

212 2055 361 2089 quatenus
373 2052 511 2088 qualitas,
529 2055 580 2080 aut
590 2055 741 2089 quatenus
748 2053 888 2088 essentia,
902 2053 954 2081 aut
962 2060 1037 2088 qua-

213 2100 300 2126 tenus
306 2096 617 2133 forma,autquatenus
625 2096 748 2125 materia
755 2097 882 2132 unit,sed
889 2099 1038 2133 quatenus

213 2142 324 2178 aliquid
341 2149 409 2169 cum
421 2141 522 2177 aliquo
535 2142 736 2177 componitur.
757 2143 935 2177 Quanquam
947 2141 1037 2169 etiam

213 2187 361 2216 elementa
376 2186 490 2214 ratiOne
505 2189 618 2214 natura;
634 2186 708 2214 inter
718 2193 749 2213 se
763 2186 996 2219 communicant,
1009 2187 1037 2214 et

214 2239 294 2268 aqua
300 2239 360 2259 non
367 2230 681 2265 interimitignem,nec
688 2229 825 2258 interimit
832 2229 889 2258 alia
896 2237 964 2266 quae
974 2238 1036 2258 non

213 2275 419 2312 suntejusdem
427 2275 575 2303 modi.Sed
581 2283 645 2303 cum
651 2282 721 2310 pars
727 2282 814 2310 aqua:
820 2274 919 2303 obruit
926 2277 1036 2310 partem

213 2321 375 2357 ignis,tunc
381 2328 451 2357 pars
459 2319 507 2348 illa
513 2327 600 2356 aquas
607 2319 741 2347 interimit
747 2322 858 2355 partem
865 2319 943 2348 illam
950 2319 1036 2354 ignis;

213 2364 442 2394 contrariaenim
449 2363 958 2393 contrariisinterimuntur.Fitetiam
965 2372 1038 2392 non-

212 2417 370 2446 nunquam
377 2411 410 2437 ut
414 2409 580 2445 pharmaca
586 2410 708 2444 propter
713 2408 923 2445 proprietatem
934 2416 1037 2445 corpo.

212 2463 280 2484 rum
286 2457 315 2482 et
322 2454 574 2490 temperationum
582 2453 806 2481 communicent
813 2453 889 2481 inter
895 2461 926 2481 se
933 2455 961 2481 et
966 2460 1038 2489 pro-

212 2500 498 2534 sint,nonnunquam
505 2496 589 2525 etiam
597 2496 763 2526 interimant
769 2497 1038 2534 propterdiversam

211 2544 349 2581 ipsorum
363 2543 439 2572 inter
453 2551 484 2570 se
494 2541 715 2578 proprietatem.
745 2543 883 2570 Similiter
902 2541 992 2570 etiam
1007 2542 1037 2570 in

211 2588 339 2617 metallis
358 2586 590 2616 communicatio
606 2587 760 2623 reperitur,
771 2587 801 2614 in
814 2586 878 2614 aliis
901 2586 1036 2614 verodis-

211 2633 374 2670 crepantia.
388 2631 473 2666 Quod
497 2633 574 2660 certe
602 2640 662 2660 non
689 2634 734 2660 est
752 2639 876 2665 novum,
899 2632 1034 2667 quando-

211 2678 335 2715 quidem
348 2686 402 2706 nec
410 2677 642 2714 inlineapuncta
649 2674 900 2705 omniaomnibus
916 2676 1034 2712 punctis

1104 228 1225 262 γραμμαὶ
1238 227 1280 254 ἐπὶ
1298 230 1327 254 τὸ
1343 227 1361 264 β
1389 231 1507 264 σημεῖον,
1538 226 1762 264 ἀριθμηθὴτωσαν
1789 230 1843 253 καὶ
1878 227 1922 252 αὗ-

1104 278 1148 296 ται
1172 273 1258 298 πᾶσαι
1286 274 1331 299 καὶ
1362 273 1511 301 συντεθήτω
1527 272 1635 302 ταύταις
1657 274 1702 297 καὶ
1728 272 1757 298 τό
1792 275 1923 307 “uti”,

1105 316 1150 340 καὶ
1192 319 1354 345 πονήσουσιν
1385 315 1412 348 ἐξ
1444 316 1558 352 ἀνάγκης
1598 317 1641 342 καὶ
1676 314 1756 342 αὗται
1811 315 1948 342 κύκλα-ιι

1105 357 1177 386 Ἐπεὶ
1189 358 1219 386 δὲ
1232 360 1260 387 ἔτι
1273 362 1376 388 πάντων
1395 366 1445 388 τῶν
1464 365 1512 387 τοῦ
1527 360 1608 387 κύϐου
1626 364 1708 398 μερῶν
1736 361 1764 387 αἱ
1796 362 1873 398 πρὸς
1898 364 1924 386 τέ

1106 403 1125 440 β
1141 409 1247 441 σημεῖον
1274 406 1371 433 deum
1389 407 1510 443 γραμμαὶ
1536 406 1584 432 σὺν
1604 409 1640 441 τῷ
1653 407 1754 442 σημείῳ
1769 404 1815 436 εἰς
1849 404 1925 431 ἄπα-

1104 450 1231 486 ρίθμησιν
1266 450 1392 480 κυκλικὴν
1428 450 1607 487 ἀναφέρονται,
1645 450 1715 476 ἔστιν
1753 449 1813 487 ἄρα
1851 453 1925 476 κει-τα

1105 492 1214 532 ἀριθμὸν
1233 493 1270 526 εἰς
1284 497 1328 522 τὸν
1355 495 1433 522 κύϐον
1459 497 1557 531 φυσικὴ
1588 496 1712 530 συνέχεια
1736 498 1790 520 τῶν
1819 499 1922 531 μερῶν.

1103 539 1235 576 Τμηθὴτω
1269 543 1332 575 ’γοῦν
1367 542 1412 566 καὶ
1443 539 1480 571 εἰς
1518 539 1666 575 ἐπιφανείας
1692 539 1705 565 ὁ
1738 538 1840 570 κύϐος,
1876 542 1922 565 καὶ

1104 584 1172 609 ἔστω
1213 583 1271 616 ἑξὰς
1298 585 1313 613 ἠ
1353 582 1475 615 ἄπίπιδος
1503 583 1647 620 ἐπιφάνεια,
1685 585 1730 610 καὶ
1756 583 1919 610 πολλαπλα-

1106 628 1243 657 σιασθήτω
1271 629 1284 654 ό
1312 627 1420 666 ἀριθμὸς
1443 630 1488 654 καὶ
1509 628 1585 654 πάλιν
1603 627 1685 654 πολλὰ
1710 627 1916 656 πλασιασθξτω

1105 669 1189 705 οὗτος,
1204 675 1249 700 καὶ
1263 673 1430 710 ιύριθήσεται
1445 675 1479 704 ὡς
1492 673 1505 699 ὁ
1521 682 1538 699 α
1561 673 1626 710 πρὸς
1639 674 1683 699 τὸν
1699 671 1730 709 β,
1760 673 1773 698 ὁ
1801 671 1822 708 β
1850 674 1917 710 πρὸς

1104 719 1148 743 τὸν
1174 728 1191 753 ’γ
1213 728 1219 734 ”
1249 717 1415 755 εὑρίσκονται
1456 717 1509 755 ἆρα
1538 719 1583 743 καὶ
1612 716 1669 743 κατ’
1694 715 1853 753 imperitia;
1882 717 1916 747 εἰς

1086 762 1287 800 -ἆπαρὶθμησιν
1302 762 1426 792 κυκλικὴν
1452 765 1551 797 συνεχῆ
1568 762 1601 788 τὰ
1623 763 1689 799 μέρη
1720 763 1818 789 αὐτοῦ.
1845 762 1917 788 Ἐπεὶ

1105 805 1135 834 δί
1163 808 1190 833 αἱ
1214 807 1282 833 κατὰ
1301 808 1398 838 παντὸς
1425 808 1519 844 μέρους
1544 806 1624 832 αὑτοῦ
1651 805 1775 843 ἁρμονίαι
1807 804 1916 843 ἀριθμῷ

1105 851 1141 883 ιίς
1180 851 1273 878 κύκλον
1317 850 1467 887 ἀνάγονται,
1504 851 1517 877 ὁ
1554 848 1584 877 δί
1616 849 1708 880 κύκλος
1733 854 1785 876 τῶν
1832 850 1916 877 ἄλλων

1106 897 1252 933 σχημάτων
1279 899 1454 934 φυσικώτερος
1494 897 1539 922 καὶ
1565 892 1775 932 μονοειδέοτιρος
1806 898 1855 922 καὶ
1886 896 1915 922 σύ

1104 942 1196 978 μικτὸς
1211 943 1255 967 καὶ
1270 940 1367 971 ἁπλοῦς
1392 943 1437 967 καὶ
1451 939 1479 967 ἕκ
1506 943 1590 977 μερῶν
1617 938 1647 966 ού
1672 939 1784 971 πολλῶν,
1811 939 1912 976 ἀνάγκη

1103 989 1177 1012 πᾶσα
1212 985 1269 1012 κατ’
1299 985 1408 1022 ἀριθμὸν
1443 987 1555 1021 φυσικήν
1579 988 1644 1010 νοεῖν
1679 987 1726 1013 τὴν
1755 984 1806 1011 τοῦ
1832 984 1913 1011 κύϐου

1105 1032 1253 1067 συνέχειαν,
1267 1028 1321 1057 ἐπεὶ
1335 1029 1369 1060 εἰς
1379 1029 1488 1060 κύκλους
1503 1028 1635 1066 ἀνοίγεται.

1129 1073 1165 1104 δ’.
1186 1075 1351 1112 Θιωρηθήτω
1364 1077 1427 1110 γοῦν
1444 1076 1489 1100 καὶ
1505 1074 1574 1100 κατὰ
1597 1077 1718 1109 συνεχεῖς
1747 1072 1911 1110 ἐπιφανείας,

1091 1164 1237 1192 uniuntur
1250 1171 1303 1200 per
1311 1161 1575 1191 continuationem.
1584 1163 1659 1190 Nam
1673 1161 1814 1199 primum
1840 1163 1924 1191 tertio

1092 1217 1154 1237 non
1182 1209 1292 1243 unitur,
1317 1207 1375 1236 nisi
1403 1215 1456 1244 per
1477 1206 1668 1242 secundum;
1693 1207 1807 1236 eodem
1832 1208 1921 1236 modo

1092 1252 1182 1281 etiam
1196 1253 1320 1289 reliqua,
1329 1254 1361 1280 ut
1373 1252 1462 1280 etiam
1475 1251 1619 1284 insolido.
1633 1251 1787 1288 siquidem
1807 1260 1871 1280 non
1882 1260 1921 1280 se-

1092 1297 1224 1326 cundum
1235 1299 1374 1326 naturam
1384 1296 1445 1324 dun
1450 1296 1630 1333 taxatipsius
1639 1295 1758 1324 termini
1766 1297 1920 1332 uniuntur,

1091 1349 1195 1370 verum
1206 1339 1295 1370 etiam
1311 1340 1479 1369 secundum
1493 1341 1751 1376 temperationem.
1763 1342 1841 1370 Nam
1856 1340 1924 1370 cubi

1092 1386 1287 1422 coutinuatio,
1304 1386 1408 1414 habita
1423 1386 1537 1414 ratione
1549 1385 1791 1421 superﬁcierum.
1808 1394 1872 1414 non
1883 1388 1923 1414 est

1091 1430 1248 1463 naturalis,
1257 1430 1309 1459 sed
1315 1429 1461 1458 beneﬁcio
1472 1430 1590 1458 numeri
1600 1429 1921 1458 vinciturnaturaliter.

1128 1478 1156 1504 3.
1176 1477 1305 1504 Ponatur
1320 1475 1410 1511 igitur
1418 1475 1590 1503 senariusin
1606 1474 1695 1507 cubo,
1709 1475 1822 1503 eodem
1832 1475 1921 1504 modo

1092 1520 1264 1549 dctonarius
1279 1521 1328 1556 (1).
1342 1520 1412 1548 Esto
1425 1527 1494 1548 vero
1509 1520 1599 1548 etiam
1613 1522 1763 1555 punctum
1788 1520 1830 1548 ad
1841 1520 1919 1556 quod

1092 1564 1256 1593 referantur
1264 1563 1469 1599 omneslinese,
1478 1566 1538 1592 tam
1545 1563 1656 1600 quaeat)
1674 1563 1918 1592 inclinationibus

1092 1608 1385 1646 angulorum,quam
1397 1614 1465 1643 quae
1479 1607 1692 1645 abaequalibus
1704 1607 1794 1636 lineis
1809 1608 1920 1638 ducun-

1092 1656 1149 1682 tur.
1162 1653 1292 1682 Ducatur
1307 1653 1345 1682 ab
1356 1661 1375 1682 a
1389 1652 1589 1681 inelinationis
1614 1652 1726 1687 angulo
1745 1652 1830 1682 linea
1843 1656 1920 1681 recta

1092 1698 1121 1726 in
1138 1697 1154 1726 b
1170 1700 1325 1734 punctum,
1347 1697 1453 1725 eodem
1483 1696 1575 1725 modo
1587 1696 1651 1724 aliae
1671 1699 1761 1725 recte:
1783 1697 1871 1725 linea:
1885 1697 1919 1725 ab

1092 1737 1158 1771 aliis
1169 1741 1368 1770 inclinationis
1381 1741 1498 1776 angulis
1515 1749 1583 1777 qua!
1611 1743 1681 1769 sunt
1703 1741 1735 1769 in
1750 1741 1917 1778 superﬁcie,

1092 1791 1201 1823 nempe
1215 1785 1254 1814 ab
1269 1793 1284 1815 c
1299 1793 1315 1815 e
1327 1786 1385 1821 fin
1400 1785 1633 1822 idempunctum
1647 1784 1673 1813 ὁ.
1687 1785 1802 1814 Eadem
1810 1787 1919 1814 ratione

1092 1825 1240 1860 (ineantur
1250 1830 1316 1859 aliae
1333 1833 1421 1859 rectm
1429 1829 1514 1858 lineae
1521 1828 1560 1858 ab
1568 1829 1633 1858 aliis
1653 1830 1722 1858 cubi
1744 1830 1883 1866 partibus
1891 1830 1917 1858 in

1093 1878 1239 1913 punctum
1256 1875 1282 1904 b.
1299 1874 1700 1904 Numerenturomneslineaa
1718 1876 1748 1903 et
1766 1875 1912 1912 cumipsis

1091 1924 1238 1957 punctum
1252 1919 1343 1948 etiam
1354 1921 1634 1956 componatur,sane
1644 1920 1817 1948 necessario
1827 1920 1913 1948 circu-

1092 1965 1155 1993 lum
1165 1963 1417 1993 efﬂcient.Rursus
1427 1964 1554 1991 ducatur
1561 1963 1640 1991 linea
1648 1965 1729 1991 recta
1739 1971 1758 1992 a
1769 1963 1851 1993 linea
1858 1965 1876 1993 k
1887 1965 1913 1992 in

1092 2011 1237 2046 punctum
1245 2009 1271 2037 b.
1281 2008 1390 2036 Eodem
1399 2007 1489 2036 modo
1495 2007 1645 2036 ducantur
1652 2008 1742 2036 etiam
1763 2009 1831 2036 aliis:
1837 2012 1916 2037 recte

1092 2054 1177 2082 linere
1198 2061 1214 2082 a
1238 2053 1333 2081 tribus
1359 2052 1445 2081 lineis
1465 2052 1551 2081 rectis
1577 2060 1644 2089 quas
1665 2055 1736 2080 sunt
1769 2053 1801 2081 in
1814 2053 1913 2082 eadem

1092 2101 1187 2135 parte,
1203 2106 1312 2134 nempe
1325 2097 1364 2126 ab
1382 2097 1393 2126 ι
1402 2105 1431 2125 m
1446 2105 1466 2125 η
1481 2096 1511 2125 in
1518 2100 1665 2133 punctum
1675 2097 1702 2125 b.
1721 2098 1915 2126 Consimiliter

1091 2143 1180 2177 igitur
1195 2150 1213 2171 a
1231 2142 1352 2178 reliquis
1366 2141 1452 2169 lineis
1477 2141 1659 2178 reliquarum
1695 2141 1765 2169 cubi
1788 2143 1911 2178 partium

1092 2186 1178 2215 lineas
1191 2189 1278 2215 rectm
1290 2186 1439 2214 ducantur
1451 2185 1482 2214 in
1502 2185 1518 2213 ὁ
1541 2188 1697 2222 punctum.
1719 2186 1911 2215 Numereutur

1091 2232 1182 2260 etiam
1208 2231 1256 2259 hae
1270 2239 1376 2259 omnes
1395 2233 1423 2259 et
1451 2238 1517 2258 cum
1540 2230 1586 2258 his
1602 2232 1748 2266 punctum
1779 2234 1910 2267 ponatur,

1092 2275 1262 2304 necessario
1293 2282 1415 2311 quoque
1473 2273 1619 2302 circulum
1661 2273 1801 2303 efﬁcient.
1845 2277 1911 2304 Cum

1092 2321 1182 2356 igitur
1196 2320 1235 2348 ab
1250 2319 1392 2348 omnibus
1405 2319 1475 2348 cubi
1490 2318 1626 2355 partibus
1638 2319 1724 2348 lineae
1739 2319 1840 2349 ductas
1859 2321 1886 2349 in
1898 2320 1912 2348 ὁ

1092 2367 1240 2402 punctum
1251 2363 1417 2392 referantur
1428 2363 1468 2392 ad
1484 2363 1659 2391 circularem
1666 2365 1910 2398 numerationem,

1095 2409 1230 2445 sequitur
1236 2408 1336 2437 essein
1344 2408 1433 2441 cubo,
1441 2411 1562 2444 propter
1568 2415 1741 2437 numerum.
1748 2409 1910 2437 naturalem

1093 2453 1224 2490 partium
1240 2452 1506 2481 continuationem.
1522 2453 1641 2480 Secetur
1655 2451 1746 2480 etiam
1780 2453 1873 2481 cubus
1885 2453 1910 2481 in

1093 2497 1277 2534 superﬁcies,
1300 2499 1327 2525 et
1361 2498 1424 2525 esto
1455 2496 1592 2524 senarius
1619 2495 1710 2532 plana
1733 2497 1910 2533 superficies,

1093 2541 1365 2578 multipliceturque
1379 2549 1534 2575 numerus,
1564 2549 1668 2569 rursus
1683 2541 1735 2577 qui
1747 2541 1819 2570 inde
1828 2541 1910 2570 factus

1094 2585 1369 2622 estmultiplicetur,
1384 2585 1508 2614 tandem
1523 2585 1705 2621 reperiemus
1715 2588 1748 2614 ut
1777 2593 1910 2615 numerus

1094 2639 1114 2660 a
1131 2631 1169 2659 ad
1184 2631 1238 2659 bse
1249 2629 1466 2663 habet,itabad
1475 2639 1494 2667 g
1506 2638 1538 2658 se
1563 2628 1686 2658 habere.
1712 2631 1910 2667 Comperimus

1094 2676 1185 2711 igitur
1207 2675 1462 2703 continuationem
1507 2674 1633 2712 partium
1657 2675 1727 2703 cubi
1752 2675 1853 2704 referri
1877 2676 1909 2705 ad

246 2749 285 2785 (t)
297 2751 407 2790 Nempe
421 2750 519 2790 senties
530 2756 582 2777 sex
597 2747 704 2788 sexies,
718 2749 769 2790 aut
782 2746 874 2790 octies
894 2751 961 2777 octo
974 2747 1075 2783 octies,
1090 2747 1131 2776 ita
1150 2750 1181 2776 ut
1200 2747 1336 2781 senarius
1347 2749 1400 2782 aut
1414 2746 1585 2782 octonarius
1609 2746 1646 2779 sit
1664 2754 1745 2778 unus
1773 2754 1813 2775 ex
1827 2747 1908 2777 tribus

210 2782 345 2813 muneris
359 2782 396 2813 ex
409 2784 521 2822 quibus
536 2782 672 2812 senarius
683 2785 809 2819 constat.
