1966 3079
68 139 150 169 1273

514 141 691 170 THEODORI
705 142 729 169 ΙΙ
749 140 818 169 1MP.
834 141 879 168 DE
896 139 1123 169 COMMUNIONE
1138 138 1314 168 NATURALI

1682 139 1750 168 1274

68 203 100 229 εἰ
115 203 194 230 αὐταὶ
209 204 274 240 πρὸς
293 202 370 233 αὐτὸς
389 202 511 234 ἆλληλαις
539 205 676 240 συνέχειαν
703 204 809 240 ἔχουσι,
833 205 878 229 καὶ
906 204 929 230 Α
957 203 1098 239 τετμσήθω
1113 201 1299 240 ἑνὸ¹εκοιμερῶς²
1315 202 1395 238 ἣγουν
1410 202 1424 230 ἡ
1440 211 1456 228 α
1469 200 1514 238 βγ
1535 199 1553 228 δ
1579 211 1590 227 ε
1610 201 1634 237 ζ,
1659 204 1754 238 τετμή-

67 249 178 283 ὀποίαν,
193 250 238 274 καὶ
265 251 329 278 πῶς.
357 246 445 274 Ἔστω
472 250 557 274 τοίνυν
573 259 589 274 α
603 247 620 284 β
635 259 652 284 7
667 245 684 274 δ
699 258 710 274 ε
721 248 737 279 ζ
747 249 760 274 6
787 247 875 279 κύϐος,

65 291 222 322 ἀπλωθήτω
235 292 250 322 ἠ
265 302 282 318 α
298 292 342 323 ἕως
360 296 405 323 τῆς
416 292 537 329 ἑκατέρας
557 292 636 323 αὐτῆς
667 292 684 329 β
708 302 735 319 τε
758 295 804 319 καὶ
830 296 877 323 τῆς

62 348 101 373 7,
116 340 162 364 καὶ
176 337 192 367 ἡ
209 335 228 363 δ
239 339 360 374 πρὸςτὴν
375 336 393 374 β
407 347 434 363 τε
449 340 494 363 καὶ
506 339 553 366 τὴν
568 348 596 373 γ,
612 339 656 363 καὶ
672 337 686 366 ἠ
699 347 710 363 ε
733 339 799 373 πρὸς
829 339 876 366 τὴν

61 392 88 408 α
105 381 124 418 β
140 393 157 418 7
174 379 200 418 δ,
216 384 260 408 καὶ
275 383 290 411 ἡ
307 382 432 418 ξόμοὶως
444 383 507 419 πρὸς
520 384 564 411 τὴν
579 392 596 408 α
615 381 633 418 β
646 393 662 418 ’ν
677 380 695 408 δ
725 393 731 399 ·
761 381 877 408 ἐνούνται

58 430 136 462 ’γοῦν
150 426 228 453 αὗται
241 428 307 463 πρὸς
321 427 368 457 τὰς
379 426 485 460 κλίσεις,
502 428 529 453 αἱ
553 424 582 453 δὲ
609 427 690 457 θέσεις
703 429 748 453 καὶ
774 426 877 458 ἐνὼσεις

61 470 157 497 αὐτῶν
167 471 335 507 οἰκιικλικαὶ,
353 470 440 508 ὥσπερ
464 473 509 497 καὶ
537 470 578 497 ἐπὶ
604 475 653 497 τῶν
681 472 875 508 ἀριθμηθεισῶν

60 520 200 553 γραμμῶν
222 515 286 542 ἁλλὰ
317 518 508 552 γεγωνιωμέναι
539 518 583 542 καὶ
599 516 710 547 -κλίσεις
737 517 851 552 ἔχουσαι
867 538 874 544 .

63 561 84 589 ἠ
104 563 128 588 Α
143 561 195 597 γὰρ
206 560 251 590 ὅλη
265 560 312 591 ἕως
324 560 385 592 ὅλης
395 565 441 591 τῆς
455 564 481 592 Β,
495 563 540 587 καὶ
560 560 625 590 αὕτη
664 561 710 592 ἕως
744 560 805 591 ὅλης
830 570 875 591 της

67 607 102 639 Γ,
120 607 166 631 καὶ
177 604 244 634 αὕτη
258 604 305 636 ἕως
318 605 379 636 ὅλης
393 610 440 635 τῆς
457 608 484 640 Δ,
506 608 550 632 καὶ
567 606 582 634 ἡ
615 608 633 632 Ε
648 606 695 635 ἔως
726 604 788 631 ὅλων
825 609 874 630 τῶν

66 653 93 676 Δ
109 652 205 683 ΒΓΔ,
227 651 271 676 καὶ
297 650 313 679 ἡ
343 653 363 676 Ζ
390 650 486 686 ὁμοίως
512 650 557 680 ἕως
584 649 647 676 ὅλων
678 649 760 676 αὐτῶν
785 653 805 676 Α
824 652 875 675 ΒΓ

64 697 100 722 Δ.
134 696 254 721 Φαίνεται
290 698 353 730 γοῦν
387 693 415 720 ix
450 695 544 721 τούτου
579 695 620 721 ὃτι
656 694 782 720 ἅπτονται
817 695 873 731 μὲι,

63 738 105 769 εἰς
121 738 215 769 ἑαυτὰς
228 737 257 765 δὲ
272 736 361 765 διόλου
389 738 418 765 οὗ
452 740 606 776 στρέφονται
633 739 763 770 κυκλικῶς
791 740 874 765 εἱτουν

63 787 200 819 φυσικῶς,
223 783 403 819 Τμηθὴτωσαν
430 786 494 819 γοῦν
525 784 552 808 αἰ
579 783 723 820 ἐπιφάνειαι
751 781 787 809 δι’
813 783 872 809 ὅλου

60 831 166 854 τοῦτου
180 827 261 854 κύϐου
284 829 400 864 πάχους,
429 830 474 854 καὶ
505 827 726 864 συλληφθὴτωσαν
748 829 819 854 καττὰ
843 829 872 855 τὸ

62 872 197 908 ἀνάλογον
222 872 310 903 ἂξίσου
335 872 381 899 ὅλα
405 874 438 899 τὰ
463 874 590 909 τμήματα
611 883 618 889 ο
647 872 786 899 ἐπιτέθειται
811 876 873 909 ’γοῦν

60 917 81 946 ἡ
101 918 127 944 Α
144 914 284 953 διάμετρος
298 920 329 954 τῇ
347 920 376 951 Γ,
398 919 443 943 καὶ
463 917 478 946 ἡ
501 920 520 944 Β
537 921 569 954 τῇ
591 920 620 952 Δ,
639 918 719 947 καὶὴ
740 921 760 944 Ε
776 922 807 954 τῇ
828 921 848 944 Ζ
864 928 870 934 ·

62 963 137 988 ἔστω
156 963 244 998 γοῦνή
263 961 330 998 μιτὰ
366 961 413 991 τήν
447 964 468 988 Α
501 965 533 998 Η,
563 964 607 988 καὶ
635 962 649 992 ἡ
681 963 748 999 μετὰ
779 965 826 992 τὴν
854 965 873 989 Γ

64 1011 103 1041 Θ,
117 1009 165 1033 καὶ
184 1007 199 1036 ἡ
220 1007 286 1043 μετὰ
304 1009 351 1036 τὴν
383 1009 402 1033 Β
434 1008 456 1041 Ι,
491 1009 536 1033 καὶ
565 1008 580 1036 ἡ
614 1008 681 1043 μετὰ
707 1009 755 1036 τὴν
788 1011 805 1033 Δ
840 1010 871 1040 Κ,

62 1053 112 1077 καὶ
130 1051 227 1087 ἡμετὰ
241 1053 321 1080 τῆνΕ
342 1053 375 1084 Α,
404 1053 450 1077 καὶ
485 1051 498 1081 ἣ
530 1051 593 1088 μετὰ
624 1054 672 1080 τὴν
702 1054 722 1078 Ζ
758 1055 793 1084 Μ,
827 1053 872 1078 καὶ

63 1094 148 1122 πάλιν
164 1096 179 1124 ἠ
196 1096 318 1131 μετάτὴν
333 1098 354 1122 Η
383 1097 412 1129 Ε,
444 1096 490 1121 καὶ
511 1097 526 1125 ἠ
556 1096 622 1132 μετά
645 1097 692 1125 τὴν
721 1100 744 1122 Θ
771 1097 801 1131 Ξ,
826 1098 872 1122 καὶ

65 1139 84 1169 ἣ
113 1141 182 1176 μετὰ
202 1141 249 1169 τὴν
280 1142 290 1167 Ι
315 1143 347 1174 0,
377 1141 422 1166 καὶ
449 1144 462 1169 i7
486 1141 550 1176 μετὰ
572 1142 619 1169 τὴν
653 1143 675 1167 K
708 1144 740 1174 Ii,
773 1143 818 1167 καὶ
854 1141 870 1170 ἠ

66 1185 194 1221 μετὰτὴν
224 1187 248 1211 Λ
281 1180 310 1218 Ρ,
343 1184 413 1213 καὶή
448 1185 514 1221 μετὰ
545 1187 592 1214 τὴν
624 1187 651 1212 Μ
687 1188 704 1211 Σ
735 1195 741 1202 ·
773 1186 872 1214 τεθητω

64 1232 133 1266 γοῦν
151 1230 167 1258 ἠ
196 1239 212 1255 α
232 1230 298 1266 πρὸς
324 1231 372 1258 τὴν
405 1228 422 1264 β
449 1239 466 1265 7
488 1228 646 1265 ἐπιφάνειαν,
677 1231 816 1266 τετμήσθω
843 1228 872 1256 δὲ

65 1271 258 1312 ἡδεκαμερῶς,
272 1275 395 1305 ὡσαύτως
409 1275 484 1303 καιή
515 1272 532 1300 δ
564 1275 628 1312 πρὸς
655 1277 701 1304 τὴν
726 1285 743 1301 α
763 1285 780 1311 γ
813 1274 872 1301 ἐπι-

65 1319 175 1355 φάνειαν
191 1316 364 1356 ἑνδεκαμερῶς
378 1318 487 1357 ἑκατέρα
504 1329 532 1346 τε
559 1322 605 1346 καὶ
629 1319 747 1357 ἑκατέρα,
775 1320 872 1356 ὁμοίως

47 1430 295 1459 numerationem
307 1430 493 1464 circularem,
505 1431 596 1459 etiam
606 1430 773 1458 secundum
781 1438 884 1467 super-

959 249 1013 274 σθω
1029 246 1058 273 δὲ
1073 247 1225 285 ἐννεαμερῶς
1239 247 1309 276 κοιιὴ
1324 256 1339 276 η
1371 247 1384 272 θ
1405 257 1414 272 ι
1435 256 1451 272 κ
1470 246 1484 271 λ
1506 256 1535 282 μ,
1560 247 1697 282 τετμήσθω
1724 243 1753 273 δὲ

958 291 1106 328 ἐπταμερῶς
1121 302 1166 318 και
1178 293 1193 321 ἡ
1209 292 1246 323 νξ
1261 301 1303 318 οπ
1325 302 1339 328 ρ
1362 301 1388 324 σ,
1412 300 1457 317 και
1484 290 1652 320 ένωθὴτωσαν
1679 290 1753 322 αὖθις

957 338 1024 363 κατὰ
1038 338 1067 363 τὸ
1078 336 1201 362 ἀνάπαλιν
1214 337 1228 366 ἡ
1245 347 1257 362 ν
1270 344 1280 364 .·
1297 346 1313 362 σ
1416 345 1430 373 ρ
1492 345 1505 361 ο
1521 343 1532 363 .'
1555 345 1575 361 π
1640 345 1655 364 η
1666 343 1676 361 .”
1698 345 1717 371 μ

958 382 971 408 θ
986 389 998 410 .·
1010 381 1056 410 λ.·,·
1072 391 1079 407 ι
1092 388 1103 409 ,⁵
1117 391 1132 407 κ
1190 391 1206 407 α
1219 389 1229 409 :
1244 391 1260 417 γ
1311 379 1329 417 β
1344 388 1355 409 .·
1370 377 1387 406 δ
1397 390 1419 408 ::
1434 390 1445 407 ε
1461 387 1473 409 .“
1498 379 1524 413 ζ,
1545 389 1590 406 και
1612 381 1754 408 συνέστηκε

956 426 1032 452 πάλιν
1047 426 1060 451 ὁ
1088 426 1194 462 τμηθεὶς
1222 425 1299 456 κύϐος
1318 427 1468 461 τεμνόμενος
1482 435 1489 441 ’
1517 425 1570 462 ἄρα
1593 423 1671 455 κύϐος
1688 424 1755 461 εὑρί-

957 480 1045 496 σκεται
1055 480 1101 496 και
1118 471 1297 507 συντιθέμενος
1311 472 1357 496 καὶ
1372 469 1513 506 ἐνούμενος,
1535 479 1580 495 και
1605 468 1681 495 πάλιν
1711 469 1754 494 κύ-

956 514 998 545 ϐος
1010 515 1168 552 εὑρίσκεται.
1182 514 1226 545 Ὠς
1237 516 1288 551 γὰρ
1303 516 1318 544 ἡ
1335 525 1352 541 α
1367 513 1412 551 βγ
1424 512 1441 540 ὃ
1453 524 1464 540 ε
1475 514 1491 544 ζ
1504 515 1568 550 πρὸς
1583 516 1629 543 τὴν
1643 523 1658 543 η
1680 514 1694 540 θ
1708 523 1717 539 ι
1738 523 1754 539 κ

955 558 969 585 λ
987 558 1134 596 μ,οῧτωςή
1150 569 1165 588 η
1183 558 1573 596 θικλμπρόςτὴννξοπρ
1595 567 1620 591 σ,
1647 557 1755 594 ἑκατέρα

955 607 1002 634 τῆς
1019 603 1139 640 ἑκατέρας
1153 604 1286 640 ὑπεροχὴν
1307 603 1428 639 ἀνάλογον
1456 604 1568 639 ἔχουσα.
1596 603 1628 629 Εἰ
1649 600 1678 628 δὲ
1708 612 1754 628 και

955 651 992 679 εὶς
1005 648 1106 679 πλείους
1130 649 1212 684 τομὰς
1231 650 1246 677 ἣ
1269 647 1384 678 ἐλάττους
1415 649 1483 673 κατὰ
1509 650 1556 676 τὴν
1585 646 1667 676 αύτήν
1693 646 1753 673 ἁνα-

954 692 1043 729 λογίαν
1059 693 1095 724 εἰς
1112 696 1232 729 συνεχεῖς
1252 692 1398 728 ἔπιφανείάς
1424 694 1510 728 τέμνεν
1530 701 1571 722 τις
1599 693 1643 717 τὸν
1675 690 1753 717 κύϐον

954 739 1118 776 πειράσεται,
1151 739 1185 764 τὰ
1213 737 1280 764 αὐτὰ
1303 747 1348 763 και
1375 736 1448 767 οὖτος
1470 737 1559 774 εὑρὼν,
1587 735 1664 762 κύϐον
1688 735 1753 762 εἶναι

953 782 1023 809 ἐάσει
1041 782 1129 810 αὐτόν.

989 827 1017 856 ε’.
1034 826 1164 864 Ἐδείχθη
1184 831 1247 864 γοῦν
1271 828 1358 859 καθὼς
1386 822 1440 854 ἔδει
1466 824 1490 853 ἓν
1515 830 1551 861 τῷ
1579 824 1650 861 κύϐῳ
1674 824 1751 855 διττὴ

955 874 1089 908 συνέχεια,
1116 874 1130 901 ἠ
1158 873 1226 898 κατὰ
1249 871 1341 898 κύκλον
1370 881 1413 898 και
1440 872 1455 901 ἠ
1491 868 1622 907 ἑξάεδρος.
1665 868 1753 896 Ἐστω

953 921 1015 952 γοῦν
1031 917 1045 946 ἡ
1063 918 1130 943 κατὰ
1139 916 1232 943 κύκλον
1252 927 1296 942 και
1315 915 1448 953 ἆριθμητὴ
1470 917 1579 952 φυσική,
1600 915 1615 943 ἡ
1637 913 1668 941 δέ
1685 915 1753 941 κατὰ

1645 961 1674 986 αῖ
1700 960 1751 997 γάρ

953 1007 1057 1043 κράσεις
1097 1009 1201 1043 μικταὶ,
1248 1006 1281 1032 τὰ
1328 1003 1357 1032 δὲ
1402 1007 1581 1042 γεγωνιωμένα
1622 1007 1753 1041 σχήματα

953 1051 1063 1087 ἔμφασιν
1095 1051 1190 1086 ἔχουσι
1222 1049 1330 1087 μιζεως,
1361 1047 1407 1077 διὰ
1431 1053 1507 1076 τοῦτο
1535 1048 1565 1076 τὸ
1591 1052 1637 1075 τοῦ
1670 1047 1751 1075 κύϐου

952 963 980 988 τὸ
1011 962 1073 988 ἄλλο
1106 965 1202 998 σχῆμα
1230 963 1298 988 κατὰ
1324 964 1418 999 κρᾶσιν
1445 971 1491 987 και
1515 958 1586 996 μίξιν
1613 970 1620 977 -

954 1100 1051 1131 σχῆμα
1074 1096 1164 1122 καθότι
1194 1097 1384 1132 γεγωνιωμένον
1410 1096 1512 1131 μικτὸν.
1539 1094 1569 1121 Εἰ
1594 1092 1673 1120 δ’ὃτι
1706 1103 1752 1119 και

952 1143 1027 1166 τοῦτο
1042 1144 1090 1171 τῆς
1118 1142 1216 1176 φύσεως
1249 1150 1294 1166 και
1327 1139 1340 1166 ὀ
1372 1139 1465 1170 κύκλος
1493 1143 1540 1170 τῆς
1573 1140 1675 1175 φύσεως
1706 1147 1752 1164 και

952 1188 1080 1211 κοινωνεῖν
1117 1184 1174 1210 κατ’
1211 1184 1274 1210 αὐτὸ
1312 1183 1372 1221 εἳπῃ
1410 1180 1514 1212 δηλαδὴ
1561 1192 1602 1213 τις
1654 1181 1751 1218 στέρξω

953 1228 1016 1255 αύτό
1050 1239 1057 1246 ο
1091 1228 1116 1255 ἓν
1148 1230 1198 1266 γὰρ
1232 1232 1263 1265 τῇ
1309 1229 1385 1265 φύσει
1423 1229 1516 1254 καθότι
1558 1231 1607 1258 τῆς
1651 1228 1751 1263 φύσεως

953 1273 1068 1300 ἐνοῦνται
1082 1273 1195 1306 ἅπαντα,
1210 1277 1297 1309 ὥσπερ
1326 1283 1371 1299 και
1400 1272 1434 1303 εἰς
1453 1273 1483 1298 τὸ
1509 1275 1615 1308 σημεῖον
1649 1272 1676 1298 αἰ
1701 1269 1751 1297 διπό

952 1322 1000 1349 τῆς
1031 1320 1193 1356 περιφερείας
1216 1317 1262 1344 τοῦ
1288 1317 1384 1344 κύκλου
1419 1318 1537 1354 γραμμαὶ
1569 1316 1753 1353 εἰσερχομεναι

938 1428 1037 1465 ipsam
1050 1436 1062 1456 ι
1073 1428 1166 1457 altera
1176 1436 1206 1463 p,
1213 1429 1281 1464 post
1293 1428 1391 1465 ipsam
1400 1428 1420 1456 k
1435 1427 1529 1456 altera
1543 1435 1572 1463 q,
1588 1429 1654 1463 post
1665 1427 1763 1462 ipsam

48 1474 151 1503 ﬁcies.
167 1475 316 1508 Quoniam
332 1477 432 1503 autem
440 1475 604 1503 harmonize
611 1475 883 1511 partiumomnium
900 1481 921 1511 α
940 1473 1056 1501 (altera
1070 1481 1097 1508 ν,
1116 1475 1184 1510 post
1194 1473 1294 1509 ipsam
1309 1481 1339 1501 m
1351 1472 1442 1500 altera
1457 1480 1481 1506 s,
1496 1475 1564 1508 post
1576 1472 1675 1507 ipsam
1688 1479 1710 1499 η
1725 1470 1766 1500 al-

50 1519 125 1547 cubi
141 1522 265 1556 propter
288 1527 449 1547 numerum
466 1519 506 1548 ad
532 1519 676 1548 circulum
706 1519 883 1554 referuntur,

50 1564 185 1592 circulus
191 1571 263 1592 vero
269 1564 405 1592 omnium
412 1564 535 1592 aliarum
541 1564 560 1591 ﬁ
563 1571 701 1599 gurarum
708 1567 752 1592 est
757 1564 884 1592 maxime

50 1608 202 1637 naturalis
229 1608 422 1645 maximeque
459 1609 627 1644 uniformis,
648 1617 744 1645 neque
775 1608 885 1636 mixtus

51 1655 111 1687 est,
126 1652 181 1680 sed
201 1652 328 1688 simplex
356 1655 384 1681 et
394 1661 430 1680 ex
457 1653 594 1689 partibus
613 1661 674 1681 non
702 1653 814 1688 multis,
841 1655 885 1681 est

50 1697 182 1726 omnino
195 1705 318 1726 necesse
333 1698 503 1726 secundum
526 1706 699 1733 numerum,
715 1697 885 1726 naturalem

49 1741 219 1777 intelligere
229 1741 299 1770 cubi
318 1742 583 1775 continuationem,
604 1743 728 1778 quando
741 1743 885 1770 nimirum

50 1787 94 1816 ad
122 1786 224 1814 circuli
252 1786 508 1814 continuationem
522 1789 692 1816 revocatur.

87 1833 116 1860 4.
133 1832 199 1859 Jam
212 1839 284 1859 vero
294 1831 519 1859 consideremus
539 1831 629 1860 etiam
648 1832 761 1860 cubum
779 1840 885 1860 secun-

50 1875 129 1904 dum
142 1876 301 1904 continuas
316 1875 501 1912 superﬁcies,
517 1884 555 1904 an
571 1876 647 1912 ipsas
660 1877 738 1904 inter
752 1885 783 1904 se
793 1876 886 1904 conti-

50 1919 235 1949 nuationem
249 1919 394 1954 habeant,
404 1922 434 1948 et
447 1919 569 1956 qualem
582 1923 611 1949 et
639 1921 805 1957 quomodo.
817 1922 885 1948 Esto

50 1965 146 2000 igitur
165 1972 185 1993 a
201 1965 218 1992 ὸ
228 1972 244 1993 e
257 1964 302 1993 de
314 1965 335 1999 /'
344 1964 449 1993 cubus.
463 1965 586 1993 Uniatur
602 1965 774 2001 superﬁcies
789 1972 807 1993 α
821 1972 886 1992 cum

53 2013 196 2045 utraque,
211 2009 351 2045 nempe,b
366 2011 393 2037 et
408 2017 424 2037 ι·
435 2015 448 2045 ;
460 2009 531 2037 item
550 2009 571 2037 d
596 2017 666 2038 cum
682 2010 699 2038 b
714 2012 743 2037 et
757 2017 773 2038 c
788 2016 800 2045 ;
814 2010 885 2037 item

54 2063 70 2084 ε
85 2063 156 2083 cum
168 2062 188 2083 a
201 2054 218 2082 ὁ
231 2062 247 2082 c
260 2054 290 2088 ά,
305 2054 541 2090 ilemquefcum
560 2062 579 2083 a
599 2055 615 2082 b
626 2062 642 2082 ι·
656 2055 676 2082 d
690 2063 715 2083 e.
739 2055 887 2083 Uniuntur

55 2099 148 2134 igitur
165 2098 198 2126 in
208 2098 328 2133 angulis
355 2098 595 2127 inclinationum.
621 2099 698 2127 Situs
711 2107 783 2127 vero
798 2100 827 2127 et
839 2106 887 2126 co-

57 2144 229 2180 pulationes
242 2143 377 2179 ipsarum
387 2151 449 2171 non
469 2146 538 2171 sunt
552 2143 755 2177 circulares,ut
767 2152 835 2172 cum
848 2144 886 2172 ad

57 2196 221 2218 numerum
230 2187 326 2216 lineas
345 2187 571 2223 revocabamus,
586 2188 638 2216 sed
651 2189 683 2216 in
698 2188 825 2223 angulos
839 2196 887 2216 re—

58 2233 205 2269 diguntur
237 2235 265 2260 et
288 2232 496 2260 inclinationes
521 2232 643 2260 habent.
673 2234 748 2261 Nam
780 2235 842 2261 tota
868 2241 887 2261 α

57 2285 157 2314 usque
177 2277 216 2305 ad
233 2279 325 2305 totam
342 2277 359 2304 Ι)
371 2277 521 2312 pertingit,
532 2280 561 2305 et
573 2277 638 2305 haec
654 2285 747 2314 usque
779 2277 819 2305 ad
843 2279 886 2306 to-

57 2325 120 2351 tam
136 2330 164 2357 ο,
173 2322 243 2350 item
258 2322 322 2350 haec
338 2329 435 2357 usque
460 2322 500 2350 ad
515 2324 606 2350 totam
622 2323 652 2356 d,
669 2325 696 2350 et
709 2330 724 2351 e
738 2330 834 2358 usque
847 2322 886 2350 ad

57 2370 136 2396 totas
150 2374 170 2395 α
186 2367 202 2394 b
217 2374 233 2394 ιι
246 2367 275 2401 d,
287 2367 388 2402 itemf
407 2374 504 2402 nsque
529 2367 568 2395 ad
580 2369 657 2395 totas
671 2375 690 2395 a
709 2368 725 2395 ὁ
741 2375 756 2395 ι·
769 2367 789 2395 d
806 2374 830 2396 e.
846 2368 887 2394 Ex

56 2419 120 2449 quo
133 2410 306 2446 intelligitur
320 2410 402 2447 ipsas
417 2419 448 2438 se
462 2411 538 2439 inter
554 2419 585 2439 se
604 2414 736 2447 tangere,
763 2412 817 2440 sed
830 2412 886 2439 hoc

57 2455 152 2484 modo
161 2455 201 2483 ad
217 2454 394 2483 circularem
422 2456 650 2484 conversionem
664 2458 693 2484 et
718 2455 886 2484 naturalem

57 2500 306 2530 communionem
332 2507 394 2528 non
408 2500 551 2528 revocari.
566 2500 706 2529 Secentur
730 2501 820 2536 itigur
837 2508 885 2528 su-

57 2544 195 2581 perﬁcies
205 2552 258 2580 per
268 2546 361 2572 totam
371 2543 441 2572 cubi
453 2543 651 2579 altitudinem,
658 2547 686 2573 et
698 2545 885 2580 colligantur,

59 2588 171 2625 mquali
181 2587 375 2624 proportione
383 2587 554 2622 observata,
565 2596 671 2616 omnes
680 2589 817 2617 sectionis
831 2596 887 2625 par

59 2636 113 2662 tes.
130 2632 291 2669 Expositus
305 2635 350 2661 est
361 2632 451 2668 igitur
465 2635 493 2660 et
519 2632 687 2661 substratus
711 2633 856 2662 diameter
867 2640 887 2661 a

58 2677 117 2714 ipsi
131 2686 157 2711 ε,
173 2679 202 2706 et
216 2677 233 2705 ὁ
243 2677 300 2713 ipsi
311 2676 462 2713 d,eteipsi
467 2677 493 2712 Γ.
502 2678 571 2705 Esto
584 2677 673 2712 igitur
679 2681 747 2714 post
757 2679 852 2714 ipsam
867 2686 886 2706 α

60 2722 153 2751 altera
159 2722 189 2756 ὴ,
202 2729 259 2758 pos
271 2722 368 2758 ipsam
380 2729 395 2750 c
406 2722 499 2751 altera
505 2723 534 2756 k,
545 2725 615 2758 post
626 2723 724 2759 ipsam
737 2723 752 2750 ὁ
764 2723 884 2756 alterni,

60 2769 129 2804 post
142 2767 242 2803 ipsam
257 2767 278 2794 d
291 2765 384 2795 altera
404 2767 424 2800 ι,
439 2774 494 2802 pos
505 2766 604 2802 ipsam
620 2775 635 2796 ε
655 2767 751 2796 altera
762 2776 802 2802 m,
818 2770 889 2804 post

59 2812 160 2848 ipsam
164 2812 185 2847 f
192 2810 284 2840 altera
294 2819 326 2844 η,
336 2818 441 2840 rursus
455 2813 524 2853 post
532 2811 633 2848 ipsam
646 2812 666 2840 Ιι
676 2811 768 2841 altera
779 2820 806 2848 ο,
817 2813 887 2848 post

939 1519 1030 1546 terat.
1049 1519 1225 1554 Apponatur
1239 1517 1328 1552 igitur
1341 1518 1437 1554 ipsaa
1453 1516 1620 1552 superﬁciei
1634 1516 1651 1544 ὁ
1666 1524 1682 1544 c
1692 1523 1704 1544 .·
1720 1523 1764 1543 se-

939 1567 1021 1591 cetur
1036 1570 1106 1591 vero
1116 1562 1146 1590 in
1162 1561 1302 1590 undecim
1322 1564 1431 1599 partes.
1443 1561 1554 1589 Eodem
1566 1560 1657 1588 modo
1666 1560 1765 1596 ipsad

940 1607 1107 1644 superﬁciei
1117 1615 1136 1635 a
1148 1614 1167 1635 a
1186 1608 1366 1642 apponatur,
1380 1609 1409 1634 et
1422 1605 1606 1642 reliquarum
1624 1604 1766 1641 quaslibet

940 1651 1033 1680 altera
1047 1651 1129 1680 alteri
1142 1651 1281 1687 apposita
1292 1650 1426 1678 similiter
1445 1652 1560 1678 secetur
1577 1649 1609 1680 in
1622 1648 1764 1677 undecim

938 1699 1039 1733 partes
1050 1703 1160 1732 nempe
1179 1703 1198 1724 a
1209 1695 1224 1723 b
1243 1703 1259 1724 c
1272 1695 1293 1723 ιι
1304 1703 1320 1724 e
1333 1695 1358 1730 f.
1380 1695 1490 1724 Deinde
1505 1695 1526 1723 Ιι
1544 1694 1587 1730 i/‘l
1602 1695 1613 1722 ι
1635 1702 1665 1722 m
1678 1701 1700 1722 η
1715 1701 1764 1721 se-

940 1744 1043 1769 centur
1057 1741 1088 1769 in
1106 1748 1213 1769 novem
1226 1742 1336 1777 partes.
1358 1741 1513 1769 Postremo
1531 1747 1548 1768 ο
1565 1747 1587 1774 p
1600 1747 1618 1775 q
1633 1747 1650 1767 r
1660 1747 1675 1767 ε
1690 1741 1701 1766 ι
1720 1745 1765 1766 se-

940 1788 1044 1814 centur
1055 1785 1086 1813 in
1102 1787 1216 1821 septem
1229 1787 1328 1818 partes
1343 1792 1378 1813 ac
1397 1784 1435 1812 de
1460 1784 1576 1820 integro
1600 1791 1764 1820 coagmen-

939 1832 1037 1858 tentur
1047 1830 1119 1866 ipsaa
1132 1831 1231 1866 partes
1247 1829 1325 1858 facto
1335 1828 1419 1857 initio
1430 1837 1448 1857 a
1463 1829 1631 1865 postremis,
1646 1830 1764 1856 contra-

938 1873 1266 1903 rioetinversoordine.
1283 1873 1287 1910 Ι
1304 1877 1355 1902 o.t.
1373 1873 1378 1909 |
1392 1881 1450 1908 ρης.
1467 1873 1472 1909 ι
1493 1881 1553 1908 p.r.
1571 1873 1575 1908 |
1598 1873 1660 1901 h.n.
1679 1872 1684 1908 |
1699 1872 1763 1900 tm.

954 1919 959 1955 |
994 1919 1057 1947 Ιι.ι
1085 1919 1090 1953 |
1119 1926 1184 1947 a.c.
1213 1926 1218 1954 ι
1250 1918 1322 1953 6,41.
1351 1918 1356 1954 ι
1381 1916 1764 1953 e.f.—Atqueitacubus

940 1966 1037 1992 sectus
1073 1963 1225 1991 restitutus
1244 1965 1296 1991 est.
1318 1964 1392 1991 Cum
1411 1962 1500 1998 igitur
1516 1965 1644 1994 secatur,
1668 1961 1766 1990 cubus

939 2009 1204 2045 reperitur,etcum
1211 2008 1434 2044 componituret
1445 2009 1682 2043 coagmentatur,
1696 2013 1763 2034 rur-

941 2061 992 2082 sus
999 2052 1094 2081 cubus
1101 2053 1255 2088 reperitur.
1267 2052 1349 2080 Utab
1356 2052 1397 2080 cd
1403 2061 1418 2080 ι·
1422 2053 1437 2087 Ι
1446 2060 1477 2080 se
1490 2051 1627 2080 habetad
1636 2052 1656 2080 Ιι
1664 2051 1764 2086 ilmn,

941 2098 984 2126 sic
997 2097 1015 2125 h
1029 2098 1041 2125 ἱ
1054 2098 1073 2125 k
1088 2097 1135 2124 1m
1146 2096 1214 2124 nad
1225 2105 1242 2125 ο
1252 2097 1268 2124 b
1281 2105 1299 2132 q
1309 2105 1327 2124 ν
1341 2099 1383 2125 st:
1398 2097 1441 2124 sic
1454 2099 1486 2125 ut
1500 2096 1592 2124 altera
1601 2103 1673 2132 pars
1683 2095 1765 2123 alieri

901 2160 922 2187 υ
942 2151 1010 2171 cum
1022 2141 1214 2187 proportione
1226 2141 1360 2187 excellat.
1373 2141 1459 2174 Quod
1466 2140 1599 2187 siquisin
1606 2140 1707 2187 plures
1719 2147 1764 2168 ses

941 2189 1054 2214 ctiones
1069 2187 1121 2213 aut
1127 2185 1268 2215 minores.
1276 2185 1438 2213 observata
1443 2185 1550 2213 eadem
1559 2182 1763 2220 proportione,

941 2231 1054 2260 cubum
1073 2237 1174 2257 secare
1188 2229 1381 2257 incontinuas
1402 2229 1577 2265 superﬁcies
1595 2227 1765 2261 conabitur,

940 2276 988 2304 hic
997 2274 1107 2303 iisdem
1121 2274 1244 2310 repertis
1257 2283 1263 2308 ;
1275 2273 1377 2310 ipsum
1392 2273 1468 2302 sinet
1486 2281 1552 2302 esse
1571 2272 1693 2301 cubum.

977 2323 1003 2348 5.
1018 2319 1215 2347 Probavimus
1229 2317 1329 2353 igitur,
1345 2320 1377 2346 ut
1388 2318 1555 2354 oportebat,
1571 2317 1603 2345 in
1617 2316 1696 2345 cubo
1709 2315 1765 2344 du-

940 2364 1049 2401 plicem
1059 2371 1125 2392 esse
1135 2362 1401 2397 continuationem,
1420 2362 1594 2391 circularem
1613 2369 1717 2394 unam,
1737 2362 1766 2389 et

941 2409 1067 2437 alteram
1080 2407 1275 2436 bexaedram.
1287 2408 1356 2435 Esto
1368 2407 1457 2442 igitur
1472 2407 1616 2436 naturalis
1635 2406 1684 2434 illa
1696 2413 1765 2442 quas

941 2453 1147 2482 estcircularis
1160 2455 1189 2481 et
1200 2452 1406 2486 numerabilis,
1419 2455 1450 2480 at
1463 2452 1513 2480 illa
1521 2459 1590 2488 quas
1603 2453 1647 2480 est
1662 2457 1764 2478 secun-

941 2499 1015 2528 dum
1028 2498 1118 2526 aliam
1133 2498 1263 2532 ﬁguram
1274 2499 1338 2525 esto
1353 2497 1537 2525 continuatio
1552 2497 1766 2531 coagmentata

940 2546 969 2572 et
979 2542 1080 2571 mixta.
1096 2544 1172 2571 Nam
1182 2541 1412 2578 temperationes
1422 2543 1491 2569 sunt
1503 2541 1613 2568 mixlw.
1627 2541 1716 2567 Porro
1730 2538 1763 2566 ﬁ-

941 2595 1022 2623 gurae
1035 2586 1152 2621 angulis
1177 2585 1309 2622 praeditas
1329 2585 1479 2613 mixtionis
1497 2584 1610 2612 habent
1622 2582 1763 2619 speciem.

941 2631 1145 2665 Quamobrem
1164 2630 1262 2665 ﬁgura
1281 2630 1396 2665 cubica,
1417 2631 1566 2665 quatenus
1586 2630 1630 2656 est
1645 2626 1763 2662 angulis

940 2676 1074 2714 prmdita,
1092 2674 1248 2703 estmixta.
1261 2674 1345 2707 Quod
1357 2674 1380 2702 si
1392 2674 1461 2710 quis
1469 2673 1550 2702 dicat
1559 2675 1587 2701 et
1600 2672 1658 2701 hoc
1672 2674 1700 2700 et
1709 2671 1765 2699 cir-

941 2721 1042 2750 culum
1056 2728 1120 2748 esse
1130 2722 1254 2752 naturae,
1266 2719 1394 2755 ideoque
1405 2719 1480 2747 inter
1489 2727 1519 2746 se
1529 2717 1764 2749 communicare,

940 2759 1385 2801 nonrejiciammaminnatura
1398 2766 1430 2793 ut
1439 2766 1509 2792 sunt
1518 2766 1643 2797 naturae,
1657 2763 1764 2791 uniun-

940 2802 989 2841 tur
1002 2810 1116 2846 omnia,
1134 2807 1395 2846 quemadmodum
1406 2808 1438 2836 in
1451 2808 1562 2838 circulo
1575 2815 1682 2838 omnes
1696 2815 1765 2850 quas
