1966 3079
201 91 268 119 1275

951 85 1123 116 ADDENDA

1851 88 1928 115 1276

212 153 254 179 Δεῖ
290 154 352 189 γοῦν
383 150 450 180 κατὰ
478 151 586 184 τούτους
610 152 670 183 τούς
692 151 786 188 λόγους
810 153 874 178 νοεῖν
899 150 938 177 ὅτι
963 159 1008 175 και
1036 151 1060 178 Α
1090 151 1292 190 εἰκοσιτέσσαρα
1339 156 1460 189 στοιχεῖα
1491 152 1689 190 νομιζέσθωσαν
1724 152 1760 184 ὡς
1789 152 1915 188 ἄπειρα.

211 199 285 224 πᾶσα
309 200 403 234 κρᾶσις
427 196 505 227 οὕτως
533 198 590 233 ἔχει
621 198 685 234 πρὸς
706 199 752 226 τὴν
781 197 858 233 φύσιν
897 199 1008 232 μερικῶς

211 243 250 269 ὅτι
276 244 355 278 μικτή
375 252 380 258 ·
398 242 413 271 ἠ
437 243 513 278 φύσις
527 243 577 278 γὰρ
599 243 701 269 πάντων
724 244 919 278 κατηγορεῖται,
947 243 1008 276 κρᾶ-

213 296 252 317 σις
264 284 293 312 δὲ
304 285 432 317 ἐνοιιδοῦς
444 288 544 322 φύσεως
560 287 651 313 αῦποτ¹
671 287 701 312 ἄν
726 286 895 322 κατηγορηθῇ
914 295 920 302 ·
942 285 1008 311 ἔστω

210 332 261 368 γὰρ
277 329 430 365 ἀδιόρισ-τος
455 332 470 360 ἡ
485 341 511 366 α,
524 329 697 368 διωρισμέναι
711 329 740 358 δί
753 341 784 367 γε
804 332 819 361 ἠ
836 329 880 368 βγ
914 328 932 356 δ
964 339 1009 356 και

211 375 248 412 ἐφ’
264 374 319 407 ἑξῆς
331 378 416 402 πᾶσαι
435 385 442 392 θ
460 376 475 404 ἠ
491 379 554 411 γοῦν
581 373 734 414 ἀδιόριστος
765 385 781 401 α
809 373 897 402 οὓποτ¹
923 372 953 399 ἀν
975 377 1006 410 τῇ

212 419 230 456 β
247 430 265 455 γ
293 418 310 446 δ
341 417 420 446 δώσει
443 422 587 457 γνώμονας,
613 420 690 447 αὗται
716 418 745 446 δὲ
779 420 1009 456 γνωματεύσουσιν

211 464 313 494 αὐτὴν·
338 467 416 492 παντὶ
441 467 492 503 γὰρ
520 467 644 502 σχήματι
672 466 877 502 γνωματενμένω
905 466 918 490 ό
945 467 1009 500 γνώ-

211 512 443 548 μωνπιριέχιται·
467 510 491 537 iv
511 510 581 547 αὐτῷ
606 513 690 548 τὶμνει
710 512 760 548 γὰρ
795 520 839 536 και
869 507 1007 546 διακρίνει.

210 555 239 581 Ἦ
262 556 340 591 φύσις
361 556 412 591 ἄρα
425 557 670 592 κατηγορηθήσεται
695 557 782 585 πάσης
809 555 936 592 κράσεως,
964 564 1010 580 και

212 597 313 631 δέξεται
327 599 428 626 ἅπαντα
441 601 474 626 τά
491 601 559 627 κατά
586 603 681 638 κρᾶσιν
708 601 859 626 καθέκαστα
881 609 927 625 και
951 597 1011 624 ἀνά-

211 644 248 677 ξει
271 646 334 682 πρὸς
373 645 465 674 ἑαυτὴν
494 647 529 676 ὡς
554 648 641 683 μήτηρ
670 645 764 672 αὐτῶν.
791 644 869 680 “Exn
897 645 941 680 μὲν
966 641 1009 669 οὖν

209 693 292 716 ταῦτα
324 689 406 721 οὓτως
435 700 481 716 και
512 691 596 721 καθὼς
627 692 738 728 εἴρηται.
776 690 931 727 Εὑρίσκιται
969 686 1008 720 δὲ,

210 733 296 771 ὣσπερ
311 735 423 771 εἴπομεν,
444 734 468 761 ἒν
483 738 514 765 τῆ
529 736 620 773 κράσει
635 745 679 762 κοιι
716 738 747 771 τῇ
774 735 850 771 φύσει
877 743 920 760 και
946 732 1011 759 ἄλλα

209 780 277 812 τινὰ,
311 779 328 805 ἆ
364 780 422 806 καθ’
451 781 469 806 az"
494 784 621 806 κοινωνεῖν
655 782 787 816 φαίνονται
825 780 920 814 ὁμοίως
965 787 1010 804 και

211 822 422 859 διαστὲλλεσθαι,
433 824 500 851 ὣστε
513 829 559 851 ποῖ
571 826 616 860 μὲν
632 824 755 860 ἱνοῦνται,
768 827 814 850 ποῖ
827 821 857 850 δὲ
887 821 1010 849 διαστίλ-

209 868 307 896 λονται.
325 871 434 906 Πότερον
451 868 495 896 οὖν
521 870 610 907 εὑρέθη
648 879 693 896 και
718 869 778 895 καθ’
806 869 890 905 ἕτερον
917 869 1010 905 τρόπον

211 913 226 943 ἠ
243 917 292 938 τῶν
305 914 422 950 κράσεων
448 915 514 952 πρὸς
539 916 588 944 τὴν
614 915 691 951 φύσιν
720 916 792 944 κοινή
814 914 904 943 ἓνωσις
928 922 973 938 και
992 913 1008 941 ἠ

212 955 270 984 ἰδία
287 956 420 995 διάκρισις
432 957 484 985 οἷον
499 960 531 990 ὡς
545 958 586 986 ἐπὶ
596 963 646 985 τῶν
660 959 775 997 ἀριθμῶν
797 966 804 992 ;
826 959 860 984 Τὸ
885 958 936 995 γὰρ
960 960 1010 983 τῶν

211 1001 326 1040 ἀριθμῶν
345 1004 423 1040 χύμα
450 1006 521 1040 πηγὴ
548 1003 675 1040 ἐγγίστων
704 1003 773 1030 ἐστίν
807 1013 814 1020 ·
841 1001 952 1038 ἒγγιστοι
981 999 1011 1028 δὲ

209 1047 279 1074 καλῶ
294 1049 340 1079 τὰς
353 1049 459 1086 κράσεις
473 1059 518 1075 και
529 1049 560 1075 τὰ
573 1050 724 1075 καθίκαστα
738 1058 744 1065 ·
770 1047 883 1083 tre-ritu
909 1047 960 1083 γὰρ
984 1045 1011 1077 ἐξ

209 1092 289 1118 αὑτοῦ
304 1092 337 1118 τὰ
351 1093 462 1130 ἔγγιστα
474 1104 480 1110 ·
497 1094 530 1119 τά
545 1091 575 1120 δέ
589 1094 699 1128 ἔγγιστα
708 1094 770 1130 πρὸς
794 1091 873 1118 ἑαυτὰ
897 1091 1010 1127 συστρέ-

209 1146 299 1174 φονται
327 1147 371 1163 και
400 1135 578 1174 διακέκρινται
606 1139 640 1169 ὡς
744 1136 771 1163 ἐκ
821 1139 866 1162 τοῦ
909 1137 1010 1171 γένους,

208 1182 241 1213 ὡς
270 1180 296 1208 δ’
325 1181 439 1210 ένοῦνται
474 1183 542 1210 κατὰ
569 1184 616 1213 τὴν
644 1185 742 1220 φυσική
771 1182 808 1213 εἰς
834 1180 912 1208 ἐκεῖνο
952 1180 1010 1207 ἀναι

208 1228 305 1262 γωγὴν-

244 1272 281 1307 ς’.
299 1273 441 1301 Ἐκκείσθω
474 1274 560 1301 τοίνυν
583 1274 613 1300 τὸ
645 1273 723 1310 χύμα
747 1276 796 1299 τῶν
821 1271 947 1310 ἀριθμῶν.
972 1271 1011 1298 Τὰ

194 1370 213 1390 a
226 1361 466 1391 circumferentia
475 1362 505 1390 in
514 1364 660 1399 punctum
667 1361 921 1390 ducunturlinete.
935 1359 1019 1388 Intel-

193 1406 349 1441 ligendum
363 1409 408 1435 est
420 1407 510 1443 igitur
524 1415 559 1436 ex
577 1407 624 1435 his
647 1415 716 1444 quae.
734 1407 876 1439 diximus,
895 1412 1019 1433 omnem

1090 198 1272 233 Τμηθιὶτωσαν
1283 201 1345 234 γοῦν
1366 199 1398 225 τὰ
1408 200 1468 236 τρία
1483 199 1512 224 τὸ
1526 207 1542 223 α
1559 197 1620 234 βγ,
1647 198 1677 224 Ei
1699 199 1744 233 μὲν
1773 196 1820 223 οὖν
1865 207 1918 222 aut-

1091 243 1147 268 θότι
1162 253 1179 269 α
1195 242 1240 279 βγ
1255 247 1363 271 κεῖνται.
1383 247 1541 279 χυματικῶς
1555 247 1590 278 τῷ
1612 246 1725 278 φυσικῷ,
1746 252 1793 268 και
1820 241 1917 268 πάλιν

1089 291 1139 313 τῶν
1155 286 1271 325 ἀριθμῶν
1285 288 1400 315 ἐνοῡνται
1415 288 1519 325 κυματι
1532 297 1576 314 και
1592 287 1638 314 οὐχ
1667 287 1731 314 εἰσὶν
1746 288 1889 323 Enna-707
1910 297 1918 302 -

1090 331 1112 358 εἰ
1127 329 1157 358 δέ
1171 333 1200 358 τὸ
1217 342 1233 357 α
1246 331 1274 368 β,
1290 336 1336 359 ποῖ
1348 334 1393 369 μὲν
1405 332 1433 358 τὸ
1452 342 1478 364 α,
1498 342 1543 358 και
1556 335 1602 358 ποῖ
1625 332 1653 357 τὸ
1684 342 1710 368 γ,
1739 341 1788 357 και
1824 328 1919 360 αὖθις

1089 377 1119 402 τὸ
1134 386 1150 412 ’γ
1164 379 1210 403 ποῖ
1223 377 1267 413 μὶν
1282 378 1312 403 τὸ
1329 376 1356 414 β,
1374 387 1419 403 και
1435 380 1480 403 ποῖ
1495 378 1524 403 τὸ
1552 387 1578 412 α,
1610 377 1826 413 σχηματισθῶσι
1863 385 1919 400 και

1090 420 1221 447 ἓκκοπῶσι
1233 425 1279 448 τοῦ
1292 426 1341 448 τῶν
1371 421 1485 459 ἀριθμῶν
1509 422 1637 457 χύμοι⁴ῑ¹ος³
1665 430 1710 446 και
1737 423 1918 456 ’χι-θήσονται

1089 468 1215 503 τρίγωνος
1227 464 1347 497 ἐπίπεδος
1359 466 1479 503 ἀριθμὸς,
1496 467 1619 497 ὡσαύτως
1638 475 1683 491 και
1711 466 1743 491 τὰ
1776 467 1919 500 τέσσαρα

1090 521 1135 537 και
1166 511 1241 542 ἄλλος
1265 515 1314 542 πᾶς
1345 511 1453 549 ἀριθμὸς
1481 512 1576 538 axem
1610 510 1705 547 ἕκκοπῇ
1731 514 1782 536 τῶν
1809 509 1916 536 ἁπλῶν

1090 566 1134 582 και
1149 560 1263 592 φυσικῶν
1283 556 1399 593 ἀριθμῶν
1426 558 1458 586 ὡς
1485 557 1645 582 καθέκαστόν
1675 565 1702 581 τε
1725 565 1770 581 και
1799 557 1915 591 κρᾶσις

1090 601 1374 636 κηοὴσεταιὲιίγιστονο
1403 600 1584 637 ἀναχθὴσεται
1613 598 1641 626 δὲ
1667 600 1701 630 ὡς
1724 598 1787 635 ἔχον
1818 600 1912 635 μυνή-

1091 643 1142 676 δας
1156 645 1191 677 εὶς
1210 647 1239 672 τὸ
1255 647 1332 682 χύμα
1353 649 1403 672 τῶν
1424 645 1552 682 ἀριθμῶν,
1578 643 1784 682 διακριθήσεται
1811 641 1843 670 δέ
1878 643 1909 669 ἐκ

1090 693 1136 716 τοῦ
1155 691 1276 726 χύματος
1294 700 1339 716 και
1359 689 1386 716 ἐκ
1410 694 1460 716 τῶν
1485 690 1566 716 ἄλλων
1595 690 1740 726 σχημάτπν
1764 689 1802 719 ὡς
1823 690 1911 724 στρέ-

1091 745 1135 772 φον
1161 736 1195 762 τὰ
1220 733 1306 762 οἱδεῖα
1328 737 1351 761 ἓν
1383 735 1465 770 ἐαυτῷ
1486 737 1551 772 μέρη
1579 744 1624 760 και
1645 733 1748 770 ἐγγίζον
1775 734 1909 770 enitesca-

1093 780 1190 816 θατέρῳ
1220 779 1278 806 καθ’
1308 781 1408 808 ἔνὼσιν.
1442 779 1519 806 ’Ἐστι
1546 778 1575 805 δὲ
1602 788 1647 804 και
1673 781 1728 808 τοῖς
1761 777 1910 813 Evr/iuret;

1092 827 1185 860 σχέσις
1200 823 1267 857 ἰδία,
1281 825 1369 851 οὔποτ’
1386 824 1416 850 ἂν
1429 822 1459 851 ὃὶ
1478 834 1545 850 πασι
1568 824 1654 850 πάντα
1679 823 1792 849 ἐνῶσθαι
1815 824 1908 858 πέφνε

1091 878 1143 903 κεν,
1163 868 1232 905 εἰμὴ
1251 869 1284 899 εἰς
1296 871 1342 898 τὴν
1353 872 1458 907 πρώτην
1483 868 1579 897 ὶκείνην
1608 870 1724 903 iur/aiat!
1754 866 1910 902 ἀναχθῶσι

1090 917 1137 940 τοῦ
1151 915 1282 950 χύματος,
1299 913 1413 940 ἑνοῡνται
1429 912 1459 940 δὲ
1473 923 1519 939 και
1540 917 1651 950 μερικῶς
1676 910 1728 938 οἷον
1759 912 1774 940 ἠ
1806 913 1907 948 τετρὰς

1091 958 1128 990 εἰς
1141 960 1187 987 τὴν
1201 957 1394 989 ἐξακαιὸεκάδα
1423 968 1430 975 ·
1460 960 1476 984 ὅ
1498 959 1549 994 γὰρ
1578 957 1614 988 εἰς
1635 955 1713 982 κύϐον
1744 956 1908 993 στερεωθιὶς

1092 1002 1202 1040 ἀριθμός
1223 1001 1350 1040 τετράδας
1382 1002 1450 1040 φέρει
1473 1002 1510 1038 ἐφ’
1529 1003 1660 1039 ἑκατέροις
1691 1004 1746 1032 τοῖς
1769 1003 1879 1038 μέρεσι»
1897 1010 1905 1015 -

1092 1048 1106 1077 ἡ
1132 1048 1206 1085 τριὰς
1229 1047 1263 1078 έὶς
1288 1050 1332 1077 τὴν
1353 1049 1492 1085 τριάκοντα
1516 1046 1643 1079 πεντάδα,
1666 1047 1696 1072 τὸ
1717 1047 1767 1083 γὰρ
1799 1046 1909 1075 ταύτης

1092 1090 1445 1124 ἰπίπεδονόπεντεκοιὶδεκα,
1471 1102 1516 1118 και
1543 1094 1571 1118 τὸ
1595 1089 1749 1127 ὑπερϐαῖνον
1775 1090 1788 1116 ὁ
1823 1087 1906 1121 δέκα,

1091 1146 1136 1162 και
1150 1138 1178 1163 τὸ
1194 1138 1256 1174 ὑπὲρ
1269 1138 1392 1164 τούτωνό
1409 1137 1445 1170 EE,
1465 1147 1510 1163 και
1537 1139 1566 1163 τὸ
1594 1136 1690 1162 ἄνωθεν
1710 1136 1722 1161 ὁ
1747 1136 1821 1172 τρία,
1856 1143 1907 1159 και

1092 1182 1106 1210 ἡ
1123 1182 1202 1218 μονὰς
1217 1183 1296 1218 ἄκρον
1324 1192 1368 1208 και
1393 1184 1504 1219 κορυφή.
1537 1181 1566 1208 Ὁ
1587 1182 1632 1218 μὶν
1665 1179 1709 1207 οὖν
1735 1180 1905 1216 τετράγωνος

1092 1226 1126 1256 εἰς
1138 1227 1181 1252 τὸν
1193 1226 1270 1253 κύϐον
1286 1231 1413 1263 σχετικῶς
1440 1227 1557 1263 ἐνωθῇ,ὁ
1587 1225 1617 1253 δὲ
1638 1228 1765 1263 τρίγωνος
1793 1224 1830 1254 εἷς
1856 1225 1903 1249 τὸν

1091 1270 1297 1309 πυραμοειδῆ,ὁ
1325 1270 1354 1298 δὲ
1381 1271 1504 1304 κνκλικός
1532 1271 1566 1302 εἰς
1591 1273 1634 1297 τὸν
1656 1267 1826 1307 σφαιροειδῆ,
1855 1278 1903 1294 και

1077 1359 1105 1388 Si
1129 1359 1218 1395 igitur
1245 1360 1470 1389 considerantur
1493 1360 1563 1389 abc
1589 1362 1621 1389 ut
1647 1359 1748 1396 posita
1778 1357 1858 1386 sicut
1883 1357 1916 1385 in

1075 1405 1158 1433 ﬂuxa
1182 1404 1233 1433 illa
1260 1405 1492 1438 continuatione,
1521 1404 1666 1433 uniuntur
1687 1402 1870 1432 naturaliter
1886 1403 1916 1430 et

193 1451 492 1487 temperationemita
506 1460 537 1480 se
555 1451 667 1480 habere
687 1451 726 1480 ad
745 1453 897 1485 naturam,
910 1457 1020 1485 nempe
1041 1455 1061 1484 α
1075 1457 1178 1477 rursus
1194 1449 1233 1478 ad
1247 1457 1444 1478 numerorum
1466 1450 1578 1478 ﬂumen
1607 1450 1797 1479 revocantur,
1813 1449 1915 1475 etnon

193 1496 417 1532 particulariter,
430 1497 660 1533 quiaestmixta.
671 1498 744 1525 Nam
759 1497 868 1524 natura
876 1495 913 1523 de
925 1494 1021 1522 omni-

192 1541 251 1570 bus
261 1541 378 1570 dicitur.
404 1544 440 1570 At
465 1543 640 1579 temperatio
675 1542 712 1570 de
730 1543 839 1570 natura
862 1547 1021 1576 nunquam

195 1587 333 1615 universe
343 1587 468 1616 dicetur.
503 1589 572 1615 Esto
605 1587 685 1615 enim
707 1586 861 1614 indeﬁnite.
892 1584 1021 1620 superﬁ-

193 1631 252 1659 cies
271 1639 300 1666 a,
333 1631 464 1660 definitae
496 1632 600 1660 verob
631 1631 691 1664 cd,
721 1633 799 1659 certe
834 1629 1021 1658 indeﬁnitaa

192 1683 350 1713 nunquam
366 1676 629 1711 dabitgnomonas
640 1675 769 1704 deﬁnitis
793 1676 809 1703 ὸ
822 1683 837 1704 ιι
847 1675 877 1702 d.
888 1676 936 1702 Hm
950 1681 1021 1702 vero

192 1720 234 1749 illi
247 1728 415 1755 gnomonas
431 1721 631 1757 suppeditant.
641 1722 716 1749 Nam
728 1719 827 1748 omnis
837 1720 934 1754 ﬁgura
948 1726 1021 1753 gno-

195 1773 286 1794 mone
297 1765 424 1802 praadita
452 1773 637 1800 gnomonem
652 1766 683 1793 in
708 1773 740 1793 se
773 1765 903 1793 continet
927 1765 1021 1799 ;secat

194 1810 274 1838 enim
301 1811 330 1838 et
360 1809 514 1846 distinguit
555 1817 699 1845 gnomon.
732 1810 828 1843 Quare
859 1811 968 1838 natura
983 1808 1020 1836 de

194 1854 277 1883 omni
306 1854 522 1891 temperatione
550 1854 674 1888 dicetur,
699 1856 727 1882 ct
751 1853 890 1890 suscipiet
918 1851 1021 1880 omnia

194 1898 362 1927 secundum
379 1899 625 1935 temperationem
641 1899 814 1934 singularia,
831 1900 860 1926 et
869 1896 1022 1925 revocabit

195 1943 234 1971 ad
248 1951 279 1971 se
289 1945 435 1979 tanquam
451 1946 546 1971 mater
564 1943 693 1972 illorum.
704 1944 747 1972 Ita
758 1945 803 1971 est
819 1942 907 1978 igitur
917 1949 1021 1978 quem-

195 1986 362 2016 admodum
371 1987 483 2015 dictum
491 1989 534 2016 est
542 1989 598 2017 Sed
606 1988 795 2025 reperiuntur
802 1988 902 2021 etiam,
915 1995 1021 2023 quem-

196 2031 362 2061 admodum
377 2031 506 2060 diximus
517 2032 576 2061 alia
591 2033 735 2070 quaedam
753 2040 821 2069 quae
834 2040 897 2068 quo.
907 2031 1022 2060 ratione

196 2077 422 2106 communicant
436 2078 511 2106 inter
522 2086 554 2106 se
564 2078 671 2106 eadem
685 2078 775 2106 etiam
805 2078 944 2106 videntur
959 2077 1023 2105 dis-

195 2121 299 2158 tingui.
326 2123 423 2155 Quare
451 2122 502 2151 illo
528 2122 621 2152 modo
649 2123 802 2156 uniuntur,
826 2122 883 2150 hoc
920 2123 1021 2150 autem

195 2166 288 2195 modo
303 2166 537 2202 distinguuntur.
546 2168 744 2203 Utrumigitur
757 2166 1022 2203 repertaestetiam

196 2211 365 2240 secundum
387 2212 512 2240 alterum
540 2214 666 2241 modum
688 2211 858 2240 communis
880 2211 1021 2248 quaedam

196 2257 444 2293 temperationum
456 2265 524 2285 cum
535 2260 643 2286 natura
671 2256 832 2293 copulatio,
848 2259 876 2284 et
900 2257 1022 2293 propria

196 2302 285 2330 etiam
305 2301 454 2330 distinctio
467 2304 499 2330 ut
509 2302 539 2330 in
552 2302 686 2330 numeris
701 2301 716 2329 ‘I
729 2303 803 2330 Nam
825 2309 1021 2330 numerorum

194 2345 308 2374 ﬂumen
325 2346 391 2374 fons
407 2348 451 2374 est
471 2346 678 2383 proximorum
695 2355 702 2374 :
727 2346 866 2382 proxima
875 2353 944 2374 vero
964 2353 1021 2382 ap-

195 2391 273 2428 pello
289 2391 520 2427 temperationes
535 2393 563 2419 et
588 2390 760 2426 singularia.
783 2392 929 2420 Numerus
941 2391 1021 2419 enim

194 2445 229 2464 ex
244 2436 342 2473 seipso
358 2436 484 2465 etYundit
506 2437 653 2473 proxima.
681 2436 817 2466 Proxima
844 2445 916 2466 vero
927 2437 958 2465 in
989 2444 1021 2464 se

194 2481 270 2511 inter
284 2489 315 2509 se
327 2481 548 2518 reciprocantur
562 2483 590 2510 et
617 2481 850 2518 distinguuntur-
861 2485 902 2511 Ac
914 2482 1023 2510 distin-

196 2528 328 2561 guuntur
338 2526 460 2562 quidem
475 2526 546 2562 quia
560 2534 596 2555 ex
623 2535 730 2563 genere
752 2530 888 2560 manant,
915 2528 1022 2557 uniun-

195 2572 322 2599 turvero
337 2570 505 2599 secundum
537 2572 706 2601 naturalem
733 2572 771 2601 ad
799 2572 874 2601 illud
898 2580 1021 2602 revoca-

195 2615 321 2644 tionem.

230 2662 255 2688 6.
274 2662 444 2696 Exponatur
464 2661 553 2696 igitur
575 2663 688 2690 ﬂumen
719 2669 924 2691 numerorum.
943 2663 1022 2696 Qua-

195 2707 262 2733 tuor
274 2707 374 2734 autem
386 2708 414 2735 et
428 2706 531 2742 viginti
541 2707 688 2735 elementa
712 2706 770 2734 sint
800 2706 874 2735 illud
896 2707 1022 2738 ﬂumen.

195 2750 377 2786 Reputentur
387 2752 420 2780 ut
441 2751 567 2780 infinita.
587 2751 728 2779 Secentur
743 2750 832 2787 igitur
843 2751 899 2782 tria
920 2759 940 2782 α
952 2753 968 2781 b
995 2761 1022 2783 ο.

1075 1496 1146 1522 sunt
1158 1494 1332 1531 proximum
1350 1494 1433 1531 quid.
1464 1496 1500 1523 At
1531 1495 1556 1523 si
1581 1501 1600 1522 a
1618 1493 1821 1530 assumpserit
1843 1501 1914 1528 par-

1076 1539 1128 1567 tim
1146 1539 1163 1567 b
1190 1541 1298 1576 parum
1325 1539 1415 1568 etiam
1441 1548 1466 1573 ι’,
1487 1542 1516 1568 et
1543 1548 1647 1568 rursus
1668 1540 1693 1567 si
1714 1547 1730 1568 c
1759 1548 1907 1576 assump-

1075 1584 1263 1621 seritpartim
1277 1584 1400 1620 quidem
1422 1586 1448 1617 ὁ,
1461 1585 1572 1621 partim
1592 1585 1682 1614 etiam
1700 1592 1720 1613 a
1743 1587 1838 1621 atque
1852 1585 1911 1613 hoc

1074 1629 1166 1657 modo
1177 1629 1208 1657 in
1233 1629 1364 1664 ﬁguram
1389 1629 1564 1666 redigantur
1584 1632 1613 1658 et
1637 1630 1843 1666 decerpantur
1873 1630 1911 1657 de

1075 1681 1272 1702 numerorum
1299 1675 1422 1710 perenni
1462 1675 1598 1708 ﬂumine,
1624 1677 1711 1703 erunt
1735 1674 1908 1710 triangulus

1073 1718 1182 1755 planus
1206 1726 1359 1747 numerus.
1386 1719 1496 1747 Eodem
1516 1719 1608 1748 modo
1635 1721 1770 1756 quatuor
1799 1722 1830 1748 et
1855 1719 1908 1755 qui

1074 1763 1147 1792 libet
1173 1763 1249 1792 alius
1271 1771 1416 1791 numerus
1443 1772 1513 1792 cum
1539 1764 1658 1792 excisus
1678 1763 1768 1792 fuerit
1798 1764 1840 1792 ab
1855 1765 1907 1792 ab-

1074 1807 1178 1836 solutis
1191 1810 1219 1836 et
1235 1808 1426 1836 naturalibus
1444 1808 1589 1843 numeris,
1611 1808 1814 1845 appellabitur
1837 1816 1907 1845 pro«

1073 1853 1191 1881 ximum
1201 1853 1438 1890 quid,nimirum
1457 1853 1608 1888 singulare
1633 1856 1662 1881 et
1685 1855 1905 1890 temperatione

1074 1898 1243 1936 praeditum.
1264 1899 1460 1927 Revocabitur
1484 1901 1584 1927 autem
1599 1899 1637 1927 ad
1653 1899 1769 1927 ﬂumen
1797 1907 1906 1927 nume-

1074 1951 1177 1972 rorum
1190 1951 1226 1972 eo
1238 1943 1321 1980 quod
1329 1943 1439 1972 habeat
1457 1943 1595 1978 unitates,
1613 1943 1667 1972 sed
1681 1947 1856 1973 secernetur
1866 1945 1905 1973 ab

1075 1988 1276 2024 ipsoﬂumine
1300 1990 1327 2016 et
1357 1988 1396 2017 ab
1427 1988 1492 2017 aliis
1525 1988 1629 2023 ﬁguris
1659 1990 1692 2016 ut
1723 1997 1798 2017 suas
1815 1989 1846 2018 in
1863 1998 1905 2017 se-

1075 2033 1142 2070 ipos
1159 2035 1258 2070 partes
1289 2035 1416 2068 vertens,
1442 2036 1470 2061 et
1502 2033 1560 2062 hac
1589 2033 1782 2070 copulatione
1810 2042 1905 2063 unam

1076 2082 1193 2116 partem
1218 2079 1301 2107 alteri
1329 2079 1507 2114 adjungens.
1534 2080 1582 2107 Est
1620 2081 1721 2107 autem
1759 2080 1905 2116 proximis

1037 2135 1060 2164 Β
1077 2132 1132 2153 sua
1150 2123 1356 2152 conveneintia
1365 2124 1497 2160 propria.
1518 2125 1619 2160 Neque
1634 2124 1774 2152 omnium
1803 2132 1905 2153 rerum

1075 2171 1184 2198 natura
1197 2168 1252 2197 fert
1265 2171 1297 2197 ut
1306 2169 1423 2205 possint
1435 2176 1504 2196 cum
1518 2168 1660 2196 omnibus
1671 2168 1809 2205 copulari
1827 2179 1834 2198 :
1847 2169 1903 2197 nisi

1077 2213 1117 2242 ad
1129 2213 1260 2250 primum
1275 2212 1359 2240 illum
1373 2220 1536 2248 perennem
1551 2213 1684 2241 ﬂuminis
1692 2213 1808 2241 fontem
1822 2221 1903 2242 revo-

1076 2261 1189 2287 centur.
1210 2259 1244 2286 At
1262 2258 1406 2286 uniuntur
1425 2257 1513 2286 etiam
1531 2257 1758 2294 particulariter.
1779 2259 1815 2287 Ut
1829 2267 1902 2295 qua-

1074 2302 1222 2332 ternarius
1236 2303 1266 2330 in
1285 2310 1336 2331 sex
1356 2301 1514 2331 denarium
1533 2303 1695 2339 propagari
1714 2305 1826 2339 potest,
1842 2312 1902 2332 rur-

1076 2356 1127 2376 sus
1139 2347 1169 2376 in
1190 2347 1312 2375 cubum.
1327 2348 1401 2375 Nam
1427 2354 1572 2375 numerus
1588 2355 1624 2375 ex
1638 2348 1835 2383 quaternario
1854 2356 1901 2376 so-

1074 2392 1133 2421 lide
1147 2394 1322 2428 compactus
1334 2391 1365 2420 in
1380 2391 1505 2427 cubum,
1529 2392 1737 2428 quaternarios
1766 2392 1860 2421 habet
1871 2393 1900 2421 in

1076 2437 1137 2465 suis
1147 2437 1286 2474 utrinque
1300 2436 1447 2473 partibus.
1473 2436 1630 2465 Ternarius
1659 2437 1731 2465 item
1759 2437 1792 2466 in
1814 2439 1899 2474 quin-

1075 2490 1135 2519 que
1145 2482 1307 2518 propagari
1318 2483 1427 2518 potest,
1452 2488 1524 2509 nam
1549 2481 1639 2517 hujus
1668 2481 1781 2517 planus
1799 2491 1901 2512 nume-

1076 2535 1127 2555 rus
1143 2529 1188 2555 est
1207 2528 1238 2554 15
1258 2533 1402 2554 numerus
1428 2535 1435 2554 :
1453 2525 1505 2562 qui
1532 2526 1668 2562 superior
1682 2527 1729 2554 his
1741 2529 1787 2555 est
1813 2528 1901 2557 dena-

1076 2571 1138 2600 rius
1155 2579 1161 2605 ;
1175 2571 1221 2599 his
1236 2571 1327 2599 etiam
1340 2571 1476 2607 superior
1501 2573 1545 2600 est
1570 2570 1706 2599 senarius
1722 2580 1901 2609 :supremus

1077 2616 1235 2649 ternarius,
1257 2615 1354 2644 unitas
1382 2623 1451 2644 vero
1471 2617 1515 2644 est
1546 2623 1691 2644 cacumen
1703 2619 1732 2645 et
1750 2617 1900 2653 fastigium

1077 2661 1248 2696 Quadratus
1267 2660 1356 2696 igitur
1370 2661 1400 2689 in
1413 2660 1525 2688 cubum
1552 2661 1674 2689 uniatur
1686 2664 1811 2698 propter
1821 2663 1902 2692 habi-

1077 2707 1213 2736 tudinem
1228 2728 1236 2741 ,
1251 2706 1419 2741 triangulus
1443 2713 1512 2734 vero
1527 2705 1558 2734 in
1579 2706 1746 2742 pyramidis
1777 2708 1900 2737 similem

1076 2759 1247 2786 numerum,
1261 2750 1415 2780 circularis
1439 2758 1512 2780 vero
1530 2758 1676 2780 numerus
1685 2751 1717 2780 in
1733 2753 1861 2789 sphaera:
1868 2754 1900 2782 si-
