1966 3079
24 122 109 151 12⁸1⁸1

483 117 661 147 THEODORI
680 117 703 145 ll
722 116 792 145 IMP.
813 115 858 144 DE
878 113 1110 144 COMMUNIONE
1128 114 1312 144 NATULALL

1685 114 1754 144 1278

22 184 120 216 ἄλλος
163 185 213 215 πᾶς
245 182 279 214 εἰς
317 181 361 208 τὸν
393 182 536 218 πεφυκότα,
568 183 618 209 Καὶ
643 181 735 208 καθότι
763 179 808 225 μὶν
832 178 1012 220 οῦνΑοςσ-ης
1051 189 1095 214 καὶ
1132 187 1161 215 οὗ
1183 190 1287 223 μιχτῆς,
1324 185 1409 222 πολλῷ
1450 185 1544 223 μᾶλλον
1577 185 1623 214 τὰν
1646 187 1755 225 κράσεις

25 229 142 260 πάντες
152 228 261 265 μονάσιν
287 227 339 257 ιίσί
353 237 380 255 τε
407 229 452 254 καὶ
480 230 627 264 γεννῶνται,
652 227 760 262 ἔχουσιν
786 224 820 255 εἰς
845 225 874 251 τὸ

27 278 91 302 τῶν
120 273 239 311 ἀριθμῶν
266 273 344 310 χύμα
369 274 414 303 τὴν
440 272 540 306 ἕνωσιν,
571 272 612 299 ὅτι
645 269 675 299 δὲ
699 269 876 307 διακριθέντις

27 318 118 347 ἄλλοι
142 318 228 352 ἄλλοις
241 317 367 353 ἕνοῦνται,
380 319 424 344 καὶ
439 317 526 349 ἀλλοις
556 317 647 354 ἕτεροι,
678 318 722 343 καὶ
749 315 779 342 οὐ
821 323 875 341 κοι-

27 367 174 391 νωνοῦσιν
187 364 220 396 ὡς
233 364 365 400 τύχωσιν,
385 362 430 390 ἀπ’
451 362 565 393 ἀλλήλων
590 362 702 400 ἱναργῶς
729 359 874 398 διακέκριν-

29 419 83 436 ται
101 409 184 436 ταῦθ’
211 409 251 436 ὅτι
263 411 307 435 καὶ
334 408 403 436 κατὰ
428 408 504 445 φύσιν
531 409 577 434 καὶ
604 410 698 445 κρᾶσιν
723 407 841 444 γίγνεται
865 414 874 424 υ

29 454 71 486 εἰς
95 455 157 491 γὰρ
179 455 226 484 τὴν
251 456 357 491 πρώτην
377 452 474 483 ἐκείνην
498 455 587 490 πηγὴν
609 451 725 479 ένοῡνται
748 451 850 478 ἅπαντα
864 459 873 469 υ

31 497 51 526 δ
55 501 231 536 ιακρίνονται
247 497 276 526 δε
302 497 346 526 ἀπ’
371 497 484 528 ἀλλήλων
510 498 570 525 ὅταν
594 497 620 530 ἔξ
648 497 745 529 ἐκείνης
773 495 870 524 ποικιλ-

31 545 110 573 θῶσι
125 545 175 571 καὶ
188 543 305 571 σταλῶσι
319 545 385 581 πρός
398 545 536 581 μερισμόν,

71 588 110 620 ζ’.
132 588 165 616 Ἠ
181 589 226 626 μὶν
250 586 294 616 οὖν
324 592 356 625 τῇ
379 590 455 625 φύσει
482 588 599 615 συνοῦσᾶ
621 589 763 617 συνακτικὴ
794 586 873 623 ἰσχὺς

29 632 132 663 διήκει
172 636 217 660 καὶ
257 634 303 666 ἕως
348 637 399 660 τῶν
455 632 616 660 λεπτοτάτων
660 636 711 659 τῶν
756 632 873 669 κράσεων

27 682 189 717 μερισμῶν,
233 679 340 715 συνάγει
367 676 398 705 δε
432 677 508 705 πάλιν
535 679 570 710 ὡς
599 677 699 714 ἀρχικὴ
738 678 771 704 τὰ
807 678 872 714 μέρη

33 724 70 755 si;
98 726 135 751 τὸ
163 724 287 761 καθόλου,
317 725 331 754 ἤ
357 725 402 750 καὶ
423 727 480 754 ταῖς
507 724 633 760 κράσεσιν
661 723 745 750 οἰκεία
771 721 874 754 ἰδιότης

30 769 168 807 ἑκατέρας
211 768 256 796 ἀπ’
294 768 409 798 ἀλλήλων
441 770 552 806 μερίζει,
587 768 638 795 ἱνοῖ
663 766 693 795 δι
718 767 776 795 κατ’
807 766 874 795 ἰδιό-

31 824 107 844 τητα
146 818 269 852 μερικῶς.
310 813 425 850 Ἔχουσι
463 812 493 840 δι
530 814 563 840 τὰ
586 814 680 850 μερικὰ
707 812 731 840 ἰν
758 817 874 852 μερικοῖς

31 859 214 898 πολοτρόπως
232 861 280 889 τὴν
306 859 406 893 ἰνωσιν,
432 859 518 896 ὥσπερ
550 861 594 885 καὶ
623 857 647 886 ἓν
671 862 708 894 τῷ
735 860 798 896 Περὶ
825 858 910 895 ψυ-Β

34 910 94 942 χῆς
124 904 309 942 Ἀριστοτέλης
330 907 432 941 μνήμην
457 905 521 932 εἶναι
547 907 626 938 ποιεῖ,
660 905 705 930 καί
731 913 760 940 γι
792 903 874 933 ἁπλῆν

35 952 145 980 ταύτην
171 952 291 987 νομίζων,
325 949 504 981 πολυπλόκους
535 950 581 982 τὰς
609 950 754 986 φαντασίας
781 948 876 986 ὀνομά-

39 996 80 1029 ζει
111 995 207 1026 αὐτῆς.
242 994 273 1022 Εἰ
292 995 337 1031 μὲν
357 993 401 1022 οὖν
433 998 464 1031 τῇ
493 993 560 1032 ἁπλῇ
590 994 667 1031 ψυχῇ
689 995 734 1024 τὰς
759 996 876 1026 κινήσεις

39 1040 227 1070 πολυπλόκους
269 1043 375 1076 νοοῦμεν
413 1038 487 1073 εἶναι,
526 1041 570 1067 καὶ
600 1038 794 1076 συμϐάλλεσθαι
830 1041 875 1076 μὲν

39 1085 122 1117 ἄλλοις
153 1086 220 1123 πρὸν
260 1084 348 1118 ἄλλοις,
379 1084 466 1121 ἐτέρας
497 1082 526 1111 δέ
548 1085 610 1122 πρὸς
629 1084 725 1122 ἐτὶρας,
752 1086 797 1111 καὶ
823 1084 876 1121 οὐχ

38 1129 129 1162 ἁπλῶς
152 1130 194 1159 ὃτι
217 1133 268 1162 πᾶς
292 1129 384 1161 ἑαυτῆς
410 1129 532 1157 ἱνοῦσθαι
555 1133 645 1160 κοινῶς
670 1131 715 1156 καί
742 1138 772 1166 γε
789 1132 876 1167 νοερᾶς

38 1247 145 1276 mitem
160 1253 340 1275 numerum:
372 1248 400 1275 et
426 1246 552 1283 quilibet
578 1246 653 1275 alius
683 1254 828 1275 numerus
842 1246 874 1276 in

38 1300 134 1330 quem
147 1293 257 1320 natura
278 1291 440 1329 propagari
455 1293 483 1320 et
510 1291 588 1320 uniri
609 1293 731 1328 potest.
759 1293 791 1320 Et
801 1299 876 1328 quo-

40 1338 127 1367 niam
142 1345 253 1366 omnes
267 1345 303 1366 ex
322 1336 487 1366 unitatibus
513 1337 660 1365 exsistunt
673 1339 702 1365 et
726 1337 873 1372 oriuntur,

39 1382 110 1411 ideo
118 1381 261 1411 omnium
271 1381 421 1419 copulatio
437 1381 614 1410 universalis
629 1381 669 1410 ad
678 1389 874 1410 numerorum

41 1427 162 1457 ﬂumen
172 1435 304 1464 perenne
316 1429 482 1455 revocatur.
506 1428 546 1455 Eo
566 1429 666 1455 autem
693 1426 776 1463 quod
791 1434 875 1463 sepa-

42 1473 98 1501 rati
127 1472 183 1501 alli
211 1471 251 1501 ab
280 1471 346 1500 aliis
373 1472 515 1500 uniantur
538 1472 627 1500 etiam
647 1471 696 1500 alii
721 1480 789 1500 cum
809 1471 874 1500 aliis

42 1525 98 1546 nec
112 1516 295 1554 copulentur
309 1524 379 1545 eum
394 1516 587 1554 quibuslibet,
605 1524 623 1544 a
637 1524 669 1545 se
682 1516 758 1545 inter
768 1524 799 1545 se
811 1524 874 1545 ma-

42 1562 151 1591 nifeste
167 1561 298 1590 distincti
314 1563 392 1590 sunt.
408 1563 467 1590 Hoc
482 1563 583 1590 autem
599 1561 667 1590 ideo
689 1561 724 1590 ﬁt
748 1561 832 1598 quod
847 1563 875 1590 et

43 1607 216 1635 secundum
230 1609 371 1635 naturam
384 1607 413 1635 et
441 1606 608 1635 secundum
624 1606 874 1643 temperationem

44 1652 190 1680 uniantur
206 1660 212 1686 ;
228 1659 300 1680 nam
314 1651 345 1679 in
361 1650 492 1688 primum
506 1651 591 1679 illum
604 1651 717 1680 fontem
731 1651 876 1680 uniuntur

44 1697 157 1726 omnia.
180 1696 393 1724 Discernuntur
414 1704 486 1724 vero
508 1696 583 1724 inter
612 1704 643 1724 se
663 1704 733 1724 cum
749 1704 767 1725 a
794 1696 876 1724 fonte

45 1740 92 1768 illo
121 1740 257 1777 profecta
284 1741 457 1769 varietatem
488 1740 648 1777 acquirunt
676 1740 757 1769 etin
776 1740 876 1769 distri-

45 1784 203 1814 butionem
232 1785 364 1813 veniunt.

81 1832 107 1858 7.
124 1830 174 1858 Vis
195 1829 283 1865 igitur
302 1829 464 1866 copulandi
483 1838 552 1866 quae
571 1831 715 1867 perpetuo
734 1831 876 1858 naturam

48 1874 218 1908 comitatur,
234 1877 369 1911 permeat
387 1874 627 1903 distributionem
643 1875 733 1903 etiam
753 1874 790 1903 ad
807 1874 877 1902 sub-

49 1919 206 1947 tilissimas
247 1927 343 1955 usque
372 1919 616 1955 temperationes.
646 1921 757 1948 Rursus
776 1921 877 1947 autem

50 1965 234 2000 utprinceps
266 1972 358 1992 causa
389 1966 508 1992 revocat
551 1966 649 2000 partes
673 1964 712 1992 ad
736 1964 877 1992 unionem

51 2008 261 2037 universalem.
282 2010 318 2036 At
347 2008 392 2036 vis
433 2008 622 2045 proprietatis
659 2008 814 2045 utriusque
840 2007 878 2036 si-

52 2053 177 2088 gillatim
207 2055 308 2090 partes
334 2054 410 2082 inter
437 2062 469 2082 se
501 2054 666 2088 distinguit.
684 2053 810 2090 Copulat
827 2061 879 2082 au-

53 2100 111 2127 tem
121 2098 343 2136 particulariter
357 2099 523 2128 secundum
544 2099 765 2135 proprietatem.
787 2099 878 2127 Parti-

52 2143 166 2173 cularia
193 2151 264 2172 vero
290 2144 321 2172 in
347 2144 574 2180 particularibus
602 2144 694 2172 variis
710 2142 808 2172 modis
826 2144 880 2172 ba-

1502 230 1554 257 ἀλλ¹
1591 229 1674 265 ἰδίως,
1707 233 1753 264 τὰς

928 279 974 304 καὶ
1002 277 1063 306 ὕλην
1091 277 1206 315 ἐχούσας
1231 279 1276 304 καὶ
1302 275 1391 304 διόλου
1417 277 1523 313 μικτὰς,
1550 277 1617 303 κατὰ
1641 276 1755 304 τὸεῖναι

927 324 1034 359 κράσεις
1050 323 1140 354 αὐτὰς.
1156 323 1186 350 Εἰ
1207 323 1258 359 γὰρ
1278 324 1323 349 καὶ
1347 325 1443 359 κρᾶσις
1467 324 1502 358 μὴ
1533 322 1635 358 ἔχουσα
1663 322 1751 360 ιῦρεθῇ

929 367 1002 401 ὓλην,
1019 367 1074 394 ἀλλ’
1105 365 1149 395 οὖν
1179 369 1225 394 καὶ
1254 367 1320 397 αὐτὴ
1341 367 1433 394 καθότι
1452 367 1564 404 κράσεσι
1589 368 1634 392 καὶ
1659 366 1755 404 έτέραις

930 410 959 440 δέ
971 414 1006 449 μὴ
1030 412 1227 449 συμϐὰλλισθαι
1255 421 1262 430 ο
1291 414 1406 450 περιόντι
1434 413 1484 449 γὰρ
1513 412 1581 439 θέσει
1604 413 1756 448 καταγίνον-

928 467 972 485 ται
1011 459 1157 495 πράγματι,
1194 459 1281 484 καίτοι
1311 455 1357 484 διὰ
1385 460 1461 484 τοῦτο
1487 457 1556 484 κατὰ
1583 457 1629 486 τὴν
1660 458 1754 492 σχέσιν

929 501 1046 540 ἀφορῶσι
1062 507 1110 533 τῆς
1137 501 1231 534 οἰκείας
1258 503 1340 539 ὁρμῆς
1358 512 1364 520 ·
1392 501 1522 539 πολυμερῆ
1547 502 1596 539 γὰρ
1634 502 1668 528 τὰ
1688 503 1755 529 κατὰ

927 551 1022 585 κρᾶσιν
1061 547 1200 584 τελούμενα
1224 548 1265 574 ὅτι
1300 548 1327 574 αἱ
1362 547 1468 584 κράσεις
1501 546 1653 584 πολυμερεὶς
1696 547 1753 574 κατ’

928 591 1092 619 ἂπισύνθεσιν
1110 614 1115 620 .
1132 592 1159 618 αἱ
1173 593 1219 628 μὶν
1237 593 1287 630 γὰρ
1323 592 1447 626 ἑνοῡνται,
1473 592 1500 618 αὶ
1527 589 1556 619 δὲ
1585 590 1756 621 ἁνοικειότητι

930 229 1082 268 δοξάσωμιν
1111 234 1146 268 μή
1187 231 1310 258 ἐνοΰσθαι
1356 235 1458 265 κοινῶς,

928 635 1124 664 διαστέλλονται
1143 656 1149 662 .
1166 639 1225 674 περὶ
1251 638 1302 674 γὰρ
1330 638 1377 666 τὴν
1400 636 1436 667 εἰς
1459 637 1598 665 κοινότητα
1634 634 1756 666 ἰδιότητα

928 681 957 708 οὐ
969 681 1045 717 λόγος
1059 682 1162 715 αὐταῖς,
1179 681 1233 707 ἀλλ’
1256 681 1292 713 εἰς
1320 679 1443 710 ἰδιότητα
1468 682 1481 707 ό
1512 681 1607 711 σκοπὸς
1629 680 1683 707 ἐπεὶ
1710 683 1755 708 καὶ

928 726 957 754 οὐ
971 725 1150 754 καθότιένᾶνὶ
1173 726 1238 754 τέλει
1254 725 1384 764 ἀφορῶσιν
1409 725 1475 762 ὁμοῦ
1498 735 1504 743 ·
1535 726 1590 754 ἔστι
1612 726 1663 763 γὰρ
1690 726 1754 753 ὅπου

927 773 971 798 καὶ
996 771 1080 808 φαῦλα
1107 771 1165 801 τέλη
1198 771 1301 798 τελοῦσι
1342 775 1460 808 μιγεῖσαι
1492 771 1609 808 κράσεις,
1635 771 1651 800 ἠ
1679 771 1756 807 φύσις

929 814 959 844 δε
988 814 1063 842 οὐδὲν
1101 815 1137 847 εἰς
1164 815 1278 854 αἰσχρόν
1305 815 1429 853 ἐφορῶσαι
1454 815 1525 847 τέλος
1562 815 1679 844 ἐποίησε.
1708 815 1757 842 Διὰ

928 864 1003 888 τοῦτο
1013 863 1059 887 καὶ
1078 861 1150 898 παρὰ
1163 862 1241 898 φύσιν
1266 860 1348 888 ἐκεῖνα
1374 860 1497 890 κέκληται
1520 870 1527 878 ν
1555 861 1585 886 τὸ
1615 858 1644 886 δὲ
1669 859 1755 888 πλεῖον

929 909 1046 942 μιγεῖσαι
1066 907 1174 943 κράσεις
1203 906 1278 932 αἴσια
1313 905 1372 934 τέλη
1401 905 1514 938 τελοῦσι,
1545 903 1698 942 Παράδοξον
1727 903 1756 932 δὲ

930 948 1048 977 δοκεῖται
1083 954 1138 981 ταῖς
1167 951 1223 977 κατ’
1255 948 1377 980 ἰδιότητα
1399 951 1511 989 κράσεσι
1537 952 1707 988 μιγνυμέναις
1738 951 1753 979 ἡ

928 999 980 1022 τῶν
996 995 1087 1032 ἑτέρων
1112 996 1228 1032 κράσεων
1253 995 1343 1028 ἔνωσις
1375 1005 1381 1014 ·
1410 994 1495 1032 ἀφορᾷ
1522 996 1571 1032 γὰρ
1599 994 1708 1023 ἕκαστον
1723 994 1757 1025 εἰς

929 1041 977 1069 τὴν
995 1044 1042 1066 τοῦ
1068 1039 1191 1076 ἑγγιστου
1215 1040 1306 1067 ἕνωσιν
1326 1050 1332 1057 ·
1359 1040 1514 1076 συνάγονται
1539 1041 1590 1076 γὰρ
1615 1039 1708 1076 μᾶλλον
1723 1040 1756 1068 τὰ

930 1085 1009 1121 ὃμοια
1020 1085 1035 1114 ἣ
1052 1085 1086 1111 τὰ
1101 1084 1219 1122 ἀνόμοια,
1235 1085 1276 1112 ὃτι
1289 1086 1319 1111 τὸ
1334 1086 1456 1121 συγγενὲς
1479 1084 1545 1112 ἕλκει
1569 1085 1598 1110 τὸ
1622 1086 1753 1120 συγγενές.

930 1132 1044 1168 Πότερον
1060 1128 1103 1158 οὖν
1119 1129 1205 1162 ἁπλῶς
1219 1131 1234 1160 ἠ
1251 1130 1329 1167 φύσις
1347 1132 1487 1160 ποιήσασα
1515 1127 1619 1162 δηλαδὴ
1636 1130 1683 1161 τὰς
1706 1128 1755 1169 ἆρ-

929 1247 1120 1284 perationum
1150 1247 1239 1283 igitur
1257 1249 1366 1276 natura
1383 1246 1449 1282 fert,
1469 1247 1504 1275 ut
1522 1254 1592 1274 cum
1612 1247 1757 1282 tempera-

928 1292 1061 1321 tionibus
1076 1292 1264 1329 copulentur,
1285 1300 1383 1329 neque
1403 1300 1473 1320 cum
1492 1291 1616 1320 diversis
1636 1298 1758 1327 compo-

928 1339 1049 1366 nentur.
1070 1338 1143 1366 Nam
1163 1337 1206 1365 rei
1224 1337 1329 1374 positae
1349 1336 1502 1366 exsistenti
1522 1335 1670 1369 accidunt,
1690 1335 1758 1364 licet

929 1381 1017 1410 etiam
1034 1389 1052 1410 a
1069 1389 1101 1410 re
1131 1382 1289 1410 discedant
1321 1389 1376 1418 pro
1403 1381 1518 1410 ratione
1548 1380 1757 1418 propensionis

928 1426 1068 1463 propria.
1090 1428 1164 1454 Nam
1194 1426 1369 1462 multiplicia
1382 1428 1528 1462 suntquae
1543 1433 1597 1462 per
1611 1428 1758 1462 tempera-

929 1471 1041 1501 tionem
1074 1471 1306 1506 constituuntur,
1341 1479 1376 1499 eo
1410 1470 1493 1508 quod
1525 1470 1757 1506 temperationes

896 1511 916 1540 C
930 1516 1020 1545 etiam
1033 1515 1092 1544 sint
1107 1515 1297 1552 multiplices,
1317 1518 1438 1553 propter
1458 1514 1681 1552 compositionis
1700 1513 1756 1543 ad-

930 1561 1083 1590 ditionem.
1113 1561 1186 1589 Alia;
1206 1561 1295 1596 igitur
1313 1561 1467 1594 uniuntur,
1488 1560 1550 1588 alia:
1569 1561 1692 1596 propter
1710 1559 1756 1588 di-

928 1613 1048 1634 versam
1066 1605 1279 1644 proprietatem
1307 1605 1517 1642 sejunguntur.
1547 1606 1622 1633 Nam
1650 1605 1758 1640 praeter

929 1650 1011 1679 illam
1040 1650 1211 1686 generalem
1248 1649 1372 1678 uniendi
1407 1650 1554 1678 rationem
1580 1648 1756 1684 temperatio

931 1703 1018 1723 suam
1032 1703 1161 1732 quaeque
1182 1695 1395 1731 proprietatem
1423 1694 1565 1731 sequitur,
1600 1701 1669 1721 eum
1695 1700 1757 1720 non

931 1748 1049 1776 semper
1061 1739 1101 1768 ad
1116 1747 1212 1768 unum
1230 1739 1323 1768 ﬁnem
1353 1739 1445 1768 simul
1459 1739 1626 1774 dirigantur
1643 1739 1757 1773 tempe-

929 1785 1068 1813 rationes.
1087 1784 1128 1812 Fit
1147 1784 1226 1812 enim
1247 1792 1327 1820 saepe
1344 1786 1376 1813 ut
1393 1783 1627 1820 temperationes
1646 1781 1756 1819 permi-

931 1831 982 1858 stee
996 1829 1100 1858 eﬁ‘ecta
1112 1828 1193 1858 mala
1220 1829 1318 1857 edant.
1340 1830 1375 1857 At
1398 1831 1507 1856 natura
1525 1835 1683 1864 nunquam
1699 1826 1756 1854 sibi

931 1874 1086 1911 proposuit
1099 1876 1184 1910 turpe
1211 1873 1325 1910 aliquid
1353 1873 1554 1902 efﬁciendum.
1580 1872 1692 1900 Idcirco
1706 1871 1757 1899 illa

931 1922 1039 1957 praeter
1048 1921 1187 1948 naturam
1201 1919 1278 1948 facta
1289 1919 1437 1948 dicuntur.
1457 1918 1571 1955 Saepius
1601 1925 1669 1945 vero
1682 1918 1756 1944 tem-

932 1965 1101 2002 perationes
1111 1965 1260 2000 permistte
1276 1971 1436 2000 prosperos
1462 1971 1617 1991 successus
1644 1961 1758 1990 habue-

932 2012 1010 2038 runt.
1036 2010 1127 2037 Porro
1152 2009 1236 2045 quod
1271 2008 1501 2046 temperationes
1531 2007 1659 2036 diversae
1687 2014 1755 2034 cum

931 2053 1199 2090 temperationibus
1228 2053 1394 2082 secundum
1426 2053 1639 2089 proprietatem
1659 2050 1756 2078 mistis

931 2099 1073 2127 uniantur
1087 2098 1259 2128 incredibile
1273 2099 1399 2128 videtur.
1415 2101 1488 2127 Nam
1517 2096 1758 2134 unumquodque

930 2152 1000 2173 cum
1015 2143 1153 2180 proximo
1165 2143 1298 2180 copulari
1325 2144 1408 2172 solet.
1436 2143 1536 2172 Potius
1547 2142 1626 2170 enim
1647 2141 1755 2169 similia

53 2185 357 2225 bentcopulationem
373 2191 406 2217 ut
438 2188 527 2217 etiam
556 2189 586 2217 in
601 2188 684 2217 libris
717 2190 759 2217 De
776 2189 878 2217 anima
895 2195 916 2221 ι)
931 2197 1023 2225 quam
1039 2188 1195 2216 dissimilia
1210 2188 1464 2224 conglutinantur,
1489 2188 1561 2224 quia
1573 2187 1604 2215 id
1617 2185 1700 2223 quod
1713 2187 1758 2213 est

54 2233 222 2262 Aristoteles
238 2233 334 2262 tradit.
352 2234 386 2261 Et
400 2241 469 2262 cum
485 2233 652 2270 simplicem
668 2234 803 2262 animam
818 2241 879 2261 cre-

53 2276 103 2305 dat
115 2285 193 2313 esse,
211 2280 312 2307 tamen
326 2278 501 2315 multiplicia.
515 2278 609 2315 ipsius
621 2278 685 2306 visa
694 2285 878 2306 commemo-

53 2323 105 2350 rat.
123 2323 152 2351 Si
171 2323 262 2358 igitur
280 2323 406 2360 simplici
440 2323 549 2351 animte
569 2323 748 2359 multiplices
779 2325 878 2351 motus

54 2365 147 2396 inesse
159 2367 363 2403 intelligimus,
392 2370 420 2396 et
445 2368 520 2396 alios
542 2376 612 2396 cum
628 2368 692 2396 aliis
725 2368 875 2405 componi,

55 2413 82 2439 et
111 2413 246 2441 diversos
291 2421 362 2441 cum
404 2413 541 2447 diversis,
575 2421 673 2450 neque
704 2413 879 2450 simpliciter

55 2456 140 2493 uniri,
155 2458 296 2495 quamvis
311 2458 380 2495 ipsa
394 2458 430 2486 sit
448 2458 625 2494 intelligens,
639 2458 813 2495 nullamque
827 2457 879 2486 ad-

55 2501 223 2532 mistionem
234 2503 317 2536 ferat,
333 2504 427 2532 multo
437 2503 534 2539 magis
548 2504 718 2532 existimare
732 2504 879 2532 debemus

55 2546 284 2583 temperationes
303 2548 353 2577 illo
367 2549 520 2577 communi
539 2548 631 2577 modo
649 2556 709 2576 non
724 2548 811 2583 uniri,
826 2547 879 2576 sed

55 2591 205 2628 peculiari,
225 2601 295 2621 cum
310 2593 473 2630 praesertim
485 2595 514 2621 et
533 2593 690 2621 materiam
708 2593 840 2621 habeant
851 2595 879 2622 et

55 2636 170 2670 penitus
204 2638 429 2674 permistionem
462 2639 626 2675 suscipiant
657 2646 694 2667 eo
725 2638 808 2675 quod
821 2638 879 2666 sint

57 2680 294 2718 temperationes.
308 2684 382 2712 Nam
396 2683 523 2712 etiamisi
543 2683 630 2712 detur
649 2683 751 2720 aliqua
767 2685 879 2720 tempe-

58 2725 129 2754 ratio
159 2735 226 2764 quaa
259 2728 416 2757 materiam
445 2735 508 2757 non
537 2727 639 2762 habet,
667 2731 879 2757 verumtamen

59 2769 127 2804 quia
137 2773 311 2810 temperatio
330 2774 383 2810 est,
404 2772 619 2803 admistionem
638 2773 771 2811 suscipit.
791 2775 878 2802 Tem-

932 2233 1067 2269 ejusdem
1095 2231 1212 2268 generis
1239 2233 1357 2260 attrahit
1385 2232 1476 2261 etiam
1504 2231 1578 2260 illud
1605 2230 1687 2268 quod
1715 2231 1759 2258 est

931 2278 1068 2313 ejusdem
1086 2277 1211 2314 generis.
1232 2278 1334 2305 Utrum
1354 2277 1452 2312 igitur,
1473 2285 1542 2306 cum
1557 2278 1665 2305 natura
1674 2274 1759 2311 prin-

932 2323 1010 2360 cipia
1026 2321 1173 2359 simplicia
1188 2322 1403 2354 constituisset,
1419 2324 1447 2350 et
1465 2321 1505 2350 ad
1525 2321 1697 2350 mistionem
1715 2326 1759 2347 se-

932 2368 1065 2398 cundum
1086 2368 1334 2404 temperationem
1359 2366 1505 2404 principia
1523 2367 1573 2395 illa
1592 2364 1759 2394 concurris-

933 2415 1010 2448 sent,
1031 2414 1217 2440 attraxerunt
1235 2411 1309 2440 illud
1327 2411 1410 2448 quod
1429 2411 1546 2439 misceri
1560 2410 1657 2447 potuit
1671 2410 1684 2438 ?
1696 2411 1760 2438 Non

933 2457 1013 2486 enim
1039 2456 1112 2484 illud
1140 2456 1222 2492 quod
1253 2456 1369 2484 nullum
1397 2455 1520 2484 omnino
1546 2448 1683 2483 habitum
1714 2455 1760 2482 est

933 2503 1128 2533 consecutum
1157 2500 1364 2537 turpissimum
1392 2499 1503 2536 aliquid
1531 2499 1587 2527 sibi
1607 2498 1756 2536 proponit.

934 2548 1016 2575 Esset
1027 2545 1108 2574 enim
1119 2547 1249 2574 erratum
1262 2553 1297 2573 ac
1308 2544 1452 2581 probrum
1464 2546 1589 2572 naturas.
1597 2545 1759 2580 Postquam

933 2591 1022 2627 igitur
1036 2590 1110 2619 illud
1126 2589 1210 2627 quod
1225 2597 1286 2618 non
1305 2592 1368 2618 erat
1382 2597 1448 2617 esse
1462 2589 1550 2625 coepit
1568 2590 1596 2616 et
1620 2588 1758 2616 habitum

933 2637 1077 2673 adeptum
1097 2637 1149 2669 est,
1179 2635 1279 2663 statim
1299 2634 1442 2662 diffusum
1462 2634 1492 2662 in
1507 2633 1640 2662 diversas
1659 2635 1760 2670 partes

932 2682 1014 2710 varie
1031 2682 1176 2718 permeat,
1210 2681 1298 2717 atque
1329 2679 1439 2708 idcirco
1465 2679 1530 2708 aliis
1562 2678 1706 2707 uniuntur
1734 2679 1764 2706 et

933 2725 1059 2755 diversis
1074 2725 1220 2757 diversas,
1233 2732 1293 2752 non
1309 2727 1410 2753 tamen
1420 2733 1490 2753 cum
1504 2724 1645 2753 omnibus
1658 2724 1762 2752 omnia

932 2770 1083 2802 Facultate
1092 2770 1183 2807 igitur
1190 2769 1293 2799 omnia
1303 2771 1372 2798 sunt
1382 2777 1477 2798 unum
1487 2769 1518 2799 in
1529 2770 1649 2804 natura,
1657 2768 1710 2798 sed
1718 2776 1761 2797 se-
