1967 3080
35 82 127 119 1281

522 85 700 114 THEODORI
717 85 750 112 Il.
766 84 813 113 ne
829 81 1060 119 COMMUNIONE
1073 80 1261 115 NATURALI.

1681 88 1750 122 1:82

66 146 167 176 συνέϐη
176 148 223 172 καὶ
235 146 344 178 ταύταις
357 149 450 183 οχίσις
464 156 491 174 τι
504 150 549 174 καὶ
576 146 728 179 διάστασις.
758 149 869 184 Πότερον
898 163 921 187 Α
950 157 994 174 και
1029 152 1168 185 πανταχοῦ
1198 158 1244 175 και
1279 149 1333 185 οὐχ
1356 150 1388 179 ὡς
1419 151 1512 186 μερικὴ
1539 154 1664 188 μιρικοῖς,
1694 150 1748 179 ἀλλ’

65 190 115 217 οὖν
135 190 160 217 ἕν
179 195 215 226 τῷ
241 192 338 222 ταύτας
365 192 520 228 μερίζεσθαι
549 192 701 221 συνεισῆλθε
724 196 754 228 τῇ
786 191 870 217 αὐτῶν

65 234 203 273 διαιρέσει
215 237 243 261 τὸ
260 235 357 271 ἀγαθὸν
381 246 426 262 και
446 238 475 262 τό
490 239 638 274 χείριστον,
653 239 683 263 τὸ
707 238 799 273 μικτὸν
825 246 870 262 και

63 280 98 304 τὸ
137 278 294 312 στασιῶδες,
339 284 447 307 κακιῖνα
483 283 511 307 τὸ
537 281 667 307 ποικίλλον
705 281 867 316 εἰσήγαγον;

63 324 203 359 πεφύκασι
229 325 279 360 γὰρ
308 324 447 350 ποικίλλειν
475 326 507 351 τὰ
533 327 600 361 μέσα
628 327 656 351 αἱ
687 324 868 356 ἐναντιότητες,

63 369 159 404 ὥσπερ
179 378 224 394 και
246 368 288 395 ἐπὶ
300 373 349 395 τῶν
363 371 519 406 σχημάτων.
533 370 562 396 Ἦ
578 371 627 407 γὰρ
657 369 798 401 διάστασις
819 375 869 396 τῶν

63 414 146 439 θείων
175 423 220 439 και
245 423 294 439 των
327 413 491 450 ἀνθρωπίνων
518 413 586 441 οὖσα
612 415 704 446 πολλὴ,
733 415 814 444 αὑτήν
840 414 870 442 δὲ

62 455 161 486 ἐπειδὴ
208 455 256 484 διὰ
294 460 375 493 μέσον
402 460 469 489 τινὸς
487 458 653 495 ἁρμοσθῆναι
692 461 725 490 ὡς
751 461 869 486 ὁπωσοῦν

61 501 170 539 ἀρχὴν,
195 504 224 528 τὸ
250 504 329 538 μέσον
357 504 455 529 τούτων
479 503 531 535 ἕξις
557 503 683 531 ἐποίκιλλε
709 509 870 542 τετραμερῶς

60 556 114 573 και
133 546 286 583 πολυμερῶς
307 557 314 564 ’
337 548 353 576 ἡ
380 549 431 584 γὰρ
444 551 489 574 τοῦ
507 549 624 574 τοιούτου
647 550 755 586 στίρησι
770 548 870 585 ἀγαθοῦ

61 593 116 620 τὴν
133 591 184 622 ἕξιν
203 592 297 628 ἔφερεν,
314 591 380 620 αὕτη
414 590 443 618 δὴ
465 594 512 621 τὴν
542 593 683 628 ποικιλίαν,
708 595 736 620 τό
754 593 870 620 ποικιλον

61 636 100 661 τὰ
115 637 258 672 σχήματα,
284 638 329 662 καὶ.
352 639 436 662 ταῦτα
461 639 507 666 τὴν
533 637 634 671 ἕνωσιν,
660 639 728 665 ὥστε
754 637 800 664 διὰ
824 642 870 665 τοῦ

61 681 153 716 μέσου
174 689 200 706 τε
211 682 256 706 καὶ
269 680 386 707 ποικίλου
404 682 437 707 τὰ
454 679 584 708 διεστῶτα
611 682 785 711 συνήλθοσαν,
816 687 871 715 Τῆς

61 725 114 760 μὲν
143 722 187 751 οὖν
219 724 348 756 ποικιλίας
374 727 471 752 τούτων
499 729 543 753 καὶ
570 730 618 757 τῆς
645 727 757 758 ἑνὼσεως
779 727 870 765 ἐτέρων

59 769 151 804 λόγων
172 768 242 805 λόγοι
268 771 363 805 ἔχουσι
406 772 453 799 τὴν
497 769 642 806 ἀπόδειξιν,
684 774 744 809 περὶ
765 771 794 799 δὲ
819 777 870 799 τῶν

59 814 186 849 κράσεων
199 814 212 840 ό
221 818 266 840 νῦν
279 816 376 845 σκοπὸς
389 813 556 853 ἐφαρμόδιος.

101 902 142 940 β’.
172 905 312 940 Διῄρηνται
339 907 402 940 γοῦν
435 905 463 930 αἱ
485 904 589 942 κράσεις
615 904 665 932 ἀπὸ
692 909 738 936 τῆς
771 907 870 943 φύσεως

58 951 102 983 τῷ
131 949 220 984 τρόπῳ
255 948 282 974 ὃν
302 950 363 985 πρὶν
389 949 503 985 εἴπομεν,
531 949 609 976 αὗται
635 948 665 977 δὴ
688 953 870 988 μεμονωμένοις

60 991 166 1029 οἰμῶσι
192 1002 236 1018 και
263 994 411 1029 μίγνυνται.
437 996 586 1030 Θεωρητέον
613 998 676 1031 γοῦν
704 995 784 1026 αὐτὰς
811 995 870 1022 καθ’

61 1036 148 1068 αὐτὰς
165 1037 233 1069 ὅπως
246 1036 299 1063 εἰσί
317 1046 344 1064 τε
370 1047 415 1063 και
431 1042 595 1067 κοινωνοῦσι,
626 1042 708 1065 Τοῦτο
734 1037 763 1066 δὲ
790 1039 870 1070 οὕτως

62 1081 97 1107 ἆν
113 1082 204 1120 εὑριθῇ
221 1091 229 1098 ο
246 1081 431 1113 ἔξιτασθέντων
458 1086 507 1108 τῶν
535 1085 675 1119 στοιχείων
704 1093 731 1110 τι
756 1094 801 1110 και
825 1089 870 1116 τῆς

64 1128 178 1163 φύσεως,
194 1137 239 1153 και
253 1127 268 1156 ἠ
283 1128 328 1164 μεν
341 1125 385 1154 οὖν
407 1128 486 1164 φύσις
504 1130 577 1158 κοινὴ
606 1131 672 1155 πᾶσι
696 1139 741 1155 και
768 1131 869 1156 πάντων

64 1175 254 1208 κατηγορεῖται
285 1181 331 1197 και
358 1173 561 1208 γνωματεύιται,
603 1183 647 1199 και
676 1175 779 1210 κέντρον
806 1184 869 1200 ποιν-

65 1219 172 1252 ταχόσε
186 1216 334 1253 εὑρίσκεται
352 1226 397 1242 και
412 1215 484 1254 ἀρχὴ
511 1227 556 1243 και
583 1220 668 1253 πηγὴ,
695 1228 740 1244 και
760 1228 800 1244 τοι
824 1228 869 1245 και

64 1270 117 1286 των
134 1261 218 1299 ἄκρων
233 1260 278 1290 ὅλη
296 1259 385 1288 διόλου
398 1260 455 1288 ἐστί
466 1271 511 1288 και
536 1266 586 1288 τῶν
605 1264 755 1298 μεσοτήτων
772 1263 870 1299 ὁμοίως

52 1369 136 1401 sunt,
152 1367 301 1396 interdum
308 1368 399 1396 etiam
410 1369 604 1404 conveniunt,
626 1377 663 1397 ex
675 1377 711 1398 eo
726 1370 760 1398 ﬁt
773 1373 804 1398 ut
814 1378 883 1398 con-

50 1412 233 1440 venientiam
240 1421 274 1441 ac
281 1412 453 1442 distantiam
459 1413 515 1442 illis
522 1414 657 1442 accidere
664 1415 884 1443 animadverta-

951 193 986 222 ὡς
998 192 1099 218 πάντων
1112 195 1196 226 κοινὴ,
1213 194 1241 219 αἱ
1265 191 1294 220 δὲ
1319 194 1424 228 κράσεις
1448 193 1473 220 ἐν
1500 197 1544 231 μιν
1570 199 1602 233 τῇ
1623 197 1698 232 φύσει
1717 197 1750 226 ὡς

950 246 995 265 και
1009 238 1041 263 τὰ
1054 241 1186 274 στοιχεῖα,
1214 237 1276 264 ἐπὰν
1310 236 1341 264 δὲ
1363 238 1521 266 ποικιλθῶσι
1545 239 1645 276 ῥίποιεν
1674 240 1710 272 εἰς
1736 241 1750 268 ὅ

949 282 1096 317 πεφύκασιν
1125 281 1233 315 ἒκάστη,
1268 284 1352 313 καθὼς
1376 285 1539 321 προείρηται.
1566 284 1626 311 Εἰσί
1650 283 1680 311 δί
1705 294 1751 311 και

950 327 1054 363 κράσεις
1068 329 1104 362 μὴ
1122 326 1219 360 ύλικαί,
1247 328 1340 358 αἳτινες
1354 329 1422 354 κατὰ
1433 330 1476 354 τὸν
1496 328 1574 355 αὐτὸν
1604 328 1679 364 λόγον
1705 339 1751 356 και

951 370 1027 398 αὗταί
1041 375 1194 398 κοινωνοῦσι
1221 376 1269 403 τῆς
1297 373 1395 408 φύσεως
1412 383 1418 389 ·
1436 373 1457 400 εἱ
1478 374 1527 409 γὰρ
1542 383 1588 400 και
1610 373 1686 400 αὗται
1712 376 1748 410 μὴ

950 415 1048 450 ύλικαί,
1078 416 1132 442 ἀλλ’
1159 415 1202 444 οὖν
1231 417 1271 444 ὃτι
1299 418 1404 454 κράσεις
1428 421 1531 453 μικταί,
1555 419 1642 450 καθὼς
1664 418 1688 444 ἐν
1714 423 1751 455 τῷ

949 463 1065 498 προτέρῳ
1085 463 1186 498 εἴρηται
1205 461 1271 498 λόγῳ
1293 472 1300 479 ·
1330 463 1383 488 οἷον
1407 463 1442 493 ὡς
1473 463 1516 489 ἐπί
1543 467 1594 489 τῶν
1617 467 1752 500 μουσικῶν

951 505 1089 542 ἁρμονιῶν¹
1116 505 1158 533 ἐπί
1181 510 1230 532 τῶν
1255 516 1401 542 σχηματων
1427 511 1477 533 τῶν
1504 511 1612 543 νοητῶν,
1639 507 1751 535 ἐπὶτῶν

952 551 1068 586 σχέσεων
1094 554 1144 576 τῶν
1179 560 1207 578 τε
1245 550 1423 587 ἀριθμητικῶν
1449 561 1493 577 και
1522 556 1572 578 τῶν
1606 551 1688 578 ἄλλων
1716 553 1750 578 ὧν

951 596 1064 631 εἴπομεν.
1096 593 1169 621 Aid”
1195 595 1282 623 ὑλικαί
1308 596 1415 631 κράσεις
1443 605 1488 622 και
1512 595 1590 623 αὗται
1614 600 1645 633 τῇ
1673 597 1752 634 ὁμοίᾳ

950 639 1022 671 τάξει
1043 643 1196 666 κοινωνοῦσι
1222 643 1269 670 τῆς
1293 641 1391 676 φύσεως
1414 650 1460 667 και
1478 641 1639 678 μερίζονται,
1671 643 1704 670 τὰ
1721 640 1751 668 δὲ

953 688 1075 720 στοιχεῖα
1102 684 1149 710 οὐκ
1177 683 1277 720 ἀλόγως
1304 688 1471 711 κοινωνοῦσιν
1497 685 1589 717 αὐτῆς,
1619 695 1665 712 και
1685 687 1751 723 πρὸς

952 728 1030 755 ἑαυτὰ
1047 731 1120 765 πηγὴ
1144 731 1214 762 ὄντα,
1247 738 1292 754 και
1306 739 1347 755 τοι
1370 733 1420 755 τῶν
1446 731 1574 767 κράσεων,
1604 729 1668 756 ἀλλὰ
1691 729 1750 757 καθ’

951 773 1107 810 ἁρμονικοὺς
1141 773 1234 810 λόγους
1273 771 1455 807 διπλασίονας,
1492 774 1629 811 ἡμιολίους
1650 784 1678 802 τε
1705 785 1751 802 και

951 817 1098 855 ἐπιτρίτους
1117 828 1124 834 ·
1140 819 1226 844 πάντα
1253 819 1304 854 γὰρ
1326 819 1359 844 τὰ
1382 819 1441 845 καθ’
1461 820 1528 845 αὑτά
1554 820 1682 856 ἡνωμένα,
1706 830 1752 847 και.

950 865 986 898 μή
1016 861 1042 890 δ’
1074 862 1166 897 ἄλλων,
1200 862 1325 892 κυκλικὴν
1350 864 1398 891 τὴν
1427 866 1578 902 συστροφὴν
1607 865 1716 900 ἔχουσιν
1743 874 1751 882 ·

950 909 1061 936 ῆνωνται
1087 908 1138 945 γὰρ
1155 917 1200 933 και
1226 908 1259 933 τὰ
1284 911 1331 933 τῶν
1360 908 1488 944 σωμάτων
1513 910 1579 945 μέρη
1604 918 1649 935 και
1675 908 1751 946 μέλη,

949 952 983 978 τά
996 961 1023 978 τε
1048 956 1098 978 τῶν
1113 951 1225 987 ἀψύχων
1249 961 1294 977 και
1310 955 1361 977 τῶν
1385 951 1525 988 ἐμψύχων,
1553 951 1607 978 ἀλλ’
1633 953 1662 979 οὗ
1691 953 1750 981 καθ’

951 995 1019 1022 αὑτά
1036 997 1099 1034 πρὸς
1123 996 1190 1022 αὐτὰ
1213 995 1259 1022 ὅλα
1287 999 1340 1026 τοῖς
1361 995 1431 1027 ὅλοις
1453 996 1545 1023 ἕνωσιν
1569 997 1674 1032 ἔχουσι,
1706 995 1753 1024 διὰ

950 1045 1000 1067 τῶν
1028 1043 1113 1077 μέσων
1137 1038 1167 1067 δὴ
1191 1040 1309 1067 ἑνοῦνται
1334 1042 1367 1067 τὰ
1395 1041 1567 1079 παρεκάτερα,
1597 1042 1612 1071 ἡ
1646 1039 1676 1068 δὲ
1701 1045 1752 1068 τῶν

952 1087 1092 1121 στοιχείων
1120 1085 1209 1115 ἕνωσις
1227 1085 1257 1111 οὐ
1272 1086 1393 1119 τοιαύτη,
1414 1084 1468 1111 ἀλλ’
1483 1085 1528 1115 ὅλη
1549 1088 1601 1116 τοῖς
1620 1085 1687 1116 ὅλοις
1714 1083 1752 1112 δι’

950 1130 1014 1156 ὅλων
1028 1139 1074 1156 και
1087 1129 1134 1156 οὐκ
1159 1129 1184 1156 ἐν
1211 1131 1283 1167 μέσῳ
1308 1133 1391 1157 τινῶν.
1414 1129 1493 1156 Ἕστι
1513 1127 1542 1156 δὲ
1569 1139 1613 1156 και
1627 1130 1699 1162 τάξις
1727 1131 1752 1158 ἂν

951 1174 1037 1204 αὐτοῖς
1057 1175 1125 1200 κατά
1143 1184 1171 1200 τε
1195 1175 1224 1200 τὸ
1248 1174 1300 1200 ἄνω
1327 1184 1372 1200 και
1392 1175 1422 1200 τὸ
1441 1175 1524 1208 κάτω,
1552 1175 1582 1200 τὸ
1604 1174 1698 1210 μᾶλλόν
1725 1184 1753 1201 τε

949 1229 993 1245 και
1016 1220 1046 1245 τὸ
1061 1218 1148 1254 ἧττον,
1165 1220 1194 1244 τὸ
1208 1220 1300 1251 ποσὸν,
1319 1220 1348 1244 τὸ
1374 1220 1470 1255 κοῦφόν
1496 1228 1523 1245 τε
1548 1228 1594 1244 και
1613 1217 1689 1256 βαρῖ,
1708 1229 1754 1245 και

949 1265 1016 1290 κατὰ
1112 1265 1141 1290 τὸ
1178 1263 1230 1290 ἄνω
1264 1272 1309 1290 και
1341 1263 1422 1297 κάτω,
1455 1273 1500 1290 και
1525 1263 1592 1294 αὐτῇ
1628 1261 1705 1293 δηλοί
1736 1264 1751 1293 ἧ

938 1370 997 1398 bus
1011 1370 1183 1404 misceatur,
1205 1371 1257 1399 sed
1268 1371 1442 1399 utomnium
1455 1371 1768 1408 communis.'l‘empe-

939 1415 1069 1443 rationes
1083 1417 1185 1443 autem
1204 1415 1270 1443 aliae
1284 1415 1408 1451 quidem
1415 1417 1484 1444 sunt
1491 1417 1609 1451 natura,
1635 1418 1668 1444 ut
1678 1416 1769 1445 etiam

53 1465 136 1484 mus.
150 1457 349 1493 Utrumigitur
356 1466 427 1486 cum
440 1458 723 1493 dividerentur,una
732 1467 801 1488 cum
810 1460 886 1488 divi-
901 1478 923 1505 ο
940 1459 1095 1487 elementa.
1110 1460 1273 1496 Postquam
1286 1467 1357 1487 vero
1369 1459 1544 1488 varietatem
1558 1462 1764 1496 susceperunt,

53 1501 142 1529 sione
152 1501 562 1538 ipsarumirrepseritbonum
569 1506 596 1531 et
605 1503 725 1539 malum,
748 1504 886 1540 proclivi-

54 1548 102 1573 tas
117 1546 156 1574 ad
175 1546 356 1579 mistionem,
373 1550 401 1575 et
414 1547 584 1583 proclivitas
601 1548 640 1575 ad
671 1548 884 1583 secessionem,

55 1592 100 1620 ita
114 1594 145 1619 ut
160 1591 334 1619 varietatem
349 1591 520 1620 induxerint
539 1593 553 1620 ?
572 1594 646 1620 Nam
662 1593 886 1622 contrarietates

57 1636 158 1664 solent
169 1636 354 1664 intermediis
372 1638 548 1665 varietatem
562 1637 678 1671 afferre,
700 1641 731 1666 ut
753 1638 844 1666 etiam
855 1638 888 1667 ﬁt

55 1681 87 1708 in
103 1680 218 1715 ﬁguris,
235 1680 308 1709 Cum
320 1680 400 1709 enim
408 1681 735 1717 distantiapositionum
753 1686 780 1710 et
789 1691 888 1711 rerum

56 1725 264 1753 humanarum
281 1726 361 1761 (qua;
374 1733 488 1760 magna
499 1725 554 1762 est)
564 1726 742 1755 intermedio
754 1728 889 1763 quodam

57 1771 138 1798 esset
151 1769 322 1805 copulanda
343 1777 349 1797 :
375 1769 485 1797 harum
510 1770 687 1799 intermedio
717 1773 889 1800 varietatem

57 1813 290 1850 quadruplicem
308 1813 446 1850 adeoque
459 1814 655 1850 multiplicem
672 1815 889 1844 habilitascon-

58 1858 178 1886 ciliavit.
196 1859 271 1886 Nam
292 1857 356 1886 talis
371 1858 444 1886 boni
463 1859 592 1895 privatio
612 1859 799 1888 habilitatem
815 1862 890 1889 attu-

56 1903 101 1935 lit,
115 1902 256 1930 habilitas
273 1910 342 1930 vero
349 1903 524 1931 varietatem
536 1913 545 1939 ;
561 1904 690 1932 varietas
702 1907 801 1933 autem
813 1904 890 1940 ﬁgu-

58 1955 122 1982 ras,
130 1949 159 1975 et
165 1947 270 1982 ﬁgurae
277 1947 510 1983 copulationem.
520 1948 722 1981 Quamobrem
734 1957 803 1985 quas
815 1949 892 1977 inter

61 2000 93 2020 se
113 1991 411 2025 multumdistabant,
420 1992 618 2020 intercedente
639 1992 848 2029 aliquomedio
863 1996 892 2022 et

60 2036 145 2065 vario
155 2043 332 2064 convenere.
347 2037 486 2065 Rationes
499 2039 599 2065 autem
608 2037 760 2066 varietatis
780 2037 891 2066 horum

61 2083 91 2109 et
108 2080 307 2117 copulationis
320 2081 379 2109 alio
404 2081 436 2109 in
461 2081 527 2109 loco
555 2081 683 2118 aliisque
703 2083 891 2116 argumentis

61 2125 314 2153 demonstrantur.
339 2126 423 2154 Nunc
450 2133 522 2154 vero
558 2126 741 2154 tractationis
753 2126 828 2155 ordo
845 2135 891 2155 re-

61 2170 200 2206 quiritut,
215 2169 672 2206 quemadmodumpropositum
683 2173 729 2199 est
736 2171 836 2203 nobis,
853 2171 891 2200 de

62 2214 331 2251 temperationibus
344 2214 492 2243 dicamus.

98 2306 127 2332 2.
146 2303 298 2332 Dictinctae
306 2305 377 2332 sunt
393 2303 483 2339 igitur
493 2304 723 2340 temperationes
739 2312 757 2333 a
783 2306 892 2333 natura

65 2348 158 2377 modo
172 2356 266 2385 quem
281 2350 349 2377 ante
355 2348 495 2377 diximus.
505 2351 688 2385 lpsaaautem
694 2349 834 2378 solitaria
844 2349 890 2378 in-

64 2394 163 2422 ferunt
182 2401 213 2422 se
227 2396 256 2422 et
275 2394 448 2423 miscentur.
475 2395 549 2422 Sunt
574 2394 663 2430 igitur
693 2395 766 2431 ipsae
786 2402 839 2431 per
858 2402 891 2423 se

65 2446 205 2468 seorsum
211 2438 438 2466 consideranda
445 2446 506 2474 quo
515 2438 606 2467 modo
612 2439 756 2468 exsistant
762 2441 791 2468 et
801 2447 893 2476 copu-

63 2483 171 2512 lentur.
187 2484 246 2511 Hoc
266 2485 367 2511 autem
382 2483 506 2511 inveniri
520 2483 628 2519 poterit
656 2484 680 2512 si
701 2483 848 2512 elementa
862 2487 892 2512 et

65 2531 209 2558 naturam
222 2528 399 2565 perscrutati
413 2528 568 2557 fuerimus.
588 2530 629 2557 Ac
642 2531 751 2558 natura
767 2529 892 2566 quidem

65 2573 265 2602 communiter
279 2575 307 2602 et
321 2572 627 2606 deomnibusdicitur,
635 2575 664 2601 et
672 2574 758 2610 quasi
766 2581 891 2609 gnomo-

65 2618 154 2647 nibus
169 2617 408 2646 circumdaturet
414 2617 616 2654 undequaque
622 2621 757 2646 centrum
777 2626 841 2647 esse
846 2626 892 2647 re-

67 2662 188 2699 peritur,
206 2661 387 2698 principium
398 2661 513 2696 etfons,
527 2661 595 2690 licet
612 2661 698 2690 etiam
715 2663 776 2690 tota
784 2670 837 2698 per
846 2664 893 2691 to-

68 2711 112 2735 tas
124 2706 336 2741 extremitates,
354 2706 523 2735 medietates
529 2713 696 2742 omnesque
702 2706 779 2735 adeo
792 2709 893 2743 partes

100 2750 267 2784 diﬂ‘undat,
276 2758 374 2789 neque
381 2752 413 2780 ut
418 2750 605 2788 particularis
613 2758 683 2779 cum
704 2750 892 2787 particulati-

939 1503 1048 1532 inillud
1060 1503 1232 1532 inﬂuuntad
1239 1503 1322 1540 quod
1328 1505 1405 1540 aptas
1416 1506 1554 1540 nataeque
1569 1506 1648 1540 sunt,
1660 1511 1767 1540 quem-

940 1547 1103 1576 admodum
1116 1550 1184 1576 ante
1197 1547 1306 1575 dictum
1317 1549 1373 1576 est.
1408 1549 1482 1576 Sunt
1500 1550 1601 1576 autem
1625 1548 1768 1584 quaedam

940 1592 1171 1628 temperationes
1178 1599 1240 1619 non
1247 1592 1410 1620 materiam:
1415 1600 1485 1628 quae
1491 1592 1640 1628 ex;eadem
1653 1592 1769 1620 ratione

942 1636 1014 1672 ipsae
1025 1644 1148 1673 quoque
1163 1638 1303 1664 naturam
1317 1636 1505 1672 participant.
1531 1636 1673 1669 Quamvis
1687 1637 1768 1665 enim

942 1681 1002 1709 sint
1022 1681 1155 1709 materiei
1172 1683 1318 1717 expertes,
1336 1681 1408 1717 quia
1427 1684 1528 1709 tamen
1540 1683 1610 1709 sunt
1624 1683 1771 1717 tempera-

942 1725 1049 1759 tiones,
1066 1728 1135 1754 sunt
1167 1724 1357 1753 admistionis
1377 1725 1547 1762 participes,
1577 1727 1610 1754 ut
1633 1726 1723 1754 etiam
1737 1725 1770 1754 in

944 1770 1042 1806 priore
1050 1777 1188 1798 sermone
1193 1769 1417 1806 docuimus,cuj
1422 1769 1542 1798 usmcdi
1552 1772 1623 1798 sunt
1635 1770 1666 1798 in
1677 1770 1771 1799 musi-

946 1814 988 1842 cis
1001 1814 1216 1849 instrumentis,
1233 1815 1264 1843 in
1276 1815 1381 1850 ﬁguris
1395 1823 1464 1851 quas
1471 1815 1530 1843 sub
1544 1815 1771 1851 intelligentiam

946 1859 1068 1891 cadunt,
1084 1859 1115 1887 in
1130 1859 1408 1896 comparationibus
1443 1859 1635 1888 arithmeticis
1660 1862 1689 1888 et
1706 1859 1772 1888 aliis

945 1903 1036 1930 rebus
1049 1910 1180 1939 quarum
1194 1903 1399 1932 meminimus.
1424 1905 1513 1932 Porro
1540 1903 1772 1940 temperationes

946 1947 1110 1976 materiam
1123 1948 1214 1976 etiam
1232 1948 1307 1984 ipsa
1322 1948 1430 1976 eadem
1445 1948 1560 1977 ratione
1584 1955 1654 1976 cum
1662 1949 1773 1977 natura

946 1992 1193 2020 communionem
1221 1992 1335 2021 habent
1356 1995 1385 2021 et
1410 1992 1637 2029 dispartiuntur.
1661 1995 1698 2022 At
1712 1992 1771 2021 ele-

946 2039 1049 2065 menta
1080 2043 1142 2064 non
1179 2036 1294 2072 absque
1332 2037 1447 2066 ratione
1471 2037 1651 2073 participant
1677 2036 1771 2070 illam,

946 2081 1057 2109 etiamsi
1070 2081 1125 2109 sibi
1132 2080 1190 2109 sint
1199 2080 1266 2109 fons
1274 2083 1303 2109 et
1326 2081 1412 2116 origo
1426 2081 1677 2118 temperationum
1694 2089 1701 2114 ;
1718 2081 1772 2110 sed

946 2125 1125 2162 participant
1138 2125 1506 2154 secundumharmonicas
1516 2125 1646 2154 rationes
1661 2133 1772 2162 nempe

946 2169 1065 2206 duplas,
1081 2169 1292 2205 sesquialteras
1313 2172 1342 2198 et
1353 2170 1567 2207 sesquitertias.
1601 2171 1676 2199 Nam
1688 2177 1771 2206 quina

946 2222 1065 2251 cunque
1076 2221 1130 2250 per
1149 2213 1331 2242 seuniuntur
1346 2217 1375 2243 et
1387 2222 1508 2251 nonper
1515 2214 1771 2249 alia,circularem

946 2259 1175 2288 conversionem
1189 2258 1312 2293 habent,
1326 2258 1417 2287 unitas
1430 2259 1510 2288 enim
1545 2261 1616 2288 sunt
1639 2259 1772 2295 corporis

945 2305 1057 2340 partes.
1070 2305 1098 2331 et
1112 2302 1250 2331 membra
1265 2305 1326 2331 tam
1336 2303 1539 2332 animatorum
1573 2311 1669 2340 quam
1677 2303 1772 2332 inani-

946 2351 1108 2382 matorum,
1120 2347 1173 2376 sed
1188 2355 1249 2376 non
1261 2348 1327 2384 ipsa
1341 2355 1395 2384 per
1404 2356 1435 2376 se
1450 2350 1511 2377 tota
1524 2348 1667 2377 cumtctis
1688 2348 1773 2377 unita

947 2395 1026 2427 sunt,
1036 2392 1090 2421 sed
1098 2392 1349 2421 intercedentibus
1362 2393 1469 2421 mediis
1475 2392 1588 2422 interse
1594 2393 1679 2422 unita
1690 2395 1769 2427 sunt.

947 2440 982 2466 At
990 2437 1208 2466 elementorum
1218 2438 1392 2466 communio
1410 2445 1472 2466 non
1487 2439 1531 2466 est
1549 2437 1627 2472 talis,
1649 2437 1702 2466 sed
1711 2440 1773 2467 tota

947 2482 1014 2510 totis
1029 2489 1083 2518 per
1091 2483 1155 2510 tota
1162 2481 1253 2510 nullis
1260 2481 1511 2511 intercedentibus
1517 2481 1624 2510 mediis
1638 2481 1774 2510 adunata

948 2529 1029 2555 sunt.
1043 2527 1092 2554 Est
1109 2525 1200 2554 etiam
1213 2525 1288 2555 ordo
1302 2526 1334 2554 in
1347 2526 1394 2554 his
1407 2525 1575 2555 secundum
1587 2525 1773 2562 superiorem

947 2574 976 2600 et
985 2570 1154 2600 inferiorem
1169 2569 1281 2603 locum,
1294 2569 1326 2599 id
1335 2570 1418 2607 quod
1436 2572 1481 2598 est
1494 2570 1594 2605 magis
1616 2572 1645 2598 et
1654 2570 1768 2606 minus,

948 2615 1116 2644 secundum
1123 2615 1333 2650 quantitatem,
1339 2614 1499 2648 levitatem,
1506 2617 1534 2643 et
1540 2613 1725 2650 gravitatem,
1732 2615 1774 2644 Ac

949 2661 1025 2690 ordo
1035 2660 1156 2697 quidem
1167 2659 1336 2688 secundum
1355 2660 1540 2696 superiorem
1568 2658 1773 2688 etinferiorem

949 2706 1048 2734 locum
1058 2704 1216 2734 manifeste
1226 2703 1364 2733 cernitur.
1379 2705 1454 2733 Nam
1479 2703 1557 2739 ignis
1583 2710 1705 2732 sursum
1712 2703 1775 2732 fer-

950 2753 1008 2787 tur,
1020 2750 1091 2780 huic
1102 2749 1258 2786 subjicitur
1272 2756 1333 2783 aer,
1342 2757 1424 2787 aqua
1432 2749 1531 2785 magis
1540 2748 1656 2779 accedit
1664 2747 1705 2780 ad
1715 2750 1774 2780 tet-
