1967 3080
202 97 269 131 {283

960 86 1139 124 motam.

1875 89 1929 118 1284

212 163 332 201 ἒνάργιια
345 172 352 179 -
369 161 494 198 ἁνωφιρὶς
510 161 561 197 γὰρ
578 161 608 187 τὸ
621 162 686 197 πῦρ,
702 159 751 186 ὑπὸ
772 157 801 186 δί
817 158 830 186 ὁ
846 158 908 195 ἀὴρ,
923 166 1017 194 προσςο
1046 156 1070 184 Α
1100 154 1206 182 τουτουί
1225 151 1332 182 κύκλου.
1357 151 1444 180 Ἔστω
1468 151 1554 180 τοίνυν
1569 150 1582 179 ὅ
1608 152 1706 184 iubilo;
1733 153 1752 183 ἡ
1790 154 1820 179 Δ
1838 154 1860 178 Β
1876 154 1895 178 Γ
1908 156 1926 179 .t.

212 211 338 246 χέστιρον
350 205 380 234 δὶ
395 208 424 233 τὸ
438 204 510 244 ὕδωρ
525 209 556 242 τῇ
570 209 604 242 γῇ
633 216 638 222 ·
656 207 722 242 μίση
745 206 760 235 ἡ
789 208 834 241 γῆ,
858 204 948 230 Πάντα
972 210 1018 229 χαι

212 254 262 290 γὰρ
277 254 311 279 τὰ
324 251 394 289 βάρη
411 251 545 288 αὐτοφυῶς
557 251 620 288 πρὸς
636 251 664 276 τὸ
676 252 778 287 κέντρον
793 250 863 287 ὁρμᾷ
877 259 884 266 ο
900 249 930 274 τὸ
950 247 1016 284 μᾶλ-

212 297 254 325 λον
267 295 297 323 δὲ
312 307 356 323 και
368 297 398 323 τὸ
411 296 498 330 ἧττον,
513 295 605 326 οὕτως.
623 294 725 322 Μᾶλλον
741 294 766 321 ἐν
786 297 820 331 γῇ
838 291 910 331 ὕδωρ
926 302 971 319 και
986 291 1016 319 οὔ

211 345 276 379 πῦρ,
287 351 334 369 και
352 339 377 368 ἕν
401 340 484 378 αἰθέρι
518 339 580 378 ἀὴρ,
604 349 650 366 και
674 339 738 376 οὐχι
759 343 806 375 γῆ,
835 348 878 365 χαι
905 337 931 364 ἄν
959 336 1016 374 ἀέρι

212 385 284 424 ὕδωρ
304 395 349 413 και
372 385 436 422 οὐχί
450 389 496 422 γῆ,
517 395 562 412 και
576 384 601 412 ἐν
620 382 701 411 ὕδατι
727 382 778 421 ἀὴρ
792 393 838 410 και
862 382 926 418 οὐχί
952 385 1014 419 πῦρ.

211 431 289 458 ’Ἐστι
308 429 338 457 δὴ
357 433 423 458 πᾶσι
439 431 533 464 πάντα,
559 431 681 467 οὔμινουν
705 427 734 456 δί
758 426 806 455 διὰ
831 430 913 465 μέσον
936 427 1014 462 τινὸς,

213 475 266 502 ἀλλ’
281 476 348 502 αὐτὰ
367 474 404 502 δι’
427 475 490 502 ὅλων
515 474 610 510 αὐτῶν,
633 474 699 504 πλὴν
722 475 791 500 κατὰ
817 475 846 500 τὸ
865 471 960 510 μᾶλλόν
988 479 1016 498 τε

211 530 257 547 και
279 522 309 548 τὸ
331 521 418 555 ἧττον,
443 521 572 550 ποσότητι
599 516 628 546 3":
661 519 754 546 κάθότι
780 519 814 545 τὰ
842 518 1017 556 πιριιχόμινα

211 570 260 592 τῶν
284 567 474 603 περιεχομένων
516 563 629 601 ἐλάσσω,
659 565 728 590 κατὰ
745 565 793 593 τὴν
819 566 866 590 τοῦ
894 565 1015 598 σώματος

211 609 333 647 ἀνάλογον
374 612 550 646 στεγανοτητα
584 610 599 639 ἢ
647 610 781 647 ὑγρότητα
817 608 832 638 ἣ
856 607 976 636 λειοτητα
997 606 1012 636 ἦ

210 657 355 692 μανότητα,
380 655 394 685 ἢ
417 654 571 689 λεπτότητα,
600 656 749 690 κουφότητα
764 653 887 684 ὡσαύτως
914 661 942 678 τι
970 660 1016 678 και

211 698 361 738 βαρύτητα,
382 707 427 726 και
452 703 529 726 τοῦτο
553 701 671 736 γνωστὸν
695 698 739 725 ἀπ’
764 698 847 729 αὐτῆς
868 701 914 727 τῆς
943 695 1014 733 ἔναρ-

209 747 281 782 γειας
312 745 384 772 εστίν
413 752 420 762 ι
439 743 502 771 οὑδὶ
528 745 578 782 γὰρ
601 743 811 782 ιίλιχρινὲστιρον
834 744 906 779 γνοίη
930 751 959 777 γε
983 739 1014 767 ἆν

209 794 259 822 πᾶς
282 788 329 817 οὐκ
353 788 396 826 ἀφ’
424 788 516 817 ἑαυτοῦ
543 794 607 816 νοῶν
644 789 713 816 τοῦτ’
734 788 797 815 αὐτὸ
819 788 834 818 ἣ
858 786 884 819 ἐξ
904 786 988 813 αὐτῶν
1004 795 1012 804 ·

210 836 268 871 ἔχει
298 836 347 872 γὰρ
379 833 447 861 αὐτὰ
467 835 500 861 τὰ
533 837 655 871 στοιχεῖα
677 835 725 863 τὴν
748 837 797 860 τῶν
825 832 950 869 ἑκατέρων
979 830 1013 862 εἰς

211 879 292 906 ἑαυτὰ
311 878 436 917 ἐνέργειαν
466 878 502 910 εἰς
520 878 663 916 τούμφανὶς
686 880 720 905 τὰ
741 877 836 904 ἑαυτῶν
861 873 1013 903 δεικνύοντα

211 921 344 962 ἰδιώματα
359 932 366 941 ⁸
383 925 485 955 τούτοις
505 921 534 950 δί
548 925 626 960 φύσις
645 923 715 950 ἔστὶν
730 921 814 960 ἀρχὴ,
831 922 957 960 μερισμὸς
983 919 1012 947 δί

210 970 326 1006 ὑπάρχει
351 968 431 1000 αὐτῆς
454 979 461 986 ·
479 969 546 995 οὕτω
567 970 617 1007 γὰρ
644 978 689 995 και
717 969 751 994 τὰ
777 968 843 1004 μετὰ
870 970 954 992 ταῦτα
978 968 1009 1001 τῇ

209 1014 288 1050 ὁμοίᾳ
302 1012 419 1050 ποικιλίᾳ
443 1013 620 1041 ἐπακολουθεῖ.
647 1013 721 1041 Ἐπεί
737 1009 766 1038 δὶ
788 1021 832 1038 και
857 1007 1012 1036 ἀποδεικτι-

209 1063 320 1097 κώτερον
339 1062 398 1096 περὶ
424 1060 525 1095 φύσεως
550 1068 596 1085 χαι
615 1059 732 1095 κράσεων
746 1059 801 1095 χρὴ
826 1057 896 1092 ἡμᾶς
920 1055 1008 1089 εἰπεῖν,

210 1103 257 1130 οὐκ
277 1102 481 1140 ἀναϐαλλόμςθα,
512 1102 566 1130 ἀλλ’
586 1102 612 1134 ἐξ
641 1102 724 1129 αὐτῶν
747 1105 797 1128 τῶν
825 1101 963 1136 στοιχείων
984 1108 1011 1126 τι

209 1150 254 1174 καὶ
269 1151 314 1179 τῆς
341 1149 440 1184 φύσιως
461 1145 631 1183 ἁποδιίξομσν
655 1145 702 1173 διὰ
729 1149 776 1173 τοῦ
802 1146 1010 1183 καταγραφῆς-ος

195 1285 272 1310 ram,
286 1276 388 1306 media
397 1278 500 1306 autem
512 1278 556 1306 est
569 1277 648 1306 terra
661 1282 749 1311 ;nam
758 1273 861 1304 omnia
879 1280 947 1311 quae
956 1280 1023 1310 gra-

195 1322 246 1352 via
260 1324 330 1352 sunt
344 1330 399 1352 sua
414 1324 522 1359 sponte
537 1321 578 1350 ad
591 1323 729 1351 centrum
761 1320 906 1351 feruntur.
929 1321 966 1348 At
976 1327 1022 1348 se-

196 1367 330 1396 cundum
344 1367 376 1395 id
393 1367 477 1404 quod
492 1369 535 1395 est
548 1366 646 1402 magis
661 1368 690 1395 et
711 1365 811 1394 minus
841 1365 899 1394 hoc
917 1364 1020 1393 modo.

195 1411 286 1448 Magis
298 1411 330 1440 in
344 1414 421 1440 terra
434 1414 477 1440 est
491 1419 573 1449 aqua
585 1419 680 1448 quam
694 1410 781 1446 ignis,
795 1409 826 1438 in
839 1409 948 1438 aethere
971 1416 1023 1438 aer

195 1464 290 1494 quam
304 1458 390 1492 terra,
403 1457 435 1485 in
441 1465 509 1486 aere
523 1464 613 1493 aqua,
625 1463 720 1493 quam
728 1457 820 1488 terra,
829 1455 860 1482 in
872 1462 954 1491 aqua
964 1461 1022 1490 po-

195 1501 252 1530 tius
264 1509 325 1538 aer,
341 1509 435 1539 quam
449 1501 536 1538 ignis.
555 1502 735 1531 Suntautem
749 1499 862 1528 interse
880 1498 1022 1528 omnibus

194 1547 309 1582 omnia,
321 1555 428 1576 verum
444 1554 506 1575 non
517 1546 720 1576 intercedente
745 1544 845 1574 medio
872 1543 1021 1581 quodam,

194 1591 246 1620 sed
258 1591 327 1628 ipsa
340 1591 373 1620 in
385 1591 459 1629 ipsis
472 1591 652 1628 totis,idque
665 1590 835 1619 secundum
845 1589 876 1618 id
883 1589 968 1626 quod
978 1589 1022 1616 est
1036 1595 1056 1624 ο

193 1637 290 1672 magis
297 1638 324 1666 et
331 1636 443 1671 minus,
451 1636 615 1665 secundum
623 1635 816 1673 quantitatem
822 1655 828 1666 .
835 1637 936 1663 utcum
945 1641 1022 1662 com<

193 1682 344 1718 prehensa.
350 1681 576 1718 comprehensis
581 1681 700 1709 minore.
706 1682 775 1709 sunt
782 1679 949 1708 secundum
954 1685 1022 1715 pr0<

193 1726 362 1762 portionem
378 1726 454 1762 ejus,
468 1734 536 1763 quae
552 1725 774 1761 estincorpore,
793 1723 960 1759 soliditatis,
969 1724 1022 1752 aut

191 1770 389 1805 humiditatis,
396 1769 662 1804 autmollitudinis,
670 1772 723 1798 aut
733 1768 1022 1804 raritatis,autetiam

192 1815 372 1845 subtilitatis.
380 1815 492 1844 Eodem
499 1815 591 1844 modo
600 1814 768 1843 secundum
776 1813 923 1842 levitatem
935 1815 1022 1848 etgra

192 1860 324 1890 vitatem.
351 1863 444 1898 Atque
458 1860 516 1889 hoc
545 1868 582 1889 ex
602 1860 668 1897 ipsa
703 1858 852 1887 evidentia.
878 1856 1021 1893 cognosci

191 1907 290 1942 potest
306 1907 399 1934 Nemo
412 1905 492 1934 enim
508 1905 653 1941 (cogitans
668 1904 732 1941 ipse
743 1911 798 1941 per
821 1903 863 1938 se)
888 1903 948 1931 hoc
973 1902 1020 1938 ip-

192 1957 260 1978 sum
274 1950 372 1977 verius
384 1957 477 1986 quam
490 1957 526 1978 ex
540 1948 708 1986 ipsisrebus
719 1955 898 1984 cognoscere
909 1949 1017 1984 potest.

191 1993 309 2022 Habent
332 1994 412 2022 enim
439 1994 508 2030 ipsa
535 1993 682 2022 elementa
706 1995 902 2029 utrorumque
925 1992 954 2020 in
987 1999 1019 2019 se

191 2037 392 2072 efﬁcientiam,
418 2037 459 2066 ita
493 2039 525 2066 ut
550 2037 705 2066 manifeste
729 2044 800 2065 suas
821 2036 1018 2073 proprietates

190 2083 330 2120 prodant.
342 2083 390 2111 His
405 2084 505 2111 autem
517 2084 625 2111 natura
637 2081 818 2118 principium
837 2083 890 2110 est.
910 2081 1017 2109 Verum

189 2127 236 2156 his
246 2127 335 2156 etiam
350 2128 427 2156 inest
440 2127 618 2155 distributio.
630 2128 703 2155 Nam
715 2129 820 2155 caetera
829 2134 898 2163 quae
908 2133 1017 2162 sequn-

191 2174 238 2201 tur
255 2171 396 2208 deinceps
425 2171 552 2200 similem
584 2171 756 2200 varietatem
794 2170 930 2199 retinent.
959 2170 1016 2200 Sed

190 2216 336 2253 quoniam
348 2218 464 2253 oportet
473 2223 530 2245 nos
541 2216 578 2245 de
589 2218 697 2245 natura
709 2218 737 2244 et
747 2215 784 2244 de
793 2215 1015 2252 temperationi-

189 2261 247 2290 bus
258 2268 428 2290 sermonem
437 2261 576 2290 facientes
587 2261 692 2290 aﬂ‘erre
698 2260 889 2298 probationes
895 2260 1016 2289 eviden-
1030 2280 1054 2308 D

189 2305 291 2339 tiores,
308 2313 379 2334 sane
393 2305 511 2334 differre
527 2306 677 2335 nolumus.
697 2308 736 2333 Ac
751 2313 788 2333 ex
801 2305 875 2341 ipsis
889 2305 1016 2334 elemen-

189 2350 226 2379 tis
240 2350 365 2387 ipsaque
378 2350 454 2379 adeo
467 2353 575 2379 natura
586 2350 736 2386 descripto
747 2349 804 2378 hoc
815 2349 925 2378 circulo
933 2350 1017 2387 quod

188 2396 328 2425 volumus
343 2395 630 2424 demonstrabimus.
647 2396 716 2423 Esto
731 2394 859 2423 circulus
869 2397 892 2423 A
912 2396 930 2423 Β
945 2397 966 2424 C
981 2397 1014 2424 Ι).

189 2442 309 2478 Oportet
324 2441 414 2476 igitur
432 2441 463 2469 in
475 2441 533 2469 hoc
550 2439 660 2468 circulo
675 2441 790 2468 natura:
816 2443 844 2468 et
871 2442 1017 2477 tempera-

188 2486 304 2515 tionum
317 2485 563 2514 communionem
576 2487 636 2513 tam
652 2483 683 2512 in
704 2483 858 2512 elementis
878 2492 971 2521 quam
985 2484 1016 2513 in

186 2533 295 2560 natura
305 2530 471 2560 ostendere.
492 2531 621 2558 Ducatur
634 2529 673 2558 ab
684 2529 709 2556 Α
724 2528 868 2557 diameter
883 2537 938 2566 per
949 2537 1017 2558 cen-

187 2578 266 2604 trum
274 2584 343 2613 quae
351 2575 526 2605 terminetur
534 2575 564 2603 in
572 2575 603 2603 E.
616 2574 728 2603 Eodem
740 2573 831 2602 modo
842 2574 969 2603 ducatur
979 2582 1016 2603 ex

187 2621 208 2648 Β
221 2628 275 2657 per
293 2623 428 2650 centrum
439 2620 541 2655 altera,
561 2627 630 2657 quae
645 2618 819 2648 tcrminetur
838 2618 869 2647 in
897 2620 930 2648 D.
965 2621 1017 2648 De-

187 2665 355 2694 scribantur
367 2666 417 2695 alii
432 2669 489 2695 tres
499 2665 603 2694 circuli
622 2665 700 2694 intra
719 2663 864 2692 circulum
879 2666 902 2692 Α
915 2665 934 2692 Β
948 2665 968 2693 C
982 2666 1015 2701 D,

186 2709 239 2744 qui
252 2710 376 2745 quidem
387 2710 496 2748 aequali
507 2710 604 2747 spatio
613 2710 690 2738 inter
705 2716 737 2737 se
752 2707 870 2737 distent.
897 2709 1015 2742 Quanto

186 2754 287 2784 autem
307 2755 463 2787 intervallo
484 2755 595 2786 distent
608 2756 671 2784 Aet
685 2755 715 2790 Β,
732 2754 816 2784 tanto
841 2753 931 2785 etiam
967 2754 1016 2785 di—

1093 922 1136 946 Διῖ
1148 922 1209 956 γοῦν
1225 916 1363 951 ἀποδεῖξαι
1385 917 1410 946 ἓν
1433 917 1503 955 αὐτῷ
1528 920 1576 948 τήν
1597 922 1643 951 τῆς
1671 920 1778 956 φύσιος
1810 920 1917 948 ἕνωσιν

1092 973 1137 990 και
1165 968 1215 991 τῶν
1240 965 1356 1001 κράσεων
1381 962 1428 991 διὰ
1452 967 1500 990 τῶν
1537 966 1676 1000 στοιχείων
1708 973 1737 992 τι
1778 975 1831 992 και
1863 969 1915 996 τες

1093 1010 1199 1046 φύσεως.
1224 1009 1350 1046 ’Δχθὴτω
1364 1007 1415 1036 ἀπὸ
1429 1012 1477 1040 τῆς
1501 1011 1521 1035 Α
1548 1006 1687 1046 διάμετρος
1717 1012 1912 1048 περαιουμένη

1091 1058 1127 1090 τῷ
1163 1056 1259 1092 κέντρῳ
1284 1055 1350 1081 κατὰ
1372 1055 1420 1084 τήν
1451 1056 1479 1088 Γ,
1504 1054 1629 1086 ὡσαύτως
1655 1064 1701 1081 χαι
1729 1054 1784 1082 διπό
1807 1060 1864 1087 τῆς
1894 1059 1914 1082 Β

1091 1097 1200 1135 ἁχθήτω
1214 1100 1386 1137 περαιουμένη
1401 1102 1436 1135 τῷ
1461 1100 1557 1138 κέντρῳ
1574 1100 1642 1126 κατὰ
1666 1101 1714 1129 τὴν
1739 1103 1768 1128 Δ·
1799 1103 1911 1138 γηρά-

1091 1144 1196 1181 φθωσαν
1211 1145 1256 1172 καὶ
1281 1144 1363 1182 ἕτεροι
1386 1147 1452 1183 τρεῖς
1473 1144 1562 1172 κύκλοι
1580 1155 1586 1162 ·
1603 1142 1676 1172 ἔνδον
1695 1149 1744 1172 τοῦ
1763 1148 1786 1173 Δ
1811 1149 1830 1173 Β
1848 1149 1873 1174 Γ
1888 1150 1909 1173 Δ

1078 1274 1155 1303 stent
1169 1273 1190 1302 C
1216 1274 1248 1302 D.
1270 1271 1421 1303 Scribatur
1442 1272 1474 1303 in
1494 1272 1596 1303 circuli
1621 1275 1724 1304 centro
1747 1274 1851 1306 littera
1885 1276 1920 1305 U.

1187 1370 1802 1966 __

1071 2033 1202 2064 Tollatur
1217 2037 1243 2065 Μ
1257 2038 1364 2072 sector,
1379 2037 1410 2064 et
1426 2033 1603 2073 adaequetur
1618 2034 1676 2073 ipsi
1694 2037 1726 2072 Τ,
1741 2038 1772 2066 et
1799 2039 1823 2065 Α
1846 2035 1902 2074 ipsi

1071 2081 1106 2116 Μ,
1120 2081 1149 2108 et
1159 2081 1168 2108 Ι
1178 2080 1236 2117 ipsi
1246 2082 1270 2108 Α
1282 2089 1289 2109 :
1303 2080 1523 2118 comperiemus
1532 2082 1557 2109 M
1567 2080 1706 2118 dulpium
1719 2089 1786 2110 esse
1805 2082 1899 2118 ipsius

1071 2125 1161 2159 l,etA
1173 2125 1268 2162 ipsius
1279 2127 1303 2154 Μ
1314 2125 1553 2162 sesquialterum,
1569 2128 1598 2154 et
1624 2126 1718 2163 ipsius
1741 2128 1766 2155 Α
1783 2126 1897 2163 sesqui.

1070 2170 1198 2198 tertium.
1210 2170 1365 2199 Ponamus
1373 2170 1462 2206 igitur
1469 2171 1489 2199 T
1496 2178 1563 2199 esse
1573 2173 1691 2207 terram,
1704 2172 1728 2200 Μ
1740 2179 1865 2208 aquam,
1878 2174 1900 2200 A

1070 2221 1182 2250 aerem,
1196 2216 1206 2243 Ι
1226 2215 1336 2250 ignem.
1350 2216 1423 2244 Cum
1432 2215 1522 2251 igitur
1532 2215 1633 2245 circuli
1652 2218 1786 2252 quatuor
1799 2216 1901 2245 sectio‘

1069 2267 1123 2287 nes
1138 2267 1208 2288 cum
1227 2261 1249 2289 N
1263 2259 1449 2297 copulentur,
1463 2260 1614 2297 copulatio
1637 2261 1726 2289 totius
1755 2261 1899 2290 circulum

1070 2304 1188 2341 efﬁciat,
1198 2305 1324 2334 efﬁcitur
1334 2312 1406 2334 sane
1417 2307 1450 2334 ut
1459 2306 1479 2334 T
1488 2306 1512 2334 Μ
1527 2308 1550 2334 Α
1563 2307 1651 2334 lcum
1663 2306 1686 2334 U
1709 2306 1899 2343 copulatione

1070 2349 1199 2378 naturali
1214 2350 1364 2379 uniantur.
1381 2352 1470 2379 Porro
1482 2351 1555 2387 quia
1565 2351 1595 2379 in
1609 2353 1668 2380 tres
1683 2354 1784 2388 partes
1812 2355 1841 2380 et
1871 2352 1899 2380 in

1071 2394 1220 2431 triangula
1231 2395 1415 2430 dividuntur,
1428 2403 1462 2424 ac
1474 2396 1603 2432 majores
1613 2395 1736 2432 quidem
1757 2399 1860 2433 partes
1871 2397 1899 2425 in

1071 2440 1310 2469 circmcurrentis
1317 2440 1403 2469 linem
1413 2440 1538 2469 modum
1546 2440 1826 2478 inﬂexas,obliquas
1833 2449 1898 2470 vero

1070 2484 1101 2513 in
1109 2487 1223 2514 rectum
1238 2485 1399 2522 productas
1409 2485 1530 2522 habent,
1546 2494 1581 2514 ex
1591 2494 1626 2514 eo
1642 2487 1873 2522 temperationes
1882 2495 1898 2516 ει

1071 2530 1335 2567 temperationibus
1343 2538 1445 2559 revera
1452 2530 1585 2567 separari
1592 2530 1738 2565 videmus,
1746 2539 1811 2560 non
1818 2539 1896 2561 secus

1071 2576 1162 2612 atque
1172 2577 1272 2611 partes
1283 2575 1364 2612 ipsas
1373 2575 1404 2604 in
1411 2577 1540 2604 sectores
1547 2576 1568 2604 T
1578 2577 1602 2604 Μ
1612 2577 1651 2604 Al
1667 2575 1844 2605 distributas
1854 2585 1897 2605 va-

1070 2619 1173 2649 rietate
1183 2620 1326 2656 distingui
1333 2620 1493 2649 cernimus.
1503 2621 1578 2649 Nam
1586 2620 1736 2656 generalis
1746 2621 1790 2650 illi
1799 2629 1866 2650 cum
1876 2620 1896 2649 Ν

1070 2664 1331 2700 convenientia,ad
1339 2664 1472 2694 intcrnos
1479 2673 1574 2702 usque
1580 2668 1709 2694 sectores
1716 2669 1781 2695 tota
1787 2667 1897 2704 penitus

1068 2712 1112 2740 est
1119 2710 1256 2746 ﬁgurata.
1266 2710 1323 2739 Sed
1330 2710 1480 2747 copulatio
1485 2718 1553 2747 qua:
1559 2713 1604 2740 est
1610 2711 1640 2739 in
1646 2712 1669 2739 N
1680 2714 1726 2740 est
1733 2711 1895 2753 individua,

1069 2755 1197 2793 perinde
1210 2763 1246 2786 ac
1259 2755 1285 2785 si
1298 2754 1426 2786 dixerim
1439 2758 1576 2787 constare
1591 2764 1629 2786 ex
1640 2759 1772 2794 quatuor
1783 2756 1894 2795 punctis
