1967 3080
5 125 103 154 1285
487 122 666 154 THEODORI
685 123 708 151 ΙΙ
726 121 794 150 IMP.
816 116 861 147 DE
881 116 1111 148 COMMUNIONE
1129 118 1305 150 NATURALI
1680 122 1749 154 1286

0 188 145 223 κύκλου,
170 186 256 219 εξεσον
273 187 374 222 ἔχοντες
398 188 445 216 τὴν
472 185 623 220 auo-ma”,
654 187 688 217 ὡς
717 185 730 211 ὁ
757 187 778 211 Α
805 183 868 218 πρὸς
882 182 905 209 Α
923 179 1002 208 Ἔστι
1026 185 1089 218 γοῦν
1118 185 1239 220 συγγενὶς
1262 184 1358 221 μᾶλλον
1379 185 1409 210 τὸ
1428 183 1500 221 ὕδωρ
1527 183 1574 212 διὰ
1595 189 1680 213 ταῦτα
1702 192 1750 218 τῆς

6 235 70 258 τὸν
96 236 119 258 Β
150 236 183 268 τῇ
204 230 354 268 διαστάσει,
379 232 392 257 ὁ
423 234 441 257 Γ
467 233 528 269 πρὸς
552 233 595 258 τὸν
624 234 651 258 Δ.
670 229 812 266 Ἐγκείσθω
839 225 868 253 δί
923 229 983 261 γῆς,
1008 229 1053 253 καὶ
1074 227 1102 254 ού
1129 230 1158 255 τὸ
1173 232 1236 266 πῦρ,
1253 230 1288 260 ὡς
1313 230 1358 255 καὶ
1381 229 1394 255 ὁ
1409 228 1460 266 ἀὴρ
1475 232 1522 255 τοῦ
1536 231 1618 267 πυρὸς
1641 230 1747 266 μᾶλλον,

5 279 71 303 καὶ
103 281 146 312 τῷ
174 278 270 314 κέντρῳ
291 278 319 302 τὸ
350 279 380 303 Φ.
406 275 530 312 Ἀχθὴτω
559 274 602 302 οὖν
630 277 643 302 ό
663 279 683 302 Υ
709 275 800 311 τομεύς
823 273 868 298 καὶ
923 270 968 296 καὶ
996 269 1049 306 οὔχ
1077 271 1092 300 ἡ
1113 275 1159 308 γῆ,
1177 275 1222 299 καὶ
1247 275 1276 299 τὸ
1292 271 1364 310 ὕδωρ
1388 277 1434 299 τοῦ
1464 273 1547 310 ἀέρος,
1573 277 1618 301 καὶ
1646 275 1675 301 οὐ
1701 280 1748 302 τοῦ

8 321 209 354 ἐξισασοήτω
223 325 260 357 τῷ
276 324 303 357 Γ,
324 323 370 347 καί
389 321 401 347 ὁ
422 324 441 348 Α
461 325 497 357 τῷ
516 325 546 355 Υ,
562 323 607 347 καὶ
635 321 648 347 ὀ
673 323 694 347 Π
716 323 751 346 τῶ
772 322 803 354 Δ,
823 319 868 343 καὶ
923 315 1016 357 πυρὸς,
1037 317 1081 342 καὶ
1103 317 1115 343 ὁ
1132 316 1181 355 ἀὴρ
1210 321 1256 344 τοῦ
1271 316 1377 352 ὕδατος,
1404 321 1449 345 καὶ
1464 318 1493 345 οὗ
1508 323 1557 350 τῆς
1584 323 1644 356 γῆς,
1671 321 1747 351 ὡςτό

10 366 226 402 εὑρεθήσονται
252 366 266 391 ὀ
292 365 336 401 μὶν
362 369 382 392 Υ
403 369 448 391 τοῦ
475 368 494 391 Γ
518 363 669 400 διπλάσιος,
694 365 707 391 6
735 362 765 390 δὲ
785 366 805 390 Α
822 365 867 389 τοῦ

11 414 40 436 Υ
71 410 212 446 ἡμιόλιος,
239 410 253 436 ὁ
277 408 306 437 δί
334 413 355 437 II
371 414 417 436 τοῦ
446 413 466 436 Α
486 409 623 447 ἐπίτριτος.
646 411 751 439 Τεθήτω
772 411 835 444 γοῦν
855 407 868 433 ὁ

12 456 73 492 μὲν
104 454 178 481 εἶναι
203 459 250 491 γῆ,
275 454 288 481 ὃ
304 453 334 481 δὲ
348 453 432 491 ὕδωρ,
458 455 471 480 ὀ
488 453 517 481 δὲ
537 454 597 492 ἀὴρ,
619 456 632 481 ὁ
655 453 684 481 δὲ
709 457 773 491 πῦρ,
792 454 822 479 τὸ
838 450 868 478 δὲ

15 503 41 527 Φ
78 502 194 537 κέντρον
221 501 266 526 καὶ
292 500 379 536 φύσις.
400 499 431 525 Εἰ
453 502 515 535 γοῦν
545 501 585 526 ὅτι
616 500 643 525 αἱ
675 499 744 525 κατὰ
773 497 867 524 κύκλον

12 547 163 582 τέσσαρες
186 547 262 581 τομοὶ
280 546 345 582 πρὸς
373 546 402 571 τὸ
432 547 451 572 Φ
479 545 663 580 συνάπτονται,
691 545 705 574 ὴ
728 542 816 570 διόλου
837 540 867 569 δὲ

17 592 138 626 συναφὴ
186 588 280 620 κύκλος
322 588 402 623 ἐστὶν,
442 588 557 616 ἑνοῡνται
594 590 646 626 ἄρα
681 588 741 615 καθ’
776 588 867 614 ἕνωσιν

15 636 148 670 φυσικήν
165 634 180 663 ἡ
209 637 229 660 Γ
247 636 268 660 Υ
289 637 309 660 Δ
325 636 347 660 Π
362 635 427 672 πρὸς
452 636 500 664 τὴν
525 636 544 660 Φ
560 642 566 649 ·
596 635 636 660 ὃτι
656 631 686 660 δε
708 629 866 670 τετραδικῶς

14 680 188 714 μερίζονται
221 678 236 708 ἣ
270 681 440 716 τριγωνικῶς,
473 677 487 707 ἦ
515 679 560 708 τὰς
583 679 628 715 μὲν
657 679 764 714 μείζους
789 685 866 713 περι-

14 727 112 759 φερῶς
157 723 276 759 ἔχουσιν,
311 722 412 754 deum;
450 721 479 749 δὲ
511 723 559 754 τὰς
591 722 714 759 πλαγίας,
749 724 865 759 φαίνεται

15 767 66 793 ὅτι.
104 769 155 793 καὶ
179 768 286 802 κράσεις
316 766 395 799 ὄντως
424 767 586 804 χωρίζονται
623 768 751 804 κράσεων,
778 767 865 798 καθὼς

13 814 70 839 καὶ
103 813 140 838 τὰ
156 812 193 843 εἰς
215 813 277 843 τοὺς
302 815 321 838 Γ
343 814 364 839 Υ
380 815 399 839 Α
426 815 448 839 Π
473 814 539 850 μέρη
556 812 732 839 ποικίλλονται
748 822 754 828 -
780 813 794 841 ἠ
813 813 864 848 γὰρ

924 355 1046 395 ἀνάλογον
1074 359 1099 386 ίν
1124 366 1182 393 ταῖς
1207 366 1254 389 τοῦ
1283 363 1379 389 κύκλου
1407 361 1524 390 δείκνυσι
1543 366 1659 401 μοίραις.
1687 367 1746 391 Κέν-

923 411 983 439 τρον
1009 405 1060 442 γὰρ
1086 410 1218 443 παντεχοῡ
1246 417 1274 434 τε
1305 409 1350 434 καὶ
1379 407 1405 440 ἐξ
1437 408 1553 444 ἀνάγκης
1574 408 1630 436 ἐστὶ
1655 410 1685 436 τὸ
1716 413 1746 445 Φ,

923 451 1006 474 ταῦτα
1030 447 1060 475 δέ
1076 449 1147 477 ἐστιν
1162 450 1187 478 ἓν
1202 450 1238 478 δι’
1254 452 1330 479 αλλου
1346 455 1390 479 καὶ
1405 452 1429 479 ἓν
1454 452 1540 490 ἑτέρῳ,
1566 456 1608 480 καὶ
1632 455 1747 490 γειτνιά-

923 491 967 522 CW
979 494 1045 531 πρὸς
1059 494 1120 521 ἄλλο
1136 504 1143 511 ⁸
1168 498 1236 523 κατὰ
1259 499 1288 523 τὸ
1317 497 1410 534 μᾶλλόν
1426 507 1452 524 τε
1476 500 1519 525 καὶ
1533 500 1562 524 τό
1577 499 1665 533 ἦττον,
1681 499 1746 536 ὁμοῦ

923 534 953 563 δὲ
979 539 1047 565 κατὰ
1071 542 1119 569 τὴν
1149 545 1195 567 τοῦ
1222 545 1241 569 Φ
1266 542 1354 569 ἕνωσιν
1385 547 1495 579 συγγενῆ
1525 547 1616 575 κοινῶς
1644 543 1747 571 ἅπαντα

921 583 1027 619 κράσεις
1055 594 1082 611 τε
1107 588 1150 612 καὶ
1175 590 1305 622 στοιχεῖα,
1331 588 1399 614 κατά
1422 586 1452 614 δὲ
1470 589 1515 619 τὰς
1532 590 1613 625 τομὰς
1632 591 1676 615 καὶ
1701 590 1746 620 τὰς

922 627 1005 659 θέσεις
1031 630 1192 666 μερίζονται.
1215 630 1320 661 Ἐπιιδὴ
1343 630 1373 658 δὲ
1399 635 1450 659 πᾶν
1478 637 1555 669 σῶμα
1577 636 1745 671 κεχωρισμέ-

920 680 961 698 νον
987 671 1014 698 ἐκ
1033 678 1082 700 τῶν
1111 674 1199 713 ἑτέρων
1227 677 1353 712 σωμάτων
1379 678 1424 703 καὶ
1444 675 1532 704 εἰδοπι
1546 681 1683 715 ποιημένον
1699 681 1745 706 καὶ

920 718 956 752 μὴ
973 718 1007 748 ὡς
1019 718 1066 748 ὕλη
1082 721 1227 756 νοούμενον,
1248 720 1301 747 ἀλλ’
1319 720 1396 758 ἄμφω
1411 722 1438 748 ὃν
1455 724 1501 748 σύν
1515 727 1550 759 τῷ
1569 721 1634 750 εῖδει
1649 733 1656 741 ο
1677 723 1744 750 οὕτω

919 761 969 799 γὰρ
990 764 1034 789 καί
1060 773 1086 789 τι
1112 765 1237 801 νομισθῇ,
1261 767 1306 792 καὶ
1331 765 1384 802 οὐχ
1410 766 1496 798 ἁπλῶς
1521 767 1568 796 ὕλη
1600 768 1742 805 θεωρηθῇ·

919 807 948 832 τὸ
967 811 1048 843 τριχῆ
1065 810 1133 846 φέρει
1148 807 1302 845 διαστατόν,
1330 814 1407 838 τοῦτο
1433 808 1463 838 δι
1476 816 1553 849 τριῶν
1569 810 1655 840 δεῖται
1684 811 1744 840 δια-

16 858 95 894 πρὸς
126 858 158 882 τὸ
188 858 207 884 Φ
228 858 321 893 σχέσις
345 856 469 887 καθολικὴ
498 857 542 888 ἕως
570 861 620 884 τῶν
646 855 747 884 ἔνδοθεν
767 858 900 893 τομέωνΒ
920 851 1047 887 στάσεων,
1077 853 1137 892 ὅπερ
1172 853 1198 886 ἐξ
1231 853 1348 891 ἀνάγκης
1376 855 1539 894 ἀποτέλεσμά
1569 857 1626 884 ἔστι
1650 861 1696 885 τοῦ
1724 860 1744 885 Γ

18 900 254 938 ἐσχηματισμένη
276 899 376 933 διόλου,
393 901 408 931 ἦ
435 899 464 928 δε
480 901 504 927 ἐν
521 906 557 937 τῷ
585 905 604 929 Φ
628 904 727 938 συναφὴ
756 900 860 939 ἀμερὴς,

19 946 58 976 ὡς
93 946 126 972 ἂν
153 947 262 982 εἴποιμι,
293 945 333 972 ὃτι
359 946 432 973 ἐστὶν
457 946 509 973 οἷον
533 946 561 972 ἐκ
594 948 728 984 τεσσάρων
749 948 863 983 σημείων

22 992 165 1027 ἁπτομένη
199 995 246 1017 τοῦ
268 990 292 1017 ἐν
315 995 352 1027 τῷ
377 992 474 1029 κέντρῳ
503 994 532 1026 Φ,
565 992 632 1018 ὥστε
661 993 675 1021 ἡ
706 993 750 1028 μὲν
776 990 862 1027 κύκλῳ

22 1038 73 1062 καὶ
105 1035 121 1065 ἡ
147 1035 234 1073 πόρρω
251 1037 327 1075 ’πρὸς
351 1037 380 1062 τὸ
401 1038 420 1063 Φ
450 1038 545 1072 σχέσις
573 1035 788 1073 ἐσχηματισμὲνη
817 1037 862 1062 καὶ

23 1082 77 1115 τίς,
109 1081 125 1109 ἡ
163 1078 193 1106 δὲ
227 1082 327 1116 συναφὴ
357 1079 447 1110 ἐπειδὴ
482 1081 505 1106 ἓν
534 1084 656 1117 στιγμοῐς
688 1081 784 1119 ἀμερὴς
817 1082 861 1108 καὶ

24 1123 185 1155 ἀσύνθετος.
212 1124 367 1162 Εύρίσκεται
385 1129 447 1161 γοῦν
476 1126 516 1152 ὅτι
543 1125 567 1152 ἕν
584 1130 620 1161 τῷ
645 1129 664 1153 Φ
688 1127 721 1152 τὰ
739 1129 862 1161 στοιχεῖα

25 1170 204 1206 στηρίζονται
223 1171 267 1196 καὶ
291 1169 455 1206 λαμϐάνουσι
480 1169 567 1208 πὸῥρω
592 1172 638 1200 τὴν
659 1171 778 1197 σύνθεσιν
793 1171 861 1197 κατὰ

22 1214 162 1249 συζυγίας
188 1216 254 1251 πρὸς
283 1215 316 1240 τὰ
341 1214 401 1244 τέλη
429 1215 524 1248 αὐτῶν,
549 1216 584 1246 ὡς
611 1216 637 1242 αἱ
661 1216 685 1242 ἐν
711 1219 747 1251 τῷ
773 1213 859 1251 κύκλῳ

22 1260 145 1295 κείμεναι
173 1262 265 1296 μοῖραι
295 1260 323 1285 αἱ
354 1259 468 1296 μείζονες
498 1261 564 1297 πρὸς
591 1260 639 1291 τὰς
669 1260 798 1296 μείζονας,
832 1260 859 1286 αἱ

21 1302 139 1338 πλαγίαι
175 1304 242 1341 πρὰς
278 1304 325 1333 τὰς
362 1303 483 1340 πλαγίας,
515 1306 561 1330 καὶ
598 1304 680 1335 οὔτως
719 1305 859 1341 κραθεῖσαι

24 1347 107 1373 αὗται
133 1348 161 1374 αἱ
189 1348 274 1374 εὐθεῖα
304 1348 370 1384 μετὰ
396 1350 444 1378 τὴν
469 1351 518 1375 τῶν
551 1353 691 1387 περιφερῶν
720 1350 858 1386 σχηματί-

27 1394 131 1425 ζονται,
147 1392 256 1429 ἑκάτερα
281 1394 345 1430 πρὸς
371 1395 402 1419 τὸ
423 1397 471 1424 τῆς
491 1393 613 1430 ἑκατέρας
635 1391 762 1430 ἁρμόδιον
790 1395 858 1420 κατὰ

25 1439 74 1466 τὴν
103 1440 152 1468 τῆς
176 1438 324 1473 ἐπιστήμης
354 1436 498 1470 ἀπόδειξιν.
527 1439 615 1474 Τούτῳ
640 1436 674 1468 δὴ
707 1442 743 1474 τῷ
769 1440 856 1475 τρόπῳ

26 1483 74 1508 καὶ
116 1485 200 1508 ταῦτα
236 1483 331 1519 ὁμοίως
377 1483 489 1510 ἑνοῦνταί
525 1492 552 1510 τε
588 1485 634 1509 καὶ
669 1483 855 1511 ποικίλλονται.

28 1596 136 1634 qunein
143 1595 729 1633 U,quodestincentro,cohmrent.Quare
735 1598 857 1628 cii-cuia.

28 1642 71 1670 ris
80 1641 132 1670 illa
139 1644 229 1678 atque
240 1650 255 1670 e
264 1641 431 1679 longinquo
438 1643 563 1672 reducta
571 1643 779 1673 convenientia
787 1651 856 1672 cum

28 1688 115 1721 N,est
123 1686 252 1721 ﬁgurata
266 1689 295 1715 et
309 1687 668 1724 particularis.Copulatio
677 1696 748 1716 vero
763 1697 858 1725 quan-

27 1731 191 1767 doquidem
205 1731 236 1759 in
249 1733 367 1768 punctis
379 1732 569 1767 consistit,est
582 1732 735 1762 individua
749 1735 777 1762 et
789 1734 857 1762 sim-

26 1776 316 1812 plex.Comperimus
333 1776 423 1813 igitur
438 1777 585 1806 elementa
599 1777 726 1806 fundata
740 1786 804 1806 esse
822 1786 857 1807 ac

28 1821 89 1849 fixa
101 1821 131 1849 in
147 1824 248 1849 centro
263 1823 294 1855 N,
312 1829 347 1850 ac
362 1822 392 1850 in
409 1822 531 1851 remotis
545 1822 635 1850 etiam
650 1822 787 1859 partibus
806 1823 856 1852 ad-

29 1866 144 1894 mittere
159 1866 408 1902 compositionem
434 1875 504 1895 cum
520 1867 660 1895 extremis
675 1867 736 1895 suis
751 1874 856 1895 secun~

29 1909 102 1938 dum
117 1910 424 1947 conjugationes,non
438 1912 522 1940 aliter
532 1914 632 1949 partes
644 1914 733 1948 atque
748 1911 857 1948 qumin

32 1955 140 1983 circulo
159 1956 351 1991 assignantur
366 1956 496 1993 majores
512 1965 580 1985 cum
594 1956 771 1993 majoribus,
785 1957 857 1984 obli-

35 2007 101 2036 quae
121 2008 188 2028 cum
203 2000 344 2037 obliquis,
361 2003 451 2037 atque
471 2002 511 2030 ita
527 2001 604 2029 inter
620 2009 651 2030 se
668 2001 758 2029 simul
783 2003 857 2030 tem-

37 2046 143 2080 peratze
157 2047 245 2073 rectae
270 2053 339 2073 cum
363 2045 558 2074 circularibus
583 2045 760 2081 ﬁgurantur,
781 2046 857 2074 inter

39 2097 70 2118 se
88 2089 293 2118 convenienter
320 2091 487 2119 secundum
514 2090 644 2119 scientius
670 2090 856 2119 demonstra-

42 2133 156 2162 tionem.
184 2136 244 2162 Hoc
267 2134 357 2170 igitur
382 2135 475 2164 modo
499 2138 527 2164 et
550 2136 615 2163 haec
630 2135 762 2164 similiter
781 2135 857 2165 inter

40 2186 69 2206 se
82 2179 222 2207 uniuntur
237 2187 272 2207 ac
287 2179 460 2208 varietatem
475 2180 645 2216 acquirunt.
659 2180 756 2213 Quare
775 2188 856 2217 aqua

918 899 938 922 Υ
957 899 977 923 Α
1007 900 1028 923 Π
1048 896 1206 934 ἀναγκαίως,
1220 901 1249 926 τό
1273 903 1294 927 Υ
1318 904 1364 927 τοῦ
1390 903 1409 927 Γ
1431 900 1495 928 εἶναι
1522 901 1671 938 διπλάσιον,
1702 904 1743 930 ἶνα

917 940 1150 978 προσλαμϐάνοντα
1173 947 1257 970 ταῦτα
1277 946 1322 971 καὶ
1350 946 1380 972 τὸ
1407 948 1427 972 Α
1457 949 1478 973 Π
1496 946 1603 973 τελῶσιν
1628 948 1692 984 ὁμοῦ
1709 950 1743 976 τὰ

917 986 1077 1019 καθέκαστα,
1105 990 1150 1014 καὶ
1169 993 1270 1025 πρῶτον
1287 991 1332 1026 μὶν
1354 989 1398 1016 οὖν
1428 992 1524 1027 σχῆμά
1552 991 1608 1018 ἔστι
1635 994 1664 1019 τό
1688 995 1743 1031 τρί-

916 1040 1007 1066 γωνον.
1025 1030 1130 1062 Ἐπειδὴ
1154 1031 1184 1059 δι
1198 1034 1211 1059 ὁ
1234 1031 1283 1061 δύο
1308 1039 1353 1065 τῆς
1367 1033 1480 1072 μονάδος
1500 1034 1650 1070 διπλάσιος,
1670 1038 1685 1067 ἡ
1704 1030 1742 1064 νδε

916 1076 996 1111 μονάς
1023 1086 1050 1102 τε
1070 1079 1115 1103 καὶ
1143 1078 1158 1107 ἡ
1185 1076 1249 1109 δυὰς
1275 1077 1374 1116 τριάδα
1400 1079 1527 1115 τελοῦσιν,
1555 1080 1582 1107 ἔκ
1609 1085 1656 1113 τῆς
1681 1083 1740 1108 τού-

915 1128 964 1145 των
989 1121 1130 1152 συνθέσιὼς
1151 1121 1178 1153 ἐξ
1204 1122 1316 1159 ἀνάγκης
1343 1122 1413 1151 ἐστὶν
1433 1126 1447 1155 ἡ
1470 1126 1553 1162 τριὰς,
1579 1127 1594 1156 ἠ
1626 1124 1655 1153 δὲ
1668 1127 1741 1164 τριὰς

916 1165 972 1200 ἔχει
988 1169 1083 1202 μῆκος,
1111 1165 1193 1202 βάθος
1221 1170 1266 1194 καὶ
1295 1168 1414 1201 πλάτος·
1444 1172 1489 1196 καὶ
1514 1169 1597 1206 βάθος
1625 1172 1739 1207 μὲν.τὴν

914 1208 1018 1246 μονάδα
1052 1212 1171 1248 πυθμένα
1208 1211 1288 1240 οὖσαν
1315 1215 1411 1246 παντὸς
1443 1213 1565 1252 ἀριθμοῦ,
1595 1220 1678 1252 μῆκος
1710 1213 1740 1243 δί

914 1256 960 1284 τὴν
990 1253 1080 1282 δυάδα
1104 1267 1112 1274 ·
1144 1261 1246 1295 πρῶτος
1279 1259 1330 1295 γὰρ
1363 1261 1408 1286 καὶ
1439 1259 1595 1297 ἱτερομήκης
1626 1260 1695 1288 ἐστὶν
1722 1261 1737 1291 ἡ

914 1297 978 1330 δυάς
993 1310 1000 1317 ο
1030 1300 1124 1332 πλάτος
1158 1299 1187 1329 δὲ
1211 1302 1303 1333 ἑαυτήν
1318 1313 1326 1321 ο
1358 1304 1394 1336 εἰς
1420 1305 1564 1342 τούμφανὲς
1589 1307 1638 1343 γὰρ
1670 1307 1739 1344 φέρει

912 1344 945 1370 τὰ
961 1346 1101 1380 σχήματα.
1132 1346 1206 1373 οὕτω
1231 1351 1293 1384 γοῦν
1321 1350 1389 1376 κατὰ
1416 1348 1489 1385 λόγον
1505 1350 1543 1386 (Ι)
1565 1353 1739 1387 σπερματικὸν

913 1386 1127 1425 ἀναλογιζόμενον
1165 1389 1304 1419 διπλάσιον
1345 1395 1388 1420 καὶ
1421 1395 1451 1420 τὸ
1483 1393 1555 1432 ὕδωρ
1594 1386 1740 1432 ἀναγκαίως

912 1436 958 1463 τῆς
991 1437 1041 1469 γῆς
1070 1432 1116 1461 διὰ
1143 1439 1228 1463 ταῦτα
1256 1435 1363 1473 ἐγένετο,
1397 1440 1441 1465 καὶ
1464 1438 1620 1469 ἐπετέθησαν
1644 1441 1739 1479 Θάτερα

911 1478 1067 1505 ὑποκεῖσθαι
1090 1482 1168 1506 παντὶ
1188 1485 1283 1518 στερεῷ
1307 1491 1334 1508 τι
1353 1482 1391 1519 (2)
1416 1485 1461 1510 καὶ
1482 1484 1556 1520 πάσῃ
1584 1488 1615 1521 τῇ
1637 1485 1676 1512 ἔπ’
1693 1478 1738 1513 αύ-

910 1595 1163 1629 untur.Quoniam
1172 1598 1274 1626 autem
1284 1604 1374 1626 omne
1389 1605 1500 1635 corpus
1511 1602 1686 1636 separatum
1697 1601 1737 1632 ab

911 1639 976 1668 aliis
988 1640 1165 1676 corporibus
1180 1641 1279 1671 forma
1291 1642 1450 1679 praeditum
1460 1645 1512 1679 est,
1525 1652 1624 1681 neque
1632 1648 1664 1675 ut
1674 1655 1738 1676 ma-

913 1683 985 1713 teria
994 1685 1176 1721 intelligitur,
1193 1686 1246 1714 sed
1257 1688 1418 1724 utrumque
1429 1690 1475 1717 est
1489 1696 1557 1717 cum
1567 1689 1666 1720 forma
1680 1691 1736 1727 (sio

910 1728 991 1758 enim
997 1729 1111 1766 aliquid
1120 1738 1187 1759 esse
1194 1731 1457 1767 putabitur,etnon
1464 1733 1599 1763 absolute
1605 1737 1738 1766 utmate-

910 1775 954 1802 ria
965 1775 1189 1804 consideratum
1203 1776 1312 1812 fuerit),
1325 1776 1383 1806 hoc
1398 1780 1500 1807 autem
1511 1782 1576 1815 eget
1586 1779 1680 1809 tribus
1690 1781 1737 1811 in-

910 1819 1038 1847 tervallis
1053 1820 1106 1856 qui
1115 1822 1285 1850 necessario
1296 1821 1417 1851 effectus
1427 1826 1473 1851 est
1484 1824 1593 1853 horum
1607 1825 1738 1855 elemen-

913 1865 1010 1892 torum
1029 1866 1049 1893 T
1063 1867 1088 1894 M
1102 1868 1146 1894 ΑΙ
1161 1875 1167 1894 :
1187 1866 1255 1896 ideo
1272 1875 1345 1896 sane
1359 1875 1482 1897 necesse
1497 1872 1541 1898 est
1556 1872 1589 1899 ut
1602 1872 1627 1900 M
1641 1871 1736 1907 ipsius

910 1911 931 1938 T
946 1909 982 1938 sit
996 1909 1133 1946 duplum,
1144 1913 1178 1940 ut
1192 1911 1354 1949 assumptis
1369 1920 1472 1941 secum
1484 1915 1507 1941 Α
1525 1915 1536 1942 Ι
1556 1915 1686 1944 efﬁciant
1699 1916 1736 1945 si-

910 1954 975 1983 mul
989 1954 1161 1990 singularia.
1177 1959 1216 1985 Ac
1230 1957 1328 1993 prima
1339 1957 1463 1994 quidem
1475 1958 1574 1994 ﬁgura
1587 1963 1630 1989 est
1642 1961 1735 1990 trian-

911 1999 1025 2036 gulum.
1041 2000 1189 2033 Quoniam
1200 2004 1301 2030 autem
1311 2001 1372 2030 duo
1383 2005 1452 2031 sunt
1463 2003 1584 2032 unitatis
1596 2005 1734 2042 duplum,

911 2048 1010 2074 unitas
1021 2053 1092 2073 vero
1106 2048 1133 2074 et
1146 2045 1304 2075 binaribus
1313 2055 1458 2076 numerus
1471 2048 1528 2078 tria
1540 2049 1735 2086 efﬁciunt,ne-

911 2088 1040 2117 cessario
1050 2097 1087 2118 ex
1096 2090 1206 2118 harum
1216 2092 1434 2127 compositione
1445 2095 1561 2122 constat
1575 2096 1733 2125 ternarius.

910 2134 1066 2163 Ternarius
1081 2137 1182 2163 autem
1196 2134 1288 2164 habet
1300 2135 1530 2174 longitudinem,
1547 2138 1735 2170 altitudinem

910 2181 939 2206 et
947 2179 1190 2208 latitudinem.Ac
1203 2179 1391 2209 altitudinem
1401 2181 1525 2218 quidem
1535 2184 1627 2213 habet
1636 2186 1734 2215 unita-

39 2224 130 2259 magis
151 2225 279 2259 cognata
292 2226 336 2252 est
349 2227 432 2252 terrae
456 2233 549 2261 quam
572 2225 659 2260 ignis,
685 2226 714 2253 et
728 2233 779 2253 aer
793 2225 856 2261 igni
870 2220 892 2247 Π
910 2227 1042 2262 ιθωίιιιω
1051 2225 1378 2254 velutifundamentum
1387 2228 1733 2268 estcujuslibetnumeri;

38 2269 128 2305 magis
143 2277 236 2304 quam
252 2271 462 2306 terra,etaqua
476 2269 538 2298 aeri
548 2269 665 2305 magnis
675 2278 769 2306 quam
780 2269 852 2306 igni,

37 2316 62 2342 et
69 2321 207 2350 aeraquaa
216 2314 308 2349 magis
317 2322 405 2351 quam
416 2315 776 2351 terrm,quemadmodum
784 2323 852 2351 pro-

35 2359 125 2395 portio
134 2359 164 2387 in
178 2359 279 2387 circuli
292 2359 425 2396 partibus
440 2359 579 2389 ostendit.
587 2361 709 2397 Semper
722 2360 802 2389 enim
814 2369 850 2390 ac

35 2403 194 2433 necessario
220 2407 356 2433 centrum
377 2407 421 2433 est
436 2406 466 2433 U.
484 2405 541 2433 illae
557 2413 626 2433 vero
653 2407 752 2441 partes
779 2409 849 2435 sunt

34 2457 122 2478 unum
137 2457 189 2485 per
208 2449 290 2477 aliud
305 2452 333 2478 et
347 2450 377 2477 in
387 2449 490 2484 altero,
506 2453 534 2478 et
551 2451 796 2487 appropinquant
810 2452 850 2480 ad

35 2494 109 2522 aliud
120 2494 284 2522 secundum
298 2494 371 2522 illud
386 2494 469 2530 quod
482 2497 526 2522 est
538 2495 634 2529 magis
645 2503 680 2523 ac
695 2495 804 2530 minus,
813 2496 849 2524 si-

34 2539 163 2567 mulvero
171 2541 291 2575 propter
297 2539 518 2575 copulationem
525 2539 628 2576 inipso
637 2540 847 2569 Uomniacom-

34 2583 112 2612 muni
120 2584 233 2612 ratione
249 2586 467 2619 suntcognata.
480 2585 720 2621 Temperationes
731 2593 802 2614 vero
813 2594 848 2615 ac

33 2629 168 2657 elementa
175 2628 344 2657 secundum
350 2628 496 2657 sectiones
503 2631 531 2658 et
537 2630 700 2665 positiones
708 2630 847 2660 distribu-

907 2270 1127 2305 longitudinem
1141 2278 1222 2307 vero,
1238 2270 1391 2299 biuarium
1401 2279 1563 2302 numerum
1575 2275 1656 2311 (nam
1673 2276 1734 2312 pri-

906 2323 975 2344 mus
987 2323 1130 2344 numerus
1144 2323 1180 2343 ex
1195 2315 1289 2344 altera
1303 2317 1388 2352 parte
1401 2316 1511 2353 longus
1521 2321 1566 2347 est
1575 2319 1731 2356 binarius);

903 2361 1093 2397 latitudinem
1115 2368 1187 2389 vero
1203 2360 1345 2397 seipsum.
1368 2363 1441 2390 Nam
1456 2362 1488 2390 in
1506 2363 1605 2392 lucem
1619 2364 1732 2401 profert

903 2406 1090 2446 iigurasﬂoc
1100 2404 1189 2439 igitur
1199 2405 1292 2434 modo
1306 2405 1472 2434 secundum
1481 2407 1629 2436 rationem
1640 2409 1680 2437 ad
1689 2409 1730 2446 gi-

904 2439 1059 2486 gnendum
1068 2449 1307 2485 progredientem
1316 2450 1468 2487 proportio
1481 2459 1565 2487 aqua:
1573 2459 1642 2480 cum
1651 2439 1730 2483 terra

904 2497 1083 2532 comparatas
1097 2494 1268 2522 necessario
1287 2495 1371 2531 dupli
1389 2495 1535 2525 rationem
1547 2496 1670 2532 obtinet,
1687 2500 1729 2527 at-

902 2548 961 2578 que
969 2540 1030 2568 duo
1040 2539 1155 2575 reliqua
1163 2539 1286 2575 insuper
1296 2539 1399 2568 addita
1407 2543 1476 2569 sunt
1486 2542 1518 2569 ut
1528 2543 1606 2570 esset
1615 2541 1698 2578 quod
1708 2550 1728 2572 a

902 2587 1010 2614 natura
1021 2584 1260 2613 substerneretur
1271 2585 1481 2621 compositioni
1491 2586 1588 2614 omnis
1605 2586 1690 2615 solidi
1699 2589 1727 2616 et

903 2630 1037 2666 corporis
1051 2631 1080 2659 et
1094 2628 1193 2657 omnis
1207 2628 1240 2657 in
1257 2627 1324 2665 ipso
1348 2630 1516 2665 superﬁciei
1541 2633 1630 2668 atque
1649 2631 1725 2661 adeo

61 2758 94 2798 (ῃ
107 2759 188 2798 iur/9;
204 2757 476 2798 σπερματικὸς,ΐᾶῑὶοι
486 2757 526 2788 ad
538 2757 726 2798 gignendum
740 2765 837 2798 pregri

944 2767 1022 2798 ,quee
1036 2757 1068 2790 in
1077 2757 1287 2798 progressione
1299 2765 1497 2792 numerorum
1505 2760 1720 2794 consideratur.

62 2793 97 2830 (2)
109 2794 182 2830 Lego
192 2793 274 2822 παντῐ
284 2799 378 2832 στερεῷ
396 2802 424 2822 τι
436 2796 481 2823 καὶ
499 2793 602 2833 σώματι
613 2796 658 2825 καὶ
672 2793 751 2834 πάσῇ
758 2796 789 2834 τῇ
798 2793 849 2826 ἵπ⁹
865 2793 961 2827 αὐτῶν.
