1967 3080
223 97 293 133 i287

986 90 1165 127 ADDENDA.

1883 86 1958 131 {ac}

217 167 267 190 τῶν
294 162 427 199 ἐπιφανείᾳ
440 164 486 188 καὶ
514 163 617 197 σώματι
636 162 680 187 καὶ
699 162 778 197 μήκει
800 162 877 186 παντὶ
894 160 967 196 παρὰ
993 163 1039 190 τῆς
1054 162 1078 189 Α
1092 161 1195 196 κύκλον,
1211 161 1350 191 διπλάσιοι
1374 166 1398 191 οἱ
1423 169 1444 192 Υ
1469 165 1624 204 ὑπάρχουσι
1649 168 1750 202 τομεῖς,
1781 167 1840 191 καὶ
1868 166 1885 192 ὅ
1898 166 1941 191 ὑπ

218 209 326 245 φύσεως.
357 208 404 234 Διὰ
428 210 505 233 τοῦτο
535 208 620 232 τοίνυν
648 210 694 232 τοῦ
723 208 742 231 Γ
769 207 864 241 τομέως
890 203 959 230 ἐστὶν
986 205 998 229 ὁ
1026 207 1046 231 Υ

217 248 366 286 διπλάσιος,
398 251 423 278 ἓν
457 249 487 277 δὲ
510 253 555 277 καὶ
583 249 631 277 δύο
658 252 728 287 τρία,
748 252 794 276 καὶ
823 248 895 287 ὕδωρ
920 250 972 286 ἄρα
1000 251 1045 276 καὶ

217 299 232 329 ἡ
266 301 300 334 γῆ
334 301 402 335 τρεῖς
426 294 532 333 μερίδες
564 295 629 322 εἰσιν
657 294 830 331 ἐξισούμεναι,
860 294 885 320 ἐν
912 295 952 324 αἷς
979 296 1045 331 πρὸς

217 345 265 373 τὴν
290 345 335 368 τοῦ
365 345 463 368 σκοποῦ
492 339 648 376 ἐντελέχειαν
678 339 793 366 ἑνοῠνται
815 341 859 365 καὶ
876 339 890 369 ἡ
909 342 929 365 Λ
946 342 978 373 Π,
999 341 1044 365 καὶ

217 387 320 414 τελοῦσι
333 388 366 413 τὰ
384 386 410 418 ἕξ
425 386 521 413 αὐτῶν.
547 385 627 411 Πάλιν
640 383 730 414 ἐπειδὴ
757 385 792 416 ὡς
809 383 947 422 ύποϐάθρα
961 388 1044 410 ταῦτα

217 431 342 461 ἔτέθησαν
371 433 415 457 καὶ
443 431 475 461 ὡς
502 429 549 460 ύλη
572 432 720 466 παχυτέρα,
748 429 763 466 ᾖ
794 438 840 455 συν
871 428 980 464 av,on
998 431 1044 455 καὶ

217 478 250 503 τὰ
286 477 375 514 ἔτερα,
423 474 571 510 ἀναγκαίως
611 474 681 505 λέξαι
717 475 855 508 κατεπειγό
892 473 959 510 μεθα
996 473 1042 499 αύ-

216 526 265 548 τῶν
295 523 340 551 τήν
379 521 557 556 σννάθροισιν,
589 519 657 545 οὕτω
692 520 743 556 γὰρ
781 521 826 544 καὶ
852 519 896 548 τὰς
921 518 1041 554 κράσεις,

217 567 259 593 ἵνα
287 568 419 603 νοήσωμεν
446 569 502 595 πῶς
531 565 627 600 ἰχουσι
653 566 701 593 τὴν
731 563 768 594 εἰς
804 562 914 594 ἀλλήλας
944 564 1042 598 συγγὲ-

215 621 294 640 νειαν.

250 654 283 692 γ-

215 702 259 728 καὶ
282 701 311 726 τὸ
326 703 347 727 Δ
375 698 598 735 τοῡΥὴμιὸλων⁹
618 698 742 727 ὡσαύτως
766 699 811 723 καὶ
837 698 866 722 τὸ
896 700 918 722 Π
947 700 992 722 τοῦ

215 745 355 781 ἐπίτριτον,
385 743 476 775 ἀληθές
491 753 498 760 ⁸
524 743 540 772 ἡ
569 744 619 780 γὰρ
646 743 798 779 κατα-’ραφὴ
824 745 871 767 τοῦ
900 743 1041 777 σχήματος

214 793 260 819 καὶ
277 788 361 828 ῥᾳδία
374 791 419 816 καὶ
445 788 573 824 ἀναγκαία
592 789 636 814 καὶ
655 787 702 813 ούκ
727 786 811 817 ἄλλως
836 787 938 822 ἔχουσά
957 785 1038 820 ἐστιν,

215 835 272 864 ἧτιν
306 836 374 861 κατὰ
402 836 431 860 τὸ
469 835 574 869 συνεχὲς
600 834 682 859 ποσὸν
719 833 945 869 καταμετρουμένη
983 829 1077 865 δει-Β

215 882 298 907 κνύειν
321 878 432 906 δύναται
463 881 507 908 τὴν
532 877 653 907 ἀλήθειαν
673 879 719 903 καὶ
751 879 798 906 τὴν
827 881 873 907 τῆς
908 886 1041 911 στοιχεια-

214 929 264 956 κῆς
289 924 353 955 ῦλης
385 926 467 962 φέρειν
493 925 529 954 εἵς
559 922 620 958 ὄψιν
657 921 806 957 ἀναλογίαν,
839 923 886 951 τήν
918 924 978 958 περὶ
1011 921 1041 946 τὸ

216 971 308 1004 ποσὸν,
337 971 382 996 καὶ
407 970 448 995 ὅτι
475 967 638 1004 ὰλληλουχία
665 967 781 1004 ὑπάρχει
813 965 837 992 ἓν
866 965 948 1001 αὐτῷ.
972 965 1042 992 Ἐπεὶ

217 1012 247 1042 δὴ
272 1016 317 1040 καὶ
340 1013 369 1041 ἐκ
389 1011 609 1051 παραδειγμάτων
635 1011 676 1038 ὶπὶ
697 1012 727 1037 τὸ
751 1012 908 1047 σαφέστερον
934 1007 976 1036 δεῖ
999 1019 1042 1035 επ-

217 1060 288 1097 άγιιν
326 1060 394 1095 ἡμᾶς
430 1059 463 1084 τὰ
499 1059 627 1094 νοήματα,
666 1054 794 1091 δείξομεν.
825 1054 913 1081 Ἔστω
946 1052 975 1080 δε
1012 1055 1041 1080 τὸ

216 1102 386 1141 παράδειγμα
413 1103 495 1133 οὕτως
512 1112 518 1118 ·
543 1101 615 1128 Ἠτω
633 1103 646 1126 ό
675 1101 720 1136 μεν
747 1102 765 1125 Γ
789 1101 882 1135 τομεύς
907 1099 1007 1134 πεντὰς,
1028 1099 1042 1124 ὁ

217 1146 247 1174 δε
267 1152 287 1174 Υ
302 1146 378 1178 δεκάς
394 1157 401 1163 ·
426 1143 578 1183 περιέχεται
600 1149 663 1181 γοῦν
691 1145 704 1170 ὁ
724 1147 743 1170 Γ
757 1144 808 1170 ὑπὸ
827 1145 870 1170 τόν
894 1147 914 1170 Υ
930 1153 936 1159 ·
965 1144 1042 1169 ἔστω·

217 1201 265 1219 σαν
292 1190 322 1218 δὶ
343 1193 386 1217 καὶ
410 1191 435 1217 οἱ
446 1191 528 1227 ἕτεροι
550 1192 617 1227 τρεῖς
635 1191 654 1215 Γ
668 1186 800 1223 πεντάδες,
818 1188 843 1214 οἱ
862 1185 892 1214 δὲ
917 1191 937 1213 Υ
966 1185 1044 1214 δεκά-

217 1234 268 1266 δες.
287 1235 319 1262 Εἰ
346 1236 398 1271 ἄρα
424 1233 562 1265 διπλάσιος
587 1235 600 1260 ὅ
628 1237 648 1260 Υ
674 1237 719 1259 τοῦ
742 1236 770 1268 Γ,
798 1234 842 1258 καὶ
867 1233 892 1258 οἱ
915 1233 997 1270 ἕτεροι
1024 1236 1044 1260 Υ

216 1285 266 1308 τῶν
294 1280 383 1318 ἑτέρων
410 1282 430 1306 Γ
454 1277 602 1313 διπλάσιοι,
628 1277 650 1304 εἰ
671 1275 701 1304 δὲ
721 1281 770 1304 τῶν
792 1278 844 1315 ἄρα
871 1278 998 1314 τεττάρων
1025 1280 1044 1304 Γ

216 1326 314 1362 τομίων
348 1328 399 1350 τῶν
432 1325 630 1359 συναπτομένων
662 1324 707 1348 καὶ
736 1323 878 1348 ποιούντων
917 1323 961 1348 τὸν
992 1322 1044 1348 ἔσω

310 657 360 682 Καὶ
384 655 424 681 ὃτι
441 655 486 691 μὶν
507 651 551 680 οὖν
580 655 609 679 τό
639 656 660 679 Υ
683 655 730 678 τοῦ
758 655 777 678 Γ
803 649 954 683 διπλάσιον,
978 650 1041 677 ἀλλά

216 1479 421 1515 longitudinis.
443 1477 646 1512 Quamobrem
670 1475 792 1505 aectoris
818 1477 839 1504 Τ
866 1475 977 1511 duplus
998 1476 1043 1503 est

216 1513 312 1553 sect—or
326 1526 359 1553 Μ.
375 1526 411 1552 At
434 1531 528 1551 unum
550 1525 579 1550 et
592 1521 653 1549 duo
667 1523 737 1549 sunt
761 1520 827 1548 tria.
844 1521 940 1553 Quare
960 1527 1040 1556 aqua
1054 1513 1074 1541 Ο

216 1571 245 1598 et
259 1572 336 1597 terra
346 1571 415 1597 sunt
427 1571 485 1596 tres
504 1565 654 1604 particulae
668 1573 737 1602 qum
754 1566 952 1601 exaequantur
965 1564 1040 1591 inter

215 1622 257 1648 se.
273 1614 303 1642 in
317 1613 427 1651 quibus
442 1612 482 1640 ad
497 1612 580 1648 scopi
598 1613 697 1639 actum
709 1613 736 1638 et
748 1609 961 1646 perfectionem
973 1611 997 1636 Α
1013 1610 1040 1636 et

216 1660 226 1687 ι
247 1659 399 1692 uniuntur,
416 1659 443 1685 et
457 1665 524 1693 quie
547 1665 583 1684 ex
610 1663 641 1683 se
660 1654 720 1682 ﬁeri
735 1656 872 1691 possunt,
889 1653 1034 1681 efﬁciunt.

214 1705 326 1731 Rursus
339 1701 485 1739 quoniam
499 1701 548 1728 illa
563 1703 595 1728 ut
605 1700 802 1727 fundamenta
816 1698 913 1734 posita
930 1700 1001 1725 sunt
1013 1700 1041 1725 et

215 1750 247 1775 ut
262 1747 387 1776 materia
401 1745 503 1773 rudior
518 1753 553 1773 ac
565 1744 737 1780 impolitior,
751 1751 813 1779 qua
828 1743 917 1770 etiam
934 1745 1041 1770 cratera

215 1793 445 1826 congregantur,
452 1789 628 1817 necessitate
641 1788 729 1825 quasi
738 1787 934 1824 compellente
942 1787 981 1815 ad
992 1795 1040 1815 ex-

214 1836 389 1874 ponendam
404 1834 522 1863 illorum
538 1833 743 1862 collectionem
759 1835 787 1860 et
801 1831 1040 1860 conciliationem

214 1884 317 1910 nostra
340 1880 460 1909 festinat
481 1879 585 1907 oratio.
603 1879 661 1906 Hac
683 1877 764 1905 enim
777 1877 891 1905 ratione
904 1876 1040 1911 intelligi-

214 1934 282 1955 mus
307 1934 369 1962 quo
382 1927 470 1961 pacto
493 1923 724 1960 temperationes
738 1923 813 1951 inter
829 1930 860 1950 se
882 1921 1038 1957 cognatio-

213 1978 284 1999 nem
296 1970 439 1998 habeant.

249 2062 275 2089 3.
294 2058 423 2097 Dupluin
438 2058 528 2093 igitur
545 2065 611 2085 esse
627 2058 651 2084 M
664 2057 757 2093 ipsius
772 2057 801 2091 Τ,
816 2057 843 2083 et
858 2057 881 2082 A
902 2054 997 2090 ipsius
1016 2055 1037 2082 Τ

213 2113 280 2134 esse
294 2104 533 2140 sesquialterum,
550 2105 652 2130 etesse
668 2100 888 2137 sesquitertium
903 2099 998 2136 ipsius
1014 2101 1037 2127 Α

213 2158 282 2178 vere
306 2149 423 2177 dicitur.
440 2150 514 2176 Nam
528 2146 687 2183 descriptio
701 2146 806 2181 ﬁgurae
831 2144 924 2172 facilis
947 2146 990 2172 est
1008 2146 1036 2172 et

212 2194 381 2223 necessaria
395 2200 492 2229 neque
507 2192 590 2220 aliter
606 2199 637 2220 se
649 2190 750 2221 habet,
766 2190 852 2226 cujus
868 2188 1035 2217 secundum
1049 2188 1073 2214 D

213 2238 411 2275 quantitatem
422 2237 596 2266 continuam
611 2235 759 2263 dimensio
771 2234 925 2262 veritatem
936 2235 1036 2262 osten-

213 2283 283 2311 dere
289 2284 387 2319 potest
395 2285 423 2310 et
432 2289 543 2319 ponere
550 2281 589 2310 ob
597 2280 701 2309 oculos
708 2278 896 2308 elementaris
904 2277 1037 2306 materiae

213 2328 439 2366 proportionem
454 2328 533 2363 (quae
554 2326 585 2354 in
599 2325 765 2362 quantitate
780 2324 878 2359 posita
893 2323 947 2359 est)
961 2325 988 2351 et
1006 2323 1037 2350 in

212 2372 279 2409 ipso
290 2375 403 2409 quanto
414 2372 544 2408 partium
553 2367 927 2401 cohaerentiumﬂuoniam
937 2369 1037 2396 autem

215 2417 356 2446 adhibitis
369 2416 514 2453 exemplis
537 2414 648 2443 clarius
668 2413 815 2449 explicare
838 2420 894 2440 nos
910 2413 1040 2452 oportet,

213 2463 418 2492 ostendemus.
427 2463 495 2490 Esto
505 2467 576 2489 vero
586 2458 757 2495 exemplum
768 2457 849 2486 hunc
859 2458 889 2486 in
899 2458 1037 2487 modum.

213 2509 253 2537 Sit
270 2511 365 2537 sector
374 2508 395 2536 T
404 2505 559 2544 quinarius
574 2512 728 2538 numerus,
744 2505 841 2531 sector
850 2504 875 2531 M
885 2502 1037 2532 denarius.

214 2554 384 2582 Continetur
410 2551 500 2587 igitur
524 2552 552 2579 et
580 2551 732 2578 coercetur
758 2549 855 2576 sector
871 2548 892 2576 T
910 2548 976 2584 ipso
995 2548 1034 2576 Μ.

215 2598 278 2627 Sint
291 2599 379 2627 etiam
392 2597 440 2626 alii
457 2599 516 2625 tres
530 2596 552 2623 T
565 2593 695 2632 quinarii
709 2595 738 2622 et
751 2592 800 2621 alii
823 2594 882 2620 tres
902 2594 926 2620 Μ
944 2592 1038 2620 dena-

213 2643 260 2678 rii,
276 2651 347 2679 ergo
361 2643 386 2671 si
398 2644 424 2670 M
439 2644 536 2670 sector
550 2642 593 2668 est
606 2639 717 2676 duplus
731 2638 825 2675 ipsius
834 2639 866 2671 T,
883 2637 933 2666 alii
948 2637 1038 2666 etiam

214 2690 343 2716 sectores
368 2689 394 2716 Μ
407 2688 494 2715 erunt
508 2685 592 2722 dupli
604 2686 753 2712 sectorum
768 2683 799 2711 T.
815 2682 844 2711 Si
855 2682 945 2717 igitur
963 2690 1037 2719 qua-

213 2732 282 2760 tuor
298 2735 447 2765 sectorum
468 2733 489 2760 T
502 2730 733 2769 conjunctorum
748 2729 777 2756 et
790 2727 960 2755 interiorem
979 2727 1037 2755 cir-

214 2775 318 2806 culum
331 2776 524 2806 efﬁcientium
535 2776 664 2803 sectores
677 2774 702 2801 M
714 2774 784 2801 sunt
798 2771 893 2809 dupli,
909 2770 1038 2801 circulus

1932 214 1944 221 ν-

1100 209 1162 238 τούς
1187 212 1207 234 Υ
1233 213 1320 246 τομεῖς
1339 210 1392 246 ἄρα
1415 210 1509 241 κύκλος
1534 212 1652 247 περιέχει
1680 212 1724 236 τὸν
1751 211 1810 236 ὑπό
1842 214 1910 242 τοὺς
1932 214 1939 237 ἶ

1099 256 1187 287 τομεῐς
1220 254 1312 280 κύκλον
1346 257 1413 281 κατὰ
1445 254 1520 291 λόγον
1551 257 1594 281 τὸν
1622 253 1797 287 διπλασίονα,
1836 258 1887 281 καὶ
1921 266 1943 280 τη

1099 295 1171 334 ὕδωρ
1201 297 1251 334 ἀρα
1281 302 1399 335 περιέχει
1432 303 1520 326 πᾶσαν
1543 302 1589 329 τήν
1617 304 1666 336 γῆν
1692 301 1763 326 κατὰ
1788 299 1879 336 λόγον
1909 303 1944 326 r'a

1099 339 1267 376 διπλασίονα,
1292 343 1445 380 ἐξογκοῦται
1471 347 1500 371 τὸ
1525 344 1615 371 λοιπὸν
1640 345 1652 370 ὁ
1672 345 1723 370 ὑπὸ
1753 347 1826 375 τοὺς
1852 349 1875 372 Υ
1906 355 1945 371 τοο

1097 390 1154 422 μεὶς
1194 388 1296 419 κύκλος.
1339 389 1506 426 Ἀναχθῶμεν
1550 393 1614 425 γοῦν
1659 392 1703 415 καί
1751 389 1789 421 εἰς
1846 390 1942 427 ἔτερςι,

1097 430 1182 458 Ἔστω
1210 435 1295 458 τοίνυν
1327 436 1372 459 καί
1399 434 1412 459 ό
1431 438 1451 460 Υ
1478 436 1571 470 τομεύς
1602 432 1691 466 δεκὰς,
1712 435 1724 460 ὁ
1747 432 1778 460 δὲ
1803 437 1827 460 Α
1858 445 1943 460 πεντε-

1097 474 1232 510 καιδικάς,
1256 479 1407 514 περιέχεται
1425 482 1487 514 γοῦν
1506 479 1520 504 ὁ
1544 482 1564 505 Υ
1588 479 1639 504 ὑπὸ
1664 480 1707 504 τὸν
1737 482 1758 505 Δ
1774 490 1781 495 ·
1818 480 1943 505 ἔστωσαν

1098 519 1127 547 δέ
1155 523 1199 547 καί
1230 523 1255 548 οἱ
1274 523 1355 560 ἔτιροι
1378 526 1446 560 τρεῖς
1477 527 1564 560 τομεῖς
1585 527 1606 550 Υ
1637 521 1760 556 δεκάδες,
1796 525 1827 549 οἱ
1859 522 1892 550 δέ
1926 528 1941 550 Α

1095 564 1336 598 πεντεκαιδεκάδες.
1366 567 1397 594 Ei
1431 567 1483 604 ἄρα
1510 567 1629 604 ἡμιόλιος
1652 571 1673 595 Δ
1699 571 1749 594 τοῦ
1777 572 1811 603 Υ,
1847 571 1896 595 καί
1922 571 1942 594 ei

1095 610 1175 647 ἕτεροι
1188 613 1208 636 Α
1224 615 1272 636 τῶν
1295 615 1315 638 Υ
1338 611 1454 648 ἠμιόλιοι
1471 623 1478 629 ι

1095 657 1191 690 τομέων
1219 660 1268 681 τῶν
1303 659 1501 693 συναπτομένων
1534 658 1579 682 καί
1610 658 1754 683 ποιούντων
1793 661 1819 684 Υ
1847 658 1938 683 κύκλον.

1504 611 1526 638 εἰ
1554 610 1585 638 δέ
1610 616 1659 638 τῶν
1683 613 1737 650 ἄρα
1754 614 1898 650 τεττάρων
1923 618 1940 639 Υ

1095 699 1212 736 ἠμιόλιοι
1241 701 1266 726 οἱ
1296 703 1316 726 Α
1345 705 1431 738 τομεῖς
1453 702 1608 738 ὑπάρχουσι
1634 703 1679 728 καί
1710 702 1722 728 ὀ
1751 701 1808 728 ὑπό
1834 704 1895 734 τοὺς
1917 706 1938 729 Α

1094 748 1182 780 Ἰὀριεῑς
1207 745 1260 782 ἄρα
1291 746 1385 777 κύκλος
1414 748 1532 784 περιέχει
1560 748 1604 773 τὸν
1627 748 1676 773 ὑπο
1703 748 1770 778 τοὺς
1794 751 1821 774 Υ
1856 751 1938 784 rapui;

1094 790 1186 815 κύκλον
1224 791 1292 816 κατὰ
1327 790 1403 826 λόγον
1441 792 1484 816 τὸν
1515 791 1645 827 ἡμιόλιον,
1678 793 1724 817 καί
1757 792 1772 817 ὁ
1804 792 1861 829 ἀὴρ
1888 794 1937 828 ip:

1096 835 1213 870 περιέχει
1238 836 1267 860 τὸ
1296 832 1368 872 ὕδωρ
1393 837 1444 861 πᾶν
1465 836 1533 861 κατὰ
1554 834 1630 872 λόγον
1652 837 1695 862 τὸν
1720 836 1852 872 ἡμιόλιον
1870 847 1876 853 ·
1898 836 1935 867 EE-

1095 882 1219 914 ογκοῠται
1254 881 1340 905 τοίνυν
1383 880 1398 908 ἡ
1445 882 1600 916 στοιχειακὴ
1650 879 1767 917 ἁρμονία
1814 883 1933 917 πότερον.

1095 921 1250 960 Μετάϐῶμεν
1281 926 1327 950 καί
1350 925 1413 961 πρὸς
1437 926 1480 951 τὸν
1507 924 1572 961 ἀέρα
1598 922 1731 956 δικαίως”
1770 926 1845 952 ἴστω
1874 930 1932 961 γοῦν

1094 969 1139 993 καί
1166 967 1245 998 οὕτως
1275 969 1288 994 ὁ
1308 971 1327 994 Δ
1347 970 1449 1005 τομεύς,
1474 967 1685 1003 πητεκαιδηάς,
1712 970 1725 996 ὁ
1749 967 1783 996 δέ
1814 974 1839 997 Π
1870 970 1931 996 εἰκο-

1095 1012 1154 1046 σὰς,
1178 1014 1329 1050 περιέχεται
1352 1017 1414 1049 γοῦν
1442 1014 1456 1039 ὁ
1484 1016 1503 1040 Α
1528 1015 1578 1040 ὑπὸ
1605 1018 1650 1040 τοῦ
1677 1017 1698 1040 Π
1716 1022 1724 1030 '
1753 1015 1881 1041 εστωσαν
1904 1012 1933 1040 δέ

1094 1059 1140 1082 καί
1169 1057 1194 1082 οἱ.
1221 1057 1301 1095 ἕτεροι
1327 1062 1395 1094 τρεῖς
1428 1061 1517 1095 τομεῖς
1552 1062 1572 1085 Δ
1609 1057 1865 1091 πεντεκαιδεκάδες.
1904 1058 1931 1085 Εἰ

1095 1101 1147 1137 ἄρα
1177 1100 1306 1138 ἐπίτριτος
1335 1103 1349 1128 ὁ
1378 1106 1399 1128 Π
1426 1106 1473 1128 τοῦ
1502 1106 1533 1138 Δ,
1563 1105 1609 1129 καί
1634 1104 1660 1129 οἰ
1685 1103 1771 1141 ἕτεροι
1792 1107 1817 1130 Π
1841 1108 1891 1130 τῶν
1911 1106 1930 1129 Α

1095 1144 1244 1183 ἑπὶτριτοι·
1272 1146 1294 1173 εἰ
1323 1145 1353 1174 δέ
1378 1151 1428 1173 τῶν
1458 1147 1511 1184 ἄρα
1542 1147 1668 1184 τεττάρων
1698 1151 1720 1174 Δ
1752 1150 1856 1184 τομίων
1883 1152 1932 1174 τῶν

1096 1192 1293 1226 συναπτομένων
1326 1193 1370 1217 καί
1403 1192 1544 1218 ποιούντων
1573 1193 1616 1218 τὸν
1643 1195 1664 1219 Δ
1697 1191 1795 1218 κύκλον
1832 1192 1932 1229 ἐπίτρι-

1095 1243 1136 1260 τοι
1151 1235 1176 1260 οἱ
1198 1238 1219 1261 Π
1234 1238 1321 1272 τομεῐς
1340 1236 1504 1273 ὑπάρχουσι,
1526 1238 1572 1262 καί
1597 1237 1610 1262 ὁ
1635 1237 1686 1262 ύπό
1711 1236 1772 1267 τούς
1799 1240 1824 1263 Π
1848 1241 1931 1273 τὀμείς

1096 1278 1149 1316 ἄρα
1166 1278 1260 1310 κύκλος
1288 1281 1406 1317 περιέχει
1431 1281 1474 1306 τὸν
1502 1280 1553 1306 ὑπὸ
1575 1282 1640 1311 τοὺς
1662 1283 1682 1306 Δ
1712 1285 1804 1317 τομεῖς
1838 1280 1928 1307 κύκλον

1096 1324 1163 1349 κατὰ
1190 1322 1264 1359 λόγον
1292 1323 1431 1361 ἐπίτριτον,
1454 1326 1500 1351 καί
1526 1326 1556 1351 τὸ
1574 1328 1626 1363 πῦρ
1656 1325 1709 1362 ἄρα
1736 1327 1862 1363 περιέχει

1094 1486 1167 1514 ergo
1181 1479 1232 1516 qui
1248 1487 1283 1508 ex
1296 1479 1463 1508 sectoribus
1472 1481 1497 1509 ll
1507 1482 1634 1516 constat,
1650 1481 1786 1510 continet
1800 1483 1833 1510 et
1847 1489 1927 1510 coer-

1093 1525 1139 1551 cet
1149 1523 1293 1551 circulum
1305 1525 1358 1560 qui
1371 1532 1408 1552 ex
1420 1524 1612 1553 sectoribus'l‘
1622 1528 1740 1553 constat
1753 1526 1924 1554 secundum

1092 1568 1241 1596 rationem
1267 1568 1402 1605 duplam.
1419 1572 1503 1606 Aqua
1524 1577 1596 1605 ergo
1611 1570 1845 1606 comprehendit
1872 1578 1924 1598 suo

1094 1612 1210 1640 ambitu
1224 1615 1318 1641 totam
1329 1616 1437 1641 terram
1448 1614 1614 1642 secundum
1626 1614 1774 1642 rationem
1785 1615 1923 1651 duplam.

1093 1656 1205 1683 Exinde
1227 1656 1337 1684 molem
1354 1657 1480 1694 acquirit
1492 1657 1620 1686 circulus
1634 1658 1685 1694 qui
1701 1666 1737 1686 ex
1757 1658 1926 1687 sectoribus

1093 1701 1114 1728 T
1128 1703 1252 1729 constat.
1269 1702 1451 1730 Provehatur
1468 1702 1557 1730 etiam
1572 1702 1775 1731 consideratio
1802 1703 1870 1731 haec
1889 1702 1924 1731 ad

1093 1745 1220 1773 alterum
1234 1745 1389 1773 circulum.
1407 1748 1474 1774 Esto
1498 1746 1588 1782 igitur
1612 1750 1708 1775 sector
1724 1748 1749 1775 Μ
1768 1747 1922 1780 denarius,

1094 1792 1190 1817 sector
1199 1798 1270 1818 vero
1281 1792 1304 1818 A
1317 1791 1547 1826 quindenarius.
1569 1791 1742 1820 Continetur
1756 1792 1853 1827 igitur
1866 1800 1923 1820 sec~

1093 1835 1139 1862 tor
1154 1835 1179 1861 M
1193 1834 1249 1862 sub
1265 1837 1378 1863 sectore
1396 1837 1430 1863 Α.
1445 1835 1510 1863 Sint
1527 1836 1617 1864 etiam
1642 1835 1693 1864 alii
1707 1838 1769 1864 tres
1795 1839 1923 1864 sectores

1093 1879 1119 1905 M
1128 1878 1253 1912 denarii,
1263 1881 1291 1907 et
1305 1879 1354 1907 alii
1366 1881 1422 1907 tres
1435 1879 1634 1916 quindenarii.
1653 1880 1681 1908 Si
1692 1880 1783 1915 igitur
1794 1884 1818 1908 Λ
1829 1883 1923 1909 sector

1092 1923 1270 1959 sesquialter
1283 1926 1328 1951 est
1341 1924 1435 1960 ipsius
1456 1924 1579 1952 sectoris
1593 1926 1618 1953 ll
1634 1933 1642 1953 :
1658 1924 1708 1952 alii
1722 1933 1849 1962 quoque
1865 1933 1920 1953 sec-

1091 1969 1170 1995 tores
1191 1970 1214 1996 Α
1241 1971 1327 1996 erunt
1352 1969 1538 2005 sesquialteri
1565 1971 1715 1997 sectorum
1735 1971 1771 1998 Μ.
1790 1970 1820 1997 Si
1834 1970 1919 2005 igitur

1091 2014 1221 2040 sectores
1248 2017 1269 2040 A
1296 2015 1365 2041 sunt
1385 2013 1570 2049 sesquialteri
1591 2017 1700 2049 quator
1723 2017 1875 2042 sectorum
1894 2015 1916 2042 Μ

1089 2057 1320 2092 conjunctorum
1335 2059 1364 2085 et
1376 2057 1520 2085 circulum
1536 2059 1560 2086 Μ
1572 2058 1776 2089 efﬁcientium.
1791 2059 1914 2086 circulus

1088 2108 1160 2135 ergo
1175 2101 1225 2137 qui
1237 2109 1273 2129 ex
1288 2104 1417 2138 quatuor
1431 2102 1596 2130 sectoribus
1611 2104 1633 2130 A
1647 2105 1776 2137 constat,
1784 2110 1915 2138 compte

1088 2145 1192 2174 hendit
1215 2146 1332 2175 ambitu
1351 2154 1405 2175 suo
1426 2146 1572 2175 circulum
1586 2147 1638 2184 qui
1654 2155 1690 2175 ex
1705 2147 1874 2176 sectoribus
1892 2148 1913 2175 Π

1090 2193 1206 2219 constat
1229 2192 1398 2219 secundum
1423 2191 1571 2220 rationem
1600 2192 1845 2228 sesquialteram.
1864 2196 1914 2220 Aer

1089 2241 1161 2270 ergo
1177 2235 1404 2272 comprehendit
1421 2244 1476 2264 suo
1489 2236 1605 2264 ambitu
1618 2236 1793 2265 universam
1808 2244 1913 2274 aquam

1092 2279 1260 2308 secundum
1285 2281 1400 2308 ratione
1425 2279 1662 2316 sesquialterum.
1692 2281 1807 2309 Exinde
1832 2281 1914 2317 igitur

1091 2323 1202 2352 molem
1213 2324 1339 2361 acquirit
1353 2324 1543 2353 elementaris
1553 2325 1722 2353 harmonia.
1734 2325 1845 2354 Ordine
1855 2326 1914 2362 jam

1090 2372 1280 2398 transeamus
1291 2369 1330 2397 ad
1340 2377 1451 2397 aerem.
1469 2370 1538 2397 Esto
1548 2369 1637 2404 igitur
1652 2369 1744 2397 etiam
1757 2369 1808 2398 hic
1819 2374 1842 2398 Α
1857 2378 1913 2398 sec-

1091 2416 1146 2448 tor,
1162 2414 1389 2450 quindenarius,
1403 2416 1499 2442 sector
1513 2421 1585 2442 vero
1600 2415 1610 2441 l
1626 2414 1808 2442 vicenarius.
1824 2415 1913 2444 Conti-

1091 2461 1179 2487 netur
1191 2458 1281 2494 igitur
1293 2462 1390 2488 sector
1403 2461 1427 2487 A
1442 2459 1498 2487 sub
1514 2461 1630 2487 sectore
1643 2461 1662 2487 ι.
1679 2459 1744 2487 Sint
1758 2460 1851 2488 etiam
1869 2460 1913 2490 alii

1091 2506 1150 2532 tres
1173 2506 1304 2532 sectores
1320 2506 1341 2531 Δ
1357 2503 1556 2540 quindenarii.
1572 2504 1601 2532 Si
1619 2504 1711 2539 igitur
1729 2507 1855 2533 sector]
1874 2507 1912 2533 est

1092 2548 1298 2584 sesquitertius
1311 2547 1432 2577 aectoris
1444 2550 1479 2581 Α,
1493 2547 1543 2576 alii
1556 2555 1678 2585 quoque
1693 2551 1754 2577 tres
1768 2550 1911 2579 sectores!

1091 2593 1180 2621 trium
1195 2595 1342 2621 sectorum
1366 2595 1389 2621 A
1415 2595 1484 2621 sunt
1498 2593 1684 2629 sesquitertii.
1702 2593 1730 2622 Si
1754 2602 1828 2631 ergo
1844 2602 1910 2632 qua-

1090 2636 1158 2666 tuor
1172 2639 1301 2666 sectores
1316 2640 1327 2666 I
1340 2640 1411 2666 sunt
1424 2637 1603 2672 sesquitertii
1619 2640 1751 2674 quatuor
1769 2641 1910 2668 sectorum

1091 2684 1115 2710 Α
1129 2682 1360 2718 conjunctorum
1384 2684 1413 2710 et
1431 2682 1575 2710 circulum
1588 2684 1612 2710 Α
1626 2682 1841 2718 efﬁcientium;
1860 2684 1910 2713 cir-

1091 2726 1176 2755 culus
1189 2735 1312 2764 quoque
1325 2727 1378 2764 qui
1391 2735 1427 2756 ex
1441 2727 1627 2756 sectoribus!
1640 2731 1767 2762 constat,
1784 2737 1909 2767 compre-

1090 2770 1195 2802 hendit
1218 2779 1273 2801 suo
1294 2771 1412 2802 ambitu
1429 2771 1575 2801 circulum
1592 2772 1645 2811 qui
1661 2781 1698 2802 ex
1710 2774 1874 2805 sectoribus
1887 2776 1908 2803 Δ
