1967 3080
45 117 127 148 1289

40 228 178 263 γραφέντι
211 229 306 263 τουτῳὶ
330 226 414 262 κύκλῳ
443 228 555 256 ποσὸτης
586 227 631 252 καὶ
666 226 761 261 σχέσις
789 223 803 252 ἠ
833 227 883 250 τῶν

43 273 196 307 στοιχείων
209 273 253 298 καὶ
281 272 296 301 ἠ
322 273 384 309 πρὸς
410 271 476 298 αὐτὰ
503 273 548 298 καὶ
576 271 620 301 τὰς
647 270 754 308 κράσεις
772 273 818 299 τῆς
838 270 883 305 φύ-

42 325 117 346 σεως
144 318 244 352 ἕνωσις,
278 314 315 343 δι’
332 317 366 342 ὧν
387 318 416 343 τὸ
436 320 487 343 πᾶν
506 317 568 346 ἔστη
593 317 665 352 παρὰ
687 318 733 341 τοῦ
754 317 883 351 Δημιουρ·

38 365 98 397 γοῦ
120 364 167 388 καὶ
182 361 265 388 αὐτῶν
280 363 324 388 καὶ
337 365 382 392 τῆς
393 363 501 398 φὺσιως.

87 404 124 434 ὸν.
145 405 205 432 Ὀτι
220 404 250 432 δέ
267 416 307 437 τις
330 408 360 433 τό
384 410 403 433 Φ
427 406 451 432 ἒν
474 410 510 441 τῷ
532 407 627 443 κέντρῳ
656 403 799 441 ἐγκείμενον
816 403 882 440 ὁρῶν

38 452 84 486 μὴ
127 450 288 480 ἁπατηθήτω
326 451 365 477 ὅτι
392 455 423 487 τῇ
452 448 617 487 γεωδεστέρα
639 450 718 487 μοίρᾳ
743 453 790 480 τῆς
819 448 882 479 ὕλης

39 497 97 524 τὴν
127 497 206 531 φύσιν
234 494 327 532 μᾶλλον
359 495 555 531 ᾠκειωσάμῑθα,
587 497 675 521 νοείτω
709 492 738 520 δὲ
776 493 815 519 ὅτι
834 495 880 522 τὴν

38 543 97 566 τῶν
132 539 196 566 ὅλων
229 542 369 576 στοιχείων
406 542 451 566 καὶ
485 541 601 577 κράσεων
637 540 770 576 μεσότητα
814 537 879 573 αὐτῇ

39 583 276 621 ὰφωσιωσιὶμιθα.
312 587 468 622 Πανταχόσε
511 587 555 611 καὶ
596 585 645 621 γὰρ
684 585 728 610 καὶ
762 586 882 619 στοιχεῖα

39 631 94 655 καὶ
109 630 217 666 κράσεις
240 631 284 656 καὶ
312 631 395 666 φύσις.
429 632 512 656 Ὅπου
539 630 590 665 γὰρ
620 629 707 664 φύσις,
731 629 776 653 καὶ
801 629 880 663 μέση,

41 675 117 700 ὅπου
133 672 163 701 δί
191 677 312 711 στοιχεῖα
333 677 378 701 καὶ
411 675 527 712 κράσεις,
555 673 606 700 ἐκεῖ
639 675 683 699 καὶ
716 674 802 709 φύσις,
817 673 881 699 ὅπου

41 721 160 756 κράσεις
176 718 227 756 ἆρα
243 721 287 746 καὶ
309 723 440 755 στοιχεῖα,
461 720 518 745 ἔστι
539 721 584 744 καὶ
611 719 690 754 μέση,
716 718 755 744 ὁτι
770 719 814 743 καὶ
835 718 881 753 p6-

44 774 102 794 σις.
122 767 282 790 Κοινωνοῡσι
313 762 342 790 δὲ
370 766 414 790 καὶ
445 765 605 801 χωρίζονται
624 767 707 789 ταῦτα
732 763 816 788 πάντα
837 761 881 787 ἀπ’

42 808 179 843 ἀλλήλων,
211 810 277 835 κατὰ
309 811 338 835 τὸ
364 808 458 845 μᾶλλον
487 809 530 834 καὶ
555 809 642 844 ῇττον³
670 809 715 833 καὶ
736 811 767 843 τῇ
799 805 882 842 οἰκειᾳ

498 114 675 146 THEODORI
695 114 718 143 ΙΙ
737 114 805 144 IMP.
825 115 872 143 DE
892 113 1126 144 COMMUNIONE
1146 112 1332 143 NATURALI.

41 183 118 219 ἀέρα
145 182 212 207 κατὰ
239 181 313 218 λόγον
345 180 484 218 ἕπίτριτον,
512 183 556 207 καὶ
587 178 696 216 ἐδείχθη
725 178 777 216 ἆρα
804 177 828 205 ἕν
848 178 920 213 τῷΑ

1696 113 1768 145 1290

973 177 1001 211 ε’,
1021 177 1091 204 Ἐπεὶ
1118 176 1148 204 δὴ
1173 176 1223 204 κάκ
1247 181 1294 213 τῇς
1324 177 1423 213 φύσεως
1448 175 1498 203 κὰκ
1522 180 1571 203 τῶν
1596 180 1734 214 στοιχείων
1749 180 1764 208 ἡ

937 221 1006 258 μίξις
1033 223 1170 258 ἔγνωσται,
1201 224 1243 248 καὶ
1273 223 1302 248 τὸ
1334 221 1449 248 ποικίλον
1477 220 1564 258 ἐφανη,
1599 224 1699 249 καὶτὰ
1718 225 1766 260 μέ-

937 277 969 304 ρη
999 267 1028 294 οὑ
1056 271 1147 299 κοινῶς
1179 267 1379 304 ὑπελείφθησαν,
1412 277 1445 293 τα
1472 267 1547 294 εὐθέα
1572 277 1599 294 τι
1627 270 1672 294 καὶ
1695 279 1767 307 περι-

938 316 1012 348 φερῇ,
1035 313 1068 338 τὰ
1085 314 1114 338 τὸ
1143 314 1234 347 μικτὸν
1261 310 1452 341 δηλοποιοῦντα
1486 311 1636 350 εἰλικρινῶς,
1663 312 1719 339 ἀλλ’
1742 313 1766 339 ἓν

937 356 1046 383 ἕκαστον
1076 359 1139 394 ποίᾳ
1171 359 1222 384 τινὶ
1256 359 1349 393 σχέσει
1371 358 1432 393 πρὸς
1455 355 1525 390 ἄλλο,
1556 356 1617 383 οἴλλο
1649 366 1676 383 τε
1703 359 1767 394 πρὸς

938 401 1054 438 ἑκατερον
1082 402 1141 428 καθ’
1168 402 1257 429 ἕνωσιν
1282 404 1327 428 καὶ
1357 399 1498 428 διαστασιν
1523 403 1557 432 ὡς
1585 403 1680 438 ἔχουσι
1718 403 1767 429 ἀπ-

937 444 1110 482 εδείχθησαν,
1134 446 1246 482 ἀχθὴτω
1269 448 1314 473 καὶ
1334 448 1399 483 πρὸς
1418 448 1451 472 τὰ
1479 447 1545 483 μετὰ
1563 447 1596 473 τὰ
1612 450 1734 483 στοιχεῖα
1753 447 1766 474 ὁ

937 490 1021 527 λόγος,
1058 493 1139 528 ἤγουν
1168 491 1210 518 ἐπὶ
1236 493 1282 522 τὰς
1310 501 1425 530 κρασεις.
1462 494 1512 518 Καὶ
1544 492 1593 529 γὰρ
1635 494 1680 518 καὶ
1712 495 1766 523 τοῖς

938 538 1082 572 στοιχείοις
1109 536 1196 567 αὐτοῖς
1221 539 1313 573 κρᾶσις
1341 535 1518 573 προιταλληλοι⁷
1554 539 1597 563 καὶ
1625 540 1655 573 τῇ
1690 538 1767 574 φύσει

939 579 1086 616 ἀπεδείχθη
1103 582 1187 611 καθώς
1217 581 1297 616 ἐστιν,
1328 583 1410 607 εῖτουν
1440 579 1531 614 διπλῆ,
1555 582 1622 608 κατὰ
1645 591 1670 608 τι
1683 583 1728 611 τὴν
1741 581 1766 608 ἐν

939 627 1083 662 στοιχείοις
1111 628 1155 652 καὶ
1188 627 1234 655 τὴν
1258 625 1283 651 ἐν
1308 635 1442 663 κρασεσιν.
1468 624 1538 652 Ἐπεὶ
1553 623 1582 652 δὲ
1599 627 1613 655 ἡ
1630 631 1678 653 τῶν
1696 636 1766 653 στοι-

937 672 1016 707 χείων
1042 669 1174 702 ἀπόδειξις
1202 672 1230 696 τὸ
1257 670 1372 696 ποικίλον
1406 674 1450 696 καὶ
1474 671 1503 696 τὸ
1530 669 1687 708 ὰμφιρῥεπὲς
1721 671 1766 698 καὶ

937 717 966 741 τὸ
998 713 1152 752 ίὸιορυθμον
1185 716 1281 741 τούτων
1310 712 1438 748 ἀπέδειξε,
1471 718 1516 742 καὶ
1545 715 1591 742 οὐκ
1624 716 1653 741 ἄν
1686 714 1766 746 ἄλλως

937 760 1008 796 ἔχειν
1037 759 1114 786 αὐτὸν
1137 759 1204 786 αντα
1232 769 1272 791 τις
1297 761 1367 797 εἴπῃ,
1394 761 1415 786 εἱ
1448 762 1482 796 μὴ
1515 759 1598 795 φιλίας
1626 761 1640 789 ἣ
1671 762 1766 786 καὶνί-

937 814 983 834 κης
1014 803 1093 838 ἐστὶν,
1131 805 1259 840 ἔγνωσται
1291 803 1402 841 ἐναργῶς
1434 804 1448 833 ἡ
1484 805 1602 833 ἀλήθεια,
1639 804 1676 831 Οὐ
1713 807 1763 842 γὰρ

43 849 210 890 ίδιορυθμίᾳ
237 856 281 879 καὶ
313 857 344 889 τῇ
375 857 472 890 φυσικῇ
503 851 627 886 ἰδιότητι,
663 849 696 877 ὧν
723 853 767 877 καὶ
785 854 838 881 τοῖς
855 848 881 877 εὖ
898 857 918 884 Β
938 849 993 875 ἔστι
1014 859 1038 875 τι
1056 850 1125 875 κατὰ
1153 851 1261 885 κόσμον,
1292 848 1352 886 ὅπερ
1382 849 1411 875 οὗ
1439 854 1488 875 τῶν
1511 850 1648 887 τεττάρων.
1676 852 1707 876 Εἰ
1736 849 1766 876 δέ

44 900 180 934 φρονοῦσι
193 899 368 934 περατουμένη
401 897 416 926 ἡ
445 899 541 932 γνῶσίς
573 896 652 923 ἔστιν.
679 895 814 926 Ὡσαύτως
837 897 882 921 καὶ

43 942 98 968 οὐκ
128 941 244 973 ἐξέτασις
279 943 382 973 τούτοις
419 946 468 967 τῶν
497 939 695 967 ὑποδιπλασίων
725 942 770 967 καὶ
790 937 882 966 διπλα-

45 988 116 1012 σίων
149 989 194 1012 καὶ
228 986 352 1022 ἡμιολίων
382 987 427 1012 καὶ
464 985 599 1024 ἐπιτρίτων
640 985 781 1021 ἀναλογιῶν
819 983 882 1015 ὅλως

44 1033 202 1067 γενήσεται,
231 1030 296 1057 ἀλλὰ
319 1032 387 1057 κατὰ
415 1031 444 1057 τὸ
471 1035 518 1062 τῆς
541 1036 591 1067 γῆς
619 1031 741 1066 στεγανὸν
761 1030 827 1066 ἄγαν
853 1031 882 1056 τὸ

46 1074 128 1112 ὕδωρ
152 1077 196 1102 τὸν
229 1074 368 1102 διπλασιον
397 1075 471 1112 λόγον
497 1077 567 1112 ἔχειν
591 1078 728 1110 νοήσουσι,
762 1073 808 1102 διὰ
835 1077 882 1105 τὴν

46 1121 120 1156 ἄγαν
154 1121 252 1152 ταύτης
287 1120 458 1157 συμπίλησιν·
564 1119 688 1157 ἀναλογίᾳ
722 1118 751 1146 δὲ
788 1120 883 1156 ὁμοίως

46 1167 97 1191 καὶ
125 1169 178 1196 τοῖς
210 1165 302 1203 ἑτέροις
331 1165 555 1203 ἀναλογισαμενοι,
587 1167 619 1196 ὧς
652 1165 707 1192 ἐστι
734 1167 762 1192 τὸ
795 1164 884 1191 ἀναλο-

47 1219 109 1245 γον,
133 1208 268 1237 διοίσουσι
296 1213 340 1237 καὶ
369 1210 416 1237 οὐκ
445 1210 625 1246 ἁπατηθῶσιν,
650 1212 684 1242 ὡς
703 1211 728 1238 οἰ
742 1220 825 1240 παντη
842 1209 884 1236 ἁν-

50 1256 235 1291 ςπιστήμονες.

49 1327 172 1355 constat
186 1326 353 1355 secundum
375 1327 522 1356 rationem
540 1326 772 1360 sesquitertiam.
804 1326 883 1362 Ignis

50 1377 127 1406 ergo
142 1371 372 1408 comprehendit
384 1371 440 1400 sub
451 1380 483 1400 se
494 1380 595 1400 aerem
614 1372 781 1400 secundum
796 1372 883 1400 ratio-

49 1423 125 1444 nem
148 1416 380 1453 sesquitertiam.
409 1417 534 1445 Ostensa
557 1419 600 1445 est
624 1424 695 1452 ergo
716 1417 748 1444 in
761 1417 819 1445 hoc
834 1416 883 1445 de~

50 1460 166 1497 scripto
175 1460 285 1489 circulo
294 1460 509 1490 elementorum
515 1461 668 1498 quantitas
674 1463 702 1490 et
710 1462 884 1489 convenien-

51 1505 95 1533 tia
110 1513 117 1539 ;
132 1505 264 1541 itemque
280 1506 451 1534 communio
473 1508 588 1534 natura:
610 1514 679 1534 cum
700 1505 757 1534 illis
772 1508 800 1534 et
814 1514 883 1535 cum

51 1549 446 1587 temperationibus,quibus
453 1550 702 1579 intercedentibus
709 1551 883 1579 universum

51 1594 112 1622 hoc
127 1593 166 1623 ab
178 1594 289 1630 Opitice
304 1598 435 1629 summ’o,
455 1595 494 1624 ab
510 1595 582 1631 ipsis
597 1597 741 1624 etnatura
748 1598 882 1625 constru-

52 1641 136 1667 ctum
152 1641 208 1667 est.

89 1685 115 1711 4.
139 1683 196 1712 Sed
208 1691 246 1712 ne
266 1683 340 1712 forte
350 1684 418 1721 quis
432 1692 530 1713 errore
543 1684 679 1721 capiatur
694 1684 800 1714 videns
815 1685 836 1713 U
851 1685 882 1714 in

53 1729 156 1756 centro
170 1727 315 1764 positum,
329 1729 411 1765 quod
426 1729 564 1757 videlicet
574 1729 671 1764 magis
682 1730 810 1758 terrestri
820 1738 882 1759 ma-

53 1773 135 1801 teria:
144 1773 274 1809 portioni
282 1776 422 1802 naturam
434 1774 533 1810 potius
541 1774 883 1810 assignaverimus,sciat

53 1825 111 1845 nos
124 1817 334 1846 universorum
351 1818 568 1847 elementorum
589 1821 618 1847 et
630 1819 883 1856 temperationum

53 1861 247 1891 medietatem
258 1865 374 1892 natura
381 1863 534 1892 detulisse.
550 1866 625 1893 Nam
636 1871 883 1901 quoquoversum

55 1909 184 1943 spectes,
195 1907 353 1939 elementa,
365 1908 540 1944 temperatio
558 1911 586 1937 et
605 1910 714 1937 natura.
729 1909 820 1937 rebus
840 1910 883 1937 in.

55 1952 193 1981 sunt.Ubi
203 1952 284 1980 enim
296 1953 458 1989 natura,ibi
469 1953 559 1982 etiam
570 1956 615 1982 est
623 1954 723 1982 media
732 1962 741 1990 ;
751 1954 802 1982 ubi
813 1962 884 1983 vero

56 1997 204 2026 elementa
212 2000 239 2026 et
249 1998 550 2034 temperationes.illic
560 1999 649 2027 etiam
660 2001 776 2027 natura.
789 2000 884 2032 Quare

56 2042 230 2078 ubicunque
254 2042 485 2078 temperationes
512 2044 582 2071 sunt
607 2045 635 2072 et
649 2043 805 2079 elementa,
826 2043 884 2071 illic

57 2087 147 2116 etiam
162 2089 283 2116 interest
297 2087 396 2116 media
416 2095 471 2116 nec
490 2088 580 2117 aliam
600 2088 639 2116 ob
659 2096 884 2125 causamquam

57 2132 129 2169 quia
138 2134 182 2160 est
189 2132 540 2161 naturaﬂommunicant
549 2135 649 2161 autem
659 2133 723 2162 hsce
732 2133 834 2162 omnia
842 2133 884 2161 in-

58 2179 101 2205 ter
111 2184 141 2205 se
152 2178 180 2205 et
190 2179 369 2213 separantur
380 2185 397 2205 a
408 2185 439 2205 se
451 2177 527 2206 inter
537 2177 748 2212 se,secundum
757 2178 788 2206 id
801 2178 884 2215 quod

937 895 1033 920 τούτων
1048 895 1082 924 ὡς
1110 898 1194 920 ταῦτα
1221 895 1299 920 ἔστιν·
1331 893 1352 919 εἰ
1375 891 1400 920 δ’
1428 895 1462 924 ὡς
1488 898 1572 921 ταῦτα
1600 895 1680 928 ἐστιν,
1701 894 1765 930 οὐχί

938 937 1030 965 ἐλιαῖόν
1067 937 1147 972 ἐστιν,
1178 938 1216 964 ὁτι
1247 942 1331 965 ταῦτα
1353 939 1434 975 μικταὶ
1468 939 1533 976 πρὸς
1558 938 1633 966 αὐτά.
1665 937 1765 970 Μηδεὶς

938 981 967 1010 δὲ
993 987 1050 1010 νοῦν
1078 986 1122 1010 καὶ
1155 982 1247 1020 ψυχὴν
1279 985 1293 1012 ἢ
1327 985 1359 1010 τὰ
1388 984 1465 1020 ὅμοια
1499 984 1664 1020 σοοιζόμενος
1682 994 1765 1022 παραΔ

937 1027 1016 1064 ϐάλλῃ
1055 1030 1107 1058 τοῖς
1137 1027 1292 1064 λεγομένοις,
1331 1030 1375 1054 καὶ
1415 1028 1520 1055 ἀπατῶν
1558 1031 1604 1058 τὴν
1634 1028 1762 1062 ἀλήθειαν,

937 1072 1031 1109 μᾶλλον
1048 1070 1077 1099 δὲ
1091 1072 1191 1099 ἑαυτόν·
1218 1074 1247 1099 τὸ
1274 1074 1324 1110 γὰρ
1349 1073 1440 1109 λίχνον
1465 1076 1510 1100 καὶ
1531 1073 1546 1103 ἡ
1569 1071 1702 1110 βασκανία
1720 1083 1764 1100 κι-

937 1120 974 1143 νεῖ
1001 1117 1036 1148 εἰς
1069 1118 1127 1147 τοὺς
1152 1114 1278 1148 ἀναιδεῖς.
1306 1119 1394 1144 Μικτὰ
1423 1121 1486 1153 γοῦν
1519 1118 1552 1144 τὰ
1582 1122 1673 1156 πρῶτα
1703 1117 1764 1145 καθ-

938 1164 1067 1191 εστηκότα
1090 1163 1135 1188 καὶ
1160 1161 1192 1188 τά
1220 1159 1339 1200 δεύτερα,
1373 1164 1455 1188 εἲτουν
1485 1162 1511 1188 αἱ
1536 1163 1639 1199 κράσεις
1660 1173 1764 1199 μικται,

939 1203 1019 1236 διπλῆ
1037 1204 1066 1233 δὲ
1089 1210 1142 1237 τοῖς
1166 1207 1231 1243 μετὰ
1251 1208 1284 1233 τὰ
1312 1210 1434 1243 στοιχεῖα
1459 1208 1474 1236 ἡ
1501 1210 1606 1244 κρᾶσις,
1627 1208 1666 1234 ὅτι
1681 1211 1766 1234 ταῦτα

939 1250 1017 1279 διττὰ
1035 1251 1146 1288 ἔμψυχά
1170 1259 1196 1279 τε
1219 1261 1264 1278 και
1291 1251 1397 1288 ἀψυχα,
1427 1262 1472 1279 και
1494 1252 1570 1279 παλιν
1585 1256 1640 1284 πῶς
1655 1253 1765 1290 ἔμψυχα

938 1324 994 1353 stio
1009 1326 1100 1361 atque
1111 1324 1240 1352 varietas
1255 1325 1375 1360 cognita
1388 1327 1416 1353 et
1425 1325 1585 1354 manifesta
1605 1326 1692 1355 nobis
1701 1334 1753 1354 exs

938 1369 1002 1402 titit,
1010 1371 1037 1397 et
1051 1371 1152 1405 partes
1164 1377 1225 1397 non
1234 1369 1409 1403 generaliter
1418 1370 1574 1399 subductae
1585 1373 1665 1404 sunt,
1679 1373 1765 1400 rectm

938 1413 1082 1441 nimirum
1097 1417 1125 1442 et
1139 1413 1276 1441 rotundae
1290 1421 1358 1449 quae
1369 1414 1440 1442 illud
1456 1415 1540 1451 quod
1555 1415 1765 1444 admistionem

939 1458 1088 1494 suscipere
1103 1460 1201 1494 potest
1211 1458 1368 1486 manifeste
1381 1459 1555 1493 ostendunt,
1568 1460 1621 1488 sed
1636 1461 1767 1495 singilla—

937 1503 990 1532 tim
997 1503 1270 1531 demonstrawmus
1277 1503 1358 1539 quali
1365 1502 1517 1532 habilitate
1524 1505 1765 1541 unumquodque

937 1548 977 1576 ad
983 1547 1065 1576 aliud
1071 1549 1100 1576 et
1107 1547 1187 1576 aliud
1196 1547 1235 1576 ad
1246 1549 1408 1584 utrumque
1416 1548 1473 1577 hoc
1479 1550 1508 1577 et
1515 1548 1588 1577 illud
1597 1549 1765 1578 secundum

937 1593 1158 1630 eopulationem
1169 1592 1379 1621 etdistantiam
1389 1593 1425 1622 sit
1433 1593 1604 1630 praeditum,
1615 1594 1679 1630 jam
1693 1602 1764 1623 con-

937 1640 1066 1666 vertatur
1075 1640 1178 1666 nostra
1202 1637 1295 1666 oratio
1317 1637 1358 1666 ad
1383 1637 1434 1666 illa
1454 1646 1523 1674 qum
1536 1639 1684 1667 elementa
1699 1639 1766 1676 ipsa

937 1682 1073 1720 proxime
1085 1684 1263 1719 sequuntur,
1269 1690 1377 1719 nempe
1386 1683 1425 1711 ad
1436 1684 1679 1720 temperationes.
1690 1685 1763 1713 Nam

937 1735 1006 1764 quae
1018 1727 1054 1755 sit
1073 1727 1248 1763 temperatio
1272 1727 1488 1756 elementorum
1512 1728 1588 1756 inter
1607 1736 1649 1761 se,
1662 1731 1691 1757 et
1703 1737 1764 1764 quo

937 1774 1025 1808 pacto
1036 1772 1075 1800 ad
1088 1771 1334 1800 communionem
1348 1774 1464 1800 naturae
1478 1775 1655 1801 revocentur
1668 1775 1765 1802 osten-

937 1816 1048 1844 dimus.
1060 1817 1172 1852 Nempe
1185 1815 1297 1853 duplex
1316 1819 1360 1845 est
1378 1817 1490 1851 mistio,
1507 1825 1570 1846 una
1579 1826 1647 1854 quae
1664 1818 1694 1846 tn
1709 1817 1767 1846 ele-

938 1861 1046 1889 mentis
1060 1861 1200 1895 cernitur,
1217 1861 1309 1889 altera
1332 1868 1401 1897 qua:
1424 1862 1456 1890 in
1478 1862 1760 1898 temperationibus.

938 1906 1087 1939 Quoniam
1097 1908 1197 1934 autem
1203 1906 1273 1934 cum
1284 1905 1321 1934 de
1330 1905 1483 1934 elementis
1489 1906 1764 1942 diceremus,varie-

938 1953 1030 1979 tatem
1041 1953 1069 1979 et
1078 1950 1311 1987 propensionem
1321 1950 1352 1978 in
1363 1953 1521 1988 utramque
1529 1954 1688 1988 partem,et
1698 1960 1765 1989 pro:

938 1996 1036 2033 prtam
1051 1995 1292 2024 constitutionem
1301 1995 1420 2025 illorum
1433 1997 1766 2032 demonstravimus,se-

938 2048 998 2077 que
1009 2039 1199 2068 hoeinﬁciari
1211 2040 1373 2077 quisquam
1388 2041 1484 2077 possit
1495 2042 1551 2070 nisi
1569 2045 1657 2071 sectus
1676 2042 1765 2071 alicui

939 2085 1076 2114 addictus
1090 2087 1142 2113 aut
1151 2085 1349 2114 contentionis
1360 2086 1459 2115 studio
1468 2087 1766 2123 adductus,superest

938 2133 972 2158 ut
980 2130 1131 2158 veritatem
1143 2129 1300 2159 manifeste
1320 2130 1408 2159 nobis
1426 2132 1580 2167 cognitam
1595 2139 1660 2160 esse
1672 2131 1766 2161 fatea-

938 2183 1016 2203 mur.
1031 2174 1106 2203 Nihil
1119 2175 1199 2203 enim
1215 2177 1260 2203 est
1275 2175 1305 2203 in
1329 2175 1387 2204 hoc
1408 2176 1535 2212 mundo,
1558 2177 1641 2214 quod
1656 2185 1717 2205 non
1733 2185 1767 2206 ex

57 2223 100 2250 est
113 2221 212 2257 magis
225 2223 254 2250 et
267 2221 374 2254 minus,
386 2221 518 2258 itemque
530 2229 585 2251 sua
600 2222 743 2258 peculiari
753 2230 884 2259 prapen-
901 2218 923 2246 D
939 2222 1068 2257 quatuor
1083 2222 1197 2249 constet
1209 2219 1374 2250 elementis.
1391 2221 1476 2254 Quod
1488 2222 1512 2250 si
1524 2230 1560 2250 ex
1568 2222 1615 2251 his
1628 2224 1767 2251 constant

59 2266 141 2294 sione
151 2267 180 2294 et
195 2265 324 2294 naturali
339 2266 662 2303 pro’prietate,quarum
673 2266 796 2303 quidem
809 2267 884 2295 atie-

58 2311 190 2340 ctionum
205 2310 335 2346 cognitio
345 2310 430 2339 ﬁnita
448 2313 494 2339 est
504 2311 698 2347 sapientibus.
711 2313 768 2340 Nec
777 2311 885 2340 eodem

59 2362 177 2392 semper
184 2354 277 2383 modo
285 2355 464 2390 investigare
475 2355 572 2384 solent
589 2356 799 2393 proportiones
815 2356 886 2384 sub-

57 2397 174 2434 duplas,
190 2396 311 2434 duplas,
327 2398 538 2435 sesquialteras
553 2401 581 2427 et
603 2398 816 2435 sesquitertias,
833 2398 886 2427 sed

57 2449 110 2478 pro
124 2449 238 2478 magna.
250 2444 336 2471 terra:
344 2441 502 2471 solididate
513 2450 626 2480 aquam
636 2443 749 2472 habere
759 2443 886 2480 duplam

57 2487 203 2516 rationem
215 2487 386 2523 intelligunt
399 2490 522 2524 propter
531 2488 658 2517 nimiam
677 2488 755 2516 illius
777 2489 887 2517 consti-

57 2532 220 2568 pationem.
237 2531 436 2561 Consimiliter
450 2532 481 2560 in
496 2532 561 2561 aliis
572 2535 710 2562 accurate
721 2533 889 2570 proportio-

59 2576 169 2606 tionem
191 2577 423 2614 perpendentes,
448 2577 532 2614 quod
558 2585 662 2606 revera
677 2577 890 2606 convenienter

57 2621 226 2659 respondet,
246 2622 456 2657 assignabunt,
478 2630 533 2651 nec
550 2623 581 2651 in
595 2630 727 2652 errorem
746 2623 888 2659 incident,

58 2670 89 2695 ut
103 2666 142 2695 illi
158 2666 211 2703 qui
229 2674 357 2703 prorsus
372 2667 469 2703 ignari
481 2669 560 2696 sunt.

94 2715 120 2741 5.
142 2711 293 2745 Quoniam
305 2714 405 2742 autem
416 2720 453 2741 ex
471 2715 579 2742 natura
587 2715 615 2742 et
625 2721 661 2742 ex
671 2713 822 2742 elementis
835 2713 889 2742 mi-

939 2272 1007 2302 quae
1020 2267 1090 2293 sunt
1103 2265 1133 2293 in
1147 2264 1396 2301 mundo,singula
1405 2274 1466 2294 non
1476 2266 1604 2302 aliter,se
1612 2267 1768 2296 habebunt

939 2312 1030 2346 atque
1042 2309 1108 2346 ipsa.
1122 2309 1285 2343 elementa;
1299 2310 1383 2347 quod
1396 2310 1419 2339 si
1430 2319 1489 2340 non
1506 2311 1720 2348 aliter,nullum
1732 2319 1768 2340 ex

941 2354 1067 2390 singulis
1087 2355 1312 2391 compositionis
1330 2357 1359 2384 et
1378 2355 1568 2385 admistionis
1581 2364 1686 2393 expers
1702 2357 1767 2391 erit,

941 2407 1011 2428 cum
1025 2399 1172 2428 elementa
1183 2400 1252 2436 ipsa
1264 2400 1341 2429 inter
1353 2407 1384 2428 se
1399 2400 1571 2430 mistionem
1587 2401 1764 2438 suscipiant.

942 2445 1034 2473 Nemo
1050 2452 1120 2473 vero
1135 2444 1192 2473 illis
1211 2453 1279 2481 quae
1290 2445 1370 2474 dicta.
1382 2448 1452 2475 sunt
1467 2454 1486 2475 a
1497 2446 1584 2475 nobis
1598 2446 1703 2475 callide
1714 2454 1768 2482 op-

943 2491 1037 2526 ponat
1049 2489 1153 2518 mentis
1168 2492 1196 2517 et
1206 2490 1298 2518 animi
1310 2491 1541 2526 copulationem,
1552 2491 1706 2519 veritatem
1721 2490 1769 2526 ip-

943 2541 1011 2562 sam
1021 2536 1072 2562 aut
1086 2535 1187 2570 potius
1204 2534 1337 2571 seipsum
1351 2534 1512 2572 decipiens.
1528 2537 1602 2564 Nam
1614 2534 1768 2572 petulanti,

944 2581 973 2607 et
985 2578 1227 2616 livorimpcllunt
1237 2579 1438 2616 impudentes.
1449 2580 1666 2608 Admistionem
1681 2580 1771 2615 igitur

945 2623 1113 2659 suscipiunt
1126 2624 1275 2660 principia
1288 2623 1338 2652 illa
1353 2632 1406 2652 seu
1423 2624 1579 2660 elementa,
1595 2627 1622 2654 et
1637 2625 1770 2653 secundo

944 2668 1010 2697 loco
1019 2668 1253 2705 concreta,quod
1263 2668 1337 2697 nihil
1348 2669 1428 2698 aliud
1440 2669 1588 2698 estdicere
1598 2677 1692 2707 quam
1700 2671 1773 2698 tem-

945 2713 1116 2750 perationes
1128 2713 1248 2742 misceri
1268 2721 1359 2750 posse
1375 2715 1422 2751 (Ι).
1440 2715 1488 2744 Est
1501 2717 1600 2745 autem
1611 2715 1641 2744 in
1656 2715 1691 2744 iis
1703 2723 1772 2752 quin

93 2774 131 2812 (t)
149 2776 182 2805 In
196 2774 355 2812 Epicureos
369 2775 428 2805 hoc
440 2776 518 2805 dixit
532 2775 584 2814 qui
598 2777 738 2808 animum
751 2778 846 2814 κρᾶσιν
861 2784 931 2807 esse
947 2775 1098 2806 dicebant.

259 2837 374 2870 PATROL
393 2838 443 2870 Gs.
464 2838 537 2871 CXL.

1542 2840 1575 2877 ﬁt
