1967 3080
213 131 278 161 1291

973 127 1151 156 ΑΒΒΕΝΒΑ.

1856 134 1931 160 (292

211 199 266 226 πῶς
281 193 308 222 δ’
322 194 419 231 ἄψυχα
446 194 528 231 ἕτερα,
554 194 599 218 καὶ
626 195 680 223 τοῖς
711 193 755 227 μεν
777 189 821 218 οὖν
845 190 963 227 ἀψύχοις
981 191 1035 216 οἷον
1051 191 1075 217 Α
1090 201 1173 227 μενος1
1202 191 1238 222 εὶς
1258 191 1291 216 τὰ
1320 197 1432 228 συγγενῆ
1463 193 1608 221 ἀναλύεται,
1642 195 1800 223 Ἀθετητέον
1814 197 1883 230 γοῦν
1901 193 1933 218 τί

210 240 291 270 λίθοις
316 249 344 265 τε
367 241 412 264 καὶ
445 237 580 274 μετάλλοις
611 236 739 266 απλοὶκῶς
772 238 787 266 ἡ
813 241 862 262 τῶν
897 237 1036 271 στοιχείων

211 284 281 311 ἐστὶν
308 285 409 313 ἕνωσις.
438 282 510 308 Δύτὰ
536 283 587 318 γὰρ
616 281 644 307 ἐκ
672 286 721 307 τῶν
745 282 893 317 στοιχείων,
937 280 958 306 εἰ
991 281 1036 305 καὶ

209 330 304 365 κρᾶσίς
326 327 383 354 ἐστι
409 329 453 354 καὶ
476 328 588 359 τούτοις,
619 326 661 352 ἐπὶ
688 325 774 352 πλεῖον
796 323 825 352 δὲ
844 327 889 351 καὶ
912 324 1033 351 ἔλασσον·

209 376 257 402 τὴν
284 373 334 409 ⁹χείρ
368 376 417 398 τῶν
446 371 575 408 μετάλλων
603 373 647 396 καὶ
680 369 757 396 λίθων
789 371 855 400 τινες
876 369 1035 400 ἐξετάζοντες

211 416 342 453 ἰδιότητα,
377 416 575 452 ὀνησιμωτάτην
611 416 707 444 ταύτην
745 415 896 452 εὑρίσκουσι
927 414 1036 440 ἀντικει-

209 465 286 500 μένην
316 465 367 489 ποῦ
394 461 488 497 ψύχει,
516 465 566 487 ποῦ
593 461 741 498 θερμότητι,
772 463 821 486 ποῦ
855 458 884 485 δὲ
914 461 1035 490 ὡσαύτως

208 509 252 533 καὶ
286 509 482 543 ωναρὴγουσα,
518 506 585 531 ὥστε
615 506 660 530 καὶ
693 504 718 530 ἐν
748 505 850 535 τούτοις
880 508 932 534 τοῖς
966 503 1035 539 ἀψό-

207 561 268 588 χοις
294 552 310 581 ἠ
344 551 371 577 ἐκ
413 555 462 576 τῶν
501 551 643 585 στοιχείων
685 548 766 584 ἰσχύς
799 549 827 574 ού
858 553 949 579 κοινῶς
977 548 1035 574 ἐστι

207 600 299 630 πᾶσιν,
324 594 380 621 ἀλλ’
401 596 436 625 ὡς
463 595 617 630 πεφύκασιν·
646 593 803 619 ἁναλυθέντα
830 591 859 619 δὲ
887 595 931 619 καὶ
952 596 1035 619 ταύτα

206 640 247 667 ἐπὶ.
280 641 314 666 τὰ
347 641 462 677 πρότερα
501 638 525 664 ἐν
556 637 659 667 ἐκείνοις
696 635 846 664 δεικνύουσι
879 638 908 663 τὸ
931 640 1032 673 μικτὸν.

205 689 260 713 Ποῦ
275 687 324 722 γὰρ
338 689 389 722 πῦρ
405 684 430 711 ἐν
445 684 537 721 χαλκῷ
554 691 561 718 ;
586 687 617 720 τῇ
642 686 742 720 χωνείᾳ
762 681 791 709 δὲ
814 692 921 719 σνχνως
941 682 1033 719 ἐμϐαλ-

206 731 308 768 λόμενος
344 732 390 756 καὶ
427 730 495 755 κατὰ
537 730 629 765 μικρὸν
670 727 822 764 ἐλαχίστοις
857 725 1034 763 σποδούμενος

206 775 332 812 ψήγμασί
345 785 395 801 που
420 773 566 800 ἀναλύεται.
595 771 658 799 Εἶπε
677 771 707 798 δέ
730 780 777 802 τις·
801 773 844 798 Ἐν
864 776 894 808 τῇ
909 775 941 807 γῇ
958 774 1003 797 καὶ
1020 772 1033 797 ὀ

205 820 277 851 λίθος
308 823 339 856 τῇ
367 823 400 856 γῇ
428 821 576 856 προσεχής,
606 818 811 854 συγκρουόμενος
839 815 868 843 δὲ
883 815 1034 842 ἀποστέλλει

1090 240 1207 270 τοιαῦτα,
1221 239 1266 263 καὶ
1290 239 1356 274 πρὸς
1381 239 1414 264 τὰ
1440 239 1491 264 ἄνω
1519 239 1692 276 ἐπιμελητέον.
1721 242 1775 266 Καὶ
1802 244 1857 270 τοῖς

1090 280 1133 306 οὖν
1161 281 1294 317 μετάλλοις
1325 284 1368 308 καὶ
1402 282 1486 314 ἀλλοις
1518 287 1587 310 τισίν
1623 284 1794 320 ἁπλουστέρα
1827 285 1842 313 ἡ
1881 288 1935 308 τῶν

1513 327 1612 359 Μηδείς
1653 328 1679 355 δ’
1718 328 1935 365 ἀμφισϐητήτω

1090 369 1154 396 εἶναι
1169 373 1214 396 καί
1237 372 1336 402 τούτοις
1359 382 1466 409 κρασεις
1494 383 1520 399 τε
1546 376 1590 399 καί
1620 376 1726 410 σχέσεις
1748 376 1796 399 καί
1826 371 1938 400 Z5167:-

1091 328 1229 361 στοιχείων
1269 325 1339 352 ἐστὶν
1374 327 1472 358 ἓνωσις.

1089 425 1143 445 τας·
1165 417 1256 441 οὔκουν
1275 413 1398 443 δὲταῦτα
1418 420 1494 453 μόνον
1519 420 1584 454 πρὸς
1599 418 1688 452 ἑαυτὰ,
1710 418 1777 444 ἀλλὰ
1798 421 1850 444 καί
1863 421 1938 455 πρὸς

1089 463 1143 491 τοῖς
1172 459 1306 496 ἐμψύχοις
1341 462 1376 492 ὡς
1402 463 1416 490 ἡ
1443 465 1520 499 πεῖρα
1547 466 1719 499 παρίστησιν.
1752 462 1838 489 Ἐστι
1867 466 1939 498 γοῦν

1089 514 1134 530 και
1152 508 1205 535 τοῖς
1231 504 1346 542 ἀψύχοις
1371 506 1506 542 μετάλλοις
1530 509 1575 533 καί
1600 507 1681 538 λίθοις
1703 510 1801 543 κρᾶσίς
1825 511 1886 537 πώς
1911 517 1938 532 τε

1088 551 1134 575 καί
1164 548 1276 581 ἰδιότης·
1301 551 1361 576 ἔνθα
1388 552 1439 587 γὰρ
1465 555 1566 587 κρᾶσις,
1593 553 1638 577 καί
1665 549 1778 582 ἰδιότης·
1809 552 1863 577 οὐκ
1906 552 1937 576 ἐν

1088 596 1136 631 γὰρ
1173 596 1205 620 τα
1239 596 1367 632 κραθέντα
1401 595 1550 633 ἐκράθησαν
1584 595 1624 630 ἂν,
1658 596 1680 622 εἰ
1718 599 1756 632 μή
1798 599 1936 633 πρότερον

1089 639 1302 676 συνεισελὸρευσαν
1318 643 1348 676 τῇ
1367 638 1483 669 ἰδιότητι
1497 640 1532 671 εἰς
1541 641 1629 667 ἑαυτά.

1125 683 1158 715 ς’.
1189 686 1239 710 Καί
1264 687 1323 722 περί
1348 687 1392 721 μὲν
1418 689 1467 712 τῶν
1493 685 1622 721 μετάλλων
1643 687 1689 711 καί
1715 685 1798 711 λίθων
1829 689 1931 720 ταῦτα,

1087 730 1147 765 περί
1174 726 1204 754 δὲ
1234 733 1282 754 τῶν
1317 733 1372 760 πῶς
1407 731 1452 766 μὲν
1488 729 1625 765 ἐμψύχων,
1664 733 1718 759 πῶς
1746 728 1777 756 δὲ
1809 729 1933 765 ἀψύχων

1087 782 1121 798 τα
1146 773 1227 810 ἔτερα·
1255 777 1304 799 τῶν
1329 773 1444 809 ἀψύχων
1482 784 1510 800 τε
1542 775 1607 810 λέγω
1633 777 1678 800 καί
1707 784 1763 804 πως
1789 773 1932 810 ἒμχύχω

1088 820 1173 852 φυτῶν
1200 816 1226 843 εὖ
1256 815 1393 844 διίσταται
1430 819 1445 847 ἡ
1480 822 1530 844 τῶν
1557 821 1696 854 στοιχείων
1728 818 1835 848 ἑνότης·
1868 828 1933 844 συν-

207 867 235 891 τὸ
246 869 309 902 πῦρ·
338 863 360 890 εἰ
388 862 413 890 δ’
441 865 454 890 ὁ
478 863 549 894 λίθος
578 867 625 893 τῆς
647 866 696 898 γῆς
721 864 766 888 καὶ
793 863 806 888 ὁ
830 861 931 898 χαλκὸς
941 861 974 891 εἰς
985 863 1069 892 τὴνΒ
1088 871 1204 898 υπαρχει
1231 863 1281 900 γὰρ
1315 864 1416 893 τούτοις
1450 863 1465 892 ἡ
1503 863 1605 892 ἂκτική
1632 865 1675 889 καί
1709 863 1847 894 αὐξητικὴ
1884 865 1933 888 sui

205 914 254 946 γῆν
271 908 415 942 ἀναλύεται,
442 909 498 935 ἔστι
524 906 553 934 δὲ
580 910 625 933 καὶ
650 910 702 944 πῦρ
730 907 755 933 ἐν
780 910 810 943 τῇ
839 910 886 943 γῇ,
910 907 938 932 ἔκ
948 916 975 932 τε
989 909 1033 936 τῆς

205 958 251 980 τοῦ
279 957 429 991 προσοχοῡς
453 953 527 979 λίθου
555 953 583 978 ἔκ
613 961 640 977 τε
672 950 762 988 ἐτέρων
793 950 922 987 μετάλλων
967 950 1031 977 ἁπο-

206 996 310 1030 δείξεως
335 999 348 1024 ὁ
376 997 477 1034 χαλκὸς
507 997 541 1027 εἰς
566 997 596 1022 τὸ
624 999 676 1032 πῦρ
703 998 748 1022 καὶ
776 998 823 1025 τὴν
853 1000 902 1031 γῆν
931 998 975 1021 καὶ
999 996 1032 1020 τά

206 1048 317 1080 συγγενῆ
349 1043 495 1070 ἀναλύεται,
537 1041 622 1068 Πολλοί
655 1051 694 1072 τις
718 1042 775 1077 ἔχει
805 1040 885 1076 λειγειν
916 1040 952 1070 εἰς
984 1041 1031 1068 τὴν

204 1093 254 1114 τῶν
269 1089 385 1126 κράσεων
413 1085 557 1120 ἀπόδειξιν,
587 1087 681 1122 μικτὴν
708 1084 788 1112 οὖσαν
817 1087 862 1110 καὶ
887 1084 1029 1120 πολυμερῆ,

205 1134 328 1162 ὡσαύτως
356 1134 402 1158 καὶ
426 1131 622 1157 πολυσύνθετον.
647 1130 677 1156 Εἰ
702 1131 750 1168 γὰρ
775 1131 804 1155 τὸ
841 1133 893 1165 πῦρ
927 1128 950 1154 ἐν
976 1132 1031 1159 τοῖς

203 1177 284 1207 λίθοις
294 1186 321 1202 τε
343 1178 389 1202 καὶ
414 1179 444 1211 τῇ
474 1178 523 1211 γῆν
554 1175 610 1201 ἔστι
635 1176 681 1200 καὶ
703 1174 727 1199 ἓν
750 1173 853 1210 χαλκῷ·
879 1173 1031 1209 ἔκτῆςγῆς

204 1221 255 1258 γὰρ
283 1221 423 1256 συνάγεται
448 1220 461 1245 ὁ
482 1218 590 1254 χαλκός’
620 1218 656 1249 εἰς
687 1220 734 1248 τὴν
759 1223 809 1254 γῆν
835 1222 897 1255 γοῦν
919 1218 1030 1245 ἀναλυό-

205 1364 353 1395 elementa
367 1365 534 1401 sequuntur
555 1361 667 1400 duplex
681 1362 866 1400 temperatio,
885 1361 1030 1400 quoniam

205 1411 270 1439 hac
281 1418 404 1447 quoque
417 1412 486 1438 sunt
499 1409 627 1446 duplicis
641 1409 766 1444 generis.
788 1409 861 1437 Sunt
879 1409 955 1436 enim
969 1407 1032 1436 ani—

205 1458 288 1484 mata
302 1458 331 1484 et
342 1456 517 1484 inanimata.
532 1456 565 1482 Et
580 1462 684 1482 rursus
697 1455 755 1482 alia
769 1454 877 1490 partim
887 1454 1030 1486 animata,

205 1500 315 1537 partim
325 1500 415 1528 etiam
424 1500 599 1528 inanimata.
613 1500 655 1527 Ac
669 1499 700 1527 in
713 1498 886 1526 inanimatis
896 1497 1029 1534 quidem,

1088 905 1242 935 ἀλλοιωτικὴ
1271 909 1317 932 καί
1353 907 1492 936 καθεκτική
1529 917 1557 933 τε
1594 909 1638 933 καί
1665 906 1802 945 ἐκκριταή
1849 905 1931 933 δύνα-

1087 960 1142 986 μις,
1160 949 1175 979 ἢ
1190 960 1218 977 τε
1246 951 1368 988 θρεπτικὴ
1394 953 1559 988 πρωτίστως,
1584 950 1622 977 δι’
1647 950 1679 982 ’ἧς
1701 954 1799 978 καίτοι
1814 956 1932 978 τοιαῦτα

1087 997 1186 1026 τούτοις
1221 995 1360 1032 ἐγγίνεται,
1403 998 1586 1034 στερίσκονται
1625 995 1655 1022 δέ
1689 1000 1739 1027 τῆς
1765 996 1928 1027 alterum};

1086 1043 1168 1066 Τοῦτο
1196 1038 1225 1066 δὲ
1247 1038 1388 1077 πρόδηλόν.
1423 1043 1523 1078 Κρᾶσις
1556 1039 1585 1067 δι
1617 1044 1662 1067 καί
1687 1041 1791 1072 αὐτοῖς·
1826 1041 1851 1067 εἰ
1875 1042 1930 1077 γὰρ

1087 1086 1121 1118 μὴ
1149 1087 1253 1122 κρᾶσις,
1279 1084 1343 1111 ἀλλὰ
1380 1095 1465 1111 παντα
1499 1086 1552 1112 εἰσ-ί
1588 1083 1724 1122 μονοειδῆ,
1763 1085 1814 1111 οὐκ
1844 1085 1876 1111 δα
1904 1086 1930 1110 οἱ

1085 1130 1182 1155 τούτων
1210 1132 1306 1165 καφποί
1342 1128 1474 1167 διαφόρως
1511 1130 1546 1161 εἰς
1579 1132 1638 1161 τοὺς
1661 1132 1767 1166 χυμοὺς
1797 1129 1931 1156 συνεϐαλ-

1084 1174 1167 1200 λοντο·
1193 1175 1220 1200 εκ
1248 1179 1297 1200 τῶν
1326 1179 1431 1212 καρπῶν
1457 1177 1501 1201 καί
1525 1175 1575 1212 ’γὰρ
1605 1179 1746 1211 γεννῶνται
1771 1178 1874 1211 χυμοὶ.
1898 1174 1930 1200 Εἰ

1085 1218 1116 1246 δὲ
1141 1222 1177 1256 μή
1203 1229 1312 1257 κρασεις
1345 1222 1499 1256 πανταχόσε
1534 1221 1568 1246 τὰ
1592 1222 1711 1257 σπόριμα
1737 1224 1837 1252 κοινῶς
1866 1219 1931 1255 ἑγυο

1086 1364 1175 1400 igitur
1186 1363 1439 1401 pratermittenda
1447 1365 1558 1397 sunt,et
1566 1363 1606 1393 ad
1616 1363 1725 1393 altiora
1734 1367 1847 1394 nostra
1854 1364 1926 1393 dili—

1088 1410 1189 1444 gentia
1200 1409 1370 1438 revocanda
1397 1411 1453 1437 est.
1487 1409 1634 1437 Uniuntur
1658 1410 1763 1446 itaque
1786 1410 1925 1442 metalla,

1087 1461 1170 1486 saxa,
1188 1456 1216 1482 et
1225 1453 1284 1482 alia
1293 1453 1435 1490 quedam
1445 1453 1625 1489 simpliciore
1634 1453 1685 1482 illa
1695 1453 1925 1482 elementorum

1088 1498 1405 1535 copulatione.Nemini
1419 1506 1491 1526 vero
1502 1498 1540 1526 sit
1553 1498 1681 1526 dubium
1693 1499 1772 1535 quin
1782 1499 1833 1527 his
1846 1502 1925 1527 tem-

205 1546 281 1574 utin
296 1544 448 1581 lapidibus
461 1546 489 1572 et
501 1544 639 1576 metallis,
655 1543 827 1579 simpliciter
836 1543 966 1570 cernitur
976 1541 1031 1570 ele-
1045 1542 1068 1575 C
1087 1543 1266 1579 perationes,
1279 1542 1446 1571 habilitates
1470 1545 1499 1570 et
1518 1543 1715 1578 proprietates
1731 1543 1840 1572 insint.
1860 1546 1923 1572 Non

205 1593 376 1619 mentorum
392 1589 575 1618 communio.
588 1590 655 1617 Hinc
665 1589 746 1616 enim
753 1596 789 1616 ex
798 1587 952 1616 elementis
962 1595 1030 1615 con-

206 1638 264 1664 stat
277 1636 390 1672 quibus
406 1635 430 1663 si
439 1634 615 1670 temperatio
629 1633 765 1666 inest,his
781 1633 866 1661 etiam
877 1632 1030 1667 inerit,sed

206 1681 370 1708 secundum
384 1680 415 1707 id
424 1679 508 1715 quod
518 1682 562 1707 est
572 1678 640 1714 plus
651 1681 678 1706 et
686 1678 796 1706 minus.
809 1678 938 1711 Quidam
949 1677 1030 1705 enim

205 1725 419 1759 investigantes
427 1723 616 1751 metallorum
631 1725 660 1750 et
671 1722 803 1758 lapidum
818 1722 1030 1758 proprietatem

206 1768 483 1796 commodissimam
489 1767 567 1795 hanc
573 1765 805 1802 deprehundunt
815 1774 882 1802 quae
891 1766 1031 1801 opposita

207 1814 253 1841 est
265 1813 485 1848 nonnunquam
500 1810 840 1846 frigori,nonnunquam
847 1810 937 1838 etiam
948 1810 1030 1837 illam

205 1865 273 1894 quae
286 1856 536 1890 calori,interdum
546 1863 668 1892 quoque
685 1854 790 1883 eodem
805 1854 896 1882 modo
905 1862 971 1890 quae
982 1854 1030 1881 fri-

206 1911 261 1939 gus
277 1905 328 1930 aut
342 1901 472 1930 calorem
484 1900 720 1936 adjuvat.0uare
736 1900 781 1927 vis
790 1899 841 1927 illa
850 1906 918 1935 quae
927 1898 966 1926 ab
974 1899 1030 1926 ele-

205 1947 314 1974 mentis
328 1946 524 1982 proficiscitur
531 1953 593 1972 non
607 1945 636 1972 in
650 1945 696 1972 his
707 1944 848 1972 omnibus
858 1944 1030 1972 inanimatis

206 1991 404 2019 communiter
409 1989 551 2023 inest,sed
558 1991 648 2025 prout
654 1991 760 2017 natura
766 1991 941 2024 comparata
949 1991 1027 2016 sunt.

206 2035 274 2063 Haec
288 2043 359 2063 vero
367 2034 549 2062 dissolutain
558 2033 701 2069 priora,in
709 2033 766 2061 illis
778 2033 1030 2069 ostenduntquod

204 2079 325 2108 misceri
339 2078 445 2116 potuit.
464 2079 566 2105 Utrum
576 2078 656 2105 enim
668 2077 745 2112 ignis
755 2078 839 2106 estin
849 2085 906 2105 iere
917 2078 931 2104 Ἰ
947 2080 1029 2105 Atta-

204 2132 274 2152 men
284 2132 353 2152 cum
373 2122 478 2150 crebro
485 2121 614 2157 injicitur
627 2130 667 2150 sas
677 2122 708 2149 in
720 2121 1028 2158 fornacem,paulatim

203 2168 308 2196 multis
323 2166 465 2196 ramentis
481 2166 568 2202 quasi
582 2166 611 2193 in
630 2166 744 2194 cineres
762 2166 952 2201 convertitur,
969 2166 1029 2193 dis-

1087 1595 1158 1622 ergo
1168 1588 1316 1616 elementa
1325 1588 1401 1615 inter
1413 1595 1447 1615 se
1458 1588 1604 1615 duntaxat
1616 1587 1923 1623 eopulantur,verum

1086 1633 1175 1660 etiam
1186 1633 1216 1660 in
1227 1632 1378 1665 animatis,
1397 1634 1429 1660 ut
1443 1632 1625 1668 experientia
1643 1633 1764 1671 probat.
1781 1634 1836 1662 Est
1852 1641 1923 1669 ergo

1085 1677 1114 1704 in
1131 1677 1304 1704 inanimatis
1319 1676 1410 1704 etiam
1423 1675 1549 1704 metallis
1565 1678 1593 1704 et
1602 1675 1756 1712 lapidibus
1764 1680 1921 1714 tempera-

1085 1721 1126 1749 tio
1141 1724 1230 1757 atque
1245 1720 1421 1757 proprietas.
1434 1721 1488 1749 Ubi
1496 1721 1576 1748 enim
1588 1722 1761 1756 temperatio
1772 1721 1817 1750 ibi
1829 1724 1920 1752 etiam

1084 1766 1364 1802 proprietas,Neque
1372 1765 1451 1792 enim
1459 1773 1528 1801 quae
1536 1765 1612 1793 inter
1619 1773 1651 1793 se
1656 1768 1831 1802 temperata
1839 1772 1919 1799 sunt.

1085 1809 1245 1845 temperari
1256 1809 1494 1845 potuissent,nisi
1503 1809 1674 1845 impellente
1684 1811 1876 1846 proprietate
1891 1813 1919 1839 in

1086 1862 1179 1882 unum
1196 1853 1416 1882 conﬂuxissent.

1121 1900 1147 1926 6.
1168 1901 1264 1934 Atque
1277 1898 1342 1926 haec
1354 1898 1478 1934 quidem
1499 1898 1535 1925 de
1554 1898 1681 1926 metallis
1697 1901 1727 1926 et
1740 1899 1914 1936 lapidibus.

1087 1944 1125 1970 De
1146 1942 1201 1970 illis
1228 1950 1298 1971 vero
1323 1950 1391 1978 quae
1415 1942 1523 1978 partim
1541 1943 1675 1971 animata
1697 1947 1778 1977 sunt,
1805 1946 1918 1981 partim

1084 1988 1259 2021 inanimata,
1278 1987 1336 2015 alia
1346 1987 1475 2015 dicenda
1499 1990 1579 2015 sunt.
1603 1989 1626 2015 A
1637 1988 1761 2024 plantis,
1775 1989 1918 2026 inquam,

1084 2040 1153 2067 quae
1167 2032 1276 2068 partim
1289 2032 1430 2060 animatae
1443 2035 1512 2060 sunt
1526 2033 1633 2068 partim
1645 2033 1836 2069 inanimatae,
1858 2043 1918 2064 non

1084 2079 1129 2104 est
1139 2076 1236 2104 aliena
1248 2077 1465 2104 elementorum
1478 2077 1661 2105 communio.
1669 2078 1718 2105 His
1728 2078 1813 2106 enim
1828 2080 1918 2108 simul

1083 2120 1160 2149 inest
1167 2121 1210 2149 vis
1224 2124 1253 2148 et
1263 2121 1388 2149 facultas
1398 2121 1917 2157 attrahendi,augescendi,commu-

1085 2166 1178 2200 tandi,
1192 2165 1339 2194 retinendi
1352 2169 1382 2194 et
1395 2166 1612 2200 secernendi,in
1623 2167 1790 2204 primisque
1800 2169 1846 2196 vis
1857 2177 1917 2197 me-

205 2212 282 2240 solvi
296 2211 427 2246 contigit.
440 2212 585 2239 Praeterea
603 2211 634 2238 in
646 2214 724 2239 terra
736 2211 837 2246 ignem
852 2218 916 2238 esse
931 2210 1029 2238 dicere
1042 2219 1066 2248 ο
1084 2210 1186 2244 dendi,
1197 2218 1250 2246 per
1263 2218 1354 2246 quam
1368 2210 1457 2238 etiam
1469 2210 1541 2239 talia
1553 2211 1598 2238 his
1608 2211 1721 2240 insunt.
1733 2212 1847 2241 Carent
1862 2222 1914 2242 au—

203 2257 299 2294 possit
311 2256 506 2292 aliquis.Nam
517 2263 554 2284 ex
564 2264 638 2284 saxo
650 2256 733 2292 quod
746 2256 883 2292 proxime
897 2255 936 2283 ad
945 2257 1028 2283 terras

202 2304 344 2331 naturam
360 2300 484 2335 accedit,
496 2301 595 2329 attritu
618 2301 696 2335 ignis
717 2300 904 2336 exprimitur.
916 2300 944 2328 Si
957 2308 1028 2328 vero

204 2355 312 2375 saxum
327 2345 411 2383 quod
422 2345 553 2374 maxime
566 2346 605 2374 ad
616 2347 702 2374 terrae
711 2348 851 2372 naturam
863 2344 978 2372 accedit
987 2346 1028 2372 at-

202 2399 262 2428 que
277 2392 365 2420 etiam
381 2399 422 2418 aes
436 2390 467 2418 in
482 2392 592 2418 terram
606 2389 788 2420 dissolvitur,
804 2391 847 2416 est
862 2396 933 2416 vero
950 2389 1027 2423 ignis

201 2445 323 2474 quoque
349 2436 379 2464 in
406 2439 492 2471 terra,
523 2443 594 2463 sane
623 2443 660 2462 ex
688 2433 944 2461 demonstratione
963 2433 1028 2462 saxi

202 2483 294 2519 (quod
315 2481 407 2510 habet
430 2484 571 2509 naturam
593 2481 677 2507 terrea
698 2477 831 2515 afﬁnem)
852 2481 880 2506 et
899 2478 1027 2506 aliorum

200 2527 390 2556 metallorum
414 2524 606 2559 intelligimus
628 2531 669 2551 tes
696 2523 726 2550 in
750 2523 862 2558 ignem,
876 2526 985 2551 terram
998 2525 1027 2550 et

200 2572 337 2607 ejusdem
350 2569 467 2605 generis
479 2568 538 2596 alia
546 2567 736 2596 dissolvi.Sed
745 2570 848 2603 posset
855 2567 922 2603 quis
932 2567 1026 2595 multa

199 2616 298 2644 dicere
313 2615 344 2643 in
357 2615 435 2642 hanc
446 2612 622 2641 sententiam
633 2612 671 2640 de
688 2612 827 2640 mistione
839 2611 1025 2646 temperatio-

198 2668 273 2689 num
284 2668 351 2696 quas.
366 2657 522 2694 multiplex
537 2659 581 2685 est
596 2659 624 2685 et
636 2657 715 2685 varie
733 2657 931 2691 coagmentat.
948 2657 1024 2684 Nam

200 2704 225 2732 si
238 2704 316 2739 ignis
331 2706 375 2732 est
397 2704 427 2731 in
451 2702 530 2730 saxis
548 2704 576 2730 et
598 2702 629 2730 in
650 2704 736 2735 terra,
751 2703 795 2728 est
808 2700 941 2728 etiamin
954 2708 1023 2729 iere.

198 2750 270 2776 Nam
285 2755 321 2776 ex
335 2751 413 2776 terra
427 2749 599 2775 concretum
613 2748 658 2774 est
671 2753 721 2773 aes.
733 2745 829 2777 Quare
842 2752 912 2773 cum
920 2745 1024 2773 dissol-

197 2792 278 2822 vitur
291 2792 323 2820 in
342 2793 462 2826 terram,
485 2791 516 2819 in
536 2791 666 2825 cognata
684 2788 740 2817 sibi
761 2788 1022 2818 dissolvitur-ﬁsse

1084 2257 1143 2282 tem
1158 2255 1188 2282 vi
1207 2257 1235 2282 et
1255 2254 1396 2283 facultate
1413 2254 1569 2283 sentiendi.
1593 2256 1702 2283 Verum
1722 2255 1782 2284 hoc
1798 2259 1913 2295 perspi-

1084 2307 1173 2327 cuum
1187 2302 1231 2327 est
1246 2302 1274 2326 et
1288 2301 1363 2327 inter
1372 2307 1477 2327 omnes
1487 2302 1615 2328 constat.
1628 2301 1718 2328 Porro
1731 2303 1914 2337 temperatio

1081 2352 1203 2380 quoque
1216 2344 1262 2371 his
1271 2344 1358 2371 inest.
1379 2345 1454 2372 Nam
1479 2344 1505 2371 si
1531 2352 1593 2372 non
1618 2345 1698 2372 inest
1708 2345 1750 2373 ita
1760 2348 1794 2374 ut
1808 2349 1914 2376 omnia

1082 2389 1141 2416 sint
1155 2396 1216 2416 una
1230 2388 1396 2424 eademque
1408 2388 1504 2416 forma
1516 2388 1732 2424 prmdita,certe
1747 2397 1912 2419 succorum

1080 2433 1250 2461 diversitate
1274 2433 1386 2461 fructus
1405 2433 1577 2468 plantarum
1598 2441 1660 2461 non
1675 2433 1912 2469 distinguentur.

1082 2479 1155 2506 Nam
1169 2478 1249 2506 succi
1266 2478 1305 2505 illi
1317 2478 1452 2505 oriuntur
1469 2486 1504 2505 ex
1519 2478 1674 2506 fructibus.
1690 2479 1780 2510 Quod
1797 2481 1823 2508 si
1836 2483 1911 2509 tem-

1080 2523 1194 2559 peratio
1205 2523 1235 2551 in
1249 2531 1355 2551 omnes
1379 2526 1478 2559 partes
1508 2530 1569 2550 non
1582 2522 1813 2559 diffunderetur,
1829 2533 1911 2554 eom-

1079 2568 1164 2596 muni
1175 2568 1309 2604 quadam
1336 2567 1450 2595 ratione
1476 2566 1594 2603 plantas
1615 2570 1748 2596 sererent
1771 2569 1911 2599 homines

1079 2611 1269 2648 coierantque
1284 2620 1319 2640 ac
1338 2611 1515 2640 earumdem
1536 2611 1650 2640 fructus
1665 2615 1824 2642 meterent.
1841 2616 1910 2648 Quis

1078 2665 1149 2685 vero
1164 2656 1240 2685 alius
1252 2656 1358 2684 dixerit
1370 2656 1478 2692 plantis
1490 2656 1564 2692 ipsis
1575 2664 1636 2684 non
1650 2656 1748 2684 inesse
1760 2660 1908 2695 tempera-

1077 2701 1403 2737 tionem.prteterquam
1417 2700 1465 2729 ille
1476 2700 1529 2737 qui
1543 2702 1695 2729 communi
1709 2703 1849 2738 quadam
1862 2712 1907 2733 ra-

1077 2746 1157 2774 tione
1170 2745 1281 2782 ubique
1290 2745 1410 2782 plantas
1418 2745 1475 2774 seri
1481 2745 1598 2782 colique
1607 2746 1714 2779 asseri,
1720 2745 1801 2776 THoc
1807 2751 1906 2777 autem

1078 2798 1173 2818 unum
1187 2791 1277 2818 estex
1290 2789 1348 2817 illis
1366 2797 1435 2826 quas
1453 2789 1518 2818 ﬁeri
1540 2792 1703 2826 nequeunt.
1717 2791 1797 2820 Talis
1818 2794 1904 2824 etiam
