1967 3080
43 142 124 170 i293

495 139 672 169 THEODORI
693 140 716 167 II
737 140 802 167 IMP.
825 141 868 167 DE
887 139 1115 168 COMMUNIONE
1134 140 1320 169 NATURALI.

1691 143 1759 172 1294

42 207 211 241 τουρ-γοῡντο
242 205 288 229 καὶ
317 202 468 240 ὶχάρπευον,
509 212 547 233 τις
576 202 600 229 δ’
631 203 707 234 ἄλλος
737 205 794 240 εἴπῃ
829 203 882 240 οὐχ
896 207 919 233 Α
936 204 1060 240 φντοῐς.ἡ
1080 204 1130 240 ’γὰρ
1152 201 1251 234 ἰδιότης
1274 206 1381 240 μίγνυσι
1404 208 1435 241 τῇ
1469 207 1560 242 κράσει
1589 209 1682 242 κρᾶσιν
1715 208 1760 232 καὶ

44 251 92 275 ὄτι
111 250 208 285 κρᾶσίς
234 247 304 274 ἐστιν
336 248 434 281 αὐτοῖς,
453 248 474 274 εἰ
507 250 542 284 μὴ
563 248 576 273 ὁ
595 252 686 279 κοινῶς
723 252 882 285 φυτουργεῖ-

46 295 119 320 σθαι
148 296 233 319 ταῦτα
258 292 338 328 λέγων
361 295 515 328 πανταχόσε
533 295 578 319 xui
599 294 752 331 σπείρεσθαι
773 302 780 328 ;
799 296 881 319 Τοῦτο

47 337 83 364 δί
118 342 171 364 τῶν
201 335 336 363 ἀδυνατων
370 337 450 365 ἐστίν.
486 337 598 364 Ἀθετείν
629 336 659 364 δὲ
691 340 735 364 xui
763 340 810 368 τὴν
833 342 882 364 τῶν

48 382 262 413 ’Δαληπιάδων
291 385 387 419 τέχνην
422 383 435 408 ὁ
469 387 587 413 τοιοῦτος
618 383 745 420 ὁρίζεται,
777 384 807 413 ἣν
837 386 882 410 καὶ

47 429 199 466 φαρμάκων
231 430 374 457 συνίστησι
405 427 504 457 πλῆθος
534 428 560 454 Ex
593 437 620 454 τι
654 431 703 454 τῶν
741 430 880 464 φυομένων,

48 475 82 500 εκ
113 483 143 500 τε
170 473 310 510 μετάλλων,
337 474 365 499 ἔκ
396 482 423 500 τε
451 477 501 499 τῶν
534 475 748 510 συγκιρνῶμὲλων
780 475 882 500 πολυει-

50 518 111 545 δῶν
148 527 177 545 τε
211 521 257 544 καὶ
287 518 486 545 πολυχευάστων
518 516 564 544 διὰ
597 523 642 548 τῆς
678 518 759 549 αὐτῆς
790 517 883 545 ein-aciei

51 564 131 595 ξεως.
159 567 250 590 Ταῦτα
274 565 325 600 γὰρ
349 563 435 590 πάντα
461 564 578 601 κράσεων
608 562 736 600 διαφορὰς
764 565 882 600 ἔχουσιν·

51 610 127 635 οὕτω
159 610 209 645 γὰρ
241 610 288 635 xui
322 609 346 634 οἱ
377 611 480 639 παίονις
520 608 616 645 ἑκάστη
655 610 723 644 νόσῳ
751 610 780 634 τὸ
821 609 885 645 πρὸς

52 653 213 679 ἀντίστασιν
263 653 358 679 τούτων
408 652 444 683 εἰς
505 651 635 690 ἁναὶρεσιν
689 654 784 683 ταύτης
840 652 885 679 ἐπ-

53 699 168 734 άγουσι,
187 700 233 724 xui
264 697 293 723 οὐ
325 700 411 724 πᾶσαι
440 699 474 724 τὰ
503 698 587 724 πάντα
616 700 701 724 καίτοι
733 698 793 724 ὄντα
826 696 886 724 διά-

54 752 140 780 φορα.
160 742 328 774 Ἐξετάζουσι
357 739 386 768 δὲ
413 744 459 767 xui
489 743 556 768 οἶνον
581 743 647 779 πρὸς
674 745 740 768 οῖνον
759 743 887 779 καὶπρὸς

54 787 146 813 ίλαιον
178 786 273 821 ἔλαιον,
303 787 349 812 καὶ
378 787 441 824 πρὸς
473 788 574 823 ὀπώραν
593 786 707 823 ὀπώραν,
727 788 772 812 καὶ
789 787 888 823 καρπὸν

53 833 127 869 πρὸς
151 832 262 868 καρπὸν,
290 833 336 857 xui
366 829 531 862 ἂξετάσαντες
557 830 631 861 αὖθις
657 832 825 867 προσάγουσι
858 832 887 857 τὸ

53 875 230 910 κπαλλήλόν,
260 877 305 902 καὶ
333 874 371 901 τὸ“
390 875 540 913 ἂπροσφυὲς
571 875 735 902 ἀποσείονται
762 879 794 912 τῇ
827 877 888 906 τέως
907 890 928 917 Β

54 922 140 956 νόσῳ,
172 921 236 958 πρὸς
272 920 351 949 οῑλλην
383 929 459 946 νοσον
493 920 670 956 ἀφοσιοῦντες.
695 920 725 947 Εἰ
757 922 792 957 μὴ
826 923 889 957 γοῦν

56 968 157 1002 κρᾶσις
183 963 214 994 ἦν
243 964 267 990 ἐν
295 965 392 996 αὑτοῖς,
420 964 466 990 οὐκ
486 965 516 991 ἄν
535 966 641 1001 ὑπῆρχε
659 967 704 991 xui
734 963 848 999 ἰδιότης,
868 966 890 992 εἰ

59 1008 92 1036 δὲ
126 1011 162 1046 μὴ
197 1007 307 1042 ἰδιότης,
341 1009 389 1035 οὐκ
421 1010 453 1036 οἶν
487 1009 669 1036 συνεϐάλλοντο
700 1014 753 1040 πῶς
783 1011 828 1045 μὲν
856 1009 890 1040 εἷς

57 1064 131 1086 τινα,
149 1053 238 1080 διόλου
253 1052 283 1080 δέ
305 1063 336 1090 ’γε
359 1054 393 1084 εἰς
424 1053 500 1088 ἄλλα,
526 1057 572 1080 xui
594 1054 641 1081 οὗκ
664 1053 737 1091 εἶχον
751 1059 890 1092 πορσφυῶς

59 1103 116 1130 πῶς
149 1108 195 1136 μεν
213 1108 294 1133 τισιν,
327 1098 412 1129 ἄλλοις
430 1108 457 1125 τι
476 1098 579 1130 τελέως·
614 1102 691 1125 τοῦτο
722 1097 752 1125 δέ
783 1098 889 1134 ἄτοπον,

60 1146 84 1170 εί
117 1146 164 1169 καὶ
194 1153 234 1174 τις
264 1145 325 1180 περὶ
356 1144 449 1169 τούτου
488 1142 628 1175 ἀνθέξεται.
666 1144 714 1170 Διὰ
753 1147 834 1170 ταῦτα
866 1146 890 1170 οἱ

62 1188 150 1226 ἰατροὶ
178 1189 213 1214 τὰ
231 1188 378 1218 κατάλληλα
409 1188 580 1226 πράττουσιν.
615 1187 684 1214 Ἀλλ’
710 1189 767 1215 ἔστι
799 1191 891 1226 κρᾶσις

59 1235 108 1260 xui
143 1232 247 1265 ἰδιότης
279 1234 304 1260 ἰν
337 1243 364 1260 τε
396 1233 490 1267 λίθοις,
526 1235 551 1260 ἵν
581 1243 608 1260 τε
635 1233 779 1270 μετάλλοις,
808 1234 833 1260 ἓν
864 1243 892 1259 τε

61 1321 220 1351 constituit
224 1321 391 1351 convellere
396 1322 638 1357 Asclepiadarum
645 1324 736 1351 artem
743 1330 811 1359 quae
817 1330 894 1351 com-

61 1367 150 1403 ponit
168 1367 403 1403 pharmacorum
429 1367 650 1395 multitudinem
673 1375 710 1395 ex
723 1367 844 1404 plantis,
857 1375 894 1395 ex

63 1411 188 1439 metallis
196 1413 265 1440 etex
273 1411 502 1439 multiformibus
509 1410 766 1448 multipliciterque
775 1419 895 1448 compa-

63 1456 135 1484 ratis
142 1457 200 1483 tem
203 1455 409 1492 perationibus
414 1455 491 1484 inter
497 1464 529 1484 se
537 1456 686 1492 permistis
694 1463 747 1492 per
753 1455 893 1483 eamdem

63 1500 429 1528 demonstrationemllmc
435 1500 515 1528 enim
522 1500 893 1537 omniatemperationibus

63 1545 215 1573 differunt.
223 1547 298 1573 Nam
306 1547 334 1572 et
345 1545 403 1573 hoc
411 1546 503 1573 modo
520 1545 627 1573 medici
635 1545 718 1581 quod
731 1545 892 1581 unicuique

937 248 1049 285 χωρίζει
1078 251 1171 284 κρᾶσιν
1196 247 1223 274 ἐκ
1249 249 1375 284 κράσεως,
1407 249 1432 275 οἰ
1459 251 1508 287 γὰρ
1541 252 1645 287 κράσεις
1670 251 1694 276 ἐν
1727 254 1758 286 τῇ

937 294 1022 329 φύσει,
1055 295 1100 319 καὶ
1130 293 1168 318 ὅτι
1202 292 1228 324 ἐξ
1258 294 1355 324 ἐκείνης
1383 299 1536 321 κοινωνοῦσι
1566 296 1634 321 καθὰ
1666 297 1709 321 xui
1728 297 1762 321 τὰ

938 340 1058 373 στοιχεῖα
1072 346 1079 352 ·
1099 338 1114 366 ἡ
1137 336 1238 368 ἰδιότης
1258 336 1288 364 δὲ
1306 341 1352 368 τὴν
1379 339 1464 365 αὐτῶν
1483 349 1517 370 εις
1553 341 1680 376 μερισμὸν
1701 338 1762 366 δια-

938 381 1033 408 στέλλει
1063 384 1212 411 κοινότητα.
1246 382 1326 412 πολλὴ
1355 385 1406 420 γὰρ
1433 385 1448 412 ἡ
1483 383 1584 415 ἰδιότης
1615 387 1660 410 καὶ
1679 383 1761 410 δυνα-

937 427 1071 462 μικωτάτη
1100 429 1145 452 xui
1175 427 1320 463 θαυμασία,
1353 430 1399 454 καὶ
1425 428 1454 454 οὐ
1486 431 1561 464 μόνον
1594 431 1652 458 τοὺς
1678 428 1764 459 λίθους

937 470 965 496 ἐκ
991 474 1041 496 τῶν
1074 471 1214 507 μετάλλων,
1254 474 1298 498 καὶ
1331 472 1358 497 ἐκ
1389 477 1439 498 τῶν
1473 473 1563 510 ἐτέρων
1602 474 1678 509 φυτὰ,
1717 475 1763 499 καὶ

938 514 965 540 ix
998 519 1082 550 φυτῶν
1115 516 1149 541 τὰ
1177 515 1298 552 ζωόφυτα
1317 515 1472 550 διαστέλλει,
1505 515 1552 543 διά
1570 527 1597 543 τι
1625 520 1672 546 τὴν
1703 521 1765 554 κρᾶ-

940 569 981 585 σιν
999 562 1047 589 τὴν
1066 559 1090 585 ἐν
1120 564 1156 595 τῷ
1175 562 1242 596 γένει
1273 560 1327 592 ἑνός
1358 561 1469 588 ἑκάστου
1501 562 1578 598 οὗπερ
1613 560 1683 593 εἶδός
1711 562 1765 588 ἐστι

939 606 984 630 καὶ
1002 606 1049 633 τὴν
1069 604 1156 634 αὐτοῖς
1186 608 1315 631 συνοῦσαν
1347 605 1427 642 ἰσχὺν
1448 606 1482 637 εἰς
1497 609 1526 632 τό
1559 605 1680 644 διαιρεῖν,
1701 607 1765 634 ἀλλὰ

940 651 985 674 xui
1004 649 1051 679 ἕως
1069 652 1115 675 τοῦ
1141 648 1264 685 ἐμψύχου
1289 648 1377 679 διήκει
1403 651 1471 680 ζωον
1498 651 1543 677 καὶ
1570 651 1686 687 λογικοῦ.
1717 655 1767 678 Καὶ

941 693 981 719 ὃτι
1013 695 1058 729 μὲν
1095 693 1139 719 οὖν
1166 697 1209 720 καὶ
1244 698 1320 721 τοῦτο
1370 697 1462 721 καθότι
1496 695 1561 725 ζῶον
1612 700 1770 733 παραχωρεῖ

943 736 1130 764 συνιδιοῦσθαι
1168 739 1202 765 τὰ
1230 743 1280 765 τῶν
1312 740 1394 766 ἄλλων
1441 739 1585 777 ἰδιώματα,
1624 739 1767 777 πρόδηλον,

941 782 1042 818 λογικὸν
1055 780 1084 808 δὲ
1098 785 1184 809 καίτοι
1209 783 1236 809 ὃν
1259 787 1346 819 τοῦτο,
1365 784 1394 810 οὐ
1424 787 1512 810 καινόν
1529 793 1534 800 ·
1551 787 1580 811 τὸ
1597 783 1627 811 δὲ
1645 787 1690 811 xui
1705 785 1769 811 αὐτὸ

943 829 979 858 εἱς
1007 827 1070 853 αὑτό
1102 826 1149 853 διὰ
1179 829 1275 859 ταύτης
1303 827 1466 864 διαιρεῖσθαι
1494 832 1539 856 καὶ
1575 830 1696 856 ἐνοῡσθαι
1713 839 1771 856 και-

942 873 995 905 νὸν,
1011 872 1071 908 ὅπερ
1093 872 1158 901 αὑτὴ
1192 871 1292 903 ἰδιότης
1324 873 1469 910 ἐργὰζεται.
1495 875 1533 900 Τὰ
1549 875 1600 911 γὰρ
1621 879 1670 900 τῶν
1697 884 1772 901 στοι-

943 918 1023 952 χείων
1043 918 1108 953 μετὰ
1126 919 1174 946 τὴν
1193 918 1270 954 φῦσιν
1290 919 1356 944 εἰσίν
1376 919 1442 945 εἰσὶν
1463 917 1605 954 ἰδιώματα,
1620 920 1652 946 τά
1672 918 1702 946 δὲ
1721 923 1771 945 τῶν

943 962 1059 998 κράσεων
1074 961 1158 988 καὶέν
1182 965 1237 992 τοῖς
1263 965 1406 999 στοιχείοις
1439 965 1483 990 καὶ
1513 965 1577 1000 μετὰ
1611 968 1662 990 τῶν
1696 974 1771 990 στοι-

943 1005 1080 1042 χείων,τά
1107 1005 1137 1032 δὲ
1164 1010 1212 1032 τῶν
1238 1012 1332 1043 χυμῶν
1360 1009 1424 1044 μετά
1447 1012 1497 1034 τῶν
1520 1009 1636 1046 κράσεων
1661 1011 1706 1035 καὶ
1725 1010 1772 1039 ἕως

944 1054 994 1076 τῶν
1011 1052 1092 1084 ζώων,
1123 1052 1137 1080 ὴ
1171 1049 1273 1082 ἰδιότης
1301 1050 1331 1078 δέ
1354 1061 1384 1087 γε
1413 1056 1561 1088 πανταχοῦ.
1585 1051 1697 1084 ’ἰδιότης
1719 1052 1770 1090 γάρ

944 1097 1011 1121 κατὰ
1023 1097 1052 1121 τό
1080 1095 1174 1132 μᾶλλον
1203 1097 1344 1132 ἣνωσεγῆν
1375 1099 1419 1123 καὶ
1450 1095 1533 1134 ὕδωρ,
1554 1101 1605 1134 πῦρ
1634 1101 1679 1124 καὶ
1696 1097 1770 1134 ἀέρα,

945 1137 1017 1176 ὕδωρ
1045 1149 1073 1166 τε
1103 1142 1148 1165 χαὶ
1170 1139 1233 1178 ἀέρα
1269 1141 1284 1169 ἣ
1317 1145 1367 1177 γῆν
1399 1144 1443 1167 καὶ
1473 1141 1546 1178 ἀέρα,
1581 1145 1632 1178 πῦρ
1665 1151 1692 1168 τι
1727 1145 1774 1168 xui

945 1182 1029 1220 ὕδωρ,
1049 1185 1114 1222 ἅπερ
1134 1184 1180 1211 ὂλα
1212 1183 1249 1210 δι’
1269 1185 1332 1211 ὅλων
1364 1185 1489 1219 ἐνουνται,
1517 1186 1546 1212 οὐ
1575 1188 1643 1216 τινὸς
1663 1185 1711 1212 διὰ
1724 1187 1774 1223 μὲ-

946 1239 990 1257 σον
1006 1227 1060 1255 ἀλλ’
1081 1229 1147 1256 αὐτὰ
1166 1227 1204 1256 δι’
1223 1230 1308 1256 αὐτῶν
1335 1231 1395 1257 καθ’
1428 1231 1503 1262 αὐτὰ,
1541 1231 1608 1257 κατὰ
1626 1232 1654 1257 τὸ
1678 1231 1775 1267 μᾶλλόν

948 1321 1002 1353 est,
1010 1321 1040 1347 et
1045 1326 1098 1355 per
1106 1319 1166 1347 vim
1175 1318 1330 1356 illam'qua:
1336 1320 1457 1349 valetad
1465 1320 1657 1349 dividendum
1663 1329 1670 1355 ;
1676 1328 1778 1350 verum

947 1365 1038 1393 etiam
1053 1363 1120 1391 ideo
1133 1364 1296 1399 magnavis
1306 1365 1494 1400 proprietatis
1507 1366 1590 1402 quod
1604 1366 1643 1393 ad
1662 1366 1778 1395 anima-

947 1411 1010 1437 tum
1033 1410 1122 1436 etiam
1135 1410 1163 1435 et
1173 1408 1297 1436 rationis
1311 1409 1460 1445 particeps
1489 1410 1603 1438 animal
1618 1410 1776 1446 pertineat.

947 1456 987 1481 Ac
996 1452 1071 1480 illud
1083 1452 1207 1488 quidem
1217 1453 1410 1481 manifestum
1427 1456 1471 1482 est
1495 1462 1549 1490 per
1564 1455 1777 1490 proprietatem

946 1497 1024 1525 effici
1040 1499 1071 1525 ut
1081 1497 1409 1533 aliorumproprietates
1424 1498 1613 1534 copulentur,
1625 1507 1687 1527 non
1701 1501 1775 1535 quia

946 1542 1003 1570 sint
1016 1541 1167 1572 animalia,
1181 1549 1310 1578 cumque
1326 1550 1386 1570 non
1400 1543 1463 1570 sine
1474 1543 1587 1571 ratione
1614 1544 1694 1571 istud
1709 1544 1773 1579 ﬁat,

63 1589 173 1617 morbo
187 1589 305 1617 obsistit
312 1596 349 1617 ex
361 1589 419 1617 illis
429 1589 570 1618 selectum
579 1589 723 1618 adhibent
733 1591 766 1617 ut
775 1589 893 1617 tollatur
909 1588 929 1616 C
945 1594 1057 1615 novum
1066 1586 1227 1614 viderinon
1239 1589 1346 1622 potest.
1354 1587 1572 1623 Verumipsum
1585 1588 1615 1615 in
1632 1596 1662 1616 se
1678 1588 1773 1616 dividi

62 1633 201 1662 morbus.
219 1635 283 1661 Non
304 1633 423 1661 cuilibet
447 1633 554 1662 morbo
573 1633 714 1670 quaelibet
736 1633 890 1667 adhibent,

63 1678 200 1714 quamvis
210 1678 425 1714 temperatione
433 1677 580 1706 differenti
595 1678 654 1706 sint
667 1678 802 1714 praedita.
817 1679 891 1705 Nam

63 1731 127 1759 qua
135 1731 166 1750 re
176 1722 398 1750 diﬁ‘eratvinum
405 1722 609 1755 avino,oleum
615 1722 654 1751 ab
662 1722 868 1758 oleo,pomum
875 1730 893 1750 a

64 1775 164 1804 pomo,
176 1767 290 1795 fructus
301 1775 319 1795 a
329 1766 427 1795 fructu
435 1767 590 1802 diligenter
600 1767 789 1802 investigent.
797 1769 892 1803 Atque

63 1813 105 1840 ita
119 1820 151 1840 re
161 1811 318 1848 diligenter
332 1819 465 1848 expensa
488 1811 589 1839 statim
608 1811 789 1840 conveniens
808 1811 894 1840 adhi-

64 1857 138 1884 bent
151 1855 329 1890 remedium,
345 1859 373 1884 et
387 1856 469 1892 quod
484 1863 546 1884 non
559 1858 606 1883 est
619 1859 724 1892 aptum
739 1857 894 1884 removent

66 1908 85 1929 a
95 1900 236 1937 praesenti
250 1899 357 1928 morbo
368 1902 396 1928 et
410 1900 460 1928 alii
474 1899 582 1928 morbo
608 1900 760 1928 destinant
775 1908 782 1927 :
796 1901 892 1933 Quare

67 1945 92 1973 si
106 1945 283 1981 temperatio
291 1944 348 1972 illis
362 1952 423 1973 non
433 1945 554 1978 inesset,
569 1952 667 1980 neque
682 1945 772 1972 etiam
784 1945 894 1972 inesset

66 1990 245 2027 proprietas.
266 1989 353 2022 Quod
372 1989 397 2017 si
415 1989 585 2025 proprietas
604 1989 732 2023 abesset,
752 1997 814 2017 non
827 1997 894 2025 pos-

67 2037 134 2062 sent
143 2034 288 2071 prodesse
303 2033 454 2070 aliquibus
465 2034 588 2070 quidem
609 2034 813 2070 aliquomodo,
828 2034 893 2062 aliis

66 2086 138 2108 vero
147 2079 339 2115 penitus,nec
349 2081 417 2115 apte
431 2081 688 2115 congruenterque
701 2079 894 2107 convenirent

65 2123 217 2160 aliquibus
231 2123 355 2160 quidem
369 2123 470 2159 aliquo
478 2123 580 2159 modo,
593 2123 659 2151 aliis
670 2131 741 2151 vero
754 2123 892 2159 perfecte.

67 2167 244 2196 Absurdum
252 2174 324 2195 vero
336 2166 433 2202 fuerit,
447 2167 546 2203 siquis
554 2167 736 2203 pertinacius
749 2167 807 2195 hac
817 2167 854 2195 de
863 2175 893 2196 re

68 2211 248 2242 contendere
262 2211 341 2240 velit.
357 2211 469 2240 Idcirco
483 2211 592 2240 medici
607 2219 686 2248 saepe
699 2212 774 2240 inter
786 2219 817 2240 se
831 2220 894 2240 cer-

946 1631 1052 1659 eadem
1067 1631 1095 1658 vi
1109 1631 1428 1664 etuniri,hocdemum
1438 1639 1552 1660 novum
1567 1634 1621 1665 est,
1636 1633 1720 1668 quod
1732 1635 1774 1661 ta-

944 1684 1014 1704 men
1028 1676 1135 1704 eadem
1151 1678 1316 1711 proprietas
1330 1676 1418 1704 efﬁcit
1432 1679 1461 1704 et
1474 1679 1603 1713 praestat.
1617 1679 1691 1706 Nam
1705 1686 1774 1714 pro-

946 1721 1083 1757 prietates
1095 1720 1310 1749 elementorum
1326 1724 1395 1750 sunt
1410 1725 1518 1750 natura
1533 1723 1724 1758 posteriores.
1739 1726 1776 1752 At

946 1766 1198 1802 temperationum
1212 1766 1408 1802 proprietates
1419 1769 1446 1795 et
1455 1767 1485 1794 in
1499 1767 1653 1796 elementis
1667 1770 1695 1796 et
1705 1776 1775 1796 cum

946 1810 1099 1838 elementis
1116 1813 1194 1838 sunt.
1213 1811 1408 1847 Proprietates
1437 1819 1508 1839 vero
1529 1812 1693 1840 bumorum
1707 1815 1777 1840 sunt

947 1862 1015 1883 cum
1030 1855 1298 1891 temperationibus
1311 1858 1401 1891 atque
1413 1856 1489 1884 adeo
1497 1864 1566 1884 cum
1578 1857 1772 1884 animalibus.

947 1900 1111 1936 Proprietas
1118 1899 1247 1936 denique
1253 1902 1297 1928 est
1304 1900 1426 1936 ubique.
1436 1902 1504 1929 Nam
1511 1901 1677 1936 proprietas
1683 1909 1775 1929 secun

947 1944 1020 1972 dum
1034 1944 1065 1972 id
1075 1944 1156 1980 quod
1165 1947 1211 1972 est
1220 1945 1317 1979 magis
1330 1945 1483 1981 copulabit
1491 1947 1601 1973 terram
1610 1949 1638 1973 et
1648 1953 1772 1982 aquam,

946 1989 1048 2024 ignem
1061 1991 1089 2016 et
1101 1996 1212 2023 aerem,
1227 1996 1338 2025 aquam
1346 1992 1565 2026 etaerem,quie
1574 1990 1697 2026 quidem
1712 1992 1774 2018 tota

948 2041 1016 2061 cum
1030 2034 1097 2061 totis
1109 2033 1287 2070 copulantur
1299 2034 1585 2062 nullointercedente
1596 2035 1705 2068 medio,
1720 2043 1773 2062 seu

948 2078 1014 2114 ipsa
1025 2086 1127 2106 secum
1138 2085 1191 2114 per
1204 2078 1406 2106 secundumid
1419 2079 1501 2115 quod
1517 2080 1613 2114 magis
1628 2082 1672 2108 est
1681 2082 1709 2107 et
1719 2080 1774 2107 mi—

948 2131 1016 2151 nus.
1024 2124 1129 2158 Magna
1135 2123 1275 2158 estigitur
1281 2124 1469 2159 proprietatis
1477 2123 1521 2151 vis
1529 2123 1697 2152 etfacultas.
1706 2126 1773 2152 Haec

949 2168 1023 2195 enim
1029 2168 1150 2204 proprio
1157 2168 1774 2204 modopertemperationesunivitelementa

948 2220 1014 2240 cum
1025 2212 1230 2246 animantibus,
1248 2213 1485 2250 quandoquidem
1506 2215 1731 2250 temperationes
1746 2217 1775 2242 et

67 2258 133 2286 tant
144 2258 173 2284 et
185 2256 303 2284 diverse
323 2257 457 2285 miscent.
481 2256 633 2293 Quidquid
646 2259 751 2285 contra
762 2257 812 2285 illa
826 2264 893 2293 quae
909 2268 931 2295 ι)
948 2257 1090 2285 elementa
1105 2257 1570 2293 lapidibus,metallis,relleribus
1577 2261 1604 2286 et
1615 2259 1775 2294 plantisin-

68 2301 200 2330 diximus
210 2300 361 2336 aﬁ'eratur,
376 2303 420 2329 est
429 2301 605 2337 temperatio
617 2303 707 2337 atque
726 2301 893 2337 proprietas

68 2346 100 2374 in
108 2345 272 2382 lapidibus,
286 2345 413 2373 metallis
433 2347 461 2373 et
480 2345 600 2381 plantis.
621 2347 695 2374 Nam
705 2346 894 2381 temperatio-

69 2398 139 2418 nem
153 2397 224 2418 cum
235 2390 450 2426 temperatione
465 2390 570 2418 miscet
581 2390 757 2426 proprietas,
774 2390 893 2418 eadem-

69 2443 127 2471 que
143 2437 264 2471 separat
274 2435 521 2470 temperationem
532 2443 550 2462 a
575 2435 798 2471 temperatione.
811 2436 894 2462 Tem-

68 2479 237 2516 peratioues
243 2479 320 2506 enim
332 2479 436 2507 suntin
442 2481 549 2507 natura
557 2487 563 2507 :
571 2479 709 2515 quoniam
716 2480 896 2515 participant

68 2525 150 2553 illam
161 2524 457 2560 communicentque,
465 2524 726 2560 quemadmodum
734 2525 823 2553 etiam
839 2524 896 2553 ele-

68 2571 182 2598 menta.
198 2568 255 2597 Sed
263 2568 430 2604 proprietas
438 2568 686 2597 communitatem
700 2568 784 2597 illam
790 2569 896 2598 distra-

71 2614 114 2642 hit
124 2614 156 2642 in
162 2616 275 2650 partes.
281 2615 388 2649 Magna
393 2614 473 2642 enim
480 2616 524 2642 est
530 2614 719 2650 proprietatis
725 2614 772 2642 vis
782 2617 811 2642 et
817 2615 896 2643 miri-

71 2658 139 2694 ﬁca,
152 2666 222 2695 qua
236 2665 299 2687 non
313 2658 413 2686 solum
425 2658 540 2694 lapides
550 2666 569 2686 a
597 2658 724 2687 metallis
735 2661 763 2687 et
775 2659 895 2695 plantas

73 2703 110 2733 ab
125 2703 203 2739 aliis,
217 2705 247 2732 et
260 2710 280 2732 θ.
297 2702 407 2739 plantis
430 2702 482 2731 illa
506 2710 574 2740 qum
602 2703 696 2732 Graeci
714 2703 834 2740 ξωόφυτα
846 2711 897 2740 ap-

70 2748 193 2785 pellant,
219 2750 342 2784 separat
364 2755 418 2784 per
440 2747 687 2784 temperationem
708 2756 778 2785 quas
808 2750 853 2777 est
866 2748 897 2776 in

70 2793 309 2830 ιιξηωοιηιιιιιηο
321 2792 366 2821 rei
377 2800 497 2829 genere,
510 2793 597 2829 citius
624 2793 769 2822 nimirum
782 2793 898 2830 species

949 2303 1105 2330 sunt.Nam
1111 2302 1163 2330 ubi
1169 2305 1212 2330 est
1218 2303 1389 2338 temperatio
1395 2303 1436 2331 ibi
1443 2302 1532 2331 etiam
1540 2306 1609 2331 sunt
1615 2303 1774 2338 elementa,

948 2346 1087 2382 quoniam
1096 2346 1125 2374 in
1131 2347 1376 2382 quoelementain
1382 2354 1417 2375 eo
1423 2347 1509 2375 etiam
1515 2349 1584 2375 sunt
1592 2349 1776 2384 temperatio-

949 2399 1010 2418 nes.
1022 2392 1120 2426 Porro,
1129 2391 1171 2418 uti
1180 2391 1320 2425 diximus,
1331 2392 1442 2428 duplex
1452 2394 1494 2419 est
1508 2393 1698 2428 temperatio;
1713 2401 1774 2420 una

949 2435 1102 2463 elementis
1110 2435 1196 2471 inest,
1207 2436 1270 2464 haec
1279 2436 1359 2464 enim
1369 2437 1399 2464 in
1409 2444 1472 2464 sese
1480 2436 1555 2464 inter
1566 2445 1597 2464 se
1607 2437 1774 2472 suscipiunt

949 2479 1170 2512 admistionem,
1182 2479 1274 2508 altera
1282 2480 1406 2515 singulis
1415 2489 1482 2517 quas
1489 2489 1525 2508 ex
1533 2481 1696 2516 elementis,
1704 2489 1773 2509 con-

949 2526 1038 2558 stant,
1052 2524 1123 2560 quia
1131 2524 1197 2560 ipsa
1205 2533 1327 2560 quoque
1336 2525 1454 2561 singula
1462 2533 1498 2552 ex
1509 2525 1671 2559 elementis,
1683 2525 1773 2553 inter-

949 2568 1123 2597 cedentibus
1137 2569 1412 2605 temperationibus,
1429 2572 1498 2597 sunt
1512 2570 1689 2606 composita.
1705 2572 1775 2606 Ipsa

949 2621 1019 2641 vero
1034 2613 1199 2650 proprietas
1213 2622 1282 2641 cum
1297 2614 1419 2650 proprio
1434 2616 1463 2642 et.
1481 2614 1622 2650 peculiari
1637 2615 1730 2643 modo
1744 2614 1776 2643 in

950 2658 1131 2687 animalibus
1145 2657 1293 2686 elementa
1307 2661 1511 2695 temperasset,
1528 2659 1559 2687 in
1571 2667 1672 2688 rerum
1687 2662 1777 2688 natu-

950 2711 1017 2731 ram
1025 2703 1074 2731 illa
1082 2702 1233 2739 produxit,
1245 2705 1335 2739 atque
1348 2703 1404 2731 illis
1416 2703 1590 2736 essentiam,
1608 2705 1778 2737 materiam,

951 2748 1088 2784 inquam,
1103 2747 1196 2777 dedit.
1208 2748 1321 2776 Etenim
1334 2748 1398 2776 aliis
1411 2756 1465 2785 per
1475 2749 1707 2785 temperationes
1718 2750 1782 2778 vel-

952 2793 996 2822 uti
1002 2792 1100 2822 fonset
1105 2793 1192 2828 origo
1202 2793 1350 2822 elementa
1371 2793 1527 2822 exsistunt.
1539 2795 1614 2823 Nam
1630 2796 1780 2831 tempera-
