1967 3080
217 120 283 146 1295

985 112 1152 140 ADDENDA

1870 115 1947 142 1296

212 183 298 207 τεκαὶ
312 182 340 207 τὸ
367 180 455 208 ἧττον.
470 177 553 206 Πολλὴ
587 176 650 212 γοῦν
686 175 760 205 ἠστιν
788 176 803 205 ἡ
831 178 877 206 τῆς
909 172 1122 205 ἱδιότητοςΑὸἐ
1142 174 1217 204 ζώοις
1235 173 1288 210 οὐχ
1307 174 1387 206 οὕτως
1419 174 1539 212 ὖπαρξις,
1573 174 1638 202 ἀλλὰ
1669 177 1746 212 φύσις
1874 181 1949 204 κινεῖ

213 224 334 261 δύναμις·
351 224 416 253 αῦτη
439 223 490 259 γὰρ
523 221 666 252 ἱὸιοτύπως
697 223 741 247 καὶ
767 224 821 252 τοῖς
859 221 935 251 ζώοις
954 221 1038 249 imas

211 271 244 296 τὰ
273 272 395 305 στοιχεῖα
428 266 475 294 διὰ
503 271 552 293 τῶν
589 267 716 304 κράσεων,
747 263 836 294 ἐπειδὴ
876 267 921 290 καὶ
956 264 1038 296 λὶθοις

210 316 256 340 καὶ
293 313 427 350 μετάλλοις
456 314 501 338 καὶ
533 311 611 347 ἐρίοις
653 313 698 337 καὶ
733 314 822 346 φυτοῖς
855 312 899 336 καὶ
932 310 1037 347 κράσεις

210 361 255 385 καὶ
276 358 397 394 στοιχεῖά
429 359 503 383 εἰσιν·
536 356 600 382 ὃπου
632 357 682 391 ’γὰρ
713 355 818 392 κράσεις
840 364 885 380 και
905 357 1036 390 στοιχεῖα,

210 404 251 430 ὅτι
272 404 336 429 ὅπου
364 405 494 438 στοιχεῖα,
511 403 556 427 καὶ
582 401 696 434 κράσεις.
731 401 807 428 Διττὴ
830 397 859 425 δί
877 399 892 428 ἡ
909 401 1004 436 κρᾶσις
1019 399 1034 428 ἡ

210 458 237 475 τι
263 448 286 474 ὲν
314 449 465 483 στοιχείοις·
504 449 588 472 ταῦτα
623 445 673 482 γὰρ
699 447 744 470 καὶ
772 445 853 480 μικτὰ
872 444 907 475 εἰς
933 443 1011 470 ἑαυτά
1027 451 1034 459 ·

210 495 255 519 καὶ
283 493 298 522 ἡ
333 491 356 518 ὶν
387 495 440 522 τοῖς
473 490 501 517 ἐκ
525 494 575 517 τῶν
609 491 748 525 στοιχείων
781 490 960 521 καθεκάστοις,
996 489 1036 514 ὅτι

209 540 254 564 καὶ
286 541 369 563 ταῦτα
402 535 429 562 ἐκ
476 537 615 571 στοιχείων
649 534 700 560 ιίσί
734 532 780 560 διὰ
825 537 874 560 τῶν
906 535 1035 571 κράσεων.

210 581 368 619 ἰδιοτρόπως
402 579 431 607 δὲ
465 579 511 606 διὰ
542 584 592 606 τῶν
625 583 720 615 χυμῶν
752 580 785 604 τὰ
813 582 935 614 στοιχεῖα
971 579 1034 616 κρά-

209 636 290 659 σασα,
322 630 375 656 τοῖς
415 625 491 656 ζώοις
523 625 538 654 ἡ
592 622 695 655 ἰδιότης
724 625 793 661 ἔφερε
829 624 875 652 τὴν
908 625 1034 652 ὅντότητα

208 673 315 706 ταύτην,
349 672 396 699 τὴν
424 667 460 695 δι’
493 669 556 700 ὕλης
585 671 666 704 φημίσ
698 671 751 698 τοῖς
778 669 823 704 μὲν
855 669 907 705 γὰρ
937 667 1033 704 ἑτέροις

207 717 279 751 πηγή
309 715 343 740 τὰ
375 714 496 749 στοιχιῖά
516 713 567 739 εἱσι
604 711 651 739 διὰ
682 716 731 738 τῶν
764 713 879 749 κράσιων
899 719 907 727 ⁸
937 715 1032 748 κρᾶσις

206 761 256 796 γάρ
274 758 422 785 διαστέλλει
447 757 471 784 ἐν
498 755 612 786 ίδιοτητι
643 759 688 783 καὶ
712 757 846 794 φάρμακον
879 759 924 782 καὶ
952 758 1030 793 φυτὸν

207 806 252 830 καὶ
282 803 352 830 λίθον
385 805 429 829 xxi
461 802 595 839 μέταλλον,
630 803 669 828 ὃτι
702 805 791 831 κοινῶς
822 803 850 827 ὲκ
882 803 1030 837 στοιχείων.

207 849 238 876 Εἰ
263 847 288 875 δ’
319 846 475 884 ἁναδράμης
508 846 558 873 ἀπὸ
587 851 632 877 τῆς
656 847 766 883 φύσεως·
798 844 899 877 ἰδιότης
919 844 949 872 δέ
979 849 1031 876 τοῖς

208 894 286 924 ζώοις
316 894 344 919 ‘sx
380 902 518 928 στοιχειων
549 892 713 928 γεννηθέντας
743 893 848 927 χυμοὺς
892 891 953 924 ἑνοῖ,
986 900 1031 917 και

206 939 314 969 τούτους
342 938 389 964 οὐκ
408 936 521 974 ἁμέσως,
555 936 607 962 ἀλλ’
648 935 675 962 ἐκ
706 940 805 972 τροφῶν
837 937 904 962 κατὰ
938 938 1031 972 κρᾶσιν

206 984 389 1021 ἐναργιστέραν
421 984 476 1015 καὶ,
510 982 571 1008 ὅσον
603 985 652 1007 τῶν
686 979 798 1017 ἀψύχων
831 984 879 1011 τῆς
902 981 1028 1018 κράσεως,

205 1030 373 1064 τιμιωτέραν.
398 1030 440 1054 Δεῖ
467 1028 518 1063 γὰρ
543 1027 621 1057 οὕτως
650 1024 714 1052 εἶναι
745 1029 838 1058 ταῦτα,
869 1027 910 1051 ὅτι
938 1026 953 1054 ἡ
986 1026 1030 1061 φύ-

207 1083 248 1104 σις
275 1072 342 1102 απλῆ
375 1071 441 1105 ἐστι,
477 1072 636 1107 θεωρουμένη
668 1071 861 1106 μιμονωμίνως,
892 1072 923 1098 τή
959 1079 1030 1096 στοι-

206 1116 269 1152 χεῖα
288 1116 318 1143 δὲ
337 1117 366 1143 οὐ
392 1117 472 1153 μικτά
491 1115 549 1142 καθ’
581 1116 657 1148 αὑτὰ,
678 1116 744 1151 ὅμως
765 1113 794 1140 δέ
820 1124 850 1150 γε
880 1115 971 1148 μικτὰ,
989 1115 1030 1140 ὃτι

205 1163 270 1199 πρὸς
302 1161 380 1195 αὐτὰ,
413 1162 448 1192 ὡς
479 1162 592 1196 εἴπομεν,
623 1162 771 1196 μίγνυνται·
792 1159 821 1184 αἰ
852 1157 881 1185 δί
911 1159 1028 1196 κράσεις,

204 1207 298 1232 καθότι
330 1205 382 1242 οὐχ
412 1205 471 1238 ὕλη,
499 1203 562 1231 οὐδὲ
592 1206 694 1240 μικταὶ,
728 1204 767 1230 ὃτι
799 1202 828 1230 δὲ
861 1206 934 1230 ποιαί
963 1213 1029 1234 τινες

205 1251 373 1288 ὑπάρχουσιν
412 1248 551 1283 ἰδιότητες,
584 1251 628 1275 καὶ
668 1250 775 1284 σχίσιις
806 1249 954 1284 κινούμεναι
984 1250 1030 1275 καὶ

204 1297 363 1332 μιγνύουσαι
378 1296 410 1322 τὰ
429 1295 503 1332 inpar
521 1292 633 1321 τοιῶσδι
660 1296 675 1324 ἦ
705 1291 825 1329 τόιῶσδε,
856 1295 965 1330 μικαταὶ
985 1291 1028 1320 διὸ

205 1342 273 1367 κατὰ
289 1340 389 1378 πρῶτον
421 1343 466 1366 καὶ
498 1340 686 1376 ἁπλοῖκώτιρον
714 1341 818 1375 τρόπον·
840 1339 873 1364 τά
904 1348 931 1365 τε
961 1340 1029 1374 φυτά

204 1386 237 1411 τά
255 1395 282 1412 τε
301 1385 414 1421 μέταλλα
433 1386 466 1411 τά
484 1394 511 1411 τε
538 1384 603 1410 illa
632 1383 650 1410 οἷ
680 1386 835 1421 προείπομιν
869 1382 896 1408 ἐκ
929 1384 1029 1419 φύσεως

203 1431 275 1466 ποιρὰ
294 1434 343 1456 τῶν
375 1432 512 1466 στοιχείων
545 1427 592 1455 διὰ
624 1432 672 1454 τῶν
703 1429 819 1466 κράσεων
851 1427 1028 1464 λαμϐάνουσιν

203 1474 324 1511 ὕπαρξιν,
344 1476 378 1506 ὡς
411 1473 575 1511 ἁπλούστερα
603 1477 652 1500 τῶν
683 1473 755 1504 ζώων
784 1473 851 1499 κατὰ
878 1472 954 1505 πολὺ,
977 1475 1029 1502 τοῖς

203 1565 243 1594 tio
256 1572 311 1602 per
320 1563 533 1600 proprietatem
543 1562 698 1597 distinguit
712 1570 746 1590 ac
756 1562 876 1598 separat
885 1560 1027 1597 pharma-

202 1618 278 1643 cum,
290 1609 434 1646 plantam,
449 1607 581 1644 lapidem
590 1610 618 1635 et
634 1606 796 1639 metallum,
807 1605 880 1642 quia
893 1613 1028 1633 commu-

202 1655 276 1682 niter
290 1662 326 1681 ex
338 1652 492 1681 elementis
518 1653 665 1680 constant.
687 1651 716 1679 Si
740 1658 811 1679 vero
836 1649 1028 1685 digrederisa

201 1697 487 1734 natura,proprietas
494 1696 523 1724 in
530 1695 730 1725 animantibus
736 1695 774 1724 ad
779 1704 795 1723 ιι
800 1697 851 1723 nat
856 1696 1027 1731 procreatos

201 1751 237 1771 ex
244 1742 392 1771 elementis
398 1740 644 1776 humores,idque
650 1748 711 1768 non
717 1738 1025 1776 absqueintermcdio,

201 1788 252 1816 sed
267 1786 434 1815 secundum
448 1784 694 1822 temperationem
710 1792 746 1812 ex
759 1783 905 1812 alimentis
921 1791 956 1811 eo
969 1782 1027 1811 evi-

200 1831 366 1862 dentiorem
372 1838 434 1868 quo
440 1834 484 1859 est
492 1829 680 1867 praestantior
687 1828 951 1866 temperationeilla
958 1836 1024 1864 quas

198 1876 371 1906 inanimatis
385 1876 472 1904 inest.
488 1875 532 1904 Ita
541 1874 738 1903 esseomnino
747 1881 869 1902 necesse
879 1875 934 1901 est.
951 1874 1024 1901 Nam

199 1924 307 1950 natura
322 1920 450 1957 simplex
465 1922 518 1954 est,
534 1922 567 1948 ut
580 1927 645 1956 quae
660 1919 788 1947 solitarie
808 1918 1023 1946 consideratur.

199 1966 350 1994 Elementa
373 1973 445 1993 vero
470 1972 523 2000 per
547 1972 579 1992 se
606 1963 816 1992 admistionem
840 1970 902 1991 non
931 1961 1023 1990 susci-

197 2010 292 2046 piunt,
306 2017 411 2038 verum
425 2010 551 2045 possunt
577 2007 737 2044 suscipere,
760 2007 904 2044 quoniam
920 2014 1023 2035 secum

195 2055 271 2084 inter
286 2063 317 2083 se
323 2054 498 2086 miscentur,
507 2055 538 2080 ut
547 2052 688 2080 diximus.
703 2052 1021 2088 Temperationesvero

195 2108 258 2137 qua
272 2099 385 2128 ratione
400 2106 462 2127 non
471 2099 540 2126 sunt
554 2097 690 2132 materia,
702 2105 797 2134 neque
810 2096 1021 2125 admistionem

195 2145 347 2181 suscipere
361 2143 511 2176 dicuntur,
525 2143 577 2171 sed
600 2150 661 2179 qua
672 2143 786 2171 ratione
803 2143 871 2170 sunt
887 2141 1020 2178 proprie-

193 2191 268 2218 tates
280 2188 422 2225 qualitate
436 2187 570 2224 quadam
584 2187 714 2224 praeditae
729 2190 757 2215 et
767 2186 935 2215 habilitates
950 2194 1019 2222 quae

191 2234 386 2270 impelluntur
401 2235 429 2261 et
439 2233 574 2267 miscent,
588 2232 649 2261 alia
670 2232 727 2260 hoc
748 2231 795 2260 vel
805 2231 854 2260 illo
867 2230 958 2259 modo
967 2231 1018 2259 ad-

191 2279 361 2307 mistionem
385 2277 535 2314 suscipere
562 2277 711 2306 dicuntur.
741 2276 942 2309 Quamobrem
957 2275 1017 2312 pri-

189 2332 240 2354 mo
255 2326 283 2353 et
293 2323 473 2360 simpliciore
499 2322 603 2356 modo,
629 2321 748 2358 plantae,
774 2320 904 2354 metalla,
920 2322 949 2348 et
959 2320 1017 2349 alia

187 2377 256 2406 quae
274 2368 412 2406 superius
427 2367 569 2403 diximus,
585 2374 622 2394 ex
630 2368 738 2394 natura
753 2365 895 2402 primum,
907 2365 1016 2394 deinde

187 2423 223 2443 ex
234 2414 387 2443 elementis
411 2420 464 2450 per
486 2411 717 2448 temperationes
742 2410 773 2438 in
796 2419 897 2440 rerum
906 2413 1016 2440 natura

186 2460 343 2493 exsistunt,
359 2458 503 2486 nimirum
526 2456 599 2492 quia
628 2455 832 2484 animantibus
850 2456 904 2484 ista
920 2455 1014 2484 multo

186 2507 256 2533 sunt
269 2502 464 2540 simpliciora.
482 2500 539 2530 Sed
560 2499 702 2529 animalia
725 2508 786 2528 non
799 2500 840 2529 ita
854 2501 1008 2529 exsistunt.

184 2549 299 2578 Etenim
320 2550 429 2576 natura
459 2548 559 2574 movet
585 2545 742 2580 elementa,
764 2545 828 2574 haec
841 2548 941 2574 autem
957 2545 1011 2574 ali-

183 2596 286 2622 menta
301 2594 433 2626 movent,
446 2589 666 2619 alimentavero
673 2589 824 2626 humores,
838 2598 874 2618 ex
888 2590 1011 2619 alimen-

183 2639 219 2666 tis
234 2638 358 2666 demum
373 2634 888 2670 ethumoribusanimaliaconslant,
902 2635 1010 2664 Princi-

183 2682 234 2718 pio
249 2681 372 2718 quidem
385 2689 421 2709 ex
434 2679 531 2708 succis
545 2680 585 2709 ab
600 2679 764 2713 elementis,
778 2679 885 2708 deinde
905 2688 941 2708 ex
955 2680 1009 2708 ali-

182 2727 291 2755 mentis
310 2729 338 2755 et
353 2726 462 2759 succis,
479 2725 530 2754 sed
554 2733 607 2762 per
633 2724 889 2760 temperationem.
916 2726 1008 2754 Nemo

182 2771 263 2801 enim
286 2772 385 2801 mente
420 2769 564 2807 praeditus
593 2768 708 2806 aliquid
733 2768 874 2806 intelliget
892 2769 1008 2807 absque

1091 220 1124 246 τὰ
1142 223 1273 256 στοιχεῖα,
1292 219 1360 246 αὐτὰ
1386 218 1415 246 δὲ
1443 222 1561 257 τροιφάς,
1582 221 1609 247 αἱ
1627 223 1721 258 τροφὰι
1749 219 1780 248 δὲ
1807 224 1946 258 χυμοὺς,

1091 263 1118 290 ἐκ
1133 269 1232 301 τροφῶν
1264 263 1294 291 δὲ
1321 267 1366 291 καὶ
1398 269 1493 301 χυμῶν
1522 267 1556 292 τὰ
1588 267 1641 297 ζῶά
1672 265 1738 299 ἐστι,
1773 269 1854 293 κατὰ
1896 270 1948 303 μὴ

1089 311 1135 338 τὴν
1155 308 1242 346 ἀρχὴν
1274 309 1302 335 ὲκ
1332 314 1426 346 χυμῶν
1456 311 1529 348 παρὰ
1560 315 1610 336 τῶν
1644 313 1798 347 στοιχείων,
1839 314 1947 338 ἔπειτα

1091 351 1120 380 δὲ
1139 354 1168 380 ἐκ
1187 357 1286 392 τροφῶν
1305 357 1350 380 καὶ
1368 359 1474 391 χυμῶν,
1506 355 1573 385 πλὴν
1594 353 1624 382 δί
1643 353 1690 382 διὰ
1708 360 1756 387 τῆς
1788 358 1944 393 κράσεως.

1090 398 1145 425 Οὐκ
1173 399 1204 425 οἶν
1236 409 1298 425 ποτι
1325 400 1374 436 γάρ
1394 409 1434 431 τις
1467 401 1525 426 νοὺν
1565 401 1633 436 ἔχων
1662 401 1723 437 ἄτερ
1767 403 1875 430 νοήσει
1917 412 1943 428 τι

1089 442 1214 480 κράσεως,
1246 446 1332 470 τοίνυν
1365 444 1408 470 οὖν
1436 447 1491 475 τοῖς
1518 445 1564 481 μὶν
1599 448 1710 480 πρώτοις
1755 446 1791 472 τὰ
1829 445 1943 472 ἀπὶού-

1091 499 1170 526 στιρα
1188 493 1320 526 προσεχῆ,
1340 492 1392 519 τοῖς
1411 487 1441 515 δὲ
1470 489 1558 526 πόρρω
1591 487 1638 515 διὰ
1663 492 1710 519 τὴν
1729 494 1781 516 τῶν
1803 492 1942 527 apicem

1087 533 1191 560 πλείονα
1222 533 1364 566 ποικιλίαν,
1405 532 1558 570 ποῤῥῶτέρω
1603 533 1656 560 εἰσί
1687 536 1721 561 τὰ
1754 534 1841 562 ἁπλᾶ.
1884 539 1941 562 Καὶ

1088 579 1137 616 γὰρ
1158 577 1211 604 ἔδει
1239 579 1279 604 ὅτι
1307 582 1384 604 τοῦτο
1417 577 1481 604 εἶναι
1511 582 1642 605 τοτοῡτον·
1668 580 1702 605 τὰ
1728 581 1774 616 μὲν
1806 582 1866 617 γὰρ
1887 583 1938 616 μέ-

1087 623 1177 656 ταλλα,
1208 625 1253 649 καὶ
1277 622 1345 649 λίθοι
1363 625 1408 649 καὶ
1435 624 1512 658 φυτὰ,
1533 625 1578 649 καὶ
1601 623 1722 659 λαχάνων
1752 625 1848 660 ἑσμοὶ,
1885 628 1934 651 καὶ

1087 670 1199 706 χόρτων,
1225 670 1270 694 καὶ
1298 669 1365 694 ὅσων
1398 668 1428 694 ἀν
1456 678 1497 699 τις
1529 670 1587 704 εἷπῄ
1622 668 1746 704 ἀψύχων,
1776 670 1930 707 ὑγροπτι,

1086 712 1248 750 ψυχρότητι,
1297 712 1434 749 ξηρότητι,
1478 714 1617 748 μανότητι,
1650 712 1702 739 εἰσί
1728 722 1756 739 τε
1790 716 1840 739 καὶ
1880 713 1929 739 ἀλ-

1085 756 1216 783 λοιοῦνται
1248 759 1293 783 καὶ.
1325 756 1434 788 αὒξουσι
1465 759 1510 783 καὶ
1542 758 1660 793 μὲδουσι·
1692 759 1747 789 ζῶα
1773 756 1807 784 δέ
1843 759 1930 794 φύσις

1085 801 1132 828 οὐκ
1149 800 1253 838 ἀμέσως
1272 801 1299 827 ἐκ
1318 803 1400 838 πυρὸς
1429 803 1473 827 καὶ
1502 801 1576 838 ἀέρος
1601 804 1646 827 καὶ
1674 800 1770 832 ὕδατος
1798 805 1847 829 καὶ
1874 807 1929 838 7ἧς

1050 852 1070 879 Β
1087 844 1132 872 διὰ
1144 850 1191 876 τῆν
1219 847 1335 884 κράσεων
1368 847 1461 884 ἔκραινε
1489 848 1534 872 καὶ
1562 845 1692 880 ἐποίησιν,
1724 846 1780 873 ἀλλ’
1818 847 1848 879 ἐξ
1878 848 1926 874 αὖ·

1087 895 1134 917 τῶν
1154 889 1200 917 διὰ
1230 893 1308 927 μέσον
1338 895 1432 927 χυμῶν
1464 893 1508 917 καὶ
1531 892 1598 917 κατὰ
1629 892 1674 927 μὶν
1697 893 1744 920 τὴν
1773 891 1871 929 ἀρχὴν
1897 891 1926 918 ἐξ

1084 939 1188 972 χυμῶν,
1215 936 1303 962 ἔπειτα
1331 934 1361 962 δὲ
1392 945 1535 964 συνίστησι
1565 939 1648 962 ταῦτα
1674 934 1722 962 διὰ
1749 941 1851 972 χυμῶν
1878 940 1925 963 καὶ

1084 984 1184 1017 τροφῶν
1214 983 1260 1006 καὶ
1284 979 1372 1017 ττόρρω
1406 982 1546 1016 στοιχιίων
1579 981 1614 1011 ὡς
1642 981 1733 1016 ἀρχῶν
1753 981 1848 1009 ὄντων.
1869 985 1924 1008 Ποῦ

1084 1026 1134 1062 γὰρ
1155 1024 1179 1051 ἓν
1201 1027 1279 1062 σαρκί
1293 1029 1339 1060 γῆ,
1355 1028 1405 1051 ποῦ
1430 1023 1459 1051 δὲ
1479 1029 1542 1061 πῦρ,
1571 1028 1621 1052 ποῦ
1647 1023 1676 1051 δὲ
1709 1023 1798 1062 ὓδωρ,
1823 1030 1879 1052 ποῦ
1893 1025 1925 1052 6":

1085 1069 1147 1108 ἀὴρ,
1182 1073 1213 1099 τῆ
1245 1071 1289 1106 μὲν
1317 1069 1438 1099 αἰσθήσει
1466 1072 1511 1096 καὶ
1546 1074 1577 1100 τῆ
1610 1072 1731 1099 ποιότητι
1759 1069 1861 1106 ἀφανῆ,
1890 1076 1921 1100 τῆ

1086 1113 1112 1141 δ’
1127 1113 1235 1150 ἀληθείᾳ
1253 1115 1366 1150 γνωστά-
1402 1115 1457 1140 ἔστι
1491 1115 1540 1151 γὰρ
1568 1117 1613 1141 καὶ
1643 1118 1693 1151 πῦρ
1728 1117 1775 1141 καὶ
1803 1115 1856 1152 ἀὴρ
1878 1117 1924 1141 καὶ

1084 1157 1157 1196 ὕδωρ
1181 1161 1225 1185 καὶ
1253 1163 1286 1195 γῆ
1319 1160 1343 1185 ἐν
1369 1159 1449 1195 αὐτῇ·
1478 1158 1601 1190 λυθείσης
1630 1160 1681 1196 γὰρ
1707 1160 1815 1191 ταύτης,
1847 1159 1923 1186 λύον-

1084 1213 1128 1230 ται
1148 1206 1172 1230 οί
1184 1206 1279 1240 χυμοὶ,
1301 1205 1361 1240 ὅπερ
1390 1201 1520 1241 πρόδηλον
1538 1211 1545 1219 ‘
1575 1203 1690 1235 λυθέντες
1710 1202 1741 1231 δὴ
1769 1206 1795 1230 οἱ
1817 1208 1919 1241 χυμοὶ,

1085 1248 1121 1280 εἰς
1138 1250 1171 1275 τὰ
1198 1248 1226 1280 ἔξ
1253 1249 1286 1274 ὧν
1312 1250 1468 1284 συνάγονται
1492 1250 1651 1285 σύγκεινται,
1681 1249 1749 1275 ὥστε
1779 1251 1826 1275 καὶ
1851 1260 1919 1287 σαρ-

1084 1295 1128 1325 κὸς
1159 1295 1241 1325 οὔσης
1271 1295 1449 1330 συνιταμένοις
1482 1291 1530 1320 διὰ
1568 1297 1662 1330 χυμῶν
1694 1293 1722 1319 ἐκ
1754 1296 1839 1331 πυρὸς
1872 1297 1917 1321 καὶ

1083 1343 1130 1374 γῆς
1149 1341 1193 1365 καὶ
1213 1337 1286 1376 ἀέρος
1313 1341 1357 1365 καὶ
1390 1336 1498 1371 ὑδατος,
1529 1338 1645 1375 ὑπάρχιι
1663 1339 1678 1367 ἡ
1714 1338 1799 1370 αὐτῆς
1834 1342 1917 1376 ὗπιιρ⁸

1085 1383 1130 1418 ξις,
1152 1383 1179 1414 ἐξ
1197 1383 1230 1409 ὧν
1251 1383 1302 1409 ιὶσι
1320 1385 1365 1409 καὶ
1385 1384 1410 1409 οὶ
1428 1385 1524 1419 χυμοί.

1120 1428 1154 1458 ζ’.
1179 1427 1222 1454 Ἐκ
1246 1429 1328 1466 πυρός
1363 1431 1426 1464 γοῦν
1454 1437 1499 1454 και
1537 1426 1609 1465 ἀέρος
1651 1430 1697 1454 καὶ
1740 1426 1842 1460 ὕδατος
1873 1431 1916 1456 καὶ

1049 1471 1131 1509 Ογῆς
1166 1474 1180 1502 ἡ
1225 1474 1302 1510 φύσις
1332 1471 1379 1499 διὰ
1414 1477 1509 1509 χυμῶν
1547 1476 1600 1503 τοῖς
1624 1472 1702 1504 ζώοις
1728 1475 1777 1503 τὴν
1803 1475 1915 1511 ὕπαρξιν

1047 1559 1068 1586 C
1084 1562 1308 1598 temperatione.
1335 1561 1537 1594 Quamobrem
1573 1561 1677 1597 primis
1696 1561 1826 1598 quidem
1845 1566 1913 1592 sunt

1083 1606 1150 1642 conj
1155 1606 1323 1635 unctioraet
1335 1606 1458 1643 propria
1466 1606 1516 1634 illa
1523 1614 1591 1642 quae
1600 1609 1670 1634 sunt
1680 1606 1876 1643 simpliciora,
1883 1616 1910 1644 ει

1082 1659 1101 1679 a
1115 1651 1379 1687 longinquioribus
1394 1653 1518 1687 propter
1540 1650 1797 1687 temperationum
1812 1653 1909 1681 multi-

1082 1695 1190 1732 plicem
1205 1696 1379 1724 varietatem
1390 1695 1487 1731 magis
1495 1697 1612 1724 remota
1623 1697 1694 1724 sunt
1702 1695 1860 1733 simplicia.
1875 1699 1907 1725 Ut

1082 1741 1161 1770 enim
1172 1748 1220 1769 res
1230 1741 1404 1769 exsisterent
1413 1741 1456 1769 ita
1463 1748 1529 1769 esse
1538 1740 1678 1777 oportuit.
1688 1741 1767 1769 Nam
1780 1742 1904 1776 metalla,

1080 1785 1205 1822 lapides,
1223 1785 1343 1822 plantas,
1355 1785 1465 1814 olerum
1476 1788 1504 1814 et
1512 1785 1674 1821 graminum
1685 1786 1775 1822 copia
1783 1789 1811 1815 et
1825 1789 1904 1823 quot-

1080 1833 1154 1867 quot
1159 1830 1324 1860 inanimata
1329 1830 1425 1867 possit
1431 1829 1538 1867 aliquis
1543 1837 1708 1864 recensere,
1715 1830 1852 1865 humore,
1859 1831 1902 1859 tri-

1079 1882 1162 1910 gore,
1176 1875 1316 1910 siccitate,
1327 1875 1446 1903 raritate
1465 1877 1494 1902 et
1508 1874 1654 1903 exsistunt
1670 1877 1700 1902 et
1711 1875 1901 1904 immutantur

1079 1921 1107 1948 et
1117 1923 1282 1955 augescunt
1297 1922 1325 1947 et
1339 1920 1515 1948 consistunt.
1525 1921 1636 1948 Natura
1649 1927 1720 1948 vero
1729 1927 1794 1948 non
1806 1921 1901 1949 imme-

1078 1963 1158 1994 diate
1170 1973 1206 1993 ex
1220 1965 1299 2001 igne,
1315 1972 1395 2000 aere,
1423 1972 1504 2000 aqua
1535 1966 1563 1992 et
1575 1966 1663 1999 terra,
1679 1971 1734 2000 per
1763 1967 1900 2002 tempera-

1077 2009 1172 2038 tiones
1193 2009 1336 2038 animalia
1355 2009 1532 2046 temperavit
1546 2011 1575 2037 et
1596 2008 1749 2044 conﬂavit,
1766 2010 1818 2038 sed
1831 2011 1898 2039 inter

1076 2054 1182 2090 positis
1191 2054 1289 2082 succis
1305 2062 1357 2082 seu
1369 2053 1560 2082 humoribus.
1573 2055 1614 2082 Ac
1624 2053 1769 2082 continuo
1783 2055 1896 2091 quidem

1076 2107 1111 2127 ex
1127 2099 1315 2134 humoribus,
1326 2098 1434 2127 deinde
1443 2106 1513 2127 vero
1522 2098 1790 2127 intervenientibus
1797 2099 1894 2128 hnmo-
1933 2102 1934 2109 ‘

1074 2143 1167 2178 ribus,
1183 2143 1341 2179 alimentis,
1357 2145 1386 2172 et
1398 2143 1518 2179 longius
1532 2143 1654 2171 remotis
1667 2142 1822 2172 elementis
1833 2146 1891 2173 tan-

1073 2196 1167 2225 quam
1179 2188 1333 2225 principiis
1351 2188 1401 2217 illa
1414 2188 1578 2224 componit.
1593 2189 1667 2216 Nam
1679 2187 1709 2216 in
1731 2196 1819 2217 carne
1831 2196 1891 2226 par-

1034 2238 1058 2266 D
1074 2233 1126 2262 tim
1136 2236 1225 2269 terra,
1238 2233 1347 2270 partim
1359 2233 1446 2269 ignis,
1458 2233 1567 2270 partim
1580 2241 1671 2269 aqua,
1687 2233 1796 2269 partim
1808 2234 1887 2262 etiam

1072 2287 1123 2307 aer
1132 2279 1219 2312 inest,
1231 2286 1299 2315 quae
1313 2278 1436 2315 quidem
1452 2280 1522 2306 sunt
1540 2277 1671 2306 obscura
1685 2277 1709 2305 si
1727 2277 1767 2306 ad
1778 2286 1886 2306 sensum

1072 2325 1100 2351 et
1111 2322 1285 2360 qualitatem
1298 2322 1421 2364 referas,
1447 2321 1500 2350 sed
1515 2321 1540 2350 si
1552 2321 1591 2350 ad
1619 2321 1775 2350 veritatem
1787 2322 1885 2351 referas
1926 2346 1927 2360 ,

1071 2367 1211 2403 cognosci
1219 2366 1434 2403 etdeprehendi
1442 2365 1668 2403 possunt.Qu0d
1680 2366 1761 2394 enim
1771 2366 1800 2395 in
1805 2375 1884 2395 carne

1069 2411 1158 2448 ignis,
1170 2419 1232 2443 aer.
1244 2419 1324 2448 aqua
1333 2411 1551 2445 etterrainsint,
1559 2419 1596 2439 ex
1606 2418 1641 2439 eo
1652 2410 1736 2447 quod
1752 2411 1884 2440 dissoluta
1923 2426 1925 2430 ι

1069 2466 1160 2486 carne
1171 2457 1377 2486 dissolvuntur
1388 2457 1531 2486 humores
1541 2456 1699 2486 manifeste
1713 2456 1881 2493 intelligitur.

1069 2504 1214 2531 Humores
1240 2510 1311 2531 vero
1340 2501 1477 2530 dissoluti
1503 2501 1718 2537 recolliguntur
1744 2502 1774 2530 in
1786 2502 1831 2530 illa
1846 2510 1876 2530 ex
1920 2498 1923 2539 ς

1067 2548 1177 2584 quibus
1191 2549 1336 2576 constant.
1351 2548 1446 2580 Quare
1469 2555 1539 2575 cum
1562 2554 1632 2575 caro
1648 2545 1672 2574 si
1686 2553 1740 2582 per
1753 2546 1878 2575 humores

1066 2593 1240 2621 conﬂataex
1251 2592 1331 2628 igne,
1345 2594 1433 2626 terra,
1462 2599 1531 2620 aere
1552 2593 1581 2619 et
1607 2598 1698 2627 aqua,
1726 2591 1877 2620 exsistentia
1917 2597 1920 2628 ς

1065 2637 1142 2666 illius
1151 2645 1186 2666 ex
1194 2637 1250 2666 illis
1257 2621 1293 2665 ex
1298 2621 1409 2673 quibus
1414 2621 1557 2664 humores
1565 2621 1760 2664 suntconﬂati
1766 2638 1874 2664 constat.
1916 2621 1919 2678 ί

1099 2685 1127 2710 7.
1152 2683 1263 2711 Natura
1286 2682 1376 2717 igitur
1396 2689 1451 2718 per
1474 2681 1618 2709 humores
1645 2687 1684 2708 ex
1707 2680 1784 2715 igne,
1808 2687 1871 2714 aere,
1916 2690 1917 2715 γ

1063 2735 1144 2764 aqua
1153 2729 1183 2756 et
1192 2729 1270 2756 terra
1280 2729 1312 2755 ut
1323 2725 1468 2755 animalia
1477 2725 1653 2754 exsisterent
1663 2724 1770 2758 effecit,
1779 2728 1871 2761 tempe-

1064 2773 1216 2803 rationum
1243 2774 1346 2802 autem
1377 2770 1610 2809 proprietatibus
1629 2770 1710 2801 varie
1729 2772 1870 2808 temperata
