1967 3080
69 111 141 140 1297

68 171 184 209 δίδωκι,
214 173 331 210 κράσιων
370 172 399 200 δί
433 172 561 211 ὶδιώμασι
587 174 709 205 ποικίλως
741 174 899 212 ἔκραθησαν.

68 218 113 245 Ἐν
132 219 184 256 γὰρ
211 222 242 254 τῇ
271 219 347 255 φύσξι
377 220 533 255 συνάγονται
561 220 654 253 πάντα,
682 220 716 251 ὡς
747 219 772 246 ἐν
803 221 899 256 κέντρῳ

66 272 96 289 τι
125 264 171 289 καὶ
199 262 285 300 ἀρχῇ,
313 263 465 301 μερίζονται
503 262 533 290 δὲ
559 263 604 290 ἀπ’
640 263 754 293 ἀλλήλων
779 262 824 290 διὰ
850 268 899 290 τῶν

65 308 188 344 κράσεων
216 318 223 324 ·
252 309 319 334 οὕτω
341 310 392 345 γὰρ
419 311 464 335 καὶ
492 307 616 345 διχόνοια
642 310 742 340 τούτοις
769 311 813 335 καὶ
843 307 900 335 διά‹

64 362 137 389 (popa
165 353 199 378 τὰ
229 353 370 389 ὁρμήματά
399 361 405 368 “
422 355 451 380 τό
476 355 527 390 γὰρ
555 355 682 391 μάχιμον,
700 356 729 381 τὸ
754 354 900 380 πλιονεκτι-

63 399 124 431 κόν,
169 399 213 424 τὸν
240 397 410 427 ἀκοινώνητον
449 401 494 425 καὶ
522 400 555 425 τὰ
593 399 665 436 ἕτερα
702 401 810 436 φύσεως,
845 403 901 430 πῶς

63 440 145 468 δοκεῖ
169 443 184 472 ὴ
215 441 239 468 ἕν
266 442 335 478 αὐτῷ
357 444 459 479 ἔχουσα
485 446 530 470 καὶ
559 445 711 480 συνάγουσα
735 446 780 470 καὶ
808 443 901 471 ἐνοῦσα

60 487 154 514 πάντα
192 488 330 524 μάχεσθαι
355 490 399 514 καὶ
427 488 583 515 πλεονεκτεῖν
615 491 661 515 καὶ
695 491 731 525 μὴ
773 493 899 516 κοινωνεῖν

60 534 222 569 προτρέπειν
261 532 328 559 αὐτά
357 541 364 566 ;
389 531 532 559 Ἀδύνατον
568 544 574 550 -
604 533 669 560 ἀλλὰ
704 537 786 560 ταῦτα
815 534 901 560 πάντα

59 579 110 602 καὶ
138 578 172 603 τὰ
193 576 272 603 πλείω
302 577 399 603 τούτων
426 581 475 603 τῶν
501 578 617 615 κράσεων
640 589 647 595 ·
671 580 749 614 φύσις
781 581 826 604 καὶ
850 579 899 614 γὰρ

60 619 145 647 οὐδὲν
182 621 216 651 εἰς
244 623 312 651 τέλος
340 623 419 648 κακὸν
453 621 570 658 ἐποίησε,
605 623 690 649 πάντα
730 621 759 649 δὲ
793 632 823 658 γε
856 625 900 648 καὶ

59 665 123 691 λίαν
148 665 234 696 καλῶς
258 666 294 697 εἰς
316 668 346 692 τὸ
374 665 437 692 εἶναι
465 669 627 705 παρήγαγεν,
663 667 690 694 ἐκ
717 671 763 698 τῆς
795 670 901 704 πρώτης

59 711 110 753 καὶ
149 711 244 746 κυρίας
282 710 384 736 πάντων
424 710 512 747 ἀρχῆς
540 711 657 738 λαϐοῦσα
701 714 749 741 τὴν
777 710 899 748 δύναμιν.

69 757 93 780 ll
141 751 172 780 δὲ
200 757 249 780 τῶν
273 755 389 792 κράσεων
421 755 549 789 ποικιλία,
577 759 686 792 μιγεῖσα
713 760 744 793 τῇ
775 754 899 790 ἰδιότητι,

61 798 151 825 πολλὰ
176 799 210 825 τὰ
235 801 271 835 μή
295 800 430 837 ὁμότροπα
451 801 521 837 ἔφερε
550 811 556 818 ι
579 802 744 837 καινοτομίαι
766 802 817 837 γὰρ
845 804 900 831 ταῖς

61 844 182 880 κράσεσι
221 844 437 880 συνυπάρχουσιν
472 845 574 883 ain-sipo:
603 856 609 862 -
635 846 738 883 ἄπειροι
781 847 832 882 γὰρ
872 846 899 872 αἱ

61 889 187 924 κράσεις,
222 891 266 915 καὶ
298 889 382 920 καθὼς
405 890 438 916 τὰ
466 894 589 926 στοιχεῖα
609 891 681 928 παρὰ
710 894 758 921 τῆς
785 891 896 926 φύσεως,

61 933 164 970 ἄπειρα
191 930 220 959 δὲ
233 942 266 960 τα
283 932 372 960 ἐκτῶν
397 937 546 970 στοιχείων,
575 935 642 961 οὕτω
668 933 701 964 δὴ
721 937 766 961 καὶ
787 935 897 972 κράσεις

63 976 90 1004 ἐν
105 980 162 1009 τοῖς
193 979 345 1014 στοιχείοις,
373 979 468 1016 ἄπειρα
493 977 523 1006 ei":
548 981 580 1006 τὰ
600 984 650 1006 τῶν
677 980 792 1018 κράσεων
825 977 897 1005 ἰδιώ-

63 1032 149 1058 ματα.
177 1023 225 1050 Διὰ
252 1026 327 1050 τοῦτο
355 1026 399 1050 καὶ
442 1023 466 1050 ἰν
506 1024 651 1060 μετάλλοις,
683 1027 727 1051 καὶ
751 1024 775 1051 ἐν
805 1024 898 1059 λίθοις,

65 1069 114 1093 καὶ
141 1065 168 1093 ἑν
195 1070 295 1103 φυτοῖς,
325 1070 369 1094 καὶ
400 1073 517 1105 τροφαῖς,
544 1072 589 1095 καὶ
616 1069 639 1096 ἐν
663 1073 772 1106 χυμοῖς,
800 1071 845 1095 καὶ
874 1068 898 1095 ἓν

65 1112 145 1142 ζώοις
180 1112 195 1140 ἡ
241 1116 291 1138 τῶν
333 1113 450 1149 κράσιων
493 1112 598 1150 ἀπειρία
639 1114 720 1147 ἐστιν,
760 1115 814 1145 ἣτις
854 1115 899 1140 καὶ

65 1155 196 1183 ποικίλλει
227 1156 377 1194 πολυμερῶς
411 1158 443 1184 τά
480 1168 506 1185 τι
533 1161 654 1195 σώματα,
682 1160 715 1185 τά
752 1169 778 1186 τε
818 1159 898 1196 ὁρμὴ-

65 1211 149 1238 ματα,
197 1201 230 1227 τά
270 1211 297 1228 τε
331 1200 472 1239 ἰδιώματα,
515 1204 560 1235 τάς
588 1213 615 1229 τε
644 1203 780 1240 ἐνεργείας,
816 1204 848 1230 τά
872 1213 900 1230 τι

66 1248 199 1283 νοήματα,
233 1247 280 1278 τὰς
319 1257 346 1274 τε
370 1250 487 1284 σχίσεις,
519 1249 552 1275 τά
577 1258 604 1275 τε
633 1251 770 1285 σχήματα,
800 1250 845 1279 τάς
871 1258 899 1275 τε

65 1291 152 1329 ῥοπὰς
173 1293 218 1318 καὶ
232 1291 290 1318 καθ’
314 1292 372 1324 ἑξῆς
387 1292 496 1329 ἅπαντα,
527 1295 572 1320 καὶ
599 1294 705 1329 συνάγει
740 1292 787 1320 διὰ
815 1296 899 1320 ταῦτα

67 1396 149 1423 sunt.
167 1395 243 1422 Nam
254 1393 400 1423 innatura
410 1394 698 1431 omniacopulantur
714 1395 896 1432 tanquamin

68 1441 173 1467 centro
186 1446 220 1467 ac
237 1438 394 1476 principio,
412 1438 466 1467 sed
481 1439 541 1467 alia
570 1439 610 1468 ab
630 1439 695 1468 aliis
720 1442 898 1476 separantur

68 1491 122 1520 per
137 1483 378 1520 temperationes.
395 1484 469 1512 Hinc
484 1484 564 1512 enim
577 1484 687 1519 ingenii
719 1487 747 1513 et
769 1492 898 1521 propen-

69 1528 164 1556 sionis
178 1529 208 1556 in
221 1528 312 1556 rebus
326 1528 493 1557 diversitas.
505 1530 579 1557 Nam
598 1529 681 1565 quod
703 1529 734 1557 in
754 1529 844 1557 rebus
855 1531 898 1557 est

69 1572 244 1609 proclivitas
259 1573 297 1601 ad
312 1573 504 1606 discordiam,
521 1573 560 1601 ad
568 1574 757 1609 superiorum
766 1574 897 1610 partium

70 1618 305 1652 aﬂ'ectationem,
323 1618 362 1646 ad
370 1619 590 1647 distinctionem
601 1621 628 1647 et
639 1619 697 1648 alia
708 1619 825 1653 similia,
841 1619 898 1647 hoc

69 1665 149 1691 certe
159 1665 272 1691 naturae
282 1671 343 1692 non
354 1666 396 1691 est
404 1663 676 1698 tribuendum.Quo
688 1666 785 1700 pacto,
793 1671 898 1700 quaeso

69 1710 181 1736 natura
195 1715 264 1744 quas
279 1708 309 1736 in
326 1716 359 1736 se
371 1708 599 1745 comprehendit
613 1711 642 1736 et
662 1708 773 1744 colligit
796 1709 898 1737 omnia

69 1754 98 1780 et
113 1752 256 1780 omnibus
266 1752 318 1780 dat
332 1754 501 1788 essentiam,
517 1753 612 1781 videri
627 1753 721 1789 possit
746 1753 898 1789 impellere

70 1796 175 1825 omnia
190 1796 230 1824 ad
242 1797 433 1833 discordiam,
449 1797 489 1826 ad
504 1798 694 1834 superiorum
709 1798 838 1834 partium
852 1797 899 1826 af—

71 1841 262 1870 fectationem
276 1844 305 1870 et
318 1842 549 1878 disjunctionem
561 1843 576 1870 ‘l
591 1844 650 1871 Hoc
666 1844 743 1871 certe
767 1842 832 1871 ﬁeri
848 1850 899 1871 ne—

72 1887 146 1923 quit.
159 1886 216 1914 Sed
230 1887 287 1915 ista
300 1889 328 1914 et
349 1887 412 1915 istis
438 1887 526 1924 plura
549 1887 608 1916 alia
632 1887 899 1924 temperationibus

72 1933 145 1958 sunt
159 1930 329 1959 tribuenda.
339 1931 453 1959 Etenim
462 1934 570 1960 natura
582 1931 738 1968 proposito
750 1931 809 1960 ﬁne
817 1931 899 1959 malo

73 1975 147 2003 nihil
162 1983 298 2011 unquam
318 1975 414 2004 facere
429 1984 574 2011 aggressa
586 1978 639 2010 est,
657 1976 710 2004 sed
721 1977 824 2004 omnia
835 1976 901 2013 pul-

74 2019 175 2047 chrius
194 2027 288 2056 quam
299 2019 357 2048 dici
369 2020 464 2056 possit
477 2021 507 2048 in
520 2020 617 2048 lucem
653 2021 755 2054 edidit,
778 2023 901 2057 accepta

74 2064 219 2092 nimirum
232 2064 372 2093 facultate
387 2073 405 2093 a
420 2065 518 2101 primo
527 2065 577 2093 illo
592 2067 620 2093 et
634 2065 786 2102 prmcipuo
799 2073 899 2094 rerum

74 2109 213 2137 omnium
227 2109 384 2146 principio.
392 2110 653 2145 Temperationum
664 2112 765 2138 autem
773 2110 899 2138 varietas

73 2161 144 2181 cum
163 2153 343 2190 proprietate
358 2153 456 2187 mista,
473 2154 630 2182 nonunius
642 2154 806 2190 similisque
815 2153 898 2182 modi

74 2206 120 2226 res
135 2197 246 2226 multas
259 2198 360 2226 edidit.
376 2200 450 2227 Nam
473 2199 702 2235 temperationes
718 2207 821 2227 secum
836 2201 898 2227 tra-

72 2243 148 2271 hunt
159 2251 279 2279 semper
291 2243 424 2272 inﬁnitas
438 2251 539 2272 rerum
557 2252 705 2272 novarum
718 2244 896 2272 molitiones.

73 2288 238 2316 Suntenim
250 2288 373 2316 inﬁnitae
393 2290 633 2325 temperationes.
649 2290 681 2317 Et
701 2289 899 2326 quemadmo-

71 2333 146 2361 dum
162 2333 310 2362 elementa
322 2341 340 2361 a
353 2336 459 2361 natura
466 2334 619 2368 exsistunt,
635 2333 688 2362 sed
708 2333 898 2362 suntintinita

72 2387 141 2415 quas
157 2386 194 2406 ex
208 2377 361 2406 elementis
370 2381 601 2415 componuntur,
610 2379 650 2407 ita
657 2378 745 2406 etiam
753 2381 898 2414 tempera-

72 2424 169 2452 tiones
185 2425 255 2451 sunt
269 2423 299 2451 in
315 2423 478 2459 elementis,
499 2423 552 2452 sed
564 2425 633 2452 sunt
646 2423 770 2451 inﬁnitae
785 2426 897 2459 tempe-

72 2468 225 2497 rationum
239 2467 445 2504 proprietates.
458 2468 571 2496 Idcirco
585 2468 615 2496 in
631 2467 767 2500 metallis,
790 2466 898 2503 lapidi-

72 2513 142 2547 bus,
159 2512 280 2549 plantis,
292 2513 451 2546 alimentis,
467 2513 641 2541 humoribus
662 2515 690 2541 et
716 2511 898 2541 animalibus

72 2558 197 2588 infinitae
213 2560 283 2586 sunt
299 2559 602 2595 temperationesqute
618 2558 788 2586 varietatem
800 2557 898 2585 multi-

73 2606 181 2642 plicem
198 2604 328 2632 afferunt
335 2604 521 2640 corporibus,
534 2604 622 2632 incita
627 2603 755 2631 tionibus
762 2602 898 2631 volunta-

73 2650 131 2685 riis,
149 2648 391 2686 proprietatibus,
406 2648 584 2683 actionibus,
597 2647 896 2684 apprehensionibus,

73 2694 289 2727 habilitatibus,
304 2694 419 2729 ﬁguris,
433 2693 697 2730 propensionibus,
723 2695 752 2720 et
776 2692 898 2728 reliquis

74 2741 227 2771 omnibus.
240 2741 426 2776 Quapropter
437 2739 666 2774 temperationes
678 2739 850 2767 varietatem
868 2739 899 2767 in

74 2793 175 2816 rerum
191 2786 332 2813 naturam
346 2784 548 2818 introducunt,
564 2786 593 2812 et
606 2783 778 2812 uniusmodi
797 2790 898 2812 rerum

511 111 687 141 THEODORI
707 111 730 140 II
749 112 816 141 IMP.
833 112 878 140 DE
908 111 1134 141 COMMUNIONE
1159 112 1348 142 NATURALI.

1716 113 1783 140 1298

955 176 985 201 τὸ
1009 174 1136 208 ποικίλον,
1151 177 1196 201 καὶ
1215 174 1300 211 ἐξάγει
1321 176 1350 201 τὸ
1383 174 1488 202 ἐνιαῖον.
1513 175 1543 201 Εἰ
1561 175 1610 211 γὰρ
1632 175 1667 205 ὡς
1693 173 1716 200 ἐν
1748 178 1780 211 τῇ

956 220 1043 256 φύσει,
1088 221 1127 246 ὅτι
1166 224 1212 251 τῆς
1255 221 1354 256 φύσιως
1386 219 1510 255 ἑνοῦνται,

955 266 1088 302 ὑπῆρχον,
1104 267 1149 291 καὶ
1164 265 1189 291 ἐν
1208 269 1266 296 ταῖς
1292 266 1405 302 κράσεσι
1432 266 1499 291 κατὰ
1525 266 1602 300 φύσιν
1626 263 1656 290 ἂν
1691 265 1784 301 ἔπρατ-

955 318 1009 341 τον,
1047 310 1087 335 ὃτι
1136 307 1166 336 δέ
1191 319 1221 345 γε
1254 309 1419 336 ποικίλλουσι
1448 313 1531 335 ταῦτα
1558 309 1674 345 κράσεις,
1702 307 1784 334 πολλὰ.

958 354 1156 390 συνεισάγονται
1193 354 1278 380 ἄτοπα
1321 357 1366 380 καὶ
1402 353 1552 390 ἀπροσφυῆ,
1584 352 1665 379 πολλὰ
1699 350 1728 378 δὲ
1751 362 1781 387 γε

1549 219 1647 249 ἐνιαίως
1680 218 1783 245 ἅπαντα

955 400 1002 424 καὶ
1046 397 1176 434 ἀναγκαῖα
1206 401 1251 425 καὶ
1281 402 1414 436 προσφυῇ,
1456 399 1521 425 ὥστε
1547 399 1576 423 τὸ
1616 398 1683 423 κατὰ
1707 397 1783 432 φύσιν

957 443 1103 479 τελούμινον
1132 443 1211 470 ἐκεῖνο
1239 446 1284 470 καὶ
1328 443 1477 479 ἀναγκαῖον,
1506 445 1534 469 τό
1562 441 1592 469 δὲ
1619 443 1687 468 κατὰ
1723 445 1784 478 κρᾶ-

958 498 999 514 σιν
1027 486 1074 515 διὰ
1104 490 1133 515 τὸ
1159 488 1290 515 ποικίλλον
1323 488 1369 515 οὐκ
1400 488 1439 514 ἀεὶ
1470 487 1619 523 ἀναγκαῖον.
1647 487 1714 513 Ἀλλ’
1743 487 1785 512 ὅτε

1463 533 1567 569 φυλάξει
1590 534 1619 558 τὸ
1642 531 1711 562 τᾶος
1737 535 1783 558 τοῦ

957 579 1120 616 πράγματος,
1150 578 1183 608 εἰς
1211 578 1224 604 ὂ
1251 576 1387 604 ἀπιδοῦσα
1405 579 1420 607 ἡ
1446 579 1534 614 φύσις,
1563 581 1639 603 τοῦτο
1662 577 1784 612 γενέσθαι

958 623 1073 652 ὶκίνησεν
1100 625 1175 650 αἴσια
1199 623 1256 652 τέλη
1277 623 1351 657 τελεῖ,
1376 624 1436 649 ὅταν
1465 621 1495 649 δὲ
1520 626 1578 654 ταῖς
1607 620 1783 658 ὶδιοτροπίαις

958 665 1041 704 ἀπίδῃ
1079 669 1121 693 καὶ
1165 667 1230 704 λάϐῃ
1267 667 1360 694 ἐκεῖθεν
1401 669 1447 696 τὴν
1487 669 1593 702 σχέσιν,
1620 666 1782 703 παρεκκλίνει

958 716 1004 738 τοῦ
1039 710 1151 743 δέοντος.
1179 711 1281 742 Μηδεὶς
1305 711 1335 738 δὲ
1368 713 1530 739 ὑποτοπάσει
1558 713 1598 737 ὃτι
1624 712 1652 736 αἱ
1675 712 1782 748 κράσεις

958 757 1022 793 οὐχὶ
1060 761 1105 788 τῆς
1143 759 1240 794 φύσεώς
1274 757 1325 784 εἱσι
1362 757 1477 793 (λέγομεν
1505 758 1536 787 ὡς
1564 755 1587 782 ἐν
1613 760 1649 792 τῷ
1676 754 1782 793 διέρχε-

1726 805 1781 832 πῶς

956 535 1001 559 καὶ
1017 533 1082 562 αὐτὴ
1105 534 1120 563 ὴ
1144 537 1236 571 κρᾶσις
1264 533 1395 570 εἰλικρινὲς
1426 543 1432 550 '

959 803 1022 829 σθαι
1052 803 1110 832 τοὺς
1133 800 1217 832 τῆσδε
1237 802 1338 838 λόγους)
1355 813 1361 819 ·
1389 806 1464 829 τοῦτο
1488 803 1538 838 γὰρ
1566 802 1660 828 άτοπον
1690 811 1696 818 ·

956 849 1007 884 γὰρ
1046 847 1075 873 οὗ
1099 848 1171 885 παρὰ.
1189 852 1234 878 τῆς
1259 849 1358 884 φύσεως
1394 848 1442 878 τὰς
1463 848 1570 884 κράσεις
1595 847 1665 882 ἔχειν
1691 846 1780 882 ὡρμή-

958 901 1038 928 σαμεν
1071 891 1102 918 ἂν
1143 892 1220 918 εἰπεῖν
1248 895 1295 922 τὴν
1326 892 1462 926 ὀντότητα,
1498 893 1543 922 τὰς
1565 892 1661 928 μικτὰς
1689 892 1725 927 μή
1754 889 1781 915 ἐκ

956 941 1001 968 τῆς
1042 937 1123 968 ἁπλῆς
1146 945 1152 964 :
1179 937 1314 973 Ἀπαγέτω
1349 938 1361 964 ό
1397 939 1478 968 οὕτως
1504 936 1645 967 ἀπατηθεὶς
1680 937 1709 962 τὸ
1739 934 1780 961 ἁν-

956 983 1157 1018 επιστημονικὸν
1192 984 1237 1008 καὶ
1271 981 1396 1019 ἐρευνάτω
1432 983 1462 1008 τό
1495 980 1595 1012 ἀληθές.
1630 980 1698 1007 Ἀλλ’
1728 980 1778 1006 εἰσὶ

954 1028 1071 1064 κράσεις,
1089 1027 1144 1053 εστι
1169 1024 1200 1053 δὲ
1232 1028 1276 1053 καὶ
1313 1028 1399 1062 φύσις,
1428 1027 1550 1056 ὡσαύτως
1583 1024 1613 1052 δὲ
1639 1035 1683 1051 και
1711 1034 1781 1051 στοι·

954 1075 1017 1107 χιῖα
1049 1082 1055 1088 -
1086 1073 1188 1108 κέντρον
1220 1072 1271 1109 γὰρ
1313 1073 1357 1097 καὶ
1404 1071 1475 1108 ἀρχὴ
1512 1072 1588 1106 φύσις
1611 1069 1778 1105 ἁπανταχοῦ,

953 1119 1038 1142 ταῦτα
1067 1114 1096 1142 δὲ
1115 1117 1199 1145 πάντη
1220 1117 1278 1153 περὶ
1307 1116 1388 1145 αὐτὴν
1417 1117 1451 1146 ὡς
1475 1115 1498 1141 ἐν
1530 1115 1565 1142 ἐνὶ
1587 1115 1650 1150 ἡλίῳ
1673 1113 1780 1150 ararat;

954 1160 982 1192 ἐξ
1005 1161 1148 1198 ὑγρότητος
1173 1161 1187 1190 ἡ
1214 1161 1322 1197 αὐχμον
1350 1159 1531 1198 ἀνερχόμεναι,
1562 1161 1678 1186 κάκεῖθεν
1703 1157 1780 1190 αὖθις

954 1203 1134 1241 διαλυόμεναι,
1183 1207 1229 1232 καὶ
1270 1207 1335 1242 πρὸς
1370 1206 1464 1242 μικρόν
1505 1206 1687 1240 σνναγόμεναι,
1735 1206 1779 1230 καὶ

1297 1252 1341 1276 καὶ
1388 1251 1512 1276 ποιόΰσαι
1548 1252 1623 1276 τοῦτο
1663 1248 1711 1276 ἀεί.
1748 1249 1779 1275 Δὶ

955 1295 1062 1331 κράσεις
1101 1295 1151 1331 γὰρ
1197 1297 1303 1330 σχέσεις
1337 1296 1382 1321 καὶ
1415 1292 1576 1331 ὶδιοτροπίαι
1619 1293 1670 1320 ιὶσί
1702 1303 1778 1329 τινες,

953 1251 1036 1281 οὕτως
1076 1251 1247 1286 πεμπόμεναι,

957 1395 1196 1424 constitutionem
1205 1396 1335 1431 ejiciunt.
1352 1395 1473 1430 Si,enim
1481 1398 1512 1424 ut
1524 1396 1554 1423 in
1566 1398 1682 1430 natura,
1693 1396 1780 1432 cujus

956 1441 1071 1469 ratione
1090 1448 1138 1468 res
1158 1441 1778 1474 omnesnaturalesunicomodoliniuntur,

956 1485 1140 1519 exsisterent,
1153 1485 1181 1513 in
1206 1485 1471 1521 temperationibus
1499 1485 1588 1513 etiam
1613 1485 1780 1512 secundum

956 1532 1096 1558 naturam
1111 1531 1242 1564 egerent.
1258 1530 1312 1557 Sed
1324 1529 1396 1565 quia
1410 1529 1583 1557 varietatem
1597 1529 1652 1556 illis
1670 1532 1780 1565 tempe-

956 1574 1086 1602 rationes
1103 1573 1358 1607 aﬂ'erunt,idcirco
1366 1573 1458 1601 multa
1479 1573 1782 1601 introducunturino—

957 1618 1041 1647 sitate
1054 1620 1082 1647 et
1097 1618 1204 1652 aliena,
1220 1618 1442 1655 multaquoque
1454 1618 1622 1646 necessaria
1629 1620 1656 1645 et
1665 1620 1780 1645 naturae

957 1663 1162 1698 congruentia.
1179 1663 1274 1695 Quare
1289 1662 1436 1699 quidquid
1463 1662 1630 1690 secundum
1641 1664 1781 1690 naturam

958 1707 1092 1741 efﬁcitur,
1105 1707 1178 1736 illud
1191 1707 1280 1736 etiam
1292 1710 1335 1735 est
1349 1707 1566 1741 necessarium;
1579 1707 1630 1734 sed
1643 1706 1726 1743 quod
1737 1714 1782 1734 se-

957 1753 1092 1780 cundum
1108 1752 1354 1788 temperationem
1370 1751 1505 1787 efﬁcitur,
1518 1754 1639 1789 propter
1655 1751 1781 1779 varieta-

956 1800 1017 1826 tem
1033 1805 1094 1825 non
1110 1799 1154 1825 est
1168 1805 1287 1833 semper
1300 1797 1512 1826 necessarium.
1531 1797 1587 1825 Sed
1602 1797 1699 1833 siipsa
1710 1799 1782 1824 tem-

956 1842 1072 1879 peratio
1090 1842 1239 1870 sincerum
1253 1842 1293 1870 rei
1310 1842 1399 1870 tinem
1415 1844 1520 1876 servat,
1542 1842 1580 1870 ad
1596 1849 1686 1878 quem
1700 1849 1783 1877 spec-

957 1891 1024 1917 tans
1031 1889 1175 1916 naturaut
1184 1895 1231 1915 res
1240 1889 1454 1924 procrearetur,
1461 1887 1540 1914 viam
1548 1895 1633 1915 suam
1640 1895 1674 1914 ex
1679 1895 1782 1922 prom-

957 1933 1027 1970 psit,
1045 1935 1114 1960 tunc
1126 1932 1195 1960 felix
1209 1931 1251 1959 rei
1266 1931 1362 1960 exitus
1378 1931 1452 1960 solet
1471 1931 1611 1959 exsistere
1639 1941 1645 1966 ;
1671 1931 1718 1958 sin
1742 1931 1782 1959 ad

958 1985 1028 2005 suas
1040 1976 1236 2013 proprietates
1252 1984 1284 2004 se
1299 1976 1488 2009 convertit,et
1502 1975 1581 2004 illinc
1598 1975 1782 2004 habilitalem

959 2024 1083 2058 accepit,
1099 2024 1170 2050 tunc
1183 2029 1202 2048 ιι
1216 2024 1296 2049 recto
1311 2020 1466 2049 deﬂectere
1481 2020 1564 2049 solet.
1594 2020 1686 2048 Nemo
1711 2028 1782 2048 vero

958 2067 1105 2095 existimet
1123 2066 1154 2094 in
1167 2065 1214 2093 his
1243 2065 1427 2102 explicandis
1452 2073 1507 2093 nos
1524 2065 1622 2093 dicere
1636 2068 1781 2101 tempera-

958 2111 1053 2140 tiones
1065 2118 1125 2138 non
1154 2118 1220 2138 esse
1248 2113 1372 2138 naturas.
1402 2111 1461 2137 Hoc
1486 2109 1565 2137 enim
1587 2112 1663 2137 eSSet
1680 2109 1784 2137 absur-

957 2155 1043 2184 dum.
1061 2155 1218 2188 Quomodo
1235 2154 1589 2190 enimtemperationesid
1596 2154 1678 2190 quod
1685 2157 1754 2181 sunt
1763 2162 1782 2182 a

957 2202 1066 2228 natura
1079 2199 1190 2228 habere
1214 2206 1324 2234 negare
1347 2207 1506 2235 possemus
1531 2199 1545 2227 ?
1565 2198 1689 2234 perinde
1710 2206 1745 2227 ac
1759 2199 1783 2226 si

957 2245 1125 2272 diceremus
1140 2243 1370 2280 temperationes
1383 2251 1450 2279 quae
1467 2243 1677 2271 admistionem
1691 2243 1784 2271 susci-

957 2289 1044 2326 piunt
1057 2297 1093 2317 ex
1108 2288 1234 2325 simplici
1249 2296 1310 2316 non
1320 2288 1446 2316 misceri.
1479 2287 1535 2320 Qui
1549 2288 1607 2316 hoc
1631 2287 1722 2316 modo
1733 2288 1783 2316 de-

958 2336 1062 2370 ceptus
1077 2337 1121 2362 est
1135 2333 1258 2369 abjiciat
1273 2333 1476 2368 ignorantiam
1484 2334 1667 2361 etscrutetur
1677 2332 1783 2360 verita-

958 2381 1027 2407 tem.
1043 2378 1103 2406 Sed
1117 2380 1187 2406 sunt
1201 2378 1442 2415 temperationes,
1475 2380 1520 2405 est
1546 2378 1635 2406 etiam
1663 2379 1781 2411 natura,

957 2423 1151 2452 consimiliter
1163 2422 1252 2451 etiam
1273 2425 1344 2451 sunt
1376 2422 1532 2450 elementa.
1558 2424 1669 2451 Natura
1701 2421 1782 2449 enim

957 2470 1093 2497 centrum
1113 2469 1158 2496 est
1171 2470 1200 2496 et
1214 2467 1404 2504 principium,
1418 2475 1611 2504 quocumque
1627 2470 1652 2495 te
1670 2468 1780 2501 vertas,

957 2513 1007 2542 illa
1023 2521 1094 2542 vero
1110 2513 1213 2542 omnia
1224 2515 1294 2540 sunt
1306 2513 1384 2540 circa
1407 2512 1506 2546 ipsam
1529 2520 1535 2539 :
1557 2519 1617 2539 non
1640 2519 1726 2539 secus
1740 2512 1781 2539 at-

957 2567 1016 2595 que
1030 2558 1061 2586 in
1072 2567 1133 2587 uno
1147 2558 1208 2586 sole
1219 2558 1294 2586 radii
1305 2557 1356 2594 qui
1377 2565 1412 2585 ex
1426 2557 1561 2590 humore,
1591 2558 1642 2583 aut
1657 2563 1780 2591 vapore,

959 2606 1010 2632 aut
1028 2605 1102 2631 aestu
1116 2602 1208 2631 exorti
1220 2610 1340 2630 sursum
1368 2609 1469 2630 versus
1493 2600 1618 2629 tendunt
1651 2601 1680 2628 et
1701 2599 1781 2628 illinc

957 2656 1061 2676 rursus
1093 2648 1287 2684 dissipantur,
1318 2646 1524 2685 paulatimque
1553 2644 1732 2681 colliguntur
1753 2648 1781 2674 et

957 2701 1061 2722 rursus
1073 2693 1229 2721 mittuntur
1243 2695 1332 2728 atque
1346 2699 1464 2727 semper
1477 2691 1535 2718 hoc
1554 2690 1645 2718 modo
1673 2690 1782 2718 iteran-

957 2741 1017 2767 tur.
1030 2739 1103 2767 Sunt
1115 2738 1195 2766 enim
1210 2737 1352 2774 quaedam
1360 2736 1601 2773 temperationes,
1613 2735 1782 2765 habilitates

957 2786 987 2812 et
997 2784 1204 2821 proprietates,
1220 2789 1274 2818 per
1287 2789 1363 2818 quas
1381 2782 1527 2810 uniuntur
1540 2781 1640 2811 omnia
1667 2789 1723 2819 pro
1745 2789 1781 2810 eo
