1967 3080
185 89 253 115 1299

951 84 1130 114 ADDENDA.

187 148 223 176 δι’
244 150 278 175 ὧν
305 149 420 177 ἱνοῦνται
443 151 528 176 πάντα
560 151 628 175 κατὰ
649 151 679 175 τὸ
707 150 827 184 πεφυκὸς,
859 158 904 174 καί
928 157 1012 173 ταυτα
1027 148 1049 173 Α
1064 150 1207 183 νοήσωμτν,
1240 147 1353 184 ἐμψύχῳ
1387 150 1441 175 ὄντι
1463 158 1508 175 και
1531 149 1637 185 λογικῷ,
1666 150 1700 176 τὰ
1717 154 1768 180 τῆς
1796 151 1914 186 γύσει-ς

186 197 230 230 μὲν
259 195 349 225 οὕτως.
382 195 453 221 Ἐπεὶ
479 193 508 221 δὲ
535 196 611 230 φύσιν
647 196 692 220 καὶ
729 194 835 230 κράσεις
872 192 1010 228 πολλαχῶς

186 250 231 265 και
269 239 419 276 πολυμερῶς
452 240 627 272 ἐξετάσαντες,
661 240 685 266 ἓν
718 248 745 264 τε
771 241 908 274 νοήμασιν,
939 239 963 264 ὃ
984 248 1011 264 τι

187 284 286 320 λόγοις,
313 285 337 310 ἓν
359 294 385 310 τε
417 288 566 320 σχήμασιν,
607 285 630 310 ἕν
663 294 689 310 τε
727 283 889 319 ἐπιστήμαις,
932 285 955 309 ἵν
985 293 1011 310 τε

190 332 344 364 στοιχεὶοις,
377 329 401 354 ἓν
425 339 451 355 τε
469 328 563 361 λίθοις,
587 330 612 355 ἔν
644 338 672 354 τε
691 328 832 364 μετάλλοις,
854 329 878 354 ἓν
909 337 936 354 τε
966 338 1013 364 φυ-

189 377 254 406 τοῖς,
270 375 294 399 ἓν
321 383 348 400 τε
366 376 480 410 τροφαῖς,
508 375 532 400 ἓν
556 383 583 400 τε
620 377 728 409 χυμοῖς,
744 374 768 399 ἔν
796 383 823 399 τε
857 373 942 407 ζώοις,
968 383 1013 399 και

191 419 306 454 εὑρόντες
332 422 469 454 πανταχοῦ
497 419 528 444 τὰ
546 420 593 444 ἶσα
624 416 757 454 ἰδιώματα
787 417 817 443 ἂν
847 417 1014 454 προσάλληλα

191 465 321 499 φέρουσιν,
361 463 375 491 ἡ
417 464 494 498 φύσις
526 473 571 489 και
595 464 621 488 αἱ
658 463 773 499 κράσεις,
806 472 850 488 και
874 467 925 492 πῶς
953 471 1014 488 ποτε

189 510 342 533 κοινωνοῦσι
387 516 431 533 και
464 508 533 533 κατὰ
558 510 583 533 τί
618 517 663 533 και
693 507 717 532 ἐν
739 509 802 541 τίνι,
827 511 879 537 πῶς
917 505 946 533 δὴ
970 517 1014 533 και

189 553 251 578 πότε
271 561 316 577 και
335 553 402 578 κατὰ
416 554 442 577 τί
457 561 502 577 και
531 551 555 577 ἓν
581 553 632 578 τίνι
661 551 689 577 οὐ
716 555 892 586 κοινωνοῦσιν,
920 552 1014 587 ὁμοίως

188 596 276 627 ὶξίσου
309 596 333 622 ἓν
364 596 423 627 ὅλας
467 598 604 627 νοήσαντες
649 606 694 622 και
723 597 846 633 εὑρόντες,
876 596 1015 632 ἀναγκαῖὸν

187 640 258 667 ἔστιν
275 640 414 676 ἑριυνῆσαι
448 641 516 666 αὐτὰ
537 651 583 666 και
609 640 645 671 εἰς
673 642 701 666 τὸ
730 640 851 677 ἔμψυχον
879 641 945 671 ζῶον
971 643 1017 668 και

186 685 299 720 λογικόν.
344 685 387 716 Εἰς
414 689 491 712 τοῦτο
520 687 570 723 γὰρ
599 695 643 711 και
665 687 741 721 φύσις
765 695 810 711 και
836 689 931 721 κρᾶσις
958 688 1015 716 ἣτις

188 728 334 760 ἐξετάζεται
375 732 422 755 σὺν
443 734 473 765 τῇ
507 731 592 766 φύεται.
625 730 714 760 Οὕτως
739 731 789 766 ’γὰρ
821 729 851 755 ἂν
880 729 904 755 ἐν
939 732 1026 766 τούτῳ

189 799 223 819 ac
237 793 346 819 natura
352 791 536 825 singulorum
549 791 710 827 fert,atque
717 792 779 819 hac
795 792 917 827 quidem
926 792 1007 820 hunc

188 836 219 864 in
231 836 357 864 modum
369 836 491 864 habent.
508 837 656 869 Quoniam
671 839 770 864 autem
786 836 883 864 multis
909 837 1007 864 modis

190 880 449 917 multipliciterque
464 881 710 916 investigavimus
716 883 857 908 naturam
865 884 893 909 et
904 885 1012 917 tempe-

189 925 318 953 rationes
336 925 367 952 in
380 925 487 952 mentis
506 925 652 959 cogitatis,
664 925 693 952 in
704 925 879 958 rationibus,
893 926 923 953 in
938 926 1013 960 ﬁgu-

188 970 241 1001 ris,
261 970 290 997 in
306 969 447 1004 scientiis,
467 969 496 997 in
507 969 671 1002 elementis,
688 970 718 997 in
727 969 888 1005 lapidibus,
906 971 936 998 in
950 978 1011 998 me-

187 1013 275 1047 tallis,
290 1014 320 1042 in
337 1014 457 1049 plantis,
473 1014 503 1042 in
520 1014 679 1045 alimentis.
701 1015 729 1042 in
747 1015 923 1043 humoribus
938 1018 966 1043 et
980 1015 1010 1043 in

186 1058 375 1093 animalibus,
388 1059 552 1094 reperimus
566 1062 667 1086 autem
684 1059 794 1094 ubique
814 1061 1011 1095 proprietates

184 1110 261 1139 quas
275 1103 431 1130 conferunt
446 1102 501 1130 sibi
515 1102 590 1130 inter
609 1110 640 1129 se
650 1104 757 1130 natura
768 1105 795 1130 et
817 1104 1011 1139 temperatio-

185 1155 249 1179 nes,
265 1146 517 1182 consimiliterque
524 1146 780 1174 consideravimus
787 1150 815 1174 et
822 1147 1011 1175 animadver-

185 1191 275 1218 timus
286 1191 440 1226 quomodo
459 1193 487 1218 et
502 1191 636 1226 quando,
663 1191 830 1218 secundum
855 1191 929 1227 quid
942 1193 1009 1220 etin

185 1243 248 1272 quo
262 1236 403 1263 universa
421 1235 497 1263 inter
525 1243 556 1263 se
588 1236 822 1269 communicent,
844 1238 873 1264 et
896 1239 1009 1271 contra,

185 1279 341 1316 quomodo
361 1282 388 1307 et
402 1279 534 1316 quando,
549 1279 865 1315 secundumquidetin
879 1288 940 1317 quo
949 1288 1010 1309 non

187 1325 414 1358 communicent,
428 1331 548 1352 necesse
563 1327 607 1352 est
619 1324 890 1352 considerationem
920 1326 1010 1353 etcir-

187 1369 443 1405 cumspectionem
453 1371 586 1396 nostram
598 1368 637 1396 ad
653 1369 821 1397 animatum
838 1369 950 1398 animal
984 1372 1012 1398 et

187 1412 310 1440 rationis
324 1413 470 1449 particeps
485 1412 651 1440 transferre.
667 1414 739 1441 Nam
755 1413 794 1440 ad
814 1413 872 1441 hoc
898 1416 1012 1449 spectat

188 1459 296 1485 natura.
310 1460 339 1486 et
352 1457 527 1493 temperatio
541 1465 635 1493 quam
649 1465 718 1485 cum
725 1460 835 1485 natura
845 1461 1011 1494 perscruta-

187 1510 266 1530 mur.
283 1504 341 1531 Hoc
356 1503 436 1530 enim
451 1502 543 1530 modo
556 1502 585 1530 in
598 1503 654 1530 hoc
688 1502 811 1530 animali
840 1503 973 1532 animato
984 1506 1011 1531 et
1033 1505 1053 1533 C

1065 194 1110 218 καὶ
1151 196 1200 218 τῶν
1237 193 1353 228 κράσεων
1393 192 1577 230 ἐκτιλέσματα,
1617 196 1662 220 καὶ
1706 192 1915 231 dura-amissi

1067 236 1095 263 ἐκ
1128 241 1176 262 τῶν
1204 240 1355 274 κρειττόνων
1389 239 1422 264 τὰ
1455 241 1573 276 χείρονα,
1603 249 1648 265 και
1678 238 1706 265 ἐκ
1741 244 1793 265 τῶν
1830 242 1917 276 φύσει

1067 282 1100 307 τὰ
1125 282 1207 317 τύχῃ,
1230 284 1275 308 καὶ
1297 281 1325 308 ἐκ
1352 286 1401 308 τῶν
1430 282 1637 319 ἐπιστημονικῶν
1662 285 1696 309 τὰ
1709 286 1747 319 μὴ
1776 288 1916 318 τοιαῦτ-ς

1067 328 1113 352 καὶ
1127 325 1156 352 ἐκ
1170 330 1219 352 τῶν
1242 329 1369 363 φρονίμων
1390 329 1424 353 τὰ
1447 327 1543 357 ἀνόητα
1570 331 1614 354 καὶ
1642 330 1676 354 τὰ
1695 332 1743 355 τοῦ
1770 330 1916 366 θράσους,

1068 381 1114 396 και
1126 370 1153 397 ἐκ
1166 375 1214 397 τῶν
1231 369 1360 408 ἀνδρικῶν
1377 373 1410 397 τὰ
1428 370 1544 408 ψοφοδεῆ
1562 382 1605 398 και
1633 374 1666 399 τὰ
1692 377 1739 399 τοῦ
1770 375 1916 410 θρασους,

1068 425 1113 441 και
1148 415 1176 441 ἑκ
1216 419 1266 441 τῶν
1308 421 1471 453 σωφρονικῶν
1505 418 1539 443 τὰ
1583 421 1629 447 τῆς
1661 417 1809 449 ἀκολασίας

1069 460 1242 493 ὴλιθιοτητος,
1273 470 1318 486 και
1348 460 1376 486 ἐκ
1408 465 1458 487 τῶν
1483 460 1592 488 δικαίων
1634 463 1667 488 τὰ
1688 466 1737 494 τῆς
1753 463 1918 499 μειονεξίας

1068 515 1113 531 και
1142 505 1297 537 πλεονεξίας,
1328 515 1374 532 και
1411 505 1438 531 ἐκ
1477 510 1523 537 τῆς
1556 505 1679 538 ἀληθείας
1718 510 1748 533 τὸ
1788 506 1915 543 ψεῦδος,

1069 560 1114 576 και
1146 549 1174 575 ἐκ
1194 553 1241 575 τοῦ
1262 551 1333 580 ὄντος
1369 551 1399 576 τὸ
1428 549 1546 586 δοκήσει,
1575 562 1618 577 ιιαι
1645 551 1672 577 ἐκ

1868 429 1918 444 κω.

1720 553 1834 578 πάντων
1861 557 1915 579 τῶν

1069 594 1152 621 καλῶν
1192 595 1225 620 τὰ
1263 595 1342 628 κακὰ,
1369 595 1382 620 ὃ
1405 605 1451 621 και
1488 598 1637 632 ποιήσωμεν
1667 595 1847 627 ἐξετάσαντις
1876 598 1913 627 εἰς

1070 638 1218 674 ἐπιστήμην
1262 649 1305 664 και
1333 643 1429 674 ’γνῶσιν
1459 641 1618 676 πραγμάτων
1657 641 1758 667 πολλῶν
1788 651 1911 679 συναρη-

1069 685 1167 719 ’γούσης
1181 685 1244 720 ἡμῖν
1262 688 1308 714 τῆς
1321 682 1453 720 δυνάμεως
1465 688 1512 711 τοῦ
1524 689 1601 713 Θεοῦ.

1066 790 1189 818 rationis
1202 790 1345 826 participe
1364 791 1625 820 considerabimus
1642 795 1759 820 natura:
1783 795 1812 820 et
1828 795 1908 821 tem-

1065 835 1255 871 perationum
1261 834 1393 869 effectus,
1405 838 1432 863 et
1439 836 1660 871 distinguemus
1668 837 1746 864 inter
1753 840 1909 873 praestan-

1066 879 1141 908 tiora
1155 882 1183 907 et
1193 879 1306 912 viliora,
1323 879 1399 907 inter
1420 887 1456 907 ea
1482 887 1550 916 quas
1579 883 1649 909 sunt
1674 883 1788 909 natura
1813 885 1845 910 et
1856 882 1908 910 illa

1066 932 1134 961 qua
1147 926 1216 951 sunt
1228 923 1358 957 fortuna,
1377 924 1453 952 inter
1464 932 1500 952 ea
1515 933 1583 961 quae
1597 925 1637 953 ad
1653 926 1813 954 scientiam
1840 935 1907 962 per-

1065 969 1159 996 tinent
1177 971 1205 996 et
1219 968 1268 996 illa
1287 976 1355 1004 quae
1387 976 1448 996 non
1477 969 1633 1005 pertinent,
1660 970 1738 998 inter
1766 972 1906 999 actiones

1065 1013 1248 1050 prudentum
1259 1015 1287 1040 et
1297 1013 1429 1041 actiones
1445 1013 1672 1049 imprudentum
1685 1023 1720 1043 ac
1742 1015 1906 1052 improbo-

1064 1065 1143 1090 rum,
1156 1057 1233 1085 inter
1247 1057 1379 1085 actiones
1401 1057 1522 1086 fortium
1547 1059 1679 1087 virorum
1710 1062 1741 1088 et
1766 1060 1905 1088 actiones

1065 1102 1223 1130 hominum
1239 1101 1412 1130 timidorum
1423 1105 1450 1130 et
1463 1103 1699 1137 temerariorum,
1712 1104 1793 1132 inter
1808 1106 1890 1133 actio

1064 1155 1118 1175 nes
1132 1149 1363 1182 temperantum,
1378 1150 1407 1174 et
1426 1147 1559 1175 actiones
1588 1148 1849 1185 intemperantum
1868 1158 1905 1178 ac

1065 1192 1257 1227 stupidorum
1276 1191 1444 1224 hominum,
1466 1192 1542 1220 inter
1557 1193 1733 1229 (equitatem
1749 1198 1779 1223 et
1794 1195 1903 1232 iniqui-

1064 1237 1157 1263 tatem
1172 1243 1242 1263 cum
1258 1235 1366 1272 aliquis
1379 1237 1480 1272 inique
1488 1237 1613 1273 autplus
1625 1238 1790 1272 habet,aut
1800 1239 1903 1267 minus

1065 1279 1166 1313 habet,
1188 1280 1263 1308 inter
1278 1279 1355 1308 falsa
1369 1283 1397 1308 et
1410 1288 1489 1316 vera,
1506 1282 1583 1309 inter
1598 1281 1672 1309 illud
1685 1283 1772 1318 quod
1788 1290 1822 1311 re
1833 1291 1904 1312 vera

1065 1328 1118 1357 est,
1133 1327 1162 1352 et
1175 1324 1248 1352 illud
1266 1324 1349 1360 quod
1367 1325 1474 1360 aliquis
1494 1326 1634 1362 opinatur
1666 1335 1732 1355 esse
1752 1335 1827 1356 cum
1842 1336 1902 1356 non
1931 1352 1934 1353 ν

1066 1369 1114 1403 sit,
1132 1369 1208 1397 inter
1228 1369 1310 1397 bona
1319 1371 1347 1398 et
1361 1369 1443 1398 mala
1456 1379 1462 1403 ;
1476 1370 1558 1406 quod
1568 1379 1624 1399 nos
1633 1372 1829 1407 perﬂciemus
1841 1381 1905 1409 per-

1066 1413 1220 1448 quirentes
1235 1414 1400 1442 multarum
1413 1422 1515 1443 rerum
1530 1416 1733 1451 cognitionem
1750 1419 1781 1445 et
1809 1418 1904 1446 scien-

1067 1459 1140 1487 tiam
1156 1458 1319 1494 adjuvante
1333 1467 1390 1487 nos
1407 1460 1458 1488 Dei
1477 1460 1612 1489 numine.

191 1596 1897 1608 ———-——_————————___

315 1662 938 1751 ΘΕΟΔΟΡΟΥ
987 1663 1194 1750 ΤΟΥ
1244 1664 1767 1752 ΛΑΣΚΑΡΙ

439 1786 504 1809 ΤΟΥ
535 1785 613 1809 ΥΙΟΥ
639 1783 706 1811 ΤΟΥ
739 1785 900 1809 ΜΕΓΑΛΟΥ
934 1785 1094 1809 ΒΑΣΙΛΕΩΣ
1126 1786 1234 1810 ΚΥΡΟΥ
1263 1787 1415 1812 ΙΩΔΝΝΟΥ
1440 1788 1508 1812 ΤΟΥ
1540 1788 1649 1813 ΔΟΥΚΛ

755 1876 845 1908 ΤΗΣ
869 1876 1070 1909 ΦΥΣΙΚΗΣ
1089 1877 1343 1911 ΚΟΙΝΩΝῙΑΣ

788 1954 968 1997 ΛΟΓΟΣ
999 1953 1298 1997 ΔΕΥΤΕΡΟΣ.

655 2022 1066 2107 ΤΗΕΟΒΟΒῘ
1094 2049 1109 2104 t
1134 2048 1434 2108 ASCARIS

568 2140 645 2168 FlLll
679 2141 785 2168 SUMMI
818 2140 1050 2169 IMPERATORIS
1088 2142 1210 2169 DOMINI
1241 2142 1386 2169 JOANNIS
1420 2141 1528 2170 DUCIE

546 2189 641 2248 DE
661 2189 1030 2249 NATUBALI
1067 2189 1500 2251 COMMUNION
1518 2191 1552 2245 i-T

815 2299 1002 2343 SEllMO
1040 2299 1288 2343 TERTIUS.

233 2433 266 2461 α’.
302 2434 455 2470 Ἀναγκαῖον
493 2434 548 2461 ἐστι
587 2444 631 2460 και
654 2437 710 2472 περὶ
742 2439 792 2461 τῶν
815 2439 862 2461 τοῦ
885 2434 1019 2471 ἀνθρώπου
1039 2436 1059 2462 D
1075 2434 1214 2470 ἀναγκαῖον
1253 2435 1320 2460 κατὰ
1356 2434 1486 2470 συζυγίας
1519 2431 1603 2465 δεῖξαι
1636 2434 1711 2467 αὐτὸ,
1748 2436 1791 2462 ἵνα
1816 2438 1894 2467 πάσας

195 2483 331 2504 κοινωνιῶν
347 2481 375 2505 τὸ
392 2478 482 2509 ἀληθὲς
496 2477 590 2512 δεῖξαι,
617 2478 707 2508 ἐπειδὴ
733 2481 827 2515 μέχρις
851 2479 930 2504 αὐτοῦ
956 2479 1019 2514 ξύμ-

193 2533 280 2549 πασαν
303 2525 350 2552 τὴν
383 2525 433 2549 ὑπὸ
467 2525 544 2559 φύσιν
567 2523 728 2560 ἐξητάσαμεν
755 2533 899 2557 κοινωνιαν,
920 2526 966 2553 τήν
991 2533 1020 2559 γε

193 2569 260 2594 κατὰ
280 2569 357 2604 φύσιν
371 2566 451 2594 οὖσαν
476 2578 521 2594 και
552 2569 668 2605 κράσεις.
690 2568 767 2594 Ἐστι
792 2566 822 2594 δὲ
838 2577 882 2593 και
903 2568 1019 2604 μάλιστα

229 2630 256 2656 ι.
273 2630 311 2657 De
326 2630 547 2658 communionis
559 2630 657 2657 modis
673 2630 725 2665 qui
740 2629 768 2657 in
780 2629 901 2658 homine
921 2630 1017 2658 consi-

193 2674 290 2701 derari
298 2677 420 2708 possunt
426 2675 498 2711 quid
507 2674 689 2702 sentiendum
697 2674 893 2702 sitostendere
899 2682 1019 2710 quoque

195 2718 283 2745 nobis
298 2726 396 2753 operae
411 2720 538 2755 pretium
552 2718 835 2751 videtur.Quoniam
845 2721 944 2746 autem
952 2719 1020 2747 hac-

195 2765 244 2794 ten
249 2770 283 2789 us
290 2763 458 2792 universam
466 2763 708 2791 communionem
714 2771 783 2799 quas
790 2765 833 2791 est
838 2763 894 2792 sub
901 2766 1018 2798 natura,

1073 2489 1112 2509 τις
1131 2480 1198 2514 ἔχων
1224 2479 1445 2515 σννηθροισμένας
1473 2478 1498 2504 ἐν
1524 2478 1605 2512 τάξει,
1634 2482 1670 2514 τῷ
1699 2478 1791 2508 ἀληθεῖ
1814 2486 1892 2516 σχοπῴ

1075 2523 1234 2559 ἐπακολουθῇ
1263 2534 1269 2539 -
1307 2533 1351 2549 και
1381 2522 1464 2553 οὕτως
1505 2523 1605 2560 ῥᾴστην
1643 2524 1699 2558 ἔχει
1735 2527 1784 2554 τὴν
1808 2525 1842 2556 είς
1865 2527 1892 2552 τά

1073 2569 1139 2604 μετά
1170 2572 1253 2593 ταῦτα
1291 2566 1515 2593 ἐπακολουθοῦσαν
1551 2571 1600 2592 τῶν
1623 2570 1761 2603 νοημάτων
1792 2569 1891 2599 κατάλη-

1073 2632 1134 2656 tam
1149 2629 1231 2656 illam
1247 2636 1315 2664 quas
1330 2628 1498 2656 secundum
1507 2630 1645 2655 naturam
1657 2631 1711 2662 est,
1732 2637 1824 2665 quam
1831 2638 1889 2666 qua:

1073 2674 1235 2702 secundum
1245 2673 1480 2709 temperationes,
1491 2672 1744 2707 investigavimus,
1753 2677 1797 2702 est
1805 2679 1888 2703 autem

1072 2719 1104 2746 in
1112 2719 1215 2755 primis
1222 2719 1425 2746 necessarium
1431 2717 1599 2746 secundum
1606 2719 1673 2753 conj
1678 2719 1832 2753 ugationes
1840 2720 1887 2748 hoc

1072 2763 1173 2799 ipsum
1181 2763 1403 2796 demonstrare,
1420 2765 1453 2790 ut
1465 2762 1592 2801 quilibet
1598 2762 1688 2790 simul
1697 2763 1804 2792 ordine
1815 2764 1887 2797 colle-
