1967 3080
51 109 134 138 1301

46 171 110 205 qm
140 169 291 201 δύσληπτον
322 173 376 206 καὶ,
407 170 558 200 συλλήϐδην
576 170 720 208 περιλαϐὼν
751 171 825 202 εἴπω,
850 170 894 194 τὸν

52 215 126 242 ὅλον
161 221 208 247 τῆς
239 217 415 252 πραγματείας
446 218 541 242 σκοπὸν
574 206 753 252 σπερματικῶς
783 213 891 250 ἀναμνην
910 206 1082 250 Αρούμεναι,
1111 211 1181 240 ἕκτος
1219 214 1266 240 τῆς
1312 207 1408 238 ἁπλῆς.

53 261 170 296 μονεύει
198 262 247 297 πρὸ
286 264 332 286 τοῦ
359 260 444 290 τέλους
479 264 523 290 τῆς
549 262 755 296 παραγματείαςι
775 259 832 294 ἔχει
866 256 896 284 δὲ

56 304 152 336 οὕτως
166 305 262 333 πάντα.
280 305 360 331 Έπτά
388 314 464 330 τινων
491 306 567 331 ὄντων
595 309 644 330 τῶν
669 303 693 330 ἐν
724 305 785 339 ἡμῖν
814 306 896 339 μερῶν

58 349 94 375 ἐκ
110 349 206 385 ψυχῆς
223 348 344 378 δηλονότι
371 351 416 376 καὶ
428 349 499 383 ὕλης,
515 350 562 376 οὐκ
583 350 685 377 ἰσότητι
715 357 782 374 πασι
814 347 897 372 ταῦτά

57 394 147 427 εἰσιν,
169 394 224 420 ἀλλ’
261 395 357 430 ἔχοντα
387 394 483 424 ἀνέσεις
509 396 554 420 καὶ
582 394 713 424 ἐπιτάσεις
734 392 758 418 ἐν
779 394 894 428 ατόμοις,

56 438 138 465 αὐτὰ
152 438 177 464 ἔν
191 441 265 475 τρισὶ
283 441 328 465 καὶ
356 438 421 465 δέκα
452 439 590 474 συζυγίαις
609 438 769 475 μερίζονται,
799 437 827 463 αἱ
851 439 897 463 καὶ

58 487 122 514 τοῖς
156 486 260 520 μέρεσιν
310 482 508 520 ἀριθμηθεῖσαι,
567 482 704 512 ἐννήκοντα
756 483 819 519 πρὸς
865 485 895 510 τῆ

60 526 164 565 τριάδι
182 530 326 563 γίγνονται·
351 526 514 564 διαιροῦνται
540 526 569 554 δὲ
596 528 674 553 αὗται
700 526 736 558 εἰς
768 528 899 562 τέσσαρας

60 572 156 604 τάξεις
173 571 222 598 ἀνα
244 576 312 608 τρεῖς
341 573 418 599 οὖσαι
433 575 482 609 μία
496 572 607 606 ἑκάστη,
619 572 652 597 ὢν
681 575 730 608 μία
747 573 792 608 μὲν
818 570 898 604 ἁπλῆ,

64 618 99 642 αἱ
113 615 139 643 δ’
152 616 228 643 ἄλλαι
238 616 384 643 ἐλλείπουσι
409 627 436 643 τε
457 619 502 643 καὶ
538 617 716 650 ἐπιτείνονται,
746 618 791 642 καὶ
823 619 899 642 τοῦτο

65 659 109 688 δι’
140 661 204 687 ὅλων
227 661 321 689 αὐτῶν.
355 664 406 688 Καὶ
428 661 494 691 ἁπλῆ
523 663 567 698 μὲν
599 661 642 687 οὗν
676 661 746 688 ἔστιν
772 663 828 692 ἥτις
855 664 900 687 καὶ

65 708 140 742 μόνη
156 705 237 739 ἐστὶν,
253 707 267 735 ἠ
293 705 380 737 ἔξίσου
408 708 451 732 καὶ
478 708 511 732 τα
532 706 597 732 ἑπτὰ
624 707 736 741 ἔχουσα,
768 706 819 732 οἷον
844 707 901 732 τὸα

66 750 90 787 β
107 761 136 786 γ,
162 760 208 776 και
235 749 308 782 οὖθις
335 753 364 777 τὸ
390 761 401 778 ε
429 753 444 783 ζ
473 761 488 780 η
513 752 536 777 θ·
563 750 682 781 ἐπίτασις
709 752 760 787 γὰρ
783 750 807 776 ἐν
833 751 898 780 αὐτῆ

65 795 121 821 οὐκ
145 796 216 821 ἔστιν
237 796 291 821 οὔτ’
317 796 412 828 ἄνεσις,
439 799 496 826 ταῖς
525 794 554 822 δὲ
582 796 647 832 μετὰ
680 796 778 824 ταύτην
802 795 901 826 πάσαις

62 849 116 866 και
157 839 289 870 ἐπιτάσεις
320 840 484 876 εὑρίσκονται
523 850 569 866 και
603 839 712 870 ἀνέσεις.
755 841 803 866 Διὰ
825 843 901 866 τοῦτο

63 894 117 910 και
141 884 178 915 εἰς
200 884 298 915 πλῆθος
333 888 364 914 τῆ
395 889 445 910 τῶν
487 885 646 920 μεταθέσεων
687 888 820 921 προχωρεῖ
848 893 900 910 κοια
920 877 1084 910 Βταθέσιως
1124 877 1229 909 ἐναλλὰξ

65 930 161 964 νωνίᾳ·
192 929 253 954 ὅταν
289 930 340 965 γὰρ
362 929 375 954 ὁ
401 930 535 965 καθαρμὸς
559 928 583 954 ἒν
611 928 714 958 ἰσότητι
736 930 766 954 τὸ
793 938 809 954 α
834 927 852 964 β
884 938 901 964 γ

65 975 123 1009 ἕχῇ
143 983 188 1000 και
203 975 233 999 τὸ
269 983 280 1000 ι
319 975 333 1005 ζ
359 983 375 1003 η
401 974 425 1007 θ,
466 972 692 1002 διπλασιασθῆναι
728 973 757 999 οὐ
792 971 903 1003 δύνηται

66 1018 142 1044 κατά
156 1027 186 1054 γε
213 1016 374 1055 ἰδιοτροπίαν
403 1019 471 1053 τινὰ,
497 1017 519 1044 εἰ
542 1020 577 1054 μή
606 1018 646 1043 ὃτι
669 1018 703 1048 ὡς
734 1018 830 1054 ἄτομον
858 1026 903 1045 και

68 1063 166 1098 μονὰς,
195 1071 240 1088 και
264 1061 338 1088 ἄλλον
359 1062 493 1099 καθαρμὸν
517 1061 566 1093 ἔξει
591 1062 687 1098 ὅμοιον,
712 1066 745 1087 ῶν
777 1063 825 1088 οὐκ
846 1063 904 1089 ἔστι

69 1105 210 1142 διαιφορά.
227 1105 309 1132 Ὀταν
336 1104 365 1132 δὲ
397 1107 529 1142 ὑφειμένον
555 1107 581 1132 ἓν
607 1107 658 1141 ἐχη
683 1110 732 1132 τῶν
755 1109 903 1144 γραφέντων

73 1153 214 1186 στοιχείων
238 1151 251 1177 ὁ
274 1151 369 1188 ἔτερος,
393 1150 535 1187 ἐξανάγκης
554 1153 644 1187 πρόσω
671 1152 729 1187 ἔχει
759 1153 792 1177 τὰ
817 1152 900 1189 ἔτερα,

71 1206 121 1222 και
144 1194 198 1224 ἤδη
229 1194 345 1233 διαφέρει
373 1196 504 1232 καθαρμὸς
524 1199 570 1221 τοῦ
596 1196 742 1232 καθαρμοῦ,
776 1206 821 1222 και
845 1198 902 1223 τού-

70 1251 120 1267 του
147 1241 292 1276 γινομένου,
326 1244 371 1266 τοῦ
402 1241 588 1276 μετατίθεσθαι
627 1241 685 1266 καθ’

76 1288 202 1320 στοιχεῖα
237 1294 282 1310 και
315 1284 459 1317 ἐπιτάσεις,

733 1241 836 1276 ὑφέσεις
869 1243 902 1267 τὰ

499 1282 673 1320 τρισκαίδεκα
715 1287 800 1310 πᾶσαι
841 1287 915 1320 γενή-

72 1336 138 1361 ctas
150 1332 266 1360 habens
279 1341 383 1361 verum
398 1340 525 1368 scopum
540 1335 729 1368 assequatur,
746 1336 818 1361 etut
836 1333 905 1361 faci-
919 1341 940 1367 c

72 1377 134 1406 lem
146 1377 258 1405 habeat
272 1377 413 1412 deinceps
430 1377 644 1404 sententiarum
664 1378 904 1413 comprehensio-

72 1430 144 1450 nem
159 1421 270 1457 alioqui
298 1421 460 1455 difﬁcilem,
472 1421 648 1449 summatim
658 1421 904 1457 complectamur,

73 1470 103 1495 et
117 1466 203 1502 quasi
219 1468 383 1494 sementem
396 1466 538 1494 facientes
557 1466 730 1494 universum
744 1467 833 1502 hujus
851 1469 907 1494 tra-

73 1510 213 1539 ctationis
227 1518 353 1547 scopum
369 1513 530 1546 antequam
543 1510 752 1546 perveniamus
764 1511 803 1538 ad
813 1511 907 1539 ﬁnem

72 1555 168 1591 ipsius
179 1555 362 1583 tractationis
373 1562 656 1582 commemoremus.
673 1555 716 1583 Ita
729 1563 800 1583 vero
811 1564 841 1583 se
853 1555 910 1585 ha.

73 1600 147 1628 bent
155 1599 268 1628 omnia.
281 1600 354 1628 Cum
368 1599 427 1627 sint
437 1599 466 1626 in
478 1599 565 1626 nobis
577 1601 677 1634 partes
688 1600 830 1635 quadam
851 1608 908 1628 nu-

75 1652 161 1672 mero
173 1646 297 1679 septem,
314 1651 350 1671 ex
369 1643 472 1671 anima
486 1643 623 1671 videlicet
637 1646 662 1671 et
687 1645 821 1679 materia,
848 1652 907 1672 non

75 1688 221 1717 omnibus
234 1688 291 1716 illae
302 1688 404 1716 insunt
412 1687 575 1723 aequaliter,
587 1688 639 1715 sed
646 1688 674 1716 in
687 1688 909 1717 individuisha-

74 1733 150 1761 bent
161 1733 345 1760 intensiones
355 1740 390 1760 ac
401 1732 603 1760 remissiones.
614 1732 645 1759 In
665 1732 808 1760 tredecim
821 1741 909 1769 porro

76 1777 236 1806 ordinibus
250 1778 286 1811 (4)
301 1776 469 1804 distributio
484 1777 625 1810 consistit,
644 1785 774 1813 quorum
786 1777 909 1813 quidem

76 1822 220 1850 ordinum
239 1823 340 1857 partes
349 1823 523 1854 numeratae,
543 1821 709 1855 nonaginta
735 1824 791 1849 tres
819 1817 910 1850 simul

77 1866 234 1894 exsistunt.
253 1865 472 1893 Distribuuntur
495 1868 593 1893 autem
609 1873 713 1892 rursus
727 1866 756 1893 in
779 1868 909 1902 quatuor

75 1911 208 1945 ordines,
220 1910 260 1938 ita
274 1913 305 1938 ut
318 1910 524 1946 unusquisque
534 1910 608 1938 ordo
620 1910 731 1938 circiter
744 1913 801 1937 tres
808 1913 906 1946 partes

76 1955 196 1990 habeat,
209 1962 340 1990 quarum
354 1963 414 1982 una
427 1954 549 1991 quidem
565 1958 607 1982 est
616 1954 751 1990 simplex,
766 1954 828 1982 alite
836 1963 905 1983 vero

76 2000 271 2044 remittuntur
293 2007 328 2026 ac
367 1999 559 2035 intenduntur
582 1999 665 2026 omni
688 2008 725 2027 ex
746 2002 839 2035 parte.
864 2003 904 2028 Ac
922 2018 942 2044 υ

77 2044 207 2080 simplex
223 2043 345 2080 quidem
357 2046 400 2071 est
412 2052 479 2080 quae
490 2044 579 2072 etiam
602 2043 666 2072 sola.
692 2047 745 2075 est.
773 2044 904 2080 aequales

76 2088 215 2118 videlicet
231 2092 342 2124 septem
361 2091 459 2124 partes
473 2088 589 2116 habens
606 2096 734 2124 ;nempe
750 2096 768 2117 a
796 2089 812 2116 b
835 2097 850 2116 σ
878 2091 907 2116 et

76 2136 223 2170 praeterea
237 2141 252 2161 ε
263 2133 310 2168 fg
327 2133 355 2160 Ιι.
374 2134 441 2160 Haec
456 2133 536 2160 enim
551 2133 722 2168 conjugatio
753 2141 850 2169 neque
863 2134 907 2161 in-

78 2178 243 2206 tensionem
263 2185 359 2213 neque
379 2177 585 2205 remissionem
598 2178 728 2213 suscipit.
746 2180 775 2204 In
787 2177 908 2214 reliquis

79 2226 180 2250 autem
195 2222 389 2257 sequentibus
405 2222 591 2258 reperiuntur
605 2222 787 2250 intensiones
815 2225 842 2249 et
865 2230 909 2249 re-

81 2270 249 2298 missiones.
265 2269 375 2296 ldcirco
385 2269 474 2296 etiam
490 2267 669 2304 multiplices
685 2267 818 2295 evadunt
842 2274 910 2302 pror

79 2319 143 2352 pter
172 2314 434 2350 transposrtionem
465 2312 696 2340 communionis.
721 2312 793 2339 Cum
826 2312 906 2339 enim

79 2359 219 2396 purgatio
235 2358 387 2395 aequaliter
402 2366 420 2385 a
437 2358 452 2385 b
468 2365 484 2385 ι’
500 2357 591 2385 habet
609 2360 636 2384 et
651 2357 720 2392 efg
733 2356 762 2389 h,
788 2355 906 2392 duplari

80 2412 139 2432 non
152 2406 250 2440 potest
263 2403 427 2431 secundum
443 2402 653 2438 proprietatem
670 2401 836 2436 quamdam
850 2401 907 2428 sin-

80 2450 430 2485 gularem,praaterquam
438 2446 518 2482 quod
530 2449 674 2482 tanquam
682 2445 869 2473 individuum
878 2447 906 2472 et

80 2494 178 2521 unitas
189 2493 278 2520 etiam
294 2491 502 2528 purgationem
519 2491 646 2517 similem
674 2490 805 2524 habebit,
832 2497 903 2526 qua-

79 2547 144 2566 rum
162 2545 221 2565 non
235 2540 278 2564 est
290 2536 468 2564 differentia.
489 2537 560 2562 Cum
572 2537 670 2562 autem
692 2535 905 2570 purgationum

79 2582 172 2610 altera
193 2589 286 2608 unum
317 2588 352 2608 ex
386 2579 539 2607 elementis
564 2579 719 2615 descriptis
747 2580 905 2606 remissum

80 2627 179 2659 habet,
198 2625 364 2653 necessario
380 2625 419 2652 ab
430 2624 494 2652 aliis
509 2624 700 2658 distinguitur
725 2625 755 2651 ut
783 2623 905 2650 diversis

477 107 654 137 THEODORI
669 108 693 135 II
709 108 779 136 IMP.
793 107 838 133 DE
857 103 1089 134 COMMUNIONE
1103 100 1292 129 NA’I‘URALI.

1705 93 1774 121 1302

949 177 1039 193 σονται
1066 168 1203 201 συζυγίαι,
1230 164 1451 197 ἐννενηκονταχῶς
1478 161 1544 196 πρὸς
1567 159 1601 184 τὰ
1625 156 1673 184 δύο
1702 154 1775 182 διαι-

1461 207 1511 232 Kal
1538 206 1627 240 πρώτη
1655 203 1699 239 μὲν
1730 199 1775 228 οὖν

950 258 1051 288 πάντως
1065 256 1163 284 ἐστὶνὴ
1179 254 1259 287 ἁπλῆ,
1281 251 1334 280 εἶτα
1362 253 1396 282 ὡς
1424 250 1448 276 ἒ)
1475 249 1546 279 τάξει
1574 249 1602 274 αἱ
1625 247 1689 282 μετά
1715 247 1776 272 ταύ-

951 311 1008 330 την·
1035 299 1143 336 δευτέρα
1170 298 1200 326 δὲ
1229 298 1301 329 τάξις
1325 301 1374 323 τῶν
1397 295 1529 330 συζυγιῶν
1554 293 1569 321 ἠ
1595 292 1628 317 τὰ
1648 293 1709 328 τρία
1731 292 1777 317 καὶ

951 349 1011 383 τρία
1027 335 1138 382 ἔχουσα,
1149 345 1184 370 τὰ
1197 345 1241 380 μὲν
1255 353 1272 368 α
1289 341 1307 378 β
1322 352 1338 377 γ
1362 341 1458 371 πάντα,
1483 342 1532 364 τῶν
1547 335 1576 363 δὲ
1592 346 1602 362 ε
1615 336 1631 366 ζ
1658 345 1673 364 η
1705 336 1718 361 θ
1744 335 1777 360 τὰ

951 394 1021 428 τρία,
1047 391 1181 426 ὑφειμένου
1209 391 1256 414 τοῦ
1285 386 1337 417 ἐνὸς
1363 384 1495 417 δηλονότι,
1532 380 1641 407 ὧντινων
1679 389 1689 406 ε
1716 379 1732 408 ζ
1760 388 1776 407 η

953 425 971 462 θ’
993 437 1039 464 τὴν
1069 425 1164 470 νῦφεσιν
1219 430 1324 462 ἐναλλὰξ
1378 430 1480 464 θέμενος
1517 427 1619 462 εὑρήσω
1653 425 1778 470 τέτταρας

954 466 1128 515 συζυγίαιςά
1168 466 1778 515 βγιζηαβγζηθαγβγ

953 535 969 554 η
996 525 1008 550 θ
1039 533 1049 550 ε
1084 533 1100 549 α
1128 521 1146 558 β
1174 532 1190 557 γ
1215 530 1226 547 ε
1251 521 1264 546 θ
1291 519 1307 550 ζ
1333 518 1360 544 αἱ
1387 516 1543 553 διαφέρουσι
1568 518 1599 544 τῆ
1629 514 1778 550 μεταθέσει.

955 570 1029 597 [mea
1054 569 1104 604 γὰρ
1129 568 1143 596 ἠ
1164 569 1254 603 πρώτη
1282 566 1346 602 πρὸς
1381 565 1427 592 τὴν
1455 560 1587 597 δευτέραν,
1617 560 1632 588 ἦ
1661 559 1676 587 ἡ
1703 559 1776 604 τρίτη

953 616 1018 651 πρὸς
1040 603 1093 642 τὴν
1113 613 1238 646 ὐτάστην,
1264 609 1332 636 οὕτω
1356 607 1390 638 δὴ
1417 609 1463 633 καὶ
1486 607 1515 631 τὸ
1544 604 1571 631 ἐκ
1597 608 1642 634 τῆς
1666 603 1781 632 ὑστάτης

953 649 1046 696 κραθὲν
1069 657 1165 691 ἄτομον
1198 656 1264 691 πρὸς
1293 655 1321 680 τὸ
1348 652 1375 679 ἐκ
1400 655 1449 681 τῆς
1476 652 1582 687 πρώτης
1607 657 1635 674 τε
1665 649 1709 673 καὶ
1734 650 1781 696 τῆς

953 688 1054 740 τρίτης,
1080 702 1124 726 καὶ
1157 703 1233 725 τοῦτο
1263 702 1314 725 τῶν
1346 697 1473 732 τεττάρων
1515 694 1609 720 κοινόν.
1642 692 1716 718 Μετὰ
1751 688 1781 717 δὲ

954 733 1052 775 ταύτην
1075 747 1150 782 τρίτη
1190 743 1264 775 τάξις
1299 746 1348 768 τῶν
1390 740 1521 775 σνζυγιῶν
1545 740 1560 767 ἡ
1588 738 1621 762 τὸι
1650 745 1713 773 τρια
1732 733 1781 761 δύο

955 793 1068 828 ἔχουσα,
1142 791 1186 826 μὲν
1211 798 1228 814 α
1251 787 1269 824 β
1289 798 1306 823 γ
1333 787 1427 820 πάντα,
1453 788 1503 811 τῶν
1532 781 1561 808 δὲ
1589 791 1600 808 ε
1629 781 1645 812 ζ
1665 791 1680 811 η
1709 781 1723 807 θ
1749 781 1783 806 τὰ

956 835 1016 870 δύο,
1029 839 1079 862 τῶν
1102 833 1150 860 δύο
1180 833 1270 870 ὕφεσιν
1296 833 1466 867 πασχόντων,
1491 829 1567 855 ἅτινα
1595 825 1642 853 διὰ
1669 830 1717 857 τῆς
1741 835 1783 861 με-

1282 886 1343 905 ποιη
1348 875 1457 912 σὰμενος
1509 874 1611 910 εὑρήσω
1654 870 1782 906 συζυγίαν

960 914 1782 958 θέσειτελείαναβγεζαβγξηαβγη

960 957 1677 1005 θαβγθεαβγιααβγζθαῖ
1720 957 1784 1005 δια-

959 1015 1066 1050 φέρουσι
1092 1015 1123 1040 τῆ
1163 1009 1310 1046 μεταθέσει,
1352 1008 1428 1035 Καθὰ
1463 1007 1514 1043 γὰρ
1557 1005 1572 1034 ἠ
1605 1006 1697 1050 πρώτη
1721 1004 1785 1050 πρρς

958 1044 1004 1086 τὴιν
1021 1055 1153 1094 δευτέραν,
1168 1057 1183 1083 ἧ
1202 1056 1217 1084 ἡ
1232 1056 1307 1090 τρίτη
1331 1054 1394 1089 πρὸς
1423 1053 1470 1081 τὴν
1499 1050 1625 1082 ὑστάτην,
1654 1047 1721 1074 οὔτω
1748 1044 1783 1076 δὴ

957 1104 1002 1128 καὶ
1031 1103 1060 1127 τὸ
1093 1091 1122 1126 ἐκ
1153 1104 1201 1130 τῆς
1223 1099 1340 1129 ὑστάτης
1365 1097 1459 1134 κραθὲν
1495 1096 1590 1131 ἄτομον
1613 1095 1678 1131 πρὸς
1702 1093 1732 1118 τὸ
1757 1091 1785 1118 ἐκ

957 1150 1003 1177 τῆς
1025 1155 1130 1184 πρώτης
1173 1154 1201 1171 τε
1242 1145 1287 1170 καὶ
1321 1146 1372 1169 τῶν
1412 1140 1502 1178 ἐφεξῆς
1535 1141 1581 1170 ἓως
1601 1139 1708 1173 ταύτης,
1739 1138 1785 1162 καὶ

956 1195 1034 1218 τοῦτο
1059 1191 1144 1216 κοινὸν
1180 1191 1225 1215 καὶ
1257 1192 1308 1215 τῶν
1333 1187 1369 1219 ἕξ.
1396 1187 1468 1213 Μετὰ
1491 1182 1520 1211 δὲ
1547 1185 1645 1212 ταὺτην
1673 1182 1784 1219 τετάρτη

956 1235 1026 1267 τὰξις
1040 1239 1090 1262 τῶν
1105 1234 1262 1270 συζυγιῶνή
1287 1233 1319 1258 τὰ
1341 1233 1401 1268 τρία
1424 1232 1469 1256 καὶ
1499 1231 1523 1255 ἕν
1548 1229 1659 1264 ἔχουσα,
1685 1227 1718 1253 τὰ
1740 1227 1785 1263 μὶν

957 1293 973 1308 α
998 1281 1016 1318 β
1037 1293 1054 1318 γ
1076 1280 1170 1312 πάντα,
1186 1282 1234 1304 τῶν
1251 1275 1280 1303 δε
1305 1287 1315 1303 ε
1344 1276 1360 1306 ζ
1375 1285 1390 1304 η
1417 1275 1430 1301 θ
1452 1275 1522 1300 τὸὲν
1551 1276 1600 1299 τῶν
1623 1275 1699 1308 τριῶν
1723 1274 1787 1307 ὑφε-

960 1332 1111 1366 deinceps.
1127 1330 1254 1363 Jamque
1265 1325 1364 1354 differt
1395 1323 1534 1361 purgatio
1558 1330 1577 1350 a
1602 1320 1781 1366 purgatione

961 1380 1055 1412 Atque
1065 1364 1123 1402 hoc
1140 1372 1232 1400 modo
1247 1369 1434 1406 transpositis
1448 1366 1602 1396 elementis
1619 1364 1788 1394 secundum

960 1410 1150 1450 remissiones
1163 1424 1198 1444 ac
1212 1414 1408 1447 intensiones,
1424 1411 1565 1440 tredecim
1578 1410 1703 1439 omnino
1717 1417 1788 1438 con-

960 1465 1130 1502 jugationes
1136 1463 1174 1497 (2)
1183 1461 1324 1488 exsistant
1329 1466 1397 1495 quae
1403 1455 1614 1485 dividunturin
1623 1454 1789 1489 nonaginta

962 1501 1039 1539 duas
1065 1507 1188 1544 simplici
1214 1505 1265 1534 illa
1287 1503 1499 1540 conjugatione
1519 1508 1580 1529 non
1612 1501 1784 1544 numerata.

963 1555 1061 1583 Prima
1072 1542 1161 1588 igitur
1170 1549 1308 1579 omnium
1326 1550 1370 1575 est
1381 1546 1430 1575 illa
1449 1544 1585 1581 simplex.
1602 1542 1714 1588 Deinde
1739 1550 1788 1570 or-

963 1600 1032 1627 dine
1041 1587 1109 1634 quae
1121 1595 1299 1632 sequuntur.
1312 1594 1401 1621 Porro
1408 1589 1654 1626 conjugationum
1663 1587 1737 1615 ordo
1744 1595 1788 1615 se-

964 1631 1080 1672 cundus
1095 1643 1139 1670 est
1157 1631 1208 1676 qui
1218 1638 1276 1666 tria
1289 1639 1318 1665 et
1329 1636 1385 1664 tria
1405 1635 1522 1663 habeta
1534 1633 1549 1660 b
1564 1631 1711 1668 equidem
1726 1639 1790 1659 om-

964 1689 1023 1722 nia,
1039 1687 1092 1715 sed
1106 1685 1162 1714 tria
1169 1675 1208 1712 ex
1222 1691 1237 1712 e
1246 1683 1266 1718 f
1276 1682 1296 1710 h
1308 1681 1338 1714 Ιι,
1349 1680 1500 1708 subtracto
1508 1676 1645 1706 videlicet
1654 1683 1715 1704 uno
1725 1675 1788 1712 qui-

963 1734 1022 1762 bus
1042 1733 1172 1768 quatuor
1185 1737 1200 1757 e
1212 1728 1229 1764 f
1240 1736 1259 1763 g
1275 1727 1295 1755 h
1313 1725 1444 1753 vicissim
1470 1722 1639 1754 subtractis,
1659 1722 1789 1768 quatuor

965 1778 1030 1813 conj
1037 1765 1369 1811 dgatlonesreperiama
1381 1770 1398 1797 b
1408 1769 1492 1804 cefg
1512 1767 1517 1804 1
1541 1767 1582 1794 ab
1596 1765 1707 1813 οἴαξι]
1723 1773 1742 1794 a
1751 1765 1789 1813 bc

964 1832 982 1858 g
990 1810 1030 1851 he
1046 1822 1049 1856 |
1059 1810 1083 1849 7a
1092 1821 1108 1848 b
1115 1828 1130 1848 c
1136 1828 1150 1848 e
1157 1819 1276 1855 hf,quae
1283 1816 1401 1853 quidem
1409 1813 1639 1858 transpositione
1649 1810 1790 1858 diﬂ'erunt

962 1855 1094 1895 interse.
1111 1865 1145 1892 Et
1155 1866 1188 1892 ut
1202 1862 1300 1890 differt
1314 1860 1411 1896 prima
1423 1866 1441 1886 ο.
1454 1857 1598 1889 secunda,
1611 1863 1646 1883 ac
1668 1855 1756 1883 tertia
1770 1863 1790 1883 a

961 1913 1125 1948 postrema.
1138 1909 1178 1936 sic
1189 1906 1377 1935 individuum
1386 1904 1584 1939 temperatum
1595 1909 1631 1929 ex
1637 1901 1789 1936 postrema

960 1946 999 1984 ab
1015 1955 1066 1982 illo
1082 1953 1165 1990 quod
1180 1955 1225 1980 est
1237 1959 1273 1979 ex
1287 1950 1385 1987 prima
1414 1950 1441 1975 et
1467 1946 1551 1975 tertia
1577 1946 1787 1990 temperatum.

959 2003 1054 2035 Atque
1063 1988 1145 2026 hunc
1160 1996 1322 2025 secundum
1336 1993 1474 2022 ordinem
1486 1990 1678 2027 consequitur
1687 1988 1791 2023 conju-

960 2033 1112 2079 gationum
1119 2042 1193 2071 ordo
1202 2041 1317 2073 tertius,
1324 2038 1377 2076 qui
1383 2037 1438 2066 tria
1444 2039 1472 2065 et
1482 2036 1543 2064 duo
1553 2035 1653 2063 habet:
1665 2042 1684 2062 a
1693 2042 1708 2061 ι·
1715 2041 1734 2079 α
1744 2033 1760 2060 b
1769 2041 1790 2079 rc

960 2088 1082 2125 quidem
1098 2086 1232 2119 omnino,
1249 2085 1302 2112 sed
1316 2092 1350 2112 ex
1366 2083 1408 2118 ef
1418 2091 1437 2117 g
1453 2082 1473 2110 h
1483 2081 1554 2115 duo,
1568 2079 1688 2108 duobus
1701 2078 1789 2106 nimi-

960 2124 1027 2161 rum
1039 2131 1169 2168 demptis
1178 2132 1205 2158 et
1213 2128 1380 2163 subtractis,
1392 2127 1502 2163 quibus
1512 2124 1642 2153 vicissim
1651 2125 1789 2168 transpo-

962 2177 1026 2205 sitis
1036 2167 1180 2212 reperiam
1190 2173 1432 2209 conjugationem
1441 2170 1539 2207 positu
1545 2168 1705 2206 perfectam
1713 2175 1732 2195 α
1741 2167 1757 2194 b
1773 2175 1789 2195 c

962 2222 1018 2257 ef]
1035 2221 1152 2255 abcfg
1168 2219 1173 2255 l
1190 2217 1316 2252 abc.gh
1332 2217 1337 2252 1
1353 2216 1478 2244 abc.he
1493 2216 1497 2250 Ι
1514 2215 1628 2248 abc.eg
1646 2214 1650 2248 Ι
1667 2212 1789 2257 alie/lt

963 2256 1029 2302 quae
1048 2264 1190 2293 differunt
1205 2260 1445 2298 transpOsitione.
1459 2260 1531 2286 Etut
1550 2258 1648 2294 prima
1664 2256 1790 2302 difierta

962 2301 1103 2341 secunda,
1116 2311 1143 2336 et
1153 2307 1261 2335 tertiaa
1270 2307 1432 2342 postrema,
1444 2303 1484 2331 ita
1498 2303 1587 2331 etiam
1597 2301 1787 2330 individuum

961 2363 996 2383 ex
1010 2356 1162 2390 postrema
1177 2353 1374 2387 temperatum
1388 2349 1427 2377 ab
1441 2348 1491 2376 illo
1501 2347 1585 2384 quod
1606 2350 1650 2375 est
1677 2348 1788 2382 tempe-

960 2402 1058 2428 ratum
1068 2401 1097 2426 et
1106 2397 1268 2426 conﬂatum
1280 2403 1316 2424 ex
1326 2394 1423 2432 prima
1433 2396 1462 2422 et
1472 2392 1592 2428 reliquis
1598 2392 1740 2427 deinceps
1749 2390 1788 2418 ad

959 2445 1038 2472 hanc
1054 2446 1226 2479 postreman
1241 2440 1452 2476 usque.Atque
1479 2437 1537 2465 hoc
1558 2443 1720 2464 commune
1744 2438 1789 2463 est

961 2488 1059 2516 trium.
1073 2489 1156 2515 Hunc
1164 2486 1282 2514 tertium
1292 2486 1415 2521 quartus
1427 2482 1502 2510 ordo
1516 2480 1708 2516 consequitur
1735 2480 1788 2516 qui

960 2533 1051 2560 triaet
1058 2540 1151 2559 unum
1159 2531 1249 2558 habet
1255 2538 1273 2558 a
1281 2537 1296 2557 c
1303 2537 1321 2557 a
1329 2529 1345 2556 b
1352 2527 1495 2564 equidem
1502 2524 1627 2553 omnino
1636 2526 1665 2552 et
1672 2524 1787 2561 absque

959 2577 1021 2604 ulla
1032 2574 1245 2610 subtractione=
1259 2574 1313 2602 sed
1321 2580 1416 2600 unum
1426 2579 1463 2599 ex
1480 2578 1496 2599 e
1509 2570 1530 2597 d
1539 2577 1554 2598 e
1565 2571 1588 2605 Γ,
1599 2568 1693 2596 tribus
1701 2568 1787 2597 nimi-

959 2630 1025 2650 rum
1043 2620 1213 2651 subtractis,
1225 2619 1336 2655 quibus
1355 2616 1482 2644 vicissim
1503 2613 1690 2650 transpositis
1704 2621 1787 2649 repe-

114 2672 153 2707 (t)
170 2672 262 2697 Locus
278 2669 478 2707 perobscurus
489 2670 609 2704 propter
632 2667 890 2707 co_nfusionem__dr

1009 2672 1122 2707 locum,
1142 2671 1250 2707 nempe
1275 2663 1402 2707 συΞυ-γίςις
1416 2663 1460 2687 καὶ
1472 2660 1577 2707 idem.
1589 2660 1785 2707 Cgtiarum‘ft

81 2695 502 2742 explicaremusretinuimus
519 2695 622 2730 vocem
639 2702 743 2742 τάξεως,
773 2702 857 2730 Habit

1008 2700 1105 2742 simiai!»
1115 2695 1222 2736 partes
1233 2695 1422 2735 appellantur
1438 2697 1564 2732 συζυγίαι
1580 2703 1588 2728 ;
1610 2696 1700 2730 atque
1727 2695 1784 2721 tre-

81 2738 177 2771 decim
192 2741 312 2769 ordines
324 2743 460 2776 respectu
472 2743 601 2776 quatuor
608 2739 755 2776 ordinum
769 2742 856 2766 erunt
870 2738 968 2773 potius
982 2738 1119 2776 συζυγίαι,

117 2779 156 2814 (2)
171 2777 224 2804 Hic
243 2784 347 2804 rursus
362 2771 584 2812 cbnjura'tiones
597 2775 737 2802 dicuntur
755 2771 893 2811 respectu
909 2775 1039 2809 quatuor
1053 2771 1204 2800 ordinum.
