1967 3080
169 95 180 122 i
186 93 237 122 303

929 88 999 118 Λῦῠ
1003 88 1071 118 ΕΝΙ)
1076 89 1095 117 Α
1100 109 1106 117 .

1839 88 1919 116 1³04

171 165 213 183 σιν
241 154 410 190 πασχόντων,
439 151 516 178 ἅτινα
560 149 607 178 διὰ
633 155 682 182 τῆς
709 152 869 188 μεταθέσεως
897 151 1183 184 ἐναλλὰξΑταθέσιως
1203 150 1340 188 βαίσουσα
1374 151 1392 188 β
1416 162 1433 188 γ
1458 162 1470 179 ι
1496 152 1513 183 ζ
1537 161 1552 182 η
1581 153 1595 179 θ
1629 151 1648 190 β
1681 162 1697 189 γ
1732 161 1743 179 ι
1774 151 1794 183 ζ
1834 161 1858 181 η
1906 150 1922 186 ᾖ

169 202 220 231 est;
251 201 354 238 εὑρήσω
383 200 509 234 τέτταρας
538 197 668 233 συζυγίας
697 206 714 224 α
743 196 761 234 β
793 207 810 233 7
842 207 853 224 ι
885 207 901 223 α
928 196 946 234 β
979 207 996 233 7

170 246 188 278 ζ
216 255 233 272 α
262 244 280 282 β
310 254 326 279 γ
352 253 367 273 η
399 253 417 269 α
444 241 462 278 β
499 252 516 278 7
540 242 553 269 6
581 242 608 268 αῖ
636 240 791 280 διαφέρουσι
830 245 861 278 τῇ
891 242 997 278 μεταθέη

171 300 223 319 σει,
268 289 343 315 Καθὰ
367 288 418 324 γὰρ
456 287 471 316 ἠ
499 289 588 324 πρώτη
615 288 679 324 πρὸς
708 289 754 316 τὴν
780 285 912 324 δευτέραν,
942 287 957 316 ἢ
980 288 995 316 ἠ

169 337 244 376 τρίτη
279 343 343 370 προς
385 334 431 361 τὴν
456 332 581 364 ὑστάτην,
616 331 682 358 οὕτω
711 330 744 361 δὴ
777 334 821 358 καὶ
847 333 877 358 τὸ
901 331 928 357 ἔκ
952 335 999 362 τῆς

170 380 288 410 ὑστάτης
317 378 409 415 κραθὲν
435 377 530 412 ἄτομον
563 378 628 413 πρὸς
655 378 684 402 τὸ
708 375 736 402 ἐκ
767 380 816 407 τῆς
842 379 946 414 πρώτης
970 385 998 403 τι

170 427 276 456 καὶτῆς
289 425 389 460 τρίτης,
411 423 454 448 καὶ
482 424 557 447 τοῦτο
572 425 621 447 τῶν
652 422 779 457 τεττάρων
806 424 900 451 κοινόν,
926 423 999 449 Μετὰ

173 468 203 497 δὲ
221 470 317 498 ταύτην
342 469 388 497 την
414 466 487 498 τάξιν
502 466 575 505 ἑτέρα
596 466 668 498 τάξις
687 471 736 492 τῶν
766 467 908 502 συζυγιῶν,
930 471 999 503 τρεῖς

173 517 218 542 καὶ
237 514 302 543 αὕτη
321 514 423 549 ἔχουσα
436 511 532 544 τάξεις,
567 512 609 542 αἶς
637 510 691 537 ἔστι
718 514 768 537 τῶν
792 513 926 550 τεσσάρων
953 513 998 547 μὲν

176 560 222 586 σὺν
237 559 325 595 ὑφέσει
341 556 464 592 musa/ui
494 556 540 587 ἕως
570 553 678 589 δυάδος,
698 560 748 581 τῶν
778 554 808 582 δὲ
834 560 911 593 τριῶν
942 557 999 592 ὕφι-

175 613 216 633 σις
245 604 289 639 μὲν
315 605 361 628 τοῦ
381 601 441 637 ἐνὸς,
469 604 518 626 τῶν
548 598 577 627 ὃὶ
601 598 650 626 δύο
675 599 799 636 ἐναλλαγή
829 603 873 626 καὶ
902 601 998 631 ἰσότης.

175 647 209 678 Αἱ
241 647 336 679 τάξεων
361 645 445 677 τάξεις
473 647 518 671 καὶ
547 646 683 681 συζυγίαι,
704 646 730 671 αἱ
757 646 789 671 τὰ
818 643 866 672 δὺο
899 647 943 682 μὲν
974 644 1001 671 ἔκ

174 696 252 730 τριῶν
277 693 400 728 ἔχουσαι,
417 690 443 717 ὲκ
466 688 496 717 δὲ
519 693 568 716 τῶν
597 691 731 728 τεσσάρων
754 691 787 716 τὰ
814 692 940 728 τέσσαρα,
970 691 1002 716 τὰ

175 740 247 777 τρία,
285 737 319 763 τὰ
345 734 404 769 δύο,
434 735 465 766 ἃς
499 732 545 761 διὰ
573 738 623 761 τῶν
650 736 809 771 μεταθέσεων
835 735 940 766 ἐναλλὰξ
964 736 1002 762 θέ-

177 791 252 819 μενος
275 782 378 819 εὑρήσω
408 780 433 806 ἐν
459 782 509 816 μιᾷ
530 779 625 816 ἑκάστῃ
651 779 721 811 τάξει
748 777 840 805 ἕνδεκα
863 780 1002 816 συζυγίας,

177 828 211 853 ὢν
236 827 251 856 ἡ
290 827 380 863 πρώτη
413 824 484 856 τάξις
523 824 630 859 τούτων,

179 867 1004 906 ἐπὶνήαβεξηθαβιζηαβιζθ

179 912 1007 952 αβηθηαβεξαβζηαβηθα

181 959 411 998 βθξαβθ
442 958 545 995 εαβ
578 967 589 985 ι
620 967 634 987 η
665 957 692 984 αἱ
724 956 879 996 διαφέρουσι
906 963 937 995 τῇ
965 968 1007 995 με-

179 999 293 1035 ταθέσει.
311 1005 386 1032 Καθὰ
411 1005 460 1040 γὰρ
487 1005 502 1033 ἡ
520 1005 608 1039 πρώτη
633 1004 697 1040 πρὸς
723 1005 770 1032 τὴν
793 1004 918 1038 ὑστάτην,
933 1004 959 1034 ςῆ
990 1004 1005 1032 ἠ

182 1049 292 1088 δευτέρα
317 1050 383 1087 πρὸς
408 1050 456 1077 τὴν
483 1046 605 1081 δεκάτην,
634 1047 701 1073 οὕτω
727 1045 761 1076 δὴ
789 1049 833 1073 καὶ
858 1049 887 1073 τὸ
914 1046 942 1073 ἐκ
960 1051 1008 1078 τῆς

183 1093 323 1127 ἱνδεκάτης
364 1093 457 1130 κραθὲν
486 1093 582 1128 ἄτομον
619 1091 743 1118 ἀνάπαλιν
767 1092 812 1123 ἕως
835 1095 880 1118 τοῦ
904 1091 931 1118 ix
961 1096 1009 1123 τῆς

181 1143 299 1180 πρώτης,
330 1142 407 1165 τοῦτο
438 1135 467 1166 δὲ
494 1138 577 1164 κοινὸν
606 1139 650 1163 καὶ
675 1140 725 1163 τῶν
753 1135 852 1164 ἕνδεκα.
875 1138 948 1163 Μετὰ
980 1135 1009 1164 δὲ

183 1185 282 1215 ταύτην
309 1185 323 1213 ἡ
349 1184 448 1212 ταύτης
472 1180 590 1219 δευτέρα,
621 1181 680 1210 ἕκτη
712 1179 742 1207 δέ
763 1190 793 1217 γε
816 1185 866 1207 τῶν
894 1181 968 1215 ὅλων,
992 1183 1007 1211 ἡ

184 1233 222 1269 τῷ
237 1229 308 1265 αὐτῷ
327 1230 372 1255 καὶ
398 1227 463 1259 αὐτὴ
496 1224 622 1263 ἰδιώματι
651 1226 723 1258 ἐκτὸς
755 1230 803 1258 τῆς
821 1231 871 1253 τῶν
891 1225 940 1254 δύο
967 1237 1010 1264 μι-

185 1316 627 1355 riamquatuorconjugationes
648 1316 653 1351 |
670 1316 766 1345 abae
782 1316 786 1352 |
807 1316 920 1352 ατη-,ΓΙ
936 1317 1009 1346 abc.

185 1372 205 1402 g
234 1365 238 1399 |
259 1371 278 1393 α
293 1364 308 1391 b
323 1371 348 1392 ο.
361 1363 380 1391 h
401 1363 406 1398 |
427 1360 1012 1398 quastranspositionediﬂerunt.Utenim

187 1417 219 1437 se
238 1408 330 1438 habet
342 1407 441 1444 prima
454 1407 493 1435 ad
510 1405 675 1435 secundam
691 1407 719 1434 et
738 1406 822 1435 tertia
845 1406 884 1435 ad
894 1408 1011 1443 postre-

187 1462 280 1490 mam,
297 1454 337 1481 ita
347 1452 430 1489 quod
445 1460 481 1480 ex
495 1453 648 1489 postrema
661 1453 861 1488 temperatum
874 1453 920 1480 est
934 1451 1012 1479 indi-

183 1499 312 1527 viduum
332 1497 371 1526 ad
385 1496 459 1526 illud
466 1496 548 1533 quod
561 1504 597 1524 ex
611 1496 709 1532 prima
722 1498 793 1524 etex
811 1495 905 1524 tertia.
918 1497 1013 1532 Atque

185 1543 244 1572 hoc
255 1544 385 1579 quatuor
398 1548 558 1570 commune
574 1542 629 1569 est.
646 1541 728 1568 Hunc
740 1542 883 1577 quartum
909 1547 1012 1568 conse-

188 1589 290 1626 quitur
305 1587 379 1615 alias
392 1586 466 1615 ordo
486 1585 735 1621 conjugationum
754 1585 805 1622 qui
819 1585 908 1613 etiam
923 1585 1014 1614 habet

187 1633 325 1672 ipsetres
340 1631 472 1665 ordines,
489 1631 519 1658 in
539 1630 650 1668 quibus
664 1632 794 1666 quatuor
805 1631 1014 1666 permutantur

189 1679 218 1706 et
232 1677 434 1706 subtractione
449 1675 487 1704 ad
502 1676 563 1704 duo
578 1675 755 1710 rediguntur
771 1684 777 1709 ;
791 1674 928 1702 detribus
941 1682 1012 1702 vero

190 1730 286 1751 unum
299 1721 439 1755 demitur,
459 1720 519 1748 duo
536 1721 741 1756 permutantur
761 1721 789 1747 et
813 1719 1013 1755 aequalitatem

190 1767 329 1796 retinent.
346 1766 400 1798 Qui
416 1765 555 1793 ordinum
563 1764 682 1792 ordines
690 1764 954 1800 etconjugationes
963 1771 1013 1792 ex-

191 1809 417 1840 sistuntcumde
432 1808 593 1838 tribusduo
600 1808 772 1842 retinentur,
780 1809 850 1836 etde
873 1811 1013 1844 quatuor,

191 1860 329 1893 quatuor,
348 1855 416 1890 tria,
432 1855 493 1883 duo
509 1863 516 1888 ;
533 1854 643 1891 quibus
654 1853 840 1890 transpositis
855 1856 883 1881 et
896 1861 1015 1889 permu-

192 1902 259 1930 tatis
275 1902 305 1929 in
316 1907 500 1936 unoquoque
515 1898 618 1927 ordine
634 1898 773 1926 undecim
789 1898 1015 1933 conjugationes

192 1946 351 1982 reperiam.
369 1947 407 1972 Ac
417 1945 533 1980 primus
541 1943 662 1980 quidem
671 1943 745 1971 ordo
753 1943 843 1979 hujus
850 1943 965 1977 generis
973 1945 1016 1970 est

180 1989 247 2018 'sed
261 1990 468 2017 universorum
482 1988 604 2024 quintus
623 1987 668 2016 ab
688 1988 754 2022 efg
775 1988 794 2015 h
819 1988 824 2022 Ι
848 1995 866 2015 α
879 1987 970 2022 bcfg
997 1988 1001 2022 |

195 2033 318 2069 abe/"lt
344 2034 348 2068 |
373 2033 553 2068 (nabghe
578 2032 582 2067 Ι
610 2031 656 2060 ab
672 2032 710 2067 ef
733 2033 738 2067 |
768 2032 860 2067 abfh
882 2033 886 2068 Ι
912 2032 1017 2067 abgh

208 2080 249 2117 Ia
266 2079 310 2114 bf
323 2078 341 2106 h
371 2079 375 2114 Ι
401 2086 419 2106 α
433 2078 449 2105 Ι)
465 2077 483 2105 h
496 2085 511 2106 e
540 2077 544 2113 Ι
574 2085 590 2104 (ι
608 2077 685 2112 beg,
699 2077 1016 2113 qumditi‘erunttrans-

193 2123 354 2161 positione.
370 2123 405 2150 Ut
424 2121 502 2149 enim
523 2121 620 2157 prima
631 2129 662 2149 sc
677 2121 768 2150 habet
781 2121 819 2149 ad
835 2124 1017 2158 postremam

196 2171 224 2196 et
239 2167 373 2195 scaunda
393 2165 934 2199 addecimam,itaetiamindividuum
946 2166 1019 2194 illud

194 2212 279 2249 quod
295 2220 332 2240 ex
346 2210 508 2240 undecima
527 2213 723 2247 temperatum
739 2213 782 2240 est
792 2219 886 2247 usque
898 2210 1020 2239 adillud

195 2257 279 2294 quod
295 2258 340 2285 est
353 2264 388 2284 ex
403 2256 509 2293 prima.
523 2257 582 2283 Hoc
590 2259 689 2284 autem
704 2263 863 2283 commune
877 2255 1019 2283 estunde-
1037 2276 1057 2303 Β

195 2302 265 2330 cim.
279 2301 432 2330 Secundus
443 2300 561 2337 quidem
575 2300 614 2328 ab
632 2301 688 2328 hoc
703 2300 778 2329 ordo
797 2300 849 2328 sed
867 2301 1019 2329 universo-

195 2355 260 2376 rum
268 2349 366 2375 sextus
374 2346 482 2374 deinde
490 2345 745 2382 consequitur,qui
754 2346 892 2374 eamdem
899 2354 1020 2382 quoque

195 2392 261 2430 ipse
268 2390 491 2428 permutationis
498 2391 700 2427 proprietatem
709 2392 799 2419 retine
805 2394 812 2419 t
818 2393 941 2427 excepta
947 2390 1020 2418 duo-

194 2436 654 2471 rumdetribustranspositione,
666 2436 681 2464 Ο
695 2436 816 2472 c.efgh
833 2437 836 2471 |
855 2435 902 2463 bc.
915 2436 955 2470 ef
966 2443 984 2470 g
1001 2436 1005 2469 Ι

196 2480 863 2518 bc.efh]bc.fyh|bc,ghs|bc.e/‘l
890 2480 1005 2516 bc.fq|

196 2528 213 2556 b
226 2535 253 2556 ο.
268 2527 316 2563 gl;
332 2527 337 2562 Ι
355 2527 402 2554 bc.
416 2526 479 2562 Iz/‘l
497 2525 546 2553 bc.
564 2526 608 2554 he
624 2526 628 2562 Ι
646 2525 694 2554 bo.
711 2526 777 2561 εΙιΙ
802 2524 1020 2561 qumditferunt

193 2572 438 2608 transpositione.
461 2571 493 2599 Ut
505 2571 584 2599 enim
592 2579 690 2608 prima
704 2579 734 2598 se
744 2570 835 2599 habet
849 2569 887 2597 ad
902 2572 1018 2606 pestre-

194 2625 278 2646 mam
299 2619 326 2645 et
343 2616 475 2644 secunda
490 2616 529 2644 ad
542 2616 701 2650 decimam,
713 2615 754 2643 ita
767 2615 855 2643 etiam
868 2615 1018 2644 contrario

195 2662 299 2690 ordine
306 2661 495 2690 individuum
503 2661 575 2689 illud
583 2660 663 2696 quod
671 2668 706 2688 ex
713 2660 872 2688 undecima
880 2662 1018 2696 tempera-

193 2706 259 2734 tum
274 2707 317 2734 est
330 2706 369 2734 ad
381 2706 452 2734 illud
460 2713 556 2742 usque
567 2704 649 2741 quod
667 2706 710 2733 est
723 2705 871 2741 exprima.
889 2708 947 2733 Hoc
962 2712 1018 2733 au—

675 826 779 860 πέμπτη
805 822 836 851 δὲ
866 828 915 850 τῶν
941 824 1004 850 ὅλων
1022 832 1042 859 Β
1059 825 1104 850 καὶ

1053 193 1925 233 νεξθβγζθβνηθιβγεζβ

1052 240 1929 279 γξηβγηθβγθξβγθιβτε

1054 296 1069 316 η
1098 286 1125 312 αὶ
1151 285 1306 324 διαφίρουσι
1336 290 1366 324 τῇ
1397 288 1544 323 μεταθέσει.
1572 288 1646 314 Καθὰ
1671 289 1723 324 γὰρ
1753 288 1769 316 ἠ
1801 288 1927 323 πρὼτκ

1053 333 1118 369 πρὸς
1145 334 1193 361 τὴν
1217 332 1345 366 ὑστάτην,
1379 332 1395 362 ἣ
1425 333 1440 362 ἡ
1470 331 1580 370 δευτέρα
1602 334 1667 369 πρὸς
1688 334 1734 361 τὴν
1761 330 1926 365 duch-tv,

1054 376 1122 403 οὕτω
1162 374 1196 405 δὴ
1226 377 1324 403 καὶτὸ
1351 375 1379 402 ἐκ
1404 380 1453 408 τῆς
1493 374 1630 407 ἑνδεκάτης
1665 377 1762 414 κραθὲν
1796 377 1928 411 ἄτομα-εί

1055 420 1180 448 ἀνάπαλιν
1199 431 1206 438 ·
1223 421 1270 452 ἕως
1289 424 1334 448 τοῦ
1368 420 1395 447 ἐκ
1410 425 1455 452 τῆς
1483 424 1589 458 πρώτης
1613 433 1621 438 -
1650 426 1728 448 τοῦτο
1749 419 1783 448 δί
1809 422 1927 447 κοινὸν

1054 469 1099 493 καὶ
1113 470 1163 492 τῶν
1196 464 1299 493 ἕνδεκα.
1322 467 1396 493 Μετὰ
1413 464 1443 492 δε
1468 468 1563 496 ταύτην
1586 468 1601 497 ἡ
1628 468 1692 504 πρὸς
1715 469 1764 497 τὴν
1785 469 1928 503 πρώτην

1055 511 1135 541 αὐτῆς
1147 513 1235 548 τρίτη,
1262 508 1360 547 ἑϐδόμη
1378 509 1408 537 δέ
1420 521 1449 547 γι
1466 515 1515 537 τῶν
1541 511 1614 547 ὅλων,
1638 512 1654 540 ἠ
1685 515 1722 548 τῷ
1750 511 1827 547 αὐτῷ
1861 510 1924 537 καὶ

1054 555 1120 584 αὐτὴ
1155 553 1281 592 ἰδιώματι
1320 554 1455 592 βαίνουσα
1477 555 1550 586 ὶκτὸς
1572 560 1620 587 τῆς
1645 560 1696 582 τῶν
1732 554 1785 582 δύο
1817 565 1922 592 μετα-

1057 601 1922 636 θέσεωςαγεζηϐαγεζηαγιζϐι

1055 644 1386 681 γζηοαγηθ
1438 645 1847 681 εαγεζαγζη
1898 656 1919 671 α

1056 688 1918 726 γηθαγθξαγθιαγιηαῖὃιαφέ-

1058 743 1135 772 ρουσι
1177 737 1208 770 τῇ
1237 734 1382 770 μεταθέσει.
1414 734 1489 760 Καθὰ
1512 735 1563 771 γὰρ
1591 735 1606 764 ἡ
1634 737 1725 771 πρώτη
1754 736 1823 771 πρὸς
1849 737 1917 763 τὴν

1059 779 1185 813 ὑστάτην,
1214 778 1228 807 ἣ
1256 779 1271 807 ἠ
1305 777 1414 815 δευτέρα
1441 778 1506 815 πρὸς
1528 781 1575 808 τὴν
1601 777 1724 813 δεκάτην,
1761 780 1834 806 οὕτω
1865 777 1912 808 δὴ

1147 825 1175 849 τὸ
1202 822 1230 849 ἑκ
1273 826 1319 854 τῆς
1351 821 1489 855 ἑνδεκάτης
1518 825 1611 861 κραθὲν
1639 825 1737 861 ἄτομον
1766 823 1914 850 ἀνάπαλιν

1061 868 1108 899 ἕως
1121 871 1167 894 τοῦ
1185 867 1212 894 ἐκ
1237 872 1286 899 τῆς
1308 870 1425 905 πρώτης,
1455 872 1532 895 τοῦτο
1557 868 1587 895 δὲ
1607 870 1692 895 κοινὸν
1720 871 1837 895 καὶτῶν
1860 870 1912 896 ὲν-

1062 911 1136 940 δικα.
1166 913 1239 939 Μετὰ
1272 910 1301 940 δί
1339 913 1437 942 ταύτην
1461 915 1509 943 τὴν
1535 913 1608 945 τάξιν
1632 913 1708 951 ἑτέρα
1741 914 1821 945 τάξις
1846 918 1909 940 τῶν

1063 959 1206 993 συζυγιῶν,
1239 961 1306 994 τρεῖς
1345 960 1390 984 καὶ
1425 957 1491 987 αὐτὴ
1518 959 1620 994 ἔχουσα
1645 958 1740 992 τάξεις,
1772 959 1816 989 αἷς
1841 958 1907 985 ἔστι

1061 1006 1112 1029 τῶν
1131 1004 1265 1039 τεσσάρων
1293 1004 1337 1039 μὶν
1363 1004 1410 1029 σὺν
1434 1003 1522 1039 ὑφέσει
1547 1003 1670 1040 ἐναλλαγή
1700 1004 1747 1034 ἕως
1779 1002 1905 1036 δυάδος,

1062 1051 1112 1073 τῶν
1129 1045 1158 1074 δὶ
1179 1051 1257 1085 τριῶν
1281 1047 1380 1084 ὕφεσις,
1409 1051 1459 1074 τῶν
1488 1046 1546 1082 δύο,
1571 1052 1616 1075 τοῦ
1641 1048 1695 1080 ἑνὸς
1722 1047 1754 1076 3's
1770 1059 1803 1085 γε
1828 1048 1907 1075 ἕνα),-

1062 1091 1140 1128 λαγή.
1167 1092 1198 1119 Αἰ
1223 1092 1317 1124 τάξεων
1340 1093 1426 1124 τάξεις
1453 1095 1498 1119 καὶ
1524 1093 1651 1129 συζυγίαι
1680 1094 1708 1119 αἱ
1735 1094 1768 1119 τὸ
1798 1093 1825 1120 ἓν
1850 1094 1905 1130 μὲν

1063 1135 1092 1163 ἔτι
1113 1141 1162 1163 τῶν
1186 1141 1264 1174 τριῶν
1285 1138 1397 1173 ἔχουσαι
1426 1136 1452 1163 ἔκ
1477 1136 1507 1164 δὲ
1534 1142 1583 1164 τῶν
1608 1139 1744 1176 τεσσάρων
1771 1139 1808 1165 τὰ
1836 1140 1905 1165 τέσ-

1067 1183 1191 1219 σαρα,τά
1206 1184 1275 1219 τρία,
1294 1183 1327 1208 τὰ
1347 1180 1405 1216 δύο,
1437 1182 1466 1213 ἃς
1492 1180 1539 1209 διὰ
1563 1186 1613 1209 τῶν
1636 1183 1801 1219 μεταθέσεων
1829 1182 1907 1209 ἐνειλ-

1066 1226 1114 1259 λὰξ
1126 1228 1176 1259 θεὶς
1192 1227 1306 1265 ιὺρήσω,
1332 1227 1357 1255 ἐν
1381 1230 1430 1265 μιᾷ
1462 1227 1558 1265 ἑκάστη
1589 1227 1661 1260 τάξει
1688 1226 1784 1255 ἕνδεκα
1814 1230 1905 1261 συζυ-

1066 1317 1126 1345 tem
1145 1316 1286 1345 undecim
1297 1324 1458 1346 commune
1469 1318 1522 1346 est.
1537 1318 1619 1346 Hunc
1658 1317 1858 1354 consequitur
1883 1325 1906 1346 θ.

1066 1361 1165 1398 primo
1179 1361 1270 1398 hujus
1276 1362 1392 1397 generis
1400 1362 1514 1398 tertius,
1525 1362 1736 1391 universorum
1749 1363 1906 1399 septimus

1065 1406 1118 1443 qui
1124 1408 1248 1443 excepta
1255 1406 1385 1435 duorum
1392 1407 1622 1443 transpositione
1630 1407 1768 1436 eamdem
1775 1415 1905 1444 permu-

1066 1451 1185 1479 tationis
1211 1451 1423 1487 proprietatem
1457 1451 1572 1486 retinet,
1588 1459 1607 1480 α
1621 1460 1646 1485 c,
1663 1459 1678 1481 e
1688 1452 1710 1487 Γ
1720 1460 1739 1488 g
1754 1453 1775 1481 h
1802 1454 1809 1488 ι
1842 1460 1861 1481 a
1875 1460 1903 1481 c.

1067 1495 1888 1533 efglac.efg|ac.fghlac.ghe|ac.ghel

1067 1541 1191 1576 ac,efl
1207 1541 1306 1577 ac.fg
1324 1541 1329 1578 ι
1345 1549 1420 1577 acg
1437 1542 1456 1570 Ιι
1472 1542 1477 1577 Ι
1493 1541 1583 1570 ach!
1600 1543 1604 1577 |
1621 1542 1889 1578 ac,he|ac.eg|

1034 1592 1054 1618 C
1068 1592 1136 1622 quas
1151 1585 1383 1621 transpositione
1399 1585 1549 1614 diﬂ'erunt.
1560 1587 1595 1614 Ut
1605 1586 1685 1615 enim
1696 1586 1795 1622 prima
1804 1594 1837 1614 se
1847 1586 1904 1614 ha-

1067 1629 1117 1657 bet
1128 1629 1167 1657 ad
1182 1631 1366 1666 postremam
1382 1632 1433 1659 aut
1445 1631 1580 1659 secunda
1595 1631 1633 1659 ad
1663 1630 1829 1666 decimam,
1860 1631 1904 1659 ita

1067 1675 1157 1703 etiam
1171 1677 1274 1703 contra
1288 1675 1362 1703 illud
1376 1675 1564 1704 individuum
1579 1675 1662 1712 quod
1676 1684 1714 1703 ex
1734 1676 1904 1704 undicema

1068 1721 1261 1756 temperatum
1269 1721 1313 1748 est
1321 1720 1360 1748 ad
1366 1719 1438 1748 illud
1445 1728 1540 1756 usque
1546 1721 1628 1756 quod
1635 1722 1719 1748 estex
1725 1720 1903 1756 prima.Hoc

1069 1766 1170 1791 autem
1180 1763 1319 1791 undecim
1335 1772 1496 1792 commune
1524 1767 1576 1792 est.
1601 1766 1684 1792 Hunc
1701 1765 1903 1801 consequitur

1069 1808 1145 1836 alius
1154 1808 1400 1845 conjugationum
1410 1809 1484 1837 ordo
1494 1809 1546 1845 qui
1557 1809 1646 1837 etiam
1662 1809 1727 1845 ipse
1738 1811 1799 1837 tres
1810 1809 1902 1837 habet

1069 1853 1191 1882 ordines
1202 1854 1234 1881 in
1249 1853 1360 1890 quibus
1375 1856 1505 1890 quatuor
1517 1856 1725 1890 permutantur
1739 1854 1902 1882 etsubtra-

1069 1897 1183 1927 buntur
1195 1905 1292 1933 usque
1308 1898 1347 1926 ad
1358 1898 1429 1931 duo,
1450 1898 1487 1926 de
1502 1898 1597 1926 tribus
1610 1906 1681 1926 vero
1698 1898 1762 1926 duo
1784 1899 1903 1926 subtra-

1069 1941 1183 1970 huntur
1196 1944 1225 1971 et
1238 1950 1333 1970 unum
1346 1945 1541 1979 permutatur.
1552 1943 1608 1976 Qui
1618 1943 1760 1971 ordinum
1771 1946 1845 1971 sunt
1854 1951 1902 1971 or-

1071 1986 1157 2014 dines
1175 1989 1205 2015 et
1219 1987 1445 2023 conjugationes
1453 1987 1625 2024 habentque
1636 1988 1672 2015 de
1683 1987 1779 2015 tribus
1794 1995 1901 2019 unum.

1072 2031 1109 2059 de
1116 2033 1331 2068 quatuorvero,
1339 2034 1478 2068 quatuor,
1487 2032 1554 2068 tria,
1565 2032 1636 2066 duo,
1646 2032 1759 2068 quibus
1767 2032 1902 2060 vicissim

1073 2076 1249 2112 permutatis
1256 2077 1403 2113 reperiam
1411 2077 1442 2105 in
1450 2085 1634 2114 unoquoque
1643 2077 1747 2105 ordine
1757 2077 1902 2105 undecim

1074 2121 1310 2157 conjugationes.
1323 2121 1377 2154 Qui
1388 2121 1510 2158 quidem
1522 2124 1568 2149 est
1587 2121 1703 2157 primus
1721 2121 1798 2150 ordo
1812 2121 1903 2157 hujus

1075 2166 1200 2202 generis,
1213 2168 1336 2195 octavus
1347 2174 1418 2194 vero
1433 2167 1641 2195 universorum
1652 2169 1705 2201 est,
1716 2174 1735 2195 α
1746 2175 1762 2195 e
1770 2167 1787 2202 f
1799 2175 1819 2202 g
1851 2166 1870 2195 Ιι
1885 2169 1891 2202 |

1075 2211 1152 2246 aera
1176 2212 1180 2245 I
1208 2211 1650 2246 afglzlaefglaghelaeft
1673 2211 1903 2247 afglaghla

1076 2256 1114 2290 hf
1134 2255 1137 2291 |
1158 2255 1219 2284 ahe
1246 2256 1249 2291 |
1272 2263 1333 2291 aeg
1357 2256 1362 2290 Ι
1385 2255 1857 2292 qumditferunttranspositione.
1871 2257 1903 2283 Ut

1075 2300 1154 2328 enim
1164 2300 1262 2336 prima
1273 2308 1304 2328 se
1315 2300 1404 2328 habet
1416 2300 1454 2328 ad
1463 2303 1645 2336 postremam
1659 2304 1709 2328 aut
1720 2301 1858 2328 secunda
1865 2300 1902 2328 ad

1074 2345 1235 2378 decimam,
1252 2345 1292 2373 ita
1307 2348 1409 2373 contra
1425 2345 1496 2373 illud
1508 2345 1695 2373 individuum
1706 2345 1792 2381 quod
1805 2354 1842 2374 ex
1851 2353 1903 2373 un-

1075 2390 1191 2419 decima
1207 2392 1404 2427 temperatum
1419 2393 1472 2425 est,
1489 2390 1527 2418 ad
1545 2390 1617 2418 illud
1644 2399 1742 2426 usque
1764 2391 1850 2427 quod
1861 2394 1903 2419 est

1075 2445 1110 2464 ex
1123 2434 1294 2472 prima.Hoc
1301 2438 1399 2465 autem
1412 2444 1572 2464 commune
1584 2437 1673 2465 etiam
1689 2439 1734 2464 est
1749 2437 1901 2465 undecim.

1076 2481 1231 2509 Secundus
1242 2481 1280 2509 ab
1296 2481 1353 2509 hoc
1368 2481 1472 2510 ordine
1483 2482 1674 2518 consequitur
1685 2481 1771 2515 ordo,
1787 2482 1902 2510 univer-

1074 2533 1176 2553 sorum
1190 2533 1300 2559 nonus,
1312 2526 1365 2562 qui
1378 2527 1407 2554 in
1415 2533 1576 2562 progressu
1587 2526 1726 2554 eamdem
1738 2527 1903 2563 proprieta~

1074 2570 1135 2598 tem
1145 2571 1260 2603 retinet,
1275 2573 1397 2606 excepta
1410 2571 1498 2598 unius
1509 2571 1748 2607 transpositione,
1762 2571 1779 2599 b
1788 2572 1860 2607 efgh
1884 2572 1888 2608 ι

1076 2615 1645 2651 bcfglb/‘ghlbghelbefhtbeft
1672 2615 1901 2652 bfglbghlb

1076 2659 1128 2695 hf|
1146 2659 1162 2688 ὁ
1177 2659 1214 2688 Ite
1229 2660 1233 2695 I
1251 2660 1266 2687 ὁ
1286 2667 1319 2696 eg
1337 2662 1341 2696 ]
1371 2668 1439 2697 quae
1455 2660 1685 2697 transpositione
1698 2660 1852 2690 differunt.
1871 2663 1900 2690 Ut

1078 2705 1158 2733 enim
1175 2713 1206 2733 se
1219 2705 1310 2734 habet
1324 2706 1421 2742 prima
1428 2706 1647 2742 conjugatioad
1653 2708 1841 2742 postremam
1854 2709 1899 2736 aut

232 2768 272 2804 (1)
289 2768 339 2796 Hie
351 2767 383 2796 in
397 2768 503 2799 Gl‘tEOO
516 2767 702 2797 desideratur
717 2777 734 2794 α
747 2767 765 2805 β
779 2769 818 2800 ζη
835 2769 948 2805 equare
957 2768 1046 2797 etiam
1059 2767 1235 2797 addendum
1249 2776 1267 2797 a
1276 2768 1291 2797 ὁ
1305 2770 1349 2805 fg
1366 2769 1386 2798 Ιι
1401 2770 1432 2798 ιιι
1446 2768 1653 2798 sintundecim
1663 2769 1896 2806 conjugationes-
