1967 3080
54 154 71 180 1
77 153 137 180 305

511 151 688 181 THEODORI
708 151 731 180 ΙΙ
749 151 818 181 IMP.
838 152 884 181 DE
904 151 1134 182 COMMUNIONE
1148 152 1334 182 NATURALI.

1708 158 1776 186 1306

48 216 136 250 νίας,
154 213 214 243 ὧνή
231 215 320 251 πρώτη
341 213 415 245 τάξις
442 214 550 249 τούτων,
580 213 661 251 ὀγδόη
688 212 718 241 δὶ
747 218 796 242 τῶν
819 214 892 250 ὂλων,
909 215 932 243 Δ
948 218 997 241 τῶν
1016 218 1104 252 τριῶν.
1131 215 1165 242 Αἱ
1189 215 1284 247 τάξεων
1308 215 1394 248 ταξεις
1420 217 1465 242 καὶ
1493 215 1620 253 συζυγίαι
1644 218 1671 244 αἱ
1697 219 1726 245 τὸ
1751 219 1776 246 ὶν

50 258 894 290 ἕστενήαεζηθαεζηαξηθᾶε

52 303 894 335 ζθαηθεαεζαζηαηθαθ

53 347 74 378 ζ
121 357 142 374 α
181 349 195 374 θ
231 357 241 374 ε
279 357 295 374 α
335 357 346 374 ε
386 357 402 377 η
441 348 468 374 αἶ
500 346 655 386 διαφίρουσι
682 353 713 385 τῇ
743 350 889 385 μεταθέσει.

54 393 144 420 mea
163 394 214 430 γὰρ
230 393 244 422 ἦ
265 395 355 430 πρώτη
379 394 445 430 πρὸς
468 395 515 423 τὴν
541 394 667 427 ὑστάτην,
697 394 711 424 ἦ
743 395 758 424 ἠ
788 393 897 433 δευτέρα

52 438 132 474 πρὸς
153 439 201 467 τὴν
217 435 338 471 δεκάτην,
355 437 422 464 οὕτω
448 436 482 475 δῇ
510 441 555 465 καὶ
583 441 612 465 τὸ
627 438 656 465 ἐκ
680 443 728 470 τῆς
757 437 896 470 ἑνδεκάτης

51 483 162 520 κραθὲν
201 483 297 519 εἶτομον
335 481 460 509 ἀνάπαλιν
488 484 533 514 ἕως
561 487 606 510 τοῦ
632 483 660 509 ἐκ
685 488 731 514 τῆς
755 487 859 521 πρώτης
888 495 895 502 ·

52 530 143 553 τοῦτο
172 525 202 554 δὲ
227 528 311 554 κοινὸν
338 529 383 554 καὶ
408 531 459 554 τῶν
483 526 584 556 ἔνδικα.
609 530 682 556 Μετὰ
706 527 735 555 δὲ
764 530 862 559 ταύτην
879 530 894 559 ἠ

51 572 166 603 ταύτης
185 570 303 609 δευτέρα,
322 571 410 602 ἔννάτη
441 571 470 599 δε
497 582 526 609 γε
545 577 595 599 τῶν
622 573 695 608 ὅλων,
727 575 741 603 ἠ
768 578 805 609 τῷ
827 574 897 610 αὐτῷ

54 620 110 644 καὶ
130 617 198 647 αὐτὴ
221 616 345 653 ἰδιώματι
374 617 505 654 βαίνουσα
531 617 601 649 ἐκτὸς
626 623 673 650 τῆς
700 622 746 646 τοῦ
773 619 826 650 ἐνὸς
853 629 898 655 με-

53 661 896 700 ταθέσεωςβεζηθβιζηβζηθβη

55 708 72 734 Θ
118 706 140 743 β
177 708 192 733 θ
229 706 245 737 ζ
278 706 297 743 β
340 708 354 734 θ
389 716 399 734 ε
426 707 444 744 β
483 706 585 736 tnui
619 706 774 745 διαφέρουσι
799 712 830 745 τῇ
853 718 897 745 μι-

53 753 181 779 ταθέσει.
218 753 293 778 Καθὰ
317 753 367 790 γὰρ
394 753 409 782 ἡ
439 754 529 789 πρώτη
559 754 624 790 πρὸς
654 755 701 782 τὴν
726 754 852 790 ὑστάτην,
879 754 894 784 ἦ

54 798 72 827 ἠ
95 795 211 835 δευτερα
232 798 295 834 πρὸς
307 799 354 826 τὴν
384 795 507 832 δεκάτην,
532 798 600 824 οὕτω
629 796 663 828 δὴ
684 800 728 825 καὶ
754 800 783 825 τό
805 798 833 825 ἐκ
849 802 897 831 τῆς

56 840 209 873 ἑνδεκάτης
245 843 338 879 κραθὲν
366 843 462 878 ἄτομον
498 841 623 869 ἀνάπαλιν
659 843 706 873 ἕως
726 847 773 869 τοῦ
800 843 827 870 ἔκ
850 848 897 875 τῆς

54 890 171 923 πρώτης

55 933 164 961 ταύτην
189 932 204 961 ἡ
234 933 298 968 πρὸς
327 934 374 961 τὴν
398 932 479 964 αὐτῆς
507 934 594 970 τρίτη,
619 931 716 962 δεκάτη
739 931 770 960 δέ
793 943 821 969 γε
846 937 896 960 τῶν

57 976 141 1010 ὅλων,
157 977 173 1005 ἠ
190 979 226 1012 τῷ
244 976 314 1012 αὐτῷ
341 979 387 1003 καὶ
416 976 481 1006 αὒτή
513 975 637 1013 ἰδιώματι
664 977 795 1014 βαίνουσα
822 977 896 1009 ὶκτός

59 1024 115 1051 τῆς
152 1024 199 1047 τοῦ
242 1020 296 1052 ἰνὸς
324 1021 486 1057 μεταθέσεως
511 1031 528 1057 γ
555 1031 565 1048 ε
594 1021 610 1052 ζ
647 1031 662 1051 η
689 1023 702 1048 θ
728 1032 744 1058 γ
764 1031 775 1048 ε
798 1024 812 1053 ζ
839 1031 854 1051 η
878 1032 895 1058 γ

63 1065 896 1103 ζηθγεζθγηθεγεζγ

64 1109 897 1148 ζηγηθγθζγθεγεηαῖδιαφέ-

64 1164 147 1191 ρουσι
167 1158 198 1191 τῇ
227 1155 373 1192 μιταθέσει.
406 1156 480 1182 Καθὰ
513 1156 563 1193 γὰρ
592 1156 608 1185 ἠ
650 1158 739 1194 πρώτη
761 1157 826 1194 πρὸς
849 1158 896 1186 τὴν

64 1200 186 1228 ὑστάτην
201 1209 207 1216 ·
229 1199 244 1229 ἦ
276 1200 291 1229 ἠ
320 1198 429 1238 δευτέρα
449 1201 514 1236 πρὸς
538 1202 584 1230 τὴν
618 1199 740 1236 δεκάτην,
769 1201 836 1228 οὕτω
861 1199 895 1231 δὴ

63 1246 112 1270 καὶ
152 1245 181 1270 τὸ
224 1243 251 1270 ix
290 1248 336 1275 τῆς
364 1242 502 1276 ἑνδεκάτης
529 1246 623 1283 κραθεν
651 1246 746 1282 ἄτομον
772 1245 896 1272 ἀνάπαλιν

64 1290 114 1320 ἕως
144 1292 190 1315 τοῦ
217 1287 244 1314 ix
269 1293 316 1320 τῆς
349 1291 451 1324 πρώτης
474 1300 481 1307 ⁸
506 1293 582 1316 τοῦτο
614 1288 644 1317 δε
667 1291 751 1317 κοινὸν
774 1293 819 1317 καὶ
847 1295 896 1317 τῶν

64 1332 170 1361 ἕνδεκα.
198 1335 271 1360 Μετὰ
296 1332 325 1361 δὲ
351 1336 448 1364 ταύτην
475 1337 522 1365 τὴν
549 1334 622 1366 τάξιν
648 1334 722 1373 ἑτέρα
748 1336 821 1367 τάξιν
847 1339 896 1362 τῶν

65 1379 212 1414 συξυγιῶν,
241 1382 310 1417 τριῖς
337 1382 382 1406 καὶ
413 1379 478 1409 αὐτὴ
517 1381 619 1416 ἔχουσα
647 1380 740 1414 τάξεις,
771 1380 813 1412 αἶς
841 1379 897 1408 ἐστι

64 1427 118 1450 τῶν
156 1433 183 1450 τε
223 1427 302 1460 τριῶν
329 1426 373 1451 καὶ
403 1428 453 1451 τῶν
482 1425 616 1462 τεσσάρων
643 1424 778 1461 ἐναλλαγὴ,
808 1425 897 1462 ὕφεσις

69 1466 100 1496 δὲ
116 1467 144 1495 ἔκ
168 1469 213 1505 μὶν
237 1472 287 1495 τῶν
312 1473 389 1507 τριῶν
415 1473 465 1496 τῶν
492 1467 550 1504 δύο,
577 1469 605 1496 ἐκ
632 1468 662 1497 δὲ
686 1474 735 1496 τῶν
763 1471 897 1507 τεσσάρων

949 261 993 296 μὶν
1024 259 1051 286 εκ
1079 263 1129 286 τῶν
1168 264 1246 296 τριῶν
1273 261 1398 297 ἔχουσαι,
1437 261 1562 292 ὡσαύτως
1595 264 1639 288 καὶ
1671 263 1698 289 ἔκ
1725 268 1775 290 τῶν

949 304 1082 342 τεσσάρων
1120 306 1150 331 τὸ
1185 304 1219 338 ἓν,
1259 305 1290 336 ἃς
1330 303 1377 332 διὰ
1403 309 1453 332 τῶν
1486 307 1646 342 μεταθέσεων
1670 307 1777 340 ὶναλλὰξ

951 351 1004 382 Θεὶς
1017 350 1119 387 εὑρήσω
1145 349 1234 387 ἐνμιᾴ
1260 350 1357 388 ἑκάστῃ
1384 351 1455 383 τάξει
1481 352 1611 388 τέσσαρας
1638 354 1774 388 συζυγίας,

950 395 983 421 ὧν
997 396 1012 424 ἡ
1028 397 1118 432 πρώτη
1132 395 1206 428 τάξις
1225 397 1331 429 τούτων,
1362 394 1485 425 ἑνδεκάτη
1516 394 1546 423 δέ
1573 406 1603 432 γε
1625 401 1675 423 τῶν
1702 398 1775 434 ὅλων,

951 441 1019 467 ἔστιν
1061 450 1077 466 α
1119 449 1130 466 ε
1169 450 1186 466 α
1225 440 1241 471 ζ
1274 451 1291 468 α
1327 451 1342 470 η
1381 451 1398 468 α
1436 442 1449 468 θ
1483 442 1511 468 αἰ
1552 440 1708 479 διαφέρουσι
1743 448 1774 481 τῇ

951 485 1096 522 μεταθὲσει.
1137 486 1211 512 Καθοὶ
1245 486 1297 523 γὰρ
1322 487 1337 514 ἠ
1358 488 1448 522 πρώτη
1477 487 1543 523 πρὸς
1565 489 1612 516 τὴν
1641 485 1775 523 δευτέραν,

951 530 966 559 ἣ
996 530 1012 558 ἠ
1040 531 1116 566 τρίτη
1144 531 1210 568 πρὸς
1237 532 1284 560 τὴν
1313 531 1438 565 ὑστάτην,
1466 531 1533 558 οὕτω
1555 529 1589 560 δὴ
1620 534 1664 558 καὶ
1692 534 1722 559 τὸ
1749 532 1776 559 ἔκ

951 577 997 604 τῆς
1026 574 1144 605 ὑστάτης
1181 575 1274 610 κραθὲν
1312 575 1408 611 ἄτομον
1447 574 1471 601 ἐν
1515 574 1688 612 ἀναποδισμῷ
1730 578 1776 608 ἕως

951 622 998 645 τοῦ
1036 618 1064 644 ἔκ
1101 622 1148 650 τῆς
1174 622 1277 655 πρώτης
1305 618 1403 656 ἀτόμου
1432 621 1568 657 κραθέντος
1597 631 1604 638 ο
1632 623 1676 647 καὶ
1699 625 1776 648 τοῦτο

951 667 1001 689 τῶν
1029 663 1156 700 τεττάρων
1190 666 1283 691 κοινόν.
1315 665 1388 691 Μετὰ
1421 663 1451 691 δε
1479 666 1575 694 ταύτην
1599 667 1613 695 ἠ
1639 668 1702 704 πρὸς
1729 670 1776 696 τήν

951 710 1056 746 πρώτην
1082 709 1178 739 ταύτης
1204 706 1322 746 δευτέρα,
1349 706 1485 738 δωδεκάτη
1517 708 1547 736 δέ
1574 720 1604 746 γε
1627 715 1676 736 τῶν
1702 711 1776 747 ὅλων,

951 752 967 781 ἠ
992 756 1028 788 τῷ
1061 753 1131 788 αὐτῷ
1159 755 1203 780 καὶ
1232 753 1296 783 αὐτὴ
1330 751 1456 790 ἰδιώματι
1482 753 1622 790 βαίνουσα,
1650 754 1775 792 ἒναλλαγῇ

951 805 978 823 τε
1015 798 1059 822 καὶ
1093 797 1229 833 μεταθέσει
1265 797 1284 834 β
1323 807 1334 824 ε
1373 797 1392 834 β
1432 798 1448 828 ζ
1490 797 1508 834 β
1555 808 1570 828 η
1621 798 1639 835 β
1687 800 1701 825 0
1749 800 1776 826 αἳ

951 839 1107 878 διαφέρουσι
1133 845 1164 878 τῇ
1194 842 1339 878 μεταθέσει.
1370 843 1444 868 Καθὰ
1472 843 1522 880 γὰρ
1550 843 1564 872 ἡ
1593 846 1683 880 πρώτη
1713 845 1776 881 πρὸς

203 897 210 904 ι
233 891 309 913 τοῦτο
336 885 365 914 δὲ
392 889 476 914 κοινόν
500 889 545 914 καὶ
567 892 616 914 τῶν
641 886 742 916 ἕνδεκα,
773 890 842 915 Μετὰ
866 887 897 916 δὲ
915 888 996 923 Βτὴν
1024 883 1156 923 δευτέραν,
1189 886 1204 916 ἦ
1231 887 1246 915 ἠ
1284 888 1358 923 τρίτη
1386 888 1451 924 πρὸς
1478 890 1526 916 τὴν
1552 887 1679 922 ὑστάτην,
1709 889 1776 915 οὕτω

951 929 984 960 δὴ
1005 932 1098 957 καὶτὸ
1123 930 1150 957 ἑκ
1182 935 1228 960 τῆν
1253 931 1368 963 ὑστάτης
1396 932 1489 968 κραθὲν
1515 932 1611 968 ἄτομον
1633 931 1657 958 ἐν
1685 932 1778 959 ἆναπο‹

951 973 1040 1012 δισμῷ
1079 975 1127 1006 ἕως
1150 978 1196 1002 τοῦ
1221 975 1248 1001 ἑκ
1271 980 1317 1006 τῆς
1344 979 1450 1013 πρώτης
1478 975 1574 1013 ὰτόμοῡ
1601 978 1736 1014 κραθέντος
1769 989 1775 996 ·

950 1022 995 1047 καὶ
1017 1030 1093 1048 τουτο
1117 1024 1167 1047 τῶν
1204 1022 1330 1058 τεττάρων
1353 1024 1448 1049 κοινόν.
1475 1023 1548 1049 Mart}:
1577 1021 1606 1049 δε
1637 1024 1734 1052 ταύτην
1761 1024 1776 1052 ἡ

949 1066 1014 1103 πρὸς
1050 1067 1097 1094 τὴν
1138 1067 1241 1101 πρώτην
1277 1065 1355 1097 αὐτῆς
1392 1069 1479 1104 τρίτη,
1508 1065 1715 1104 τρισκαιδεκάτη
1748 1065 1779 1094 δε

950 1113 1000 1136 τῶν
1025 1109 1088 1136 ὅλων
1122 1112 1167 1136 καὶ
1197 1110 1310 1143 ὑστάτη,
1337 1112 1353 1140 ἡ
1381 1114 1417 1146 τῷ
1443 1111 1512 1146 αὐτῷ
1540 1113 1583 1138 καὶ
1610 1111 1676 1141 αὕτη
1706 1110 1778 1138 ἰδιώ-

950 1164 1014 1192 ματι
1050 1154 1180 1191 βαίνουσα
1215 1154 1338 1192 ἐναλλαγῇ
1381 1165 1408 1182 τε
1447 1158 1491 1182 καὶ
1524 1157 1659 1192 μεταθέσει
1687 1167 1704 1192 γ
1728 1166 1740 1183 ε
1761 1167 1779 1194 γ

951 1199 1000 1236 ζγ
1022 1209 1037 1230 η
1065 1210 1081 1237 γ
1112 1201 1126 1227 θ
1153 1200 1180 1226 αἳ
1205 1198 1361 1238 διαφέρουσι
1390 1205 1421 1238 τῇ
1451 1201 1596 1238 μεταθεσει.
1627 1203 1702 1228 Καθὰ
1726 1204 1777 1240 γὰρ

951 1247 966 1275 ἠ
991 1247 1080 1282 πρώτη
1123 1246 1188 1283 πρὸς
1224 1248 1271 1275 τὴν
1296 1244 1429 1282 δευτέραν,
1463 1246 1479 1276 ἢ
1501 1246 1517 1275 ἡ
1542 1248 1617 1283 τρίτη
1645 1248 1709 1284 πρὸς
1732 1249 1779 1277 τὴν

951 1290 1079 1322 ὑστάτην,
1119 1290 1184 1316 οὕτω
1228 1289 1262 1319 δὴ
1301 1293 1346 1317 καὶ
1373 1292 1402 1317 τὸ
1431 1289 1519 1321 ἓκτῆς
1545 1291 1661 1322 ὑστάτης
1686 1293 1778 1329 κραθὲν

951 1334 1046 1371 ἄτομον
1062 1333 1086 1361 ἄν
1115 1332 1288 1371 ἀναποδισμῷ
1314 1335 1361 1366 ἕως
1387 1338 1433 1361 τοῦ
1461 1335 1489 1361 ἔκ
1515 1339 1563 1367 τῆς
1587 1338 1694 1373 πρώτης
1721 1336 1779 1363 ἀτό-

951 1389 1001 1416 μου
1043 1379 1178 1417 κραθέντος
1217 1389 1224 1396 ·
1261 1381 1305 1406 καὶ
1347 1383 1424 1406 τοῦτο
1454 1384 1503 1407 τῶν
1530 1381 1657 1418 τεττάρων
1684 1384 1777 1410 κοινόν.

951 1424 1068 1460 Ἔχουσι
1089 1425 1174 1450 τοίνυν
1189 1422 1233 1450 οὖν
1246 1425 1292 1455 ἕως
1316 1423 1393 1462 δεῦρο
1412 1426 1442 1451 τὸ
1459 1426 1541 1462 τὲρμα
1568 1427 1653 1452 πᾶσαι
1679 1427 1706 1452 αἱ
1729 1431 1778 1453 τῶν

951 1473 997 1496 τοῦ
1021 1468 1126 1505 λογικοῦ
1151 1469 1219 1500 ζώου
1248 1473 1331 1508 μερῶν
1361 1469 1497 1506 συζυγίαι,
1538 1469 1720 1506 ἀναφαίνονται
1749 1469 1778 1498 δε

70 1557 207 1586 secunda
221 1557 260 1586 ad
268 1557 428 1592 decimam,
438 1559 478 1587 ita
493 1559 583 1587 etiam
594 1561 698 1588 contra
710 1559 784 1588 illud
793 1559 897 1588 indivi-
913 1557 934 1586 C
952 1557 1194 1595 transpositione,
1211 1557 1248 1586 be
1267 1557 1272 1594 |
1295 1557 1311 1586 b
1322 1558 1340 1593 f
1358 1557 1362 1594 |
1384 1557 1425 1594 by
1445 1558 1449 1594 |
1483 1558 1522 1586 bh
1546 1559 1550 1593 |
1571 1566 1640 1595 quae
1655 1559 1778 1596 quidem

69 1602 167 1630 duum
181 1603 264 1639 quod
278 1611 314 1631 ex
325 1603 486 1632 undecima
501 1605 701 1640 temperatum
717 1606 762 1633 est
771 1604 811 1633 ad
823 1604 897 1632 illud

69 1656 169 1684 usque
180 1648 263 1685 quod
279 1650 323 1677 est
335 1657 372 1677 ex
399 1649 498 1685 prima.
518 1649 693 1678 conﬂatum.
710 1651 770 1678 Iloc
796 1651 897 1678 autem

70 1701 233 1721 commune
249 1693 338 1721 etiam
350 1696 393 1722 est
415 1693 567 1723 undecim.
595 1694 707 1722 Tertius
734 1695 898 1723 asecundo

69 1737 161 1773 hujus
171 1737 288 1772 generis
298 1738 372 1766 ordo
383 1738 587 1775 consequitur,
604 1738 812 1767 universorum
820 1739 898 1767 deci-

69 1790 138 1810 mus
152 1781 241 1818 quiin
254 1790 412 1819 progressu
420 1783 896 1820 eamdemproprietatemretinet,

69 1827 654 1864 exceptauniustranspositione:cefglt
674 1828 678 1864 Ι
705 1828 775 1864 cefg
796 1829 800 1860 Ι
821 1828 898 1864 cfgh

85 1871 226 1907 Icefltl
255 1872 317 1907 cef
341 1872 346 1907 Ι
372 1872 435 1907 c/‘g
464 1873 469 1907 |
497 1873 567 1907 egh
597 1873 710 1908 [chfl
733 1872 897 1908 chelceg

71 1923 139 1952 quae
156 1916 388 1952 transpositione
405 1916 558 1945 diﬂerunt.
575 1918 608 1945 Ut
620 1917 700 1945 enim
714 1917 814 1952 prima
829 1925 897 1945 con-

69 1960 185 1996 jugatio
201 1968 232 1988 se
246 1960 337 1988 habet
352 1961 389 1988 ad
407 1961 544 1990 ultimam
559 1964 612 1990 aut
623 1961 757 1989 secunda
767 1961 805 1990 ad
817 1961 896 1989 deci-

71 2013 166 2038 mam,
182 2005 223 2033 ita
234 2005 322 2034 etiam
333 2008 437 2034 contra
463 2005 536 2034 illud
558 2005 744 2034 individuum
767 2006 849 2042 quod
861 2014 898 2034 ex

72 2050 233 2078 undecima
244 2053 443 2086 temperatum
452 2053 506 2084 est,
519 2051 557 2079 ad
573 2051 645 2079 illud
657 2059 753 2088 usque
766 2051 848 2087 quod
861 2059 897 2079 ex

72 2094 170 2132 prima
196 2094 360 2123 conﬂatum
383 2097 436 2123 est.
464 2097 524 2124 Hoc
543 2097 643 2124 autem
672 2103 832 2123 commune
853 2097 898 2123 est

72 2139 161 2167 etiam
178 2139 330 2168 undecim.
351 2141 433 2168 Hunc
453 2140 588 2168 ordinem
609 2140 803 2176 consequitur
822 2140 898 2167 alius

72 2184 320 2219 conjugationum
333 2185 418 2218 ordo,
428 2185 480 2221 qui
495 2185 584 2213 etiam
600 2185 663 2221 ipse
676 2187 734 2213 tres
753 2185 844 2213 habet
853 2193 897 2212 or-

72 2228 158 2256 dines
169 2228 200 2256 in
210 2228 320 2264 quibus
332 2229 386 2256 tria
394 2231 422 2257 et
432 2231 561 2265 quatuor
581 2231 797 2266 permutantur,
813 2237 847 2257 ac
860 2229 897 2256 de

73 2273 167 2302 tribus
181 2273 305 2309 quidem
321 2273 381 2301 duo
398 2273 625 2303 subtrahuntur.
641 2274 678 2302 de
688 2276 817 2310 quatuor
827 2281 898 2301 vero

74 2319 136 2347 tria.
151 2317 207 2350 Qui
223 2320 292 2346 sunt
314 2317 454 2346 ordinum
484 2318 604 2346 ordines
621 2321 649 2346 et
672 2318 898 2354 conjugationes

75 2362 246 2398 habentque
258 2362 294 2390 de
315 2362 410 2391 tribus
438 2371 540 2396 unum,
565 2363 732 2400 eodemque
756 2363 847 2391 modo
861 2363 898 2391 de

74 2409 351 2444 quatuorunumae
371 2408 375 2443 l
397 2408 459 2443 afl
480 2416 521 2443 ag
543 2408 547 2444 [
568 2408 610 2437 (ιΙι
631 2408 635 2444 |
659 2407 899 2444 quuatransposi-

75 2452 152 2481 tione
164 2451 315 2480 differunt.
333 2453 367 2480 Ut
381 2452 460 2480 enim
474 2453 571 2489 prima
582 2453 754 2488 conjugatio
769 2460 800 2480 se
809 2452 900 2480 habet

74 2497 112 2526 ad
127 2496 305 2532 secundam,
315 2499 367 2524 aut
382 2497 466 2525 tertia
481 2497 519 2525 ad
535 2499 729 2533 postremam,
749 2497 791 2524 ita
809 2497 897 2524 etiam

75 2542 222 2570 contrario
229 2540 333 2569 ordme
341 2541 528 2569 individuum
538 2541 607 2569 illud
616 2542 696 2578 quod
705 2550 740 2570 ex
748 2544 899 2578 p05trema

74 2588 273 2623 temperatum
285 2586 381 2619 est,ad
391 2585 462 2614 illud
476 2594 570 2622 usque
580 2586 663 2623 quod
674 2594 708 2614 ex
721 2586 818 2623 prima
829 2593 898 2614 con-

72 2630 176 2659 ﬂatum
191 2633 245 2659 est.
261 2633 355 2667 Atque
370 2630 428 2658 hoc
442 2631 487 2659 his
502 2635 632 2667 quatuor
660 2639 821 2660 commune
843 2633 897 2659 est.

73 2675 226 2705 Secundus
241 2675 280 2703 ab
294 2675 352 2703 hoc
372 2675 446 2704 ordo
460 2676 664 2712 consequitur,
689 2676 897 2704 universorum

73 2719 270 2748 duodecimus
283 2720 335 2756 qui
348 2719 378 2748 in
395 2728 553 2757 progressu
566 2721 704 2749 eamdem
715 2728 837 2757 quoque
849 2729 897 2748 re-

74 2765 143 2794 tinet
157 2764 370 2801 proprietatem
393 2767 453 2793 tam
468 2765 498 2793 in
514 2766 733 2802 permutatione
748 2772 842 2802 quam
867 2765 898 2793 in

951 1603 1179 1639 conjugationes
1199 1602 1432 1639 transpositione
1460 1602 1613 1631 differunt.
1639 1604 1674 1632 Ut
1697 1603 1778 1632 enim

951 1649 1050 1685 prima
1065 1655 1096 1676 se
1111 1647 1203 1676 habet
1213 1647 1252 1676 ad
1265 1647 1430 1675 secundam
1442 1649 1493 1675 aut
1505 1647 1590 1676 tertia
1605 1647 1644 1675 ad
1666 1649 1779 1684 postre-

950 1701 1044 1728 mam,
1060 1693 1102 1721 ita.
1113 1693 1202 1721 etiam
1209 1692 1384 1727 retrogrado
1399 1692 1779 1721 ordineindividuumillud

951 1738 1033 1775 quod
1048 1746 1084 1767 ex
1098 1740 1251 1774 postrema
1264 1739 1464 1774 temperatum
1480 1739 1533 1772 est,
1545 1738 1584 1766 ad
1597 1737 1671 1766 illud
1680 1746 1778 1774 usque

951 1783 1153 1817 individuum,
1168 1782 1251 1818 quod
1270 1784 1314 1810 est
1328 1790 1363 1810 ex
1386 1782 1484 1818 prima
1497 1781 1672 1817 conﬂatum,
1688 1784 1778 1820 atque

950 1827 1009 1856 hoc
1022 1835 1183 1855 commune
1196 1828 1241 1855 est
1254 1826 1302 1854 his
1329 1828 1468 1863 quatuor.
1489 1826 1598 1854 Tertius
1626 1827 1734 1855 deinde
1760 1835 1779 1856 ο.

950 1872 1145 1908 primohujus
1151 1871 1267 1906 generis
1273 1871 1347 1899 ordo
1358 1871 1560 1907 consequitur,
1570 1870 1778 1900 universorum

951 1915 1085 1944 decimus
1093 1915 1195 1944 tertius
1204 1917 1231 1944 et
1240 1915 1361 1943 ultimus
1370 1915 1458 1951 quiin
1468 1922 1629 1951 progressu
1638 1915 1778 1944 eamdem

951 1960 1162 1996 proprietatem
1174 1960 1278 1988 retinet
1293 1962 1354 1988 tam
1367 1960 1396 1987 in
1408 1960 1625 1996 permutatione
1638 1968 1731 1996 quam
1746 1961 1777 1988 in

951 2005 1193 2041 transpositione,
1209 2013 1246 2033 ce
1266 2005 1270 2041 |
1292 2005 1353 2041 cf|
1377 2013 1416 2040 cg
1439 2005 1443 2041 Ι
1465 2005 1508 2033 ch
1528 2004 1532 2041 |
1555 2005 1640 2038 .Quae
1654 2004 1778 2041 quidem

952 2049 1179 2085 conjugationes
1208 2049 1440 2085 transpositione
1468 2049 1618 2077 ditl'erunt.
1644 2050 1678 2077 Ut
1697 2049 1778 2077 enim

951 2094 1051 2130 prima
1065 2102 1096 2122 se
1106 2094 1196 2122 habet
1206 2094 1243 2122 ad
1255 2093 1431 2128 secundum,
1443 2096 1494 2122 aut
1508 2094 1593 2126 tertia
1611 2093 1649 2121 ad
1663 2096 1778 2130 postre-

951 2146 1045 2173 mam,
1060 2138 1100 2167 ita
1111 2139 1200 2166 etiam
1216 2139 1364 2166 contrario
1379 2138 1483 2166 ordine
1498 2138 1686 2166 individuum
1704 2138 1777 2167 illud

951 2184 1032 2220 quod
1046 2191 1080 2211 ex
1094 2186 1246 2220 postrema
1258 2186 1454 2220 temperatum
1468 2186 1510 2212 est
1521 2184 1550 2211 in
1560 2184 1728 2212 reversione
1738 2185 1776 2220 (1)

952 2237 985 2256 se
997 2228 1089 2256 habet
1099 2227 1138 2256 ad
1148 2228 1221 2256 illud
1233 2237 1329 2264 usque
1340 2228 1528 2256 individuum
1541 2228 1621 2265 quod
1634 2236 1670 2256 ex
1681 2229 1778 2265 prima

951 2274 1150 2309 temperatum
1179 2274 1233 2300 est.
1259 2274 1355 2308 Atque
1382 2272 1438 2300 hoc
1464 2275 1593 2309 quatuor
1617 2280 1778 2301 commune

952 2320 1004 2345 est.
1020 2318 1167 2345 Hactenus
1183 2316 1411 2352 conjugationes
1426 2317 1556 2353 partium
1576 2317 1714 2346 animalis
1733 2325 1778 2346 ra—

952 2363 1031 2391 tione
1042 2361 1158 2398 praaditi
1167 2361 1258 2389 ﬁnem
1270 2364 1298 2389 et
1309 2361 1469 2390 terminum
1484 2362 1606 2390 habent.
1618 2362 1675 2391 Sed
1686 2370 1778 2390 emer-

952 2409 1027 2442 gunt
1038 2409 1145 2443 praeter
1161 2406 1389 2441 conjugationes
1404 2406 1571 2441 nonaginta
1580 2406 1655 2435 duas
1671 2409 1699 2435 et
1710 2407 1779 2435 sim-

952 2451 1061 2488 plicem
1074 2453 1189 2487 septem
1203 2451 1268 2478 alim
1283 2451 1508 2487 conjugationes
1529 2460 1597 2488 quae
1611 2451 1735 2488 quidem
1748 2460 1778 2480 m

953 2496 1063 2524 unitate
1074 2496 1138 2524 sola
1148 2495 1346 2524 intensionem
1361 2495 1480 2523 habent.
1502 2496 1615 2524 Idcirco
1636 2496 1693 2524 has
1709 2504 1779 2524 cum

954 2540 1019 2569 aliis
1035 2549 1095 2569 non
1107 2541 1342 2573 numeravimus,
1359 2540 1504 2576 quoniam
1514 2541 1588 2568 ordo
1600 2541 1630 2568 in
1644 2541 1706 2568 istis
1717 2544 1780 2570 erat

953 2586 1067 2614 ordinis
1082 2585 1276 2622 perturbatio.
1289 2586 1362 2613 Sunt
1373 2587 1472 2613 autem
1483 2585 1529 2612 hae
1543 2593 1549 2612 :
1562 2593 1589 2620 α,
1603 2593 1672 2613 cum
1683 2585 1778 2614 inten-

954 2630 1036 2659 sione
1054 2639 1060 2664 ;
1078 2631 1104 2663 ὁ,
1119 2639 1187 2658 cum
1203 2630 1369 2658 intensione
1386 2638 1392 2662 ς
1415 2638 1439 2663 ιι,
1458 2637 1525 2657 cum
1550 2629 1716 2657 intensione
1733 2638 1778 2664 ;e,

953 2683 1023 2703 cum
1040 2676 1205 2704 intensione
1223 2676 1262 2710 ;/',
1274 2683 1342 2703 cum
1355 2674 1518 2702 intensione
1532 2683 1538 2708 ;
1551 2683 1580 2710 g,
1599 2682 1667 2702 cum
1682 2674 1779 2702 inten-

954 2721 1036 2749 sione
1054 2728 1061 2753 ;
1078 2721 1106 2755 h,
1124 2728 1193 2748 cum
1213 2719 1389 2748 intensione.
1420 2721 1493 2747 Cum
1517 2721 1617 2748 autem
1633 2719 1700 2748 dico
1711 2728 1778 2750 cum

953 2766 1129 2799 intensione,
1143 2765 1210 2793 dico
1230 2764 1319 2792 etiam
1348 2772 1414 2792 cum
1442 2764 1622 2792 remissione.
1651 2765 1778 2802 Utraque

106 2827 144 2864 (4)
160 2824 299 2856 Reditum
310 2834 328 2856 α
337 2828 492 2864 postrema
504 2827 544 2857 ad
553 2828 684 2865 primam
692 2820 824 2866 appellat
837 2828 1023 2864 revisionem,
1031 2826 1155 2864 perinde
1166 2834 1202 2856 ac
1217 2826 1242 2856 si
1255 2835 1274 2857 a
1287 2829 1369 2856 meta
1378 2822 1418 2856 ad
1433 2834 1567 2856 carceres
1578 2827 1777 2856 revertererts.
