1967 3080
31 127 102 154 309

537 126 716 154 THEODORI
731 125 754 153 II
768 125 839 157 IMP.
854 128 900 156 DE
912 127 1140 157 COMMUNIONE
1156 127 1343 159 NATURALI.

1691 129 1762 158 1310

28 198 86 214 ναι
97 190 220 224 nitrum
239 187 332 223 μᾶλλον
359 189 404 214 καὶ
435 188 522 223 ἧττον,
550 189 580 215 οὐ
603 191 654 225 μὴν
680 187 709 216 δί
734 191 762 216 τὸ
787 189 867 216 αὐτοῦ
894 191 918 217 Α
947 200 980 217 να
991 193 1104 226 πάντως,
1121 192 1167 218 οὐκ
1182 192 1248 219 ἄλλα
1262 192 1316 219 ἀλλ’
1332 191 1502 219 ὅτιὸπτά.Τι
1524 190 1554 218 δί
1580 193 1610 218 τὸ
1634 195 1665 228 τῇ
1700 194 1749 227 μιᾷ

31 234 158 269 (item
176 231 298 268 ὑπολάϐῃ
311 241 362 264 τις,
377 231 440 258 ἀλλὰ
466 233 499 259 τὰ
526 234 554 259 iu
586 238 634 264 τῆς
663 233 741 260 αὐτὸν
769 235 869 272 κρασοὲ-

34 287 99 308 an;
116 279 266 313 συζυγίας
282 278 409 314 κραθέντα
423 278 518 314 ἄτομα,
536 278 696 314 Ὠνόμασται
713 277 743 306 δὴ
770 281 803 306 τὰ
824 284 869 310 τῆς

33 322 138 352 αὐτῆς
157 322 297 357 συζυγίας
314 325 359 348 τοῦ
371 320 491 354 ἇνιὰδου,
507 325 552 349 καὶ
573 327 619 353 τῆς
642 323 720 354 αὐτῆς
740 325 871 360 συζυγίας

32 370 94 392 τοῦ
131 365 294 402 βαρυτίμου
321 366 408 401 ἄτομα
433 371 520 397 ανιιιῶς
545 367 581 398 εἰς
604 368 637 393 τὰ
659 372 710 394 τῶν
745 368 870 405 ἑκατέρων

36 411 196 447 ὀνόματα,
215 411 256 437 ὅτι
276 415 366 441 κοινῶς
397 410 500 442 indvat;
524 411 682 443 κατάλληλος
709 414 723 439 ό
751 417 800 444 τῆς
828 414 870 440 οὐ·

39 458 118 486 σίας
150 455 242 482 αὐτῶν
268 455 351 482 intra
378 456 447 492 ὅρος,
474 460 524 482 τῶν
546 456 670 494 ἑκατέρων
691 461 728 493 τῷ
749 457 869 495 ἑκατέρῳ

39 504 103 531 πᾶς
116 502 180 537 γὰρ
198 501 310 536 θυμικὸς
325 501 436 536 θυμικοῡ
448 502 506 538 ὅρον
521 500 635 534 δὶξιται,
667 505 713 529 καὶ
741 505 791 533 πᾶς
817 503 871 530 ἑπι-

43 546 216 581 θυμητιχὸς
234 544 436 581 ὶπιθυμητικοῦ,
457 545 520 572 ἐπὰν
545 555 575 572 το
601 547 711 582 θυμικὸς
736 547 752 576 ἣ
779 547 870 574 ἐπιθυ-

44 591 179 626 μητικὸς
203 590 301 615 τούτων
325 590 435 621 ἕκαστος
462 589 580 625 λέγηται.
609 591 720 622 Εὶχοτως
747 591 791 618 οὖν
818 594 871 630 ἄρα

45 634 157 665 ἑνικῶς
183 637 240 664 τοῖς
268 633 396 671 ἑκατέροις
422 635 456 660 τὰ
488 634 570 661 πολλᾶ
613 635 750 672 ἕλίχησαν.
793 636 871 663 Ἐστι

44 682 125 714 γοῦν
147 679 206 716 ἄρα
215 681 252 713 τῷ
272 679 375 714 θυμιιιῶ
395 677 534 716 βαρυτίμῳ
561 681 606 705 καὶ
634 684 671 715 τῷ
691 681 871 718 ἐπιθυμητικῷ

49 721 177 759 ἄνισὶδῃ,
207 723 272 749 καθό
297 723 399 758 Θυμικῷ
433 725 478 750 καὶ
517 723 709 760 ἐπιθυμητικῷ,
751 725 872 758 ἐπίτασις

49 766 227 804 ἆδιόριστός
245 776 273 794 τι
297 769 343 794 καὶ
371 768 469 802 ἄνεσις,
495 769 535 794 ὅτι
562 769 590 794 αἱ.
617 770 752 806 κράσασαι
776 770 871 802 αὐτοὺς

52 812 209 848 συζυγίαι,
238 812 302 838 καθὸ
328 813 474 847 πεφύκασιν
502 813 568 839 {fuit
601 814 658 840 καθ’
693 815 794 850 ὑφέσιις
825 818 871 842 καὶ

50 855 212 890 ἐπιτάσεις,
229 857 259 882 τὸ
275 853 427 893 ἀδιόριστον
440 857 559 892 ἔχουσιν,
579 857 637 883 οὔτε
663 855 693 884 δὴ
719 859 732 884 ὁ
758 858 870 895 βαρύτι-

51 910 110 936 μος
124 898 243 931 ἆνιάδης
255 903 401 935 γενήσεται,
423 902 483 927 οὔτε
502 899 532 928 δί
556 902 569 927 ὁ
593 900 705 932 ἀνιάδης
727 901 870 939 βαρύτιμος

51 948 180 972 πώποτε.
199 946 243 972 Διὸ
256 943 353 976 ἁνισιις
366 947 412 971 καὶ
430 945 562 976 ἐπιτάσεις
587 947 615 971 αἱ
637 946 720 972 αὐτῶν
743 945 870 982 δέχονται

55 990 208 1024 misr/iac.
225 989 266 1016 ὃτι
276 990 304 1016 αἱ
320 990 455 1026 χράσασαι
479 990 572 1020 αὐτοὺς
603 991 729 1026 συζυγίαι
752 991 869 1028 ἀλλα-γῆ-

54 1044 103 1060 υοιι
121 1033 153 1060 οὐ
174 1035 280 1070 πέφυκα.

95 1078 133 1114 τ’.
149 1078 232 1108 Δῆλον
246 1076 275 1104 δὴ
284 1080 343 1110 ταῖς
361 1079 459 1109 πιέσαις
473 1079 566 1106 οἰκεῖον
582 1078 646 1106 εἶναι
670 1080 743 1116 αὐτὸ,
771 1081 799 1108 ἐκ
825 1086 871 1114 τῆς

58 1127 114 1150 νῶν
127 1122 178 1150 δύο
192 1124 291 1149 τούτων
313 1123 370 1149 λίαν
393 1123 514 1154 ὶτοέσιως·
540 1124 570 1151 οὐ
595 1126 646 1161 γὰρ
675 1127 715 1152 ἔτι
739 1129 798 1158 ταῖς
820 1128 869 1154 πιέ-

61 1177 128 1199 σαις
152 1169 184 1194 τὸ
211 1169 279 1194 κατὰ
302 1168 387 1194 πάντα
414 1170 509 1203 κοινὸν,
539 1168 594 1196 imi.
622 1173 775 1197 κοινωνοῦσι
806 1181 866 1207 που,

63 1210 268 1239 διαστέλλονται
282 1210 312 1239 δέ
327 1222 357 1248 γε
379 1215 424 1239 καί
452 1223 513 1248 που,
541 1212 632 1243 ἐπειδὴ
658 1214 723 1241 ἱπτὰ
746 1218 790 1252 μέν
816 1216 868 1243 ιίσι

62 1258 98 1284 τὰ
123 1258 262 1295 ιροίσαντα
285 1258 329 1287 τὴν
353 1256 446 1292 ἁπλῆν,
460 1259 494 1285 τὰ
517 1257 546 1285 δί
575 1259 701 1291 τοσαύτας
723 1259 866 1298 ὶργασοίμε-

49 1373 218 1411 indemque
229 1374 418 1404 individuum
431 1384 497 1404 esse
505 1377 602 1412 magis
609 1379 637 1405 et
652 1377 751 1406 minus
764 1378 879 1407 iracun-

50 1419 137 1453 dum,
155 1418 208 1447 sed
221 1427 408 1457 quaecunqae
418 1421 455 1448 ad
466 1421 605 1449 eamdem
621 1429 689 1450 cum
699 1422 765 1459 ipso
778 1423 876 1458 conju-

51 1465 205 1500 gationem
220 1464 397 1499 referuntur,
413 1467 465 1494 aut
475 1466 582 1494 eodem
604 1467 694 1495 modo
711 1470 780 1495 sunt
802 1467 878 1496 indi-

51 1508 156 1536 vidua.
169 1509 266 1542 Quare
286 1517 385 1537 saevus
400 1510 451 1546 qui
470 1510 636 1539 secundum
648 1511 840 1540 remissiones
851 1514 880 1540 et

53 1553 236 1581 intensiones
251 1555 295 1582 est
313 1554 486 1588 iracundus,
500 1554 634 1583 inﬁnitus
646 1558 710 1591 est;
728 1558 755 1585 et
775 1556 880 1585 sollici-

55 1601 101 1626 tus
115 1597 189 1626 solet
203 1605 268 1626 esse
283 1598 411 1634 cupidus
440 1599 552 1627 inﬁnite
585 1600 683 1635 magis
715 1603 743 1629 et
767 1601 878 1629 minus.

55 1644 148 1671 Nemo
166 1650 237 1670 vero
251 1642 309 1671 hoc
322 1643 359 1670 de
377 1651 436 1671 uno
448 1643 615 1680 eodemque
637 1645 793 1673 individuo
816 1645 878 1674 dic-

55 1689 118 1715 tum
135 1689 225 1723 putet,
244 1687 296 1715 sed
307 1687 343 1715 de
357 1687 497 1716 omnibus
511 1688 758 1726 individuis,qum
773 1690 879 1719 eadem

56 1731 120 1768 conj
127 1731 265 1766 ugatione
271 1731 409 1768 quaillud
416 1732 722 1768 comprehenduntur.
731 1735 879 1763 Porrono—

57 1775 136 1804 mine
150 1775 308 1812 singularis
323 1777 440 1805 numeri
452 1777 554 1805 omnia
569 1777 618 1805 illa
638 1778 795 1806 individua
824 1787 878 1815 ap-

57 1821 214 1858 pellantur,
222 1822 284 1849 tam
291 1829 359 1858 qum
367 1821 473 1849 eadem
481 1830 542 1858 qua
549 1822 702 1855 sollicitus,
710 1831 804 1860 quam
810 1832 878 1860 quae

59 1865 162 1894 eadem
177 1873 238 1901 qua
249 1873 347 1893 saevus
362 1866 572 1902 conjugatione
588 1867 786 1901 continentur,
805 1876 878 1904 quo-

58 1910 140 1938 niam
157 1909 227 1946 ipsis
243 1909 318 1938 inter
333 1918 363 1938 se
373 1911 529 1946 utriusque
545 1911 766 1947 conjugationis
779 1920 878 1940 essen-

59 1954 104 1982 tiaa
120 1953 210 1981 ﬁnitio
226 1953 396 1981 communis
411 1956 464 1982 est.
488 1954 591 1982 Omnis
615 1956 694 1983 enim
715 1955 880 1984 iracundus

60 1997 191 2026 iracundi
209 1997 414 2026 deﬁnitionem
431 1999 581 2035 suscipiet,
595 2002 624 2027 et
636 2000 734 2027 omnis
749 2000 880 2036 cupidus

948 239 1062 264 ποιῆσαν
1093 236 1242 268 ἀλλοιώσεις
1267 237 1373 270 πολλὰς,
1403 238 1504 266 πάντως
1539 235 1662 272 ἂναλλαγη
1703 230 1750 261 καὶ

950 278 998 306 διὰ
1024 284 1101 307 τοῦτο
1128 280 1308 318 ἄναλλαγῆναι,
1341 282 1370 308 οὐ
1394 282 1538 317 πεφύκασιν
1577 279 1663 315 aurai,
1707 281 1748 306 ὃτι

950 324 1021 355 ἅπαξ
1046 324 1182 362 ἐντελεχῶς
1203 326 1401 362 μιτηλλάγησαν
1433 334 1440 358 ;
1469 325 1498 351 ’0
1518 326 1570 362 ἄρα
1603 324 1747 362 βαρύτιμος

952 370 1060 406 θυμικὸς
1074 372 1145 397 καὶὸ
1168 369 1280 402 ἁνιὰδης
1303 371 1498 407 ἔπιθυμητιχός,
1525 369 1550 396 ἄν
1573 373 1627 399 τοῖς
1652 370 1687 400 ὡς
1702 369 1748 394 αὑ-

951 418 1004 445 τοῖς
1029 416 1139 451 ὁμοίοις,
1165 415 1298 446 ἔπι-τάσεις
1325 414 1450 451 δέχονται
1477 417 1522 440 καὶ
1548 414 1654 447 ὰνίσιις,
1680 413 1749 440 καθὰ

950 462 1072 488 ποιότητι
1086 459 1270 497 ἔπιθυμητίχοί
1284 469 1312 486 τι
1325 462 1371 486 καὶ
1395 461 1510 496 θνμιχοι.
1537 460 1611 485 Κατὰ
1632 459 1676 484 τὸν
1703 457 1750 484 αὐ-

950 506 995 530 τὸν
1009 502 1039 530 δᾶ
1058 505 1132 540 λόγον
1155 507 1200 531 χαὶ
1225 506 1253 531 αἱ
1280 505 1374 535 αὐτοὺς
1404 503 1578 540 σῡμπήξασαι
1610 503 1747 537 συζυγίαι,

951 549 1073 586 ἀπείρους
1098 549 1122 575 ἰν
1150 549 1268 576 ἐπιτάσιι
1290 558 1318 575 τι
1345 550 1390 574 χαὶ
1417 547 1512 580 iniqu,
1538 549 1664 584 θυμιαοὺς
1702 551 1748 575 καὶ

951 593 1156 630 ἕπιθυμητικοὺς
1174 595 1344 625 ποιήσουσιν,
1357 591 1524 622 ἰναλλάξουσι
1538 589 1567 617 δί
1589 591 1679 617 οὔποτ’
1704 593 1745 618 ἄν.

952 640 1002 664 Καὶ
1022 637 1065 664 ἀπ’
1082 637 1170 675 ἀρχῆς
1178 641 1242 672 γοῦν
1254 638 1323 663 κατὰ
1338 638 1379 662 τὸν
1395 636 1472 662 αὐτὸν
1487 635 1562 671 λόγον
1586 636 1613 662 τῖ
1640 645 1667 662 τι
1700 646 1745 662 συ-

951 683 1043 717 ζυγίαι
1057 683 1148 708 καὶτὰ
1163 681 1189 713 ἑξ
1214 681 1298 708 αὐτῶν
1318 681 1402 717 ἄτομα
1429 681 1475 711 ἕως
1501 679 1588 710 τέλους
1615 679 1747 712 ἐπιτάσεις

951 725 1072 758 δέξονααι
1087 728 1132 752 καὶ
1143 725 1251 759 ἀνέσεις,
1280 725 1346 755 πλὴν
1374 723 1403 751 δι
1427 734 1457 760 τε
1479 729 1529 751 τῶν
1558 724 1657 751 οἰκείων
1681 725 1746 760 ὅρων

951 771 1031 805 ἐντὸς,
1059 774 1165 807 πότερον
1194 771 1297 807 ἄπειροι
1322 771 1437 806 θυμικοὶ,
1459 768 1526 798 πλὴν
1559 769 1665 805 θυμικοὶ
1701 771 1746 795 καὶ

950 817 1054 853 ἄπειροι
1077 815 1270 851 ἔπιθνμητιχοὶ,
1293 814 1359 844 πλὴν
1384 812 1567 842 ὶπιθυδητιχοὶ
1596 815 1640 839 καὶ
1674 813 1747 840 «itm-

950 869 992 896 ροι
1006 862 1135 896 φρόνιμοι,
1156 859 1221 888 πλὴν
1247 861 1377 895 φρόνιμοι,
1410 859 1451 884 ὅτι
1478 857 1546 888 ἐντὸς
1568 861 1618 884 τῶν
1646 857 1746 884 οἰκιέων

950 905 1015 941 ὅρων
1041 905 1133 935 πάντ-ις
1167 905 1273 940 θυμικοὶ
1294 903 1339 930 χαὶ
1367 903 1550 939 ἑπιθνμητικοὶ
1577 905 1622 929 καὶ
1658 905 1746 940 φρόνι-

949 951 995 986 μοί
1008 949 1082 976 ιὶσιν.
1100 949 1183 975 Δῦται
1199 952 1262 984 γοῦν
1275 949 1299 975 οἱ
1313 946 1362 975 δύο
1375 946 1510 983 διαφοραὶ,
1536 948 1551 976 ἣ
1583 956 1610 974 τι
1638 948 1685 977 τὰ(
1709 946 1746 973 iv-

949 996 1087 1022 νςνήκοντα
1112 995 1157 1019 καὶ
1185 991 1234 1019 δύο
1265 995 1415 1021 ποιήσασαι
1452 992 1581 1027 συζυγίας
1617 993 1662 1018 καὶ
1699 993 1746 1020 τὴν

949 1038 1043 1069 ἁπλῆν,
1071 1039 1116 1064 καὶ
1138 1039 1153 1066 ἡ
1182 1038 1227 1067 τὰς
1256 1037 1379 1074 ἀπείρους
1404 1036 1502 1067 ὰνὲσιις
1532 1038 1575 1062 καὶ
1614 1035 1747 1066 ἄπιτάσιις

949 1084 1053 1118 ἔχουσα
1075 1085 1121 1108 καὶ
1140 1083 1235 1113 ταύτας
1254 1085 1304 1108 τῶν
1331 1081 1464 1116 σνζυγιῶν
1490 1080 1571 1111 ἐντὸς.
1599 1081 1646 1106 Διὰ
1671 1084 1747 1107 τοῦτο

948 1127 996 1154 οὐκ
1012 1128 1042 1153 ἄν
1062 1136 1100 1157 τις
1126 1126 1259 1162 ἐπιστήμῃ
1285 1129 1400 1161 ’γενναῖος
1423 1124 1616 1161 παραλὲονισθῇ
1641 1123 1688 1151 διὰ
1699 1127 1747 1153 τὴν

949 1173 1078 1207 ἐπίτασιν,
1097 1171 1164 1198 ὤση
1175 1172 1232 1207 ἔχει
1246 1173 1290 1198 τὸν
1315 1170 1340 1196 ἐν
1364 1171 1452 1207 Opica.
1479 1171 1587 1206 θυμικὸν
1609 1179 1674 1205 προς
1701 1171 1746 1196 τὸν

949 1216 974 1244 ἂν
988 1217 1104 1244 ἐπιτάσιι
1118 1216 1204 1249 ἄλλον,
1220 1215 1272 1242 ἀλλ’
1291 1215 1365 1242 ἄλλον
1393 1218 1472 1252 κρίνει
1497 1224 1539 1241 τον
1563 1215 1672 1250 θυμικὸν
1701 1217 1747 1241 τοῦ

947 1261 1148 1298 ἇπιθυμητικοῦ,
1163 1263 1209 1289 καὶ
1221 1260 1378 1296 τοῦμπαλιν,
1394 1259 1464 1287 Αὐτὸ
1478 1257 1508 1286 δὲ
1520 1263 1597 1286 τοῦτο
1629 1261 1675 1286 καὶ
1697 1260 1746 1285 πά-

899 1378 919 1406 C
935 1381 1049 1415 septem
1060 1379 1214 1414 sunt,qum
1224 1377 1391 1413 temperant
1399 1375 1564 1411 simplicem
1573 1375 1759 1411 conjugatio-

935 1431 1021 1452 nem:
1035 1424 1078 1451 tot
1091 1424 1190 1450 autem
1204 1423 1273 1449 sunt
1283 1420 1408 1448 omnino
1420 1427 1488 1456 quas
1500 1421 1594 1454 agunt
1608 1421 1637 1447 et
1647 1422 1758 1456 tempe-

934 1469 1011 1502 rant,
1028 1474 1088 1495 non
1104 1465 1162 1494 alia
1176 1473 1269 1501 quam
1285 1467 1409 1501 septem.
1422 1463 1499 1496 Quid
1511 1465 1613 1491 autem
1628 1463 1702 1491 illud
1716 1464 1759 1491 est

935 1511 1016 1549 quod
1024 1519 1076 1548 per
1082 1519 1171 1539 unam
1176 1510 1242 1545 conj
1248 1509 1415 1544 ugationem
1424 1507 1530 1536 multas
1537 1507 1758 1535 immutationes

935 1557 1030 1585 eﬂ‘ecit
1044 1557 1058 1584 ‘I
1068 1554 1336 1590 Nimirumestipsa
1344 1552 1538 1590 permutatio:
1555 1552 1666 1580 idcirco
1683 1555 1755 1588 ipsa:

935 1600 1163 1637 conjugatioues
1170 1597 1524 1635 ampliusimmutarinon
1538 1599 1674 1634 possunt,
1686 1597 1758 1633 quia

933 1645 1069 1674 videlicet
1081 1644 1174 1672 semel
1182 1643 1310 1681 perfecte
1321 1643 1486 1670 immutata
1497 1644 1575 1670 sunt.
1588 1643 1685 1674 Quare
1706 1650 1758 1670 sm-

933 1698 990 1718 vus
1004 1690 1056 1726 qui
1071 1692 1115 1717 est
1125 1688 1287 1717 iracundus
1301 1690 1329 1715 et
1344 1687 1484 1715 sollicitus
1498 1687 1551 1723 qui
1567 1689 1610 1714 est
1629 1686 1757 1723 cupidus

933 1734 964 1762 in
984 1733 1131 1762 similibus
1142 1732 1335 1761 consimiliter
1349 1731 1512 1769 suscipient
1523 1731 1705 1759 intensiones
1730 1733 1758 1759 et

934 1778 1135 1812 remissiones,
1151 1779 1299 1815 quatenus
1322 1775 1464 1813 qualitate
1474 1776 1538 1804 haec
1550 1778 1618 1803 sunt
1628 1775 1756 1812 prsediti,

933 1825 965 1851 ut
976 1824 1032 1851 sint
1046 1822 1181 1850 iracundi
1201 1824 1228 1850 et
1238 1821 1348 1857 cupidi.
1367 1820 1474 1848 Eadem
1482 1820 1594 1848 ratione
1609 1820 1756 1855 conjuga—

933 1867 1029 1895 tiones
1045 1876 1081 1895 ex
1095 1867 1206 1904 quibus
1220 1865 1376 1902 temperati
1396 1867 1465 1893 sunt
1484 1865 1553 1900 ipsi,
1573 1864 1706 1892 inﬁnitos
1731 1866 1759 1892 et

932 1912 1094 1940 iracundos
1104 1911 1268 1947 etcupidos
1283 1909 1419 1943 eﬂicient,
1433 1908 1599 1937 secundum
1616 1908 1758 1936 intensio-

932 1964 1003 1984 nem
1018 1959 1046 1984 et
1056 1955 1436 1990 remissionem.Nunquam
1450 1956 1548 1982 autem
1561 1953 1674 1981 accidet
1687 1953 1758 1989 ipsis

933 2000 1073 2036 migratio
1091 2009 1126 2028 ex
1142 1998 1455 2035 conjugationeunain
1467 1997 1687 2026 aliam.Eadem
1703 1997 1757 2034 igi-

62 2042 167 2079 cupidi,
176 2042 424 2080 quandoquidem
436 2043 545 2071 horum
560 2044 669 2079 singuli
689 2044 825 2073 iracundi
852 2048 881 2073 et
895 2053 916 2081 D
934 2049 981 2074 tur
994 2045 1109 2073 ratione
1123 2053 1192 2072 cum
1210 2043 1438 2080 conjugationes
1451 2045 1516 2071 tum
1540 2042 1695 2070 individua
1721 2050 1758 2070 ex

62 2087 157 2124 cupidi
172 2087 318 2115 dicuntur.
336 2088 432 2120 Quare
444 2089 548 2116 merito
564 2089 718 2125 utriusque
731 2089 879 2124 conjuge.-

62 2132 145 2160 tionis
152 2131 407 2160 multaindividua
414 2140 501 2160 suum
512 2141 622 2161 nomen
633 2132 783 2168 singulare
800 2133 879 2161 obti-

62 2179 138 2205 nent.
153 2177 200 2204 Est
214 2176 302 2211 igitur
314 2176 472 2211 iracundo,
490 2185 571 2205 saevo
582 2180 610 2205 et
623 2177 733 2214 cupido
743 2177 877 2211 sollicito,

64 2223 201 2259 quatenus
212 2220 258 2249 ille
273 2220 447 2255 iracundus,
460 2221 508 2249 hic
523 2221 664 2249 sollicitus
675 2224 728 2255 est,
745 2221 879 2249 indeﬁni-

67 2268 93 2294 ta
101 2265 220 2294 intensio
227 2267 256 2294 et
263 2266 414 2299 remissio,
425 2266 497 2302 quia
503 2266 706 2302 copulationes
716 2274 784 2302 qua:
796 2266 878 2302 ipsos

65 2312 232 2346 temperant.
240 2313 389 2347 quatenus
395 2310 678 2346 possuntsuscipere
685 2310 878 2338 remissiones

67 2357 92 2383 et
102 2354 288 2388 intensiones,
304 2354 466 2383 indeﬁnite:
480 2357 587 2382 suntet
600 2355 807 2383 interminatus.
824 2356 877 2383 Ne-

67 2407 120 2436 que
131 2407 196 2428 vero
211 2406 309 2427 stevus
322 2399 473 2434 sollicitus,
488 2401 540 2427 aut
555 2399 697 2427 sollicitus
710 2407 808 2427 stevus
824 2407 878 2427 un-

67 2453 150 2482 quam
162 2451 222 2472 esse
233 2444 349 2480 poterit.
361 2443 474 2472 Idcirco
488 2444 679 2472 remissiones
692 2446 720 2472 et
735 2444 876 2472 intensio-

67 2497 114 2518 nes
120 2488 313 2525 suscipiuntur
321 2489 359 2517 ab
372 2488 507 2525 ipsorum
515 2490 580 2525 conj
586 2489 789 2524 ugationibus,
803 2497 876 2526 quo-

67 2534 140 2562 niam
154 2533 376 2569 conjugationes
395 2542 431 2561 ex
444 2534 555 2570 quibus
576 2536 779 2570 temperantur
792 2533 876 2562 nullo

68 2577 149 2607 modo
160 2578 318 2614 permutari
337 2580 474 2614 possunt.

100 2625 123 2651 3.
135 2623 177 2650 Est
190 2623 289 2650 autem
301 2622 492 2658 perspicuum
508 2622 566 2650 hoc
577 2622 713 2650 omnium
728 2630 794 2650 esse
808 2629 875 2658 pro-

69 2667 151 2705 prium
158 2666 406 2702 conjugationum,
416 2674 451 2694 ex
463 2669 603 2695 accurata
609 2667 734 2694 duorum
749 2667 874 2694 istorum

71 2711 255 2745 vestigatione.
272 2713 370 2748 Neque
385 2711 465 2739 enim
486 2712 561 2739 inler
571 2719 677 2739 omnes
698 2720 750 2748 per
773 2711 876 2740 omnia

72 2755 317 2785 estcommunitas:
326 2755 573 2792 quandoquidem
582 2755 686 2792 partim
694 2756 877 2784 cOmmunio-

72 2804 133 2830 nem
144 2799 258 2836 habent,
272 2800 376 2837 partim
386 2800 471 2828 etiam
481 2800 647 2834 discrimen,
654 2799 777 2839 quando
786 2801 876 2829 etiam

934 2090 989 2118 illis
996 2089 1125 2117 conﬂata
1131 2088 1267 2116 adﬁnem
1274 2087 1557 2125 usqueintensiones
1564 2089 1593 2116 et
1606 2087 1756 2115 remissio-

934 2141 986 2162 nes
1003 2134 1176 2171 suscipient,
1200 2135 1408 2160 verumtamen
1427 2132 1505 2160 intra
1531 2139 1602 2160 suos
1627 2131 1702 2159 ﬁnes
1730 2133 1759 2159 et

933 2178 1076 2206 terminos
1102 2178 1274 2206 consistent.
1303 2180 1410 2205 Annon
1436 2177 1525 2211 igitur
1546 2176 1652 2204 inﬁniti
1689 2178 1758 2203 sunt

932 2222 1070 2251 iracundi
1082 2225 1232 2259 quatenus
1247 2221 1393 2253 iracundi,
1407 2224 1435 2249 et
1444 2221 1551 2249 inﬁniti
1564 2220 1664 2258 cupidi
1683 2228 1758 2257 qua.

932 2270 1019 2296 tenus
1025 2267 1136 2304 cupidi,
1144 2265 1284 2295 etinﬁniti
1290 2265 1452 2302 prudentes
1459 2267 1607 2301 quatenus
1626 2264 1756 2301 pruden-

933 2314 984 2347 tes,
1002 2319 1063 2339 non
1080 2311 1140 2344 alii,
1156 2311 1300 2347 quoniam
1313 2311 1466 2338 intrasu0s
1476 2310 1550 2337 ﬁnes
1558 2312 1586 2338 et
1613 2309 1755 2337 terminOs

932 2355 1097 2384 consistunt
1111 2363 1217 2383 omnes
1233 2354 1369 2382 iracundi
1383 2357 1412 2382 et
1422 2353 1521 2390 cupidi
1533 2356 1560 2381 et
1572 2353 1733 2389 prudentes
1742 2353 1757 2380 ‘I

932 2401 981 2428 Ha:
995 2399 1163 2435 suutigitur
1175 2399 1242 2426 duae
1258 2399 1442 2431 differentiae,
1463 2406 1572 2434 nempe
1594 2405 1656 2425 una
1688 2404 1756 2433 quae

931 2444 1007 2472 duas
1022 2446 1050 2472 et
1060 2443 1223 2478 nonaginta
1229 2443 1325 2471 effecit
1333 2443 1398 2478 conj
1405 2443 1561 2478 ugationes
1568 2444 1658 2478 atque
1665 2442 1754 2469 etiam

931 2489 1107 2525 simplicem:
1118 2488 1283 2525 alteraquaa
1290 2487 1419 2515 inﬁnitas
1425 2487 1615 2514 remissiones
1623 2494 1657 2514 ac
1664 2486 1757 2514 inten-

932 2533 1031 2562 siones
1046 2533 1147 2567 habet,
1168 2540 1282 2568 easquo
1297 2532 1373 2560 intra
1389 2531 1626 2567 conjugationes.
1655 2531 1754 2563 Quare

930 2586 1018 2606 nemo
1034 2578 1081 2605 cui
1096 2577 1194 2606 nobile
1210 2577 1296 2605 fuerit
1310 2576 1460 2611 ingenium
1477 2575 1599 2603 scientia
1620 2575 1650 2602 in
1675 2583 1755 2603 erro-

929 2630 993 2650 rem
1004 2622 1161 2650 inducetur
1167 2623 1218 2649 aut
1228 2621 1391 2657 decipietur
1398 2628 1450 2656 per
1464 2620 1664 2648 intensionem
1673 2620 1714 2648 ita
1723 2621 1756 2648 ut

929 2667 1054 2695 remisse
1065 2665 1209 2702 cupidum
1223 2665 1355 2694 conferat
1367 2672 1437 2692 cum
1452 2665 1509 2692 alio
1524 2664 1651 2700 quicum
1662 2665 1754 2692 inten-

930 2711 1013 2739 sione
1032 2711 1133 2747 aliqua
1139 2710 1196 2738 alia
1205 2709 1347 2747 qualitate
1354 2709 1495 2745 prmditus
1502 2711 1555 2741 est,
1568 2708 1620 2736 sed
1636 2716 1689 2746 per
1701 2709 1755 2737 sci-

929 2755 1041 2784 entiam
1049 2754 1228 2783 iracundum
1240 2762 1258 2782 a
1266 2753 1376 2791 cupido
1384 2753 1475 2782 alium
1489 2761 1556 2782 esse
1565 2753 1755 2790 judicahitct

929 2801 1044 2832 contra,
1059 2798 1141 2829 Idem
1154 2801 1198 2827 est
1207 2797 1432 2828 observandum
1446 2798 1478 2826 in
1487 2798 1631 2827 omnibus
1651 2798 1755 2837 conju-
