1967 3080
1940 26 1944 58 Ι

200 132 267 162 1311

1158 132 1183 160 λ.
1876 132 1934 159 13ίῖ

199 205 259 226 σαις
275 195 333 226 ταῖς
353 193 494 230 συζυγίαις
518 193 574 221 ἰστὶ
593 195 639 220 καὶ
662 197 714 225 τοῖς
745 193 772 226 ἐξ
804 193 887 221 αὐτῶν
920 194 1022 231 κραθη-
1039 194 1063 222 Α
1080 203 1113 220 τα
1127 192 1157 221 δὶ
1169 194 1208 220 ὅτι
1227 194 1274 220 κᾶν
1289 194 1376 221 ἄνεσιν
1396 194 1444 220 κᾶν
1470 193 1590 222 ἐπίτασιν
1610 195 1640 221 τὸ
1663 205 1681 221 α
1704 199 1754 226 τῆς
1783 194 1811 232 β
1851 194 1937 224 avi:-

200 241 317 276 σομίνοις
343 238 460 275 ἀτόμοις.
498 238 562 265 Οὖτε
593 242 656 275 γοῦν
689 240 795 275 εὑρήσιι
827 239 892 269 πλὴν
924 240 1022 265 τούτων

198 295 238 316 τις
254 284 276 311 εἰ
290 286 325 320 μὴ
343 283 479 320 σοφίζεται
496 283 502 311 l
519 283 577 310 οὒτε
605 286 656 320 μὴν
685 284 795 318 ίλάσσω,
813 283 834 311 si
860 286 895 321 μὴ
921 284 1023 311 κεκολο-

200 329 315 366 ϐωμίνην
333 331 457 358 κέκτηται
473 331 519 358 τὴν
539 327 666 365 διάνοιαν,
687 332 772 356 πᾶσαι
805 327 835 356 δέ
867 329 932 356 εἰσιν
973 328 1022 355 αὖ-

200 384 254 408 ται,
274 376 318 400 καὶ
337 375 480 411 πιραιτέρω
508 373 647 410 βεϐηκέναι
679 374 708 400 οὗ
743 372 863 402 δύναται.
896 374 925 401 Ἡ
959 378 1022 410 γοῦν

200 429 217 445 α
237 418 255 455 β
273 428 291 454 γ
311 427 322 444 ε
341 418 357 448 ζ
376 427 391 447 η
413 419 426 444 θ
454 419 590 455 κεράννυσι
615 420 659 445 τόν
687 418 794 454 ἁπλοῦν,
824 417 912 448 ἐπειδὴ
942 418 1021 449 ἁπλῆ·

200 462 283 492 ἁπλῆν
304 460 333 488 δὲ
351 464 396 488 καὶ
416 461 511 489 ἁπλοῦν
543 462 662 490 ἐνταυθοῖ
691 463 756 499 λέγω
788 465 832 490 τὸν
865 463 960 493 ἐντελῆ·
996 465 1023 491 αἱ

202 505 227 534 δ’
246 506 332 542 ἄλλαι,
353 507 450 536 ἑκάστη
471 509 536 545 πρὸς
554 509 583 534 τὸ
602 506 671 534 ἴδιον
704 506 813 544 ἰδίωμα.
845 510 942 539 Πάντες
961 512 1022 544 γοῦν

201 551 267 579 εἰσιν
286 553 426 589 ἄνθρωποι,
452 551 615 582 ἐννενήκοντα
646 555 711 590 πρὸς
742 557 797 584 τοῖς
832 551 907 587 δυσὶ,
934 555 977 579 καὶ
1010 554 1023 579 ὁ

199 597 305 632 ἁπλοῦς,
331 598 414 623 εἵτουν
455 598 467 623 ὁ
500 596 608 628 ἓντελὴς.
643 599 688 624 καὶ
720 598 744 624 οἱ
775 602 824 629 τῆς
868 597 1022 636 ἀντιῤῥόπου

202 641 276 669 ἑπτά.
295 642 388 672 Πάντες
413 640 443 668 δέ
468 643 498 677 γέ
526 644 571 668 καὶ
597 643 610 668 ό
633 642 730 673 ἁπλοῦς
757 643 870 680 ἄπειροι,
898 643 927 669 οὐ
956 644 1024 670 κατὰ

199 688 227 713 τὸ
258 685 318 712 ἄλλο
338 687 380 712 καὶ
400 685 471 721 ἄλλο,
491 686 556 712 ἄλλά
583 688 650 713 κατὰ
677 689 706 713 τὸ
735 687 809 718 ἄλλος
840 697 867 714 τι
898 689 944 714 καὶ
976 687 1024 714 ἀλ-

199 729 297 760 λοσῖος·
318 732 347 756 τὸ
367 729 428 756 ἄλλο
447 731 497 767 γὰρ
519 729 596 760 δηλοῖ
627 733 674 760 τὴν
705 731 806 765 οὐσίαν,
838 733 867 758 τὸ
901 731 976 763 ἄλλος
994 733 1023 758 τὸ

200 775 306 811 ἄτομον,
324 776 353 801 τὸ
368 773 397 801 δὲ
409 785 439 811 γι
452 775 551 802 ἀλλοῖον
576 778 624 806 τὴν
651 775 769 803 ἔπίτασὶν
796 786 823 802 τι
849 779 893 802 καὶ
925 777 1022 804 ἄνισιν.

200 820 312 846 Ἀλλοῖοι
332 823 393 855 γοῦν
420 821 514 851 πάντες
542 821 566 847 οἱ
590 821 731 858 καθαρμοὶ,
761 823 820 848 ὅσοι
847 821 904 847 κατ’
932 820 1024 848 ἐπίτα-

1077 241 1136 275 γίας
1149 240 1215 276 πρὸς
1230 238 1291 265 ἄλλο
1304 243 1378 270 ατῆς
1392 239 1473 271 αὐτῆς
1501 241 1557 276 ἔχει
1588 240 1635 266 οὐκ
1662 239 1692 265 ἂν
1717 242 1757 276 μὴ
1794 243 1862 269 τῆς
1896 239 1940 263 tr}

1077 283 1156 320 τῆςβ
1182 282 1246 310 εἶναι
1274 286 1303 310 τὸ
1327 294 1344 310 α
1371 286 1467 321 πέφυκε
1495 283 1542 311 διὰ
1565 286 1611 314 τὴν
1640 284 1765 311 ἐπίτασιν
1799 286 1866 310 καὶ
1898 293 1941 309 τιτι

1077 329 1173 357 ἄνεσιν.
1189 331 1299 366 Πότερον
1318 327 1364 355 διὰ
1380 328 1500 355 ταῦταέν
1524 330 1583 360 ταῖς
1608 329 1753 366 συζυγίαις
1787 328 1836 358 δὴ
1869 331 1941 354 ταύ-

1076 383 1134 404 ταις
1164 376 1214 399 πᾶν
1238 374 1334 410 ἄτομον
1362 375 1559 411 περιγράφεται,
1589 376 1634 400 καὶ
1670 375 1771 405 πάντες

1077 429 1122 446 ποι
1147 418 1311 448 ἐννενήκοντα
1337 420 1401 456 πρὸς
1425 420 1481 450 τόῖς
1509 417 1587 445 δυσίν
1611 419 1673 453 εἰσι,
1695 421 1743 445 καὶ
1772 420 1787 445 ὁ
1826 419 1942 447 ἁπλοῦς

1077 466 1123 490 καὶ
1144 465 1169 490 οἱ
1195 467 1243 495 τῆς
1270 463 1424 501 ἂντιῤῥὸπον
1451 463 1524 496 ἑπτὰ,
1555 463 1603 489 κᾶν
1622 463 1744 490 ἱπίτασιν
1772 466 1791 493 ἦ

1078 512 1136 540 ταῖς
1146 509 1252 539 οἰκείαις
1266 507 1444 544 ἐπιδέχωνται
1471 508 1622 544 συξυγίαιν,
1653 510 1742 544 οῐτομα
1775 507 1812 535 δξ
1849 509 1943 538 αὐτ-ἐς

1078 554 1182 591 ἅπιιρα,
1199 553 1252 590 οὐχ
1269 554 1301 583 ὡς
1320 552 1392 584 ἐκτὸς
1418 554 1480 578 ὄντα
1511 557 1561 579 τῶν
1588 553 1733 589 συζυγιῶν,
1767 552 1852 579 ἀλλὰ
1894 552 1942 579 5::

1077 601 1124 628 τὴν
1145 597 1217 625 ἔνδον
1233 598 1257 624 ἐν
1283 597 1389 629 ὶκείνοις
1414 598 1497 624 αὐτῶν
1528 597 1646 624 ἐπίτασίν
1671 607 1698 624 τε
1732 600 1784 624 καὶ
1818 599 1940 626 ἄνεσιν.

1077 640 1107 670 Ὀ
1133 644 1177 680 μὲν
1211 641 1254 669 οὖν
1287 643 1410 679 ἡμέτερος
1441 641 1560 668 ἐνταυθοῖ
1580 642 1656 678 λογος
1684 645 1731 671 τὴν
1759 647 1818 669 τῶν
1866 643 1942 669 ἑπτὰ

1078 691 1124 715 τοῦ
1143 688 1248 724 λογικοῦ
1284 689 1350 719 ζώου
1388 690 1469 724 μερῶν
1501 689 1637 713 κοινωνίαν
1666 685 1830 714 ἐσπούδασε
1875 686 1940 713 δεῖ·

1079 733 1132 767 ξαι,
1162 734 1207 759 καὶ
1230 735 1306 758 τοῦτο
1336 733 1403 758 κατά
1425 733 1454 758 τὸ
1482 731 1608 769 παρέλκον
1643 731 1689 758 κᾶν
1720 735 1784 763 ταῖς
1829 742 1938 758 10m-

1825 374 1944 409 ἅνθρω-

1841 465 1942 489 ἀνείη

1078 780 1144 808 νίαις
1158 777 1342 814 συμϐάλλεται.
1375 776 1432 803 Ἵνα
1459 774 1488 803 δὲ
1511 778 1556 802 καὶ
1582 777 1646 813 πρὸς
1675 777 1688 802 ὁ
1716 779 1823 814 πέφυκε
1863 781 1937 813 μευ

1079 823 1191 851 ἑκάστην
1225 821 1354 857 συζυγίαν
1378 824 1460 847 ποιεῖν
1490 821 1503 846 ὃ
1529 825 1600 847 ποιεῖ
1638 822 1735 857 ἄτομον
1777 820 1934 858 δείξωμεν,

202 867 242 891 σίν
259 874 286 890 τι
305 867 350 890 καὶ
369 865 455 891 ἄνεσιν
476 864 500 890 ἄν
519 869 555 901 τῷ
574 866 624 891 τὼν
644 865 708 892 ἑπτά
738 867 860 892 ’ἰιττανται
892 866 953 903 ὅρῳ,
974 870 1023 892 τῶν
1041 867 1063 894 Β
1079 867 1126 894 οὐκ
1154 866 1308 902 ὀκνήσομεν,
1342 864 1388 891 κᾶν
1465 867 1596 902 φορτικὸν,
1621 867 1666 891 καὶ
1697 867 1727 891 τὸ
1755 867 1805 902 μὲν
1856 866 1938 895 ἐδτὲς

201 919 218 935 α
238 908 255 945 β
274 919 291 945 γ
311 907 416 938 δηλαδὴ
431 919 442 936 ε
461 909 477 940 ζ
496 919 511 938 η
533 910 555 937 θ.
577 909 708 937 ’Ἄλλοιδέ
721 919 750 946 γε
768 912 826 936 ὅσοι
852 909 909 941 ταῖς
935 909 962 936 ἐκ
982 920 1025 947 μι-

201 954 328 980 ταθέσεων
354 956 399 980 καὶ
437 953 579 990 ἐναλλαγῶν
620 959 670 981 τῶν
710 954 843 991 συζυγιῶν
879 957 1021 991 γίγνονταιο

202 997 298 1025 ἀλλοῖοι
312 997 341 1026 di
367 999 424 1026 ὅσοι
452 1009 500 1035 μιᾳ
533 999 627 1036 ἑκάστῃ
657 1000 772 1036 συζυγίᾳ
797 999 865 1031 ὶντός
888 1003 937 1026 τῶν
958 1001 1022 1037 ὅρων

202 1043 283 1074 αὐτῆς
300 1044 431 1080 ἱστάμενοι
450 1043 506 1070 κατ’
532 1043 652 1071 ὄπίτασίν
678 1044 728 1071 εἰσι
755 1046 800 1070 καὶ
827 1045 923 1071 ἄνισιν.
948 1044 1024 1080 Ἔχει

203 1087 232 1115 δὲ
247 1088 344 1120 πλάτος
367 1089 489 1115 αὐτὸκαὶ
519 1091 667 1119 στενότητα.
684 1089 785 1116 Μᾶλλον
808 1091 859 1126 γὰρ
882 1091 927 1115 καὶ
949 1090 1024 1118 ἧττον

202 1133 232 1159 οὒ
246 1131 374 1170 διακρίνει
388 1143 429 1164 τις
443 1134 562 1169 θυμικὸν,
587 1133 640 1160 οὒτ’
669 1134 698 1160 οὗ
723 1133 921 1170 ἐπιθυμητικὸν⁹
948 1138 1025 1161 τοῦτο

203 1177 300 1207 πλάτος
314 1176 404 1206 ἐπειδὴ
420 1177 450 1203 οὐ
463 1176 613 1214 διωρισται,
627 1178 680 1214 οὐχ
699 1179 733 1209 ὡς
761 1179 801 1204 ὅτι
828 1177 857 1205 δὴ
886 1181 935 1205 πᾶν
961 1178 1026 1205 πλά-

203 1231 247 1251 τος
272 1221 342 1247 ἐστὶν
369 1220 531 1259 ἁδιόριστον,
557 1221 612 1248 ἀλλ’
640 1223 681 1249 ὃτι
714 1221 866 1259 ἁδιόριστον
897 1224 957 1250 ποτὶ
981 1224 1026 1260 μὶν

204 1266 260 1303 ἔχει
275 1268 319 1292 καὶ
331 1265 436 1302 πλάτος,
449 1268 512 1294 ποτὶ
542 1265 572 1294 δὲ
599 1269 643 1295 καὶ
675 1267 771 1299 πλάτος
804 1267 884 1302 ἐστὶν,
906 1270 1026 1298 στενότη-

1077 915 1128 938 τῶν
1152 912 1282 946 συζυγιὼν
1310 910 1325 939 ἤ
1351 912 1397 936 καὶ
1421 908 1501 940 ἄλλως
1527 913 1579 935 τῶν
1611 910 1763 944 ἔπιστήμην
1806 909 1936 936 ἐπιβα-

1077 958 1158 992 μένων
1182 954 1356 991 φυσιολογιῖν,
1391 954 1443 990 οὐχ
1469 955 1504 986 ὡς
1530 955 1613 991 ἡμεῖς,
1651 953 1707 980 ἀλλ’
1744 954 1781 985 ὡς
1820 957 1937 990 πέφυκε

1077 1002 1121 1027 καὶ
1150 999 1265 1036 μάλιστα
1288 1001 1438 1036 κρειττόνως
1467 1000 1492 1025 οἱ
1518 999 1627 1029 πλείους.
1666 999 1806 1034 Συζυγίας
1833 997 1868 1025 δὲ
1903 1009 1935 1033 Ίῑ

1078 1045 1166 1072 οὓποτ¹
1195 1044 1224 1070 ἂν
1254 1044 1338 1081 ἑτέρας
1367 1045 1465 1070 τούτων
1490 1053 1532 1075 τις
1573 1045 1645 1081 εὕρῃ,
1684 1043 1746 1070 οὒτε
1785 1043 1931 1078 ἓναλλαγῇ

1079 1089 1265 1124 ἂνηλλαγησαν,
1298 1089 1338 1114 ὃτι
1367 1087 1425 1114 οὒτε
1448 1090 1500 1124 μὴν
1531 1089 1677 1125 μεταθέσει,
1708 1088 1751 1114 ὅτι
1781 1090 1933 1125 (curiﬁn-

1081 1143 1127 1160 σαν
1153 1134 1260 1171 ἄριστα·
1287 1132 1341 1159 ἁλλ’
1366 1134 1442 1169 ἡμιῖς
1467 1135 1519 1169 μὴν
1545 1131 1719 1169 ἐνδεχομένως
1755 1137 1823 1169 μιᾶς
1864 1134 1931 1159 ἑλά-

1081 1188 1145 1209 στης
1178 1179 1274 1214 ἄτομον
1312 1177 1492 1214 ἐπεξέλθωμεν,
1539 1177 1754 1214 φυσιολογοῦντες
1808 1176 1932 1213 ἐνδεχο-

1080 1225 1162 1261 μένως
1175 1225 1235 1261 περὶ
1248 1222 1340 1256 αὐτοῦ,
1357 1224 1402 1248 καὶ
1427 1221 1479 1248 οἷον
1508 1220 1734 1260 προοδιυσώμιθοι
1764 1227 1820 1248 τῶν
1857 1222 1930 1258 βον-

1079 1268 1191 1305 λὸμένων
1205 1267 1375 1304 εἰσέρχεσθαι
1390 1266 1415 1294 ἐν
1431 1267 1511 1303 αὐτῷ,
1536 1267 1583 1293 κᾶν
1612 1264 1793 1303 ἐνδεχομένως
1819 1265 1852 1294 δέ
1883 1277 1929 1303 γε.

204 1355 386 1391 gationibus,
401 1358 428 1384 et
442 1356 472 1384 in
485 1356 647 1385 individuis
660 1365 728 1394 quae
743 1365 779 1386 ex
793 1357 849 1386 illis
860 1359 1028 1395 temperan-
1043 1358 1063 1387 C
1083 1358 1251 1386 coarctatur
1270 1356 1369 1392 etiam,
1387 1356 1460 1393 quia
1482 1363 1502 1385 α
1528 1355 1668 1384 secundae
1688 1356 1931 1392 conjugationis

205 1402 261 1428 tur.
276 1402 377 1437 Neque
391 1401 481 1436 igitur
495 1401 596 1438 plures
612 1402 774 1439 quisquam
785 1402 912 1439 reperiet
924 1403 1028 1438 conju-

204 1444 352 1479 gationes,
364 1445 421 1474 nisi
434 1446 565 1483 captiose
579 1449 666 1481 agat:
682 1454 780 1483 neque
795 1455 898 1475 rursus
905 1447 1027 1484 paucio-

204 1496 252 1517 res
266 1489 323 1518 nisi
338 1498 444 1519 manca
456 1493 484 1519 et
497 1491 667 1528 imperfecta
681 1492 849 1527 cognitione
864 1491 1007 1529 praeditus
1020 1499 1027 1519 :

204 1541 274 1562 cum
289 1534 376 1563 nobis
388 1543 494 1564 omnes
513 1536 571 1565 sint
586 1544 713 1564 numero
724 1537 959 1573 comprehensae,
973 1544 1028 1564 nec

203 1580 326 1608 ulterius
341 1581 481 1616 progredi
491 1580 592 1609 liceat:
602 1588 707 1617 nempe
717 1589 736 1609 (ι
747 1582 763 1609 b
775 1590 790 1610 ι·
805 1590 820 1610 e
832 1582 852 1617 Γ
859 1589 878 1617 g
891 1582 911 1610 Ιι
922 1583 1030 1618 tempe-

203 1627 271 1653 rant
286 1625 453 1661 simplicem
469 1625 634 1660 hominem,
654 1626 902 1663 quandoquidem
916 1625 1030 1662 simpli-

204 1677 271 1697 ccm
285 1670 530 1706 conjugationem
545 1671 737 1699 constituunt.
747 1671 916 1707 Simplicem
929 1672 1029 1698 autem

204 1714 359 1742 hominem
370 1717 399 1742 et
411 1715 576 1751 simplicem
592 1715 836 1751 conjugationem
852 1723 907 1752 pro
922 1714 1030 1743 eodem

205 1765 329 1794 usurpo,
351 1766 461 1794 nempe
482 1767 538 1795 pro
553 1759 680 1795 perfecte
705 1762 868 1796 temperato
896 1759 1028 1793 homine,

206 1809 259 1830 seu
274 1802 401 1838 perfecte
416 1804 809 1840 temperataconjugatione.
820 1804 1030 1832 Aliarumvero

206 1847 450 1883 conjugationum
461 1856 653 1885 unaqumque
667 1857 751 1877 suam
765 1849 855 1877 habet
867 1848 1031 1885 proprieta-

206 1893 275 1920 tem.
292 1893 402 1921 Omnes
417 1893 982 1930 igitur-hominessuntnonagintaduo:
1004 1895 1032 1921 et

206 1937 335 1974 simplex
351 1946 460 1974 nempe
484 1938 631 1974 perfectus
657 1947 664 1966 :
694 1938 824 1974 itemque
850 1938 891 1966 illi
919 1945 970 1975 qut
995 1945 1031 1966 ex

207 1983 321 2017 septem
337 1981 463 2018 simplici
478 1982 681 2018 conjugationi
695 1982 946 2019 respondentibus
961 1984 1032 2010 tem-

1083 1403 1293 1439 comparatum
1317 1409 1387 1429 cum
1412 1400 1470 1429 alio
1512 1408 1531 1429 a
1557 1401 1693 1436 ejusdem
1724 1401 1929 1437 conjugatio-

1082 1447 1129 1475 nis
1144 1448 1208 1474 tum
1222 1445 1429 1474 remissionem
1445 1447 1508 1473 tum
1525 1445 1613 1473 etiam
1630 1445 1837 1474 intensionem
1854 1454 1929 1474 sus-

1083 1491 1164 1528 cipit.
1179 1492 1278 1527 Neque
1290 1498 1361 1518 vero
1383 1492 1491 1519 natura
1514 1490 1556 1518 ita
1582 1493 1796 1527 comparatum
1829 1493 1925 1523 esset,

1083 1536 1139 1564 nisi
1150 1536 1252 1564 omnia
1263 1535 1418 1564 individua
1432 1543 1451 1564 a
1466 1535 1602 1572 ejusdem
1621 1535 1853 1572 conjugationis
1877 1544 1927 1564 se-

1084 1580 1190 1609 cundae
1201 1582 1300 1608 essent
1310 1580 1480 1608 necessario
1492 1582 1613 1616 prOpter
1626 1579 1765 1608 videlicet
1773 1580 1927 1608 intensio-

1083 1633 1154 1653 nem
1169 1627 1197 1653 et
1211 1624 1429 1653 remissionem.
1445 1625 1548 1653 Utrum
1561 1625 1649 1659 igitur
1663 1624 1694 1652 in
1708 1624 1757 1652 his
1769 1626 1927 1661 conjuge.-

1085 1669 1214 1698 tionibus
1225 1676 1314 1697 omne
1323 1668 1491 1696 individum
1503 1669 1665 1697 includitur
1678 1671 1705 1697 et
1716 1670 1926 1705 comprehen-

1084 1714 1163 1742 ditur
1173 1714 1187 1741 ?
1202 1715 1230 1742 et
1240 1721 1345 1742 omnes
1355 1715 1423 1741 sunt
1433 1714 1606 1749 monaginta
1622 1714 1682 1742 duo
1698 1721 1770 1742 cum
1783 1714 1926 1750 simplice

1084 1760 1112 1786 et
1121 1758 1177 1786 illis
1194 1760 1309 1794 septem
1322 1757 1375 1794 qui
1389 1758 1456 1794 pari
1470 1758 1497 1785 vi
1514 1758 1640 1794 parique
1651 1757 1794 1786 facultate
1807 1759 1922 1794 conju-

1085 1802 1196 1838 gationi
1208 1801 1333 1838 simplici
1348 1801 1547 1838 respondent;
1558 1805 1658 1830 utrum
1671 1802 1763 1830 etiam
1774 1803 1924 1831 intensio-

1084 1855 1155 1875 nem
1175 1849 1202 1875 et
1230 1846 1438 1874 remissionem
1465 1846 1625 1882 qualitates
1644 1847 1675 1874 in
1703 1847 1767 1874 suis
1787 1854 1921 1883 quaeque

1085 1891 1347 1928 coujugationibus
1363 1890 1554 1927 suscipiunt?
1577 1891 1822 1928 uniuscujusque
1849 1899 1921 1919 vero

1085 1936 1304 1972 conjugationis
1321 1935 1476 1963 individua
1495 1937 1566 1963 sunt
1580 1935 1698 1964 inﬁnita
1718 1944 1725 1963 :
1754 1943 1820 1964 non
1835 1936 1920 1972 quod

1086 1981 1144 2009 sint
1158 1982 1240 2008 extra
1255 1980 1336 2016 ipsas
1351 1979 1588 2015 conjugationes,
1603 1980 1655 2008 sed
1673 1982 1798 2017 propter
1821 1981 1917 2009 inten-

208 2028 359 2062 perantur.
376 2027 467 2054 Porro
480 2034 585 2054 omnes
600 2029 691 2063 atque
703 2027 779 2055 adeo
806 2027 934 2063 simplex
962 2028 1031 2055 sunt
1047 2033 1069 2060 ι)
1086 2025 1201 2053 sionem
1217 2026 1245 2052 et
1259 2024 1466 2052 remissionem
1475 2032 1605 2060 quarum
1616 2027 1743 2061 utraque
1753 2025 1836 2053 intra
1850 2033 1918 2053 con-

206 2070 322 2104 inﬁniti,
352 2078 414 2098 non
443 2070 611 2099 secundum
640 2071 721 2099 aliud
744 2074 834 2108 atque
860 2071 951 2105 aliud,
980 2071 1033 2099 sed

209 2118 358 2152 quatenus
372 2115 446 2143 alius
462 2115 616 2152 quispiam
630 2118 769 2152 estutque
778 2116 929 2144 dissimilis
941 2124 947 2143 :
960 2124 1032 2144 nam

208 2160 291 2188 aliud
302 2159 462 2188 essentiam
478 2160 633 2195 signiﬁcat,
655 2163 682 2189 et
704 2161 783 2189 aliud
814 2161 1002 2189 individuum
1024 2169 1031 2188 :

209 2204 353 2233 dissimile
365 2213 432 2232 vero
443 2205 641 2234 intensionem
657 2208 685 2234 et
701 2206 1032 2235 remissionem.0mnes

208 2250 297 2285 igitur
310 2249 469 2278 aliusmodi
485 2251 686 2287 purgationes,
712 2259 900 2288 quaecunque
925 2259 1033 2278 secun-

209 2294 278 2322 dum
286 2295 486 2324 intensionem
496 2298 524 2323 et
531 2296 735 2324 remissionem
743 2295 1034 2332 sunttemperatue,in

211 2339 338 2367 termino
348 2342 462 2376 septem
473 2340 651 2369 consistunt:
662 2348 770 2376 nempe
781 2348 799 2368 a
809 2340 825 2368 b
834 2341 914 2375 cefg
924 2340 954 2369 Ιι.
962 2340 1032 2368 Alite

209 2383 332 2420 quidem
362 2387 431 2413 sunt
455 2387 603 2421 quotquot
627 2393 663 2413 ex
692 2384 974 2420 transpOsitionibus
1006 2385 1035 2412 et

209 2429 476 2465 permutationibus
482 2429 726 2465 conjugationum
733 2430 879 2457 constant.
892 2431 926 2457 At
941 2429 1033 2456 dissi—

209 2473 295 2502 miles
312 2476 382 2502 sunt
395 2476 544 2511 quotquot
562 2474 593 2502 in
614 2481 797 2509 unaquaque
822 2473 1034 2509 conjugatione

209 2519 287 2547 intra
301 2519 395 2556 ipsius
411 2519 550 2547 terminos
571 2518 734 2546 consistunt
749 2517 921 2554 habentque
937 2518 1034 2546 latitu-

209 2564 310 2592 dinem
321 2566 349 2591 et
357 2564 599 2592 coarctationem.
609 2564 699 2591 Nemo
707 2563 788 2590 enim
795 2563 950 2598 distinguit
960 2563 1035 2591 inter

209 2609 389 2637 iracundum
405 2611 432 2636 et
448 2607 591 2644 cupidum
609 2607 775 2635 secundum
786 2607 858 2635 illud
884 2607 966 2643 quod
992 2609 1036 2636 est

209 2654 307 2689 magis
323 2655 351 2682 et
365 2654 465 2681 minus
482 2661 487 2681 :
505 2652 823 2689 quandoquidemhuac
836 2652 960 2681 latitudo
973 2661 1035 2681 non

211 2698 509 2727 estdeiinitaetcerta.
520 2700 583 2727 Non
592 2698 674 2734 quod
681 2698 774 2726 omnis
781 2698 906 2726 latitudo
912 2697 1036 2726 sitinde-

211 2743 304 2777 ﬁnita,
318 2743 371 2771 sed
377 2744 448 2780 quia
456 2743 531 2772 illud
538 2743 620 2779 quod
629 2745 675 2771 est
686 2743 871 2771 indeﬁnitum
884 2742 1035 2772 interdum

213 2786 299 2816 etiam
314 2787 499 2817 latitudinem
505 2787 598 2817 habet
604 2787 751 2816 interdum
761 2796 829 2818 vero
844 2790 888 2818 est
897 2788 1035 2824 latitudo,

1084 2069 1256 2106 jugationes
1270 2069 1406 2105 ipsorum
1430 2069 1565 2097 consistit
1592 2069 1606 2097 ?
1621 2069 1683 2097 Hoc
1699 2069 1791 2104 igitur
1818 2073 1918 2098 nostro

1087 2122 1226 2142 sermone
1242 2116 1356 2149 septem
1369 2113 1498 2150 partium
1515 2114 1652 2142 animalis
1667 2115 1785 2142 ratione
1803 2114 1918 2151 przediti

1088 2158 1332 2188 communionem
1343 2158 1442 2186 conati
1453 2167 1558 2186 sumus
1570 2159 1741 2191 ostendere,
1753 2159 1845 2194 cujus
1858 2159 1920 2195 qui-

1087 2204 1157 2232 dem
1163 2203 1305 2232 doctrinae
1314 2211 1403 2230 usum
1411 2203 1441 2231 in
1450 2203 1716 2231 communionibus
1722 2211 1829 2232 rerum
1839 2206 1920 2232 natu-

1087 2248 1315 2282 raliumlongius
1324 2247 1472 2284 latiusque
1479 2247 1618 2275 diffusum
1627 2247 1740 2276 habere
1749 2257 1919 2284 possumus.

1088 2295 1177 2321 Porro
1192 2291 1265 2320 illud
1281 2299 1298 2320 a
1311 2292 1394 2328 quod
1414 2300 1604 2329 unaquaeque
1619 2292 1797 2327 coniugatio
1812 2293 1920 2321 indivi—

1088 2338 1183 2365 duum
1198 2336 1281 2373 quod
1296 2336 1365 2364 facit
1389 2336 1485 2365 facere
1500 2337 1584 2371 solet,
1601 2337 1759 2365 ostendere
1774 2345 1838 2366 non
1856 2345 1919 2373 gra-

1088 2382 1238 2415 vabimur,
1251 2381 1367 2409 etiamsi
1384 2382 1518 2410 tractatio
1528 2382 1592 2409 hiec
1616 2382 1726 2416 negotii
1739 2385 1768 2410 et
1778 2382 1916 2410 molestiae

1088 2427 1179 2464 plena
1193 2427 1238 2454 sit.
1266 2429 1305 2454 Ac
1318 2426 1418 2463 plures
1435 2426 1558 2463 quidem
1578 2426 1628 2455 alii
1654 2427 1685 2454 in
1711 2426 1770 2455 hac
1800 2427 1917 2456 scientia.

1090 2471 1239 2501 exercitati
1255 2471 1424 2508 potuissent
1433 2471 1540 2500 melius
1551 2479 1613 2500 non
1627 2480 1662 2500 eo
1674 2472 1768 2500 modo
1779 2480 1843 2509 quo
1855 2481 1915 2506 nos,

1089 2517 1146 2550 sed
1161 2525 1221 2553 quo
1237 2519 1325 2553 pacto
1336 2517 1467 2544 maxime
1482 2517 1613 2553 oportuit
1627 2516 1704 2545 intra
1719 2517 1804 2554 ipsas
1819 2518 1917 2553 conju-

1089 2561 1235 2598 gationes,
1249 2563 1301 2589 aut
1316 2561 1401 2589 aliter
1411 2561 1476 2589 haec
1487 2562 1590 2590 omnia.
1602 2561 1752 2598 explicare
1765 2565 1796 2590 et
1811 2565 1915 2599 pertra-

1090 2610 1178 2636 ctare.
1193 2609 1227 2635 At
1235 2607 1464 2642 conjugaliones
1473 2607 1545 2635 alias
1554 2610 1659 2644 praeter
1667 2607 1733 2635 illas
1743 2615 1835 2636 nemo
1844 2612 1915 2645 pote-

1089 2653 1127 2681 rit
1145 2653 1284 2688 reperire,
1299 2659 1482 2688 quocunque
1505 2652 1597 2681 modo
1616 2652 1755 2680 immutet
1769 2656 1800 2680 et
1828 2656 1915 2681 trans-

1091 2699 1183 2734 ponat
1193 2696 1280 2733 :quia
1287 2696 1501 2732 perfectissime
1510 2698 1686 2733 permutatae
1695 2699 1724 2725 et
1732 2698 1912 2733 transpositze

1091 2744 1169 2770 sunt.
1181 2743 1289 2769 Verum
1300 2749 1356 2769 nos
1366 2743 1520 2778 utcunque
1530 2742 1769 2778 uniuscujusque
1780 2743 1911 2778 conjuge-

1091 2787 1183 2816 tionis
1208 2786 1397 2816 individuum
1423 2786 1618 2824 explicemus,
1643 2788 1673 2815 et
1697 2786 1779 2815 hanc
1800 2795 1909 2824 quoque
