1967 3080
17 87 75 114 313

487 83 664 114 THEODORI
691 84 718 113 II
736 84 809 113 IMP.
828 84 873 116 DE
893 83 1124 114 COMMUNIONE
1143 77 1327 112 NATURALI.

1693 84 1761 112 1314

17 158 46 174 τε
83 146 120 174 δὶ
151 151 210 176 καὶ
249 140 419 186 κρειττόνως
448 149 484 185 μὴ
525 149 679 185 μεμφθῶμεν
708 148 779 185 παρὰ
811 157 879 178 τινος
896 147 920 181 Α
934 157 989 184 μεν,
1011 147 1068 173 οὗτε
1081 147 1111 173 τὸ
1124 146 1263 182 ἀναγκαῖον
1280 156 1287 162 ·
1305 148 1331 172 οἳ
1344 143 1368 171 δ’
1385 144 1425 171 ὅτι
1451 145 1476 171 οἱ
1500 145 1566 181 μιτὰ
1590 145 1695 176 τούτους
1716 145 1762 171 αὖ-

17 193 217 225 ξετάσοιντες.
269 192 368 220 Οἶδας-ι
405 194 455 230 γὰρ
489 194 513 220 οἱ
542 192 708 230 διερχόμενοι
734 192 881 229 ἔπεσι-ήμην

17 242 64 267 πῶς
96 236 146 264 δεῖ
172 238 356 274 φυσιολογεῖν
382 241 426 264 καὶ
449 242 505 268 πῶς
533 238 684 274 οἰκοινομεῖν
703 246 730 263 τε
753 239 797 264 καὶ
823 236 883 263 συλ-

17 283 191 319 .ογίζεσθαι
207 294 214 300 ·
251 282 294 310 διὸ
310 287 378 310 πᾶσι
404 285 449 320 μὲν
464 293 508 309 και
531 284 616 312 πάντη
637 283 682 309 καὶ
707 284 775 309 κατὰ
798 283 883 309 πάντα

17 331 45 362 τῷ
82 330 272 366 Σταγειρίτῃ
306 329 458 364 πειθόμεθα,
491 327 660 364 φυσιολογικῇ
687 325 717 354 δὲ
740 330 785 354 καὶ
810 327 883 354 αὐτοὶ

18 371 210 409 πιϐάλλομεν
251 371 338 409 φειδοῖ
378 377 423 399 τοῦ
459 371 564 410 ἀνδρὸς,
603 371 765 409 ἀναιροῦντες
786 374 883 401 ταύτην

17 427 58 446 ἠν
81 415 180 448 δόξαν
197 417 233 443 ἐκ
262 419 362 449 ταύτης
386 418 425 453 (1)
452 422 501 444 τῶν
521 418 795 454 χαρακτηρισμάτωυ.
814 416 883 444 Οὐδὲ

17 462 75 499 γὰρ,
108 460 258 498 ἀνδρεῖος
290 463 302 488 ὀ
327 462 427 498 μεγάλα
451 463 519 498 ἔχων
543 463 577 488 τὰ
597 462 757 499 ἀκρωτήρια,
787 462 884 498 φάσκο-

17 515 68 539 ιεν,
103 505 183 532 ἀλλὰ
227 508 276 533 τὸν
303 507 385 537 οὕτως
408 508 570 544 ἡρμοσμένον
600 507 615 536 ἡ
650 506 729 537 οὕτως
758 510 814 537 ταῖς
839 516 884 533 συ-

17 553 131 586 ζυγίαις
157 561 165 567 ·
196 550 260 577 ἐκεῖ
287 552 338 586 γὰρ
366 552 513 586 σχημάτων
551 548 676 586 διαφορὰ,
720 549 810 577 ἐνθαδὶ
855 548 884 577 δὲ

17 599 118 631 (υμῶν
151 598 209 621 καὶ
239 594 336 631 ψυχῆς
357 600 440 632 μερῶν
471 594 612 631 ἰδιώματα,
636 593 743 621 καὶδιά
766 599 842 621 τοῦτο
854 596 884 621 τὸ

17 641 220 676 συναγόμενον
262 641 349 666 ὁποῖόν
386 640 444 666 ἐστι
486 640 659 669 καταληπτόν.
682 641 726 666 Διὸ
749 642 809 677 περὶ
838 641 883 675 μὲν

17 688 65 715 τῆς
92 689 152 710 τῶν
188 685 336 721 συζυγιῶν
371 684 468 717 τάξεως
497 688 542 711 καὶ
570 685 692 722 εὑρέσεως
718 687 763 711 καὶ
791 685 883 716 θέσεως

17 732 66 756 καὶ
107 729 273 766 ἐξαλλαγῆς
309 728 498 760 ἀποδεικτικῶς
539 730 648 761 εἰπόντες
684 729 731 756 οὐκ
768 729 798 756 ἆν
825 731 883 766 ἔρυ-

196 550 260 577 inci
287 552 338 588 ’γὰρ
366 552 513 587 σχημάτων
551 548 676 588 διαφορὰ,

18 775 199 811 θριάσοιιμεν
228 777 348 808 πώποτ-ς,
389 775 476 813 ὅτιπερ
514 774 650 811 εἰρήκαμεν
689 776 757 801 κατά
794 776 883 811 φύσιν,

933 195 985 222 τοῖς
1019 194 1078 229 περὶ
1100 193 1130 217 τὸ
1173 191 1333 227 φυσιολογεῖν
1361 189 1547 227 ἀναντιῤῥὴτως
1576 190 1760 227 φιλοτιμήσον-

934 246 987 270 ται,
1013 235 1056 263 διὸ
1077 236 1107 265 ἣν
1131 235 1222 263 ἐκεῖνοι
1251 237 1314 273 πρὸς
1337 237 1397 266 τοὺς
1423 234 1480 266 ἐξής
1503 237 1550 264 τὴν
1570 233 1594 261 ἐν
1618 238 1676 266 ταῖς
1698 245 1761 272 γρα-

935 285 995 317 φαῖς
1025 284 1182 317 συγγνώμην
1218 281 1359 314 ἐθέλουσιν,
1385 279 1412 312 ἐξ
1440 279 1523 306 αὐτῶν
1554 280 1628 315 ἡμεῖς
1650 279 1762 311 ἐξαιτού-

936 327 1010 363 μεθα.
1046 330 1128 352 Τοῦτο
1156 324 1185 352 δὲ
1212 325 1270 352 οὔτε
1299 324 1383 362 δειλίᾳ
1410 326 1442 355 ὡς
1467 327 1563 361 πέφυκε
1581 326 1708 361 γέγραφα,
1729 325 1763 356 ὡς

935 374 982 401 τὴν
1018 371 1075 397 κατ’
1101 371 1145 408 ἐμὲ
1164 372 1250 407 γενεὰν
1279 372 1323 406 ἐμὲ
1348 369 1444 397 εἰδέναι
1476 372 1557 407 μέχρι
1583 371 1627 396 καὶ
1645 373 1695 395 τῶν
1720 368 1765 406 ἀρ-

935 416 1020 454 ρήτων
1049 415 1117 446 ἐντὸς
1150 419 1196 446 τῆς
1223 415 1376 452 φιλοσοφίας
1409 417 1563 451 γιγνώσκειν
1589 413 1762 450 ἀφιλονείκως,

936 461 994 486 οὔτε
1031 462 1060 487 τὸ
1092 461 1204 496 κρυπτὸν
1242 458 1314 496 εἶχόν
1340 469 1368 486 τε
1402 461 1447 485 καὶ
1472 457 1630 495 κερδωτικόν
1651 457 1694 484 οἶα
1716 459 1765 485 πά·

937 515 1038 543 σχουσι
1057 506 1081 532 οἱ
1101 505 1200 541 πολλοὶ,
1230 507 1274 533 τὴν
1297 501 1449 533 συνείδησιν
1478 503 1624 534 ἀπατῶντες
1653 505 1697 529 καὶ
1725 512 1765 539 γε·

935 551 1027 578 λαστοὶ
1048 553 1176 587 γινόμενοι
1194 554 1230 586 τῷ
1249 549 1324 586 γελᾴν
1412 551 1456 575 καὶ
1482 547 1506 574 ἐν
1537 549 1638 583 οἰκεῖοι,
1661 547 1766 586 ὰρκύοις

937 595 1138 632 ἀγχονιζόμςνοι
1163 605 1170 612 ⁶
1195 594 1258 621 ἀλλὰ
1285 595 1422 631 φιλόσοφος
1449 594 1483 620 ὢν
1513 595 1604 620 καὶτὸ
1632 597 1765 620 ταπιινοϋ-

937 642 999 668 σθαι
1027 643 1160 676 γινώσκων
1189 639 1276 672 καλὸν,
1310 641 1353 665 καὶ
1383 640 1412 665 τὸ
1441 641 1543 676 μέτριον
1579 638 1682 675 ἀρετὴν,
1721 640 1766 664 καὶ

936 687 969 712 τὰ
992 686 1060 722 μὲσα
1088 684 1242 722 ἀκρότητας.
1268 686 1313 710 καὶ
1340 685 1388 714 τὰς
1413 682 1559 720 ἀκρότητας
1577 682 1600 708 ἐν
1627 684 1763 719 μεσότητι,

936 733 981 757 καὶ
995 732 1058 767 πρὸς
1074 731 1176 760 τούτοις
1189 732 1234 755 καὶ
1248 728 1290 755 ἐπὶ
1318 729 1418 758 τοῆτοις
1445 729 1484 754 ὅτι
1510 729 1611 760 θνητὸς,
1637 728 1677 753 ὃτι
1700 728 1767 764 πρὸς

938 773 1080 806 σνδούλους
1113 774 1177 811 βοῶ,
1216 775 1256 800 ὃτι
1290 775 1355 811 πρὸς
1392 773 1567 810 ἐπιστήμονας
1603 771 1765 809 διατὶοιμαι,

21 819 256 855 φυσιολογήσεῐν
298 817 328 846 δὲ
368 821 476 850 ταύταις
508 819 567 846 κατ’
598 819 704 856 ἄτομον,
747 820 805 846 οὔτε
833 821 883 855 μὴν
902 819 977 854 Bari.
1015 820 1049 850 εἷς
1079 822 1124 846 καὶ
1153 820 1229 856 μόνος
1256 818 1326 845 ἐστὶν
1353 819 1366 844 ό
1396 821 1492 856 κυρίως
1518 820 1563 844 καὶ
1582 819 1660 849 ὅντως
1690 819 1766 853 σοφὸς

23 863 234 901 ἀνακαλῶμέν
262 874 323 891 ποτε
355 865 409 891 οὗθ’
444 865 628 901 ὑποσταλῶμεν
671 865 740 901 αὐτῷ
778 867 822 890 καὶ
841 863 883 891 ἐπὶ

23 910 146 943 τούτοις,
180 909 248 935 οὗθ’
275 910 325 936 ὑπό
351 912 398 940 τὴς
423 910 494 935 κάτω
518 911 597 947 φορὰν
619 908 804 946 ἁχθησόμεθα,
831 908 883 935 ἀλλ’

27 950 226 990 ἐνδεχομένως
253 953 491 990 φυσιολογὴσαντες
518 955 552 985 ὡς
584 954 652 985 εἰκὸς
675 957 722 983 τὴν
750 952 884 992 διάκρισιν

28 1002 83 1028 τοῖς
111 1002 217 1035 σοφοῖς
258 997 433 1036 ἀναθήσομεν,
460 1002 513 1029 τοῖς
541 997 571 1025 δέ
598 1009 626 1035 γε
650 999 705 1034 μεθ’
737 999 804 1035 ἡμᾶς
827 998 884 1024 ἀνε-

33 1047 126 1080 ριννᾴν
158 1043 340 1080 βουλομένοις
359 1045 392 1071 τὰ
407 1043 565 1081 ἐνδεχόμινα
587 1045 645 1070 οὔτε
668 1045 744 1081 ἡμεῖς
770 1044 885 1071 κωλύσο-

36 1134 160 1168 partem
173 1133 330 1162 naturalis
343 1133 472 1162 scientiae
491 1133 550 1162 levi
563 1133 687 1162 brachio
707 1133 886 1169 attingamus

38 1179 66 1205 et
80 1178 176 1214 quasi
192 1186 369 1214 premamus
384 1177 440 1206 illis
454 1178 506 1215 qui
516 1186 598 1207 nunc
618 1186 760 1215 campum
771 1178 888 1214 ingredi

41 1221 200 1250 voluerint
212 1223 309 1259 idque
324 1222 475 1251 interdum
487 1222 598 1251 leviore
607 1222 732 1251 brachio
749 1225 782 1251 ut
811 1223 886 1251 dixi-

43 1274 112 1294 mus
126 1267 292 1295 interdum
302 1266 390 1295 etiam
400 1267 577 1300 accuratius,
586 1275 624 1296 ne
634 1268 709 1296 forte
719 1268 750 1295 in
761 1267 887 1303 alicujus

43 1311 320 1347 reprehensionem
329 1312 633 1348 nostriperscrutendi
645 1312 776 1340 studium
791 1312 887 1340 incur-

44 1358 98 1384 rat.
106 1357 185 1384 Nam
194 1356 250 1393 qui
257 1356 589 1392 philosophiamlitteris
600 1359 887 1392 persequuntur,no-

46 1403 184 1437 runtquo
191 1401 323 1437 pactoin
332 1401 457 1429 scientia
470 1401 599 1429 naturali
607 1401 718 1429 versari
729 1403 865 1437 oporteat
878 1408 885 1429 :

46 1453 106 1482 quo
140 1448 238 1482 pacto
264 1445 440 1474 distribuere
466 1447 496 1473 et
516 1445 685 1481 colligendo
709 1445 888 1474 concludere

938 866 1016 895 οὕτως
1058 863 1090 893 δὴ
1116 864 1190 900 λέγω,
1223 867 1310 890 πᾶσαν
1339 862 1369 890 δὲ
1409 865 1455 892 τὴν
1484 867 1589 899 γνώμην
1609 863 1682 899 ἡμῶν
1712 866 1767 893 τοῖς

1341 908 1548 946 προσκολλῶμεν.
1597 909 1649 936 Τήν
1686 909 1766 944 χάριν

939 953 968 981 δὲ
991 958 1037 981 τοῦ
1074 953 1177 990 βιϐλίου
1214 958 1259 983 τῆς
1287 952 1436 990 ἐπιστήμης
1465 951 1499 982 δὴ
1533 954 1632 983 ταύτης
1658 951 1767 983 ἐξαυτῆς

939 1001 986 1025 σὺν
1008 1003 1039 1035 τῇ
1070 1001 1211 1035 συγγνώμῃ
1238 998 1381 1035 αἰτούμεθα
1409 1007 1416 1015 ⁵
1444 996 1513 1024 ἴδιον
1540 998 1588 1034 γὰρ
1623 996 1766 1033 φιλοτιμεῖ-

940 1045 1002 1071 σθαι
1026 1047 1079 1074 τοῖς
1104 1045 1201 1077 ὁμοίοις
1227 1044 1251 1069 οἱ
1280 1044 1366 1080 ὅμοιοι
1381 1041 1528 1081 δωρήματα
1553 1043 1587 1069 τὰ
1605 1041 1765 1070 κατάλληλα.

937 911 1088 947 κρειττόνως
1135 909 1289 946 εὑρίσκουσι

940 1133 1133 1170 quisitionem
1146 1131 1549 1169 sapientibusrelinquemus.
1558 1131 1645 1165 Quod
1651 1129 1768 1168 quomi-

940 1186 998 1207 nus
1010 1178 1120 1207 faciant
1138 1185 1236 1213 neque
1254 1186 1272 1206 a
1290 1177 1389 1212 nobis,
1410 1185 1508 1213 neque
1544 1185 1562 1205 ο.
1576 1177 1638 1205 fato
1665 1176 1767 1212 aliquo

940 1222 1151 1260 impedientur.
1172 1222 1318 1259 Equidem
1331 1222 1389 1250 hoc
1400 1224 1480 1250 ccrto
1500 1221 1571 1256 scio,
1583 1221 1646 1249 fore
1665 1228 1701 1248 ex
1717 1228 1769 1256 po-

941 1268 1026 1296 steris
1038 1268 1156 1304 aliquos
1166 1267 1218 1303 qui
1229 1274 1290 1295 non
1296 1266 1520 1295 contradicendi
1528 1266 1626 1294 studio
1632 1265 1769 1294 eamdem

941 1311 972 1340 in
986 1312 1045 1340 hac
1057 1311 1254 1348 philosophiae
1265 1314 1349 1348 parte
1364 1319 1499 1348 operam,
1523 1312 1646 1347 ponant.
1671 1311 1769 1343 Quare

941 1364 1037 1393 quam
1054 1356 1095 1384 illi
1109 1356 1228 1384 veniam
1244 1356 1394 1392 aposteris
1411 1355 1607 1384 suislihenter
1616 1356 1768 1391 exspecta-

940 1401 1017 1430 bunt
1040 1401 1119 1429 hanc
1145 1409 1202 1429 nos
1241 1400 1280 1428 ab
1303 1400 1375 1436 ipsis
1408 1400 1548 1437 petimus.
1577 1401 1678 1437 Neque
1698 1406 1769 1428 vero

941 1446 1074 1481 ignaram
1089 1448 1118 1474 et
1137 1445 1375 1473 somniculosam
1385 1453 1509 1481 operam
1523 1446 1554 1473 in
1568 1444 1615 1472 his
1636 1443 1768 1472 conscri-

50 1497 173 1518 necesse
189 1491 242 1519 sit.
260 1490 374 1518 Idcirco
389 1490 419 1518 in
434 1490 576 1519 omnibus
592 1491 715 1519 omnino
743 1493 771 1519 et
785 1498 888 1519 secun—
904 1489 924 1517 G
941 1491 1048 1520 bendis
1067 1491 1236 1527 posuimus,
1259 1492 1288 1518 et
1303 1497 1406 1518 meum
1425 1490 1483 1518 hoc
1505 1489 1649 1518 saeculum
1668 1487 1769 1517 testari

51 1533 124 1563 dum
134 1535 245 1564 omnia
262 1535 407 1570 Stagiritm
425 1535 681 1571 obtemperamus,
693 1543 750 1563 nos
767 1543 889 1572 quoque

54 1579 185 1608 scientiae
201 1579 352 1608 naturalis
369 1580 495 1608 studiosi
510 1580 641 1609 rationes
670 1580 724 1608 viri
749 1580 826 1608 illius
850 1580 889 1609 ad

54 1624 138 1652 tenue
149 1626 178 1652 et
193 1625 236 1653 ad
253 1627 408 1652 concisum
428 1624 563 1653 elimatas
578 1625 673 1653 fusius
693 1624 887 1661 explicemus,

56 1667 204 1698 elicientes
219 1670 301 1698 hanc
316 1669 490 1706 opinionem
505 1678 539 1698 ex
554 1669 602 1697 ille
617 1677 685 1706 quae
699 1678 754 1707 per
768 1670 890 1706 insigni-

56 1713 100 1740 tas
114 1714 253 1750 corporis
274 1716 362 1742 notas
375 1714 532 1749 colligitur.
549 1715 648 1751 Neque
665 1715 746 1743 enim
761 1714 889 1743 dicimus

58 1756 135 1786 hunc
150 1759 181 1787 in
192 1759 323 1788 modum
339 1768 345 1787 :
363 1759 456 1787 Fortis
466 1759 513 1786 ille
525 1761 569 1787 est
583 1759 636 1796 qui
651 1767 780 1795 magnas
799 1760 891 1788 habet

61 1803 269 1838 extremitates;
282 1803 344 1832 sed.
359 1803 412 1836 Qui
424 1803 481 1832 hoc
493 1803 540 1832 vel
553 1803 604 1832 illo
623 1804 714 1832 modo
724 1804 891 1833 secundum

60 1847 288 1883 coniugationes
316 1849 500 1884 temperatus
520 1850 574 1876 est.
594 1849 668 1876 Nam
688 1856 724 1876 ex
742 1848 890 1884 insignitis

62 1892 191 1927 corporis
211 1892 293 1921 notis
312 1892 530 1928 ﬁgurationum
542 1892 704 1920 discrimen
720 1893 889 1922 considera-

61 1936 104 1962 tur
120 1943 127 1969 ;
142 1936 190 1965 hic
205 1939 308 1965 autem
322 1937 485 1965 humorum
505 1939 533 1965 et
552 1937 682 1973 partium
698 1937 807 1965 animae
822 1945 890 1974 pro-

61 1979 196 2014 prietates
208 1981 429 2018 expenduntur.
443 1983 505 2015 Quo
516 1982 549 2010 ﬁt
560 1984 591 2010 ut
601 1982 672 2010 illud
684 1982 767 2019 quod
775 1982 889 2011 ratione

64 2025 257 2060 concluditur,
280 2026 365 2055 tacite
396 2026 585 2062 intelligatur.
617 2028 691 2055 Cum
730 2027 820 2063 igitur
851 2027 889 2056 de

66 2070 309 2106 conjugationum
317 2071 433 2106 ordine,
455 2072 635 2107 inventione,
652 2071 846 2100 collocatione
861 2074 890 2101 et

65 2117 278 2148 permutatione
292 2118 430 2145 accurate
444 2116 584 2152 diximus,
598 2124 756 2153 nunquam
768 2117 887 2145 erubes—

942 1537 1039 1573 potest
1053 1534 1267 1571 respleresque
1278 1534 1410 1563 occultas
1432 1536 1460 1562 et
1493 1533 1533 1562 ab
1565 1534 1631 1570 ipsa
1661 1534 1770 1562 natura

943 1580 1093 1609 involutas
1110 1579 1182 1608 mihi
1196 1581 1314 1616 apertas
1334 1581 1365 1608 et
1399 1578 1575 1608 manifestas
1605 1578 1744 1607 exsistere
1761 1587 1767 1606 :

943 1633 1035 1662 quam
1048 1633 1120 1653 sane
1129 1623 1770 1660 cognitioneminsolenteretintemperanter

943 1679 1006 1706 prie
1019 1677 1067 1698 me
1079 1670 1155 1698 ferre
1175 1669 1278 1698 nolim.
1298 1671 1399 1706 Neque
1422 1669 1487 1697 haec
1515 1676 1627 1697 arcana
1650 1675 1770 1696 mecum

943 1714 1037 1743 habui
1047 1717 1154 1748 astute,
1169 1714 1449 1751 utsolentmultiqui
1459 1713 1674 1742 conscientiam
1682 1720 1770 1741 suam

944 1759 999 1795 ipsi
1013 1759 1129 1794 fallunt,
1146 1759 1202 1796 ipsi
1222 1767 1253 1787 se
1273 1758 1397 1787 ridicule
1411 1759 1534 1788 insanos
1553 1760 1714 1792 ostentant,
1735 1765 1771 1786 ac

945 1804 1006 1832 suis
1019 1804 1074 1840 ipsi
1087 1804 1199 1833 retibus
1212 1804 1385 1832 suffocatur.
1404 1805 1461 1833 Sed
1475 1812 1544 1832 cum
1564 1811 1619 1839 ego
1636 1803 1693 1831 sim
1705 1802 1771 1840 phi-

943 1848 1099 1886 losophus,
1112 1849 1266 1885 sciamque
1277 1849 1456 1877 modestiam
1463 1856 1527 1877 esse
1539 1856 1608 1877 eum
1614 1848 1771 1876 honestate

945 1894 1137 1930 conjunctam
1153 1896 1181 1922 et
1196 1894 1430 1923 moderationem
1448 1901 1512 1922 esse
1523 1893 1663 1921 virtutem
1673 1893 1771 1921 :itein~

944 1946 1002 1975 que
1013 1947 1081 1974 quae
1096 1938 1196 1967 media
1211 1938 1280 1974 sint,
1298 1946 1428 1975 quaeque
1439 1940 1571 1967 extrema
1585 1938 1616 1966 in
1630 1937 1772 1966 humanis

944 1983 1136 2011 actionibus:
1165 1985 1306 2020 praeterea
1328 1990 1398 2012 cum
1427 1983 1517 2012 sciam
1542 1990 1591 2011 me
1614 1981 1772 2011 mortalem

943 2036 1009 2056 esse
1016 2028 1149 2064 mihique
1155 2035 1241 2065 opem
1249 2035 1460 2057 conservorum
1468 2036 1534 2056 esse
1541 2027 1771 2064 implorandam:

943 2080 992 2101 me
1003 2081 1073 2101 cum
1089 2073 1275 2108 sapientibus
1295 2073 1418 2108 versari,
1438 2081 1534 2101 unum
1555 2072 1685 2109 denique
1705 2079 1771 2100 esse

942 2117 1071 2154 perfecte
1077 2120 1178 2146 etvere
1188 2118 1369 2154 sapientem:
1382 2117 1452 2146 Ideo
1463 2117 1494 2145 in
1504 2117 1584 2146 hanc
1595 2116 1774 2145 sententiam

66 2161 261 2198 cemus,quod
269 2161 479 2190 convenienter
488 2164 603 2190 naturae
618 2161 772 2198 principiis
787 2161 888 2191 docui-
904 2171 926 2199 ι)
943 2169 1114 2190 sermonem
1130 2170 1232 2191 meum
1245 2162 1393 2191 concludo
1407 2171 1413 2190 :
1428 2164 1461 2190 ut
1473 2165 1580 2191 nostra
1595 2161 1775 2190 sententiam

66 2209 129 2231 mus
141 2205 177 2234 de
195 2206 450 2243 temperatiouum
469 2206 744 2242 conjugationibus,
764 2206 838 2235 illud
856 2207 887 2235 in

69 2245 223 2278 individuis
239 2250 313 2287 ipsis
328 2250 486 2279 ostendere
503 2259 510 2278 :
526 2258 624 2287 neque
643 2251 700 2279 hoc
719 2251 819 2288 ipsum
835 2260 887 2280 un-

68 2298 153 2327 quam
160 2302 320 2324 renuemus
326 2303 423 2332 neque
433 2294 686 2331 subterfugiemus
695 2304 701 2323 :
709 2303 806 2332 neque
816 2304 885 2325 vero

942 2207 1148 2243 adjungamus
1161 2207 1313 2236 sententias
1337 2206 1457 2236 illorum
1485 2207 1538 2244 qui
1552 2206 1677 2236 meliora
1690 2213 1774 2243 repe.

940 2252 1026 2281 rient.
1048 2252 1181 2281 Gratiam
1199 2260 1270 2281 vero
1283 2254 1406 2289 propter
1428 2252 1596 2281 doctrinam
1613 2254 1642 2281 et
1659 2253 1775 2280 senten-

940 2297 1013 2326 tiam
1022 2299 1147 2327 nostran
1155 2298 1212 2326 hoc
1221 2298 1298 2326 libro
1309 2297 1561 2335 comprehensam
1570 2297 1775 2334 deposcimus-

71 2335 105 2364 αἱ)
117 2336 214 2368 inﬁma
244 2348 372 2377 quisque
402 2340 631 2376 descendemus,
651 2340 704 2369 sed
723 2343 884 2378 postquam
939 2344 991 2372 Est
1005 2343 1086 2371 enim
1101 2349 1224 2379 wquum
1234 2345 1267 2371 ut
1277 2342 1389 2371 similes
1402 2350 1420 2371 ει
1435 2342 1584 2371 similibus
1595 2344 1701 2371 mutua
1716 2343 1775 2370 stu-

70 2382 226 2421 utcumque
236 2385 412 2422 perscrutati
425 2386 581 2421 fuerimus,
594 2386 810 2415 accuratiorem
821 2386 884 2415 dis-

939 2386 1061 2416 diorum
1079 2395 1208 2416 munera
1225 2387 1357 2416 studiose
1377 2389 1559 2424 exspectent.

75 2494 284 2544 Diagramma
298 2502 527 2549 adjiciendum
543 2503 641 2538 tertio
671 2503 821 2549 sermoni
835 2503 1004 2538 Theodori
1018 2504 1132 2549 Ducat,
1152 2502 1186 2537 in
1200 2515 1267 2549 quo
1296 2513 1478 2539 numerum
1492 2501 1773 2549 conjugationum

651 2548 694 2582 ob
715 2549 831 2582 oculos
851 2560 978 2594 ponere
997 2547 1180 2583 voluimus.

205 2616 233 2646 ἹΙ
247 2618 313 2649 ἁπλῆ
329 2620 372 2656 καὶ
386 2621 476 2655 πρώτη
498 2619 621 2656 συζυγία.

110 2681 231 2692 ...η
313 2654 414 2692 αβνζ
471 2654 586 2685 ιξηο

117 2683 265 2727 β’,τάξιςι
282 2683 365 2727 ίῂαηβ
437 2724 445 2727 _
466 2700 478 2727 ξ

111 2718 281 2764 ςξξζΑναὶρὲῐγ
296 2718 377 2758 δάξέκυ
388 2718 417 2752 'z’z
431 2718 518 2764 δόξαξ,
538 2718 570 2755 id
584 2728 638 2762 est,
650 2727 819 2763 opinionem
833 2733 887 2759 exi

388 2718 417 2752 'z’z
431 2718 518 2764 δόξαξ,
538 2718 570 2755 id
584 2728 638 2762 est,
650 2727 819 2763 opinionem
833 2733 871 2759 ea:
883 2726 1023 2764 opinione
1042 2728 1155 2759 elicere.

114 2754 149 2791 (2)
159 2754 233 2796 [θεά
243 2754 363 2798 γελαστοὶ
375 2765 426 2789 τῶν
439 2754 583 2800 γελαστῷν.

1219 2623 1236 2649 2

1219 2657 1235 2684 3

1219 2694 1236 2721 4·

1256 2631 1272 2647 α

1256 2665 1272 2683 α

1256 2703 1273 2720 α

1292 2620 1310 2658 β

1292 2656 1310 2729 ἓ

1329 2631 1356 2657 γι

1330 2667 1358 2692 ’γε

1330 2702 1359 2728 γ’

1414 2621 1430 2651 ζ

1415 2663 1429 2686 η

1416 2701 1427 2719 ε

1449 2631 1464 2650 η

1450 2658 1464 2683 ο

1452 2693 1465 2719 ο

1485 2621 1499 2648 0

1485 2657 1501 2687 ζ

1486 2692 1502 2723 ξ
