  <div class='ocr_page' id='page_1' title='image "/cluster/home/n/w/nwhite01/storage/ocr_20150623/140/njp.32101010942850/717.png"; bbox 0 0 1967 3080; ppageno 0'>
   <div class='ocr_carea' id='block_1_1' title="bbox 204 92 272 121">
    <p class='ocr_par' dir='ltr' id='par_1_1' title="bbox 204 92 272 121">
     <span class='ocr_line' id='line_1_1' title="bbox 204 92 272 121; baseline -0.029 0"><span class='ocrx_word' id='word_1_1' title='bbox 204 92 272 121; x_wconf 76' lang='grc'>1319</span> 
     </span>
    </p>
   </div>
   <div class='ocr_carea' id='block_1_2' title="bbox 199 191 1025 233">
    <p class='ocr_par' dir='ltr' id='par_1_2' title="bbox 199 191 1025 233">
     <span class='ocr_line' id='line_1_2' title="bbox 199 191 1025 233; baseline -0.007 -9"><span class='ocrx_word' id='word_1_2' title='bbox 199 201 246 225; x_wconf 88' lang='grc' dir='ltr'>τοῦ</span> <span class='ocrx_word' id='word_1_3' title='bbox 277 198 388 233; x_wconf 80' lang='grc' dir='ltr'>θυμικοῦ</span> <span class='ocrx_word' id='word_1_4' title='bbox 422 194 452 221; x_wconf 81' lang='grc' dir='ltr'>Εἰ</span> <span class='ocrx_word' id='word_1_5' title='bbox 484 192 514 220; x_wconf 61' lang='grc' dir='ltr'><strong>δί</strong></span> <span class='ocrx_word' id='word_1_6' title='bbox 544 195 588 220; x_wconf 77' lang='grc' dir='ltr'>καὶ</span> <span class='ocrx_word' id='word_1_7' title='bbox 621 194 654 220; x_wconf 86' lang='grc' dir='ltr'>τὰ</span> <span class='ocrx_word' id='word_1_8' title='bbox 686 191 743 222; x_wconf 75' lang='grc' dir='ltr'>εἴδη</span> <span class='ocrx_word' id='word_1_9' title='bbox 776 197 826 220; x_wconf 84' lang='grc' dir='ltr'>τῶν</span> <span class='ocrx_word' id='word_1_10' title='bbox 858 193 1025 220; x_wconf 77' lang='grc' dir='ltr'>καθικαστων</span> 
     </span>
    </p>
   </div>
   <div class='ocr_carea' id='block_1_3' title="bbox 201 236 1025 277">
    <p class='ocr_par' dir='ltr' id='par_1_3' title="bbox 201 236 1025 277">
     <span class='ocr_line' id='line_1_3' title="bbox 201 236 1025 277; baseline -0.007 -8"><span class='ocrx_word' id='word_1_11' title='bbox 201 242 298 272; x_wconf 78' lang='grc' dir='ltr'>πλάτος</span> <span class='ocrx_word' id='word_1_12' title='bbox 317 242 382 277; x_wconf 64' lang='grc' dir='ltr'>ἔχει,</span> <span class='ocrx_word' id='word_1_13' title='bbox 405 240 471 265; x_wconf 80' lang='grc' dir='ltr'>ὥστε</span> <span class='ocrx_word' id='word_1_14' title='bbox 489 238 610 274; x_wconf 74' lang='grc' dir='ltr'>λέγεσθαι</span> <span class='ocrx_word' id='word_1_15' title='bbox 625 238 648 264; x_wconf 75' lang='grc' dir='ltr'>ἓν</span> <span class='ocrx_word' id='word_1_16' title='bbox 675 237 782 265; x_wconf 65' lang='grc' dir='ltr'>ἕκαστον</span> <span class='ocrx_word' id='word_1_17' title='bbox 809 236 877 269; x_wconf 71' lang='grc' dir='ltr'>εἶδος</span> <span class='ocrx_word' id='word_1_18' title='bbox 905 239 1025 266; x_wconf 79' lang='grc' dir='ltr'>ποιότητι</span> 
     </span>
    </p>
   </div>
   <div class='ocr_carea' id='block_1_4' title="bbox 200 282 1023 321">
    <p class='ocr_par' dir='ltr' id='par_1_4' title="bbox 200 282 1023 321">
     <span class='ocr_line' id='line_1_4' title="bbox 200 282 1023 321; baseline -0.007 -7"><span class='ocrx_word' id='word_1_19' title='bbox 200 289 248 316; x_wconf 82' lang='grc' dir='ltr'>τὴν</span> <span class='ocrx_word' id='word_1_20' title='bbox 259 286 379 313; x_wconf 79' lang='grc' dir='ltr'>ἐπίτασιν</span> <span class='ocrx_word' id='word_1_21' title='bbox 393 285 502 310; x_wconf 76' lang='grc' dir='ltr'>κατὰτὸ</span> <span class='ocrx_word' id='word_1_22' title='bbox 525 283 640 321; x_wconf 80' lang='grc' dir='ltr'>ἆπιιρον,</span> <span class='ocrx_word' id='word_1_23' title='bbox 663 283 710 309; x_wconf 75' lang='grc' dir='ltr'>οὑκ</span> <span class='ocrx_word' id='word_1_24' title='bbox 736 282 800 312; x_wconf 78' lang='grc' dir='ltr'>ἄλλη</span> <span class='ocrx_word' id='word_1_25' title='bbox 828 282 878 314; x_wconf 79' lang='grc' dir='ltr'>κάξ</span> <span class='ocrx_word' id='word_1_26' title='bbox 905 282 985 308; x_wconf 78' lang='grc' dir='ltr'>αὑτοῦ</span> <span class='ocrx_word' id='word_1_27' title='bbox 1008 282 1023 312; x_wconf 82' lang='grc' dir='ltr'><strong>ἠ</strong></span> 
     </span>
    </p>
   </div>
   <div class='ocr_carea' id='block_1_5' title="bbox 203 325 1025 366">
    <p class='ocr_par' dir='ltr' id='par_1_5' title="bbox 203 325 1025 366">
     <span class='ocr_line' id='line_1_5' title="bbox 203 325 1025 366; baseline -0.004 -10"><span class='ocrx_word' id='word_1_28' title='bbox 203 330 306 362; x_wconf 80' lang='grc' dir='ltr'>ἰδιότης</span> <span class='ocrx_word' id='word_1_29' title='bbox 322 331 468 366; x_wconf 69' lang='grc' dir='ltr'>γενήσεται,</span> <span class='ocrx_word' id='word_1_30' title='bbox 485 327 582 354; x_wconf 75' lang='grc' dir='ltr'>ἐσεῖται</span> <span class='ocrx_word' id='word_1_31' title='bbox 596 326 625 355; x_wconf 65' lang='grc' dir='ltr'>δὲ</span> <span class='ocrx_word' id='word_1_32' title='bbox 650 325 664 357; x_wconf 79' lang='grc' dir='ltr'><em>ἦ</em></span> <span class='ocrx_word' id='word_1_33' title='bbox 693 329 769 363; x_wconf 72' lang='lat' dir='ltr'>avni,</span> <span class='ocrx_word' id='word_1_34' title='bbox 797 325 1025 363; x_wconf 71' lang='grc' dir='ltr'>ἀποδειχθήσεται</span> 
     </span>
    </p>
   </div>
   <div class='ocr_carea' id='block_1_6' title="bbox 203 369 1024 408">
    <p class='ocr_par' dir='ltr' id='par_1_6' title="bbox 203 369 1024 408">
     <span class='ocr_line' id='line_1_6' title="bbox 203 369 1024 408; baseline -0.006 -6"><span class='ocrx_word' id='word_1_35' title='bbox 203 374 228 403; x_wconf 81' lang='grc' dir='ltr'>δ’</span> <span class='ocrx_word' id='word_1_36' title='bbox 242 374 321 405; x_wconf 71' lang='grc' dir='ltr'>οὕτως</span> <span class='ocrx_word' id='word_1_37' title='bbox 333 375 478 408; x_wconf 71' lang='grc' dir='ltr'>καὶτοῦτο,</span> <span class='ocrx_word' id='word_1_38' title='bbox 488 373 553 408; x_wconf 82' lang='grc' dir='ltr'>πρὸς</span> <span class='ocrx_word' id='word_1_39' title='bbox 566 373 595 398; x_wconf 87' lang='grc' dir='ltr'>τὸ</span> <span class='ocrx_word' id='word_1_40' title='bbox 612 369 696 403; x_wconf 74' lang='grc' dir='ltr'>δειξαι</span> <span class='ocrx_word' id='word_1_41' title='bbox 715 373 801 408; x_wconf 80' lang='grc' dir='ltr'>τούτῳ</span> <span class='ocrx_word' id='word_1_42' title='bbox 824 375 860 407; x_wconf 80' lang='grc' dir='ltr'>τῷ</span> <span class='ocrx_word' id='word_1_43' title='bbox 891 373 1024 407; x_wconf 78' lang='grc' dir='ltr'>σχήματι,</span> 
     </span>
    </p>
   </div>
   <div class='ocr_carea' id='block_1_7' title="bbox 201 415 1025 455">
    <p class='ocr_par' dir='ltr' id='par_1_7' title="bbox 201 415 1025 455">
     <span class='ocr_line' id='line_1_7' title="bbox 201 415 1025 455; baseline -0.005 -9"><span class='ocrx_word' id='word_1_44' title='bbox 201 421 241 448; x_wconf 82' lang='grc' dir='ltr'>ὄτι</span> <span class='ocrx_word' id='word_1_45' title='bbox 263 421 306 446; x_wconf 80' lang='grc' dir='ltr'>τὸν</span> <span class='ocrx_word' id='word_1_46' title='bbox 331 419 440 455; x_wconf 81' lang='grc' dir='ltr'>θυμικὸν</span> <span class='ocrx_word' id='word_1_47' title='bbox 465 418 530 455; x_wconf 86' lang='grc' dir='ltr'>πρὸς</span> <span class='ocrx_word' id='word_1_48' title='bbox 559 417 668 453; x_wconf 74' lang='grc' dir='ltr'>θυμικόν</span> <span class='ocrx_word' id='word_1_49' title='bbox 691 417 706 446; x_wconf 85' lang='grc' dir='ltr'><strong>ἠ</strong></span> <span class='ocrx_word' id='word_1_50' title='bbox 737 420 784 448; x_wconf 81' lang='grc' dir='ltr'>τῆς</span> <span class='ocrx_word' id='word_1_51' title='bbox 808 418 944 447; x_wconf 76' lang='grc' dir='ltr'>ποιότητος</span> <span class='ocrx_word' id='word_1_52' title='bbox 968 415 1025 442; x_wconf 68' lang='grc' dir='ltr'>ἐπί-</span> 
     </span>
    </p>
   </div>
   <div class='ocr_carea' id='block_1_8' title="bbox 201 459 1026 499">
    <p class='ocr_par' dir='ltr' id='par_1_8' title="bbox 201 459 1026 499">
     <span class='ocr_line' id='line_1_8' title="bbox 201 459 1026 499; baseline -0.006 -7"><span class='ocrx_word' id='word_1_53' title='bbox 201 474 277 496; x_wconf 78' lang='grc' dir='ltr'>τασις</span> <span class='ocrx_word' id='word_1_54' title='bbox 293 463 340 490; x_wconf 80' lang='grc' dir='ltr'>οὐκ</span> <span class='ocrx_word' id='word_1_55' title='bbox 355 462 428 489; x_wconf 79' lang='grc' dir='ltr'>ἄλλον</span> <span class='ocrx_word' id='word_1_56' title='bbox 450 466 496 489; x_wconf 80' lang='grc' dir='ltr'>τοῦ</span> <span class='ocrx_word' id='word_1_57' title='bbox 521 462 632 499; x_wconf 76' lang='grc' dir='ltr'>θυμικοῦ</span> <span class='ocrx_word' id='word_1_58' title='bbox 661 459 726 488; x_wconf 73' lang='grc' dir='ltr'>εἶναι</span> <span class='ocrx_word' id='word_1_59' title='bbox 751 465 841 488; x_wconf 78' lang='grc' dir='ltr'>τοῦτον</span> <span class='ocrx_word' id='word_1_60' title='bbox 869 464 951 489; x_wconf 73' lang='grc' dir='ltr'>ποιεῖ.</span> <span class='ocrx_word' id='word_1_61' title='bbox 984 463 1026 487; x_wconf 73' lang='grc' dir='ltr'>Δεῖ</span> 
     </span>
    </p>
   </div>
   <div class='ocr_carea' id='block_1_9' title="bbox 201 504 1025 547">
    <p class='ocr_par' dir='ltr' id='par_1_9' title="bbox 201 504 1025 547">
     <span class='ocr_line' id='line_1_9' title="bbox 201 504 1025 547; baseline -0.004 -11"><span class='ocrx_word' id='word_1_62' title='bbox 201 514 263 547; x_wconf 72' lang='grc' dir='ltr'>γοῦν</span> <span class='ocrx_word' id='word_1_63' title='bbox 279 506 418 540; x_wconf 80' lang='grc' dir='ltr'>ἀποδεῖξαι</span> <span class='ocrx_word' id='word_1_64' title='bbox 430 508 470 534; x_wconf 87' lang='grc' dir='ltr'>ὃτι</span> <span class='ocrx_word' id='word_1_65' title='bbox 484 507 532 534; x_wconf 80' lang='grc' dir='ltr'>οὐκ</span> <span class='ocrx_word' id='word_1_66' title='bbox 558 506 618 534; x_wconf 78' lang='grc' dir='ltr'>ἄλλο</span> <span class='ocrx_word' id='word_1_67' title='bbox 644 509 689 533; x_wconf 80' lang='grc' dir='ltr'>χαὶ</span> <span class='ocrx_word' id='word_1_68' title='bbox 714 506 775 534; x_wconf 71' lang='grc' dir='ltr'>ἄλλο</span> <span class='ocrx_word' id='word_1_69' title='bbox 796 510 880 534; x_wconf 80' lang='grc' dir='ltr'>ταῦτα</span> <span class='ocrx_word' id='word_1_70' title='bbox 908 504 955 533; x_wconf 73' lang='grc' dir='ltr'>διὰ</span> <span class='ocrx_word' id='word_1_71' title='bbox 978 510 1025 533; x_wconf 87' lang='grc' dir='ltr'>τοῦ</span> 
     </span>
    </p>
   </div>
   <div class='ocr_carea' id='block_1_10' title="bbox 201 551 617 590">
    <p class='ocr_par' dir='ltr' id='par_1_10' title="bbox 201 551 617 590">
     <span class='ocr_line' id='line_1_10' title="bbox 201 551 617 590; baseline -0.005 -8"><span class='ocrx_word' id='word_1_72' title='bbox 201 558 285 582; x_wconf 80' lang='grc' dir='ltr'>ποσοῦ</span> <span class='ocrx_word' id='word_1_73' title='bbox 299 555 335 590; x_wconf 84' lang='grc' dir='ltr'>τῷ</span> <span class='ocrx_word' id='word_1_74' title='bbox 348 554 397 590; x_wconf 78' lang='grc' dir='ltr'>ῖσῳ</span> <span class='ocrx_word' id='word_1_75' title='bbox 413 555 454 579; x_wconf 73' lang='grc' dir='ltr'>καὶ</span> <span class='ocrx_word' id='word_1_76' title='bbox 469 554 505 588; x_wconf 83' lang='grc' dir='ltr'>τῷ</span> <span class='ocrx_word' id='word_1_77' title='bbox 524 551 617 588; x_wconf 81' lang='grc' dir='ltr'>ἀνίσῳ.</span> 
     </span>
    </p>
   </div>
   <div class='ocr_carea' id='block_1_11' title="bbox 330 643 904 1219">
    <p class='ocr_par' dir='ltr' id='par_1_11' title="bbox 334 647 900 1214">
     <span class='ocr_line' id='line_1_11' title="bbox 334 647 900 1214; baseline -0.002 -262"><span class='ocrx_word' id='word_1_78' title='bbox 334 647 900 1214; x_wconf 44' lang='grc' dir='ltr'><strong>π.</strong></span> 
     </span>
    </p>
   </div>
   <div class='ocr_carea' id='block_1_12' title="bbox 237 1280 1026 1319">
    <p class='ocr_par' dir='ltr' id='par_1_12' title="bbox 237 1280 1026 1319">
     <span class='ocr_line' id='line_1_12' title="bbox 237 1280 1026 1319; baseline 0 -9"><span class='ocrx_word' id='word_1_79' title='bbox 237 1281 324 1309; x_wconf 81' lang='grc' dir='ltr'>Ἔστω</span> <span class='ocrx_word' id='word_1_80' title='bbox 338 1283 423 1310; x_wconf 81' lang='grc' dir='ltr'>τοίνυν</span> <span class='ocrx_word' id='word_1_81' title='bbox 436 1282 469 1308; x_wconf 81' lang='grc' dir='ltr'>τὰ</span> <span class='ocrx_word' id='word_1_82' title='bbox 491 1285 537 1309; x_wconf 86' lang='grc' dir='ltr'>τοῦ</span> <span class='ocrx_word' id='word_1_83' title='bbox 573 1284 710 1319; x_wconf 80' lang='grc' dir='ltr'>σχήματος</span> <span class='ocrx_word' id='word_1_84' title='bbox 735 1281 883 1319; x_wconf 75' lang='grc' dir='ltr'>τετράγωνοι</span> <span class='ocrx_word' id='word_1_85' title='bbox 917 1281 931 1312; x_wconf 79' lang='grc' dir='ltr'><em>ὴ</em></span> <span class='ocrx_word' id='word_1_86' title='bbox 959 1283 983 1310; x_wconf 83' lang='grc' dir='ltr'><strong>Α</strong></span> <span class='ocrx_word' id='word_1_87' title='bbox 1004 1280 1026 1309; x_wconf 86' lang='grc' dir='ltr'>Β</span> 
     </span>
    </p>
   </div>
   <div class='ocr_carea' id='block_1_13' title="bbox 202 1363 1026 1401">
    <p class='ocr_par' dir='ltr' id='par_1_13' title="bbox 202 1363 1026 1401">
     <span class='ocr_line' id='line_1_13' title="bbox 202 1363 1026 1401; baseline -0.001 -8"><span class='ocrx_word' id='word_1_88' title='bbox 202 1363 342 1397; x_wconf 78' lang='lat' dir='ltr'>diximus,</span> <span class='ocrx_word' id='word_1_89' title='bbox 359 1363 495 1401; x_wconf 83' lang='lat' dir='ltr'>judicare</span> <span class='ocrx_word' id='word_1_90' title='bbox 510 1363 635 1392; x_wconf 89' lang='lat' dir='ltr'>voluerit</span> <span class='ocrx_word' id='word_1_91' title='bbox 651 1371 656 1397; x_wconf 88' lang='lat'>;</span> <span class='ocrx_word' id='word_1_92' title='bbox 672 1363 711 1392; x_wconf 84' lang='lat' dir='ltr'>ita</span> <span class='ocrx_word' id='word_1_93' title='bbox 733 1365 765 1392; x_wconf 91' lang='lat' dir='ltr'>ut</span> <span class='ocrx_word' id='word_1_94' title='bbox 789 1363 932 1400; x_wconf 89' lang='lat' dir='ltr'><strong>cupidum</strong></span> <span class='ocrx_word' id='word_1_95' title='bbox 956 1371 1026 1392; x_wconf 88' lang='lat' dir='ltr'>cum</span> 
     </span>
    </p>
   </div>
   <div class='ocr_carea' id='block_1_14' title="bbox 201 1408 1027 1445">
    <p class='ocr_par' dir='ltr' id='par_1_14' title="bbox 201 1408 1027 1445">
     <span class='ocr_line' id='line_1_14' title="bbox 201 1408 1027 1445; baseline -0.001 -8"><span class='ocrx_word' id='word_1_96' title='bbox 201 1409 346 1439; x_wconf 86' lang='lat' dir='ltr'><strong>iracundo</strong></span> <span class='ocrx_word' id='word_1_97' title='bbox 357 1408 529 1443; x_wconf 84' lang='lat' dir='ltr'>confundat,</span> <span class='ocrx_word' id='word_1_98' title='bbox 545 1408 597 1437; x_wconf 85' lang='lat' dir='ltr'>sed</span> <span class='ocrx_word' id='word_1_99' title='bbox 609 1408 752 1445; x_wconf 87' lang='lat' dir='ltr'>cupidum</span> <span class='ocrx_word' id='word_1_100' title='bbox 762 1408 801 1437; x_wconf 86' lang='lat' dir='ltr'>ab</span> <span class='ocrx_word' id='word_1_101' title='bbox 812 1408 957 1437; x_wconf 88' lang='lat' dir='ltr'><strong>iracundo</strong></span> <span class='ocrx_word' id='word_1_102' title='bbox 970 1409 1027 1436; x_wconf 87' lang='lat' dir='ltr'>sin-</span> 
     </span>
    </p>
   </div>
   <div class='ocr_carea' id='block_1_15' title="bbox 202 1453 1024 1491">
    <p class='ocr_par' dir='ltr' id='par_1_15' title="bbox 202 1453 1024 1491">
     <span class='ocr_line' id='line_1_15' title="bbox 202 1453 1024 1491; baseline -0.002 -8"><span class='ocrx_word' id='word_1_103' title='bbox 202 1462 267 1483; x_wconf 89' lang='lat' dir='ltr'><strong>cere</strong></span> <span class='ocrx_word' id='word_1_104' title='bbox 281 1461 408 1491; x_wconf 82' lang='lat' dir='ltr'>vereque</span> <span class='ocrx_word' id='word_1_105' title='bbox 419 1453 592 1489; x_wconf 75' lang='lat' dir='ltr'>distinguat.</span> <span class='ocrx_word' id='word_1_106' title='bbox 610 1454 642 1481; x_wconf 86' lang='lat' dir='ltr'>Et</span> <span class='ocrx_word' id='word_1_107' title='bbox 654 1453 792 1490; x_wconf 85' lang='lat' dir='ltr'>quamvis</span> <span class='ocrx_word' id='word_1_108' title='bbox 804 1453 1024 1481; x_wconf 82' lang='lat' dir='ltr'>individuorum</span> 
     </span>
    </p>
   </div>
   <div class='ocr_carea' id='block_1_16' title="bbox 963 83 1857 117">
    <p class='ocr_par' dir='ltr' id='par_1_16' title="bbox 963 83 1857 117">
     <span class='ocr_line' id='line_1_16' title="bbox 963 83 1857 117; baseline 0.011 -5"><span class='ocrx_word' id='word_1_109' title='bbox 963 83 1144 114; x_wconf 78' lang='lat' dir='ltr'>ADDENDA.</span> <span class='ocrx_word' id='word_1_110' title='bbox 1837 91 1857 117; x_wconf 72' lang='grc'><strong>1</strong></span> 
     </span>
    </p>
   </div>
   <div class='ocr_carea' id='block_1_17' title="bbox 201 145 1911 186">
    <p class='ocr_par' dir='ltr' id='par_1_17' title="bbox 201 145 1911 186">
     <span class='ocr_line' id='line_1_17' title="bbox 201 145 1911 186; baseline -0.004 -6"><span class='ocrx_word' id='word_1_111' title='bbox 201 154 313 185; x_wconf 77' lang='grc' dir='ltr'>οἴεσθαι,</span> <span class='ocrx_word' id='word_1_112' title='bbox 344 150 463 186; x_wconf 74' lang='grc' dir='ltr'>καθαρῶς</span> <span class='ocrx_word' id='word_1_113' title='bbox 492 147 521 176; x_wconf 65' lang='grc' dir='ltr'><strong>δί</strong></span> <span class='ocrx_word' id='word_1_114' title='bbox 550 145 678 186; x_wconf 72' lang='grc' dir='ltr'>διακρίνει</span> <span class='ocrx_word' id='word_1_115' title='bbox 706 148 750 175; x_wconf 83' lang='grc' dir='ltr'>τὸν</span> <span class='ocrx_word' id='word_1_116' title='bbox 783 147 969 185; x_wconf 72' lang='grc' dir='ltr'>ἕπιθυμητικὸν</span> <span class='ocrx_word' id='word_1_117' title='bbox 998 147 1025 174; x_wconf 72' lang='grc' dir='ltr'>ἔκ</span> <span class='ocrx_word' id='word_1_118' title='bbox 1041 147 1066 174; x_wconf 84' lang='grc' dir='ltr'><strong>Α</strong></span> <span class='ocrx_word' id='word_1_119' title='bbox 1080 150 1100 174; x_wconf 93' lang='grc' dir='ltr'>Γ</span> <span class='ocrx_word' id='word_1_120' title='bbox 1114 148 1173 174; x_wconf 88' lang='grc' dir='ltr'><strong>Δτὸ</strong></span> <span class='ocrx_word' id='word_1_121' title='bbox 1184 148 1273 185; x_wconf 79' lang='grc' dir='ltr'>μεῖζον</span> <span class='ocrx_word' id='word_1_122' title='bbox 1288 149 1458 186; x_wconf 72' lang='grc' dir='ltr'>τετράγωνον,</span> <span class='ocrx_word' id='word_1_123' title='bbox 1480 152 1495 181; x_wconf 81' lang='grc' dir='ltr'><strong>ἠ</strong></span> <span class='ocrx_word' id='word_1_124' title='bbox 1518 149 1548 179; x_wconf 67' lang='lat' dir='ltr'>cl“;</span> <span class='ocrx_word' id='word_1_125' title='bbox 1567 155 1586 179; x_wconf 78' lang='grc' dir='ltr'>Ε</span> <span class='ocrx_word' id='word_1_126' title='bbox 1610 155 1630 179; x_wconf 83' lang='grc' dir='ltr'><strong>Ζ</strong></span> <span class='ocrx_word' id='word_1_127' title='bbox 1652 155 1675 179; x_wconf 72' lang='grc' dir='ltr'>Π</span> <span class='ocrx_word' id='word_1_128' title='bbox 1698 156 1721 180; x_wconf 84' lang='grc' dir='ltr'>θ</span> <span class='ocrx_word' id='word_1_129' title='bbox 1745 152 1774 179; x_wconf 83' lang='grc' dir='ltr'>τὸ</span> <span class='ocrx_word' id='word_1_130' title='bbox 1799 152 1911 179; x_wconf 61' lang='grc' dir='ltr'>ἕλε-επ</span> 
     </span>
    </p>
   </div>
   <div class='ocr_carea' id='block_1_18' title="bbox 1856 14 1934 173">
    <p class='ocr_par' dir='ltr' id='par_1_18' title="bbox 1856 18 1930 173">
     <span class='ocr_line' id='line_1_18' title="bbox 1856 18 1930 173; baseline 0 0"><span class='ocrx_word' id='word_1_131' title='bbox 1856 18 1930 173; x_wconf 79' lang='lat' dir='ltr'>:l</span> 
     </span>
    </p>
   </div>
   <div class='ocr_carea' id='block_1_19' title="bbox 1915 206 1935 297">
    <p class='ocr_par' dir='ltr' id='par_1_19' title="bbox 1915 206 1935 297">
     <span class='ocr_line' id='line_1_19' title="bbox 1915 206 1935 297; baseline 0 0"><span class='ocrx_word' id='word_1_132' title='bbox 1915 206 1935 297; x_wconf 56' lang='grc' dir='ltr'>ὅ</span> 
     </span>
    </p>
   </div>
   <div class='ocr_carea' id='block_1_20' title="bbox 1926 297 1936 380">
    <p class='ocr_par' dir='ltr' id='par_1_20' title="bbox 1928 297 1936 380">
     <span class='ocr_line' id='line_1_20' title="bbox 1928 297 1936 380; baseline 0 0"><span class='ocrx_word' id='word_1_133' title='bbox 1928 297 1936 380; x_wconf 76' lang='grc'><strong>1</strong></span> 
     </span>
    </p>
   </div>
   <div class='ocr_carea' id='block_1_21' title="bbox 1079 193 1913 233">
    <p class='ocr_par' dir='ltr' id='par_1_21' title="bbox 1079 193 1913 233">
     <span class='ocr_line' id='line_1_21' title="bbox 1079 193 1913 233; baseline 0.008 -15"><span class='ocrx_word' id='word_1_134' title='bbox 1079 193 1236 230; x_wconf 76' lang='grc' dir='ltr'>τετράγωνον</span> <span class='ocrx_word' id='word_1_135' title='bbox 1260 205 1266 210; x_wconf 95' lang='grc'><strong>-</strong></span> <span class='ocrx_word' id='word_1_136' title='bbox 1295 195 1413 222; x_wconf 77' lang='grc' dir='ltr'>ἔστωσαν</span> <span class='ocrx_word' id='word_1_137' title='bbox 1441 199 1504 232; x_wconf 74' lang='grc' dir='ltr'>γοῦν</span> <span class='ocrx_word' id='word_1_138' title='bbox 1523 198 1539 226; x_wconf 80' lang='grc' dir='ltr'>ἡ</span> <span class='ocrx_word' id='word_1_139' title='bbox 1565 200 1585 224; x_wconf 78' lang='grc' dir='ltr'><strong>Α</strong></span> <span class='ocrx_word' id='word_1_140' title='bbox 1614 201 1632 224; x_wconf 85' lang='lat' dir='ltr'><strong>B</strong></span> <span class='ocrx_word' id='word_1_141' title='bbox 1660 200 1679 224; x_wconf 93' lang='grc' dir='ltr'><strong>Γ</strong></span> <span class='ocrx_word' id='word_1_142' title='bbox 1699 200 1716 224; x_wconf 92' lang='grc' dir='ltr'><strong>Δ</strong></span> <span class='ocrx_word' id='word_1_143' title='bbox 1748 200 1859 233; x_wconf 72' lang='grc' dir='ltr'>στιγμιὶ</span> <span class='ocrx_word' id='word_1_144' title='bbox 1892 197 1913 222; x_wconf 79' lang='grc' dir='ltr'>Ξ</span> 
     </span>
    </p>
   </div>
   <div class='ocr_carea' id='block_1_22' title="bbox 1080 237 1916 277">
    <p class='ocr_par' dir='ltr' id='par_1_22' title="bbox 1080 237 1916 277">
     <span class='ocr_line' id='line_1_22' title="bbox 1080 237 1916 277; baseline 0.006 -14"><span class='ocrx_word' id='word_1_145' title='bbox 1080 237 1114 263; x_wconf 83' lang='grc' dir='ltr'>ὧν</span> <span class='ocrx_word' id='word_1_146' title='bbox 1130 239 1193 276; x_wconf 83' lang='grc' dir='ltr'>πρὸς</span> <span class='ocrx_word' id='word_1_147' title='bbox 1217 238 1336 276; x_wconf 77' lang='grc' dir='ltr'>ἑκατέρας</span> <span class='ocrx_word' id='word_1_148' title='bbox 1361 242 1408 270; x_wconf 80' lang='grc' dir='ltr'>τὴν</span> <span class='ocrx_word' id='word_1_149' title='bbox 1431 245 1455 268; x_wconf 86' lang='grc' dir='ltr'>Χ</span> <span class='ocrx_word' id='word_1_150' title='bbox 1479 244 1498 268; x_wconf 73' lang='grc' dir='ltr'><strong>Φ</strong></span> <span class='ocrx_word' id='word_1_151' title='bbox 1521 245 1545 269; x_wconf 84' lang='grc' dir='ltr'><strong>Ψ</strong></span> <span class='ocrx_word' id='word_1_152' title='bbox 1572 246 1596 268; x_wconf 90' lang='grc' dir='ltr'>Ω</span> <span class='ocrx_word' id='word_1_153' title='bbox 1618 241 1734 269; x_wconf 72' lang='grc' dir='ltr'>ἑνοῦνται</span> <span class='ocrx_word' id='word_1_154' title='bbox 1750 252 1756 259; x_wconf 95' lang='grc'><strong>·</strong></span> <span class='ocrx_word' id='word_1_155' title='bbox 1774 243 1789 271; x_wconf 80' lang='grc' dir='ltr'><strong>ἠ</strong></span> <span class='ocrx_word' id='word_1_156' title='bbox 1805 245 1822 268; x_wconf 83' lang='grc' dir='ltr'>Α</span> <span class='ocrx_word' id='word_1_157' title='bbox 1845 240 1916 277; x_wconf 49' lang='lat'>7-5.1</span> 
     </span>
    </p>
   </div>
   <div class='ocr_carea' id='block_1_23' title="bbox 1081 283 1923 324">
    <p class='ocr_par' dir='ltr' id='par_1_23' title="bbox 1081 283 1923 324">
     <span class='ocr_line' id='line_1_23' title="bbox 1081 283 1923 324; baseline 0.005 -15"><span class='ocrx_word' id='word_1_158' title='bbox 1081 287 1111 320; x_wconf 78' lang='grc' dir='ltr'>τῇ</span> <span class='ocrx_word' id='word_1_159' title='bbox 1128 286 1146 310; x_wconf 83' lang='grc' dir='ltr'>Β</span> <span class='ocrx_word' id='word_1_160' title='bbox 1167 286 1212 311; x_wconf 76' lang='grc' dir='ltr'>καὶ</span> <span class='ocrx_word' id='word_1_161' title='bbox 1236 283 1299 314; x_wconf 75' lang='grc' dir='ltr'>αὐτὴ</span> <span class='ocrx_word' id='word_1_162' title='bbox 1329 289 1360 322; x_wconf 75' lang='grc' dir='ltr'>τῇ</span> <span class='ocrx_word' id='word_1_163' title='bbox 1389 288 1408 312; x_wconf 91' lang='grc' dir='ltr'><strong>Γ</strong></span> <span class='ocrx_word' id='word_1_164' title='bbox 1436 288 1481 312; x_wconf 82' lang='grc' dir='ltr'>καὶ</span> <span class='ocrx_word' id='word_1_165' title='bbox 1509 286 1575 317; x_wconf 74' lang='grc' dir='ltr'>αὑτὴ</span> <span class='ocrx_word' id='word_1_166' title='bbox 1603 291 1634 324; x_wconf 81' lang='grc' dir='ltr'>τῇ</span> <span class='ocrx_word' id='word_1_167' title='bbox 1664 290 1693 322; x_wconf 83' lang='grc' dir='ltr'><strong>Δ,</strong></span> <span class='ocrx_word' id='word_1_168' title='bbox 1719 289 1765 313; x_wconf 85' lang='grc' dir='ltr'>καὶ</span> <span class='ocrx_word' id='word_1_169' title='bbox 1793 287 1860 316; x_wconf 66' lang='grc' dir='ltr'>αὐτή</span> <span class='ocrx_word' id='word_1_170' title='bbox 1903 293 1923 313; x_wconf 65' lang='grc' dir='ltr'>Δ</span> 
     </span>
    </p>
   </div>
   <div class='ocr_carea' id='block_1_24' title="bbox 1080 327 1924 362">
    <p class='ocr_par' dir='ltr' id='par_1_24' title="bbox 1080 327 1924 362">
     <span class='ocr_line' id='line_1_24' title="bbox 1080 327 1924 362; baseline 0.005 -8"><span class='ocrx_word' id='word_1_171' title='bbox 1080 327 1197 355; x_wconf 69' lang='grc' dir='ltr'>ἔστωσαν</span> <span class='ocrx_word' id='word_1_172' title='bbox 1213 329 1227 359; x_wconf 74' lang='grc' dir='ltr'><em>ἡ</em></span> <span class='ocrx_word' id='word_1_173' title='bbox 1244 332 1297 356; x_wconf 70' lang='grc' dir='ltr'>ΨΦ</span> <span class='ocrx_word' id='word_1_174' title='bbox 1312 333 1332 357; x_wconf 79' lang='grc' dir='ltr'>Φ</span> <span class='ocrx_word' id='word_1_175' title='bbox 1346 334 1370 356; x_wconf 88' lang='grc' dir='ltr'>Ω</span> <span class='ocrx_word' id='word_1_176' title='bbox 1383 334 1406 357; x_wconf 88' lang='grc' dir='ltr'>Ω</span> <span class='ocrx_word' id='word_1_177' title='bbox 1422 335 1446 358; x_wconf 84' lang='grc' dir='ltr'><strong>Χ</strong></span> <span class='ocrx_word' id='word_1_178' title='bbox 1460 335 1484 359; x_wconf 84' lang='grc' dir='ltr'>Χ</span> <span class='ocrx_word' id='word_1_179' title='bbox 1499 328 1522 359; x_wconf 78' lang='grc' dir='ltr'>Ψ</span> <span class='ocrx_word' id='word_1_180' title='bbox 1536 334 1581 358; x_wconf 82' lang='grc' dir='ltr'>καὶ</span> <span class='ocrx_word' id='word_1_181' title='bbox 1602 334 1750 362; x_wconf 73' lang='grc' dir='ltr'>ποιήσουσι</span> <span class='ocrx_word' id='word_1_182' title='bbox 1777 334 1806 358; x_wconf 83' lang='grc' dir='ltr'>τὸ</span> <span class='ocrx_word' id='word_1_183' title='bbox 1830 332 1924 358; x_wconf 63' lang='lat' dir='ltr'>az:—</span> 
     </span>
    </p>
   </div>
   <div class='ocr_carea' id='block_1_25' title="bbox 1081 375 1935 414">
    <p class='ocr_par' dir='ltr' id='par_1_25' title="bbox 1081 375 1935 414">
     <span class='ocr_line' id='line_1_25' title="bbox 1081 375 1935 414; baseline 0.006 -15"><span class='ocrx_word' id='word_1_184' title='bbox 1081 383 1126 400; x_wconf 84' lang='grc' dir='ltr'>σον</span> <span class='ocrx_word' id='word_1_185' title='bbox 1137 375 1294 411; x_wconf 69' lang='grc' dir='ltr'>τετράγωνον</span> <span class='ocrx_word' id='word_1_186' title='bbox 1310 378 1329 402; x_wconf 89' lang='grc' dir='ltr'><strong>Ε</strong></span> <span class='ocrx_word' id='word_1_187' title='bbox 1343 378 1362 401; x_wconf 88' lang='grc' dir='ltr'><strong><em>Ζ</em></strong></span> <span class='ocrx_word' id='word_1_188' title='bbox 1375 379 1396 402; x_wconf 83' lang='lat' dir='ltr'><strong>H</strong></span> <span class='ocrx_word' id='word_1_189' title='bbox 1410 380 1433 403; x_wconf 86' lang='grc' dir='ltr'>Θ</span> <span class='ocrx_word' id='word_1_190' title='bbox 1446 386 1452 393; x_wconf 90' lang='grc'>·</span> <span class='ocrx_word' id='word_1_191' title='bbox 1474 376 1592 403; x_wconf 76' lang='grc' dir='ltr'>ἱστωσαν</span> <span class='ocrx_word' id='word_1_192' title='bbox 1617 381 1680 414; x_wconf 74' lang='grc' dir='ltr'>γοῦν</span> <span class='ocrx_word' id='word_1_193' title='bbox 1710 380 1756 404; x_wconf 79' lang='grc' dir='ltr'>καὶ</span> <span class='ocrx_word' id='word_1_194' title='bbox 1783 387 1816 403; x_wconf 74' lang='grc' dir='ltr'>τοι</span> <span class='ocrx_word' id='word_1_195' title='bbox 1837 381 1869 404; x_wconf 68' lang='grc' dir='ltr'>Ν</span> <span class='ocrx_word' id='word_1_196' title='bbox 1906 380 1935 407; x_wconf 66' lang='lat' dir='ltr'>F1</span> 
     </span>
    </p>
   </div>
   <div class='ocr_carea' id='block_1_26' title="bbox 1080 420 1926 458">
    <p class='ocr_par' dir='ltr' id='par_1_26' title="bbox 1080 420 1926 458">
     <span class='ocr_line' id='line_1_26' title="bbox 1080 420 1926 458; baseline 0.001 -13"><span class='ocrx_word' id='word_1_197' title='bbox 1080 420 1136 445; x_wconf 88' lang='grc' dir='ltr'>ΛΠ</span> <span class='ocrx_word' id='word_1_198' title='bbox 1153 422 1258 456; x_wconf 79' lang='grc' dir='ltr'>σημεῖα,</span> <span class='ocrx_word' id='word_1_199' title='bbox 1273 421 1341 456; x_wconf 80' lang='grc' dir='ltr'>μέσα</span> <span class='ocrx_word' id='word_1_200' title='bbox 1354 424 1402 447; x_wconf 80' lang='grc' dir='ltr'>τῶν</span> <span class='ocrx_word' id='word_1_201' title='bbox 1416 424 1435 448; x_wconf 86' lang='grc' dir='ltr'>Ε</span> <span class='ocrx_word' id='word_1_202' title='bbox 1457 425 1476 448; x_wconf 92' lang='grc' dir='ltr'>Ζ</span> <span class='ocrx_word' id='word_1_203' title='bbox 1504 425 1525 448; x_wconf 83' lang='lat' dir='ltr'><strong>ﬂ</strong></span> <span class='ocrx_word' id='word_1_204' title='bbox 1555 425 1578 448; x_wconf 89' lang='grc' dir='ltr'>Θ</span> <span class='ocrx_word' id='word_1_205' title='bbox 1607 424 1733 458; x_wconf 77' lang='grc' dir='ltr'>σημιίων,</span> <span class='ocrx_word' id='word_1_206' title='bbox 1756 423 1790 453; x_wconf 81' lang='grc' dir='ltr'>ὡς</span> <span class='ocrx_word' id='word_1_207' title='bbox 1813 424 1859 448; x_wconf 67' lang='lat' dir='ltr'>xei</span> <span class='ocrx_word' id='word_1_208' title='bbox 1890 423 1926 447; x_wconf 72' lang='grc' dir='ltr'>τὶ</span> 
     </span>
    </p>
   </div>
   <div class='ocr_carea' id='block_1_27' title="bbox 1080 467 1926 504">
    <p class='ocr_par' dir='ltr' id='par_1_27' title="bbox 1080 467 1926 504">
     <span class='ocr_line' id='line_1_27' title="bbox 1080 467 1926 504; baseline 0 -12"><span class='ocrx_word' id='word_1_209' title='bbox 1080 467 1207 492; x_wconf 75' lang='grc' dir='ltr'>ΨΦΩΧ</span> <span class='ocrx_word' id='word_1_210' title='bbox 1221 469 1270 491; x_wconf 81' lang='grc' dir='ltr'>τῶν</span> <span class='ocrx_word' id='word_1_211' title='bbox 1286 467 1401 492; x_wconf 75' lang='grc' dir='ltr'>ΑΒΓΔ</span> <span class='ocrx_word' id='word_1_212' title='bbox 1425 469 1538 503; x_wconf 78' lang='grc' dir='ltr'>σημείων</span> <span class='ocrx_word' id='word_1_213' title='bbox 1571 477 1577 484; x_wconf 90' lang='grc'>·</span> <span class='ocrx_word' id='word_1_214' title='bbox 1607 468 1639 498; x_wconf 79' lang='grc' dir='ltr'>ὡς</span> <span class='ocrx_word' id='word_1_215' title='bbox 1664 471 1727 503; x_wconf 77' lang='grc' dir='ltr'>γοῦν</span> <span class='ocrx_word' id='word_1_216' title='bbox 1757 468 1772 496; x_wconf 86' lang='grc' dir='ltr'><strong>ἠ</strong></span> <span class='ocrx_word' id='word_1_217' title='bbox 1798 470 1818 494; x_wconf 80' lang='grc' dir='ltr'>Α</span> <span class='ocrx_word' id='word_1_218' title='bbox 1845 469 1926 504; x_wconf 59' lang='grc' dir='ltr'>’.ερὲς</span> 
     </span>
    </p>
   </div>
   <div class='ocr_carea' id='block_1_28' title="bbox 1079 510 1926 550">
    <p class='ocr_par' dir='ltr' id='par_1_28' title="bbox 1079 510 1926 550">
     <span class='ocr_line' id='line_1_28' title="bbox 1079 510 1926 550; baseline 0.005 -14"><span class='ocrx_word' id='word_1_219' title='bbox 1079 511 1126 540; x_wconf 80' lang='grc' dir='ltr'>τὴν</span> <span class='ocrx_word' id='word_1_220' title='bbox 1140 510 1171 546; x_wconf 80' lang='grc' dir='ltr'>Β,</span> <span class='ocrx_word' id='word_1_221' title='bbox 1187 511 1202 539; x_wconf 83' lang='grc' dir='ltr'><strong>ἠ</strong></span> <span class='ocrx_word' id='word_1_222' title='bbox 1220 512 1314 548; x_wconf 81' lang='grc' dir='ltr'>Επρὸς</span> <span class='ocrx_word' id='word_1_223' title='bbox 1327 513 1375 540; x_wconf 83' lang='grc' dir='ltr'>τὴν</span> <span class='ocrx_word' id='word_1_224' title='bbox 1388 514 1418 546; x_wconf 85' lang='grc' dir='ltr'>Ζ,</span> <span class='ocrx_word' id='word_1_225' title='bbox 1429 514 1474 538; x_wconf 75' lang='grc' dir='ltr'>καὶ</span> <span class='ocrx_word' id='word_1_226' title='bbox 1489 513 1521 543; x_wconf 81' lang='grc' dir='ltr'>ὡς</span> <span class='ocrx_word' id='word_1_227' title='bbox 1535 513 1551 541; x_wconf 85' lang='grc' dir='ltr'>ἡ</span> <span class='ocrx_word' id='word_1_228' title='bbox 1578 515 1597 539; x_wconf 87' lang='grc' dir='ltr'><strong>Β</strong></span> <span class='ocrx_word' id='word_1_229' title='bbox 1622 522 1689 550; x_wconf 85' lang='grc' dir='ltr'>προς</span> <span class='ocrx_word' id='word_1_230' title='bbox 1716 514 1764 542; x_wconf 75' lang='grc' dir='ltr'>τὴν</span> <span class='ocrx_word' id='word_1_231' title='bbox 1788 515 1818 545; x_wconf 82' lang='grc' dir='ltr'>Γ,</span> <span class='ocrx_word' id='word_1_232' title='bbox 1845 513 1864 541; x_wconf 70' lang='grc' dir='ltr'><em>ἦ</em></span> <span class='ocrx_word' id='word_1_233' title='bbox 1908 515 1926 537; x_wconf 76' lang='grc' dir='ltr'>Ζ</span> 
     </span>
    </p>
   </div>
   <div class='ocr_carea' id='block_1_29' title="bbox 1079 556 1925 594">
    <p class='ocr_par' dir='ltr' id='par_1_29' title="bbox 1079 556 1925 594">
     <span class='ocr_line' id='line_1_29' title="bbox 1079 556 1925 594; baseline 0.001 -13"><span class='ocrx_word' id='word_1_234' title='bbox 1079 556 1143 592; x_wconf 80' lang='grc' dir='ltr'>πρὸς</span> <span class='ocrx_word' id='word_1_235' title='bbox 1158 557 1204 585; x_wconf 82' lang='grc' dir='ltr'>τὴν</span> <span class='ocrx_word' id='word_1_236' title='bbox 1216 559 1249 588; x_wconf 80' lang='grc' dir='ltr'>Η,</span> <span class='ocrx_word' id='word_1_237' title='bbox 1265 558 1310 582; x_wconf 75' lang='grc' dir='ltr'>καὶ</span> <span class='ocrx_word' id='word_1_238' title='bbox 1322 557 1357 587; x_wconf 89' lang='grc' dir='ltr'>ὡς</span> <span class='ocrx_word' id='word_1_239' title='bbox 1369 556 1385 586; x_wconf 85' lang='grc' dir='ltr'><strong>ἠ</strong></span> <span class='ocrx_word' id='word_1_240' title='bbox 1402 559 1430 591; x_wconf 80' lang='grc' dir='ltr'>Γ,</span> <span class='ocrx_word' id='word_1_241' title='bbox 1445 558 1508 594; x_wconf 83' lang='grc' dir='ltr'>πρὸς</span> <span class='ocrx_word' id='word_1_242' title='bbox 1523 559 1571 587; x_wconf 81' lang='grc' dir='ltr'>τὴν</span> <span class='ocrx_word' id='word_1_243' title='bbox 1594 560 1622 593; x_wconf 81' lang='grc' dir='ltr'><strong>Δ,</strong></span> <span class='ocrx_word' id='word_1_244' title='bbox 1638 558 1653 586; x_wconf 85' lang='grc' dir='ltr'>ἡ</span> <span class='ocrx_word' id='word_1_245' title='bbox 1669 561 1691 584; x_wconf 84' lang='grc' dir='ltr'><strong>Η</strong></span> <span class='ocrx_word' id='word_1_246' title='bbox 1714 559 1778 593; x_wconf 85' lang='grc' dir='ltr'>πρὸς</span> <span class='ocrx_word' id='word_1_247' title='bbox 1807 559 1850 587; x_wconf 79' lang='grc' dir='ltr'>τὴν</span> <span class='ocrx_word' id='word_1_248' title='bbox 1886 561 1925 588; x_wconf 70' lang='grc' dir='ltr'>Θ,</span> 
     </span>
    </p>
   </div>
   <div class='ocr_carea' id='block_1_30' title="bbox 1079 600 1927 639">
    <p class='ocr_par' dir='ltr' id='par_1_30' title="bbox 1079 600 1927 639">
     <span class='ocr_line' id='line_1_30' title="bbox 1079 600 1927 639; baseline 0.002 -13"><span class='ocrx_word' id='word_1_249' title='bbox 1079 602 1124 626; x_wconf 77' lang='grc' dir='ltr'>καὶ</span> <span class='ocrx_word' id='word_1_250' title='bbox 1138 601 1171 631; x_wconf 77' lang='grc' dir='ltr'>ὡς</span> <span class='ocrx_word' id='word_1_251' title='bbox 1186 600 1200 629; x_wconf 85' lang='grc' dir='ltr'><strong>ἠ</strong></span> <span class='ocrx_word' id='word_1_252' title='bbox 1214 602 1230 626; x_wconf 89' lang='grc' dir='ltr'>Δ</span> <span class='ocrx_word' id='word_1_253' title='bbox 1241 602 1304 637; x_wconf 83' lang='grc' dir='ltr'>πρὸς</span> <span class='ocrx_word' id='word_1_254' title='bbox 1316 603 1362 630; x_wconf 84' lang='grc' dir='ltr'>τὴν</span> <span class='ocrx_word' id='word_1_255' title='bbox 1380 604 1410 634; x_wconf 79' lang='grc' dir='ltr'>Α,</span> <span class='ocrx_word' id='word_1_256' title='bbox 1425 600 1439 631; x_wconf 76' lang='grc' dir='ltr'>ἡ</span> <span class='ocrx_word' id='word_1_257' title='bbox 1454 604 1474 628; x_wconf 92' lang='grc' dir='ltr'>Θ</span> <span class='ocrx_word' id='word_1_258' title='bbox 1489 603 1554 639; x_wconf 83' lang='grc' dir='ltr'>πρὸς</span> <span class='ocrx_word' id='word_1_259' title='bbox 1574 604 1620 631; x_wconf 76' lang='grc' dir='ltr'>τὴν</span> <span class='ocrx_word' id='word_1_260' title='bbox 1648 605 1678 636; x_wconf 87' lang='grc' dir='ltr'>Ε,</span> <span class='ocrx_word' id='word_1_261' title='bbox 1699 604 1746 628; x_wconf 80' lang='grc' dir='ltr'>καὶ</span> <span class='ocrx_word' id='word_1_262' title='bbox 1771 602 1849 628; x_wconf 65' lang='grc' dir='ltr'>πάλιν</span> <span class='ocrx_word' id='word_1_263' title='bbox 1888 603 1927 631; x_wconf 61' lang='grc' dir='ltr'>ὡς</span> 
     </span>
    </p>
   </div>
   <div class='ocr_carea' id='block_1_31' title="bbox 1079 644 1929 685">
    <p class='ocr_par' dir='ltr' id='par_1_31' title="bbox 1079 644 1929 685">
     <span class='ocr_line' id='line_1_31' title="bbox 1079 644 1929 685; baseline 0 -13"><span class='ocrx_word' id='word_1_264' title='bbox 1079 647 1108 672; x_wconf 84' lang='grc' dir='ltr'>τὸ</span> <span class='ocrx_word' id='word_1_265' title='bbox 1120 644 1274 682; x_wconf 73' lang='grc' dir='ltr'>ἓπιζευχθὲν</span> <span class='ocrx_word' id='word_1_266' title='bbox 1289 649 1312 672; x_wconf 83' lang='grc' dir='ltr'>Ψ</span> <span class='ocrx_word' id='word_1_267' title='bbox 1327 649 1346 673; x_wconf 74' lang='grc' dir='ltr'><strong>Φ</strong></span> <span class='ocrx_word' id='word_1_268' title='bbox 1362 650 1380 672; x_wconf 89' lang='grc' dir='ltr'>Β</span> <span class='ocrx_word' id='word_1_269' title='bbox 1394 649 1516 684; x_wconf 72' lang='grc' dir='ltr'>τρίγωνον</span> <span class='ocrx_word' id='word_1_270' title='bbox 1539 649 1604 685; x_wconf 85' lang='grc' dir='ltr'>πρὸς</span> <span class='ocrx_word' id='word_1_271' title='bbox 1618 648 1646 674; x_wconf 87' lang='grc' dir='ltr'>τὸ</span> <span class='ocrx_word' id='word_1_272' title='bbox 1678 650 1701 674; x_wconf 86' lang='grc' dir='ltr'><strong>Ν</strong></span> <span class='ocrx_word' id='word_1_273' title='bbox 1722 650 1742 673; x_wconf 89' lang='grc' dir='ltr'><strong>Ζ</strong></span> <span class='ocrx_word' id='word_1_274' title='bbox 1770 650 1789 674; x_wconf 77' lang='lat' dir='ltr'><strong>P</strong></span> <span class='ocrx_word' id='word_1_275' title='bbox 1820 649 1883 684; x_wconf 55' lang='grc' dir='ltr'>τρίς(</span> <span class='ocrx_word' id='word_1_276' title='bbox 1892 658 1929 672; x_wconf 62' lang='grc' dir='ltr'>τε·</span> 
     </span>
    </p>
   </div>
   <div class='ocr_carea' id='block_1_32' title="bbox 1078 690 1924 729">
    <p class='ocr_par' dir='ltr' id='par_1_32' title="bbox 1078 690 1924 729">
     <span class='ocr_line' id='line_1_32' title="bbox 1078 690 1924 729; baseline 0.002 -13"><span class='ocrx_word' id='word_1_277' title='bbox 1078 690 1223 724; x_wconf 69' lang='grc' dir='ltr'>νον,οὑτως</span> <span class='ocrx_word' id='word_1_278' title='bbox 1235 693 1280 717; x_wconf 82' lang='grc' dir='ltr'>καὶ</span> <span class='ocrx_word' id='word_1_279' title='bbox 1303 692 1333 716; x_wconf 88' lang='grc' dir='ltr'>τὸ</span> <span class='ocrx_word' id='word_1_280' title='bbox 1355 694 1378 718; x_wconf 78' lang='grc' dir='ltr'>Ψ</span> <span class='ocrx_word' id='word_1_281' title='bbox 1402 694 1426 717; x_wconf 77' lang='grc' dir='ltr'><strong>Χ</strong></span> <span class='ocrx_word' id='word_1_282' title='bbox 1453 694 1473 718; x_wconf 77' lang='grc' dir='ltr'>Α</span> <span class='ocrx_word' id='word_1_283' title='bbox 1507 694 1632 729; x_wconf 71' lang='grc' dir='ltr'>τρίγωνον</span> <span class='ocrx_word' id='word_1_284' title='bbox 1661 693 1768 728; x_wconf 78' lang='grc' dir='ltr'>πρόςτὸ</span> <span class='ocrx_word' id='word_1_285' title='bbox 1796 695 1820 718; x_wconf 87' lang='grc' dir='ltr'>Π</span> <span class='ocrx_word' id='word_1_286' title='bbox 1850 695 1870 718; x_wconf 77' lang='grc' dir='ltr'><strong>Ε</strong></span> <span class='ocrx_word' id='word_1_287' title='bbox 1903 695 1924 717; x_wconf 64' lang='grc' dir='ltr'>Χ</span> 
     </span>
    </p>
   </div>
   <div class='ocr_carea' id='block_1_33' title="bbox 1080 736 1925 774">
    <p class='ocr_par' dir='ltr' id='par_1_33' title="bbox 1080 736 1925 774">
     <span class='ocr_line' id='line_1_33' title="bbox 1080 736 1925 774; baseline 0.004 -14"><span class='ocrx_word' id='word_1_288' title='bbox 1080 737 1214 772; x_wconf 78' lang='grc' dir='ltr'>τρίγωνον,</span> <span class='ocrx_word' id='word_1_289' title='bbox 1230 737 1275 762; x_wconf 79' lang='grc' dir='ltr'>καὶ</span> <span class='ocrx_word' id='word_1_290' title='bbox 1288 736 1461 766; x_wconf 79' lang='grc' dir='ltr'>ὡςτὸΧΩΔ</span> <span class='ocrx_word' id='word_1_291' title='bbox 1482 738 1606 772; x_wconf 73' lang='grc' dir='ltr'>τρίγωνον</span> <span class='ocrx_word' id='word_1_292' title='bbox 1640 738 1706 774; x_wconf 81' lang='grc' dir='ltr'>πρὸς</span> <span class='ocrx_word' id='word_1_293' title='bbox 1733 738 1763 762; x_wconf 77' lang='grc' dir='ltr'>τὸ</span> <span class='ocrx_word' id='word_1_294' title='bbox 1792 739 1818 763; x_wconf 88' lang='grc' dir='ltr'><strong>Λ</strong></span> <span class='ocrx_word' id='word_1_295' title='bbox 1843 740 1863 763; x_wconf 83' lang='grc' dir='ltr'>Π</span> <span class='ocrx_word' id='word_1_296' title='bbox 1900 740 1925 763; x_wconf 74' lang='grc' dir='ltr'><strong><em>Θ</em></strong></span> 
     </span>
    </p>
   </div>
   <div class='ocr_carea' id='block_1_34' title="bbox 1080 782 1926 818">
    <p class='ocr_par' dir='ltr' id='par_1_34' title="bbox 1080 782 1926 818">
     <span class='ocr_line' id='line_1_34' title="bbox 1080 782 1926 818; baseline 0.002 -13"><span class='ocrx_word' id='word_1_297' title='bbox 1080 782 1212 817; x_wconf 78' lang='grc' dir='ltr'>τρίγωνον,</span> <span class='ocrx_word' id='word_1_298' title='bbox 1228 782 1308 811; x_wconf 74' lang='grc' dir='ltr'>οὕτως</span> <span class='ocrx_word' id='word_1_299' title='bbox 1320 783 1364 807; x_wconf 79' lang='grc' dir='ltr'>καὶ</span> <span class='ocrx_word' id='word_1_300' title='bbox 1387 782 1417 806; x_wconf 80' lang='grc' dir='ltr'>τὸ</span> <span class='ocrx_word' id='word_1_301' title='bbox 1440 784 1464 806; x_wconf 88' lang='grc' dir='ltr'>Ω</span> <span class='ocrx_word' id='word_1_302' title='bbox 1485 783 1504 807; x_wconf 82' lang='grc' dir='ltr'>Φ</span> <span class='ocrx_word' id='word_1_303' title='bbox 1527 783 1545 807; x_wconf 89' lang='grc' dir='ltr'><strong>Γ</strong></span> <span class='ocrx_word' id='word_1_304' title='bbox 1577 783 1702 818; x_wconf 69' lang='grc' dir='ltr'>τρίγωνον</span> <span class='ocrx_word' id='word_1_305' title='bbox 1736 782 1805 817; x_wconf 78' lang='grc' dir='ltr'>πρὸς</span> <span class='ocrx_word' id='word_1_306' title='bbox 1833 782 1862 807; x_wconf 75' lang='grc' dir='ltr'>τὸ</span> <span class='ocrx_word' id='word_1_307' title='bbox 1903 787 1926 807; x_wconf 60' lang='grc' dir='ltr'>Α</span> 
     </span>
    </p>
   </div>
   <div class='ocr_carea' id='block_1_35' title="bbox 1041 825 1926 863">
    <p class='ocr_par' dir='ltr' id='par_1_35' title="bbox 1041 825 1926 863">
     <span class='ocr_line' id='line_1_35' title="bbox 1041 825 1926 863; baseline -0.001 -11"><span class='ocrx_word' id='word_1_308' title='bbox 1041 825 1063 852; x_wconf 89' lang='grc' dir='ltr'>Β</span> <span class='ocrx_word' id='word_1_309' title='bbox 1080 828 1097 851; x_wconf 84' lang='grc' dir='ltr'><strong>Ρ</strong></span> <span class='ocrx_word' id='word_1_310' title='bbox 1125 827 1146 851; x_wconf 79' lang='lat' dir='ltr'>ll</span> <span class='ocrx_word' id='word_1_311' title='bbox 1174 827 1308 862; x_wconf 68' lang='grc' dir='ltr'>τρίγωνον.</span> <span class='ocrx_word' id='word_1_312' title='bbox 1341 825 1468 863; x_wconf 74' lang='grc' dir='ltr'>’Υπάρχει</span> <span class='ocrx_word' id='word_1_313' title='bbox 1500 829 1563 862; x_wconf 68' lang='grc' dir='ltr'>γοῦν</span> <span class='ocrx_word' id='word_1_314' title='bbox 1591 827 1620 851; x_wconf 90' lang='grc' dir='ltr'>τὸ</span> <span class='ocrx_word' id='word_1_315' title='bbox 1651 829 1675 852; x_wconf 77' lang='grc' dir='ltr'>Ψ</span> <span class='ocrx_word' id='word_1_316' title='bbox 1697 829 1717 853; x_wconf 75' lang='grc' dir='ltr'>Φ</span> <span class='ocrx_word' id='word_1_317' title='bbox 1743 829 1762 852; x_wconf 82' lang='grc' dir='ltr'><strong>Β</strong></span> <span class='ocrx_word' id='word_1_318' title='bbox 1785 828 1926 862; x_wconf 57' lang='grc' dir='ltr'>τρίγλης-δ</span> 
     </span>
    </p>
   </div>
   <div class='ocr_carea' id='block_1_36' title="bbox 1080 869 1914 908">
    <p class='ocr_par' dir='ltr' id='par_1_36' title="bbox 1080 869 1914 908">
     <span class='ocr_line' id='line_1_36' title="bbox 1080 869 1914 908; baseline 0.006 -13"><span class='ocrx_word' id='word_1_319' title='bbox 1080 870 1167 906; x_wconf 76' lang='grc' dir='ltr'>ὅμοιον</span> <span class='ocrx_word' id='word_1_320' title='bbox 1193 873 1224 906; x_wconf 81' lang='grc' dir='ltr'>τῇ</span> <span class='ocrx_word' id='word_1_321' title='bbox 1250 872 1371 898; x_wconf 74' lang='grc' dir='ltr'>ποιότητι</span> <span class='ocrx_word' id='word_1_322' title='bbox 1398 874 1447 896; x_wconf 79' lang='grc' dir='ltr'>τῶν</span> <span class='ocrx_word' id='word_1_323' title='bbox 1474 873 1497 897; x_wconf 86' lang='grc' dir='ltr'><strong>Ν</strong></span> <span class='ocrx_word' id='word_1_324' title='bbox 1522 873 1540 897; x_wconf 87' lang='grc' dir='ltr'><strong>Ρ</strong></span> <span class='ocrx_word' id='word_1_325' title='bbox 1568 873 1588 896; x_wconf 84' lang='grc' dir='ltr'>Ζ</span> <span class='ocrx_word' id='word_1_326' title='bbox 1614 873 1745 908; x_wconf 77' lang='grc' dir='ltr'>τριγώνῳ,</span> <span class='ocrx_word' id='word_1_327' title='bbox 1777 869 1850 899; x_wconf 72' lang='grc' dir='ltr'>πλὴν</span> <span class='ocrx_word' id='word_1_328' title='bbox 1899 869 1914 895; x_wconf 70' lang='grc' dir='ltr'><em>δ</em></span> 
     </span>
    </p>
   </div>
   <div class='ocr_carea' id='block_1_37' title="bbox 1080 913 1926 952">
    <p class='ocr_par' dir='ltr' id='par_1_37' title="bbox 1080 913 1926 952">
     <span class='ocr_line' id='line_1_37' title="bbox 1080 913 1926 952; baseline 0 -12"><span class='ocrx_word' id='word_1_329' title='bbox 1080 913 1133 940; x_wconf 74' lang='grc' dir='ltr'>ἀλλ’</span> <span class='ocrx_word' id='word_1_330' title='bbox 1154 914 1182 940; x_wconf 70' lang='grc' dir='ltr'>οὐ</span> <span class='ocrx_word' id='word_1_331' title='bbox 1198 919 1233 950; x_wconf 76' lang='grc' dir='ltr'>τῷ</span> <span class='ocrx_word' id='word_1_332' title='bbox 1249 914 1308 951; x_wconf 83' lang='grc' dir='ltr'>ἲσῳ,</span> <span class='ocrx_word' id='word_1_333' title='bbox 1325 917 1367 941; x_wconf 78' lang='grc' dir='ltr'>καὶ</span> <span class='ocrx_word' id='word_1_334' title='bbox 1389 914 1500 946; x_wconf 78' lang='grc' dir='ltr'>καθεξῆς</span> <span class='ocrx_word' id='word_1_335' title='bbox 1527 916 1556 941; x_wconf 84' lang='grc' dir='ltr'>τὸ</span> <span class='ocrx_word' id='word_1_336' title='bbox 1585 918 1608 942; x_wconf 80' lang='grc' dir='ltr'><strong><em>Ψ</em></strong></span> <span class='ocrx_word' id='word_1_337' title='bbox 1633 919 1657 942; x_wconf 81' lang='grc' dir='ltr'><strong>Χ</strong></span> <span class='ocrx_word' id='word_1_338' title='bbox 1681 919 1701 942; x_wconf 82' lang='grc' dir='ltr'>Δ</span> <span class='ocrx_word' id='word_1_339' title='bbox 1729 917 1859 952; x_wconf 71' lang='grc' dir='ltr'>τρίγωνον</span> <span class='ocrx_word' id='word_1_340' title='bbox 1886 919 1926 948; x_wconf 57' lang='grc' dir='ltr'>τῷ</span> 
     </span>
    </p>
   </div>
   <div class='ocr_carea' id='block_1_38' title="bbox 1080 957 1924 996">
    <p class='ocr_par' dir='ltr' id='par_1_38' title="bbox 1080 957 1924 996">
     <span class='ocr_line' id='line_1_38' title="bbox 1080 957 1924 996; baseline 0.001 -12"><span class='ocrx_word' id='word_1_341' title='bbox 1080 962 1102 985; x_wconf 88' lang='grc' dir='ltr'>Π</span> <span class='ocrx_word' id='word_1_342' title='bbox 1118 962 1139 985; x_wconf 80' lang='grc' dir='ltr'>Ν</span> <span class='ocrx_word' id='word_1_343' title='bbox 1156 962 1309 996; x_wconf 71' lang='grc' dir='ltr'>Ετριγὼνῳ,</span> <span class='ocrx_word' id='word_1_344' title='bbox 1326 960 1449 990; x_wconf 75' lang='grc' dir='ltr'>ὡσαύτως</span> <span class='ocrx_word' id='word_1_345' title='bbox 1465 957 1495 986; x_wconf 65' lang='grc' dir='ltr'><em>δὲ</em></span> <span class='ocrx_word' id='word_1_346' title='bbox 1523 961 1568 985; x_wconf 78' lang='grc' dir='ltr'>καὶ</span> <span class='ocrx_word' id='word_1_347' title='bbox 1595 961 1623 986; x_wconf 90' lang='grc' dir='ltr'>τὸ</span> <span class='ocrx_word' id='word_1_348' title='bbox 1649 963 1672 987; x_wconf 85' lang='grc' dir='ltr'><strong>Χ</strong></span> <span class='ocrx_word' id='word_1_349' title='bbox 1691 962 1716 986; x_wconf 86' lang='grc' dir='ltr'>Ω</span> <span class='ocrx_word' id='word_1_350' title='bbox 1740 963 1759 985; x_wconf 87' lang='grc' dir='ltr'><strong>Δ</strong></span> <span class='ocrx_word' id='word_1_351' title='bbox 1787 961 1924 996; x_wconf 61' lang='grc' dir='ltr'>τρίγωνα)</span> 
     </span>
    </p>
   </div>
   <div class='ocr_carea' id='block_1_39' title="bbox 1079 1006 1925 1041">
    <p class='ocr_par' dir='ltr' id='par_1_39' title="bbox 1079 1006 1925 1041">
     <span class='ocr_line' id='line_1_39' title="bbox 1079 1006 1925 1041; baseline 0.001 -12"><span class='ocrx_word' id='word_1_352' title='bbox 1079 1007 1116 1039; x_wconf 82' lang='grc' dir='ltr'>τῷ</span> <span class='ocrx_word' id='word_1_353' title='bbox 1131 1007 1154 1030; x_wconf 90' lang='grc' dir='ltr'><strong>Λ</strong></span> <span class='ocrx_word' id='word_1_354' title='bbox 1170 1007 1190 1030; x_wconf 86' lang='grc' dir='ltr'>Π</span> <span class='ocrx_word' id='word_1_355' title='bbox 1208 1006 1369 1041; x_wconf 76' lang='grc' dir='ltr'>Θτριγώνῳ,</span> <span class='ocrx_word' id='word_1_356' title='bbox 1393 1006 1481 1031; x_wconf 77' lang='grc' dir='ltr'>καὶτὸ</span> <span class='ocrx_word' id='word_1_357' title='bbox 1505 1007 1529 1030; x_wconf 85' lang='grc' dir='ltr'>Ω</span> <span class='ocrx_word' id='word_1_358' title='bbox 1550 1007 1570 1031; x_wconf 71' lang='grc' dir='ltr'>Φ</span> <span class='ocrx_word' id='word_1_359' title='bbox 1586 1007 1606 1030; x_wconf 93' lang='grc' dir='ltr'><strong>Γ</strong></span> <span class='ocrx_word' id='word_1_360' title='bbox 1627 1006 1755 1041; x_wconf 76' lang='grc' dir='ltr'>τρίγωνον</span> <span class='ocrx_word' id='word_1_361' title='bbox 1779 1008 1818 1040; x_wconf 81' lang='grc' dir='ltr'>τῷ</span> <span class='ocrx_word' id='word_1_362' title='bbox 1848 1007 1870 1030; x_wconf 90' lang='grc' dir='ltr'>Δ</span> <span class='ocrx_word' id='word_1_363' title='bbox 1907 1007 1925 1030; x_wconf 72' lang='grc' dir='ltr'>Ρ</span> 
     </span>
    </p>
   </div>
   <div class='ocr_carea' id='block_1_40' title="bbox 1080 1048 1925 1086">
    <p class='ocr_par' dir='ltr' id='par_1_40' title="bbox 1080 1048 1925 1086">
     <span class='ocr_line' id='line_1_40' title="bbox 1080 1048 1925 1086; baseline -0.002 -10"><span class='ocrx_word' id='word_1_364' title='bbox 1080 1053 1102 1076; x_wconf 86' lang='lat' dir='ltr'>Il</span> <span class='ocrx_word' id='word_1_365' title='bbox 1119 1052 1244 1086; x_wconf 77' lang='grc' dir='ltr'>τριγώνῳ,</span> <span class='ocrx_word' id='word_1_366' title='bbox 1256 1051 1299 1075; x_wconf 78' lang='grc' dir='ltr'>καὶ</span> <span class='ocrx_word' id='word_1_367' title='bbox 1313 1048 1389 1075; x_wconf 72' lang='grc' dir='ltr'>παλιν</span> <span class='ocrx_word' id='word_1_368' title='bbox 1400 1049 1436 1079; x_wconf 66' lang='lat' dir='ltr'>ei;</span> <span class='ocrx_word' id='word_1_369' title='bbox 1450 1051 1479 1076; x_wconf 87' lang='grc' dir='ltr'>τὸ</span> <span class='ocrx_word' id='word_1_370' title='bbox 1493 1049 1648 1085; x_wconf 69' lang='grc' dir='ltr'>ἐπιζευχθὶν</span> <span class='ocrx_word' id='word_1_371' title='bbox 1675 1053 1699 1075; x_wconf 88' lang='grc' dir='ltr'>Ν</span> <span class='ocrx_word' id='word_1_372' title='bbox 1731 1053 1749 1076; x_wconf 85' lang='grc' dir='ltr'>Ρ</span> <span class='ocrx_word' id='word_1_373' title='bbox 1774 1052 1796 1076; x_wconf 86' lang='grc' dir='ltr'><strong>Λ</strong></span> <span class='ocrx_word' id='word_1_374' title='bbox 1825 1052 1849 1076; x_wconf 83' lang='grc' dir='ltr'>Π</span> <span class='ocrx_word' id='word_1_375' title='bbox 1879 1058 1925 1075; x_wconf 74' lang='grc' dir='ltr'>τί-</span> 
     </span>
    </p>
   </div>
   <div class='ocr_carea' id='block_1_41' title="bbox 1080 1092 1924 1131">
    <p class='ocr_par' dir='ltr' id='par_1_41' title="bbox 1080 1092 1924 1131">
     <span class='ocr_line' id='line_1_41' title="bbox 1080 1092 1924 1131; baseline 0 -11"><span class='ocrx_word' id='word_1_376' title='bbox 1080 1095 1251 1131; x_wconf 72' lang='grc' dir='ltr'>τετράγωνον,</span> <span class='ocrx_word' id='word_1_377' title='bbox 1275 1092 1456 1130; x_wconf 77' lang='grc' dir='ltr'>ὰγκιίσθωσαν</span> <span class='ocrx_word' id='word_1_378' title='bbox 1483 1095 1552 1120; x_wconf 78' lang='grc' dir='ltr'>κατὰ</span> <span class='ocrx_word' id='word_1_379' title='bbox 1576 1096 1623 1124; x_wconf 80' lang='grc' dir='ltr'>τὴν</span> <span class='ocrx_word' id='word_1_380' title='bbox 1653 1095 1749 1120; x_wconf 77' lang='grc' dir='ltr'>τούτου</span> <span class='ocrx_word' id='word_1_381' title='bbox 1773 1098 1824 1120; x_wconf 74' lang='grc' dir='ltr'>τοῦ</span> <span class='ocrx_word' id='word_1_382' title='bbox 1853 1097 1875 1120; x_wconf 71' lang='grc' dir='ltr'>Ν</span> <span class='ocrx_word' id='word_1_383' title='bbox 1901 1093 1924 1120; x_wconf 83' lang='lat' dir='ltr'>P</span> 
     </span>
    </p>
   </div>
   <div class='ocr_carea' id='block_1_42' title="bbox 1081 1139 1923 1176">
    <p class='ocr_par' dir='ltr' id='par_1_42' title="bbox 1081 1139 1923 1176">
     <span class='ocr_line' id='line_1_42' title="bbox 1081 1139 1923 1176; baseline -0.002 -11"><span class='ocrx_word' id='word_1_384' title='bbox 1081 1141 1137 1165; x_wconf 88' lang='grc' dir='ltr'><strong>ΛΠ</strong></span> <span class='ocrx_word' id='word_1_385' title='bbox 1153 1140 1215 1176; x_wconf 78' lang='grc' dir='ltr'>πρὸς</span> <span class='ocrx_word' id='word_1_386' title='bbox 1231 1141 1330 1166; x_wconf 79' lang='grc' dir='ltr'>τὼΨΦ</span> <span class='ocrx_word' id='word_1_387' title='bbox 1358 1142 1382 1164; x_wconf 86' lang='grc' dir='ltr'>Ω.</span> <span class='ocrx_word' id='word_1_388' title='bbox 1406 1142 1429 1166; x_wconf 83' lang='grc' dir='ltr'>Χ</span> <span class='ocrx_word' id='word_1_389' title='bbox 1450 1139 1534 1174; x_wconf 74' lang='grc' dir='ltr'>τάξιν,</span> <span class='ocrx_word' id='word_1_390' title='bbox 1561 1139 1595 1165; x_wconf 79' lang='grc' dir='ltr'>τὰ</span> <span class='ocrx_word' id='word_1_391' title='bbox 1617 1141 1638 1165; x_wconf 88' lang='grc' dir='ltr'>Τ</span> <span class='ocrx_word' id='word_1_392' title='bbox 1660 1142 1680 1166; x_wconf 84' lang='grc' dir='ltr'>Υ</span> <span class='ocrx_word' id='word_1_393' title='bbox 1708 1142 1730 1165; x_wconf 85' lang='grc' dir='ltr'><strong>Κ</strong></span> <span class='ocrx_word' id='word_1_394' title='bbox 1757 1143 1774 1165; x_wconf 86' lang='grc' dir='ltr'>Σ</span> <span class='ocrx_word' id='word_1_395' title='bbox 1804 1139 1923 1174; x_wconf 66' lang='grc' dir='ltr'>σημεῖα,</span> 
     </span>
    </p>
   </div>
   <div class='ocr_carea' id='block_1_43' title="bbox 1081 1182 1924 1220">
    <p class='ocr_par' dir='ltr' id='par_1_43' title="bbox 1081 1182 1924 1220">
     <span class='ocr_line' id='line_1_43' title="bbox 1081 1182 1924 1220; baseline -0.002 -10"><span class='ocrx_word' id='word_1_396' title='bbox 1081 1184 1280 1220; x_wconf 77' lang='grc' dir='ltr'>ἐπιζεύχθωσαν</span> <span class='ocrx_word' id='word_1_397' title='bbox 1294 1182 1323 1210; x_wconf 71' lang='grc' dir='ltr'>δὲ</span> <span class='ocrx_word' id='word_1_398' title='bbox 1337 1186 1477 1210; x_wconf 76' lang='grc' dir='ltr'>καὶταῦτα</span> <span class='ocrx_word' id='word_1_399' title='bbox 1499 1187 1536 1219; x_wconf 85' lang='grc' dir='ltr'>τῷ</span> <span class='ocrx_word' id='word_1_400' title='bbox 1561 1187 1582 1210; x_wconf 85' lang='grc' dir='ltr'><strong>Τ</strong></span> <span class='ocrx_word' id='word_1_401' title='bbox 1603 1187 1624 1211; x_wconf 81' lang='grc' dir='ltr'>Υ</span> <span class='ocrx_word' id='word_1_402' title='bbox 1650 1187 1671 1211; x_wconf 85' lang='lat' dir='ltr'><strong>K</strong></span> <span class='ocrx_word' id='word_1_403' title='bbox 1700 1188 1717 1210; x_wconf 85' lang='grc' dir='ltr'><strong>Σ</strong></span> <span class='ocrx_word' id='word_1_404' title='bbox 1748 1186 1795 1210; x_wconf 75' lang='grc' dir='ltr'>καὶ</span> <span class='ocrx_word' id='word_1_405' title='bbox 1816 1183 1924 1210; x_wconf 58' lang='lat' dir='ltr'>ivi-sirm</span> 
     </span>
    </p>
   </div>
   <div class='ocr_carea' id='block_1_44' title="bbox 1080 1228 1924 1266">
    <p class='ocr_par' dir='ltr' id='par_1_44' title="bbox 1080 1228 1924 1266">
     <span class='ocr_line' id='line_1_44' title="bbox 1080 1228 1924 1266; baseline -0.001 -10"><span class='ocrx_word' id='word_1_406' title='bbox 1080 1231 1124 1256; x_wconf 83' lang='grc' dir='ltr'>ταὶ</span> <span class='ocrx_word' id='word_1_407' title='bbox 1144 1233 1227 1256; x_wconf 80' lang='grc' dir='ltr'>ταῦτα</span> <span class='ocrx_word' id='word_1_408' title='bbox 1246 1228 1292 1255; x_wconf 79' lang='grc' dir='ltr'>ἶσοι</span> <span class='ocrx_word' id='word_1_409' title='bbox 1313 1230 1346 1256; x_wconf 83' lang='grc' dir='ltr'>τὰ</span> <span class='ocrx_word' id='word_1_410' title='bbox 1367 1231 1494 1266; x_wconf 76' lang='grc' dir='ltr'>τρίρωνα·</span> <span class='ocrx_word' id='word_1_411' title='bbox 1512 1229 1545 1259; x_wconf 87' lang='grc' dir='ltr'>ὡς</span> <span class='ocrx_word' id='word_1_412' title='bbox 1571 1232 1634 1265; x_wconf 71' lang='grc' dir='ltr'>γοῦν</span> <span class='ocrx_word' id='word_1_413' title='bbox 1655 1230 1684 1256; x_wconf 84' lang='grc' dir='ltr'>τό</span> <span class='ocrx_word' id='word_1_414' title='bbox 1712 1232 1735 1256; x_wconf 82' lang='grc' dir='ltr'>ΙΙ</span> <span class='ocrx_word' id='word_1_415' title='bbox 1759 1231 1783 1256; x_wconf 84' lang='grc' dir='ltr'><strong>Λ</strong></span> <span class='ocrx_word' id='word_1_416' title='bbox 1810 1233 1838 1256; x_wconf 86' lang='grc' dir='ltr'>Θ</span> <span class='ocrx_word' id='word_1_417' title='bbox 1864 1230 1924 1265; x_wconf 78' lang='grc' dir='ltr'>τρί·</span> 
     </span>
    </p>
   </div>
   <div class='ocr_carea' id='block_1_45' title="bbox 1082 1318 1920 1357">
    <p class='ocr_par' dir='ltr' id='par_1_45' title="bbox 1082 1318 1920 1357">
     <span class='ocr_line' id='line_1_45' title="bbox 1082 1318 1920 1357; baseline -0.001 -9"><span class='ocrx_word' id='word_1_418' title='bbox 1082 1319 1222 1357; x_wconf 79' lang='lat' dir='ltr'>aequales,</span> <span class='ocrx_word' id='word_1_419' title='bbox 1236 1319 1315 1348; x_wconf 86' lang='lat' dir='ltr'>linea</span> <span class='ocrx_word' id='word_1_420' title='bbox 1329 1318 1453 1356; x_wconf 80' lang='lat' dir='ltr'><strong>quidem</strong></span> <span class='ocrx_word' id='word_1_421' title='bbox 1468 1321 1491 1347; x_wconf 80' lang='grc' dir='ltr'><strong>Α</strong></span> <span class='ocrx_word' id='word_1_422' title='bbox 1502 1318 1588 1347; x_wconf 72' lang='lat' dir='ltr'>lineae</span> <span class='ocrx_word' id='word_1_423' title='bbox 1604 1320 1634 1353; x_wconf 83' lang='grc' dir='ltr'>Β,</span> <span class='ocrx_word' id='word_1_424' title='bbox 1646 1321 1675 1347; x_wconf 87' lang='lat' dir='ltr'>et</span> <span class='ocrx_word' id='word_1_425' title='bbox 1684 1319 1751 1348; x_wconf 70' lang='lat' dir='ltr'><strong>haec</strong></span> <span class='ocrx_word' id='word_1_426' title='bbox 1764 1318 1857 1348; x_wconf 71' lang='lat' dir='ltr'>linem</span> <span class='ocrx_word' id='word_1_427' title='bbox 1885 1321 1920 1348; x_wconf 88' lang='lat' dir='ltr'>C.</span> 
     </span>
    </p>
   </div>
   <div class='ocr_carea' id='block_1_46' title="bbox 1081 1363 1921 1400">
    <p class='ocr_par' dir='ltr' id='par_1_46' title="bbox 1081 1363 1921 1400">
     <span class='ocr_line' id='line_1_46' title="bbox 1081 1363 1921 1400; baseline -0.001 -7"><span class='ocrx_word' id='word_1_428' title='bbox 1081 1367 1110 1393; x_wconf 92' lang='lat' dir='ltr'><strong>et</strong></span> <span class='ocrx_word' id='word_1_429' title='bbox 1123 1364 1188 1393; x_wconf 80' lang='lat' dir='ltr'>haec</span> <span class='ocrx_word' id='word_1_430' title='bbox 1201 1364 1288 1393; x_wconf 72' lang='lat' dir='ltr'>linea:</span> <span class='ocrx_word' id='word_1_431' title='bbox 1304 1365 1336 1399; x_wconf 92' lang='lat' dir='ltr'>D,</span> <span class='ocrx_word' id='word_1_432' title='bbox 1352 1366 1380 1392; x_wconf 91' lang='lat' dir='ltr'><strong>et</strong></span> <span class='ocrx_word' id='word_1_433' title='bbox 1395 1363 1560 1392; x_wconf 65' lang='lat' dir='ltr'>haedlineae</span> <span class='ocrx_word' id='word_1_434' title='bbox 1572 1366 1604 1392; x_wconf 80' lang='grc' dir='ltr'>Α.</span> <span class='ocrx_word' id='word_1_435' title='bbox 1622 1364 1738 1392; x_wconf 80' lang='lat' dir='ltr'><strong>Puncta</strong></span> <span class='ocrx_word' id='word_1_436' title='bbox 1755 1363 1849 1400; x_wconf 84' lang='lat' dir='ltr'>igitur</span> <span class='ocrx_word' id='word_1_437' title='bbox 1860 1364 1883 1391; x_wconf 70' lang='grc' dir='ltr'>ν</span> <span class='ocrx_word' id='word_1_438' title='bbox 1898 1365 1921 1392; x_wconf 75' lang='grc' dir='ltr'>Χ</span> 
     </span>
    </p>
   </div>
   <div class='ocr_carea' id='block_1_47' title="bbox 1083 1409 1921 1446">
    <p class='ocr_par' dir='ltr' id='par_1_47' title="bbox 1083 1409 1921 1446">
     <span class='ocr_line' id='line_1_47' title="bbox 1083 1409 1921 1446; baseline -0.001 -8"><span class='ocrx_word' id='word_1_439' title='bbox 1083 1410 1102 1438; x_wconf 83' lang='grc' dir='ltr'>Υ</span> <span class='ocrx_word' id='word_1_440' title='bbox 1116 1411 1294 1446; x_wconf 85' lang='lat' dir='ltr'>Zponantur</span> <span class='ocrx_word' id='word_1_441' title='bbox 1303 1409 1404 1437; x_wconf 88' lang='lat' dir='ltr'>media</span> <span class='ocrx_word' id='word_1_442' title='bbox 1415 1409 1491 1438; x_wconf 88' lang='lat' dir='ltr'>inter</span> <span class='ocrx_word' id='word_1_443' title='bbox 1503 1411 1524 1436; x_wconf 80' lang='grc' dir='ltr'><strong>Α</strong></span> <span class='ocrx_word' id='word_1_444' title='bbox 1536 1410 1555 1436; x_wconf 90' lang='grc' dir='ltr'>Β</span> <span class='ocrx_word' id='word_1_445' title='bbox 1564 1410 1584 1438; x_wconf 89' lang='lat' dir='ltr'><strong>C</strong></span> <span class='ocrx_word' id='word_1_446' title='bbox 1597 1410 1628 1444; x_wconf 82' lang='grc' dir='ltr'>ι),</span> <span class='ocrx_word' id='word_1_447' title='bbox 1643 1411 1672 1437; x_wconf 90' lang='lat' dir='ltr'>et</span> <span class='ocrx_word' id='word_1_448' title='bbox 1686 1409 1921 1445; x_wconf 81' lang='lat' dir='ltr'>conjungantur</span> 
     </span>
    </p>
   </div>
   <div class='ocr_carea' id='block_1_48' title="bbox 1080 1453 1922 1490">
    <p class='ocr_par' dir='ltr' id='par_1_48' title="bbox 1080 1453 1922 1490">
     <span class='ocr_line' id='line_1_48' title="bbox 1080 1453 1922 1490; baseline 0 -8"><span class='ocrx_word' id='word_1_449' title='bbox 1080 1454 1157 1482; x_wconf 87' lang='lat' dir='ltr'>inter</span> <span class='ocrx_word' id='word_1_450' title='bbox 1176 1462 1208 1483; x_wconf 83' lang='lat' dir='ltr'><strong>se</strong></span> <span class='ocrx_word' id='word_1_451' title='bbox 1225 1455 1246 1482; x_wconf 88' lang='lat' dir='ltr'><strong>Y</strong></span> <span class='ocrx_word' id='word_1_452' title='bbox 1260 1454 1288 1481; x_wconf 88' lang='lat' dir='ltr'>X.</span> <span class='ocrx_word' id='word_1_453' title='bbox 1306 1453 1328 1481; x_wconf 81' lang='grc' dir='ltr'><strong>Χ</strong></span> <span class='ocrx_word' id='word_1_454' title='bbox 1344 1454 1372 1481; x_wconf 87' lang='grc' dir='ltr'>Ζ.</span> <span class='ocrx_word' id='word_1_455' title='bbox 1388 1454 1410 1480; x_wconf 83' lang='grc' dir='ltr'>ν</span> <span class='ocrx_word' id='word_1_456' title='bbox 1433 1455 1455 1481; x_wconf 82' lang='lat' dir='ltr'><strong>Y</strong></span> <span class='ocrx_word' id='word_1_457' title='bbox 1474 1453 1602 1482; x_wconf 76' lang='lat' dir='ltr'><strong>efﬁcient</strong></span> <span class='ocrx_word' id='word_1_458' title='bbox 1617 1461 1677 1490; x_wconf 86' lang='lat' dir='ltr'>que</span> <span class='ocrx_word' id='word_1_459' title='bbox 1701 1454 1805 1482; x_wconf 87' lang='lat' dir='ltr'>minus</span> <span class='ocrx_word' id='word_1_460' title='bbox 1840 1461 1922 1490; x_wconf 84' lang='lat' dir='ltr'>qua-</span> 
     </span>
    </p>
   </div>
   <div class='ocr_carea' id='block_1_49' title="bbox 201 1496 1919 1536">
    <p class='ocr_par' dir='ltr' id='par_1_49' title="bbox 201 1496 1919 1536">
     <span class='ocr_line' id='line_1_49' title="bbox 201 1496 1919 1536; baseline -0.001 -8"><span class='ocrx_word' id='word_1_461' title='bbox 201 1499 304 1528; x_wconf 81' lang='lat' dir='ltr'>formee</span> <span class='ocrx_word' id='word_1_462' title='bbox 315 1498 553 1536; x_wconf 85' lang='lat' dir='ltr'>(t)latitudinem</span> <span class='ocrx_word' id='word_1_463' title='bbox 564 1497 697 1527; x_wconf 77' lang='lat' dir='ltr'>habeant</span> <span class='ocrx_word' id='word_1_464' title='bbox 709 1496 784 1527; x_wconf 83' lang='lat' dir='ltr'><strong>adeo</strong></span> <span class='ocrx_word' id='word_1_465' title='bbox 798 1500 1026 1534; x_wconf 72' lang='lat' dir='ltr'>utunaqumque</span> <span class='ocrx_word' id='word_1_466' title='bbox 1042 1503 1063 1531; x_wconf 71' lang='grc' dir='ltr'><strong>Β</strong></span> <span class='ocrx_word' id='word_1_467' title='bbox 1081 1499 1263 1536; x_wconf 86' lang='lat' dir='ltr'>drangulum</span> <span class='ocrx_word' id='word_1_468' title='bbox 1280 1500 1300 1527; x_wconf 89' lang='lat' dir='ltr'><strong>E</strong></span> <span class='ocrx_word' id='word_1_469' title='bbox 1316 1500 1335 1527; x_wconf 85' lang='lat' dir='ltr'><strong>F</strong></span> <span class='ocrx_word' id='word_1_470' title='bbox 1350 1500 1371 1527; x_wconf 90' lang='lat' dir='ltr'><strong>G</strong></span> <span class='ocrx_word' id='word_1_471' title='bbox 1388 1499 1420 1527; x_wconf 83' lang='lat' dir='ltr'>ll.</span> <span class='ocrx_word' id='word_1_472' title='bbox 1435 1498 1616 1534; x_wconf 80' lang='lat' dir='ltr'>Sicutigitur</span> <span class='ocrx_word' id='word_1_473' title='bbox 1630 1500 1652 1527; x_wconf 88' lang='lat' dir='ltr'><strong>N</strong></span> <span class='ocrx_word' id='word_1_474' title='bbox 1675 1499 1697 1527; x_wconf 94' lang='grc' dir='ltr'><strong>Ο</strong></span> <span class='ocrx_word' id='word_1_475' title='bbox 1720 1499 1742 1526; x_wconf 83' lang='grc' dir='ltr'>Ρ</span> <span class='ocrx_word' id='word_1_476' title='bbox 1760 1500 1783 1532; x_wconf 86' lang='lat' dir='ltr'>Q</span> <span class='ocrx_word' id='word_1_477' title='bbox 1800 1501 1919 1535; x_wconf 85' lang='lat' dir='ltr'><strong>puncta</strong></span> 
     </span>
    </p>
   </div>
   <div class='ocr_carea' id='block_1_50' title="bbox 200 1543 1024 1580">
    <p class='ocr_par' dir='ltr' id='par_1_50' title="bbox 200 1543 1024 1580">
     <span class='ocr_line' id='line_1_50' title="bbox 200 1543 1024 1580; baseline -0.002 -7"><span class='ocrx_word' id='word_1_478' title='bbox 200 1544 298 1574; x_wconf 85' lang='lat' dir='ltr'>forma</span> <span class='ocrx_word' id='word_1_479' title='bbox 310 1544 509 1572; x_wconf 81' lang='lat' dir='ltr'>intensionem</span> <span class='ocrx_word' id='word_1_480' title='bbox 525 1543 554 1572; x_wconf 89' lang='lat' dir='ltr'>in</span> <span class='ocrx_word' id='word_1_481' title='bbox 569 1543 719 1572; x_wconf 81' lang='lat' dir='ltr'>infinitum</span> <span class='ocrx_word' id='word_1_482' title='bbox 746 1543 896 1580; x_wconf 77' lang='lat' dir='ltr'>suscipere</span> <span class='ocrx_word' id='word_1_483' title='bbox 919 1543 1024 1580; x_wconf 81' lang='lat' dir='ltr'>possit,</span> 
     </span>
    </p>
   </div>
   <div class='ocr_carea' id='block_1_51' title="bbox 200 1587 1026 1625">
    <p class='ocr_par' dir='ltr' id='par_1_51' title="bbox 200 1587 1026 1625">
     <span class='ocr_line' id='line_1_51' title="bbox 200 1587 1026 1625; baseline -0.002 -7"><span class='ocrx_word' id='word_1_484' title='bbox 200 1591 302 1618; x_wconf 83' lang='lat' dir='ltr'>tamen</span> <span class='ocrx_word' id='word_1_485' title='bbox 314 1596 375 1617; x_wconf 92' lang='lat' dir='ltr'>non</span> <span class='ocrx_word' id='word_1_486' title='bbox 389 1588 457 1617; x_wconf 92' lang='lat' dir='ltr'>ideo</span> <span class='ocrx_word' id='word_1_487' title='bbox 469 1588 521 1617; x_wconf 86' lang='lat' dir='ltr'>ilia</span> <span class='ocrx_word' id='word_1_488' title='bbox 538 1588 705 1625; x_wconf 79' lang='lat' dir='ltr'>proprietas</span> <span class='ocrx_word' id='word_1_489' title='bbox 717 1588 831 1621; x_wconf 87' lang='lat' dir='ltr'>evadet,</span> <span class='ocrx_word' id='word_1_490' title='bbox 849 1587 903 1616; x_wconf 86' lang='lat' dir='ltr'>sed</span> <span class='ocrx_word' id='word_1_491' title='bbox 919 1588 1026 1616; x_wconf 85' lang='lat' dir='ltr'>eadem</span> 
     </span>
    </p>
   </div>
   <div class='ocr_carea' id='block_1_52' title="bbox 199 1632 1025 1668">
    <p class='ocr_par' dir='ltr' id='par_1_52' title="bbox 199 1632 1025 1668">
     <span class='ocr_line' id='line_1_52' title="bbox 199 1632 1025 1668; baseline -0.001 -6"><span class='ocrx_word' id='word_1_492' title='bbox 199 1633 343 1662; x_wconf 87' lang='lat' dir='ltr'>manebit.</span> <span class='ocrx_word' id='word_1_493' title='bbox 352 1633 437 1666; x_wconf 85' lang='lat' dir='ltr'>Quod</span> <span class='ocrx_word' id='word_1_494' title='bbox 447 1635 548 1662; x_wconf 83' lang='lat' dir='ltr'>autem</span> <span class='ocrx_word' id='word_1_495' title='bbox 558 1633 699 1668; x_wconf 88' lang='lat' dir='ltr'>dicimus,</span> <span class='ocrx_word' id='word_1_496' title='bbox 710 1633 790 1661; x_wconf 88' lang='lat' dir='ltr'><strong>hunc</strong></span> <span class='ocrx_word' id='word_1_497' title='bbox 801 1633 832 1661; x_wconf 91' lang='lat' dir='ltr'>in</span> <span class='ocrx_word' id='word_1_498' title='bbox 839 1632 963 1661; x_wconf 88' lang='lat' dir='ltr'>modum</span> <span class='ocrx_word' id='word_1_499' title='bbox 975 1632 1025 1661; x_wconf 88' lang='lat' dir='ltr'>de-</span> 
     </span>
    </p>
   </div>
   <div class='ocr_carea' id='block_1_53' title="bbox 200 1677 1026 1714">
    <p class='ocr_par' dir='ltr' id='par_1_53' title="bbox 200 1677 1026 1714">
     <span class='ocr_line' id='line_1_53' title="bbox 200 1677 1026 1714; baseline -0.002 -7"><span class='ocrx_word' id='word_1_500' title='bbox 200 1678 418 1707; x_wconf 87' lang='lat' dir='ltr'>monstrabitur</span> <span class='ocrx_word' id='word_1_501' title='bbox 434 1686 440 1705; x_wconf 87' lang='lat'><strong>:</strong></span> <span class='ocrx_word' id='word_1_502' title='bbox 458 1677 598 1714; x_wconf 85' lang='lat' dir='ltr'>Subjecta</span> <span class='ocrx_word' id='word_1_503' title='bbox 612 1677 710 1713; x_wconf 85' lang='lat' dir='ltr'>ﬁgura</span> <span class='ocrx_word' id='word_1_504' title='bbox 720 1677 859 1706; x_wconf 87' lang='lat' dir='ltr'>volumus</span> <span class='ocrx_word' id='word_1_505' title='bbox 869 1677 1026 1706; x_wconf 84' lang='lat' dir='ltr'><strong>ostendere</strong></span> 
     </span>
    </p>
   </div>
   <div class='ocr_carea' id='block_1_54' title="bbox 200 1721 1026 1759">
    <p class='ocr_par' dir='ltr' id='par_1_54' title="bbox 200 1721 1026 1759">
     <span class='ocr_line' id='line_1_54' title="bbox 200 1721 1026 1759; baseline -0.002 -7"><span class='ocrx_word' id='word_1_506' title='bbox 200 1722 375 1752; x_wconf 88' lang='lat' dir='ltr'>intensionis</span> <span class='ocrx_word' id='word_1_507' title='bbox 383 1722 557 1759; x_wconf 79' lang='lat' dir='ltr'>qualitatem</span> <span class='ocrx_word' id='word_1_508' title='bbox 568 1729 630 1750; x_wconf 87' lang='lat' dir='ltr'>non</span> <span class='ocrx_word' id='word_1_509' title='bbox 638 1721 754 1750; x_wconf 80' lang='lat' dir='ltr'>efﬁcere</span> <span class='ocrx_word' id='word_1_510' title='bbox 765 1724 797 1750; x_wconf 90' lang='lat' dir='ltr'>ut</span> <span class='ocrx_word' id='word_1_511' title='bbox 809 1721 972 1750; x_wconf 84' lang='lat' dir='ltr'>iracundus</span> <span class='ocrx_word' id='word_1_512' title='bbox 987 1722 1026 1750; x_wconf 87' lang='lat' dir='ltr'>ab</span> 
     </span>
    </p>
   </div>
   <div class='ocr_carea' id='block_1_55' title="bbox 200 1766 1026 1803">
    <p class='ocr_par' dir='ltr' id='par_1_55' title="bbox 200 1766 1026 1803">
     <span class='ocr_line' id='line_1_55' title="bbox 200 1766 1026 1803; baseline -0.002 -6"><span class='ocrx_word' id='word_1_513' title='bbox 200 1767 346 1797; x_wconf 85' lang='lat' dir='ltr'><strong>iracundo</strong></span> <span class='ocrx_word' id='word_1_514' title='bbox 361 1766 438 1795; x_wconf 85' lang='lat' dir='ltr'>alius</span> <span class='ocrx_word' id='word_1_515' title='bbox 452 1766 511 1795; x_wconf 87' lang='lat' dir='ltr'>dici</span> <span class='ocrx_word' id='word_1_516' title='bbox 522 1766 639 1794; x_wconf 80' lang='lat' dir='ltr'>deﬁniri</span> <span class='ocrx_word' id='word_1_517' title='bbox 663 1766 770 1802; x_wconf 83' lang='lat' dir='ltr'>possit.</span> <span class='ocrx_word' id='word_1_518' title='bbox 797 1767 918 1803; x_wconf 82' lang='lat' dir='ltr'>Oportet</span> <span class='ocrx_word' id='word_1_519' title='bbox 935 1766 1026 1803; x_wconf 81' lang='lat' dir='ltr'>igitur</span> 
     </span>
    </p>
   </div>
   <div class='ocr_carea' id='block_1_56' title="bbox 200 1811 1026 1849">
    <p class='ocr_par' dir='ltr' id='par_1_56' title="bbox 200 1811 1026 1849">
     <span class='ocr_line' id='line_1_56' title="bbox 200 1811 1026 1849; baseline -0.001 -7"><span class='ocrx_word' id='word_1_520' title='bbox 200 1812 408 1842; x_wconf 85' lang='lat' dir='ltr'>demonstrare</span> <span class='ocrx_word' id='word_1_521' title='bbox 420 1819 474 1849; x_wconf 91' lang='lat' dir='ltr'><strong>per</strong></span> <span class='ocrx_word' id='word_1_522' title='bbox 487 1811 660 1849; x_wconf 74' lang='lat' dir='ltr'>quantitatis</span> <span class='ocrx_word' id='word_1_523' title='bbox 680 1811 882 1848; x_wconf 80' lang='lat' dir='ltr'>aequalitatem</span> <span class='ocrx_word' id='word_1_524' title='bbox 900 1814 929 1840; x_wconf 89' lang='lat' dir='ltr'><strong>et</strong></span> <span class='ocrx_word' id='word_1_525' title='bbox 953 1812 1026 1841; x_wconf 65' lang='lat' dir='ltr'>inae-</span> 
     </span>
    </p>
   </div>
   <div class='ocr_carea' id='block_1_57' title="bbox 199 1855 940 1895">
    <p class='ocr_par' dir='ltr' id='par_1_57' title="bbox 199 1855 940 1895">
     <span class='ocr_line' id='line_1_57' title="bbox 199 1855 940 1895; baseline -0.003 -9"><span class='ocrx_word' id='word_1_526' title='bbox 199 1857 374 1895; x_wconf 85' lang='lat' dir='ltr'>qualitatem</span> <span class='ocrx_word' id='word_1_527' title='bbox 380 1856 443 1885; x_wconf 78' lang='lat' dir='ltr'><strong>haec</strong></span> <span class='ocrx_word' id='word_1_528' title='bbox 452 1856 534 1886; x_wconf 80' lang='lat' dir='ltr'>aliud</span> <span class='ocrx_word' id='word_1_529' title='bbox 544 1857 634 1893; x_wconf 87' lang='lat' dir='ltr'>atque</span> <span class='ocrx_word' id='word_1_530' title='bbox 642 1855 723 1885; x_wconf 83' lang='lat' dir='ltr'>aliud</span> <span class='ocrx_word' id='word_1_531' title='bbox 731 1863 792 1884; x_wconf 93' lang='lat' dir='ltr'>non</span> <span class='ocrx_word' id='word_1_532' title='bbox 803 1855 940 1885; x_wconf 82' lang='lat' dir='ltr'><strong>evadere.</strong></span> 
     </span>
    </p>
   </div>
   <div class='ocr_carea' id='block_1_58' title="bbox 324 1952 905 2531">
    <p class='ocr_par' dir='ltr' id='par_1_58' title="bbox 328 1956 901 2493">
     <span class='ocr_line' id='line_1_58' title="bbox 328 1956 901 2493; baseline 0.01 -245"><span class='ocrx_word' id='word_1_533' title='bbox 328 1956 901 2493; x_wconf 41' lang='grc' dir='ltr'>γλ</span> 
     </span>
    </p>
   </div>
   <div class='ocr_carea' id='block_1_59' title="bbox 236 2576 1028 2615">
    <p class='ocr_par' dir='ltr' id='par_1_59' title="bbox 236 2576 1028 2615">
     <span class='ocr_line' id='line_1_59' title="bbox 236 2576 1028 2615; baseline -0.001 -9"><span class='ocrx_word' id='word_1_534' title='bbox 236 2578 278 2606; x_wconf 80' lang='lat' dir='ltr'>Ex</span> <span class='ocrx_word' id='word_1_535' title='bbox 295 2578 513 2615; x_wconf 82' lang='lat' dir='ltr'>quadrangulis</span> <span class='ocrx_word' id='word_1_536' title='bbox 527 2577 616 2615; x_wconf 81' lang='lat' dir='ltr'>igitur</span> <span class='ocrx_word' id='word_1_537' title='bbox 629 2577 721 2614; x_wconf 88' lang='lat' dir='ltr'>hujus</span> <span class='ocrx_word' id='word_1_538' title='bbox 733 2577 837 2613; x_wconf 63' lang='lat' dir='ltr'>ﬁgurae</span> <span class='ocrx_word' id='word_1_539' title='bbox 853 2577 915 2606; x_wconf 85' lang='lat' dir='ltr'><strong>esto</strong></span> <span class='ocrx_word' id='word_1_540' title='bbox 929 2576 1028 2614; x_wconf 82' lang='lat' dir='ltr'>majus</span> 
     </span>
    </p>
   </div>
   <div class='ocr_carea' id='block_1_60' title="bbox 203 2621 1028 2660">
    <p class='ocr_par' dir='ltr' id='par_1_60' title="bbox 203 2621 1028 2660">
     <span class='ocr_line' id='line_1_60' title="bbox 203 2621 1028 2660; baseline -0.001 -9"><span class='ocrx_word' id='word_1_541' title='bbox 203 2622 447 2660; x_wconf 81' lang='lat' dir='ltr'>quadrangulum</span> <span class='ocrx_word' id='word_1_542' title='bbox 459 2627 481 2652; x_wconf 83' lang='lat' dir='ltr'><strong>A</strong></span> <span class='ocrx_word' id='word_1_543' title='bbox 497 2623 518 2651; x_wconf 90' lang='grc' dir='ltr'>Β</span> <span class='ocrx_word' id='word_1_544' title='bbox 533 2624 553 2651; x_wconf 88' lang='lat' dir='ltr'><strong><em>C</em></strong></span> <span class='ocrx_word' id='word_1_545' title='bbox 563 2623 584 2651; x_wconf 83' lang='grc' dir='ltr'>Ι)</span> <span class='ocrx_word' id='word_1_546' title='bbox 602 2632 609 2658; x_wconf 86' lang='grc'><strong>;</strong></span> <span class='ocrx_word' id='word_1_547' title='bbox 625 2623 645 2650; x_wconf 88' lang='grc' dir='ltr'>Ε</span> <span class='ocrx_word' id='word_1_548' title='bbox 659 2623 678 2650; x_wconf 81' lang='lat' dir='ltr'>F</span> <span class='ocrx_word' id='word_1_549' title='bbox 693 2623 714 2651; x_wconf 88' lang='lat' dir='ltr'>G</span> <span class='ocrx_word' id='word_1_550' title='bbox 726 2623 748 2650; x_wconf 80' lang='lat' dir='ltr'>ll</span> <span class='ocrx_word' id='word_1_551' title='bbox 763 2622 863 2650; x_wconf 89' lang='lat' dir='ltr'>minus</span> <span class='ocrx_word' id='word_1_552' title='bbox 876 2621 1028 2658; x_wconf 85' lang='lat' dir='ltr'>quadran-</span> 
     </span>
    </p>
   </div>
   <div class='ocr_carea' id='block_1_61' title="bbox 202 2667 1028 2705">
    <p class='ocr_par' dir='ltr' id='par_1_61' title="bbox 202 2667 1028 2705">
     <span class='ocr_line' id='line_1_61' title="bbox 202 2667 1028 2705; baseline -0.001 -9"><span class='ocrx_word' id='word_1_553' title='bbox 202 2668 315 2704; x_wconf 81' lang='lat' dir='ltr'>gulum.</span> <span class='ocrx_word' id='word_1_554' title='bbox 334 2669 397 2698; x_wconf 88' lang='lat' dir='ltr'>Sint</span> <span class='ocrx_word' id='word_1_555' title='bbox 411 2670 502 2705; x_wconf 79' lang='lat' dir='ltr'><strong>igitur</strong></span> <span class='ocrx_word' id='word_1_556' title='bbox 516 2670 540 2696; x_wconf 85' lang='lat' dir='ltr'><strong>A</strong></span> <span class='ocrx_word' id='word_1_557' title='bbox 553 2669 574 2696; x_wconf 92' lang='grc' dir='ltr'>Β</span> <span class='ocrx_word' id='word_1_558' title='bbox 590 2669 609 2696; x_wconf 90' lang='lat' dir='ltr'>C</span> <span class='ocrx_word' id='word_1_559' title='bbox 623 2668 646 2696; x_wconf 96' lang='lat' dir='ltr'>D</span> <span class='ocrx_word' id='word_1_560' title='bbox 657 2669 770 2705; x_wconf 86' lang='lat' dir='ltr'><strong>puncta</strong></span> <span class='ocrx_word' id='word_1_561' title='bbox 780 2675 798 2695; x_wconf 88' lang='lat' dir='ltr'>a</span> <span class='ocrx_word' id='word_1_562' title='bbox 812 2667 923 2704; x_wconf 83' lang='lat' dir='ltr'>quibus</span> <span class='ocrx_word' id='word_1_563' title='bbox 937 2667 1028 2696; x_wconf 85' lang='lat' dir='ltr'>triun-</span> 
     </span>
    </p>
   </div>
   <div class='ocr_carea' id='block_1_62' title="bbox 200 2712 1029 2750">
    <p class='ocr_par' dir='ltr' id='par_1_62' title="bbox 200 2712 1029 2750">
     <span class='ocr_line' id='line_1_62' title="bbox 200 2712 1029 2750; baseline -0.001 -9"><span class='ocrx_word' id='word_1_564' title='bbox 200 2719 260 2749; x_wconf 88' lang='lat' dir='ltr'>que</span> <span class='ocrx_word' id='word_1_565' title='bbox 274 2713 359 2742; x_wconf 72' lang='lat' dir='ltr'>lineae</span> <span class='ocrx_word' id='word_1_566' title='bbox 375 2722 444 2744; x_wconf 87' lang='lat' dir='ltr'>cum</span> <span class='ocrx_word' id='word_1_567' title='bbox 463 2714 487 2742; x_wconf 90' lang='lat' dir='ltr'><strong>V</strong></span> <span class='ocrx_word' id='word_1_568' title='bbox 507 2715 528 2743; x_wconf 89' lang='lat' dir='ltr'><strong>X</strong></span> <span class='ocrx_word' id='word_1_569' title='bbox 550 2715 572 2742; x_wconf 87' lang='lat' dir='ltr'><strong>Y</strong></span> <span class='ocrx_word' id='word_1_570' title='bbox 592 2714 613 2741; x_wconf 94' lang='lat' dir='ltr'>Z</span> <span class='ocrx_word' id='word_1_571' title='bbox 637 2712 823 2750; x_wconf 86' lang='lat' dir='ltr'>copulentur.</span> <span class='ocrx_word' id='word_1_572' title='bbox 853 2712 917 2741; x_wconf 89' lang='lat' dir='ltr'><strong>Sint</strong></span> <span class='ocrx_word' id='word_1_573' title='bbox 939 2712 1029 2748; x_wconf 80' lang='lat' dir='ltr'>igitur</span> 
     </span>
    </p>
   </div>
   <div class='ocr_carea' id='block_1_63' title="bbox 1081 1543 1920 1580">
    <p class='ocr_par' dir='ltr' id='par_1_63' title="bbox 1081 1543 1920 1580">
     <span class='ocr_line' id='line_1_63' title="bbox 1081 1543 1920 1580; baseline -0.001 -8"><span class='ocrx_word' id='word_1_574' title='bbox 1081 1543 1181 1572; x_wconf 86' lang='lat' dir='ltr'>media</span> <span class='ocrx_word' id='word_1_575' title='bbox 1203 1544 1278 1572; x_wconf 89' lang='lat' dir='ltr'>inter</span> <span class='ocrx_word' id='word_1_576' title='bbox 1306 1545 1418 1580; x_wconf 84' lang='lat' dir='ltr'><strong>puncta</strong></span> <span class='ocrx_word' id='word_1_577' title='bbox 1447 1544 1467 1571; x_wconf 88' lang='lat' dir='ltr'><strong>E</strong></span> <span class='ocrx_word' id='word_1_578' title='bbox 1494 1544 1514 1571; x_wconf 84' lang='lat' dir='ltr'><strong>F</strong></span> <span class='ocrx_word' id='word_1_579' title='bbox 1536 1544 1557 1571; x_wconf 91' lang='lat' dir='ltr'><strong>G</strong></span> <span class='ocrx_word' id='word_1_580' title='bbox 1577 1543 1612 1578; x_wconf 81' lang='grc' dir='ltr'>Η,</span> <span class='ocrx_word' id='word_1_581' title='bbox 1645 1543 1920 1579; x_wconf 84' lang='lat' dir='ltr'>quemadmodum</span> 
     </span>
    </p>
   </div>
   <div class='ocr_carea' id='block_1_64' title="bbox 1081 1587 1919 1626">
    <p class='ocr_par' dir='ltr' id='par_1_64' title="bbox 1081 1587 1919 1626">
     <span class='ocr_line' id='line_1_64' title="bbox 1081 1587 1919 1626; baseline -0.004 -9"><span class='ocrx_word' id='word_1_582' title='bbox 1081 1590 1103 1617; x_wconf 83' lang='lat' dir='ltr'><strong>V</strong></span> <span class='ocrx_word' id='word_1_583' title='bbox 1114 1590 1134 1617; x_wconf 87' lang='grc' dir='ltr'><strong>Χ</strong></span> <span class='ocrx_word' id='word_1_584' title='bbox 1146 1590 1165 1617; x_wconf 89' lang='lat' dir='ltr'><strong>Y</strong></span> <span class='ocrx_word' id='word_1_585' title='bbox 1176 1590 1194 1617; x_wconf 91' lang='lat' dir='ltr'><strong>Z</strong></span> <span class='ocrx_word' id='word_1_586' title='bbox 1208 1590 1320 1626; x_wconf 83' lang='lat' dir='ltr'><strong>puncta</strong></span> <span class='ocrx_word' id='word_1_587' title='bbox 1335 1590 1423 1617; x_wconf 91' lang='lat' dir='ltr'>erunt</span> <span class='ocrx_word' id='word_1_588' title='bbox 1434 1587 1533 1616; x_wconf 80' lang='lat' dir='ltr'>media</span> <span class='ocrx_word' id='word_1_589' title='bbox 1549 1587 1626 1616; x_wconf 85' lang='lat' dir='ltr'>inter</span> <span class='ocrx_word' id='word_1_590' title='bbox 1640 1590 1754 1624; x_wconf 85' lang='lat' dir='ltr'>puncta.</span> <span class='ocrx_word' id='word_1_591' title='bbox 1770 1590 1792 1615; x_wconf 79' lang='grc' dir='ltr'><strong>Α</strong></span> <span class='ocrx_word' id='word_1_592' title='bbox 1809 1590 1830 1616; x_wconf 89' lang='grc' dir='ltr'><strong><em>Β</em></strong></span> <span class='ocrx_word' id='word_1_593' title='bbox 1846 1590 1868 1617; x_wconf 90' lang='lat' dir='ltr'>C</span> <span class='ocrx_word' id='word_1_594' title='bbox 1884 1589 1919 1616; x_wconf 92' lang='lat' dir='ltr'>D.</span> 
     </span>
    </p>
   </div>
   <div class='ocr_carea' id='block_1_65' title="bbox 1083 1632 1921 1670">
    <p class='ocr_par' dir='ltr' id='par_1_65' title="bbox 1083 1632 1921 1670">
     <span class='ocr_line' id='line_1_65' title="bbox 1083 1632 1921 1670; baseline -0.001 -8"><span class='ocrx_word' id='word_1_595' title='bbox 1083 1635 1117 1663; x_wconf 85' lang='lat' dir='ltr'>Ut</span> <span class='ocrx_word' id='word_1_596' title='bbox 1131 1634 1220 1670; x_wconf 80' lang='lat' dir='ltr'>igitur</span> <span class='ocrx_word' id='word_1_597' title='bbox 1231 1633 1310 1662; x_wconf 83' lang='lat' dir='ltr'>linea</span> <span class='ocrx_word' id='word_1_598' title='bbox 1325 1635 1347 1661; x_wconf 82' lang='lat' dir='ltr'><strong>A</strong></span> <span class='ocrx_word' id='word_1_599' title='bbox 1360 1633 1450 1661; x_wconf 87' lang='lat' dir='ltr'><strong>habet</strong></span> <span class='ocrx_word' id='word_1_600' title='bbox 1461 1633 1500 1661; x_wconf 82' lang='lat' dir='ltr'>ad</span> <span class='ocrx_word' id='word_1_601' title='bbox 1512 1632 1623 1661; x_wconf 87' lang='lat' dir='ltr'>lineam</span> <span class='ocrx_word' id='word_1_602' title='bbox 1637 1634 1666 1668; x_wconf 86' lang='grc' dir='ltr'>Β,</span> <span class='ocrx_word' id='word_1_603' title='bbox 1682 1633 1724 1662; x_wconf 79' lang='lat' dir='ltr'>ita</span> <span class='ocrx_word' id='word_1_604' title='bbox 1742 1633 1825 1661; x_wconf 85' lang='lat' dir='ltr'>linea</span> <span class='ocrx_word' id='word_1_605' title='bbox 1844 1635 1864 1662; x_wconf 85' lang='lat' dir='ltr'>F</span> <span class='ocrx_word' id='word_1_606' title='bbox 1879 1633 1921 1661; x_wconf 86' lang='lat' dir='ltr'>ad</span> 
     </span>
    </p>
   </div>
   <div class='ocr_carea' id='block_1_66' title="bbox 1080 1677 1919 1712">
    <p class='ocr_par' dir='ltr' id='par_1_66' title="bbox 1080 1677 1919 1712">
     <span class='ocr_line' id='line_1_66' title="bbox 1080 1677 1919 1712; baseline -0.002 -4"><span class='ocrx_word' id='word_1_607' title='bbox 1080 1680 1222 1708; x_wconf 83' lang='lat' dir='ltr'>lineamG</span> <span class='ocrx_word' id='word_1_608' title='bbox 1241 1687 1248 1707; x_wconf 88' lang='lat'>:</span> <span class='ocrx_word' id='word_1_609' title='bbox 1263 1681 1291 1707; x_wconf 90' lang='lat' dir='ltr'>et</span> <span class='ocrx_word' id='word_1_610' title='bbox 1309 1680 1342 1706; x_wconf 93' lang='lat' dir='ltr'><strong>ut</strong></span> <span class='ocrx_word' id='word_1_611' title='bbox 1351 1678 1430 1706; x_wconf 86' lang='lat' dir='ltr'>linea</span> <span class='ocrx_word' id='word_1_612' title='bbox 1443 1679 1464 1706; x_wconf 87' lang='lat' dir='ltr'>C</span> <span class='ocrx_word' id='word_1_613' title='bbox 1478 1677 1518 1706; x_wconf 86' lang='lat' dir='ltr'>ad</span> <span class='ocrx_word' id='word_1_614' title='bbox 1536 1677 1647 1706; x_wconf 85' lang='lat' dir='ltr'>lineam</span> <span class='ocrx_word' id='word_1_615' title='bbox 1659 1679 1691 1712; x_wconf 85' lang='lat' dir='ltr'>D,</span> <span class='ocrx_word' id='word_1_616' title='bbox 1713 1678 1755 1706; x_wconf 86' lang='lat' dir='ltr'>ita</span> <span class='ocrx_word' id='word_1_617' title='bbox 1777 1678 1864 1706; x_wconf 85' lang='lat' dir='ltr'>linea</span> <span class='ocrx_word' id='word_1_618' title='bbox 1896 1679 1919 1706; x_wconf 89' lang='lat' dir='ltr'><strong>G</strong></span> 
     </span>
    </p>
   </div>
   <div class='ocr_carea' id='block_1_67' title="bbox 1082 1722 1919 1758">
    <p class='ocr_par' dir='ltr' id='par_1_67' title="bbox 1082 1722 1919 1758">
     <span class='ocr_line' id='line_1_67' title="bbox 1082 1722 1919 1758; baseline -0.002 -5"><span class='ocrx_word' id='word_1_619' title='bbox 1082 1725 1120 1754; x_wconf 90' lang='lat' dir='ltr'>ad</span> <span class='ocrx_word' id='word_1_620' title='bbox 1128 1724 1238 1753; x_wconf 84' lang='lat' dir='ltr'>lineam</span> <span class='ocrx_word' id='word_1_621' title='bbox 1248 1725 1270 1752; x_wconf 83' lang='grc' dir='ltr'><strong>Η</strong></span> <span class='ocrx_word' id='word_1_622' title='bbox 1283 1732 1290 1758; x_wconf 84' lang='lat'><strong>;</strong></span> <span class='ocrx_word' id='word_1_623' title='bbox 1302 1725 1331 1752; x_wconf 90' lang='lat' dir='ltr'><strong>et</strong></span> <span class='ocrx_word' id='word_1_624' title='bbox 1342 1725 1372 1752; x_wconf 84' lang='lat' dir='ltr'>ut</span> <span class='ocrx_word' id='word_1_625' title='bbox 1381 1731 1412 1751; x_wconf 88' lang='lat' dir='ltr'><strong>se</strong></span> <span class='ocrx_word' id='word_1_626' title='bbox 1423 1722 1515 1752; x_wconf 83' lang='lat' dir='ltr'><strong>habet</strong></span> <span class='ocrx_word' id='word_1_627' title='bbox 1524 1722 1603 1751; x_wconf 87' lang='lat' dir='ltr'>linea</span> <span class='ocrx_word' id='word_1_628' title='bbox 1615 1724 1636 1751; x_wconf 91' lang='lat' dir='ltr'><strong>D</strong></span> <span class='ocrx_word' id='word_1_629' title='bbox 1648 1723 1687 1751; x_wconf 86' lang='lat' dir='ltr'>ad</span> <span class='ocrx_word' id='word_1_630' title='bbox 1701 1722 1816 1751; x_wconf 81' lang='lat' dir='ltr'>lineam</span> <span class='ocrx_word' id='word_1_631' title='bbox 1827 1726 1863 1756; x_wconf 80' lang='grc' dir='ltr'>Α,</span> <span class='ocrx_word' id='word_1_632' title='bbox 1876 1723 1919 1751; x_wconf 86' lang='lat' dir='ltr'>ita</span> 
     </span>
    </p>
   </div>
   <div class='ocr_carea' id='block_1_68' title="bbox 1080 1767 1917 1803">
    <p class='ocr_par' dir='ltr' id='par_1_68' title="bbox 1080 1767 1917 1803">
     <span class='ocr_line' id='line_1_68' title="bbox 1080 1767 1917 1803; baseline -0.002 -5"><span class='ocrx_word' id='word_1_633' title='bbox 1080 1769 1160 1798; x_wconf 86' lang='lat' dir='ltr'>linea</span> <span class='ocrx_word' id='word_1_634' title='bbox 1167 1770 1192 1797; x_wconf 77' lang='grc' dir='ltr'><strong>Η</strong></span> <span class='ocrx_word' id='word_1_635' title='bbox 1199 1769 1238 1798; x_wconf 87' lang='lat' dir='ltr'>ad</span> <span class='ocrx_word' id='word_1_636' title='bbox 1246 1768 1357 1797; x_wconf 85' lang='lat' dir='ltr'>lineam</span> <span class='ocrx_word' id='word_1_637' title='bbox 1368 1768 1401 1796; x_wconf 85' lang='lat' dir='ltr'>E.</span> <span class='ocrx_word' id='word_1_638' title='bbox 1415 1769 1527 1796; x_wconf 83' lang='lat' dir='ltr'>Rursus</span> <span class='ocrx_word' id='word_1_639' title='bbox 1537 1770 1605 1796; x_wconf 81' lang='lat' dir='ltr'>utse</span> <span class='ocrx_word' id='word_1_640' title='bbox 1614 1767 1704 1796; x_wconf 84' lang='lat' dir='ltr'><strong>habet</strong></span> <span class='ocrx_word' id='word_1_641' title='bbox 1713 1768 1781 1803; x_wconf 87' lang='lat' dir='ltr'>conj</span> <span class='ocrx_word' id='word_1_642' title='bbox 1787 1771 1917 1796; x_wconf 88' lang='lat' dir='ltr'>unctum</span> 
     </span>
    </p>
   </div>
   <div class='ocr_carea' id='block_1_69' title="bbox 1081 1812 1918 1850">
    <p class='ocr_par' dir='ltr' id='par_1_69' title="bbox 1081 1812 1918 1850">
     <span class='ocr_line' id='line_1_69' title="bbox 1081 1812 1918 1850; baseline -0.004 -7"><span class='ocrx_word' id='word_1_643' title='bbox 1081 1814 1265 1850; x_wconf 84' lang='lat' dir='ltr'>triangulum</span> <span class='ocrx_word' id='word_1_644' title='bbox 1276 1815 1297 1842; x_wconf 90' lang='lat' dir='ltr'>Y</span> <span class='ocrx_word' id='word_1_645' title='bbox 1312 1815 1333 1842; x_wconf 83' lang='lat' dir='ltr'><strong>X</strong></span> <span class='ocrx_word' id='word_1_646' title='bbox 1346 1814 1366 1841; x_wconf 89' lang='grc' dir='ltr'>Β</span> <span class='ocrx_word' id='word_1_647' title='bbox 1381 1813 1420 1842; x_wconf 82' lang='lat' dir='ltr'>ad</span> <span class='ocrx_word' id='word_1_648' title='bbox 1437 1812 1618 1849; x_wconf 84' lang='lat' dir='ltr'>triangulum</span> <span class='ocrx_word' id='word_1_649' title='bbox 1630 1813 1652 1840; x_wconf 81' lang='grc' dir='ltr'>Ν</span> <span class='ocrx_word' id='word_1_650' title='bbox 1682 1813 1702 1841; x_wconf 81' lang='lat' dir='ltr'><strong>F</strong></span> <span class='ocrx_word' id='word_1_651' title='bbox 1728 1813 1762 1846; x_wconf 87' lang='grc' dir='ltr'>Ο,</span> <span class='ocrx_word' id='word_1_652' title='bbox 1790 1813 1833 1841; x_wconf 86' lang='lat' dir='ltr'>ita</span> <span class='ocrx_word' id='word_1_653' title='bbox 1867 1812 1918 1840; x_wconf 77' lang='lat' dir='ltr'>tri-</span> 
     </span>
    </p>
   </div>
   <div class='ocr_carea' id='block_1_70' title="bbox 1082 1857 1916 1895">
    <p class='ocr_par' dir='ltr' id='par_1_70' title="bbox 1082 1857 1916 1895">
     <span class='ocr_line' id='line_1_70' title="bbox 1082 1857 1916 1895; baseline -0.004 -7"><span class='ocrx_word' id='word_1_654' title='bbox 1082 1859 1258 1895; x_wconf 83' lang='lat' dir='ltr'>angulumY</span> <span class='ocrx_word' id='word_1_655' title='bbox 1275 1859 1294 1886; x_wconf 87' lang='lat' dir='ltr'><strong>V</strong></span> <span class='ocrx_word' id='word_1_656' title='bbox 1309 1860 1333 1886; x_wconf 84' lang='grc' dir='ltr'><strong>Α</strong></span> <span class='ocrx_word' id='word_1_657' title='bbox 1345 1858 1384 1886; x_wconf 87' lang='lat' dir='ltr'>ad</span> <span class='ocrx_word' id='word_1_658' title='bbox 1399 1857 1582 1893; x_wconf 85' lang='lat' dir='ltr'>triangulum</span> <span class='ocrx_word' id='word_1_659' title='bbox 1600 1857 1622 1890; x_wconf 77' lang='grc' dir='ltr'>Ο</span> <span class='ocrx_word' id='word_1_660' title='bbox 1636 1858 1656 1885; x_wconf 86' lang='grc' dir='ltr'>Ε</span> <span class='ocrx_word' id='word_1_661' title='bbox 1684 1858 1716 1885; x_wconf 86' lang='grc' dir='ltr'>Ν.</span> <span class='ocrx_word' id='word_1_662' title='bbox 1748 1857 1784 1885; x_wconf 91' lang='lat' dir='ltr'>Dt</span> <span class='ocrx_word' id='word_1_663' title='bbox 1822 1858 1858 1886; x_wconf 89' lang='lat' dir='ltr'>ut</span> <span class='ocrx_word' id='word_1_664' title='bbox 1883 1864 1916 1885; x_wconf 86' lang='lat' dir='ltr'><strong>se</strong></span> 
     </span>
    </p>
   </div>
   <div class='ocr_carea' id='block_1_71' title="bbox 1080 1901 1917 1939">
    <p class='ocr_par' dir='ltr' id='par_1_71' title="bbox 1080 1901 1917 1939">
     <span class='ocr_line' id='line_1_71' title="bbox 1080 1901 1917 1939; baseline -0.005 -5"><span class='ocrx_word' id='word_1_665' title='bbox 1080 1904 1173 1934; x_wconf 86' lang='lat' dir='ltr'><strong>habet</strong></span> <span class='ocrx_word' id='word_1_666' title='bbox 1186 1903 1368 1939; x_wconf 81' lang='lat' dir='ltr'>triangulum</span> <span class='ocrx_word' id='word_1_667' title='bbox 1383 1904 1405 1936; x_wconf 83' lang='grc' dir='ltr'>Ο</span> <span class='ocrx_word' id='word_1_668' title='bbox 1419 1904 1441 1930; x_wconf 81' lang='grc' dir='ltr'>Η</span> <span class='ocrx_word' id='word_1_669' title='bbox 1453 1902 1486 1937; x_wconf 85' lang='grc' dir='ltr'>Ρ,</span> <span class='ocrx_word' id='word_1_670' title='bbox 1499 1902 1539 1931; x_wconf 85' lang='lat' dir='ltr'>ita</span> <span class='ocrx_word' id='word_1_671' title='bbox 1558 1901 1743 1937; x_wconf 83' lang='lat' dir='ltr'>triangulum</span> <span class='ocrx_word' id='word_1_672' title='bbox 1753 1903 1772 1930; x_wconf 93' lang='lat' dir='ltr'><strong>Z</strong></span> <span class='ocrx_word' id='word_1_673' title='bbox 1790 1902 1812 1930; x_wconf 87' lang='lat' dir='ltr'><strong>X</strong></span> <span class='ocrx_word' id='word_1_674' title='bbox 1826 1903 1847 1930; x_wconf 86' lang='lat' dir='ltr'>C</span> <span class='ocrx_word' id='word_1_675' title='bbox 1875 1901 1917 1930; x_wconf 85' lang='lat' dir='ltr'>ad</span> 
     </span>
    </p>
   </div>
   <div class='ocr_carea' id='block_1_72' title="bbox 1082 1946 1917 1984">
    <p class='ocr_par' dir='ltr' id='par_1_72' title="bbox 1082 1946 1917 1984">
     <span class='ocr_line' id='line_1_72' title="bbox 1082 1946 1917 1984; baseline -0.005 -6"><span class='ocrx_word' id='word_1_676' title='bbox 1082 1949 1264 1984; x_wconf 85' lang='lat' dir='ltr'>triangulum</span> <span class='ocrx_word' id='word_1_677' title='bbox 1279 1949 1330 1978; x_wconf 88' lang='lat' dir='ltr'>PO</span> <span class='ocrx_word' id='word_1_678' title='bbox 1349 1949 1382 1976; x_wconf 90' lang='lat' dir='ltr'>G.</span> <span class='ocrx_word' id='word_1_679' title='bbox 1397 1949 1446 1976; x_wconf 76' lang='lat' dir='ltr'>Est</span> <span class='ocrx_word' id='word_1_680' title='bbox 1459 1947 1549 1982; x_wconf 85' lang='lat' dir='ltr'>igitur</span> <span class='ocrx_word' id='word_1_681' title='bbox 1574 1946 1761 1982; x_wconf 81' lang='lat' dir='ltr'>triangulum</span> <span class='ocrx_word' id='word_1_682' title='bbox 1789 1948 1813 1975; x_wconf 84' lang='lat' dir='ltr'><strong>Y</strong></span> <span class='ocrx_word' id='word_1_683' title='bbox 1846 1947 1867 1974; x_wconf 84' lang='grc' dir='ltr'><strong>Χ</strong></span> <span class='ocrx_word' id='word_1_684' title='bbox 1892 1946 1917 1973; x_wconf 87' lang='grc' dir='ltr'>Β</span> 
     </span>
    </p>
   </div>
   <div class='ocr_carea' id='block_1_73' title="bbox 1081 1991 1914 2031">
    <p class='ocr_par' dir='ltr' id='par_1_73' title="bbox 1081 1991 1914 2031">
     <span class='ocr_line' id='line_1_73' title="bbox 1081 1991 1914 2031; baseline -0.005 -8"><span class='ocrx_word' id='word_1_685' title='bbox 1081 1994 1224 2031; x_wconf 84' lang='lat' dir='ltr'>qualitate</span> <span class='ocrx_word' id='word_1_686' title='bbox 1239 1993 1333 2022; x_wconf 85' lang='lat' dir='ltr'>simile</span> <span class='ocrx_word' id='word_1_687' title='bbox 1344 1991 1492 2028; x_wconf 79' lang='lat' dir='ltr'>triangula</span> <span class='ocrx_word' id='word_1_688' title='bbox 1506 1993 1528 2020; x_wconf 90' lang='lat' dir='ltr'>U</span> <span class='ocrx_word' id='word_1_689' title='bbox 1545 1993 1564 2020; x_wconf 84' lang='lat' dir='ltr'><strong>F</strong></span> <span class='ocrx_word' id='word_1_690' title='bbox 1577 1992 1609 2028; x_wconf 75' lang='grc' dir='ltr'>Ο,</span> <span class='ocrx_word' id='word_1_691' title='bbox 1626 1991 1680 2020; x_wconf 84' lang='lat' dir='ltr'>sed</span> <span class='ocrx_word' id='word_1_692' title='bbox 1699 1999 1762 2020; x_wconf 92' lang='lat' dir='ltr'><strong>non</strong></span> <span class='ocrx_word' id='word_1_693' title='bbox 1781 1991 1914 2028; x_wconf 70' lang='lat' dir='ltr'>aequale.</span> 
     </span>
    </p>
   </div>
   <div class='ocr_carea' id='block_1_74' title="bbox 1082 2036 1911 2075">
    <p class='ocr_par' dir='ltr' id='par_1_74' title="bbox 1082 2036 1911 2075">
     <span class='ocr_line' id='line_1_74' title="bbox 1082 2036 1911 2075; baseline -0.005 -7"><span class='ocrx_word' id='word_1_694' title='bbox 1082 2039 1192 2068; x_wconf 83' lang='lat' dir='ltr'><strong>Deinde</strong></span> <span class='ocrx_word' id='word_1_695' title='bbox 1206 2037 1390 2075; x_wconf 77' lang='lat' dir='ltr'>triangulum</span> <span class='ocrx_word' id='word_1_696' title='bbox 1399 2038 1419 2065; x_wconf 84' lang='lat' dir='ltr'><strong>Y</strong></span> <span class='ocrx_word' id='word_1_697' title='bbox 1428 2037 1449 2065; x_wconf 87' lang='lat' dir='ltr'><strong>V</strong></span> <span class='ocrx_word' id='word_1_698' title='bbox 1456 2039 1480 2065; x_wconf 81' lang='grc' dir='ltr'>Α</span> <span class='ocrx_word' id='word_1_699' title='bbox 1490 2036 1587 2065; x_wconf 83' lang='lat' dir='ltr'>simile</span> <span class='ocrx_word' id='word_1_700' title='bbox 1597 2038 1642 2065; x_wconf 83' lang='lat' dir='ltr'>est</span> <span class='ocrx_word' id='word_1_701' title='bbox 1651 2036 1802 2072; x_wconf 78' lang='lat' dir='ltr'>triangula</span> <span class='ocrx_word' id='word_1_702' title='bbox 1809 2037 1833 2069; x_wconf 84' lang='lat' dir='ltr'>Q</span> <span class='ocrx_word' id='word_1_703' title='bbox 1843 2037 1864 2064; x_wconf 85' lang='grc' dir='ltr'><strong>Ε</strong></span> <span class='ocrx_word' id='word_1_704' title='bbox 1872 2037 1893 2064; x_wconf 77' lang='grc' dir='ltr'><strong>Ν</strong></span> <span class='ocrx_word' id='word_1_705' title='bbox 1904 2044 1911 2069; x_wconf 85' lang='lat'><strong>;</strong></span> 
     </span>
    </p>
   </div>
   <div class='ocr_carea' id='block_1_75' title="bbox 1081 2080 1913 2121">
    <p class='ocr_par' dir='ltr' id='par_1_75' title="bbox 1081 2080 1913 2121">
     <span class='ocr_line' id='line_1_75' title="bbox 1081 2080 1913 2121; baseline -0.002 -10"><span class='ocrx_word' id='word_1_706' title='bbox 1081 2084 1212 2121; x_wconf 85' lang='lat' dir='ltr'>itemque</span> <span class='ocrx_word' id='word_1_707' title='bbox 1227 2082 1443 2118; x_wconf 83' lang='lat' dir='ltr'>triangulumV</span> <span class='ocrx_word' id='word_1_708' title='bbox 1468 2083 1486 2109; x_wconf 89' lang='grc' dir='ltr'>Ζ</span> <span class='ocrx_word' id='word_1_709' title='bbox 1512 2083 1534 2110; x_wconf 91' lang='lat' dir='ltr'><strong>D</strong></span> <span class='ocrx_word' id='word_1_710' title='bbox 1559 2081 1655 2110; x_wconf 86' lang='lat' dir='ltr'>simile</span> <span class='ocrx_word' id='word_1_711' title='bbox 1683 2083 1728 2109; x_wconf 83' lang='lat' dir='ltr'>est</span> <span class='ocrx_word' id='word_1_712' title='bbox 1760 2080 1913 2116; x_wconf 80' lang='lat' dir='ltr'>triangula</span> 
     </span>
    </p>
   </div>
   <div class='ocr_carea' id='block_1_76' title="bbox 1082 2124 1912 2164">
    <p class='ocr_par' dir='ltr' id='par_1_76' title="bbox 1082 2124 1912 2164">
     <span class='ocr_line' id='line_1_76' title="bbox 1082 2124 1912 2164; baseline -0.006 -6"><span class='ocrx_word' id='word_1_713' title='bbox 1082 2130 1102 2157; x_wconf 93' lang='lat' dir='ltr'><strong>L</strong></span> <span class='ocrx_word' id='word_1_714' title='bbox 1121 2130 1142 2158; x_wconf 86' lang='lat' dir='ltr'>G</span> <span class='ocrx_word' id='word_1_715' title='bbox 1159 2130 1179 2157; x_wconf 80' lang='grc' dir='ltr'><strong>Η</strong></span> <span class='ocrx_word' id='word_1_716' title='bbox 1195 2137 1202 2156; x_wconf 86' lang='lat'><strong>:</strong></span> <span class='ocrx_word' id='word_1_717' title='bbox 1218 2127 1349 2164; x_wconf 89' lang='lat' dir='ltr'><strong>denique</strong></span> <span class='ocrx_word' id='word_1_718' title='bbox 1362 2126 1546 2161; x_wconf 73' lang='lat' dir='ltr'>triangulum</span> <span class='ocrx_word' id='word_1_719' title='bbox 1562 2127 1580 2154; x_wconf 93' lang='grc' dir='ltr'><strong>Ζ</strong></span> <span class='ocrx_word' id='word_1_720' title='bbox 1600 2127 1620 2154; x_wconf 82' lang='grc' dir='ltr'>Χ</span> <span class='ocrx_word' id='word_1_721' title='bbox 1631 2126 1651 2154; x_wconf 91' lang='lat' dir='ltr'><strong>C</strong></span> <span class='ocrx_word' id='word_1_722' title='bbox 1667 2124 1763 2154; x_wconf 90' lang='lat' dir='ltr'>simile</span> <span class='ocrx_word' id='word_1_723' title='bbox 1775 2127 1822 2154; x_wconf 86' lang='lat' dir='ltr'>est</span> <span class='ocrx_word' id='word_1_724' title='bbox 1835 2133 1912 2162; x_wconf 87' lang='lat' dir='ltr'>qua-</span> 
     </span>
    </p>
   </div>
   <div class='ocr_carea' id='block_1_77' title="bbox 1043 2170 1914 2208">
    <p class='ocr_par' dir='ltr' id='par_1_77' title="bbox 1043 2170 1914 2208">
     <span class='ocr_line' id='line_1_77' title="bbox 1043 2170 1914 2208; baseline -0.007 -4"><span class='ocrx_word' id='word_1_725' title='bbox 1043 2177 1065 2205; x_wconf 93' lang='lat' dir='ltr'>D</span> <span class='ocrx_word' id='word_1_726' title='bbox 1082 2174 1162 2203; x_wconf 88' lang='lat' dir='ltr'>litate</span> <span class='ocrx_word' id='word_1_727' title='bbox 1177 2172 1326 2208; x_wconf 83' lang='lat' dir='ltr'>triangulo</span> <span class='ocrx_word' id='word_1_728' title='bbox 1339 2173 1360 2200; x_wconf 92' lang='lat' dir='ltr'>P</span> <span class='ocrx_word' id='word_1_729' title='bbox 1370 2172 1392 2200; x_wconf 92' lang='grc'>0</span> <span class='ocrx_word' id='word_1_730' title='bbox 1408 2173 1440 2200; x_wconf 88' lang='lat' dir='ltr'>G.</span> <span class='ocrx_word' id='word_1_731' title='bbox 1455 2173 1566 2199; x_wconf 82' lang='lat' dir='ltr'>Rursus</span> <span class='ocrx_word' id='word_1_732' title='bbox 1580 2170 1741 2206; x_wconf 82' lang='lat' dir='ltr'><strong>conjuncta</strong></span> <span class='ocrx_word' id='word_1_733' title='bbox 1757 2170 1914 2207; x_wconf 83' lang='lat' dir='ltr'>quadran-</span> 
     </span>
    </p>
   </div>
   <div class='ocr_carea' id='block_1_78' title="bbox 1084 2215 1912 2255">
    <p class='ocr_par' dir='ltr' id='par_1_78' title="bbox 1084 2215 1912 2255">
     <span class='ocr_line' id='line_1_78' title="bbox 1084 2215 1912 2255; baseline -0.005 -8"><span class='ocrx_word' id='word_1_734' title='bbox 1084 2219 1153 2255; x_wconf 86' lang='lat' dir='ltr'>gulo</span> <span class='ocrx_word' id='word_1_735' title='bbox 1173 2219 1194 2247; x_wconf 87' lang='lat' dir='ltr'><strong>N</strong></span> <span class='ocrx_word' id='word_1_736' title='bbox 1206 2219 1228 2246; x_wconf 93' lang='lat'>0</span> <span class='ocrx_word' id='word_1_737' title='bbox 1242 2218 1262 2245; x_wconf 84' lang='lat' dir='ltr'>P</span> <span class='ocrx_word' id='word_1_738' title='bbox 1277 2218 1299 2250; x_wconf 82' lang='grc' dir='ltr'>Ο</span> <span class='ocrx_word' id='word_1_739' title='bbox 1310 2216 1510 2245; x_wconf 89' lang='lat' dir='ltr'>inscribantur</span> <span class='ocrx_word' id='word_1_740' title='bbox 1522 2218 1635 2252; x_wconf 80' lang='lat' dir='ltr'><strong>puncta</strong></span> <span class='ocrx_word' id='word_1_741' title='bbox 1648 2215 1666 2243; x_wconf 93' lang='lat' dir='ltr'><strong>S</strong></span> <span class='ocrx_word' id='word_1_742' title='bbox 1680 2215 1701 2243; x_wconf 86' lang='grc' dir='ltr'>Τ</span> <span class='ocrx_word' id='word_1_743' title='bbox 1718 2215 1740 2243; x_wconf 83' lang='grc' dir='ltr'><strong>Κ</strong></span> <span class='ocrx_word' id='word_1_744' title='bbox 1753 2216 1784 2250; x_wconf 87' lang='lat' dir='ltr'>L,</span> <span class='ocrx_word' id='word_1_745' title='bbox 1803 2215 1912 2244; x_wconf 89' lang='lat' dir='ltr'><strong>eodem</strong></span> 
     </span>
    </p>
   </div>
   <div class='ocr_carea' id='block_1_79' title="bbox 1083 2259 1912 2300">
    <p class='ocr_par' dir='ltr' id='par_1_79' title="bbox 1083 2259 1912 2300">
     <span class='ocr_line' id='line_1_79' title="bbox 1083 2259 1912 2300; baseline -0.006 -8"><span class='ocrx_word' id='word_1_746' title='bbox 1083 2264 1138 2293; x_wconf 85' lang='lat' dir='ltr'>situ</span> <span class='ocrx_word' id='word_1_747' title='bbox 1152 2271 1214 2300; x_wconf 90' lang='lat' dir='ltr'>quo</span> <span class='ocrx_word' id='word_1_748' title='bbox 1226 2261 1378 2298; x_wconf 87' lang='lat' dir='ltr'>interjecta</span> <span class='ocrx_word' id='word_1_749' title='bbox 1388 2263 1458 2290; x_wconf 88' lang='lat' dir='ltr'><strong>sunt</strong></span> <span class='ocrx_word' id='word_1_750' title='bbox 1471 2261 1615 2297; x_wconf 86' lang='lat' dir='ltr'><strong>punctaN</strong></span> <span class='ocrx_word' id='word_1_751' title='bbox 1629 2260 1650 2288; x_wconf 95' lang='grc' dir='ltr'>Ο</span> <span class='ocrx_word' id='word_1_752' title='bbox 1674 2260 1695 2288; x_wconf 86' lang='grc' dir='ltr'>Ρ</span> <span class='ocrx_word' id='word_1_753' title='bbox 1716 2260 1750 2294; x_wconf 84' lang='lat' dir='ltr'>Q,</span> <span class='ocrx_word' id='word_1_754' title='bbox 1777 2259 1809 2288; x_wconf 89' lang='lat' dir='ltr'>in</span> <span class='ocrx_word' id='word_1_755' title='bbox 1837 2267 1912 2297; x_wconf 86' lang='lat' dir='ltr'>qua-</span> 
     </span>
    </p>
   </div>
   <div class='ocr_carea' id='block_1_80' title="bbox 1082 2304 1912 2345">
    <p class='ocr_par' dir='ltr' id='par_1_80' title="bbox 1082 2304 1912 2345">
     <span class='ocr_line' id='line_1_80' title="bbox 1082 2304 1912 2345; baseline -0.004 -8"><span class='ocrx_word' id='word_1_756' title='bbox 1082 2308 1234 2345; x_wconf 87' lang='lat' dir='ltr'>drangulo</span> <span class='ocrx_word' id='word_1_757' title='bbox 1247 2309 1268 2336; x_wconf 88' lang='lat' dir='ltr'><strong>Y</strong></span> <span class='ocrx_word' id='word_1_758' title='bbox 1284 2309 1303 2336; x_wconf 88' lang='lat' dir='ltr'><strong>X</strong></span> <span class='ocrx_word' id='word_1_759' title='bbox 1318 2307 1336 2335; x_wconf 95' lang='grc' dir='ltr'><strong>Ζ</strong></span> <span class='ocrx_word' id='word_1_760' title='bbox 1350 2307 1382 2335; x_wconf 77' lang='grc' dir='ltr'>ν.</span> <span class='ocrx_word' id='word_1_761' title='bbox 1398 2306 1619 2335; x_wconf 83' lang='lat' dir='ltr'>Connectantur</span> <span class='ocrx_word' id='word_1_762' title='bbox 1633 2304 1722 2333; x_wconf 83' lang='lat' dir='ltr'>etiam</span> <span class='ocrx_word' id='word_1_763' title='bbox 1731 2304 1783 2333; x_wconf 84' lang='lat' dir='ltr'>illa</span> <span class='ocrx_word' id='word_1_764' title='bbox 1797 2307 1912 2341; x_wconf 84' lang='lat' dir='ltr'>puncta</span> 
     </span>
    </p>
   </div>
   <div class='ocr_carea' id='block_1_81' title="bbox 1084 2348 1912 2388">
    <p class='ocr_par' dir='ltr' id='par_1_81' title="bbox 1084 2348 1912 2388">
     <span class='ocr_line' id='line_1_81' title="bbox 1084 2348 1912 2388; baseline -0.007 -5"><span class='ocrx_word' id='word_1_765' title='bbox 1084 2354 1182 2383; x_wconf 85' lang='lat' dir='ltr'><strong>STKL:</strong></span> <span class='ocrx_word' id='word_1_766' title='bbox 1191 2352 1345 2381; x_wconf 77' lang='lat' dir='ltr'>erunthaec</span> <span class='ocrx_word' id='word_1_767' title='bbox 1351 2358 1472 2388; x_wconf 87' lang='lat' dir='ltr'><strong>quoque</strong></span> <span class='ocrx_word' id='word_1_768' title='bbox 1479 2348 1773 2387; x_wconf 63' lang='lat' dir='ltr'>equaliatriangula.</span> <span class='ocrx_word' id='word_1_769' title='bbox 1781 2349 1912 2385; x_wconf 80' lang='lat' dir='ltr'>Utigitur</span> 
     </span>
    </p>
   </div>
   <div class='ocr_carea' id='block_1_82' title="bbox 1082 2394 1911 2434">
    <p class='ocr_par' dir='ltr' id='par_1_82' title="bbox 1082 2394 1911 2434">
     <span class='ocr_line' id='line_1_82' title="bbox 1082 2394 1911 2434; baseline -0.008 -6"><span class='ocrx_word' id='word_1_770' title='bbox 1082 2397 1266 2434; x_wconf 81' lang='lat' dir='ltr'>triangulum</span> <span class='ocrx_word' id='word_1_771' title='bbox 1279 2397 1347 2430; x_wconf 82' lang='lat' dir='ltr'>QPH</span> <span class='ocrx_word' id='word_1_772' title='bbox 1363 2405 1394 2425; x_wconf 87' lang='lat' dir='ltr'>se</span> <span class='ocrx_word' id='word_1_773' title='bbox 1405 2395 1495 2424; x_wconf 83' lang='lat' dir='ltr'><strong>habet</strong></span> <span class='ocrx_word' id='word_1_774' title='bbox 1506 2395 1546 2424; x_wconf 81' lang='lat' dir='ltr'>ad</span> <span class='ocrx_word' id='word_1_775' title='bbox 1555 2394 1740 2430; x_wconf 84' lang='lat' dir='ltr'>triangulum</span> <span class='ocrx_word' id='word_1_776' title='bbox 1758 2395 1842 2429; x_wconf 78' lang='lat' dir='ltr'><strong>YVA,</strong></span> <span class='ocrx_word' id='word_1_777' title='bbox 1871 2394 1911 2422; x_wconf 88' lang='lat' dir='ltr'>ita</span> 
     </span>
    </p>
   </div>
   <div class='ocr_carea' id='block_1_83' title="bbox 1082 2438 1910 2475">
    <p class='ocr_par' dir='ltr' id='par_1_83' title="bbox 1082 2438 1910 2475">
     <span class='ocr_line' id='line_1_83' title="bbox 1082 2438 1910 2475; baseline -0.005 -3"><span class='ocrx_word' id='word_1_778' title='bbox 1082 2445 1148 2472; x_wconf 87' lang='lat' dir='ltr'>NLP</span> <span class='ocrx_word' id='word_1_779' title='bbox 1154 2445 1193 2472; x_wconf 80' lang='lat' dir='ltr'>ad</span> <span class='ocrx_word' id='word_1_780' title='bbox 1205 2443 1283 2475; x_wconf 81' lang='lat' dir='ltr'>QPH.</span> <span class='ocrx_word' id='word_1_781' title='bbox 1291 2442 1326 2470; x_wconf 88' lang='lat' dir='ltr'>Ut</span> <span class='ocrx_word' id='word_1_782' title='bbox 1336 2443 1436 2470; x_wconf 88' lang='lat' dir='ltr'>autem</span> <span class='ocrx_word' id='word_1_783' title='bbox 1448 2448 1479 2469; x_wconf 82' lang='lat' dir='ltr'>se</span> <span class='ocrx_word' id='word_1_784' title='bbox 1490 2439 1581 2469; x_wconf 88' lang='lat' dir='ltr'>habet</span> <span class='ocrx_word' id='word_1_785' title='bbox 1591 2438 1778 2475; x_wconf 81' lang='lat' dir='ltr'>triangulum</span> <span class='ocrx_word' id='word_1_786' title='bbox 1786 2439 1857 2468; x_wconf 87' lang='lat' dir='ltr'>POG</span> <span class='ocrx_word' id='word_1_787' title='bbox 1871 2438 1910 2468; x_wconf 87' lang='lat' dir='ltr'>ad</span> 
     </span>
    </p>
   </div>
   <div class='ocr_carea' id='block_1_84' title="bbox 1082 2483 1909 2523">
    <p class='ocr_par' dir='ltr' id='par_1_84' title="bbox 1082 2483 1909 2523">
     <span class='ocr_line' id='line_1_84' title="bbox 1082 2483 1909 2523; baseline -0.006 -7"><span class='ocrx_word' id='word_1_788' title='bbox 1082 2486 1255 2523; x_wconf 82' lang='lat' dir='ltr'>riangulum</span> <span class='ocrx_word' id='word_1_789' title='bbox 1280 2487 1357 2522; x_wconf 88' lang='lat' dir='ltr'>VZD,</span> <span class='ocrx_word' id='word_1_790' title='bbox 1386 2486 1427 2514; x_wconf 88' lang='lat' dir='ltr'>ita</span> <span class='ocrx_word' id='word_1_791' title='bbox 1450 2485 1540 2514; x_wconf 85' lang='lat' dir='ltr'>etiam</span> <span class='ocrx_word' id='word_1_792' title='bbox 1567 2484 1636 2513; x_wconf 84' lang='grc' dir='ltr'>ΤΚΟ</span> <span class='ocrx_word' id='word_1_793' title='bbox 1661 2483 1700 2512; x_wconf 85' lang='lat' dir='ltr'>ad</span> <span class='ocrx_word' id='word_1_794' title='bbox 1725 2483 1909 2520; x_wconf 85' lang='lat' dir='ltr'>triangulum</span> 
     </span>
    </p>
   </div>
   <div class='ocr_carea' id='block_1_85' title="bbox 1083 2528 1909 2566">
    <p class='ocr_par' dir='ltr' id='par_1_85' title="bbox 1083 2528 1909 2566">
     <span class='ocr_line' id='line_1_85' title="bbox 1083 2528 1909 2566; baseline -0.005 -6"><span class='ocrx_word' id='word_1_795' title='bbox 1083 2532 1160 2561; x_wconf 88' lang='lat' dir='ltr'>POG.</span> <span class='ocrx_word' id='word_1_796' title='bbox 1175 2533 1207 2560; x_wconf 88' lang='lat' dir='ltr'>Et</span> <span class='ocrx_word' id='word_1_797' title='bbox 1218 2534 1250 2559; x_wconf 88' lang='lat' dir='ltr'><strong>ut</strong></span> <span class='ocrx_word' id='word_1_798' title='bbox 1258 2530 1441 2566; x_wconf 83' lang='lat' dir='ltr'>triangulum</span> <span class='ocrx_word' id='word_1_799' title='bbox 1451 2531 1520 2559; x_wconf 81' lang='lat' dir='ltr'><strong>ONF</strong></span> <span class='ocrx_word' id='word_1_800' title='bbox 1532 2537 1563 2558; x_wconf 74' lang='lat' dir='ltr'>se</span> <span class='ocrx_word' id='word_1_801' title='bbox 1571 2529 1662 2558; x_wconf 85' lang='lat' dir='ltr'>habet</span> <span class='ocrx_word' id='word_1_802' title='bbox 1671 2528 1711 2557; x_wconf 86' lang='lat' dir='ltr'>ad</span> <span class='ocrx_word' id='word_1_803' title='bbox 1726 2528 1909 2564; x_wconf 80' lang='lat' dir='ltr'>triangulum</span> 
     </span>
    </p>
   </div>
   <div class='ocr_carea' id='block_1_86' title="bbox 1083 2572 1908 2613">
    <p class='ocr_par' dir='ltr' id='par_1_86' title="bbox 1083 2572 1908 2613">
     <span class='ocr_line' id='line_1_86' title="bbox 1083 2572 1908 2613; baseline -0.006 -7"><span class='ocrx_word' id='word_1_804' title='bbox 1083 2578 1157 2611; x_wconf 80' lang='lat' dir='ltr'>ZXC,</span> <span class='ocrx_word' id='word_1_805' title='bbox 1173 2577 1214 2605; x_wconf 88' lang='lat' dir='ltr'>ita</span> <span class='ocrx_word' id='word_1_806' title='bbox 1222 2584 1342 2613; x_wconf 89' lang='lat' dir='ltr'>quoque</span> <span class='ocrx_word' id='word_1_807' title='bbox 1362 2574 1545 2611; x_wconf 81' lang='lat' dir='ltr'>triangulum</span> <span class='ocrx_word' id='word_1_808' title='bbox 1561 2574 1630 2602; x_wconf 79' lang='lat' dir='ltr'><strong>KNS</strong></span> <span class='ocrx_word' id='word_1_809' title='bbox 1650 2573 1690 2602; x_wconf 87' lang='lat' dir='ltr'>ad</span> <span class='ocrx_word' id='word_1_810' title='bbox 1722 2572 1908 2608; x_wconf 82' lang='lat' dir='ltr'>triangulum</span> 
     </span>
    </p>
   </div>
   <div class='ocr_carea' id='block_1_87' title="bbox 1083 2617 1908 2655">
    <p class='ocr_par' dir='ltr' id='par_1_87' title="bbox 1083 2617 1908 2655">
     <span class='ocr_line' id='line_1_87' title="bbox 1083 2617 1908 2655; baseline -0.006 -5"><span class='ocrx_word' id='word_1_811' title='bbox 1083 2622 1153 2650; x_wconf 84' lang='lat' dir='ltr'>NOF</span> <span class='ocrx_word' id='word_1_812' title='bbox 1170 2629 1176 2649; x_wconf 92' lang='lat'>:</span> <span class='ocrx_word' id='word_1_813' title='bbox 1192 2622 1225 2649; x_wconf 87' lang='lat' dir='ltr'>Et</span> <span class='ocrx_word' id='word_1_814' title='bbox 1240 2622 1272 2649; x_wconf 91' lang='lat' dir='ltr'>ut</span> <span class='ocrx_word' id='word_1_815' title='bbox 1286 2619 1471 2655; x_wconf 83' lang='lat' dir='ltr'>triangulum</span> <span class='ocrx_word' id='word_1_816' title='bbox 1488 2619 1559 2652; x_wconf 82' lang='lat' dir='ltr'>NQE</span> <span class='ocrx_word' id='word_1_817' title='bbox 1587 2626 1619 2646; x_wconf 91' lang='lat' dir='ltr'>se</span> <span class='ocrx_word' id='word_1_818' title='bbox 1644 2617 1737 2646; x_wconf 81' lang='lat' dir='ltr'>habet</span> <span class='ocrx_word' id='word_1_819' title='bbox 1763 2617 1805 2646; x_wconf 82' lang='lat' dir='ltr'>ad</span> <span class='ocrx_word' id='word_1_820' title='bbox 1834 2618 1908 2651; x_wconf 77' lang='lat' dir='ltr'>XYV,</span> 
     </span>
    </p>
   </div>
   <div class='ocr_carea' id='block_1_88' title="bbox 1083 2663 1909 2699">
    <p class='ocr_par' dir='ltr' id='par_1_88' title="bbox 1083 2663 1909 2699">
     <span class='ocr_line' id='line_1_88' title="bbox 1083 2663 1909 2699; baseline -0.006 -4"><span class='ocrx_word' id='word_1_821' title='bbox 1083 2667 1124 2696; x_wconf 89' lang='lat' dir='ltr'>ita</span> <span class='ocrx_word' id='word_1_822' title='bbox 1135 2666 1225 2696; x_wconf 88' lang='lat' dir='ltr'>etiam</span> <span class='ocrx_word' id='word_1_823' title='bbox 1241 2666 1307 2699; x_wconf 86' lang='lat' dir='ltr'>SQL</span> <span class='ocrx_word' id='word_1_824' title='bbox 1322 2673 1353 2694; x_wconf 91' lang='lat' dir='ltr'>se</span> <span class='ocrx_word' id='word_1_825' title='bbox 1380 2664 1472 2694; x_wconf 89' lang='lat' dir='ltr'>habet</span> <span class='ocrx_word' id='word_1_826' title='bbox 1496 2664 1534 2693; x_wconf 82' lang='lat' dir='ltr'>ad</span> <span class='ocrx_word' id='word_1_827' title='bbox 1563 2664 1645 2697; x_wconf 85' lang='lat' dir='ltr'>QME.</span> <span class='ocrx_word' id='word_1_828' title='bbox 1673 2663 1715 2691; x_wconf 83' lang='lat' dir='ltr'>ita</span> <span class='ocrx_word' id='word_1_829' title='bbox 1743 2663 1778 2691; x_wconf 88' lang='lat' dir='ltr'><strong>ut</strong></span> <span class='ocrx_word' id='word_1_830' title='bbox 1800 2664 1909 2691; x_wconf 79' lang='lat' dir='ltr'>utrum-</span> 
     </span>
    </p>
   </div>
   <div class='ocr_carea' id='block_1_89' title="bbox 1083 2707 1908 2749">
    <p class='ocr_par' dir='ltr' id='par_1_89' title="bbox 1083 2707 1908 2749">
     <span class='ocr_line' id='line_1_89' title="bbox 1083 2707 1908 2749; baseline -0.004 -9"><span class='ocrx_word' id='word_1_831' title='bbox 1083 2719 1143 2749; x_wconf 87' lang='lat' dir='ltr'>que</span> <span class='ocrx_word' id='word_1_832' title='bbox 1153 2711 1303 2748; x_wconf 85' lang='lat' dir='ltr'>utrimque</span> <span class='ocrx_word' id='word_1_833' title='bbox 1319 2718 1355 2740; x_wconf 86' lang='lat' dir='ltr'><strong>ex</strong></span> <span class='ocrx_word' id='word_1_834' title='bbox 1382 2709 1568 2746; x_wconf 82' lang='lat' dir='ltr'>inaequalitat</span> <span class='ocrx_word' id='word_1_835' title='bbox 1598 2716 1615 2737; x_wconf 91' lang='lat' dir='ltr'>e</span> <span class='ocrx_word' id='word_1_836' title='bbox 1643 2707 1800 2745; x_wconf 67' lang='lat' dir='ltr'>aequaliter</span> <span class='ocrx_word' id='word_1_837' title='bbox 1818 2707 1908 2737; x_wconf 80' lang='lat' dir='ltr'><strong>excel-</strong></span> 
     </span>
    </p>
   </div>
   <div class='ocr_carea' id='block_1_90' title="bbox 237 2765 1565 2813">
    <p class='ocr_par' dir='ltr' id='par_1_90' title="bbox 237 2765 1565 2813">
     <span class='ocr_line' id='line_1_90' title="bbox 237 2765 1565 2813; baseline -0.002 -9"><span class='ocrx_word' id='word_1_838' title='bbox 237 2772 276 2810; x_wconf 90' lang='grc'>(1)</span> <span class='ocrx_word' id='word_1_839' title='bbox 286 2775 350 2806; x_wconf 85' lang='lat' dir='ltr'>Non</span> <span class='ocrx_word' id='word_1_840' title='bbox 363 2775 412 2806; x_wconf 90' lang='lat' dir='ltr'>hic</span> <span class='ocrx_word' id='word_1_841' title='bbox 426 2777 463 2807; x_wconf 88' lang='lat' dir='ltr'><strong>de</strong></span> <span class='ocrx_word' id='word_1_842' title='bbox 475 2775 579 2807; x_wconf 82' lang='lat' dir='ltr'>formis</span> <span class='ocrx_word' id='word_1_843' title='bbox 593 2773 812 2813; x_wconf 84' lang='lat' dir='ltr'>essentialibus,</span> <span class='ocrx_word' id='word_1_844' title='bbox 826 2775 926 2813; x_wconf 80' lang='lat' dir='ltr'>igitur,</span> <span class='ocrx_word' id='word_1_845' title='bbox 940 2775 995 2806; x_wconf 88' lang='lat' dir='ltr'>sed</span> <span class='ocrx_word' id='word_1_846' title='bbox 1008 2773 1113 2806; x_wconf 77' lang='lat' dir='ltr'>formis</span> <span class='ocrx_word' id='word_1_847' title='bbox 1137 2773 1319 2812; x_wconf 80' lang='lat' dir='ltr'>qualitatum</span> <span class='ocrx_word' id='word_1_848' title='bbox 1337 2773 1369 2804; x_wconf 86' lang='lat' dir='ltr'>in</span> <span class='ocrx_word' id='word_1_849' title='bbox 1391 2765 1565 2804; x_wconf 82' lang='lat' dir='ltr'>individuis.</span> 
     </span>
    </p>
   </div>
  </div>
