1967 3080
22 115 40 140 1
45 115 107 142 325

497 115 680 145 THEODORI
690 115 713 143 ΙΙ
728 115 798 144 ΙΜΡ.
808 115 854 143 DE
867 115 1097 145 COMMONIONE
1110 115 1300 144 NATURALI.
1320 95 1323 98 ν

1678 117 1745 145 1326

19 177 96 201 τινὰ
126 174 211 207 δεῖξαι
239 175 358 202 ἐπίτασιν
382 177 447 203 καθό
475 178 557 204 ποσά.
586 177 672 204 Ἔστω
695 181 758 213 γοῦν
796 179 863 214 ὁρμὴ
883 177 1021 205 Αᾰλλοῖον
1043 179 1057 208 ή
1082 177 1202 215 μονάδων
1232 176 1394 210 συνέδευσις,
1419 179 1434 206 ἧ
1459 177 1513 208 ἑνὸς
1539 180 1583 204 καὶ
1607 177 1668 211 ἑνός,
1699 181 1745 204 καὶ

19 221 136 251 τιςὴΑ
153 221 225 250 καιή
242 220 316 257 ἑτέρα
342 224 375 255 Δ,
406 222 434 247 αἱ
461 220 491 248 δὲ
520 224 582 259 πρὸς
610 223 706 253 ταύτας
727 225 746 248 Β
773 232 818 248 χαι
840 225 866 249 Μ

24 264 162 297 αὔξησις,
178 275 223 290 και
252 265 266 293 ἡ
294 267 312 290 Γ
339 275 382 291 και
406 268 428 292 Ν
449 264 576 296 ἐπίτασις·
619 266 641 292 εἰ
666 270 728 302 γοῦν
756 271 787 302 τῇ
820 267 865 292 αυ-

26 308 115 340 ξὴσει
142 312 160 335 Β
181 312 206 335 Μ
228 310 242 338 ἠ
275 312 293 334 Γ
311 313 335 336 Ν
363 308 492 345 ἐπίτασις,
521 311 535 340 ἡ
577 312 613 341 ὼς
653 309 747 337 δεκάσι
788 309 865 337 δεκά-

27 352 92 386 δες,
120 355 135 383 ἦ
162 355 193 384 ὡς
234 352 345 389 μονάδες
381 356 486 390 μονάσι,
511 365 556 381 και
597 356 612 384 ἠ
651 358 669 381 Β
705 359 731 382 Μ
770 359 819 386 τῆς
840 356 866 382 Α

26 401 46 428 ἡ
79 398 153 425 ἐσται
180 398 311 430 ἐπίτασις,
333 401 348 428 ἤ
375 399 408 430 ὡς
432 397 539 430 δεκάδες
565 398 684 432 δεκάσιν,
713 400 728 429 ἣ
750 401 784 431 ὡς
820 409 866 435 μο-

25 441 115 473 νάδες
140 444 247 479 μονάσι,
283 445 343 480 τρία
377 447 438 479 γοῦν
475 443 527 470 εἰσι
566 445 598 470 τὰ
634 445 749 478 τεθέντα,
785 445 864 481 ὁρμὴ,

26 487 292 521 αὖξησις,ἔπίτασις
309 498 315 504 ·
333 488 348 517 ἡ
366 488 433 524 ὁρμὴ
456 492 516 523 γουν
541 489 574 518 ὡς
604 489 695 524 μονὰς,
717 489 732 518 ἠ
757 489 866 520 αὔξησις

25 534 67 562 ὡς
86 531 165 566 δυὰς,
185 533 200 561 ὴ
227 531 346 563 ἐπίτασις
368 533 402 563 ὡς
425 533 497 569 τριὶς
522 543 528 549 -
554 533 621 558 κατὰ
648 536 710 568 γοῦν
734 534 778 564 τὰς
806 543 864 559 συν-

27 578 124 607 θέσεις
151 586 196 602 και
213 578 274 606 τοὺς
300 578 492 614 σπερματικοὺς
516 577 619 613 λογους,
642 577 657 606 ὴ
692 578 736 613 μὲν
765 587 865 615 πρωτη,

27 623 139 657 στιγμὴ
160 631 205 647 χαι
232 619 341 656 δύναμις
362 623 473 655 μήκους,
503 622 516 650 ὴ
547 619 665 659 δευτέρα,
687 624 795 658 γραμμὴ
822 632 867 648 και

28 664 151 702 δύναμις
170 665 291 698 πλάτους,
319 666 334 694 ἡ
361 663 390 692 δὲ
416 667 502 703 τρίτη,
523 667 658 701 ἐπιφάνεια
681 676 726 692 χαι
756 665 868 703 δύναμις

28 711 152 747 βάθους,
179 712 211 736 τὰ
237 708 266 736 δὲ
283 712 344 746 τρία
370 708 482 746 δύναμις
509 713 640 746 σώματος,
670 712 698 737 τὸ
733 709 762 737 δε
792 715 868 748 σῶμα

28 759 134 789 ποσοῦ,
160 756 188 780 τὸ
213 756 294 780 ποσὸν
320 752 349 780 δὲ
368 753 392 780 ἑν
413 758 467 785 τοῖς
486 757 558 791 τρισὶ
586 756 746 791 περιάγεται,
770 758 815 781 καὶ
847 757 868 782 εἱ

29 803 82 836 μὲν
109 800 186 836 σῶμά
197 809 252 829 πως
296 798 394 835 ὑπερϐῇ
434 800 493 829 τοὺς
540 800 626 837 ὅρους,
672 799 694 825 εἰ
731 809 776 826 και
807 800 868 826 ἄλλο

225 887 238 902 ς
242 878 299 907 βίας
423 890 461 917 σῶ
466 898 501 922 με
627 879 708 922 κόςον

208 929 270 962 A/\
456 941 471 962 Α
488 933 508 959 Β
657 929 717 962 /\T

311 965 418 998 ποιότης
429 962 459 998 /
467 962 494 998 \
514 962 622 997 ποιότης

34 1336 123 1370 τούτῳ
141 1334 244 1371 συνέλῃ,
261 1332 401 1368 ἀδύνατον,
430 1334 452 1360 εἰ
483 1331 512 1360 δε
541 1332 690 1369 ἀσώματον,
718 1334 732 1363 ἦ
761 1335 868 1361 ποιότη-

35 1383 84 1410 τος
113 1378 181 1414 ἐστι,
206 1381 251 1405 καὶ
275 1378 323 1405 οὐκ
345 1378 405 1404 ἄλλο
430 1380 568 1414 γενήσεται
596 1379 625 1404 τὸ
647 1377 775 1413 ἐπιταθὲν,
813 1377 866 1404 ἀλλ’

37 1467 259 1504 compositione
274 1466 369 1494 inesse
382 1466 582 1494 intensionem
593 1474 629 1494 ex
642 1465 824 1499 alteratione,
838 1467 869 1494 ut
885 1491 905 1518 Ο

37 1513 82 1541 ita
97 1512 198 1540 dicam
213 1511 322 1547 :idque
349 1519 410 1539 non
434 1519 552 1547 semper
582 1521 589 1544 ;
616 1511 775 1547 quantitati
797 1519 869 1539 vero

37 1559 192 1594 quatenus
217 1559 262 1584 est
291 1555 442 1592 quantitas
466 1555 667 1583 intensionem
710 1563 868 1591 nunquam

37 1601 186 1629 accidere.
204 1601 271 1629 Esto
286 1600 375 1635 igitur
398 1608 417 1628 α
442 1600 458 1627 b
480 1608 496 1627 ο
519 1600 671 1636 quantitas
697 1609 703 1628 :
735 1599 870 1627 similiter

36 1646 131 1674 etiam
159 1645 219 1673 tm
249 1653 270 1672 η
295 1644 456 1681 quantitas.
482 1644 603 1680 Oportet
647 1643 803 1672 ostendere
837 1644 868 1671 in

37 1690 196 1726 utriusque
211 1690 340 1724 punctis,
357 1697 409 1716 seu
423 1688 555 1716 terminis
571 1696 632 1716 non
649 1688 746 1716 inesse
774 1688 869 1716 inten-

36 1735 156 1763 sionem
184 1737 334 1770 quatenus
357 1734 520 1770 quantitate
543 1736 614 1761 sunt
642 1733 776 1769 praedita.
802 1734 868 1761 Esto

35 1779 129 1815 igitur
144 1778 287 1815 appetitio
299 1778 400 1814 aliqua
410 1786 475 1813 quae
492 1778 529 1805 sit
543 1787 571 1812 α,
583 1780 611 1805 et
628 1777 721 1805 altera
743 1786 810 1813 quae
832 1778 869 1806 sit

37 1825 58 1852 ι.
73 1823 120 1852 Ad
130 1824 186 1851 has
204 1823 403 1859 appetitiones
415 1823 580 1850 referantur
595 1822 610 1849 b
626 1824 654 1849 et
663 1831 692 1850 τη
718 1830 786 1858 quae
809 1822 869 1850 sint

37 1868 352 1903 accretio,itemquec
381 1870 410 1895 et
437 1875 467 1899 η,
489 1874 557 1903 quae
580 1868 638 1894 sint
664 1867 805 1894 intensio.
837 1869 868 1894 In

38 1913 208 1941 accretione
223 1911 311 1946 igitur
323 1919 387 1947 qua:
401 1913 444 1939 est
460 1911 476 1938 b
490 1919 518 1939 m
543 1911 619 1939 inest
635 1910 764 1938 intensio
800 1919 868 1946 quae

39 1961 87 1985 est
106 1966 121 1985 ι·
135 1965 165 1990 n,
176 1959 228 1984 aut
244 1959 275 1984 ut
289 1955 403 1983 denarii
419 1956 535 1983 numeri
546 1955 648 1983 insunt
661 1955 807 1990 denariis)
818 1957 870 1983 aut

41 2005 74 2030 ut
88 2002 215 2029 unitates
225 2001 328 2028 insunt
339 2000 503 2028 unitatibus
533 2008 540 2034 ;
572 2000 588 2027 ὁ
610 2009 638 2028 m
663 2000 718 2028 erit
741 2000 870 2028 intensio

43 2047 137 2082 hujus
148 2054 166 2074 a
182 2046 203 2079 ἰ,
218 2045 310 2081 idque
320 2044 427 2072 eodem
440 2044 530 2072 modo
547 2053 608 2080 quo
627 2044 742 2072 denarii
770 2045 871 2072 insunt

43 2091 187 2124 denariis,
199 2093 251 2118 aut
265 2089 392 2117 unitates
406 2090 509 2117 insunt
528 2089 702 2117 unitatibus.
725 2089 774 2116 Hic
801 2097 871 2124 ergo

45 2137 102 2164 tria
118 2135 217 2172 posita
227 2137 305 2170 sunt,
322 2134 475 2170 appetitio,
503 2134 639 2168 accretio,
672 2133 810 2167 intensio,
842 2136 873 2161 ut

43 2179 193 2209 ternarius
201 2186 353 2206 numerus.
363 2178 458 2210 Quare
467 2178 491 2205 si
499 2178 748 2214 compositionem
756 2181 871 2214 spectes

44 2227 73 2253 et
100 2224 233 2252 rationes
255 2222 294 2251 ad
327 2222 559 2258 propagandum
590 2222 770 2258 prodientes,
813 2222 872 2259 pri-

46 2277 131 2297 mum
152 2269 254 2297 locum
268 2267 413 2295 abtinebit
440 2270 597 2303 punctum,
626 2275 679 2295 seu
707 2267 752 2294 vis
782 2270 871 2303 atque

46 2314 174 2342 facultas
187 2313 226 2340 ad
238 2312 455 2346 longitudinem
471 2311 667 2348 progrediens
683 2319 690 2339 :
705 2311 873 2339 secundum

45 2359 147 2386 locum
162 2357 306 2385 obtinebit
316 2357 406 2389 linea,
423 2364 477 2384 seu
504 2357 549 2384 vis
571 2358 662 2392 atque
688 2355 819 2384 facultas
835 2356 874 2384 ad

46 2403 235 2432 latitudinem
245 2401 453 2437 progrediens;
463 2401 579 2429 tertium
587 2402 688 2429 tonum
698 2401 874 2437 superﬁcies

47 2447 204 2481 obtinebit,
219 2454 272 2474 seu
298 2446 342 2473 vis
364 2448 454 2481 atque
473 2445 599 2474 facultas
621 2445 660 2473 ad
687 2445 875 2473 altitudinem

48 2491 258 2528 progrediens.
273 2491 362 2518 Porro
376 2489 440 2517 haec
454 2489 509 2517 tria
523 2489 581 2517 vim
596 2493 687 2526 atque
703 2489 875 2517 facultatem

48 2537 163 2565 habent
173 2535 212 2563 ad
227 2543 336 2571 corpus
359 2533 613 2566 constituendum,
643 2541 754 2570 corpus
777 2537 876 2562 autem

49 2581 88 2610 ad
98 2580 298 2617 quantitatem
308 2579 471 2615 perfectam
482 2578 725 2606 constituendam
750 2587 877 2615 compa-

48 2628 149 2654 ratum
165 2627 211 2653 est
222 2633 229 2659 ;
240 2623 393 2660 quantitas
407 2626 508 2651 autem
517 2624 573 2650 sub
584 2623 630 2650 his
640 2622 735 2650 tribus
745 2632 878 2660 compre-

49 2670 202 2699 henditur.
217 2669 302 2702 Quod
312 2669 335 2696 si
353 2668 389 2696 sit
402 2667 504 2703 aliqua
520 2676 568 2696 res
582 2675 703 2703 corpus,
714 2675 777 2703 quo
790 2671 878 2705 pacto

51 2718 135 2744 extra
144 2715 202 2742 hoc
217 2713 358 2742 terminos
372 2714 431 2740 tres
451 2712 618 2747 egredietur
628 2712 643 2740 ‘I
654 2712 741 2744 Quod
758 2712 784 2740 si
796 2713 879 2740 dicas

52 2759 182 2789 alterum
197 2765 305 2794 corpus
320 2764 390 2786 cum
400 2756 493 2785 altero
503 2763 628 2793 corpore
644 2755 732 2791 uniri,
747 2757 805 2785 hoc
815 2756 880 2786 fieri

888 846 907 873 Β
923 846 1051 872 λοιοῡνται
1063 847 1112 882 ’γὰρ
1129 849 1187 876 ταῖς
1207 846 1348 881 ἁκρότησιν
1368 855 1374 861 -

920 223 942 248 ti
969 224 1013 258 μὲν
1042 225 1125 258 ποιὸν,
1156 225 1190 254 ὡς
1216 222 1339 252 λευκότης
1360 224 1404 247 καὶ
1431 221 1583 257 μελανοτης,
1606 223 1621 251 ἡ
1651 222 1744 257 γλυκύ-

920 276 968 297 της
989 270 1034 293 καὶ
1058 267 1195 300 ὰλυκότης,
1219 265 1282 292 οὐδὲ
1312 266 1391 296 οὓτως
1430 265 1539 301 ἐπιταοῇ
1577 276 1582 282 ·
1623 266 1745 297 λευκότης

919 312 970 348 γὰρ
996 311 1148 342 λευκότητος
1173 312 1311 348 λευκοτέρα
1343 311 1390 336 οὐκ
1416 311 1483 344 ἔστι,
1511 313 1556 336 καὶ
1578 312 1612 336 τὰ
1637 311 1710 347 ἕτερα
1738 321 1743 327 ·

920 354 944 381 ἐν
960 355 1048 392 ἀτόμῳ
1063 354 1120 385 (Teir
1136 358 1246 386 ποιότης
1274 359 1341 381 ποιεῖ
1367 355 1487 380 ἐπίτασιν
1512 365 1519 370 ·
1549 354 1665 390 σταφυλὴ
1695 357 1746 391 γὰρ

919 401 993 437 ῥοιᾶς
1017 400 1172 438 γλυκυτέρα,
1207 401 1221 430 ὴ
1247 401 1306 438 ῥοιὰ
1333 400 1473 435 σταφυλῆς,
1518 400 1533 428 ἡ
1575 399 1664 426 λευκὸν
1701 404 1747 426 τοὺ

919 445 1011 471 λευκοῦ
1040 456 1047 462 ·
1076 445 1155 472 λευκὰ
1178 443 1208 471 δὲ
1231 446 1331 474 πάντως
1357 445 1474 481 ὑπάρχει
1499 445 1602 481 θάτερα.
1620 444 1649 471 Ἠ
1684 449 1747 480 ’γοῦν

922 489 1003 526 ἰσχὺς
1024 494 1073 521 τῆς
1099 492 1236 521 ποιότητος
1263 491 1292 515 τὸ
1315 491 1360 525 μὲν
1391 488 1463 519 άῦξει
1501 490 1569 514 κατὰ
1606 491 1745 522 ποιότητα,

919 535 949 560 τὸ
972 532 1001 560 δε
1028 534 1138 569 ἐλαττοῖ,
1169 534 1234 563 αὐτὴ
1263 531 1293 560 δὲ
1317 536 1332 562 ὴ
1367 533 1498 569 γλυκύτης
1522 533 1536 562 ἦ
1567 533 1582 562 ἡ
1622 533 1748 564 λευκότης

920 579 979 604 οὔτε
1002 577 1167 605 ἐπιτάττεται
1193 578 1252 604 οὒτε
1291 577 1451 610 ἐλαττοῦται,
1486 579 1554 613 μένει
1590 575 1616 604 δ’
1657 577 1696 604 ἀεὶ
1731 578 1746 606 ἡ

920 623 997 652 αὐτή.
1027 624 1100 649 Κατά
1125 625 1169 649 τὸν
1198 622 1275 648 αὐτὸν
1302 626 1365 658 ’γοῦν
1392 623 1483 658 καιρὸν
1507 621 1565 648 οὒτε
1593 622 1676 658 γλυκυ
1705 624 1749 648 καὶ

920 670 956 704 μή
982 667 1076 703 γλυκὺ,
1103 669 1162 694 οὔτε
1183 667 1272 693 λευκὸν
1296 669 1341 693 χαὶ
1369 669 1403 703 μὴ
1423 666 1521 701 λευκὸν,
1550 669 1577 693 τί
1606 670 1748 703 φανήσεται

920 715 1034 746 πώποτε,
1063 713 1110 738 κᾶν
1132 711 1156 738 ἐν
1183 711 1250 748 ἆλλῳ
1289 714 1333 738 καὶ
1372 711 1439 747 ἄλλῳ
1482 715 1518 737 τῶ
1561 710 1585 737 ἐν
1625 714 1749 741 ποιότητι

922 755 1037 792 δέχηται
1058 758 1104 786 τὴν
1133 755 1252 783 ἐπίτασιν
1278 759 1324 782 καὶ
1349 756 1437 782 ἄνεσιν
1459 767 1465 772 ·
1495 758 1540 782 καὶ
1568 757 1590 782 εἰ
1613 757 1658 792 μὲν
1701 754 1746 782 οὖν

920 801 1009 827 λευκὸν
1035 800 1114 837 ὸωοῇ
1144 803 1189 827 καὶ
1220 800 1297 837 μέλαν
1326 801 1416 836 ὕφεσιν
1454 801 1608 836 πάσχουσιν
1652 810 1658 816 ·
1701 800 1748 827 ἀλ-

1211 844 1348 881 ῖαροτησιν
1368 855 1374 861 -
1395 845 1423 870 αἱ
1451 844 1565 870 ἐναντίαί
1597 845 1646 881 γὰρ
1675 847 1749 871 ποιό-

922 900 997 921 τητες
1009 891 1137 927 θραύουσι
1149 891 1195 920 τὰς
1216 889 1371 926 ἀκρότητας,
1401 889 1422 915 εἰ
1450 890 1581 925 μιχθῶσι,
1607 890 1654 920 τὰς
1681 889 1749 915 ἐνού-

923 944 971 965 σας
991 934 1093 966 αὐταῖς,
1106 935 1180 960 ἔσται
1193 932 1222 960 δε
1241 936 1270 960 τὸ
1297 937 1385 970 μίγμα
1411 933 1510 959 ἀλλοῖον
1534 936 1578 960 καὶ
1608 934 1654 960 οὐκ
1676 934 1747 962 οἶλλο.

922 980 1052 1016 Οῧτειγὰρ
1080 980 1109 1005 τὸ
1141 978 1230 1004 λευκὸν
1256 980 1292 1015 μὴ
1321 978 1410 1004 λευκὸν
1435 979 1531 1012 πάντη,
1560 977 1618 1004 οὒτε
1645 980 1674 1004 τό
1703 980 1748 1014 μὲ-

921 1023 967 1049 λοιν
980 1024 1065 1052 πάντη
1090 1023 1119 1049 οὔ
1147 1023 1235 1059 μέλαν,
1262 1022 1326 1049 ἀλλὰ
1351 1027 1406 1053 πῶς
1431 1022 1519 1059 μέλαν,
1542 1026 1597 1053 πῶς
1628 1021 1653 1049 δ’
1682 1022 1711 1048 οὐ
1739 1031 1748 1057 ;

921 1071 966 1094 καὶ
994 1069 1023 1093 τὸ
1057 1068 1151 1104 ἕτερον,
1177 1069 1245 1094 κατά
1266 1070 1296 1093 τό
1322 1067 1396 1101 αὐτὸ,
1421 1066 1473 1093 οἷον
1497 1068 1527 1092 τὸ
1559 1070 1609 1098 τῆς
1651 1069 1749 1097 σηπίας

921 1112 998 1148 μέλαν
1028 1114 1073 1138 καὶ
1100 1113 1130 1138 τὸ
1152 1111 1256 1148 ἄλευρον
1286 1111 1419 1144 ἑνωθέιτα,
1447 1113 1477 1137 τὸ
1504 1111 1593 1137 λευκὸν
1634 1114 1679 1138 καὶ
1719 1113 1748 1138 τὸ

921 1157 998 1192 μέλαν
1025 1158 1054 1183 τὸ
1082 1155 1106 1182 ἐν
1131 1156 1222 1187 αὐτοῖς
1250 1156 1450 1192 ᾶμειφθήσεται.
1483 1156 1553 1182 Ἐπεὶ
1585 1157 1636 1192 γὰρ
1677 1156 1743 1182 εἰσιν

921 1201 1033 1234 ἐναντία,
1062 1203 1107 1226 καὶ
1134 1201 1264 1237 τραπῶσι,
1289 1203 1335 1226 καὶ
1359 1202 1388 1226 τὸ
1409 1201 1453 1236 μὲν
1487 1199 1514 1225 ἐκ
1549 1204 1595 1226 τοῦ
1631 1199 1748 1226 ἐναντίον

921 1246 1098 1275 ὑποστήσεται
1114 1245 1203 1281 ὕφεσιν
1215 1249 1259 1271 τοὺ
1272 1243 1336 1271 εἶναι
1364 1244 1464 1279 λευκὸν,
1493 1246 1522 1270 τὸ
1550 1242 1579 1271 δὲ
1607 1248 1653 1270 τοῦ
1684 1243 1749 1271 εἶναι

921 1290 1008 1326 μέλαν,
1024 1294 1061 1325 τῷ
1088 1288 1118 1316 δὲ
1145 1289 1196 1325 ’ίσῳ
1226 1292 1270 1315 καὶ
1296 1293 1332 1324 τῷ
1361 1288 1455 1324 ἀνίσῳ,
1481 1288 1528 1314 οὐκ
1559 1288 1748 1325 ἀμεφθήσεται,

921 1335 988 1361 ὥστε
1015 1336 1044 1360 τὸ
1071 1332 1198 1370 μεδίμνου
1222 1336 1303 1360 ποσὸν
1329 1334 1375 1360 οὐκ
1404 1334 1438 1364 εὶς
1463 1334 1567 1365 κύλικος
1601 1334 1691 1369 ἐλθεῖν,
1730 1335 1746 1364 ἦ

920 1378 1074 1415 προσλαϐεῖν
1092 1379 1196 1414 θάτερον
1230 1377 1257 1404 ἐκ
1288 1379 1395 1415 θατέρου
1423 1381 1456 1409 ὡς
1483 1379 1586 1405 ὁπόσων
1619 1389 1654 1414 τι,
1683 1378 1748 1406 ἀλλά

924 1466 1038 1503 nequit.
1059 1467 1170 1494 Rursus
1184 1466 1208 1494 si
1223 1466 1433 1502 incorporeum
1460 1465 1573 1503 aliquid
1606 1466 1748 1495 accedere

923 1511 1016 1544 dicas,
1026 1513 1078 1539 aut
1090 1510 1220 1547 qualitas
1231 1510 1377 1546 adveniet,
1391 1513 1480 1546 atque
1494 1510 1552 1538 hoc
1575 1511 1667 1538 modo
1698 1519 1747 1539 res

923 1556 1041 1583 intensa
1060 1555 1118 1583 alia
1128 1562 1189 1582 non
1205 1555 1319 1588 evadet,
1341 1554 1394 1582 sed
1413 1553 1584 1587 dissimilis;
1611 1557 1662 1583 aut
1681 1555 1747 1583 uni-

923 1602 997 1627 tates
1024 1600 1194 1634 advenient,
1219 1602 1309 1635 atque
1336 1599 1612 1634 agglutinabuntur,
1638 1607 1748 1635 nempe

924 1644 1022 1672 unitas
1038 1652 1099 1672 una
1112 1647 1140 1672 et
1159 1644 1251 1672 altera
1262 1643 1373 1671 unitas.
1390 1644 1461 1676 Quae
1474 1643 1597 1680 quidem
1620 1644 1748 1672 unitates

923 1689 947 1716 si
958 1689 1015 1716 sint
1025 1688 1183 1724 qualitates
1199 1688 1367 1721 abstractis,
1382 1690 1409 1716 et
1420 1688 1471 1715 uni
1487 1688 1579 1716 altera
1608 1688 1747 1722 addatur,

923 1736 955 1761 ut
969 1733 1087 1766 albedo,
1103 1733 1238 1768 nigredo,
1252 1732 1390 1766 dulcedo,
1408 1732 1543 1767 salsedo;
1568 1741 1666 1769 neque
1690 1733 1748 1761 hoc

923 1777 1014 1805 modo
1030 1777 1082 1805 erit
1094 1777 1222 1805 intensio
1236 1776 1397 1813 qualitatis,
1409 1784 1480 1805 nam
1491 1776 1599 1805 albedo
1610 1777 1748 1805 albedine

923 1830 984 1849 non
995 1824 1040 1850 est
1058 1822 1155 1856 magis
1171 1821 1252 1850 alba.
1276 1821 1357 1849 Idem
1383 1821 1420 1849 de
1446 1822 1560 1849 caeteris
1585 1821 1748 1850 dicendum

924 1870 976 1894 est.
993 1869 1029 1894 At
1042 1866 1171 1903 qualitas
1198 1866 1227 1893 in
1254 1865 1408 1894 individuo
1432 1866 1633 1894 intensioneni
1649 1866 1748 1896 efﬁcit.

925 1911 986 1938 Uva
999 1911 1079 1938 enim
1090 1912 1217 1945 granato
1235 1912 1278 1938 est
1299 1909 1432 1945 dulcior;
1451 1912 1502 1938 aut
1517 1913 1675 1945 granatum
1689 1919 1750 1939 uva

925 1958 968 1982 est
981 1954 1245 1990 dulcius,itemque
1261 1953 1364 1982 album
1377 1953 1446 1982 albo
1462 1957 1506 1982 est
1519 1954 1615 1990 magis
1634 1954 1748 1990 album,

925 2003 1052 2035 utraque
1065 2007 1135 2027 vero
1146 1999 1270 2027 omnino
1287 2002 1355 2027 sunt
1375 1998 1454 2027 alba.
1473 1999 1568 2032 Quare
1586 1999 1628 2027 vis
1653 2000 1750 2036 quali-

926 2044 993 2071 tatis
1008 2044 1064 2071 hoc
1073 2044 1197 2079 quidem
1209 2047 1299 2078 auget
1309 2043 1475 2071 secundum
1487 2044 1642 2080 quandam
1653 2046 1751 2080 quali-

892 2081 911 2107 D
927 2090 1029 2121 tatem,
1042 2087 1114 2115 illud
1130 2096 1200 2116 vero
1215 2088 1332 2116 minuii.
1344 2090 1380 2116 At
1389 2088 1456 2123 ipsa
1466 2088 1594 2116 dulcedo
1605 2092 1633 2116 et
1642 2089 1751 2118 albedo

927 2141 1024 2169 neque
1046 2132 1206 2160 intenditur
1235 2140 1332 2168 neque
1360 2133 1527 2167 remittitur,
1553 2133 1606 2161 sed
1644 2134 1751 2162 eadem

928 2180 1038 2205 manet.
1061 2177 1170 2204 Eodem
1185 2177 1273 2211 igitur
1284 2180 1417 2212 tempore
1433 2177 1505 2204 nihil
1515 2186 1649 2214 unquam
1665 2178 1752 2207 dulce

927 2225 1028 2250 etnon
1038 2221 1135 2255 dulce,
1150 2221 1253 2249 album
1266 2223 1293 2249 et
1308 2229 1368 2249 non
1381 2221 1485 2249 album
1509 2222 1650 2251 exsistere
1673 2227 1753 2259 pote-

927 2267 973 2301 rit,
989 2266 1129 2303 quamvis
1146 2265 1175 2293 iu
1191 2265 1250 2293 alio
1265 2269 1355 2302 atque
1370 2266 1427 2293 alio
1444 2266 1584 2302 suscipiet
1601 2275 1637 2294 ex
1656 2268 1752 2303 quali-

928 2314 986 2339 tate
1003 2311 1201 2338 intensionem
1215 2312 1243 2337 et
1255 2310 1475 2338 remissionem.
1505 2312 1601 2343 Quare
1611 2312 1634 2339 si
1650 2312 1754 2340 album

928 2359 956 2383 et
979 2356 1099 2390 nigrum
1140 2355 1290 2388 uniantur,
1316 2355 1347 2382 id
1380 2355 1443 2383 sine
1477 2355 1652 2383 remissione
1690 2357 1755 2385 ﬁeri

927 2401 1032 2436 nequit
1048 2409 1054 2433 ;
1065 2399 1264 2427 extremitates
1273 2399 1351 2427 enim
1361 2402 1515 2428 mutantur
1525 2409 1579 2428 seu
1592 2401 1754 2428 aliusmodi

929 2444 1060 2473 evadunt
1075 2453 1080 2471 :
1094 2451 1167 2472 nam
1178 2444 1207 2471 in
1219 2445 1437 2472 contrariarum
1450 2443 1628 2480 qualitatum
1644 2448 1754 2481 tempe-

929 2489 1097 2517 rationibus
1120 2492 1147 2516 et
1179 2488 1412 2516 admistionibus
1454 2489 1654 2517 extremitates
1682 2490 1755 2525 ipsa:

930 2533 1027 2568 frangi
1056 2532 1160 2561 solent.
1190 2533 1245 2560 Erit
1266 2536 1345 2560 atem
1368 2533 1466 2560 mistio
1493 2533 1655 2560 aliusmodi
1693 2541 1756 2561 non

931 2579 998 2607 alia.
1014 2580 1113 2614 Neque
1128 2578 1208 2605 enim
1218 2577 1322 2605 album
1334 2582 1378 2605 est
1392 2578 1474 2614 quod
1493 2577 1616 2605 omnino
1650 2578 1756 2606 album

931 2631 992 2651 non
1007 2622 1070 2656 fuit,
1086 2630 1184 2658 neque
1203 2622 1324 2657 nigrum
1339 2622 1422 2658 quod
1433 2622 1556 2650 omnino
1565 2622 1684 2657 nigrum
1696 2631 1758 2651 non

931 2668 995 2702 fuit,
1010 2667 1063 2694 sed
1077 2666 1187 2702 partim
1203 2666 1333 2701 nigrum,
1348 2666 1457 2702 partim
1485 2674 1545 2694 non
1567 2667 1699 2701 nigrum.
1726 2669 1759 2696 Et

931 2712 1013 2748 quod
1021 2714 1064 2740 est
1071 2711 1196 2739 alterum
1207 2710 1318 2738 eodum
1325 2710 1427 2743 modo,
1438 2709 1528 2738 veluti
1538 2711 1627 2747 sepia:
1633 2712 1662 2739 ni
1666 2712 1759 2748 gredo

932 2759 961 2785 et
971 2756 1066 2784 ferina
1080 2756 1156 2785 inter
1167 2764 1198 2784 se
1213 2754 1354 2791 copulata.
1362 2754 1760 2792 albediuemetnigredinem
