1967 3080
215 125 282 152 1327

977 118 1155 147 ADDENDA.

1873 119 1930 146 133%"

212 188 281 221 μενεί
304 185 328 210 ἓν
350 185 458 210 ἕκαστον
487 182 520 212 εἰς
548 183 576 208 τὸ
605 183 664 208 ὅσον
691 182 722 208 ἆν
755 181 781 208 ἐκ
805 184 912 219 πρώτης
950 183 1035 218 τύχης
1054 182 1283 220 Ακαὶὲξῆςτρία
1299 194 1305 200 ι
1325 185 1353 209 τὸ
1377 183 1401 209 ἓν
1427 186 1489 219 γοῦν
1517 183 1563 208 καὶ
1589 183 1612 208 ἓν
1643 182 1762 208 συντεθὲν
1796 180 1868 208 δύο.

212 230 322 266 ὑπάρχῃ
362 229 454 262 ποσὸν,
484 227 530 253 κᾶν
558 227 591 258 εἰς
617 226 714 256 ἄλληλα
750 231 963 265 περιχωρὴσῖειεν.
991 227 1035 258 Ὠς

211 275 289 311 γὰρὸ
311 276 383 300 πέντε
405 272 433 298 ἐκ
458 270 564 308 τριάδος
589 275 634 298 καὶ
663 270 763 302 δυάδος
790 271 872 307 ἐστὶν,
897 271 950 298 ἀλλ’
978 271 1036 297 οὔτε

211 323 272 354 γοῦν
299 319 312 344 ὁ
338 320 401 355 τρία
419 319 545 354 τέσσαρα,
577 316 635 343 οὒτε
663 318 675 343 ὁ
718 315 766 343 δύο
805 319 867 354 τρία
908 315 955 343 διὰ
988 318 1035 346 τὴν

211 364 313 395 ἕνωσιν,
342 362 405 388 ἀλλὰ
425 364 468 388 καὶ
495 363 562 398 μετὰ
590 364 635 391 τήν
661 361 751 388 ἕνωσιν
775 362 788 388 ὁ
827 361 952 388 συνελθὼν
994 361 1036 387 ἀλ-

211 408 279 439 λοῖος
308 409 362 443 μὲν,
388 407 436 433 οὐκ
464 405 531 442 ἄλλῳ
556 404 585 433 δὲ
613 411 686 442 ποσῷ
711 407 831 444 ὥρισται,
857 407 871 436 ἦ
909 410 945 442 τῷ
986 410 1036 432 τῶν

213 452 383 479 συνελθόντων
407 451 442 482 εἰς
475 451 552 477 αὐτόν
584 461 590 467 -
615 451 673 478 οὕτε
701 452 751 489 γὰρ
782 452 795 477 ὁ
816 453 876 489 τρία
908 453 1034 487 τέσσαρα,

211 497 294 523 citreo
311 495 359 522 δύο
371 498 431 532 τρία
444 506 450 512 ·
469 499 545 522 τοῦτο
573 497 623 532 γὰρ
649 495 670 522 εἰ
697 494 808 522 δυνατὸν
832 497 938 532 ὑπῆρχε
966 497 1035 531 γενέ-

212 543 283 577 σθαι,
300 540 411 578 ὑπῆρξεν
422 539 484 566 δινὸ
516 542 588 566 πέντε
616 541 690 574 ἑπτὰ,
720 541 780 577 ὅπερ
806 540 900 567 ἆτοπον
932 551 938 557 -
969 540 1036 567 οὓτω

211 589 255 612 καὶ
268 585 291 611 ἐν
315 585 396 620 λενκῷ
423 587 466 611 καὶ
493 584 581 620 μέλανι
609 584 638 610 οὗ
672 587 797 617 ποσότης,
829 584 893 611 ἀλλὰ
928 586 1037 615 ποιότης

211 633 268 667 ἔχει
297 630 382 657 λαϐεῖν
407 632 453 660 τήν
482 630 572 666 ὕφεσιν
596 630 611 659 ἣ
639 632 685 659 τὴν
714 629 840 658 extra-rw.
876 631 946 657 Ἐπεὶ
985 631 1036 667 γὰρ

211 678 255 702 ταὶ
283 675 358 705 αὐτὸς
383 675 395 700 ὁ
424 676 507 710 πέντε,
542 675 564 700 εἰ
592 677 636 700 καὶ
678 676 746 700 κατὰ
787 677 868 701 ποσὸν
907 676 1039 704 ὑποσῆναι

211 720 300 756 ὕφεσιν
322 721 427 756 πέφυκε,
456 721 485 745 τὸ
519 719 656 755 ἐλάχιστον
693 723 724 756 τῇ
767 720 832 755 αὐτῇ
871 719 968 753 ἐγένετο
1008 721 1037 749 ἣν

209 765 308 794 ὑπέστη
339 762 436 800 μονάδι
459 774 466 781 ·

209 814 258 835 τῶν
288 809 458 835 συνελθόντων
481 811 619 844 γενήσεται
639 810 652 835 ὀ
682 811 742 845 τρια
769 807 829 843 δύο,
859 811 903 835 καὶ
931 809 943 834 ὁ
990 807 1038 835 δύο

211 853 245 887 ἓν,
262 855 283 880 εἱ
309 857 372 889 7m
401 853 457 879 κατ’
482 853 603 880 ἐπίτασιν
629 854 642 879 ὀ
671 856 732 890 τρία
759 856 886 890 τέσσαρα,
916 855 960 879 καὶ
975 851 1040 880 όδὺο

210 900 270 935 τρία
298 897 382 931 ἔσται,
414 900 458 924 καὶ
483 898 495 923 ὁ
527 897 652 924 συνελθὼν
687 897 715 924 ἐκ
738 900 834 924 τούτων
864 901 938 924 πέντε
965 898 1039 932 ἑπτὰ,

210 944 271 980 ὅπερ
287 943 393 978 ἄτοπον,
407 943 528 973 ὡσαύτως
551 943 608 969 κατ’
627 942 714 969 ἄνεσιν
738 943 752 972 ἣ
778 943 790 969 ὁ
815 945 877 980 τρία
906 940 965 977 δύο,
996 945 1041 969 καὶ

209 988 222 1013 ὁ
239 985 288 1014 δύο
315 989 349 1021 ἓν,
375 988 449 1014 καὶὸ
479 987 605 1014 συνελθὼν
638 990 712 1015 πέντε
739 990 799 1025 τρία
830 998 836 1004 ·
870 986 989 1014 ἀδύνατα
1012 985 1041 1014 δὲ

210 1036 294 1059 ταῦτα
320 1035 364 1059 καὶ
400 1032 494 1060 ἄτοπα.
525 1033 554 1059 Εἰ
582 1031 611 1059 δὲ
640 1033 652 1059 ὁ
676 1036 737 1071 τρία
758 1035 803 1070 μὲν
828 1035 956 1071 τέσσαρα,
984 1031 1041 1059 ὁδὲ

211 1077 260 1105 δύο
275 1078 310 1112 ἓν,
339 1079 431 1109 πεντὰς
455 1079 499 1113 μὲν
526 1079 651 1114 vagitu-0?},
677 1077 803 1114 ἀλλοιωοῇ
832 1076 861 1105 δὲ
886 1079 915 1105 τὸ
937 1076 1004 1108 εἶδος
1034 1087 1040 1095 ·

210 1121 272 1149 οὐδὲ
297 1124 347 1159 γὰρ
374 1121 522 1153 συνέλευσις
545 1121 659 1159 μονάδος
681 1125 726 1149 καὶ
748 1121 871 1160 τετράδος
894 1123 906 1148 ὀ
956 1124 1040 1158 πέντε,

212 1167 276 1193 ἀλλά
304 1165 402 1196 δυάδος
430 1169 474 1193 καὶ
500 1165 608 1203 τριάδος
633 1165 734 1197 ἀληθῶς
751 1177 758 1184 ·
785 1165 847 1193 οὐδὲ
871 1168 920 1204 γὰρ
953 1166 1042 1205 ἀκραι-

213 1221 278 1247 φνως
305 1212 423 1247 περιττὸς
452 1211 467 1239 ἠ
498 1212 589 1247 μονὰς,
618 1209 690 1242 οὗτος
717 1209 747 1237 δὲ
774 1215 896 1249 περιττοῦ
920 1213 965 1238 καὶ
998 1211 1042 1248 ἀρ-

212 1258 269 1282 τίου
281 1254 346 1283 ἐστί.
359 1258 464 1292 Πρῶτον
496 1257 546 1293 γὰρ
577 1255 658 1286 οὕτως
681 1257 781 1292 γένεσις
808 1266 814 1273 ·
845 1257 869 1283 ἓν
899 1255 954 1283 εἶτα
982 1254 1040 1290 δύο,

213 1352 300 1374 suam
316 1344 391 1372 inter
407 1351 439 1372 se
454 1343 657 1373 contulerunt.
672 1345 787 1373 Etenim
800 1345 946 1382 quoniam
974 1347 1045 1374 sunt

212 1390 373 1424 contraria,
390 1390 480 1418 etiam
496 1389 679 1426 frangentur,
695 1393 785 1427 atque
803 1399 898 1419 unum
920 1391 1044 1428 quidem

214 1443 251 1464 ex
261 1434 414 1463 contrariis
430 1434 544 1471 aliquid
557 1435 595 1463 de
607 1435 746 1464 albedine
761 1436 897 1472 remittet,
919 1436 1045 1465 alterum

210 1491 281 1512 vero
298 1483 335 1512 de
354 1483 517 1518 nigredine.
534 1484 591 1512 sed
604 1492 640 1512 ex
655 1484 828 1521 aequalitate
845 1493 881 1513 ex
911 1485 1046 1525 inaequat

1090 236 1144 252 τιον
1159 231 1221 263 γοῦν
1232 231 1318 263 τοῦτο,
1334 229 1362 254 τὸ
1383 226 1412 254 δὲ
1440 228 1465 254 ἓν
1491 230 1536 253 καὶ
1562 225 1610 253 δὺο
1635 229 1706 263 τρία,
1734 229 1882 263 περιττὸν,
1909 230 1932 252 τὸ

1091 269 1156 298 δὲὲν
1175 274 1219 298 καὶ
1251 274 1311 310 τρία
1333 274 1460 309 τέσσαρα,
1493 271 1591 309 ἄρτιον,
1621 269 1751 308 δεύτερον,
1786 273 1819 297 τὸ
1855 270 1888 298 δὲ
1916 272 1935 297 ὲ)

1091 318 1135 342 καὶ
1180 318 1296 354 τέσσαρα
1331 319 1404 344 πέντε
1442 316 1647 355 ἀρτιοπέριττον.
1685 318 1830 345 Saturne-av
1874 321 1935 352 77;;

1091 361 1114 386 ἐν
1129 363 1206 389 ,πᾶσι
1231 363 1261 387 τὸ
1289 360 1395 396 ἄτοπον,
1425 361 1446 388 εἰ
1473 365 1517 397 μὲν
1559 361 1573 389 ἡ
1613 361 1694 397 μονὰς
1728 360 1823 398 ἑτέραν
1868 360 1935 395 λάῗς

1091 403 1194 441 μονάδα
1218 405 1263 432 καὶ
1289 407 1303 435 ἡ
1334 408 1426 443 τετρὰς
1451 405 1530 435 ἄλλην
1554 408 1598 432 καὶ
1629 404 1789 432 ἐπιταθῶσιν
1821 404 1889 437 ἑξὰς
1925 406 1935 433 ἱ

1734 449 1834 486 ὕφεσιν
1883 451 1936 480 svi;

1090 451 1192 484 πεντὰς,
1220 450 1315 477 ἄτοπον
1340 462 1346 467 -
1371 453 1392 477 εἰ
1419 449 1448 477 δὲ
1475 451 1489 480 ἢ
1515 452 1560 487 μὲν
1602 452 1693 487 τετρὰς

1091 495 1173 531 πάθῃ,
1202 495 1277 522 ἔσται
1305 497 1397 534 τετρὰς
1423 496 1437 524 ἡ
1466 496 1559 526 πεντάς
1585 505 1592 511 ·
1616 493 1676 521 οὐδὲ
1697 496 1749 532 γὰρ
1782 495 1886 531 ὕφεσιν
1922 496 1933 523 ἑ

1091 540 1171 576 μονὰς
1188 538 1285 571 δέξαιτ’
1304 539 1333 566 ἂν
1352 543 1448 566 -τοῠτο
1468 540 1518 576 γὰρ
1534 539 1563 566 οὐ
1590 537 1715 574 πεντάδα,
1745 539 1816 565 ἀλλὰ
1847 541 1934 565 πάντα

1093 583 1202 621 ἀριθμὸν
1233 583 1351 611 ἀνέλυσιν
1381 585 1411 610 ἂν
1436 585 1470 616 εἰς
1497 583 1582 618 οῦδὲν,
1611 587 1655 610 καὶ
1681 588 1759 610 τοῦτο
1791 584 1899 611 ἄτοπον
1927 595 1932 600 ·

1093 627 1159 655 εἰδὲ
1190 630 1204 658 ἡ
1239 630 1284 665 μὲν
1312 631 1392 665 μονὰς
1425 628 1559 666 προσλάϐῄ
1590 630 1677 664 ἑτέραν
1704 627 1830 665 μονώδα,
1856 630 1873 658 1';
1907 627 1935 654 ἐξ

1092 674 1181 710 τετρὰς
1206 672 1320 710 μονάδος
1347 676 1436 710 ὕφεσιν
1461 675 1573 710 rimari),
1599 675 1671 711 τρὶὰς
1705 675 1814 705 πάντως
1855 677 1934 710 70f,-

1094 729 1167 745 σεται
1187 729 1194 736 θ
1210 720 1302 750 πεντὰς
1315 723 1376 755 γοῦν
1389 722 1447 746 τοῖο
1467 719 1519 755 οὐχ
1540 720 1579 745 ὃτι
1605 720 1633 744 ἐκ
1662 717 1778 755 μονάδος
1809 722 1857 745 καὶ
1891 729 1933 745 τε-

509 763 659 795 ἑλαττωοεὶς
704 766 755 801 γὰρ
790 765 898 794 ἕκαστος
935 765 1038 795 πάντως
1055 761 1074 788 Β
1093 761 1188 801 τράδος
1204 771 1210 796 ;
1224 762 1277 789 ἀλλ’
1295 762 1322 789 ἐκ
1337 762 1437 794 δυάδος
1452 773 1480 790 τε
1494 766 1539 790 καὶ
1553 761 1672 800 τριὰδος,
1693 767 1772 790 τοῦτο
1805 767 1932 800 φυσικὸν.

1131 851 1164 888 β’.
1187 851 1268 878 Ὥστε
1311 853 1340 879 τὸ
1382 854 1427 889 μὶν
1465 854 1538 879 ποιὸν
1579 852 1698 880 ἐπίτασιν
1734 851 1852 889 δέχεται
1890 853 1933 879 καὶ

1094 898 1192 933 ἂνεσιν,
1206 900 1236 924 τὸ
1253 895 1282 924 δὲ
1310 899 1391 924 ποσὸν
1413 898 1442 924 οὖ
1475 908 1481 915 ·

1096 943 1156 969 σθαι
1186 947 1217 979 τῇ
1242 943 1318 969 τάσει
1344 946 1389 969 καὶ
1418 944 1505 979 ὑφέσει
1525 947 1570 970 τοῦ
1599 947 1683 970 ποσοῦ
1719 945 1769 973 τὴν
1814 943 1936 970 nariam

1523 898 1616 928 συνέϐη
1640 899 1689 936 γὰρ
1716 897 1835 925 ἐνταῦθα
1862 901 1932 934 791'-

1095 985 1219 1023 τετράδα,
1234 989 1278 1014 καὶ
1293 986 1401 1025 τριάδα,
1417 990 1461 1014 καὶ
1485 986 1596 1021 ἐπι-οἰδα,
1629 987 1689 1025 ὅπερ
1719 988 1898 1014 ἀτοπώτατον
1927 999 1933 1005 ·

1095 1034 1124 1059 τὸ
1155 1033 1206 1069 γὰρ
1230 1031 1318 1070 ἄρτιον
1351 1034 1395 1058 καὶ
1430 1034 1549 1069 περιττὸν
1587 1031 1675 1059 ἐνωθὲν
1714 1031 1793 1060 οὐδὲν
1836 1033 1934 1059 ἄτοπον

1097 1076 1233 1106 ἐποίησενι
1249 1077 1365 1114 ὑπάρχει
1384 1078 1434 1115 ’γὰρ
1462 1077 1474 1104 ὁ
1502 1075 1550 1104 δύο
1580 1075 1640 1109 δύο,
1665 1080 1711 1104 καὶ
1731 1079 1745 1104 ὁ
1771 1081 1836 1114 τρία
1863 1088 1932 1116 τρια,

1096 1126 1172 1148 τοῦτο
1201 1126 1284 1149 ποσοῦ
1312 1132 1318 1139 ·
1348 1122 1448 1159 ἔμειναν
1475 1124 1525 1159 γὰρ
1549 1121 1620 1149 οὗτοι
1643 1122 1679 1154 εὶς
1716 1125 1746 1149 τὸ
1793 1127 1851 1150 ἴσον
1892 1126 1935 1149 καὶ

1241 1166 1304 1193 ἀλλὰ

1097 1214 1226 1241 ποιότητα
1251 1211 1325 1249 ἑτέρα
1356 1212 1449 1241 συνέϐη
1470 1214 1550 1249 μικτή
1580 1214 1687 1243 ποιότης
1704 1223 1710 1229 ·
1744 1214 1806 1240 οὔτε
1838 1216 1895 1251 γὰρ
1923 1215 1935 1239 ὁ

1098 1255 1195 1293 ἄρτιος,
1205 1257 1287 1285 πάντη
1308 1255 1475 1292 (Eprius-’0‘}?!
1501 1257 1514 1282 ὁ
1540 1259 1658 1295 περιττὸς
1682 1259 1718 1294 μὴ
1744 1260 1793 1284 καὶ
1817 1257 1912 1295 ἄρτιος
1928 1276 1933 1279 -

1097 1166 1196 1194 ἄνισον.
1241 1166 1304 1193 ἀλλὰ
1338 1171 1368 1203 τῇ
1415 1167 1560 1194 συνελεύσει
1599 1171 1646 1198 τῆς
1683 1170 1828 1200 ποιότητος
1872 1171 1936 1206 πρὸς

1098 1345 1159 1374 rius
1171 1344 1295 1382 quidem
1305 1353 1449 1374 numerus
1459 1345 1610 1378 efficietur,
1621 1346 1673 1374 sed
1681 1346 1782 1375 forma
1792 1355 1934 1376 commu-

1099 1391 1160 1417 tata
1181 1389 1277 1417 fuerit.
1304 1391 1405 1426 Neque
1437 1390 1517 1418 enim
1548 1391 1697 1427 copulatio
1737 1392 1867 1420 unitatis
1909 1394 1936 1420 et

1099 1434 1281 1470 quaternarii
1296 1435 1412 1462 numeri
1424 1435 1544 1471 proprie
1556 1435 1731 1471 quinarium
1745 1436 1852 1471 allicit,
1884 1438 1936 1466 sed

1099 1478 1205 1506 binarii
1218 1481 1246 1507 et
1262 1479 1390 1506 ternarii.
1423 1479 1522 1508 [initas
1551 1480 1631 1508 enim
1659 1489 1765 1510 revera
1795 1490 1862 1510 non
1894 1485 1937 1511 est

211 1528 292 1556 litate
304 1535 367 1556 non
389 1517 509 1556 accidet
533 1528 584 1557 illa
611 1517 820 1563 commutatio,
847 1532 878 1557 ut
901 1517 987 1557 medii

1159 1531 1243 1550 uerus
1257 1523 1355 1559 impar
1370 1533 1376 1557 ;
1388 1524 1543 1560 quinarius
1555 1527 1655 1552 autem
1668 1525 1862 1562 eximpariet
1872 1527 1935 1564 pari

211 1574 364 1610 quantitas
378 1581 439 1602 non
455 1576 553 1610 potest
567 1574 597 1602 in
612 1574 814 1611 quantitatem
835 1574 935 1602 calicis
953 1577 1045 1602 trans-

213 1618 256 1646 ire
275 1619 327 1646 aut
341 1625 436 1646 unum
456 1618 576 1646 alterius
592 1619 790 1655 quantitatem
804 1627 968 1650 assumere,
991 1618 1044 1647 sed

213 1662 453 1699 unumquodque
463 1662 493 1690 in
506 1670 542 1690 ea
552 1663 717 1698 quantitate
725 1665 836 1699 manet,
847 1671 939 1700 quam
946 1663 1043 1700 primo

213 1707 330 1741 habuit,
345 1706 460 1735 etiamsi
473 1707 548 1734 inter
572 1715 603 1734 se
627 1707 850 1743 conjungantur
876 1717 883 1742 ;
908 1710 938 1736 ut
964 1708 1042 1737 enim

214 1751 370 1787 quinarius
381 1758 526 1778 numerus
542 1753 659 1780 constat
671 1759 707 1780 ex
728 1752 859 1780 ternario
874 1755 902 1781 et
913 1752 1042 1788 biuario,

216 1795 270 1824 sed
282 1803 343 1824 nou
359 1795 426 1823 ideo
438 1796 492 1824 tria
509 1798 579 1824 sunt
610 1799 749 1832 quatuor,
776 1805 873 1834 neque
900 1797 961 1825 duo
987 1797 1044 1826 tria

214 1843 337 1877 propter
352 1840 572 1876 copulationem
586 1844 691 1870 contra
704 1850 771 1870 vero
787 1843 839 1878 qui
851 1843 1043 1878 conjungitur

214 1893 359 1913 numerus
383 1887 451 1921 post
479 1885 701 1921 copulationem
728 1886 881 1914 dissimilis
919 1887 1042 1923 quidem

214 1930 325 1964 evadit,
340 1929 395 1957 sed
408 1929 466 1958 alia
491 1931 655 1966 quantitate
683 1938 746 1958 non
773 1930 922 1965 delinitur,
948 1939 1042 1967 quam

215 1971 423 2007 copulatorum
470 1971 546 2000 inter
584 1981 614 2000 se
653 1981 849 2001 numerorum
886 1974 1039 2010 quatitate.

214 2017 316 2052 Neque
341 2015 487 2043 enimtria
511 2018 579 2044 sunt
599 2019 738 2053 quatuor,
763 2025 860 2054 neque
889 2018 950 2045 duo
975 2017 1041 2051 tria,

213 2067 286 2088 nam
298 2060 356 2088 hoc
369 2060 432 2088 ﬁeri
446 2060 549 2096 nequit
564 2069 570 2094 ;
583 2061 716 2098 quinque
727 2062 806 2090 enim
817 2065 916 2091 essent
927 2065 1041 2098 septem

213 2104 297 2141 quod
310 2106 354 2132 est
368 2104 533 2132 absurdum
549 2114 554 2133 :
568 2105 608 2134 ita
620 2106 709 2134 etiam
722 2107 752 2134 in
766 2107 834 2135 albo
849 2107 971 2142 ctuigro
980 2116 1041 2136 non

214 2148 377 2185 quantitas,
393 2149 444 2176 sed
456 2157 474 2186 q
480 2149 536 2177 uali
542 2152 587 2178 tas
595 2153 690 2187 potest
697 2152 825 2188 recipere
832 2153 1040 2180 remissionem

1099 1570 1224 1596 constat.
1236 1570 1278 1596 tta
1286 1568 1366 1596 enim
1377 1569 1508 1604 primum
1518 1569 1603 1603 dicis,
1616 1577 1722 1605 unum,
1734 1570 1847 1599 deinde
1861 1572 1935 1605 duo,

1099 1612 1206 1640 deinde
1217 1612 1280 1641 tria.
1296 1613 1392 1641 Unum
1401 1621 1472 1648 ergo
1485 1621 1554 1642 cum
1565 1621 1625 1642 uno
1639 1616 1860 1651 compositum,
1874 1616 1934 1644 duo

1099 1660 1168 1685 sunt
1184 1666 1190 1691 ;
1207 1660 1312 1694 estque
1326 1657 1373 1685 hic
1385 1665 1527 1686 numerus
1534 1666 1602 1694 par:
1612 1667 1700 1695 porro
1709 1667 1808 1689 unum
1820 1661 1930 1694 etduo,

1098 1701 1153 1730 tria
1167 1704 1245 1729 sunt.
1263 1704 1371 1738 Estque
1386 1702 1433 1730 hic
1447 1703 1697 1740 numerusimpar
1712 1704 1842 1740 primus.
1859 1707 1930 1734 Bur-

1098 1755 1148 1775 sus
1159 1755 1253 1775 unum
1263 1750 1290 1775 et
1301 1748 1366 1782 tria,
1379 1750 1447 1775 sunt
1457 1751 1586 1784 quatuor
1596 1758 1604 1784 ;
1612 1752 1716 1785 estque
1724 1749 1774 1778 hic
1781 1758 1928 1779 numerus

1097 1799 1152 1828 par
1167 1791 1327 1820 secundus.
1343 1792 1759 1830 Unumetquatuorquinque,
1772 1795 1827 1830 qui
1839 1795 1928 1823 debet

1097 1844 1162 1864 esse
1177 1836 1276 1872 impar
1290 1837 1440 1864 secundus
1455 1845 1489 1864 ex
1506 1837 1570 1873 pari
1585 1840 1613 1866 et
1628 1838 1745 1874 impare
1768 1843 1926 1868 constans.

1097 1880 1259 1909 Considera
1275 1880 1364 1915 igitur
1378 1881 1406 1908 in
1418 1882 1559 1910 omnibus
1573 1882 1654 1918 quod
1670 1883 1809 1919 sequitur
1823 1884 1928 1913 absur-

1097 1923 1179 1951 dum.
1192 1924 1221 1951 Si
1238 1924 1335 1953 unitas
1351 1925 1471 1954 alteram
1488 1926 1632 1954 unitatem
1648 1930 1785 1955 assumat
1800 1931 1830 1956 et
1855 1937 1927 1964 qua-

1097 1969 1242 1996 ternarius
1257 1969 1348 1997 alium
1362 1978 1531 2006 numerum,
1545 1971 1775 1999 etintendantur
1790 1974 1928 2001 senarius

1096 2016 1148 2041 aut
1163 2013 1318 2049 quinarius
1334 2022 1486 2048 numerus,
1502 2015 1669 2043 absurdum
1686 2015 1784 2044 fuerit.
1799 2017 1925 2049 Rursus,

1096 2057 1120 2085 si
1131 2058 1340 2094 quateruarius
1357 2059 1445 2086 uuius
1460 2059 1667 2088 remissionem
1683 2061 1842 2097 suscipiat,
1859 2063 1926 2098 qui-

1095 2103 1196 2130 narius
1208 2103 1261 2131 erit
1271 2105 1490 2140 quaternarius.
1500 2106 1600 2140 Neque
1612 2105 1691 2133 enim
1704 2105 1806 2134 unitas
1825 2108 1927 2135 remis-

1096 2147 1211 2175 sionem
1228 2148 1379 2184 suscipere
1394 2149 1512 2185 poterit.
1529 2149 1615 2181 Quod
1626 2149 1649 2177 si
1661 2149 1726 2178 ﬁeri
1741 2154 1855 2186 posset,
1865 2160 1926 2180 non

214 2195 242 2220 et
253 2193 463 2221 intensionem.
482 2195 735 2232 Quandoquidem
759 2196 783 2223 si
806 2204 950 2224 numerus
976 2197 1040 2233 ipse
1058 2194 1079 2221 D
1095 2192 1192 2220 solum
1203 2192 1368 2229 quinarius,
1384 2201 1486 2221 verum
1497 2194 1585 2222 etiam
1597 2194 1723 2230 quilibet
1735 2203 1884 2224 numerus
1896 2197 1924 2225 in

213 2237 369 2273 quinarius
397 2245 434 2266 cx
458 2242 542 2275 parte
562 2240 734 2276 quantitatis
761 2243 863 2276 posset
889 2242 1039 2278 suscipere

212 2283 430 2317 remissionem,
447 2284 552 2312 eadem
569 2285 625 2313 hac
641 2285 828 2319 remissione,
846 2294 939 2322 quam
961 2287 1039 2316 susci

211 2329 305 2364 peret,
321 2328 481 2356 minimum
496 2329 570 2366 quid
585 2329 734 2357 evaderet.
747 2332 820 2358 Nam
836 2339 870 2358 ex
895 2332 1039 2367 copulatis

209 2373 344 2400 numeris
357 2373 633 2409 quilibetnumerus
655 2374 803 2403 unitatum
823 2375 1039 2406 substractione

211 2417 311 2446 minor
325 2417 434 2455 factus,
452 2419 639 2447 evaderetex
653 2419 781 2448 ternario
806 2421 941 2450 binarius
960 2425 989 2451 et
1003 2431 1039 2451 ex

209 2462 329 2491 binario
343 2463 453 2492 unitas.
472 2463 500 2492 Si
512 2463 600 2498 igitur
614 2463 875 2500 perinteusionem
893 2467 948 2495 tria
973 2476 1039 2497 eva-

209 2506 284 2536 dant
297 2510 426 2544 quatuor
441 2510 470 2536 et
484 2508 545 2536 duo
564 2508 627 2542 tria,
645 2508 724 2537 idem
737 2510 850 2539 accidet
861 2519 986 2540 numero
1002 2521 1038 2541 ex

208 2551 256 2579 his
270 2551 390 2581 duobus
401 2552 536 2589 quinque
553 2555 666 2589 septem
682 2555 848 2591 composito
863 2565 869 2590 ;
885 2557 966 2592 qoud
993 2560 1038 2587 est

207 2596 386 2626 absurdum.
400 2597 511 2626 Eodem
523 2598 614 2627 modo
630 2607 683 2636 per
693 2599 899 2629 remissionem
910 2602 963 2630 tria
975 2602 1036 2632 duo

208 2641 371 2670 evaderent
383 2644 411 2671 et
425 2642 486 2671 duo
501 2651 615 2678 unum;
645 2645 726 2672 idem
750 2652 871 2681 quoque
890 2647 1036 2677 accideret

207 2691 334 2715 numero
346 2695 382 2715 ex
396 2687 442 2716 his
462 2687 583 2717 duobus
596 2689 730 2726 quinque
750 2689 846 2717 tribus
865 2691 1033 2728 constituto,

207 2737 275 2766 quae
285 2731 409 2768 quidem
424 2732 488 2761 fieri
499 2735 653 2769 nequeunt
668 2735 696 2761 ct
709 2735 779 2762 sunt
793 2734 935 2764 absurda.
949 2737 1035 2770 Quod

207 2772 234 2804 εί
248 2783 302 2812 pro
316 2775 408 2807 tribus
423 2780 553 2815 quatuor
563 2779 591 2807 et
602 2785 657 2814 pro
672 2776 792 2808 duobus
806 2788 909 2815 unum,
926 2782 1033 2818 quina-

1094 2237 1220 2266 nibilum
1240 2237 1452 2266 dissolveretur
1468 2246 1475 2272 ;
1491 2239 1575 2275 quod
1585 2239 1674 2267 etiam
1684 2239 1855 2269 absurdum
1868 2245 1923 2270 est.

1095 2287 1181 2320 Quod
1204 2287 1228 2315 si
1245 2287 1345 2315 unitas
1369 2287 1493 2317 alteram
1517 2288 1661 2317 unitatem
1684 2293 1836 2325 assumat,
1863 2291 1923 2320 duo

1093 2332 1166 2361 ﬁent
1183 2340 1190 2366 ς
1206 2334 1234 2361 et
1248 2333 1273 2361 si
1287 2333 1496 2369 quaternarius
1512 2333 1633 2362 unitatis
1664 2334 1922 2365 substractionem

1095 2377 1249 2414 suscipiat,
1272 2378 1394 2406 omnino
1422 2378 1569 2406 ternarius
1613 2386 1761 2407 numerus
1803 2381 1920 2409 evadet.

1093 2422 1214 2450 Constat
1233 2422 1321 2457 igitur
1330 2422 1485 2459 quinarius
1499 2431 1560 2451 non
1574 2431 1609 2451 ex
1620 2423 1733 2451 unitate
1750 2426 1780 2453 et
1805 2428 1923 2460 quater-

1093 2468 1188 2503 nario,
1203 2467 1256 2496 sed
1271 2469 1370 2504 potius
1386 2477 1421 2496 ex
1441 2468 1558 2497 binario
1582 2471 1610 2497 et
1636 2469 1768 2498 ternario
1799 2478 1806 2503 ;
1833 2471 1922 2507 idque

1093 2510 1258 2541 secundum
1269 2515 1418 2541 naturam.

1127 2559 1153 2585 2.
1168 2558 1208 2585 Ex
1228 2557 1339 2594 quibus
1362 2557 1503 2586 omnibus
1536 2557 1661 2586 efﬁcitur
1682 2557 1714 2586 in
1744 2559 1922 2595 qualitatem

1091 2602 1197 2630 cadere
1208 2602 1406 2631 intensionem
1423 2602 1674 2636 etremissionem,
1683 2603 1714 2631 in
1721 2605 1921 2639 quantitatem

1090 2655 1161 2675 vero
1174 2655 1344 2683 nunquam.
1358 2648 1459 2676 Posset
1469 2647 1559 2681 enim,
1581 2647 1606 2675 si
1621 2647 1680 2676 hoc
1705 2656 1813 2677 verum
1834 2652 1920 2682 esset,

1089 2700 1143 2728 per
1157 2692 1356 2721 iuteusionem
1369 2694 1397 2720 et
1416 2692 1627 2721 remissionem
1639 2693 1831 2729 quantitatis,
1858 2694 1920 2730 qui~

1088 2738 1192 2767 uarius
1205 2745 1269 2766 esse
1284 2737 1493 2774 quaternarius
1504 2737 1652 2766 ternarius
1668 2740 1697 2765 et
1718 2738 1914 2775 septenarius,

1090 2783 1173 2820 quod
1187 2782 1277 2819 longe
1291 2782 1545 2812 adsurdissimum
1561 2784 1613 2812 est.
1633 2782 1691 2813 Par
1710 2782 1838 2820 quidem
1862 2792 1915 2813 nu-
