  <div class='ocr_page' id='page_1' title='image "/cluster/home/n/w/nwhite01/storage/ocr_20150623/140/njp.32101010942850/722.png"; bbox 0 0 1967 3080; ppageno 0'>
   <div class='ocr_carea' id='block_1_1' title="bbox 49 134 138 161">
    <p class='ocr_par' dir='ltr' id='par_1_1' title="bbox 49 134 138 161">
     <span class='ocr_line' id='line_1_1' title="bbox 49 134 138 161; baseline 0.011 -1"><span class='ocrx_word' id='word_1_1' title='bbox 49 134 69 160; x_wconf 81' lang='grc'><strong>1</strong></span> <span class='ocrx_word' id='word_1_2' title='bbox 79 134 138 161; x_wconf 81' lang='grc'><strong>329</strong></span> 
     </span>
    </p>
   </div>
   <div class='ocr_carea' id='block_1_2' title="bbox 74 239 884 279">
    <p class='ocr_par' dir='ltr' id='par_1_2' title="bbox 74 239 884 279">
     <span class='ocr_line' id='line_1_2' title="bbox 74 239 884 279; baseline 0.002 -13"><span class='ocrx_word' id='word_1_3' title='bbox 74 239 133 266; x_wconf 79' lang='grc' dir='ltr'><strong>ἐκεῖ</strong></span> <span class='ocrx_word' id='word_1_4' title='bbox 148 239 177 267; x_wconf 64' lang='grc' dir='ltr'><strong>δὲ</strong></span> <span class='ocrx_word' id='word_1_5' title='bbox 190 242 284 276; x_wconf 65' lang='grc' dir='ltr'>ποσὸν,</span> <span class='ocrx_word' id='word_1_6' title='bbox 307 241 385 268; x_wconf 79' lang='grc' dir='ltr'>λαϐὸν</span> <span class='ocrx_word' id='word_1_7' title='bbox 405 244 497 279; x_wconf 83' lang='grc' dir='ltr'>χώραν</span> <span class='ocrx_word' id='word_1_8' title='bbox 524 241 666 274; x_wconf 74' lang='grc' dir='ltr'>ὶπιττὶσεως</span> <span class='ocrx_word' id='word_1_9' title='bbox 689 245 733 269; x_wconf 84' lang='grc' dir='ltr'>καὶ</span> <span class='ocrx_word' id='word_1_10' title='bbox 761 242 884 275; x_wconf 75' lang='grc' dir='ltr'>ἀνὲσιως,</span> 
     </span>
    </p>
   </div>
   <div class='ocr_carea' id='block_1_3' title="bbox 72 285 887 326">
    <p class='ocr_par' dir='ltr' id='par_1_3' title="bbox 72 285 887 326">
     <span class='ocr_line' id='line_1_3' title="bbox 72 285 887 326; baseline 0.002 -16"><span class='ocrx_word' id='word_1_11' title='bbox 72 285 163 311; x_wconf 81' lang='grc' dir='ltr'>πολλὰ</span> <span class='ocrx_word' id='word_1_12' title='bbox 189 287 271 323; x_wconf 72' lang='grc' dir='ltr'><strong>ἔφερεν</strong></span> <span class='ocrx_word' id='word_1_13' title='bbox 300 285 386 313; x_wconf 72' lang='grc' dir='ltr'>ἄτοπα</span> <span class='ocrx_word' id='word_1_14' title='bbox 416 296 422 303; x_wconf 88' lang='grc'><strong>·</strong></span> <span class='ocrx_word' id='word_1_15' title='bbox 449 286 556 316; x_wconf 77' lang='grc' dir='ltr'>ἐποίησε</span> <span class='ocrx_word' id='word_1_16' title='bbox 593 288 644 326; x_wconf 78' lang='grc' dir='ltr'><strong>γὰρ</strong></span> <span class='ocrx_word' id='word_1_17' title='bbox 685 289 732 317; x_wconf 80' lang='grc' dir='ltr'>τὴν</span> <span class='ocrx_word' id='word_1_18' title='bbox 769 286 887 314; x_wconf 69' lang='grc' dir='ltr'>πεντάδα</span> 
     </span>
    </p>
   </div>
   <div class='ocr_carea' id='block_1_4' title="bbox 73 328 884 370">
    <p class='ocr_par' dir='ltr' id='par_1_4' title="bbox 73 328 884 370">
     <span class='ocr_line' id='line_1_4' title="bbox 73 328 884 370; baseline 0.004 -15"><span class='ocrx_word' id='word_1_19' title='bbox 73 328 183 356; x_wconf 77' lang='grc' dir='ltr'>ἓτττάδα</span> <span class='ocrx_word' id='word_1_20' title='bbox 208 333 253 356; x_wconf 75' lang='grc' dir='ltr'>καὶ</span> <span class='ocrx_word' id='word_1_21' title='bbox 280 329 362 362; x_wconf 73' lang='grc' dir='ltr'>ἑξάδα</span> <span class='ocrx_word' id='word_1_22' title='bbox 390 333 436 358; x_wconf 84' lang='grc' dir='ltr'>καὶ</span> <span class='ocrx_word' id='word_1_23' title='bbox 465 330 590 369; x_wconf 66' lang='grc' dir='ltr'>τετράδα,</span> <span class='ocrx_word' id='word_1_24' title='bbox 620 334 665 359; x_wconf 85' lang='grc' dir='ltr'>καὶ</span> <span class='ocrx_word' id='word_1_25' title='bbox 688 330 796 370; x_wconf 76' lang='grc' dir='ltr'>τριάδα,</span> <span class='ocrx_word' id='word_1_26' title='bbox 823 333 884 369; x_wconf 79' lang='grc' dir='ltr'><strong>ὅπερ</strong></span> 
     </span>
    </p>
   </div>
   <div class='ocr_carea' id='block_1_5' title="bbox 71 375 886 413">
    <p class='ocr_par' dir='ltr' id='par_1_5' title="bbox 71 375 886 413">
     <span class='ocr_line' id='line_1_5' title="bbox 71 375 886 413; baseline 0.004 -13"><span class='ocrx_word' id='word_1_27' title='bbox 71 375 176 401; x_wconf 77' lang='grc' dir='ltr'>ἀτοπον</span> <span class='ocrx_word' id='word_1_28' title='bbox 188 377 233 401; x_wconf 87' lang='grc' dir='ltr'>καὶ</span> <span class='ocrx_word' id='word_1_29' title='bbox 249 377 411 411; x_wconf 73' lang='grc' dir='ltr'>σοφιστικὸν.</span> <span class='ocrx_word' id='word_1_30' title='bbox 435 379 517 403; x_wconf 74' lang='grc' dir='ltr'>Τοῦτο</span> <span class='ocrx_word' id='word_1_31' title='bbox 543 379 628 404; x_wconf 77' lang='grc' dir='ltr'><strong>τοίνυν</strong></span> <span class='ocrx_word' id='word_1_32' title='bbox 657 375 699 404; x_wconf 77' lang='grc' dir='ltr'><strong>δεῖ</strong></span> <span class='ocrx_word' id='word_1_33' title='bbox 722 381 786 404; x_wconf 73' lang='grc' dir='ltr'>νοεῖν</span> <span class='ocrx_word' id='word_1_34' title='bbox 816 377 886 413; x_wconf 74' lang='grc' dir='ltr'><strong>ἡμᾶς</strong></span> 
     </span>
    </p>
   </div>
   <div class='ocr_carea' id='block_1_6' title="bbox 71 419 884 458">
    <p class='ocr_par' dir='ltr' id='par_1_6' title="bbox 71 419 884 458">
     <span class='ocr_line' id='line_1_6' title="bbox 71 419 884 458; baseline 0.002 -12"><span class='ocrx_word' id='word_1_35' title='bbox 71 421 119 446; x_wconf 74' lang='grc' dir='ltr'>καὶ</span> <span class='ocrx_word' id='word_1_36' title='bbox 137 419 244 446; x_wconf 78' lang='grc' dir='ltr'><strong>ἐπὶτῶν</strong></span> <span class='ocrx_word' id='word_1_37' title='bbox 271 420 400 457; x_wconf 82' lang='grc' dir='ltr'><strong>ῥηθέντων</strong></span> <span class='ocrx_word' id='word_1_38' title='bbox 426 420 518 448; x_wconf 78' lang='grc' dir='ltr'>λευκοῦ</span> <span class='ocrx_word' id='word_1_39' title='bbox 547 424 591 448; x_wconf 76' lang='grc' dir='ltr'>καὶ</span> <span class='ocrx_word' id='word_1_40' title='bbox 613 421 718 458; x_wconf 74' lang='grc' dir='ltr'>μέλανος</span> <span class='ocrx_word' id='word_1_41' title='bbox 747 432 754 439; x_wconf 75' lang='grc' dir='ltr'><strong>ο</strong></span> <span class='ocrx_word' id='word_1_42' title='bbox 782 422 815 448; x_wconf 85' lang='grc' dir='ltr'>τὰ</span> <span class='ocrx_word' id='word_1_43' title='bbox 839 423 884 458; x_wconf 71' lang='grc' dir='ltr'><strong>μὲν</strong></span> 
     </span>
    </p>
   </div>
   <div class='ocr_carea' id='block_1_7' title="bbox 70 464 882 499">
    <p class='ocr_par' dir='ltr' id='par_1_7' title="bbox 70 464 882 499">
     <span class='ocr_line' id='line_1_7' title="bbox 70 464 882 499; baseline 0.002 -9"><span class='ocrx_word' id='word_1_44' title='bbox 70 465 143 491; x_wconf 80' lang='grc' dir='ltr'>ποιὰ</span> <span class='ocrx_word' id='word_1_45' title='bbox 168 464 343 499; x_wconf 78' lang='grc' dir='ltr'>ἁλλοιοῡνται,</span> <span class='ocrx_word' id='word_1_46' title='bbox 365 464 396 492; x_wconf 71' lang='grc' dir='ltr'><strong>δὲ</strong></span> <span class='ocrx_word' id='word_1_47' title='bbox 432 468 514 492; x_wconf 82' lang='grc' dir='ltr'>ποσὸν</span> <span class='ocrx_word' id='word_1_48' title='bbox 543 464 666 493; x_wconf 65' lang='grc' dir='ltr'><strong>οὐδέποτε</strong></span> <span class='ocrx_word' id='word_1_49' title='bbox 694 466 838 493; x_wconf 61' lang='lat' dir='ltr'><strong>annuam</strong></span> <span class='ocrx_word' id='word_1_50' title='bbox 876 485 882 492; x_wconf 90' lang='lat'><strong>.</strong></span> 
     </span>
    </p>
   </div>
   <div class='ocr_carea' id='block_1_8' title="bbox 71 507 885 555">
    <p class='ocr_par' dir='ltr' id='par_1_8' title="bbox 71 507 885 555">
     <span class='ocr_line' id='line_1_8' title="bbox 71 507 885 555; baseline 0.004 -20"><span class='ocrx_word' id='word_1_51' title='bbox 71 507 141 536; x_wconf 75' lang='grc' dir='ltr'><strong>οὖδὲ</strong></span> <span class='ocrx_word' id='word_1_52' title='bbox 152 510 202 547; x_wconf 77' lang='grc' dir='ltr'>γὰρ</span> <span class='ocrx_word' id='word_1_53' title='bbox 217 509 334 541; x_wconf 82' lang='grc' dir='ltr'><strong>ἐπίτασις</strong></span> <span class='ocrx_word' id='word_1_54' title='bbox 347 512 392 536; x_wconf 83' lang='grc' dir='ltr'>καὶ</span> <span class='ocrx_word' id='word_1_55' title='bbox 404 509 491 543; x_wconf 74' lang='grc' dir='ltr'>ἄνεσις</span> <span class='ocrx_word' id='word_1_56' title='bbox 521 510 544 537; x_wconf 80' lang='grc' dir='ltr'>ἐν</span> <span class='ocrx_word' id='word_1_57' title='bbox 568 515 652 547; x_wconf 80' lang='grc' dir='ltr'>ποσῷ,</span> <span class='ocrx_word' id='word_1_58' title='bbox 679 511 733 538; x_wconf 79' lang='grc' dir='ltr'>ἀλλ’</span> <span class='ocrx_word' id='word_1_59' title='bbox 757 515 813 538; x_wconf 69' lang='grc' dir='ltr'>ἴσον</span> <span class='ocrx_word' id='word_1_60' title='bbox 840 521 885 555; x_wconf 72' lang='grc' dir='ltr'><strong>χοιὶ</strong></span> 
     </span>
    </p>
   </div>
   <div class='ocr_carea' id='block_1_9' title="bbox 71 553 881 598">
    <p class='ocr_par' dir='ltr' id='par_1_9' title="bbox 71 553 881 598">
     <span class='ocr_line' id='line_1_9' title="bbox 71 553 881 598; baseline 0.002 -18"><span class='ocrx_word' id='word_1_61' title='bbox 71 553 181 583; x_wconf 79' lang='grc' dir='ltr'>ἄνισον.</span> <span class='ocrx_word' id='word_1_62' title='bbox 204 554 234 582; x_wconf 80' lang='grc' dir='ltr'><strong>Εἰ</strong></span> <span class='ocrx_word' id='word_1_63' title='bbox 260 556 306 591; x_wconf 72' lang='grc' dir='ltr'><strong>μὲν</strong></span> <span class='ocrx_word' id='word_1_64' title='bbox 334 558 377 581; x_wconf 81' lang='grc' dir='ltr'>οὖν</span> <span class='ocrx_word' id='word_1_65' title='bbox 407 555 454 585; x_wconf 69' lang='grc' dir='ltr'><strong>ὕλη</strong></span> <span class='ocrx_word' id='word_1_66' title='bbox 483 556 517 582; x_wconf 78' lang='grc' dir='ltr'>τὰ</span> <span class='ocrx_word' id='word_1_67' title='bbox 543 557 687 593; x_wconf 68' lang='grc' dir='ltr'>πράγματα</span> <span class='ocrx_word' id='word_1_68' title='bbox 718 553 881 598; x_wconf 32' lang='grc' dir='ltr'>θεωροῦνταιέ</span> 
     </span>
    </p>
   </div>
   <div class='ocr_carea' id='block_1_10' title="bbox 72 601 884 639">
    <p class='ocr_par' dir='ltr' id='par_1_10' title="bbox 72 601 884 639">
     <span class='ocr_line' id='line_1_10' title="bbox 72 601 884 639; baseline 0.002 -14"><span class='ocrx_word' id='word_1_69' title='bbox 72 603 134 630; x_wconf 86' lang='grc' dir='ltr'>τοῖς</span> <span class='ocrx_word' id='word_1_70' title='bbox 145 602 217 636; x_wconf 84' lang='grc' dir='ltr'>τρισὶ</span> <span class='ocrx_word' id='word_1_71' title='bbox 243 601 339 637; x_wconf 79' lang='grc' dir='ltr'><strong>πέρασι</strong></span> <span class='ocrx_word' id='word_1_72' title='bbox 363 603 409 626; x_wconf 70' lang='grc' dir='ltr'>τοῦ</span> <span class='ocrx_word' id='word_1_73' title='bbox 434 604 519 628; x_wconf 75' lang='grc' dir='ltr'>ποσοῦ</span> <span class='ocrx_word' id='word_1_74' title='bbox 541 601 734 639; x_wconf 72' lang='grc' dir='ltr'>περικλιίισθαι</span> <span class='ocrx_word' id='word_1_75' title='bbox 762 602 884 638; x_wconf 83' lang='grc' dir='ltr'>θεωροῦν-</span> 
     </span>
    </p>
   </div>
   <div class='ocr_carea' id='block_1_11' title="bbox 72 643 882 683">
    <p class='ocr_par' dir='ltr' id='par_1_11' title="bbox 72 643 882 683">
     <span class='ocr_line' id='line_1_11' title="bbox 72 643 882 683; baseline 0.004 -13"><span class='ocrx_word' id='word_1_76' title='bbox 72 655 122 671; x_wconf 82' lang='grc' dir='ltr'><strong>ται</strong></span> <span class='ocrx_word' id='word_1_77' title='bbox 152 655 159 662; x_wconf 90' lang='grc'><strong>·</strong></span> <span class='ocrx_word' id='word_1_78' title='bbox 190 645 218 671; x_wconf 69' lang='grc' dir='ltr'>οὐ</span> <span class='ocrx_word' id='word_1_79' title='bbox 243 646 293 681; x_wconf 77' lang='grc' dir='ltr'><strong>γὰρ</strong></span> <span class='ocrx_word' id='word_1_80' title='bbox 321 643 457 681; x_wconf 65' lang='grc' dir='ltr'>ἆμειφοείη</span> <span class='ocrx_word' id='word_1_81' title='bbox 485 647 513 672; x_wconf 85' lang='grc' dir='ltr'>τὸ</span> <span class='ocrx_word' id='word_1_82' title='bbox 543 651 588 673; x_wconf 72' lang='grc' dir='ltr'><strong>τοὺ</strong></span> <span class='ocrx_word' id='word_1_83' title='bbox 617 645 725 683; x_wconf 74' lang='grc' dir='ltr'>ἁλι-ὑρου</span> <span class='ocrx_word' id='word_1_84' title='bbox 755 644 882 682; x_wconf 69' lang='grc' dir='ltr'>μεδίμνου</span> 
     </span>
    </p>
   </div>
   <div class='ocr_carea' id='block_1_12' title="bbox 72 690 881 727">
    <p class='ocr_par' dir='ltr' id='par_1_12' title="bbox 72 690 881 727">
     <span class='ocr_line' id='line_1_12' title="bbox 72 690 881 727; baseline 0.002 -12"><span class='ocrx_word' id='word_1_85' title='bbox 72 690 162 716; x_wconf 82' lang='grc' dir='ltr'>ποσὸν</span> <span class='ocrx_word' id='word_1_86' title='bbox 179 691 216 720; x_wconf 74' lang='grc' dir='ltr'><strong>αἱς</strong></span> <span class='ocrx_word' id='word_1_87' title='bbox 226 690 255 715; x_wconf 83' lang='grc' dir='ltr'>τὸ</span> <span class='ocrx_word' id='word_1_88' title='bbox 271 693 318 720; x_wconf 78' lang='grc' dir='ltr'>τῆς</span> <span class='ocrx_word' id='word_1_89' title='bbox 338 692 434 720; x_wconf 77' lang='grc' dir='ltr'><strong>σηπίας</strong></span> <span class='ocrx_word' id='word_1_90' title='bbox 456 691 556 718; x_wconf 79' lang='grc' dir='ltr'><strong>κυάθου</strong></span> <span class='ocrx_word' id='word_1_91' title='bbox 580 691 658 727; x_wconf 80' lang='grc' dir='ltr'>μέλαν</span> <span class='ocrx_word' id='word_1_92' title='bbox 687 692 778 722; x_wconf 77' lang='grc' dir='ltr'>ποσὸν,</span> <span class='ocrx_word' id='word_1_93' title='bbox 805 690 881 727; x_wconf 78' lang='grc' dir='ltr'><strong>ἆμει-</strong></span> 
     </span>
    </p>
   </div>
   <div class='ocr_carea' id='block_1_13' title="bbox 71 732 879 772">
    <p class='ocr_par' dir='ltr' id='par_1_13' title="bbox 71 732 879 772">
     <span class='ocr_line' id='line_1_13' title="bbox 71 732 879 772; baseline 0.004 -13"><span class='ocrx_word' id='word_1_94' title='bbox 71 733 122 769; x_wconf 78' lang='grc' dir='ltr'><strong>ψις</strong></span> <span class='ocrx_word' id='word_1_95' title='bbox 136 732 163 759; x_wconf 79' lang='grc' dir='ltr'><strong>δ’</strong></span> <span class='ocrx_word' id='word_1_96' title='bbox 179 733 276 770; x_wconf 70' lang='grc' dir='ltr'>ἐγένετο</span> <span class='ocrx_word' id='word_1_97' title='bbox 288 734 396 767; x_wconf 71' lang='grc' dir='ltr'>τούτων,</span> <span class='ocrx_word' id='word_1_98' title='bbox 417 737 461 762; x_wconf 83' lang='grc' dir='ltr'>καὶ</span> <span class='ocrx_word' id='word_1_99' title='bbox 484 739 515 772; x_wconf 82' lang='grc' dir='ltr'>τῇ</span> <span class='ocrx_word' id='word_1_100' title='bbox 545 735 650 772; x_wconf 77' lang='grc' dir='ltr'><strong>ἀμείψει</strong></span> <span class='ocrx_word' id='word_1_101' title='bbox 666 735 759 765; x_wconf 80' lang='grc' dir='ltr'>συνέϐη</span> <span class='ocrx_word' id='word_1_102' title='bbox 779 736 879 772; x_wconf 73' lang='grc' dir='ltr'>ὕφεσις.</span> 
     </span>
    </p>
   </div>
   <div class='ocr_carea' id='block_1_14' title="bbox 71 776 880 817">
    <p class='ocr_par' dir='ltr' id='par_1_14' title="bbox 71 776 880 817">
     <span class='ocr_line' id='line_1_14' title="bbox 71 776 880 817; baseline 0.002 -13"><span class='ocrx_word' id='word_1_103' title='bbox 71 778 98 805; x_wconf 76' lang='grc' dir='ltr'>ἐν</span> <span class='ocrx_word' id='word_1_104' title='bbox 113 778 178 815; x_wconf 71' lang='grc' dir='ltr'>ἦλλῃ</span> <span class='ocrx_word' id='word_1_105' title='bbox 205 776 234 805; x_wconf 64' lang='grc' dir='ltr'><strong>δὲ</strong></span> <span class='ocrx_word' id='word_1_106' title='bbox 259 780 373 808; x_wconf 65' lang='grc' dir='ltr'><strong>ποιόν-ηπ</strong></span> <span class='ocrx_word' id='word_1_107' title='bbox 390 781 494 810; x_wconf 78' lang='grc' dir='ltr'>ποίότης</span> <span class='ocrx_word' id='word_1_108' title='bbox 523 779 648 807; x_wconf 75' lang='grc' dir='ltr'>ἑνωοεῐσα</span> <span class='ocrx_word' id='word_1_109' title='bbox 675 780 749 817; x_wconf 78' lang='grc' dir='ltr'>ἑτέρα</span> <span class='ocrx_word' id='word_1_110' title='bbox 772 782 880 809; x_wconf 77' lang='grc' dir='ltr'>ποιήσει</span> 
     </span>
    </p>
   </div>
   <div class='ocr_carea' id='block_1_15' title="bbox 70 822 882 861">
    <p class='ocr_par' dir='ltr' id='par_1_15' title="bbox 70 822 882 861">
     <span class='ocr_line' id='line_1_15' title="bbox 70 822 882 861; baseline 0.001 -11"><span class='ocrx_word' id='word_1_111' title='bbox 70 823 209 857; x_wconf 69' lang='grc' dir='ltr'>ἐπίτασιν,</span> <span class='ocrx_word' id='word_1_112' title='bbox 224 823 276 850; x_wconf 83' lang='grc' dir='ltr'>οἷον</span> <span class='ocrx_word' id='word_1_113' title='bbox 296 822 415 860; x_wconf 83' lang='grc' dir='ltr'>ἀρτιοςὸ</span> <span class='ocrx_word' id='word_1_114' title='bbox 441 826 570 861; x_wconf 69' lang='grc' dir='ltr'>τέσσαρα,</span> <span class='ocrx_word' id='word_1_115' title='bbox 603 824 647 851; x_wconf 87' lang='grc' dir='ltr'><strong>καί</strong></span> <span class='ocrx_word' id='word_1_116' title='bbox 671 825 684 850; x_wconf 98' lang='lat'><strong>6</strong></span> <span class='ocrx_word' id='word_1_117' title='bbox 709 822 768 858; x_wconf 74' lang='grc' dir='ltr'>δυο,</span> <span class='ocrx_word' id='word_1_118' title='bbox 793 827 838 851; x_wconf 85' lang='grc' dir='ltr'>καὶ</span> <span class='ocrx_word' id='word_1_119' title='bbox 867 827 882 852; x_wconf 83' lang='grc' dir='ltr'><em>ὅ</em></span> 
     </span>
    </p>
   </div>
   <div class='ocr_carea' id='block_1_16' title="bbox 69 866 878 906">
    <p class='ocr_par' dir='ltr' id='par_1_16' title="bbox 69 866 878 906">
     <span class='ocr_line' id='line_1_16' title="bbox 69 866 878 906; baseline 0.001 -12"><span class='ocrx_word' id='word_1_120' title='bbox 69 870 120 904; x_wconf 73' lang='grc' dir='ltr'><strong>μὲν</strong></span> <span class='ocrx_word' id='word_1_121' title='bbox 142 868 277 905; x_wconf 79' lang='grc' dir='ltr'>ἱσομερὴς,</span> <span class='ocrx_word' id='word_1_122' title='bbox 303 868 316 894; x_wconf 87' lang='grc' dir='ltr'><strong><em>ὁ</em></strong></span> <span class='ocrx_word' id='word_1_123' title='bbox 341 866 372 895; x_wconf 72' lang='grc' dir='ltr'><strong>δὲ</strong></span> <span class='ocrx_word' id='word_1_124' title='bbox 400 871 547 906; x_wconf 79' lang='grc' dir='ltr'>προμήκης.</span> <span class='ocrx_word' id='word_1_125' title='bbox 577 869 682 897; x_wconf 60' lang='lat' dir='ltr'><strong>&quot;lt-utam.</strong></span> <span class='ocrx_word' id='word_1_126' title='bbox 707 873 770 905; x_wconf 70' lang='grc' dir='ltr'>γοῦν</span> <span class='ocrx_word' id='word_1_127' title='bbox 792 872 836 896; x_wconf 85' lang='grc' dir='ltr'>καὶ</span> <span class='ocrx_word' id='word_1_128' title='bbox 857 869 878 896; x_wconf 76' lang='grc' dir='ltr'><strong>εἰ</strong></span> 
     </span>
    </p>
   </div>
   <div class='ocr_carea' id='block_1_17' title="bbox 67 911 875 951">
    <p class='ocr_par' dir='ltr' id='par_1_17' title="bbox 67 911 875 951">
     <span class='ocr_line' id='line_1_17' title="bbox 67 911 875 951; baseline 0.001 -12"><span class='ocrx_word' id='word_1_129' title='bbox 67 912 213 945; x_wconf 77' lang='grc' dir='ltr'>ἐνωθώσιν,</span> <span class='ocrx_word' id='word_1_130' title='bbox 227 911 333 943; x_wconf 82' lang='grc' dir='ltr'>ἀλλοίως</span> <span class='ocrx_word' id='word_1_131' title='bbox 344 918 453 948; x_wconf 70' lang='grc' dir='ltr'>γεννῶσι</span> <span class='ocrx_word' id='word_1_132' title='bbox 465 915 537 940; x_wconf 84' lang='grc' dir='ltr'>καὶὸ</span> <span class='ocrx_word' id='word_1_133' title='bbox 564 912 613 940; x_wconf 81' lang='grc' dir='ltr'><strong>δύο</strong></span> <span class='ocrx_word' id='word_1_134' title='bbox 639 916 684 940; x_wconf 85' lang='grc' dir='ltr'>καὶ</span> <span class='ocrx_word' id='word_1_135' title='bbox 711 914 723 940; x_wconf 88' lang='lat'><strong>6</strong></span> <span class='ocrx_word' id='word_1_136' title='bbox 750 915 875 951; x_wconf 82' lang='grc' dir='ltr'>τέσσαρα,</span> 
     </span>
    </p>
   </div>
   <div class='ocr_carea' id='block_1_18' title="bbox 65 957 876 996">
    <p class='ocr_par' dir='ltr' id='par_1_18' title="bbox 65 957 876 996">
     <span class='ocr_line' id='line_1_18' title="bbox 65 957 876 996; baseline 0.002 -12"><span class='ocrx_word' id='word_1_137' title='bbox 65 960 117 984; x_wconf 82' lang='grc' dir='ltr'>καὶ</span> <span class='ocrx_word' id='word_1_138' title='bbox 129 957 241 994; x_wconf 69' lang='grc' dir='ltr'><strong>ὰμειφθῇ</strong></span> <span class='ocrx_word' id='word_1_139' title='bbox 265 958 310 993; x_wconf 71' lang='grc' dir='ltr'><strong>μὲν</strong></span> <span class='ocrx_word' id='word_1_140' title='bbox 345 958 357 983; x_wconf 86' lang='grc' dir='ltr'><strong>ὀ</strong></span> <span class='ocrx_word' id='word_1_141' title='bbox 387 958 511 995; x_wconf 80' lang='grc' dir='ltr'>ὶσομερὴς</span> <span class='ocrx_word' id='word_1_142' title='bbox 534 959 569 991; x_wconf 83' lang='grc' dir='ltr'>ιὶς</span> <span class='ocrx_word' id='word_1_143' title='bbox 598 960 640 985; x_wconf 80' lang='grc' dir='ltr'>τὸν</span> <span class='ocrx_word' id='word_1_144' title='bbox 667 961 802 996; x_wconf 77' lang='grc' dir='ltr'><strong>προμήκη,</strong></span> <span class='ocrx_word' id='word_1_145' title='bbox 832 961 876 986; x_wconf 80' lang='grc' dir='ltr'>καὶ</span> 
     </span>
    </p>
   </div>
   <div class='ocr_carea' id='block_1_19' title="bbox 65 1002 876 1041">
    <p class='ocr_par' dir='ltr' id='par_1_19' title="bbox 65 1002 876 1041">
     <span class='ocr_line' id='line_1_19' title="bbox 65 1002 876 1041; baseline 0 -12"><span class='ocrx_word' id='word_1_146' title='bbox 65 1003 139 1029; x_wconf 79' lang='grc' dir='ltr'>κατὰ</span> <span class='ocrx_word' id='word_1_147' title='bbox 159 1003 203 1038; x_wconf 62' lang='grc' dir='ltr'><strong>μὲν</strong></span> <span class='ocrx_word' id='word_1_148' title='bbox 216 1006 290 1029; x_wconf 84' lang='grc' dir='ltr'>τοῦτο</span> <span class='ocrx_word' id='word_1_149' title='bbox 322 1002 424 1034; x_wconf 82' lang='grc' dir='ltr'>ἀλλοῖος</span> <span class='ocrx_word' id='word_1_150' title='bbox 446 1006 594 1039; x_wconf 77' lang='grc' dir='ltr'>γενήσεται,</span> <span class='ocrx_word' id='word_1_151' title='bbox 623 1006 762 1041; x_wconf 79' lang='grc' dir='ltr'><strong>προμήκης</strong></span> <span class='ocrx_word' id='word_1_152' title='bbox 786 1004 836 1040; x_wconf 76' lang='grc' dir='ltr'>γὰρ</span> <span class='ocrx_word' id='word_1_153' title='bbox 869 1013 876 1020; x_wconf 88' lang='grc'><strong>·</strong></span> 
     </span>
    </p>
   </div>
   <div class='ocr_carea' id='block_1_20' title="bbox 64 1045 874 1085">
    <p class='ocr_par' dir='ltr' id='par_1_20' title="bbox 64 1045 874 1085">
     <span class='ocr_line' id='line_1_20' title="bbox 64 1045 874 1085; baseline 0 -11"><span class='ocrx_word' id='word_1_154' title='bbox 64 1048 138 1074; x_wconf 72' lang='grc' dir='ltr'>κατὰ</span> <span class='ocrx_word' id='word_1_155' title='bbox 154 1045 184 1074; x_wconf 71' lang='grc' dir='ltr'><strong>δὲ</strong></span> <span class='ocrx_word' id='word_1_156' title='bbox 198 1049 228 1074; x_wconf 76' lang='grc' dir='ltr'>τὸ</span> <span class='ocrx_word' id='word_1_157' title='bbox 259 1047 359 1084; x_wconf 81' lang='grc' dir='ltr'><strong>ἄρτιον⁷</strong></span> <span class='ocrx_word' id='word_1_158' title='bbox 390 1047 443 1074; x_wconf 67' lang='grc' dir='ltr'>οὔτ’</span> <span class='ocrx_word' id='word_1_159' title='bbox 467 1047 542 1080; x_wconf 82' lang='grc' dir='ltr'>ἀλλος</span> <span class='ocrx_word' id='word_1_160' title='bbox 566 1050 625 1075; x_wconf 72' lang='grc' dir='ltr'>οὔτε</span> <span class='ocrx_word' id='word_1_161' title='bbox 650 1047 748 1078; x_wconf 77' lang='grc' dir='ltr'>ἀλλοῖος</span> <span class='ocrx_word' id='word_1_162' title='bbox 787 1048 874 1085; x_wconf 76' lang='grc' dir='ltr'>ἄρτιοι</span> 
     </span>
    </p>
   </div>
   <div class='ocr_carea' id='block_1_21' title="bbox 65 1093 874 1129">
    <p class='ocr_par' dir='ltr' id='par_1_21' title="bbox 65 1093 874 1129">
     <span class='ocr_line' id='line_1_21' title="bbox 65 1093 874 1129; baseline 0.001 -11"><span class='ocrx_word' id='word_1_163' title='bbox 65 1094 122 1129; x_wconf 72' lang='grc' dir='ltr'><strong>γὰρ</strong></span> <span class='ocrx_word' id='word_1_164' title='bbox 137 1095 183 1120; x_wconf 80' lang='grc' dir='ltr'>καὶ</span> <span class='ocrx_word' id='word_1_165' title='bbox 198 1094 222 1119; x_wconf 84' lang='grc' dir='ltr'>οἱ</span> <span class='ocrx_word' id='word_1_166' title='bbox 239 1093 400 1123; x_wconf 71' lang='grc' dir='ltr'><strong>συνελθόντες</strong></span> <span class='ocrx_word' id='word_1_167' title='bbox 416 1095 461 1119; x_wconf 83' lang='grc' dir='ltr'>καὶ</span> <span class='ocrx_word' id='word_1_168' title='bbox 482 1094 494 1119; x_wconf 88' lang='lat'><strong>6</strong></span> <span class='ocrx_word' id='word_1_169' title='bbox 517 1093 543 1125; x_wconf 75' lang='grc' dir='ltr'><em>ἐξ</em></span> <span class='ocrx_word' id='word_1_170' title='bbox 562 1095 656 1127; x_wconf 76' lang='grc' dir='ltr'>αὐτῶν,</span> <span class='ocrx_word' id='word_1_171' title='bbox 684 1094 751 1119; x_wconf 79' lang='grc' dir='ltr'>ὥστε</span> <span class='ocrx_word' id='word_1_172' title='bbox 776 1095 804 1119; x_wconf 78' lang='grc' dir='ltr'>τὸ</span> <span class='ocrx_word' id='word_1_173' title='bbox 829 1095 874 1129; x_wconf 69' lang='grc' dir='ltr'><strong>μὲν</strong></span> 
     </span>
    </p>
   </div>
   <div class='ocr_carea' id='block_1_22' title="bbox 67 1136 874 1172">
    <p class='ocr_par' dir='ltr' id='par_1_22' title="bbox 67 1136 874 1172">
     <span class='ocr_line' id='line_1_22' title="bbox 67 1136 874 1172; baseline 0.002 -9"><span class='ocrx_word' id='word_1_174' title='bbox 67 1146 145 1164; x_wconf 78' lang='grc' dir='ltr'>ποιον</span> <span class='ocrx_word' id='word_1_175' title='bbox 174 1140 218 1164; x_wconf 84' lang='grc' dir='ltr'>καὶ</span> <span class='ocrx_word' id='word_1_176' title='bbox 245 1138 372 1167; x_wconf 79' lang='grc' dir='ltr'><strong>ἠλλοιώθη</strong></span> <span class='ocrx_word' id='word_1_177' title='bbox 404 1136 493 1164; x_wconf 71' lang='grc' dir='ltr'>ἐνθαδί</span> <span class='ocrx_word' id='word_1_178' title='bbox 519 1140 563 1164; x_wconf 76' lang='grc' dir='ltr'>καὶ</span> <span class='ocrx_word' id='word_1_179' title='bbox 587 1138 705 1164; x_wconf 80' lang='grc' dir='ltr'>ἐπίτασιν</span> <span class='ocrx_word' id='word_1_180' title='bbox 733 1137 816 1172; x_wconf 69' lang='grc' dir='ltr'>ἔλαϐε,</span> <span class='ocrx_word' id='word_1_181' title='bbox 845 1139 874 1165; x_wconf 84' lang='grc' dir='ltr'>τό</span> 
     </span>
    </p>
   </div>
   <div class='ocr_carea' id='block_1_23' title="bbox 70 1180 874 1218">
    <p class='ocr_par' dir='ltr' id='par_1_23' title="bbox 70 1180 874 1218">
     <span class='ocr_line' id='line_1_23' title="bbox 70 1180 874 1218; baseline 0 -10"><span class='ocrx_word' id='word_1_182' title='bbox 70 1180 101 1208; x_wconf 72' lang='grc' dir='ltr'><strong>δὲ</strong></span> <span class='ocrx_word' id='word_1_183' title='bbox 115 1183 198 1208; x_wconf 80' lang='grc' dir='ltr'>ποσὸν</span> <span class='ocrx_word' id='word_1_184' title='bbox 212 1182 259 1208; x_wconf 67' lang='grc' dir='ltr'><strong>οὐχ</strong></span> <span class='ocrx_word' id='word_1_185' title='bbox 274 1182 402 1211; x_wconf 67' lang='grc' dir='ltr'>ἠλλοιώθη</span> <span class='ocrx_word' id='word_1_186' title='bbox 416 1193 422 1198; x_wconf 89' lang='grc'><strong>·</strong></span> <span class='ocrx_word' id='word_1_187' title='bbox 443 1183 535 1214; x_wconf 63' lang='grc' dir='ltr'>πάντες</span> <span class='ocrx_word' id='word_1_188' title='bbox 550 1184 600 1218; x_wconf 73' lang='grc' dir='ltr'><strong>γὰρ</strong></span> <span class='ocrx_word' id='word_1_189' title='bbox 621 1184 649 1208; x_wconf 85' lang='grc' dir='ltr'>τὸ</span> <span class='ocrx_word' id='word_1_190' title='bbox 673 1182 766 1208; x_wconf 77' lang='grc' dir='ltr'>οἰκεῖον</span> <span class='ocrx_word' id='word_1_191' title='bbox 793 1184 874 1208; x_wconf 82' lang='grc' dir='ltr'>ποσὸν</span> 
     </span>
    </p>
   </div>
   <div class='ocr_carea' id='block_1_24' title="bbox 69 1225 872 1264">
    <p class='ocr_par' dir='ltr' id='par_1_24' title="bbox 69 1225 872 1264">
     <span class='ocr_line' id='line_1_24' title="bbox 69 1225 872 1264; baseline -0.002 -10"><span class='ocrx_word' id='word_1_192' title='bbox 69 1227 264 1263; x_wconf 70' lang='grc' dir='ltr'>παρεφύλαξαν,</span> <span class='ocrx_word' id='word_1_193' title='bbox 281 1227 293 1252; x_wconf 74' lang='grc' dir='ltr'><strong><em>ὁ</em></strong></span> <span class='ocrx_word' id='word_1_194' title='bbox 310 1225 359 1254; x_wconf 77' lang='grc' dir='ltr'><strong>δύο</strong></span> <span class='ocrx_word' id='word_1_195' title='bbox 371 1228 400 1253; x_wconf 80' lang='grc' dir='ltr'>τὸ</span> <span class='ocrx_word' id='word_1_196' title='bbox 421 1225 479 1260; x_wconf 72' lang='grc' dir='ltr'><strong>δὺο,</strong></span> <span class='ocrx_word' id='word_1_197' title='bbox 505 1227 518 1253; x_wconf 86' lang='grc' dir='ltr'>ὁ</span> <span class='ocrx_word' id='word_1_198' title='bbox 549 1229 667 1264; x_wconf 72' lang='grc' dir='ltr'>τέσσαρα</span> <span class='ocrx_word' id='word_1_199' title='bbox 691 1229 720 1253; x_wconf 77' lang='grc' dir='ltr'>τὸ</span> <span class='ocrx_word' id='word_1_200' title='bbox 746 1228 872 1264; x_wconf 74' lang='grc' dir='ltr'>τέσσαρα,</span> 
     </span>
    </p>
   </div>
   <div class='ocr_carea' id='block_1_25' title="bbox 69 1270 874 1305">
    <p class='ocr_par' dir='ltr' id='par_1_25' title="bbox 69 1270 874 1305">
     <span class='ocr_line' id='line_1_25' title="bbox 69 1270 874 1305; baseline 0 -7"><span class='ocrx_word' id='word_1_201' title='bbox 69 1274 117 1298; x_wconf 74' lang='grc' dir='ltr'>καὶ</span> <span class='ocrx_word' id='word_1_202' title='bbox 139 1271 153 1298; x_wconf 82' lang='lat'><strong>6</strong></span> <span class='ocrx_word' id='word_1_203' title='bbox 178 1271 204 1303; x_wconf 79' lang='grc' dir='ltr'><em>ἔξ</em></span> <span class='ocrx_word' id='word_1_204' title='bbox 231 1273 261 1298; x_wconf 87' lang='grc' dir='ltr'>τὸ</span> <span class='ocrx_word' id='word_1_205' title='bbox 285 1271 311 1303; x_wconf 85' lang='grc' dir='ltr'><strong>ἓξ</strong></span> <span class='ocrx_word' id='word_1_206' title='bbox 339 1270 413 1305; x_wconf 70' lang='grc' dir='ltr'>εἶναι,</span> <span class='ocrx_word' id='word_1_207' title='bbox 442 1273 470 1298; x_wconf 86' lang='grc' dir='ltr'>τὸ</span> <span class='ocrx_word' id='word_1_208' title='bbox 501 1270 530 1298; x_wconf 68' lang='grc' dir='ltr'><strong>δὲ</strong></span> <span class='ocrx_word' id='word_1_209' title='bbox 558 1273 631 1298; x_wconf 73' lang='grc' dir='ltr'>ποιὸν</span> <span class='ocrx_word' id='word_1_210' title='bbox 666 1271 792 1301; x_wconf 80' lang='grc' dir='ltr'>ἠλλοιώθη</span> <span class='ocrx_word' id='word_1_211' title='bbox 829 1274 874 1299; x_wconf 79' lang='grc' dir='ltr'>καὶ</span> 
     </span>
    </p>
   </div>
   <div class='ocr_carea' id='block_1_26' title="bbox 53 1373 882 1411">
    <p class='ocr_par' dir='ltr' id='par_1_26' title="bbox 53 1373 882 1411">
     <span class='ocr_line' id='line_1_26' title="bbox 53 1373 882 1411; baseline -0.002 -9"><span class='ocrx_word' id='word_1_212' title='bbox 53 1381 158 1402; x_wconf 91' lang='lat' dir='ltr'><strong>merus</strong></span> <span class='ocrx_word' id='word_1_213' title='bbox 173 1381 244 1402; x_wconf 88' lang='lat' dir='ltr'><strong>cum</strong></span> <span class='ocrx_word' id='word_1_214' title='bbox 266 1373 376 1410; x_wconf 85' lang='lat' dir='ltr'><strong>impari</strong></span> <span class='ocrx_word' id='word_1_215' title='bbox 399 1374 584 1411; x_wconf 88' lang='lat' dir='ltr'><strong>compositus</strong></span> <span class='ocrx_word' id='word_1_216' title='bbox 600 1373 700 1409; x_wconf 65' lang='lat' dir='ltr'><strong>nihil;</strong></span> <span class='ocrx_word' id='word_1_217' title='bbox 709 1373 882 1401; x_wconf 84' lang='lat' dir='ltr'><strong>inusitatum</strong></span> 
     </span>
    </p>
   </div>
   <div class='ocr_carea' id='block_1_27' title="bbox 51 1417 881 1455">
    <p class='ocr_par' dir='ltr' id='par_1_27' title="bbox 51 1417 881 1455">
     <span class='ocr_line' id='line_1_27' title="bbox 51 1417 881 1455; baseline -0.001 -9"><span class='ocrx_word' id='word_1_218' title='bbox 51 1418 216 1447; x_wconf 74' lang='lat' dir='ltr'><strong>constituit.</strong></span> <span class='ocrx_word' id='word_1_219' title='bbox 236 1418 282 1447; x_wconf 91' lang='lat' dir='ltr'><strong>Sic</strong></span> <span class='ocrx_word' id='word_1_220' title='bbox 293 1418 374 1447; x_wconf 89' lang='lat' dir='ltr'><strong>enim</strong></span> <span class='ocrx_word' id='word_1_221' title='bbox 386 1418 448 1447; x_wconf 91' lang='lat' dir='ltr'><strong>duo</strong></span> <span class='ocrx_word' id='word_1_222' title='bbox 462 1421 531 1446; x_wconf 84' lang='lat' dir='ltr'><strong>sunt</strong></span> <span class='ocrx_word' id='word_1_223' title='bbox 545 1426 665 1455; x_wconf 86' lang='lat' dir='ltr'><strong>semper</strong></span> <span class='ocrx_word' id='word_1_224' title='bbox 678 1418 739 1446; x_wconf 86' lang='lat' dir='ltr'><strong>duo</strong></span> <span class='ocrx_word' id='word_1_225' title='bbox 753 1427 759 1452; x_wconf 84' lang='lat'><strong>;</strong></span> <span class='ocrx_word' id='word_1_226' title='bbox 776 1419 805 1446; x_wconf 90' lang='lat' dir='ltr'><strong>et</strong></span> <span class='ocrx_word' id='word_1_227' title='bbox 815 1417 881 1451; x_wconf 89' lang='lat' dir='ltr'><strong>tria,</strong></span> 
     </span>
    </p>
   </div>
   <div class='ocr_carea' id='block_1_28' title="bbox 50 1462 880 1500">
    <p class='ocr_par' dir='ltr' id='par_1_28' title="bbox 50 1462 880 1500">
     <span class='ocr_line' id='line_1_28' title="bbox 50 1462 880 1500; baseline -0.002 -8"><span class='ocrx_word' id='word_1_228' title='bbox 50 1464 108 1492; x_wconf 86' lang='lat' dir='ltr'><strong>tria</strong></span> <span class='ocrx_word' id='word_1_229' title='bbox 125 1473 132 1497; x_wconf 88' lang='lat'><strong>;</strong></span> <span class='ocrx_word' id='word_1_230' title='bbox 147 1463 282 1500; x_wconf 82' lang='lat' dir='ltr'><strong>quodest</strong></span> <span class='ocrx_word' id='word_1_231' title='bbox 292 1463 467 1500; x_wconf 75' lang='lat' dir='ltr'><strong>quantitatis</strong></span> <span class='ocrx_word' id='word_1_232' title='bbox 477 1464 720 1500; x_wconf 81' lang='lat' dir='ltr'><strong>proprium.Nam</strong></span> <span class='ocrx_word' id='word_1_233' title='bbox 732 1462 763 1490; x_wconf 90' lang='lat' dir='ltr'><strong>hi</strong></span> <span class='ocrx_word' id='word_1_234' title='bbox 773 1469 880 1490; x_wconf 90' lang='lat' dir='ltr'><strong>nume-</strong></span> 
     </span>
    </p>
   </div>
   <div class='ocr_carea' id='block_1_29' title="bbox 48 1503 915 1545">
    <p class='ocr_par' dir='ltr' id='par_1_29' title="bbox 48 1503 915 1545">
     <span class='ocr_line' id='line_1_29' title="bbox 48 1503 915 1545; baseline -0.003 -8"><span class='ocrx_word' id='word_1_235' title='bbox 48 1508 434 1545; x_wconf 84' lang='lat' dir='ltr'><strong>ripermanseruutetiamsi</strong></span> <span class='ocrx_word' id='word_1_236' title='bbox 442 1508 641 1544; x_wconf 61' lang='lat' dir='ltr'><strong>aequalitatem</strong></span> <span class='ocrx_word' id='word_1_237' title='bbox 661 1506 879 1543; x_wconf 67' lang='lat' dir='ltr'><strong>etinmqualita-</strong></span> <span class='ocrx_word' id='word_1_238' title='bbox 896 1503 915 1530; x_wconf 91' lang='lat' dir='ltr'>C</span> 
     </span>
    </p>
   </div>
   <div class='ocr_carea' id='block_1_30' title="bbox 48 1551 880 1590">
    <p class='ocr_par' dir='ltr' id='par_1_30' title="bbox 48 1551 880 1590">
     <span class='ocr_line' id='line_1_30' title="bbox 48 1551 880 1590; baseline -0.002 -8"><span class='ocrx_word' id='word_1_239' title='bbox 48 1556 111 1582; x_wconf 90' lang='lat' dir='ltr'><strong>tem</strong></span> <span class='ocrx_word' id='word_1_240' title='bbox 129 1553 326 1590; x_wconf 80' lang='lat' dir='ltr'><strong>susceperint.</strong></span> <span class='ocrx_word' id='word_1_241' title='bbox 347 1553 405 1582; x_wconf 90' lang='lat' dir='ltr'><strong>Sed</strong></span> <span class='ocrx_word' id='word_1_242' title='bbox 420 1561 488 1581; x_wconf 89' lang='lat' dir='ltr'><strong>cum</strong></span> <span class='ocrx_word' id='word_1_243' title='bbox 505 1553 634 1590; x_wconf 77' lang='lat' dir='ltr'><strong>qualitas</strong></span> <span class='ocrx_word' id='word_1_244' title='bbox 648 1561 718 1580; x_wconf 85' lang='lat' dir='ltr'><strong>cum</strong></span> <span class='ocrx_word' id='word_1_245' title='bbox 738 1551 880 1589; x_wconf 73' lang='lat' dir='ltr'><strong>qualitate</strong></span> 
     </span>
    </p>
   </div>
   <div class='ocr_carea' id='block_1_31' title="bbox 49 1597 880 1634">
    <p class='ocr_par' dir='ltr' id='par_1_31' title="bbox 49 1597 880 1634">
     <span class='ocr_line' id='line_1_31' title="bbox 49 1597 880 1634; baseline -0.004 -7"><span class='ocrx_word' id='word_1_246' title='bbox 49 1599 222 1634; x_wconf 85' lang='lat' dir='ltr'><strong>copulatur,</strong></span> <span class='ocrx_word' id='word_1_247' title='bbox 235 1597 347 1625; x_wconf 84' lang='lat' dir='ltr'><strong>exsistit</strong></span> <span class='ocrx_word' id='word_1_248' title='bbox 375 1597 467 1626; x_wconf 86' lang='lat' dir='ltr'><strong>altera</strong></span> <span class='ocrx_word' id='word_1_249' title='bbox 502 1598 591 1625; x_wconf 87' lang='lat' dir='ltr'><strong>mista</strong></span> <span class='ocrx_word' id='word_1_250' title='bbox 616 1597 755 1634; x_wconf 78' lang='lat' dir='ltr'><strong>qualitas.</strong></span> <span class='ocrx_word' id='word_1_251' title='bbox 781 1598 880 1633; x_wconf 83' lang='lat' dir='ltr'><strong>Neque</strong></span> 
     </span>
    </p>
   </div>
   <div class='ocr_carea' id='block_1_32' title="bbox 48 1642 880 1679">
    <p class='ocr_par' dir='ltr' id='par_1_32' title="bbox 48 1642 880 1679">
     <span class='ocr_line' id='line_1_32' title="bbox 48 1642 880 1679; baseline -0.002 -8"><span class='ocrx_word' id='word_1_252' title='bbox 48 1643 131 1671; x_wconf 90' lang='lat' dir='ltr'><strong>enim</strong></span> <span class='ocrx_word' id='word_1_253' title='bbox 148 1650 204 1679; x_wconf 88' lang='lat' dir='ltr'><strong>par</strong></span> <span class='ocrx_word' id='word_1_254' title='bbox 228 1649 371 1670; x_wconf 86' lang='lat' dir='ltr'><strong>numerus</strong></span> <span class='ocrx_word' id='word_1_255' title='bbox 385 1643 468 1670; x_wconf 89' lang='lat' dir='ltr'><strong>omni</strong></span> <span class='ocrx_word' id='word_1_256' title='bbox 482 1650 518 1670; x_wconf 79' lang='lat' dir='ltr'><strong>ex</strong></span> <span class='ocrx_word' id='word_1_257' title='bbox 537 1644 620 1679; x_wconf 89' lang='lat' dir='ltr'><strong>parte</strong></span> <span class='ocrx_word' id='word_1_258' title='bbox 648 1642 761 1670; x_wconf 80' lang='lat' dir='ltr'><strong>exsistit</strong></span> <span class='ocrx_word' id='word_1_259' title='bbox 782 1650 880 1678; x_wconf 88' lang='lat' dir='ltr'><strong>neque</strong></span> 
     </span>
    </p>
   </div>
   <div class='ocr_carea' id='block_1_33' title="bbox 49 1687 880 1724">
    <p class='ocr_par' dir='ltr' id='par_1_33' title="bbox 49 1687 880 1724">
     <span class='ocr_line' id='line_1_33' title="bbox 49 1687 880 1724; baseline -0.002 -8"><span class='ocrx_word' id='word_1_260' title='bbox 49 1688 153 1724; x_wconf 83' lang='lat' dir='ltr'><strong>impar</strong></span> <span class='ocrx_word' id='word_1_261' title='bbox 171 1687 223 1723; x_wconf 88' lang='lat' dir='ltr'><strong>qui</strong></span> <span class='ocrx_word' id='word_1_262' title='bbox 238 1695 298 1715; x_wconf 92' lang='lat' dir='ltr'><strong>non</strong></span> <span class='ocrx_word' id='word_1_263' title='bbox 309 1687 399 1715; x_wconf 88' lang='lat' dir='ltr'><strong>etiam</strong></span> <span class='ocrx_word' id='word_1_264' title='bbox 417 1687 518 1724; x_wconf 89' lang='lat' dir='ltr'><strong>aliqua</strong></span> <span class='ocrx_word' id='word_1_265' title='bbox 531 1695 567 1715; x_wconf 91' lang='lat' dir='ltr'><strong>ex</strong></span> <span class='ocrx_word' id='word_1_266' title='bbox 581 1690 664 1724; x_wconf 89' lang='lat' dir='ltr'><strong>parte</strong></span> <span class='ocrx_word' id='word_1_267' title='bbox 680 1695 743 1724; x_wconf 86' lang='lat' dir='ltr'><strong>par.</strong></span> <span class='ocrx_word' id='word_1_268' title='bbox 762 1687 811 1715; x_wconf 83' lang='lat' dir='ltr'><strong>Hic</strong></span> <span class='ocrx_word' id='word_1_269' title='bbox 825 1687 880 1721; x_wconf 77' lang='lat' dir='ltr'><strong>igi-</strong></span> 
     </span>
    </p>
   </div>
   <div class='ocr_carea' id='block_1_34' title="bbox 50 1731 880 1768">
    <p class='ocr_par' dir='ltr' id='par_1_34' title="bbox 50 1731 880 1768">
     <span class='ocr_line' id='line_1_34' title="bbox 50 1731 880 1768; baseline -0.002 -7"><span class='ocrx_word' id='word_1_270' title='bbox 50 1735 97 1761; x_wconf 86' lang='lat' dir='ltr'><strong>tur</strong></span> <span class='ocrx_word' id='word_1_271' title='bbox 112 1734 159 1760; x_wconf 87' lang='lat' dir='ltr'><strong>est</strong></span> <span class='ocrx_word' id='word_1_272' title='bbox 174 1731 351 1768; x_wconf 79' lang='lat' dir='ltr'><strong>qualitatem</strong></span> <span class='ocrx_word' id='word_1_273' title='bbox 364 1732 499 1760; x_wconf 84' lang='lat' dir='ltr'><strong>remissio</strong></span> <span class='ocrx_word' id='word_1_274' title='bbox 510 1734 538 1760; x_wconf 86' lang='lat' dir='ltr'><strong>et</strong></span> <span class='ocrx_word' id='word_1_275' title='bbox 555 1732 759 1760; x_wconf 79' lang='lat' dir='ltr'><strong>commutatio.</strong></span> <span class='ocrx_word' id='word_1_276' title='bbox 777 1731 880 1760; x_wconf 78' lang='lat' dir='ltr'><strong>Atillic</strong></span> 
     </span>
    </p>
   </div>
   <div class='ocr_carea' id='block_1_35' title="bbox 48 1776 880 1814">
    <p class='ocr_par' dir='ltr' id='par_1_35' title="bbox 48 1776 880 1814">
     <span class='ocr_line' id='line_1_35' title="bbox 48 1776 880 1814; baseline -0.001 -9"><span class='ocrx_word' id='word_1_277' title='bbox 48 1777 220 1814; x_wconf 83' lang='lat' dir='ltr'><strong>quantitate</strong></span> <span class='ocrx_word' id='word_1_278' title='bbox 229 1776 427 1804; x_wconf 87' lang='lat' dir='ltr'><strong>iutensionem</strong></span> <span class='ocrx_word' id='word_1_279' title='bbox 439 1776 682 1805; x_wconf 86' lang='lat' dir='ltr'><strong>etremissionem</strong></span> <span class='ocrx_word' id='word_1_280' title='bbox 699 1776 880 1812; x_wconf 86' lang='lat' dir='ltr'><strong>suscipiente</strong></span> 
     </span>
    </p>
   </div>
   <div class='ocr_carea' id='block_1_36' title="bbox 49 1820 880 1850">
    <p class='ocr_par' dir='ltr' id='par_1_36' title="bbox 49 1820 880 1850">
     <span class='ocr_line' id='line_1_36' title="bbox 49 1820 880 1850; baseline -0.001 0"><span class='ocrx_word' id='word_1_281' title='bbox 49 1822 148 1850; x_wconf 88' lang='lat' dir='ltr'><strong>multa</strong></span> <span class='ocrx_word' id='word_1_282' title='bbox 163 1820 298 1849; x_wconf 88' lang='lat' dir='ltr'><strong>absurda</strong></span> <span class='ocrx_word' id='word_1_283' title='bbox 311 1821 504 1850; x_wconf 85' lang='lat' dir='ltr'><strong>exsistebant.</strong></span> <span class='ocrx_word' id='word_1_284' title='bbox 532 1823 606 1849; x_wconf 75' lang='lat' dir='ltr'><strong>Nam</strong></span> <span class='ocrx_word' id='word_1_285' title='bbox 622 1829 658 1849; x_wconf 84' lang='lat' dir='ltr'><strong>ex</strong></span> <span class='ocrx_word' id='word_1_286' title='bbox 686 1821 736 1849; x_wconf 90' lang='lat' dir='ltr'><strong>illa</strong></span> <span class='ocrx_word' id='word_1_287' title='bbox 766 1821 880 1849; x_wconf 77' lang='lat' dir='ltr'><strong>ratione</strong></span> 
     </span>
    </p>
   </div>
   <div class='ocr_carea' id='block_1_37' title="bbox 47 1866 879 1904">
    <p class='ocr_par' dir='ltr' id='par_1_37' title="bbox 47 1866 879 1904">
     <span class='ocr_line' id='line_1_37' title="bbox 47 1866 879 1904; baseline -0.001 -10"><span class='ocrx_word' id='word_1_288' title='bbox 47 1866 209 1904; x_wconf 88' lang='lat' dir='ltr'><strong>quinarius</strong></span> <span class='ocrx_word' id='word_1_289' title='bbox 224 1867 287 1894; x_wconf 86' lang='lat' dir='ltr'><strong>erat</strong></span> <span class='ocrx_word' id='word_1_290' title='bbox 319 1866 514 1902; x_wconf 78' lang='lat' dir='ltr'><strong>septenarius,</strong></span> <span class='ocrx_word' id='word_1_291' title='bbox 549 1866 693 1900; x_wconf 84' lang='lat' dir='ltr'><strong>senarius,</strong></span> <span class='ocrx_word' id='word_1_292' title='bbox 722 1867 879 1901; x_wconf 85' lang='lat' dir='ltr'><strong>quaterna-</strong></span> 
     </span>
    </p>
   </div>
   <div class='ocr_carea' id='block_1_38' title="bbox 46 1910 879 1946">
    <p class='ocr_par' dir='ltr' id='par_1_38' title="bbox 46 1910 879 1946">
     <span class='ocr_line' id='line_1_38' title="bbox 46 1910 879 1946; baseline -0.002 -7"><span class='ocrx_word' id='word_1_293' title='bbox 46 1913 121 1945; x_wconf 88' lang='lat' dir='ltr'><strong>rius,</strong></span> <span class='ocrx_word' id='word_1_294' title='bbox 138 1910 289 1938; x_wconf 83' lang='lat' dir='ltr'><strong>ternarias</strong></span> <span class='ocrx_word' id='word_1_295' title='bbox 303 1910 385 1946; x_wconf 88' lang='lat' dir='ltr'><strong>quod</strong></span> <span class='ocrx_word' id='word_1_296' title='bbox 396 1913 440 1938; x_wconf 90' lang='lat' dir='ltr'><strong>est</strong></span> <span class='ocrx_word' id='word_1_297' title='bbox 453 1910 619 1938; x_wconf 91' lang='lat' dir='ltr'><strong>absurdum</strong></span> <span class='ocrx_word' id='word_1_298' title='bbox 633 1912 661 1938; x_wconf 90' lang='lat' dir='ltr'><strong>et</strong></span> <span class='ocrx_word' id='word_1_299' title='bbox 671 1910 879 1945; x_wconf 81' lang='lat' dir='ltr'><strong>sophisticam.</strong></span> 
     </span>
    </p>
   </div>
   <div class='ocr_carea' id='block_1_39' title="bbox 47 1954 880 1990">
    <p class='ocr_par' dir='ltr' id='par_1_39' title="bbox 47 1954 880 1990">
     <span class='ocr_line' id='line_1_39' title="bbox 47 1954 880 1990; baseline -0.002 -6"><span class='ocrx_word' id='word_1_300' title='bbox 47 1956 111 1984; x_wconf 87' lang='lat' dir='ltr'><strong>Hoc</strong></span> <span class='ocrx_word' id='word_1_301' title='bbox 127 1955 219 1990; x_wconf 80' lang='lat' dir='ltr'><strong>igitur</strong></span> <span class='ocrx_word' id='word_1_302' title='bbox 233 1954 425 1983; x_wconf 86' lang='lat' dir='ltr'><strong>considerare</strong></span> <span class='ocrx_word' id='word_1_303' title='bbox 434 1963 491 1983; x_wconf 84' lang='lat' dir='ltr'><strong>nos</strong></span> <span class='ocrx_word' id='word_1_304' title='bbox 500 1957 617 1990; x_wconf 82' lang='lat' dir='ltr'><strong>oportet</strong></span> <span class='ocrx_word' id='word_1_305' title='bbox 630 1954 759 1982; x_wconf 82' lang='lat' dir='ltr'><strong>etiamin</strong></span> <span class='ocrx_word' id='word_1_306' title='bbox 772 1954 880 1990; x_wconf 76' lang='lat' dir='ltr'><strong>praedi—</strong></span> 
     </span>
    </p>
   </div>
   <div class='ocr_carea' id='block_1_40' title="bbox 46 1998 880 2035">
    <p class='ocr_par' dir='ltr' id='par_1_40' title="bbox 46 1998 880 2035">
     <span class='ocr_line' id='line_1_40' title="bbox 46 1998 880 2035; baseline -0.004 -6"><span class='ocrx_word' id='word_1_307' title='bbox 46 2001 114 2035; x_wconf 89' lang='lat' dir='ltr'><strong>ctis,</strong></span> <span class='ocrx_word' id='word_1_308' title='bbox 131 1999 203 2028; x_wconf 85' lang='lat' dir='ltr'><strong>albo</strong></span> <span class='ocrx_word' id='word_1_309' title='bbox 220 1999 332 2027; x_wconf 85' lang='lat' dir='ltr'><strong>scilicet</strong></span> <span class='ocrx_word' id='word_1_310' title='bbox 346 2001 374 2027; x_wconf 92' lang='lat' dir='ltr'><strong>et</strong></span> <span class='ocrx_word' id='word_1_311' title='bbox 388 1999 487 2034; x_wconf 83' lang='lat' dir='ltr'><strong>nigro.</strong></span> <span class='ocrx_word' id='word_1_312' title='bbox 503 2001 577 2027; x_wconf 87' lang='lat' dir='ltr'><strong>Nam</strong></span> <span class='ocrx_word' id='word_1_313' title='bbox 591 1998 733 2035; x_wconf 80' lang='lat' dir='ltr'><strong>qualitate</strong></span> <span class='ocrx_word' id='word_1_314' title='bbox 754 1998 880 2034; x_wconf 73' lang='lat' dir='ltr'><strong>praedita</strong></span> 
     </span>
    </p>
   </div>
   <div class='ocr_carea' id='block_1_41' title="bbox 45 2043 878 2082">
    <p class='ocr_par' dir='ltr' id='par_1_41' title="bbox 45 2043 878 2082">
     <span class='ocr_line' id='line_1_41' title="bbox 45 2043 878 2082; baseline -0.002 -9"><span class='ocrx_word' id='word_1_315' title='bbox 45 2045 202 2082; x_wconf 82' lang='lat' dir='ltr'><strong>qualitatis</strong></span> <span class='ocrx_word' id='word_1_316' title='bbox 213 2043 479 2072; x_wconf 85' lang='lat' dir='ltr'><strong>commutationem</strong></span> <span class='ocrx_word' id='word_1_317' title='bbox 507 2044 676 2080; x_wconf 88' lang='lat' dir='ltr'><strong>suscipiunt</strong></span> <span class='ocrx_word' id='word_1_318' title='bbox 702 2043 878 2076; x_wconf 85' lang='lat' dir='ltr'><strong>Quantitatis</strong></span> 
     </span>
    </p>
   </div>
   <div class='ocr_carea' id='block_1_42' title="bbox 45 2089 880 2125">
    <p class='ocr_par' dir='ltr' id='par_1_42' title="bbox 45 2089 880 2125">
     <span class='ocr_line' id='line_1_42' title="bbox 45 2089 880 2125; baseline -0.002 -7"><span class='ocrx_word' id='word_1_319' title='bbox 45 2098 118 2118; x_wconf 82' lang='lat' dir='ltr'><strong>vero</strong></span> <span class='ocrx_word' id='word_1_320' title='bbox 127 2089 211 2118; x_wconf 88' lang='lat' dir='ltr'><strong>nulla</strong></span> <span class='ocrx_word' id='word_1_321' title='bbox 219 2090 316 2125; x_wconf 89' lang='lat' dir='ltr'><strong>potest</strong></span> <span class='ocrx_word' id='word_1_322' title='bbox 323 2097 388 2117; x_wconf 87' lang='lat' dir='ltr'><strong>esse</strong></span> <span class='ocrx_word' id='word_1_323' title='bbox 396 2089 544 2124; x_wconf 85' lang='lat' dir='ltr'><strong>ejusmodi</strong></span> <span class='ocrx_word' id='word_1_324' title='bbox 560 2089 766 2124; x_wconf 88' lang='lat' dir='ltr'><strong>commutatio,</strong></span> <span class='ocrx_word' id='word_1_325' title='bbox 783 2096 880 2125; x_wconf 86' lang='lat' dir='ltr'><strong>quan-</strong></span> 
     </span>
    </p>
   </div>
   <div class='ocr_carea' id='block_1_43' title="bbox 46 2133 878 2170">
    <p class='ocr_par' dir='ltr' id='par_1_43' title="bbox 46 2133 878 2170">
     <span class='ocr_line' id='line_1_43' title="bbox 46 2133 878 2170; baseline -0.004 -7"><span class='ocrx_word' id='word_1_326' title='bbox 46 2134 215 2170; x_wconf 88' lang='lat' dir='ltr'><strong>doquidem</strong></span> <span class='ocrx_word' id='word_1_327' title='bbox 230 2133 261 2161; x_wconf 92' lang='lat' dir='ltr'><strong>in</strong></span> <span class='ocrx_word' id='word_1_328' title='bbox 276 2133 579 2170; x_wconf 85' lang='lat' dir='ltr'><strong>quantitateintensio</strong></span> <span class='ocrx_word' id='word_1_329' title='bbox 590 2136 618 2161; x_wconf 87' lang='lat' dir='ltr'><strong>et</strong></span> <span class='ocrx_word' id='word_1_330' title='bbox 632 2133 768 2161; x_wconf 81' lang='lat' dir='ltr'><strong>remissio</strong></span> <span class='ocrx_word' id='word_1_331' title='bbox 778 2133 878 2161; x_wconf 86' lang='lat' dir='ltr'><strong>locum</strong></span> 
     </span>
    </p>
   </div>
   <div class='ocr_carea' id='block_1_44' title="bbox 492 133 1312 166">
    <p class='ocr_par' dir='ltr' id='par_1_44' title="bbox 492 133 1312 166">
     <span class='ocr_line' id='line_1_44' title="bbox 492 133 1312 166; baseline 0.004 -3"><span class='ocrx_word' id='word_1_332' title='bbox 492 135 670 164; x_wconf 83' lang='lat' dir='ltr'><strong>THEODORI</strong></span> <span class='ocrx_word' id='word_1_333' title='bbox 689 135 713 164; x_wconf 83' lang='grc' dir='ltr'>ῐῐ</span> <span class='ocrx_word' id='word_1_334' title='bbox 732 133 802 163; x_wconf 85' lang='lat' dir='ltr'><strong>IMP.</strong></span> <span class='ocrx_word' id='word_1_335' title='bbox 824 135 869 163; x_wconf 87' lang='lat' dir='ltr'><strong>DE</strong></span> <span class='ocrx_word' id='word_1_336' title='bbox 888 134 1117 165; x_wconf 79' lang='lat' dir='ltr'><strong>COMMUNIONE</strong></span> <span class='ocrx_word' id='word_1_337' title='bbox 1137 137 1312 166; x_wconf 73' lang='lat' dir='ltr'><strong>NATURALI</strong></span> 
     </span>
    </p>
   </div>
   <div class='ocr_carea' id='block_1_45' title="bbox 72 195 1079 232">
    <p class='ocr_par' dir='ltr' id='par_1_45' title="bbox 72 195 1079 232">
     <span class='ocr_line' id='line_1_45' title="bbox 72 195 1079 232; baseline 0.002 -10"><span class='ocrx_word' id='word_1_338' title='bbox 72 197 172 232; x_wconf 68' lang='grc' dir='ltr'>ὕφεσις</span> <span class='ocrx_word' id='word_1_339' title='bbox 197 199 260 232; x_wconf 81' lang='grc' dir='ltr'>γοῦν</span> <span class='ocrx_word' id='word_1_340' title='bbox 286 195 397 224; x_wconf 81' lang='grc' dir='ltr'>ἐνταῦθα</span> <span class='ocrx_word' id='word_1_341' title='bbox 417 201 466 223; x_wconf 81' lang='grc' dir='ltr'>τῶν</span> <span class='ocrx_word' id='word_1_342' title='bbox 495 199 641 227; x_wconf 71' lang='grc' dir='ltr'>ποιοτήτων</span> <span class='ocrx_word' id='word_1_343' title='bbox 663 200 707 225; x_wconf 81' lang='grc' dir='ltr'>καὶ</span> <span class='ocrx_word' id='word_1_344' title='bbox 733 197 884 231; x_wconf 77' lang='grc' dir='ltr'>ἀλλοίωσις,</span> <span class='ocrx_word' id='word_1_345' title='bbox 916 201 939 225; x_wconf 80' lang='grc' dir='ltr'><strong>Α</strong></span> <span class='ocrx_word' id='word_1_346' title='bbox 969 196 1079 228; x_wconf 80' lang='grc' dir='ltr'><strong>ἐπέτάοη</strong></span> 
     </span>
    </p>
   </div>
   <div class='ocr_carea' id='block_1_46' title="bbox 1696 142 1766 171">
    <p class='ocr_par' dir='ltr' id='par_1_46' title="bbox 1696 142 1766 171">
     <span class='ocr_line' id='line_1_46' title="bbox 1696 142 1766 171; baseline 0.029 -2"><span class='ocrx_word' id='word_1_347' title='bbox 1696 142 1766 171; x_wconf 69' lang='grc'><strong>1330</strong></span> 
     </span>
    </p>
   </div>
   <div class='ocr_carea' id='block_1_47' title="bbox 1109 200 1770 242">
    <p class='ocr_par' dir='ltr' id='par_1_47' title="bbox 1109 200 1770 242">
     <span class='ocr_line' id='line_1_47' title="bbox 1109 200 1770 242; baseline 0.009 -16"><span class='ocrx_word' id='word_1_348' title='bbox 1109 209 1116 216; x_wconf 85' lang='grc'><strong>·</strong></span> <span class='ocrx_word' id='word_1_349' title='bbox 1139 200 1152 226; x_wconf 82' lang='grc' dir='ltr'>ὁ</span> <span class='ocrx_word' id='word_1_350' title='bbox 1181 202 1232 237; x_wconf 78' lang='grc' dir='ltr'><strong>γὰρ</strong></span> <span class='ocrx_word' id='word_1_351' title='bbox 1261 203 1410 237; x_wconf 73' lang='grc' dir='ltr'><strong>προμήκης,</strong></span> <span class='ocrx_word' id='word_1_352' title='bbox 1439 200 1521 226; x_wconf 69' lang='grc' dir='ltr'>λαϐὼν</span> <span class='ocrx_word' id='word_1_353' title='bbox 1558 203 1602 228; x_wconf 79' lang='grc' dir='ltr'>τὸν</span> <span class='ocrx_word' id='word_1_354' title='bbox 1650 203 1770 242; x_wconf 73' lang='grc' dir='ltr'><strong>ἰσομερῆ,</strong></span> 
     </span>
    </p>
   </div>
   <div class='ocr_carea' id='block_1_48' title="bbox 968 242 1767 282">
    <p class='ocr_par' dir='ltr' id='par_1_48' title="bbox 968 242 1767 282">
     <span class='ocr_line' id='line_1_48' title="bbox 968 242 1767 282; baseline 0.01 -14"><span class='ocrx_word' id='word_1_355' title='bbox 968 242 1075 279; x_wconf 55' lang='grc' dir='ltr'>ἧμειψεν</span> <span class='ocrx_word' id='word_1_356' title='bbox 1109 244 1186 271; x_wconf 75' lang='grc' dir='ltr'>αὑτὸν</span> <span class='ocrx_word' id='word_1_357' title='bbox 1214 245 1250 276; x_wconf 74' lang='grc' dir='ltr'><strong>εἰς</strong></span> <span class='ocrx_word' id='word_1_358' title='bbox 1269 247 1298 272; x_wconf 82' lang='grc' dir='ltr'>τὸ</span> <span class='ocrx_word' id='word_1_359' title='bbox 1326 248 1468 282; x_wconf 70' lang='grc' dir='ltr'><strong>πρόμηκες,</strong></span> <span class='ocrx_word' id='word_1_360' title='bbox 1495 246 1517 272; x_wconf 80' lang='grc' dir='ltr'><strong>εἰ</strong></span> <span class='ocrx_word' id='word_1_361' title='bbox 1541 244 1570 273; x_wconf 71' lang='grc' dir='ltr'><strong>δὲ</strong></span> <span class='ocrx_word' id='word_1_362' title='bbox 1592 250 1636 274; x_wconf 83' lang='grc' dir='ltr'>καὶ</span> <span class='ocrx_word' id='word_1_363' title='bbox 1673 250 1713 276; x_wconf 81' lang='grc' dir='ltr'><strong>ὅτι</strong></span> <span class='ocrx_word' id='word_1_364' title='bbox 1752 251 1767 279; x_wconf 81' lang='grc' dir='ltr'>ἡ</span> 
     </span>
    </p>
   </div>
   <div class='ocr_carea' id='block_1_49' title="bbox 967 287 1770 328">
    <p class='ocr_par' dir='ltr' id='par_1_49' title="bbox 967 287 1770 328">
     <span class='ocr_line' id='line_1_49' title="bbox 967 287 1770 328; baseline 0.007 -14"><span class='ocrx_word' id='word_1_365' title='bbox 967 287 1048 324; x_wconf 52' lang='lat' dir='ltr'><strong>«ﬁsi</strong></span> <span class='ocrx_word' id='word_1_366' title='bbox 1072 293 1116 319; x_wconf 83' lang='grc' dir='ltr'>τῆς</span> <span class='ocrx_word' id='word_1_367' title='bbox 1136 289 1154 326; x_wconf 81' lang='grc' dir='ltr'>β</span> <span class='ocrx_word' id='word_1_368' title='bbox 1182 300 1198 326; x_wconf 71' lang='lat'><strong>7</strong></span> <span class='ocrx_word' id='word_1_369' title='bbox 1227 290 1317 321; x_wconf 78' lang='grc' dir='ltr'>ἄνισος</span> <span class='ocrx_word' id='word_1_370' title='bbox 1342 293 1387 317; x_wconf 75' lang='grc' dir='ltr'>καὶ</span> <span class='ocrx_word' id='word_1_371' title='bbox 1419 289 1509 316; x_wconf 78' lang='grc' dir='ltr'>ἀλλοία</span> <span class='ocrx_word' id='word_1_372' title='bbox 1536 295 1594 328; x_wconf 76' lang='grc' dir='ltr'><strong>εἴπῃ</strong></span> <span class='ocrx_word' id='word_1_373' title='bbox 1629 302 1676 325; x_wconf 78' lang='grc' dir='ltr'>τις,</span> <span class='ocrx_word' id='word_1_374' title='bbox 1705 294 1770 325; x_wconf 75' lang='grc' dir='ltr'>ἰσως</span> 
     </span>
    </p>
   </div>
   <div class='ocr_carea' id='block_1_50' title="bbox 965 331 1770 370">
    <p class='ocr_par' dir='ltr' id='par_1_50' title="bbox 965 331 1770 370">
     <span class='ocr_line' id='line_1_50' title="bbox 965 331 1770 370; baseline 0.01 -13"><span class='ocrx_word' id='word_1_375' title='bbox 965 333 1040 358; x_wconf 79' lang='grc' dir='ltr'>ἔσται</span> <span class='ocrx_word' id='word_1_376' title='bbox 1055 333 1085 359; x_wconf 69' lang='grc' dir='ltr'>οὔ</span> <span class='ocrx_word' id='word_1_377' title='bbox 1101 331 1148 360; x_wconf 70' lang='grc' dir='ltr'><strong>διὰ</strong></span> <span class='ocrx_word' id='word_1_378' title='bbox 1171 337 1218 363; x_wconf 79' lang='grc' dir='ltr'><strong>τήν</strong></span> <span class='ocrx_word' id='word_1_379' title='bbox 1242 334 1362 362; x_wconf 74' lang='grc' dir='ltr'>ἐπίτασιν</span> <span class='ocrx_word' id='word_1_380' title='bbox 1392 335 1406 364; x_wconf 77' lang='grc' dir='ltr'>ἡ</span> <span class='ocrx_word' id='word_1_381' title='bbox 1437 337 1484 365; x_wconf 72' lang='grc' dir='ltr'>τὴν</span> <span class='ocrx_word' id='word_1_382' title='bbox 1509 336 1607 370; x_wconf 73' lang='grc' dir='ltr'>ἄνεσιν,</span> <span class='ocrx_word' id='word_1_383' title='bbox 1637 337 1699 364; x_wconf 74' lang='grc' dir='ltr'>ἀλλὰ</span> <span class='ocrx_word' id='word_1_384' title='bbox 1724 337 1770 365; x_wconf 74' lang='grc' dir='ltr'>διὰ</span> 
     </span>
    </p>
   </div>
   <div class='ocr_carea' id='block_1_51' title="bbox 965 378 1769 416">
    <p class='ocr_par' dir='ltr' id='par_1_51' title="bbox 965 378 1769 416">
     <span class='ocr_line' id='line_1_51' title="bbox 965 378 1769 416; baseline 0.007 -13"><span class='ocrx_word' id='word_1_385' title='bbox 965 378 995 402; x_wconf 82' lang='grc' dir='ltr'>τὸ</span> <span class='ocrx_word' id='word_1_386' title='bbox 1013 378 1101 414; x_wconf 76' lang='grc' dir='ltr'><strong>μεῖζον</strong></span> <span class='ocrx_word' id='word_1_387' title='bbox 1114 381 1159 405; x_wconf 87' lang='grc' dir='ltr'>καὶ</span> <span class='ocrx_word' id='word_1_388' title='bbox 1173 381 1202 405; x_wconf 81' lang='grc' dir='ltr'>τὸ</span> <span class='ocrx_word' id='word_1_389' title='bbox 1216 379 1320 406; x_wconf 80' lang='grc' dir='ltr'>ἔλαττον</span> <span class='ocrx_word' id='word_1_390' title='bbox 1338 391 1344 397; x_wconf 73' lang='grc' dir='ltr'><strong>ι</strong></span> <span class='ocrx_word' id='word_1_391' title='bbox 1360 383 1437 406; x_wconf 79' lang='grc' dir='ltr'>τοῦτο</span> <span class='ocrx_word' id='word_1_392' title='bbox 1451 381 1500 416; x_wconf 76' lang='grc' dir='ltr'><strong>γὰρ</strong></span> <span class='ocrx_word' id='word_1_393' title='bbox 1524 380 1553 406; x_wconf 72' lang='grc' dir='ltr'>οὗ</span> <span class='ocrx_word' id='word_1_394' title='bbox 1583 385 1678 415; x_wconf 75' lang='grc' dir='ltr'>ποσοῦ,</span> <span class='ocrx_word' id='word_1_395' title='bbox 1705 382 1769 410; x_wconf 72' lang='grc' dir='ltr'>ἀλλὰ</span> 
     </span>
    </p>
   </div>
   <div class='ocr_carea' id='block_1_52' title="bbox 965 424 1770 464">
    <p class='ocr_par' dir='ltr' id='par_1_52' title="bbox 965 424 1770 464">
     <span class='ocr_line' id='line_1_52' title="bbox 965 424 1770 464; baseline 0.007 -16"><span class='ocrx_word' id='word_1_396' title='bbox 965 425 1010 448; x_wconf 79' lang='grc' dir='ltr'>τοῦ</span> <span class='ocrx_word' id='word_1_397' title='bbox 1033 424 1097 459; x_wconf 79' lang='grc' dir='ltr'>πρὸς</span> <span class='ocrx_word' id='word_1_398' title='bbox 1121 433 1157 457; x_wconf 79' lang='grc' dir='ltr'>τι,</span> <span class='ocrx_word' id='word_1_399' title='bbox 1191 425 1226 455; x_wconf 82' lang='grc' dir='ltr'><strong>ὡς</strong></span> <span class='ocrx_word' id='word_1_400' title='bbox 1254 427 1298 451; x_wconf 81' lang='grc' dir='ltr'>καὶ</span> <span class='ocrx_word' id='word_1_401' title='bbox 1326 424 1507 463; x_wconf 76' lang='grc' dir='ltr'>Ἀριστοτέλης</span> <span class='ocrx_word' id='word_1_402' title='bbox 1538 427 1562 451; x_wconf 73' lang='grc' dir='ltr'>ἓν</span> <span class='ocrx_word' id='word_1_403' title='bbox 1592 429 1770 464; x_wconf 71' lang='grc' dir='ltr'>Κατηγορίαις</span> 
     </span>
    </p>
   </div>
   <div class='ocr_carea' id='block_1_53' title="bbox 965 469 1768 506">
    <p class='ocr_par' dir='ltr' id='par_1_53' title="bbox 965 469 1768 506">
     <span class='ocr_line' id='line_1_53' title="bbox 965 469 1768 506; baseline 0.006 -13"><span class='ocrx_word' id='word_1_404' title='bbox 965 469 1056 502; x_wconf 71' lang='grc' dir='ltr'>φησίν.</span> <span class='ocrx_word' id='word_1_405' title='bbox 1083 469 1149 494; x_wconf 67' lang='grc' dir='ltr'><strong>Οὔτε</strong></span> <span class='ocrx_word' id='word_1_406' title='bbox 1171 469 1231 506; x_wconf 75' lang='grc' dir='ltr'><strong>γὰρ,</strong></span> <span class='ocrx_word' id='word_1_407' title='bbox 1258 470 1325 496; x_wconf 81' lang='grc' dir='ltr'><strong>κατά</strong></span> <span class='ocrx_word' id='word_1_408' title='bbox 1348 472 1391 496; x_wconf 78' lang='grc' dir='ltr'>τὸν</span> <span class='ocrx_word' id='word_1_409' title='bbox 1420 470 1500 496; x_wconf 64' lang='grc' dir='ltr'>αὑτοῦ</span> <span class='ocrx_word' id='word_1_410' title='bbox 1529 470 1614 506; x_wconf 78' lang='grc' dir='ltr'>λόγον,</span> <span class='ocrx_word' id='word_1_411' title='bbox 1650 470 1768 503; x_wconf 77' lang='grc' dir='ltr'>ἐπίτασις</span> 
     </span>
    </p>
   </div>
   <div class='ocr_carea' id='block_1_54' title="bbox 964 511 1768 547">
    <p class='ocr_par' dir='ltr' id='par_1_54' title="bbox 964 511 1768 547">
     <span class='ocr_line' id='line_1_54' title="bbox 964 511 1768 547; baseline 0.007 -10"><span class='ocrx_word' id='word_1_412' title='bbox 964 513 1009 538; x_wconf 87' lang='grc' dir='ltr'>καὶ</span> <span class='ocrx_word' id='word_1_413' title='bbox 1033 511 1121 544; x_wconf 77' lang='grc' dir='ltr'>ἆνεσις</span> <span class='ocrx_word' id='word_1_414' title='bbox 1146 517 1192 539; x_wconf 73' lang='grc' dir='ltr'>τοῦ</span> <span class='ocrx_word' id='word_1_415' title='bbox 1218 517 1301 540; x_wconf 79' lang='grc' dir='ltr'>ποσοῦ</span> <span class='ocrx_word' id='word_1_416' title='bbox 1335 515 1375 540; x_wconf 87' lang='grc' dir='ltr'><strong>ὁτι</strong></span> <span class='ocrx_word' id='word_1_417' title='bbox 1401 518 1447 545; x_wconf 81' lang='grc' dir='ltr'>τῆς</span> <span class='ocrx_word' id='word_1_418' title='bbox 1471 517 1617 547; x_wconf 76' lang='grc' dir='ltr'>ποιότητος,</span> <span class='ocrx_word' id='word_1_419' title='bbox 1648 515 1706 542; x_wconf 63' lang='grc' dir='ltr'>οὔτε</span> <span class='ocrx_word' id='word_1_420' title='bbox 1739 519 1768 543; x_wconf 84' lang='grc' dir='ltr'>τὸ</span> 
     </span>
    </p>
   </div>
   <div class='ocr_carea' id='block_1_55' title="bbox 964 557 1767 596">
    <p class='ocr_par' dir='ltr' id='par_1_55' title="bbox 964 557 1767 596">
     <span class='ocr_line' id='line_1_55' title="bbox 964 557 1767 596; baseline 0.007 -14"><span class='ocrx_word' id='word_1_421' title='bbox 964 558 1032 592; x_wconf 69' lang='grc' dir='ltr'><strong>μέγα</strong></span> <span class='ocrx_word' id='word_1_422' title='bbox 1056 559 1101 583; x_wconf 76' lang='grc' dir='ltr'>καὶ</span> <span class='ocrx_word' id='word_1_423' title='bbox 1128 559 1157 583; x_wconf 78' lang='grc' dir='ltr'>τὸ</span> <span class='ocrx_word' id='word_1_424' title='bbox 1172 560 1264 596; x_wconf 81' lang='grc' dir='ltr'>μικρὸν</span> <span class='ocrx_word' id='word_1_425' title='bbox 1287 559 1326 585; x_wconf 80' lang='grc' dir='ltr'>ὅτι</span> <span class='ocrx_word' id='word_1_426' title='bbox 1339 562 1385 585; x_wconf 82' lang='grc' dir='ltr'>τοῦ</span> <span class='ocrx_word' id='word_1_427' title='bbox 1404 561 1470 596; x_wconf 78' lang='grc' dir='ltr'>πρὸς</span> <span class='ocrx_word' id='word_1_428' title='bbox 1497 568 1532 592; x_wconf 78' lang='grc' dir='ltr'>τι,</span> <span class='ocrx_word' id='word_1_429' title='bbox 1561 557 1629 586; x_wconf 71' lang='grc' dir='ltr'>ῖιῖιον</span> <span class='ocrx_word' id='word_1_430' title='bbox 1664 559 1694 587; x_wconf 72' lang='grc' dir='ltr'><strong>δὲ</strong></span> <span class='ocrx_word' id='word_1_431' title='bbox 1721 565 1767 588; x_wconf 78' lang='grc' dir='ltr'>τοῦ</span> 
     </span>
    </p>
   </div>
   <div class='ocr_carea' id='block_1_56' title="bbox 963 600 1768 640">
    <p class='ocr_par' dir='ltr' id='par_1_56' title="bbox 963 600 1768 640">
     <span class='ocr_line' id='line_1_56' title="bbox 963 600 1768 640; baseline 0.006 -13"><span class='ocrx_word' id='word_1_432' title='bbox 963 600 1047 627; x_wconf 78' lang='grc' dir='ltr'><strong>ποσοῦ</strong></span> <span class='ocrx_word' id='word_1_433' title='bbox 1059 603 1087 627; x_wconf 78' lang='grc' dir='ltr'>τὸ</span> <span class='ocrx_word' id='word_1_434' title='bbox 1102 601 1191 628; x_wconf 74' lang='grc' dir='ltr'>ἄνισον</span> <span class='ocrx_word' id='word_1_435' title='bbox 1204 605 1248 630; x_wconf 74' lang='grc' dir='ltr'>καὶ</span> <span class='ocrx_word' id='word_1_436' title='bbox 1262 605 1290 630; x_wconf 79' lang='grc' dir='ltr'>τὸ</span> <span class='ocrx_word' id='word_1_437' title='bbox 1316 601 1382 638; x_wconf 78' lang='grc' dir='ltr'>ἴσον,</span> <span class='ocrx_word' id='word_1_438' title='bbox 1413 607 1488 640; x_wconf 78' lang='grc' dir='ltr'>εὕρῃς</span> <span class='ocrx_word' id='word_1_439' title='bbox 1513 602 1542 630; x_wconf 68' lang='grc' dir='ltr'><strong>δὲ</strong></span> <span class='ocrx_word' id='word_1_440' title='bbox 1565 607 1610 630; x_wconf 73' lang='grc' dir='ltr'>καὶ</span> <span class='ocrx_word' id='word_1_441' title='bbox 1632 603 1656 630; x_wconf 81' lang='grc' dir='ltr'>ἐν</span> <span class='ocrx_word' id='word_1_442' title='bbox 1681 605 1768 637; x_wconf 79' lang='grc' dir='ltr'>ἄλλοις</span> 
     </span>
    </p>
   </div>
   <div class='ocr_carea' id='block_1_57' title="bbox 964 645 1766 681">
    <p class='ocr_par' dir='ltr' id='par_1_57' title="bbox 964 645 1766 681">
     <span class='ocr_line' id='line_1_57' title="bbox 964 645 1766 681; baseline 0.004 -9"><span class='ocrx_word' id='word_1_443' title='bbox 964 645 1009 672; x_wconf 75' lang='grc' dir='ltr'>εἶτ’</span> <span class='ocrx_word' id='word_1_444' title='bbox 1024 648 1142 673; x_wconf 66' lang='grc' dir='ltr'>ἐπίτασιν</span> <span class='ocrx_word' id='word_1_445' title='bbox 1159 647 1204 673; x_wconf 85' lang='grc' dir='ltr'><strong>εἶτ’</strong></span> <span class='ocrx_word' id='word_1_446' title='bbox 1217 648 1303 674; x_wconf 77' lang='grc' dir='ltr'>ἆνεσιν</span> <span class='ocrx_word' id='word_1_447' title='bbox 1317 652 1363 674; x_wconf 78' lang='grc' dir='ltr'>τοῦ</span> <span class='ocrx_word' id='word_1_448' title='bbox 1376 652 1462 681; x_wconf 78' lang='grc' dir='ltr'><strong>ποιοὺ,</strong></span> <span class='ocrx_word' id='word_1_449' title='bbox 1488 652 1534 674; x_wconf 72' lang='grc' dir='ltr'>τοῦ</span> <span class='ocrx_word' id='word_1_450' title='bbox 1561 653 1645 675; x_wconf 72' lang='grc' dir='ltr'>ποσοῦ</span> <span class='ocrx_word' id='word_1_451' title='bbox 1672 648 1700 676; x_wconf 65' lang='grc' dir='ltr'><strong>δὲ</strong></span> <span class='ocrx_word' id='word_1_452' title='bbox 1727 649 1766 677; x_wconf 82' lang='grc' dir='ltr'><strong>ἀεὶ</strong></span> 
     </span>
    </p>
   </div>
   <div class='ocr_carea' id='block_1_58' title="bbox 963 689 1766 725">
    <p class='ocr_par' dir='ltr' id='par_1_58' title="bbox 963 689 1766 725">
     <span class='ocr_line' id='line_1_58' title="bbox 963 689 1766 725; baseline 0.005 -9"><span class='ocrx_word' id='word_1_453' title='bbox 963 692 992 717; x_wconf 77' lang='grc' dir='ltr'>τὸ</span> <span class='ocrx_word' id='word_1_454' title='bbox 1006 689 1071 725; x_wconf 76' lang='grc' dir='ltr'>ἴσον,</span> <span class='ocrx_word' id='word_1_455' title='bbox 1087 693 1116 717; x_wconf 78' lang='grc' dir='ltr'>τὸ</span> <span class='ocrx_word' id='word_1_456' title='bbox 1133 691 1232 724; x_wconf 75' lang='grc' dir='ltr'>ἄνισον,</span> <span class='ocrx_word' id='word_1_457' title='bbox 1247 692 1314 719; x_wconf 79' lang='grc' dir='ltr'>ὣστε</span> <span class='ocrx_word' id='word_1_458' title='bbox 1327 693 1415 723; x_wconf 68' lang='grc' dir='ltr'>ἄνισος</span> <span class='ocrx_word' id='word_1_459' title='bbox 1426 695 1471 718; x_wconf 85' lang='grc' dir='ltr'>καὶ</span> <span class='ocrx_word' id='word_1_460' title='bbox 1491 693 1503 718; x_wconf 90' lang='lat'><strong>6</strong></span> <span class='ocrx_word' id='word_1_461' title='bbox 1533 693 1559 724; x_wconf 81' lang='grc' dir='ltr'><strong>ἒξ</strong></span> <span class='ocrx_word' id='word_1_462' title='bbox 1584 696 1629 719; x_wconf 79' lang='grc' dir='ltr'><strong>καὶ</strong></span> <span class='ocrx_word' id='word_1_463' title='bbox 1657 694 1669 719; x_wconf 88' lang='lat'><strong>6</strong></span> <span class='ocrx_word' id='word_1_464' title='bbox 1701 692 1766 720; x_wconf 72' lang='grc' dir='ltr'>δέκα</span> 
     </span>
    </p>
   </div>
   <div class='ocr_carea' id='block_1_59' title="bbox 962 735 1764 771">
    <p class='ocr_par' dir='ltr' id='par_1_59' title="bbox 962 735 1764 771">
     <span class='ocr_line' id='line_1_59' title="bbox 962 735 1764 771; baseline 0.004 -10"><span class='ocrx_word' id='word_1_465' title='bbox 962 737 1030 761; x_wconf 80' lang='grc' dir='ltr'><strong>κατά</strong></span> <span class='ocrx_word' id='word_1_466' title='bbox 1040 737 1068 762; x_wconf 73' lang='grc' dir='ltr'>τὸ</span> <span class='ocrx_word' id='word_1_467' title='bbox 1084 738 1176 771; x_wconf 73' lang='grc' dir='ltr'>ποσὸν,</span> <span class='ocrx_word' id='word_1_468' title='bbox 1189 736 1286 768; x_wconf 79' lang='grc' dir='ltr'>ἀλλοῖος</span> <span class='ocrx_word' id='word_1_469' title='bbox 1302 735 1331 764; x_wconf 71' lang='grc' dir='ltr'><strong>δὲ</strong></span> <span class='ocrx_word' id='word_1_470' title='bbox 1343 739 1411 763; x_wconf 71' lang='grc' dir='ltr'>κατὰ</span> <span class='ocrx_word' id='word_1_471' title='bbox 1424 739 1453 763; x_wconf 79' lang='grc' dir='ltr'>τὸ</span> <span class='ocrx_word' id='word_1_472' title='bbox 1465 739 1538 764; x_wconf 68' lang='grc' dir='ltr'>ποιὸν</span> <span class='ocrx_word' id='word_1_473' title='bbox 1551 748 1557 754; x_wconf 87' lang='grc'><strong>·</strong></span> <span class='ocrx_word' id='word_1_474' title='bbox 1579 740 1624 764; x_wconf 75' lang='grc' dir='ltr'>καὶ</span> <span class='ocrx_word' id='word_1_475' title='bbox 1649 737 1764 769; x_wconf 74' lang='grc' dir='ltr'>ὁξώδους</span> 
     </span>
    </p>
   </div>
   <div class='ocr_carea' id='block_1_60' title="bbox 962 779 1764 818">
    <p class='ocr_par' dir='ltr' id='par_1_60' title="bbox 962 779 1764 818">
     <span class='ocr_line' id='line_1_60' title="bbox 962 779 1764 818; baseline 0.002 -12"><span class='ocrx_word' id='word_1_476' title='bbox 962 782 1097 809; x_wconf 73' lang='grc' dir='ltr'>ποιότητος</span> <span class='ocrx_word' id='word_1_477' title='bbox 1130 779 1188 810; x_wconf 76' lang='grc' dir='ltr'><strong>εἱὸη</strong></span> <span class='ocrx_word' id='word_1_478' title='bbox 1220 781 1300 808; x_wconf 81' lang='grc' dir='ltr'>πολλὰ</span> <span class='ocrx_word' id='word_1_479' title='bbox 1313 782 1343 808; x_wconf 67' lang='grc' dir='ltr'>ἄν</span> <span class='ocrx_word' id='word_1_480' title='bbox 1360 782 1389 807; x_wconf 74' lang='grc' dir='ltr'>ἂν</span> <span class='ocrx_word' id='word_1_481' title='bbox 1420 782 1497 818; x_wconf 70' lang='grc' dir='ltr'>εὕρῃς</span> <span class='ocrx_word' id='word_1_482' title='bbox 1525 781 1693 818; x_wconf 75' lang='grc' dir='ltr'>ἐπιτεταμένα</span> <span class='ocrx_word' id='word_1_483' title='bbox 1718 785 1764 809; x_wconf 82' lang='grc' dir='ltr'>καὶ</span> 
     </span>
    </p>
   </div>
   <div class='ocr_carea' id='block_1_61' title="bbox 962 824 1762 861">
    <p class='ocr_par' dir='ltr' id='par_1_61' title="bbox 962 824 1762 861">
     <span class='ocr_line' id='line_1_61' title="bbox 962 824 1762 861; baseline 0.005 -11"><span class='ocrx_word' id='word_1_484' title='bbox 962 824 1084 860; x_wconf 72' lang='grc' dir='ltr'><strong>ὒφειμένα</strong></span> <span class='ocrx_word' id='word_1_485' title='bbox 1112 829 1159 861; x_wconf 83' lang='grc' dir='ltr'><strong>τῷ,</strong></span> <span class='ocrx_word' id='word_1_486' title='bbox 1182 830 1256 861; x_wconf 78' lang='grc' dir='ltr'>ποσῷ</span> <span class='ocrx_word' id='word_1_487' title='bbox 1296 824 1320 853; x_wconf 81' lang='grc' dir='ltr'><strong>δ’</strong></span> <span class='ocrx_word' id='word_1_488' title='bbox 1362 830 1402 859; x_wconf 69' lang='grc' dir='ltr'><strong>οὔ,</strong></span> <span class='ocrx_word' id='word_1_489' title='bbox 1438 825 1490 852; x_wconf 81' lang='grc' dir='ltr'>ἀλλ’</span> <span class='ocrx_word' id='word_1_490' title='bbox 1522 824 1567 852; x_wconf 78' lang='grc' dir='ltr'>ἶσα</span> <span class='ocrx_word' id='word_1_491' title='bbox 1599 829 1643 853; x_wconf 79' lang='grc' dir='ltr'>καὶ</span> <span class='ocrx_word' id='word_1_492' title='bbox 1672 827 1762 861; x_wconf 70' lang='grc' dir='ltr'>ἄνισοι,</span> 
     </span>
    </p>
   </div>
   <div class='ocr_carea' id='block_1_62' title="bbox 962 868 1762 909">
    <p class='ocr_par' dir='ltr' id='par_1_62' title="bbox 962 868 1762 909">
     <span class='ocr_line' id='line_1_62' title="bbox 962 868 1762 909; baseline 0.004 -14"><span class='ocrx_word' id='word_1_493' title='bbox 962 872 1008 900; x_wconf 88' lang='grc' dir='ltr'>Τίς</span> <span class='ocrx_word' id='word_1_494' title='bbox 1021 868 1050 896; x_wconf 73' lang='grc' dir='ltr'><strong>δὲ</strong></span> <span class='ocrx_word' id='word_1_495' title='bbox 1066 871 1098 896; x_wconf 83' lang='grc' dir='ltr'>τὰ</span> <span class='ocrx_word' id='word_1_496' title='bbox 1107 873 1143 907; x_wconf 80' lang='grc' dir='ltr'><strong><em>μὴ</em></strong></span> <span class='ocrx_word' id='word_1_497' title='bbox 1160 869 1268 907; x_wconf 74' lang='grc' dir='ltr'><strong>ὁμοειδῆ</strong></span> <span class='ocrx_word' id='word_1_498' title='bbox 1287 873 1430 909; x_wconf 77' lang='grc' dir='ltr'>συγκρίνει,</span> <span class='ocrx_word' id='word_1_499' title='bbox 1452 870 1515 897; x_wconf 75' lang='grc' dir='ltr'>ἀλλὰ</span> <span class='ocrx_word' id='word_1_500' title='bbox 1534 872 1566 898; x_wconf 69' lang='grc' dir='ltr'>τά</span> <span class='ocrx_word' id='word_1_501' title='bbox 1593 871 1722 908; x_wconf 71' lang='grc' dir='ltr'>ἓτεροειδῆ</span> <span class='ocrx_word' id='word_1_502' title='bbox 1755 883 1762 889; x_wconf 90' lang='grc'><strong>·</strong></span> 
     </span>
    </p>
   </div>
   <div class='ocr_carea' id='block_1_63' title="bbox 963 915 1762 953">
    <p class='ocr_par' dir='ltr' id='par_1_63' title="bbox 963 915 1762 953">
     <span class='ocr_line' id='line_1_63' title="bbox 963 915 1762 953; baseline 0.003 -12"><span class='ocrx_word' id='word_1_503' title='bbox 963 916 1013 941; x_wconf 81' lang='grc' dir='ltr'><strong>Καὶ</strong></span> <span class='ocrx_word' id='word_1_504' title='bbox 1036 917 1184 952; x_wconf 78' lang='grc' dir='ltr'>συκομορέα</span> <span class='ocrx_word' id='word_1_505' title='bbox 1215 917 1314 953; x_wconf 63' lang='grc' dir='ltr'>σμικρά</span> <span class='ocrx_word' id='word_1_506' title='bbox 1338 915 1440 951; x_wconf 65' lang='grc' dir='ltr'>λξγεται</span> <span class='ocrx_word' id='word_1_507' title='bbox 1463 918 1508 942; x_wconf 81' lang='grc' dir='ltr'>καὶ</span> <span class='ocrx_word' id='word_1_508' title='bbox 1540 916 1626 952; x_wconf 78' lang='grc' dir='ltr'>μειξον</span> <span class='ocrx_word' id='word_1_509' title='bbox 1664 916 1762 953; x_wconf 67' lang='grc' dir='ltr'>κλῆμα,</span> 
     </span>
    </p>
   </div>
   <div class='ocr_carea' id='block_1_64' title="bbox 962 960 1762 998">
    <p class='ocr_par' dir='ltr' id='par_1_64' title="bbox 962 960 1762 998">
     <span class='ocr_line' id='line_1_64' title="bbox 962 960 1762 998; baseline 0.003 -13"><span class='ocrx_word' id='word_1_510' title='bbox 962 960 1028 986; x_wconf 80' lang='grc' dir='ltr'>ὥστε</span> <span class='ocrx_word' id='word_1_511' title='bbox 1042 961 1108 986; x_wconf 76' lang='grc' dir='ltr'>κατά</span> <span class='ocrx_word' id='word_1_512' title='bbox 1130 961 1159 986; x_wconf 83' lang='grc' dir='ltr'>τό</span> <span class='ocrx_word' id='word_1_513' title='bbox 1188 960 1266 986; x_wconf 66' lang='grc' dir='ltr'>αὐτόν</span> <span class='ocrx_word' id='word_1_514' title='bbox 1297 963 1392 996; x_wconf 76' lang='grc' dir='ltr'>χρόνον</span> <span class='ocrx_word' id='word_1_515' title='bbox 1418 962 1447 987; x_wconf 85' lang='grc' dir='ltr'>τὸ</span> <span class='ocrx_word' id='word_1_516' title='bbox 1474 960 1537 987; x_wconf 69' lang='grc' dir='ltr'><strong>αὐτό</strong></span> <span class='ocrx_word' id='word_1_517' title='bbox 1563 964 1672 997; x_wconf 70' lang='grc' dir='ltr'>πρᾶγμα</span> <span class='ocrx_word' id='word_1_518' title='bbox 1695 963 1762 998; x_wconf 76' lang='grc' dir='ltr'><strong>μέγα</strong></span> 
     </span>
    </p>
   </div>
   <div class='ocr_carea' id='block_1_65' title="bbox 956 1004 1760 1042">
    <p class='ocr_par' dir='ltr' id='par_1_65' title="bbox 956 1004 1760 1042">
     <span class='ocr_line' id='line_1_65' title="bbox 956 1004 1760 1042; baseline 0.002 -13"><span class='ocrx_word' id='word_1_519' title='bbox 956 1006 1002 1030; x_wconf 80' lang='grc' dir='ltr'>καὶ</span> <span class='ocrx_word' id='word_1_520' title='bbox 1016 1006 1121 1041; x_wconf 80' lang='grc' dir='ltr'>μικρὸν,</span> <span class='ocrx_word' id='word_1_521' title='bbox 1142 1007 1187 1030; x_wconf 79' lang='grc' dir='ltr'>καὶ</span> <span class='ocrx_word' id='word_1_522' title='bbox 1213 1004 1324 1031; x_wconf 80' lang='grc' dir='ltr'>ἐναντίον</span> <span class='ocrx_word' id='word_1_523' title='bbox 1353 1004 1416 1031; x_wconf 70' lang='grc' dir='ltr'>αὐτὸ</span> <span class='ocrx_word' id='word_1_524' title='bbox 1445 1005 1480 1036; x_wconf 76' lang='grc' dir='ltr'><strong>εἷς</strong></span> <span class='ocrx_word' id='word_1_525' title='bbox 1507 1004 1595 1040; x_wconf 77' lang='grc' dir='ltr'>ἑαυτὸ,</span> <span class='ocrx_word' id='word_1_526' title='bbox 1624 1005 1685 1042; x_wconf 76' lang='grc' dir='ltr'><strong>ὅπερ</strong></span> <span class='ocrx_word' id='word_1_527' title='bbox 1710 1010 1760 1031; x_wconf 81' lang='grc' dir='ltr'>τῶν</span> 
     </span>
    </p>
   </div>
   <div class='ocr_carea' id='block_1_66' title="bbox 957 1047 1758 1087">
    <p class='ocr_par' dir='ltr' id='par_1_66' title="bbox 957 1047 1758 1087">
     <span class='ocr_line' id='line_1_66' title="bbox 957 1047 1758 1087; baseline 0.004 -13"><span class='ocrx_word' id='word_1_528' title='bbox 957 1047 1101 1077; x_wconf 67' lang='grc' dir='ltr'>ἀδυνάτων.</span> <span class='ocrx_word' id='word_1_529' title='bbox 1114 1051 1153 1076; x_wconf 76' lang='grc' dir='ltr'><strong>Τά</strong></span> <span class='ocrx_word' id='word_1_530' title='bbox 1167 1052 1211 1086; x_wconf 69' lang='grc' dir='ltr'><strong>μὲν</strong></span> <span class='ocrx_word' id='word_1_531' title='bbox 1229 1048 1272 1076; x_wconf 75' lang='grc' dir='ltr'>οὖν</span> <span class='ocrx_word' id='word_1_532' title='bbox 1286 1051 1335 1076; x_wconf 73' lang='grc' dir='ltr'>τῶν</span> <span class='ocrx_word' id='word_1_533' title='bbox 1351 1049 1375 1076; x_wconf 81' lang='grc' dir='ltr'>ἐν</span> <span class='ocrx_word' id='word_1_534' title='bbox 1393 1051 1490 1086; x_wconf 66' lang='grc' dir='ltr'><strong>Δγεύσει</strong></span> <span class='ocrx_word' id='word_1_535' title='bbox 1517 1059 1546 1076; x_wconf 85' lang='grc' dir='ltr'><strong>το</strong></span> <span class='ocrx_word' id='word_1_536' title='bbox 1575 1052 1621 1076; x_wconf 80' lang='grc' dir='ltr'>καὶ</span> <span class='ocrx_word' id='word_1_537' title='bbox 1657 1051 1758 1087; x_wconf 72' lang='grc' dir='ltr'>ὁράσει,</span> 
     </span>
    </p>
   </div>
   <div class='ocr_carea' id='block_1_67' title="bbox 956 1094 1760 1132">
    <p class='ocr_par' dir='ltr' id='par_1_67' title="bbox 956 1094 1760 1132">
     <span class='ocr_line' id='line_1_67' title="bbox 956 1094 1760 1132; baseline 0.001 -12"><span class='ocrx_word' id='word_1_538' title='bbox 956 1094 1036 1129; x_wconf 75' lang='grc' dir='ltr'>ἣγουν</span> <span class='ocrx_word' id='word_1_539' title='bbox 1061 1094 1232 1130; x_wconf 71' lang='grc' dir='ltr'>γλυκύτητος,</span> <span class='ocrx_word' id='word_1_540' title='bbox 1259 1094 1429 1126; x_wconf 72' lang='grc' dir='ltr'>ὰλυκύτητος,</span> <span class='ocrx_word' id='word_1_541' title='bbox 1466 1095 1632 1132; x_wconf 73' lang='grc' dir='ltr'>θερμότητος,</span> <span class='ocrx_word' id='word_1_542' title='bbox 1655 1095 1760 1132; x_wconf 69' lang='grc' dir='ltr'>ψυχρᾶ-</span> 
     </span>
    </p>
   </div>
   <div class='ocr_carea' id='block_1_68' title="bbox 955 1138 1760 1176">
    <p class='ocr_par' dir='ltr' id='par_1_68' title="bbox 955 1138 1760 1176">
     <span class='ocr_line' id='line_1_68' title="bbox 955 1138 1760 1176; baseline 0.002 -12"><span class='ocrx_word' id='word_1_543' title='bbox 955 1148 1043 1172; x_wconf 77' lang='grc' dir='ltr'>τητος,</span> <span class='ocrx_word' id='word_1_544' title='bbox 1065 1138 1220 1170; x_wconf 73' lang='grc' dir='ltr'>λευκότητος</span> <span class='ocrx_word' id='word_1_545' title='bbox 1248 1143 1300 1166; x_wconf 83' lang='grc' dir='ltr'>οῖον</span> <span class='ocrx_word' id='word_1_546' title='bbox 1325 1142 1368 1166; x_wconf 82' lang='grc' dir='ltr'><strong>καὶ</strong></span> <span class='ocrx_word' id='word_1_547' title='bbox 1394 1139 1511 1176; x_wconf 80' lang='grc' dir='ltr'>μέλανος,</span> <span class='ocrx_word' id='word_1_548' title='bbox 1542 1139 1620 1170; x_wconf 77' lang='grc' dir='ltr'>ἀκοῆς</span> <span class='ocrx_word' id='word_1_549' title='bbox 1648 1149 1674 1166; x_wconf 75' lang='grc' dir='ltr'>τε</span> <span class='ocrx_word' id='word_1_550' title='bbox 1715 1142 1760 1166; x_wconf 80' lang='grc' dir='ltr'>καὶ</span> 
     </span>
    </p>
   </div>
   <div class='ocr_carea' id='block_1_69' title="bbox 957 1182 1756 1220">
    <p class='ocr_par' dir='ltr' id='par_1_69' title="bbox 957 1182 1756 1220">
     <span class='ocr_line' id='line_1_69' title="bbox 957 1182 1756 1220; baseline 0.001 -11"><span class='ocrx_word' id='word_1_551' title='bbox 957 1182 1032 1219; x_wconf 76' lang='grc' dir='ltr'><strong>ἁφῆς,</strong></span> <span class='ocrx_word' id='word_1_552' title='bbox 1048 1185 1135 1219; x_wconf 78' lang='grc' dir='ltr'>τραχὺ</span> <span class='ocrx_word' id='word_1_553' title='bbox 1146 1187 1191 1211; x_wconf 88' lang='grc' dir='ltr'>καὶ</span> <span class='ocrx_word' id='word_1_554' title='bbox 1216 1183 1291 1219; x_wconf 81' lang='grc' dir='ltr'>λεῖον,</span> <span class='ocrx_word' id='word_1_555' title='bbox 1322 1187 1367 1210; x_wconf 73' lang='grc' dir='ltr'>καὶ</span> <span class='ocrx_word' id='word_1_556' title='bbox 1395 1185 1428 1209; x_wconf 74' lang='grc' dir='ltr'>τά</span> <span class='ocrx_word' id='word_1_557' title='bbox 1452 1183 1475 1209; x_wconf 79' lang='grc' dir='ltr'>ἐν</span> <span class='ocrx_word' id='word_1_558' title='bbox 1496 1183 1623 1220; x_wconf 53' lang='grc' dir='ltr'>ὀσφρήσει</span> <span class='ocrx_word' id='word_1_559' title='bbox 1646 1182 1756 1214; x_wconf 67' lang='grc' dir='ltr'>δυσώὸἡ</span> 
     </span>
    </p>
   </div>
   <div class='ocr_carea' id='block_1_70' title="bbox 955 1226 1759 1264">
    <p class='ocr_par' dir='ltr' id='par_1_70' title="bbox 955 1226 1759 1264">
     <span class='ocr_line' id='line_1_70' title="bbox 955 1226 1759 1264; baseline 0.001 -11"><span class='ocrx_word' id='word_1_560' title='bbox 955 1230 1000 1253; x_wconf 82' lang='grc' dir='ltr'>καὶ</span> <span class='ocrx_word' id='word_1_561' title='bbox 1025 1226 1109 1257; x_wconf 64' lang='grc' dir='ltr'><strong>εὐώδη</strong></span> <span class='ocrx_word' id='word_1_562' title='bbox 1137 1231 1182 1254; x_wconf 84' lang='grc' dir='ltr'>καὶ</span> <span class='ocrx_word' id='word_1_563' title='bbox 1203 1231 1272 1264; x_wconf 74' lang='grc' dir='ltr'>μέσοι</span> <span class='ocrx_word' id='word_1_564' title='bbox 1299 1231 1344 1254; x_wconf 83' lang='grc' dir='ltr'>καὶ</span> <span class='ocrx_word' id='word_1_565' title='bbox 1369 1226 1564 1259; x_wconf 69' lang='grc' dir='ltr'>ἀναποδείκτως</span> <span class='ocrx_word' id='word_1_566' title='bbox 1591 1231 1604 1257; x_wconf 77' lang='grc' dir='ltr'><em>ἡ</em></span> <span class='ocrx_word' id='word_1_567' title='bbox 1639 1227 1759 1264; x_wconf 70' lang='grc' dir='ltr'>ἐνάργεια</span> 
     </span>
    </p>
   </div>
   <div class='ocr_carea' id='block_1_71' title="bbox 956 1270 1760 1310">
    <p class='ocr_par' dir='ltr' id='par_1_71' title="bbox 956 1270 1760 1310">
     <span class='ocr_line' id='line_1_71' title="bbox 956 1270 1760 1310; baseline -0.001 -11"><span class='ocrx_word' id='word_1_568' title='bbox 956 1270 1033 1301; x_wconf 75' lang='grc' dir='ltr'><strong>δηλοῖ</strong></span> <span class='ocrx_word' id='word_1_569' title='bbox 1046 1271 1085 1298; x_wconf 84' lang='grc' dir='ltr'><strong>ὁτι</strong></span> <span class='ocrx_word' id='word_1_570' title='bbox 1101 1282 1146 1310; x_wconf 79' lang='grc' dir='ltr'><strong>περ</strong></span> <span class='ocrx_word' id='word_1_571' title='bbox 1158 1276 1203 1300; x_wconf 72' lang='grc' dir='ltr'>τοῦ</span> <span class='ocrx_word' id='word_1_572' title='bbox 1217 1276 1303 1307; x_wconf 75' lang='grc' dir='ltr'>ποιοῦ,</span> <span class='ocrx_word' id='word_1_573' title='bbox 1317 1274 1410 1304; x_wconf 79' lang='grc' dir='ltr'>ὀποίως</span> <span class='ocrx_word' id='word_1_574' title='bbox 1426 1271 1456 1299; x_wconf 77' lang='grc' dir='ltr'><strong>δέ</strong></span> <span class='ocrx_word' id='word_1_575' title='bbox 1470 1275 1514 1299; x_wconf 68' lang='grc' dir='ltr'>καὶ</span> <span class='ocrx_word' id='word_1_576' title='bbox 1539 1273 1572 1299; x_wconf 72' lang='grc' dir='ltr'>τά</span> <span class='ocrx_word' id='word_1_577' title='bbox 1604 1276 1654 1299; x_wconf 78' lang='grc' dir='ltr'>τῶν</span> <span class='ocrx_word' id='word_1_578' title='bbox 1684 1282 1760 1309; x_wconf 80' lang='grc' dir='ltr'><strong>χρω-</strong></span> 
     </span>
    </p>
   </div>
   <div class='ocr_carea' id='block_1_72' title="bbox 938 1373 1762 1411">
    <p class='ocr_par' dir='ltr' id='par_1_72' title="bbox 938 1373 1762 1411">
     <span class='ocr_line' id='line_1_72' title="bbox 938 1373 1762 1411; baseline 0.001 -10"><span class='ocrx_word' id='word_1_579' title='bbox 938 1373 1074 1409; x_wconf 84' lang='lat' dir='ltr'><strong>parlibus</strong></span> <span class='ocrx_word' id='word_1_580' title='bbox 1084 1377 1225 1403; x_wconf 82' lang='lat' dir='ltr'><strong>constans</strong></span> <span class='ocrx_word' id='word_1_581' title='bbox 1242 1375 1272 1402; x_wconf 93' lang='lat' dir='ltr'><strong>in</strong></span> <span class='ocrx_word' id='word_1_582' title='bbox 1288 1375 1381 1403; x_wconf 87' lang='lat' dir='ltr'><strong>altera</strong></span> <span class='ocrx_word' id='word_1_583' title='bbox 1396 1376 1480 1411; x_wconf 88' lang='lat' dir='ltr'><strong>parte</strong></span> <span class='ocrx_word' id='word_1_584' title='bbox 1499 1374 1664 1410; x_wconf 82' lang='lat' dir='ltr'><strong>longiorem</strong></span> <span class='ocrx_word' id='word_1_585' title='bbox 1677 1382 1762 1402; x_wconf 89' lang='lat' dir='ltr'><strong>com-</strong></span> 
     </span>
    </p>
   </div>
   <div class='ocr_carea' id='block_1_73' title="bbox 938 1418 1763 1455">
    <p class='ocr_par' dir='ltr' id='par_1_73' title="bbox 938 1418 1763 1455">
     <span class='ocr_line' id='line_1_73' title="bbox 938 1418 1763 1455; baseline 0.001 -10"><span class='ocrx_word' id='word_1_586' title='bbox 938 1420 1064 1446; x_wconf 88' lang='lat' dir='ltr'><strong>mutatus</strong></span> <span class='ocrx_word' id='word_1_587' title='bbox 1071 1418 1168 1447; x_wconf 81' lang='lat' dir='ltr'><strong>fuerit.</strong></span> <span class='ocrx_word' id='word_1_588' title='bbox 1176 1419 1386 1455; x_wconf 85' lang='lat' dir='ltr'><strong>Atqueidcirco</strong></span> <span class='ocrx_word' id='word_1_589' title='bbox 1394 1419 1550 1447; x_wconf 88' lang='lat' dir='ltr'><strong>aliusmodi</strong></span> <span class='ocrx_word' id='word_1_590' title='bbox 1557 1419 1672 1452; x_wconf 83' lang='lat' dir='ltr'><strong>evadet,</strong></span> <span class='ocrx_word' id='word_1_591' title='bbox 1680 1427 1763 1447; x_wconf 83' lang='lat' dir='ltr'><strong>nem-</strong></span> 
     </span>
    </p>
   </div>
   <div class='ocr_carea' id='block_1_74' title="bbox 937 1463 1764 1500">
    <p class='ocr_par' dir='ltr' id='par_1_74' title="bbox 937 1463 1764 1500">
     <span class='ocr_line' id='line_1_74' title="bbox 937 1463 1764 1500; baseline 0.001 -10"><span class='ocrx_word' id='word_1_592' title='bbox 937 1471 975 1499; x_wconf 87' lang='lat' dir='ltr'><strong>pe</strong></span> <span class='ocrx_word' id='word_1_593' title='bbox 989 1463 1082 1492; x_wconf 88' lang='lat' dir='ltr'><strong>altera</strong></span> <span class='ocrx_word' id='word_1_594' title='bbox 1094 1466 1178 1500; x_wconf 85' lang='lat' dir='ltr'><strong>parte</strong></span> <span class='ocrx_word' id='word_1_595' title='bbox 1192 1463 1318 1499; x_wconf 75' lang='lat' dir='ltr'><strong>longior,</strong></span> <span class='ocrx_word' id='word_1_596' title='bbox 1331 1464 1387 1491; x_wconf 89' lang='lat' dir='ltr'><strong>Sed</strong></span> <span class='ocrx_word' id='word_1_597' title='bbox 1399 1464 1424 1492; x_wconf 89' lang='lat' dir='ltr'><strong>si</strong></span> <span class='ocrx_word' id='word_1_598' title='bbox 1437 1464 1492 1491; x_wconf 88' lang='lat' dir='ltr'><strong>hos</strong></span> <span class='ocrx_word' id='word_1_599' title='bbox 1505 1471 1647 1491; x_wconf 72' lang='lat' dir='ltr'><strong>numeros</strong></span> <span class='ocrx_word' id='word_1_600' title='bbox 1661 1466 1764 1498; x_wconf 85' lang='lat' dir='ltr'><strong>quate-</strong></span> 
     </span>
    </p>
   </div>
   <div class='ocr_carea' id='block_1_75' title="bbox 937 1507 1763 1544">
    <p class='ocr_par' dir='ltr' id='par_1_75' title="bbox 937 1507 1763 1544">
     <span class='ocr_line' id='line_1_75' title="bbox 937 1507 1763 1544; baseline 0 -9"><span class='ocrx_word' id='word_1_601' title='bbox 937 1515 995 1535; x_wconf 91' lang='lat' dir='ltr'><strong>nus</strong></span> <span class='ocrx_word' id='word_1_602' title='bbox 1004 1510 1074 1536; x_wconf 87' lang='lat' dir='ltr'><strong>sunt</strong></span> <span class='ocrx_word' id='word_1_603' title='bbox 1081 1515 1169 1544; x_wconf 84' lang='lat' dir='ltr'><strong>pares</strong></span> <span class='ocrx_word' id='word_1_604' title='bbox 1179 1508 1461 1544; x_wconf 70' lang='lat' dir='ltr'><strong>consideresmeque</strong></span> <span class='ocrx_word' id='word_1_605' title='bbox 1468 1507 1515 1536; x_wconf 86' lang='lat' dir='ltr'><strong>alii</strong></span> <span class='ocrx_word' id='word_1_606' title='bbox 1523 1515 1620 1544; x_wconf 91' lang='lat' dir='ltr'><strong>neque</strong></span> <span class='ocrx_word' id='word_1_607' title='bbox 1627 1507 1664 1535; x_wconf 84' lang='lat' dir='ltr'><strong>ali</strong></span> <span class='ocrx_word' id='word_1_608' title='bbox 1670 1515 1763 1535; x_wconf 84' lang='lat' dir='ltr'><strong>usmo-</strong></span> 
     </span>
    </p>
   </div>
   <div class='ocr_carea' id='block_1_76' title="bbox 937 1551 1763 1589">
    <p class='ocr_par' dir='ltr' id='par_1_76' title="bbox 937 1551 1763 1589">
     <span class='ocr_line' id='line_1_76' title="bbox 937 1551 1763 1589; baseline 0 -9"><span class='ocrx_word' id='word_1_609' title='bbox 937 1552 966 1580; x_wconf 89' lang='lat' dir='ltr'><strong>di</strong></span> <span class='ocrx_word' id='word_1_610' title='bbox 973 1552 1184 1581; x_wconf 86' lang='lat' dir='ltr'><strong>evadent.Nam</strong></span> <span class='ocrx_word' id='word_1_611' title='bbox 1191 1553 1242 1589; x_wconf 74' lang='lat' dir='ltr'><strong>qui</strong></span> <span class='ocrx_word' id='word_1_612' title='bbox 1249 1552 1377 1589; x_wconf 79' lang='lat' dir='ltr'><strong>copulati</strong></span> <span class='ocrx_word' id='word_1_613' title='bbox 1384 1552 1532 1580; x_wconf 86' lang='lat' dir='ltr'><strong>suntinter</strong></span> <span class='ocrx_word' id='word_1_614' title='bbox 1539 1561 1569 1580; x_wconf 83' lang='lat' dir='ltr'><strong>se</strong></span> <span class='ocrx_word' id='word_1_615' title='bbox 1576 1551 1686 1580; x_wconf 89' lang='lat' dir='ltr'><strong>numeri</strong></span> <span class='ocrx_word' id='word_1_616' title='bbox 1695 1554 1763 1580; x_wconf 90' lang='lat' dir='ltr'><strong>sunt</strong></span> 
     </span>
    </p>
   </div>
   <div class='ocr_carea' id='block_1_77' title="bbox 935 1597 1763 1634">
    <p class='ocr_par' dir='ltr' id='par_1_77' title="bbox 935 1597 1763 1634">
     <span class='ocr_line' id='line_1_77' title="bbox 935 1597 1763 1634; baseline -0.001 -9"><span class='ocrx_word' id='word_1_617' title='bbox 935 1605 1033 1633; x_wconf 83' lang='lat' dir='ltr'><strong>pares,</strong></span> <span class='ocrx_word' id='word_1_618' title='bbox 1047 1599 1074 1625; x_wconf 89' lang='lat' dir='ltr'><strong>et</strong></span> <span class='ocrx_word' id='word_1_619' title='bbox 1081 1597 1133 1634; x_wconf 86' lang='lat' dir='ltr'><strong>qui</strong></span> <span class='ocrx_word' id='word_1_620' title='bbox 1143 1605 1179 1625; x_wconf 81' lang='lat' dir='ltr'><strong>ex</strong></span> <span class='ocrx_word' id='word_1_621' title='bbox 1191 1598 1261 1634; x_wconf 87' lang='lat' dir='ltr'><strong>ipsis</strong></span> <span class='ocrx_word' id='word_1_622' title='bbox 1270 1597 1454 1633; x_wconf 86' lang='lat' dir='ltr'><strong>compositus</strong></span> <span class='ocrx_word' id='word_1_623' title='bbox 1461 1598 1514 1632; x_wconf 89' lang='lat' dir='ltr'><strong>est,</strong></span> <span class='ocrx_word' id='word_1_624' title='bbox 1522 1598 1565 1624; x_wconf 91' lang='lat' dir='ltr'><strong>est</strong></span> <span class='ocrx_word' id='word_1_625' title='bbox 1573 1604 1637 1633; x_wconf 88' lang='lat' dir='ltr'><strong>par.</strong></span> <span class='ocrx_word' id='word_1_626' title='bbox 1649 1597 1670 1629; x_wconf 84' lang='grc' dir='ltr'>Ο</span> <span class='ocrx_word' id='word_1_627' title='bbox 1676 1604 1763 1624; x_wconf 84' lang='lat' dir='ltr'><strong>nam-</strong></span> 
     </span>
    </p>
   </div>
   <div class='ocr_carea' id='block_1_78' title="bbox 935 1641 1763 1678">
    <p class='ocr_par' dir='ltr' id='par_1_78' title="bbox 935 1641 1763 1678">
     <span class='ocr_line' id='line_1_78' title="bbox 935 1641 1763 1678; baseline -0.001 -9"><span class='ocrx_word' id='word_1_628' title='bbox 935 1641 1039 1670; x_wconf 89' lang='lat' dir='ltr'><strong>obrem</strong></span> <span class='ocrx_word' id='word_1_629' title='bbox 1052 1642 1081 1669; x_wconf 90' lang='lat' dir='ltr'><strong>in</strong></span> <span class='ocrx_word' id='word_1_630' title='bbox 1102 1642 1148 1670; x_wconf 88' lang='lat' dir='ltr'><strong>his</strong></span> <span class='ocrx_word' id='word_1_631' title='bbox 1167 1642 1296 1678; x_wconf 83' lang='lat' dir='ltr'><strong>qualitas</strong></span> <span class='ocrx_word' id='word_1_632' title='bbox 1315 1642 1438 1678; x_wconf 86' lang='lat' dir='ltr'><strong>quidem</strong></span> <span class='ocrx_word' id='word_1_633' title='bbox 1469 1643 1655 1669; x_wconf 87' lang='lat' dir='ltr'><strong>commutata</strong></span> <span class='ocrx_word' id='word_1_634' title='bbox 1674 1643 1719 1668; x_wconf 89' lang='lat' dir='ltr'><strong>est</strong></span> <span class='ocrx_word' id='word_1_635' title='bbox 1735 1643 1763 1669; x_wconf 90' lang='lat' dir='ltr'><strong>et</strong></span> 
     </span>
    </p>
   </div>
   <div class='ocr_carea' id='block_1_79' title="bbox 934 1686 1763 1723">
    <p class='ocr_par' dir='ltr' id='par_1_79' title="bbox 934 1686 1763 1723">
     <span class='ocr_line' id='line_1_79' title="bbox 934 1686 1763 1723; baseline -0.001 -9"><span class='ocrx_word' id='word_1_636' title='bbox 934 1686 1134 1714; x_wconf 87' lang='lat' dir='ltr'><strong>intensionem</strong></span> <span class='ocrx_word' id='word_1_637' title='bbox 1154 1687 1294 1723; x_wconf 86' lang='lat' dir='ltr'><strong>suscepit,</strong></span> <span class='ocrx_word' id='word_1_638' title='bbox 1302 1686 1455 1723; x_wconf 86' lang='lat' dir='ltr'><strong>quantitas</strong></span> <span class='ocrx_word' id='word_1_639' title='bbox 1470 1694 1539 1714; x_wconf 83' lang='lat' dir='ltr'><strong>vero</strong></span> <span class='ocrx_word' id='word_1_640' title='bbox 1555 1693 1615 1714; x_wconf 93' lang='lat' dir='ltr'><strong>non</strong></span> <span class='ocrx_word' id='word_1_641' title='bbox 1627 1686 1671 1713; x_wconf 88' lang='lat' dir='ltr'><strong>est</strong></span> <span class='ocrx_word' id='word_1_642' title='bbox 1681 1693 1763 1713; x_wconf 90' lang='lat' dir='ltr'><strong>com-</strong></span> 
     </span>
    </p>
   </div>
   <div class='ocr_carea' id='block_1_80' title="bbox 935 1730 1763 1768">
    <p class='ocr_par' dir='ltr' id='par_1_80' title="bbox 935 1730 1763 1768">
     <span class='ocr_line' id='line_1_80' title="bbox 935 1730 1763 1768; baseline -0.001 -9"><span class='ocrx_word' id='word_1_643' title='bbox 935 1733 1058 1760; x_wconf 81' lang='lat' dir='ltr'><strong>mutata.</strong></span> <span class='ocrx_word' id='word_1_644' title='bbox 1071 1732 1181 1760; x_wconf 85' lang='lat' dir='ltr'><strong>Omnes</strong></span> <span class='ocrx_word' id='word_1_645' title='bbox 1197 1732 1277 1760; x_wconf 89' lang='lat' dir='ltr'><strong>enim</strong></span> <span class='ocrx_word' id='word_1_646' title='bbox 1288 1739 1375 1760; x_wconf 87' lang='lat' dir='ltr'><strong>suam</strong></span> <span class='ocrx_word' id='word_1_647' title='bbox 1391 1730 1588 1768; x_wconf 81' lang='lat' dir='ltr'><strong>quantitatem</strong></span> <span class='ocrx_word' id='word_1_648' title='bbox 1604 1737 1763 1758; x_wconf 82' lang='lat' dir='ltr'><strong>conserva-</strong></span> 
     </span>
    </p>
   </div>
   <div class='ocr_carea' id='block_1_81' title="bbox 934 1776 1760 1813">
    <p class='ocr_par' dir='ltr' id='par_1_81' title="bbox 934 1776 1760 1813">
     <span class='ocr_line' id='line_1_81' title="bbox 934 1776 1760 1813; baseline -0.001 -9"><span class='ocrx_word' id='word_1_649' title='bbox 934 1778 1012 1811; x_wconf 87' lang='lat' dir='ltr'><strong>runt,</strong></span> <span class='ocrx_word' id='word_1_650' title='bbox 1025 1777 1065 1805; x_wconf 90' lang='lat' dir='ltr'><strong>ita</strong></span> <span class='ocrx_word' id='word_1_651' title='bbox 1077 1779 1109 1804; x_wconf 92' lang='lat' dir='ltr'><strong>ut</strong></span> <span class='ocrx_word' id='word_1_652' title='bbox 1123 1776 1184 1804; x_wconf 92' lang='lat' dir='ltr'><strong>duo</strong></span> <span class='ocrx_word' id='word_1_653' title='bbox 1195 1777 1254 1805; x_wconf 91' lang='lat' dir='ltr'><strong>sint</strong></span> <span class='ocrx_word' id='word_1_654' title='bbox 1268 1777 1328 1805; x_wconf 91' lang='lat' dir='ltr'><strong>duo</strong></span> <span class='ocrx_word' id='word_1_655' title='bbox 1345 1786 1351 1803; x_wconf 93' lang='lat'>:</span> <span class='ocrx_word' id='word_1_656' title='bbox 1371 1777 1760 1813; x_wconf 83' lang='lat' dir='ltr'><strong>quatuor,quatuor,etsex,</strong></span> 
     </span>
    </p>
   </div>
   <div class='ocr_carea' id='block_1_82' title="bbox 935 1820 1764 1858">
    <p class='ocr_par' dir='ltr' id='par_1_82' title="bbox 935 1820 1764 1858">
     <span class='ocr_line' id='line_1_82' title="bbox 935 1820 1764 1858; baseline 0.002 -10"><span class='ocrx_word' id='word_1_657' title='bbox 935 1829 996 1850; x_wconf 87' lang='lat' dir='ltr'><strong>sex.</strong></span> <span class='ocrx_word' id='word_1_658' title='bbox 1005 1821 1174 1858; x_wconf 85' lang='lat' dir='ltr'><strong>Atqualitas</strong></span> <span class='ocrx_word' id='word_1_659' title='bbox 1180 1824 1364 1850; x_wconf 89' lang='lat' dir='ltr'><strong>commutata</strong></span> <span class='ocrx_word' id='word_1_660' title='bbox 1371 1821 1582 1850; x_wconf 89' lang='lat' dir='ltr'><strong>estetinteusa.</strong></span> <span class='ocrx_word' id='word_1_661' title='bbox 1590 1820 1661 1848; x_wconf 82' lang='lat' dir='ltr'><strong>Nam</strong></span> <span class='ocrx_word' id='word_1_662' title='bbox 1670 1820 1764 1850; x_wconf 85' lang='lat' dir='ltr'><strong>altera.</strong></span> 
     </span>
    </p>
   </div>
   <div class='ocr_carea' id='block_1_83' title="bbox 934 1864 1762 1902">
    <p class='ocr_par' dir='ltr' id='par_1_83' title="bbox 934 1864 1762 1902">
     <span class='ocr_line' id='line_1_83' title="bbox 934 1864 1762 1902; baseline -0.002 -8"><span class='ocrx_word' id='word_1_663' title='bbox 934 1868 1018 1902; x_wconf 85' lang='lat' dir='ltr'><strong>parte</strong></span> <span class='ocrx_word' id='word_1_664' title='bbox 1028 1865 1146 1901; x_wconf 79' lang='lat' dir='ltr'><strong>longior</strong></span> <span class='ocrx_word' id='word_1_665' title='bbox 1157 1869 1347 1902; x_wconf 85' lang='lat' dir='ltr'><strong>assumptum</strong></span> <span class='ocrx_word' id='word_1_666' title='bbox 1358 1873 1518 1894; x_wconf 75' lang='lat' dir='ltr'><strong>numerum</strong></span> <span class='ocrx_word' id='word_1_667' title='bbox 1546 1873 1583 1893; x_wconf 83' lang='lat' dir='ltr'><strong>ex</strong></span> <span class='ocrx_word' id='word_1_668' title='bbox 1593 1864 1762 1902; x_wconf 65' lang='lat' dir='ltr'><strong>aequalibus</strong></span> 
     </span>
    </p>
   </div>
   <div class='ocr_carea' id='block_1_84' title="bbox 934 1909 1764 1946">
    <p class='ocr_par' dir='ltr' id='par_1_84' title="bbox 934 1909 1764 1946">
     <span class='ocr_line' id='line_1_84' title="bbox 934 1909 1764 1946; baseline -0.002 -8"><span class='ocrx_word' id='word_1_669' title='bbox 934 1910 1069 1946; x_wconf 86' lang='lat' dir='ltr'><strong>partibus</strong></span> <span class='ocrx_word' id='word_1_670' title='bbox 1083 1913 1279 1945; x_wconf 84' lang='lat' dir='ltr'><strong>constantem,</strong></span> <span class='ocrx_word' id='word_1_671' title='bbox 1290 1911 1410 1939; x_wconf 90' lang='lat' dir='ltr'><strong>mutavit</strong></span> <span class='ocrx_word' id='word_1_672' title='bbox 1422 1910 1452 1938; x_wconf 89' lang='lat' dir='ltr'><strong>in</strong></span> <span class='ocrx_word' id='word_1_673' title='bbox 1459 1910 1550 1938; x_wconf 88' lang='lat' dir='ltr'><strong>altera</strong></span> <span class='ocrx_word' id='word_1_674' title='bbox 1556 1912 1639 1946; x_wconf 88' lang='lat' dir='ltr'><strong>parte</strong></span> <span class='ocrx_word' id='word_1_675' title='bbox 1646 1909 1764 1945; x_wconf 85' lang='lat' dir='ltr'><strong>longio-</strong></span> 
     </span>
    </p>
   </div>
   <div class='ocr_carea' id='block_1_85' title="bbox 933 1953 1763 1991">
    <p class='ocr_par' dir='ltr' id='par_1_85' title="bbox 933 1953 1763 1991">
     <span class='ocr_line' id='line_1_85' title="bbox 933 1953 1763 1991; baseline -0.001 -9"><span class='ocrx_word' id='word_1_676' title='bbox 933 1962 997 1982; x_wconf 85' lang='lat' dir='ltr'><strong>rem</strong></span> <span class='ocrx_word' id='word_1_677' title='bbox 1010 1963 1178 1984; x_wconf 78' lang='lat' dir='ltr'><strong>numerum.</strong></span> <span class='ocrx_word' id='word_1_678' title='bbox 1195 1955 1280 1989; x_wconf 89' lang='lat' dir='ltr'><strong>Quod</strong></span> <span class='ocrx_word' id='word_1_679' title='bbox 1291 1954 1590 1991; x_wconf 84' lang='lat' dir='ltr'><strong>siquisdicatlineam</strong></span> <span class='ocrx_word' id='word_1_680' title='bbox 1605 1961 1624 1982; x_wconf 80' lang='grc' dir='ltr'><strong>ιι</strong></span> <span class='ocrx_word' id='word_1_681' title='bbox 1635 1954 1651 1981; x_wconf 88' lang='lat' dir='ltr'><strong>b</strong></span> <span class='ocrx_word' id='word_1_682' title='bbox 1664 1961 1679 1982; x_wconf 77' lang='grc' dir='ltr'><em>ε</em></span> <span class='ocrx_word' id='word_1_683' title='bbox 1690 1953 1763 1990; x_wconf 89' lang='lat' dir='ltr'><strong>quia</strong></span> 
     </span>
    </p>
   </div>
   <div class='ocr_carea' id='block_1_86' title="bbox 933 1999 1761 2036">
    <p class='ocr_par' dir='ltr' id='par_1_86' title="bbox 933 1999 1761 2036">
     <span class='ocr_line' id='line_1_86' title="bbox 933 1999 1761 2036; baseline -0.002 -8"><span class='ocrx_word' id='word_1_684' title='bbox 933 2002 978 2028; x_wconf 88' lang='lat' dir='ltr'><strong>est</strong></span> <span class='ocrx_word' id='word_1_685' title='bbox 994 2000 1149 2036; x_wconf 65' lang='lat' dir='ltr'><strong>inaqualis</strong></span> <span class='ocrx_word' id='word_1_686' title='bbox 1163 2000 1249 2028; x_wconf 79' lang='lat' dir='ltr'><strong>lineae</strong></span> <span class='ocrx_word' id='word_1_687' title='bbox 1265 2000 1282 2027; x_wconf 77' lang='grc' dir='ltr'><strong>ὁ</strong></span> <span class='ocrx_word' id='word_1_688' title='bbox 1290 2008 1306 2028; x_wconf 87' lang='lat' dir='ltr'><strong>c</strong></span> <span class='ocrx_word' id='word_1_689' title='bbox 1316 2000 1406 2028; x_wconf 88' lang='lat' dir='ltr'><strong>etiam</strong></span> <span class='ocrx_word' id='word_1_690' title='bbox 1419 2000 1481 2028; x_wconf 82' lang='lat' dir='ltr'><strong>fore</strong></span> <span class='ocrx_word' id='word_1_691' title='bbox 1493 2000 1618 2028; x_wconf 79' lang='lat' dir='ltr'><strong>fortasse</strong></span> <span class='ocrx_word' id='word_1_692' title='bbox 1629 1999 1761 2027; x_wconf 81' lang='lat' dir='ltr'><strong>dissimi-</strong></span> 
     </span>
    </p>
   </div>
   <div class='ocr_carea' id='block_1_87' title="bbox 932 2043 1762 2081">
    <p class='ocr_par' dir='ltr' id='par_1_87' title="bbox 932 2043 1762 2081">
     <span class='ocr_line' id='line_1_87' title="bbox 932 2043 1762 2081; baseline -0.001 -9"><span class='ocrx_word' id='word_1_693' title='bbox 932 2043 992 2072; x_wconf 89' lang='lat' dir='ltr'><strong>lem</strong></span> <span class='ocrx_word' id='word_1_694' title='bbox 1003 2054 1009 2079; x_wconf 84' lang='lat'><strong>;</strong></span> <span class='ocrx_word' id='word_1_695' title='bbox 1018 2045 1235 2080; x_wconf 86' lang='lat' dir='ltr'><strong>respondemus</strong></span> <span class='ocrx_word' id='word_1_696' title='bbox 1246 2045 1302 2073; x_wconf 93' lang='lat' dir='ltr'><strong>hoc</strong></span> <span class='ocrx_word' id='word_1_697' title='bbox 1309 2053 1369 2073; x_wconf 91' lang='lat' dir='ltr'><strong>non</strong></span> <span class='ocrx_word' id='word_1_698' title='bbox 1377 2045 1512 2073; x_wconf 81' lang='lat' dir='ltr'><strong>accidere</strong></span> <span class='ocrx_word' id='word_1_699' title='bbox 1520 2047 1573 2072; x_wconf 88' lang='lat' dir='ltr'><strong>aut</strong></span> <span class='ocrx_word' id='word_1_700' title='bbox 1583 2047 1704 2081; x_wconf 88' lang='lat' dir='ltr'><strong>propter</strong></span> <span class='ocrx_word' id='word_1_701' title='bbox 1714 2043 1762 2071; x_wconf 89' lang='lat' dir='ltr'><strong>in-</strong></span> 
     </span>
    </p>
   </div>
   <div class='ocr_carea' id='block_1_88' title="bbox 934 2087 1762 2126">
    <p class='ocr_par' dir='ltr' id='par_1_88' title="bbox 934 2087 1762 2126">
     <span class='ocr_line' id='line_1_88' title="bbox 934 2087 1762 2126; baseline -0.001 -10"><span class='ocrx_word' id='word_1_702' title='bbox 934 2089 1101 2117; x_wconf 87' lang='lat' dir='ltr'><strong>tensionem</strong></span> <span class='ocrx_word' id='word_1_703' title='bbox 1108 2089 1448 2123; x_wconf 87' lang='lat' dir='ltr'><strong>autrcmissionem,sed</strong></span> <span class='ocrx_word' id='word_1_704' title='bbox 1456 2091 1575 2126; x_wconf 83' lang='lat' dir='ltr'><strong>propter</strong></span> <span class='ocrx_word' id='word_1_705' title='bbox 1587 2088 1660 2117; x_wconf 90' lang='lat' dir='ltr'><strong>illud</strong></span> <span class='ocrx_word' id='word_1_706' title='bbox 1679 2087 1762 2124; x_wconf 86' lang='lat' dir='ltr'><strong>quod</strong></span> 
     </span>
    </p>
   </div>
   <div class='ocr_carea' id='block_1_89' title="bbox 934 2133 1762 2170">
    <p class='ocr_par' dir='ltr' id='par_1_89' title="bbox 934 2133 1762 2170">
     <span class='ocr_line' id='line_1_89' title="bbox 934 2133 1762 2170; baseline -0.002 -9"><span class='ocrx_word' id='word_1_707' title='bbox 934 2136 979 2161; x_wconf 89' lang='lat' dir='ltr'><strong>est</strong></span> <span class='ocrx_word' id='word_1_708' title='bbox 996 2134 1094 2169; x_wconf 86' lang='lat' dir='ltr'><strong>majus</strong></span> <span class='ocrx_word' id='word_1_709' title='bbox 1104 2135 1131 2161; x_wconf 91' lang='lat' dir='ltr'><strong>et</strong></span> <span class='ocrx_word' id='word_1_710' title='bbox 1148 2135 1248 2161; x_wconf 87' lang='lat' dir='ltr'><strong>minus</strong></span> <span class='ocrx_word' id='word_1_711' title='bbox 1264 2142 1271 2167; x_wconf 92' lang='lat'><strong>;</strong></span> <span class='ocrx_word' id='word_1_712' title='bbox 1285 2134 1369 2170; x_wconf 91' lang='lat' dir='ltr'><strong>quod</strong></span> <span class='ocrx_word' id='word_1_713' title='bbox 1388 2134 1511 2170; x_wconf 86' lang='lat' dir='ltr'><strong>quidem</strong></span> <span class='ocrx_word' id='word_1_714' title='bbox 1531 2141 1593 2162; x_wconf 88' lang='lat' dir='ltr'><strong>non</strong></span> <span class='ocrx_word' id='word_1_715' title='bbox 1606 2133 1645 2161; x_wconf 85' lang='lat' dir='ltr'><strong>ad</strong></span> <span class='ocrx_word' id='word_1_716' title='bbox 1660 2140 1762 2169; x_wconf 86' lang='lat' dir='ltr'><strong>quan-</strong></span> 
     </span>
    </p>
   </div>
   <div class='ocr_carea' id='block_1_90' title="bbox 47 2177 1762 2215">
    <p class='ocr_par' dir='ltr' id='par_1_90' title="bbox 47 2177 1762 2215">
     <span class='ocr_line' id='line_1_90' title="bbox 47 2177 1762 2215; baseline -0.002 -8"><span class='ocrx_word' id='word_1_717' title='bbox 47 2187 111 2207; x_wconf 89' lang='lat' dir='ltr'><strong>non</strong></span> <span class='ocrx_word' id='word_1_718' title='bbox 127 2178 252 2212; x_wconf 82' lang='lat' dir='ltr'><strong>habent,</strong></span> <span class='ocrx_word' id='word_1_719' title='bbox 267 2178 319 2206; x_wconf 89' lang='lat' dir='ltr'><strong>sed</strong></span> <span class='ocrx_word' id='word_1_720' title='bbox 330 2178 444 2215; x_wconf 73' lang='lat' dir='ltr'><strong>mqualc</strong></span> <span class='ocrx_word' id='word_1_721' title='bbox 460 2180 488 2206; x_wconf 93' lang='lat' dir='ltr'><strong>et</strong></span> <span class='ocrx_word' id='word_1_722' title='bbox 502 2177 659 2214; x_wconf 62' lang='lat' dir='ltr'><strong>inaequale.</strong></span> <span class='ocrx_word' id='word_1_723' title='bbox 680 2177 708 2206; x_wconf 92' lang='lat' dir='ltr'><strong>Si</strong></span> <span class='ocrx_word' id='word_1_724' title='bbox 730 2177 819 2213; x_wconf 80' lang='lat' dir='ltr'><strong>igitur</strong></span> <span class='ocrx_word' id='word_1_725' title='bbox 843 2186 878 2206; x_wconf 79' lang='lat' dir='ltr'><strong>ex</strong></span> <span class='ocrx_word' id='word_1_726' title='bbox 898 2186 918 2214; x_wconf 69' lang='grc' dir='ltr'><strong>ί)</strong></span> <span class='ocrx_word' id='word_1_727' title='bbox 934 2178 1060 2211; x_wconf 75' lang='grc' dir='ltr'><strong>ῐίῐαιθηι,</strong></span> <span class='ocrx_word' id='word_1_728' title='bbox 1076 2179 1127 2206; x_wconf 93' lang='lat' dir='ltr'><strong>sed</strong></span> <span class='ocrx_word' id='word_1_729' title='bbox 1154 2178 1194 2206; x_wconf 79' lang='lat' dir='ltr'><strong>ad</strong></span> <span class='ocrx_word' id='word_1_730' title='bbox 1213 2178 1388 2206; x_wconf 86' lang='lat' dir='ltr'><strong>relationem</strong></span> <span class='ocrx_word' id='word_1_731' title='bbox 1420 2178 1546 2214; x_wconf 84' lang='lat' dir='ltr'><strong>pertinet</strong></span> <span class='ocrx_word' id='word_1_732' title='bbox 1565 2177 1762 2214; x_wconf 87' lang='lat' dir='ltr'><strong>quemadmo-</strong></span> 
     </span>
    </p>
   </div>
   <div class='ocr_carea' id='block_1_91' title="bbox 48 2222 878 2258">
    <p class='ocr_par' dir='ltr' id='par_1_91' title="bbox 48 2222 878 2258">
     <span class='ocr_line' id='line_1_91' title="bbox 48 2222 878 2258; baseline -0.002 -6"><span class='ocrx_word' id='word_1_733' title='bbox 48 2224 174 2252; x_wconf 88' lang='lat' dir='ltr'><strong>materia</strong></span> <span class='ocrx_word' id='word_1_734' title='bbox 180 2231 226 2250; x_wconf 87' lang='lat' dir='ltr'><strong>res</strong></span> <span class='ocrx_word' id='word_1_735' title='bbox 233 2223 385 2251; x_wconf 87' lang='lat' dir='ltr'><strong>naturales</strong></span> <span class='ocrx_word' id='word_1_736' title='bbox 393 2223 679 2257; x_wconf 87' lang='lat' dir='ltr'><strong>considerantur,his</strong></span> <span class='ocrx_word' id='word_1_737' title='bbox 686 2222 779 2251; x_wconf 89' lang='lat' dir='ltr'><strong>tribus</strong></span> <span class='ocrx_word' id='word_1_738' title='bbox 785 2230 878 2258; x_wconf 82' lang='lat' dir='ltr'><strong>quan-</strong></span> 
     </span>
    </p>
   </div>
   <div class='ocr_carea' id='block_1_92' title="bbox 48 2267 877 2297">
    <p class='ocr_par' dir='ltr' id='par_1_92' title="bbox 48 2267 877 2297">
     <span class='ocr_line' id='line_1_92' title="bbox 48 2267 877 2297; baseline -0.001 -1"><span class='ocrx_word' id='word_1_739' title='bbox 48 2269 139 2297; x_wconf 89' lang='lat' dir='ltr'><strong>titatis</strong></span> <span class='ocrx_word' id='word_1_740' title='bbox 154 2267 288 2296; x_wconf 87' lang='lat' dir='ltr'><strong>terminis</strong></span> <span class='ocrx_word' id='word_1_741' title='bbox 299 2267 504 2296; x_wconf 88' lang='lat' dir='ltr'><strong>circumscribi</strong></span> <span class='ocrx_word' id='word_1_742' title='bbox 517 2270 544 2295; x_wconf 91' lang='lat' dir='ltr'><strong>et</strong></span> <span class='ocrx_word' id='word_1_743' title='bbox 558 2267 695 2295; x_wconf 87' lang='lat' dir='ltr'><strong>concludi</strong></span> <span class='ocrx_word' id='word_1_744' title='bbox 706 2271 877 2296; x_wconf 89' lang='lat' dir='ltr'><strong>cernuntur.</strong></span> 
     </span>
    </p>
   </div>
   <div class='ocr_carea' id='block_1_93' title="bbox 47 2312 879 2349">
    <p class='ocr_par' dir='ltr' id='par_1_93' title="bbox 47 2312 879 2349">
     <span class='ocr_line' id='line_1_93' title="bbox 47 2312 879 2349; baseline 0 -9"><span class='ocrx_word' id='word_1_745' title='bbox 47 2313 151 2349; x_wconf 90' lang='lat' dir='ltr'><strong>Neque</strong></span> <span class='ocrx_word' id='word_1_746' title='bbox 171 2312 253 2340; x_wconf 89' lang='lat' dir='ltr'><strong>enim</strong></span> <span class='ocrx_word' id='word_1_747' title='bbox 268 2312 447 2341; x_wconf 89' lang='lat' dir='ltr'><strong>commutari</strong></span> <span class='ocrx_word' id='word_1_748' title='bbox 473 2313 581 2349; x_wconf 90' lang='lat' dir='ltr'><strong>poterit</strong></span> <span class='ocrx_word' id='word_1_749' title='bbox 606 2312 751 2340; x_wconf 87' lang='lat' dir='ltr'><strong>medimni</strong></span> <span class='ocrx_word' id='word_1_750' title='bbox 775 2312 879 2340; x_wconf 81' lang='lat' dir='ltr'><strong>farinae</strong></span> 
     </span>
    </p>
   </div>
   <div class='ocr_carea' id='block_1_94' title="bbox 47 2357 879 2394">
    <p class='ocr_par' dir='ltr' id='par_1_94' title="bbox 47 2357 879 2394">
     <span class='ocr_line' id='line_1_94' title="bbox 47 2357 879 2394; baseline -0.002 -8"><span class='ocrx_word' id='word_1_751' title='bbox 47 2357 202 2394; x_wconf 83' lang='lat' dir='ltr'><strong>quantitas</strong></span> <span class='ocrx_word' id='word_1_752' title='bbox 213 2357 244 2385; x_wconf 87' lang='lat' dir='ltr'><strong>in</strong></span> <span class='ocrx_word' id='word_1_753' title='bbox 255 2357 354 2393; x_wconf 85' lang='lat' dir='ltr'><strong>cyathi</strong></span> <span class='ocrx_word' id='word_1_754' title='bbox 362 2357 482 2392; x_wconf 83' lang='lat' dir='ltr'><strong>nigrum</strong></span> <span class='ocrx_word' id='word_1_755' title='bbox 493 2357 582 2394; x_wconf 69' lang='lat' dir='ltr'><strong>sepiae</strong></span> <span class='ocrx_word' id='word_1_756' title='bbox 596 2357 775 2391; x_wconf 88' lang='lat' dir='ltr'><strong>sanguinem</strong></span> <span class='ocrx_word' id='word_1_757' title='bbox 786 2358 879 2384; x_wconf 86' lang='lat' dir='ltr'><strong>conti-</strong></span> 
     </span>
    </p>
   </div>
   <div class='ocr_carea' id='block_1_95' title="bbox 46 2401 877 2438">
    <p class='ocr_par' dir='ltr' id='par_1_95' title="bbox 46 2401 877 2438">
     <span class='ocr_line' id='line_1_95' title="bbox 46 2401 877 2438; baseline 0 -9"><span class='ocrx_word' id='word_1_758' title='bbox 46 2402 144 2430; x_wconf 89' lang='lat' dir='ltr'><strong>nentis</strong></span> <span class='ocrx_word' id='word_1_759' title='bbox 159 2401 369 2438; x_wconf 85' lang='lat' dir='ltr'><strong>quantitatem,</strong></span> <span class='ocrx_word' id='word_1_760' title='bbox 387 2402 439 2430; x_wconf 89' lang='lat' dir='ltr'><strong>sed</strong></span> <span class='ocrx_word' id='word_1_761' title='bbox 465 2401 562 2438; x_wconf 90' lang='lat' dir='ltr'><strong>potuit</strong></span> <span class='ocrx_word' id='word_1_762' title='bbox 592 2401 622 2429; x_wconf 90' lang='lat' dir='ltr'><strong>in</strong></span> <span class='ocrx_word' id='word_1_763' title='bbox 648 2401 694 2429; x_wconf 89' lang='lat' dir='ltr'><strong>his</strong></span> <span class='ocrx_word' id='word_1_764' title='bbox 727 2401 877 2438; x_wconf 80' lang='lat' dir='ltr'><strong>qualitatis</strong></span> 
     </span>
    </p>
   </div>
   <div class='ocr_carea' id='block_1_96' title="bbox 44 2445 878 2482">
    <p class='ocr_par' dir='ltr' id='par_1_96' title="bbox 44 2445 878 2482">
     <span class='ocr_line' id='line_1_96' title="bbox 44 2445 878 2482; baseline 0 -8"><span class='ocrx_word' id='word_1_765' title='bbox 44 2446 187 2475; x_wconf 80' lang='lat' dir='ltr'><strong>exsistere</strong></span> <span class='ocrx_word' id='word_1_766' title='bbox 199 2445 301 2482; x_wconf 87' lang='lat' dir='ltr'><strong>aliqua</strong></span> <span class='ocrx_word' id='word_1_767' title='bbox 307 2446 512 2480; x_wconf 88' lang='lat' dir='ltr'><strong>commutatio,</strong></span> <span class='ocrx_word' id='word_1_768' title='bbox 521 2453 614 2482; x_wconf 86' lang='lat' dir='ltr'><strong>quam</strong></span> <span class='ocrx_word' id='word_1_769' title='bbox 621 2445 739 2482; x_wconf 87' lang='lat' dir='ltr'><strong>quidem</strong></span> <span class='ocrx_word' id='word_1_770' title='bbox 749 2454 878 2474; x_wconf 90' lang='lat' dir='ltr'><strong>commu-</strong></span> 
     </span>
    </p>
   </div>
   <div class='ocr_carea' id='block_1_97' title="bbox 42 2490 877 2519">
    <p class='ocr_par' dir='ltr' id='par_1_97' title="bbox 42 2490 877 2519">
     <span class='ocr_line' id='line_1_97' title="bbox 42 2490 877 2519; baseline -0.001 0"><span class='ocrx_word' id='word_1_771' title='bbox 42 2490 188 2519; x_wconf 87' lang='lat' dir='ltr'><strong>tationem</strong></span> <span class='ocrx_word' id='word_1_772' title='bbox 199 2492 362 2518; x_wconf 88' lang='lat' dir='ltr'><strong>consecuta</strong></span> <span class='ocrx_word' id='word_1_773' title='bbox 382 2492 426 2518; x_wconf 90' lang='lat' dir='ltr'><strong>est</strong></span> <span class='ocrx_word' id='word_1_774' title='bbox 437 2490 575 2518; x_wconf 84' lang='lat' dir='ltr'><strong>remissio</strong></span> <span class='ocrx_word' id='word_1_775' title='bbox 595 2490 770 2518; x_wconf 90' lang='lat' dir='ltr'><strong>etintensio.</strong></span> <span class='ocrx_word' id='word_1_776' title='bbox 789 2492 877 2518; x_wconf 87' lang='lat' dir='ltr'><strong>Porro</strong></span> 
     </span>
    </p>
   </div>
   <div class='ocr_carea' id='block_1_98' title="bbox 41 2533 876 2572">
    <p class='ocr_par' dir='ltr' id='par_1_98' title="bbox 41 2533 876 2572">
     <span class='ocr_line' id='line_1_98' title="bbox 41 2533 876 2572; baseline 0 -10"><span class='ocrx_word' id='word_1_777' title='bbox 41 2534 172 2572; x_wconf 86' lang='lat' dir='ltr'><strong>qualitas</strong></span> <span class='ocrx_word' id='word_1_778' title='bbox 190 2533 284 2562; x_wconf 87' lang='lat' dir='ltr'><strong>altera</strong></span> <span class='ocrx_word' id='word_1_779' title='bbox 303 2543 372 2562; x_wconf 91' lang='lat' dir='ltr'><strong>cum</strong></span> <span class='ocrx_word' id='word_1_780' title='bbox 393 2535 486 2563; x_wconf 84' lang='lat' dir='ltr'><strong>altera</strong></span> <span class='ocrx_word' id='word_1_781' title='bbox 513 2534 653 2570; x_wconf 88' lang='lat' dir='ltr'><strong>copulata</strong></span> <span class='ocrx_word' id='word_1_782' title='bbox 679 2535 876 2563; x_wconf 85' lang='lat' dir='ltr'><strong>intensionem</strong></span> 
     </span>
    </p>
   </div>
   <div class='ocr_carea' id='block_1_99' title="bbox 41 2579 876 2616">
    <p class='ocr_par' dir='ltr' id='par_1_99' title="bbox 41 2579 876 2616">
     <span class='ocr_line' id='line_1_99' title="bbox 41 2579 876 2616; baseline 0.001 -8"><span class='ocrx_word' id='word_1_783' title='bbox 41 2579 159 2612; x_wconf 78' lang='lat' dir='ltr'><strong>etﬁciet,</strong></span> <span class='ocrx_word' id='word_1_784' title='bbox 169 2581 336 2614; x_wconf 87' lang='lat' dir='ltr'><strong>utquatuor</strong></span> <span class='ocrx_word' id='word_1_785' title='bbox 343 2582 533 2608; x_wconf 86' lang='lat' dir='ltr'><strong>estnumerus</strong></span> <span class='ocrx_word' id='word_1_786' title='bbox 542 2587 606 2616; x_wconf 81' lang='lat' dir='ltr'><strong>par,</strong></span> <span class='ocrx_word' id='word_1_787' title='bbox 616 2579 820 2616; x_wconf 90' lang='lat' dir='ltr'><strong>itemqueduo.</strong></span> <span class='ocrx_word' id='word_1_788' title='bbox 828 2583 876 2609; x_wconf 85' lang='lat' dir='ltr'><strong>At-</strong></span> 
     </span>
    </p>
   </div>
   <div class='ocr_carea' id='block_1_100' title="bbox 40 2624 876 2662">
    <p class='ocr_par' dir='ltr' id='par_1_100' title="bbox 40 2624 876 2662">
     <span class='ocr_line' id='line_1_100' title="bbox 40 2624 876 2662; baseline 0 -10"><span class='ocrx_word' id='word_1_789' title='bbox 40 2632 100 2662; x_wconf 90' lang='lat' dir='ltr'><strong>que</strong></span> <span class='ocrx_word' id='word_1_790' title='bbox 112 2624 161 2652; x_wconf 90' lang='lat' dir='ltr'><strong>ille</strong></span> <span class='ocrx_word' id='word_1_791' title='bbox 173 2624 296 2660; x_wconf 87' lang='lat' dir='ltr'><strong>quidem</strong></span> <span class='ocrx_word' id='word_1_792' title='bbox 312 2633 348 2652; x_wconf 77' lang='lat' dir='ltr'><strong>ex</strong></span> <span class='ocrx_word' id='word_1_793' title='bbox 362 2625 530 2661; x_wconf 74' lang='lat' dir='ltr'><strong>aequalibus</strong></span> <span class='ocrx_word' id='word_1_794' title='bbox 541 2625 680 2660; x_wconf 83' lang='lat' dir='ltr'><strong>partibus</strong></span> <span class='ocrx_word' id='word_1_795' title='bbox 693 2625 876 2657; x_wconf 75' lang='lat' dir='ltr'><strong>constat,.liic</strong></span> 
     </span>
    </p>
   </div>
   <div class='ocr_carea' id='block_1_101' title="bbox 42 2669 864 2707">
    <p class='ocr_par' dir='ltr' id='par_1_101' title="bbox 42 2669 864 2707">
     <span class='ocr_line' id='line_1_101' title="bbox 42 2669 864 2707; baseline 0 -9"><span class='ocrx_word' id='word_1_796' title='bbox 42 2678 112 2698; x_wconf 82' lang='lat' dir='ltr'><strong>vero</strong></span> <span class='ocrx_word' id='word_1_797' title='bbox 121 2669 215 2698; x_wconf 88' lang='lat' dir='ltr'><strong>altera</strong></span> <span class='ocrx_word' id='word_1_798' title='bbox 229 2671 311 2705; x_wconf 86' lang='lat' dir='ltr'><strong>parte</strong></span> <span class='ocrx_word' id='word_1_799' title='bbox 318 2673 363 2698; x_wconf 89' lang='lat' dir='ltr'><strong>est</strong></span> <span class='ocrx_word' id='word_1_800' title='bbox 372 2670 499 2705; x_wconf 78' lang='lat' dir='ltr'><strong>longior.</strong></span> <span class='ocrx_word' id='word_1_801' title='bbox 513 2671 586 2699; x_wconf 87' lang='lat' dir='ltr'><strong>Sunt</strong></span> <span class='ocrx_word' id='word_1_802' title='bbox 598 2670 687 2705; x_wconf 83' lang='lat' dir='ltr'><strong>igitur</strong></span> <span class='ocrx_word' id='word_1_803' title='bbox 701 2670 864 2707; x_wconf 71' lang='lat' dir='ltr'><strong>intequales</strong></span> 
     </span>
    </p>
   </div>
   <div class='ocr_carea' id='block_1_102' title="bbox 43 2713 873 2751">
    <p class='ocr_par' dir='ltr' id='par_1_102' title="bbox 43 2713 873 2751">
     <span class='ocr_line' id='line_1_102' title="bbox 43 2713 873 2751; baseline 0.001 -9"><span class='ocrx_word' id='word_1_804' title='bbox 43 2714 128 2748; x_wconf 87' lang='lat' dir='ltr'><strong>Quod</strong></span> <span class='ocrx_word' id='word_1_805' title='bbox 144 2713 169 2741; x_wconf 86' lang='lat' dir='ltr'><strong>si</strong></span> <span class='ocrx_word' id='word_1_806' title='bbox 181 2713 242 2742; x_wconf 90' lang='lat' dir='ltr'><strong>duo</strong></span> <span class='ocrx_word' id='word_1_807' title='bbox 258 2714 287 2742; x_wconf 88' lang='lat' dir='ltr'><strong>hi</strong></span> <span class='ocrx_word' id='word_1_808' title='bbox 303 2715 420 2742; x_wconf 89' lang='lat' dir='ltr'><strong>numeri</strong></span> <span class='ocrx_word' id='word_1_809' title='bbox 435 2715 565 2751; x_wconf 86' lang='lat' dir='ltr'><strong>copulati</strong></span> <span class='ocrx_word' id='word_1_810' title='bbox 579 2714 696 2748; x_wconf 83' lang='lat' dir='ltr'><strong>fuerint,</strong></span> <span class='ocrx_word' id='word_1_811' title='bbox 713 2715 873 2743; x_wconf 86' lang='lat' dir='ltr'><strong>aliusmodi</strong></span> 
     </span>
    </p>
   </div>
   <div class='ocr_carea' id='block_1_103' title="bbox 45 2758 871 2796">
    <p class='ocr_par' dir='ltr' id='par_1_103' title="bbox 45 2758 871 2796">
     <span class='ocr_line' id='line_1_103' title="bbox 45 2758 871 2796; baseline -0.001 -8"><span class='ocrx_word' id='word_1_812' title='bbox 45 2759 184 2788; x_wconf 85' lang='lat' dir='ltr'><strong>evadent.</strong></span> <span class='ocrx_word' id='word_1_813' title='bbox 204 2758 430 2794; x_wconf 87' lang='lat' dir='ltr'><strong>Copulabuntur</strong></span> <span class='ocrx_word' id='word_1_814' title='bbox 442 2759 522 2786; x_wconf 90' lang='lat' dir='ltr'><strong>enim</strong></span> <span class='ocrx_word' id='word_1_815' title='bbox 550 2759 685 2788; x_wconf 84' lang='lat' dir='ltr'><strong>binarius</strong></span> <span class='ocrx_word' id='word_1_816' title='bbox 708 2761 736 2787; x_wconf 90' lang='lat' dir='ltr'><strong>et</strong></span> <span class='ocrx_word' id='word_1_817' title='bbox 754 2762 871 2796; x_wconf 88' lang='lat' dir='ltr'><strong>quater-</strong></span> 
     </span>
    </p>
   </div>
   <div class='ocr_carea' id='block_1_104' title="bbox 46 2802 875 2840">
    <p class='ocr_par' dir='ltr' id='par_1_104' title="bbox 46 2802 875 2840">
     <span class='ocr_line' id='line_1_104' title="bbox 46 2802 875 2840; baseline 0.002 -9"><span class='ocrx_word' id='word_1_818' title='bbox 46 2802 147 2832; x_wconf 74' lang='lat' dir='ltr'><strong>narius</strong></span> <span class='ocrx_word' id='word_1_819' title='bbox 153 2808 310 2832; x_wconf 81' lang='lat' dir='ltr'><strong>numerus.</strong></span> <span class='ocrx_word' id='word_1_820' title='bbox 326 2805 366 2832; x_wconf 79' lang='lat' dir='ltr'><strong>Ac</strong></span> <span class='ocrx_word' id='word_1_821' title='bbox 379 2810 521 2832; x_wconf 72' lang='lat' dir='ltr'><strong>numeru-</strong></span> <span class='ocrx_word' id='word_1_822' title='bbox 527 2802 650 2840; x_wconf 80' lang='lat' dir='ltr'><strong>quidem</strong></span> <span class='ocrx_word' id='word_1_823' title='bbox 657 2810 693 2833; x_wconf 67' lang='grc' dir='ltr'><strong>εχ</strong></span> <span class='ocrx_word' id='word_1_824' title='bbox 705 2803 875 2840; x_wconf 68' lang='lat' dir='ltr'><strong>aequalibus</strong></span> 
     </span>
    </p>
   </div>
   <div class='ocr_carea' id='block_1_105' title="bbox 934 2221 1762 2257">
    <p class='ocr_par' dir='ltr' id='par_1_105' title="bbox 934 2221 1762 2257">
     <span class='ocr_line' id='line_1_105' title="bbox 934 2221 1762 2257; baseline -0.001 -7"><span class='ocrx_word' id='word_1_825' title='bbox 934 2222 1008 2250; x_wconf 89' lang='lat' dir='ltr'><strong>dum</strong></span> <span class='ocrx_word' id='word_1_826' title='bbox 1028 2223 1117 2251; x_wconf 84' lang='lat' dir='ltr'><strong>etiam</strong></span> <span class='ocrx_word' id='word_1_827' title='bbox 1129 2223 1298 2252; x_wconf 86' lang='lat' dir='ltr'><strong>Aristoteles</strong></span> <span class='ocrx_word' id='word_1_828' title='bbox 1314 2223 1343 2250; x_wconf 93' lang='lat' dir='ltr'><strong>in</strong></span> <span class='ocrx_word' id='word_1_829' title='bbox 1358 2222 1519 2257; x_wconf 74' lang='lat' dir='ltr'><strong>Categoriis</strong></span> <span class='ocrx_word' id='word_1_830' title='bbox 1533 2222 1630 2251; x_wconf 90' lang='lat' dir='ltr'><strong>docet.</strong></span> <span class='ocrx_word' id='word_1_831' title='bbox 1643 2224 1676 2251; x_wconf 91' lang='lat' dir='ltr'><strong>Ut</strong></span> <span class='ocrx_word' id='word_1_832' title='bbox 1686 2221 1762 2250; x_wconf 88' lang='lat' dir='ltr'><strong>enim</strong></span> 
     </span>
    </p>
   </div>
   <div class='ocr_carea' id='block_1_106' title="bbox 934 2267 1762 2304">
    <p class='ocr_par' dir='ltr' id='par_1_106' title="bbox 934 2267 1762 2304">
     <span class='ocr_line' id='line_1_106' title="bbox 934 2267 1762 2304; baseline 0 -10"><span class='ocrx_word' id='word_1_833' title='bbox 934 2268 1061 2296; x_wconf 89' lang='lat' dir='ltr'><strong>intensio</strong></span> <span class='ocrx_word' id='word_1_834' title='bbox 1074 2270 1100 2295; x_wconf 82' lang='lat' dir='ltr'><strong>et</strong></span> <span class='ocrx_word' id='word_1_835' title='bbox 1110 2267 1245 2296; x_wconf 87' lang='lat' dir='ltr'><strong>remissio</strong></span> <span class='ocrx_word' id='word_1_836' title='bbox 1257 2276 1318 2296; x_wconf 88' lang='lat' dir='ltr'><strong>non</strong></span> <span class='ocrx_word' id='word_1_837' title='bbox 1330 2267 1445 2295; x_wconf 86' lang='lat' dir='ltr'><strong>ratione</strong></span> <span class='ocrx_word' id='word_1_838' title='bbox 1455 2267 1641 2304; x_wconf 86' lang='lat' dir='ltr'><strong>quantitatis,</strong></span> <span class='ocrx_word' id='word_1_839' title='bbox 1651 2267 1704 2295; x_wconf 85' lang='lat' dir='ltr'><strong>sed</strong></span> <span class='ocrx_word' id='word_1_840' title='bbox 1715 2274 1762 2294; x_wconf 87' lang='lat' dir='ltr'><strong>ra-</strong></span> 
     </span>
    </p>
   </div>
   <div class='ocr_carea' id='block_1_107' title="bbox 935 2311 1761 2348">
    <p class='ocr_par' dir='ltr' id='par_1_107' title="bbox 935 2311 1761 2348">
     <span class='ocr_line' id='line_1_107' title="bbox 935 2311 1761 2348; baseline -0.004 -8"><span class='ocrx_word' id='word_1_841' title='bbox 935 2313 1013 2341; x_wconf 89' lang='lat' dir='ltr'><strong>tione</strong></span> <span class='ocrx_word' id='word_1_842' title='bbox 1025 2312 1175 2348; x_wconf 85' lang='lat' dir='ltr'><strong>qualitatis</strong></span> <span class='ocrx_word' id='word_1_843' title='bbox 1189 2312 1279 2340; x_wconf 85' lang='lat' dir='ltr'><strong>rebus</strong></span> <span class='ocrx_word' id='word_1_844' title='bbox 1294 2312 1444 2345; x_wconf 84' lang='lat' dir='ltr'><strong>accidunt,</strong></span> <span class='ocrx_word' id='word_1_845' title='bbox 1462 2312 1502 2340; x_wconf 86' lang='lat' dir='ltr'><strong>ita</strong></span> <span class='ocrx_word' id='word_1_846' title='bbox 1514 2311 1603 2340; x_wconf 89' lang='lat' dir='ltr'><strong>etiam</strong></span> <span class='ocrx_word' id='word_1_847' title='bbox 1618 2319 1761 2347; x_wconf 86' lang='lat' dir='ltr'><strong>magnum</strong></span> 
     </span>
    </p>
   </div>
   <div class='ocr_carea' id='block_1_108' title="bbox 934 2355 1763 2394">
    <p class='ocr_par' dir='ltr' id='par_1_108' title="bbox 934 2355 1763 2394">
     <span class='ocr_line' id='line_1_108' title="bbox 934 2355 1763 2394; baseline -0.004 -9"><span class='ocrx_word' id='word_1_848' title='bbox 934 2360 962 2385; x_wconf 88' lang='lat' dir='ltr'><strong>et</strong></span> <span class='ocrx_word' id='word_1_849' title='bbox 975 2365 1103 2393; x_wconf 82' lang='lat' dir='ltr'><strong>parvum</strong></span> <span class='ocrx_word' id='word_1_850' title='bbox 1111 2365 1172 2385; x_wconf 92' lang='lat' dir='ltr'><strong>non</strong></span> <span class='ocrx_word' id='word_1_851' title='bbox 1179 2357 1293 2386; x_wconf 87' lang='lat' dir='ltr'><strong>ratione</strong></span> <span class='ocrx_word' id='word_1_852' title='bbox 1300 2356 1472 2394; x_wconf 84' lang='lat' dir='ltr'><strong>quantitatis</strong></span> <span class='ocrx_word' id='word_1_853' title='bbox 1483 2356 1702 2393; x_wconf 87' lang='lat' dir='ltr'><strong>autqualitatis,</strong></span> <span class='ocrx_word' id='word_1_854' title='bbox 1710 2355 1763 2383; x_wconf 87' lang='lat' dir='ltr'><strong>sed</strong></span> 
     </span>
    </p>
   </div>
   <div class='ocr_carea' id='block_1_109' title="bbox 933 2400 1762 2438">
    <p class='ocr_par' dir='ltr' id='par_1_109' title="bbox 933 2400 1762 2438">
     <span class='ocr_line' id='line_1_109' title="bbox 933 2400 1762 2438; baseline -0.002 -8"><span class='ocrx_word' id='word_1_855' title='bbox 933 2403 1047 2431; x_wconf 86' lang='lat' dir='ltr'><strong>ratione</strong></span> <span class='ocrx_word' id='word_1_856' title='bbox 1063 2402 1214 2431; x_wconf 87' lang='lat' dir='ltr'><strong>relationis</strong></span> <span class='ocrx_word' id='word_1_857' title='bbox 1228 2402 1318 2430; x_wconf 90' lang='lat' dir='ltr'><strong>rebus</strong></span> <span class='ocrx_word' id='word_1_858' title='bbox 1338 2401 1488 2430; x_wconf 86' lang='lat' dir='ltr'><strong>accidunt.</strong></span> <span class='ocrx_word' id='word_1_859' title='bbox 1523 2404 1560 2429; x_wconf 89' lang='lat' dir='ltr'><strong>At</strong></span> <span class='ocrx_word' id='word_1_860' title='bbox 1587 2400 1762 2438; x_wconf 86' lang='lat' dir='ltr'><strong>quantitatis</strong></span> 
     </span>
    </p>
   </div>
   <div class='ocr_carea' id='block_1_110' title="bbox 933 2445 1762 2484">
    <p class='ocr_par' dir='ltr' id='par_1_110' title="bbox 933 2445 1762 2484">
     <span class='ocr_line' id='line_1_110' title="bbox 933 2445 1762 2484; baseline -0.002 -9"><span class='ocrx_word' id='word_1_861' title='bbox 933 2447 1049 2483; x_wconf 65' lang='lat' dir='ltr'><strong>aequale</strong></span> <span class='ocrx_word' id='word_1_862' title='bbox 1060 2449 1087 2475; x_wconf 88' lang='lat' dir='ltr'><strong>et</strong></span> <span class='ocrx_word' id='word_1_863' title='bbox 1100 2447 1248 2483; x_wconf 75' lang='lat' dir='ltr'><strong>inaequale</strong></span> <span class='ocrx_word' id='word_1_864' title='bbox 1261 2447 1420 2484; x_wconf 88' lang='lat' dir='ltr'><strong>proprium</strong></span> <span class='ocrx_word' id='word_1_865' title='bbox 1435 2448 1486 2474; x_wconf 88' lang='lat' dir='ltr'><strong>est.</strong></span> <span class='ocrx_word' id='word_1_866' title='bbox 1504 2447 1536 2474; x_wconf 85' lang='lat' dir='ltr'><strong>In</strong></span> <span class='ocrx_word' id='word_1_867' title='bbox 1550 2445 1615 2474; x_wconf 85' lang='lat' dir='ltr'><strong>aliis</strong></span> <span class='ocrx_word' id='word_1_868' title='bbox 1639 2453 1762 2482; x_wconf 88' lang='lat' dir='ltr'><strong>quoque</strong></span> 
     </span>
    </p>
   </div>
   <div class='ocr_carea' id='block_1_111' title="bbox 933 2490 1761 2528">
    <p class='ocr_par' dir='ltr' id='par_1_111' title="bbox 933 2490 1761 2528">
     <span class='ocr_line' id='line_1_111' title="bbox 933 2490 1761 2528; baseline -0.002 -9"><span class='ocrx_word' id='word_1_869' title='bbox 933 2492 1023 2520; x_wconf 84' lang='lat' dir='ltr'><strong>rebus</strong></span> <span class='ocrx_word' id='word_1_870' title='bbox 1039 2491 1278 2520; x_wconf 88' lang='lat' dir='ltr'><strong>animadvertere</strong></span> <span class='ocrx_word' id='word_1_871' title='bbox 1290 2491 1599 2528; x_wconf 86' lang='lat' dir='ltr'><strong>possisintensionem</strong></span> <span class='ocrx_word' id='word_1_872' title='bbox 1615 2493 1642 2518; x_wconf 91' lang='lat' dir='ltr'><strong>ct</strong></span> <span class='ocrx_word' id='word_1_873' title='bbox 1656 2490 1761 2517; x_wconf 89' lang='lat' dir='ltr'><strong>remis-</strong></span> 
     </span>
    </p>
   </div>
   <div class='ocr_carea' id='block_1_112' title="bbox 934 2534 1761 2573">
    <p class='ocr_par' dir='ltr' id='par_1_112' title="bbox 934 2534 1761 2573">
     <span class='ocr_line' id='line_1_112' title="bbox 934 2534 1761 2573; baseline -0.002 -9"><span class='ocrx_word' id='word_1_874' title='bbox 934 2537 1048 2564; x_wconf 84' lang='lat' dir='ltr'><strong>sionem</strong></span> <span class='ocrx_word' id='word_1_875' title='bbox 1065 2544 1131 2564; x_wconf 88' lang='lat' dir='ltr'><strong>esse</strong></span> <span class='ocrx_word' id='word_1_876' title='bbox 1145 2536 1306 2572; x_wconf 85' lang='lat' dir='ltr'><strong>qualitatis,</strong></span> <span class='ocrx_word' id='word_1_877' title='bbox 1324 2536 1439 2573; x_wconf 77' lang='lat' dir='ltr'><strong>aequale</strong></span> <span class='ocrx_word' id='word_1_878' title='bbox 1466 2543 1536 2564; x_wconf 84' lang='lat' dir='ltr'><strong>vero</strong></span> <span class='ocrx_word' id='word_1_879' title='bbox 1562 2537 1589 2563; x_wconf 89' lang='lat' dir='ltr'><strong>et</strong></span> <span class='ocrx_word' id='word_1_880' title='bbox 1614 2534 1761 2571; x_wconf 81' lang='lat' dir='ltr'><strong>inaequale</strong></span> 
     </span>
    </p>
   </div>
   <div class='ocr_carea' id='block_1_113' title="bbox 934 2579 1761 2617">
    <p class='ocr_par' dir='ltr' id='par_1_113' title="bbox 934 2579 1761 2617">
     <span class='ocr_line' id='line_1_113' title="bbox 934 2579 1761 2617; baseline -0.002 -8"><span class='ocrx_word' id='word_1_881' title='bbox 934 2589 1052 2617; x_wconf 86' lang='lat' dir='ltr'><strong>semper</strong></span> <span class='ocrx_word' id='word_1_882' title='bbox 1067 2581 1105 2610; x_wconf 87' lang='lat' dir='ltr'><strong>ad</strong></span> <span class='ocrx_word' id='word_1_883' title='bbox 1118 2582 1316 2617; x_wconf 85' lang='lat' dir='ltr'><strong>quantitatem</strong></span> <span class='ocrx_word' id='word_1_884' title='bbox 1333 2582 1490 2617; x_wconf 81' lang='lat' dir='ltr'><strong>pertinere.</strong></span> <span class='ocrx_word' id='word_1_885' title='bbox 1511 2582 1610 2613; x_wconf 86' lang='lat' dir='ltr'><strong>Quare</strong></span> <span class='ocrx_word' id='word_1_886' title='bbox 1625 2579 1761 2608; x_wconf 87' lang='lat' dir='ltr'><strong>senarius</strong></span> 
     </span>
    </p>
   </div>
   <div class='ocr_carea' id='block_1_114' title="bbox 934 2624 1761 2662">
    <p class='ocr_par' dir='ltr' id='par_1_114' title="bbox 934 2624 1761 2662">
     <span class='ocr_line' id='line_1_114' title="bbox 934 2624 1761 2662; baseline -0.002 -8"><span class='ocrx_word' id='word_1_887' title='bbox 934 2628 962 2654; x_wconf 88' lang='lat' dir='ltr'><strong>ct</strong></span> <span class='ocrx_word' id='word_1_888' title='bbox 974 2625 1115 2654; x_wconf 65' lang='lat' dir='ltr'><strong>denarius</strong></span> <span class='ocrx_word' id='word_1_889' title='bbox 1124 2633 1268 2654; x_wconf 86' lang='lat' dir='ltr'><strong>numerus</strong></span> <span class='ocrx_word' id='word_1_890' title='bbox 1282 2629 1350 2653; x_wconf 90' lang='lat' dir='ltr'><strong>sunt.</strong></span> <span class='ocrx_word' id='word_1_891' title='bbox 1360 2625 1523 2662; x_wconf 60' lang='lat' dir='ltr'><strong>inaequales</strong></span> <span class='ocrx_word' id='word_1_892' title='bbox 1534 2633 1571 2653; x_wconf 84' lang='lat' dir='ltr'><strong>ex</strong></span> <span class='ocrx_word' id='word_1_893' title='bbox 1585 2624 1761 2660; x_wconf 83' lang='lat' dir='ltr'><strong>quantitate,</strong></span> 
     </span>
    </p>
   </div>
   <div class='ocr_carea' id='block_1_115' title="bbox 933 2668 1763 2706">
    <p class='ocr_par' dir='ltr' id='par_1_115' title="bbox 933 2668 1763 2706">
     <span class='ocr_line' id='line_1_115' title="bbox 933 2668 1763 2706; baseline -0.001 -9"><span class='ocrx_word' id='word_1_894' title='bbox 933 2669 1093 2698; x_wconf 77' lang='lat' dir='ltr'><strong>dissimiles</strong></span> <span class='ocrx_word' id='word_1_895' title='bbox 1108 2678 1179 2698; x_wconf 89' lang='lat' dir='ltr'><strong>vero</strong></span> <span class='ocrx_word' id='word_1_896' title='bbox 1190 2672 1259 2698; x_wconf 87' lang='lat' dir='ltr'><strong>sunt</strong></span> <span class='ocrx_word' id='word_1_897' title='bbox 1284 2678 1320 2697; x_wconf 86' lang='lat' dir='ltr'><strong>ex</strong></span> <span class='ocrx_word' id='word_1_898' title='bbox 1348 2670 1502 2706; x_wconf 88' lang='lat' dir='ltr'><strong>qualitate.</strong></span> <span class='ocrx_word' id='word_1_899' title='bbox 1532 2671 1574 2697; x_wconf 86' lang='lat' dir='ltr'><strong>Ac</strong></span> <span class='ocrx_word' id='word_1_900' title='bbox 1606 2668 1763 2697; x_wconf 68' lang='lat' dir='ltr'><strong>odoriferae</strong></span> 
     </span>
    </p>
   </div>
   <div class='ocr_carea' id='block_1_116' title="bbox 933 2714 1763 2751">
    <p class='ocr_par' dir='ltr' id='par_1_116' title="bbox 933 2714 1763 2751">
     <span class='ocr_line' id='line_1_116' title="bbox 933 2714 1763 2751; baseline 0 -9"><span class='ocrx_word' id='word_1_901' title='bbox 933 2715 1086 2751; x_wconf 85' lang='lat' dir='ltr'><strong>qualitatis</strong></span> <span class='ocrx_word' id='word_1_902' title='bbox 1103 2715 1197 2743; x_wconf 87' lang='lat' dir='ltr'><strong>multa</strong></span> <span class='ocrx_word' id='word_1_903' title='bbox 1232 2722 1342 2749; x_wconf 81' lang='lat' dir='ltr'><strong>genera</strong></span> <span class='ocrx_word' id='word_1_904' title='bbox 1366 2715 1493 2750; x_wconf 81' lang='lat' dir='ltr'><strong>reperire</strong></span> <span class='ocrx_word' id='word_1_905' title='bbox 1523 2715 1621 2751; x_wconf 88' lang='lat' dir='ltr'><strong>possis</strong></span> <span class='ocrx_word' id='word_1_906' title='bbox 1646 2714 1763 2742; x_wconf 85' lang='lat' dir='ltr'><strong>iutcnsa</strong></span> 
     </span>
    </p>
   </div>
   <div class='ocr_carea' id='block_1_117' title="bbox 934 2758 1763 2796">
    <p class='ocr_par' dir='ltr' id='par_1_117' title="bbox 934 2758 1763 2796">
     <span class='ocr_line' id='line_1_117' title="bbox 934 2758 1763 2796; baseline -0.002 -8"><span class='ocrx_word' id='word_1_907' title='bbox 934 2762 961 2788; x_wconf 89' lang='lat' dir='ltr'><strong>et</strong></span> <span class='ocrx_word' id='word_1_908' title='bbox 975 2760 1103 2788; x_wconf 85' lang='lat' dir='ltr'><strong>remissa</strong></span> <span class='ocrx_word' id='word_1_909' title='bbox 1115 2768 1151 2788; x_wconf 82' lang='lat' dir='ltr'><strong>ex</strong></span> <span class='ocrx_word' id='word_1_910' title='bbox 1166 2759 1319 2796; x_wconf 84' lang='lat' dir='ltr'><strong>qualitate,</strong></span> <span class='ocrx_word' id='word_1_911' title='bbox 1336 2758 1465 2795; x_wconf 74' lang='lat' dir='ltr'><strong>aequatio</strong></span> <span class='ocrx_word' id='word_1_912' title='bbox 1475 2767 1546 2787; x_wconf 80' lang='lat' dir='ltr'><strong>vero</strong></span> <span class='ocrx_word' id='word_1_913' title='bbox 1562 2762 1590 2787; x_wconf 88' lang='lat' dir='ltr'><strong>et</strong></span> <span class='ocrx_word' id='word_1_914' title='bbox 1604 2758 1763 2795; x_wconf 73' lang='lat' dir='ltr'><strong>inaequalia</strong></span> 
     </span>
    </p>
   </div>
   <div class='ocr_carea' id='block_1_118' title="bbox 932 2803 1763 2841">
    <p class='ocr_par' dir='ltr' id='par_1_118' title="bbox 932 2803 1763 2841">
     <span class='ocr_line' id='line_1_118' title="bbox 932 2803 1763 2841; baseline -0.004 -7"><span class='ocrx_word' id='word_1_915' title='bbox 932 2811 969 2834; x_wconf 81' lang='lat' dir='ltr'><strong>ex</strong></span> <span class='ocrx_word' id='word_1_916' title='bbox 988 2803 1165 2841; x_wconf 83' lang='lat' dir='ltr'><strong>quantitate.</strong></span> <span class='ocrx_word' id='word_1_917' title='bbox 1180 2803 1250 2837; x_wconf 78' lang='lat' dir='ltr'><strong>Quis</strong></span> <span class='ocrx_word' id='word_1_918' title='bbox 1263 2805 1364 2833; x_wconf 79' lang='lat' dir='ltr'><strong>autem</strong></span> <span class='ocrx_word' id='word_1_919' title='bbox 1383 2805 1540 2840; x_wconf 80' lang='lat' dir='ltr'><strong>comparat</strong></span> <span class='ocrx_word' id='word_1_920' title='bbox 1564 2803 1643 2833; x_wconf 75' lang='lat' dir='ltr'><strong>inter</strong></span> <span class='ocrx_word' id='word_1_921' title='bbox 1666 2811 1698 2832; x_wconf 75' lang='lat' dir='ltr'><strong>Ic</strong></span> <span class='ocrx_word' id='word_1_922' title='bbox 1712 2803 1763 2831; x_wconf 73' lang='lat' dir='ltr'><strong>illa</strong></span> 
     </span>
    </p>
   </div>
  </div>
