1967 3080
214 148 277 174 1331

976 142 1023 170 ΑΙ)
1027 141 1140 170 ΒΕΝΒΑ
1145 162 1152 169 .

1857 147 1927 173 I332

226 209 324 245 μάτων.
341 205 434 237 Οὐδεὶς
456 207 506 242 ’γάρ
532 205 613 243 ἐρωτᾷ
639 205 663 232 ἐν
689 210 725 242 τῷ
755 209 873 243 τριγώνῳ
894 209 930 240 τῷ
950 202 1026 239 δείνῳ
1054 204 1079 231 Α
1107 205 1331 241 καιέπιφάσνειαν
1343 215 1388 232 και
1408 208 1520 243 στερεόν.
1552 208 1643 233 Σκόπει
1666 205 1696 233 δὲ
1721 208 1752 233 τὸ
1774 205 1917 243 διάῳορω,

225 252 316 287 λευκῷ,
332 255 418 280 πόσην
434 252 464 277 ἄν
493 252 543 286 ἔχη
576 253 622 279 τὴν
652 251 795 279 λευκότητα
821 251 833 275 ό
862 250 942 275 αὐτοῦ
969 248 1026 274 ἐπι-

227 298 317 333 φάνεια
328 298 430 332 πρὸςτὸ
448 294 521 321 δεῖνα
543 306 549 311 ·
576 296 605 321 τὸ
634 296 685 331 γάρ
711 297 791 321 ποσὸν
816 298 909 321 ποσοῦ.
934 295 968 319 Τὸ
997 291 1026 318 δὲ

225 342 364 378 lentor-ipa
389 342 481 366 τούτου
510 340 526 369 ἢ
554 339 650 366 ἐκείνου
689 343 733 366 τοῦ
761 343 886 376 τριγώνου
921 339 936 367 ἠ
970 337 1025 364 ἔπι-

228 388 317 422 φάνεια
335 385 485 415 ἐπιτάσεως.
498 388 550 415 Τῆς
573 387 710 416 ποιότητος
732 388 794 419 γοῦν
822 385 836 413 ἡ
864 383 990 421 ἐρώτησις
1018 393 1024 398 ⁵

228 430 312 460 ἄνεσις
331 431 380 466 κάρ
391 432 436 455 καὶ
452 429 571 459 ἐπίτασις
596 433 642 455 τοῦ
663 433 749 457 ποιοῦ,
784 431 844 466 Περὶ
870 427 899 454 δὲ
924 432 974 454 τῶν
1002 427 1026 452 ἐν

228 475 331 512 ἀριθμῷ
344 476 487 503 ποιοτήτων
506 475 616 511 εἴρηται.

263 519 296 555 γ’.
325 518 472 554 Ἐγνωσται
497 517 526 544 δὲ
552 521 598 544 καὶ
624 521 708 544 ποσοῦ
730 519 759 544 τὸ
789 521 844 543 ἶσον
869 517 904 548 εἰς
933 517 1028 547 αὐτοὺς

227 566 270 590 καὶ
296 565 325 589 τὸ
346 563 446 594 ἄνισον,
462 564 586 593 ὡσαύτως
601 566 710 589 καὶτῶν
733 562 758 588 ἐν
782 567 818 597 τῷ
844 565 945 598 στερεῷ,
974 566 1024 587 τῶν

229 606 379 644 δέμονάδων
399 610 444 633 καὶ
473 612 518 633 τοῦ
551 608 605 638 ἑνὸς
633 610 745 638 καὶτῆς
778 611 902 644 γραμμῆς
928 616 954 632 τι
982 615 1027 631 και

229 653 377 689 ἐπιφανείας
392 651 474 683 οὑτως
488 654 590 687 γνωστὴ
617 653 632 681 ἠ
661 653 705 688 μὲν
735 652 815 685 μονάς
844 660 1027 688 καταχρηστι-

228 701 280 726 κῶς
298 697 399 732 λέγεται
415 707 458 722 και
476 698 510 724 ἓν.
528 696 603 723 Ἐστι
619 695 648 722 δὲ
674 698 769 732 κυρίως
803 697 883 732 μονάς
909 696 923 724 ἡ
947 698 1026 724 νοητὴ

951 739 1027 770 ἆῠλος

742 787 821 820 Χῦμα
848 787 909 819 γοῦν
937 785 1026 812 νοητὸν

229 831 257 856 ὲκ
287 831 383 860 ταύτης
408 829 518 866 ἀπείρων
540 828 671 865 μονάδων,
699 831 806 865 σχέσεις
836 826 866 854 δὲ
889 837 953 858 τινες
980 837 1025 854 χαι

228 751 273 767 χαι
288 743 359 771 sua;
372 741 419 769 ὕλη
426 752 445 771 ς,
458 741 489 772 ἧς
503 739 586 771 οὐδεὶς
599 741 628 766 ἄν
650 741 760 776 ἐξετάσῃ
789 743 887 766 ποσοῡν
915 749 922 756 ο

228 787 278 823 γάρ
292 785 369 818 οὖσα,
383 790 437 816 πῶς
452 787 476 811 ὲν
492 785 574 821 ἐκείνῃ
604 794 684 811 ποσον
709 793 715 818 ;

232 872 384 910 συνδεσμοί,
411 874 437 905 ἐξ
464 874 498 899 ὧν
524 876 553 899 τὸ
584 872 755 910 διωρισμένον
789 876 855 900 mar}
885 874 975 910 εὑρέθη
1003 882 1029 898 τε

229 928 275 944 χαι
290 917 433 955 διώρισται
449 929 455 935 ·
470 920 550 945 ποσὸν
570 920 615 955 μὲν
648 921 673 944 έν
708 918 829 955 ἀριθμοῖς
858 917 1029 955 διωρισμένον

232 963 378 996 συνέϐη,αὶ
408 965 516 998 σχέσεις
552 961 582 989 δέ
609 973 654 988 και
678 963 779 994 ἐνώσεις
805 973 851 989 χαι
870 964 894 989 οἱ
923 972 1030 998 σχημα-

230 1010 324 1043 τισμοὶ
336 1011 412 1033 τοῦτο
438 1006 547 1034 ἔδωκαν.
579 1008 736 1044 Εὑρίσκεται
767 1006 796 1034 δὲ
822 1013 868 1033 και
892 1009 915 1033 ἐν
942 1007 1031 1036 αὐτοῖς

229 1053 305 1078 τόῡτο
323 1053 369 1078 -αὶ
405 1054 450 1088 μὲν
472 1053 523 1088 γάρ
551 1052 678 1081 αἰσθηταί
700 1048 809 1088 μονάδες
833 1052 907 1078 ἄλλον
936 1053 1030 1087 ἔχουσι

230 1097 315 1132 λόγον,
331 1097 409 1122 αὗται
426 1096 456 1123 δέ
469 1097 544 1122 ἄλλον
559 1107 565 1113 ·
582 1099 606 1122 ἐν
626 1098 676 1133 γάρ
692 1100 750 1128 ταῖς
766 1097 905 1126 αἰσθηταῖς
936 1097 1031 1132 μονάσι

230 1151 275 1167 και
287 1145 344 1172 ταῖς
361 1145 466 1171 νοηταῖς
486 1151 530 1166 και
545 1143 666 1166 κοινωνία
688 1151 733 1166 και
764 1139 887 1178 διαφορά,
899 1149 902 1151 ‘
916 1140 955 1166 ὁτι
979 1141 1030 1176 γάρ

231 1186 244 1210 ό
260 1186 400 1222 τριάκοντα
423 1184 450 1216 ἓξ
472 1186 630 1221 τετράγωνος
645 1184 753 1221 ἀριθμὸς
768 1195 812 1210 χαι
835 1187 859 1211 έν
889 1184 936 1221 ὒλη
967 1185 1031 1210 θεω-

231 1230 353 1266 ρούμενος
373 1231 477 1265 σ-λερεός
491 1231 572 1261 ἐστιν,
594 1230 629 1260 ὡς
652 1239 697 1255 και
720 1232 745 1256 ἐν
771 1232 806 1265 μὴ
830 1230 878 1258 ὕλη
903 1229 996 1260 ἀληθές
1023 1239 1030 1246 ι

232 1273 328 1309 ἔχουσι
357 1271 386 1299 δὲ
404 1275 448 1299 καὶ
477 1275 501 1299 οἱ
526 1273 602 1309 ἄμφω
631 1283 676 1300 και
705 1276 818 1310 στιγμὴν
844 1283 886 1300 χοι-ι
907 1275 1031 1310 γραμμὴν

219 1382 286 1410 qua:
301 1382 361 1402 non
379 1377 449 1403 sunt
464 1375 599 1411 ejusdem
622 1375 736 1410 formas,
762 1375 816 1403 sed
840 1375 959 1403 alterius
985 1375 999 1403 εν
1014 1376 1046 1402 Et

219 1426 396 1454 sycomorch
407 1428 501 1455 parva
510 1420 660 1455 dicuntur,
672 1421 802 1456 itemque
813 1420 930 1456 palmes
948 1420 1046 1455 major

219 1463 336 1491 dicitur.
351 1465 447 1496 Quare
463 1464 569 1492 eodem
581 1467 714 1501 tempore
729 1465 832 1492 eadem
859 1473 906 1492 res
934 1472 1046 1499 magna

219 1508 274 1536 erit
288 1511 313 1536 et
325 1517 418 1545 parva
430 1512 457 1537 et
471 1509 527 1537 sibi
543 1509 691 1537 contraria
706 1510 782 1546 ipsa,
806 1510 889 1546 quod
909 1517 982 1537 sane
993 1509 1045 1537 ﬁe-

1107 249 1175 274 ὃτιὸ
1206 251 1229 275 ἐν
1255 250 1302 286 ῦλῃ
1332 251 1504 287 θεωρούμενος
1527 262 1572 278 χαι
1596 251 1766 288 ἀναλυόμενος
1793 253 1828 277 τά
1854 256 1922 288 τρία

1107 293 1164 328 ἔχει
1179 297 1236 324 τοῖς
1246 296 1349 330 μέρεσιν
1366 304 1371 310 ·
1385 296 1410 321 ἔν
1425 297 1476 332 γάρ
1504 298 1533 322 τὸ
1559 298 1583 322 ὲν
1610 297 1747 326 αἰσθητοῖς
1776 297 1794 325 ἡ
1824 298 1923 329 μονάς,

1107 338 1136 362 τό
1153 336 1182 364 δὲ
1196 338 1221 364 ἕν
1237 339 1293 374 ἔχει
1307 340 1340 365 τά
1353 342 1452 376 πέρατα
1465 341 1495 366 τὸ
1512 351 1529 367 α
1545 339 1563 377 β
1577 351 1604 376 7,
1634 351 1679 366 χαι
1709 342 1777 376 ὁμοῦ
1809 339 1839 366 δὲ
1861 344 1926 370 τοῖς

1107 383 1410 420 μέρισισννε).θὸν,ἓχει
1428 385 1543 411 πάλιντό
1577 395 1594 411 α
1625 384 1642 421 β
1670 395 1699 420 7,
1724 394 1770 410 και
1799 386 1816 413 ἠ
1851 384 1925 419 λοφι-

1108 425 1233 462 ϐανομένη
1253 429 1347 454 τούτου
1363 429 1415 454 οἷον
1427 431 1536 465 γραμμὴ
1555 429 1614 464 ἔχει
1630 431 1659 455 τὸ
1688 439 1705 454 α
1734 428 1753 464 β
1775 439 1794 464 7
1819 431 1845 455 ἐν
1862 429 1926 458 τοῖς

1109 468 1287 507 διωρισμένως
1300 475 1424 508 κειμένοις
1435 482 1555 509 σημειοις
1569 474 1633 502 αὑτῆ
1641 484 1661 508 ς,
1683 483 1729 499 και
1757 474 1774 501 ἠ
1811 474 1925 499 reﬁciat:

1108 516 1242 551 ἐπιφανιια
1252 518 1295 542 τὸν
1310 518 1387 543 αὑτὸν
1411 519 1504 553 τρόπον
1537 520 1568 544 έπ
1600 520 1641 544 mi
1671 519 1777 544 ἑκάστω
1814 520 1923 553 σημείῳ

1109 558 1165 594 ἓχει
1179 562 1208 585 τὸ
1223 559 1268 596 αβ
1284 571 1311 596 γ,
1325 571 1370 587 και
1390 561 1446 588 ὅλον
1458 564 1488 588 τό
1503 564 1604 598 στερεόν
1623 562 1680 597 ἔχει
1701 565 1731 588 τό
1761 571 1779 587 α
1809 561 1828 597 β
1862 572 1879 596 7
1914 572 1921 577 ·

1109 602 1199 634 ἐπειδὴ
1215 607 1264 641 γὰρ
1281 604 1305 631 ἓν
1323 606 1370 642 ὕλη
1387 608 1513 642 μονὰς,ἓν
1535 609 1616 641 ἐστιν,
1645 608 1677 637 ὡς
1701 616 1747 632 και
1772 608 1849 632 Θέων
1871 616 1923 631 και

1109 648 1215 674 Πλάτων
1248 659 1293 675 και
1316 651 1471 687 Πυθαγόρας
1500 650 1595 687 βοῶσι.
1623 654 1658 677 Τό
1688 650 1718 677 δὲ
1744 652 1770 677 ἓν
1799 651 1859 686 ἓχει
1888 654 1921 676 τὸ

1109 702 1125 718 α
1141 692 1159 728 β
1173 703 1190 728 σγ
1206 694 1270 720 εἰναι
1285 694 1345 729 ὕλη,
1363 695 1414 732 ἆρα
1434 705 1511 731 μονοις
1544 696 1601 731 ἔχει
1624 698 1653 721 τό
1683 706 1700 721 α
1724 694 1743 731 β
1772 705 1804 730 γ,
1833 699 1924 720 ταῦτα

1111 735 1140 763 δὲ
1152 747 1197 764 και
1209 742 1245 774 τῷ
1259 743 1362 776 στερεῷ,
1391 750 1435 766 και
1464 744 1495 776 τῇ
1525 742 1668 776 impunita,
1702 750 1748 766 και
1770 744 1804 775 τῇ
1830 750 1921 776 ’γραμ-

1109 786 1215 817 μῇ,και
1239 787 1276 818 τῷ
1305 786 1405 820 σημείῳ
1430 786 1505 810 κοινά
1532 795 1538 801 ·

1109 824 1168 852 οὐδ’
1185 828 1235 853 ὑπό
1258 832 1350 862 ταῦτα,
1380 830 1454 867 ἔτερα
1480 832 1581 867 πέρατα
1602 829 1650 855 κᾶν
1679 831 1740 855 ὅσον
1765 831 1822 856 οἷον
1852 839 1881 855 τε
1903 830 1919 858 ἦ

1110 880 1139 896 το
1154 875 1249 907 ποσὴν⁷
1263 876 1292 899 τὸ
1303 871 1328 899 δ’
1339 874 1399 899 ἄλλο
1415 875 1507 900 τούτου
1524 885 1530 890 -

1568 783 1630 811 olidi
1658 785 1708 822 γάρ
1736 785 1802 820 ὑπὲρ
1832 789 1923 810 ταῦτα

1556 874 1642 910 ἐκείνῳ
1668 875 1700 900 τά
1726 875 1816 900 πάντα
1843 875 1923 899 κοινά

1111 915 1171 953 ἆτιρ
1184 920 1231 942 τοὺ
1243 919 1268 943 ἐν
1283 920 1385 954 μορίοις
1411 922 1466 950 τοῖς
1488 919 1641 954 ἐλαχίστοις
1667 917 1810 954 διαφόρου.
1849 918 1922 944 Πλά-

1111 969 1155 991 τος
1167 962 1217 998 γάρ
1231 971 1274 987 χαι
1297 966 1382 998 μῆκος
1404 972 1449 988 και
1479 962 1562 999 βάθος
1587 973 1631 988 χαι
1659 965 1769 999 γραμμὴ
1788 972 1840 988 χιιι
1864 964 1922 988 ἐπι-

1112 1005 1211 1040 φάνεια,
1223 1008 1297 1032 κοινά
1311 1011 1342 1042 τῇ
1361 1007 1506 1042 ὁμοιότητι.
1523 1007 1599 1038 Τάξει
1611 1006 1640 1033 δὲ
1658 1007 1725 1036 πλὴν
1741 1017 1788 1033 και
1815 1009 1919 1037 νοήσει,

1111 1049 1166 1075 οὗθ’
1183 1050 1230 1079 ὕλη
1247 1049 1286 1084 δὲ,
1301 1050 1352 1076 ἀλλ’
1369 1050 1430 1077 αὐδ¹
1445 1051 1523 1078 ὰῡλια
1537 1063 1543 1068 -
1565 1054 1595 1078 τό
1609 1053 1653 1088 μὲν
1677 1053 1727 1089 γάρ
1759 1051 1860 1086 ἱνυλον,
1889 1061 1921 1077 το

1113 1091 1143 1120 δὲ
1156 1094 1244 1128 ᾶὺλον,
1261 1098 1362 1131 σημείῳ
1378 1094 1408 1122 δὲ
1423 1096 1452 1122 οὔ
1467 1098 1539 1125 κοινὴ
1555 1097 1570 1125 ἠ
1587 1097 1708 1132 ὁμοιότης
1727 1096 1815 1122 αὐτῶν
1841 1106 1848 1112 -
1872 1099 1921 1122 τοῦ

1111 1140 1156 1173 μὲν
1168 1139 1220 1175 γάρ
1234 1139 1286 1170 ἰνὸς
1300 1142 1329 1165 τό
1346 1143 1452 1176 σημεῖον
1465 1142 1499 1171 ὡς
1514 1141 1538 1166 ἓν
1554 1139 1611 1176 ἔχει
1626 1143 1655 1166 τό
1669 1150 1685 1166 α
1712 1139 1732 1176 β
1744 1151 1762 1175 7
1789 1150 1796 1156 -
1827 1140 1921 1165 ὑλικὸν

1111 1183 1162 1219 γάρ
1176 1183 1242 1209 τὸὲν
1260 1194 1266 1200 ·
1283 1185 1311 1210 τὸ
1339 1182 1369 1210 δέ
1401 1184 1540 1220 ἀσώματον
1570 1187 1595 1210 ὅν
1626 1183 1788 1210 ἀδιάστατον
1816 1186 1922 1214 πάντη,

1112 1228 1190 1263 μονάς
1202 1226 1231 1254 δὲ
1245 1232 1322 1254 τοῦτο
1339 1239 1345 1245 ·
1360 1228 1416 1255 οὒτε
1428 1230 1478 1266 ’γάρ
1490 1233 1521 1266 τῇ
1537 1231 1630 1265 σχέσει
1644 1229 1686 1255 ὅτε
1702 1229 1731 1255 οὗ
1747 1230 1796 1254 σὺν
1831 1228 1922 1258 ἄλλοις

1113 1271 1300 1310 ἁπαριθμεῖται
1310 1275 1339 1299 τό
1356 1283 1373 1299 α
1393 1272 1411 1309 β
1425 1284 1442 1309 γ
1457 1275 1525 1310 ἔχει,
1552 1275 1610 1300 οὔτε
1637 1275 1672 1304 ὡς
1699 1277 1747 1300 τοῦ
1775 1273 1867 1310 ἑτέρον
1890 1283 1921 1299 το

1099 1377 1171 1406 dam
1186 1380 1289 1406 suntet
1298 1379 1503 1415 copulationes
1512 1387 1547 1407 ex
1553 1379 1663 1416 quibus
1673 1379 1806 1407 discreta
1830 1387 1935 1415 quan-

1100 1423 1166 1450 titas
1183 1427 1267 1451 eruta
1283 1427 1327 1451 est
1351 1428 1380 1452 et
1407 1432 1549 1461 expressa
1579 1433 1585 1452 :
1622 1432 1692 1452 nam
1728 1424 1935 1460 quantitatem

1099 1467 1258 1495 discretam
1275 1467 1305 1495 in
1321 1468 1529 1496 numerisinde
1539 1468 1698 1502 habemus,
1714 1476 1808 1504 quam
1821 1468 1938 1496 habili-

1100 1514 1183 1544 tates,
1202 1512 1407 1548 copulationes
1435 1515 1464 1541 et
1482 1513 1676 1549 ﬁgurationes
1708 1516 1936 1548 propagarunt.

218 1553 242 1580 ri
261 1553 341 1581 nullo
357 1554 449 1581 modo
464 1556 568 1590 potest.
584 1555 654 1586 Quae
667 1554 758 1587 igitur
787 1554 823 1582 ad
851 1556 1002 1588 gustatum
1017 1557 1046 1581 et
1061 1550 1082 1578 C
1101 1557 1132 1583 ln
1152 1556 1198 1583 his
1217 1557 1296 1584 enim
1309 1557 1437 1585 discreta
1455 1558 1607 1593 quantitas
1625 1557 1781 1593 reperitur.
1795 1556 1937 1584 Uuitates

219 1598 319 1625 visum
336 1599 493 1634 pertinent,
509 1607 618 1635 nempe
637 1599 775 1633 dulcedo,
792 1599 918 1633 salsedo,
954 1599 1044 1632 calor,

220 1642 323 1677 frigus,
342 1642 461 1678 albedo,
483 1643 609 1679 nigredo
627 1644 898 1679 ;itemquequmad
908 1643 1046 1671 auditum

220 1689 248 1714 et
263 1690 374 1714 tactum
390 1687 549 1723 pertinent,
581 1696 722 1724 asperum
754 1691 782 1716 et
808 1688 890 1721 leve;
917 1687 1046 1723 denique

220 1740 288 1767 quae
308 1731 346 1759 ad
358 1732 529 1764 odoratum,
547 1732 745 1766 graveolentia
761 1734 789 1760 et
804 1732 1003 1763 beneolentia,
1020 1734 1047 1760 et

220 1777 328 1803 horum
345 1776 479 1804 omnium
502 1777 612 1811 media,
642 1777 863 1805 evidentissime
888 1780 916 1804 et
942 1777 1047 1813 procul

221 1820 304 1848 omni
321 1820 414 1848 dubio
434 1820 593 1857 qualitates
607 1829 672 1849 esse
688 1823 849 1848 cernuntur
864 1824 892 1849 et
911 1821 1044 1856 judican-

222 1868 278 1892 tur.
296 1865 554 1901 Consimiliterque
568 1865 692 1901 illaque
708 1865 746 1893 ad
756 1865 870 1893 colores
890 1867 1045 1901 pertinent.

222 1911 315 1937 Nemo
334 1910 413 1937 enim
428 1911 591 1944 interrogat
609 1910 646 1937 de
664 1910 720 1937 hoc
748 1910 793 1937 vel
820 1910 870 1938 illo
899 1910 1048 1943 triangulo

221 1957 366 1988 quantam
383 1954 554 1982 albedinem
569 1955 661 1990 ipsius
675 1954 847 1990 superﬁcies
859 1955 969 1982 habeat
980 1963 1047 1983 cum

223 1998 449 2033 hujusvelillius
457 1999 593 2033 trianguli
602 1999 757 2034 superﬁcie
774 2002 948 2035 comparata
959 2008 964 2031 ;
978 2008 1048 2027 nam

223 2044 371 2078 quantum
386 2043 423 2070 ad
438 2044 636 2079 quantitatem
662 2044 798 2079 pertinet.
826 2048 860 2071 At
877 2052 945 2072 cum
957 2044 1048 2079 hujus

223 2086 363 2122 trianguli
377 2087 565 2122 superﬁciem
577 2087 654 2115 illius
675 2088 831 2123 superﬁcie
843 2088 939 2123 magis
948 2088 1049 2116 albam

224 2138 288 2158 esse
303 2130 440 2162 dicimus.
452 2131 509 2158 hoc
525 2131 623 2167 ipsum
640 2135 686 2159 est
705 2132 889 2160 intensionis.
921 2135 958 2160 De
973 2141 1049 2169 qua-

224 2175 304 2202 litate
321 2175 409 2209 igitur
428 2176 618 2211 iuterrogatio
637 2177 799 2205 instituitur
827 2177 898 2214 quia
924 2177 1049 2205 intensio

225 2222 253 2246 et
268 2220 404 2247 remissio
417 2224 486 2248 sunt
499 2221 662 2257 qualitatis.
678 2224 772 2258 Atque
785 2222 849 2250 haec
866 2222 904 2249 de
922 2222 1049 2258 qualita—

225 2263 306 2291 tibus
321 2272 389 2299 quaz
406 2265 517 2292 suntin
532 2266 663 2293 numeris
675 2266 755 2294 dicta
767 2270 846 2293 sunt.

261 2310 288 2336 3.
301 2309 391 2336 Porro
404 2310 577 2345 quantitatis
591 2310 745 2346 aequalitas
769 2313 797 2337 et
818 2309 1005 2346 inaequalitas
1018 2311 1050 2338 in

226 2352 297 2388 ipsis
310 2354 442 2381 numeris
454 2354 612 2390 perspicua
627 2358 672 2382 est
688 2363 694 2382 :
709 2354 875 2389 eodemque
904 2355 995 2382 modo
1019 2355 1049 2382 in

226 2397 328 2425 solidis
341 2397 468 2434 alicujus
483 2399 616 2426 numeris
637 2398 787 2426 Unitatum
812 2401 922 2431 autem,
950 2399 1047 2432 unius,

225 2442 320 2479 lineae,
335 2446 363 2471 et
376 2443 532 2479 superﬁcie
545 2443 700 2478 mqualitas
716 2446 743 2470 et
769 2443 955 2479 inaequalitas
969 2444 1049 2471 hunc

225 2488 255 2515 in
271 2488 397 2516 modum
415 2488 557 2522 cognosci
571 2489 678 2523 potest.
693 2489 734 2515 Ac
761 2488 859 2515 unitas
888 2489 1010 2524 quidem
1022 2491 1051 2517 et

227 2541 320 2560 unum
336 2541 397 2560 non
411 2533 530 2568 proprie
545 2534 727 2567 usurpautur
739 2534 770 2560 ut
781 2532 861 2560 idem
872 2533 1048 2567 signiﬁcent.

227 2578 327 2605 Unitas
341 2580 440 2605 autem
459 2576 578 2613 proprie
592 2579 636 2604 est
645 2576 704 2608 illa.
715 2585 782 2613 quae
798 2577 862 2604 sola
876 2580 974 2606 mente
986 2586 1049 2614 per-

225 2622 283 2657 c1pi
302 2624 409 2657 potest,
425 2625 529 2657 estque
549 2623 632 2648 extra
657 2621 813 2648 materiam
828 2622 913 2656 cujus
930 2623 1050 2658 quanti-

224 2669 317 2694 tatem
333 2674 422 2694 nemo
447 2666 541 2702 possit
572 2666 783 2701 pervestigare.
811 2667 882 2694 Cum
907 2668 985 2694 enim
1015 2669 1051 2696 sit

226 2711 357 2739 materia:
377 2719 481 2747 expers
496 2733 502 2745 ,
515 2710 670 2747 quomodo
680 2710 821 2746 suscipiet
830 2713 1050 2747 quantitatem?

226 2754 610 2789 Ergoﬂumeninﬁnitarum
618 2755 775 2787 unitatum.
788 2755 870 2792 quod
882 2757 1049 2786 solamente

224 2799 337 2842 percipi
342 2802 448 2834 potest,
456 2800 557 2828 abhao
565 2800 632 2835 ipsa
639 2807 780 2836 manans,
787 2800 957 2830 habilitates
967 2809 1049 2838 qua:-

1100 1600 1178 1628 enim
1199 1608 1268 1636 quae
1283 1601 1340 1629 sub
1360 1609 1482 1629 sensum
1502 1601 1706 1629 caduntaliam
1717 1601 1832 1629 habent
1842 1601 1935 1629 ratio

1099 1652 1180 1672 nem.
1202 1646 1250 1672 Hae
1269 1653 1339 1673 vero
1350 1645 1477 1674 unitates
1496 1654 1564 1682 quas
1574 1646 1638 1674 sola
1646 1648 1745 1674 mente
1759 1645 1935 1682 percipiun-

1100 1692 1157 1723 tur,
1174 1689 1263 1717 aliam
1280 1698 1402 1726 quoque
1417 1690 1530 1718 habent
1542 1690 1688 1718 rationem
1711 1698 1718 1723 ;
1732 1698 1807 1717 nam
1822 1690 1854 1717 in
1867 1690 1934 1717 uni-

1099 1733 1209 1760 tatibus
1216 1736 1276 1761 tam
1283 1742 1352 1770 qum
1359 1734 1416 1761 sub
1423 1742 1545 1762 sensum
1555 1734 1766 1770 caduntquam
1779 1741 1852 1769 quae
1872 1742 1887 1760 s
1893 1734 1931 1760 ub

1101 1778 1280 1806 intellectum
1292 1781 1337 1806 est
1347 1780 1511 1807 communio
1518 1782 1546 1807 et
1552 1778 1728 1806 differentia.
1737 1779 1843 1806 Verum
1855 1779 1931 1806 enim

1100 1825 1145 1851 est
1157 1823 1275 1857 triginta
1294 1832 1355 1857 sex,
1374 1824 1557 1860 quadratum
1573 1831 1743 1856 numerum,
1761 1824 1825 1852 sive
1833 1826 1931 1851 mate-

1101 1868 1145 1895 ria
1160 1867 1364 1895 consideretur
1374 1868 1436 1896 sive
1447 1870 1530 1896 extra
1541 1868 1709 1900 materiam,
1719 1876 1787 1896 esse
1799 1867 1933 1895 solidum

1102 1919 1272 1939 numerum.
1290 1913 1386 1948 Atque
1401 1913 1493 1940 ambo
1511 1913 1788 1947 habentpunctum,
1808 1911 1933 1942 lineam.

1103 1956 1292 1992 superﬁciem
1298 1959 1326 1984 et
1332 1956 1519 1985 soliditatem.
1526 1957 1581 1984 Sed
1593 1956 1750 1985 considera
1756 1956 1933 1984 discrimen.

1104 2000 1189 2032 Quod
1212 2001 1354 2028 nimirum
1374 2001 1421 2028 ille
1454 2000 1621 2037 quadratus
1650 2008 1808 2035 numerus,
1831 2001 1886 2036 qui
1905 2000 1933 2027 in

1103 2044 1228 2072 materia
1247 2045 1455 2073 consideratur
1473 2046 1542 2073 etin
1560 2045 1715 2073 materiam
1745 2045 1931 2077 dissolvitur,

1103 2089 1158 2116 tria
1177 2089 1287 2117 habeat
1302 2089 1456 2118 intervalla
1483 2098 1551 2117 cum
1581 2089 1717 2126 partibus
1747 2089 1930 2123 materiatis;

1104 2141 1175 2161 nam
1196 2134 1294 2161 unitas
1307 2137 1352 2161 est
1368 2142 1461 2162 unum
1479 2138 1651 2162 concretum
1667 2136 1823 2170 quatenus
1835 2133 1932 2162 unitas

1103 2178 1134 2205 in
1153 2177 1241 2206 rebus
1267 2178 1325 2206 sub
1354 2186 1477 2206 sensum
1509 2178 1686 2206 cadentibus
1712 2179 1930 2207 consideratur.

1103 2226 1191 2250 Porro
1207 2231 1300 2250 unum
1314 2222 1405 2251 habet
1419 2225 1478 2250 tres
1493 2223 1636 2251 terminos
1650 2231 1701 2251 seu
1721 2225 1781 2250 tres
1801 2223 1880 2250 ﬁnes
1902 2231 1930 2255 α,

1104 2267 1131 2301 ὁ,
1138 2275 1168 2302 c;
1178 2269 1266 2302 atque
1273 2267 1327 2295 hoc
1335 2275 1428 2294 unum
1435 2275 1503 2295 cum
1512 2267 1645 2303 partibus
1651 2270 1838 2302 concretum,
1843 2266 1932 2295 habet

1102 2319 1205 2339 rursus
1211 2320 1229 2339 ιι
1244 2312 1260 2339 b
1267 2319 1291 2339 c.
1300 2311 1389 2347 Ethuj
1395 2319 1429 2339 us
1437 2312 1525 2340 unius
1532 2312 1660 2339 concreti
1667 2314 1784 2347 sumpta
1790 2311 1931 2347 quaelibet

1102 2356 1181 2384 linea
1195 2355 1286 2383 liabet
1297 2363 1326 2390 a,
1339 2356 1366 2388 b,
1382 2363 1407 2389 ι’,
1428 2356 1520 2392 idque
1530 2356 1559 2383 in
1571 2356 1690 2392 punctis
1705 2356 1778 2391 ipsis
1791 2355 1929 2383 distincte

1102 2400 1216 2436 positis.
1230 2401 1264 2428 Et
1278 2400 1378 2436 posita
1392 2400 1566 2436 superﬁcies
1581 2400 1687 2428 eodem
1702 2399 1796 2428 modo
1812 2400 1844 2427 in
1857 2407 1929 2427 uno-

1103 2452 1224 2480 quoque
1241 2447 1351 2480 puncto
1373 2444 1465 2473 habet
1491 2453 1520 2479 a,
1554 2445 1582 2478 b,
1604 2452 1619 2473 c
1636 2447 1685 2478 ;et
1713 2446 1812 2472 totum
1844 2443 1929 2472 deni-

1102 2497 1162 2525 que
1177 2489 1307 2517 solidum
1320 2489 1412 2518 habet
1426 2497 1455 2523 a,
1472 2490 1499 2524 b,
1514 2497 1539 2517 ο.
1554 2489 1703 2522 Quoniam
1718 2491 1819 2516 autem
1832 2489 1929 2516 unitas

1104 2535 1188 2562 estin
1203 2534 1336 2567 materia,
1356 2542 1448 2562 unum
1469 2537 1512 2562 est
1537 2536 1722 2563 concretum.
1754 2535 1788 2561 ut
1817 2533 1928 2563 Theon,

1104 2579 1195 2612 Plato,
1209 2581 1237 2606 et
1256 2579 1441 2615 Pythagoras
1456 2578 1534 2606 clare
1552 2579 1670 2606 docent.
1699 2578 1798 2605 Unum
1829 2581 1928 2605 autem

1103 2624 1176 2659 quia
1195 2626 1239 2651 est
1253 2623 1442 2651 materiatum
1469 2623 1560 2651 habet
1577 2630 1606 2654 a.
1621 2622 1647 2658 b,
1660 2630 1694 2655 σς
1729 2622 1830 2650 unitas
1859 2629 1928 2656 ergo

1104 2671 1242 2696 concreta
1261 2667 1351 2696 habet
1363 2669 1453 2695 etiam
1473 2675 1501 2702 a,
1517 2668 1544 2699 b,
1556 2674 1597 2702 c,’
1634 2669 1725 2702 atque
1751 2666 1818 2694 haec
1843 2665 1927 2694 solidi

1104 2713 1270 2748 superﬁcie,
1285 2712 1380 2744 linem,
1397 2712 1531 2748 etpuucti
1540 2714 1609 2739 sunt
1618 2711 1802 2739 communia.
1831 2711 1927 2746 Neque

1102 2757 1182 2785 enim
1203 2765 1294 2793 supra
1306 2760 1358 2784 aut
1372 2756 1449 2784 infra
1463 2759 1532 2784 sunt
1545 2755 1595 2784 alii
1609 2755 1739 2788 termini,
1774 2763 1829 2782 seu
1844 2755 1925 2785 ﬁnes.

1101 2801 1619 2838 quantumcunqueetqualecunque
1631 2799 1926 2836 sitipsumquantum
