1967 3080
8 134 113 163 1333
489 133 670 162 THEODORI
689 134 712 161 Π
731 131 801 159 IMP.
821 129 865 157 DE

885 129 1113 160 COMMUNIONE
1131 133 1325 164 NATURALL
1693 144 1762 171 1334

9 197 55 223 ἔν
73 198 111 223 τὸ
145 206 166 222 α
190 195 208 232 β
233 205 250 231 γ
281 197 306 221 ἕν
327 194 384 222 ἐστι
410 196 518 221 τούτων·
549 194 625 221 ἅῦλον
650 195 713 232 γάρ·
743 193 810 219 ὥστε
833 193 878 218 καὶ
893 193 916 220 Α
931 202 980 219 των
994 193 1052 219 κατ’
1090 194 1187 222 ἄνεσιν·
1214 199 1288 224 κοινὰ
1307 200 1358 236 γὰρ
1381 201 1415 226 τὰ
1440 201 1548 238 πέρατα,
1577 201 1697 235 ἐπίτασις
1730 203 1764 249 δὲ

15 241 24 247 ν
100 241 108 248 ι
154 242 167 249 Λ
206 244 216 249 -
262 238 296 249 at
450 242 455 249 1
519 241 526 247 υ
602 242 607 247 ι
737 242 761 249 ,,-
792 236 877 249 ..οη
932 238 1030 249 7.1,3
1257 243 1262 249 ι
1347 226 1411 249 «.V
1582 236 1584 238 '

8 241 54 266 ἐν
95 241 228 277 ἀριθμοῖς
256 238 303 266 διὰ
325 249 400 266 τουτο
425 242 474 276 μία
514 241 529 268 ἠ
562 242 686 277 στέρησις
716 242 763 265 τοῦ
789 247 806 263 α
830 236 877 273 βγ

8 290 81 316 τῆς
106 288 220 322 πρώτης
250 282 364 321 μονάδος
389 283 436 311 διὰ
461 286 490 311 τὸ
519 284 596 310 (ialm
667 281 730 310 οὐδὲ
757 282 876 311 ἐπίτασις

8 329 186 365 ἐπινοηθῇ,
203 327 265 356 οὐδὲ
290 329 388 362 ἄνεσις,
415 331 568 365 πανταχόσε
596 327 625 355 δί
651 328 725 354 κοινὰ
750 325 844 362 τὰαβ
859 336 876 361 7

8 375 98 408 εἰσὶ,
138 374 191 400 κᾶν
214 383 241 400 τι
270 373 294 400 ἓν
320 373 380 410 ὕλῃ,
405 375 453 400 adv
474 383 502 399 τι
524 373 549 399 ὲν
578 373 665 409 ἆὺλίᾳ,
695 371 821 408 δέχονται
847 368 877 396 δί

8 422 74 446 καὶ
91 419 172 445 α’.)τὰ
185 419 215 445 οὐ
242 419 311 444 κατὰ
334 419 414 444 ποσὸν
442 420 489 447 τὴν
516 417 637 444 ἐπίτασιν
662 418 678 446 ἡ
705 418 752 446 τὴν
779 415 875 447 ἄνεσιν,

8 464 98 490 ἀλλὰ
109 465 187 490 κατά
200 465 230 490 τὸ
259 464 344 498 ποιὸν,
361 465 395 494 ὡς
415 465 460 490 καὶ
485 464 552 489 κατὰ
574 464 604 489 τὸ
627 464 709 489 ποσόν
735 463 763 487 τὸ
788 460 876 486 ἆνισον

8 511 128 535 καὶτὸ
143 509 214 542 ἴσον,
242 506 285 534 διὸ
313 512 360 534 τοῦ
383 511 428 544 μὶν
452 507 476 534 ἄν
507 508 554 544 ὕλῃ
580 507 726 544 ἀριθμητοῦ
746 506 800 536 ἑνὸς
832 508 877 531 καὶ

12 556 36 583 ἡ
80 555 214 584 σύνθεσις
252 555 298 579 καὶ
323 554 337 582 ἡ
366 551 496 590 διαίρεσις
524 555 569 579 καὶ
593 553 607 578 ὀ
630 551 877 586 πολλπλασιασμός

14 601 76 624 καὶ
110 597 198 624 τᾶλλα
222 595 364 633 ἰδιώματα,
394 597 423 622 οὗ
455 598 484 623 τὸ
519 597 544 622 ἔν
568 600 615 627 τῆς
640 595 705 626 ὕλης
728 595 876 631 ἀποστερεῖ.

16 642 127 668 Ὀπου
146 640 173 668 δ’
189 641 249 676 ὒλη,
279 641 331 667 ἐκεῖ
352 643 396 667 καὶ
421 642 450 667 τὸ
478 651 495 667 α
527 640 545 677 β
565 651 591 676 γ,
613 640 660 666 κᾶν
688 639 712 666 ἰν
746 639 806 675 ὅλῳ,
829 638 877 664 κᾶν

20 688 56 713 ἓν
95 689 196 723 μορίῳ,
225 690 256 716 τῆ
287 684 316 712 δὲ
340 688 404 722 μόνη
434 683 530 722 μόνοὲδι
555 685 602 711 οὐκ
623 686 678 711 ἱστι
707 685 736 710 τὸ
761 694 778 710 α
806 683 824 719 β
847 693 874 719 γ.

21 733 120 758 Ἐπὰν
155 730 186 757 δὲ
222 732 285 768 πρὸς
332 728 517 766 συνδυασμοὺς
547 732 592 756 καὶ
615 730 749 759 συνθέσεις
773 731 877 756 κικινῆ-

24 777 102 802 σθαι
126 781 221 805 νοῆται
244 777 273 802 τὸ
298 776 334 809 ἓν,
363 779 400 810 τῷ
434 775 581 801 συνε)θόντι
604 775 706 810 πάσχει
737 775 782 799 καὶ
812 772 877 801 αὐτὴ

23 823 170 857 σχήματι
196 821 288 855 πάθος,
329 822 359 846 τὸ
386 821 537 856 μετρεῖσθαι
571 823 657 853 ποσῷ,
688 821 734 844 καὶ
760 818 878 844 νοεῖσθαι

26 869 119 899 ποιῷ.
136 864 221 890 Ὥστε
235 865 293 890 οὔτε
311 863 335 889 ἐν
363 867 457 898 νοητῷ,
488 862 601 899 ἀριθμῷ,
631 864 689 888 οὔτε
709 861 734 888 ἐν
758 861 877 896 αἰσθητῷ

23 914 70 944 τῷ
103 912 184 944 ποσῷ
219 908 339 938 ἐπίτασις
374 907 511 943 συμϐαίνει
552 910 597 933 καὶ
626 906 723 939 ἆνισις,
751 905 816 932 ἄλλά
839 909 876 940 τῷ

23 958 114 989 ποιῷ·
132 952 226 982 ἑπιιδὴ
252 955 296 979 καὶ
341 953 442 989 θάτεροι
474 953 524 978 ὑπὸ
545 955 596 978 τῶν
623 961 640 977 α
662 950 680 987 β
709 961 726 986 γ
749 954 877 987 περατοῦν

26 1009 79 1024 ται
110 999 244 1035 περάτων,
274 997 321 1023 κᾶν
359 997 384 1023 ἐν
413 997 491 1026 ὅλοις,
529 996 577 1022 κᾶν
603 995 628 1022 ἐν
672 996 785 1031 μορίοις,
817 995 877 1031 ἆτιρ

29 1047 83 1073 τῆς
112 1052 224 1079 πρωτης
246 1044 290 1068 καὶ
312 1039 475 1068 ἀδιαστάτου
515 1039 639 1077 μονάδος.
668 1039 708 1066 Ἐν
736 1040 787 1075 γὰρ
819 1042 878 1070 τοῖς

30 1091 142 1117 νοητοῖς
158 1086 280 1123 ἀριθμοῖς
299 1089 344 1112 καὶ
359 1088 435 1112 ακαὶ
464 1085 483 1122 β
511 1088 556 1112 καὶ
584 1095 612 1121 γ,
641 1086 669 1111 τὸ
699 1082 802 1110 δἀὐτὸ
832 1086 877 1110 καὶ

31 1136 92 1163 τοῖς
112 1131 255 1162 αἰσθητοῖς
279 1130 338 1168 ἂτιρ
363 1134 409 1161 τῆς
438 1128 602 1156 ἀδιαστάτου
630 1130 730 1160 ταύτης
751 1126 877 1165 μονάδος,

33 1176 85 1202 κᾶν
98 1176 113 1202 ὁ
127 1177 177 1212 μὶν
201 1179 251 1201 τῶν
275 1176 339 1201 Ζσων
368 1174 458 1206 ἄνισος
487 1174 542 1200 κοτ’
568 1173 698 1209 ἐπίτασιν,
725 1174 738 1199 ὁ
760 1171 791 1199 δὴ
817 1173 878 1199 τού-

36 1320 138 1355 Atque
145 1318 197 1346 alii
205 1325 327 1354 quoque
334 1317 429 1346 solido
435 1317 474 1345 ab
479 1317 537 1345 hoc
548 1316 598 1344 illa
605 1316 708 1344 omnia.
715 1316 785 1343 sunt
790 1322 874 1343 com-

36 1364 148 1392 munia
155 1365 280 1399 excepto
287 1364 316 1389 in
324 1361 460 1398 partibus
469 1361 601 1389 minimis
607 1360 778 1388 discrimine
787 1368 792 1393 ;
801 1367 873 1386 nam

35 1408 178 1439 latitudo,
193 1406 359 1441 longitudo,
387 1405 524 1437 altitudo,
552 1404 643 1437 linea,
654 1407 684 1431 et
702 1403 874 1439 superﬁcies

37 1454 111 1480 sunt
135 1450 329 1479 similitudine
358 1457 545 1478 communes.
573 1449 630 1477 Sed
644 1449 668 1476 si
697 1448 833 1476 ordinem
846 1449 876 1475 et

37 1496 273 1524 intellectionem
295 1497 423 1531 spectes,
435 1501 532 1530 neque
547 1493 711 1522 materiam
724 1494 803 1525 sunt,
819 1499 874 1519 ne-

38 1548 101 1576 que
125 1547 248 1576 prorsus
273 1539 406 1567 materiei
433 1540 580 1574 expertes.
612 1539 671 1565 Hoc
684 1536 764 1564 enim
781 1543 875 1564 unum

41 1588 87 1614 est
102 1585 303 1616 materiatum.
329 1583 403 1611 illud
412 1591 484 1611 vero
503 1582 636 1611 materias
655 1589 771 1617 expers.
783 1583 819 1608 At
832 1580 876 1608 in-

40 1632 156 1667 puncto
182 1629 317 1664 ipsorum
342 1636 405 1656 non
431 1630 475 1655 est
500 1626 671 1655 communis
699 1625 872 1653 similitudo.

43 1677 119 1704 Nam
134 1682 170 1702 ex
183 1673 301 1709 punctis
316 1672 367 1700 illa
382 1680 450 1708 quae
465 1674 535 1700 sunt
550 1671 638 1699 unius
667 1670 826 1702 materiati,
843 1671 877 1697 ut

42 1727 140 1747 unum
153 1717 267 1746 habent
284 1724 313 1750 a,
330 1717 357 1749 b,
371 1724 398 1751 ρ,
414 1724 508 1744 unum
520 1715 600 1743 enim
613 1716 657 1743 est
673 1714 874 1743 materiatum.

42 1762 132 1796 Quod
142 1770 212 1790 vero
225 1763 270 1789 est
289 1761 424 1789 materiei
451 1768 557 1797 expers
577 1767 638 1788 non
654 1759 779 1787 omnino
795 1760 877 1786 caret

43 1805 217 1835 intervallis.
235 1807 294 1833 Hoc
307 1808 409 1834 autem
423 1807 467 1833 est
484 1805 581 1832 unitas
600 1812 606 1831 :
619 1811 717 1840 neque
733 1803 812 1831 enim
823 1810 876 1839 per

39 1851 226 1880 habilitatem
234 1850 324 1878 habet
334 1857 363 1882 a,
379 1849 404 1876 ὁ.
422 1857 450 1882 c,
465 1852 517 1877 aut
532 1849 583 1881 ita,
608 1850 640 1876 ut
663 1848 788 1884 quando
804 1855 874 1875 cum

42 1896 107 1924 aliis
117 1897 289 1923 numeratur
313 1894 408 1922 habet
423 1901 452 1927 ιι,
466 1893 481 1921 b
495 1901 521 1921 ι’.
538 1894 640 1929 Neque
669 1892 700 1919 in
716 1892 763 1919 his
783 1894 875 1919 mate-

44 1940 96 1968 riei
107 1939 277 1976 expertibus
303 1938 344 1966 ita
369 1946 466 1966 unum
488 1940 543 1972 est,
575 1940 606 1964 ut
647 1936 721 1964 illud
735 1935 817 1972 quod
832 1937 877 1963 est

47 1985 165 2013 alterius
182 1991 287 2011 unum.
305 1984 402 2016 Quare
428 1983 459 2010 in
485 1982 618 2009 numeris
647 1981 715 2008 ideo
747 1979 876 2017 privatio

50 2029 142 2065 ipsius
155 2037 182 2062 a,
195 2028 221 2063 b,
238 2036 263 2059 c,
281 2027 429 2055 duntaxat
443 2028 487 2054 est
513 2026 618 2062 primae
649 2025 769 2053 unitatis
787 2025 878 2061 :quia

47 2075 112 2102 haec
125 2073 220 2100 unitas
238 2071 371 2100 materiei
398 2079 505 2106 expers
540 2072 592 2098 est.
618 2071 648 2097 In
678 2077 739 2105 qua
753 2069 877 2105 quidem

52 2117 160 2145 unitate
175 2115 302 2152 simplici
310 2122 408 2151 neque
418 2114 546 2142 intensio
558 2121 657 2150 neque
667 2112 803 2140 remissio
810 2120 879 2148 pos-

52 2163 89 2189 sit
103 2160 227 2196 concipi.
239 2161 452 2187 Verumtamen
463 2165 646 2194 quocunque
660 2159 686 2185 te
696 2160 803 2191 vertas,
817 2157 879 2184 sive

53 2206 85 2234 in
97 2205 216 2234 materia
231 2204 292 2232 sive
313 2206 394 2232 extra
422 2203 588 2237 materiam,
618 2201 791 2229 communia
810 2204 880 2229 sunt

54 2259 74 2279 a
91 2250 139 2281 bc.
151 2252 240 2285 atque
268 2248 468 2276 intensionem
493 2249 521 2274 et
546 2246 755 2274 remissionem
781 2246 878 2273 susci-

57 2295 138 2332 piunt
149 2301 209 2322 non
220 2301 256 2321 ex
271 2293 448 2329 quantitate,
461 2291 513 2319 sed
528 2299 564 2319 ex
574 2291 726 2327 qualitate,
743 2292 775 2318 ut
789 2290 878 2318 etiam

57 2348 92 2368 ex
102 2338 261 2375 quantitate
268 2336 385 2373 aequale
393 2340 422 2364 et
428 2335 576 2372 inaquale
585 2335 760 2371 suscipiunt.
769 2335 880 2368 Quam-

57 2384 155 2413 obrem
176 2381 364 2418 compositio,
391 2380 499 2408 divisio
532 2382 561 2408 et
587 2379 654 2408 aliae
680 2379 880 2416 proprietates

59 2429 142 2457 unius
155 2428 184 2456 in
197 2427 323 2455 materia
337 2424 545 2459 numerabilis,
565 2425 665 2461 ipsum
676 2432 772 2452 unum
782 2426 880 2452 mate-

60 2474 101 2501 ria
114 2479 170 2500 non
185 2471 325 2507 spoliant,
337 2478 407 2498 cum
418 2469 471 2497 ubi
485 2472 531 2497 est
543 2469 671 2497 materia
685 2468 728 2496 ibi
738 2467 828 2496 etiam
844 2468 883 2496 sit

61 2517 181 2550 abc;et
193 2516 224 2543 in
240 2517 301 2543 toto
312 2516 340 2543 et
354 2514 385 2542 in
413 2515 520 2551 parte;
545 2516 575 2541 at
602 2513 706 2541 unitati
734 2512 884 2541 duntaxat

62 2561 188 2590 abcuon
202 2560 289 2587 inest.
314 2561 405 2587 Porro
429 2565 499 2586 cum
522 2557 695 2592 intelligitur
718 2556 819 2585 unitas
850 2559 883 2585 ut

64 2604 247 2643 progrediens
269 2605 298 2631 et
324 2610 388 2631 sese
404 2609 585 2638 promovens
599 2602 638 2630 ad
661 2601 883 2638 copulationes.

65 2655 126 2679 tunc
140 2649 310 2678 affectiones
324 2648 388 2676 illas
404 2647 531 2683 suscipit
558 2655 635 2683 quas
660 2646 834 2682 compositae
850 2646 885 2674 ﬁ-

65 2703 137 2731 guris
151 2693 298 2729 suscipere
314 2692 421 2724 solent,
454 2698 564 2726 nempe
580 2693 611 2718 ut
625 2689 791 2726 quantitate
804 2698 885 2718 men-

67 2742 170 2768 suretur
185 2740 213 2765 et
230 2736 374 2773 qualitate
397 2735 587 2770 intelligatur.
611 2735 707 2768 Quare
731 2742 829 2771 neque
855 2735 887 2773 in

67 2789 181 2813 numero
197 2766 250 2809 illc;
258 2781 310 2817 qui
335 2783 435 2818 mente
453 2780 519 2807 sola
543 2779 714 2816 percipitur,
742 2766 839 2815 neque
856 2766 887 2808 in

67 2827 221 2866 quantitate
234 2826 291 2854 sub
312 2832 434 2853 sensum
462 2824 589 2853 cadente
621 2823 698 2852 inest
721 2823 850 2853 intensio
861 2826 891 2853 et

930 239 993 289 ἶτρὸς
1018 238 1211 278 ἁρτιοπεριττον
1251 242 1459 282 άρτιοπὶρίιςτον,
1491 248 1537 272 καὶ
1568 249 1634 284 πρὸς
1655 238 1760 286 mpnf:

931 287 1018 319 ἀρτιον
1047 289 1239 322 πιριτταρτίου.
1269 290 1314 314 καὶ
1348 287 1413 326 τὲρὸς
1450 289 1539 326 ἄρτιον
1575 291 1678 327 ἀρτίου,
1714 296 1760 321 καὶ

929 329 993 364 πρὸς
1032 328 1169 357 ἀσύνθετον
1199 330 1352 367 ἀσυνθέτου,
1388 328 1433 361 καὶ
1466 336 1536 362 κατὰ
1569 338 1629 367 τοὺς
1658 328 1760 370 eum;

930 375 1011 399 Τοῦτο
1029 371 1058 400 δὲ
1083 374 1113 400 οὐ
1138 378 1295 411 ποσότητος,
1325 377 1389 405 ἀλλὰ
1417 381 1566 411 ποιότητος.
1597 384 1648 408 Καὶ
1673 387 1761 410 ταῦτα

930 418 975 453 μὶν
999 416 1043 444 οὖν
1069 418 1125 446 ἔστι
1143 424 1193 446 τῶν
1220 419 1347 458 ἀριθμῶν,
1380 426 1430 449 τῶν
1455 433 1484 451 τε
1510 423 1536 451 ἄν
1571 423 1618 463 ὕλη
1642 430 1687 454 καὶ
1713 427 1760 455 ὰύ-

930 462 982 498 λίᾳ,
1010 467 1136 500 γραμμῆς
1167 463 1197 491 δὲ
1223 468 1268 492 καὶ
1298 465 1445 503 ἐπιφανείας
1471 472 1564 498 ταῦτα.
1587 470 1616 497 Ἡ
1639 473 1685 508 μὲν
1713 473 1761 507 οὖν

930 509 1037 552 γραμμὴ
1074 509 1162 539 ἄνισος
1193 513 1224 539 τῆ
1259 509 1392 552 ἐπιφανείᾳ
1438 515 1506 540 κατὰ
1559 503 1650 550 «om,
1692 503 1759 549 ἄλλῆ

931 550 961 598 6-":
1009 554 1054 578 καὶ
1097 552 1196 598 uigilata-
1229 550 1395 582 ἀπολείπεταέι
1436 558 1487 595 γὰρ
1530 563 1580 585 τῶν
1617 565 1696 598 τριῶν
1728 565 1758 590 τὸ

931 596 950 641 ρ
971 606 998 632 γ,
1036 598 1052 625 ἦ
1094 596 1118 624 δ’
1145 599 1203 634 ἔχίι
1223 601 1253 625 τὸ
1275 609 1293 625 α
1324 598 1354 636 β,
1385 600 1501 628 λείπεται
1527 600 1557 630 δὶ
1581 605 1611 631 τὸ
1632 596 1663 641 -γ,
1689 607 1759 636 ὥστε

932 640 947 670 ἣ
989 642 1040 687 μὲν
1059 641 1185 687 ἐλασσων,
1228 644 1244 672 ἡ
1283 641 1313 670 δὴ
1350 640 1453 680 μείξων.
1496 640 1659 677 Τεθήτωσανγ
1693 655 1756 687 γοῦν

931 687 946 716 ἠ
979 696 996 712 α
1025 685 1043 722 β
1071 697 1088 722 γ
1120 686 1138 714 δ
1170 698 1181 714 ι
1209 688 1226 719 ξ
1262 687 1405 726 imperium,
1459 692 1587 725 ὡσαύτως
1631 693 1662 721 δί
1696 685 1757 724 ’καὶ

931 733 946 760 ἠ
968 731 994 764 αξ
1015 730 1034 767 β
1064 742 1081 767 ν
1111 730 1128 758 δ
1161 732 1305 769 ἄπιφάνιια,
1335 735 1485 764 τεθήτωσαν
1510 735 1540 764 δί
1563 740 1608 775 καὶ
1633 730 1657 769 ἦν
1674 730 1755 779 αβπι

1557 809 1581 834 Δ

981 921 1002 948 Α
1286 926 1306 953 3
1443 920 1461 945 Ζ
1685 934 1693 954 ς

970 1045 988 1068 ᾳ

977 1091 996 1117 Γ
1283 1098 1302 1124 ο
1428 1079 1454 1104 ε

927 1315 1135 1349 remissio,sed
1150 1315 1181 1343 in
1193 1316 1337 1352 qualitate
1350 1325 1358 1346 :
1374 1318 1624 1356 quandoquidem
1634 1320 1753 1357 utrique

927 1359 1046 1387 numeri
1056 1362 1084 1387 et
1099 1360 1129 1387 hi
1143 1361 1197 1396 qui
1220 1361 1277 1389 sub
1296 1369 1420 1390 sensum
1449 1363 1564 1392 cadunt
1583 1367 1612 1392 et
1637 1364 1679 1393 illi
1699 1365 1753 1402 qui

928 1406 1027 1431 mente
1038 1404 1241 1440 percipiuntur
1263 1406 1397 1435 terminis
1411 1415 1430 1435 a
1445 1407 1461 1434 b
1475 1415 1491 1436 c
1505 1408 1754 1437 circumscribun-

928 1451 977 1476 tur
990 1451 1018 1476 et
1032 1449 1228 1477 terminantur
1241 1451 1304 1478 tam
1333 1458 1370 1479 ex
1391 1452 1452 1479 toto
1477 1459 1572 1488 quam
1593 1460 1630 1481 ex
1658 1456 1752 1489 parte.

929 1494 1052 1528 excepta
1064 1492 1162 1529 prima
1175 1493 1286 1522 scilicet
1300 1495 1398 1522 omnis
1411 1495 1557 1524 intervalli
1569 1500 1689 1533 experte
1701 1499 1754 1527 uni

895 1534 914 1562 C
929 1539 997 1565 tate.
1014 1536 1100 1569 Quod
1111 1537 1135 1564 si
1146 1537 1213 1573 quis
1227 1538 1426 1568 intensionem
1442 1542 1470 1568 et
1491 1540 1702 1575 remissionem
1713 1542 1754 1571 ab

929 1581 1097 1618 aequalitate
1108 1581 1341 1619 etinaequalitate
1348 1591 1410 1612 non
1421 1584 1582 1620 discernat,
1593 1593 1654 1622 quo
1665 1589 1754 1622 pacto

929 1626 1070 1657 diximus.
1084 1626 1199 1655 eveniet
1215 1629 1246 1655 ut
1261 1627 1298 1655 de
1308 1627 1429 1656 duobus
1441 1628 1610 1665 mqualibus
1624 1637 1703 1658 unus
1717 1638 1755 1660 ex

929 1671 1095 1699 intensione
1108 1671 1145 1699 sit
1157 1671 1325 1708 inaequalis,
1345 1672 1420 1702 alter
1437 1680 1509 1705 vero
1519 1674 1754 1713 extemissione.

929 1715 1110 1744 Communes
1125 1715 1206 1743 enim
1219 1718 1288 1744 sunt
1302 1717 1432 1745 termini.
1450 1709 1528 1747 Nam
1539 1720 1571 1747 ut
1583 1718 1674 1755 etiam
1683 1709 1756 1751 cott-

929 1760 1039 1788 cedunt
1048 1760 1100 1797 qui
1114 1763 1223 1788 nostras
1238 1762 1416 1791 sententiam
1429 1763 1610 1792 contrariam
1625 1755 1754 1803 tuentur,

929 1807 972 1833 est
986 1804 1115 1832 intensio
1127 1804 1158 1832 in
1172 1804 1292 1834 duobus
1305 1806 1439 1835 numeris
1460 1808 1536 1836 inter
1549 1815 1582 1837 se
1594 1816 1756 1846 compara:

928 1849 1120 1898 tia-quorum
1136 1851 1259 1898 uterque
1273 1852 1324 1878 aut
1336 1858 1372 1879 ex
1386 1851 1453 1888 pari
1467 1854 1558 1888 atque
1569 1852 1688 1890 impari,
1704 1855 1757 1893 aut

929 1901 966 1921 ex
977 1893 1086 1930 impari
1101 1901 1136 1921 ac
1151 1893 1217 1929 pari
1243 1897 1369 1929 constat,
1397 1898 1450 1924 aut
1475 1904 1607 1932 quorum
1630 1890 1756 1937 uterque

930 1947 986 1975 par
1000 1941 1055 1973 est,
1069 1941 1122 1967 aut
1149 1941 1272 1976 uterque
1298 1948 1359 1969 non
1381 1941 1577 1978 compositus.
1590 1942 1680 1979 Atqui
1698 1942 1757 1972 hoc

931 1991 992 2012 non
1000 1986 1044 2011 est
1055 1984 1241 2020 quantitatis,
1258 1985 1311 2013 sed
1331 1985 1493 2022 qualitatis.
1507 1988 1602 2024 Atque
1614 1986 1680 2016 haec
1692 1988 1758 2025 qui-

931 2029 1001 2057 dem
1014 2029 1161 2065 pertinent
1173 2029 1213 2057 ad
1227 2037 1371 2059 numeros
1385 2033 1448 2059 tam
1475 2032 1647 2061 materiatos
1661 2040 1756 2070 quam

932 2073 1063 2102 materiae
1074 2075 1219 2110 expertes,
1231 2074 1363 2110 itemque
1385 2075 1423 2103 ad
1438 2075 1550 2104 lineam
1564 2078 1594 2105 et
1604 2076 1644 2105 ad
1657 2084 1760 2114 super-

932 2118 1121 2146 ﬁciem.Esto
1134 2118 1224 2153 igitur
1247 2118 1327 2147 linea
1354 2120 1521 2155 superﬁciei
1543 2121 1700 2158 inaequalis
1723 2129 1759 2159 ex

933 2163 1109 2200 quantitate.
1121 2164 1196 2191 Nam
1218 2166 1271 2192 aut
1291 2163 1420 2192 demitur
1442 2172 1473 2199 a,
1488 2167 1517 2194 et
1530 2167 1602 2195 tunc
1615 2166 1653 2195 de
1665 2166 1760 2197 tribus

936 2209 1098 2244 supersunt
1113 2207 1129 2236 b
1142 2215 1157 2236 c
1174 2216 1181 2241 ;
1196 2210 1248 2236 aut
1270 2207 1400 2237 demitur
1421 2216 1447 2242 ε.
1475 2212 1504 2238 et
1526 2204 1597 2238 tunc
1608 2210 1646 2240 de
1662 2200 1760 2246 tribus

935 2255 1097 2289 supersunt
1110 2260 1129 2280 a
1143 2252 1170 2280 ὑ.
1183 2252 1278 2285 Quare
1294 2252 1374 2281 linea
1397 2253 1517 2290 quidem
1528 2257 1575 2284 est
1586 2255 1697 2290 minor,
1711 2264 1761 2290 su-

933 2297 1069 2334 perﬁcies
1082 2304 1151 2325 vero
1174 2296 1281 2332 major,
1313 2299 1402 2326 sunto
1426 2298 1517 2334 igitur
1530 2307 1550 2329 a
1566 2300 1584 2329 ὁ
1595 2300 1641 2331 cd
1654 2307 1670 2329 e
1681 2300 1702 2336 Γ
1713 2309 1761 2330 su-

933 2341 1079 2380 perﬁcies,
1095 2341 1203 2370 eodem
1214 2341 1308 2370 modo
1319 2349 1339 2372 a
1359 2342 1376 2371 ὁ
1386 2349 1403 2371 c
1430 2343 1460 2371 (ί.

1019 2520 1349 2708 Α
1437 2533 1458 2560 F
1686 2544 1693 2561 ἱ

1014 2684 1041 2708 Β
1324 2691 1341 2715 c
1430 2688 1453 2715 Β
1673 2695 1692 2721 c

1562 2814 1569 2832 ι
