1967 3080
19 119 111 148 133⁵7

19 185 68 217 τῷ
108 179 226 208 ἕνδεκα.

504 120 681 151 THEODORI
695 120 719 150 Π
734 121 804 150 1MP.
818 120 864 149 DE
883 119 1111 151 COMMUNIONE
1135 119 1321 149 NATURALI.
1695 123 1764 152 1338

271 182 322 208 Καὶ
354 184 430 209 τοῦτο
464 192 531 210 κατα
549 185 578 211 τὸ
603 184 717 222 ἄπειρον.
737 185 771 212 Τὸ
800 183 888 210 ἄνισον
905 183 927 209 Α
945 193 1020 214 τασις
1035 181 1064 209 δὲ
1089 193 1134 210 και
1161 184 1249 214 ἄνεσις
1277 184 1344 211 κατὰ
1358 184 1440 217 ποιὸν,
1461 193 1506 210 και
1533 187 1578 211 τοῦ
1601 185 1644 220 μὲν
1669 186 1698 212 τὸ
1722 185 1765 212 ἄ).-

22 228 88 263 γὰρ
118 227 194 263 πρὸς
211 224 267 252 ἶσόν
295 225 395 262 λέγεται
417 238 422 244 ·
448 229 504 255 ἔστι
528 227 556 255 δὲ
579 230 645 256 κατὰ
672 231 700 256 τὸ
729 230 817 265 μεῖζον
845 230 890 254 καὶ
944 225 1044 260 λο,τοὺ
1056 225 1085 255 δὲ
1104 228 1133 254 τὸ
1167 226 1275 260 ἀλλοῖον,
1308 227 1362 254 οὔθ’
1391 228 1482 259 ἓνωσις
1505 229 1562 255 οὔτε
1585 229 1765 260 αὐτοποσότης

24 271 158 298 ἔλαττον
185 271 331 308 λεγόμενον.
373 272 508 304 Ἐπίτασις
532 271 560 300 δὲ
587 276 631 300 καὶ
659 275 748 305 ἄνεσις
775 274 889 310 φαίνεται

23 320 86 346 τῆς
133 318 280 346 ποιότητος
335 317 369 349 ἓν,
421 317 500 348 αὐτῆς
529 320 574 345 καὶ
633 320 683 356 γὰρ
745 318 888 355 ἐπιφάνεια,

26 360 57 386 ἓν
93 358 129 387 δὲ
146 363 272 398 γραμμὴ,
289 360 350 387 οῖλλο
367 359 394 388 δ’
419 363 476 389 ἔστι
490 365 535 389 καὶ
550 363 621 398 illo,
650 365 695 390 καὶ
716 363 762 390 οὐκ
782 362 869 389 ἀλλοία
882 381 887 387 .

26 407 45 434 ἡ
67 408 145 440 γοῦν
165 405 194 437 ἒξ
218 410 265 437 τῆς
289 408 349 443 τρία
377 406 495 434 ἐπιτάσει
524 408 553 434 τὸ
580 407 678 435 ἀλλοῖον
712 409 778 444 ἔχει,
802 410 846 434 καὶ
872 408 887 437 ἡ

944 276 980 308 τῷ
996 276 1068 308 ποσῷ
1094 272 1212 299 ἐπίτασιν
1229 271 1284 302 δώη
1319 273 1334 303 ἢ
1361 274 1458 306 ἄνεσιν,
1481 274 1539 299 οὔτε
1566 275 1612 302 τὴν
1641 276 1767 304 ποιότητα

133 318 280 346 ποιότητος
335 315 369 349 ἓν,
421 317 500 348 αὐτῆς
529 320 574 345 καὶ
633 320 683 355 γὰρ
745 318 888 355 ἐπιφάνεια,
945 317 1119 354 ἀποστερήσει
1150 318 1292 349 ἐπιτάσιως
1332 328 1376 344 και
1413 318 1529 351 ἀνέσεως,
1569 319 1629 355 ὅπερ
1653 323 1698 345 τοῦ
1723 319 1767 345 ἁλ-

944 362 1014 389 λοίου
1039 362 1094 389 ἐστί
1123 364 1159 398 (1)
1194 372 1200 391 :
1223 373 1268 389 και
1294 363 1348 389 ἐπεί
1374 364 1389 392 ἡ
1420 362 1537 394 ἐπίτασις
1565 373 1610 390 και
1637 364 1653 393 ἡ
1680 364 1766 395 ἄνεσις

945 408 974 435 οὗ
1011 412 1056 434 τοῦ
1094 408 1182 444 ἄλλου,
1212 408 1274 434 ἄλλα
1301 412 1347 435 τοῦ
1385 407 1496 436 ἀλλοίου.
1530 410 1580 435 Καί
1606 410 1635 435 τὸ
1664 419 1680 435 οι
1704 409 1721 446 β
1749 421 1766 446 γ

28 449 117 477 ἐννέα
158 454 207 481 τῆς
235 450 270 484 ἓξ,
294 453 339 478 καὶ
363 452 378 480 ἡ
409 450 474 479 δέκα
499 457 548 484 τῆς
576 452 645 480 ἐννέα
671 454 686 483 ἦ
714 457 758 484 τῆς
787 451 888 487 ἕνδεκα,

28 497 196 527 ποιότητος
207 494 237 522 δὲ
246 498 333 529 τοῦτο,
353 495 417 523 ἀλλὰ
436 495 469 526 δὴ
486 500 531 524 καὶ
553 499 567 528 ἡ
585 500 631 528 ἴση
657 501 702 525 καὶ
729 499 819 529 ἄνισος
844 502 889 529 τῆς

30 550 52 566 α
82 540 104 576 β
136 551 169 576 γ,
197 544 243 571 τῆς
264 551 280 566 α
300 540 318 577 β
343 552 360 577 ’ν
394 540 412 568 δ
435 544 480 568 καὶ
505 542 523 579 β
550 544 598 578 γή
619 542 667 579 αβ
692 543 786 577 delia,
817 544 888 569 ποιό-

30 594 103 614 τητι
138 583 171 612 δὲ
198 584 287 612 ἀλλοία
309 589 353 616 τῆς
376 596 392 612 α
417 586 436 623 β
461 587 475 617 ἦ
504 591 552 619 τῆς
579 586 613 650 βδ
626 590 774 619 ποιότητος.
801 591 887 625 Γραμ-

396 632 412 650 ’ν

396 632 412 658 7

35 679 96 712 μῆς
115 677 172 712 γὰρ
194 677 223 702 τὸ
245 675 304 702 εὖθύ
334 678 377 702 καὶ
401 678 544 715 περιφερὲς,
563 676 709 704 ἱδιαίτατον
735 688 763 706 σι
790 679 889 709 ταύτης

35 722 70 748 τό
105 720 223 752 ἀπλατές
249 731 255 739 ·
280 721 307 752 ὃς
329 721 375 747 οὐκ
394 720 418 748 ἕν
442 722 509 759 ἄλλῳ
531 725 581 749 τινὶ
609 723 786 761 ιύρςθὴσιται.
808 725 889 761 Πέρα-

37 775 77 792 ru
109 764 142 792 δὲ
159 769 209 797 τῆς
238 767 284 802 μὲν
301 765 446 802 ἐπιφανείας
475 770 597 805 γραμμαί
623 779 629 785 ι
656 770 737 796 εἶτουν
763 770 793 795 τὸ
820 779 837 795 α
858 768 887 805 β,

38 809 94 837 κᾶν
109 811 161 840 ἴση
184 810 231 836 κᾶν
252 812 352 844 ἄνισος,
368 810 414 838 κᾶν
440 812 534 848 μείζων
568 812 615 839 κᾶν
645 811 754 839 ἐλάττων
771 823 777 831 ’
805 823 889 850 γραμ-

41 859 99 891 μῆς
117 853 151 882 δὲ
165 858 286 892 στιγμαί.
307 855 388 884 "Oilei;
416 854 445 883 δὶ
459 858 488 883 τὸ
509 867 526 883 u
553 856 570 894 β
591 868 619 894 γ,
648 857 696 884 κᾶν
720 858 816 894 μείζων
841 857 888 884 κᾶν

43 899 182 928 ἐλάττων.
200 900 268 927 Ἴσοι
282 904 344 937 γοῦν
360 901 372 927 ὁ
392 903 463 939 τρία,
477 904 520 928 καὶ
536 912 549 928 ο
571 904 643 938 τρία,
668 903 680 928 ό
709 902 735 935 ἓξ
745 905 789 929 καὶ
816 903 828 929 ὁ
851 902 885 938 ἓξ,

44 945 58 971 ὁ
83 944 160 971 ἐννέα
180 947 226 971 καὶ
249 946 261 971 ὀ
285 945 366 980 ἐννέα,
389 946 402 972 ὁ
427 944 493 973 δέκα
518 949 563 974 καὶ
584 947 597 973 ὁ
627 945 692 975 δέκα
716 954 724 962 ·
747 948 834 974 ἄνισοι
858 945 888 985 δὶ

41 991 111 1026 πρὸς
140 989 280 1028 ἑκατέρους
312 991 380 1017 κατὰ
411 993 440 1017 τὸ
472 991 561 1027 μεῖζον
589 994 634 1018 καὶ
663 991 768 1018 ἔλαττον
787 1002 794 1009 ·
826 993 886 1030 ὅπερ

44 1033 120 1061 ἐστὶν
150 1034 209 1061 ἴσον
231 1038 276 1062 καὶ
298 1036 397 1064 οῖνισον.
435 1038 486 1062 Καὶ
528 1037 556 1063 αἱ
594 1039 715 1073 γραμμαὶ
748 1038 816 1063 κατὰ
843 1038 887 1063 τὸν

46 1079 129 1105 αὐτὸν
163 1079 241 1116 λόγον
270 1079 325 1106 ἶσαι
351 1083 395 1107 καὶ
422 1081 509 1107 ἄνισοι
532 1091 539 1098 ι
564 1083 632 1108 κατὰ
664 1083 694 1108 τὸ
719 1082 808 1118 μεῖζον
842 1084 887 1108 καὶ

47 1125 168 1159 ﬂuvio»,
202 1126 262 1163 ὅπερ
295 1124 365 1152 ἐστὶν
406 1124 462 1152 ἶσον
505 1128 550 1152 καὶ
591 1127 690 1161 ὀίνκιον¹
728 1125 820 1153 ἀλλοία
857 1125 887 1153 δὲ

48 1172 195 1201 ποιότητος
232 1168 346 1206 διαφορὰ
377 1169 522 1207 ἔπιφάνὲια,
553 1173 620 1198 κατὰ
647 1173 727 1198 ταντὸ
771 1169 800 1198 δὲ
842 1173 887 1198 καὶ

49 1217 175 1252 γραμμή.
205 1214 275 1240 Ἐπεὶ
301 1218 364 1250 γοῦν
389 1217 434 1241 καὶ
462 1219 569 1252 γραμμῇ
596 1218 641 1242 καὶ
666 1215 812 1254 ἐπιφανείᾳ,
842 1218 886 1243 καὶ

53 1264 151 1297 στερεῶ
176 1261 222 1286 καὶ
251 1258 354 1296 ἀριθμῷ
383 1260 502 1297 αἰσθητῷ
527 1270 554 1288 τε
577 1263 622 1287 καὶ
652 1265 737 1296 νοητῷ
766 1263 887 1290 ποιότητί

53 1303 75 1331 θ’
105 1305 232 1334 ὡσαύτως
255 1306 299 1330 καὶ
342 1307 417 1331 παντὶ
443 1305 579 1342 πράγματι
622 1305 803 1339 (ἐπακολουθεῖ
835 1307 885 1342 γὰρ

51 1350 158 1380 τούτοις
193 1358 238 1375 και
276 1351 380 1380 κίνησις
417 1359 462 1376 χαι
496 1352 578 1386 φωνὴ,
609 1349 700 1382 ἰσότης
729 1352 814 1386 μέντοι
842 1360 887 1376 και

52 1395 138 1432 φωνὴ)
172 1393 264 1424 ἰσότης
298 1396 386 1431 μέντοι
411 1404 456 1421 και
481 1393 605 1427 ἀνισότης
624 1396 693 1422 κατὰ
711 1396 802 1430 ποσὸν,
827 1395 886 1423 ἐπί-

945 452 962 479 δ
988 454 1144 489 τετράγωνον
1171 453 1217 479 οὐκ
1243 454 1295 491 οἶροι
1318 453 1379 479 ἄλλο
1407 457 1452 480 τοῦ
1472 453 1490 490 ψ
1520 464 1535 490 φ
1556 464 1576 480 ω
1603 464 1624 490 χ
1651 452 1767 491 διαφέρει

944 496 974 525 δὲ
1001 503 1074 534 ποσῷ
1102 502 1138 535 τῷ
1166 498 1247 535 ἀνίσῳ
1282 502 1348 526 ποιῶ
1376 497 1405 526 δὲ
1431 503 1467 534 τῷ
1491 498 1592 535 ἀλλοίῳ,
1627 501 1708 526 εῖτ-ουν
1734 504 1764 537 τῇ

943 543 1058 570 ὶπιτάσει
1074 554 1119 569 και
1137 548 1167 580 τῇ
1197 543 1290 576 ἀνέσει,
1329 543 1375 570 οὐκ
1402 543 1462 570 ἄλλο
1494 547 1556 580 γοῦν
1578 543 1630 570 ἀλλ’
1668 545 1766 572 αλλοῖον

942 593 988 615 τοῦ
1001 589 1119 626 μείζονος
1143 590 1172 615 τὸ
1198 589 1317 624 ἔλαπτον,
1343 586 1465 626 ὁμοειδὴς
1492 588 1521 616 δὲ
1548 599 1593 616 και
1620 593 1668 621 τῆς
1686 591 1766 623 αὐτῆς

1170 664 1534 1032 χ,

941 1079 1033 1110 οὐσίας
1051 1089 1096 1106 και
1117 1080 1266 1114 ποιότητος,
1291 1081 1340 1106 Καί
1370 1079 1478 1115 θυμικὸς
1499 1079 1550 1116 ἄρα
1572 1077 1587 1107 ἢ
1616 1079 1666 1108 πᾶς
1692 1076 1769 1105 an)“

941 1126 1005 1162 πρὸς
1033 1126 1077 1151 τὸν
1114 1122 1222 1161 ὁμοειδῆ
1262 1124 1309 1150 οὐκ
1353 1123 1438 1157 ἄλλος,
1482 1123 1580 1154 ἀλλοῖος
1618 1127 1649 1159 τῇ
1679 1121 1768 1148 ἐπιτά-

943 1179 982 1197 σει
1016 1179 1061 1195 και
1084 1174 1114 1206 τῇ
1141 1170 1239 1206 ὑφέσει,
1266 1169 1287 1195 εἰ
1322 1167 1448 1205 διαφέρει.
1479 1171 1528 1195 Καί
1545 1166 1654 1204 ἐδείχθη
1687 1170 1769 1193 ταῦτα

941 1216 1025 1245 καθὼς
1051 1212 1104 1241 ἔδει
1127 1212 1280 1250 δειχθῆναι.
1308 1216 1351 1240 Διὸ
1381 1213 1427 1240 οὐκ
1456 1213 1530 1239 ἀλλον
1552 1214 1595 1238 τὸν
1618 1213 1727 1248 θυμικὸν
1752 1212 1766 1242 ἢ

942 1259 1128 1295 ἐπιθυμητικὸν
1156 1259 1168 1285 ὀ
1197 1262 1288 1296 κρίνων
1318 1257 1446 1295 διακρινεῖ
1469 1262 1515 1284 τοῦ
1551 1255 1697 1294 ὁμοειδοῦς,
1723 1254 1770 1282 διὰ

940 1307 986 1334 τὴν
1018 1304 1045 1331 ἐκ
1071 1305 1210 1335 ποιότητος
1232 1303 1318 1331 ἄνεσιν
1346 1304 1361 1333 ἦ
1402 1303 1530 1335 ἐπίτασιν,
1560 1302 1583 1328 αἱ
1610 1306 1645 1337 τῷ
1672 1303 1699 1328 ἐκ
1723 1304 1770 1327 τοῦ

941 1353 1024 1376 ποσοῦ
1062 1348 1183 1385 ἀπατηθῇ
1214 1350 1263 1385 ἵσῳ
1290 1358 1334 1375 και
1367 1347 1447 1383 ἀνίσῳ
1478 1348 1546 1374 κατὰ
1576 1347 1683 1378 τούτους
1709 1347 1769 1378 τοὺς

941 1394 1031 1432 λόγους
1047 1405 1053 1411 ·
1074 1395 1131 1431 ἔχει
1157 1404 1202 1420 και
1225 1395 1275 1431 γὰρ
1301 1392 1395 1431 ἀκριϐῆ
1437 1395 1484 1423 τὴν
1511 1390 1656 1425 ἀπόδειξιν.
1683 1391 1770 1419 Οὕτω·

53 1483 136 1512 tione
159 1483 336 1519 quantitatis
365 1485 394 1512 et
423 1491 485 1512 non
515 1483 684 1512 aliusmodi.
711 1484 886 1521 Superﬁcies
904 1487 924 1515 ι’]
944 1485 1042 1513 mente
1052 1483 1223 1520 percipitur,
1237 1482 1370 1519 qualitati
1385 1489 1506 1518 quoque
1520 1482 1609 1517 atque
1620 1480 1696 1509 adeo
1707 1479 1766 1508 cui-

53 1528 145 1564 igitur
161 1536 229 1565 quae
240 1536 292 1556 sex
304 1527 334 1556 in
348 1536 382 1556 se
394 1529 600 1565 complectitur
614 1529 724 1557 additis
738 1529 831 1558 tribus
846 1529 888 1558 in.

55 1573 188 1601 tenditur
206 1575 235 1601 et
249 1575 471 1602 commutatur:
487 1576 515 1602 et
542 1581 651 1602 novem
681 1574 889 1610 complectitur

55 1618 166 1646 additis
186 1626 247 1654 sex,
263 1618 428 1646 intenditur
443 1621 471 1646 et
485 1618 637 1646 dissimilis
663 1619 772 1653 evadit,
798 1619 888 1647 Item-

55 1671 113 1700 que
128 1671 196 1699 quia
217 1663 322 1691 decem
352 1662 558 1699 complectitur
591 1663 762 1699 superﬁcies
779 1664 889 1693 additis

55 1716 162 1736 novem
179 1711 231 1735 aut
249 1707 388 1735 undecim
409 1707 563 1735 dissimilis
579 1708 689 1736 evadit.
705 1710 764 1736 Hoc
788 1711 888 1737 autem

57 1755 100 1781 est
115 1751 277 1788 qualitatis.
289 1752 377 1788 Atqui
390 1752 469 1780 linea
485 1755 566 1781 recta
580 1760 597 1781 a
613 1753 629 1781 b
643 1761 659 1782 ι’
674 1753 796 1790 aequalis
808 1757 853 1782 est
863 1756 891 1782 ct

57 1797 212 1833 inmqualis
226 1796 311 1824 lineis
324 1804 342 1825 a
367 1797 383 1825 Ι)
398 1805 422 1831 c,
437 1805 456 1825 α
480 1797 496 1824 b
511 1805 527 1825 c
542 1797 572 1832 d,
590 1798 606 1825 ὁ
622 1806 637 1826 c
662 1804 673 1833 ;
693 1798 747 1826 sed
769 1800 890 1835 propter

57 1843 230 1879 qualitatem
252 1844 295 1870 est
322 1842 487 1870 dissimilis.
517 1844 592 1871 Nam
630 1843 715 1871 lineae
733 1843 790 1871 hoc
819 1852 889 1880 prc-

57 1887 156 1924 prium
176 1889 219 1914 est
233 1889 264 1915 ut
278 1887 314 1914 sit
329 1890 410 1915 recta
428 1887 475 1915 vel
490 1887 636 1924 obliqua;
653 1888 784 1916 maxime
818 1897 889 1916 \‘cro

59 1932 222 1968 proprium,
240 1933 271 1959 ut
286 1932 322 1959 sit
339 1932 503 1960 latitudinis
523 1940 629 1968 expers
649 1942 655 1960 :
675 1940 742 1969 qua}
766 1933 889 1969 quidem

60 1976 223 2013 proprietas
250 1976 279 2004 in
300 1976 383 2004 nulla
420 1976 478 2004 alia
495 1985 526 2004 re
551 1977 670 2014 reperiri
699 1980 805 2013 potest.
826 1979 890 2005 Ter-

61 2021 133 2050 mini
149 2029 217 2048 vero
232 2029 285 2049 seu
309 2021 384 2049 fines
405 2021 570 2057 superticiei
585 2024 653 2050 sunt
668 2022 752 2050 linem
779 2025 820 2057 ut,
841 2031 889 2050 ex-

62 2066 146 2103 empli
159 2065 262 2100 gratia,
279 2065 359 2094 linea
379 2074 397 2094 α
415 2066 441 2099 b,
458 2067 599 2102 quamvis
627 2067 750 2103 {aqualis
767 2070 819 2095 aut
847 2068 889 2095 in-

64 2110 191 2148 aequalis,
215 2111 314 2146 major
339 2113 390 2140 aut
416 2111 523 2139 minor.
556 2111 650 2140 Linea:
675 2120 746 2140 vero
772 2112 889 2140 termini

65 2158 131 2184 sunt
158 2158 277 2192 puncta.
310 2156 410 2184 Totius
434 2164 506 2184 vero
530 2163 549 2184 a
575 2157 591 2184 ὁ
624 2165 649 2191 c,
678 2157 735 2184 hoc
762 2159 820 2185 tres
844 2157 888 2184 di-

66 2200 242 2232 mensiones,
255 2200 316 2228 sive
333 2203 428 2228 totum
441 2200 514 2228 illud
526 2201 630 2236 majus,
658 2201 719 2229 sive
732 2201 826 2229 minus
840 2202 887 2230 sit.

67 2245 194 2282 (Equalia
209 2245 299 2281 igitur
311 2247 380 2272 sunt
396 2245 451 2273 tria
466 2247 494 2273 et
509 2245 574 2279 tria,
599 2253 708 2274 novem
724 2249 751 2274 et
767 2254 887 2280 novem,

67 2291 164 2319 decem
186 2293 212 2317 et
244 2289 373 2323 decem;
393 2289 558 2326 iumquales
591 2293 689 2318 autem
720 2293 789 2318 sunt
813 2292 889 2318 inter

68 2344 96 2363 se
118 2343 152 2363 ex
170 2335 294 2370 majoris
316 2337 345 2363 et
368 2335 492 2363 minoris
518 2335 742 2372 comparatione
769 2344 776 2363 :
804 2336 887 2371 quod

67 2380 178 2417 proprie
211 2379 318 2407 dicitur
357 2387 421 2407 esse
460 2379 574 2415 aequale
600 2383 626 2408 et
655 2379 810 2416 inaequale.
839 2382 887 2408 Ea-

69 2426 132 2454 dem
144 2425 254 2453 ratione
269 2425 353 2452 lineze
369 2424 502 2461 aequales
529 2428 557 2453 et
582 2424 747 2461 inaequales
769 2433 803 2452 ex
824 2433 887 2454 ma-

67 2471 133 2507 joris
150 2473 175 2497 et
188 2469 314 2498 minoris
330 2469 555 2505 comparatione
571 2469 710 2498 dicuntur
723 2478 798 2497 esse.
816 2471 886 2503 Quae

70 2513 181 2551 quidem
196 2522 268 2541 vera
290 2516 335 2541 est
355 2513 532 2549 aequalitatis
557 2516 585 2541 et
605 2513 816 2549 inzequalitalis
842 2522 887 2542 ra-

74 2560 118 2587 tio.
139 2558 289 2586 Dissimilis
322 2566 391 2586 vero
419 2558 527 2585 dicitur
565 2558 737 2594 superﬁcies
765 2561 887 2594 propter

73 2603 211 2640 qualitatis
238 2602 444 2631 differentiam.
478 2602 648 2639 Eodemque
678 2603 769 2631 modo
797 2603 884 2631 linea.

76 2649 208 2683 Quoniam
240 2648 329 2683 igitur
367 2647 462 2680 linere,
489 2648 665 2684 superticiei,
696 2648 801 2683 solido,
831 2657 886 2676 nu-

77 2695 149 2722 inero
165 2693 219 2721 sub
245 2700 368 2721 sensum
389 2692 517 2727 cadenti,
542 2693 673 2728 itemque
692 2701 819 2721 numero
834 2693 886 2730 qui

944 1529 1015 1557 libet
1027 1528 1070 1557 rei
1084 1528 1160 1556 inest
1173 1527 1329 1564 aequalitas
1345 1528 1373 1555 et
1387 1526 1574 1562 inaequalitas
1593 1533 1630 1553 ex
1651 1524 1769 1560 quanti-

944 1575 1012 1609 tate,
1026 1572 1155 1601 intensio
1170 1580 1238 1600 vero
1254 1574 1282 1599 et
1296 1571 1431 1599 remissio
1450 1579 1486 1598 ex
1500 1569 1651 1606 qualitate,
1667 1577 1702 1597 ac
1716 1576 1770 1606 per

944 1618 1027 1647 illam
1037 1618 1160 1654 quidem
1171 1617 1237 1645 aliae
1251 1624 1300 1645 res
1315 1616 1465 1650 dicuntur,
1481 1623 1535 1652 per
1561 1615 1640 1643 hanc
1669 1615 1769 1642 autem

944 1663 1123 1692 dissimiles:
1147 1664 1226 1690 certe
1251 1669 1350 1698 neque
1377 1660 1458 1694 unio,
1480 1667 1578 1696 neque
1606 1658 1769 1696 quantitas,

944 1711 1058 1745 quanto
1074 1707 1161 1735 alicui
1180 1707 1380 1735 intensionem
1397 1708 1425 1733 et
1439 1704 1647 1733 remissionem
1661 1703 1745 1731 dabit
1761 1712 1767 1731 :

943 1761 1041 1789 neque
1060 1760 1163 1780 rursus
1178 1751 1353 1788 qualitatem
1367 1750 1533 1778 intensione
1547 1751 1575 1778 et
1593 1748 1768 1777 remissione

944 1797 1082 1834 privabit.
1109 1798 1142 1825 Et
1168 1796 1313 1833 quoniam
1339 1795 1467 1823 intensio
1497 1797 1526 1823 et
1545 1794 1680 1822 remissio
1705 1800 1767 1820 non

946 1842 1027 1870 aliud
1042 1841 1174 1870 efﬁciunt
1190 1841 1243 1868 sed
1256 1840 1524 1868 dissimilitudinem
1541 1839 1679 1867 afferunt.
1691 1838 1769 1871 Qua-

944 1887 1126 1921 (lrangulum
1141 1893 1211 1921 ergo
1225 1894 1244 1914 ιι
1259 1886 1273 1913 Ι)
1288 1893 1303 1913 c
1313 1886 1333 1913 (ἰ
1345 1893 1407 1912 non
1421 1884 1475 1911 erit
1489 1884 1570 1911 aliud
1585 1891 1603 1911 a
1618 1883 1769 1918 quadran-

945 1931 1015 1967 gulo
1029 1940 1047 1966 y
1058 1940 1080 1959 ιε
1088 1940 1103 1959 2
1114 1939 1141 1959 υ.
1155 1930 1292 1958 Ditl‘erent
1305 1931 1404 1958 autem
1416 1929 1491 1957 inter
1504 1937 1536 1957 se
1547 1936 1583 1956 ex
1594 1927 1769 1964 quantitatis

943 1976 1154 2013 intequalitate,
1173 1978 1200 2003 et
1215 1974 1425 2012 siqualitatem
1441 1976 1555 2010 spectes
1568 1981 1604 2001 ex
1619 1972 1769 2001 dissimili-

944 2021 1056 2054 tudine,
1073 2022 1130 2049 ltoc
1145 2022 1189 2048 est
1204 2029 1240 2048 ex
1257 2020 1424 2048 intensione
1437 2022 1464 2047 et
1479 2018 1663 2046 remissione.
1676 2018 1770 2045 Minus

907 2074 928 2100 [)
944 2074 1015 2101 ergo
1031 2066 1214 2100 triangulum
1230 2073 1292 2093 non
1302 2064 1437 2093 estaliud
1452 2072 1470 2092 a
1483 2064 1607 2099 majore,
1621 2063 1672 2090 sed
1686 2062 1771 2090 dissi-

943 2111 1022 2139 mile.
1044 2112 1118 2139 Sunt
1143 2113 1243 2138 autem
1269 2109 1356 2137 unius
1378 2109 1492 2141 formu‘,
1520 2108 1609 2135 unius
1634 2107 1769 2135 assentire

943 2160 970 2185 et
984 2155 1141 2192 qualitatis.
1159 2155 1422 2189 lracundusigitur
1438 2156 1465 2181 et
1477 2153 1601 2189 quilibet
1624 2153 1699 2180 alius
1724 2160 1770 2180 ra-

944 2202 1021 2230 tione
1042 2201 1167 2235 alicujus
1177 2200 1340 2236 qualitatis,
1365 2208 1432 2235 quae
1449 2199 1486 2227 sit
1511 2198 1646 2234 ejusdem
1662 2196 1770 2233 speciei

942 2247 1134 2282 comparatus
1145 2253 1212 2272 cum
1231 2244 1297 2277 alio,
1314 2251 1374 2271 non
1395 2244 1447 2272 erit
1458 2242 1537 2271 "alius
1553 2243 1604 2271 sed
1619 2241 1770 2270 dissimilis

942 2294 1063 2327 propter
1088 2289 1264 2318 iutensionis
1291 2291 1319 2317 et
1350 2288 1534 2316 remissionis
1557 2287 1765 2316 differentiam.

941 2338 1035 2370 Atque
1054 2335 1117 2362 haec
1131 2334 1335 2362 demonstrata
1350 2336 1419 2361 sunt
1444 2335 1476 2361 ut
1490 2333 1622 2369 oportuit
1643 2332 1770 2360 demon-

942 2380 1036 2408 strari.
1052 2379 1235 2412 Quambrem
1252 2386 1313 2406 non
1326 2378 1419 2405 alium
1430 2377 1609 2406 iracundum
1621 2379 1673 2405 aut
1687 2377 1769 2412 cupi-

941 2425 1013 2453 dum
1029 2424 1161 2452 indicare
1172 2423 1262 2451 debet
1275 2423 1383 2459 aliquis
1396 2431 1464 2449 cum
1478 2422 1529 2458 qui
1541 2422 1637 2457 magis
1652 2424 1703 2450 aut
1715 2421 1770 2449 mi-

940 2478 997 2497 nus
1013 2471 1056 2496 est
1069 2468 1244 2501 iracundus,
1257 2467 1352 2502 magis
1368 2470 1419 2495 aut
1432 2467 1530 2494 minus
1546 2466 1683 2502 cupidus.
1697 2473 1767 2493 cum

941 2514 998 2542 sint
1013 2514 1146 2549 ejusdem
1163 2512 1282 2549 speciei.
1300 2513 1399 2548 Neque
1422 2511 1510 2539 debet
1535 2511 1632 2547 decipi
1650 2510 1769 2546 quanti-

941 2559 1006 2586 tatis
1022 2558 1191 2594 iequalitatc
1203 2557 1450 2592 etinmqualitale.
1466 2556 1559 2584 Habet
1574 2557 1653 2583 enim
1669 2555 1699 2583 in
1720 2555 1768 2583 his

941 2603 1129 2631 sermonibus
1149 2604 1322 2630 accuratam
1350 2601 1647 2629 demonstrationem.
1672 2600 1769 2635 Atque

941 2648 998 2676 hoc
1013 2647 1104 2675 modo
1121 2647 1243 2683 sapiens
1264 2645 1438 2673 observahit
1462 2645 1612 2673 naturales
1629 2643 1768 2672 animalis

940 2693 1054 2721 ratione
1067 2691 1182 2728 praediti
1196 2689 1494 2724 cominunicationes,
1520 2691 1549 2717 et
1563 2697 1624 2725 quo
1647 2688 1767 2723 ingenio

108 2786 227 2832 (1)”οπιρ
243 2791 272 2820 ἀΰ
291 2789 337 2821 +66
355 2790 457 2820 ἄλλοίού
470 2793 540 2823 ἔστι,
564 2791 623 2823 Hoc
637 2793 754 2824 videtur
769 2790 949 2825 eddititiumi
