1967 3080
209 138 277 167 1339
967 135 985 163 Α

1869 133 1930 161 1240

207 201 270 235 γοῦν
289 199 335 230 τὰς
359 199 384 226 ἓν
403 203 434 228 τῆ
463 200 540 235 φύσει
563 202 698 231 κοινωνίας
726 202 772 225 τοῦ
794 199 900 235 λογικοῦ
928 198 996 228 ζὼου
1022 199 1035 224 ὁ
1055 197 1214 248 Αενδότερα
1245 199 1326 230 οὕτως
1362 200 1442 235 ἶχιιν.
1471 198 1532 224 Εἰσὶ
1559 198 1610 234 ’γὰρ
1639 199 1739 233 σημεῖα
1776 195 1873 222 πολλὰ
1902 195 1933 220 ἰι-

208 243 360 280 ὶπιστήμων
400 248 557 282 παρατηρῶν
586 244 611 270 ἓν
639 245 749 271 ἕκαστον
780 247 916 280 ’γινώσκειν
952 242 1035 270 δύνα-
1055 239 1078 248 ﬂ
1091 247 1168 280 τριχῇ
1194 246 1238 270 καὶ
1267 243 1437 280 φνσιολογικῇ
1476 241 1641 278 δεδειγμένων,
1678 241 1704 273 ἐξ
1744 241 1781 266 ὧν
1817 239 1935 266 δύναται

207 299 260 322 ται,
279 290 366 319 καθὼς
390 290 447 325 ἔχει
471 291 569 325 φύσεως
596 296 604 304 ⁹
633 292 679 316 καὶ
707 289 755 315 οὐχ
781 290 904 325 ἀπατηθῇ
930 289 959 315 ἃν
983 292 1036 314 7n.)-
1091 292 1155 314 νοεῖν
1187 290 1219 314 τὰ
1246 293 1296 314 τῶν
1320 288 1414 314 ὑλικὼν
1449 286 1602 314 διαθέσεων.
1639 289 1742 322 Ὠσπερ
1782 289 1855 320 γοῦν
1889 294 1937 309 τοι

207 342 279 366 ποτε,
303 333 367 359 ἀλλὰ
387 331 514 370 διακρινεῖ
533 335 562 359 τὸ
593 335 669 369 φύσει
697 337 812 370 κρεῖττον
842 336 886 360 καὶ
915 335 944 359 τὸ
967 334 1036 359 θέσει
1091 331 1201 367 Λυδικῷ
1241 333 1305 367 λίθῳ
1335 330 1419 362 τοῖςδε
1441 331 1539 367 λόγοις,
1574 330 1599 362 ἐξ
1632 329 1734 356 ἐκείνων
1760 330 1799 355 τὰ
1836 332 1940 364 mysi:

208 379 254 403 καὶ
284 376 425 414 ἐφαρμόσει
453 377 489 403 ἐν).
529 377 630 413 ἑκάστῳ
668 379 697 404 τὸ
737 377 906 412 κατάλληλον,
943 375 1033 406 ἐπειδὴ
1089 377 1236 413 λαμϐανων,
1278 376 1444 412 δοκιμαζέτω
1464 377 1533 407 ὃπως
1576 375 1709 411 ὰπελέγχῃ
1742 375 1779 400 τὰ
1810 383 1939 410 κρυπτο-

208 420 431 458 ἀποδεδειγμένας
472 422 560 453 ποίσας
588 424 644 458 ἔχει
680 423 728 452 τὰς
764 424 908 453 κοινωνίας.
934 420 1034 452 Μηδεὶς
1090 424 1222 458 μενα,›ιαὶ
1241 423 1270 448 τὸ
1296 422 1323 448 ὃν
1351 425 1395 447 τοῦ
1419 423 1455 457 μὴ
1486 422 1567 453 ὄντος,
1594 422 1639 446 καὶ
1664 421 1716 446 ὅσα
1744 419 1776 445 ἃν
1805 418 1939 454 repetiit:-

210 465 240 492 δὲ
263 468 344 503 μέχρι
368 471 414 497 τῆς
437 467 519 502 ὄψεως
548 470 641 496 στήσει
669 469 716 496 τὴν
752 471 859 502 ’γτιιῶοίνξ
896 467 961 493 ὦσνι
991 466 1032 492 ἐκ·
1088 476 1152 493 πται
1168 465 1206 492 δι’
1232 467 1295 492 ὅλων
1309 470 1359 491 τῶν
1372 466 1464 500 λόγων,
1498 464 1566 491 διὀἱ
1586 467 1630 490 καὶ
1646 465 1659 490 ὁ
1676 466 1778 494 σκοπὸς
1814 463 1856 493 εἰς
1881 463 1937 498 εἰρι-

209 514 255 537 τοῦ
291 514 432 547 χρώματος
457 515 507 537 τῶν
538 512 705 537 χαθεκάστων
738 511 901 546 ἀπατᾶσθαι,
928 514 972 537 καὶ
1001 512 1033 536 τὰ
1089 514 1150 537 στὸν
1166 511 1238 541 τέλος
1254 510 1423 547 ἐναρξάμενος
1449 509 1521 541 λήξει
1550 508 1660 545 δυναμει
1686 513 1734 535 τοῦ
1762 511 1935 546 χρείτ-τονοςι

208 633 329 663 quaque
338 625 683 663 indoleunumquodque
690 626 899 662 sitpraeditum,
908 634 1033 661 cognos-
1090 628 1265 659 monstrata,
1276 634 1311 653 ex
1323 625 1433 662 quibus
1442 625 1614 653 affectiones
1623 632 1789 661 corporeas
1798 630 1933 659 cognos-

208 679 274 698 cere
295 671 410 707 poterit.
431 672 531 707 Neque
552 679 686 707 unquam
711 671 956 706 hullucinabitur,
981 672 1032 699 sed
1090 679 1155 698 cere
1170 679 1342 706 possumus.
1360 670 1480 703 Quoties
1493 670 1583 704 igitur
1597 678 1633 698 ex
1648 669 1703 697 illis
1725 669 1829 704 signis
1851 668 1931 704 judi-

208 715 371 749 distinguet
379 714 455 742 inter
468 715 541 742 illud
557 714 641 751 quod
655 717 763 743 natura
785 715 975 751 praestantius
991 717 1035 742 est
1090 723 1157 744 care
1169 716 1248 743 volet
1258 715 1378 752 aliquis,
1390 715 1435 742 his
1448 715 1556 742 nostris
1571 714 1765 743 sermonibus
1776 716 1928 750 tanquam

207 761 235 787 et
245 759 318 786 illud
348 759 431 795 quod
445 762 489 786 est
515 760 662 796 positione
685 769 691 793 ;
721 761 750 787 et
779 760 862 795 quod
878 760 1035 788 conveniet
1091 760 1183 796 Lydio
1202 760 1301 796 lapide
1316 759 1423 796 probet
1447 759 1633 794 conjecturas
1649 767 1720 786 suas
1746 761 1781 786 ut
1812 766 1866 786 res
1885 766 1930 785 oc-

208 804 316 840 cuique
331 805 372 831 rei
384 804 634 835 accommodabit,
649 804 897 840 quandoquidem
911 805 1034 832 demon-
1089 804 1183 832 cultas
1198 805 1374 839 investigare
1391 806 1419 832 et
1433 804 1462 831 id
1473 804 1556 840 quod
1569 811 1630 832 non
1646 806 1700 837 est,
1720 803 1763 831 ab
1781 810 1822 831 eo
1845 803 1929 839 quod

209 850 315 876 stratas
339 849 627 876 communicationes
640 848 791 876 naturales
817 849 917 877 habet.
942 851 1033 877 Nemo
1049 859 1069 886 Β
1089 853 1133 877 est
1147 849 1328 885 distinguere
1339 849 1442 884 possit.
1456 847 1853 884 Deniquenotetdiligenter
1864 854 1929 883 qua:

208 901 279 920 vero
293 892 325 920 in
351 893 415 920 solo
430 895 554 928 aspectu
567 893 741 928 acquiescat
754 893 794 920 ita
815 896 848 920 ut
871 901 907 921 ex
935 894 1033 921 colore
1088 894 1135 921 his
1147 893 1335 921 sermonibus
1348 892 1496 928 complexi
1507 901 1622 925 sumus,
1640 900 1773 928 quorum
1803 899 1928 928 scapus,

209 936 405 971 Singularium
424 937 572 971 judicans,
594 937 624 964 in
643 945 775 965 errorem
794 937 963 971 inducatur,
980 946 1034 973 pu-
1089 945 1158 965 cum
1171 938 1210 966 ad
1221 938 1312 966 ﬁnem
1323 938 1469 973 optimum
1490 937 1602 970 tendat,
1620 936 1737 964 felicem
1752 944 1887 973 quoque
1903 939 1930 964 et

206 983 306 1017 tetque
320 988 389 1017 quae
404 983 473 1009 sunt
482 981 561 1009 intus
576 981 618 1009 ita
632 989 663 1008 se
677 981 798 1009 habere.
820 983 941 1010 Exstant
952 982 1032 1010 enim
1088 983 1238 1018 optimum
1246 984 1356 1010 exitum
1366 982 1490 1017 juvante
1498 983 1558 1010 Deo
1570 982 1688 1018 Optimo
1696 982 1836 1010 Maximo
1844 981 1927 1009 habi-

206 1026 293 1060 signa
303 1025 399 1054 multa
413 1025 444 1053 in
456 1025 607 1053 medicina
617 1028 646 1053 et
661 1026 789 1054 naturali
813 1027 937 1054 scientia
952 1035 1032 1055 com—
1087 1029 1172 1056 turus
1187 1030 1240 1055 est.

566 1275 988 1335 ΘΕΟΔΩΡΟΥ
1026 1278 1166 1335 ΤΟΥ
1204 1274 1545 1336 ΛΑΣΚΑΡΙ

455 1423 522 1448 ΤΟΥ
547 1424 624 1448 ΥΙΟΥ
641 1424 708 1448 ΤΟΥ
727 1424 887 1449 ΜΕΓΑΛΟΥ
913 1424 1075 1449 ΒΑΣΙΛΕΩΣ
1103 1424 1210 1448 ΚΥΡΟΥ
1236 1424 1387 1448 ΙΩΑΝΝΟΥ
1413 1425 1478 1448 ΤΟΥ
1503 1423 1615 1450 ΔΟΥΚΑ

685 1539 793 1582 ΤΗΣ
833 1539 1081 1583 ΦΥΣΙΚΗΣ
1125 1539 1432 1583 ΚΟΙΝΩΝΙΑΣ

854 1674 999 1707 ΔΟΓΟΣ
1018 1674 1252 1708 ΠΕΜΠΤΟΣ.

670 1923 1050 1984 THEODOBI
1100 1925 1315 1986 LASCA
1329 1926 1447 1987 RlS

592 2070 671 2097 FlLll
701 2070 806 2099 SUMMI
837 2071 1068 2100 lMPEBATORIS
1097 2073 1218 2100 DOMINI
1246 2073 1390 2100 JOANNIS
1421 2072 1523 2101 ΒΗΘΔ-’3

544 2194 636 2247 DE
674 2190 1049 2249 NATURALI
1088 2195 1555 2250 COMMUNIONE

830 2339 1012 2385 SERMO
1042 2344 1281 2391 QUINTUS

236 2593 271 2621 zz’.
303 2594 352 2619 Δύο
373 2593 424 2619 εἰσι
452 2594 486 2619 τὰ
512 2593 658 2628 ζητούμενα
684 2593 720 2624 εἰς
744 2593 868 2626 ἐξέτασιν,
893 2595 923 2619 πὸ
949 2595 1061 2630 φύσειϐ
1079 2604 1151 2632 τερον
1191 2593 1234 2620 οὖν
1270 2594 1382 2632 ἀκριϐῶς
1425 2594 1682 2626 ἐπακολουθήσαντες
1719 2599 1751 2632 τῇ
1798 2595 1902 2629 ἐξετάσει

200 2647 227 2664 τι
243 2640 288 2664 καὶ
306 2639 374 2664 θέσει
408 2648 414 2654 ·
442 2637 467 2664 ἓν
494 2636 524 2664 δὲ
544 2639 640 2664 τούτων
665 2640 750 2664 κοινὸν
776 2639 790 2666 ἡ
820 2636 944 2675 διαφορα,
974 2641 1024 2665 ΙΙό-
1079 2642 1161 2677 μέχρι
1181 2639 1320 2666 χαὶαὑτοῡ
1334 2639 1368 2669 δὴ
1398 2644 1444 2665 τοὺ
1473 2640 1578 2675 λογικοῦ
1607 2641 1675 2670 ζὼου
1705 2644 1791 2667 ταῦτα
1819 2652 1892 2671 χατην

237 2727 332 2754 1.[)ι]ο
340 2729 482 2763 suntquae
490 2726 866 2760 nobisadinvestigandum
878 2728 1030 2764 proposita
1085 2728 1282 2765 estpositione
1295 2737 1439 2765 :quorum
1451 2729 1582 2757 duorum
1593 2737 1755 2757 commune
1767 2730 1900 2766 quiddam

200 2769 337 2804 fuerunt;
355 2779 464 2806 nempe
476 2771 549 2799 illud
559 2771 643 2807 quod
657 2773 816 2799 estnatura
825 2774 853 2800 et
863 2771 937 2800 illud
947 2773 1030 2808 quod
1084 2777 1140 2807 est,
1156 2781 1264 2810 nempe
1282 2773 1460 2802 difierentia.
1477 2774 1579 2802 Utrum
1603 2774 1692 2813 igitur
1710 2774 1900 2809 investigalio-
