1967 3080
15 120 102 148 1341

487 119 665 149 THEODORI
683 119 707 149 Ῑῐ
725 121 796 150 IMP.
814 120 860 148 DE
880 118 1107 148 GOMNUNIONE
1127 118 1315 148 NATURALL

1691 116 1761 146 1342

31 184 181 218 τὴσαμεν
205 181 380 214 ἓξιτάσαντες,
396 183 442 208 καὶ
468 182 483 211 ἧ
509 183 555 218 μὶν
585 180 716 219 διαὶρισις
738 186 787 208 τῶν
816 191 869 208 κοι-
897 181 922 207 Α
951 181 1074 217 ράσαντες
1113 181 1196 218 εὖρον.
1223 180 1304 207 Ὠστι
1326 180 1440 217 μεγάλως
1465 181 1510 206 καὶ
1528 180 1544 208 ἡ
1578 178 1687 206 παιδεία
1710 179 1746 211 ιίς

33 231 95 251 νῶν
109 230 302 262 τοσαυταχῶς
330 227 463 264 εὑρεθεῖσα
489 225 569 252 διεῖλε
593 231 643 252 τῶν
668 228 744 263 φύσει
772 228 805 252 τὰ
832 227 870 252 θέ-

36 280 100 304 σει,
136 275 174 307 τῇ
205 269 235 296 δὲ
265 274 332 307 τομῇ
360 270 508 306 ἀναγκαίως
537 276 745 308 συναναφανεῖσα
767 273 780 300 ἦ
808 269 869 297 δια-

37 316 125 351 φορὰ
159 316 196 341 τὰ
223 318 358 352 κρείττονα
384 314 552 346 ἐναπέδειξεν.
574 315 652 351 Ἐχει
685 315 714 342 δὲ
739 317 870 352 κρείττονα

36 361 54 388 ἡ
74 361 173 395 φύσις
189 360 241 386 ὅσα
254 361 322 386 κατὰ
349 361 396 390 τὰς
424 359 510 397 ἀρχὰς
538 359 705 386 ἐπακολουοεί
726 368 732 375 ·
749 360 814 395 λέγω
841 358 870 385 δὲ

39 403 148 440 ἀρχὰς
170 407 232 435 τοὺς
246 407 351 441 χυμοὺς
376 406 466 431 καὶτὰ
491 407 556 442 μέρη
584 407 617 431 τὰ
639 410 686 436 τῆς
703 405 798 441 ψυχῆς
824 409 869 431 τοῦ

38 449 174 484 λογικοῦ
190 450 270 480 ζώου,
294 448 384 479 ὶπειδὴ
413 449 440 476 ἐκ
468 454 519 476 τῶν
550 451 671 476 τοιούτων
699 452 777 486 σοφόν
804 450 870 480 ζῶον

43 496 223 520 auria-rauce
254 494 398 531 ἄνθρωπος.
430 497 539 531 Πότερον
572 493 616 520 οὖν
637 497 670 520 τὰ
703 496 748 531 μὶν
769 496 814 523 τὴν
845 493 870 520 ἐν

42 540 200 567 κοινότητι
228 536 356 575 διαφορὰν
398 536 508 572 ἔδειξαν,
544 539 625 569 ἁπλᾶς
657 549 729 570 τινας
753 539 870 565 ὑποτιθέ-

45 593 124 619 μενοι
145 585 296 618 κοινωνίας,
313 586 358 609 καὶ
388 583 412 610 ἔν
432 585 540 620 ἐπιτομῇ
570 586 600 611 τό
629 583 754 620 διάφορον
781 585 870 621 ἥθροι-

48 637 118 660 σαν,
162 627 284 664 σύμϐολα
328 629 419 664 θέμενοι
445 630 493 659 τὰς
521 631 648 664 ωζύγὶας
683 628 869 665 ἀμετακίνητοι.

46 672 88 698 "ﬂ
103 673 163 709 ’γὰρ
188 672 302 698 καθόλου
327 672 384 699 ἐστὶ
406 675 452 699 καὶ
481 676 578 709 φυσικὴ
607 676 736 706 κοινωνία,
761 675 807 699 καὶ
827 673 870 698 εὑ-

50 717 107 747 θής
123 718 174 742 καὶ
200 715 298 752 ἁγαθός
321 715 391 742 ἐστιν
411 718 424 743 ό
441 720 606 748 συνεστακὼς
620 717 646 748 ἐξ
665 717 757 750 αὐτῆς,
778 717 793 746 ἢ
820 716 871 743 λεί-

48 770 138 786 πεται
155 764 203 786 τοῦ
216 761 312 787 τελείου
328 764 405 798 μέρος
429 771 464 796 τι,
483 764 528 788 καὶ
544 763 557 788 ὁ
584 761 612 788 ἐκ
637 764 736 792 ταύτης
763 762 871 788 λείποιτ’

53 804 99 832 ἂν.
119 805 136 834 ἦ
160 807 241 841 μέση,
268 808 312 831 καὶ
326 804 480 838 ἀκολούθως,
497 807 512 835 ἦ
527 808 596 832 κατὰ
609 808 639 832 τὸ
665 810 713 837 τῆς
735 809 871 837 ποιότητος

54 849 160 885 μᾶλλον
183 852 230 876 καὶ
265 850 351 884 ἧττον⁷
382 852 428 876 και
452 851 476 876 οἱ
508 854 658 886 ’γεννώμενοι
685 855 717 887 τῇ
749 853 871 886 γενέσεως

55 894 136 930 αἰτίᾳ
165 893 407 924 ἕπακολουθήσωσι,
439 897 490 921 Καὶ
518 899 619 931 πρῶται
645 896 690 931 μὲν
714 894 758 921 οὖν
787 897 871 921 αἰτίαι

55 942 111 964 τῶν
154 942 305 972 κοινωνιῶν,
348 939 383 969 ὡς
409 940 520 976 εἴρηται,
561 939 585 964 ἐν
612 939 757 970 ἀνθρώποις
786 941 870 975 χυμοὶ

57 985 107 1008 καὶ
125 983 221 1018 θυμὸς⁹
245 982 322 1018 λόγος
353 985 398 1008 καὶ
427 982 563 1018 ἐπιθυμία,
584 985 648 1019 μιτὰ
674 982 704 1010 δί
735 985 830 1013 ταύτας
853 984 868 1013 ἠ

54 1030 107 1056 τῆς
120 1025 260 1058 παιδείας.
283 1026 384 1064 Ὠσπερ
411 1028 461 1064 γὰρ
489 1027 514 1053 ἐν
543 1027 590 1064 ὕλῃ
616 1029 646 1054 τὸ
673 1026 749 1063 εἶδος,
776 1026 801 1053 ἐν
828 1027 871 1053 ἀν-

58 1072 178 1108 θρώποις
203 1069 313 1098 παιδεία
342 1082 348 1089 ·
370 1074 438 1098 ὥστε
456 1072 479 1098 εἰ
498 1074 533 1108 μὴ
563 1072 701 1101 ἀκηκοέναι
719 1073 778 1099 τινά
800 1082 870 1103 τινος

56 1117 128 1141 πάνυ
149 1118 196 1141 καί
222 1124 252 1151 γε
280 1117 357 1151 φύσιν
384 1119 509 1153 χρηστὴν
538 1117 643 1152 ἔχοντα,
672 1117 720 1143 οὐκ
746 1118 777 1142 ἄν
808 1126 870 1143 ποτε

57 1163 160 1195 γνῶσιν
175 1159 309 1196 ιίληχέναι
323 1170 364 1192 τις
379 1162 450 1197 εΖπῃ.
472 1160 564 1187 Πολλοὶ
591 1159 620 1187 δί
644 1163 689 1187 καὶ
713 1165 789 1187 τοῦτο
814 1170 870 1187 1m-

46 1279 118 1300 nem
133 1271 216 1300 hanc
228 1274 366 1300 accurate
381 1272 533 1308 persecuti
544 1271 808 1306 sumus,etomnia
817 1272 882 1299 haec

47 1318 226 1352 perscrutatl
236 1316 273 1344 ad
283 1316 396 1344 animal
401 1317 516 1344 ratione
524 1316 684 1353 praeditum
690 1316 823 1352 provecti
829 1324 881 1343 su-

48 1369 77 1387 m
83 1369 117 1387 us
130 1360 145 1388 ?
152 1361 255 1388 Utrum
262 1361 352 1388 etiam
362 1360 471 1388 divisio
478 1360 787 1388 communicationum
795 1361 825 1388 in
841 1363 883 1388 tot

48 1411 162 1439 genera
176 1403 281 1432 abillis
295 1412 364 1440 quae
377 1407 447 1432 sunt
462 1404 672 1440 positione,illa
680 1412 748 1440 qua:
755 1406 881 1432 suntna-

48 1451 126 1480 tura,
139 1448 312 1483 separavit?
322 1450 423 1476 Utrum
433 1449 521 1476 etiam
530 1448 579 1477 illa
586 1457 654 1484 quae
664 1451 734 1476 sunt
741 1450 882 1484 praestan-

48 1493 126 1520 tiora
137 1493 388 1520 commonstravit
402 1493 570 1520 differentia
584 1492 633 1520 illa
646 1501 713 1529 quae
730 1500 790 1520 una
812 1500 881 1520 cum

950 227 997 254 τὴν
1019 225 1208 255 τιλειοποίησιν
1235 225 1419 262 συμϐάλλεται.
1434 225 1509 251 ’Ἐστι
1528 223 1557 250 δὲ
1583 227 1628 250 καὶ
1649 225 1664 253 ἠ
1687 234 1747 250 παι-

951 269 1010 296 δεία
1026 269 1258 307 διάφορος-πᾶσα
1282 271 1331 307 ’γὰρ
1359 271 1474 304 μάθησις
1502 269 1538 298 εἰς
1561 270 1608 297 τὴν
1635 268 1747 294 καθόλου

950 315 1083 349 ανάγεται,
1115 314 1273 340 ποικίλλεται
1300 316 1316 343 ἠ
1345 313 1456 340 καθόλου
1483 311 1513 339 δὲ
1544 311 1682 349 διαφόρως,
1713 312 1748 342 εἰς

951 358 1114 394 φιλοσοφίαν,
1144 359 1180 389 εἰς
1208 361 1353 395 στρατείαν,
1379 358 1414 388 εἰς
1450 360 1582 389 ναυτικὴν,
1604 356 1640 387 εἰς
1671 357 1750 392 ὑφαν-

949 405 1035 437 τικεὴν⁷
1079 403 1115 433 εἰς
1152 404 1392 439 χρυσοποιητικὴν,
1436 401 1472 432 εἰς
1517 402 1679 436 ποιμενικὴν,
1716 400 1749 430 εἰς

950 446 1139 483 ὀψαρτυτικήν.
1165 447 1200 478 εἰς
1224 449 1372 475 τεκτονικὴν
1393 448 1434 472 καὶ
1471 446 1549 472 πλείω
1574 447 1671 471 τούτων
1704 454 1748 471 πο-

950 491 991 518 λύ.
1020 492 1052 517 Ai
1073 493 1118 527 μὲν
1145 489 1188 518 οὖν
1216 495 1247 528 τῇ
1275 491 1399 527 καθολικῇ
1423 494 1594 516 κοινωνοῦσαι
1622 491 1657 520 ὡς
1682 489 1750 519 εἰκὸς

951 537 1066 573 ἄριστοι.
1094 536 1170 562 Ἐστι
1186 535 1216 562 δὲ
1230 536 1296 564 αὕτη
1313 536 1452 572 φιλοσοφία
1467 544 1474 551 ο
1494 539 1591 570 γνῶσις
1614 535 1665 570 γὰρ
1693 535 1749 560 ἑστι

951 585 1000 606 τῶν
1015 582 1091 606 ὄντων
1138 582 1199 606 durat
1220 580 1300 614 ἐστὶν,
1323 582 1355 610 ὡς
1377 580 1443 610 εἰκὸς
1470 577 1500 605 δὲ
1523 579 1598 613 λέγω,
1625 578 1679 613 οὐχ
1711 579 1749 604 ὅτι

951 627 994 650 τόν
1011 627 1107 650 σκυτέα
1130 625 1287 661 φιλοσοφεῖν,
1315 624 1368 650 ἀλλ’
1390 625 1430 650 ὅτι
1454 624 1522 649 κατά
1547 623 1621 658 λόγον
1645 622 1750 658 ἐργάζε-

953 670 1016 695 σθαι
1041 670 1075 695 τὰ
1099 668 1116 694 ἃ
1132 669 1323 699 κατασκευάζει
1344 667 1439 694 πέδιλα
1464 678 1470 684 ·
1497 669 1543 693 καὶ
1568 669 1612 693 τὸν
1635 667 1749 702 ὑφάντην

951 717 996 739 καὶ
1023 715 1066 739 τόν
1091 713 1269 750 ἀργυροκόπον
1293 715 1359 749 πρὸς
1391 714 1437 743 τὰς
1469 714 1663 748 μεταχειρίσεις
1695 710 1750 740 ἑνός

951 758 1062 784 ἑκάστου
1087 759 1155 784 κατὰ
1187 760 1230 784 τὸν
1253 759 1333 784 τύπον
1373 758 1460 784 αὐτόν.
1492 759 1602 792 Λέγεται
1625 757 1676 791 γὰρ
1705 757 1750 782 καὶ

953 804 1032 837 σοφὸς
1065 802 1236 838 ἁρχιτέκτων,
1263 803 1316 838 οὐχ
1340 803 1381 828 ὃτι
1409 800 1439 828 δέ
1466 803 1497 836 7i
1531 801 1566 830 ὡς
1593 799 1748 836 φιλοσοφῶν,

952 846 1005 872 ἀλλ’
1019 848 1053 877 ὡς
1076 848 1116 873 ὅτι
1135 848 1203 873 κατὰ
1227 847 1302 882 λόγον
1323 848 1367 872 τὸν
1391 849 1484 884 πρίονα
1515 847 1560 872 καὶ
1579 854 1621 872 τον
1644 844 1750 871 πέλεκυν

951 895 1016 917 κινιῐ
1040 893 1106 928 πρὸς
1135 893 1181 922 τὰς
1214 891 1353 927 οἰκοδομάς
1382 901 1389 908 ·
1418 891 1557 926 ἀνάγονται
1583 891 1634 926 γὰρ
1665 892 1750 915 πᾶσαι

950 937 1016 972 πρὸς
1029 937 1090 971 μίαν
1114 935 1215 970 ἑκάστῳ
1243 937 1272 961 αἱ
1297 937 1389 971 τέχναι
1411 938 1460 965 τῆς
1489 934 1642 970 φιλοσοφίας
1667 931 1748 960 ἰδέαν.

952 981 1002 1005 Καὶ
1026 980 1039 1005 ό
1065 981 1213 1016 στρατηγὸς
1236 979 1333 1010 πολλῆς
1373 977 1459 1006 δεῖται
1494 978 1644 1014 φιλοσοφίας
1667 978 1692 1003 ἓν
1721 985 1749 1003 τι

951 1024 1066 1060 βουλαῖς,
1084 1025 1108 1050 ἔν
1125 1033 1152 1050 τε
1165 1026 1296 1061 κρίσεσιν,
1312 1025 1337 1050 ἓν
1362 1033 1389 1050 τε
1410 1023 1573 1060 παρατάξεσι
1598 1024 1643 1048 καὶ
1677 1030 1749 1057 σχη-

950 1072 1092 1104 ματισμοῖς
1130 1068 1252 1104 πολέμου,
1290 1070 1335 1094 καὶ
1362 1070 1535 1103 ναυμαχίαις,
1575 1069 1620 1092 καὶ
1645 1065 1750 1102 πολιορ-

949 1115 1030 1147 κίαις,
1044 1115 1088 1139 καὶ
1108 1111 1132 1138 ἓν
1156 1112 1244 1142 οἰλλαις
1266 1112 1372 1143 πολλαῖς
1399 1111 1511 1148 πράξεσι
1537 1111 1630 1148 ῥηταῖς
1653 1110 1676 1136 τ’

948 1158 1049 1194 ῥήτοις.
1074 1156 1151 1193 Ἐχει
1165 1157 1216 1194 γάρ
1231 1157 1246 1186 ἠ
1263 1158 1440 1193 στρατιωτικὴ
1464 1158 1512 1185 τήν
1537 1155 1600 1184 ὕλην
1626 1158 1676 1181 τῶν
1706 1153 1749 1190 ἂρ-

935 1269 1035 1296 omnis
1055 1268 1135 1296 enim
1149 1267 1309 1304 disciplina
1324 1267 1364 1295 ad
1397 1267 1566 1304 generalem
1592 1267 1760 1294 revocatur.

936 1313 1020 1340 Varie
1036 1315 1137 1341 autem
1150 1312 1385 1349 etmultipliciter
1399 1311 1596 1346 distribuitur,
1613 1311 1644 1339 in
1668 1310 1763 1347 philo-

936 1361 1084 1397 sophiam,
1101 1361 1131 1388 in
1144 1360 1373 1396 imperatoriam,
1385 1360 1415 1388 in
1422 1360 1584 1393 nauticam,
1593 1359 1760 1393 textoriam,

935 1405 1092 1433 auriﬁcum
1102 1407 1206 1437 artem,
1214 1404 1412 1440 pastoritiam,
1419 1404 1607 1438 culinariam,
1614 1403 1747 1432 fabrilem
1754 1426 1760 1435 ,

935 1451 1005 1478 etin
1016 1450 1109 1478 multo
1125 1450 1224 1486 plures
1239 1449 1331 1477 alias:
1353 1457 1420 1485 quae
1433 1449 1522 1483 igitur
1544 1457 1612 1477 cum
1630 1449 1761 1483 generali

935 1495 985 1522 illa
1000 1497 1069 1522 sunt
1082 1494 1312 1530 conjunctiores,
1330 1494 1434 1521 merito
1455 1493 1605 1521 habentur
1627 1493 1760 1529 optimas.

49 1536 195 1564 divisione
210 1536 311 1564 statim
326 1536 464 1564 exstitit?
474 1537 625 1564 Habentur
636 1540 736 1564 autem
745 1536 775 1564 in
782 1544 880 1564 rerum
897 1538 916 1565 (Ἰ
937 1541 985 1567 Est
994 1542 1094 1567 autem
1110 1539 1160 1567 illa
1174 1538 1365 1575 philosophia
1375 1538 1482 1574 prima,
1498 1546 1566 1573 quae
1582 1539 1626 1565 est
1648 1546 1760 1572 rerum,

49 1581 425 1616 naturapraastantiorailla
433 1589 623 1617 quascunque
631 1581 766 1617 proxime
776 1581 881 1617 princi-

49 1626 101 1662 pia
114 1626 180 1662 ipsa
197 1629 376 1661 sequuntur.
388 1626 535 1662 Principia
542 1634 612 1653 vero
621 1626 688 1653 dico
704 1626 846 1654 humores
854 1628 881 1653 et

49 1673 151 1707 partes
162 1670 271 1698 animm
286 1670 364 1698 illius
379 1679 448 1706 quae
468 1671 581 1698 animal
595 1671 709 1698 ratione
722 1671 879 1707 praeditum

51 1715 462 1751 constituit.quandoquidem
472 1723 508 1743 ex
517 1715 628 1743 talibus
636 1717 753 1743 constat
762 1716 880 1751 sapiens

51 1760 125 1788 illud
140 1759 263 1792 animal,
279 1767 390 1796 nempe
404 1759 506 1787 homo.
520 1760 623 1788 Utrum
647 1760 734 1801 igitur
753 1768 773 1787 a
784 1759 880 1791 ,nobis

52 1806 258 1833 demonstrata
271 1809 316 1832 est
324 1804 355 1832 in
365 1804 580 1832 communitate
591 1812 691 1832 rerum
712 1804 879 1832 differentia

53 1850 156 1886 positis
169 1849 353 1885 quibusdam
378 1849 565 1885 simplicibus
584 1849 850 1877 communionibus
865 1849 879 1876 ‘T

54 1895 154 1922 Utrum
170 1894 261 1921 etiam
279 1893 446 1921 differentia
464 1893 773 1921 communicationum
785 1893 879 1920 brevi-

52 1942 96 1966 ter
109 1940 136 1966 et
147 1945 248 1973 presse
268 1937 426 1974 perstricta
450 1939 493 1965 est
507 1945 543 1964 ac
570 1937 788 1973 comprehensa
803 1937 868 1972 posi

54 1982 91 2011 tis
105 1981 247 2018 symbolis
262 1982 328 2017 conj
335 1982 510 2017 ugationum
526 1981 767 2009 immutabilibus
789 1981 804 2009 ‘P
829 1981 880 2009 Vel

56 2027 132 2055 enim
143 2029 188 2054 est
199 2026 345 2061 generalis
361 2029 389 2053 et
409 2025 554 2054 naturalis
580 2026 765 2060 communio,
790 2027 880 2061 atque

57 2071 103 2099 ille
115 2070 166 2106 qui
179 2079 214 2098 ex
230 2071 287 2098 hac
300 2073 426 2103 constat,
448 2073 544 2097 rectus
559 2072 603 2097 est
627 2073 654 2097 et
680 2069 803 2105 probus,
834 2069 881 2097 vel

58 2116 136 2144 deest
158 2115 278 2151 aliquid,
300 2115 383 2152 quod
403 2114 443 2142 ad
470 2115 679 2150 perlectionem
709 2114 879 2149 requiritur.

58 2159 195 2196 Atqueilli
206 2159 298 2187 deerit
310 2158 423 2195 aliquid
446 2158 499 2194 qui
524 2166 559 2185 ex
583 2158 640 2185 hac
666 2158 880 2186 communione

935 1586 1085 1620 quatenus
1105 1585 1184 1618 sunt,
1200 1582 1329 1616 cognitio
1345 1603 1351 1610 .
1369 1583 1439 1610 Dico
1454 1582 1560 1609 merito
1589 1589 1650 1609 non
1677 1583 1762 1618 quod

936 1629 1102 1656 existimem
1116 1627 1276 1656 coriarium
1288 1626 1504 1663 phiiosophari,
1521 1626 1572 1654 sed
1586 1626 1668 1662 quod
1674 1634 1763 1662 opor-

935 1675 995 1700 teat
1005 1672 1175 1705 coriarium,
1193 1679 1261 1707 quae
1272 1670 1390 1699 conficit
1405 1670 1617 1704 calceamenta,
1649 1678 1685 1698 ex
1716 1678 1762 1698 ra-

935 1717 1014 1744 tione
1047 1715 1359 1752 conﬁcere;itemque
1382 1717 1526 1743 textorem
1553 1717 1580 1743 et
1606 1715 1759 1743 auriﬁcem

935 1760 1018 1795 fungi
1033 1761 1095 1788 suis
1102 1759 1277 1788 muneribus
1285 1762 1313 1787 et
1324 1761 1465 1796 praestare
1474 1767 1509 1787 ex
1516 1759 1613 1787 forma
1621 1759 1691 1787 artis
1698 1767 1761 1787 sum

934 1813 1001 1841 quae
1006 1805 1116 1833 debent
1122 1805 1294 1840 praestare.N
1298 1812 1343 1831 am
1351 1803 1524 1832 architectus
1530 1811 1650 1840 quoque
1656 1803 1773 1832 dicitur‘

934 1857 1055 1885 sapiens
1065 1856 1128 1876 non
1141 1849 1225 1884 quod
1239 1848 1480 1884 philosophetur,
1496 1848 1547 1876 sed
1561 1848 1643 1884 quod
1658 1856 1695 1876 ex
1713 1856 1760 1876 ra-

935 1894 1012 1921 tione
1027 1901 1140 1921 serram
1155 1896 1184 1920 et
1196 1893 1324 1920 securim
1339 1895 1441 1920 movet
1467 1892 1506 1920 ad
1532 1892 1758 1920 aediﬁcandum.

934 1939 1044 1966 Omnes
1058 1938 1138 1965 enim
1149 1939 1227 1965 artes
1243 1937 1282 1965 ad
1299 1944 1392 1964 unam
1414 1936 1597 1971 singularem
1626 1936 1760 1973 aliquam

933 1981 1239 2018 philosophiaeideam
1256 1981 1433 2009 referuntur.
1446 1982 1478 2009 Et
1496 1982 1660 2017 imperator
1680 1989 1761 2009 exer-

934 2027 1008 2054 citus
1023 2035 1084 2054 non
1108 2026 1221 2062 vulgari
1239 2033 1316 2062 opus
1333 2025 1425 2053 habet
1444 2025 1635 2062 philosophia
1657 2026 1687 2053 in
1710 2025 1761 2054 de-

933 2071 1159 2099 liberationibus
1175 2070 1385 2105 etinjudiciis,
1406 2070 1436 2098 in
1463 2071 1639 2098 orainandis
1663 2073 1692 2098 et
1717 2071 1760 2098 in-

935 2115 1085 2144 struendis
1108 2115 1211 2151 copiis,
1238 2115 1268 2142 in
1297 2115 1408 2150 praeliis
1435 2115 1603 2148 navalibus,
1623 2115 1653 2143 in
1679 2115 1760 2144 obsi-

934 2159 1075 2188 dionibus
1090 2159 1215 2195 aliisque
1231 2158 1401 2186 actionibus
1424 2159 1512 2194 vulgo
1536 2159 1614 2187 notis
1638 2162 1667 2187 et
1677 2159 1759 2194 igno-

59 2203 228 2231 constitutus
243 2203 330 2231 fuerit
346 2211 353 2230 :
368 2202 415 2231 vel
430 2204 473 2230 est
485 2201 595 2236 media,
612 2204 640 2230 et
653 2202 778 2237 proinde
789 2202 880 2230 medii
899 2215 919 2241 ῃ
934 2205 984 2232 tis.
1005 2204 1097 2232 Habet
1110 2204 1189 2232 enim
1217 2212 1266 2232 ars
1290 2203 1423 2232 militaris
1446 2204 1552 2232 silvam
1576 2212 1703 2240 operum
1732 2206 1761 2233 et

62 2248 150 2284 quiex
162 2248 218 2276 hac
246 2248 396 2276 constituti
427 2247 548 2276 fuerint.
574 2247 624 2274 Vel
648 2247 791 2275 definitur
821 2256 881 2275 am-

62 2293 148 2329 pliore
158 2295 185 2320 et
196 2292 310 2321 minore
324 2292 475 2329 qualitatis
490 2292 639 2327 portione.
655 2293 752 2328 Atque
774 2300 809 2319 ex
823 2292 881 2320 hac

63 2337 201 2365 constituti
210 2337 429 2365 constitutionis
438 2339 554 2364 etortus
561 2343 684 2363 causam
699 2338 878 2372 sequentur:

64 2389 96 2409 ac
110 2382 207 2417 primm
219 2381 343 2418 quidem
351 2389 449 2409 causae
458 2380 755 2414 communionum,ut
766 2380 880 2408 dictum

65 2426 112 2460 esi,
124 2425 151 2453 in
161 2425 335 2454 hominibus
352 2428 422 2453 sunt
435 2425 588 2459 humores,
600 2424 728 2453 facultas
736 2425 879 2460 irascens,

65 2470 132 2498 ratio
159 2472 187 2498 et
210 2471 369 2507 cupiditas.
409 2472 466 2498 Has
487 2469 683 2505 consequitur
705 2469 880 2498 eruditionis

66 2515 318 2544 communio.Nam
330 2514 456 2542 eruditio
468 2514 498 2541 in
510 2513 684 2541 hominibus
693 2514 723 2541 id
739 2517 783 2542 est
796 2514 879 2550 quod

66 2559 93 2586 in
103 2561 218 2587 materia
231 2562 275 2587 est
295 2559 392 2588 forma
407 2568 413 2592 ;
428 2559 504 2586 adeo
520 2560 552 2585 ut
579 2558 630 2594 qui
657 2558 747 2586 etiam
771 2562 880 2587 natura

67 2603 167 2639 optima
182 2606 219 2640 sit
229 2606 380 2640 praeditus,
393 2603 450 2631 nisi
466 2603 618 2636 doceatur,
639 2611 796 2639 nunquam
812 2611 878 2638 cog-

67 2648 195 2676 nitionem
205 2648 339 2684 aliquam
352 2648 389 2676 sit
403 2650 617 2675 consecuturus
628 2657 636 2682 ;
648 2647 678 2675 id
695 2648 778 2683 quod
793 2656 879 2676 nemo

67 2699 121 2720 non
132 2692 276 2723 fatebitur.
294 2692 371 2720 Multi
383 2700 454 2720 vero
478 2692 536 2719 hoc
562 2692 603 2719 ita
631 2692 741 2720 habere
765 2693 879 2728 experti

68 2740 136 2766 sunt.
154 2739 247 2770 Quare
283 2737 410 2765 eruditio
439 2737 478 2765 ab
508 2737 719 2772 perfectionem
746 2738 877 2766 hominis

68 2782 182 2811 maxime
195 2781 318 2811 confert.
348 2783 397 2810 Est
418 2784 518 2810 autem
547 2782 673 2810 eruditio
696 2783 877 2819 multiplex:

935 2249 1071 2284 subjecta
1085 2248 1251 2276 indefinite.
1268 2249 1334 2276 Htec
1354 2248 1443 2283 igitur
1458 2249 1561 2276 omnia
1574 2249 1612 2276 ad
1628 2249 1760 2285 philoso-

935 2293 1036 2329 phiam
1053 2295 1229 2321 revocantur
1246 2302 1252 2321 :
1269 2293 1335 2328 ipsa
1349 2300 1419 2320 vero
1434 2295 1477 2320 est
1491 2295 1638 2329 tanquam
1659 2293 1759 2321 erudi-

935 2337 1022 2365 tionis
1037 2337 1141 2365 oculus
1154 2339 1182 2365 et
1193 2344 1350 2365 cacumen.
1383 2337 1521 2364 Distincte
1545 2337 1634 2372 igitur
1653 2337 1760 2365 docea-

936 2390 1003 2410 mus
1013 2390 1155 2418 quaenam
1165 2384 1272 2410 natura
1282 2383 1418 2409 constent
1428 2385 1455 2409 et
1468 2389 1537 2417 quae
1548 2382 1696 2417 pasitione
1713 2389 1759 2415 ;ex

935 2427 1047 2456 finibus
1062 2430 1162 2455 autem
1177 2427 1235 2454 hoc
1259 2426 1361 2462 ipsum
1381 2433 1562 2461 cognOScere
1583 2426 1758 2462 poterimus.

936 2473 1020 2500 Fines
1032 2471 1122 2499 etiam
1146 2471 1326 2507 principium
1350 2472 1379 2498 et
1402 2478 1527 2498 causam
1552 2470 1697 2498 indicant.
1724 2471 1760 2498 Ut

935 2517 1015 2544 enim
1030 2515 1184 2552 proportio
1199 2515 1329 2551 partium
1345 2515 1446 2543 circuli
1466 2514 1759 2551 etcomparatiocum

934 2560 1088 2589 elementis
1104 2559 1233 2588 ostendit
1251 2559 1337 2593 illud,
1349 2559 1432 2595 quod
1446 2561 1554 2587 natura
1577 2561 1703 2592 constat,
1731 2561 1760 2587 et

933 2604 1006 2633 illud
1016 2605 1098 2641 quod
1115 2604 1271 2640 positione,
1284 2603 1416 2638 itemque
1430 2603 1583 2638 proportio
1597 2606 1625 2630 et
1634 2610 1758 2638 compa-

933 2649 1007 2678 ratio
1027 2649 1189 2676 humorum
1211 2656 1279 2675 cum
1308 2647 1381 2683 ipsis
1403 2647 1556 2675 elementis
1580 2647 1655 2675 illud
1681 2647 1757 2675 idem

933 2693 1077 2722 ostendit:
1094 2694 1134 2721 ita
1151 2693 1240 2720 etiam
1262 2692 1511 2720 communionum
1531 2692 1759 2728 conjugationes

933 2738 1096 2768 ostendunt
1107 2736 1256 2765 naturales
1273 2736 1412 2764 animalis
1431 2736 1544 2765 ratione
1560 2737 1675 2774 praediti
1692 2745 1758 2773 pro-

931 2783 1080 2820 prietates,
1093 2783 1122 2809 et
1139 2780 1294 2816 quomodo
1317 2780 1405 2808 bonae
1428 2781 1500 2808 eunt
1526 2782 1556 2809 et
1577 2780 1755 2816 laudabiles,
