1967 3080
203 109 271 138 1343

972 106 1149 137 ΑΠΒΕΝΒΑ,

1858 109 1920 136 1344

214 175 314 208 γασιῶν
345 172 390 198 καὶ
415 170 448 197 τά
491 170 647 207 ὑποκείμενα
683 169 804 209 ἀόριστα.
839 171 928 197 Πάντα
952 173 1014 206 γοῦν
1046 172 1069 199 Α
1097 169 1222 206 φθαρικὸν
1243 168 1498 199 ἐποίησενᾶντοῦτο
1515 169 1563 204 ;οὖ
1590 170 1690 206 φύσεως
1718 168 1766 199 δή.
1799 169 1910 199 Ἐποίη-

214 220 298 244 ταὺτα
312 216 348 247 εἰς
361 218 407 245 τὴν
435 215 588 252 φιλοσοφίαν
613 214 751 252 ἀνάγονται
771 226 778 234 ο
808 216 874 245 αὕτη
895 214 925 243 δὲ
952 225 1016 242 παι-

217 260 288 292 δείας
309 261 381 287 ἐστὶν
397 260 448 287 οἷον
476 260 604 296 ὀφθαλμὸς
618 263 661 287 καὶ
696 260 821 299 ἆκρωρία.
847 262 1017 297 Διαχωρίσω-

215 315 259 343 μεν
294 309 357 342 γοῦν
390 315 448 331 τινα
476 306 571 331 τούτων
609 307 653 332 καὶ
680 310 729 332 τῶν
757 306 838 332 ἄλλων
870 308 944 342 φύσει
971 307 1017 331 καί

215 360 273 377 τινα
303 351 371 376 θέσει
397 358 403 364 ·
429 351 596 387 εὐριθήσεται
629 348 659 376 δι
684 354 759 377 τοῦτο
786 350 812 377 ἐκ
838 354 886 377 τῶν
911 350 987 377 τελῶν
1008 359 1014 367 ·

215 396 249 422 τά
274 396 324 432 γάρ
359 395 417 424 τέλη
463 393 599 424 δηλοποιιῖ
634 397 682 424 τὴν
711 395 809 432 ἀρχὴν.
838 395 937 432 Ὠσπερ
964 395 1015 431 γάρ

216 441 231 470 ἡ
268 443 314 466 τοῦ
346 439 440 465 κύκλου
473 443 555 477 μερῶν
592 438 717 476 ἀναλογία
743 450 808 476 προς
834 441 866 467 τά
896 443 1018 476 στοιχεῖα

216 485 245 511 τὸ
260 486 336 521 φύσει
351 483 469 510 ὃιίκνυσι
483 486 528 510 καὶ
542 486 571 510 τὸ
592 485 672 518 θέσει,
685 487 729 511 καὶ
743 486 758 514 ἡ
788 487 852 522 πρὸς
876 485 942 511 αὐτά
967 489 1016 511 τῶν

217 534 310 567 χυμῶν
330 530 435 566 ὁμοίως,
451 531 497 555 καὶ
517 530 544 555 αἱ
576 529 703 566 συζυγίαι
728 535 778 556 τῶν
804 534 950 563 κοινωνιῶν,
971 531 1017 556 καὶ

217 575 284 601 κατά
298 575 341 600 τὸν
355 573 431 600 αὐτὸν
446 573 521 610 λόγον
550 574 583 600 τά
610 578 657 600 τοὺ
689 574 794 611 λογικοῦ
820 575 888 605 ζώου
919 575 1017 611 φυσικά

219 618 360 655 ἰδιώματα,
386 620 431 644 καὶ
457 623 509 648 πῶς
537 620 581 655 μὶν
604 618 691 654 ἀγαθά
726 623 782 650 πῶς
810 617 836 645 δ’
872 619 911 652 οὗ,
941 619 1017 645 οἶτινα

216 663 311 700 μᾶλλον
324 666 369 689 τοῦ
384 664 452 689 θέσει
467 663 481 692 ἦ
495 666 541 689 τοῦ
567 664 643 699 φύσει
665 663 734 690 ἐστίν
752 674 757 681 -
775 664 843 690 οὓτω
861 661 893 693 δὴ
921 665 966 690 καὶ
992 662 1016 689 ἐν

217 709 378 744 ἐπιστήμαις
389 710 433 734 καὶ
448 709 555 743 τέχναις
574 707 688 745 ἀναφανῇ
715 710 744 734 τὸ
758 710 833 745 φύσει
860 718 888 734 τε
915 710 960 734 καὶ
986 709 1015 734 τὸ

217 754 296 781 θέσει.
318 753 348 780 Εἰ
360 751 390 779 δέ
407 762 447 783 τις
462 751 563 790 ἀφορῶν
583 754 622 779 ὃόι
649 754 735 779 πάντα
761 757 809 784 τῆς
838 754 946 790 φύσεως,
972 754 1017 779 καὶ

217 799 257 825 ὅτι
286 801 361 824 πᾶσα
391 799 472 833 τέχνη
499 802 544 828 τῆς
573 797 729 835 ἐπιστήμης,
756 801 801 824 καὶ
831 796 877 824 διά
898 801 974 824 τοῦτο
1000 797 1015 827 ἡ

216 844 301 870 πάντα
337 847 384 873 τῆς
409 844 519 878 φύσεως,
556 842 571 872 ἦ
599 841 674 869 οὐδὲν
704 843 758 869 ἐστι
785 844 896 879 φύσεως,
925 844 971 869 καὶ
1001 842 1016 871 ἦ

216 888 300 914 πάντα
325 891 372 918 τῆς
395 886 543 923 ἐπιστήμης
573 888 588 917 ἦ
619 886 681 914 οὐδὲ
707 888 732 914 ἓν
759 886 829 914 ἐστιν
858 887 1016 924 ἄπιστὴμης¹

217 931 353 959 πλανᾶται.
381 930 451 958 Οὐδὲ
476 932 527 969 γάρ
553 931 600 964 ἔξω
623 936 671 964 τῆς
695 933 796 968 φύσεως
822 931 900 962 ἄλλην
941 933 1018 968 φύσιν

219 974 364 1013 σπεύδομεν
386 975 480 1011 δεῖξαι,
493 976 557 1003 ἀλλά
576 978 609 1003 τά
623 979 660 1013 μὴ
689 978 756 1003 κατά
781 978 859 1013 φύσιν
885 979 1018 1013 γινόμενα.

218 1023 298 1048 ιῖτουν
318 1022 351 1047 τά
370 1023 406 1058 μὴ
422 1021 507 1052 καλῶς
528 1024 572 1047 καὶ
588 1021 739 1059 εἰλικρινῶς,
764 1023 817 1048 οἷον
845 1020 897 1050 τὴν⁴
918 1022 1019 1058 μάχαι-

216 1075 264 1104 ραν
281 1067 294 1095 ἠ
312 1067 389 1102 φύσις
400 1065 457 1102 εὖρό
471 1075 498 1092 τι
511 1069 631 1103 πρᾶγμα,
661 1069 726 1092 κινεῖ
745 1065 775 1092 δὲ
800 1076 841 1097 τις
863 1066 943 1095 αὐτὴν
968 1075 1019 1092 πα-

216 1111 331 1148 ραλόγως
348 1122 354 1129 ·
372 1108 414 1148 ἆρ’
438 1109 481 1136 οὖν
497 1110 595 1146 ἀλόγως
626 1112 640 1139 ἡ
663 1112 738 1147 φύσις
764 1111 820 1148 εὗρε
846 1113 892 1140 τὴν
919 1111 1019 1147 μάχαι-

216 1164 263 1192 ραν
280 1163 286 1188 ;
301 1157 413 1184 Οὔκουν,
443 1154 475 1181 ’Π
493 1156 533 1181 ὄτι
551 1157 581 1181 τὸ
610 1155 704 1182 ἐσθίειν
735 1156 767 1182 τά
790 1155 846 1186 ζῶα
870 1155 976 1191 ἄριστον
1002 1157 1017 1186 ἡ

217 1201 292 1235 φύσις
313 1197 394 1225 ἔδωκε
416 1197 487 1236 δόμα
521 1207 526 1214 ·
556 1200 584 1225 τό
617 1200 682 1236 πρὸς
702 1201 777 1237 κόρον
807 1198 901 1225 ἐσθίειν
921 1199 1020 1235 εἰσάγει

218 1243 319 1279 βλάϐην
392 1245 466 1279 φύσις
493 1245 522 1269 τὸ
552 1242 646 1270 ἐσθίειν
675 1247 726 1275 τοῖς
756 1244 831 1275 ζώοις
856 1244 891 1276 εἱς
918 1243 1019 1280 βλάϐην

217 1287 298 1315 ἔδωκε
313 1298 321 1323 ;
335 1292 417 1315 Τοῦτο
431 1287 460 1316 δὲ
476 1293 527 1319 πῶς
545 1297 551 1322 ;
574 1291 624 1318 Καὶ
658 1289 707 1326 γάρ
738 1290 893 1316 συνιστάναι
918 1288 944 1321 ἐξ
972 1289 1018 1316 οὐκ

219 1335 290 1365 ὦτος
318 1334 332 1363 ἡ
360 1335 436 1370 φύσις
463 1331 616 1371 σπεύδουσα
646 1338 701 1365 πῶς
733 1335 762 1360 τὸ
800 1335 865 1371 πρὸς
890 1335 1018 1361 σύστασιν

203 1477 358 1514 quomodo
372 1477 461 1505 etiam
477 1484 538 1505 non
553 1476 652 1510 bonae,
673 1484 741 1513 qute
754 1476 823 1504 item
836 1476 934 1512 magis
949 1476 1028 1513 posi-

205 1522 285 1551 tione
297 1523 445 1556 constant,
460 1529 552 1558 quam
572 1523 697 1550 natura:
712 1522 754 1550 ita
767 1521 892 1549 etiamin
899 1521 1028 1550 scientiis

202 1570 230 1596 et
240 1567 353 1596 artibus
363 1567 548 1595 luculentum
577 1567 697 1601 exsistit,
719 1567 803 1603 quod
826 1569 935 1595 natura
960 1574 1030 1594 con-

203 1615 294 1641 statet
309 1611 392 1648 quod
403 1611 560 1648 positione.
574 1612 660 1645 Quod
675 1611 772 1648 siquis
779 1611 903 1639 animad
912 1614 1028 1639 vertens

202 1657 304 1685 omnia
314 1659 500 1684 essenaturae
515 1658 544 1684 et
556 1663 678 1683 omnem
699 1658 793 1684 artem
826 1656 960 1684 revocari
989 1655 1028 1683 ad

203 1701 369 1734 scientiam,
385 1703 414 1728 et
424 1700 534 1728 idcirco
541 1700 767 1728 asseratomnia
776 1708 840 1728 esse
847 1702 970 1734 naturae,
978 1702 1029 1728 aut

201 1745 275 1774 nihil
287 1753 351 1772 esse
366 1747 490 1779 naturas,
501 1745 633 1781 itemque
646 1747 698 1773 aut
715 1745 789 1773 nihil
803 1753 866 1772 esse
886 1744 1026 1773 scientiae:

201 1789 291 1825 longe
308 1789 534 1826 fallitur.Neque
554 1789 634 1817 enim
662 1792 746 1818 extra
770 1789 909 1818 naturam
936 1789 1028 1818 aliam

201 1837 342 1863 naturam
357 1834 507 1869 volumus,
519 1836 570 1862 aut
586 1842 749 1871 possumus
776 1834 945 1868 ostendere,
975 1833 1028 1862 sed

201 1887 269 1916 qua:
284 1887 320 1907 ex
329 1881 436 1908 natura
452 1887 513 1908 non
532 1879 676 1908 exsistunt
690 1879 819 1907 dicimus
833 1879 884 1907 illa
896 1887 961 1907 esse
975 1879 1028 1906 ab-

201 1924 333 1958 ventitia,
344 1925 402 1952 hoc
417 1926 469 1959 est,
481 1932 550 1960 qua:
563 1932 622 1952 non
636 1923 778 1960 praeclare
789 1926 817 1952 et
830 1924 944 1951 sincere
964 1923 1028 1951 etii-

202 1969 321 1997 ciuntur
337 1971 380 2003 ut,
409 1968 537 2004 exempli
566 1969 671 2003 gratia,
700 1971 808 1997 natura
841 1976 894 2004 per
936 1970 1029 1996 artem

203 2013 401 2041 conformavit
413 2021 476 2041 rem
491 2012 635 2048 aliquam,
649 2015 682 2041 ut
695 2013 838 2050 gladium,
854 2020 915 2049 quo
922 2012 1029 2048 aliquis

203 2058 293 2087 utitur
305 2060 412 2094 praeter
423 2057 580 2092 rationem,
601 2065 640 2086 an
650 2057 760 2086 idcirco
783 2060 891 2086 natura
923 2059 1029 2093 praeter

202 2103 348 2131 rationem
362 2101 496 2137 galdium
507 2101 657 2131 invenisse
668 2103 781 2130 dicetur
803 2103 816 2131 ?
842 2104 905 2130 Non
933 2102 1028 2138 profe'

1099 224 1127 241 σι
1143 213 1172 242 δὲ
1184 217 1213 241 τὸ
1229 214 1323 241 ἐσθίειν
1347 216 1362 244 ἡ
1391 216 1479 251 φύσις,
1494 215 1523 241 οὐ
1540 216 1680 252 φθαρτικὸν
1707 219 1759 241 τῶν
1776 225 1912 242 συνιστα-

1097 261 1176 296 μένων
1210 257 1258 286 διοί
1281 264 1388 297 τροφῆς,
1405 259 1468 286 ἀλλά
1483 259 1576 296 μᾶλλον
1601 262 1772 287 σνστατικόν.
1801 264 1867 292 Πῶς
1886 259 1915 287 ὅτ

1097 304 1241 331 πλεονεκτεῖ
1277 308 1333 335 τοῖς
1375 308 1496 341 φυσικοῖς
1535 303 1678 341 ἰδιώμασίν
1719 315 1759 336 τις
1799 308 1914 341 κρᾶσις,

1097 352 1142 376 καὶ
1161 350 1261 386 εἰσάγει
1275 351 1308 376 τὰ
1332 352 1368 386 μὴ
1392 351 1449 376 κατ’
1470 350 1568 376 εὐθεῖαν
1585 352 1747 386 γιγνόμεναι,
1773 351 1845 382 οἷον,
1876 352 1915 376 ὁτι

1097 396 1143 424 τὴν
1163 398 1242 432 χεῖρα
1268 392 1414 425 δακτύλους
1440 395 1509 431 ἔχειν
1530 393 1571 421 δεῖ
1598 395 1709 431 φύσιως,
1741 395 1768 426 ἓξ

1098 439 1157 466 Εἰσὶ
1189 437 1219 466 δέ
1241 449 1306 470 τινες
1329 443 1418 476 χεῖρες
1443 442 1488 465 καὶ
1515 438 1687 471 ἐξαὸάκτυλοι
1704 450 1710 456 ·
1727 442 1774 466 καὶ

1098 485 1168 520 ἔχειν
1186 486 1233 513 τὴν
1247 488 1328 521 χεῖρα
1352 482 1506 517 δακτύλους,
1536 485 1637 520 φύσεως
1665 493 1672 500 ’

1800 393 1915 428 dio-5;

1801 442 1833 466 τὸ
1868 442 1914 476 μὲν

1699 486 1728 510 τὸ
1746 483 1764 510 δ
1766 487 1777 510 ὲ
1801 485 1914 516 πλείους

1098 530 1198 565 φύσεως
1231 531 1286 565 μὶν,
1316 528 1508 565 ἁποτυχούσης
1534 527 1563 557 δὲ
1599 533 1645 556 τοῦ
1676 533 1790 556 σκοποῦ.
1829 530 1913 565 Ἔχει

1099 572 1168 600 διότι
1183 583 1228 600 και
1243 575 1271 600 τό
1299 573 1465 610 συμϐεϐηκός
1487 583 1545 601 τινα
1575 572 1696 610 δὺναμιν.
1718 574 1778 611 ’Ἆρ’
1803 572 1851 600 οὖν
1880 576 1914 600 τὰ

1098 617 1122 644 ἐν
1151 622 1182 654 τῇ
1212 619 1287 654 φύσει
1311 617 1397 654 ἀγαθά
1414 628 1420 634 -
1445 619 1490 644 καὶ
1519 620 1555 654 μὴ
1574 617 1661 653 ἀγαθά
1692 627 1698 633 ι

1099 661 1195 698 ἀγαθὰ,
1213 661 1268 696 ἶσα,
1283 664 1314 689 τὰ
1337 661 1366 689 δὲ
1388 664 1423 699 μὴ
1441 661 1528 698 ἀγαθά
1553 662 1610 689 κατ’
1640 662 1764 698 ἐλλείψεις
1791 661 1912 699 ἐπισυμ-

1099 707 1179 734 ϐαἰνει
1194 717 1220 734 τε
1240 710 1285 734 καὶ
1296 707 1484 744 πλεονασμούς.

1728 620 1775 644 καὶ
1799 619 1834 644 τὰ
1866 619 1912 654 μὲν

1135 753 1172 790 β’.
1199 756 1288 779 Ιῐαντα
1302 754 1346 789 μὲν
1371 751 1415 779 οὖν
1440 751 1580 788 ἀνάγονται
1603 752 1636 783 εἰς
1665 754 1713 781 τὴν
1741 754 1835 788 φύσιν,
1866 763 1910 779 και

1099 800 1173 824 πᾶσα
1187 798 1305 834 μάθησις
1321 797 1357 828 εἷς
1380 799 1427 826 τὴν
1442 796 1554 823 καθόλου
1568 794 1701 832 παιδείαν,
1727 797 1760 827 ἧς
1787 796 1862 823 ἔστιν
1894 799 1908 826 ἡ

1099 841 1248 878 φιλοσοφία,
1275 842 1327 868 οἷον
1354 842 1485 878 ὀφθαλμὸς
1509 843 1554 868 καὶ
1580 840 1721 878 ἁκρὼριια.
1746 841 1846 868 Πολλοὶ
1882 840 1911 868 δὲ

1099 889 1144 914 καὶ
1162 887 1317 925 παραλόγως
1341 886 1554 923 συλλογιζόμενοι
1577 885 1795 922 ὑπολαμϐάνουσι
1821 887 1858 912 τά
1873 890 1908 922 μὴ

1100 933 1167 958 κατά
1191 933 1278 968 φύσιν.
1304 931 1381 958 ’Ἐστι
1409 929 1438 958 δὲ
1465 930 1551 961 αὐτοῖς
1573 932 1602 957 τὸ
1626 930 1832 966 συλλογίζεσθαι
1855 941 1910 957 πα-

1099 976 1224 1013 ραλόγως,
1259 976 1299 1002 ὃτι
1322 976 1356 1002 τά
1389 977 1425 1011 μὴ
1452 975 1519 1002 κατά
1550 975 1627 1011 φύσιν
1662 974 1907 1011 ὑπολαμϐάνουσιν.

1101 1021 1156 1046 Οὐκ
1172 1022 1228 1046 ἲστι
1244 1019 1284 1055 δὲ,
1301 1021 1368 1046 κατά
1382 1021 1426 1046 τὸν
1441 1021 1499 1056 ἐμόν
1519 1019 1604 1055 λόγον,
1627 1019 1657 1046 οὐ
1678 1024 1726 1051 τῆς
1749 1021 1855 1056 φύσεως
1878 1021 1907 1046 τό

1100 1067 1136 1101 μὴ
1157 1066 1225 1091 κατά
1240 1066 1328 1101 φύσιν,
1363 1063 1426 1091 ἀλλά
1449 1065 1549 1101 φύσεως
1570 1065 1626 1100 μὲν,
1646 1063 1854 1100 πλημμελούσης
1878 1063 1906 1090 δε

1100 1111 1115 1140 ἢ
1137 1110 1298 1148 ἀπορούσης.
1320 1112 1371 1137 Καὶ
1386 1111 1420 1136 τὰ
1447 1114 1493 1140 τῆς
1515 1108 1638 1140 παιδείας
1668 1111 1807 1140 ὡσαύτως.
1835 1110 1906 1136 Ἐπεὶ

1100 1157 1150 1192 γὰρ
1177 1158 1223 1181 καί
1242 1157 1307 1186 τινές
1327 1165 1392 1191 φασι
1411 1156 1459 1186 τὰς
1478 1154 1575 1184 οἰκείας
1597 1152 1745 1191 διακρίσεις
1772 1154 1907 1180 εὖλολοῦν-

1100 1209 1150 1234 τες,
1164 1199 1272 1236 Ὀνόμος
1285 1198 1349 1232 εἶπε,
1364 1197 1433 1236 μηδὲ
1463 1201 1508 1228 τὴν
1533 1202 1583 1234 ,τοῦ
1605 1200 1685 1234 νόμον
1713 1197 1807 1235 βίϐλον
1837 1197 1907 1225 ἰδόν-

1100 1253 1152 1279 τες,
1178 1246 1223 1271 καὶ
1242 1246 1271 1270 τὸ
1291 1245 1335 1280 μὲν
1358 1244 1385 1275 ἐξ
1399 1243 1547 1280 ἐπιστήμης
1562 1244 1653 1280 ὀρμᾲν,
1680 1245 1744 1274 ἴσως
1774 1243 1815 1276 ἂν,
1850 1245 1907 1270 τού-

1099 1299 1152 1320 τοις
1168 1288 1306 1325 ἐγγίνεται,
1335 1290 1364 1315 τὸ
1391 1287 1420 1315 δὲ
1438 1292 1473 1325 μὴ
1490 1289 1558 1315 κατὰ
1576 1290 1638 1319 τοὺς
1662 1287 1812 1324 ἐπιστήμης
1827 1291 1905 1314 κανό-

1100 1344 1146 1366 νας
1167 1335 1285 1371 φάσκειν,
1317 1333 1347 1361 οὗ
1367 1333 1461 1365 τελείας
1498 1337 1544 1364 τῆς
1572 1333 1729 1369 ἐπιστήμης.
1763 1336 1850 1360 Τοῦτο
1876 1331 1906 1361 δε

1044 1477 1064 1505 C
1083 1476 1208 1506 habeat?
1218 1477 1291 1506 Sunt
1298 1478 1398 1505 autem
1405 1483 1514 1505 manus
1521 1476 1662 1513 quaedam
1668 1484 1737 1513 quae
1745 1476 1918 1505 sexhabent

1084 1522 1202 1557 digitos,
1219 1530 1254 1550 ac
1269 1529 1384 1550 manun
1396 1521 1520 1558 quidem
1543 1529 1595 1549 sex
1605 1521 1717 1549 habere
1736 1522 1852 1557 digitos
1876 1525 1918 1550 est

1083 1569 1208 1600 naturae,
1225 1574 1277 1603 sep
1291 1566 1392 1603 plures
1403 1566 1515 1595 habere
1530 1568 1599 1594 tunc
1613 1566 1737 1601 contigit
1761 1575 1835 1595 cum
1865 1575 1917 1595 na-

1083 1615 1148 1640 tura
1162 1620 1289 1648 scopum
1309 1620 1370 1640 non
1380 1611 1581 1648 consequitur.
1594 1613 1668 1640 Nam
1685 1611 1857 1640 adventitia
1869 1613 1913 1640 vis

1083 1656 1247 1693 aliquando
1268 1656 1384 1693 aliquid
1412 1656 1529 1685 efﬁcere
1550 1658 1656 1692 potest.
1685 1657 1761 1685 Sunt
1777 1657 1870 1692 igitur
1885 1658 1914 1685 in

1082 1704 1191 1730 natura
1206 1702 1288 1730 bona
1301 1704 1399 1730 etnon
1422 1701 1513 1729 bona.
1526 1702 1568 1729 Ac
1591 1701 1673 1729 bona
1697 1701 1826 1737 quidem
1849 1705 1913 1730 sunt

1083 1754 1180 1783 aequa,
1193 1754 1254 1774 non
1269 1747 1351 1775 bona
1377 1754 1448 1775 vero
1464 1754 1499 1774 ex
1524 1745 1642 1775 defectu
1670 1748 1697 1774 et
1725 1746 1912 1775 abundantia

1083 1791 1184 1819 nolent
1199 1791 1350 1819 exsistere.

1120 1836 1226 1864 Omnia
1244 1836 1333 1871 igitur
1352 1836 1390 1864 ab
1413 1838 1554 1864 naturam
1562 1837 1754 1870 revocantur,
1772 1839 1803 1864 et
1818 1836 1912 1864 omnis

1083 1880 1242 1916 disciplina
1261 1880 1299 1909 ad
1315 1880 1486 1917 generalem
1500 1880 1694 1909 eruditionem
1714 1881 1806 1916 cujus
1823 1881 1911 1917 philo-

1083 1925 1191 1961 sophia
1199 1928 1242 1953 est
1251 1927 1398 1962 tanquam
1413 1925 1518 1953 oculus
1534 1928 1562 1953 et
1577 1932 1724 1953 cacumen
1741 1925 1835 1953 .Multi
1848 1933 1910 1953 vero

1083 1973 1186 2007 praeter
1195 1970 1342 1999 rationem
1357 1970 1530 2005 colligentes
1551 1970 1722 1998 existimant
1738 1978 1806 1997 esse
1837 1978 1909 2006 quae-

1083 2015 1155 2043 dam
1171 2023 1233 2043 non
1252 2023 1288 2043 ex
1295 2017 1412 2043 natura.
1425 2014 1615 2043 Concludunt
1628 2016 1730 2042 autem
1745 2017 1855 2050 praeter
1868 2022 1909 2042 ra-

1083 2060 1195 2088 tionem
1208 2067 1278 2087 cum
1292 2059 1392 2096 aliqua
1403 2067 1463 2087 non
1483 2067 1520 2087 ex
1535 2061 1642 2087 natura
1655 2067 1719 2087 esse
1730 2059 1907 2091 existimant,

1084 2104 1137 2133 sed
1152 2113 1219 2133 mea
1229 2104 1350 2141 quidem
1366 2105 1520 2138 sententia,
1533 2112 1601 2140 quae
1608 2111 1669 2132 non
1677 2106 1790 2132 suntex
1798 2106 1906 2138 natura,

202 2150 260 2176 cto.
274 2148 331 2175 Aut
343 2147 415 2183 quia
425 2154 546 2175 sensum
558 2147 638 2176 hunc
657 2148 805 2184 optimum
818 2149 926 2175 natura
945 2147 1028 2175 dedi-
1046 2158 1066 2185 ο
1083 2149 1133 2178 illa
1147 2158 1209 2178 non
1224 2152 1293 2178 sunt
1303 2148 1433 2177 dicenda
1443 2157 1505 2177 non
1521 2156 1584 2177 esse
1597 2151 1725 2182 naturae,
1744 2157 1816 2176 cum
1829 2150 1909 2177 natu-

203 2191 416 2226 animantibus,
433 2191 515 2228 quod
528 2192 605 2220 vesci
616 2195 751 2228 oporteat
767 2192 863 2220 :vesci
873 2194 972 2220 autem
990 2191 1029 2220 ad

203 2237 369 2265 satietatem
392 2238 436 2264 est
451 2236 700 2269 incommodum;
725 2243 764 2264 an
791 2236 901 2264 idcirco
922 2238 1029 2264 natura

203 2281 407 2310 animantibus
431 2281 513 2309 dedit
538 2283 570 2309 ut
596 2281 789 2309 incommode
815 2282 1030 2310 vescerentur?

203 2326 318 2354 Etenim
328 2334 397 2354 cum
415 2328 525 2354 natura
547 2326 734 2354 cout‘ormare
767 2326 918 2354 constituit
946 2326 1029 2362 quod

202 2372 343 2406 nouerat,
369 2379 430 2407 quo
452 2373 540 2407 pacto
564 2370 604 2398 ad
632 2370 912 2405 conformationem,
944 2369 1028 2407 quod

202 2415 263 2444 vim
274 2415 365 2444 habet
379 2414 581 2447 interimendi,
595 2417 712 2450 pararet
728 2414 740 2442 ?
758 2414 814 2443 Sed
824 2423 896 2443 sane
903 2415 1028 2443 hocnon

202 2462 246 2488 est
263 2462 388 2489 naturae.
417 2461 525 2487 Contra
544 2457 623 2486 vesci
638 2457 780 2486 animalia
794 2459 889 2487 voluit
909 2460 1027 2492 natura,

201 2512 262 2533 non
270 2506 301 2532 ut
310 2504 340 2532 in
350 2501 822 2538 interimerenturanimalia,quae
839 2504 1030 2531 vescerentur

201 2549 255 2578 sed
278 2549 377 2585 potius
402 2547 508 2575 melius
533 2547 781 2575 constituerentur
819 2549 847 2575 et
885 2547 1028 2575 corrobo-

200 2595 346 2622 rarentur.
373 2592 431 2621 Sed
455 2591 507 2628 qui
534 2592 566 2619 fit
591 2595 622 2620 ut
640 2599 781 2620 excessus
805 2591 862 2619 sint
889 2599 1029 2620 nonnun-

201 2645 295 2673 quam
311 2645 346 2664 ex
357 2644 498 2673 perversa
518 2636 731 2672 temperatione
754 2635 937 2664 naturalium
964 2645 1031 2672 pro-

201 2681 374 2717 prietatum,
389 2683 417 2710 et
431 2681 525 2709 multa
541 2689 602 2709 non
629 2683 706 2708 recte
725 2680 884 2709 constituta
907 2684 935 2709 et
963 2690 1031 2709 con-

203 2725 335 2753 formata
363 2726 394 2754 iu
424 2725 523 2754 lucem
553 2725 690 2758 edantur,
721 2726 763 2757 ut,
784 2725 907 2762 exempli
924 2726 1029 2762 gratia,

202 2768 261 2798 hoc
270 2771 386 2799 natura
405 2772 450 2800 est
461 2772 494 2798 ut
502 2777 612 2798 manus
633 2768 766 2805 quinque
774 2768 892 2805 digitos,
904 2777 966 2800 non
979 2778 1032 2800 sex

1083 2202 1123 2223 rte
1146 2194 1212 2229 sint,
1241 2194 1294 2222 sed
1317 2193 1512 2227 abundantis,
1532 2196 1584 2222 aut
1607 2193 1711 2222 inodia
1735 2193 1907 2221 laborantis.

1084 2239 1164 2267 idem
1175 2238 1372 2274 judicandum
1389 2239 1433 2266 est
1445 2238 1482 2266 de
1497 2237 1554 2265 illis
1568 2245 1636 2274 quae
1654 2237 1693 2265 ab
1714 2237 1908 2265 eruditionem

1082 2282 1240 2320 pertinent.
1253 2282 1400 2316 Quoniam
1411 2282 1491 2310 enim
1507 2282 1632 2318 quidam
1656 2289 1728 2309 suas
1750 2281 1907 2310 sententias

1083 2326 1416 2364 proferuntetlaudant,
1427 2326 1559 2354 dicentes
1570 2325 1668 2361 legem
1691 2325 1731 2353 ita
1742 2325 1849 2361 jubere
1861 2327 1906 2352 aut

1083 2371 1204 2405 dictare,
1221 2379 1290 2399 cum
1300 2370 1596 2405 tamenlibrumlegis
1605 2377 1764 2406 nunquam
1776 2370 1904 2404 viderint,

1082 2415 1146 2444 ﬁeri
1157 2417 1255 2452 potest
1268 2415 1426 2443 utinitium
1439 2423 1501 2451 quo
1511 2414 1672 2443 incitantur
1688 2414 1729 2442 ad
1753 2413 1905 2442 dicendam

1083 2459 1259 2488 sententiam
1273 2467 1290 2487 a
1305 2459 1428 2487 scientia
1443 2458 1667 2495 proﬁciscatur:
1685 2457 1738 2486 sed
1759 2457 1834 2485 illud
1849 2465 1904 2485 sen-

1083 2504 1136 2532 tire
1156 2506 1184 2532 et
1197 2504 1296 2532 dicere
1310 2511 1370 2532 non
1384 2511 1420 2532 ex
1434 2503 1563 2531 scientiae
1578 2502 1699 2538 regulis,
1715 2510 1779 2530 non
1796 2505 1839 2531 est
1860 2502 1905 2530 ho~

1083 2548 1213 2576 minisin
1229 2548 1352 2576 scientia
1364 2547 1440 2576 bene
1455 2547 1615 2575 exercitati.
1643 2548 1702 2574 Hoc
1729 2549 1831 2574 autem
1854 2554 1903 2574 usu

1083 2593 1183 2621 venire
1196 2593 1290 2621 multis
1305 2593 1572 2626 animadvertimus,
1584 2599 1711 2628 quorum
1728 2599 1784 2619 nos
1800 2591 1903 2619 miseret

1084 2640 1112 2666 et
1126 2638 1168 2666 eis
1183 2638 1293 2666 idcirco
1306 2637 1470 2674 parcimus.
1484 2638 1550 2665 Ilaec
1566 2639 1666 2664 autem
1679 2644 1715 2664 eo
1730 2635 1862 2670 diximus,
1875 2636 1903 2662 ut

1084 2682 1280 2711 ostendamus
1297 2690 1353 2710 nos
1369 2682 1447 2710 nolle
1471 2681 1597 2710 alteram
1619 2681 1755 2717 quadam
1776 2683 1902 2708 naturam

1084 2727 1142 2755 hoc
1153 2728 1254 2755 nostro
1267 2727 1378 2762 scripto
1388 2733 1568 2763 proponere,
1583 2733 1652 2753 cum
1667 2727 1806 2753 naturam
1813 2726 1900 2759 ctane

1084 2778 1145 2803 nlu
1157 2771 1259 2800 venire
1274 2770 1370 2800 solent
1385 2770 1417 2799 in
1431 2772 1581 2800 naturae:
1589 2768 1900 2807 temperauonumpro-
