1967 3080
48 120 120 149 1345

501 117 677 148 THEODORI
697 115 719 145 ll
732 116 799 145 IMP.
817 112 861 144 DE
876 114 1106 147 COMMUNIONE
1125 121 1311 150 NATURALI.

1683 123 1751 151 1346

45 182 170 213 πολλάκις
192 180 341 218 συμϐαίνειν
371 181 406 212 εἰς
446 191 517 212 τινας
557 180 668 218 εἴδομεν,
705 180 749 211 οὖς
790 177 914 216 φειδοῖηλ
931 185 1060 220 σοχοείας,
1085 185 1127 210 καὶ
1158 185 1243 211 πάντα
1270 187 1428 218 τεκτονικῆς,
1470 193 1516 210 και
1560 185 1645 211 πάντα
1689 188 1752 221 μιᾶς

46 228 226 264 οἰκτιζόμεοα,
254 225 301 253 διὰ
324 230 400 253 τοῦτο
428 226 480 263 οὐχ
501 227 588 265 ἑτέραν
614 229 690 263 φύσιν
720 223 875 255 σπεύδοντες

731 270 794 297 ἀλλὰ
827 271 874 298 τὴν

47 320 127 355 φύσιν
148 320 193 344 καὶ
217 318 249 343 τὰ
271 316 295 342 ἐν
319 317 383 353 αὐτῇ
408 318 473 343 κατα
500 318 615 355 κράσεων
654 315 787 346 ἰδιότητας
823 313 875 341 ἐπι-

47 273 144 307 δεῖξαι,
172 274 274 299 τουτονὶ
301 273 329 298 τό
358 270 520 309 σπούδασμα
557 276 691 309 πονοῦμεν,

47 362 237 400 συμϐαίνοντα.
252 361 327 388 ’Ἐστι
355 360 384 388 δέ
411 363 494 388 πάντα
519 361 542 388 ἐν
567 366 597 399 τῇ
626 363 710 398 φύσει,
734 362 779 387 καὶ
802 362 876 386 πᾶσα

45 411 128 445 τέχνη
141 407 164 434 ἐν
191 407 336 444 ἐπιστήμη·
369 408 486 444 Διαφέρει
518 405 547 434 δὲ
572 407 587 437 ἡ
615 410 677 443 τιμῇ
703 407 718 435 ἦ
744 406 874 436 ποιότητι,

46 454 217 489 ἧσυνηοείᾳ,
240 452 254 481 ἦ
285 455 367 478 ποσοῦ
395 456 442 488 ῐσῳ
471 454 517 478 καὶ
549 455 584 488 τῷ
609 451 700 487 ἀνίσῳ,
736 451 751 480 ἡ
793 449 877 476 ἀνέσει

46 501 92 524 καὶ
118 498 247 532 ἐπιτάσει,
272 499 316 523 καὶ
340 496 397 523 κατ’
423 496 515 527 ἄλλους
538 497 639 533 λόγους,
679 495 730 522 οἷον
769 497 878 531 τιμᾶται

47 545 91 580 μὲν
110 543 227 579 Κορίνθῳ
237 543 266 568 τὸ
297 543 434 578 μουσικὸν,
463 541 593 578 Θετταλίᾳ
624 540 653 568 δὲ
680 542 708 567 τό
727 540 875 576 ὑφαντικὴν,

47 589 61 618 ἡ
88 590 189 624 Νικαία
216 589 244 614 τό
273 587 430 624 φιλοσοφεῖν,
455 587 610 623 Φιλοσοφεῑα
633 584 663 613 δὲ
704 595 732 612 το
772 594 878 611 σκυτίν-

47 634 184 660 τικὸψΤα
198 633 242 669 μὲν
271 632 315 658 οὖν
345 631 475 668 ἀμφοτέρα
500 630 630 667 παιδείας,
663 633 711 668 μία
737 629 767 657 0‘":
781 630 876 659 ἑκάστη

48 680 135 714 τίμιον
150 678 270 703 οἵεταιτὸ
305 677 317 702 ὃ
344 679 417 712 τιμᾷ.
446 678 571 706 Ποιότητι
601 674 640 709 δὲ,
674 677 706 706 ὡς
737 677 765 701 τὸ
795 674 877 710 γλυκὺ

48 725 199 756 ποιότητος,
233 723 262 748 τὸ
290 721 384 748 ἁλυκὸν
409 723 556 752 ποιότητος.
592 721 748 757 Λιχνεύεται
786 719 812 746 δ’
853 718 877 745 ἐν

49 768 134 798 ἄλλοις
164 769 192 793 τὸ
220 768 255 803 μὴ
282 769 335 797 τοῖς
360 765 445 797 ἄλλοις
481 765 566 801 ἐφετὸν
607 768 642 792 ἄν·
686 765 813 802 ’Υπάρχει
849 763 878 791 δὲ

50 817 96 844 τῆς
110 814 250 842 ποιότητος
264 811 350 848 ἄμφω,
383 812 506 846 συνηοεια
536 809 575 844 δὲ,
603 812 637 841 ὡς
664 811 777 846 ὑφάντης
801 812 877 847 μέρος

51 859 269 895 ἰστοιργηματων
302 855 389 886 ἐθίσας
424 856 548 892 ὑφαίνειν,
579 853 696 892 διαφέρεί
732 858 777 881 τοῦ
829 856 841 880 ἔ

49 913 91 939 ρον
104 902 268 939 ὑφαίνοντος.
284 900 347 937 Ἵσῳ
368 899 397 927 δὲ
419 903 464 926 καὶ
488 900 578 936 ἀνίσῳ,
609 901 643 931 ὡς
668 899 791 936 Αἰγύπτῳ
815 910 880 926 παν-

49 946 174 974 τοδαπῶν
200 946 299 977 πλῆθος
341 949 456 983 καρπῶν,
488 949 543 981 Κοῷ
583 943 612 971 δὲ
651 946 742 976 πάντες
782 946 877 982 καρποὶ

51 994 104 1028 μὲν,
127 991 177 1018 οὐκ
197 991 219 1022 ἐς
238 994 314 1017 τόσον
343 989 372 1017 δὲ
393 991 461 1017 κατά
488 1000 518 1027 γε
546 992 635 1024 ποσόν,
662 989 728 1019 πλὴν
760 987 789 1015 δὲ
826 990 880 1016 ἶσοι

52 1037 96 1063 κᾶν
119 1034 232 1073 διαφέρῃ
258 1035 339 1072 ἀνίσῳ
363 1037 408 1062 καὶ
434 1036 495 1071 ἴσῳ,
523 1034 640 1061 ἐπιτάσει
662 1033 692 1061 δὲ
713 1037 758 1061 καὶ
784 1033 879 1069 ἀνέσει,

54 1082 85 1112 ὡς
125 1080 307 1118 Ἀριστοτέλης
345 1079 488 1116 φιλοσοφεῖ,
528 1079 592 1106 ἀλλὰ

53 1125 126 1152 Ἐστι
148 1123 179 1151 δὲ
202 1126 216 1154 ἠ
243 1124 383 1161 φιλοσοφία
423 1126 542 1158 ποιότης,
585 1122 693 1161 δέχεται
732 1122 879 1150 δ’ἒπίτασιν

54 1173 96 1196 καὶ
120 1171 219 1203 οἶνεσιν,
250 1171 294 1196 καὶ
319 1169 376 1196 κατ’
402 1168 520 1195 ἑπίτασίν
542 1178 569 1195 τε
597 1172 640 1195 καὶ
673 1169 771 1196 οἶνεσιν.

829 864 878 881 ετε-

641 1081 685 1106 καὶ
726 1079 877 1115 Σιμπλίκος,

825 1172 881 1206 Αρα

52 1213 225 1252 Ἀριστοτέλει
259 1217 303 1241 καὶ
337 1214 495 1251 Σιμπλικίῳ
516 1215 530 1244 ἠ
558 1213 699 1250 φιλοσοφία
736 1213 881 1251 φιλοσοφεῖ-

55 1270 106 1289 ται.
121 1261 212 1286 Πάντα
227 1259 272 1295 μέν
299 1259 342 1285 οὖν
371 1257 418 1285 διὰ
437 1262 518 1286 ταῦτα
544 1258 707 1295 φιλοσοφίας,
729 1261 774 1285 καὶ
796 1259 882 1286 πάντα

57 1307 262 1342 σταρατηγικῆς,
277 1306 321 1330 καὶ
344 1305 430 1331 πάντα
461 1304 610 1340 ὑφαντικῆς.
638 1306 683 1331 καὶ
705 1304 789 1330 πάντα
814 1313 880 1342 χρυ-

930 228 1041 259 ἐκάστης
1056 229 1134 267 οὗπερ
1157 230 1236 257 ἔστιν,
1263 229 1343 256 ἐστίν.
1371 228 1447 265 Ἔχει
1477 227 1506 255 δὲ
1533 238 1578 255 και
1590 231 1636 258 τὴν
1661 228 1752 266 διαφο-

929 275 976 310 ρὰν
995 275 1063 301 κατὰ
1075 276 1119 306 τας
1143 279 1192 301 τῶν
1212 274 1236 301 ἓν
1261 274 1399 311 φιλοσοφίᾳ
1428 278 1590 311 κατηγοριῶν
1619 277 1752 305 κοινωνίας

930 328 975 345 και
999 317 1152 351 διαστολάς·
1183 319 1322 355 ἀνάγονται
1352 317 1380 345 δὲ
1407 318 1441 349 εἰς
1469 321 1510 347 τὴν
1532 318 1633 353 οὐσίαν,
1665 320 1751 357 ὥσπερ

930 363 1043 400 ἅπασαι,
1058 364 1125 390 οὕτω
1141 362 1175 394 δὴ
1197 374 1241 390 και
1264 364 1299 394 εἰς
1327 366 1374 393 τὴν
1400 365 1476 400 φύσιν
1500 364 1533 389 τὰ
1559 362 1582 388 ἐν
1608 367 1639 399 τῇ
1667 365 1752 400 φύσει,

930 408 977 435 κᾶν
1005 408 1176 446 ἀποτυγχάνῃ
1206 412 1252 435 τοῦ
1281 408 1350 442 ὂλου,
1379 407 1426 434 κᾶν
1453 410 1502 444 ἴσῳ
1528 409 1592 445 πρὸς
1616 409 1645 434 τὸ
1688 409 1754 434 κατὰ

931 455 1008 490 φύσιν
1024 456 1105 490 τρέχῃ
1133 453 1234 491 ῥνομῷ.
1260 453 1387 490 ’Υπάρχει
1411 451 1441 479 δὲ
1464 454 1496 479 τά
1521 453 1578 482 τέλη
1603 454 1699 479 τούτῶν
1723 453 1755 479 τά

931 500 975 535 μὲν
990 501 1108 536 κρείττω,
1128 501 1161 525 τὰ
1186 497 1215 525 δὲ
1249 501 1340 536 χείρω.
1366 498 1445 524 Ὥστε
1469 497 1498 524 οὗ
1525 500 1593 524 κατὰ
1622 499 1651 525 τὸ
1680 499 1756 534 φύσει

932 545 1072 580 κρίνονται·
1106 544 1127 569 εἰ
1171 545 1219 582 γὰρ
1249 543 1376 581 ἐκρίνοντο
1416 544 1482 569 κατὰ
1520 545 1608 579 φύσιν,

933 588 963 614 ἂν
986 598 1029 614 και
1056 588 1184 624 Θετταλία
1212 589 1247 619 ὡς
1277 589 1391 625 Κορίνθῳ
1428 589 1456 613 τό
1499 589 1635 624 μουσικόν·
1659 586 1757 624 ξπάσαι

1650 543 1755 580 ἐτιμᾶτο

933 634 982 670 γάρ
999 634 1027 659 αῖ
1055 635 1202 669 συμφωνίαι
1228 635 1273 659 καὶ
1297 634 1324 658 αἱ
1352 632 1438 664 τάξεις
1465 637 1596 668 μουσικῆς
1621 633 1670 659 εἱσι
1695 633 1756 658 θεω-

933 680 1000 715 ρίας.
1024 677 1198 714 Συμϐάλλεται
1223 676 1253 703 δὲ
1284 679 1420 714 συμφωνία
1456 687 1501 702 και
1536 677 1609 708 τάξις
1646 676 1685 703 ἀεί
1720 677 1756 707 εἰς

934 723 1053 759 οἰκισμὸν
1091 722 1186 749 πόλεών
1225 732 1251 748 τε
1287 731 1331 747 και
1373 724 1484 758 κόσμου·
1521 720 1610 750 ἐπειδὴ
1649 721 1756 756 πόλεων,

898 767 919 794 Β
934 767 1070 804 ὑφαντικὴν
1093 765 1122 793 δὲ
1151 766 1179 792 οὗ
1208 768 1350 795 συνίστησι
1374 766 1456 794 πόλιν,
1485 767 1519 792 Τό
1538 767 1586 802 μὲν
1605 766 1655 803 γάρ
1687 764 1756 792 ἀναι-

933 813 1003 849 ρεθὲν
1037 811 1165 848 ὰφανίσει,
1193 813 1221 837 τὸ
1254 809 1283 837 δὲ
1318 810 1466 847 ἀφανισθὲν,
1501 811 1548 837 οὔκ
1577 810 1698 847 ἀφανίσει
1717 811 1758 837 ὃτι

934 857 996 883 αὐτὸ
1010 856 1162 893 saeuam;-
1188 856 1256 882 ὥστε
1278 858 1308 882 τό
1333 858 1377 892 μὲν
1406 855 1555 892 ἀναγκαῖον,
1580 858 1609 882 τὸ
1634 854 1664 882 δὲ
1689 858 1758 893 χρὴ-

935 911 1021 938 σιμον·
1047 903 1222 938 φυσικώτερον
1250 898 1276 927 δ’
1302 902 1358 927 ἔστι
1383 902 1413 927 τὸ
1435 899 1574 937 ἀναγκαῖον
1599 900 1647 926 ἀεί·
1683 910 1759 937 φυσι-

933 949 1042 984 κώτερον
1065 946 1116 982 ἄρα
1140 955 1184 972 και
1207 946 1236 971 τό
1260 946 1386 981 μουσικὸν
1410 949 1456 971 τοῦ
1480 946 1633 982 ὑφαντικοῡ.
1668 945 1698 972 Εἰ
1729 944 1759 972 δέ

933 991 1038 1021 Tuo-4'1
1062 989 1128 1024 οἶδε,
1154 992 1180 1016 τί
1205 989 1277 1021 τάξις
1307 999 1352 1016 και
1380 992 1526 1026 συμφωνία,
1552 989 1690 1021 ἐξεταζέτω
1726 990 1759 1016 τὰ

929 1038 988 1073 περί
1008 1037 1054 1065 τὴν
1083 1036 1223 1070 ὑφαντικὴν
1240 1045 1246 1051 ·
1269 1035 1375 1071 εὑρήσει
1408 1032 1438 1060 δὲ
1480 1043 1525 1060 και
1550 1036 1701 1071 συμφωνίαν
1733 1034 1757 1060 ἐν

935 1081 1000 1117 αὐτῇ
1024 1080 1104 1106 οὖσαν
1128 1089 1172 1106 και
1194 1079 1276 1110 τάξιν.
1305 1083 1355 1106 Και
1380 1083 1456 1106 τοῦτο
1481 1077 1624 1116 προδηλον.
1646 1078 1683 1105 Οὔ
1708 1080 1759 1115 μήν

936 1124 1052 1158 ὃὲ,ὰλλά
1073 1134 1118 1150 και
1141 1126 1199 1161 περί
1223 1125 1268 1154 τάς
1292 1122 1434 1160 οἰκοδομάς
1463 1125 1530 1150 κατά
1556 1125 1599 1150 τόν
1622 1123 1699 1150 αὐτὸν
1718 1123 1760 1150 λό-

934 1180 990 1207 γον.
1020 1172 1070 1196 Καί
1099 1171 1251 1205 πανταχόσε
1278 1170 1307 1194 τὸ
1337 1167 1366 1195 δὲ
1392 1172 1440 1200 τῆς
1476 1169 1570 1200 τάξεως
1611 1171 1760 1206 τιμιώτερον

935 1225 980 1242 χαι
1005 1219 1052 1245 τῆς
1075 1216 1234 1251 συμφωνίας,
1261 1215 1301 1240 ὅτι
1331 1222 1375 1240 και
1404 1213 1480 1240 αῧτόν
1507 1213 1614 1251 οὐρανὸν
1639 1222 1683 1240 και
1711 1217 1761 1249 γῆν

935 1270 979 1286 και
995 1260 1134 1295 σύμπαντα
1154 1261 1263 1294 κόσμον,
1292 1258 1356 1294 λέγω
1378 1257 1412 1288 δὴ
1447 1262 1496 1285 τῶν
1527 1258 1554 1290 ἐξ
1583 1257 1692 1295 οὐρανοῦ
1717 1267 1763 1284 και

935 1309 984 1342 γῆς
1006 1314 1051 1330 και
1084 1305 1184 1330 πάντων
1213 1306 1263 1330 τῶν
1289 1303 1334 1329 ὑπ’
1373 1303 1457 1330 αὐτῶν
1491 1305 1682 1340 περιεχομένων
1718 1311 1763 1329 και

56 1393 239 1431 prietatibus,
267 1395 448 1430 pertractare
466 1392 717 1427 constituerimus,
734 1392 807 1421 Sunt
833 1399 884 1421 au-
898 1388 923 1415 Α
937 1391 1095 1422 textoriam
1110 1393 1215 1427 artem,
1231 1399 1298 1428 quae
1312 1393 1382 1420 sunt
1396 1391 1527 1421 textoriae
1535 1400 1543 1427 ;
1559 1394 1587 1420 et
1601 1392 1704 1421 omnia
1713 1391 1764 1420 illa

56 1441 113 1467 tem
128 1438 276 1467 omniain
289 1440 408 1473 natura,
425 1440 453 1466 et
473 1437 571 1466 omnis
604 1445 653 1465 ars
678 1437 735 1465 sub
762 1437 884 1466 scientia

58 1482 328 1520 comprehenditur.
345 1483 489 1511 Differ-unt
502 1484 603 1510 autem
614 1482 689 1510 inter
704 1490 734 1510 se
751 1485 801 1510 aut
811 1490 883 1518 prte-

58 1529 175 1564 stantia,
192 1531 241 1556 aut
259 1528 401 1565 qualitate
412 1530 463 1556 aut
472 1527 688 1556 consuetudine
696 1530 748 1556 aut
767 1527 885 1563 quanti-

59 1573 121 1610 tatis
136 1572 309 1609 aequalitate
320 1575 372 1601 aut
383 1572 585 1608 inaequalitate
600 1572 826 1600 autintensione
834 1574 885 1600 aut

57 1617 230 1645 remissione
251 1620 279 1645 et
291 1617 356 1645 aliis
370 1617 546 1650 rationibus,
562 1618 594 1645 ut
609 1616 741 1645 Corinthi
768 1616 886 1644 musica

58 1661 86 1690 in
95 1662 188 1698 pretio
197 1662 333 1697 habetur,
344 1661 670 1696 inThessaliatextoria,
680 1662 783 1690 Nicaea
790 1661 885 1697 philo-

58 1707 174 1743 sophia,
188 1706 398 1742 Philadelphim
410 1706 544 1734 coriaria.
562 1707 628 1733 Haec
646 1705 750 1734 omnia
766 1706 805 1733 ad
821 1713 885 1733 eru-

59 1751 201 1780 ditionem
211 1750 386 1787 referuntur,
405 1751 458 1779 sed
466 1759 656 1787 unaquieque
668 1750 774 1779 civitas
789 1751 885 1787 pretio

59 1795 184 1831 dignum
199 1798 283 1832 putat
297 1796 371 1824 illud
386 1796 468 1832 quod
484 1796 514 1823 iu
530 1796 732 1832 pretiohabet.
743 1796 886 1824 Diii'erunt

59 1841 146 1869 etiam
161 1841 316 1877 qualitate,
323 1841 390 1869 utid
397 1841 480 1878 quod
487 1843 530 1869 est
537 1841 623 1868 dulce
631 1841 784 1877 qualitatis
796 1843 850 1874 est,
859 1843 887 1869 et

59 1885 137 1921 quod
148 1887 194 1914 est
209 1885 322 1913 salsum
339 1888 383 1914 est
396 1893 517 1922 quoque
541 1885 700 1921 qualitatis.
738 1885 795 1914 Sed
822 1885 887 1914 ﬁeri

59 1932 153 1965 potest
169 1932 202 1958 ut
213 1930 296 1966 quod
308 1930 388 1966 apud
402 1929 563 1958 nonnullos
573 1930 603 1957 in
615 1929 727 1958 deliciis
747 1930 885 1965 habetur,

61 1974 97 2001 ab
113 1974 176 2002 aliis
189 1982 251 2002 non
266 1976 433 2011 appetatur.
448 1975 612 2010 Utrumque
628 1977 729 2003 autem
738 1975 777 2002 ad
790 1975 886 2011 quali-

60 2019 146 2047 tatem
162 2019 288 2047 refertur
295 2019 527 2047 consuetudines
536 2019 679 2047 diiferunt
689 2022 719 2047 ut
728 2021 823 2047 textor
835 2019 887 2056 qui

61 2063 161 2092 solitus
175 2066 221 2092 est
232 2067 348 2100 partem
362 2064 446 2100 pensi
460 2063 585 2099 alicujus
600 2066 762 2100 pertexere,
791 2064 889 2092 differt

939 1438 977 1467 ad
988 1438 1145 1466 auriﬁcum
1153 1439 1256 1471 artem,
1267 1444 1334 1473 quae
1341 1437 1484 1465 suntartis
1493 1436 1666 1465 auriﬂeum:
1679 1437 1764 1465 item-

939 1491 998 1520 que
1011 1490 1199 1519 quaecunque
1213 1484 1282 1510 sunt
1294 1481 1406 1509 fabrilis
1422 1482 1504 1517 artis,
1517 1482 1555 1510 ad
1569 1481 1704 1510 fabrilem
1720 1489 1764 1510 ar-

939 1530 999 1557 tem
1009 1536 1014 1556 :
1023 1527 1152 1564 denique
1163 1526 1268 1555 omnia
1280 1526 1319 1555 ad
1333 1534 1425 1555 unam
1437 1534 1590 1563 quamque
1605 1529 1710 1561 artem,
1724 1526 1765 1554 ad

939 1581 1032 1610 quam
1050 1572 1209 1609 pertinent,
1221 1571 1363 1600 revocari.
1374 1571 1517 1600 Ditierunt
1527 1574 1626 1600 autem
1633 1578 1670 1599 ex
1682 1579 1764 1599 com-

939 1617 1135 1646 munionibus
1150 1616 1425 1645 etdistinetionibus
1436 1617 1654 1651 categoriarum
1662 1616 1765 1652 quaein

940 1662 1131 1698 philosophia
1138 1661 1363 1689 tradunturzsed
1370 1663 1402 1689 ut
1410 1669 1514 1689 omnes
1521 1661 1559 1689 ad
1567 1660 1766 1689 substantiam

940 1709 1128 1740 revocantur,
1144 1706 1185 1734 ita
1200 1706 1290 1734 etiam
1308 1714 1376 1742 quas
1396 1708 1465 1734 sunt
1490 1705 1521 1733 in
1550 1708 1669 1739 natura,
1702 1706 1766 1733 sive

941 1751 1248 1787 aberrentaliquando
1259 1753 1353 1782 atoto,
1363 1750 1422 1778 sive
1433 1750 1575 1786 aequabili
1581 1750 1619 1779 ad
1626 1752 1766 1778 naturam

942 1796 1142 1823 concinnitate
1158 1795 1301 1829 ferantur,
1316 1796 1354 1824 ad
1369 1797 1508 1823 naturam
1519 1795 1767 1823 omniarevocan-

942 1842 998 1868 tur.
1016 1841 1104 1868 Porro
1119 1847 1220 1868 rerum
1234 1840 1412 1868 naturalium
1425 1840 1500 1867 ﬁnes
1530 1840 1580 1868 alii
1606 1842 1675 1868 sunt
1695 1848 1768 1876 prae-

942 1885 1108 1917 stantiores,
1126 1884 1175 1912 alii
1185 1892 1255 1913 vero
1270 1884 1434 1913 inferiores.
1449 1885 1544 1916 Quare
1567 1892 1628 1912 non
1656 1884 1768 1920 ubique

942 1929 1081 1957 homines
1088 1936 1124 1956 ex
1136 1937 1170 1957 eo
1180 1929 1263 1965 quod
1270 1932 1426 1957 estnatura
1433 1929 1469 1956 de
1480 1928 1712 1964 rebusjudicare
1722 1937 1768 1957 so-

942 1973 989 2002 leu
995 1976 1012 2007 t;
1021 1981 1092 2001 nam
1099 1973 1121 2000 si
1125 1973 1135 2008 j
1142 1973 1395 2010 udicarentunque
1401 1973 1432 2001 in
1437 1973 1588 2002 Thessalia
1595 1981 1629 2001 ac
1636 1972 1768 2002 Corinthi

944 2018 1059 2046 musica
1067 2018 1222 2046 coleretur:
1232 2026 1335 2046 omnes
1343 2018 1423 2046 enim
1431 2021 1768 2055 concentus,omnesque

944 2062 1056 2091 ordinis
1064 2062 1191 2098 rationes
1198 2063 1236 2090 ad
1244 2063 1390 2091 musicam
1397 2063 1603 2091 tractationem
1610 2063 1766 2099 pertinent.

61 2108 98 2135 ab
112 2117 147 2136 eo
160 2108 214 2145 qui
229 2108 353 2136 alteram
369 2110 483 2145 partem
493 2110 589 2136 texere
600 2109 755 2136 consuevit
770 2117 776 2141 ;
789 2117 889 2145 requa-
907 2119 927 2146 Β
946 2110 1112 2136 Concentus
1128 2109 1229 2135 autem
1243 2110 1271 2135 et
1285 2107 1359 2135 ordo
1373 2107 1413 2136 ad
1427 2107 1600 2136 ineolendas
1623 2108 1767 2141 civitates,

61 2151 137 2180 litate
147 2155 175 2180 et
191 2152 403 2188 inaequalitate,
421 2155 452 2180 ut
465 2152 548 2188 apud
560 2152 715 2188 iligyptios
726 2154 770 2181 est
791 2153 888 2180 abun-

62 2196 160 2225 dantia
174 2197 295 2232 frugum
312 2198 410 2225 omnis
424 2197 541 2233 generis
557 2199 585 2225 et
613 2197 776 2232 fructuum,
807 2198 890 2234 apud

64 2240 134 2268 Coos
149 2249 221 2270 vero
229 2241 425 2278 suntquidem
437 2241 534 2269 omnis
542 2241 658 2277 generis
670 2241 755 2277 iuges
768 2244 796 2269 et
810 2242 889 2275 fl‘llc-

63 2287 118 2319 tus,
126 2286 179 2314 sed
191 2293 252 2314 non
267 2288 348 2314 tanta
357 2288 401 2314 est
411 2286 498 2322 copia
506 2287 619 2322 quanta
627 2286 709 2322 apud
723 2287 888 2322 [EgyptiOs

63 2330 94 2358 Et
107 2330 247 2366 quamvis
267 2330 399 2358 similiter
413 2330 511 2358 omnis
525 2331 641 2365 generis
658 2330 757 2366 fruges
772 2333 801 2358 et
811 2331 889 2359 fruc-

63 2375 197 2411 tusapud
204 2374 609 2410 000511abeantur,dit‘ferunt
616 2378 718 2403 tamen
725 2376 890 2411 aequaltate

65 2421 91 2446 et
104 2419 304 2456 inmqualitate
315 2428 321 2447 :
332 2422 475 2456 praeterea
485 2420 651 2448 intensione
664 2423 692 2448 et
702 2420 889 2455 remissione,

65 2465 95 2491 ut
112 2463 281 2492 Aristoteles
308 2464 545 2500 philosophatur,
573 2464 743 2501 Simplicius
768 2473 891 2502 quoque

65 2507 304 2545 philosophatur.
331 2511 378 2537 Est
399 2512 500 2537 autem
535 2509 729 2545 philosophia
761 2510 891 2547 qualitas

66 2560 131 2588 qua:
146 2554 255 2590 sucipit
268 2554 465 2583 intensionem
482 2555 736 2583 etremissionem.
753 2555 892 2584 Aristote-

65 2595 106 2625 les
124 2605 193 2634 ergo
205 2601 233 2627 et
248 2599 707 2635 Simpliciussuntphilosophiet
721 2599 768 2627 ille
782 2600 890 2635 magis,

66 2640 219 2671 hicminus
232 2644 468 2681 philosophatur.
496 2645 539 2672 Ex
560 2643 671 2680 quibus
699 2643 892 2679 intelligimus

68 2687 168 2715 omnia
175 2687 224 2716 illa
232 2688 333 2717 referri
349 2688 561 2717 etrevocariad
576 2688 809 2725 philosophiam,
823 2697 892 2725 quae

69 2734 136 2760 sunt
154 2732 352 2770 philosophia:
367 2743 374 2762 :
392 2737 420 2762 et
433 2734 537 2762 omnia
552 2733 592 2762 ad
601 2734 827 2771 imperatoriam
848 2742 893 2762 ar-

70 2775 217 2814 tem,quue
244 2781 313 2808 sunt
340 2778 542 2816 imperatoriae
564 2779 635 2809 artis
652 2788 659 2808 :
676 2781 705 2809 et
728 2779 831 2809 omnia
854 2777 894 2808 ad

945 2155 1035 2189 atque
1043 2152 1118 2180 adeo
1125 2152 1164 2180 ad
1171 2151 1313 2179 mundUm
1322 2152 1491 2180 universum
1499 2152 1688 2181 incolendum
1697 2160 1769 2180 sem-

945 2205 998 2234 per
1013 2196 1136 2229 confert,
1154 2196 1207 2223 sed
1224 2204 1273 2223 ars
1285 2196 1410 2224 textoria
1425 2196 1574 2225 civitatem
1584 2204 1645 2225 non
1659 2196 1769 2225 consti-

947 2242 1001 2271 tuit
1017 2240 1151 2269 :sublato
1163 2240 1239 2268 enim
1255 2243 1410 2272 concentu,
1428 2241 1510 2270 nulla
1519 2243 1562 2270 est
1571 2242 1683 2277 civitas,
1698 2241 1770 2277 quia.

946 2286 1082 2315 sublatus
1103 2288 1146 2314 est
1160 2286 1292 2314 musicus
1304 2288 1466 2314 concentus
1480 2294 1487 2313 :
1505 2287 1557 2314 sed
1571 2286 1628 2315 hoc
1641 2286 1769 2321 sublato,

945 2340 1007 2360 non
1022 2339 1143 2359 necesse
1154 2333 1207 2364 est,
1223 2330 1294 2366 quia
1305 2329 1457 2358 sublatum
1473 2331 1640 2359 estnullam
1655 2339 1720 2359 esse
1732 2331 1770 2359 ci-

947 2378 1076 2406 vitatem.
1105 2377 1152 2404 Est
1178 2376 1268 2411 igitur
1300 2376 1418 2404 musica
1439 2377 1618 2411 necessaria,
1647 2377 1771 2406 textoria

945 2430 1017 2451 vero
1032 2420 1121 2449 utilis.
1135 2420 1192 2449 Sed
1206 2420 1288 2457 quod
1301 2423 1345 2449 est
1356 2420 1565 2455 necessarium,
1580 2430 1698 2458 semper
1708 2429 1771 2450 ma-

946 2467 991 2502 gis
1006 2466 1044 2494 ad
1060 2468 1199 2493 naturam
1217 2465 1341 2493 accedit.
1359 2466 1455 2498 Quare
1475 2466 1591 2493 musica
1613 2467 1712 2501 magis
1732 2465 1772 2495 ad

945 2513 1086 2540 naturam
1113 2509 1227 2538 accedit
1250 2518 1342 2546 quam
1372 2509 1506 2541 textoria,
1535 2510 1620 2542 Quod
1646 2511 1670 2538 si
1702 2511 1770 2547 quis

945 2556 1063 2591 ignorat
1072 2552 1146 2591 quid
1157 2554 1194 2582 sit
1202 2554 1276 2582 ordo
1287 2556 1315 2582 et
1325 2556 1496 2588 concentus,
1510 2554 1557 2582 vel
1568 2554 1664 2590 ipsam
1678 2558 1772 2584 texto-

946 2601 1022 2629 riam
1037 2602 1132 2628 artem
1143 2601 1288 2627 scrutetur
1306 2607 1312 2626 :
1333 2598 1497 2634 comperiet
1513 2598 1594 2626 enim
1609 2598 1688 2628 hanc
1703 2608 1772 2629 con-

947 2647 1034 2673 centu
1045 2646 1072 2672 et
1087 2643 1191 2672 ordine
1203 2651 1304 2671 carere
1317 2650 1376 2671 non
1393 2650 1493 2679 posse.
1507 2645 1602 2679 Atque
1610 2642 1668 2670 hoc
1680 2645 1772 2672 Omni-

946 2689 1004 2717 bus
1019 2688 1213 2717 manifestum
1227 2687 1368 2721 est.Quin
1389 2687 1479 2716 etiam
1503 2686 1629 2715 aediﬁcia
1653 2689 1681 2715 et
1706 2689 1772 2716 reli-

947 2741 1009 2770 qua
1015 2733 1117 2762 omnia
1126 2733 1231 2762 eadem
1240 2733 1354 2761 ratione
1363 2732 1540 2761 consideret.
1547 2732 1772 2761 Praetereaordo

946 2770 978 2808 et
988 2779 1148 2808 consentus
1159 2777 1271 2808 idcirco
1278 2777 1344 2808 aliis
1358 2772 1506 2808 excellunt
1513 2777 1596 2815 quod
1604 2777 1705 2815 ipsum
1715 2785 1772 2806 coe-
