1967 3080
213 107 280 134 1347

978 104 1027 131 ΛΒ
1031 102 1098 131 DEN
1102 103 1146 131 DA
1151 124 1159 132 .

1861 107 1925 136 134ιὲ

211 169 379 204 συνημμένων
403 167 440 198 εἰς
469 169 531 203 μίαν
558 168 724 202 συναρμογὴν
752 168 888 202 συμφωνία
914 167 959 191 καὶ
990 167 1034 191 τὰ·
1050 164 1156 195 Ᾰτιςῆ
1174 166 1298 202 συνηθείᾳ
1326 165 1341 196 ἣ
1371 168 1465 202 σχέσει
1496 167 1511 197 ἦ
1537 171 1593 198 ταῖς
1619 168 1716 205 ἑτέραις
1743 167 1923 205 ἰδιοτροπίαις

210 213 246 244 ξις
261 215 379 239 κινεῐκαὶ
396 214 511 247 συνέχει,
525 213 570 237 καὶ
600 212 628 236 τὸ
654 210 749 244 πλεῖον,
774 210 813 236 ὃτι
845 213 890 237 καὶ
919 215 955 245 τῷ
985 213 1033 236 σώ-

208 267 273 293 ματι
297 258 435 292 συμφωνία
454 255 548 291 ψυχῆς
574 257 619 280 καὶ
642 255 716 290 ὖλης,
752 256 811 281 ῖσου
851 257 896 281 καὶ
932 254 1032 288 ἀνίσου,

207 300 298 327 λευκοῦ
326 304 371 326 καὶ
393 299 509 336 μέλανος,
535 299 618 330 εὐθέος
651 302 695 326 καὶ
735 309 895 336 περιφερους,
939 298 1033 334 ἐλαχί-

210 353 273 370 στου
301 346 346 370 καὶ
369 344 493 379 μείζονος,
521 344 565 368 καὶ
598 342 679 368 ἀλλων
724 347 797 368 τινων
843 340 1033 380 συνδραμουσα

207 393 239 425 τῇ
255 387 345 424 τοιᾷδε
359 388 430 420 τάξει
448 392 515 414 Θεοῦ
542 385 713 425 δημιουργία,
743 390 833 424 κρατεῖ
858 390 902 413 καὶ
927 389 1033 422 συνέχει

207 433 255 459 κᾶν
289 432 438 470 ὃιὴρθρωσε
470 436 568 466 πρῶτον
593 434 638 457 καί
669 431 749 465 ἔταξε,
777 434 862 457 καίτοι
889 434 934 457 καὶ
977 435 1032 463 τοῖς

208 477 303 508 ὑλικοῖς
333 480 423 514 μέρεσι
452 480 550 512 χυμοῖς
572 474 601 502 δὲ
626 475 701 512 λέγω,
730 476 854 511 ἀναλογία
877 478 922 502 καὶ
948 476 1030 510 τάξις,

208 521 271 548 ἀλλά
286 520 320 550 δὴ
331 524 360 547 τὸ
386 522 530 556 θαυμάσιον
558 521 598 546 ὁτι
623 523 668 546 καὶ
697 520 785 551 αὐτοῖς
807 518 840 549 δὴ
868 524 920 550 τοῖς
947 520 1031 556 ψυχι-

205 570 263 597 κοῖς
281 568 382 602 μέρεσι,
411 565 483 596 τάξις
511 567 556 590 καὶ
583 567 719 600 συμφωνία
746 570 792 590 του
819 567 855 600 μὴ
875 567 1030 602 κατεπαίρε-

208 612 270 637 σθαι
284 615 333 636 τῶν
349 613 413 647 ορων
429 610 442 639 ᾖ
460 609 630 636 ὲλαττουσθαι
645 611 659 638 ἣ
678 607 843 635 διαλύεσθαι.

240 654 375 690 γ“·”Ω.στε
398 652 480 683 οὐδ-ὴν
509 654 538 680 οὐ
566 658 613 684 τῆς
644 656 753 690 φύσεως,
874 655 959 680 πάντα
984 656 1028 690 μὲν

205 701 261 735 ἔχει
291 701 356 736 πρὸς
379 699 470 732 αὐτὴν,
498 700 532 724 τὰ
550 700 594 734 μὲν
620 700 799 734 γνησιωτέρως
833 701 880 727 τὴν
922 700 1027 733 σχέσιν,

204 746 238 770 τὰ
265 742 295 770 δὲ
319 743 483 781 πορρωτέρω·
517 743 654 779 Ύφαντικὴ
686 744 737 779 γὰρ
777 742 952 778 συμϐάλλεται
993 743 1028 774 είς

203 791 312 819 τήντῆς
336 788 466 819 πολιτείας
484 790 627 819 κοινωνίαν,
657 787 724 817 πλὴν
749 787 802 813 ἀλλ’
830 787 883 823 οὐχ
902 789 936 818 ὡς
963 797 1028 824 μου·

206 837 278 863 σική·
304 837 346 861 Δεῖ
369 831 399 860 δὲ
421 836 458 869 μή
486 832 637 859 ἀπατᾶσθαι
661 837 697 867 τῲ
720 834 771 859 ἔθει
795 834 853 858 τινὰ
877 835 922 858 καὶ
948 835 1026 869 τιμᾲν
1044 840 1066 868 Β

203 880 276 914 τὸμὴ
290 888 393 914 τίμιον,
421 875 527 907 Ἐπειδὴ
556 881 586 914 τῇ
613 881 727 913 μουσικῇ
758 877 831 908 τάξις
855 880 900 903 καὶ
922 887 1028 913 συμφω-

203 932 255 956 νία,
274 926 317 949 καὶ
344 924 377 949 τὰ
404 925 449 959 μεν
482 923 567 948 πάντα
590 922 615 948 ἐν
639 925 777 958 μουσικοῖς
803 922 890 957 λογοις
911 923 1027 958 ὑπάρχει

203 967 228 993 ἄν
253 966 290 998 οἷς
316 970 361 994 καὶ
387 967 460 998 τάξις
488 969 533 993 καὶ
559 969 705 1003 συμφωνία·
731 967 856 1002 ὑφαντικὴ
899 965 929 993 δὲ
968 966 1027 993 οὐτε

202 1015 332 1048 μουσικήν
360 1011 420 1041 ὅλην
449 1012 516 1048 ἔχει,
541 1013 600 1038 οὔτε
626 1014 678 1047 μὴν
699 1010 723 1037 ἐν
752 1011 796 1048 ὅλῃ
835 1011 915 1037 ἐστίν·
959 1013 1026 1038 ὥστε

203 1059 368 1093 φυσικωτέρα
399 1058 443 1093 μὲν
471 1058 597 1092 μουσικὴ,
627 1054 718 1085 ἐπειδὴ
754 1065 783 1082 το
823 1057 1025 1092 καθολικώτερον

201 1101 317 1139 ὑπάρχει
330 1103 376 1127 καὶ
390 1104 574 1137 φυσικώτερον,
594 1102 622 1126 τὸ
653 1099 682 1126 δὲ
711 1110 884 1136 φυσικωτερον
912 1100 1024 1136 ἐξαυάν-

201 1155 250 1176 κης
275 1149 320 1172 καὶ
343 1148 504 1181 τιμιώτερον·
532 1146 547 1174 ὴ
572 1147 685 1180 μουσικὴ
714 1145 843 1181 ἐπιστήμη
869 1144 920 1182 ἆρα
961 1146 1024 1171 ταὺ-

201 1200 247 1221 της
273 1189 320 1216 διὰ
342 1189 427 1216 ταῦτα
456 1191 608 1226 τιμιωτέρα,
635 1191 682 1216 Διά
708 1199 783 1215 τουτο
812 1192 847 1219 μὴ
881 1189 1025 1216 ἀπατάσθω

200 1279 276 1314 lum,
292 1281 402 1307 terram
416 1280 446 1306 et
459 1277 609 1306 mundum
618 1278 798 1311 universum,
808 1278 866 1306 hoc
877 1281 921 1306 est
927 1286 1024 1307 rerum

201 1323 406 1358 omniumque
417 1322 491 1350 caelo
503 1325 532 1350 et
545 1324 621 1349 terra
641 1322 944 1357 comprehenduntur,
955 1331 1025 1351 con-

202 1368 335 1396 cordiam
347 1370 436 1403 atque
451 1366 687 1394 convenientiam
703 1367 827 1401 gignant
841 1370 870 1395 et
894 1367 1023 1396 foveant.

201 1412 349 1448 Imprimis
377 1419 445 1439 vero
475 1411 505 1438 in
533 1418 657 1447 corpore
683 1414 720 1438 stt
757 1414 919 1439 concentus
960 1413 1023 1440 ani-

199 1465 258 1484 mae
274 1460 301 1484 et
312 1460 455 1484 materiae.
468 1456 599 1491 Denique
610 1456 735 1492 aequalis
745 1458 774 1483 et
783 1456 950 1491 inaequalis,
963 1456 1023 1485 albi

199 1505 228 1529 et
237 1501 323 1536 nigri,
342 1501 414 1528 recti
427 1503 455 1528 et
480 1500 666 1532 orbicularis,
692 1500 808 1527 minimi
837 1503 865 1528 et
888 1501 1022 1537 majoris,
1039 1512 1060 1543 α

199 1545 282 1582 quod
289 1546 378 1574 etiam
385 1546 521 1573 omnium
529 1545 656 1573 aliarum
672 1553 771 1572 rerum
783 1546 1022 1574 convenientiam

199 1589 306 1619 eﬂicax
319 1598 411 1626 opera
418 1590 469 1617 Dei
479 1597 548 1617 cum
559 1589 710 1625 ejusmodi
724 1589 829 1617 ordine
842 1598 1022 1618 concurrens

197 1635 288 1664 hodie
301 1636 390 1663 etiam
409 1635 507 1662 foveat
533 1637 561 1662 et
585 1634 744 1669 contineat,
776 1637 804 1662 et
825 1634 855 1662 in
876 1635 1022 1671 principia

198 1678 428 1708 conformaverit
449 1682 477 1706 et
502 1679 694 1706 constituerit.
718 1680 861 1707 Prwterea
891 1679 1022 1707 etiamin

197 1725 271 1761 ipsis
284 1723 446 1752 materiatis
456 1723 605 1759 partibus,
618 1731 727 1758 nempe
742 1723 772 1750 in
786 1723 960 1751 humoribus
977 1726 1021 1752 est

195 1769 334 1804 poportio
346 1769 374 1795 et
388 1766 473 1795 ordo.
493 1766 550 1794 Sed
560 1767 617 1794 hoc
632 1767 779 1802 imprimis
817 1767 950 1795 mirabile
975 1771 1020 1796 est

195 1812 226 1840 in
241 1811 334 1841 animi
349 1811 483 1847 partibus
502 1811 639 1839 ordinem
656 1811 754 1838 inesse
773 1814 801 1839 et
829 1814 1018 1845 concentum,

195 1859 228 1885 ut
242 1859 324 1884 extra
339 1855 481 1884 terminOS
498 1863 570 1883 suos
594 1857 623 1883 et
645 1855 719 1882 ﬁnes
735 1863 797 1883 non
811 1855 957 1884 excedant
968 1858 1020 1884 aut

195 1900 342 1929 decedant
355 1903 407 1928 aut
421 1899 632 1928 dissolvantur.

231 1947 260 1974 8.
279 1946 376 1978 Quare
391 1944 463 1972 nihil
476 1947 519 1971 est
537 1943 619 1980 quod
645 1942 685 1971 ad
716 1946 855 1972 naturam
874 1953 934 1972 non
946 1944 1018 1972 refe-

195 1994 287 2018 ratur.
296 1990 317 2022 Q
323 1989 438 2017 uamvis
448 1992 546 2016 autem
558 1989 662 2016 omnia
669 1992 774 2017 natura
782 1988 850 2025 ipsa
857 1989 1016 2024 contineat,

196 2037 266 2062 sunt
280 2038 378 2062 tamen
391 2033 531 2068 quaedam
545 2040 612 2068 quae
627 2033 724 2067 magis
739 2033 902 2067 genuinam
913 2035 952 2061 ad
967 2042 1018 2062 ua-

197 2083 290 2107 turam
302 2078 414 2106 habent
423 2077 608 2110 relationem,
620 2078 759 2113 quaedam
770 2078 857 2106 etiam
871 2083 940 2106 sunt
950 2087 1018 2114 quae

194 2123 313 2158 longius
328 2131 346 2150 a
356 2125 463 2150 natura
477 2122 596 2150 distant.
611 2123 745 2150 Textoria
756 2124 837 2151 enim
850 2125 895 2150 est
929 2123 1019 2151 alicu-

192 2169 242 2204 jus
259 2176 331 2195 usus
342 2167 374 2194 in
389 2174 552 2195 commune.
565 2168 701 2195 omnium
715 2170 866 2202 societate,
882 2167 935 2195 sed
956 2175 1018 2195 non

1089 214 1138 235 τῶν
1158 210 1307 247 εἰρημένων,
1328 213 1373 237 καὶ
1405 211 1429 236 ἐν
1452 211 1546 247 ἑτέροις
1578 215 1688 239 τουτώυὶ
1713 217 1766 239 τῶν
1806 212 1924 249 ἰδιωμά-

1088 262 1138 278 των
1154 251 1306 290 ἰδιωμασιν.
1338 254 1414 281 Ἐστι
1442 256 1492 293 γὰρ
1516 254 1759 293 διακιχωρισμένον
1785 260 1817 284 τὸ
1849 260 1927 293 φύσῃ

1087 301 1132 323 τοῦ
1160 299 1228 324 θέσει
1253 309 1280 325 τε
1303 302 1348 325 καὶ
1375 303 1420 325 τοῦ
1440 301 1544 336 κράσει.
1579 300 1706 338 ’Υπάρχει
1726 306 1792 337 γοὺν
1838 304 1929 337 τίμιον

1087 345 1185 378 Νικαίᾳ
1217 344 1246 369 τὸ
1266 343 1413 379 φιλόσοφον,
1453 343 1621 381 Φιλαδελφείᾳ
1664 348 1693 371 τὸ
1735 356 1926 373 aucore-nutus.

1088 388 1138 412 Καὶ
1152 387 1249 422 ὅτιμὲν
1280 388 1324 413 οὖν
1349 390 1394 414 καὶ
1421 390 1451 414 τὸ
1480 393 1646 415 σιυτευτιχόν
1681 393 1843 425 συνίστησι,
1876 395 1927 417 πο-

1085 429 1144 461 λεως
1157 433 1234 468 μέρος
1254 431 1334 459 ἐστίν.
1363 431 1441 458 ’Ἐστι
1465 431 1494 459 δε
1522 433 1603 462 πολλὴ
1629 437 1683 459 τοῖν
1708 433 1783 460 δυοῖν
1811 436 1828 464 ἡ
1863 433 1927 461 δια-

1086 476 1160 512 φορά·
1178 477 1204 501 τὸ
1231 477 1277 511 μεν
1295 478 1345 512 γὰρ
1375 474 1494 512 διαιροῦν
1521 479 1611 513 φύσεις
1635 481 1679 504 καὶ
1701 478 1784 511 ἑνοῦν,
1817 482 1865 505 καὶ
1883 481 1919 509 ὡς

1085 520 1203 546 ὁπωσουν
1235 523 1271 556 μὴ
1299 520 1338 546 ἐόν
1366 531 1392 546 τι
1417 523 1492 558 μέρος
1533 521 1736 559 ἰτιέξερεύνητον,
1777 524 1842 561 εὗρε
1880 528 1925 550 καὶ

1084 565 1131 592 τήν
1155 567 1336 597 σκυτευτιχὴν,
1360 566 1432 602 εὑρόν
1455 564 1484 592 δὲ
1513 569 1689 603 φυσιοτροπίᾳ
1724 571 1756 604 τῇ
1771 570 1847 594 κατὰ
1885 568 1925 594 λο-

1083 617 1128 642 γον
1157 607 1304 645 διήρθρωσε
1332 609 1416 642 τάξιν,
1447 613 1600 640 σκυτευτική
1627 609 1656 637 δὲ
1693 612 1753 638 οὔτε
1791 613 1924 648 quamle—

1083 654 1193 687 γήσασα
1218 651 1274 689 εὗρε
1297 656 1456 688 τεκτονικὴν,
1488 656 1546 680 οὔτε
1571 653 1696 681 διελοῦσα
1714 659 1919 693 χρυσοχοείοη.

1083 697 1160 733 ἄμφω
1185 699 1234 735 γὰρ
1269 697 1431 734 φιλοσοφίας,
1460 701 1505 725 καὶ
1529 699 1558 725 οὔ
1607 705 1792 735 σκυτευτικῆς,
1838 701 1923 728 Ὠς-τι

1084 746 1254 773 σκυτευτικῆς
1268 744 1313 778 μὲν
1341 742 1528 779 ἀφανισθείσης
1550 745 1626 778 ἴσως,
1653 745 1701 770 οὐκ
1724 744 1756 770 ἂν
1786 748 1854 772 ποτέ
1880 756 1922 777 τις

1083 787 1140 822 εὶπῃ
1170 785 1297 823 ἐφθάρθαι
1325 788 1370 818 τὰς
1395 788 1491 818 πολειςο
1526 788 1665 825 φιλοσοφίᾳ
1700 788 1730 815 δε
1769 792 1844 816 κατὰ
1890 793 1920 816 τὸ

1081 831 1148 856 πάνυ
1172 831 1267 866 μαλλον
1292 831 1383 866 ἕψεται
1419 833 1521 858 πάντων
1569 833 1660 869 φθορά.
1697 832 1809 863 Ἐπειδὴ
1841 833 1873 860 δὲ
1902 836 1916 863 ἡ

1080 884 1177 905 ταυτης
1201 876 1284 911 φθορὰ
1316 879 1365 900 τῶν
1397 875 1518 902 πλειόνων
1542 875 1598 903 ἐστὶ
1626 878 1719 914 φθορὰ,
1748 877 1857 914 dtur/xci
1878 889 1918 904 ιο-

1080 921 1142 956 τέρα
1160 922 1204 945 καὶ
1218 921 1340 957 κρείττων
1359 919 1426 947 ἐστί.

1117 962 1150 990 δ’.
1179 966 1222 990 Δεῖ
1243 968 1305 999 γοῦν
1326 965 1377 990 ἔθει
1400 967 1436 1000 μή
1463 964 1625 991 ἀπατᾶσθαι-
1655 964 1730 992 οὐδὲν
1764 968 1818 1004 γὰρ
1861 965 1919 994 διέ-

1082 1009 1164 1034 στειλε
1191 1011 1238 1038 τήν
1272 1007 1349 1040 ὃοξοω
1376 1014 1425 1035 τῶν
1454 1009 1550 1036 πολεων
1579 1020 1606 1036 τι
1634 1013 1648 1040 ἤ
1682 1012 1750 1046 ἔθος,
1778 1014 1810 1037 τὸ
1829 1011 1916 1039 δεινὼ

1081 1052 1173 1088 ἀρετῆς
1201 1056 1244 1079 καὶ
1274 1057 1365 1084 κακίας
1393 1056 1509 1090 ὄργανον.
1534 1056 1566 1080 Ai.
1593 1057 1638 1091 μὲν
1670 1056 1714 1081 οὖν
1746 1056 1838 1092 εἰμφω,
1869 1068 1916 1093 φι-

1079 1097 1189 1134 λοσοφία
1216 1101 1440 1132 χαὶσχυτευτιχὴ,
1469 1101 1578 1135 φύσεως,
1627 1098 1746 1137 διαφέρει
1797 1100 1828 1128 δὲ

1079 1142 1212 1178 ἀναγκαίῳ
1227 1145 1321 1177 καὶτῷ
1341 1145 1376 1179 μὴ
1403 1143 1441 1169 αεὶ
1468 1143 1611 1180 ἀναγκαίῳ.
1643 1144 1704 1171 Ὀτι
1731 1143 1763 1172 δὲ
1798 1151 1914 1182 τιμᾶται

1080 1190 1110 1222 τῇ
1141 1188 1186 1223 μὲν
1213 1189 1242 1213 τὸ
1278 1188 1354 1224 (sic),
1382 1191 1414 1224 τῇ
1445 1185 1470 1213 δ’
1510 1190 1551 1222 οὔ,
1584 1190 1730 1220 συνηθείας·
1776 1191 1857 1227 οῖμφω
1887 1190 1919 1218 ὅς

1878 1107 1917 1136 τῷ

1080 1278 1163 1304 tates.
1181 1277 1229 1304 Est
1243 1276 1320 1304 enim
1327 1276 1497 1304 distinctum
1509 1279 1538 1305 et
1547 1280 1717 1314 separatum
1725 1278 1814 1311 illud,
1827 1280 1917 1316 quod

1079 1323 1187 1349 natura
1201 1324 1318 1349 constat
1332 1321 1371 1349 ab
1382 1330 1427 1355 eo,
1442 1321 1526 1358 quod
1541 1322 1688 1358 positione
1703 1325 1732 1350 et
1762 1326 1917 1359 tempera-

1080 1365 1157 1393 tione
1175 1368 1302 1394 constat.
1330 1366 1435 1394 Nicaeae
1458 1366 1546 1402 igitur
1568 1366 1764 1403 philosophia
1790 1368 1914 1403 colitur,

1078 1409 1291 1445 Philadelphia
1307 1419 1355 1438 ars
1371 1410 1509 1439 coriaria.
1530 1411 1606 1439 Nam
1632 1414 1660 1439 et
1682 1411 1815 1440 coriaria
1836 1415 1916 1449 quia

1077 1456 1193 1489 partem
1208 1454 1334 1482 civitatis
1344 1454 1509 1490 aliquando
1521 1455 1683 1488 constituit,
1697 1456 1829 1484 civitatis
1837 1465 1915 1492 pars

1077 1498 1200 1525 dicetur.
1216 1499 1264 1525 Est
1285 1501 1385 1527 autem
1408 1507 1520 1534 magna
1543 1499 1705 1527 ambarum
1727 1499 1914 1528 facultatum

1077 1542 1262 1570 differentia:
1279 1551 1351 1571 nam
1370 1543 1453 1580 quod
1477 1544 1646 1572 universum
1670 1547 1813 1573 naturam
1843 1553 1914 1581 per-

1076 1591 1157 1615 meat
1171 1590 1199 1615 et
1216 1588 1345 1623 copulat,
1365 1591 1394 1616 ut
1418 1588 1466 1616 cui
1499 1588 1582 1616 nulla
1605 1597 1674 1625 pars
1705 1592 1750 1616 est
1777 1592 1913 1624 naturas,

1075 1639 1266 1667 quaecunque
1280 1631 1402 1660 tandem
1427 1633 1463 1660 sit
1491 1633 1787 1668 impervestigabilis,
1811 1636 1913 1662 artem

1077 1677 1234 1704 coriariam
1248 1678 1366 1713 reperit,
1381 1677 1534 1705 inventam
1549 1677 1647 1706 dende
1660 1678 1791 1706 naturali
1815 1678 1912 1707 modo

1075 1724 1156 1749 certa
1168 1722 1283 1750 ratione
1294 1721 1493 1750 conformavit
1505 1725 1533 1750 et
1549 1723 1709 1751 constituit.
1724 1726 1761 1751 At
1782 1731 1834 1752 ars
1863 1732 1911 1752 εο-

1074 1765 1173 1802 riaria,
1190 1774 1288 1803 neque
1301 1766 1328 1794 vi
1343 1766 1488 1795 naturalis
1503 1767 1632 1795 scientiae
1647 1766 1785 1795 fabrilem
1797 1771 1910 1802 artem,

1074 1819 1172 1847 neque
1191 1812 1218 1838 vi
1245 1811 1442 1840 distinctionis
1464 1815 1559 1840 artem
1585 1812 1746 1841 auriﬁcum
1767 1814 1881 1850 reperit
1897 1823 1907 1850 ;

1074 1859 1201 1892 utraque
1211 1857 1291 1884 enim
1302 1859 1346 1884 est
1356 1857 1554 1893 philosophiae
1565 1859 1593 1885 et
1603 1865 1665 1885 non
1673 1858 1746 1885 artis
1757 1858 1907 1886 coriariaa.

1074 1901 1170 1933 Quare
1186 1901 1304 1929 sublata
1313 1901 1351 1929 de
1375 1902 1470 1930 medio
1496 1902 1634 1936 ceriaria,
1661 1909 1753 1929 nemo
1778 1902 1906 1931 fortasse

1072 1945 1188 1978 dixerit,
1213 1945 1345 1973 civitates
1368 1945 1510 1973 interiisse
1534 1955 1543 1982 ;
1569 1946 1621 1974 sed
1644 1946 1668 1973 si
1709 1946 1906 1984 philosophia

1072 1989 1232 2022 tolleretur,
1249 1990 1348 2025 potius
1359 1991 1482 2018 omnino
1498 1993 1672 2027 sequeretur
1695 1991 1837 2019 omnium
1857 2000 1902 2020 re-

1073 2042 1140 2061 rum
1153 2034 1298 2062 interitus.
1313 2035 1460 2067 Quoniam
1471 2039 1571 2063 autem
1582 2035 1784 2072 philosophiae
1801 2037 1902 2064 interi-

1073 2080 1120 2106 tus
1145 2078 1275 2115 plurium
1291 2082 1334 2107 est
1357 2079 1498 2113 interitus,
1515 2080 1706 2116 philosophia
1730 2084 1777 2108 est
1806 2081 1902 2109 multo

1074 2124 1171 2158 magis
1183 2124 1364 2158 necessaria,
1375 2123 1531 2160 multoque
1552 2125 1770 2160 prastanstior.

1107 2169 1134 2195 4.
1150 2167 1318 2196 Cavendum
1328 2168 1416 2204 igitur
1427 2176 1463 2195 ne
1474 2169 1690 2196 consuetudine
1701 2169 1903 2205 decipiamur.

194 2212 268 2241 tanti
278 2211 383 2248 quanti
392 2214 436 2239 est
449 2211 575 2240 musica.
591 2211 701 2239 Verum
719 2212 888 2240 cavendum
911 2214 955 2240 est
980 2220 1018 2240 ne
1033 2217 1056 2244 1)
1072 2211 1157 2240 Nulla
1170 2212 1251 2239 enim
1264 2211 1323 2240 alia
1333 2220 1378 2240 res
1397 2212 1495 2240 studia
1518 2212 1646 2247 diversa,
1673 2214 1904 2250 sententiasque

195 2265 248 2294 per
257 2256 504 2284 consuetudinem
515 2256 545 2284 in
551 2264 682 2284 errorem
692 2256 883 2290 inducamur,
899 2259 928 2285 et
935 2257 1018 2293 quod

193 2310 255 2329 non
269 2304 313 2329 est
326 2300 495 2335 colendum,
511 2300 658 2329 colamus.
670 2300 819 2334 Quoniam
837 2301 916 2329 enim
942 2301 1017 2329 ordo

193 2348 223 2374 et
237 2349 399 2374 concentus
410 2347 486 2373 inest
497 2345 527 2372 in
546 2345 662 2372 musica
674 2347 701 2372 et
715 2345 818 2373 omnia
832 2346 954 2373 musicis
970 2354 1017 2374 ra-

193 2391 323 2419 tionibus
336 2391 525 2419 continentnr
535 2390 565 2417 in
576 2389 687 2425 quibus
703 2390 781 2418 inest
792 2391 866 2418 ordo
888 2394 916 2419 et
942 2399 1016 2419 con-

193 2439 296 2464 centus
310 2445 317 2470 ;
332 2435 455 2464 tentoria
469 2437 570 2462 autem
585 2442 683 2470 neque
695 2435 843 2463 musicam
857 2438 950 2464 totam
964 2436 1016 2464 ha-

192 2481 252 2515 bet,
265 2489 363 2516 neque
371 2480 401 2507 in
417 2482 477 2507 tota
487 2481 530 2506 est
545 2479 670 2514 musica,
686 2479 797 2507 idcirco
810 2480 925 2508 musica
948 2487 1016 2516 pro-

192 2526 259 2562 pius
266 2525 305 2553 ad
311 2528 450 2552 naturam
457 2523 581 2558 accedit,
588 2524 831 2560 quandoquidem
838 2524 955 2552 musica
961 2526 1014 2556 est,

192 2570 289 2605 magis
302 2567 482 2597 universalis
490 2570 518 2595 et
528 2567 628 2595 idinco
638 2568 810 2604 diligentius
823 2568 949 2596 colenda
959 2571 1013 2604 est,

193 2618 220 2644 et
235 2614 342 2650 majori
354 2614 384 2642 in
396 2613 491 2649 pretio
502 2613 643 2641 habenda
657 2621 749 2649 quam
759 2616 892 2641 tentoria.
906 2614 1015 2646 Quam-

192 2660 297 2688 obrem
311 2658 424 2687 nemini
433 2658 569 2694 imponat
581 2660 633 2686 aut
651 2657 838 2686 consuetudo
863 2661 915 2686 aut
942 2658 1015 2686 rela-

192 2704 243 2739 tio,
257 2706 309 2732 aut
324 2703 389 2732 alite
403 2711 504 2731 rerum
516 2710 608 2738 supra.
622 2705 927 2731 commemoratarum
945 2711 1015 2739 pro-

190 2748 342 2783 prietates,
362 2749 413 2779 aut
425 2747 555 2783 denique
563 2745 780 2782 proprietatum
794 2746 859 2777 aliis
882 2747 1016 2784 proprie-

1071 2257 1206 2285 diversas
1222 2257 1347 2285 diversis
1373 2257 1543 2286 civitatibus
1567 2258 1677 2290 attulit,
1704 2266 1802 2294 quam
1833 2267 1905 2287 con-

1071 2302 1198 2330 suetudo
1212 2310 1280 2338 qum
1296 2305 1339 2329 est
1362 2302 1475 2330 virtutis
1501 2305 1529 2330 et
1559 2303 1621 2330 vitii
1649 2302 1902 2332 efﬁcacissimum

1069 2347 1311 2374 instrumentum.
1326 2346 1430 2374 Ambae
1445 2347 1544 2382 igitur,
1558 2355 1688 2383 nemque
1706 2347 1903 2384 philosophia

1070 2395 1098 2419 et
1110 2399 1159 2419 ars
1177 2391 1302 2420 ceriaria
1316 2394 1386 2419 sunt
1399 2395 1526 2426 naturis,
1543 2392 1596 2419 sed
1606 2392 1749 2420 differunt
1765 2400 1802 2420 eo
1817 2392 1902 2429 quod

1069 2435 1119 2464 illa
1135 2436 1172 2463 sit
1186 2436 1365 2469 necessaria,
1381 2436 1447 2464 hinc
1462 2444 1533 2464 vero
1544 2444 1607 2463 non
1618 2437 1804 2464 necessaria-
1815 2436 1901 2470 Quod

1069 2482 1170 2508 autem
1181 2480 1245 2508 haac
1261 2480 1370 2508 alicubi
1395 2479 1511 2514 colitur,
1535 2479 1585 2508 illa
1602 2488 1670 2508 vero
1697 2480 1812 2509 alicubi
1840 2489 1901 2509 non

1070 2524 1183 2558 colitur,
1206 2527 1250 2553 est
1277 2524 1530 2559 consuedudinis;
1555 2524 1653 2553 ambae
1677 2525 1769 2558 enim,
1790 2533 1899 2561 nempe

1069 2569 1261 2605 philosophia
1276 2572 1304 2597 et
1317 2577 1365 2597 ars
1380 2570 1505 2598 ceriaria
1520 2572 1590 2597 sunt
1598 2572 1724 2598 naturae.
1742 2570 1802 2598 Sed
1815 2571 1848 2598 in
1862 2571 1899 2598 ci-

1069 2613 1210 2642 vitatibus
1221 2614 1369 2648 coluntur,
1380 2617 1470 2650 prout
1482 2614 1604 2642 interior
1618 2613 1751 2642 incitatio
1767 2617 1796 2642 et
1818 2614 1899 2642 incli-

1068 2659 1150 2686 natio
1161 2661 1204 2686 est
1214 2658 1312 2693 magis
1324 2658 1478 2692 naturalis,
1494 2661 1547 2686 aut
1558 2666 1577 2686 a
1587 2659 1805 2694 temperatione
1830 2667 1897 2694 pro~

1067 2703 1156 2731 tecta.
1171 2705 1282 2731 Natura
1295 2703 1375 2731 enim
1389 2711 1496 2731 omnes
1506 2703 1674 2739 comparati
1689 2703 1811 2731 suntad
1834 2703 1899 2737 phi-

1067 2747 1234 2784 losophiam
1248 2750 1301 2777 aut
1312 2747 1353 2777 ad
1367 2747 1522 2777 ceriariam
1531 2750 1633 2776 artem.
1643 2747 1702 2776 Sed
1707 2747 1773 2776 ﬁeri
1781 2748 1896 2784 nequit.
