1967 3080
65 57 88 82 1
98 58 167 85 349

532 57 709 86 THEODORI
730 53 754 83 Ιί
774 52 841 83 1MP.
863 53 908 81 DE
928 51 1157 81 COMMUNIONE
1176 52 1367 82 NATURALI.

1733 59 1801 87 1350

90 123 153 149 τῆς
172 120 282 155 φύσεως,
308 120 374 146 κατὰ
403 122 581 156 φυσικωτέραν
603 119 686 155 ὁρμὴν
719 117 749 144 δὲ
772 120 816 143 καὶ
831 125 911 141 κατα·
938 114 962 141 Α
989 116 1037 143 τὴν
1064 112 1201 157 διαφορὰν,
1233 116 1316 141 πάντα
1341 113 1370 141 δὲ
1393 115 1570 152 ὶπιστήμης’·
1596 122 1712 145 κοινωνεῖ
1735 130 1786 157 γαρ

93 165 223 202 κράσεως
270 164 352 200 ὁρμὴν
396 167 454 194 ταῖς
480 164 571 190 πόλεσι
603 167 745 200 τιμώμῖια.
774 163 910 197 Πεφὺχασι

90 210 157 245 ’γὰρ
201 207 312 244 δυνάμει
340 210 433 238 πάντες
468 208 603 244 φιλοσοφοι
633 209 648 237 ἡ
680 209 769 237 πάντες
798 210 908 236 σκυτεῖς,

93 251 236 279 ἀδύνατον
253 251 282 279 δὲ
301 255 330 279 τό
344 254 413 279 κατὰ
439 255 515 279 ποιὰν
535 251 688 282 οἱανὸἡτινα
715 254 809 288 κρᾶσιν
842 259 909 287 κρα-

94 298 146 323 θὲν
176 296 277 334 ῥᾳδίως
307 296 488 326 ἀλλοιωθῆναι.
520 297 583 323 Κατ’
606 297 698 326 αὐτοὺς
727 294 756 322 δὲ
779 297 839 325 τοὺς
863 294 908 320 λο-

89 351 169 376 γους
193 344 238 368 καὶ
264 344 411 378 στρατηγία
441 344 486 367 καὶ
513 341 642 377 ἐλαχίστη
684 343 763 376 τέχνη
800 339 863 367 άλλη
892 340 906 368 ἡ

92 395 248 422 συγκρισις
263 387 331 412 κατὰ
349 389 439 423 χεῖρον
471 385 539 412 οὖσα
571 388 616 411 καὶ
645 389 770 422 κρεῖττον,
797 383 848 410 οἷον
862 385 909 414 τὰς

89 432 147 466 μὲν
171 430 259 462 πόλεις
281 433 326 456 καὶ
356 432 389 456 τὰ
415 431 472 459 ἔθνη
503 432 533 456 τὸ
567 431 752 466 στρατιωτικὸν
776 428 907 465 φυλάττει,

88 477 127 502 τὸ
154 477 303 512 ποιμενικὸν
319 473 349 501 δὲ
363 475 415 510 οὐχ
440 475 533 506 οὕτως.
560 474 655 501 Πολλαί
681 476 732 510 ’γὰρ
757 476 792 510 μὴ
817 483 908 502 κτηνο-

91 524 250 557 τροφοῡσαι
277 519 344 550 ζῶσι
371 521 416 545 καὶ
443 521 564 556 μένουσιν
591 529 597 536 ο
624 517 686 545 οὐδὲ
711 521 760 552 μία
782 516 810 543 δὲ
837 517 907 543 ἐστιν

93 563 289 600 ἀστράτευτος,
316 564 369 590 οἷον
413 563 540 592 Μιλήσιοι
567 563 596 590 οὗ
630 562 762 599 βουκόλοι,
790 563 906 599 ἔμπειροι

94 607 130 636 δὲ
175 611 336 645 ναυμαχίας,
372 610 417 634 καὶ
453 610 547 645 μυρίαι
582 608 665 638 πόλεις
697 608 790 643 ἕτεραι.
825 606 906 633 Ὠστε

94 655 240 682 σκόπησον
255 654 268 679 ὁ
288 651 439 689 διακρίνων,
463 652 492 679 Ἠ
521 654 566 688 μὲν
589 654 640 690 γὰρ
668 651 789 678 πλειονων
820 650 905 678 δεῖται

90 696 184 734 λόγων
218 697 378 734 φιλοσοφίας,
409 699 454 723 καὶ
480 696 600 723 πλειόνων
627 697 844 732 ἐπιτυγχάνουσα
863 697 901 725 εἴη

89 741 125 768 ἂν
149 743 203 768 οἷον
226 744 270 768 καὶ
301 744 466 779 φυσικωτέρα
493 744 538 768 καὶ
566 743 695 779 τιμωτέρα
717 741 816 767 πολλῶν
842 738 902 767 δεο-

86 789 160 822 μένη
194 786 348 823 φιλοσοφίας
379 789 480 823 τρόπων
508 789 553 812 καὶ
577 785 686 816 πολλοὺς
706 787 819 822 ἔχουσα,
844 783 901 812 δεῖ-

85 841 139 858 ται
160 829 191 857 δε
212 833 257 857 καὶ
278 832 292 860 ἠ
321 831 395 866 ἄλλη,
416 830 483 860 πλὴν
512 829 565 856 ἀλλ’
590 830 642 866 οὐχ
662 830 752 864 οὕτως,
779 831 846 856 ὥστε
872 832 900 856 τὸ

84 877 158 912 πρὸς
185 877 232 904 τὴν
274 875 422 911 ἐπιστήμην
462 874 608 906 πλησιάζον
630 879 720 901 πασῶν
750 873 900 910 ἐπιστημῶν

85 922 139 946 καὶ
178 923 277 955 τεχνῶν
311 920 427 956 ὑπάρχει
464 921 507 945 καὶ
541 922 702 956 τιμιώτερον.
729 920 758 945 Εἰ
786 920 830 954 μὲν
856 918 899 944 οὖν

86 963 198 995 ἀνάξεις
226 965 321 998 πάντα,
350 964 469 1000 εὑρήσεις
497 963 527 989 ἂν
554 963 679 995 ἐξετάσων
706 963 739 994 εἰς
771 965 818 992 τὴν
837 963 899 989 καθ-

89 1009 156 1035 όλου
172 1007 306 1042 παιδείαν,
321 1010 356 1038 ὡς
369 1010 481 1046 εῖρηται,
499 1008 653 1044 ἀναγόμενα.

132 1052 159 1081 ε’.
177 1054 294 1079 Μάταιον
315 1051 344 1079 δε
373 1052 397 1078 ἓν
426 1053 534 1079 ἕκαστον
564 1052 700 1085 ἐξετάζειν,
726 1052 781 1078 ἀλλ’
807 1053 835 1078 ἔκ
861 1062 899 1078 τι-

90 1108 144 1124 νων
159 1098 245 1124 πάντα
269 1101 343 1124 νοεῖν.
374 1095 450 1134 Ἴδης
480 1095 509 1123 δε
537 1098 622 1123 πάντα
648 1097 798 1132 ἐπιστήμης
827 1099 897 1131 ὄντα,

90 1145 250 1178 τιμιώτερα,
276 1141 427 1178 ἀτιμότερα,
455 1143 547 1178 χείρω,
568 1143 685 1178 κρείττω,
716 1144 760 1168 καὶ
789 1143 898 1168 κατὰτὸ

93 1185 153 1213 ἴσον
181 1189 226 1213 καὶ
254 1189 283 1213 τὸ
311 1187 412 1220 ἄνισον,
439 1186 453 1215 ἣ
482 1185 600 1212 ἐπιτάσει
626 1188 671 1211 καὶ
699 1185 784 1212 ἀνέσει
803 1188 899 1223 ἔχοντα

75 1305 112 1330 ut
126 1301 210 1338 quod
226 1301 328 1337 aliqua
341 1301 556 1334 temperatione
580 1300 740 1336 prieditum
759 1304 812 1334 est,
824 1301 910 1329 facile

75 1347 265 1375 immutetur.
286 1346 397 1374 Eodem
413 1345 504 1373 modo
522 1353 571 1372 ars
596 1345 789 1380 imperatoria
810 1347 838 1373 et
857 1346 911 1373 mi-

74 1392 165 1419 nima
179 1399 229 1419 ars
243 1390 437 1418 conferuntur
447 1390 524 1417 inter
540 1397 582 1422 se,
594 1397 630 1417 ex
641 1398 688 1423 eo,
703 1390 787 1425 quod
798 1390 862 1417 haec
873 1390 911 1418 sit

75 1435 211 1468 inferior,
223 1435 274 1463 illa
285 1434 483 1471 praestantior.
505 1435 540 1462 Ut
550 1441 599 1462 ars
624 1433 756 1462 militaris
778 1434 911 1462 civitates

76 1483 107 1508 et
121 1483 225 1515 gentes
243 1481 413 1513 conservat,
429 1478 482 1506 sed
491 1486 540 1506 ars
565 1478 718 1514 pastoritia
733 1486 793 1506 non
812 1479 882 1506 item
902 1489 909 1513 ;
925 1497 944 1523 ρ

78 1525 184 1552 multa:
199 1524 279 1552 enim
303 1524 436 1551 civitates
465 1523 626 1559 multaeque
647 1523 782 1551 nationes
810 1527 911 1552 carent

77 1569 226 1598 armentis
236 1571 264 1596 et
278 1568 428 1603 gregibus,
452 1575 521 1594 cum
535 1570 636 1595 tamen
656 1575 717 1595 non
733 1571 854 1596 careant
868 1577 911 1596 re-

77 1614 137 1642 bus
153 1614 193 1642 ad
205 1613 314 1641 victum
322 1612 510 1645 necessariis,
524 1615 556 1639 ut
568 1612 664 1640 vivere
676 1615 704 1640 et
715 1613 746 1640 in
762 1620 818 1640 suo
833 1615 911 1641 statu

79 1666 259 1695 permanere
272 1659 397 1693 possint.
412 1657 469 1685 Sed
482 1656 600 1684 militari
615 1660 677 1684 arte
700 1656 782 1685 nulla
807 1657 911 1686 civitas

80 1710 184 1731 carere
197 1704 313 1738 potest:
329 1704 361 1729 ut
375 1701 457 1737 apud
472 1701 599 1729 Milesios
615 1709 676 1728 non
688 1704 757 1729 sunt
775 1701 909 1736 bubulci,

79 1747 132 1783 qui
145 1750 247 1774 tamen
271 1746 386 1774 navalis
402 1745 512 1773 militia:
521 1748 590 1773 sunt
614 1745 796 1780 peritissimi.
824 1746 910 1781 Ejus-

79 1791 164 1820 modi
181 1790 304 1818 inﬁnitaa
334 1793 403 1818 sunt
429 1790 561 1818 civitates
599 1789 674 1818 alite.
707 1790 911 1823 Quamobrem

77 1836 216 1865 distincte
242 1835 409 1864 considera.
437 1835 504 1862 Esse
528 1835 607 1862 enim
630 1835 734 1862 civitas
759 1835 910 1870 ejusmodi

76 1883 201 1917 postest,
212 1888 281 1916 quae
300 1880 438 1916 pluribus
450 1879 647 1915 philosophiae
673 1879 814 1907 institutis
830 1887 907 1915 opus

75 1925 168 1954 habet
182 1928 210 1952 et
224 1924 360 1960 pluribus
376 1924 510 1952 abundet
522 1932 528 1951 :
540 1926 630 1959 atque
645 1924 794 1959 ejusmodi
805 1924 909 1952 civitas

76 1979 144 2007 quae
159 1969 297 2007 pluribus
309 1969 508 2005 philosophiae
524 1969 659 2004 partibus
673 1977 749 2004 opus
764 1969 864 2002 habet,
880 1971 909 1997 et.

76 2014 215 2051 pluribus
228 2013 373 2047 abundat,
401 2013 498 2048 magis
518 2021 554 2040 ex
583 2012 700 2047 legibus
722 2016 835 2040 naturae
862 2013 910 2043 est

79 2059 249 2092 constituta,
260 2057 388 2093 ideoque
400 2060 595 2093 prmstantior.
609 2058 679 2084 Esse
694 2057 783 2084 etiam
803 2057 907 2086 civitas

81 2104 139 2132 alia
151 2103 299 2139 ejusmodi
312 2105 419 2138 potest,
432 2110 500 2138 quae
511 2101 701 2138 philosophia
710 2102 842 2138 quidem,
855 2102 908 2130 sed

81 2156 142 2177 non
152 2155 293 2184 peraeque
309 2150 398 2183 atque
408 2146 458 2174 illa
466 2147 601 2182 superior
611 2154 688 2182 opus
699 2146 798 2174 habet.
811 2148 907 2178 Quare

81 2192 164 2230 quod
172 2192 211 2220 ad
222 2191 377 2219 scientiam
388 2191 485 2226 magis
497 2191 610 2218 accedit
620 2191 757 2218 omnium
773 2191 907 2219 scientia-

82 2246 158 2270 rum,
175 2236 290 2264 exsistit
302 2237 391 2264 etiam
406 2235 607 2272 praestantius.
628 2235 715 2268 Quod
731 2235 755 2262 si
769 2236 906 2264 scruteris

81 2282 191 2314 omnia,
208 2281 373 2316 comperies
393 2279 432 2308 ad
456 2279 626 2315 generalem
641 2279 848 2316 eruditionem,
874 2283 907 2309 ut

81 2327 189 2355 dictum
204 2328 257 2359 est,
273 2333 339 2353 esse
353 2324 530 2353 revocanda.

115 2374 142 2399 5.
162 2369 220 2399 Sed
239 2369 357 2405 singula
378 2369 502 2397 scrutari
525 2369 554 2396 in
573 2369 733 2405 praesentia
761 2377 905 2406 superva-

80 2423 167 2444 cuum
179 2417 274 2447 esset;
290 2423 326 2442 ex
335 2413 521 2450 quibusdam
529 2414 618 2448 igitur
632 2413 825 2449 intelligenda
835 2416 904 2442 sunt

78 2461 190 2497 reliqua
203 2459 316 2488 omnia.
330 2459 432 2492 Porro,
444 2458 494 2486 illa
509 2458 612 2486 omnia
620 2459 827 2494 praestantiora.
840 2466 904 2486 esse

79 2504 251 2541 comperies,
274 2512 342 2540 quin
369 2505 438 2530 sunt
463 2502 593 2530 scientiae
611 2503 797 2538 ;comperies
812 2503 902 2531 etiam

80 2548 170 2577 multa
196 2556 260 2576 esse
290 2548 412 2576 scientia
437 2547 551 2581 viliora,
583 2547 728 2576 nonnulla
750 2547 903 2576 nonnullis

81 2592 282 2629 prastantiora
297 2595 325 2620 et
337 2592 479 2620 inferiora
493 2600 528 2620 ex
550 2591 719 2628 asqualitate
732 2594 760 2620 et
772 2592 903 2628 inaequa-

84 2637 175 2670 litate;
193 2637 359 2665 intensione
374 2639 402 2665 et
416 2636 591 2664 remissione
600 2637 675 2664 inter
694 2645 727 2664 se
754 2636 902 2665 distincta.

88 2682 152 2715 Quae
167 2684 266 2710 tamen
288 2682 392 2710 omnia
416 2681 454 2709 ad
475 2681 630 2710 scientiam
651 2681 809 2716 pertinent.
829 2683 904 2709 Nam

87 2725 217 2763 quodam
230 2726 452 2755 communionis
466 2725 585 2754 vinculo
595 2733 666 2754 cum
689 2725 823 2761 generali
839 2733 905 2755 cru-

991 161 1025 188 εἲς
1044 160 1091 187 τὴν
1119 156 1242 185 παιδείαν
1270 159 1363 185 ἅπασα
1385 161 1476 195 τέχνη,
1506 161 1540 191 ὡς
1567 163 1591 186 ἕν
1618 171 1669 188 τινι
1693 156 1786 201 activi-pip

989 202 1094 235 κύκλου,
1112 202 1148 233 εἰς
1174 203 1186 228 ὃ
1210 206 1294 229 πᾶσαι
1327 206 1517 240 προπίπτουσιν
1547 205 1574 230 αἱ
1597 204 1624 231 ἐκ
1647 210 1693 236 τῆς
1715 217 1787 244 περι-

990 249 1090 282 φερείας
1133 247 1313 283 εἰσερχόμεναι
1339 247 1445 275 εὐθεῖαι.
1477 248 1554 275 Ἀλλὰ
1582 253 1626 275 καὶ
1654 255 1685 287 τῇ
1711 253 1786 287 φύσει

988 293 1062 317 πᾶσα
1080 294 1175 328 κρᾶσις
1194 292 1294 317 ἑνοῦται
1315 293 1407 329 κράσει
1433 294 1500 319 κατὰ
1526 295 1569 319 τὸν
1597 294 1676 320 αὐτὸν
1699 295 1783 331 λόγον,

990 337 1033 361 καὶ
1059 336 1106 361 οὐκ
1131 337 1187 362 ἔστι
1210 345 1235 361 τι
1262 337 1290 362 τὸ
1312 339 1347 372 μὴ
1376 338 1485 372 φύσεως,
1517 339 1562 363 καὶ
1589 338 1636 364 οὐκ
1668 340 1723 366 ἔστι
1746 350 1786 372 τις

987 381 1068 415 τέχνη
1084 382 1120 414 μὴ
1143 378 1211 406 οὖσα
1235 379 1368 414 παιδείας,
1394 383 1451 416 ἔχει
1483 380 1513 408 δε
1535 384 1570 412 ὡς
1595 385 1669 409 πάσα
1692 387 1787 420 κρᾶσις

987 427 1121 451 κοινωνίαν
1143 427 1188 451 καὶ
1214 423 1356 455 διαστολὴν
1378 425 1405 451 ἐκ
1431 427 1557 463 κράσεων,
1583 427 1650 454 οὕτω
1676 426 1710 458 δὴ
1739 432 1785 457 καὶ

988 469 1029 494 ἐπὶ
1061 473 1110 495 1’ῶν
1148 474 1246 505 τεχνῶν
1268 472 1399 496 κοινωνίαι
1426 473 1471 496 καὶ
1494 468 1633 498 διαστολαί
1660 482 1667 489 ι
1690 472 1784 508 μᾶλλον

986 513 1036 549 γὰρ
1063 515 1228 549 ναυμαχικόν
1257 515 1377 549 συγγενὲς
1401 518 1447 540 τοῦ
1475 515 1583 541 ἱππικοῦ
1598 516 1613 545 ἢ
1634 517 1782 552 ύφαντιχόν,

985 560 1030 584 καὶ
1066 558 1238 593 χαλκευτικῆς
1273 560 1288 587 ή
1332 558 1471 594 μεταλλικὴ
1498 559 1513 589 ἣ
1543 563 1692 596 ποιμενικὴ,
1738 565 1784 589 καὶ

986 601 1067 627 ἄλλων
1080 601 1165 630 ἄλλαι.
1178 605 1260 629 Τοῦτο
1275 601 1305 629 δὲ
1333 606 1378 629 καὶ
1410 605 1452 629 επὶ
1477 607 1525 633 τῆς
1549 606 1646 639 φύσεως
1668 609 1781 641 νοητέον,

985 647 1020 676 ὡς
1060 648 1105 672 καὶ
1144 645 1168 672 ἐν
1198 651 1257 677 ταῖς
1277 651 1371 683 χυμῶν
1396 647 1497 683 μίξεσιν
1525 649 1627 684 εἴρηται
1655 653 1699 676 καὶ
1724 655 1784 682 ταῖς

983 695 1033 716 τῶν
1046 693 1194 727 στοιχείων,
1215 690 1292 727 Ἔχει
1321 690 1351 718 δὲ
1378 695 1429 718 πᾶν
1456 694 1472 718 o"
1497 702 1523 718 τι
1548 695 1577 719 τὸ
1605 695 1716 729 φύσεως,
1748 697 1783 727 ὡς

983 736 1093 770 εἴρηται,
1123 737 1273 771 συμφωνίαν
1300 738 1345 762 καὶ
1369 738 1473 771 σχέσιν.
1499 739 1638 773 Συμφωνία
1663 740 1713 776 γὰρ
1737 741 1782 765 καὶ

983 781 1077 815 σχέσις
1096 782 1194 816 κόσμον
1206 782 1252 806 καὶ
1268 779 1340 806 πόλιν
1366 782 1412 806 καὶ
1439 782 1528 817 κώμην
1551 784 1596 807 καὶ
1622 781 1692 808 οἶκον
1720 793 1782 809 συν-

981 825 1084 852 έστησε.
1112 827 1163 850 Καὶ
1188 825 1215 850 αἱ
1253 826 1298 860 μὶν
1326 825 1394 850 κατὰ
1420 827 1548 860 φυσικοὺς
1573 825 1665 862 λόγους
1695 830 1782 863 γιγνό-

979 877 1053 904 μεναι
1068 869 1213 904 συνάγουσι
1232 870 1277 904 μέν
1298 878 1357 894 τινα
1383 867 1539 906 διῃρημένα,
1561 870 1628 900 πλὴν
1657 870 1709 898 ἀλλ’
1734 873 1782 898 οὐκ

979 911 1072 948 ὀρθῶς,
1093 913 1146 938 οἷον
1173 921 1211 942 τις
1238 913 1328 948 ἅρχων
1355 912 1401 950 ἐρᾷ
1423 917 1470 944 τῆς
1490 919 1641 950 ποιμινικῆς
1669 926 1676 932 ·
1703 920 1780 942 τοῦτο

978 959 1072 992 κρᾶσις
1088 966 1093 973 ·
1108 959 1154 982 καὶ
1164 957 1204 982 ὃτι
1218 958 1262 992 μὲν
1282 957 1297 985 ἠ
1329 958 1406 992 φύσις
1427 960 1564 993 ποιμενικὴ
1593 957 1684 993 ἔδειξε,
1708 962 1782 998 παρὰ

977 1004 1026 1031 τῆς
1053 999 1188 1031 παιδείας,
1220 999 1297 1027 Ἔστι
1322 1003 1352 1026 τὸ
1379 1003 1424 1037 μὲν
1451 1001 1575 1038 ἐρώμενον
1604 1005 1723 1038 φυσικὸν,
1749 1004 1780 1030 οὐ

979 1048 1093 1079 φυσικῶς
1109 1043 1138 1070 δὲ
1151 1045 1163 1070 ὃ
1178 1044 1241 1080 ἱρῶν
1256 1044 1302 1082 ἐρᾷ
1318 1055 1325 1061 ·
1341 1046 1453 1082 ἄρχοντι
1467 1047 1518 1083 γὰρ
1538 1048 1564 1072 τί
1590 1049 1675 1073 κοινὸν
1690 1048 1705 1077 ἠ
1721 1057 1780 1074 ποι-

977 1091 1067 1124 μενικὴ
1084 1097 1091 1120 ;
1107 1088 1170 1125 Ἐρᾲ
1198 1087 1227 1114 δὲ
1254 1092 1298 1114 καὶ
1325 1089 1477 1125 φιλοσοφίας
1500 1089 1594 1126 ἕτερος,
1624 1095 1700 1117 τοῦτο
1734 1102 1779 1128 φυ-

979 1135 1052 1159 σικὸν
1077 1134 1162 1167 ὄντως,
1191 1134 1248 1159 ἔστι
1270 1131 1300 1159 δὲ
1332 1136 1377 1159 καὶ
1405 1135 1476 1160 κατὰ
1497 1138 1602 1170 κρᾶσιν.
1632 1134 1701 1162 Ἐκεῖ
1727 1137 1778 1173 γὰρ

976 1181 1069 1215 κρᾶσις
1083 1177 1198 1214 ἀρχικῆς
1225 1181 1268 1203 καὶ
1291 1182 1454 1214 ποιμενικῆς,
1482 1177 1573 1205 ὶνθοὶδι
1606 1178 1635 1206 δί
1663 1179 1780 1217 ἀρχικῆς

965 1301 1076 1329 ditione
1089 1301 1281 1337 conjungitur
1291 1302 1389 1330 omnis
1398 1302 1533 1338 ars,'_non
1544 1311 1631 1331 secus
1653 1306 1743 1340 atque
1761 1304 1792 1333 in

964 1347 1066 1373 centro
1082 1345 1183 1373 circuli
1200 1346 1498 1374 conveniuntomnes
1513 1347 1600 1375 linem
1623 1351 1711 1376 recte
1723 1356 1792 1384 qua;

964 1398 982 1418 a
1007 1390 1257 1418 circumcurrente
1285 1390 1365 1419 linea
1393 1391 1491 1419 ductae
1519 1395 1596 1420 sunt.
1623 1393 1792 1425 Quinetiam

964 1434 1063 1462 omnis
1090 1434 1265 1470 temperatio
1286 1434 1315 1462 vi
1341 1438 1456 1463 naturis
1482 1443 1552 1463 cum
1577 1437 1792 1472 temperatione

964 1478 1070 1507 eadem
1085 1479 1199 1506 ratione
1226 1479 1392 1514 copulatur.
1415 1481 1515 1515 Neque
1544 1480 1713 1516 quidquam
1735 1484 1790 1510 est.

963 1523 1046 1560 quod
1061 1531 1122 1551 non
1139 1524 1306 1553 sitnaturae.
1322 1531 1420 1557 neque
1440 1524 1500 1552 ulla
1523 1527 1567 1552 est
1581 1532 1629 1552 ars
1648 1533 1716 1560 quae
1727 1533 1791 1554 non

964 1568 1002 1595 sit
1013 1567 1197 1595 eruditionis.
1217 1569 1250 1595 Et
1264 1570 1297 1596 ut
1308 1568 1406 1595 omnis
1420 1568 1592 1603 temperatio
1605 1570 1792 1598 communio-

965 1620 1035 1640 nem
1050 1619 1085 1640 ac
1101 1611 1319 1640 distinctionem
1340 1620 1376 1640 ex
1402 1612 1667 1648 temperationibus
1686 1614 1789 1650 habet,

963 1657 1004 1685 ita
1019 1657 1108 1685 etiam
1129 1660 1206 1685 artes
1230 1657 1453 1692 conjunguntur
1477 1659 1553 1685 inter
1581 1666 1612 1686 se
1636 1661 1665 1687 et
1683 1659 1789 1688 distin-

964 1704 1084 1735 guntur.
1104 1702 1179 1729 Nam
1198 1701 1309 1728 militiae
1332 1701 1446 1729 navalis
1460 1709 1510 1730 ars
1537 1701 1593 1730 arti
1619 1703 1789 1731 tractando-

964 1753 1032 1773 rum
1041 1753 1188 1781 equorum
1200 1745 1296 1780 magis
1309 1747 1353 1773 est
1367 1749 1497 1780 cognata
1518 1754 1613 1782 quam
1627 1755 1676 1775 ars
1698 1749 1790 1776 texto-

964 1790 1007 1818 ria
1021 1799 1029 1825 ;
1046 1793 1073 1817 et
1088 1797 1138 1818 ars
1151 1789 1299 1818 metallica
1308 1790 1419 1818 aeraria)
1429 1790 1483 1818 arti
1497 1791 1595 1825 magis
1608 1794 1653 1819 est
1661 1794 1790 1826 cognata

962 1842 1057 1870 quam
1068 1834 1233 1870 pastoritia,
1249 1836 1277 1862 et
1285 1833 1350 1862 aliis
1367 1834 1438 1862 aliis.
1456 1835 1515 1862 Hoc
1528 1838 1629 1862 autem
1652 1836 1743 1864 etiam
1758 1836 1789 1864 in

963 1881 1071 1907 natura
1081 1878 1333 1907 considerandum
1349 1881 1404 1913 est,
1418 1881 1449 1906 ut
1459 1879 1491 1906 in
1516 1878 1679 1907 humorum
1694 1882 1722 1908 et
1733 1880 1790 1908 ele-

963 1926 1134 1951 mentorum
1164 1923 1395 1951 admistionibus
1424 1923 1538 1951 dictum
1563 1926 1618 1951 est.
1644 1924 1789 1953 Caeterum

963 1967 1110 2003 quidquid
1125 1971 1169 1995 est
1180 1968 1211 1995 in
1221 1970 1330 1996 natura
1339 1967 1432 1995 habet
1445 1970 1624 1995 concentum
1633 1970 1661 1996 et
1673 1968 1789 1997 relatio-

962 2020 1042 2045 nem,
1053 2012 1314 2048 quemadmodum
1329 2012 1441 2041 dictum
1451 2015 1496 2040 est
1510 2020 1516 2045 ;
1533 2016 1695 2040 concentus
1708 2013 1789 2042 enim

963 2060 992 2084 et
1005 2057 1107 2084 relatio
1123 2057 1282 2089 mundum,
1296 2057 1453 2089 civitatem,
1466 2057 1569 2084 vicum
1593 2060 1621 2085 et
1642 2057 1789 2086 familiam

963 2101 1126 2129 constituit.
1139 2104 1180 2128 Ac
1194 2101 1425 2137 temperationes
1435 2101 1559 2137 quidem
1573 2110 1642 2138 quae
1656 2110 1692 2130 ex
1702 2106 1790 2130 natu—

962 2145 1076 2174 ralibus
1090 2145 1255 2173 rationibus
1274 2145 1419 2173 exsistunt
1439 2145 1581 2182 quaedam
1600 2146 1726 2174 invicem
1745 2146 1788 2174 di-

962 2198 1027 2218 v1sa
1041 2189 1193 2226 copulant,
1208 2189 1262 2217 sed
1278 2197 1357 2225 saepe
1371 2197 1434 2217 non
1443 2192 1533 2225 recte,
1548 2191 1640 2219 veluti
1655 2199 1723 2219 cum
1738 2191 1789 2220 ali-

961 2235 1029 2270 quis
1038 2235 1202 2270 imperator
1212 2234 1282 2262 artis
1292 2234 1454 2270 pastoritiae
1478 2234 1631 2263 studiosus
1652 2238 1716 2263 est:
1730 2235 1789 2264 hoc

960 2280 1040 2307 enim
1056 2283 1101 2307 est
1116 2279 1291 2314 temperatio
1308 2288 1314 2312 ;
1331 2287 1366 2307 ac
1389 2279 1464 2306 illud
1478 2279 1602 2315 quidem
1624 2280 1664 2308 ab
1692 2280 1788 2308 erudi-

961 2324 1039 2351 tione
1055 2323 1187 2351 manavit
1202 2323 1285 2359 quod
1299 2326 1407 2352 natura
1421 2326 1517 2351 artem
1531 2324 1719 2359 pastoritiam
1730 2324 1789 2353 ho-

959 2367 1092 2396 minibus
1111 2367 1401 2396 commonstraverit.
1422 2368 1506 2400 Quod
1536 2368 1625 2403 igitur
1649 2368 1706 2396 tale
1731 2371 1787 2404 est,

958 2412 1095 2441 naturale
1107 2412 1230 2448 quidem
1240 2415 1283 2440 est
1300 2422 1307 2440 :
1324 2412 1376 2439 sed
1390 2412 1442 2448 qui
1462 2411 1511 2440 illo
1535 2412 1633 2440 studio
1659 2412 1787 2448 ducitur,

960 2459 1098 2485 naturam
1110 2457 1245 2493 proxime
1260 2465 1322 2485 non
1333 2459 1475 2492 sequitur.
1488 2458 1563 2485 Nam
1575 2465 1624 2485 ars
1633 2457 1789 2492 pastoritia

957 2502 988 2530 in
1000 2502 1180 2537 imperatore
1204 2504 1248 2529 est
1270 2501 1384 2537 aliquid
1412 2501 1580 2529 sordidum.
1608 2501 1686 2529 Alter
1714 2509 1787 2530 vero

959 2545 1155 2582 philosophiae
1163 2546 1316 2574 studiosus
1325 2547 1470 2581 est,atque
1476 2545 1642 2574 hocrevera
1651 2548 1787 2574 estnatu-

958 2590 1029 2618 rale.
1046 2591 1128 2618 Istud
1138 2591 1229 2619 etiam
1235 2599 1272 2618 ex
1279 2590 1491 2626 temperatione
1498 2590 1621 2618 exsistit.
1634 2589 1694 2617 Illic
1706 2590 1787 2618 enim

958 2638 1004 2663 est
1019 2635 1193 2671 temperatio
1208 2635 1279 2663 artis
1288 2634 1486 2670 imperatoriae
1509 2637 1537 2662 et
1565 2634 1715 2670 pastorias,
1738 2634 1787 2663 hic

959 2679 1265 2716 autemimperatoriae
1271 2682 1299 2707 et
1304 2678 1528 2715 philosophicae.
1538 2678 1690 2716 Numquid
1698 2679 1788 2715 igitur

958 2725 1016 2754 hoc
1040 2724 1165 2761 quidem
1182 2724 1386 2753 necessarium
1409 2725 1464 2759 est,
1489 2723 1566 2753 illud
1588 2731 1659 2754 vero
1676 2723 1733 2754 vile
1758 2725 1788 2754 et
