1967 3080
201 100 266 130 i351

216 207 245 236 δὲ
272 208 365 245 φαῦλον
383 218 390 242 ;
405 209 501 244 Τοίγαρ
531 209 556 232 τί
579 206 754 244 συμϐάλλεται
783 206 883 245 ἁρχικῇ
906 209 935 233 τὸ
963 217 1019 234 ποι⁴

215 255 316 290 μενικόν
345 261 351 286 ;
380 253 428 278 Διά
457 255 532 278 τοῦτο
573 254 617 277 καὶ
645 253 688 278 τὸν
716 253 794 289 σοφὸν
823 252 924 279 Φίλωνα
948 262 1017 284 τινις

216 298 338 334 ἔσκωψαν
354 299 412 328 τοὺς
443 296 555 333 ἀγαθοὺς
579 299 702 334 ποιμένας
731 297 845 334 ἀγαθοὺς
874 297 938 324 εἶναι
966 298 1020 335 βα-

216 343 297 374 σιλεῖς
311 343 425 370 εἰπόντα.
441 344 509 371 Φησὶ
525 341 554 368 δὲ
569 344 613 368 καὶ
635 343 647 369 ὁ
672 345 784 373 ποιητὴς
814 345 935 380 ποιμένας
957 342 1020 370 λαοῦ

215 389 273 418 τοὺς
300 385 430 424 βασιλεῖς,
455 386 484 413 οὐ
514 387 703 424 φυσιολογικῶς
735 386 764 414 δὲ
788 390 833 414 καὶ
864 386 1020 414 ἀποδεικτι-

214 436 277 468 κῶς,
304 432 368 458 ἀλλᾶ
403 433 548 469 ῥητορικῶς
575 434 620 458 καὶ
647 431 702 459 αῖον
730 433 886 463 ὑποθετικῶς
915 436 960 460 καὶ
987 437 1018 469 τῇ

215 475 292 514 ἀδείᾳ
318 480 349 514 τῇ
375 481 424 507 τῆς
448 479 576 508 ποιήσεως
591 475 780 515 ·παράὸειγμα
805 479 855 515 γὰρ
879 481 955 504 τοῦτο
984 479 1021 504 τί.

217 524 291 554 θησι,
305 524 350 548 καὶ
363 522 416 558 οὐχ
430 523 463 553 ὡς
479 522 519 549 ὃτι
540 520 582 548 δεῖ
607 525 716 559 ποιμένα
749 523 814 549 εἶναι
837 524 879 549 τὸν
907 522 1021 560 βασιλέα

214 569 350 604 ποιμνίων,
379 566 432 592 ἀλλ’
461 567 499 592 ὃτι
535 567 588 593 οἷον
613 569 710 604 ποιμήν
740 566 809 594 ἐστιν
845 569 858 593 ὁ
884 566 1019 604 βασιλεύς,

213 613 310 641 Τὶοησι
326 610 355 638 δὲ
368 613 416 637 κιὺ
429 612 520 647 μάχας
536 610 680 648 βατράχων
694 615 738 638 καὶ
766 616 848 648 μνῶν,
870 613 963 648 ἡρῴων
977 612 1020 638 ἁν-

215 655 284 693 ὃρῶν
311 654 459 692 ὑπόδειγμα
485 656 634 692 σαφηνίζων
656 658 721 694 πρὸς
746 659 804 687 τοὺς
835 656 1015 693 ὀλιγωτέρους,

213 701 350 738 Νομιζέτω
394 698 423 727 δέ
458 710 498 731 τις
538 702 581 726 τὸν
621 701 791 738 Τρωξάρταον
839 701 1019 738 ’Λγαμέμνονα

213 749 256 773 τὸν
298 745 327 772 δὲ
355 747 512 782 φυσίγνατον
551 747 679 782 Πρίαμον,
710 750 786 772 τοῦτο
809 750 858 772 τῶν
886 745 1008 779 ἀσθενῶν,

214 793 270 818 ἔστι
291 789 321 817 δὲ
349 795 385 826 τῷ
412 794 483 826 σοφῷ
511 789 617 827 Ὁμήρῳ
646 792 744 829 σκοπὸς
771 790 881 817 ἐπαινεῖν
910 790 1014 827 ἀρετὴν,

216 834 318 862 διὸκαὶ
336 838 423 862 πᾶσαν
438 839 534 870 γνῶσιν
553 837 615 870 πρὸς
642 839 718 861 τοῦτο
741 833 787 861 διὰ
815 839 890 862 τοῦτο
920 835 1019 872 αἰχμα-

214 879 328 910 λωτίζει.
357 881 457 916 Ποιμήν
489 880 533 916 μὲν
562 877 605 905 οὖν
625 879 762 917 προϐάτων
792 880 806 909 ἣ
836 879 926 917 ἑτέρων
956 879 1019 916 ἁγε-

213 925 262 953 λῶν
277 923 362 955 οὐδεὶς
383 925 484 962 ἄρχων,
510 923 557 950 κᾶν
583 925 660 956 ὅσους
689 927 801 962 χόρτους
827 924 913 961 ὰγέλος
940 926 991 961 ἔχῃ
1010 936 1016 943 ·

215 970 350 1006 φιλόσοφος
373 967 402 996 δὲ
439 969 472 995 ὡν
513 970 641 1007 μακάριός
675 969 742 1005 ἔστι,
766 969 813 995 κᾶν
841 970 913 996 οἴκου
939 969 1018 1005 ψιλοῦ

212 1017 288 1052 μόνον
301 1015 385 1051 ἄρχῃ.
408 1016 458 1041 Καὶ
482 1015 533 1051 γὰρ
561 1012 673 1050 οὐδεμία
699 1016 740 1045 τίς
766 1011 820 1040 ἐστι
849 1018 948 1050 γνῶσις
979 1017 1016 1049 τῷ

214 1059 303 1089 ἀληθεῖ
348 1057 583 1096 ὃιαδιὸριὶσκουσα
621 1058 761 1095 φιλοσόφῳ.
789 1057 951 1095 ’Υπόὃειγμα
988 1056 1018 1085 δί

212 1106 242 1131 τὸ
260 1105 337 1142 ρηθιν
361 1107 445 1130 τοῦτο.
472 1103 545 1130 Μετὰ
576 1101 604 1129 δὲ
638 1106 714 1130 τοῦτο
740 1103 872 1139 μυριάττα
901 1102 1016 1139 ἐχόμενα

212 1151 304 1177 τούτου
334 1149 401 1178 πλήν
430 1151 596 1184 φυσικώτερα
624 1150 668 1174 καὶ
693 1149 728 1184 μὴ
756 1148 865 1183 φυσικὰ,
892 1147 969 1174 ἅτινα
992 1149 1016 1174 ἓν

212 1204 268 1221 τισι
305 1195 450 1224 κοινωνίαις
492 1193 641 1225 ὑποπίπτιι,
681 1191 705 1218 ἄν
740 1196 776 1228 τῷ
817 1191 886 1228 οἴλλῳ
910 1195 955 1218 καὶ
979 1196 1016 1228 τῷ

214 1239 306 1275 ἀλλοίῳ
323 1249 329 1255 ·
355 1237 402 1264 κᾶν
424 1238 497 1274 ἔταροι
520 1238 582 1274 γὰρ,
607 1236 654 1262 κᾶν
681 1236 790 1275 ἑτεροῖα,
819 1239 879 1274 πιρὶ
907 1238 936 1263 τὸ
963 1239 1017 1263 κέν-

212 1293 272 1322 τρον
287 1283 444 1319 συνάγονται
458 1284 471 1310 ὅ
485 1282 555 1310 ἐστιν
570 1282 585 1312 ἡ
597 1281 708 1309 καθόλου
722 1280 841 1310 παιδεία.

198 1376 360 1411 indignum
379 1371 476 1400 illam
487 1371 561 1408 quid
576 1371 615 1399 ad
629 1371 852 1408 imperatoriam
874 1371 1030 1407 pastoritia

199 1420 337 1450 confert?
353 1417 465 1446 Idcirco
479 1416 604 1453 quidam
615 1416 956 1452 illudebantsapientem
966 1416 1030 1444 Phi-

197 1466 298 1495 lonem
332 1462 415 1500 quod
438 1462 536 1491 bonos
564 1463 699 1498 pastores
731 1461 829 1489 bonos
855 1469 940 1496 reges
964 1468 1028 1489 esse

196 1510 330 1539 dixisset.
351 1510 384 1536 Et
399 1510 486 1543 poeta
496 1514 581 1541 reges
596 1506 700 1542 populi
722 1508 858 1542 pastores
884 1505 1027 1541 appellat,

196 1563 258 1584 non
273 1562 309 1582 ex
324 1551 452 1581 naturali
466 1551 589 1579 scientia
603 1553 631 1578 ct
643 1550 780 1578 doctrina
793 1550 851 1578 hoc
862 1550 1025 1586 proferens,

197 1600 250 1628 sed
260 1598 403 1627 rhetorice
416 1599 444 1625 et
462 1595 552 1624 veluti
567 1595 768 1631 hypothetice,
795 1597 885 1630 atque
909 1602 945 1622 ex
957 1602 1016 1631 pce

195 1645 253 1673 tica
263 1642 380 1672 licentia
397 1651 403 1677 ;
420 1641 476 1669 hoc
489 1641 569 1668 enim
593 1642 741 1676 tanquam
767 1639 941 1675 exemplum
957 1647 1025 1675 pro-

196 1689 290 1726 ponit,
303 1695 364 1715 non
378 1685 461 1723 quod
475 1686 610 1721 oporteat
625 1692 725 1719 regem
737 1691 801 1712 esse
816 1684 913 1719 gregis
927 1686 1027 1720 pasto-

195 1741 271 1768 rem,
284 1732 335 1760 sed
346 1730 429 1767 quod
439 1738 492 1757 rex
505 1730 543 1757 sit
556 1728 644 1756 veluti
660 1730 771 1764 pastor.
786 1728 928 1764 Proponit
936 1728 1025 1756 etiam

195 1784 341 1806 ranarum
356 1777 384 1803 et
399 1774 530 1802 murium
546 1781 675 1810 pugnas,
685 1773 812 1801 heroum
821 1781 890 1800 cum
899 1773 1026 1801 homini-

195 1822 253 1851 bus
268 1819 458 1849 inferioribus
473 1826 592 1855 pugnas
603 1817 642 1846 ob
662 1818 765 1846 ocu105
779 1826 906 1854 ponens.
923 1818 1024 1853 Fingat

194 1868 296 1896 autem
306 1864 415 1901 aliquis
428 1864 603 1892 Troxartum
631 1870 695 1890 esse
718 1864 976 1897 Agamemnonem
997 1865 1025 1891 et

194 1910 434 1948 Physignathum
445 1916 509 1936 esse
516 1908 666 1936 Priamum
678 1916 684 1941 ;
697 1907 781 1942 quod
794 1907 918 1944 quidem
927 1915 1025 1935 exem-

193 1956 279 1993 plum
294 1958 337 1983 est
351 1953 582 1982 imbecilliorum
607 1952 775 1980 hominum.
793 1953 842 1980 Est
863 1954 963 1980 autem
979 1960 1025 1980 sa-

194 1999 289 2037 pienti
304 1999 433 2026 Homero
447 2005 557 2033 scopus
571 1996 742 2032 propositus
758 1999 790 2024 ut
808 1997 946 2024 virtutem
963 1996 1025 2024 lau-

193 2045 255 2077 det,
289 2046 318 2072 et
340 2042 452 2070 idcirco
474 2048 596 2069 omnem
617 2041 817 2077 cognitionem
841 2049 868 2068 ei
892 2041 1024 2077 subjicit.

193 2088 296 2118 Nullus
307 2087 396 2123 igitur
411 2087 572 2122 imperator
587 2088 630 2114 est
645 2086 796 2121 pecudum
813 2089 863 2114 aut
884 2085 972 2113 ullius
984 2085 1024 2113 a1-

193 2133 283 2163 terius
299 2131 398 2167 gregis
408 2133 520 2167 pastor,
535 2130 652 2159 etiamsi
677 2133 751 2166 quot
770 2130 879 2158 herbas
898 2133 942 2159 tot
961 2138 1024 2166 gre.

193 2186 246 2214 ges
258 2177 369 2205 habeat
385 2185 391 2210 ;
407 2175 460 2204 sed
471 2175 632 2212 imperator
645 2175 692 2203 ille
706 2175 758 2211 qui
772 2177 816 2203 est
826 2175 1023 2211 philosophus

195 2225 238 2251 est
247 2222 365 2255 beatus,
376 2220 494 2249 etiamsi
507 2220 625 2248 familiae
635 2219 722 2248 alicui
733 2219 880 2248 duntaxat
888 2219 1022 2256 imperet.

194 2266 280 2295 Nulla
290 2266 370 2294 enim
387 2267 431 2293 est
441 2265 570 2300 cognitio
585 2272 653 2301 qure
676 2271 781 2291 verum
807 2263 1023 2300 philosophum

194 2311 298 2348 fugiat.
315 2312 374 2339 Hoc
389 2312 490 2339 autem
506 2310 576 2338 satis
595 2308 753 2345 perspicue
780 2308 836 2336 illis
850 2317 918 2344 quae
945 2308 1024 2337 dicta

194 2358 264 2386 sunt
278 2364 297 2385 a
318 2355 406 2384 nobis
429 2354 608 2383 ostenditur.
624 2354 855 2390 Consequuntur
864 2353 972 2382 deinde
981 2354 1023 2382 in-

193 2409 321 2431 numera
335 2400 393 2430 alia
408 2408 476 2436 quae
486 2399 596 2436 partim
610 2397 648 2426 ad
657 2401 795 2426 naturam
806 2399 929 2434 pr0pius
940 2407 1022 2427 acce-

193 2447 280 2480 dunt,
310 2446 420 2482 partim
452 2444 571 2479 longius
598 2446 714 2471 remota
742 2446 822 2472 sunt.
854 2443 1023 2479 Suscipiunt

193 2495 295 2521 autem
306 2490 456 2527 quasdam
472 2487 694 2517 communionis
707 2489 847 2522 rationes,
863 2496 899 2516 ex
912 2488 1022 2524 quibus

193 2537 258 2566 aliae
273 2544 320 2564 res
335 2538 424 2571 atque
440 2532 600 2562 dissimiles
622 2532 801 2568 efficiuntur,
817 2533 867 2561 sed
890 2533 950 2561 sive
963 2533 1022 2562 sint

193 2582 259 2611 aliae
289 2580 351 2608 sive
371 2578 489 2607 dissiles
519 2578 549 2607 in
574 2580 674 2606 centro
698 2586 804 2606 omnes
828 2578 1020 2613 conveniunt,

194 2625 277 2663 quod
287 2616 411 2662 quidem
427 2626 562 2652 centrum
577 2626 621 2652 est
636 2623 810 2652 universalis
822 2622 959 2651 eruditio.

230 2673 257 2700 ϐ.
274 2673 316 2698 Ac
331 2669 460 2698 scientiae
476 2669 599 2705 quidem
614 2671 642 2697 et
654 2671 730 2697 artes
752 2669 793 2697 ita
811 2675 842 2695 se
855 2667 967 2695 habent
979 2667 1022 2696 uti

194 2715 334 2751 diximus,
347 2717 375 2743 et
388 2715 419 2743 in
430 2722 644 2751 quamcunque
664 2716 780 2750 partem
807 2720 839 2740 se
867 2714 962 2741 vertat
974 2712 1022 2741 ille

195 2760 248 2797 qui
257 2767 306 2790 res
320 2759 472 2790 naturales
482 2760 651 2796 investigat,
669 2765 787 2795 semper
798 2756 925 2794 reperiet
939 2765 1022 2787 com-

959 94 1137 129 ADDENDA.

196 167 241 190 καὶ
264 163 425 200 φιλοσοφίας.
455 163 564 199 Πότιρον
595 160 641 188 οὖν
672 163 701 188 τὸ
730 163 774 199 μὲν
809 161 960 198 ἀναγκαῖον,
989 165 1018 189 τὸ
1047 165 1071 192 Α

1863 99 1930 132 i352

1144 175 1177 197 ς,
1203 167 1250 192 Καὶ
1274 167 1301 192 αἱ
1327 167 1372 202 μὶν
1391 165 1535 202 ἐπιστῆμαι
1568 168 1613 192 καὶ
1646 167 1754 203 τέχναι,
1784 166 1873 196 οὕτως
1889 168 1919 196 ὡς

1101 212 1202 248 εἴρηται
1230 212 1335 247 ἔχουσι,
1363 211 1411 237 κᾶν
1437 212 1498 238 ὅσον
1532 221 1571 242 τις
1601 213 1662 249 φέρῃ
1692 210 1722 238 δὲ
1750 215 1809 243 τοῖς
1830 212 1919 249 πρά-[ς

1100 257 1167 293 μασι
1194 265 1251 282 τινα
1277 256 1364 294 ἑτέραν
1405 255 1533 291 ἐξέτασιν,
1566 255 1618 282 ἀλλ’
1653 255 1692 282 ἀεὶ
1720 256 1833 293 εὑρήσει
1863 266 1922 282 κοι-

1100 302 1192 331 νωνίας
1225 303 1270 327 καὶ
1295 299 1438 334 διαζὺξιις,
1471 303 1528 332 ταῖς
1554 303 1670 337 τέχναις.
1699 303 1777 336 Λέγω
1807 299 1850 335 δὲ,
1888 302 1924 331 ὡς

1099 346 1146 376 τὰς
1165 345 1310 383 εἰρημένας,
1341 345 1434 382 εὗρὴσι
1455 343 1480 372 δ’
1505 344 1545 372 ἀεὶ
1573 347 1618 371 καὶ
1644 346 1744 379 πασας,
1774 344 1824 371 κᾶν
1860 355 1925 371 κοι-

1100 394 1177 427 νωνῇ,
1207 389 1254 416 κᾶν
1281 389 1310 416 οὗ
1336 393 1458 427 κοινωνῇ,
1487 392 1550 426 μίαν
1584 389 1696 419 ἑκάστην
1733 393 1925 416 κοινωνοῦσα-ι

1101 434 1195 472 ᾆκάστῃ
1240 437 1299 473 περὶ
1343 437 1388 465 τὴν
1427 434 1575 471 ἐπιστήμην
1615 444 1621 451 ·
1652 434 1746 462 ἐκεῖθεν
1773 436 1829 472 γὰρ
1860 434 1924 461 ἐστι

1100 483 1175 506 πᾶσα
1192 481 1268 506 οἱονεὶ
1292 479 1306 509 ἡ
1337 478 1461 510 παιδείας
1489 478 1558 514 ἰδέα,
1585 482 1630 506 καὶ
1654 480 1681 506 αἱ
1711 481 1825 517 κράσεις
1847 481 1923 506 κατ-ἐι

1102 526 1146 551 τὸν
1184 524 1260 551 αὐτὸν
1304 523 1380 561 λόγον
1417 535 1423 541 ·
1453 526 1539 551 πᾶσαι
1580 526 1639 561 γὰρ,
1669 526 1701 555 ὼς
1725 526 1844 562 εἴρηται,
1874 527 1922 550 καὶ

1102 572 1254 595 κοινωνοῦσι
1278 571 1322 595 καὶ
1351 567 1550 595 διαστελλονται
1572 570 1637 606 πρὸς
1662 568 1756 599 αὑτάς.
1787 572 1857 606 Περὶ
1890 566 1921 595 δι

1103 615 1148 642 τὴν
1178 615 1256 649 φύσιν
1296 615 1369 643 κοινὴ
1399 617 1447 640 τῶν
1474 612 1537 640 ὅλων
1565 613 1635 639 ἐστὶν
1661 613 1676 642 ἠ
1710 613 1871 644 conﬁsum;
1902 615 1916 642 ἡ

1102 655 1157 684 ἇστι
1196 660 1325 686 κοινωνία.
1366 660 1484 694 Γίγνεται
1522 656 1551 684 δὲ
1580 661 1656 684 τοῦτο
1689 661 1735 684 καί
1762 657 1838 684 πόλει
1870 661 1918 684 καὶ

1101 704 1202 738 κόσμῳ,
1219 704 1264 728 καὶ
1291 705 1366 739 κώμῃ
1396 704 1441 728 καὶ
1472 703 1544 737 οἴκῳ,
1572 702 1635 728 αλλά
1664 700 1698 732 δὴ
1729 704 1776 728 καὶ
1810 701 1914 739 ἀτόμῳ.

1101 749 1207 783 Τριχῶς
1221 748 1272 783 γὰρ
1288 750 1404 773 κοινωνεῖ
1423 748 1452 772 τὸ
1481 746 1584 782 λογικὸν
1616 749 1691 778 ζῶον,
1720 747 1734 776 ἢ
1766 749 1821 784 γὰρ
1848 749 1915 783 κρά-

1102 791 1168 820 σειὴ
1201 793 1277 827 φύσει
1299 791 1314 821 ἢ
1344 789 1461 828 παιδείᾳ.
1493 793 1543 818 Καὶ
1569 795 1616 822 τῆς
1643 793 1688 828 μὲν
1717 795 1835 825 φυσικῆς
1858 802 1915 818 κοι-

1100 838 1232 863 νωνίακαὶ
1245 834 1354 863 παιδεία
1367 835 1431 870 ἐστὶ,
1462 839 1492 872 τῇ
1520 833 1549 862 δὲ
1579 836 1672 872 κράσει
1699 835 1748 862 οὐκ
1772 835 1815 861 ἀεὶ
1845 844 1913 861 παι-

1101 878 1160 907 δεια
1173 879 1252 914 ἐστὶν,
1270 880 1292 907 ul
1321 882 1357 917 μὴ
1384 881 1453 906 κατὰ
1483 882 1543 910 τοὺς
1565 880 1714 918 εἰρημένους
1735 879 1844 915 λόγους,
1873 881 1913 905 ὅτι

1100 928 1175 952 πᾶσα
1189 925 1296 956 ὀντὸτης
1310 927 1418 962 φύσεως,
1432 924 1479 950 κᾶν
1514 923 1599 960 ἀγαθὴ
1626 924 1674 950 κᾶν
1696 922 1738 959 οὗ,
1764 927 1810 950 καὶ
1835 928 1914 950 πᾶσα

1100 972 1179 1006 τέχνη
1194 969 1340 1006 ἐπιστήμης
1355 971 1490 1003 ὡσαύτως,
1518 972 1563 996 καὶ
1587 971 1627 996 ὄτι
1653 968 1754 996 ἐκεῖΰθν
1780 970 1839 1005 ἔχει
1863 971 1911 998 τὴν

1099 1015 1199 1042 ἕνωσιν.
1216 1017 1266 1041 Καὶ
1281 1018 1312 1051 τῇ
1346 1016 1391 1050 μὲν
1418 1013 1462 1040 οὖν
1487 1017 1583 1051 φυσικῇ
1610 1016 1742 1049 κοινωνίᾳ,
1773 1015 1808 1044 ὡς
1837 1016 1910 1050 εἴρη-

1390 1058 1429 1085 ὰεὶ
1464 1061 1508 1085 καὶ
1545 1057 1665 1086 παιδεία.
1697 1061 1821 1085 Κοινωνεί
1856 1059 1907 1094 γάρ

1517 1114 1523 1120 ·
1544 1105 1585 1134 τίς
1611 1102 1641 1129 δὲ
1667 1104 1680 1132 ἡ
1717 1103 1910 1139 μισολσιϐοῡσοι

1099 1068 1153 1092 ται,
1183 1059 1340 1095 πεπλεγμένη

1099 1106 1144 1130 καὶ
1180 1103 1292 1134 κλέπτης
1332 1104 1364 1130 τά
1397 1103 1492 1132 κλέπτη

1098 1146 1230 1180 παιδείας
1252 1148 1329 1175 Ἀλλά
1354 1150 1400 1174 καὶ
1421 1150 1515 1175 τέκτων
1544 1150 1653 1181 τέκτονι,
1681 1152 1760 1174 τοῦτο
1790 1146 1820 1175 δὲ
1842 1149 1910 1186 χροί-

1100 1203 1175 1227 σεως,
1201 1195 1233 1224 ὡς
1260 1195 1305 1219 καὶ
1329 1194 1357 1220 τὸ
1385 1194 1448 1221 ἄνω.
1474 1195 1592 1230 Διαφέρει
1621 1191 1650 1219 δὲ
1676 1193 1716 1219 ὅτι
1741 1195 1771 1219 τὸ
1795 1195 1842 1229 μὲν
1872 1203 1910 1223 τις

1099 1239 1176 1274 φύσις
1197 1240 1242 1264 καί
1266 1247 1306 1269 τις
1339 1236 1448 1264 παιδεία
1476 1238 1579 1276 ἕκρασι,
1603 1239 1632 1264 τὸ
1657 1235 1686 1264 δὲ
1714 1237 1774 1264 οὒτε
1791 1240 1907 1273 φύσεως,

1098 1284 1156 1309 οὔτι
1201 1281 1331 1314 παιδείας.
1379 1281 1446 1311 Οὐδὲ
1476 1284 1526 1319 γάρ
1552 1285 1600 1319 μία
1631 1284 1718 1319 φύσις,
1753 1283 1768 1313 ἦ
1795 1281 1910 1309 παιδεία

1085 1371 1242 1400 muniones
1257 1373 1286 1400 et
1299 1371 1502 1400 distinctiones
1514 1371 1545 1400 in
1564 1371 1688 1400 artibus.
1713 1372 1786 1401 Dico
1815 1374 1920 1400 autem

1083 1419 1309 1453 compertnrum
1343 1416 1428 1445 illum
1457 1424 1564 1444 omnes
1587 1419 1666 1445 artes
1687 1417 1918 1446 communionis

1082 1461 1203 1489 vinculo
1223 1461 1359 1490 conneeti
1379 1463 1406 1489 et
1433 1461 1472 1489 ad
1498 1461 1652 1489 scientiam
1676 1462 1824 1496 revocari,
1859 1462 1919 1490 sive

1082 1506 1157 1534 inter
1172 1506 1254 1542 ipsas
1272 1506 1309 1534 sit
1329 1505 1467 1543 proxima
1479 1508 1508 1534 et
1530 1506 1701 1534 neceSSaria
1727 1507 1918 1540 communio,

1082 1551 1145 1579 sive
1157 1559 1218 1579 non
1236 1551 1282 1586 sit,
1300 1553 1331 1578 ut
1345 1551 1376 1579 in
1391 1550 1596 1587 superioribus
1611 1550 1753 1578 diximus.
1772 1552 1849 1580 Nam
1868 1560 1918 1579 su-

1081 1604 1187 1633 prema
1200 1596 1250 1624 illa
1256 1596 1379 1624 scientia
1389 1595 1596 1632 complectitur
1603 1603 1727 1624 omnem
1735 1597 1915 1625 eruditionis

1080 1640 1192 1674 ideam,
1205 1643 1237 1669 ut
1247 1641 1337 1669 etiam
1346 1643 1452 1668 natura
1463 1640 1671 1677 complectitur
1681 1641 1915 1677 temperationes

1080 1694 1116 1714 ex
1132 1686 1238 1714 eadem
1257 1685 1379 1714 ratione.
1405 1686 1515 1713 Omnes
1538 1685 1630 1719 enim,
1656 1688 1687 1713 ut
1712 1685 1830 1714 dictum
1860 1689 1913 1718 est,

1079 1731 1155 1759 inter
1164 1739 1195 1758 se
1203 1730 1416 1758 communione
1428 1731 1494 1766 conj
1501 1733 1652 1766 unguntur
1660 1733 1712 1758 aut
1719 1730 1910 1766 distinguun~

1080 1775 1209 1803 turinter
1219 1783 1251 1802 se
1266 1783 1272 1808 ;
1287 1775 1337 1803 sed
1351 1775 1391 1803 ad
1399 1777 1539 1803 naturam
1550 1775 1753 1803 communiter
1765 1775 1911 1804 universa:

1079 1819 1309 1855 temperationes
1320 1821 1509 1853 revocantur,
1526 1827 1593 1855 qua:
1620 1827 1651 1847 es
1671 1819 1812 1856 ipsarum
1835 1820 1908 1848 inter

1079 1871 1110 1891 se
1126 1864 1310 1891 communio.
1327 1863 1388 1891 Hoc
1403 1864 1491 1891 etiam
1507 1863 1537 1890 in
1558 1863 1685 1898 civitate,
1699 1863 1828 1899 mundo,
1846 1864 1910 1891 vico

1079 1907 1192 1936 familia
1202 1909 1232 1935 in
1245 1907 1399 1936 individuo
1422 1907 1558 1944 quolibet
1577 1907 1821 1936 animadvertere
1847 1916 1909 1944 pos-

1079 1960 1192 1980 sumus.
1209 1952 1325 1988 Triplcx
1335 1952 1415 1980 enim
1424 1952 1597 1980 communio
1608 1951 1639 1979 in
1650 1952 1776 1980 animali
1786 1952 1909 1981 rationis

1078 1997 1221 2033 participe
1236 1997 1374 2030 cernitur,
1387 1999 1439 2024 aut
1453 1997 1534 2024 enim
1548 1997 1775 2032 temperationis
1791 2000 1844 2026 aut
1857 2005 1907 2026 na-

1070 2043 1151 2069 turae
1167 2043 1218 2069 aut
1230 2041 1413 2069 eruditionis.
1430 2044 1471 2069 Ac
1485 2041 1516 2068 in
1535 2040 1665 2069 naturali
1689 2041 1816 2077 quidem
1830 2050 1906 2070 com-

1078 2086 1220 2114 munione
1228 2086 1353 2114 eruditio
1361 2094 1483 2122 quoque
1491 2086 1577 2120 inest,
1587 2086 1639 2114 sed
1652 2086 1683 2114 in
1694 2087 1906 2122 temperatione

1077 2139 1139 2159 non
1145 2131 1343 2167 semperinest
1350 2130 1485 2166 eruditio,
1496 2130 1552 2158 nisi
1558 2130 1631 2158 forte
1637 2138 1672 2158 ex
1679 2130 1906 2160 illisrationibus

1077 2183 1154 2212 quas
1167 2175 1329 2211 attulimus,
1341 2183 1451 2211 nempe
1466 2174 1548 2211 quod
1563 2174 1662 2202 omnis
1681 2175 1801 2209 entitas,
1825 2179 1856 2204 ut
1873 2175 1906 2203 ita

1077 2220 1186 2256 dicam,
1200 2220 1238 2248 sit
1248 2222 1372 2253 naturae,
1385 2220 1446 2248 sive
1458 2219 1540 2248 bona
1555 2219 1601 2252 sit,
1615 2219 1677 2247 sive
1693 2228 1755 2248 non
1773 2220 1907 2254 bona;et

1040 2282 1060 2309 Β
1077 2264 1264 2301 quodomnis
1272 2273 1320 2293 ars
1327 2264 1366 2292 ad
1373 2264 1528 2292 scientiam
1536 2263 1680 2292 referatur
1686 2264 1796 2292 eodem
1807 2266 1904 2297 modo,

1077 2312 1106 2338 et
1115 2309 1197 2346 quod
1211 2317 1247 2337 ex
1261 2309 1316 2337 illis
1328 2309 1572 2337 communionem
1583 2309 1660 2336 inter
1671 2317 1702 2336 se
1714 2310 1903 2338 constituant.

1076 2354 1209 2383 Naturali
1222 2362 1292 2390 ergo
1303 2354 1636 2389 communionisemper
1650 2361 1774 2382 annexa
1787 2357 1834 2382 est
1847 2361 1902 2382 eru-

1076 2399 1158 2435 ditio,
1177 2399 1219 2427 uti
1227 2399 1339 2427 dictum
1354 2401 1399 2426 est
1414 2408 1420 2425 -.
1437 2398 1490 2425 sed
1502 2398 1753 2434 temperationum
1774 2406 1904 2427 commu-

1076 2443 1225 2472 nioninon
1232 2451 1349 2480 semper
1355 2451 1474 2471 annexa
1480 2442 1668 2471 esteruditio.
1678 2444 1753 2471 Nam
1761 2444 1843 2472 fures
1850 2443 1902 2471 duo

1075 2489 1152 2517 inter
1167 2496 1198 2516 se
1213 2488 1426 2517 communione
1441 2488 1660 2521 consociantur,
1683 2496 1830 2524 quaenam
1841 2495 1902 2516 vero

1076 2533 1342 2570 potestinteripsos
1349 2532 1710 2561 eruditionisintercedere
1717 2531 1901 2561 communio?

1076 2579 1230 2611 Prwterea,
1250 2578 1335 2606 faber
1359 2585 1429 2606 cum
1460 2577 1547 2606 fabro
1570 2577 1819 2606 communionem
1843 2577 1898 2610 init,

1076 2625 1166 2659 atque
1180 2623 1237 2650 hoc
1261 2625 1305 2650 est
1329 2622 1564 2658 temperationis,
1592 2621 1855 2657 quemadmodum
1877 2623 1900 2649 et

1075 2667 1148 2695 illud
1159 2667 1307 2704 superius.
1322 2666 1465 2695 Dilierunt
1480 2669 1580 2694 autem
1591 2674 1627 2694 eo
1636 2666 1721 2702 quod
1732 2667 1790 2695 hoc
1800 2669 1899 2695 natura

1074 2712 1217 2750 quaedam
1228 2715 1256 2742 et
1270 2711 1396 2741 eruditio
1419 2712 1561 2748 quaedam
1589 2712 1812 2748 temperaverit,
1832 2710 1898 2740 illud

1075 2765 1147 2788 vero
1165 2765 1264 2794 neque
1288 2757 1325 2788 sit
1347 2759 1473 2793 naturae,
1495 2764 1593 2794 neque
1608 2756 1798 2788 eruditionis.
1820 2756 1897 2787 Nulla
