1967 3080
45 122 122 149 1353

497 119 684 152 THEODORI
697 118 724 152 Π
739 121 809 152 ΙΜΡ.
825 118 870 151 DE
885 117 1112 153 COMMUNIONE
1132 122 1319 155 NATURALI.

1697 124 1768 154 13Βὲ

61 186 126 221 πρὸς
157 183 254 221 φθορὰν
298 185 466 221 συσκινάζει,
507 185 529 212 εἰ
562 188 598 222 μὴ
622 186 777 224 παραλόγως
804 182 864 212 ἀδι-
894 186 918 214 Α
945 189 980 216 πῆ
1001 184 1130 215 διδοῦσα
1154 186 1276 225 δυνάμει,
1291 191 1326 218 πῆ
1356 185 1386 213 δὶ
1411 188 1455 212 καὶ
1485 185 1622 222 ἐντελεχῶς
1650 187 1679 214 οὗ
1708 190 1759 214 πᾶ-

61 233 146 255 κεῐται
173 230 245 265 παρὰ
283 233 333 256 τῶν
375 227 475 257 ἀδικεῖν
506 229 649 259 ἔθελοντων.
691 233 791 261 Φυσικὴ
836 229 865 257 δὶς

61 276 184 300 κοινωνία
207 271 315 301 παιδεία
355 273 405 309 ἀεὶ,
445 276 495 302 εἴτε
520 280 639 313 μερικῶς,
669 277 701 307 ὡς
724 279 779 308 τοῖς
804 277 865 302 τέκ-

61 328 148 354 τοσιν,
175 317 265 348 ἄπιιὸὴ
303 321 347 346 καὶ
385 322 545 358 μιριχωτέρα
584 321 666 348 ἒκιῖσι
712 322 726 351 ἠ
768 322 864 357 φυσικὴ

64 365 174 399 σχέσις,
203 365 252 390 ιῖτι
275 363 428 400 καθολικῶς,
452 365 484 395 ὠς
511 364 607 402 ἀγαθὸς
634 367 785 403 προαιρέσει
813 375 868 392 κοι-

62 412 139 435 νωνεῖ
153 411 227 435 παντὶ
248 407 349 445 ἀγαθῷ·
376 411 454 436 τόῡτο
480 411 530 448 γὰρ
558 409 688 442 παιδείας.
724 410 761 438 Οὔ
793 410 868 447 λέγο-

62 462 111 490 μεν
127 451 157 479 δὲ
172 452 259 489 ὂτιπερ
274 455 302 484 ὅς
327 453 374 480 οὐκ
402 452 458 480 aid:
480 453 603 482 παιδείαν
632 455 661 482 οὐ
685 459 801 482 χοινωνιῖ
829 453 868 487 οἶς

61 501 180 525 κοινωνιί
199 497 355 535 φιλοσόφως,
372 498 425 525 ἀλλ’
454 501 494 526 ὅτι
524 501 537 526 ὁ
562 499 644 531 καλῶς
676 501 796 537 πράττων
825 510 867 537 φι-

60 541 177 580 λοσοφεῖ.
203 546 286 570 Τοῦτο
328 541 358 570 δὲ
381 545 410 570 τὸ
445 544 530 576 καλῶς
562 546 684 583 πράττειν
715 547 759 572 τὸν
789 554 868 583 στρα-

59 590 155 624 τηγόν,
170 588 185 618 ἦ
206 590 250 615 τόν
266 589 394 625 ἄρχοντα,
419 590 492 620 ἦτον
517 593 649 627 τιχνίτην,
677 591 692 621 ἢ
719 593 763 617 τόν
796 590 868 627 φίλον

61 632 216 669 φιλοσοφίας
235 635 280 660 καὶ
303 636 397 670 σοφίας
411 633 477 661 ἔστί·
505 638 589 662 ταῦτα
614 636 664 672 ’γὰρ
699 635 868 672 ἁπηχήματα

60 677 115 704 οἷον
142 681 190 709 τῆς
217 680 323 714 πρώτης
351 677 430 706 ἐστιν.
463 677 584 716 Οὐδεμία
608 681 659 717 γὰρ
687 681 812 717 μάθησις,
847 680 869 707 εὶ

60 724 98 758 μὴ
127 721 156 749 ἔκ
181 724 407 761 προϋπαρχούσης
433 726 563 760 γνώσεως,
586 723 697 762 οὐδεμία
716 723 745 752 δί
771 729 869 762 γνῶσις

63 766 150 803 ἀγαθὴ
176 767 236 805 ἄτερ
258 766 381 800 παιδιίας
414 770 481 800 τινὸς
513 771 615 807 μέρους·
645 772 797 807 πανταχόσε
817 771 868 807 γάρ

64 810 122 838 ἔστι
139 814 185 839 καὶ
207 816 304 848 γνῶσις
325 815 370 840 καὶ
393 812 511 849 παιδεία,
544 815 638 850 ἔχουσι
670 813 699 842 δί
720 814 870 845 ἀλληλένδε-

64 865 108 883 τον
123 858 171 886 τὴν
201 857 236 888 sic;
263 859 296 884 τὰ
320 859 464 896 πράγματα
490 859 647 896 κατάληψιν.
677 862 728 887 Καὶ
751 864 801 887 ποῦ
827 861 871 897 μὶν

66 902 123 928 ἔστι
150 902 184 928 τὰ
221 905 266 933 τῆς
310 901 434 934 παιδείας
474 906 590 939 γνωστὰ,
614 908 665 931 ποῦ
693 903 722 932 δί
750 906 873 941 ἄγνωστα

67 946 120 972 οἷον
135 945 177 972 ὃτι
202 949 362 983 στρατηγίαν
389 957 427 978 τις
455 946 640 985 παιδιυομενος
672 949 802 986 ἀναγκαῖα
829 953 873 978 καὶ

67 989 230 1027 ἄνδεχόμενα
243 994 288 1018 καὶ
301 990 388 1027 ψευδῆ
410 990 564 1019 παιδιύεται
591 996 743 1029 γινώσκειν,
772 998 817 1022 καὶ
842 998 875 1023 τὰ

65 1037 112 1071 μὲν
145 1035 216 1067 ὅπως
241 1035 372 1072 ἄκφιύγιιν
391 1038 424 1063 τὰ
451 1036 481 1064 δὲ
510 1047 647 1074 γινωσκειν
670 1042 714 1066 καὶ
740 1041 862 1078 πράττειν

66 1079 135 1109 ἣότι
167 1082 248 1111 οὕτως
278 1079 319 1107 dli
342 1081 519 1120 πολιορκεῖνῆ
544 1088 710 1121 κατοχυροῦν
740 1071 773 1111 τὰ
800 1071 875 1123 φρούῖ

64 1134 110 1162 ρια
129 1128 176 1151 καὶ
205 1127 271 1152 κατὰ
290 1128 349 1157 τοὺς
379 1126 471 1159 ἄλλους
498 1127 602 1164 λόγους.
626 1132 708 1155 Τοῦτο
737 1126 766 1156 δὲ
796 1139 876 1168 μιρος

66 1168 123 1196 ἰστὶ
149 1170 312 1208 φιλοσοφίας.
341 1171 370 1199 Ἡ
397 1173 447 1210 γὰρ
476 1174 552 1209 φύσις
576 1175 623 1203 τὴν
659 1166 807 1212 ἑπιστήμηέι
829 1166 876 1202 ’δι’

65 1214 126 1242 θον
137 1219 184 1242 τοῦ
202 1216 307 1253 λογικοῦ
321 1217 389 1248 ζὼου
404 1215 547 1255 διέσπειρε,
569 1222 605 1248 πῆ
637 1220 681 1255 μὶν
705 1223 876 1258 τεχνώσασα,

53 1316 134 1346 enim
150 1319 258 1348 natura
268 1321 319 1347 aut
332 1319 458 1349 eruditio
468 1319 581 1357 aliquid
598 1320 637 1349 ad
645 1321 795 1350 interitum
802 1330 885 1351 com-

54 1365 154 1399 parat,
171 1363 232 1392 nisi
250 1364 325 1392 forte
343 1367 451 1401 praeter
468 1365 615 1394 rationem
629 1366 739 1401 injuria
759 1367 887 1396 afﬁcitur

55 1408 95 1436 ab
110 1408 170 1436 illis
187 1408 238 1445 qui
251 1408 390 1444 injuriam
405 1409 512 1438 inferre
542 1410 657 1439 volunt.
674 1413 709 1440 At
717 1411 747 1439 in
757 1412 887 1441 naturali

56 1454 272 1482 communione
288 1462 407 1490 semper
430 1454 506 1483 inest
518 1455 654 1493 eruditio,
671 1456 732 1484 sive
743 1456 774 1485 in
791 1460 885 1494 parte,

56 1503 90 1526 ut
102 1507 174 1527 cum
203 1498 278 1527 fabri
307 1500 382 1528 inter
401 1507 432 1527 se
451 1501 697 1530 communionem
715 1503 889 1531 constiuunt

55 1543 538 1580 (quandoquidemhaecneturalis
546 1545 660 1579 relatio,
673 1554 741 1582 quae
756 1549 801 1575 est
813 1547 888 1576 inter
905 1541 923 1567 ί)

54 1588 171 1622 fabros,
187 1591 231 1617 est
245 1588 409 1625 aliquando
420 1591 516 1625 magis
529 1599 536 1624 ;
549 1591 747 1627 particularis)
763 1592 825 1620 sive
840 1600 888 1628 ge-

53 1633 205 1668 neraliter,
220 1637 252 1662 ut
263 1642 333 1662 cum
353 1634 461 1670 aliquis
476 1634 514 1663 de
541 1635 674 1664 instituto
688 1635 789 1665 bonus
805 1645 887 1665 com-

53 1679 233 1707 munionem
241 1679 392 1708 constituit
400 1687 466 1707 cum
474 1680 644 1709 omnibono
651 1681 807 1718 proboque
814 1682 886 1710 viro.

53 1725 115 1752 Hoc
131 1723 213 1752 enim
223 1723 461 1752 esteruditionis.
472 1725 562 1753 Porro
571 1731 631 1753 non
643 1733 791 1761 negamus
802 1726 888 1755 illum

53 1769 106 1805 qui
121 1776 184 1797 non
193 1771 238 1796 est
246 1768 389 1803 eruditus,
398 1769 577 1805 participare
585 1770 782 1801 eruditionem
793 1780 887 1808 quam

54 1813 219 1850 participat
237 1821 272 1841 ex
287 1812 490 1850 philosophia.
511 1815 574 1843 Imo
585 1815 683 1843 virum
702 1815 785 1844 illum
801 1817 888 1852 cujus

56 1859 192 1888 actiones
210 1857 344 1886 honestas
359 1861 387 1886 et
412 1858 566 1894 praedam
592 1862 661 1887 sunt
680 1859 888 1896 philosophari

57 1904 225 1934 asserimus
243 1911 250 1937 ;
265 1911 337 1931 nam
349 1905 383 1931 ut
395 1903 558 1939 imperator
568 1906 620 1932 aut
632 1904 694 1933 dux
706 1907 759 1933 aut
771 1905 887 1933 amicus

58 1948 165 1978 omnia
176 1956 213 1976 ex
222 1948 328 1976 virtute
337 1950 367 1975 et
376 1947 530 1976 honestate
541 1951 620 1984 agat,
633 1949 763 1985 itemque
771 1950 886 1984 artifex,

57 1994 137 2022 istuc
152 1992 352 2030 philosophiae
366 1995 394 2020 et
407 1992 558 2029 sapientiae
569 1995 615 2021 est
631 2001 637 2021 τ
651 1993 715 2022 haec
723 1994 802 2022 enim
819 1997 888 2023 sunt

58 2038 151 2067 veluti
166 2037 273 2073 prima:
288 2036 441 2073 sapientiae
457 2038 599 2073 quaedam
613 2038 713 2066 relatae
729 2038 887 2073 imagines.

59 2082 148 2111 Nulla
158 2083 240 2110 enim
251 2081 394 2118 diciplina
416 2084 472 2116 est,
500 2090 569 2118 qun-2
579 2090 641 2111 non
654 2091 690 2111 ex
702 2083 889 2119 praecedente

60 2127 233 2163 cognitione
242 2126 375 2154 exsistat.
385 2126 486 2159 Porro,
495 2126 577 2154 nulla
587 2127 717 2163 cognitio
727 2127 810 2155 bona
820 2135 888 2164 quia

60 2172 98 2201 sit
108 2171 237 2206 alicujus
248 2170 422 2199 eruditionis
436 2179 542 2207 expers
559 2180 566 2205 ;
583 2179 654 2199 nam
670 2172 758 2207 longe
770 2172 890 2208 lateque

948 240 1005 267 σαν,
1021 231 1085 259 ἀλλὰ
1103 235 1190 271 μέρος,
1206 233 1272 264 πλὴν
1295 232 1320 264 ἐξ
1346 231 1407 262 ὁλης
1432 231 1477 257 καὶ
1499 234 1584 260 τοῦτο.
1611 234 1663 258 Κάν
1687 235 1753 267 γοῦν

946 279 991 303 καὶ
1006 277 1018 303 ὁ
1035 280 1184 316 στρατηγὸς
1205 277 1252 305 οὐκ
1279 276 1336 304 οἶδε
1349 279 1395 306 τὴν
1422 277 1579 313 ἐπιστήμην,
1608 275 1661 303 ἀλλ’
1684 278 1753 314 ς’ἱπιρ

946 323 1015 348 κατὰ
1035 324 1094 353 τοὺς
1135 321 1237 354 ἀληθεῖς
1276 323 1385 361 πράττει
1408 323 1515 357 τύπους,
1551 320 1684 358 φιλοσοφεῖ
1708 321 1756 347 κᾶν

948 366 1168 403 ἀγνώστως’ἓο“τι
1196 366 1226 394 δὲ
1251 371 1328 394 τοῦτο
1364 367 1513 403 θῦμοσόφου
1540 363 1648 403 ἀνδρὸς,
1679 365 1757 392 αὐτό·

949 416 1020 448 φυῶς
1046 414 1075 439 τὸ
1100 412 1177 440 καλὸν
1203 412 1316 448 κὰγαθὸν
1346 412 1528 448 γινώσκοντος,
1557 410 1625 440 πλὴν
1657 408 1687 436 δὲ
1710 412 1755 436 καὶ

949 455 1103 494 ἆκούσματά
1131 467 1191 484 τινα
1229 459 1352 494 σχόντος,
1380 453 1482 486 ἀδήλως
1507 456 1552 492 μὲν
1577 455 1610 486 εἰς
1633 456 1676 481 τὸν
1698 458 1757 490 νοῦν

948 501 1104 529 εἰσιλθόντα.
1126 502 1261 538 Πιφὺκασι
1284 501 1335 538 ’γάρ
1364 510 1423 527 τινα
1452 499 1620 536 ιὶσέρχισθαι
1648 498 1758 535 φιλοσο.

949 549 1009 584 φίας
1033 547 1068 578 εἰς
1091 548 1135 574 τὸν
1157 550 1216 573 votis
1241 546 1328 582 λόγια,
1355 545 1481 581 λεγόμενα
1506 545 1552 581 μὲν
1581 546 1613 575 ὡς
1639 545 1756 586 τύχοιεν,

949 589 1081 628 διχομινα
1110 589 1140 618 δὲ
1166 590 1214 617 κᾶν
1239 589 1364 626 ἀτέχνως,
1392 589 1457 616 ἂλλά
1479 590 1580 625 φύσεως
1609 588 1759 626 ςὶλιιιρινιίᾳ

950 640 1073 672 φυσικῶς.
1101 637 1222 667 Δικτικὸς
1249 636 1301 672 γάρ
1319 634 1332 661 ὀ
1359 637 1429 668 νοῦς,
1460 633 1507 660 κᾶν
1536 632 1566 659 οὗ
1590 635 1657 670 πρὸς
1680 632 1759 659 αὐτὸν

949 681 1045 717 ἕχοντοὶ
1059 691 1099 713 τις
1111 683 1202 708 τοῦτον
1224 690 1247 707 τι
1280 680 1354 716 λίγῃ.
1385 681 1438 708 Τὴν
1469 680 1583 715 φυσικὴν
1611 681 1675 714 γοῦν
1700 687 1760 704 κοι-

949 728 1041 752 νωνίαν
1060 728 1106 753 καὶ
1143 723 1253 753 παιδεία
1292 724 1322 751 οὐ
1349 723 1457 750 λέλοιπυ
1499 725 1545 752 τὴν
1571 723 1638 749 κατά
1665 725 1759 760 κρᾶσιν

952 769 990 806 δὲ,
1019 771 1060 798 ὁτὲ
1083 772 1128 807 μιν
1156 771 1198 797 ὁτέ
1226 768 1250 796 δ’
1281 769 1322 799 οὗ,
1344 766 1466 796 Κοινωνιῖ
1490 769 1535 804 μιν
1548 767 1593 794 οὖν
1607 770 1659 797 πᾶς
1682 766 1761 794 παντὶ

952 820 1069 852 φυσικῶς
1099 825 1126 842 τι
1162 817 1207 842 καὶ
1233 815 1302 841 κατά
1333 816 1437 852 κρᾶσιν.
1467 811 1545 840 Ἔστι
1570 810 1599 839 δὲ
1623 814 1669 838 καὶ
1697 811 1761 838 ὃπου

952 862 1019 887 κατ-ά
1057 863 1162 897 κρᾶσιν,
1204 862 1250 886 καί
1281 868 1308 886 τι
1341 859 1498 894 καταφύσιν,
1531 857 1576 883 καὶ
1605 856 1669 884 ὃπου
1695 857 1762 883 κατά

954 907 1032 943 φύσιν
1048 907 1093 932 καί
1119 914 1146 931 τι
1168 905 1236 931 κατά
1257 907 1362 941 κρᾶσιν,
1400 903 1557 939 Εὑρίσκεται
1586 899 1616 928 δὲ
1643 905 1686 928 ῡτι
1716 904 1762 928 τοῦ

954 950 1049 987 μᾶλλον
1075 951 1254 987 φυτικωτὶραν
1293 950 1398 985 ἔχοντος
1429 950 1475 977 τὴν
1511 949 1645 974 κοινωνίαν
1669 948 1714 973 καὶ
1736 947 1760 975 ηηή

956 995 1049 1022 ἐνοῦσα
1074 998 1170 1032 κρᾶσις
1201 994 1271 1029 αὐτῷ
1305 992 1418 1028 ὒιλογος,
1446 995 1493 1018 τοῦ
1518 989 1547 1018 δὴ
1578 992 1644 1017 κατά
1668 993 1762 1028 κρᾶσιν

956 1041 1051 1078 μᾶλλον
1065 1043 1111 1066 καὶ
1127 1038 1228 1076 filo-35a
1246 1038 1328 1065 ἐκεῖσε
1342 1048 1383 1069 τις
1412 1039 1509 1074 φυσικὴ
1540 1034 1652 1073 δύναμις
1672 1034 1762 1062 διαλε-

956 1085 1051 1122 λυμένη
1083 1084 1139 1111 ἐστὶ
1172 1086 1217 1110 καὶ
1251 1082 1419 1121 ἀλλοῤῥιπὴςι
1442 1084 1487 1108 καὶ
1519 1080 1594 1107 τοῦτο
1621 1082 1761 1117 γνώριμον.

958 1130 1053 1158 Ταῦτα
1099 1128 1128 1156 δὲ
1177 1127 1280 1155 δέονται
1329 1127 1416 1164 ἐτέρας
1473 1124 1653 1162 διασφησιως,
1696 1125 1763 1151 ὥστε

959 1174 1044 1207 δεῖξαι
1067 1173 1118 1202 κάκ
1142 1175 1247 1207 ταύτης,
1281 1177 1334 1204 πῶς
1358 1174 1414 1199 ἔστι
1442 1173 1471 1198 τὸ
1499 1174 1624 1208 κρεῖττον·
1653 1171 1709 1196 ἔστι
1733 1167 1763 1196 δι

959 1222 1036 1250 αὕτη.

1576 1260 1624 1301 λιιι

939 1324 995 1353 tim
1010 1322 1100 1351 etiam
1110 1321 1139 1350 vi
1151 1323 1179 1350 ot
1192 1321 1339 1358 potestate
1364 1318 1491 1354 dederit,
1523 1318 1549 1347 si
1563 1311 1625 1347 non
1637 1315 1775 1346 absolute

940 1369 1125 1400 universum,
1137 1369 1169 1395 at
1184 1368 1261 1394 certe
1279 1364 1546 1402 partemaliquam,
1567 1371 1635 1400 quae
1651 1362 1776 1399 quidem

940 1421 1012 1451 pars
1024 1413 1062 1441 de
1074 1415 1135 1441 tota
1149 1411 1250 1440 excisa
1262 1413 1316 1439 est.
1348 1409 1491 1443 Quamvis
1517 1409 1607 1444 igitur
1619 1408 1683 1436 dux
1691 1415 1775 1436 exer-

942 1458 1017 1487 citus
1034 1456 1190 1486 scientiam
1215 1456 1341 1491 ignoret,
1363 1456 1573 1482 verumtamen
1589 1461 1626 1482 ex
1641 1452 1718 1480 veris
1730 1452 1774 1483 in-

942 1501 1172 1532 formationibus
1199 1508 1293 1535 agens
1318 1499 1558 1536 philosophatur,
1586 1496 1713 1528 etiamsi,
1742 1498 1775 1525 ut

942 1548 1014 1582 dixi,
1028 1546 1156 1575 nescius.
1174 1547 1223 1574 Est
1248 1547 1350 1573 autem
1364 1544 1423 1572 hoc
1449 1542 1505 1572 viri
1527 1541 1701 1579 philosophi
1720 1541 1773 1578 qui

943 1600 998 1621 sua
1011 1594 1118 1628 sponte
1132 1590 1214 1627 quod
1225 1590 1386 1618 honestum
1395 1588 1544 1616 etbonum
1555 1586 1772 1621 estcognOScit.

942 1639 1000 1666 Nec
1019 1636 1083 1665 ﬁeri
1099 1644 1190 1672 posse
1203 1642 1351 1670 negamus
1366 1636 1398 1662 ut
1410 1632 1552 1670 quaedam
1569 1631 1720 1660 auditione
1732 1631 1773 1661 ita

942 1681 1107 1719 perceperit
1121 1680 1228 1716 aliquis
1241 1682 1273 1708 ut
1298 1679 1348 1708 vix
1374 1678 1405 1707 in
1438 1677 1575 1707 animum
1594 1684 1684 1705 suum
1700 1676 1772 1703 irre-

942 1727 1040 1763 psisse
1050 1726 1100 1754 ilia
1111 1724 1305 1762 persenserit;
1316 1725 1446 1760 possunt
1457 1723 1538 1753 enim
1548 1721 1691 1759 quaedam
1706 1719 1771 1757 phi-

941 1771 1098 1807 losophica
1125 1771 1276 1805 praecepta
1308 1768 1339 1796 in
1382 1770 1514 1796 mentem
1547 1765 1680 1798 inﬂuere,
1701 1772 1770 1801 quae

942 1818 1052 1844 temere
1062 1814 1185 1851 quidem
1200 1813 1350 1850 abaliquo
1364 1812 1559 1849 pronuntiata
1574 1813 1653 1844 sunt,
1671 1809 1771 1841 sedah

942 1861 1080 1890 audiente
1100 1858 1217 1888 etiamsi
1228 1866 1291 1888 non
1305 1858 1343 1886 de
1358 1856 1507 1886 industria
1514 1858 1544 1884 at
1553 1857 1668 1884 naturae
1682 1854 1770 1883 boni-

942 1908 1000 1934 tate
1015 1907 1153 1940 suscepta
1165 1905 1249 1937 sunt;
1263 1910 1335 1931 nam
1350 1909 1386 1930 ex
1401 1903 1511 1929 natura
1526 1907 1613 1929 mens
1624 1898 1771 1935 quidlibet

942 1950 1092 1986 suscipere
1112 1950 1218 1985 potest,
1230 1947 1369 1983 quamvis
1383 1954 1450 1982 quae
1468 1944 1701 1982 pronuntiantur
1713 1952 1768 1972 au-

942 1992 1278 2029 dientisetsuscipientis
1284 1999 1373 2020 causa
1379 1999 1440 2019 non
1447 1991 1594 2018 dicantur.
1603 1989 1769 2018 Naturalem

942 2048 1014 2075 ergo
1034 2037 1279 2067 communionem
1296 2035 1423 2064 eruditio
1442 2043 1504 2064 non
1523 2034 1664 2063 deseruit.
1685 2035 1770 2065 Com—

943 2084 1119 2112 munionem
1129 2091 1200 2111 vero
1225 2081 1318 2115 illam,
1343 2088 1411 2117 quae
1436 2082 1530 2109 estex
1554 2079 1769 2115 temperatione

943 2128 1093 2158 interdum
1121 2127 1255 2164 quidem,
1280 2125 1430 2154 interdum
1449 2132 1518 2152 vero
1537 2132 1600 2152 non
1609 2123 1744 2154 .deseruit
1760 2130 1768 2157 ;

943 2181 1016 2201 nam
1046 2179 1152 2200 omnes
1181 2169 1406 2199 communicant
1433 2168 1510 2196 inter
1535 2176 1565 2196 se
1594 2175 1631 2196 ex
1661 2170 1770 2196 natura

61 2224 116 2254 per
139 2216 243 2245 omnia
269 2215 398 2250 cognitio
418 2218 447 2244 et
471 2216 597 2244 eruditio
621 2217 840 2246 diffunduntur.
857 2219 891 2246 Et
908 2221 928 2248 D
945 2221 973 2246 et
984 2217 1209 2253 temperatione.
1233 2216 1324 2243 Porro
1337 2222 1394 2242 usu
1427 2213 1509 2242 venit
1520 2213 1682 2247 interdum,
1696 2211 1770 2240 utin

61 2269 207 2291 connexa:
220 2262 291 2288 sunt
305 2260 381 2288 inter
391 2269 422 2288 se
445 2268 546 2288 rerum
557 2261 790 2298 cognitionesac
809 2270 889 2290 com<

60 2305 335 2344 prehensiones.Ac
343 2305 373 2333 in
382 2305 567 2341 quidusdam
578 2305 669 2334 rebus
681 2307 821 2342 cognosci
836 2315 889 2343 po-

61 2354 133 2380 sunt
142 2350 228 2379 facile
236 2349 358 2386 illaque:
368 2352 437 2378 sunt
444 2350 628 2386 eruditionis,
635 2354 739 2379 contra
749 2359 890 2380 nonnun-

61 2404 158 2434 quam
170 2395 311 2430 cognosci
321 2398 489 2431 nequeunt:
497 2398 529 2423 ut
538 2395 561 2423 si
569 2395 637 2432 quis
645 2396 779 2425 eruditur
788 2397 818 2425 in
827 2400 889 2426 arte

61 2441 194 2470 ducendi
200 2441 373 2472 exercitum,
380 2440 421 2468 ita
427 2440 560 2468 eruditur
566 2443 597 2469 ut
605 2441 889 2477 discatnecessaria,

61 2489 91 2515 et
101 2486 151 2514 illa
165 2493 234 2522 quae
246 2492 304 2512 usu
317 2485 418 2512 venire
429 2487 564 2520 possunt,
581 2485 717 2522 adeoque
734 2494 802 2523 quae
813 2486 890 2515 falsa

61 2533 133 2559 sunt
143 2531 174 2559 in
185 2530 241 2558 hac
251 2528 418 2565 disciplina,
429 2529 492 2557 haec
502 2529 625 2566 quidem
635 2532 666 2558 ut
674 2530 754 2564 vitet,
764 2531 813 2559 illa
819 2539 890 2559 vero

63 2579 97 2605 ut
108 2576 273 2611 cognoscat
293 2576 321 2602 et
341 2576 522 2610 exsequatur
535 2583 544 2610 ;
567 2575 689 2611 utquod
707 2576 891 2612 oporteatita

62 2621 205 2650 obsidere
212 2619 311 2653 urbes,
324 2621 376 2647 aut
385 2619 614 2656 propugnacula
622 2620 739 2648 munire
750 2623 778 2649 et
785 2623 892 2650 uetera

64 2674 101 2695 ex
115 2665 225 2694 iisdem
238 2664 416 2693 rationibus.
432 2665 492 2692 Hoc
511 2667 611 2693 autem
622 2666 661 2693 ad
670 2665 892 2702 philosophiam

65 2714 177 2748 utpars
209 2709 343 2739 refertur.
373 2710 449 2738 Nam
473 2712 581 2738 natura
612 2710 768 2739 scientiam
781 2711 812 2739 in
832 2713 892 2740 toto

66 2755 192 2786 animali
203 2754 326 2783 rationis
342 2755 485 2791 participe
495 2755 712 2791 disseminavit,
728 2756 769 2785 ita
782 2758 813 2784 ut
827 2764 895 2792 par-

67 2802 120 2831 tim
148 2799 305 2830 scientiam
350 2799 382 2828 in
417 2799 539 2828 homine
569 2799 715 2831 fabricata
739 2801 785 2835 sit,
822 2809 894 2838 par-

275 2850 399 2880 PATROL.
418 2850 472 2880 GR.
487 2850 564 2880 CXL.

944 2262 1055 2299 quibus
1079 2260 1254 2297 temperatio
1278 2259 1445 2296 superiores
1456 2260 1555 2294 partes
1566 2257 1725 2289 etohtinet,
1738 2256 1770 2285 in

944 2308 1000 2336 illis
1020 2307 1104 2334 locus
1121 2306 1228 2342 aliquis
1244 2307 1360 2333 natura;
1374 2303 1559 2340 relinquatur
1574 2305 1603 2330 et
1614 2302 1644 2330 in
1658 2301 1770 2339 quibus

945 2351 1112 2388 superiores
1136 2353 1235 2386 partes
1252 2350 1365 2378 obtinet
1379 2351 1496 2381 natura,
1516 2347 1547 2375 in
1572 2346 1628 2375 illis
1647 2354 1770 2382 quoque

945 2395 1153 2432 temperationi
1167 2394 1251 2422 locus
1266 2394 1373 2430 aliquis
1388 2393 1697 2428 relinquatur.Verum
1708 2399 1769 2426 quo

944 2441 1013 2478 quis
1021 2439 1118 2475 magis
1128 2438 1294 2467 naturalem
1304 2436 1655 2468 habetcommunionem,
1663 2443 1699 2463 eo
1708 2443 1770 2463 ine-

944 2485 1002 2514 lius
1014 2484 1205 2513 constitutam
1217 2485 1246 2510 et
1261 2484 1464 2518 compositam
1478 2481 1569 2510 habet
1583 2480 1771 2516 temperatio-

944 2526 1309 2564 nem.Coutra,quomagis
1325 2534 1362 2554 ex
1381 2526 1589 2563 temperatione
1603 2523 1771 2553 communio

946 2577 1064 2605 constat
1077 2582 1113 2602 co
1123 2572 1220 2608 magis
1231 2571 1277 2600 vis
1294 2571 1438 2600 naturalis
1452 2574 1541 2607 atque
1560 2569 1696 2605 facultas,
1710 2576 1773 2605 qua

946 2620 1084 2658 praeditta
1103 2621 1157 2651 est,
1170 2616 1319 2646 imbecilla.
1337 2618 1366 2644 et
1378 2616 1417 2644 ad
1434 2615 1527 2649 aliud,
1541 2623 1635 2653 quam
1647 2623 1701 2652 par
1717 2617 1772 2648 est,

948 2664 1087 2703 proclivis
1102 2666 1155 2697 est,
1171 2662 1254 2699 quod
1269 2661 1360 2690 etiam
1378 2663 1486 2688 notum
1501 2663 1555 2688 est.
1573 2661 1630 2689 Sed
1639 2660 1704 2690 hinc
1714 2660 1774 2688 alia

947 2709 1147 2739 declarations
1161 2715 1238 2744 opus
1244 2705 1357 2734 habent
1367 2707 1400 2733 ut
1409 2705 1605 2733 ostendamus
1611 2705 1701 2733 etiam
1712 2712 1774 2741 quo

949 2757 1036 2793 pacto
1071 2762 1108 2782 ex
1120 2752 1187 2789 ;hac
1214 2750 1427 2780 communione
1446 2749 1644 2778 constituatur
1661 2749 1776 2786 aliquid

948 2799 1148 2838 praestantius.
1169 2795 1334 2828 Declaratio
1353 2797 1455 2826 autem
1472 2794 1539 2824 haec
1557 2795 1614 2823 est.

1509 2844 1558 2874 43.
