1967 3080
198 114 267 144 ηδε

966 115 1083 147 ADDBN
1088 119 1143 146 DA.

1847 119 1909 146 1256
1941 119 1942 132 ³

241 177 263 209 ζ’
291 177 459 214 Ἀλέξανδρος
483 181 529 215 μὶν
565 180 739 217 Ἀριστοτελει
765 187 890 217 κοινωνεῖ,
917 184 1007 219 Ἐρμο-
1037 181 1060 207 Α
1088 184 1134 207 καὶ
1148 182 1215 207 κατὰ
1230 183 1317 217 φύσιν,
1339 179 1428 210 ἐπειδὴ
1456 182 1497 207 ὃτι
1527 184 1572 207 καὶ
1600 183 1624 208 οἱ
1647 183 1741 213 πάντες
1774 181 1897 212 narraris;

203 224 271 258 γένει
303 221 333 249 δὲ
370 224 488 261 Μάρκος·
527 223 667 263 ἀμφότεροι
703 231 765 263 γοῦν
804 228 923 264 βασιλεῖς
962 229 1007 253 καὶ

205 269 292 303 σοφοὶ,
317 270 361 293 καὶ
391 268 416 294 οἰ
455 267 534 303 φίλοι,
561 268 682 301 παιδείας
712 275 814 307 μεστοὶ,
852 271 1007 309 διαφέρουσι

204 309 236 338 δέ
247 321 286 347 γε·
305 310 403 342 Μηδεὶς
428 310 458 339 δε
472 312 594 344 ἀπατηθῆ
628 317 665 351 μὴ
687 315 808 347 παιδείας
828 317 916 353 φῡους
943 317 1006 342 εἶναι

203 357 264 387 τοὺς
276 354 405 392 βασιλεῖς,
421 357 469 382 κᾶν
500 358 514 383 ὅ
537 359 582 394 μὶν
609 363 658 390 τῆς
690 359 847 398 ἀκροτάτης,
871 362 884 387 ὁ
908 359 938 387 δε
960 365 1006 391 τῆς

203 399 268 426 πολὺ
293 401 390 431 ταύτης
413 399 622 439 ὑποδεεστίρας·
651 403 703 431 εἰσὶ
736 407 786 443 γάρ
819 407 896 442 ἄμφω
936 405 1006 442 φιλο-

203 443 275 481 λόγοι
300 444 506 482 καὶφιλολόγιοι.
533 449 701 483 προσκείσθω
730 447 760 476 δε
787 453 832 476 καὶ
856 452 886 476 τὸ
907 449 1004 486 λόγιον

204 489 277 525 εἶχον
302 490 352 527 γάρ
393 492 438 517 καὶ
467 494 545 517 τοῦτο
570 494 638 518 κατά
663 493 728 519 πολὺ
750 496 817 523 αὕτη
845 495 860 524 ἠ
885 496 1007 520 κὸινωνία

204 536 313 570 φυσικὴ,
342 535 400 570 ἔχει
415 533 446 561 δε
469 537 499 561 τὸ
522 538 666 572 κρεῖττονή
696 540 796 569 ταύτης
815 538 929 576 διαφορά
956 538 1006 570 κάξ

203 579 346 610 latrinae
363 582 409 606 καὶ
432 583 479 606 τοῦ
507 579 633 617 ἕτεροὶου.’
663 582 694 609 ⁷ο
721 585 766 619 μεν
792 585 842 620 γάρ
870 584 1006 620 φιλόσοφος

202 626 248 650 καὶ
258 623 345 661 ῥήτωρ
359 625 405 650 και
413 627 464 650 πᾶν
475 624 546 658 ἄλλο,
563 626 576 652 ὁ
602 624 633 652 δε
655 627 743 665 ῥήτωρ
770 630 814 654 καὶ
846 628 1005 665 πολνὶστωρ.

203 667 340 699 Ἐπιτασις
349 671 413 704 γοῦν
437 668 462 694 ἂν
486 673 523 704 τῷ
552 669 600 702 ἐνὶ,
621 670 703 697 πολλά
728 674 794 710 μέρη
813 673 833 698 ὢ
857 675 901 699 καὶ
922 674 1008 699 πάντα

201 712 301 748 ἕχοντι,
315 715 361 739 καὶ
379 716 432 739 οῖον
453 715 501 742 τὴν
523 713 584 743 ὅλην
609 718 740 746 ποιότητα
754 738 761 752 ,
792 716 935 754 ἕτεροιότης
965 716 1005 750 δε,

201 755 242 782 ὅτε
255 759 301 783 καὶ
314 757 347 783 τά
357 758 422 793 μέρη
433 756 524 784 ἀλλοῖα
538 758 601 785 ὂντὰ
624 760 680 796 ἔχει
701 764 865 797 συναγαγὼν,
891 762 1008 798 ὑπάρχει

202 798 232 827 δί
257 803 303 827 καὶ
337 799 507 838 Ἀλεξάνδρου
542 803 674 840 ὑπηρεσία
694 807 739 831 καὶ
767 804 891 842 βασιλεία
902 805 1009 843 ῥήτορες

199 847 246 889 καλ
258 846 368 882 Μάρκοῡ
383 846 529 884 φιλόσοφοι.
544 848 607 886 Ἐρα
633 847 663 875 δε
690 850 703 875 ὀ
723 851 767 885 μὶν
797 849 1005 889 Ἀριστοτέλουῇ
1037 856 1057 883 Β

199 889 213 917 6
229 888 259 917 δί
286 891 456 928 Ἑρμογένους
476 891 572 928 ἀγαθοὶ
603 897 666 929 γοῦν
690 895 796 926 πάντες.
824 898 902 931 Ἔχει
931 894 961 922 δί
989 888 1004 925 ἦ

200 935 326 972 ἀναλογία
352 937 388 968 εἰς
424 937 516 968 αὖτοὺς
553 939 649 969 πολλὴν
689 942 735 969 τὴν
777 941 868 976 ἰσχύν·
894 943 928 972 ὡς
954 942 1005 978 γάρ

200 980 338 1017 φιλοσοφία
363 982 502 1020 ῥητορικῇ,
544 983 690 1020 Ἐρμογὶνει
736 984 929 1022 Ἀριστοτελης,
973 987 1006 1016 ὡς

200 1023 226 1051 δ’
253 1025 397 1062 Ἑρμογένει
441 1027 634 1064 Ἀριστοτιλης,
684 1028 853 1066 Ἀλεξανδρος
895 1031 1003 1068 Μάρκῳ-

199 1071 235 1100 ὡς
261 1070 313 1107 ἄρα
341 1070 481 1108 φιλοσοφία
510 1072 650 1109 ῥητορικῇ,
688 1072 858 1110 Ἀλέξανδρος
891 1076 1004 1110 Μάρκῳ,

199 1114 336 1151 Ἐστιμὶν
363 1115 407 1142 οὖν
435 1116 451 1145 ἠ
481 1114 596 1153 διαφορὰ
623 1117 670 1143 οὐκ
700 1117 787 1149 ἄλλοις
820 1117 917 1153 λόγοις,
947 1118 1004 1144 ἄλλ’

199 1159 321 1192 ἀλλοίοις,
350 1158 441 1190 ἕπειδὴ
468 1163 576 1192 ποιότης
615 1164 654 1192 τίς
675 1161 746 1188 ἐστιν
772 1163 788 1192 ἦ
817 1163 928 1189 καθόλου
950 1163 1004 1190 ἄπι-

201 1206 301 1240 στήμη.
320 1203 350 1230 Ἦ
370 1208 431 1240 γοῦν
459 1204 581 1236 ἓπίτασις
607 1208 651 1232 καὶ
680 1207 767 1238 ἄνεσις
794 1208 823 1233 τὸ
851 1211 1002 1245 τιμιὼτερον

199 1248 280 1284 ἔφιρε,
314 1249 405 1278 πάντες
438 1247 467 1275 δε
494 1259 539 1276 και
571 1253 656 1276 πᾶσαι
683 1251 875 1287 καλοκαγαθίας
896 1255 1000 1288 μεσταί.

198 1291 275 1319 Ἐστι
290 1290 320 1322 δὴ
341 1294 443 1324 τούτοις
470 1294 486 1323 ἡ
515 1297 636 1321 κοινωνία
667 1297 711 1322 καὶ
737 1297 805 1322 κατὰ
827 1300 921 1333 κρᾶσιν
949 1296 1001 1324 οἷον

220 1365 249 1391 7.
264 1363 430 1392 Alexander
443 1364 567 1401 quidem
577 1373 647 1393 cum
660 1367 814 1395 Aristotele
825 1368 1012 1396 communio-

185 1416 256 1436 nem
267 1409 430 1444 constituit,
441 1412 469 1437 et
483 1418 553 1438 cum
564 1411 748 1446 Hermogene
766 1413 880 1440 Marcus
894 1421 902 1446 ;
919 1413 1011 1440 ambo

1088 226 1210 263 ὑπῆρχον
1221 230 1310 257 κοινῶς
1336 227 1376 252 ὅτι
1399 224 1429 252 δί
1451 228 1496 251 καὶ
1524 230 1572 257 τῆς
1594 229 1738 263 κρείττονος
1761 229 1809 253 καὶ
1839 228 1898 253 ὅσον

1087 274 1135 300 τῆς
1164 273 1308 307 κρείττονος
1349 273 1394 296 καὶ
1427 279 1616 306 φυσικωτερας.
1645 270 1773 308 ’Υπάρχει
1799 269 1833 297 δὲ
1857 276 1899 296 καὶ

1086 317 1155 350 Τίτῳ
1176 315 1345 344 ’Λπολλώνιος
1375 315 1456 350 φίλος,
1487 314 1638 351 Ίάμϐλιχος
1666 318 1711 341 καὶ
1735 318 1897 351 Πορφύριοςτ

1086 361 1173 395 Νέρων
1199 358 1228 385 δὲ
1265 362 1310 385 καὶ
1335 359 1479 396 αὐλητῆρις
1518 362 1562 385 καὶ
1587 358 1735 395 ώλὴτριαι.
1774 363 1827 386 Καὶ
1863 360 1900 386 ὁτι
1941 358 1942 361 ¹

1086 405 1130 439 μὲν
1143 406 1188 429 καὶ
1202 404 1217 432 ἡ
1234 403 1284 429 τῶν
1312 402 1413 441 ἀνδρῶν
1440 403 1581 440 φιλοσοφία
1603 408 1652 435 τῆς
1679 405 1790 440 φύσεως,
1823 406 1898 433 καὶὴ

1086 447 1232 484 ἔμπνευστὴ
1261 450 1342 484 τέχνη
1385 452 1434 479 τῆς
1464 449 1563 484 φύσεῶς
1586 448 1652 476 ἔστι.
1683 449 1842 484 Παράλογον
1872 447 1899 475 δε

1086 493 1178 524 ὀλικῶς
1203 497 1331 519 κοινωνεῖν
1370 494 1414 518 τόν
1437 493 1568 530 ἄρχονται
1594 496 1652 523 ταῖς
1674 491 1766 528 ᾠδαῖς·
1797 493 1897 520 ἕιλελν.

1085 539 1163 574 μένης
1193 538 1244 575 γὰρ
1275 541 1351 564 τοῦτο
1390 539 1435 563 καὶ
1463 536 1664 574 ὲκτεϐηλυμάνης
1703 537 1761 564 ἰστὶ
1788 538 1896 574 ψυχῆς-

1086 581 1175 618 φίλους
1191 580 1216 608 δ’
1232 583 1301 618 ἔχειν
1321 585 1382 612 τοῦς
1412 581 1536 618 βασιλέας
1565 584 1669 617 σοφοὺς,
1700 583 1827 618 ἄριστον.
1855 582 1896 611 Ὠ,

1085 630 1147 662 γοῦν
1174 627 1208 652 τὰ
1249 624 1351 663 ἀνδρῶν
1391 626 1451 655 τέλη
1488 628 1553 663 πρός
1589 628 1624 652 τὰ
1659 631 1710 652 τῶν
1746 626 1897 663 αὑλητριῶν

1085 673 1131 696 καὶ
1155 671 1318 707 αὐλητήρων,
1348 670 1430 701 οὕτως
1455 673 1501 696 καὶ
1530 669 1606 697 οὗτοι
1629 672 1692 708 πρὸς
1721 672 1834 702 ταύτας·
1867 673 1897 701 ὡς

1088 713 1118 741 δὲ
1134 713 1206 742 οὗτοι
1220 718 1286 753 πρὸς
1306 716 1413 750 ταύτας,
1433 717 1479 741 καὶ
1502 716 1602 746 Τῖτοςό
1631 719 1682 741 τῶν
1709 719 1799 751 σοφῶν
1826 715 1897 752 eo»;

1087 761 1151 796 πρὸς
1163 762 1207 786 τόν
1219 761 1433 796 γυναικωνιταὸν
1461 762 1575 796 Νέρωνα.
1602 759 1645 790 Ὠς
1672 760 1725 796 ἄρα
1751 760 1895 796 φιλοσοφία

1089 814 1152 841 προς
1178 805 1210 831 τὰ
1246 809 1294 835 τῆς
1321 808 1452 840 μουσικῆς
1489 803 1679 840 ἁποπτώματα,
1717 804 1791 830 οὕτω
1819 808 1863 831 καὶ
1885 805 1897 830 ὁ

1089 851 1165 885 σοφὸς
1184 852 1261 880 Τῖτος
1292 851 1357 886 πρὸς
1381 850 1425 875 τὸν
1454 849 1565 885 ἄσεμνον
1589 852 1706 885 Νερωνα.
1734 851 1807 875 Φασὶ
1833 859 1897 880 τινες

1087 892 1118 920 δέ
1143 903 1206 920 ποτε
1233 897 1309 920 Τῖτον
1346 892 1468 926 όαοῦσαι,
1511 891 1590 919 τοῦδε
1635 895 1695 924 τοὺς
1738 893 1897 929 φιλοσόφους

1087 938 1214 964 ἵστασθαι
1239 940 1298 974 περὶ
1329 938 1373 967 τὰς
1400 937 1483 968 πύλας
1505 937 1584 963 αὐτοῦ
1612 939 1692 968 οὔσας
1719 937 1895 974 ἕσαλισμένας

1087 981 1240 1018 βασιλικῶς.
1266 985 1310 1008 καὶ
1336 983 1423 1018 φάναι·
1449 983 1481 1008 Δὶ
1506 981 1566 1017 ἐμαὶ
1598 983 1676 1018 θύραι
1703 985 1774 1008 πᾶσι
1805 987 1894 1018 σοφοῖς

1086 1027 1315 1064 ἀνεῳγμεναιείσὶ,
1341 1031 1387 1053 τοῦ
1411 1027 1465 1057 ενός
1491 1029 1550 1063 περὶ
1575 1031 1625 1052 τῶν
1647 1025 1696 1053 δύο
1724 1027 1813 1053 αὐτῶν
1842 1037 1891 1063 μη-

1084 1074 1210 1102 νύσαντος
1233 1074 1278 1098 καὶ
1318 1071 1439 1098 εἰσελθεῖν
1493 1071 1587 1102 αὐτοὺς
1628 1071 1650 1097 εἰ
1681 1071 1794 1108 ἀρεστόν
1822 1071 1890 1106 αὐτῴ

1084 1116 1268 1152 ἔρῳτήσαντος.
1298 1118 1384 1153 Νέρων
1413 1113 1443 1142 δὲ
1476 1118 1630 1152 στεφόμενος
1656 1113 1773 1146 ἀναιδῶς
1796 1115 1840 1142 ἐπὶ
1862 1118 1890 1141 τό

1085 1161 1190 1196 θέατρον
1216 1160 1333 1196 ἀσέμνως
1365 1159 1459 1195 ελήριι.
1497 1159 1528 1186 Δί
1561 1164 1612 1186 τῶν
1652 1160 1711 1186 κατ’
1737 1159 1890 1195 ἐπιστήμην

1083 1208 1214 1231 κοινωνίαι
1242 1207 1286 1231 καὶ
1323 1205 1375 1230 οἷον
1414 1207 1599 1241 φυσικώτεραι·
1656 1205 1698 1241 ἄρ’
1743 1202 1789 1230 οὖν
1825 1204 1889 1230 πολύ

1082 1252 1235 1286 τιμιώτεραι
1247 1252 1292 1275 καὶ
1305 1251 1435 1286 κρείττους
1465 1253 1514 1274 τῶν
1538 1250 1606 1274 κατὰ
1630 1252 1724 1284 κρᾶσιν
1752 1251 1798 1274 καὶ
1827 1248 1888 1274 ἀλο-

1081 1295 1210 1331 γωτὲρων,
1224 1295 1256 1324 ὡς
1266 1296 1310 1319 καὶ
1322 1295 1350 1320 τὸ
1361 1297 1411 1319 τῶν
1440 1292 1574 1330 ἀρχόντων
1605 1291 1686 1324 εδειξε
1700 1293 1756 1319 τέλο
1762 1303 1782 1324 ς.

1069 1364 1238 1398 dissimiles,
1273 1364 1522 1401 quandoquidem
1542 1363 1688 1399 generalis
1709 1364 1837 1391 scientia
1860 1367 1903 1391 est

1068 1409 1198 1446 qualitas
1214 1409 1365 1445 quaedam.
1388 1409 1516 1436 lntensio
1529 1416 1600 1443 ergo
1611 1411 1639 1436 et
1649 1408 1787 1436 remissio
1797 1408 1902 1436 effece-

185 1452 275 1488 igitur
288 1455 357 1481 sunt
375 1461 460 1489 reges
489 1456 518 1482 et
541 1454 632 1483 ambo
647 1455 798 1491 sapientes
815 1465 821 1489 ;
847 1456 938 1484 ambo
969 1457 1012 1485 illi
1028 1446 1049 1474 C
1067 1457 1175 1482 runtut
1188 1454 1496 1490 aliquidpraestantius
1507 1454 1903 1481 exsisteret.0mnesautem

184 1505 270 1533 reges
282 1498 457 1526 eruditionis
477 1501 546 1527 sunt
565 1499 691 1528 studiosi
705 1503 732 1528 et
743 1500 835 1529 ambo
850 1501 1010 1537 sapientes.

186 1549 222 1570 ac
251 1542 293 1570 illi
319 1542 441 1579 quidem
475 1550 546 1571 cum
564 1544 676 1580 quibus
706 1545 868 1573 amicitiam
902 1545 1012 1573 consti-

186 1588 283 1619 tuunt,
304 1587 470 1615 eruditione
498 1588 665 1623 abundant,
699 1589 740 1617 ita
759 1592 859 1617 tamen
875 1593 908 1617 ut
922 1590 1012 1618 unius

187 1631 313 1659 eruditio
346 1631 386 1659 ab
414 1631 535 1661 alterius
557 1633 723 1661 eruditione
756 1634 886 1662 differat.
920 1636 1013 1662 Nemo

185 1683 256 1704 vero
275 1683 374 1704 errore
393 1675 536 1713 deceptus
545 1678 634 1712 neget
650 1685 736 1713 reges
755 1686 819 1706 esse
838 1678 1012 1707 eruditionis

186 1719 347 1749 studiosos.
362 1721 503 1754 Quamvis
510 1721 590 1750 enim
600 1721 767 1750 Alexander
773 1731 921 1758 supremae
934 1723 1012 1751 illius

186 1764 396 1802 philosophice,
412 1767 527 1794 Marcus
541 1768 642 1794 autem
648 1766 822 1795 eruditionis
836 1767 930 1796 multo
940 1768 1012 1796 infe-

185 1810 272 1838 rioris
283 1810 320 1838 sit
332 1810 493 1844 studiosus,
509 1809 601 1838 ambo
613 1813 713 1839 tamen
725 1811 884 1840 meliorum
904 1812 1013 1840 littera-

184 1863 253 1884 rum
266 1857 294 1883 et
306 1855 481 1892 eloquentiae
497 1858 568 1883 sunt
581 1862 728 1892 perquam
738 1856 873 1885 studiosi.
890 1857 1012 1885 Addidi-

184 1907 254 1928 mus
267 1899 375 1928 ambos
393 1899 570 1936 eloquentiae
603 1907 724 1937 quoque
740 1900 828 1929 fuisse
849 1901 1008 1929 studi0s0s.

184 1946 305 1980 Magnos
320 1945 400 1973 enim
409 1952 440 1972 1n
448 1952 485 1972 ea
498 1952 674 1981 progressus
685 1945 825 1974 fecerant.
841 1949 936 1982 Atque
945 1947 1010 1975 haec

184 1993 229 2019 est
246 1990 390 2019 naturalis
418 1989 601 2025 communio,
632 1991 717 2026 cujus
732 1990 899 2020 differentia
919 1991 1010 2020 habet

184 2035 390 2072 praestantiam
403 2037 432 2061 et
446 2033 652 2062 excellentiam
662 2043 699 2063 ex
712 2035 878 2064 intensione
889 2039 916 2064 et
926 2037 1011 2064 dissi-

183 2079 359 2108 militudinis
385 2079 499 2106 ratione
523 2087 530 2113 ;
546 2086 616 2107 nam
629 2088 707 2108 unus
720 2080 918 2116 philosophus
929 2085 973 2109 est
982 2084 1012 2109 et

1067 1498 1117 1533 illi,
1142 1501 1170 1526 et
1199 1506 1304 1526 omnes
1337 1498 1393 1525 illae
1423 1498 1551 1526 scientiae
1566 1498 1673 1525 virtute
1707 1502 1734 1525 et
1748 1498 1903 1533 probitate

1068 1543 1234 1571 abundant.
1251 1544 1341 1570 Porro
1352 1542 1517 1570 intercessit
1527 1542 1583 1569 illis
1595 1543 1769 1570 communio
1781 1551 1814 1569 (ιχ
1827 1545 1904 1570 tem-

1067 1588 1230 1623 peratione,
1246 1586 1508 1623 quemadmodum
1523 1586 1613 1614 etiam
1632 1594 1669 1614 ex
1688 1589 1809 1618 natura,
1825 1588 1902 1622 quia

1066 1639 1171 1660 omnes
1197 1631 1303 1659 eruditi
1317 1631 1456 1663 fuerunt;
1485 1630 1538 1658 sed
1553 1634 1702 1666 quatenus
1720 1633 1900 1666 temperatio

1065 1676 1186 1704 illorum
1205 1676 1245 1704 ad
1262 1676 1499 1712 prmstamiorem
1515 1675 1712 1703 eruditionem
1732 1676 1898 1708 ferebatur,

1066 1729 1101 1749 eo
1115 1721 1211 1756 magis
1233 1719 1375 1748 naturalis
1400 1719 1464 1747 fuit.
1477 1719 1675 1748 Consimiliter
1685 1720 1766 1747 Titus
1775 1720 1896 1756 Apollo-

1067 1766 1160 1798 nium,
1188 1765 1388 1793 Jamblichum
1418 1767 1447 1792 et
1457 1764 1657 1800 Porphyrium
1676 1765 1802 1800 amavit,
1820 1767 1895 1792 Nero

1066 1817 1137 1838 vero
1152 1809 1287 1837 tibicines
1305 1811 1335 1836 et
1349 1807 1495 1836 tibicinas.
1520 1809 1552 1836 Et
1570 1808 1642 1844 quia
1656 1808 1790 1836 virorum
1801 1809 1898 1844 philo-

1066 1854 1172 1890 sophia
1200 1853 1237 1881 ad
1268 1856 1407 1881 naturam
1433 1853 1568 1886 refertur,
1584 1853 1673 1880 etiam
1696 1860 1746 1880 ars
1767 1853 1895 1881 inﬂandi

1066 1899 1154 1926 tibias
1163 1898 1203 1926 ad
1215 1901 1352 1926 naturam
1362 1897 1553 1930 refertur,sed
1564 1897 1620 1925 hoc
1628 1900 1735 1933 prerter
1746 1898 1896 1926 rationem

1065 1946 1098 1971 ut
1110 1943 1274 1978 imperator
1286 1950 1317 1970 se
1329 1944 1424 1970 totum
1438 1941 1593 1969 cantilenis
1605 1942 1712 1974 tradat,
1736 1941 1795 1970 hoc
1815 1943 1895 1970 enim

1064 1987 1198 2015 dissoluti
1210 1986 1410 2014 eteﬁ‘eminati
1426 1988 1469 2014 est
1494 1986 1586 2014 animi
1603 1985 1674 2018 ;sed
1685 1987 1896 2022 regessapien-

1065 2034 1127 2060 tum
1156 2032 1287 2059 virorum
1315 2032 1451 2058 amantes
1480 2038 1554 2063 esse,
1582 2038 1629 2058 res
1659 2030 1776 2066 optima
1802 2030 1895 2058 maxi-

1064 2084 1173 2112 meque
1185 2075 1353 2103 laudabilis.
1369 2075 1402 2102 Ut
1413 2074 1501 2110 igitur
1515 2083 1546 2102 se
1553 2074 1808 2103 habentvirorum
1821 2075 1893 2102 ﬁnes

182 2124 283 2153 rhetor
294 2126 323 2151 et
335 2123 510 2151 omniscius.
527 2123 601 2152 alter
619 2132 690 2152 vero
702 2127 746 2152 est
759 2125 859 2153 rhetor
869 2127 898 2153 et
908 2125 1009 2154 multa;
1027 2125 1048 2151 D
1064 2121 1103 2149 ad
1117 2121 1192 2148 ﬁnes
1208 2120 1363 2148 tibicinum
1380 2122 1408 2147 et
1417 2119 1621 2152 tibicinarum,
1637 2119 1678 2147 ita
1697 2127 1824 2155 quoque
1832 2119 1892 2147 duo

181 2168 317 2196 lectionis
330 2167 386 2195 vir.
404 2169 451 2196 Est
463 2167 552 2203 igitur
561 2169 591 2196 in
607 2176 668 2197 uno
680 2169 816 2204 intensio,
834 2171 904 2206 quia
915 2169 1009 2206 philo-

182 2212 297 2249 sophiae
309 2212 419 2240 multas
434 2215 544 2249 partes,
565 2215 654 2249 atque
667 2213 742 2241 adeo
758 2221 864 2241 omnes
880 2214 971 2242 habet
981 2217 1009 2242 et

182 2257 273 2294 quasi
285 2259 378 2285 totam
396 2256 478 2285 ﬂiam
493 2257 668 2293 qualitatem
685 2257 791 2286 induit.
815 2257 961 2286 Praeterea
972 2267 1008 2287 ex

181 2301 296 2330 ratione
304 2301 553 2330 dissimilitudinis
562 2301 727 2330 discrimen
735 2302 914 2338 assignatur,
924 2303 1008 2340 quod

181 2346 351 2374 Aristoteles
358 2354 464 2374 omnes
475 2345 673 2382 philosophiae
684 2348 899 2383 parteseasque
909 2347 1006 2376 varias

181 2392 211 2419 et
222 2390 383 2420 dissimiles
394 2390 484 2418 simul
495 2389 632 2418 collectas
641 2391 874 2426 comprehensas
885 2391 1005 2421 habeat.

179 2435 398 2464 AcAlexander
406 2434 531 2472 quidem
542 2434 673 2462 inﬁnitos
684 2442 771 2470 pene
777 2435 907 2464 famulos
915 2436 1006 2465 habet

180 2482 209 2509 et
219 2483 262 2509 est
273 2488 336 2514 rex,
356 2479 447 2508 habet
460 2486 583 2515 quoque
598 2478 803 2515 philosophas.
821 2481 934 2508 Marcus
955 2489 1006 2509 au-

179 2527 240 2553 tem
259 2527 304 2553 est
317 2523 450 2552 similiter
467 2523 631 2559 imperator
643 2526 671 2552 et
689 2524 821 2553 rhetores
833 2524 932 2552 habet.
956 2525 1005 2553 Ille

177 2570 304 2607 quidem
318 2567 504 2597 Aristotelem
520 2570 611 2604 amat,
636 2567 684 2596 hic
695 2576 766 2597 vero
775 2570 1004 2604 Hermogenem.

179 2615 255 2643 Sunt
277 2614 368 2649 igitur
390 2620 495 2641 omnes
513 2613 545 2640 hi
558 2612 635 2640 inter
654 2621 686 2641 se
710 2613 807 2649 probi.
824 2613 905 2641 Valet
914 2614 1003 2642 etiam

177 2659 344 2695 propositio
352 2658 382 2686 in
394 2658 443 2686 his
453 2657 627 2694 plurimum.
641 2658 674 2685 Ut
684 2658 763 2685 enim
770 2657 962 2694 philosophia
972 2667 1004 2687 se

176 2702 269 2731 habet
284 2702 323 2731 ad
338 2705 432 2730 artem
453 2701 583 2735 dicendi,
611 2702 652 2729 ita
675 2709 707 2729 se
731 2702 822 2730 habet
835 2702 1003 2731 Aristoteles

177 2746 218 2774 ad
237 2748 455 2781 Hermogenem
473 2748 502 2774 et
532 2745 701 2774 Alexander
725 2745 765 2774 ad
784 2747 925 2776 Marcum.
954 2748 1004 2776 Est

174 2790 266 2826 igitur
284 2790 453 2819 differentia
469 2798 532 2819 non
540 2790 625 2827 quod
635 2789 702 2818 alia
711 2790 771 2818 sint
783 2791 926 2827 rationes,
946 2792 1002 2821 sed

1063 2167 1118 2194 viri
1133 2174 1164 2194 se
1172 2165 1284 2193 habent
1294 2164 1333 2192 ad
1352 2164 1488 2192 tibicines
1503 2167 1532 2192 et
1551 2164 1689 2192 tibicinas
1707 2173 1714 2198 ;
1736 2167 1765 2192 et
1795 2167 1827 2192 ut
1837 2164 1893 2191 viri

1063 2220 1095 2239 se
1108 2210 1219 2238 habent
1231 2209 1270 2237 ad
1281 2209 1355 2237 ﬁnes
1369 2216 1448 2242 suos,
1472 2209 1512 2236 ita
1533 2209 1623 2236 etiam
1642 2217 1673 2236 se
1684 2208 1802 2238 habent
1814 2210 1893 2237 Titus

1063 2256 1232 2292 sapientum
1244 2253 1396 2281 studiosus
1405 2253 1443 2281 ad
1456 2252 1637 2281 dissolutum
1646 2257 1674 2281 et
1682 2252 1891 2282 effeminatum

1062 2303 1207 2330 Neronem
1226 2309 1232 2334 ;
1249 2302 1276 2327 et
1291 2302 1321 2326 ut
1334 2298 1527 2335 philosophia
1545 2306 1576 2326 se
1591 2299 1683 2327 habet
1697 2299 1738 2327 ad
1760 2300 1891 2328 musices

1061 2345 1251 2382 quisquilias.
1277 2344 1317 2371 ita
1341 2343 1430 2371 etiam
1453 2343 1572 2380 sapiens
1594 2343 1672 2371 Titus
1686 2351 1717 2371 se
1737 2343 1833 2372 habet
1852 2344 1890 2372 ad

1060 2389 1236 2417 illaudatum
1249 2389 1398 2416 Nerorem.
1410 2389 1498 2416 Porro
1509 2395 1579 2415 cum
1595 2388 1804 2416 renuntiatum
1817 2391 1890 2416 esset

1061 2434 1126 2461 Tito
1135 2433 1330 2469 philosophos
1339 2432 1404 2460 illos
1415 2440 1470 2468 pro
1481 2432 1595 2460 foribus
1606 2435 1683 2460 stare
1698 2433 1799 2466 (erant
1812 2433 1889 2461 enim

1060 2478 1138 2506 fores
1155 2477 1236 2513 regio
1248 2485 1329 2505 more
1340 2477 1468 2504 occlusa;
1483 2480 1511 2504 et
1527 2476 1685 2511 obseratas)
1694 2477 1749 2504 uni
1757 2477 1888 2513 philoso-

1059 2523 1189 2559 phorum
1212 2522 1332 2550 illorum
1346 2521 1498 2555 iudicanti,
1517 2521 1584 2549 utsi
1598 2521 1729 2557 placeret
1746 2521 1891 2550 intromit‘

1059 2569 1198 2599 terentur,
1214 2566 1310 2594 Titum
1338 2565 1532 2601 respondisse
1558 2565 1716 2601 perhibent
1736 2566 1862 2602 quidam
1878 2574 1886 2598 ;

1058 2611 1135 2644 volo,
1150 2611 1243 2647 inqui,
1255 2618 1340 2638 meas
1360 2609 1438 2638 fores
1462 2609 1604 2638 omnibus
1617 2609 1811 2646 philosophis
1824 2618 1886 2638 esse

1057 2659 1170 2691 aperta.
1190 2658 1225 2682 At
1244 2656 1319 2683 Nero
1343 2654 1534 2690 impudenter
1557 2661 1669 2682 corona
1680 2654 1840 2682 redimitus
1854 2655 1883 2681 in

1057 2702 1219 2736 conspectu
1227 2699 1330 2727 theatri
1337 2699 1460 2735 turpiter
1467 2698 1589 2726 saltavit.
1598 2701 1704 2726 Annon
1712 2699 1802 2733 igitur
1809 2707 1884 2726 corn-

1055 2746 1215 2774 muniones
1223 2752 1291 2780 qua:
1307 2752 1343 2772 ex
1349 2745 1471 2772 scientia
1482 2744 1630 2771 exsistunt
1640 2743 1740 2778 magis
1748 2746 1820 2772 sunt
1833 2751 1881 2771 na-

1056 2789 1165 2819 turales
1170 2789 1326 2825 multoque
1338 2788 1453 2824 majore
1458 2787 1490 2816 in
1495 2787 1590 2824 pretio
1595 2787 1739 2817 habendo
1747 2788 1762 2816 ἳ
1772 2789 1880 2816 Annon
