1967 3080
59 133 130 161 1357

500 132 677 161 THEODORI
697 133 722 160 ΙΙ
739 133 807 160 IMP.
828 130 874 158 DE
892 130 1121 160 COMMUNIONE
1140 132 1324 160 NATURALI.

1700 134 1770 162 t358

109 194 142 224 η’.
157 197 192 222 Τό
211 197 255 231 μὲν
275 193 319 221 οὖν
334 196 411 230 φύσει
437 194 475 221 ἀεὶ
506 199 551 221 τοῦ
586 196 655 221 θέσει
686 196 732 220 καὶ
759 198 874 231 κρεῖττον
902 196 939 222 ΔΔ
956 194 1098 231 καταλήγει
1111 197 1139 221 τό
1163 196 1256 221 τούτου
1269 193 1413 231 σπούδσμα
1430 198 1513 231 ’τιμᾷ
1541 194 1571 221 δὲ
1590 195 1602 221 ὃ
1626 197 1670 232 μὲν
1694 198 1754 227 τοὺς

72 241 119 265 καὶ
147 249 311 277 τιμιωτερον,
348 239 370 265 εἰ
395 242 430 275 μή
454 249 495 270 τις
525 239 729 275 παρα)ογίξεται
752 240 784 265 τά
810 239 874 275 πρά-

73 294 174 319 γματα,
190 286 236 310 καὶ
258 286 345 320 γένους
371 284 386 313 ᾖ
422 282 547 320 πατρίδος
577 284 591 313 ἡ
625 286 741 313 τεκόντος
763 283 876 318 adt/rario;

74 327 242 365 ἀπατώμενος
266 328 429 364 παραλόγους
456 332 525 354 ποιεῖ
558 329 604 358 τάς
625 330 758 358 κοινωνίας
784 327 875 355 αὐτοῦ.

75 377 148 400 Πᾶσι
183 373 233 409 γάρ
266 377 319 403 τοῖς
348 376 437 408 σοφοῖς
462 375 579 404 καὶτοῖς
601 377 685 409 σοφῶς
715 374 876 409 πράττουσιν

74 417 168 454 ἀρεταὶ
200 420 245 443 καὶ
279 416 334 453 βίος
375 417 544 451 ἄλιτάξονται,
573 418 588 446 ἠ
619 417 718 448 ἀληθὴς
748 419 792 442 καὶ
822 417 878 442 θεία

73 462 249 497 ενέγένεια.’ῐ’ά
261 460 286 488 δ’
297 462 362 488 ἄλλα
375 463 443 488 θέσει
467 464 511 487 καὶ
535 460 622 498 πόρῥω
641 465 686 487 τοι)
716 462 791 498 φύσει
816 464 877 486 ὄντα

74 508 316 543 παραθεωροῦνται.
327 505 490 533 Διδάσκουσι
499 507 550 543 γάρ
563 509 609 532 καὶ
619 507 643 532 οὶ
654 508 711 536 τοὺς
723 505 824 541 ἆγῶκας
832 508 877 531 καὶ

74 553 109 578 τά
123 551 237 590 βραδεῖα
251 555 384 581 ποιοῦντες
399 553 443 577 καὶ
457 549 575 581 διδόντες
588 553 635 579 τήν
650 553 735 585 νικὴν,
750 553 794 576 καὶ
806 551 830 576 οἱ
844 551 878 575 τὰ

77 598 219 633 συμπόσια
228 595 357 626 τελοῦντες
366 605 413 624 την
428 605 511 623 νίκην.
532 594 592 621 Ὀτι
606 596 650 630 μὲν
665 593 709 620 οὖν
722 594 770 620 οὐκ
778 595 832 620 ἶσοι
842 597 877 629 τῷ

75 643 145 676 γένει
161 642 183 666 εἰ
193 650 220 666 τε
232 641 257 666 οἱ
268 639 403 670 ἀθλοῦντές
416 640 492 674 εἰσιν,
504 641 552 665 εἴτι
560 639 585 665 οἱ
595 637 859 676 πίνοντες,προδηλον
869 649 876 655 ·

77 684 135 711 ἶσοι
150 683 180 711 δὲ
194 688 225 721 τῇ
239 688 314 721 τιμῇ,
327 685 394 710 ὦστι
406 681 492 713 οὐδεὶς
503 683 532 709 ἃν
543 683 660 718 λήψηται
669 685 698 709 τὸ
709 685 798 719 γέρας,
810 683 831 709 εἰ
841 684 877 719 μὴ

76 731 90 756 ὁ
105 732 221 758 νικήσων
237 731 280 755 καὶ
299 731 374 765 μόνος
393 729 460 754 κατά
474 737 500 754 τε
523 729 556 753 τά
580 725 647 753 ἆθλα
665 730 710 754 καὶ
728 729 772 753 τόν
789 729 877 755 πότον.

79 776 207 804 Κοινωνός
223 772 252 800 δὲ
266 777 316 800 τῶν
328 772 472 799 ὰθὶούντων
486 773 498 798 ο
512 776 660 810 κορυφαῖος,
675 775 721 798 καὶ
734 777 783 798 τῶν
796 774 880 798 πινόν-

76 829 129 846 των
144 820 158 845 ὁ
173 818 258 844 αὐτῶν
279 819 379 856 ἔφορος,
398 819 430 847 ὡς
447 818 536 855 ἔφορος
550 819 595 843 καὶ
611 818 662 853 γάρ
686 818 784 843 τούτων
798 816 878 843 ἐστίν.

74 863 138 901 Ἆρ’
151 862 195 890 οὖν
206 863 316 889 ἓνταυθα
343 865 386 888 καὶ
413 862 508 899 κρᾶσις
528 871 556 888 τε
574 871 619 887 και
639 859 759 896 παιδεία,
785 864 830 887 καὶ
851 860 881 886 οὗ

75 910 122 945 μὲν
135 908 328 945 φυσικωτέραή
344 909 414 940 νίκη,
431 906 461 932 οὗ
488 904 518 932 δὴ
546 907 615 933 θέσει
637 909 683 932 καὶ
701 908 787 942 μόνον.
818 909 882 936 Ταῖς

75 953 234 990 ἀμφοτέραις
254 950 284 978 δὲ
297 954 392 988 κρᾶσίς
422 950 488 984 ἐστι,
515 953 561 977 καὶ
580 954 611 987 τῇ
641 953 686 987 μὲν
710 951 774 987 μέθῃ
803 950 879 987 τριϐὴ

78 998 243 1034 ἁλογωτάτη,
254 1000 285 1033 τῇ
300 994 330 1023 δὲ
344 995 454 1025 ἀθλήσει
472 994 584 1022 παιδεία
605 1005 645 1026 τις
657 1005 664 1012 ·
680 997 757 1031 φύσιν
778 996 828 1031 γάρ
851 996 881 1020 τὸ

79 1042 158 1069 αθλον
188 1045 317 1068 συνιστῶν
339 1041 558 1077 φιλοτιμούρενος,
587 1044 662 1066 τοῦτο
689 1042 845 1069 συνίστησιν
873 1047 880 1054 '

80 1087 134 1114 ἐκεῖ
145 1088 197 1124 γάρ
214 1087 306 1122 μάχης
325 1087 397 1122 ἔργα,
415 1083 519 1118 δίσκος,
541 1083 657 1120 δίαυλος,
688 1086 792 1120 πυγμὴ,
812 1084 881 1113 πάλη

81 1134 128 1158 καὶ
146 1131 228 1164 ἅλμα,
247 1133 368 1167 γρὴσιμα
391 1130 485 1163 πάντα,
509 1131 626 1165 πολιτείᾳ
648 1131 694 1155 καὶ
724 1132 816 1165 κόσμῳ
839 1131 884 1155 καὶ

83 1176 137 1214 βίῳ
177 1175 301 1212 ὠφέλιμα,
329 1173 377 1200 κᾶν
405 1175 444 1202 εἴη
471 1173 500 1200 ἔκ
527 1178 576 1200 τῶν
599 1175 724 1200 τοιούτων
750 1183 788 1204 τις
813 1173 883 1208 αὐτῷ

82 1220 220 1251 ἠδονή.’0
236 1218 265 1246 δὲ
288 1217 511 1255 Σαρδαναπάλιιος
534 1221 580 1245 καὶ
605 1220 774 1249 Διονυσιακὰς
799 1218 886 1255 ἐφορος

82 1268 160 1302 μόνον
185 1267 233 1294 τὴν
261 1264 354 1300 ἄλογον
383 1261 481 1292 ἡδονὴν
510 1261 620 1299 βλέπων,
653 1263 688 1294 εἰς
714 1261 790 1289 οὐδὲν
815 1263 886 1294 τέλος

68 1371 139 1398 sunt
154 1366 376 1405 pmstantiores
387 1364 711 1393 communicationibus
721 1364 777 1392 illis
786 1373 852 1401 quae
861 1373 897 1394 ex

68 1412 294 1449 temperatione,
309 1418 370 1438 non
384 1418 421 1438 ex
433 1410 548 1438 ratione
566 1410 722 1442 exsistunt,
746 1412 779 1437 ut
806 1411 895 1438 etiam

67 1459 201 1486 duorum
214 1456 333 1484 illorum
348 1455 563 1491 imperatorum
573 1454 650 1482 ﬁnes
659 1455 845 1482 ostendunt?

103 1505 130 1531 8.
144 1501 232 1535 Quod
241 1500 331 1535 igitur
338 1502 447 1527 natura
454 1502 570 1526 constat
581 1507 694 1534 semper
701 1502 746 1526 est
759 1502 898 1534 praestan—
915 1519 935 1546 ϐ

66 1548 126 1577 tius
132 1545 288 1580 etdignius
295 1552 330 1572 eo
336 1545 418 1580 quod
425 1543 570 1579 positione
577 1543 761 1573 constat.nisi
773 1543 845 1571 forte
852 1543 899 1571 ali-

67 1592 137 1629 quis
144 1591 248 1619 fucum
256 1589 345 1616 rebus
351 1587 448 1616 facere
455 1587 522 1615 velit
529 1591 557 1615 et
567 1587 693 1623 generis,
701 1588 803 1624 patriae
812 1591 839 1615 et
845 1595 898 1624 pa-

67 1633 347 1665 rentumnobilitate
353 1633 615 1668 deceptas,prseter
621 1632 763 1660 rationem
769 1641 864 1660 comm
870 1641 900 1660 u-

68 1681 172 1709 nicare
183 1678 278 1706 soleat
289 1687 296 1711 ;
313 1685 384 1705 nam
391 1677 511 1704 virtutes
521 1679 549 1704 et
560 1677 621 1704 vita
628 1677 752 1704 bonesta
758 1677 900 1704 omnibus

70 1723 260 1761 sapientibus
269 1725 298 1750 et
310 1721 458 1757 sapienter
466 1720 624 1755 agentibus
634 1721 784 1749 habentur
796 1725 824 1749 et
832 1724 900 1749 sunt

70 1778 142 1798 vera
157 1776 193 1796 ae
203 1767 306 1795 divina
318 1765 466 1794 nobilitas.
475 1765 538 1793 Alia
549 1773 619 1793 vero
629 1766 733 1793 omnia
746 1766 901 1801 negligun—

69 1818 118 1843 tur
133 1811 330 1849 sapientibus,
344 1810 486 1846 nulloque
500 1809 531 1837 in
547 1810 640 1845 pretio
655 1809 814 1844 habentur,
832 1818 901 1846 qua:

69 1858 218 1887 nimirum
229 1855 376 1892 positione
388 1856 537 1886 constant,
549 1856 577 1882 et
591 1854 630 1882 ab
645 1861 681 1882 eo
695 1854 778 1890 quod
793 1857 902 1882 natura

67 1904 191 1932 constat
200 1900 375 1935 longissime
382 1899 509 1932 distant;
518 1906 590 1926 nam
597 1898 650 1934 qui
660 1897 824 1926 cert'amina
832 1906 898 1926 con-

68 1949 198 1976 stituunt
211 1948 240 1973 et
251 1943 377 1981 prtemia
391 1945 564 1979 proponunt
582 1944 692 1970 docent
703 1943 858 1971 victoriam
873 1946 902 1971 et

67 1993 119 2030 qui
131 1992 164 2019 in
176 1988 321 2018 conviviis
333 1987 467 2024 potando
475 1990 589 2016 certant
600 1987 757 2015 victoriam
768 1987 823 2015 sibi
832 1996 901 2024 pro-

67 2037 199 2074 ponunt.
211 2032 296 2066 Quod
307 2035 408 2060 autem
423 2039 485 2059 non
496 2031 555 2059 sint
568 2038 676 2066 genere
689 2031 823 2067 aequales
839 2035 900 2059 tum

66 2077 290 2109 exercitationis
302 2084 395 2104 causa
409 2078 565 2111 certantes,
580 2079 644 2103 tum
660 2076 748 2104 etiam
765 2079 902 2112 potantes

66 2126 146 2154 inter
155 2129 264 2151 omnes
273 2122 390 2149 constat
398 2129 404 2148 :
412 2120 465 2147 sed
473 2119 605 2156 aequales
614 2120 902 2156 suntpraamiOquod

69 2169 175 2199 nullus
185 2166 344 2204 praemium
360 2164 498 2200 accipiat,
514 2164 570 2192 nisi
586 2164 668 2191 solus
683 2164 731 2192 ille
744 2164 797 2200 qui
812 2165 904 2192 victor

69 2214 161 2244 fuerit
175 2212 236 2240 sive
244 2211 274 2239 in
284 2209 496 2238 certaminibus
512 2209 574 2237 sive
581 2209 613 2236 in
620 2208 902 2245 compotationibus.

71 2259 149 2287 Acin
157 2255 373 2285 certaminibus
383 2253 506 2290 quidem
516 2254 709 2290 quiprinceps
719 2256 763 2281 est
771 2261 906 2284 commu-

68 2305 195 2334 nionem
201 2300 328 2329 instituti
339 2307 408 2327 cum
414 2299 596 2326 certantibus
611 2298 663 2326 init
669 2301 772 2326 etcum
778 2299 905 2334 potanti-

68 2350 130 2378 bus
135 2348 273 2383 ipsorum
278 2352 391 2380 praeses
399 2352 406 2378 ;
414 2351 486 2371 nam
493 2343 612 2371 illorum
618 2344 806 2379 princepsest
816 2346 846 2371 ut
852 2343 905 2371 ho-

69 2400 139 2422 rum
148 2397 270 2427 prmses.
283 2391 390 2416 Annon
400 2388 490 2423 igitur
501 2387 549 2415 hic
560 2391 603 2415 est
612 2388 788 2423 temperatio
800 2390 828 2416 et
840 2395 904 2416 eru-

69 2438 144 2467 ditio
151 2437 166 2465 ?
173 2437 272 2471 thuo
279 2433 376 2468 magis
382 2433 420 2461 ad
428 2435 566 2460 naturam
572 2432 687 2460 accedit
701 2433 730 2460 in
737 2432 900 2460 certamini-

69 2483 130 2511 bus
135 2479 262 2510 victoria
267 2486 303 2506 eo
308 2478 507 2515 praestantior.
512 2478 533 2510 0
538 2485 576 2504 uo
583 2480 684 2505 autem
690 2477 787 2513 magis
794 2477 903 2505 consti-

69 2527 187 2557 tutione
199 2526 318 2552 constat
331 2522 383 2550 illa
396 2522 426 2550 in
441 2522 715 2558 compotationibus
735 2522 854 2550 victoria
867 2530 903 2549 eo

68 2569 244 2607 ignobilior.
253 2569 342 2595 Porro
347 2567 377 2594 in
383 2574 432 2594 am
438 2566 534 2594 habus
542 2566 672 2594 victoriis
677 2566 752 2594 inest
758 2568 817 2594 tem
822 2574 904 2601 pera-

70 2616 114 2645 tio
129 2623 137 2648 ;
153 2622 190 2642 ac
204 2613 233 2641 in
247 2611 422 2640 temulentia
432 2613 550 2647 tempus
561 2613 668 2647 praeter
682 2619 803 2639 omnem
815 2611 902 2638 ratio-

70 2667 144 2688 nem
154 2657 288 2694 ponitur,
297 2656 328 2683 in
339 2655 551 2683 certaminibus
558 2663 629 2683 vero
637 2658 681 2682 est
689 2655 830 2691 qumdam
839 2663 902 2683 eru-

73 2704 236 2734 ditioznam
244 2701 296 2737 qui
305 2700 463 2736 praemium
472 2699 642 2728 certaminis
652 2699 805 2728 constituit
818 2702 902 2727 natu-

74 2749 131 2778 rali
141 2749 171 2775 et
180 2745 327 2774 laudabili
342 2744 441 2773 studio
455 2743 574 2777 ductus,
591 2743 663 2772 illud
683 2744 845 2772 constituit.
860 2743 902 2772 lbi

75 2793 161 2823 enim
172 2791 268 2824 disco,
283 2797 384 2823 cursu,
397 2796 502 2826 pugna
513 2791 542 2817 et
555 2789 635 2818 lucta
649 2797 756 2818 omnes
771 2797 908 2818 exercen-

922 2196 943 2222 D

956 238 1172 272 ἀθ).οῡντας,όὸὲ
1191 241 1248 269 τοὺς
1272 242 1399 270 πίνοντας,
1426 241 1455 265 τό
1481 241 1526 276 μὲν
1545 244 1644 276 πρῶτον
1673 251 1754 277 φυσι-

956 285 1076 319 κώτερον,
1111 285 1140 309 τό
1169 282 1194 309 δ’
1216 284 1328 310 ὕστατον
1352 282 1498 319 ἀτιμόττον.
1523 284 1578 310 Οὐκ
1610 286 1679 310 ἔστιν
1705 286 1756 322 ἄρα

956 331 1002 353 τοῦ
1026 328 1093 354 θέσει
1116 330 1144 354 τὸ
1178 329 1254 364 φύσει
1282 332 1420 366 κρεῖττον;
1444 330 1494 354 Καὶ
1519 330 1581 363 μὴν,
1610 332 1658 359 πᾶς
1685 331 1755 366 εἴπῃ,

958 374 1014 408 ἔχει
1035 373 1084 409 γάρ
1108 372 1203 402 πολλὴν
1237 374 1284 401 τὴν
1322 372 1454 401 ἀλήθειαν.
1483 373 1543 398 Εἱσὶ
1571 371 1600 399 δε
1626 376 1670 398 καὶ
1693 373 1757 400 ἄλλα

956 417 1023 448 τινά,
1039 421 1093 448 πῶς
1111 418 1155 453 μὲν
1171 416 1310 453 ἐξεχόμενα
1325 419 1433 451 τούτων,
1453 421 1508 447 πῶς
1531 415 1560 443 δε
1590 415 1755 455 διαφέροντα,

958 463 1102 498 πρατῦγία
1124 472 1130 478 -
1147 463 1212 498 μετά
1234 460 1263 487 δὲ
1297 461 1410 498 ἰατρικὴ,
1435 462 1613 499 φιλάνθρωπος
1638 464 1688 499 γάρ
1713 465 1757 488 καὶ

956 506 1029 538 αύμὶ,
1055 509 1132 535 Κοινὴ
1161 504 1191 532 δὲ
1214 509 1354 542 γεωργικὴ.
1387 508 1436 532 Καὶ
1459 509 1505 535 τὴν
1531 509 1576 543 μὲν
1600 510 1756 544 γεωργικὴν,

957 551 978 577 εἰ
990 552 1057 576 κατά
1071 553 1132 581 τοὺς
1143 550 1245 581 ἀληθεῖς
1259 560 1299 581 τις
1319 549 1365 587 ἴδῃ
1391 550 1493 586 λόγους,
1528 554 1627 587 μεστὴν
1654 553 1760 589 εὑρήσει

957 593 1141 625 παιδείας.Μή
1158 597 1249 621 σκόπει
1283 593 1312 620 δὲ
1339 596 1378 620 ὅτι
1401 595 1449 620 οὐκ
1474 593 1529 621 οἶδε
1550 598 1609 626 τοὺς
1635 596 1728 632 λόγους
1745 598 1757 622 ὀ

957 641 1080 677 γεωργός,
1096 639 1159 665 ἀλλά
1171 642 1261 665 σκόπει
1277 641 1317 665 ὅτι
1332 641 1400 665 κατά
1412 639 1487 675 λόγον
1511 641 1525 668 ὴ
1553 643 1633 676 τέχνη
1649 644 1757 677 γίνεται,

957 683 1057 721 Ὠσπερ
1090 684 1141 721 γάρ
1168 693 1212 710 και
1238 683 1409 721 κυϐερνητικὴ
1446 683 1474 710 ἒϐ
1499 689 1545 714 τῆς
1573 688 1680 722 πρώτης
1703 687 1758 721 ἔχει

959 730 991 755 τά
1031 732 1137 765 σημεῖα,
1177 729 1223 754 οὐκ
1261 727 1317 755 οἶδε
1346 727 1376 755 δὲ
1402 729 1469 759 ὃπως
1495 732 1606 766 γίνοιντο
1624 735 1725 756 ταῡυτα
1745 732 1758 757 ό

959 772 1131 810 κυδερνὴτης,
1161 773 1241 804 οὓτως
1265 776 1310 800 καὶ
1336 775 1349 799 ό
1375 776 1497 811 γεωργός,
1531 774 1558 800 ὲκ
1584 779 1633 806 τῆς
1653 778 1760 813 πρὼτης

960 820 1028 854 ἔχων
1055 819 1102 849 τὰς
1133 819 1168 849 ὡς
1196 818 1264 848 εἰκός
1288 818 1395 856 πράξεις
1421 817 1622 855 δεδιδαγμένος,
1654 822 1760 857 πράττει

961 865 995 900 μὴ
1032 863 1158 894 ἐξετάζων
1188 873 1194 879 ·
1224 861 1470 900 ἀποδεικτικοῖςγάρ
1506 863 1594 899 λόγοις
1626 868 1670 891 καὶ
1699 865 1760 892 ἀνα-

960 912 1061 943 γκαίοις
1075 909 1092 937 ἡ
1108 911 1196 944 πρώτη
1219 907 1313 939 συνῆξε
1324 909 1422 937 ταύτην
1449 911 1496 938 τὴν
1517 911 1624 945 τέχνην.
1651 909 1759 940 Ἐπειδὴ

961 955 990 978 τό
1015 952 1114 982 πλῆθος
1154 952 1235 981 αὐτὴν
1263 951 1420 988 ἐργάζεσθαι
1443 952 1542 989 ἔμελλεν
1569 954 1762 990 ὁμοὶογοὺμενα

963 995 992 1023 δὲ
1002 1007 1060 1023 τινα
1075 995 1197 1033 δόγματα
1211 995 1370 1033 παραδοῦσα
1392 1002 1444 1028 τοῖς
1465 1001 1589 1035 πρώτοις,
1618 1001 1680 1036 πρὸς
1704 1002 1762 1030 τοὺς

963 1041 1052 1078 ἐριξῆς
1074 1045 1158 1067 ταῦτα
1193 1039 1381 1077 μεταδίδονται
1414 1042 1482 1079 ἄχρι
1509 1046 1553 1068 νῦν
1579 1042 1763 1074 ἀϐασανίστως

961 1089 1007 1112 καὶ
1023 1085 1206 1117 ἀνοξετάστως.
1226 1088 1362 1122 Μαρτυρεῖ
1377 1084 1406 1112 δὲ
1420 1089 1465 1112 καὶ
1494 1087 1506 1112 ό
1533 1089 1642 1118 ποιητὴς
1675 1087 1763 1114 Ἠσίο-

964 1129 1020 1164 dog,
1037 1131 1077 1156 ὃτι
1092 1140 1137 1167 περ
1166 1133 1212 1161 τῆς
1234 1133 1340 1166 πρώτης
1366 1131 1382 1158 ἡ
1411 1131 1538 1167 θιωργικὴ
1566 1129 1635 1157 ἐστιν
1660 1133 1692 1162 ὡς
1718 1135 1762 1158 καὶ

964 1178 1049 1201 πᾶσαι
1075 1185 1081 1191 ·
1103 1173 1215 1206 ἰξιτιὶζιι
1244 1175 1295 1211 γὰρ
1323 1177 1368 1200 καὶ
1394 1177 1502 1212 καιροὺς
1527 1177 1573 1201 καὶ
1596 1178 1691 1207 τόπους
1719 1180 1764 1203 καὶ

963 1219 1054 1255 λόγους
1069 1221 1114 1245 καὶ
1139 1220 1290 1256 πράγματα,
1316 1221 1361 1245 καὶ
1382 1217 1504 1250 ἐξετάσας
1533 1219 1586 1246 οἷον
1614 1219 1764 1257 παράδοσὶν

965 1273 1024 1290 τινα
1060 1267 1173 1290 ποιεῖται
1209 1263 1398 1300 εὐγενεστέραν.
1438 1266 1489 1290 Καὶ
1526 1268 1603 1291 τοῦτο
1639 1263 1686 1291 διὰ
1717 1267 1765 1294 τὴν

951 1369 999 1394 tur
1007 1368 1033 1393 et
1044 1365 1072 1393 in
1088 1365 1154 1393 aliis
1169 1365 1258 1393 rebus
1276 1365 1448 1401 reipublicae
1463 1366 1580 1395 mundo
1602 1369 1692 1403 atque
1711 1368 1779 1396 vitae

952 1410 1073 1438 utilibus
1083 1417 1119 1437 ex
1129 1409 1241 1445 quibus
1249 1409 1387 1445 voluptas
1397 1410 1522 1438 honesta
1530 1411 1673 1447 quendam
1687 1413 1780 1440 exsis-

952 1455 993 1482 tit.
1012 1457 1045 1482 At
1062 1461 1172 1489 praeses
1185 1453 1232 1480 ille
1253 1453 1489 1489 Sardanapalius
1503 1457 1532 1482 et
1547 1455 1706 1483 Bacchicus
1727 1465 1780 1484 vo—

951 1499 1090 1535 luptatem
1097 1497 1220 1525 rationis
1227 1500 1372 1533 expertem
1380 1497 1588 1526 duntaxutsibi
1595 1507 1777 1536 proponens,

953 1544 990 1571 ad
1007 1542 1123 1571 nullum
1131 1542 1222 1569 ﬁnem
1232 1542 1394 1570 honestum
1405 1542 1623 1571 etlaudabilem
1633 1546 1779 1580 pervenit.

953 1592 993 1615 Ac
1003 1587 1051 1614 ille
1066 1587 1188 1622 quidem
1205 1589 1348 1614 certantes
1367 1587 1482 1614 honore
1511 1587 1611 1621 afﬁcit,
1641 1588 1690 1616 hic
1709 1597 1779 1617 vero

954 1635 1102 1668 potantes.
1114 1633 1147 1660 Et
1163 1631 1235 1659 illud
1249 1631 1372 1667 quidem
1397 1632 1495 1666 magis
1516 1633 1556 1660 ad
1576 1636 1718 1662 naturam
1730 1642 1779 1662 ac-

953 1677 1028 1710 cedi,
1045 1676 1125 1704 istud
1132 1684 1201 1704 vero
1214 1679 1398 1712 postremum
1412 1680 1456 1704 est
1465 1677 1681 1712 turpissimum.
1698 1680 1780 1706 Nun-

953 1721 1025 1758 quid
1050 1722 1138 1756 igitur
1177 1721 1259 1757 quod
1289 1724 1397 1749 natura
1425 1726 1540 1750 constat
1572 1726 1616 1751 est
1640 1726 1781 1759 praestan-

954 1767 1011 1794 tius
1027 1774 1063 1794 eo
1078 1765 1158 1802 quod
1172 1765 1317 1801 positione
1327 1766 1341 1793 ‘I
1357 1767 1439 1794 Certe
1450 1767 1645 1803 compellente
1658 1769 1781 1797 veritate

954 1811 1077 1847 quilibet
1104 1810 1252 1838 fatebitur.
1282 1812 1356 1838 Sunt
1380 1814 1481 1839 autem
1505 1813 1594 1840 etiam
1618 1813 1677 1840 alia
1700 1822 1781 1850 quaa-

955 1856 1026 1883 dam
1041 1863 1109 1891 qua;
1127 1855 1235 1891 partim
1250 1863 1320 1882 cum
1334 1855 1381 1882 his
1410 1855 1569 1889 cohaerent,
1604 1858 1712 1892 partim
1741 1859 1780 1886 ab

954 1900 1059 1928 iisdem
1076 1898 1226 1927 differunt.
1249 1900 1282 1926 Ut
1294 1907 1343 1926 ars
1370 1899 1498 1927 ducendi
1530 1901 1692 1929 exercitum
1718 1903 1782 1938 pri-

954 1952 1012 1972 mae
1027 1943 1263 1972 architectonica:
1279 1946 1322 1971 est
1336 1944 1483 1979 proxima.
1500 1945 1611 1973 Deinde
1621 1947 1780 1975 medicina.

954 1990 1029 2016 Nam
1044 1989 1106 2016 haec
1120 1995 1242 2024 quoque
1259 1987 1396 2015 homines
1412 1988 1576 2024 plurimum
1586 1990 1681 2025 juvat.
1698 1992 1781 2026 Agri-

955 2033 1071 2061 cultura
1082 2041 1152 2060 vero
1162 2033 1396 2060 estcommunis.
1407 2035 1448 2060 Ac
1459 2034 1483 2061 si
1492 2034 1559 2070 quis
1569 2035 1781 2071 agriculturam

955 2086 991 2105 ex
1006 2078 1083 2105 veris
1101 2077 1266 2105 rationibus
1281 2077 1459 2112 consideret,
1475 2078 1596 2114 plenam
1610 2080 1782 2109 eruditionis

956 2130 1022 2150 esse
1041 2122 1212 2157 comperiet.
1236 2123 1327 2149 Nemo
1353 2129 1424 2150 vero
1438 2122 1608 2151 offendatur
1636 2132 1672 2152 eo
1699 2126 1784 2160 quod

958 2166 1090 2202 agricola
1103 2167 1233 2194 rationes
1244 2173 1305 2194 non
1318 2165 1418 2201 novit;
1431 2167 1454 2194 is
1467 2168 1565 2203 potius
1587 2172 1680 2197 artem
1708 2170 1784 2205 agri-

958 2211 1082 2239 culturae
1093 2219 1128 2238 ex
1136 2210 1251 2238 ratione
1261 2211 1401 2238 exsistere
1409 2211 1566 2246 diligenter
1575 2216 1664 2241 notet.
1677 2215 1785 2247 Quem-

958 2255 1125 2285 admodum
1138 2255 1218 2282 enim
1233 2262 1281 2282 ars
1295 2255 1499 2290 gubernanda:
1525 2257 1611 2285 navis
1629 2258 1784 2295 signorum

959 2301 1159 2335 cognitionem
1173 2308 1191 2327 a
1208 2299 1307 2336 prima
1321 2300 1445 2336 accepit,
1466 2309 1596 2337 quorum
1622 2305 1720 2332 tamen
1739 2313 1785 2334 ra-

958 2345 1071 2373 tionem
1083 2344 1207 2372 reddere
1231 2344 1342 2380 nequit,
1358 2344 1399 2372 ita
1411 2345 1501 2373 etiam
1517 2347 1649 2381 agricola
1659 2356 1677 2376 a
1687 2349 1786 2384 prima

957 2389 1009 2417 illa
1023 2389 1154 2421 scientia,
1169 2391 1201 2416 ut
1226 2392 1272 2416 est
1285 2396 1417 2423 necesse,
1438 2389 1604 2419 doctrinam
1634 2393 1785 2422 actionum

958 2434 1072 2470 accepit
1086 2441 1091 2459 :
1108 2433 1169 2467 agit
1180 2436 1281 2461 autem
1290 2434 1418 2461 rationes
1431 2442 1492 2462 non
1507 2435 1698 2470 investigans.
1710 2437 1786 2465 Nam

957 2479 1056 2514 prima
1071 2478 1194 2505 scientia.
1209 2478 1382 2505 certissimis
1399 2481 1428 2506 et
1443 2479 1606 2507 verissimis
1621 2481 1787 2510 conclusio~

957 2522 1046 2550 nibus
1077 2522 1156 2549 hanc
1180 2524 1275 2549 artem
1302 2521 1427 2550 confecit
1455 2522 1530 2550 Cum
1554 2527 1655 2552 autem
1679 2525 1787 2561 vulgus

956 2567 1035 2594 hanc
1055 2569 1149 2594 artem
1177 2573 1313 2593 exercere
1344 2566 1437 2601 vellet,
1469 2568 1622 2596 sententias
1644 2569 1787 2604 quaedam

957 2611 996 2639 ab
1007 2610 1149 2638 omnibus
1163 2613 1300 2646 receptae,
1313 2610 1351 2638 ab
1364 2610 1414 2638 illa
1428 2611 1524 2646 prima
1547 2612 1671 2640 scientia
1699 2620 1791 2649 quasi

956 2663 1009 2692 per
1022 2663 1132 2683 manus
1149 2655 1264 2682 traditis
1278 2657 1306 2682 et
1323 2654 1362 2682 ad
1374 2658 1509 2690 posteros
1519 2660 1694 2693 propagatae
1708 2663 1788 2696 sunt,

957 2707 1084 2735 quarum
1092 2699 1210 2735 quidem
1221 2699 1429 2727 sententiarum
1442 2700 1572 2728 rationes
1584 2709 1670 2729 nemo
1681 2707 1792 2732 scruta-

961 2745 1154 2772 tur.Testatur
1161 2744 1250 2771 etiam
1258 2743 1401 2771 Hesiodus
1408 2747 1498 2779 poeta
1503 2748 1597 2773 artem
1604 2747 1792 2782 agriculturae

961 2792 995 2817 ut
1013 2791 1044 2818 et
1052 2797 1159 2817 omnes
1169 2791 1258 2823 artes,
1272 2796 1292 2816 a.
1304 2788 1402 2824 prima
1415 2789 1467 2817 ilta
1482 2790 1608 2820 scientia
1628 2799 1772 2821 manasse
1784 2802 1792 2827 ;
