1967 3080
191 116 257 144 1359

187 225 245 260 περὶ
263 223 297 248 ὧν
313 222 506 258 ὑπεσχέθημεν.

223 266 257 297 η’.
271 269 420 304 Στρατησγία
436 268 480 303 μὲν
500 264 543 292 οὖν
568 267 648 301 τέχνη
674 264 740 294 καλή
764 266 808 290 καὶ
838 265 985 301 πρωτίστη,

186 313 358 347 χρυσοχοική
376 309 405 337 δὲ
419 312 536 347 περιττή.
551 312 672 336 Κοινωνεῐ
686 307 716 335 δὲ
741 312 824 344 Κῦρος
852 309 896 344 μὲν
928 316 987 333 παι-

188 354 247 392 δείᾳ
260 360 297 391 τῷ
309 356 394 391 οἰκείῳ
411 356 587 392 στρατεύματι
616 352 753 380 διδάσκων
778 353 841 379 αὐτό
862 354 890 378 τὸ
917 351 986 378 λιτὸν

186 403 231 427 καὶ
267 402 329 438 πρὸς
352 401 472 437 περιττὰς
496 399 632 435 ἀπέριττον
665 401 789 435 χρήσεις.
821 400 932 434 Κροῖσος
957 394 986 422 δὲ

187 445 327 472 Πακτωλοῦ
341 445 416 483 ῥύσει
434 444 512 471 πολὺν
539 445 716 481 συναθροίσας
742 443 856 480 χρυσὸν,
873 445 986 468 ποιεῖται

185 492 250 528 πρὸς
264 492 436 528 χρυσοχόους
451 491 496 520 τὰς
516 491 658 522 κοινωνίας,
675 486 722 514 δια
739 489 782 514 τὸν
806 488 984 524 μακαρισμὸν,

185 533 264 572 οὗπερ
275 535 322 561 οὐκ
346 534 442 566 ἠξιώθη
460 533 508 559 κᾶν
524 535 594 570 παρὰ
623 532 742 566 Σόλωνος,
769 535 888 569 χρυσοῦς
915 540 986 562 τινας

184 578 311 616 τρίποδας
331 579 533 609 κατασκευάζων
563 580 607 604 καὶ
639 578 772 608 πλίνθους.
803 579 902 614 Κρᾶσις
930 573 984 604 ἤδη

186 625 286 655 τούτοις
305 634 351 650 και
371 626 501 650 κονωνίάι·
518 625 563 649 καὶ
591 623 606 652 ἡ
636 624 681 658 μεν
711 623 884 658 φυσικωτέρα,
915 621 930 649 ἡ
960 616 986 647 δ’

184 668 247 697 άῖλλη
259 668 284 699 ἐς
302 670 379 694 τόσον
407 667 513 704 βασιλεῖ
540 666 665 705 ἀπρεπής.
693 668 727 693 Τὸ
755 667 800 703 μὲν
828 667 878 702 γὰρ
907 663 985 692 διδά-

185 723 255 740 σκειν
269 716 299 740 τὸ
317 715 466 750 στράτευμα
479 714 522 739 τὸν
550 712 662 749 βασιλέα
685 714 822 750 καρτερίας
838 709 986 747 ὑπόδειγμα

184 758 272 784 ἑαυτὸν
288 757 439 784 δεικνύοντα
463 758 613 794 φιλόσοφον.
642 759 754 784 Βασιλέα
780 757 832 793 γὰρ
858 755 887 782 οὐ
910 755 983 789 λαοῦ,

184 802 248 830 ἀλλὰ
264 805 311 829 σὺν
323 804 406 839 τούτῳ
428 805 473 829 καὶ
499 807 549 829 τῶν
575 803 664 829 παθῶν
690 801 768 828 αὐτὸν
795 799 926 828 δείκνυσιν
941 800 986 832 ’ἐξ

183 847 213 874 οὗ
243 848 382 883 συνάγεται
409 848 450 873 ὅτι
478 846 595 884 βασιλεῖς
623 847 712 873 παθῶν
740 847 799 876 τοὺς
829 846 879 872 ὑπὸ
906 848 984 882 χεῖρα

182 895 264 918 ποιεῖν
290 891 378 919 ἐθέλει.
402 891 437 918 ⁴Ω
463 895 508 918 τοῦ
531 895 700 929 μακαρισμοῦ
718 890 770 918 ἔΤό
801 889 830 917 δὲ
856 888 985 928 τρίποδας

182 937 384 968 κατασκευάζειν
414 940 535 973 χρυσοῦς
553 939 597 963 καὶ
618 936 738 966 πλίνθους
758 938 802 962 καὶ
818 935 875 966 ὅλας
889 935 984 972 λαμίας

181 985 297 1019 χρυσοῦ,
339 982 509 1017 ὑφασμάτων,
549 982 689 1018 μαργάρων
740 980 879 1017 ἔμπιπλᾴν,
925 981 985 1006 οὔτι

181 1026 272 1052 ἑαυτὸν
288 1025 400 1062 βασιλέα
415 1024 575 1053 δείκνυσινὸ
605 1030 681 1052 τοῦτο
707 1029 797 1061 ποιῶν,
821 1027 879 1051 οὔτε
906 1024 984 1061 βασι-

180 1070 238 1101 λεας
251 1074 310 1097 ποΞί
321 1073 380 1101 τοὺς
410 1069 638 1107 βασιλευομένους,
666 1075 756 1097 πασῶν
780 1068 881 1099 ἡδονῶν
911 1067 940 1095 δε
954 1078 984 1105 γε

180 1117 224 1140 καὶ
239 1114 354 1150 μάλιστα
368 1112 488 1146 δούλους.
506 1114 577 1141 "lc-81.
592 1113 622 1140 δε
645 1117 691 1141 καὶ
717 1116 746 1140 τὸ
767 1113 836 1144 τέλος
862 1117 912 1140 τῶν
935 1113 983 1150 ἆμ-

180 1161 299 1195 φοτέρων,
328 1160 423 1185 πιστὸν
454 1159 487 1190 εὶς
514 1157 648 1190 ἀπόδειξιν
681 1159 693 1185 ὃ
722 1161 767 1185 καὶ
790 1157 933 1195 πρόδηλον.
953 1158 982 1185 Ὀ

179 1204 223 1238 μὲν
238 1204 287 1239 γὰρ
303 1203 330 1228 ἐκ
345 1206 440 1240 μικροῦ
454 1205 533 1239 μέγας
547 1201 593 1230 διὰ
603 1205 632 1229 τὸ
652 1203 755 1239 ὒλοογον
771 1202 821 1230 ἀπὸ
841 1204 955 1240 περάτων
972 1213 979 1220 ι

178 1248 225 1278 ἕως
238 1248 354 1284 περάτων
385 1257 392 1264 θ
418 1248 431 1273 ὅ
460 1246 489 1274 δὲ
518 1246 628 1279 ἰδιώτης
647 1250 692 1274 καὶ
718 1249 838 1284 ἄχρυσος
860 1250 905 1274 καὶ
928 1247 980 1275 ἀπὸ

176 1293 294 1330 περάτων
329 1293 374 1318 καὶ
402 1293 518 1329 περάτων
545 1293 590 1324 ἕως
622 1296 746 1329 στιγμῆς,
778 1293 848 1322 ὥστε
872 1293 887 1322 ἡ
911 1294 980 1320 κατὰ

339 982 509 1017 ὑφασμάτων,

174 1402 247 1423 nam
262 1396 409 1431 tempora,
418 1395 509 1430 loc0s,
518 1395 659 1431 rationes,
668 1398 696 1424 et
708 1403 754 1424 res
770 1398 926 1429 scrutatur,
936 1397 1000 1433 qui-

173 1439 231 1468 bus
248 1440 432 1475 investigatis
450 1440 618 1469 doctrinam
637 1441 804 1477 quamdam
822 1441 1000 1470 nobiliorem

173 1485 271 1513 tradit.
282 1486 342 1513 Hoc
349 1485 379 1513 in
389 1486 546 1521 praesentia
553 1486 723 1522 exemplum
735 1494 902 1522 proponere
909 1487 999 1515 volui-

171 1537 250 1558 mus.
260 1531 301 1557 Ac
310 1529 348 1558 de
357 1530 538 1565 agricultura
548 1530 671 1566 quidem
683 1531 841 1559 hactenus.
858 1531 997 1559 Dicamus

170 1582 241 1602 vero
249 1573 287 1602 de
298 1574 365 1609 illis,
376 1574 413 1602 dc
423 1575 534 1610 quibus
544 1583 599 1603 nos
608 1575 739 1603 dicturos
750 1575 870 1612 polliciti
880 1584 994 1604 sumus.

205 1621 230 1646 8.
243 1621 297 1646 Ars
311 1619 399 1654 igitur
414 1619 543 1647 ducendi
569 1620 729 1648 exercitum
755 1620 881 1648 honesta
899 1623 946 1649 est
969 1623 997 1649 et

169 1663 323 1699 praeclara,
350 1666 380 1692 at
404 1671 453 1691 ars
477 1663 635 1692 auriﬁcum
659 1667 703 1692 est
725 1664 886 1700 superﬂua.
903 1665 995 1693 Porro

169 1710 263 1744 Cyrus
278 1716 347 1735 cum
363 1716 419 1735 suo
433 1709 563 1736 exercitu
577 1708 751 1736 eruditionis
770 1711 883 1737 ratione
911 1717 993 1738 com-

167 1752 311 1785 municat,
325 1752 437 1780 docens
446 1752 544 1787 ipsam
556 1752 755 1787 frugalitatem
769 1755 797 1780 et
810 1752 839 1780 in
864 1760 922 1780 usu
941 1760 993 1780 su-

167 1797 283 1832 pertluo
293 1796 542 1824 moderationem.
556 1797 672 1825 Crassus
691 1799 802 1829 autem,
824 1805 860 1825 ex
875 1796 992 1825 Pactolo

167 1849 280 1876 magna
295 1840 322 1869 vi
341 1841 406 1869 auri
422 1841 554 1874 collecta,
581 1841 732 1869 constituit
746 1842 992 1870 communionem

167 1894 237 1914 cum
249 1885 435 1920 auriﬁcibus,
451 1885 509 1913 hoc
519 1886 611 1914 modo
631 1885 755 1914 beatum
776 1894 807 1914 se
822 1886 885 1914 fore
897 1886 993 1914 existi-

166 1938 266 1958 mans.
282 1931 346 1963 Qua
369 1933 471 1958 tamen
500 1929 649 1964 beatitate,
674 1938 768 1966 quam
792 1931 933 1967 sperabat
959 1939 992 1959 se

166 1977 409 2007 consecuturum,
425 1983 443 2002 a
459 1974 565 2003 Solone
577 1974 687 2010 dignus
701 1983 763 2003 non
777 1978 820 2003 est
829 1975 990 2011 judicatus,

167 2027 236 2046 cum
248 2019 379 2055 tripodes
398 2018 549 2054 quosdam
561 2027 668 2047 aureos
692 2022 720 2048 et
743 2019 850 2048 lateres
869 2027 991 2056 quoque

166 2071 274 2091 aureos
291 2062 347 2090 sibi
358 2063 559 2092 conﬁciendos
570 2065 696 2092 curaret.
718 2064 863 2100 Estigitur
877 2065 908 2093 in
925 2073 990 2093 am-

164 2107 264 2136 bobus
275 2108 448 2144 temperatio
455 2116 489 2137 ac
498 2109 739 2144 communicatio,
752 2116 787 2137 ac
798 2117 858 2138 una
870 2109 989 2146 quidem

165 2153 263 2188 magis
276 2154 312 2181 ad
322 2156 462 2182 naturam
476 2154 600 2185 accedit,
625 2154 716 2182 altera
732 2162 799 2182 vero
816 2163 917 2190 regem
928 2163 990 2184 non

165 2198 259 2226 decet.
275 2200 322 2226 Est
334 2199 414 2226 enim
432 2200 511 2234 regis
527 2199 633 2227 docere
661 2199 822 2227 exercitum
837 2201 989 2229 continen-

164 2243 237 2270 tiam
251 2246 278 2271 et
288 2243 510 2277 abstinentiam,
530 2243 663 2279 seipsum
691 2243 834 2272 exhibens
861 2245 989 2280 philoso-

164 2287 270 2322 phum.
285 2289 359 2316 Nam
372 2296 434 2316 non
448 2288 547 2316 solum
562 2288 665 2324 populi
688 2296 789 2323 regem
820 2289 873 2316 sed
898 2290 988 2318 etiam

164 2332 421 2369 perturbationum
437 2341 469 2361 se
479 2332 608 2361 ostendit
619 2341 626 2367 ;
636 2341 671 2361 ex
681 2341 742 2369 quo
755 2332 788 2361 ﬁt
802 2333 904 2370 ipsum
913 2335 988 2363 velle

163 2385 283 2413 quoque
292 2386 364 2406 suos
373 2377 480 2405 milites
493 2377 752 2413 perturbationum
760 2386 846 2413 reges
854 2379 969 2408 efﬁcere
976 2401 983 2408 .

163 2423 184 2450 0
200 2430 303 2451 veram
313 2422 485 2450 beatitatem
501 2422 507 2450 !
528 2423 618 2458 Atqui
632 2422 764 2458 tripodes
773 2425 801 2451 et
810 2423 918 2452 lateres
933 2432 986 2452 au-

161 2474 228 2495 reos
238 2467 317 2500 facit,
334 2470 361 2495 et
375 2467 608 2502 conclaviaipsa
629 2467 711 2495 omni
730 2475 767 2495 ex
790 2470 875 2504 parte
901 2477 985 2504 auro,

162 2512 283 2539 texturis
297 2514 325 2539 et
346 2511 506 2539 unionibus
521 2511 650 2547 complet
667 2521 673 2539 :
690 2520 750 2540 nou
761 2512 824 2548 ipse
837 2522 868 2542 se
885 2521 986 2550 regem

160 2556 301 2591 ostendit,
317 2564 414 2593 neque
429 2556 481 2593 qui
495 2556 553 2584 hoc
562 2556 711 2585 facitillos
737 2566 815 2594 quos
843 2559 918 2594 regit
938 2567 986 2588 re-

160 2609 213 2637 ges
232 2601 330 2636 efﬁcit,
346 2609 415 2630 cum
430 2601 704 2638 perturbationibus
726 2605 754 2630 et
780 2602 985 2639 voluptatibus

159 2646 330 2681 turpissime
358 2647 497 2675 serviunt.
532 2647 623 2675 Porro
658 2647 819 2674 amborum
843 2648 910 2675 ﬁnis
940 2649 983 2678 fa-

160 2689 268 2717 cillime
290 2691 404 2720 ostendi
427 2693 533 2728 potest,
558 2693 585 2720 et
613 2691 726 2719 nemini
752 2694 796 2719 est
824 2691 981 2721 obscurus.

161 2735 243 2761 Unus
255 2735 335 2763 enim
349 2744 384 2764 ex
399 2744 492 2773 parvo
505 2743 634 2771 magnus
647 2735 751 2769 evasit,
771 2743 790 2764 a
811 2738 870 2764 ﬁne
886 2745 983 2774 usque

159 2777 200 2808 ad
209 2777 312 2815 ﬁnem,
321 2780 413 2817 idque
425 2789 478 2817 per
498 2780 689 2817 prudentiam
708 2782 737 2810 et
764 2782 944 2818 sapientiam
973 2792 981 2811 :

946 109 1125 139 ADDENDA.

187 179 321 214 ὑπὸθεσιν,
339 187 384 204 και
399 186 458 213 περι
472 185 517 212 μεν
531 176 628 205 ταύτης
645 175 672 206 ἐς
697 176 784 202 τόσον.
813 175 930 210 Εῐπωμεν
957 171 986 200 δὲ
1015 174 1040 200 Α
1068 176 1245 211 φυσικωτέραν
1280 177 1374 212 κρᾶσιν
1411 174 1534 201 κοινωνία
1559 175 1604 200 καὶ
1647 173 1743 210 μᾶλλον

1791 175 1881 210 αταθὴ

1068 222 1114 249 τῆς
1124 220 1200 255 μόνον
1215 221 1282 246 κατά
1294 223 1388 256 κρᾶσιν
1402 221 1447 245 καὶ
1464 219 1544 246 θέσιν.
1564 218 1634 245 Ἴσοι
1661 219 1711 255 γὰρ
1817 223 1880 255 τιμῇ

1067 262 1150 298 οὗτοι,
1185 264 1240 291 ἐπεὶ
1280 263 1411 301 βασιλεῖς,
1445 264 1497 290 ἀλλ’
1523 265 1536 289 ὁ
1569 265 1613 300 μὲν
1639 264 1806 301 μεγαλοφυής
1839 269 1883 292 καὶ

1067 308 1232 344 μεγαλοφυὼν
1243 311 1373 341 κοινωνός,
1394 310 1406 335 ὁ
1435 307 1464 335 δὲ
1487 311 1626 346 μικρὸνους
1649 312 1693 335 καὶ
1716 309 1883 338 κωπηλικὼν

1066 355 1187 384 κοινωνός
1203 363 1210 371 ·
1227 353 1378 390 ὠνόμασται
1393 355 1443 390 γὰρ
1472 363 1533 380 ποτε
1563 355 1606 379 καὶ
1631 354 1757 392 Τραῑανός
1787 355 1880 389 πατὴρ

1068 395 1115 424 διὰ
1127 399 1155 424 τό
1171 397 1278 434 ἀγαθόν,
1295 401 1382 435 Νέρων
1394 396 1424 425 δὲ
1449 399 1548 436 θηρίον,
1572 398 1669 434 Ξέρξης
1697 396 1727 425 δὲ
1747 397 1882 431 κάπηλος,

1067 443 1107 468 ὅτι
1144 443 1209 479 ἄγαν
1233 444 1258 469 ἐν
1283 447 1318 479 τῷ
1361 445 1406 474 τὰς
1445 445 1534 479 φύσεις
1567 442 1719 472 καπηλεύειν
1751 444 1883 469 ἐθεοποιει

1067 487 1155 521 αὐτὸν,
1190 488 1333 518 πλατάνους
1365 488 1569 519 κατασκευάζων
1602 490 1705 525 χρυσᾶς
1734 487 1881 524 sipuncu-

1068 532 1163 566 σας,ἣ
1203 533 1298 569 μᾶλλον
1337 534 1383 558 σὺν
1422 531 1492 568 αὐτῴ
1525 533 1620 568 τάχιον
1654 531 1880 569 φυλλοῤῥοούσαςσ

1065 577 1145 604 Ὠστε
1186 577 1248 604 αὐτὸ
1286 578 1354 604 θέσει
1391 578 1447 604 τινὰ
1478 578 1574 603 τούτων
1603 577 1618 606 ἢ
1643 577 1732 614 ἐτέρων
1762 579 1811 603 καί
1839 587 1879 603 τοι

1066 624 1166 660 μυρίων
1187 624 1264 649 ὄντων
1302 620 1421 656 ἐδόξασε,
1456 621 1502 648 κᾶν
1530 620 1669 653 ἐδοξάζετο
1694 622 1775 655 θέσει,

1065 668 1095 693 τὸ
1110 668 1196 703 φύσει,
1211 668 1272 703 ὅπερ
1292 669 1337 693 καὶ
1356 669 1442 703 τίμιον
1470 669 1514 692 καὶ
1540 668 1637 703 κυρίως
1664 669 1707 692 και
1735 663 1876 693 ἰδιαίτατα

1066 714 1231 748 τιμιώτατον,
1262 711 1325 749 Ἐρᾲ
1352 710 1382 738 δὲ
1404 713 1450 738 καὶ
1484 710 1612 748 βασιλεως
1652 711 1768 747 ὑφάντης
1794 715 1874 738 τοῦτο

1066 758 1194 793 φυσικόν·
1209 755 1332 792 ἀνάγεται
1360 758 1410 793 γὰρ
1439 757 1469 783 τό
1497 755 1636 792 ἐλάχιστον
1659 757 1723 793 πρὸς
1747 758 1777 782 τὸ
1804 756 1873 790 ὅλον,

1066 803 1110 828 καὶ
1127 800 1252 838 βασιλεύς
1272 799 1432 837 ἀποδέχεται
1458 800 1586 832 λιθοξὸον,
1613 802 1696 827 Τοῦτο
1726 799 1875 837 φιλάνθρω-

1066 856 1113 873 πον
1132 857 1138 863 ·
1156 848 1224 882 φέρει
1239 847 1289 883 γὰρ
1309 847 1338 872 τὸ
1365 845 1421 872 ὅλον
1444 846 1477 872 τὰ
1494 848 1571 884 μέρη.
1605 847 1740 875 Σκόπησον
1775 844 1807 872 δε
1834 847 1875 872 ὅτι

1067 891 1157 928 ἕλλογα
1170 895 1272 918 ταῦτα·
1287 891 1334 918 οὐκ
1360 889 1430 918 εἶπον
1456 892 1506 929 γὰρ
1533 892 1574 917 ὅτι
1597 894 1713 917 κοινωνεῖ
1739 889 1876 927 βασιλέως

1066 938 1188 974 ὑφάντης,
1202 936 1254 963 ἀλλ’
1273 937 1314 963 ὅτι
1335 935 1390 973 ἐρᾷ,
1418 935 1471 962 ἀλλ’
1496 934 1558 963 οὐδὲ
1584 936 1710 972 βασιλεὺς
1728 940 1777 963 τοῦ
1803 936 1875 963 λιθο-

1067 982 1125 1014 ξὸου
1155 981 1208 1008 ἀλλ’
1232 980 1394 1017 ἀποδέχεται
1417 981 1483 1007 ὥστε
1510 983 1540 1007 τό
1581 979 1777 1017 ἀποδέχεσθαι,
1805 983 1875 1012 τινός

1066 1026 1121 1054 ἐστι
1149 1028 1194 1053 καὶ
1229 1026 1281 1062 οὐχ
1310 1026 1368 1056 ὅλης
1406 1029 1452 1056 τῆς
1481 1028 1620 1056 κοινωνίας.
1650 1025 1735 1052 Ὀπου
1765 1027 1818 1062 γὰρ
1842 1028 1873 1052 τὸ

1065 1073 1212 1098 κοινωνικὸν
1253 1072 1334 1107 ὄνομα
1372 1074 1466 1103 κεῖται,
1507 1072 1553 1100 τὴν
1592 1074 1640 1097 τῶν
1679 1072 1872 1096 κοινωνούντων

1066 1114 1201 1146 δηλοποιιί
1233 1117 1393 1152 συμφωνίαν.
1433 1118 1553 1146 Τοιοῦτος
1588 1116 1638 1152 γάρ
1675 1113 1731 1141 ἐστι
1761 1115 1874 1146 ἕκαστος

1064 1159 1154 1198 οἷσπερ
1174 1159 1266 1191 ἣδεται
1280 1160 1371 1194 ξυνὼν,
1387 1161 1421 1191 ὡς
1435 1161 1480 1186 καὶ
1504 1161 1533 1186 τό
1561 1159 1632 1196 φίλος
1650 1161 1676 1185 τί
1701 1159 1774 1186 ἐστιν
1795 1159 1872 1190 ἄλλος

1064 1206 1142 1236 αὐτὸς
1169 1216 1174 1223 ·
1196 1209 1310 1231 κοινωνεῖ
1333 1206 1378 1241 μὲν
1408 1205 1458 1241 γὰρ
1485 1208 1539 1235 τοῖς
1568 1205 1676 1240 ὁμοίοις,
1704 1202 1872 1240 ἀποδέχεται

1063 1249 1093 1277 δὲ
1106 1252 1151 1276 καί
1165 1260 1225 1277 ποτε
1239 1252 1272 1276 τὰ
1299 1252 1334 1286 μὴ
1361 1250 1438 1286 ὅμοιά
1460 1259 1511 1284 τις,
1539 1249 1592 1276 οἷον
1622 1249 1699 1275 ῖππον
1725 1249 1740 1278 ἡ
1763 1248 1828 1285 βοῦν
1854 1249 1870 1278 ἦ

1062 1299 1138 1324 κῡνα,
1154 1293 1251 1326 Οὐδεὶς
1263 1295 1313 1332 γὰρ
1333 1297 1450 1320 κοινωνεῖ
1477 1294 1547 1329 ἵππῳ
1572 1295 1634 1329 τινὶ,
1661 1295 1707 1319 καὶ
1735 1291 1823 1323 οὐδεὶς
1840 1292 1871 1319 οὐ

1020 1397 1040 1424 C
1055 1397 1128 1426 alter
1140 1405 1211 1425 vero
1226 1404 1245 1425 a
1259 1395 1317 1425 ﬁne
1328 1398 1357 1424 et
1367 1396 1426 1424 ﬁne
1439 1403 1537 1432 usque
1548 1395 1588 1424 ad
1598 1397 1746 1432 punctum
1763 1404 1769 1423 :
1791 1394 1887 1424 idiota

1055 1444 1083 1470 et
1096 1442 1162 1470 auri
1181 1449 1287 1478 expers
1300 1441 1401 1469 evasit.
1419 1442 1516 1473 Quare
1540 1440 1716 1468 communio
1739 1439 1792 1468 illa
1816 1448 1887 1476 quae

1053 1488 1098 1514 est
1125 1494 1162 1514 ex
1195 1485 1410 1521 temperatione
1444 1484 1581 1518 naturali,
1610 1483 1705 1512 multo
1728 1483 1838 1512 melior
1859 1486 1888 1512 et

1050 1530 1240 1567 praestantior
1264 1532 1308 1557 est
1331 1537 1377 1564 ea,
1393 1537 1461 1565 qua:
1481 1531 1526 1557 est
1552 1537 1588 1556 ex
1617 1529 1838 1565 temperatione
1858 1532 1887 1558 et

1051 1575 1271 1604 constitutione.
1285 1576 1359 1603 Nam
1367 1582 1452 1609 reges
1464 1573 1511 1602 isti
1522 1573 1635 1602 honore
1650 1575 1720 1601 sunt
1734 1573 1885 1610 aequales.

1051 1619 1108 1648 Sed
1121 1627 1198 1647 unus
1206 1622 1252 1647 est
1266 1619 1478 1655 magnanimus
1486 1626 1521 1646 ac
1530 1618 1622 1652 tortis,
1632 1621 1660 1646 et
1667 1619 1885 1653 magnonimo-

1048 1672 1116 1692 rum
1126 1672 1162 1693 ac
1170 1665 1292 1692 fortium
1301 1664 1401 1692 socius
1414 1672 1420 1698 ;
1432 1663 1505 1691 alter
1515 1671 1586 1691 vero
1596 1665 1641 1690 est
1651 1662 1774 1698 angusti
1785 1663 1882 1691 animi

1048 1711 1077 1737 et
1091 1717 1263 1745 cauponum
1284 1709 1392 1736 socius.
1405 1709 1436 1735 Et
1450 1708 1596 1743 Trajanus
1610 1707 1683 1735 olim
1705 1707 1880 1744 appellatus

1047 1755 1091 1781 est
1112 1756 1195 1789 pater
1214 1755 1335 1790 propter
1367 1753 1542 1784 bonitatem,
1562 1752 1638 1780 Nero
1665 1752 1740 1786 fera,
1770 1753 1878 1780 Xerxes

1046 1805 1156 1834 caupo,
1178 1798 1324 1834 quoniam
1346 1799 1470 1825 naturas
1496 1804 1597 1824 rerum
1619 1796 1827 1832 cauponando
1847 1804 1878 1824 se

1047 1844 1106 1870 Deo
1116 1851 1221 1878 parem
1237 1842 1360 1870 reddere
1370 1841 1490 1870 volebat
1506 1850 1513 1869 :
1528 1848 1595 1869 cum
1613 1840 1753 1877 platanos
1769 1849 1878 1870 aureas

1047 1886 1103 1914 sibi
1131 1886 1334 1915 conﬁciendas
1370 1887 1488 1914 curaret
1511 1884 1676 1913 virentibus
1705 1885 1797 1920 foliis,
1826 1894 1879 1915 seu

1046 1931 1144 1968 potius
1154 1939 1223 1960 cum
1239 1932 1304 1968 ipso
1320 1931 1418 1959 ﬂuxis.
1429 1931 1527 1964 Quare
1537 1929 1620 1964 illud,
1635 1930 1721 1966 quod
1731 1931 1878 1959 constitu-

1046 1976 1126 2004 tione
1141 1979 1258 2005 constat
1268 1979 1407 2005 neutrum
1422 1975 1541 2004 illorum
1555 1982 1672 2011 regum,
1695 1983 1798 2012 neque
1808 1976 1879 2005 alio.

1044 2029 1113 2049 rum
1127 2021 1285 2049 hominum
1307 2021 1449 2057 quamvis
1470 2020 1665 2053 inﬁnitarum,
1687 2027 1877 2057 quemquam

1007 2077 1029 2104 ο
1044 2065 1209 2100 gloriosum
1224 2065 1362 2094 reddidit.
1385 2065 1442 2094 Sed
1466 2065 1514 2093 fac
1536 2064 1700 2099 gloriosum
1721 2065 1813 2093 reddi
1826 2065 1876 2094 ali-

1043 2117 1134 2146 quem
1145 2118 1180 2138 eo
1193 2110 1277 2147 quod
1289 2109 1435 2146 positione
1448 2111 1565 2137 constat
1577 2108 1671 2137 multo
1691 2109 1792 2144 magis
1804 2118 1876 2138 sane

1043 2162 1079 2182 eo
1091 2154 1174 2191 quod
1193 2157 1302 2183 natura
1320 2158 1364 2183 est
1377 2157 1405 2182 et
1426 2155 1553 2189 constat,
1579 2153 1663 2190 quod
1686 2161 1751 2182 non
1774 2154 1874 2184 solum

1042 2199 1156 2227 honore
1168 2199 1295 2235 dignum
1308 2202 1361 2232 est.
1376 2199 1430 2227 sed
1440 2198 1531 2227 etiam
1544 2198 1576 2226 in
1593 2197 1697 2234 primis
1720 2198 1872 2236 longeque

1043 2244 1263 2279 dignissimum.
1273 2245 1377 2272 Textor
1388 2246 1488 2272 autem
1500 2245 1583 2272 amat
1591 2250 1692 2278 regem
1705 2252 1712 2272 :
1724 2244 1872 2273 nimirum

1042 2287 1099 2316 hoc
1114 2292 1158 2316 est
1172 2288 1317 2321 naturale,
1334 2296 1403 2316 cum
1413 2288 1497 2321 illud,
1523 2287 1608 2324 quod
1632 2289 1676 2316 est
1695 2288 1870 2325 minimum,

1042 2333 1080 2361 ad
1092 2334 1187 2361 totum
1211 2333 1366 2362 referatur.
1381 2334 1438 2361 Rex
1462 2340 1583 2369 quoque
1597 2332 1763 2368 lapicidam
1779 2335 1872 2362 susci-

1041 2378 1094 2414 pit,
1104 2378 1245 2406 nimirum
1254 2378 1312 2406 hoc
1322 2378 1491 2406 humanum
1501 2379 1555 2405 est.
1568 2378 1642 2405 Nam
1662 2379 1760 2406 totum
1771 2382 1871 2416 partes

1041 2431 1112 2451 suas
1126 2431 1188 2451 non
1203 2423 1314 2458 abjicit.
1328 2422 1489 2451 Considera
1507 2429 1578 2450 vero
1597 2429 1692 2458 quam
1707 2422 1788 2451 bene
1807 2424 1872 2453 haec

1041 2475 1110 2496 cum
1123 2467 1238 2496 ratione
1253 2467 1411 2504 quadrent.
1422 2468 1486 2495 Non
1501 2466 1561 2495 dixi
1576 2469 1720 2496 tenorem
1732 2476 1871 2498 commu-

1039 2513 1162 2541 nionem
1175 2512 1351 2540 constituere
1364 2520 1433 2539 cum
1445 2519 1524 2546 rege,
1542 2511 1595 2539 sed
1613 2519 1715 2547 regem
1741 2515 1840 2543 amari
1853 2523 1872 2544 a

1039 2560 1161 2586 textore.
1175 2559 1274 2593 Neque
1288 2564 1341 2585 rex
1350 2556 1513 2592 lapicidam
1536 2564 1639 2584 amore
1663 2559 1869 2595 prosequitur,

1039 2602 1092 2630 sed
1101 2601 1390 2638 suscipitduntaxat.
1405 2601 1502 2634 Quare
1526 2600 1678 2636 suscipere
1702 2604 1749 2630 est
1766 2603 1870 2639 aliquo

1037 2647 1128 2675 modo
1135 2655 1195 2675 non
1202 2646 1320 2682 penitus
1327 2645 1484 2674 etomnino
1490 2645 1724 2674 communicare.
1731 2647 1786 2675 Ubi
1793 2649 1868 2676 enim

1037 2692 1258 2721 communionis
1298 2698 1410 2720 nomen
1437 2690 1575 2725 "ﬁnditur,
1605 2693 1770 2720 concentus
1790 2693 1867 2722 inter

1037 2737 1250 2766 communione
1265 2737 1386 2772 junctos
1408 2735 1586 2763 declaratur.
1618 2735 1695 2764 Talis
1704 2737 1796 2766 'enim
1821 2742 1865 2769 est

1036 2782 1254 2819 unusquisque,
1269 2781 1376 2818 quales
1389 2782 1460 2810 sunt
1477 2788 1547 2809 cum
1569 2780 1681 2817 quibus
1702 2784 1817 2813 versari
1829 2784 1863 2814 ιί.

1831 111 1895 140 £360
1938 111 1939 116 “
