1967 3080
84 134 164 161 1361

102 196 226 222 κοὶνωνςῖ
244 194 370 233 ἀνθρώπῳ
390 197 441 222 τινί
460 206 465 212 ·

105 239 238 276 ἇνϐρωπῳ
252 243 312 274 τινὶ,
335 239 387 266 ἀλλ’
404 239 586 277 ἀποδέχεσθαι
609 242 661 268 οἷόν
680 251 718 272 τις
748 243 912 278 στρατιώτης

105 283 273 320 ἀποδέχεται
303 284 420 320 (ﬂagito-1,
441 285 470 312 οὐ
490 290 605 312 κοινωνεῖ
631 285 661 313 δέ
679 296 685 303 ο
708 289 854 323 στρατιώτῃ
881 283 911 311 δέ

103 339 160 356 τινι
175 333 300 365 κοινωνεῖ,
321 330 391 366 ἵππῳ
412 327 451 365 di,
477 331 492 361 ἡ
513 330 587 366 λίθῳ,
603 331 770 369 ἦγμαργαρῳ,
796 331 811 360 ἣ
833 330 911 367 ἑτέρῳ

101 377 159 401 τινὶ
188 374 218 401 οὐ
240 379 364 408 κοινωνεῖ,
396 379 511 402 κοινωνεῖ
527 374 556 402 δὲ
577 377 622 403 καὶ
641 380 699 408 ταῖς
724 379 831 413 τροφαῖς
865 373 911 402 διὰ

102 421 155 449 τὴν
170 420 309 447 σύστασιν.
325 423 406 447 Τοῦτο
421 418 450 447 δὲ
463 422 548 447 κοινὸν
572 423 627 457 μὲν,
658 423 714 457 ἔχει
739 419 768 448 δὲ
793 431 838 447 και
853 430 911 447 τινα

104 462 237 502 διαφοράν
253 475 259 482 ·
275 465 348 492 ἄλλοι
366 466 416 503 γὰρ
437 465 524 499 ἄλλας,
541 468 586 492 καὶ
612 466 688 497 ἄλλας
707 466 799 503 ἕτεροι,
826 463 911 496 οὐδεὶς

104 507 139 537 δὲ
157 509 187 536 οὗ
216 514 331 537 κοινωνεῖ
356 514 453 547 τροφῆς
481 511 496 540 ἢ
523 509 693 547 ἁποδέχιται.
729 511 848 548 Ἐναργὲς
881 508 910 536 δὲ

103 555 153 580 καὶ
169 553 196 580 ὶκ
214 559 264 581 τῶν
289 559 399 591 τροφῶν,
429 556 469 581 ὃτι
488 557 533 581 καὶ
562 557 637 592 φύσις
664 557 710 582 καὶ
738 558 843 593 κρᾶσις,
865 557 910 581 καὶ

102 601 250 637 τιμιωτέρα
282 600 297 629 ἠ
324 601 402 636 φύσις
425 604 472 631 τῆς
497 601 612 637 κράσεως
639 609 646 616 ⁶
675 600 708 631 εἷς
734 610 759 626 τι
791 601 842 637 γὰρ
866 602 910 626 καὶ

104 647 216 682 τροφαῖς
236 645 250 673 ἡ
283 642 398 682 διαφορὰ
425 647 468 670 καὶ
493 646 517 670 ῐν
541 655 607 678 τισι,
633 646 680 675 τὰς
706 643 736 671 δὲ
750 646 837 675 κοινὰς
865 647 909 671 καὶ

104 690 287 726 φυσικωτέρας
315 690 340 715 οἱ
367 689 462 725 μᾶλλον
491 690 635 726 αἱροῦνται.
679 689 755 726 Ἔχει
793 691 837 726 μὲν
866 687 910 716 οὖν

103 734 178 760 κατὰ
202 734 297 768 πάντα,
328 734 363 765 ὡς
387 731 510 770 ἐδείχθη,
539 736 568 760 τὸ
597 728 672 771 φύσει
697 738 743 760 τοῦ
771 735 839 761 θέσει
863 736 909 764 τὴν

104 779 244 816 ὑπεροχὴν
262 789 268 795 ·
287 782 403 805 κοινωνεῖ
422 777 452 805 δί
464 782 508 805 καὶ
529 778 608 816 ἰατρῷ
632 780 645 806 ὀ
674 778 806 816 βασιλεὺς,
833 782 909 806 τοῦτο

103 824 218 858 φυσικὸν
241 825 286 849 καὶ
312 822 490 861 φιλάνθρωπον
512 834 518 840 ·
545 827 611 860 τρεῖς
629 824 680 861 γὰρ
708 825 840 850 κοινωνίαι
873 827 909 859 τῷ

100 868 218 904 ἄρχοντι
237 866 439 904 ἁρμοδιώτατοι,
457 867 605 904 φιλοσοφία,
642 871 775 906 στρατεία,
803 868 906 906 ἰατρική

100 913 171 949 μετὰ
185 916 235 938 τῶν
257 910 406 949 ἰδιωμάτων
421 913 517 947 αὐτῶν,
533 915 578 939 καὶ
597 917 643 944 τῆς
662 915 707 950 μὲν
722 916 793 949 μιᾶς,
819 917 909 944 κοινῆς

99 958 187 987 οὔσης
201 959 246 983 καὶ
267 955 409 988 διεπούσης
428 958 513 984 πάντα
541 957 692 994 πολλαχῶς,
721 959 755 989 ὡς
785 956 827 984 δεῖ
848 967 906 984 κοι-

98 1005 190 1028 νωνιῖν
224 1003 316 1040 ταύτῃ,
366 1001 578 1039 διασαφήσαντες
622 1003 734 1039 εἰπομιν.
777 1005 907 1040 Σωτήριος

97 1046 152 1083 γάρ
180 1045 236 1072 ἔστι
264 1050 354 1072 πασῶν
386 1049 430 1072 καὶ
463 1048 564 1073 πάντων
589 1047 667 1081 αὕτη,
690 1049 735 1073 καὶ
757 1045 804 1073 διὰ
830 1051 905 1073 τοῦτο

101 1089 147 1117 δεῖ
160 1094 288 1117 κοινωνεῖν
304 1091 385 1128 ταύτῃ
407 1092 450 1117 τὸν
465 1092 594 1128 ἄρχοντα⁷
624 1089 714 1120 ἐπειδὴ
744 1094 831 1129 σωτὴρ
861 1095 906 1118 καὶ

101 1134 263 1171 ὶπιμελητὴς
279 1134 374 1171 ψυχῶν
402 1138 447 1162 καὶ
468 1137 594 1172 σωμάτων
610 1135 676 1170 ἐστὶ,
709 1140 757 1162 τῶν
774 1134 847 1162 δυοῖν
864 1134 903 1169 δὲ,

865 1190 905 1206 ιπι

101 1180 138 1210 ὡς
169 1181 235 1216 μετὰ
264 1181 362 1209 ταύτην
401 1181 528 1216 σωμάτων
563 1180 646 1206 οὐσῶν
681 1182 824 1217 σωτηρίων,

102 1224 205 1262 μείζονι
229 1226 272 1251 καὶ
301 1224 416 1251 ἐλάττονι
447 1227 544 1263 τρόπῳ.
564 1228 593 1251 'll
625 1227 670 1262 μὲν
698 1226 748 1262 γὰρ
775 1229 821 1252 τοῦ
845 1225 904 1252 ὅλον

86 1339 166 1368 bens
179 1340 270 1369 solet:
292 1340 366 1378 quid
381 1340 462 1370 enim
477 1340 616 1370 estaliud
640 1340 755 1370 amicus
770 1349 864 1377 quam
879 1340 920 1369 al-

86 1387 132 1413 ter
143 1384 233 1421 ipse?
247 1387 322 1414 Nam
342 1385 455 1414 similes
478 1394 548 1414 cum
577 1385 723 1414 similibus
751 1385 922 1414 societatem

85 1431 256 1459 consituere
269 1431 421 1461 solent.At
431 1431 554 1468 suscipit
564 1439 625 1459 non
641 1431 749 1459 similia
757 1431 921 1467 aliquando

83 1475 207 1512 aliquis,
220 1477 251 1503 ut
263 1476 514 1512 equum,bovem,
527 1484 647 1504 canem:
659 1483 748 1504 nemo
761 1476 839 1504 enim
850 1484 920 1504 cum

82 1527 165 1556 equo
180 1519 425 1549 communionem
448 1520 585 1549 instituit.
610 1521 641 1548 Et
651 1520 752 1548 nullus
765 1528 826 1548 non
841 1528 921 1548 com-

81 1564 324 1594 munioneminit
335 1573 404 1593 cum
421 1565 523 1602 aliquo
541 1565 673 1594 homine.
692 1566 750 1593 Usu
762 1567 862 1593 autem
874 1573 920 1594 ve-

80 1609 126 1637 nit
138 1609 316 1645 aliquando,
333 1611 366 1638 ut
374 1609 466 1638 homo
477 1618 546 1637 cum
578 1609 679 1646 aliquo
698 1610 820 1638 homine
835 1617 918 1638 com-

82 1653 261 1682 munionem
275 1661 336 1682 non
349 1654 439 1687 ineat,
456 1654 510 1682 sed
523 1662 593 1682 eum
619 1654 773 1690 suscipiat,
790 1657 822 1683 ut
834 1654 919 1683 miles

81 1697 194 1734 aliquis
214 1697 414 1734 byeldopsum
431 1698 563 1734 suscipit,
581 1698 633 1726 sed
646 1706 706 1726 non
732 1699 917 1727 communio-

81 1750 155 1770 nem
167 1742 221 1770 init
237 1751 244 1771 :
259 1744 365 1771 atcum
377 1742 468 1771 milite
480 1743 581 1780 aliquo
597 1743 841 1771 communionem
853 1744 916 1779 init,

82 1795 155 1816 cum
166 1795 246 1824 equo
260 1796 328 1816 vero
344 1791 396 1816 aut
409 1787 521 1824 lapide,
544 1790 595 1816 aut
615 1787 724 1816 unione
737 1791 802 1816 .aut
816 1788 918 1825 aliqua

80 1832 272 1868 ejusmodire
285 1840 346 1860 non
355 1833 406 1860 init
418 1833 663 1860 communionem
675 1833 914 1862 autsocietatem-

81 1877 242 1911 Praeterea,
257 1885 327 1904 cum
342 1877 492 1905 alimentis
518 1877 764 1905 communionem
777 1876 830 1904 init
846 1885 916 1913 pro-

80 1924 148 1958 pter
160 1921 295 1957 corporis
310 1921 565 1956 constitutionem,
583 1921 636 1949 sed
651 1923 696 1948 est
721 1920 844 1957 aliquod
871 1921 914 1949 di-

80 1965 222 1993 scrimen.
239 1965 294 1993 Alii
306 1966 386 1994 enim
401 1965 477 1994 alios
494 1965 550 1993 sibi
568 1965 651 1993 cibos
675 1967 789 2001 optant.
821 1967 913 1994 Nemo

79 2017 151 2038 vero
165 2017 225 2038 non
232 2010 393 2046 participat
402 2010 588 2046 alimentum,
599 2012 651 2038 aut
661 2010 759 2046 ipsum
771 2010 910 2046 suscipit;

79 2057 172 2091 atque
186 2062 223 2082 ex
237 2055 385 2083 alimentis
396 2054 562 2090 intelligunt
579 2062 684 2083 omnes
695 2063 759 2082 esse
771 2057 911 2084 naturam

78 2102 108 2128 et
120 2100 431 2136 temperationemzac
448 2103 588 2128 naturam
616 2099 740 2136 quidem
764 2101 911 2135 tempera-

79 2144 159 2172 tione
175 2152 240 2172 esse
251 2144 497 2180 praestantiorem.
514 2146 588 2172 Nam
603 2144 766 2173 discrimen
790 2144 911 2173 alimen-

79 2191 179 2217 torum
192 2189 231 2217 ad
240 2189 371 2225 aliquem
387 2188 479 2217 linem
493 2191 606 2225 spectat
623 2191 651 2217 et
669 2189 699 2217 in
726 2189 910 2225 quibusdam

79 2233 226 2262 consistit.
245 2233 421 2262 Communia
436 2236 537 2262 autem
559 2236 588 2262 et
598 2234 694 2269 magis
707 2234 746 2262 ad
769 2236 910 2262 naturam

79 2277 254 2306 accedentia
268 2277 416 2306 elementa
427 2278 577 2314 sapientes
590 2278 647 2305 sibi
663 2278 760 2314 potius
786 2278 908 2313 eligunt.

79 2323 200 2351 Excellit
214 2323 302 2358 igitur
318 2323 348 2351 in
361 2323 504 2351 omnibus
523 2323 598 2350 illud
613 2323 697 2359 quod
710 2325 816 2352 natura
828 2326 870 2352 est
882 2326 909 2352 et

78 2367 321 2404 prmstateiquod
333 2370 375 2396 est
390 2368 548 2404 positione.
564 2368 655 2395 Porro
665 2376 701 2395 ex
710 2376 830 2404 quoque
840 2376 909 2397 cum

77 2412 197 2441 medico
205 2412 449 2440 communionem
461 2412 524 2440 init.
531 2413 599 2440 Tres
606 2412 686 2440 enim
693 2415 763 2440 sunt
772 2420 905 2440 commu-

75 2457 241 2486 nicationes
249 2457 422 2493 imperatori
431 2457 763 2490 accommodatissimas,
775 2457 904 2493 philoso-

72 2502 155 2540 phia,
169 2501 284 2535 militia,
306 2502 454 2530 medicina
466 2510 536 2530 eum
551 2502 612 2530 suis
633 2510 761 2538 quaeque
773 2503 903 2538 proprie-

71 2547 195 2576 tatibus.
217 2549 256 2574 Ac
269 2554 324 2574 nos
335 2546 458 2583 quidem
492 2547 563 2575 satis
592 2546 812 2575 declaravimus
840 2555 901 2584 quo

69 2593 159 2628 pacto
168 2591 265 2618 multis
275 2591 375 2619 modis
387 2591 633 2620 communionem
645 2591 726 2620 illam
737 2594 764 2620 et
775 2600 827 2628 per
837 2600 901 2620 om-

69 2636 120 2664 nia
134 2638 340 2672 permeantem
353 2635 507 2664 scientiam
528 2636 706 2672 participare
722 2636 897 2665 debeamus.

69 2679 225 2718 lpsaenim
235 2681 280 2708 est
291 2680 427 2708 omnium
439 2680 631 2709 scientiarum
648 2683 675 2709 et
696 2681 832 2709 omnium
847 2682 898 2710 ho-

70 2725 187 2753 minum
198 2725 411 2760 conservatrix,
425 2725 511 2760 cujus
525 2728 696 2762 compotem
704 2728 821 2762 oportet
834 2734 899 2755 esse

70 2770 293 2806 imperatorem,
303 2770 551 2806 quandoquidem
567 2770 739 2799 animorum
754 2773 782 2800 et
797 2779 900 2808 corpo-

70 2815 139 2846 tum
150 2815 197 2845 ut
210 2816 342 2844 servator
352 2816 380 2844 ot
389 2816 518 2845 curator.
538 2815 613 2844 Cum
639 2817 740 2845 autem
764 2815 832 2845 dum
843 2808 901 2846 sint

546 134 723 162 THEODORI
737 134 760 162 ΙΙ
775 132 845 162 IMP.
864 132 909 160 DE
925 130 1154 161 COMMUNIONF.
1169 133 1355 163 NATURALI.

497 197 551 222 ἔστι
570 194 600 223 δὲ
632 207 683 223 τινι
716 198 751 234 μὴ
781 198 909 222 κοινωνιῖν
941 195 964 222 Α
994 195 1062 225 ζώου
1090 195 1172 232 φύλαξ
1198 196 1345 234 ἀνθρώπου,
1373 196 1386 225 ἡ
1421 194 1451 222 δὲ
1474 196 1544 233 παρὰ
1574 198 1658 232 μέρος.
1691 191 1792 234 ’ἰητρὸς

937 850 957 876 Β

1738 136 1806 163 1382

993 240 1043 277 γὰρ
1057 239 1121 276 ἀνὴρ
1134 239 1233 266 πολλῶν
1248 240 1367 272 ἀντάξιος
1382 239 1474 272 ἀλλων,
1492 242 1550 276 περὶ
1578 238 1607 266 δὲ
1630 246 1790 278 στρατηγοῦ,

994 285 1029 315 εἷς
1043 287 1144 322 μυρίοι,
1161 283 1282 314 δηλονότι
1298 286 1332 316 εἷς
1347 286 1440 315 πάντες
1456 293 1462 300 ·
1478 285 1507 310 οὐ
1533 286 1583 320 γὰρ
1612 284 1664 311 εἷπε
1691 288 1790 323 μύριοι,

994 327 1057 355 ἀλλὰ
1071 331 1170 366 μυρίοι,
1196 333 1273 355 τοῦτο
1301 327 1331 355 δὲ
1346 331 1375 355 τὸ
1399 330 1494 360 πάντες
1517 327 1602 358 δηλοῖ.
1627 333 1718 366 Πρωτη
1746 332 1790 367 μὲν

993 371 1035 400 οὖν
1065 375 1079 404 ἡ
1107 376 1282 411 στρατιωτικὴ
1321 374 1352 405 ἧς
1387 373 1443 400 ἔστι
1471 376 1516 400 καὶ
1535 373 1561 405 ἐξ
1586 374 1618 405 ἧς
1645 375 1717 411 παρὰ
1744 379 1792 406 τῆς

992 421 1097 456 πρώτης
1112 421 1156 445 καὶ
1171 420 1183 445 ὁ
1199 420 1274 456 φύσει
1295 420 1452 456 στρατηγὸς,
1482 417 1603 456 δευτέραν
1624 417 1654 445 δὲ
1676 422 1791 455 κρίνομεν

991 466 1038 493 τὴν
1067 463 1196 500 ἰατρικὴν,
1225 465 1291 500 μετὰ
1328 462 1358 490 cli
1383 465 1479 495 ταύτας
1517 464 1546 490 οὐ
1577 468 1704 491 κοινωνεῖν
1738 463 1792 491 δεῖν

993 512 1050 539 ταῖς
1073 508 1163 540 ἄλλαις
1198 510 1241 535 τὸν
1267 510 1386 546 ἄρχοντα
1424 508 1528 544 λέγομεν
1558 507 1612 534 ἀλλ’
1636 508 1790 546 οἰκονομεῖν,

993 552 1140 579 ἐπιτάσσων
1167 554 1254 590 ὥσπερ
1292 552 1318 584 ἐξ
1368 552 1509 590 ἀκρωρείας
1547 554 1617 584 τινος
1648 554 1792 590 καῦὴμενος

993 597 1060 628 ὅπως
1085 598 1142 624 κατ’
1169 597 1316 634 ἐπιστήμην
1343 600 1387 623 καὶ
1420 607 1498 634 φυσιν
1521 599 1550 624 τὸ
1576 601 1626 624 πᾶν
1655 596 1790 631 διέπηται,

992 645 1112 679 καὶπερὶ
1140 644 1186 679 μὲν
1214 647 1259 669 τοῦ
1279 645 1381 678 πρώτου
1409 646 1502 675 ταῦτα,
1528 646 1578 668 τῶν
1598 641 1623 669 δ’
1651 642 1732 669 ὀᾶλων
1759 645 1792 670 τα

1510 689 1611 724 Χρῄζει
1630 688 1680 725 γὰρ
1713 690 1758 714 καὶ
1778 689 1790 714 ὁ

1653 732 1700 764 ’⁵ος
1728 737 1791 768 γοῦν

993 687 1104 724 ἑπόμενα
1141 690 1185 714 καὶ
1215 688 1276 714 ὅσον
1303 689 1335 714 τὰ
1367 687 1468 723 ἔλλογα,

992 732 1132 768 ἓλάχιστος
1158 731 1304 768 βλάναυσος
1341 742 1410 762 τινος
1440 731 1617 768 λογικότητος.

993 777 1082 813 οὕτως,
1104 779 1137 809 ὡς
1152 778 1264 814 εἴρηται,
1289 776 1412 814 βιοτεύει,
1444 777 1572 814 μακάριος
1597 777 1624 808 ὃς
1639 775 1664 803 δ’
1680 779 1709 804 οὐ
1724 781 1791 814 φαῦ-

990 821 1040 853 λος.
1053 822 1124 848 Ἐπεὶ
1140 820 1170 848 6":
1184 824 1337 858 πανταχόσε
1364 823 1393 848 τό
1409 823 1484 858 φύσει
1503 826 1549 848 τοῦ
1582 822 1650 848 θέσει
1675 826 1790 858 κρεῖττον

991 867 1080 904 εὑρέθη
1098 866 1124 893 ἐκ
1140 867 1242 893 πάντων
1267 871 1316 893 τῶν
1342 865 1366 892 ἐν
1394 870 1430 902 τῷ
1464 868 1553 902 κόσμω
1580 868 1668 901 ὄντων,
1697 865 1791 902 μηδεὶς

990 911 1135 938 ἀπατάσθω
1165 914 1244 948 τιμᾷν
1266 913 1295 937 τό
1319 913 1354 948 μὴ
1385 914 1471 947 τίμιον
1498 911 1512 941 ἢ
1541 915 1668 937 κοινωνεῖν
1693 911 1763 947 αὐτῷ
1782 922 1788 929 ο

989 959 1037 993 μία
1051 957 1102 994 γάρ
1118 955 1189 982 ἐστιν
1208 957 1223 986 ἡ
1251 955 1347 986 ὰὶηθής
1373 956 1486 991 εὐγένεια
1503 958 1548 982 καὶ
1562 958 1626 992 τιμὴ
1653 955 1677 982 ἔν
1704 955 1790 992 ἐμψύ-

988 1011 1048 1037 χοις
1071 1011 1098 1027 τε
1135 1003 1180 1027 καὶ
1206 1000 1323 1036 ἀψύχοις
1349 1002 1373 1028 ἐν
1397 1000 1509 1036 λογικοῖς
1538 1003 1583 1027 καὶ
1614 1000 1716 1036 ἀλόγοις
1745 1004 1789 1028 καὶ

986 1049 1076 1081 πᾶσιν,
1097 1047 1111 1075 ἡ
1138 1046 1213 1082 φύσει
1233 1045 1355 1081 εὐγένεια,
1381 1047 1425 1072 καὶ
1456 1047 1504 1081 μία
1531 1048 1652 1071 κοινωνία
1679 1046 1694 1075 ἡ
1722 1047 1789 1072 κατὰ

986 1091 1063 1127 φύσιν
1083 1093 1128 1116 καὶ
1162 1091 1222 1116 ὅσον
1248 1092 1313 1127 πρὸς
1340 1089 1498 1126 ἐπιστήμην,
1534 1091 1560 1116 αἱ
1583 1088 1608 1116 δ’
1635 1089 1711 1116 ἄλλαι
1742 1090 1788 1116 οὐκ

985 1135 1094 1171 ἀγαθαί.
1142 1138 1231 1162 Ταῦτα
1264 1138 1326 1170 γοῦν
1352 1134 1526 1169 ἐξετάσαντες,
1556 1138 1658 1172 πρῶτον
1685 1136 1787 1170 εἴπομεν

985 1179 1061 1206 ἂκαὶ
1076 1178 1261 1216 κεφαλαιωδῶς
1277 1179 1374 1217 ἀπάρτι
1403 1179 1426 1206 ὲν
1456 1180 1519 1215 ἕκτῳ
1546 1179 1613 1216 λόγῳ
1639 1177 1789 1210 «inlunem-

986 1234 1076 1256 σαντες
1091 1227 1136 1255 τὴν
1149 1226 1328 1262 πραγματείαν
1343 1223 1482 1261 ἐντελεχῶς
1497 1223 1669 1262 ἀπολύσομεν.

973 1343 1060 1374 artes,
1067 1349 1135 1378 quae
1144 1349 1213 1369 cum
1221 1340 1271 1369 illa
1280 1341 1585 1377 supremahominum
1594 1349 1722 1378 corpora
1729 1349 1800 1370 con-

973 1390 1102 1421 servant,
1118 1385 1209 1422 idque
1222 1386 1337 1421 majore
1347 1388 1376 1414 et
1388 1386 1503 1414 minore
1532 1386 1624 1414 modo
1639 1396 1646 1415 ε
1665 1394 1726 1414 una
1735 1386 1800 1423 qui-

971 1430 1041 1458 dem
1062 1432 1108 1459 est
1143 1433 1243 1459 custos
1269 1431 1359 1458 totius
1385 1430 1516 1458 hominis
1533 1440 1538 1459 :
1556 1431 1648 1459 altera
1668 1439 1739 1460 vero
1763 1439 1800 1459 ex

971 1478 1061 1511 parte.
1077 1477 1162 1509 Nam,
1178 1478 1212 1504 ut
1227 1476 1266 1504 ait
1284 1475 1440 1510 Homerus,
1457 1475 1500 1503 vir
1536 1476 1670 1504 medicus
1697 1475 1798 1504 multis

971 1519 1037 1548 aliis
1052 1522 1182 1556 praestat.
1199 1520 1274 1548 Cum
1291 1522 1390 1549 autem
1404 1520 1441 1548 de
1454 1519 1530 1548 duce
1550 1520 1695 1548 exercitus
1726 1520 1797 1555 agit.

970 1565 1064 1599 Unus,
1077 1565 1184 1602 inquit,
1197 1567 1242 1593 est
1253 1566 1347 1594 instar
1361 1564 1636 1598 innumerabilium,
1653 1565 1797 1593 nimirum

969 1612 1014 1638 est
1040 1618 1117 1638 unus
1146 1618 1381 1646 omneszneque
1402 1609 1482 1638 enim
1509 1609 1584 1638 dixit
1611 1611 1712 1646 μύριοι,
1742 1610 1796 1638 sed

969 1657 1068 1692 μυρίοι.
1081 1655 1166 1688 Quod
1182 1654 1254 1683 satis
1275 1654 1445 1690 intelligitur
1470 1662 1505 1682 ex
1536 1662 1571 1682 eo
1601 1653 1685 1690 quod
1713 1654 1794 1687 dicit,

968 1707 1085 1727 omnes.
1102 1702 1155 1727 Ars
1166 1699 1255 1734 igitur
1267 1699 1400 1727 militaris
1408 1701 1454 1727 est
1465 1699 1562 1735 prima
1572 1706 1666 1735 quam
1686 1698 1795 1727 deinde

968 1746 1194 1781 consequuntur
1216 1744 1355 1781 reliquae:
1386 1747 1414 1772 et
1443 1744 1495 1780 qui
1525 1746 1632 1772 natura
1661 1746 1725 1772 est:
1748 1751 1794 1772 se-

968 1788 1102 1816 cundum
1117 1796 1186 1816 vero
1197 1787 1236 1816 ab
1252 1788 1301 1817 illa
1321 1788 1502 1816 medicinam
1532 1796 1596 1816 esse
1619 1787 1792 1823 judicamus

967 1841 1036 1862 cum
1047 1833 1122 1867 aliis,
1135 1841 1202 1870 quae
1218 1836 1442 1870 consequuntur
1452 1832 1696 1861 communionem
1711 1832 1792 1860 incre

966 1886 1027 1906 non
1040 1878 1128 1907 debet
1140 1879 1310 1915 imperator,
1325 1878 1377 1906 sed
1388 1877 1453 1906 illas
1465 1885 1567 1912 regere
1588 1879 1735 1913 tanquam
1755 1885 1791 1905 ex

965 1926 1027 1952 arte
1042 1923 1176 1960 quadam
1189 1924 1354 1959 imperans,
1378 1925 1410 1950 ut
1433 1922 1535 1950 omnia
1550 1930 1586 1950 ex
1616 1921 1739 1950 scientia
1763 1924 1791 1950 et

964 1971 1070 1996 natura
1085 1968 1260 1996 efficiantur.
1277 1969 1317 1995 Ac
1332 1967 1368 1995 de
1387 1967 1486 2004 prima
1516 1967 1639 2003 quidem
1667 1966 1791 1995 scientia

962 2012 1027 2041 haec
1043 2013 1122 2041 dicta
1130 2013 1197 2040 sint.
1211 2012 1279 2040 Aliae
1290 2019 1358 2040 vero
1369 2014 1596 2048 consequuntur
1615 2019 1676 2047 quo
1692 2011 1788 2046 magis

962 2065 1031 2085 cum
1042 2058 1155 2086 ratione
1167 2057 1358 2085 conveniunt.
1373 2058 1447 2085 Nam
1477 2064 1525 2084 ars
1541 2056 1588 2084 vel
1602 2056 1728 2084 minima
1742 2063 1788 2084 se-

961 2101 1096 2131 dentaria
1111 2102 1233 2130 rationis
1255 2109 1312 2138 ope
1327 2101 1449 2136 indiget.
1467 2101 1523 2134 Qui
1544 2100 1633 2135 igitur
1654 2100 1694 2129 ita
1718 2100 1788 2129 vivit

962 2148 1006 2182 (ut
1019 2146 1132 2175 dictum
1148 2147 1204 2182 est)
1214 2146 1320 2174 beatus
1335 2149 1379 2174 est
1393 2155 1400 2174 :
1412 2145 1464 2182 qui
1479 2145 1572 2180 aliter,
1587 2145 1685 2173 miser.
1706 2145 1786 2178 Quo-

959 2191 1042 2219 niam
1057 2194 1158 2220 autem
1173 2200 1209 2219 ex
1223 2191 1365 2220 omnibus
1379 2198 1447 2227 quae
1474 2190 1504 2218 in
1528 2190 1668 2218 universo
1694 2190 1786 2218 modo

961 2238 1026 2264 sunt
1037 2236 1110 2264 illud
1122 2237 1204 2274 quod
1216 2239 1324 2265 natura
1330 2238 1446 2264 constat
1458 2235 1649 2272 praestantius
1659 2243 1736 2268 esse,
1749 2244 1785 2263 eo

959 2281 1042 2317 quod
1054 2282 1200 2317 positione
1222 2283 1348 2315 constat,
1375 2282 1564 2316 compertum
1578 2283 1639 2308 est:
1653 2287 1743 2308 nemo
1754 2280 1784 2308 in

959 2334 1090 2354 errorem
1105 2326 1264 2355 inducatur
1275 2329 1306 2355 ut
1318 2325 1395 2354 colat
1406 2325 1489 2358 illud,
1507 2325 1590 2362 quod
1609 2333 1670 2353 non
1680 2327 1724 2353 est
1737 2333 1783 2353 co-

957 2369 1091 2403 lendum,
1107 2370 1241 2406 illudque
1255 2370 1420 2406 participet.
1440 2371 1503 2398 Una
1518 2369 1598 2397 enim
1613 2377 1682 2397 vera
1700 2369 1784 2398 nobi-

957 2414 1024 2443 litas
1032 2417 1085 2449 est,
1097 2422 1243 2450 verusque
1255 2415 1352 2443 honor
1363 2415 1391 2443 in
1403 2414 1540 2443 animatis
1554 2416 1582 2441 et
1599 2414 1781 2448 inanimalis,

957 2459 987 2486 in
1001 2459 1114 2487 ratione
1127 2458 1261 2494 praeditis
1274 2461 1302 2487 et
1316 2460 1439 2488 rationis
1459 2458 1642 2496 expertibus,
1672 2466 1782 2495 nempe

956 2504 1005 2532 illa
1018 2503 1157 2532 nobilitas
1173 2511 1240 2540 quae
1250 2506 1358 2532 natura
1372 2506 1498 2538 constat,
1514 2506 1542 2533 et
1568 2511 1627 2531 una
1647 2511 1782 2532 commu-

955 2548 1064 2577 nicatio
1079 2551 1132 2582 est,
1144 2556 1248 2584 nempe
1258 2548 1308 2576 illa
1323 2557 1390 2584 quae
1404 2558 1441 2578 ex
1479 2552 1586 2578 natura
1609 2550 1653 2576 est
1669 2558 1674 2578 :
1689 2548 1781 2585 idque

953 2596 1103 2630 quatenus
1115 2593 1154 2622 ad
1169 2593 1323 2621 scientiam
1350 2594 1520 2629 requiritur,
1545 2593 1609 2623 alite
1636 2601 1707 2621 vero
1719 2601 1780 2622 non

954 2641 1023 2666 sunt
1037 2638 1135 2666 bonas.
1152 2639 1219 2666 Haec
1232 2638 1322 2674 igitur
1331 2638 1462 2674 primum
1479 2639 1780 2674 anobisinvestigata

954 2683 1107 2712 attulimus
1121 2691 1187 2719 quae
1212 2682 1386 2710 summatim
1413 2683 1443 2710 in
1464 2687 1547 2712 sexto
1577 2691 1715 2712 sermone
1737 2692 1781 2711 se-

953 2727 1055 2764 quenti
1071 2727 1229 2764 complexi,
1242 2727 1545 2764 tractationem_hanc
1567 2729 1710 2758 omnibus
1724 2737 1780 2757 nu-

955 2773 1045 2802 meris
1055 2772 1229 2802 absolutam
1239 2772 1413 2801 reddemus.
