1967 3080
181 131 246 159 i303

939 129 1118 156 ADDENDA.

1820 128 1896 155 1366

291 260 909 352 ΘΕΟΔΩΡΟΥ
963 262 1185 350 ΤΟΥ
1237 263 1759 348 ΛΑΣΚΑΡΙ

522 399 587 422 ΤΟΥ
605 399 683 422 ΥΙΟΥ
701 399 858 422 ΜΕΓΑΑΟΥ
877 398 1037 422 ΒΛΣΙΛΕΩΣ
1057 399 1164 422 ΚΥΡΟΥ
1180 398 1331 422 ΙΩΛΝΝΟΥ
1348 399 1413 422 ΤΟΥ
1432 398 1539 422 ΔΟΥΚΑ

530 479 684 536 ΤΗΣ
727 479 1068 536 ΦΥΣΙΚΗΣ
1108 477 1538 557 ΚΟΙΝΩΝΙΑΣ

805 600 1000 644 ΛΟΓΟΣ
1056 599 1261 643 ΕΚΤΟΣ.

541 767 1025 854 THEODORI
1055 782 1529 852 LASGARIS

595 904 672 932 FlLlI
693 904 802 932 SUMMI
820 903 1056 932 IMPERATORIS
1075 903 1197 932 DOMINI
1216 902 1360 931 JOANNIS
1381 901 1481 930 ΒΠΟΕ

434 989 534 1042 DE
585 988 1023 1042 NATURALI
1080 984 1642 1042 COMMUNIONE

838 1085 1000 1130 SERMO
1035 1084 1241 1130 SEXTUS.

239 1265 391 1300 Ἀναγκαῖαι
405 1266 450 1290 καὶ
464 1267 565 1300 πρῶται
592 1264 694 1289 πάντων
722 1264 801 1299 φύσις
826 1265 868 1289 καὶ
889 1262 999 1292 ἐπιστή-
1028 1264 1050 1290 Α
1080 1273 1120 1292 τις
1135 1261 1162 1288 εὖ
1177 1272 1206 1298 γε
1221 1263 1320 1298 φύσεως
1343 1262 1387 1296 ὧν,
1404 1261 1426 1287 εἰ
1454 1264 1489 1297 μή
1504 1271 1544 1287 τοι
1563 1263 1608 1287 καὶ
1626 1261 1775 1297 ἐπιστήμην
1791 1261 1807 1290 ἢ
1836 1263 1886 1296 μὲ-

202 1318 239 1345 μη
259 1319 264 1324 -
282 1313 312 1344 τῇ
330 1309 374 1344 μὲν
390 1309 439 1344 γὰρ
457 1308 597 1342 συνάγεται
612 1311 685 1333 πᾶσα
697 1310 801 1341 κρᾶσις,
823 1312 854 1343 τῇ
883 1305 912 1333 δὲ
926 1310 1000 1333 πᾶσα

202 1351 311 1379 παιδεία
331 1363 338 1368 ·
355 1353 397 1383 αἷς
412 1351 469 1378 ἔστι
483 1353 513 1377 τὸ
528 1353 603 1388 φύσει
617 1361 644 1378 τε
663 1354 708 1377 καὶ
721 1351 750 1377 rvi
776 1352 854 1378 θέσει.
870 1353 945 1387 Λέγω
971 1349 1000 1378 δὲ

203 1399 279 1434 φύσιι
293 1400 344 1423 πᾶν
370 1398 383 1422 ὅ
406 1406 432 1422 τι
458 1396 544 1430 καλὸν,
570 1397 639 1422 θέσει
668 1395 698 1422 δὲ
716 1398 745 1422 τό
770 1395 899 1422 δηκτικὸν
921 1396 1000 1422 καλοῦ

202 1444 294 1478 καὶμὴ
311 1441 390 1467 καλοῦ
403 1443 447 1466 καὶ
460 1444 551 1468 κακοῦ.
581 1443 692 1477 Πότερον
725 1439 768 1466 οὖν
787 1442 816 1467 τὸ
841 1443 914 1477 φύσει
939 1440 1000 1466 πολ-

201 1486 289 1522 λαχῶς
312 1489 358 1511 τοῦ
383 1486 451 1512 θέσει
475 1484 634 1521 ἀποδειχθὲν
658 1488 808 1522 τιμιώτερον
852 1484 1000 1514 δηλοποιεῖν

202 1531 241 1557 ὅτι
256 1532 340 1557 καὶτὸ
359 1531 415 1556 κατ’
431 1530 577 1566 ἐπιστήμην
601 1534 646 1556 τοῦ
672 1531 739 1556 κατὰ
765 1532 861 1566 τέχνην
886 1531 941 1556 ἐστὶ
958 1539 1000 1556 τι-

201 1578 348 1612 μιώτερον;
371 1574 414 1604 Ὠς
436 1576 486 1612 ’γὰρ
507 1575 541 1606 εἰς
563 1576 641 1610 φύσιν
669 1577 773 1611 κρᾶσις,
798 1575 866 1600 οὕτω
893 1573 926 1603 δὴ
955 1575 999 1600 καὶ

201 1619 237 1651 εἰς
266 1619 413 1655 ἐπιστήμην
437 1621 527 1655 τέχνη,
566 1622 610 1645 καὶ
647 1620 681 1649 ὡς
718 1621 858 1656 τιμιωτέρα
884 1619 1000 1655 κράσεως

202 1666 289 1701 φύσις.
320 1664 386 1690 οὕτω
414 1666 555 1700 τιμιωτέρα
580 1665 677 1698 τέχνης
704 1664 719 1692 ἡ
746 1663 878 1699 ἐπιστήμη
917 1674 923 1679 ·
955 1662 1001 1689 διὰ

201 1713 276 1735 τοῦτο
300 1711 344 1734 καὶ
370 1710 399 1734 τό
426 1707 483 1734 xw"
504 1707 650 1744 ἐπιστήμην
671 1710 820 1744 ’γιγνόμενον
849 1711 1000 1745 τιμιώτερόν

202 1753 260 1779 ἐστι
276 1756 320 1779 τοῦ
340 1753 407 1778 κατὰ
435 1754 530 1788 τέχνην
556 1754 717 1788 γιγνομένου,
745 1754 779 1783 ὡς
806 1755 851 1778 καὶ
877 1754 905 1778 τὸ
934 1753 1001 1778 κατά

203 1799 280 1833 φύσιν
302 1801 348 1823 τοῦ
367 1798 435 1822 κατὰ
453 1799 557 1834 κρᾶσιν.
575 1800 615 1823 Δεῖ
640 1801 702 1832 ’γοῦν
729 1795 775 1823 διὰ
802 1801 884 1823 ταῦτα
912 1796 1001 1834 ἀρετῆς

202 1845 329 1867 κοινωνεῖν
345 1851 352 1858 ·
367 1844 443 1867 τοῦτο
469 1842 518 1878 γὰρ
546 1844 632 1877 μίγμα
651 1844 695 1867 καὶ
719 1841 866 1877 ἐπιστήμης
891 1844 936 1867 καὶ
956 1843 1000 1877 φύ-

204 1896 277 1916 σεως.
297 1889 383 1912 Διίται
404 1887 455 1923 γὰρ
482 1886 548 1915 αὕτη
582 1890 631 1912 τῶν
663 1885 810 1922 ἀμφοτέρων
834 1897 840 1903 ·
862 1886 923 1912 ὅσον
949 1887 1000 1923 γάρ

1080 1317 1123 1344 ρος
1146 1310 1190 1333 καὶ
1218 1307 1270 1333 οἷον
1311 1305 1445 1342 ἀπήχημα
1471 1307 1565 1336 ταύτης
1604 1307 1671 1341 ἔχει,
1691 1305 1739 1331 οὐκ
1767 1306 1798 1331 οἶν
1822 1315 1887 1332 ποτε

1081 1351 1174 1388 ἀρετήν
1189 1351 1330 1388 ἐργάσεται
1350 1350 1390 1384 ἀν,
1405 1351 1491 1386 ὥσπερ
1512 1348 1574 1376 οὐδὲ
1593 1350 1605 1376 ὁ
1628 1352 1703 1386 μόνον
1732 1349 1888 1386 ἐπιστήμης

1081 1395 1206 1428 ἀκούσας,
1240 1396 1286 1422 οὐκ
1323 1397 1380 1431 ἔχει
1415 1394 1443 1421 δὲ
1483 1396 1560 1431 φύσιν
1591 1394 1728 1431 ἐργάσηται
1767 1393 1883 1430 ἀγαθόν.

1080 1440 1222 1467 Ἀδύνατον
1250 1439 1279 1466 δὲ
1305 1439 1452 1475 ἐπιστήμην
1479 1437 1576 1465 ιὶδὲναι
1601 1440 1659 1465 τινὰ
1686 1438 1773 1469 καλῶς
1798 1438 1889 1474 κᾶτα-

1082 1486 1141 1518 θώς,
1156 1485 1178 1511 εἰ
1201 1487 1237 1521 μὴ
1253 1487 1298 1510 καὶ
1325 1486 1401 1520 φύσιν
1428 1485 1484 1520 ἔχει
1511 1484 1578 1509 πάνυ
1597 1486 1731 1520 χρηστὴν.
1765 1483 1886 1510 ’Υποεά-

1083 1531 1131 1566 θρα
1149 1531 1193 1566 μὲν
1223 1527 1266 1555 οὖν
1292 1529 1348 1555 ἑστι
1365 1530 1440 1564 φύσις
1463 1531 1508 1554 καὶ
1535 1528 1588 1554 οἷον
1609 1527 1667 1556 ὕλη,
1688 1527 1822 1563 ima-nigri
1856 1525 1891 1554 δῖ

1081 1572 1151 1604 ιῖδος
1186 1574 1238 1600 οἷον
1279 1575 1325 1599 καὶ
1360 1574 1490 1608 ἔχφανσις.
1517 1571 1616 1608 Ὠσπερ
1648 1573 1699 1609 γὰρ
1725 1574 1772 1598 καὶ
1795 1571 1891 1602 λίθους

1081 1617 1240 1655 ἀδιαφόρους
1269 1622 1305 1653 τῷ
1332 1620 1455 1653 σχήματι
1493 1617 1620 1653 βλέπομεν
1643 1618 1688 1642 καὶ
1703 1615 1730 1642 αὖ
1756 1626 1786 1652 γι
1812 1616 1888 1652 μάλα

1081 1662 1181 1700 ἐτέρους
1208 1661 1345 1699 μονοειδῶς
1383 1661 1637 1697 ἐσχηματισμένους,
1669 1663 1715 1686 καὶ
1748 1659 1888 1698 διακρίνο-

1080 1717 1124 1743 μεν
1151 1709 1219 1738 ὅπως
1245 1707 1327 1733 ἐκεῖσε
1358 1708 1387 1732 τό
1421 1704 1490 1737 εἶδος
1529 1708 1575 1734 τὴν
1608 1705 1672 1734 ὕλην
1701 1705 1732 1741 ἐμ
1836 1726 1881 1732 ...

1080 1752 1095 1781 ἣ
1112 1754 1180 1787 φυτὰ
1204 1751 1218 1780 ἣ
1244 1752 1318 1788 ἔτιρά
1333 1760 1402 1782 τινα,
1422 1751 1489 1776 οὕτω
1507 1749 1541 1779 δὴ
1562 1753 1607 1776 καὶ
1630 1752 1690 1781 τοὺς
1720 1748 1798 1786 βίους
1823 1747 1885 1775 δια-

1079 1799 1174 1833 κρίνειν
1216 1794 1359 1831 δυνάμιθα.
1398 1795 1444 1821 εἶθ’
1478 1795 1559 1825 οὕτως
1599 1796 1643 1820 καὶ
1671 1797 1802 1820 κοινωνεῖν
1829 1797 1887 1824 τοῖς

1081 1840 1187 1877 βιοῦσιν
1204 1851 1210 1857 ·
1232 1840 1268 1871 εὶς
1281 1841 1331 1877 γὰρ
1358 1841 1391 1866 τὰ
1413 1837 1566 1876 σφαιροειδῆ
1595 1839 1609 1868 ἣ
1637 1841 1787 1876 τετράγωνα
1813 1842 1885 1874 σχή-

1080 1895 1151 1921 ματα
1181 1887 1276 1922 ἔχοντα
1296 1888 1402 1920 νοοῦμεν
1440 1885 1478 1910 ὁτι
1510 1883 1613 1920 ἂγαθῶς
1641 1883 1724 1910 huic!
1749 1884 1780 1909 τὸ
1814 1881 1887 1912 εἶδος

225 1975 367 2002 Omnium
384 1982 484 2002 rerum
504 1975 634 2003 maxime
655 1975 831 2003 necessarie
851 1977 880 2002 et
909 1975 1012 2011 primae
1027 1975 1048 2001 Β
1066 1975 1103 2002 tis
1114 1982 1181 2002 esse
1193 1973 1353 2010 participes
1369 1982 1376 2007 ς
1391 1973 1456 2001 haac
1471 1972 1549 2000 enim
1572 1976 1618 2000 est
1631 1974 1746 2000 naturae
1757 1974 1785 1999 et
1801 1972 1894 1999 scien-

189 2021 258 2047 sunt
268 2021 376 2047 natura
394 2021 422 2046 et
435 2019 575 2052 scientia;
591 2020 630 2047 ad
646 2019 726 2047 illam
738 2020 816 2047 enim
833 2019 931 2047 omnis
942 2022 1013 2047 tem-

189 2063 303 2099 peratio
318 2065 483 2096 revocatur,
497 2064 534 2091 ad
546 2064 623 2091 hanc
635 2064 732 2091 omnis
744 2064 870 2091 eruditio
883 2073 888 2091 :
901 2064 1012 2099 quibus

188 2107 296 2135 deinde
311 2108 387 2135 inest
400 2107 472 2135 illud
487 2108 566 2144 quod
591 2111 698 2136 natura
722 2111 765 2135 est
791 2111 819 2135 et
847 2111 962 2136 constat
984 2111 1013 2135 et

188 2152 271 2188 quod
280 2152 435 2187 positione.
451 2153 535 2185 Quod
547 2155 654 2180 natura
667 2155 783 2180 constat
792 2152 863 2180 illud
881 2152 1009 2188 appello,

188 2196 391 2232 quodcunque
398 2197 556 2225 honestum
563 2200 639 2225 estet
645 2197 704 2224 bon
711 2197 860 2230 [ιω.ουοά
867 2197 1012 2233 positione

189 2244 307 2269 constat
321 2241 393 2269 illud
404 2242 532 2278 appello,
542 2242 624 2278 quod
637 2242 794 2270 honestum
806 2245 835 2270 et
848 2250 907 2270 non
922 2242 1012 2269 hone-

188 2288 267 2314 stum
278 2288 367 2322 atque
376 2286 490 2314 malum
507 2288 671 2322 susscipere
682 2290 787 2322 potest.
806 2288 908 2314 Utrum
923 2287 1012 2320 igitur

187 2330 270 2367 quod
281 2333 388 2358 natura
396 2334 513 2359 constat
524 2331 713 2367 praestantius
723 2339 788 2359 esse
798 2339 844 2365 eo,
865 2331 947 2367 quod
960 2340 1011 2367 po-

188 2375 293 2402 sitione
309 2375 409 2402 multis
426 2374 525 2402 modis
545 2375 783 2403 demonstratum
809 2378 853 2403 est
867 2376 973 2408 ?Quod
988 2377 1011 2402 si

187 2428 291 2448 verum
308 2420 554 2448 estmanit‘estum
571 2420 633 2452 erit,
656 2420 730 2448 illud
753 2420 836 2457 quod
858 2429 893 2448 ex
920 2421 1012 2448 scien-

187 2464 229 2492 tia
245 2473 280 2492 eo
291 2464 373 2500 quod
387 2466 430 2491 est
443 2472 479 2491 ex
491 2467 563 2497 arte,
577 2471 643 2491 esse
660 2465 858 2500 praestantius.
877 2465 910 2493 lit
931 2465 1010 2492 enim

187 2509 363 2545 temperatio
379 2516 409 2536 se
421 2508 511 2536 habet
525 2508 562 2536 ad
592 2511 749 2537 naturam:
766 2509 806 2537 ita
826 2517 947 2545 quoque
963 2517 1011 2537 ars

1067 2019 1113 2046 tia:
1119 2019 1155 2047 ad
1161 2018 1269 2046 mistio.
1280 2020 1387 2046 Natura
1396 2017 1476 2045 enim
1489 2020 1625 2053 utraque,
1634 2024 1743 2053 nemqe
1752 2016 1862 2044 virtute
1869 2018 1898 2043 et

1067 2063 1186 2091 scicntia
1205 2066 1280 2097 eget.
1297 2064 1369 2090 Nam
1380 2070 1441 2098 quo
1459 2062 1567 2097 aliquis
1577 2063 1620 2089 est
1631 2064 1738 2088 natura
1752 2060 1896 2094 feliciore,

1065 2109 1121 2136 nisi
1133 2108 1286 2136 scientiam
1297 2107 1485 2134 autscientiue
1496 2108 1620 2142 partem.
1635 2105 1788 2141 autipsius
1799 2106 1896 2133 scien-

1066 2152 1113 2180 τίω
1121 2152 1284 2185 imaginem
1290 2151 1457 2186 quamdam
1463 2150 1582 2183 habeat,
1590 2149 1664 2177 nihil
1670 2157 1806 2185 unquam
1813 2152 1884 2185 pote

1065 2198 1147 2225 ritex
1158 2197 1264 2225 virtute
1276 2203 1375 2230 agere,
1391 2198 1422 2223 ut
1433 2195 1523 2224 etiam
1553 2195 1605 2231 qui
1634 2194 1792 2222 scientiam
1820 2194 1897 2222 dun-

1065 2245 1148 2270 taxat
1171 2241 1311 2278 percepit,
1347 2248 1403 2268 nec
1430 2240 1520 2268 habet
1546 2242 1696 2272 naturam,
1720 2239 1792 2267 boni
1822 2239 1899 2267 nihil

1066 2289 1206 2322 praestare
1237 2288 1342 2322 potest.
1375 2285 1446 2312 Fieri
1469 2287 1568 2312 autem
1594 2284 1697 2320 nequit
1729 2286 1761 2311 ut
1785 2283 1898 2320 aliquis

1065 2331 1142 2358 bene
1156 2333 1183 2358 et
1197 2329 1386 2358 laudabiliter
1395 2329 1550 2357 scientiam
1566 2330 1673 2363 teneat,
1696 2328 1754 2355 nisi
1786 2331 1897 2356 natura

1066 2375 1189 2403 omnino
1205 2375 1284 2402 bona
1301 2375 1338 2401 sit
1350 2374 1506 2410 praeditus.
1525 2372 1823 2406 Naturaigilurvelut
1831 2372 1897 2400 fun-

1066 2420 1242 2448 damentum
1257 2421 1286 2446 et
1305 2419 1447 2449 materia;
1471 2418 1594 2445 scientia
1612 2425 1683 2445 vero
1695 2420 1739 2445 est
1752 2417 1853 2445 forma
1867 2421 1896 2445 et

1065 2465 1152 2492 veluti
1168 2463 1335 2500 patefactio.
1358 2463 1478 2491 Utenim
1490 2462 1605 2498 lapides
1623 2462 1720 2497 ﬁgura
1735 2470 1796 2489 non
1810 2462 1895 2490 diﬂ'e-

1064 2511 1162 2536 rentes
1172 2509 1323 2536 cernimus
1343 2509 1370 2535 et
1385 2507 1460 2535 alios
1478 2506 1637 2534 artiﬁciose
1657 2508 1685 2534 et
1705 2505 1894 2534 uniformiter

188 2561 219 2581 se
234 2553 324 2581 habet
340 2553 376 2580 ad
389 2552 554 2581 scientiam.
571 2554 603 2580 Et
618 2556 649 2580 ut
661 2557 767 2581 natura
796 2557 839 2581 est
864 2557 1010 2589 tempera-
1030 2545 1049 2571 (ἶ
1064 2553 1220 2587 ﬁguratos,
1233 2555 1323 2588 atque
1333 2551 1533 2579 discernimus
1547 2559 1608 2586 quo
1623 2553 1711 2586 pacto
1724 2550 1784 2578 illic
1795 2550 1894 2578 forma

187 2598 265 2626 tione
282 2597 477 2634 praestantior,
500 2598 539 2624 ita
553 2598 641 2625 etiam
658 2598 782 2625 scientia
795 2600 839 2625 est
852 2601 913 2625 arte
938 2606 1011 2633 prie-

187 2642 321 2670 stantior.
336 2641 538 2674 Quamobrem
551 2642 622 2670 illud
642 2643 724 2678 quod
741 2650 775 2670 ex
791 2642 911 2670 scientia
925 2642 1013 2670 efﬁci-

187 2690 235 2714 tur
245 2687 436 2722 praestantius
457 2689 502 2714 est
522 2694 558 2714 eo
579 2687 661 2723 quod
690 2695 724 2714 ex
753 2689 815 2714 arte
835 2686 970 2719 efﬁcitur,
982 2689 1012 2714 ut

187 2731 276 2757 etiam
288 2731 359 2759 illud
379 2731 460 2767 quod
475 2733 520 2759 est
548 2739 582 2759 ex
597 2739 705 2759 natura
724 2731 912 2767 praestantius
923 2734 1011 2759 esteo

187 2774 270 2811 quod
286 2778 373 2803 estex
384 2776 607 2815 temperatione.
620 2777 717 2811 Quare
734 2777 913 2811 oportetnos
923 2776 1010 2806 virtu-

1065 2597 1220 2625 materiam
1259 2595 1440 2630 informavit,
1476 2598 1539 2623 tum
1561 2594 1691 2631 plantas,
1710 2596 1773 2622 tum
1803 2595 1893 2623 etiam

1065 2641 1205 2678 quaelibet
1225 2641 1292 2669 alia.
1308 2641 1349 2669 ita
1361 2648 1484 2676 quoque
1503 2639 1620 2668 vivendi
1647 2647 1758 2674 genera
1780 2639 1891 2667 discer-

1066 2694 1134 2714 nere
1147 2694 1325 2722 possumus:
1341 2685 1449 2713 deinde
1465 2693 1533 2712 cum
1562 2684 1620 2712 hoc
1648 2687 1699 2711 aut
1729 2683 1780 2711 illo
1800 2683 1892 2712 modo

1066 2731 1234 2758 viventibus
1252 2730 1498 2758 communionem
1509 2729 1630 2757 habere.
1643 2729 1717 2756 Cum
1727 2727 1809 2756 enim
1831 2729 1893 2756 ani-

1064 2775 1282 2807 madvertimus
1297 2774 1427 2804 formam
1436 2774 1517 2803 illam
1528 2773 1565 2801 de
1576 2773 1708 2802 bonitate
1720 2772 1892 2811 praedican-
