1967 3080
189 123 260 153 1367

953 118 1132 149 ΔΒΒΕΝΒΛ.

1843 124 1913 152 1368

199 186 256 213 ἒστὶ
275 188 322 212 τοῦ
340 185 394 213 ΑΒ
409 186 457 211 ΓΔ
478 185 649 221 τετραγώνου,
675 183 705 210 οὗ
730 181 867 221 διάμετροι
895 185 922 210 αἱ
944 187 967 210 Ν
980 187 1004 210 Ω
1029 184 1053 211 Α
1085 181 1148 208 ἄλλά
1162 183 1207 209 καὶ
1222 181 1272 209 ἀπὸ
1292 186 1341 215 τῆς
1360 186 1379 210 Γ
1393 183 1434 211 ἐπὶ
1451 185 1498 213 τὴν
1514 186 1574 211 Καί
1595 186 1719 220 τέμνουσι
1745 186 1821 212 κατὰ
1833 188 1867 212 τὸ
1885 191 1902 213 Δ

199 233 261 259 ΜΘ
289 232 345 257 ἔστι
374 228 404 256 δὴ
428 227 600 265 διαστήματα
629 229 677 255 ἴσα
703 233 734 266 τῇ
766 232 791 256 Μ
808 232 841 260 Χ,
859 232 931 263 ΧΘ,
947 232 1001 256 ΘΡ

200 277 348 312 αναγκαίως
374 277 419 301 καὶ
442 275 470 300 τὸ
491 278 514 300 Θ
540 275 642 310 κέντρον
671 273 727 300 ἐστὶ
760 277 841 300 τοῡΝ
855 277 879 300 Ω.
893 276 916 301 Ψ
931 275 1002 300 Σκαὶ

200 320 254 347 επεὶ
267 321 302 350 ὡς
329 321 395 355 πρὸς
417 320 447 345 τὸ
458 322 482 345 Χ
492 320 521 344 τὸ
538 321 558 345 Α
572 321 590 344 Β
603 321 622 344 Γ
636 321 654 344 Δ
668 317 749 352 ἐστὶν,
777 317 839 344 ὰ).λά
865 321 909 345 καὶ
937 320 965 345 τὸ
979 322 1002 345 Ν

200 369 306 398 Ω,Ω.Θ
333 367 378 391 καὶ
407 366 470 401 πρός
497 365 525 389 τό
551 366 573 390 Θ
602 364 631 389 τό
656 363 788 398 ΝΩΨΣ,
813 363 878 390 ἀλλὰ
903 365 1004 390 τόΛΓ

198 413 223 437 Χ
238 413 267 443 P,
284 411 371 436 καὶτὸ
387 409 409 436 Ν
423 411 439 434 Σ
452 410 518 442 ΨΩ,
532 409 584 445 ἄρα
598 409 756 444 τετράγωνον
776 409 806 434 τό
834 409 862 434 ἑκ
887 412 932 438 τῆς
944 412 966 435 Ν
980 411 1003 434 Ω

203 452 346 491 διαμέτρου
374 454 537 486 owed-rank,
556 451 612 479 ἶσόν
639 452 696 478 ἐστι
721 456 757 488 τῷ
786 453 899 479 ΑΒΓΔ
915 462 1004 490 τετρα-

198 501 273 535 γώνῳ
286 509 292 516 ·
305 499 339 524 ὧν
358 499 408 535 γὰρ
425 496 471 524 ἶσα
485 498 518 523 τὰ
539 499 616 534 μέρη,
645 499 688 523 καὶ
709 495 755 523 ἶσα
782 498 865 524 ταῦτα
886 496 950 525 ἔστι.
968 499 1003 524 Τὸ

201 545 254 582 ἄρα
278 547 327 574 τῆς
355 542 383 569 ἐκ
409 546 458 574 τῆς
480 546 605 578 γραμμῆς
619 540 801 578 ἀρχομένηςΝ
818 546 842 569 Ω
860 540 1002 580 διαμέτρου

200 589 369 625 τετράγωνον,
396 588 456 618 ἴσας
474 588 536 622 ἔχον
556 585 678 623 πλευρὰς,
698 585 753 612 ἶσόν
767 586 822 613 ἐστι
836 590 871 622 τῷ
884 590 903 614 Α
920 590 937 613 Β
952 590 971 613 Γ
985 590 1003 614 Δ

200 634 352 669 τετραγώνῳ
364 631 442 668 οὗπέρ
462 630 519 657 ἔστι
550 628 716 667 διάμετροςή
735 634 801 660 ΝΩ..
819 634 868 658 Καὶ
893 630 1002 667 ἐδείχθη

199 678 263 714 παρ’
273 678 347 713 ἡμῶν
361 680 438 703 τοῦτο
457 676 543 706 καθὼς
558 673 622 703 ἔδει.
654 676 831 712 Δειχθήσεται
855 674 885 703 δὴ
906 679 951 703 καὶ
975 678 1003 703 τό

199 720 349 750 διπλάσιον.
366 723 441 747 Ἔστι
461 718 490 746 δὲ
510 720 590 748 οὕτως
603 730 610 737 ·

234 765 269 803 β’.
293 765 324 793 Ἢ
365 769 412 792 τοῦ
447 768 610 803 τετραγώνου
655 763 795 802 διάμετρος
821 768 908 802 τρισὶν
933 767 1006 798 ἴσαις

197 812 278 848 ταύτῃ
316 811 498 846 συζευχθεῖσα
527 809 637 841 ιύθείαις
676 808 816 837 διπλάσιον
840 812 947 840 ποιήσει
968 820 1007 837 τι·

198 858 338 894 τράγωνον,
382 855 412 882 οὗ
440 855 496 882 ἔστι
523 853 677 891 διάμιτμος.
710 858 750 882 Δεῖ
787 853 821 885 δὴ
851 854 936 887 δεῖξαι
969 851 1007 883 51'"

200 901 266 931 αὐτὴ
293 902 308 931 ἡ
343 899 484 938 διάμετρος
519 902 605 938 τρισὶν
642 901 711 931 ἴσαις
744 901 826 938 ταύτῃ
858 902 1009 928 συντεθεῖσα

200 945 332 984 πλευραῖς,
350 943 490 972 διπλάσιον
516 946 622 974 ποιήσει
644 945 804 981 τετράγωνον
820 949 865 971 τοῦ
895 945 925 972 οὔ
949 945 1009 972 ἐστι

203 990 350 1028 διάμετρος.
392 990 531 1028 Γεγράφθω
572 991 600 1016 τὸ
625 992 646 1017 Α
660 993 678 1016 Β
693 993 712 1016 Γ
727 994 744 1016 Δ
766 991 935 1027 τετράγωνον,
967 993 1011 1018 καὶ

205 1035 317 1072 ὰχθὴτω
344 1033 486 1072 διάμιτρος
504 1035 518 1063 ἠ
533 1037 552 1061 Β
568 1037 640 1061 Γκαὶ
666 1037 773 1064 ποιήσει
800 1036 878 1071 ὃμοια
899 1036 931 1061 τὰ
946 1038 964 1062 Β
977 1039 1009 1064 Δ,

204 1083 223 1108 Γ
238 1083 269 1114 Α,
287 1084 305 1107 Β
319 1083 348 1108 Γ.
377 1079 473 1115 Ἷῐχθω
496 1078 546 1105 ἀπὸ
586 1083 633 1110 τῆς
659 1082 706 1105 ΒΓ
728 1077 870 1117 διαμέτρου
900 1082 1010 1116 γραμμή

205 1125 291 1154 εὐθεῖα
316 1124 359 1151 int
383 1127 430 1153 τὴν
447 1125 524 1153 Κῖση
549 1125 642 1159 ταύτῃ,
669 1125 793 1154 ὡσαύτως
816 1126 860 1151 καὶ
889 1124 939 1152 ἀπὸ
966 1129 1015 1156 τής

206 1170 248 1197 ἰπὶ.
277 1172 324 1199 τὴν
349 1172 372 1196 Λ
402 1170 447 1200 ἴση
464 1170 559 1205 ταύτῃ,
578 1168 644 1195 ἄλλά
672 1167 704 1198 δὴ
726 1171 770 1195 καὶ
798 1168 849 1196 ἀπὸ
873 1173 921 1202 τῆς
936 1172 958 1197 Λ
973 1169 1014 1196 ἐπὶ

206 1217 252 1244 τήν
269 1217 288 1240 Γ
301 1214 370 1241 κατὰ
382 1215 425 1240 τόν
454 1213 529 1239 αὐτόν
555 1212 642 1249 λόγον,
669 1215 714 1239 καὶ
732 1212 783 1241 ἀπό
807 1218 855 1245 τῆς
871 1217 890 1240 Γ
913 1213 954 1240 ἐπὶ
967 1216 1014 1244 τὴν

209 1262 237 1292 Β,
254 1259 390 1295 τετμήσθω
407 1256 436 1284 δὲ
449 1258 516 1286 κατὰ
535 1255 676 1295 διαμέτρου
700 1260 729 1284 τό
755 1257 782 1285 ἔκ
803 1260 900 1285 τούτων
924 1259 1014 1296 τετρά-

208 1313 290 1343 γωνον
306 1303 403 1340 ,ἤχθω
412 1305 476 1340 γοῦν
491 1301 542 1330 ἀπὸ
571 1306 620 1335 τῆς
648 1306 667 1329 Β
687 1302 729 1331 ἐπὶ
750 1305 797 1333 τὴν
821 1306 841 1331 Α
862 1301 1013 1342 διάμετρος,

198 1448 242 1476 est
253 1445 409 1475 intervallo
423 1446 507 1484 quod
517 1448 561 1475 est
576 1446 654 1475 inter
665 1447 723 1482 PT,
752 1446 806 1475 erit
836 1455 959 1484 quoque
981 1449 1026 1477 TR

198 1491 314 1529 (equalc
327 1491 384 1528 ipsi
395 1491 454 1519 PM.
463 1491 552 1528 Atqui
563 1499 632 1528 quae
638 1491 735 1520 eidem
743 1492 955 1529 suntaequalia,
977 1492 1027 1521 illa

199 1538 270 1565 sunt
283 1537 358 1564 inter
375 1543 411 1564 se
422 1535 560 1573 aequalia.
583 1536 680 1567 Quare
710 1536 866 1565 intervalla
896 1538 950 1573 MP,
975 1538 1027 1572 PT,

199 1583 253 1616 TR,
267 1581 394 1618 aequalia
410 1581 486 1610 inter
496 1589 527 1609 se
539 1583 634 1610 erunt.
651 1582 685 1610 Et
698 1581 843 1618 quoniam
859 1583 878 1610 P
894 1584 937 1610 est
961 1590 1024 1611 cen-

200 1630 280 1657 trum
295 1626 434 1664 quadrati
458 1627 560 1660 ABCD,
590 1627 674 1662 cujus
701 1626 839 1655 diametri
868 1630 938 1655 sunt
969 1629 1027 1661 NO,

202 1674 261 1707 MT,
278 1673 348 1700 sunt
362 1673 463 1700 autem
477 1671 632 1700 intervalla
650 1673 705 1704 MP,
736 1672 788 1705 PT,
815 1673 869 1705 ΤΒ,
901 1672 1029 1709 aequalia.

202 1717 278 1746 inter
292 1724 333 1750 se,
348 1715 517 1744 necessario
536 1716 913 1753 Tcentrumeritquadradi
923 1718 1027 1751 NOSQ.

203 1763 237 1792 Et
252 1761 397 1798 quoniam
421 1763 454 1788 ut
483 1768 514 1789 se
542 1760 634 1788 habet
661 1762 753 1790 ABCD
780 1762 963 1798 quadratum
991 1762 1030 1791 ad

205 1814 294 1835 suum
314 1807 449 1834 centrum
464 1806 484 1833 P
500 1813 506 1833 :
523 1807 552 1833 et
561 1807 704 1842 praeterea
730 1806 787 1839 ΝΟ,
813 1807 859 1834 ΜΤ
891 1807 929 1835 ad
949 1807 1029 1836 idem

206 1852 341 1880 centrum
358 1859 364 1878 :
380 1849 421 1878 ita
434 1858 555 1887 quoque
571 1850 661 1883 NOSQ
678 1858 709 1878 se
723 1850 815 1878 habet
837 1851 877 1879 ad
900 1852 931 1887 Τ,
959 1861 1030 1881 cen—

205 1898 285 1926 trum
299 1904 306 1924 :
318 1897 347 1924 et
358 1897 502 1932 praeterea.
513 1896 567 1928 AC,
586 1896 627 1923 PR
643 1904 650 1924 :
669 1895 852 1932 quadratum
875 1904 945 1932 ergo
971 1899 1029 1932 NQ,

207 1942 260 1975 SO,
273 1941 357 1977 quod
372 1947 408 1968 ex
423 1940 569 1967 diametro
585 1940 631 1968 ΝΟ
646 1940 839 1969 constitutum
854 1944 899 1969 est
916 1942 1031 1978 aequale

205 1986 355 2023 quadrato
368 1985 468 2013 ABCD.
484 1985 618 2017 Quorum
630 1986 710 2013 enim
729 1988 828 2021 partes
843 1989 915 2014 eunt
928 1995 1031 2023 aequa-

204 2031 258 2064 les,
273 2032 302 2058 et
315 2037 351 2058 ea
361 2029 438 2057 inter
450 2037 481 2056 se
495 2028 632 2065 aequalia.
649 2030 833 2062 Quadratum
859 2039 929 2066 ergo
950 2031 1033 2068 quod

205 2083 242 2103 ex
257 2074 403 2103 diametro
419 2074 476 2107 ΝΟ,
489 2075 635 2110 tanquam
650 2073 729 2102 linea
749 2074 861 2111 initiall,
880 2076 1033 2104 constitui-

205 2122 262 2154 tur,
276 2119 369 2148 latera
384 2117 514 2154 aequalia
527 2118 653 2152 habens,
677 2122 721 2148 est
743 2120 859 2156 tequale
883 2121 1033 2157 quadrato

205 2165 307 2198 ABCD,
325 2163 411 2199 cujus
426 2163 571 2191 diameter
590 2166 634 2192 est
651 2165 709 2192 ΝΟ.
724 2166 820 2201 Atque
835 2165 892 2193 hoc
912 2173 931 2194 a
945 2166 1032 2194 nobis

205 2208 444 2237 demonstratum
459 2210 503 2236 est
516 2211 549 2235 ut
560 2210 606 2236 est
615 2210 648 2236 ut
662 2209 801 2245 oportuit.
815 2210 1033 2239 Demonstrabi-

205 2255 253 2282 tur
269 2252 358 2282 etiam
365 2260 402 2281 ex
410 2251 503 2281 altera
509 2252 655 2281 diametro
662 2253 788 2289 duplum
795 2254 934 2290 quadrati
957 2255 1033 2284 etiici

203 2297 285 2327 hunc
300 2298 331 2326 in
348 2297 486 2326 modum.

238 2345 266 2372 2.
278 2343 587 2378 Quadratitdiameter
601 2342 693 2371 tribus
722 2343 778 2371 sibi
799 2344 967 2380 aequalibus
990 2353 1032 2374 re-

203 2389 256 2418 ctis
271 2389 420 2426 copulata,
435 2387 542 2417 efﬁciet
555 2387 704 2424 quadrati,
721 2388 807 2423 cujus
823 2392 868 2417 est
884 2389 1033 2419 diameter

202 2434 342 2471 duplum.
359 2433 479 2469 Oportet
489 2434 589 2460 autem
602 2431 807 2460 demonstrare
835 2433 913 2462 hanc
934 2434 1031 2471 ipsam

202 2479 384 2507 diametrum
399 2478 456 2505 hac
471 2476 586 2504 ratione
599 2483 668 2504 cum
684 2477 852 2512 zequalibus
867 2478 925 2506 sibi
938 2479 1032 2508 lateri-

200 2523 283 2552 ribus
297 2523 498 2558 conjunctam,
512 2520 685 2549 eilccturam
696 2521 822 2557 duplum
836 2523 975 2559 quadrati
995 2524 1031 2552 il-

200 2568 257 2597 lius
268 2568 355 2604 cujus
370 2569 414 2595 est
427 2566 582 2594 diameter.
604 2565 792 2594 Describatur
805 2571 825 2594 A
839 2568 885 2595 BC
912 2570 932 2595 υ
954 2577 1029 2604 qua-

200 2613 333 2642 dratum.
349 2613 479 2640 Dueatur
493 2609 638 2638 diameter
653 2611 672 2639 B
688 2612 708 2639 Ο
743 2613 770 2639 et
790 2611 897 2640 alliciat
922 2613 1030 2641 similia

203 2658 302 2686 BDCA.
337 2657 468 2684 Ducatur
506 2654 546 2683 ab
587 2654 694 2683 eadem
720 2655 762 2683 BC
783 2655 930 2685 diametro
950 2657 1029 2686 linea

200 2704 281 2730 recta
296 2702 327 2730 in
342 2702 364 2729 K
377 2709 446 2738 qua;
460 2700 497 2728 sit
517 2699 574 2736 ipsi
602 2699 749 2728 diametro
759 2700 895 2737 aequalis.
917 2702 1028 2731 Eodem

200 2745 370 2785 modoKin
400 2747 419 2773 ι,
446 2752 514 2783 quae
549 2743 587 2781 sit
610 2743 652 2772 illi
676 2744 811 2782 aqualis.
836 2748 980 2784 praeterea
1007 2747 1027 2782 Β

200 2790 232 2819 in
245 2790 266 2817 Ο
277 2789 384 2820 eadem
397 2791 522 2825 ratione,
535 2789 564 2819 et
579 2795 598 2818 α
613 2790 633 2818 C
644 2784 676 2817 in
687 2789 708 2816 Β
720 2796 727 2818 z
742 2792 858 2820 secetur
872 2798 944 2820 vero
964 2791 1027 2821 dia-

1083 229 1185 264 κέντρον
1200 227 1320 259 ἀλλήλας,
1331 228 1361 255 Εἰ
1377 229 1429 265 ἄρα
1439 232 1458 255 Γ
1473 232 1492 255 Β
1504 233 1534 265 τῇ
1551 232 1570 255 Β
1585 232 1605 256 K
1616 231 1662 259 ἴση
1678 229 1726 259 in
1744 230 1834 263 ἐστὶν,
1851 232 1903 257 ὺπ-

1084 273 1163 309 άρχει
1180 271 1209 299 δὲ
1229 272 1307 310 βάσις
1326 277 1370 300 τοῦ
1385 277 1402 300 Β
1417 276 1437 300 Γ
1449 277 1467 300 Δ
1495 277 1632 310 τριγώνου,
1657 277 1702 301 καὶ
1732 275 1749 304 ἠ
1766 278 1787 301 Β
1805 279 1827 302 Κ
1846 275 1902 312 βαί-

1085 327 1126 349 σις
1142 317 1199 344 ὶστὶ
1214 321 1259 344 τοῦ
1274 321 1291 344 Δ
1308 321 1328 345 Κ
1345 321 1363 344 Β
1381 321 1520 356 τριγώνου,
1536 321 1581 345 καὶ
1606 320 1621 349 ἠ
1651 320 1704 356 ἄρα
1717 323 1765 346 ΓΔ
1780 320 1900 358 πλε-δρα,

1083 363 1130 392 ἴση
1144 361 1199 388 ἐστὶ
1213 366 1245 399 τῇ
1262 366 1280 388 Β
1295 365 1312 389 Δ
1328 365 1372 389 καὶ
1386 366 1407 390 Κ
1423 366 1441 390 Δ
1453 365 1499 393 ἴση
1529 363 1586 390 ini.
1606 368 1638 400 τῇ
1651 368 1668 391 Δ
1679 367 1698 391 Β
1710 364 1826 402 πλευρᾷ,
1852 368 1900 392 καὶ

1083 408 1098 436 ἡ
1114 410 1132 433 Β
1143 410 1160 433 Δ
1173 408 1218 436 ἴση
1235 406 1291 434 ἐστὶ
1306 412 1336 444 τῇ
1358 410 1378 434 Γ
1392 411 1419 434 Δ.
1435 408 1484 435 Ὧν
1511 406 1541 436 δὶ
1560 410 1588 435 αἱ
1610 408 1720 447 πλευραὶ
1750 409 1823 443 ἶσαι,
1851 413 1900 436 καὶ

1084 453 1111 478 αὶ
1125 451 1219 488 βάσεις
1234 450 1300 486 ἶσαι,
1319 451 1375 479 ἶσαι
1399 456 1443 480 καὶ
1465 455 1492 480 αἱ
1520 456 1630 490 γωνίαιο
1645 455 1679 480 ὧν
1707 455 1760 492 γάρ
1788 453 1839 481 ἶσα
1865 457 1900 482 τὰ

1084 498 1160 534 μέρη,
1189 499 1234 523 καὶ
1259 501 1343 524 ταῦτα
1361 498 1406 524 ἴσα
1422 500 1488 527 ἐστι.
1517 502 1558 534 Τῷ
1584 499 1666 535 οἷραΓ
1681 503 1700 526 Β
1723 502 1742 526 Δ
1769 503 1898 538 τριγώνῳ

1085 539 1141 568 ἶσόν
1157 540 1213 568 ἔστι
1222 543 1250 568 τό
1264 545 1282 568 Β
1299 545 1319 569 Κ
1335 546 1352 569 Δ
1379 545 1513 580 τρίγωνον.
1538 543 1609 570 Ἐπεὶ
1627 547 1690 579 γοῦν
1713 546 1744 570 τό
1758 547 1780 570 Β
1794 547 1813 571 Δ
1838 543 1898 571 Im

1085 585 1141 613 ἐστι
1155 590 1190 622 τῷ
1204 589 1223 612 Γ
1238 589 1257 612 Β
1269 590 1287 613 Δ
1301 591 1427 623 τριγώνῳ,
1454 589 1509 614 ἔστι
1533 586 1563 614 δὲ
1590 589 1673 624 ἣμισυ
1704 592 1751 615 τοῦ
1767 591 1789 615 Δ
1811 592 1831 615 Β
1843 592 1864 615 Γ
1880 592 1897 616 Δ

1085 634 1246 668 τετραγώνου
1270 635 1357 665 τοῦτο,
1380 634 1424 658 καὶ
1443 634 1472 658 τό
1489 635 1534 658 ΔΒ
1550 636 1568 659 Γ
1581 634 1600 658 ὠ
1617 635 1741 670 τρίγωνον
1760 638 1809 660 τοῦ
1835 637 1857 660 Β
1878 637 1898 660 Γ

1087 678 1108 702 Λ
1124 677 1319 711 Κτετραγώνου
1349 676 1405 702 ἴσον
1434 676 1491 703 ἔστι
1518 681 1554 712 τῷ
1584 680 1603 704 Λ
1620 679 1666 703 ΓΒ
1681 680 1812 715 τριγώνῳ.
1843 681 1896 704 Καὶ

1086 719 1139 747 ἐπεὶ
1175 723 1221 746 τοῦ
1254 721 1298 756 μὲν
1322 723 1340 746 Β
1356 723 1378 747 Κ
1393 723 1415 747 Λ
1429 723 1448 747 Γ
1467 724 1629 759 τετραγώνου
1663 724 1690 748 τί
1719 724 1741 749 Κ
1756 726 1774 749 Δ
1790 725 1810 749 Β
1840 725 1895 760 τρί-

1085 774 1166 800 γωνον
1206 765 1327 800 τέταρτόν
1365 764 1433 791 ἐστιν
1450 776 1457 783 ·
1472 766 1588 802 ὑπάρχει
1607 764 1637 793 δί
1667 765 1724 793 ἴσον
1763 771 1802 803 τῷ
1813 771 1832 794 Β
1848 770 1869 794 Γ
1880 771 1896 794 Δ

1087 811 1236 846 τετραγώνῳ
1263 811 1308 835 καὶ
1335 811 1363 836 τό
1383 812 1400 836 Δ
1416 813 1435 836 Β
1449 813 1476 837 Γ.
1509 810 1577 848 Ἀρα
1595 812 1720 848 τετάρτου
1735 815 1782 838 τοῦ
1798 815 1817 838 Β
1839 815 1862 839 Κ
1875 815 1895 839 Λ

1088 857 1107 880 Γ
1126 857 1286 890 τετραγώνου
1314 855 1370 882 ἶσόν
1394 855 1452 882 ἐστι
1471 860 1506 891 τῷ
1522 859 1539 882 Β
1552 859 1570 883 Β
1584 859 1607 883 Λ
1623 859 1769 894 Γτριγώνῳ
1796 862 1836 893 τῷ
1851 862 1899 884 τοῦ

1088 900 1110 928 Α
1124 902 1143 926 Β
1158 902 1177 926 Γ
1189 902 1206 925 Δ
1222 900 1322 935 ἠμίσιι.
1343 899 1414 927 Ἐπεὶ
1427 904 1490 936 γοῦν
1505 902 1537 927 τὰ
1554 905 1598 927 τοῦ
1624 905 1642 928 Β
1658 905 1677 928 Κ
1691 905 1713 928 Λ
1724 905 1744 929 Γ
1756 900 1808 929 δύο
1821 905 1900 929 τίτα-

1089 954 1139 981 ρτα
1153 944 1201 970 ἴσςὶ
1220 944 1270 971 εἰσι
1295 948 1350 976 τοῖς
1373 943 1451 971 δυσὶν
1484 946 1594 982 ἠμίσισι
1610 950 1655 972 τοῦ
1669 948 1688 972 Α
1701 950 1719 972 Β
1734 949 1753 973 ι’
1767 951 1786 973 Δ
1798 947 1829 973 οὗ
1842 947 1901 974 ἐστι

1093 986 1256 1026 διάμετροςή
1274 992 1293 1015 Γ
1308 992 1336 1021 Β,
1356 992 1401 1016 καὶ
1415 992 1471 1017 τόΒ
1487 993 1508 1017 Κ
1524 994 1547 1017 Λ
1563 993 1582 1017 Γ
1597 989 1738 1018 διπλάσιόν
1766 991 1824 1018 ἔστι
1847 997 1895 1019 τοῦ

1093 1037 1113 1061 Α
1128 1037 1146 1060 Β
1161 1037 1179 1060 Γ
1194 1036 1211 1060 Δ
1226 1045 1232 1051 ·
1250 1034 1324 1071 ὁγὰρ
1341 1034 1370 1061 οὗ
1390 1033 1446 1061 ἶσον
1464 1035 1558 1071 ἣμισυ,
1579 1037 1608 1062 τό
1623 1035 1680 1062 ὅλον
1696 1036 1778 1063 αὑτοῦ
1800 1035 1898 1064 διπλά-

1095 1089 1150 1106 σιον
1177 1089 1183 1096 ·
1209 1080 1223 1108 ἡ
1252 1080 1303 1117 ἄρα
1328 1083 1373 1106 τοῦ
1402 1084 1562 1117 τετραγώνου
1586 1085 1636 1107 τῶν
1671 1086 1772 1117 γωνιῶν
1803 1081 1899 1118 διάμε-

1093 1133 1153 1161 τρος
1181 1127 1341 1162 τετραγώνου
1376 1125 1478 1151 τεθεῖσα
1513 1125 1612 1163 πλευρὰ
1653 1123 1796 1153 διπλάσιον
1835 1127 1899 1154 αὐτό

1094 1173 1173 1201 ποιεῖ,
1198 1173 1244 1195 τοῦ
1270 1169 1347 1205 οὗπέρ
1373 1169 1431 1196 ἐστι
1466 1167 1617 1207 διάμιτρος,
1642 1170 1702 1208 ὅπερ
1730 1169 1785 1198 ἔδει
1810 1170 1897 1203 δεῖξαι

1130 1213 1163 1250 γ’.
1189 1214 1250 1250 Οὐχ
1287 1214 1368 1245 οὕτως
1398 1213 1427 1241 δὴ
1463 1217 1507 1241 καὶ
1534 1219 1581 1246 τῆς
1607 1218 1727 1253 σφαίρας,
1765 1215 1823 1242 ἀλλ’
1858 1216 1901 1243 ἆλ-

1094 1258 1153 1294 λως,
1175 1260 1219 1285 καὶ
1235 1257 1282 1285 διὰ
1299 1263 1375 1286 τοῦτο
1401 1259 1452 1296 ἆρα
1477 1258 1684 1298 μονοειδέστιρον
1717 1262 1747 1286 τό
1775 1261 1902 1292 κυκλικός

1097 1308 1193 1341 σχῆμα
1219 1308 1263 1331 τοῦ
1286 1306 1447 1341 τιτραγώνου
1475 1314 1503 1333 τι
1521 1307 1566 1332 καὶ
1594 1305 1719 1344 ἰσότερον.
1750 1305 1822 1333 Ἐκεῖ
1850 1308 1900 1345 γὰρ

1082 1447 1184 1476 metris
1203 1447 1386 1484 quadratum
1398 1448 1486 1477 exhis
1494 1449 1701 1478 constitutum.
1710 1450 1847 1479 Ducatur
1856 1450 1917 1487 igi-

1082 1494 1130 1521 tur
1145 1501 1163 1521 a
1183 1493 1203 1521 Β
1219 1493 1249 1521 in
1265 1494 1284 1521 L
1297 1492 1442 1521 diameter
1455 1502 1462 1522 :
1477 1496 1650 1530 preatereaA
1673 1495 1693 1523 C
1711 1494 1743 1522 in
1771 1495 1875 1532 Kqua:
1887 1497 1918 1524 in

1083 1540 1184 1566 centro
1201 1539 1221 1566 D
1247 1546 1311 1566 sese
1351 1540 1456 1567 mutuo
1478 1541 1587 1567 secent.
1615 1539 1643 1568 Si
1663 1539 1754 1574 igitur
1781 1541 1802 1568 C
1830 1542 1849 1568 Β
1871 1544 1919 1569 est

1083 1582 1207 1619 aequalis
1222 1582 1307 1611 lineae
1321 1584 1340 1610 Β
1355 1583 1392 1617 K,
1405 1586 1449 1611 est
1463 1585 1563 1611 autem
1578 1584 1644 1620 ipsa
1662 1584 1743 1612 basis
1771 1586 1915 1621 trianguli

1084 1626 1152 1655 BCD
1181 1635 1187 1655 :
1216 1630 1259 1656 est
1315 1635 1438 1664 quoque
1475 1629 1495 1656 Β
1519 1628 1633 1656 Kbasis
1661 1629 1803 1664 trianguli
1830 1631 1911 1658 DKB.

1085 1673 1160 1708 Ergo
1173 1672 1251 1700 latus
1268 1672 1313 1700 CD
1323 1675 1366 1701 est
1385 1672 1502 1709 aequale
1525 1672 1608 1701 lateri
1638 1675 1681 1702 BD
1706 1677 1735 1702 et
1758 1674 1839 1702 latus
1869 1676 1917 1703 ΚΒ

1084 1719 1128 1745 est
1139 1717 1254 1753 aequale
1267 1716 1351 1745 lateri
1367 1718 1463 1752 BD,et
1483 1717 1561 1746 latus
1586 1719 1629 1746 BD
1659 1721 1702 1747 est
1726 1719 1844 1755 aequale
1877 1719 1916 1748 Ia-

1085 1761 1137 1791 teri
1149 1762 1192 1789 CD
1203 1762 1337 1795 Quorum
1356 1770 1428 1790 vero
1447 1762 1541 1790 latera
1570 1765 1639 1791 sunt
1663 1763 1794 1799 mqualia
1813 1766 1842 1792 et
1861 1763 1914 1792 ba-

1085 1813 1132 1834 ses
1148 1809 1217 1833 sunt
1231 1806 1372 1842 aequales,
1398 1807 1501 1842 anguli
1532 1815 1655 1844 quoque
1682 1810 1754 1836 sunt
1774 1808 1914 1845 aequales,

1085 1852 1217 1884 Quorum
1234 1852 1314 1880 enim
1330 1854 1430 1888 partes
1446 1854 1516 1880 sunt
1531 1852 1662 1889 tequﬂles
1682 1855 1711 1880 et
1723 1853 1775 1881 illa
1794 1861 1914 1890 quoque

1086 1895 1162 1924 inter
1195 1904 1225 1924 se
1248 1898 1316 1924 sunt
1356 1897 1485 1933 aequalia
1528 1898 1603 1933 Ergo
1643 1897 1795 1932 triangula
1817 1899 1870 1926 CB
1893 1899 1913 1926 D

1086 1940 1201 1977 aequale
1216 1944 1260 1968 est
1275 1941 1459 1976 triangulum
1490 1941 1511 1969 B
1539 1943 1560 1971 K
1585 1943 1618 1970 D.
1648 1942 1799 1975 Quoniam
1828 1942 1915 1978 igitur

1087 1985 1267 2020 trianguluin
1286 1987 1304 2014 Β
1325 1987 1347 2014 Κ
1360 1987 1380 2014 D
1395 1988 1439 2014 est
1450 1986 1565 2023 aequale
1580 1987 1731 2021 triungulo
1748 1987 1768 2015 C
1781 1987 1803 2014 Β
1817 1989 1849 2016 ι).
1870 1990 1915 2016 Est

1088 2032 1188 2058 autem
1201 2030 1360 2059 dimidium
1373 2031 1514 2067 quadrati
1527 2032 1550 2058 Α
1566 2032 1586 2059 Β
1615 2032 1636 2058 C
1661 2031 1692 2059 D.
1723 2032 1913 2068 Triangulum

1088 2083 1208 2111 quoque
1219 2075 1241 2102 D
1254 2077 1272 2102 Β
1285 2076 1305 2104 C
1317 2075 1456 2111 quadrati
1466 2077 1486 2104 Β
1499 2077 1519 2104 C
1534 2077 1553 2104 L
1569 2077 1590 2104 K
1619 2078 1663 2104 est
1680 2077 1799 2112 aequale
1824 2077 1916 2105 triam-

1088 2120 1158 2155 gulo
1172 2122 1191 2148 Α
1205 2121 1225 2149 C
1238 2121 1266 2154 Β,
1287 2122 1318 2149 Et
1330 2121 1476 2157 quoniam
1502 2121 1642 2158 quadrati
1664 2121 1790 2158 quidem
1807 2122 1828 2149 Β
1839 2124 1884 2151 CL
1894 2123 1915 2150 Κ

1089 2165 1270 2200 triangulum
1282 2165 1305 2193 K
1327 2166 1347 2193 ι)
1359 2165 1379 2192 Β
1395 2166 1479 2194 tertia
1489 2173 1560 2202 pars
1575 2168 1629 2200 est,
1637 2169 1788 2194 estautem
1803 2167 1914 2203 aequale

1088 2209 1303 2245 trianguloAB
1329 2211 1349 2238 C
1374 2212 1404 2238 D.
1436 2211 1546 2243 Quarta
1573 2219 1642 2247 pars
1676 2218 1748 2245 ergo
1776 2212 1912 2247 quadrati

1090 2255 1138 2282 ΒΚ
1156 2256 1174 2282 1,
1190 2254 1299 2290 Qqua:
1326 2258 1371 2283 est
1405 2257 1425 2283 Ι)
1443 2256 1462 2282 Β
1487 2256 1517 2289 C,
1539 2257 1583 2282 est
1609 2255 1733 2291 aequalis
1767 2256 1911 2291 triangula

1088 2300 1189 2333 ABG,
1214 2299 1297 2336 quod
1323 2301 1367 2328 est
1394 2299 1553 2328 dimidium
1583 2300 1721 2336 quadrati
1751 2302 1772 2327 Α
1799 2301 1818 2328 Β
1836 2302 1855 2329 C
1881 2303 1909 2329 υ.

1088 2344 1236 2377 Quoniam
1256 2344 1425 2379 igitur-dua:
1437 2347 1551 2380 quarta:
1575 2347 1674 2380 partes
1699 2344 1842 2380 quadrati
1868 2345 1908 2374 ΒΚ

1088 2390 1108 2418 L
1121 2391 1150 2423 C,
1166 2391 1236 2417 sunt
1249 2389 1380 2425 mquales
1392 2389 1513 2418 duabus
1527 2389 1658 2416 diinidiis
1670 2388 1808 2425 partibus
1839 2397 1908 2425 qua-

1086 2434 1162 2462 drati
1179 2435 1202 2461 A
1218 2434 1238 2460 Β
1251 2435 1269 2462 C
1287 2434 1308 2462 D
1323 2434 1409 2470 cujus
1423 2436 1468 2462 est
1492 2434 1636 2462 diameter
1665 2435 1684 2461 C
1711 2434 1740 2466 Β,
1766 2434 1908 2470 colligitur

1088 2479 1106 2506 [1
1116 2479 1141 2506 Κ
1157 2479 1175 2506 L
1189 2480 1208 2506 Ο
1227 2487 1291 2506 esse
1302 2478 1428 2515 duplum
1442 2478 1582 2514 quadrati
1594 2481 1611 2505 Α
1633 2480 1651 2505 Β
1664 2479 1683 2506 C
1700 2479 1731 2506 Β.
1741 2480 1815 2506 Nam
1827 2480 1908 2515 cujus

1085 2523 1239 2551 dimidium
1250 2523 1417 2559 estmquale
1431 2523 1513 2551 alteri
1527 2523 1590 2557 toti,
1601 2525 1694 2551 totum
1710 2522 1789 2550 illius
1801 2523 1908 2552 dimidii

1084 2571 1130 2596 est
1145 2568 1264 2596 alterius
1279 2567 1416 2604 duplum.
1433 2568 1531 2601 Quare
1558 2567 1703 2595 diameter
1731 2568 1905 2602 angulorum

1084 2613 1222 2650 quadrati
1238 2613 1315 2641 facta
1328 2612 1467 2649 quadrati
1479 2613 1556 2641 latus
1569 2612 1697 2649 duplqu
1721 2612 1812 2641 efﬁcit
1836 2612 1905 2641 illius

1084 2658 1171 2694 cujus
1185 2660 1228 2686 est
1243 2658 1396 2692 diametcr,
1406 2658 1489 2694 quod
1503 2657 1861 2694 oportuitdemonstrarc.

1120 2705 1145 2731 3.
1157 2703 1212 2731 Sed
1226 2703 1256 2730 in
1272 2702 1389 2739 sphaera
1397 2702 1576 2735 nonita,sed
1586 2701 1670 2730 aliter
1686 2710 1717 2729 se
1735 2709 1783 2730 res
1799 2701 1883 2730 habet
1897 2710 1903 2729 :

1084 2750 1174 2783 atque
1188 2747 1256 2776 ideo
1266 2747 1364 2783 ﬁgura
1375 2747 1526 2775 circularis
1537 2749 1581 2775 est
1594 2746 1691 2782 magis
1716 2745 1870 2786 uniformis
1880 2748 1905 2781 et

1082 2788 1181 2828 magis
1191 2788 1326 2830 aequalis,
1342 2787 1437 2829 quam
1452 2786 1647 2827 triangulum.
1663 2792 1739 2820 Nam
1749 2790 1782 2820 in
1802 2786 1901 2820 circulo
