1967 3080
11 127 123 156 1369
497 131 673 162 THEODORI
691 133 715 162 Il
733 133 803 163 IMP.
823 133 869 162 DE
888 131 1117 164 COMMUNIONE
1135 135 1324 165 NATURALI.
1691 140 1759 168 1370

31 196 110 222 καὶ
125 195 152 221 αἱ
163 191 300 229 διάμετροι
315 194 360 219 καὶ
376 192 403 219 αἱ
431 194 496 230 πρὸς
521 196 550 221 τὸ
572 197 674 233 κέντρον
696 197 793 224 meum
823 198 868 223 καὶ
897 197 920 224 Α
949 207 994 224 και
1006 197 1124 226 ἁπάντων
1137 200 1234 228 τούτων
1256 201 1333 237 πέρας
1357 200 1387 227 τὸ
1410 203 1446 229 Χ.
1472 201 1510 228 Τὰ
1534 204 1597 239 γοῦν
1623 204 1668 229 τοῦ
1693 205 1712 228 Β
1740 205 1759 230 Γ

31 240 57 268 ἠ
108 239 139 265 ἔκ
159 241 205 265 τοῦ
234 239 339 275 κέντρου
369 237 416 264 κᾶν
448 238 612 274 ελαττῶνται,
639 241 687 268 xciv
718 242 794 279 αὑξῃ,
829 241 868 268 ἀεὶ

34 281 122 311 Icari
138 285 200 318 εἰσι,
216 283 245 309 τὸ
261 280 291 310 δὲ
301 282 461 318 τετράγωνον
475 286 543 311 κατὰ
556 286 601 316 τὰς
628 284 786 323 διαμέτρους
814 287 867 323 οὐχ
1283 282 1343 323 Δ

31 329 145 359 οὕτως
160 329 227 364 ἔχει.
247 327 276 354 Ἠ
304 328 355 364 ’γὰρ
383 327 411 354 ἐκ
433 332 478 359 τῆς
503 334 627 367 γραμμῆς
654 331 782 368 ληφθεῖσα
809 329 867 358 διά-

32 383 156 410 μετρος
179 373 284 400 τεθεῖσα
310 372 408 410 πλευρὰ
435 372 490 400 ἴσον
518 378 554 410 τῷ
582 374 612 402 οὗ
637 375 693 403 ἐστι
731 375 869 414 διάμετρος

32 420 133 446 ποιεῖ
145 418 341 455 τιτροίγωνον,ἠ
369 416 399 444 δὲ
424 421 522 456 κυρίως
551 418 688 458 διάμετρος
717 422 732 452 ἡ
762 421 789 448 ix
817 426 868 448 τῶν

34 467 164 487 νωνιῶν
194 466 263 487 ποιεῖ
284 460 435 487 διπλάσιον.
462 465 532 487 Εἴπω
557 463 586 487 δὴ
612 468 655 487 am;
691 465 751 487 am
801 467 868 487 5m."
1127 455 1152 482 Ψ
1201 485 1288 487 ηκ-

32 383 156 410 μετρος
179 373 284 400 τεθεῖσα
310 372 408 410 πλευρὰ
435 372 490 400 ἴσον
518 378 554 410 τῷ
582 374 612 402 οὗ
637 375 693 403 ἐστι
731 375 869 414 διάμετρος

32 420 133 446 ποιεῖ
145 418 341 455 τιτροίγωνον,ἠ
369 416 399 444 δὲ
424 421 522 456 κυρίως
551 418 688 458 διάμετρος
717 422 732 452 ἡ
762 421 789 448 ix
817 426 868 448 τῶν

1127 455 1528 620 W

43 829 207 859 ρατουμὲνη
223 829 308 849 satiata
337 829 380 849 uti
409 829 455 852 τήν
485 829 503 850 Γ
528 829 575 850 σιὰ
607 829 653 852 τοῦ
681 829 716 858 Χ,
742 829 867 856 ὡσαύτως
1131 837 1153 861 Λ
1202 829 1222 830 7
1338 837 1355 863 Δ

43 877 104 893 και
117 866 169 893 ἀπὸ
184 870 231 898 τῆς
253 870 270 893 Δ
299 866 340 893 ἐπὶ
367 871 412 898 τῆς
439 870 457 894 Β
477 868 505 894 αἶ
527 868 579 895 ‘ein
605 872 651 895 toti
674 872 691 895 Β
716 871 734 896 Γ
771 869 865 896 κύκλου
895 876 917 903 Β

43 910 211 949 διάμετροι.
233 913 333 949 Κέντρῳ
351 909 381 938 ὃὸ
395 912 472 938 πάλιν
491 917 527 948 τῷ
556 916 584 948 Β,
608 913 702 945 κύκλος
727 914 866 951 γεγράφθω

43 957 60 983 ὁ
82 960 111 983 Ν
124 959 157 991 H,
175 954 315 994 διάμετρος
328 955 357 983 δὲ
370 957 385 987 ἡ
404 960 427 984 Χ
441 960 474 990 Ν,
487 957 561 995 ἑτέρα
575 956 604 984 δὲ
622 959 637 987 ἡ
667 962 686 985 Φ
708 962 741 988 ll.
771 959 866 985 Ὡσαύ-

43 957 60 983 ὁ
82 960 111 983 Ν
124 959 157 991 H,
175 954 315 994 διάμετρος
328 955 357 983 δὲ
370 957 385 987 ἡ
404 960 427 984 Χ
441 960 474 990 Ν,
487 957 561 995 ἑτέρα
575 956 604 984 δὲ
622 959 637 987 ἡ
667 962 686 985 Φ
708 962 741 988 ll.
771 959 866 985 Ὡσαύ-

34 467 164 500 γωνιῶν
194 466 263 490 ποιεῖ
284 460 435 490 διπλάσιον.
461 465 532 491 Εἴπω
557 463 586 492 δὲ
612 468 657 492 καὶ
691 465 762 499 alio,
801 467 868 496 ὅπως

43 1012 107 1032 τως
124 999 156 1028 δὲ
169 1003 265 1039 κέντρῳ
280 1005 316 1036 τῷ
329 1004 346 1028 Δ
365 1001 459 1032 κύκλος
468 1003 607 1040 γεγράφθω
645 1004 658 1029 ὁ
686 1007 710 1030 Χ
738 1007 771 1037 Θ,
802 1001 866 1030 διά·
1279 999 1346 1042 \F

999 455 1668 803 Ψ

36 506 145 541 δείξω
161 508 201 535 ὅτι
214 511 243 534 τό
259 506 330 539 ιῖδος
344 510 498 544 κρειττόνως
515 519 545 536 το
566 510 687 537 κυκλικὸν
716 510 867 540 uiden-cina:

38 557 162 590 σχῆμα
172 556 219 580 τοῦ
232 555 394 591 τετραγώνου
423 555 468 580 καὶ
496 555 598 581 πάντων
625 557 689 593 πρὸς
714 558 743 582 τὸ
770 555 865 590 δεῖξαι,

36 599 98 625 ὅτι
120 599 153 625 τὰ
163 601 209 624 τοῦ
223 597 319 624 κύκλου
341 599 406 635 μέρη
430 598 533 626 ἅπαντα
553 598 599 626 ἶσα
624 602 687 637 πρὸς
710 602 739 627 τὸ
763 603 866 639 κέντρον

36 645 104 670 καὶ
115 642 200 670 αὐτοῦ
215 645 376 680 τετραγώνου
390 653 396 660 ·
411 641 452 669 δεῖ
471 642 501 670 δὲ
534 646 632 681 τέμνειν
665 643 712 672 διὰ
737 649 787 672 τῶν
821 644 867 672 δια
962 643 985 669 Ε

38 690 164 725 μέτρων
175 687 260 714 αὐτῶν
275 690 320 714 καὶ
332 686 417 719 δεῖξαι
429 689 468 714 ὃτι
484 689 531 715 ἴσα
551 691 586 716 τὰ
611 692 676 727 μέρη
701 691 786 717 πάντα
817 690 866 716 αὐ-

38 737 117 760 τοῦ.
136 732 311 759 ἘστωὸΒΓ
339 732 443 767 κύκλος,
472 735 575 770 κέντρον
603 733 632 761 δί
658 736 751 761 τούτου
778 736 806 762 τὸ
831 739 866 763 Χ.

40 780 237 814 Aeeta-ripam
250 775 280 804 δὲ
294 778 323 803 τὸ
336 779 355 804 Α
369 780 388 804 Γ
407 780 425 804 Β
440 781 458 805 Δ
476 781 521 804 καὶ
534 779 612 814 ἤχθω
628 778 678 806 ἀπὸ
691 784 739 812 τῆς
772 783 791 807 Α
818 789 866 807 πι-

40 823 207 859 ρατουμένη
223 822 308 849 εὐθεῖα
337 822 380 849 ἐπὶ
409 824 455 852 τὴν
485 826 503 850 Γ
528 821 575 850 διὰ
607 828 653 852 τοῦ
681 828 716 858 Χ,
742 825 867 856 ὡσαύτως

40 877 104 893 και
117 866 169 893 ἀπὸ
184 870 231 898 τῆς
253 870 270 893 Δ
299 866 340 893 ἐπὶ
367 871 412 898 τῆς
439 870 457 894 Β
477 868 505 894 αἶ
527 868 579 895 ‘ein
605 872 651 895 toti
674 872 691 895 Β
716 871 734 896 Γ
771 869 865 896 κύκλου
895 876 917 903 Β

45 1056 152 1084 μετρος
172 1043 230 1075 JH:
253 1048 321 1079 ΛΘ,
339 1045 452 1083 ἑτέραδὲ
481 1047 496 1076 ἠ
522 1050 540 1074 P
566 1051 600 1075 Χ.
628 1050 678 1075 Καὶ
707 1048 782 1079 αὖθις
810 1050 866 1075 κέν-

44 1101 111 1128 τρῳ
122 1095 161 1127 τῷ
176 1093 205 1125 Γ,
221 1090 315 1122 κύκλος
328 1092 482 1127 ’γεγράρφθω
502 1092 514 1117 ὁ
531 1095 551 1118 H
567 1096 605 1125 M,
622 1091 761 1130 διάμετρος
788 1091 818 1120 δὲ
847 1094 862 1123 ἡ

45 1139 75 1164 Χ
94 1139 136 1170 Μ,
154 1137 199 1161 καὶ
214 1135 277 1164 ἄλλη
293 1136 308 1164 ἡ
327 1139 350 1162 Θ
366 1139 397 1162 H.
416 1138 465 1162 Καὶ
485 1136 561 1162 πάλιν
581 1139 676 1176 κέντρῳ
696 1141 732 1174 τῷ
762 1141 792 1171 Α,
821 1139 864 1164 κό-

45 1180 119 1211 κλος
133 1180 301 1217 γιγράφθωό
332 1182 352 1206 Φ
383 1184 415 1214 Χ,
449 1179 590 1219 διάμετρος
610 1180 639 1208 δὲ
666 1183 680 1212 ἠ
711 1186 730 1210 Ε
758 1186 792 1218 Χ,
819 1184 864 1208 καὶ

47 1224 134 1262 ἑτέρα
157 1225 171 1253 ἡ
199 1227 221 1251 Λ
260 1227 290 1253 Φ.
332 1226 406 1261 Λέγω
445 1229 508 1261 γοῦν
542 1227 583 1252 ὄτι
615 1228 649 1253 τὰ
678 1231 727 1253 τῶν
763 1230 808 1254 τοῦ
846 1229 864 1253 Β

48 1273 72 1296 Γ
108 1268 206 1296 κύκλου
235 1271 335 1306 πέρατα
372 1267 519 1307 διαμέτρων
557 1274 575 1297 Β
618 1273 636 1298 Γ
688 1274 706 1298 Δ
746 1274 766 1299 Α
809 1273 864 1299 κέν-

46 1324 107 1352 τρα
123 1313 389 1341 ἑστὶτῶνΦΝΙίΠ
408 1317 507 1342 ΜΘΘ
527 1318 585 1342 ΡΛ
605 1318 629 1343 Λ
653 1319 672 1342 Ε
703 1319 722 1343 Φ
751 1316 861 1351 κύκλων,

946 1090 1041 1117 κὺκλου
1054 1092 1154 1127 πέρατα
1165 1095 1214 1117 τῶν
1232 1088 1379 1128 διαμέτρων
1400 1093 1418 1116 Β
1447 1093 1466 1116 Γ
1492 1092 1510 1116 Δ
1525 1091 1545 1116 Α
1571 1091 1662 1125 κίντρα
1688 1091 1745 1117 ἐστὶ

945 1140 995 1163 τῶν
1011 1135 1100 1173 ἑτέρων
1114 1135 1223 1169 κύκλων,
1240 1137 1269 1161 τὸ
1284 1133 1313 1161 δὲ
1333 1139 1357 1162 Χ
1387 1137 1466 1172 πέρας
1488 1135 1581 1162 αὐτῶν.
1613 1134 1688 1162 Ἔπιί
1717 1133 1747 1161 δί

945 1183 1024 1219 πέρας
1042 1184 1150 1207 τῶνΒΡ
1170 1183 1189 1207 Γ
1211 1184 1228 1207 Δ
1257 1182 1277 1206 Α
1306 1181 1415 1218 κίντρων
1439 1180 1496 1206 ἐστί
1523 1181 1553 1206 τὸ
1579 1183 1603 1207 Χ
1630 1180 1747 1216 ὑπάρχιι

947 1223 976 1252 δί
994 1226 1024 1252 to
1054 1229 1104 1252 τῶν
1137 1226 1251 1262 ἡμίσεων
1283 1224 1365 1251 αὐτῶν
1401 1222 1559 1262 διαμέτρων,
1597 1223 1746 1260 ἀναγκαίως

946 1271 1062 1307 ὑπάρχει
1081 1280 1127 1297 και
1141 1271 1175 1297 τὰ
1201 1273 1225 1297 Ν
1258 1273 1284 1297 Μ
1308 1273 1326 1296 Ρ
1349 1273 1368 1296 E
1393 1271 1492 1306 πέρατα
1513 1273 1562 1296 τῶν
1589 1268 1662 1300 ἐκτὸς
1686 1269 1747 1304 ἠμε-

946 1315 1165 1352 κυκλίωνὴμίσια
1182 1319 1233 1342 τῶν
1252 1318 1276 1342 Ν
1304 1319 1328 1342 Χ
1360 1318 1386 1342 Μ
1419 1317 1444 1341 Χ
1474 1317 1493 1341 P
1525 1317 1549 1341 Χ
1577 1312 1746 1350 δταμέτρων·

33 1376 186 1406 diametri
208 1377 238 1405 et
268 1376 353 1404 lineae
379 1378 466 1405 rectae
493 1377 532 1406 ad
551 1381 688 1407 centrum
718 1378 829 1412 ductae,
853 1379 882 1407 et
936 1378 1084 1412 Quoniam
1097 1379 1198 1407 autem
1210 1377 1355 1406 terminus
1371 1377 1621 1406 diametrorumB
1636 1377 1667 1412 C,
1682 1377 1703 1405 D
1737 1378 1761 1406 Α

33 1430 113 1459 qum
130 1430 150 1451 θ.
165 1424 266 1450 centro
288 1421 449 1456 ducuntur,
481 1423 540 1451 sive
568 1423 668 1452 minor
692 1424 755 1452 sive
783 1424 883 1460 major

33 1459 96 1495 ﬁat
123 1466 265 1500 circulus,
291 1474 409 1504 semper
448 1469 517 1496 sunt
550 1468 695 1504 aequales.
734 1471 770 1497 At
803 1459 880 1505 qua-

34 1511 166 1540 dratum
183 1510 298 1539 ratione
323 1511 539 1540 diametrorum
563 1520 623 1540 non
652 1513 693 1541 ita.
717 1521 748 1541 se
773 1513 876 1542 habet.

34 1557 119 1585 Nam
132 1558 255 1591 sumpta
265 1555 313 1584 illa
322 1563 391 1592 quae
403 1558 447 1584 est
459 1556 607 1585 linearum
615 1558 882 1587 rntionediameter

35 1603 66 1629 et
78 1601 160 1628 latus
171 1600 277 1628 effecta
291 1600 407 1638 aequale
420 1601 606 1637 quadratum
618 1602 707 1631 efﬁcit
718 1603 782 1639 ejus
793 1603 882 1639 cujus
897 1594 918 1622 (ἶ

36 1648 86 1674 est
106 1645 263 1674 diameter.
292 1647 327 1673 At
349 1653 416 1682 quae
442 1646 561 1682 proprie
591 1647 701 1675 dicitur
725 1647 880 1682 diamcter,

37 1697 155 1726 nempe
171 1689 351 1724 angulorum
371 1690 486 1718 ratione
514 1690 593 1720 dicta
621 1691 767 1720 diameter
792 1692 882 1720 efﬁcit

36 1734 185 1771 quadrati
201 1733 339 1769 duplum.
353 1733 492 1762 Dicamus
504 1735 593 1764 etiam
605 1735 690 1764 aliud
702 1739 732 1764 nt
743 1736 882 1764 ostende-

38 1787 112 1807 mus
129 1778 258 1806 formam
271 1777 452 1807 circularem
465 1780 686 1816 praetentiorem
710 1789 776 1808 esse
803 1788 880 1817 qua-

39 1824 132 1852 drato
146 1826 175 1851 et
185 1823 251 1851 aliis
263 1823 448 1859 quibuslibet
462 1824 575 1859 ﬁguris.
597 1824 641 1853 Ad
658 1825 880 1854 ostendendum

40 1875 153 1897 omnes
167 1868 268 1897 circuli
283 1870 383 1905 partes
398 1868 530 1904 aequales
543 1877 608 1897 esse
620 1869 659 1897 ad
672 1872 806 1897 centrum
818 1878 880 1898 nou

39 1915 146 1942 autem
162 1913 301 1949 quadrati
316 1915 414 1949 partes
437 1921 444 1946 ;
474 1916 592 1949 oportet
615 1921 715 1942 secare
734 1914 880 1942 circulum

40 1958 200 1986 diametris
214 1958 294 1994 ipsis.
308 1959 374 1986 Esto
390 1959 408 1985 Β
437 1959 456 1985 C
481 1958 621 1991 circulus,
647 1961 783 1987 centrum
808 1967 879 1987 vero

39 2002 136 2038 hujus
149 2002 226 2030 sitX.
245 2002 402 2031 Intervalla
417 2010 486 2030 vero
501 2003 560 2031 sint
580 2006 601 2030 Α
615 2004 635 2032 C
652 2004 671 2030 Β
693 2005 725 2032 D.
750 2005 879 2031 Ducatur

39 2047 124 2076 linea
139 2046 212 2076 abA
228 2055 281 2084 per
301 2049 322 2076 Χ
343 2055 410 2084 quae
435 2048 610 2076 terminetur
633 2049 662 2076 in
684 2050 704 2076 C
730 2057 736 2077 :
770 2048 878 2076 eodem

41 2092 138 2120 modo
150 2099 168 2120 θ.
183 2093 295 2128 puncto
313 2093 332 2120 D
343 2092 374 2119 in
386 2094 531 2128 punctum
547 2092 568 2118 Β
583 2092 711 2121 ducatur
724 2093 816 2121 altera.
843 2092 878 2120 li-

42 2145 114 2171 nea,
137 2136 256 2172 sintque
273 2136 371 2164 ambae
394 2135 530 2164 diametri
545 2136 647 2164 circuli
666 2137 687 2163 Β
711 2138 741 2165 C.
764 2138 877 2165 Rursus

42 2182 159 2210 circum
174 2183 312 2209 centrum
329 2181 348 2208 B
361 2180 489 2209 circulus
498 2180 677 2209 describitur
689 2183 711 2210 N
726 2182 748 2209 Κ
761 2191 768 2215 ;
780 2181 876 2217 sitque

986 1485 1685 1969 ε

42 2233 107 2255 una
117 2226 264 2253 diameler
275 2227 296 2253 Χ
309 2227 341 2258 N,
358 2224 450 2253 altera
461 2233 532 2253 vero
545 2227 566 2253 tl
583 2226 617 2252 K.
646 2226 757 2254 Eodem
785 2226 876 2254 modo

931 2225 1120 2251 estcentrum
1136 2224 1164 2251 X.
1183 2225 1229 2251 Est
1243 2225 1346 2251 aulam
1361 2223 1450 2252 etiam
1466 2225 1602 2251 centrum
1618 2221 1759 2250 dimidia-

44 2271 160 2298 circum
173 2273 310 2297 centrum
324 2270 343 2296 D
355 2268 542 2297 describatur
553 2269 682 2297 circulus
696 2270 715 2297 Χ
728 2271 748 2297 Τ
760 2278 766 2297 :
780 2269 876 2306 sitque
895 2274 915 2300 ι)
930 2275 996 2295 rum
1007 2267 1234 2298 diaruetrorum.
1253 2268 1420 2296 necessario
1434 2275 1556 2304 quoque
1569 2269 1591 2296 N
1602 2268 1656 2296 ΜΗ
1670 2268 1688 2294 Ε
1700 2266 1753 2303 qui

46 2322 108 2342 una.
123 2313 270 2341 diameter
286 2315 304 2341 L
319 2313 452 2347 T,altura
470 2321 539 2341 vero
553 2315 575 2341 Β
605 2315 635 2340 Χ.
661 2315 789 2342 Rursum
818 2314 876 2342 cir-

45 2368 117 2388 cum
133 2361 269 2387 centrum
286 2360 305 2386 C
321 2358 450 2386 circulus
471 2358 659 2387 describatur
686 2360 745 2392 ΚΜ,
778 2360 876 2396 sitque

45 2404 198 2432 diametur
213 2411 273 2431 una
285 2403 309 2430 X
320 2404 354 2436 Μ,
376 2402 469 2431 altera
483 2410 553 2430 vero
569 2403 627 2431 TK.
643 2404 791 2431 Etrursus
819 2406 875 2432 cir-

45 2457 116 2477 cum
130 2450 266 2476 centrum
285 2448 310 2474 Α
325 2446 454 2474 circulus
465 2446 653 2476 describatur
669 2448 690 2475 ll
716 2449 747 2482 Χ,
778 2448 876 2485 sitque

46 2493 193 2521 diameter
213 2500 274 2520 una
288 2492 308 2519 Β
320 2492 348 2527 Χ,
364 2491 458 2519 altera
471 2500 539 2519 vero
556 2493 574 2520 L
587 2492 621 2520 H.
640 2492 709 2519 Dico
728 2492 819 2527 igitur
845 2493 875 2521 in

47 2537 158 2566 circulo
173 2538 191 2564 B
203 2538 223 2565 Ο
233 2536 306 2564 lines
317 2543 371 2564 seu
380 2536 523 2564 terminos
534 2537 749 2564 diametrorum
766 2545 876 2573 nempe

50 2584 70 2610 Β
85 2582 104 2609 C
125 2582 145 2608 D
162 2583 184 2608 A
199 2588 266 2608 esse
279 2582 380 2608 centra.
390 2580 569 2608 circulorum
584 2582 604 2608 ll
622 2582 642 2608 Ν
660 2580 721 2614 Κ,Κ
745 2582 769 2610 Μ
793 2581 826 2616 Τ,
856 2583 877 2610 Τ

49 2628 72 2654 Β
88 2626 116 2661 L,
134 2626 153 2653 L
168 2626 187 2652 Ε
204 2626 237 2659 Η,
253 2626 281 2653 et
296 2624 405 2652 horum
431 2624 568 2652 omnium
598 2627 735 2653 centrum
755 2633 821 2654 esse
845 2626 875 2660 X,

51 2670 256 2699 Extremitntes
271 2676 343 2704 ergo
355 2668 571 2697 diametrorum
582 2677 644 2706 qrm
658 2672 728 2698 sunt
740 2671 759 2698 Β
775 2671 795 2698 C
815 2672 836 2697 υ
852 2672 876 2698 Α

51 2716 80 2744 in
99 2714 211 2742 circulo
227 2714 246 2742 Β
260 2713 292 2742 C.
308 2715 377 2741 sunt
391 2713 519 2741 aliorum
543 2713 723 2742 circulorum
746 2716 813 2743 cent
847 2723 875 2749 δ,

53 2759 237 2789 Circulorum
251 2766 321 2787 vero
335 2758 463 2786 istorum
479 2758 615 2787 omnium
629 2752 774 2787 terminus
791 2761 835 2788 est
844 2753 874 2788 Χ.

86 2808 126 2860 (1)
138 2807 233 2851 Locus
246 2820 279 2850 in
292 2805 393 2852 Graec
406 2806 570 2851 mendosus
590 2807 643 2851 ut;

929 2315 998 2340 sunt
1013 2313 1129 2340 termini
1145 2321 1196 2340 seu
1210 2313 1411 2341 extremitates
1429 2313 1607 2340 exteriorum
1625 2311 1757 2339 semicir-

930 2357 1065 2384 culorum
1082 2360 1152 2385 sunt
1166 2358 1298 2386 dimidiae
1312 2359 1411 2394 partes
1426 2356 1642 2385 diametrorum
1654 2357 1676 2384 N
1690 2357 1720 2389 X,
1732 2357 1758 2384 Μ

930 2402 968 2436 Χ,
978 2403 1036 2429 EX.
1051 2403 1198 2434 Quoniam
1209 2405 1308 2430 autem
1329 2403 1349 2430 Χ
1366 2403 1384 2429 Β
1397 2404 1443 2430 est
1457 2401 1582 2430 dimidia
1611 2400 1758 2429 diameter

929 2445 1051 2480 integra:
1058 2446 1169 2474 dimetri
1181 2448 1226 2475 ΒΧ
1235 2449 1262 2480 Β,
1270 2446 1514 2483 quandoquidem
1523 2446 1613 2481 hujus
1623 2447 1756 2473 centrum

929 2493 974 2518 est
988 2491 1019 2524 X,
1036 2492 1055 2518 Β
1071 2493 1090 2519 Χ
1103 2498 1224 2528 quoque
1243 2492 1298 2519 erit
1312 2491 1438 2519 dimidia
1461 2490 1606 2518 diamctcr
1633 2490 1757 2526 integra:

929 2534 1096 2564 diametriN
1109 2537 1139 2568 Χ,
1156 2536 1185 2563 in
1194 2535 1615 2568 circuloNtl.Quouiamenim
1623 2534 1724 2563 circuli
1734 2536 1757 2563 A

930 2583 952 2607 K
961 2582 1095 2608 centrum
1106 2583 1149 2608 est
1162 2582 1316 2616 Bquorum
1324 2588 1394 2608 vero
1403 2579 1527 2608 dimidia
1538 2581 1607 2607 sunt
1616 2578 1756 2616 tequalia,

931 2627 991 2653 tota
1005 2624 1081 2652 inter
1087 2632 1245 2661 sequoque
1255 2627 1324 2653 sunt
1331 2624 1459 2661 aequalia.
1467 2632 1473 2652 :
1482 2632 1553 2652 sane
1561 2623 1698 2652 diametri
1709 2624 1756 2653 in-

930 2672 973 2698 ter
987 2677 1018 2698 se
1032 2672 1118 2698 erunt
1130 2669 1318 2706 mqualesﬂ).
1329 2669 1439 2698 Eadem
1449 2669 1523 2697 ratio
1529 2671 1574 2697 est
1584 2669 1672 2697 etiam
1682 2669 1756 2698 alia-

929 2721 997 2742 rum
1013 2713 1228 2743 diametrorum
1243 2715 1272 2742 in
1287 2713 1353 2742 aliis
1368 2713 1496 2741 circulis.
1523 2714 1598 2741 Nam
1618 2713 1757 2742 diametri

929 2752 1051 2794 integrae
1066 2760 1087 2787 Χ
1101 2759 1126 2787 Μ
1141 2757 1266 2787 dimidia
1285 2766 1356 2795 pars
1370 2760 1415 2787 est
1428 2759 1449 2787 Χ
1462 2757 1493 2786 Ε.
1508 2757 1657 2791 Quoniam
1670 2757 1751 2787 enim
