1967 3080
0 127 73 154 ι’73

489 129 664 157 THEODORl
677 127 702 156 Π
716 127 789 156 ῘΜΡ.
803 127 848 156 DE
861 127 1091 156 COMMUNIONE
1103 128 1292 156 NATURALI.

1672 127 1741 157 £374

0 199 83 226 ρος
117 193 271 220 συνέστησι
285 192 314 217 τὸ
338 193 391 218 ΒΚ
408 194 431 218 Λ
454 193 473 217 Γ
497 192 666 228 τετράγωνον,
696 190 726 216 οὗ
751 190 850 227 πλευρά
877 198 901 223 Α
929 192 1031 226 κέντρον
1056 191 1085 215 τὸ
1104 194 1128 217 Χ
1153 192 1233 220 οὔτως
1247 192 1292 216 καὶ
1321 193 1367 216 τοῦ
1390 193 1414 216 Ν
1431 193 1456 216 Ω.
1478 192 1497 215 Γ
1519 190 1538 216 Ξ
1565 191 1727 226 τετραγώνου

6 236 159 269 ἐγονεν.
176 234 296 272 "Exurit
311 237 340 262 τὸ
357 237 412 272 μὶν,
429 239 449 263 Α
479 239 497 262 Β
519 239 538 262 Γ
562 239 579 261 Δ
602 233 650 262 δύο
677 237 791 271 τρίγωνα
818 235 850 260 τά

0 292 7 304 ι
38 282 70 305 Β
92 283 129 306 Γ
154 282 185 306 τὸ
207 279 237 307 δὲ
264 283 282 306 Β
303 283 324 307 K
347 283 368 307 A
385 283 404 306 Γ
425 291 431 296 -
449 282 566 316 τέσσαρα
592 278 639 306 ἶσα
659 284 713 310 τοῖς
733 277 796 305 δυσὶ.
820 281 849 305 τὸ

0 339 6 348 .
33 327 65 349 Β
93 327 409 352 ΚΔΛΚΔΓΛΔΓ
428 328 456 357 Β,
481 323 556 351 οῦδὲ
586 325 619 351 τά
643 322 772 360 τεταρδύο
795 327 849 354 τοῖς

0 378 100 399 τινος
129 368 213 395 δυσὶν
241 371 364 406 ἡμίσισιν
392 367 447 402 ἶσα,
473 371 502 395 τὸ
532 369 588 395 ὅλον
617 367 756 395 διπλάσιόν
780 368 849 394 ἑστιν

0 413 140 448 mli-ovi,
163 417 209 440 τοῦ
234 417 252 440 Α
281 417 333 440 ΒΓ
359 417 377 440 Δ
405 413 478 450 -οἷροι
492 416 521 439 τό
551 417 569 439 Β
598 417 618 440 K
639 417 660 440 A
681 416 700 439 Γ
722 413 850 449 τετράγω-

0 467 50 482 ιον
101 456 256 484 διπλάσιόν
275 457 356 485 ἐστιν.
385 457 415 484 Ἠ
448 459 500 494 ἆρα
529 461 576 484 τοῦ
615 459 777 494 τετραγώνου
799 460 849 482 τῶν

0 506 145 528 γωνιῶν
178 500 316 540 διάμετρος
353 500 493 529 διπλάσιον
523 501 602 528 αὐτοῦ
626 503 781 530 συνίστησιν
811 500 849 527 ἀεὶ

0 548 217 582 -στράγωνον,
261 547 322 584 ὅπερ
354 545 410 573 ἔδει
452 545 546 578 δεῖξαι.
593 547 719 572 Διιχνύειν
751 544 780 571 δὲ
809 543 850 571 δεῖ

0 591 256 627 ὶμολογουμένως
292 593 326 617 τὰ
367 590 572 627 ἀποδειχθέντα.
616 593 658 616 Διῐ
682 594 744 626 γοῦν
764 588 850 620 δεῖξαι

0 636 56 661 Ξτι
81 638 146 662 καὶ
166 637 182 664 ἡ
212 639 235 662 Ν
257 639 281 663 Ω.
307 634 447 673 διάμετρος
474 640 524 662 τῶν
553 635 656 661 εὐθειῶν
679 638 726 660 τοῦ
747 637 766 660 Α
790 638 809 660 Β
831 637 849 660 Δ

0 683 219 718 τετραγώνου,
250 683 412 718 τετραγώνου
438 690 465 707 τι
494 680 570 706 θεῖσα
594 679 692 716 πλευρὰ
718 677 774 705 ἴσον
804 680 849 704 καὶ

0 725 118 751 man
139 725 206 751 αὐτὸ
231 728 301 751 ποιςῖ
315 725 392 762 οὗπέρ
417 724 474 751 ἔστι
494 723 643 761 διάμετρος.
666 725 739 750 Ἐπεὶ
763 725 849 749 τοίνυν

0 772 122 805 μέσον
139 773 192 795 τῶν
218 769 256 806 ἆρ’
273 770 391 806 ἑκάτερον
416 768 540 805 ἀνάλογόν
555 768 612 795 ἐστι
635 770 664 795 τό
691 771 715 795 Ν
733 771 777 798 τῆς
796 770 814 793 Β
829 770 849 793 Δ

0 814 170 850 πλευρᾶς,
197 818 244 840 τοῦ
269 817 288 840 Δ
304 817 389 840 ΒΓΔ
415 824 587 851 τετραγωνου,
621 815 677 839 ἔστι
704 811 733 839 δὲ
759 814 803 838 καὶ
831 812 847 840 ἡ

0 862 36 886 N
59 863 87 886 Σ
107 860 161 888 ‘ia'n
189 862 221 895 τῇ
248 862 269 887 Α
289 862 317 893 Β,
333 860 368 889 ὡς
383 857 543 894 ἀπεδείχθη,
558 861 602 884 καὶ
623 859 638 888 ἡ
658 861 677 885 Α
702 859 769 894 μέση
788 856 848 882 ἀνά-

1 903 116 939 λογὸς
131 903 191 930 εστι
201 907 249 934 τῆς
264 907 281 930 Σ
294 906 328 931 Ν.
354 903 420 930 Ἐπεὶ
439 901 468 929 δὴ
492 907 539 934 τῆς
554 906 577 930 Ν
599 901 740 939 διαμέτρου
769 903 849 937 πέρας

2 948 91 974 ἐστὶ
119 949 150 974 τὸ
167 951 192 974 Ω
204 951 251 974 τοῦ
270 950 290 975 Δ
305 951 324 974 Β
337 951 356 974 Γ
369 950 387 973 Δ
407 950 579 985 τετραγώνου,
602 949 658 973 ἔστι
692 944 721 973 δὴ
748 947 848 983 πέρατα

2 996 74 1023 τῆς
100 995 126 1020 Α
144 995 166 1018 Β
187 991 299 1029 πλευρᾶς
324 993 340 1021 ἡ
368 995 388 1018 Γ
421 996 448 1028 Δ,
478 994 523 1018 καὶ
551 993 566 1021 ἡ
589 995 613 1018 Ω
633 993 700 1027 μέση
723 990 846 1025 ἁνάλογός

6 1036 88 1063 ἐστι
106 1040 144 1073 ’τῇ
167 1039 184 1064 Δ
206 1039 233 1064 Γ.
254 1039 304 1063 Καὶ
319 1036 372 1063 ἕπιὶ
406 1035 435 1063 δὲ
459 1037 474 1066 ἡ
496 1040 516 1063 Δ
531 1038 610 1072 γωνία
626 1037 693 1072 μέση
723 1034 847 1070 ἀνάλογος

8 1081 91 1108 ἐστι
107 1085 143 1118 τῇ
171 1085 194 1108 Ν
209 1081 347 1118 Σπλιυρᾷ,
376 1083 421 1108 καὶ
439 1082 453 1111 ἠ
482 1083 596 1117 Γγωνία
625 1082 692 1116 μέση
723 1079 847 1115 ἀνάλογος

12 1126 93 1154 ἐστι
111 1131 147 1163 τῇ
165 1129 189 1152 Ω
203 1129 221 1153 Ρ
239 1127 338 1164 πλευρᾴ
359 1137 366 1144 ·
382 1130 438 1158 τοῖς
450 1127 500 1164 γὰρ
515 1127 581 1157 ἴσοις
601 1124 647 1152 ἶσα
660 1125 844 1162 προστεθέντα,

13 1172 126 1198 πάντα
148 1169 196 1197 ἶσά
214 1170 283 1197 εστιν
303 1181 310 1187 ·
327 1170 381 1198 ἔτι·ιὶ
410 1169 440 1197 δὲ
464 1174 495 1207 τῇ
522 1174 546 1197 Ν
568 1174 592 1197 Ω
617 1168 749 1206 διαμέτρῳ
777 1171 844 1205 μέση

17 1215 172 1251 iuuant};
185 1215 255 1241 ἔστιν
274 1216 289 1245 ἡ
306 1219 331 1242 Χ
345 1216 380 1247 ὡς
391 1219 438 1242 τοῦ
463 1219 484 1243 Λ
506 1219 524 1242 Β
537 1218 555 1241 Γ
579 1219 597 1241 Δ
620 1217 736 1252 κέντρου,
761 1215 845 1251 ὑπάρ-

18 1270 80 1296 χει
100 1258 162 1288 δ’ὲὴ
176 1263 200 1286 Ν
214 1263 238 1285 Ω
251 1263 282 1296 τῇ
299 1261 323 1287 Α
338 1263 356 1286 Β
369 1262 427 1292 ἴση,
445 1259 509 1286 ἀλλὰ
524 1258 557 1289 δὴ
586 1259 630 1285 καὶ
644 1263 675 1295 τῇ
693 1263 710 1285 Δ
726 1262 744 1285 Γ
768 1258 846 1294 ἀνοιγ-

20 1307 123 1331 statim:
149 1306 195 1330 καὶ
208 1306 237 1330 τὸ
258 1309 280 1331 Θ
295 1307 390 1342 κέντρῳ
405 1305 462 1331 ἐστι
476 1309 523 1331 τοῦ
537 1307 559 1331 Ν
573 1308 596 1330 Ω
611 1307 629 1330 Γ
645 1308 660 1330 Σ
675 1306 845 1340 τετραγώνου,

22 1347 135 1378 ἐπειδὴ
153 1350 183 1375 τὸ
199 1351 218 1375 Δ
249 1351 316 1384 μέση
344 1348 468 1384 ἀνάλογος
483 1351 538 1376 ἐστι
555 1353 586 1385 τῇ
612 1352 634 1375 Ν
651 1352 667 1374 Σ
682 1348 790 1383 πλευρᾷ.
804 1347 846 1377 Ὠς

21 1395 88 1430 γὰρ
105 1397 158 1419 τοῦ
185 1396 204 1419 Δ
222 1397 240 1420 Β
254 1397 272 1419 Γ
287 1397 305 1420 Δ
319 1397 481 1430 τετραγώνου
496 1395 511 1423 ἡ
532 1397 555 1420 Ν
578 1397 614 1424 Ως
648 1391 798 1429 διάμετρος,
814 1391 846 1422 ἧς

931 232 1068 271 διάμετρος
1083 235 1112 265 ἧς
1131 234 1189 261 ἐστι
1207 237 1310 271 κέντρον
1324 236 1353 260 τὸ
1370 238 1403 261 Θ.
1419 234 1463 265 Ὠς
1483 235 1534 270 γὰρ
1547 235 1563 263 ἠ
1590 237 1616 262 Μ
1646 238 1669 260 Θ
1694 238 1724 270 τῇ

929 279 1327 315 ΩΝἴση,οῧτωκαὶήΧΨτ-ῇ
1346 281 1472 307 ΑΓ·καὶ
1488 279 1549 308 ὡςὴ
1568 281 1727 314 ΛΓτῇΝΣ

929 325 987 358 ἴση,
1003 324 1085 354 οὕτως
1098 326 1142 350 καὶ
1154 324 1169 352 ἡ
1183 327 1208 350 Ω
1222 327 1241 351 Φ
1256 327 1286 360 τῇ
1302 327 1319 350 Σ
1334 327 1352 349 P
1363 326 1407 350 καὶ
1421 325 1435 353 ἡ
1452 327 1477 350 Χ
1490 326 1512 352 Ψ
1522 322 1574 360 ἄρα
1586 323 1682 359 ὁμοίως
1694 327 1724 359 τῇ

930 371 953 394 Θ
967 371 1003 395 Μ.
1020 368 1091 395 Ἐπεὶ
1107 369 1156 405 γὰρ
1172 369 1187 397 ἠ
1209 372 1229 395 Α
1256 372 1274 395 Β
1289 370 1333 397 ἴση
1349 368 1406 394 ἐστὶ
1424 372 1455 403 τῇ
1478 371 1502 394 Ν
1514 371 1530 394 Σ
1546 367 1609 394 ἀλλὰ
1623 370 1667 394 καὶ
1695 371 1725 404 τῇ

930 412 1510 449 ΒΔ,καὶὴΒΔῗσηέστὶτῇΔΓ,καὶήΔ
1530 411 1725 448 Γῖσηέστὶτῇ

930 461 949 483 Γ
963 459 994 490 Α,
1007 460 1051 484 καὶ
1063 458 1077 487 ἡ
1090 460 1196 487 ΓΛῖση
1208 457 1263 484 ἐστὶ
1273 461 1304 494 τῇ
1320 461 1340 484 Α
1353 461 1381 489 Β,
1395 467 1440 483 και
1455 456 1534 487 εἰτῆς
1546 459 1564 482 Α
1578 458 1728 487 Βῖσηςπά-

930 512 988 533 σαις
1000 501 1069 528 ἐστίν
1082 504 1097 532 ἡ
1112 507 1153 529 ΝΣ
1165 504 1211 531 ἴση
1225 503 1321 532 πάσαις
1334 501 1390 528 ἐστί
1402 505 1459 532 ταῖς
1469 502 1540 532 ἴσαις
1555 501 1632 537 αὐτῇ.
1647 501 1728 528 Πάλιν

929 547 1019 576 ἐπειδή
1037 548 1052 576 ἠ
1070 551 1092 574 Ν
1108 551 1124 574 Σ
1149 549 1195 576 ἴση
1212 547 1269 573 ἐστί
1286 551 1318 583 τῇ
1350 550 1372 574 Α
1397 549 1415 572 Β
1429 545 1492 571 ἀλλὰ
1507 555 1551 571 και
1566 546 1581 574 ἠ
1598 549 1614 571 Σ
1643 549 1662 572 Φ
1681 547 1726 575 ἴση

1135 607 1156 632 Σ
1262 609 1288 636 Α
1386 609 1410 634 Ν
1512 608 1533 636 Β

1121 739 1142 764 τ

1129 895 1147 919 Ρ
1255 895 1273 922 Γ
1385 897 1415 925 ο
1520 902 1538 926 Δ

928 954 986 978 ἐστί
1003 956 1035 988 τῇ
1067 956 1086 979 P
1100 957 1133 985 Ω,
1158 963 1204 980 και
1217 955 1233 984 ἡ
1249 957 1268 980 P
1299 957 1324 980 Ω.
1336 954 1383 982 ἴση
1413 953 1471 980 ἐστί
1489 957 1520 990 τῇ
1537 955 1561 980 Ω
1584 955 1617 986 Ν,
1637 959 1683 976 και
1709 949 1724 978 ἢ

927 999 950 1023 Ν
965 1000 989 1024 Ω
1005 998 1051 1026 ἴση
1068 997 1125 1024 ἔστί
1136 1002 1167 1035 τῇ
1184 1002 1207 1025 Ν
1229 1001 1245 1024 Σ
1260 999 1282 1025 εἰ
1302 1002 1347 1029 τῆς
1370 1001 1393 1024 Ν
1421 1001 1437 1024 Σ
1463 999 1510 1026 ἴση
1534 997 1592 1024 ﬁeri
1617 995 1725 1027 πάσαις,

927 1041 943 1070 ἡ
971 1043 989 1067 Α
1016 1043 1094 1071 Βῖση
1111 1042 1167 1069 ἔστι
1195 1046 1253 1074 ταῖς
1276 1044 1349 1074 ἴσαις
1376 1041 1452 1078 αὐτῇ.
1475 1043 1526 1070 Καί
1554 1040 1609 1068 ἐπεί
1629 1040 1656 1065 αἱ
1679 1041 1725 1065 τοῦ

927 1088 947 1112 Α
965 1089 983 1112 Β
1004 1089 1022 1114 Γ
1037 1090 1055 1114 Δ
1087 1090 1248 1123 τετραγώνου
1276 1086 1385 1124 πλευραί
1412 1084 1468 1112 ἶσαί
1510 1085 1561 1112 εἰσι
1598 1086 1655 1114 ταῖς
1679 1087 1725 1109 τοῦ

927 1134 948 1157 Ν
963 1135 979 1157 Σ
993 1134 1055 1167 ΡΩ,
1073 1141 1118 1157 και
1145 1135 1227 1157 ταῦτα
1254 1129 1299 1157 ἴσά
1332 1130 1397 1158 ἔστι.
1420 1131 1459 1156 Τὰ
1483 1131 1534 1167 γὰρ
1555 1126 1601 1155 ἶσοι
1622 1129 1726 1154 τεθέντα

926 1177 1004 1206 ἴσοις.
1021 1177 1104 1202 πάντα
1116 1174 1164 1202 ἷσαὶ
1181 1175 1248 1209 ἐστι,
1275 1185 1320 1201 χαι
1335 1175 1368 1200 ὧν
1388 1172 1435 1201 ἶσα
1448 1176 1481 1200 τὰ
1493 1176 1557 1212 μέρη
1583 1183 1628 1199 και
1643 1175 1726 1198 ταῦτα

927 1219 973 1247 ἷσά
988 1220 1055 1255 ἔστι,
1070 1231 1115 1247 και
1141 1222 1169 1247 αἱ
1195 1219 1333 1258 διάμετροι
1355 1220 1438 1246 αὐτῶν
1458 1217 1514 1246 ἶσαι
1542 1218 1594 1245 εἰσι
1621 1227 1666 1244 χαι
1693 1218 1726 1244 τὰ

926 1267 1018 1302 κέντρα
1035 1265 1120 1291 αὐτῶν
1132 1267 1207 1296 ἴσους
1221 1267 1317 1301 ἔχουσι
1341 1266 1446 1295 τόπους,
1473 1273 1517 1290 χαι
1535 1265 1564 1290 τὸ
1580 1266 1605 1290 Χ
1631 1263 1682 1298 ἄρα
1702 1265 1726 1288 Θ

927 1310 960 1340 εἰς
997 1311 1024 1335 ὃν
1043 1310 1096 1336 εἰσι
1123 1312 1227 1346 κέντρα,
1252 1320 1297 1336 χαι
1324 1313 1407 1336 ταῦτα
1436 1309 1482 1335 ἷσά
1509 1308 1589 1335 ἔστιν.
1616 1311 1646 1334 Ἠ
1674 1308 1726 1343 ἄρα

925 1357 971 1380 τοῦ
997 1357 1157 1391 τετραγώνου
1186 1353 1326 1390 διάμετρος
1353 1355 1368 1383 ἡ
1395 1353 1424 1380 ἐκ
1447 1358 1492 1384 τῆς
1517 1353 1636 1390 πλευρᾶς,
1669 1351 1725 1378 ἴσον

925 1402 962 1428 τῷ
977 1398 1007 1424 οὗ
1038 1397 1068 1427 ἦν
1101 1401 1270 1435 τετραγώνου,
1300 1399 1361 1436 ὅπερ
1393 1397 1446 1424 ἔδει
1465 1397 1550 1430 δεῖξαι
1572 1408 1578 1414 ·
1605 1407 1650 1424 χαι
1669 1397 1723 1424 imi

9 1505 160 1536 ciuntur,
172 1504 235 1532 sive
244 1504 302 1532 sint
316 1504 428 1537 circuli,
444 1504 505 1532 sive
514 1504 672 1540 quadrata.
688 1505 754 1531 Esto
770 1506 792 1530 A
809 1503 826 1529 Β
837 1502 857 1529 C
876 1503 896 1530 C
912 1500 964 1528 dia
973 1499 1206 1536 proportionalis
1220 1499 1358 1527 diametri
1372 1501 1393 1527 N
1409 1499 1442 1528 Ο.
1455 1501 1484 1527 et
1497 1501 1542 1526 est
1562 1499 1663 1526 media
1689 1498 1739 1526 illa

10 1551 37 1577 D
54 1549 260 1586 quadratum,
278 1557 370 1585 supra
380 1551 534 1577 ostensum
549 1553 593 1576 cst
607 1550 625 1576 Β
639 1549 658 1577 C
677 1548 858 1575 diametrum

11 1593 220 1621 constituisse
235 1594 254 1620 B
270 1594 294 1620 K
307 1595 326 1620 L
345 1594 365 1621 C
376 1593 568 1629 quadratum,
593 1594 680 1627 cujus
700 1592 778 1620 latus
793 1591 858 1627 ipsa

12 1639 177 1667 diameter
182 1637 287 1666 eﬂecta
294 1640 349 1669 est.
357 1637 453 1666 Habet
459 1641 559 1666 autem
573 1638 755 1674 quadratum
764 1636 856 1663 ΑΒου

13 1682 85 1710 duo
94 1682 260 1718 triangula,
270 1690 380 1718 nempe
392 1683 413 1709 D
427 1684 445 1710 Β
457 1683 543 1710 CetA
555 1684 574 1710 Β
585 1683 614 1710 C.
626 1685 662 1711 At
675 1681 857 1718 quadratum

13 1727 37 1754 B
54 1728 81 1754 K
101 1728 122 1754 L
144 1727 164 1754 Ο
180 1726 271 1754 habet
285 1729 414 1763 quatuor
429 1727 578 1761 triangula
593 1726 732 1762 aequalia.
748 1733 858 1761 nempe

14 1772 39 1798 D
55 1773 77 1798 Β
92 1771 133 1804 Κ,
151 1771 174 1797 D
187 1771 206 1798 L
219 1772 253 1805 Κ,
279 1772 300 1799 D
325 1772 346 1799 C
371 1771 434 1805 L,D
455 1772 475 1800 C
492 1773 520 1799 Β.
544 1772 677 1804 Quorum
705 1771 766 1798 duo
789 1772 858 1797 sunt

15 1815 159 1851 mqualia
169 1814 290 1843 duobus
304 1815 361 1842 illis
371 1823 439 1851 quae
450 1815 521 1843 illud
530 1815 666 1851 superius
675 1814 857 1850 quadratum

14 1859 223 1887 constituunt.
238 1859 327 1895 Cujus
341 1867 412 1887 vero
423 1863 552 1895 quatuor
566 1862 664 1895 partes
675 1862 744 1887 sunt
757 1862 855 1891 tantae,

15 1905 174 1933 ntharum
185 1904 517 1932 dumduabusdimidiis
523 1904 659 1940 partibus
666 1904 793 1938 alicujus
799 1903 858 1931 sint

16 1949 173 1985 aequales.
181 1951 260 1977 certe
267 1950 362 1976 totum
371 1949 445 1976 illud
455 1951 500 1976 est
511 1949 637 1984 duplum
649 1948 749 1984 hujus.
761 1948 857 1980 Quare

17 1993 212 2029 quadratum
224 1994 243 2020 Β
258 1994 281 2021 Κ
296 1993 315 2020 L
330 1993 350 2019 C
364 1993 545 2029 estduplum
566 1993 705 2029 quadrati
720 1996 743 2021 Α
755 1993 775 2018 Β
790 1993 809 2020 C
821 1992 855 2020 D.

18 2038 179 2066 Diameter
201 2044 272 2072 ergo
301 2037 479 2072 angulorum
499 2037 637 2074 quadrati
662 2037 789 2073 duplum
811 2037 856 2073 ip-

19 2083 87 2110 sius
100 2081 241 2118 quadrati
257 2082 408 2110 constituit
422 2082 612 2118 quadratum,
626 2082 708 2118 quod
724 2082 855 2117 oportuit

19 2126 246 2154 demonstrare.
254 2127 372 2162 Oportet
383 2134 399 2154 a
405 2129 483 2154 utem
491 2127 547 2154 hoc
554 2128 652 2162 ipsum
659 2134 695 2154 ex
709 2127 853 2154 confessis

912 1545 1082 1581 quadratiA
1098 1545 1336 1572 BCDceutrum.
1359 1545 1407 1572 Est
1435 1546 1535 1571 autem
1566 1545 1588 1571 N
1609 1544 1630 1571 0
1659 1542 1738 1570 linea

912 1589 1036 1625 aequalis
1047 1589 1132 1616 lineae
1143 1592 1164 1616 A
1180 1590 1208 1620 Β,
1220 1591 1248 1616 et
1263 1590 1407 1624 praeterea
1421 1588 1506 1615 linea:
1524 1589 1545 1614 D
1561 1588 1590 1619 C,
1602 1595 1736 1615 necesss-

1128 1655 1135 1670 ι
1245 1653 1266 1677 Δ
1369 1649 1392 1674 N
1493 1650 1513 1676 Β

1111 1793 1130 1819 R
1139 1683 1515 1929 "Wa.

1124 1933 1140 1963 S
1251 1933 1268 1960 C
1376 1934 1396 1960 0
1499 1933 1521 1960 Ι)

909 1994 954 2022 rio
964 1996 985 2022 T
996 1997 1129 2022 centrum
1142 1995 1196 2022 erit
1209 1994 1348 2030 quadrati
1361 1994 1382 2021 N
1395 1993 1416 2021 0
1436 1993 1454 2021 S
1480 1993 1513 2025 0.
1536 1993 1570 2020 Ut
1585 1989 1664 2020 enim
1678 1990 1699 2018 N
1712 1989 1734 2017 0

909 2041 954 2066 est
968 2038 1114 2067 diameter
1124 2038 1261 2075 quadrati
1277 2041 1300 2066 Α
1316 2039 1335 2066 Β
1351 2039 1412 2071 CD,
1430 2037 1517 2073 cujus
1539 2038 1674 2064 centrum
1691 2036 1736 2063 est

908 2084 929 2110 P
942 2092 948 2110 :
961 2084 1002 2112 ita
1014 2084 1165 2120 quoqueA
1181 2085 1200 2111 C
1216 2086 1259 2111 est
1278 2083 1421 2110 diameter
1446 2081 1582 2118 quadreti
1594 2082 1615 2108 Ν
1627 2081 1649 2108 Ο
1664 2081 1682 2108 S
1699 2080 1733 2114 Ο,

908 2128 994 2163 cujus
1008 2131 1140 2156 centrum
1153 2130 1196 2156 est
1205 2129 1233 2155 Τ.
1249 2129 1284 2156 Ut
1298 2128 1376 2155 enim
1389 2128 1413 2156 Μ
1426 2128 1447 2155 Τ
1461 2127 1539 2155 linea
1555 2128 1599 2154 est
1610 2124 1734 2161 aequalis

20 2170 214 2207 apertissime
225 2170 388 2199 declarare.
416 2171 686 2199 Demonstrandum
702 2173 746 2198 est
765 2171 854 2205 igitur
870 2181 890 2207 [)
907 2172 992 2201 linea:
1008 2172 1069 2205 ΝΟ,
1079 2173 1119 2200 ita
1129 2180 1251 2209 quoque
1263 2172 1284 2199 P
1296 2173 1316 2200 R
1326 2175 1370 2200 est
1378 2171 1505 2208 aequalis
1521 2171 1608 2198 linem
1622 2172 1646 2198 A
1658 2171 1688 2198 C.
1702 2171 1735 2198 Et

19 2215 108 2251 quod
122 2215 268 2243 diameter
281 2218 430 2243 rectarum
445 2215 592 2243 linearum
608 2217 629 2243 N
656 2216 688 2250 0,
713 2215 853 2251 quadrati

21 2262 43 2288 Α
60 2262 82 2288 Β
95 2261 116 2288 C
131 2260 162 2293 D,
180 2260 203 2287 si
218 2259 355 2288 ﬁatlatus
370 2260 552 2296 quadratum
560 2259 676 2296 aequale
691 2260 853 2288 constituat

20 2305 47 2333 ei
62 2303 230 2340 quadrato,
241 2304 328 2339 cujus
342 2307 386 2332 est
399 2304 553 2332 diameter.
580 2305 728 2338 Quoniam
751 2307 851 2332 autem

20 2351 41 2378 N
58 2353 107 2377 est
116 2348 251 2376 medium
263 2349 401 2385 utrinque
414 2349 637 2384 proportionaie
646 2349 745 2377 lateris
756 2354 777 2377 Α
789 2350 809 2375 Β
822 2350 851 2377 in

20 2393 175 2431 quadrato
191 2395 212 2421 Α
224 2394 243 2421 Β
253 2394 273 2422 C
290 2395 320 2422 D.
334 2395 489 2422 Estautem
501 2395 521 2422 N
534 2394 555 2427 Q
568 2393 784 2430 mqualislinew
796 2396 850 2428 AB,

20 2442 54 2467 ut
62 2438 148 2475 prius
159 2437 395 2466 demonstratum
406 2441 462 2473 est,
470 2446 543 2466 sane
551 2440 574 2465 A
583 2439 715 2466 medium
725 2439 851 2467 alterum

21 2481 250 2519 proportionale
274 2483 329 2510 erit
369 2482 454 2510 linem
475 2483 497 2515 Q
521 2484 554 2510 Ν.
581 2483 730 2515 Quoniam
751 2487 849 2512 autem

22 2526 164 2556 diametri
179 2526 389 2563 NquadratiA
409 2527 430 2554 Β
456 2528 475 2554 C
494 2528 526 2559 Ι),
554 2527 698 2555 terminus
723 2531 766 2555 est
793 2529 814 2556 0
843 2538 849 2556 :

23 2574 205 2600 suntautem
218 2573 237 2599 C
252 2572 273 2598 D
285 2571 402 2599 termini
421 2571 521 2599 lateris
542 2575 565 2599 A
582 2573 611 2607 Β,
636 2572 690 2600 erit
713 2574 734 2601 Ο
752 2573 849 2600 simili-

23 2620 67 2645 ter
79 2616 212 2644 medium
222 2615 446 2652 proportiouale
457 2615 556 2643 lateris
573 2618 592 2644 D
604 2617 634 2644 Ο.
654 2618 686 2644 Et
704 2617 850 2654 quoniam

24 2660 155 2696 angulus
179 2660 297 2688 medius
338 2663 361 2688 Α
394 2662 439 2688 est
474 2661 726 2696 proportiounalis
750 2662 850 2690 lateris

24 2707 44 2734 Ν
61 2706 95 2739 Q,
115 2705 244 2740 angulus
272 2713 394 2741 quoque
421 2705 440 2732 C
466 2706 520 2733 erit
544 2706 661 2733 medius
684 2707 850 2743 proportio-

24 2750 98 2779 nalis
107 2749 191 2777 lateri
202 2750 224 2778 Ο
233 2750 261 2778 S.
275 2749 450 2786 [Equalibus
461 2750 539 2777 enim
552 2750 681 2786 aequalia
695 2751 720 2778 si
734 2751 849 2780 addan-

26 2799 72 2825 tur
80 2794 182 2822 omnia
194 2796 264 2822 sunt
276 2793 414 2831 aequalia.
431 2795 579 2829 Quoniam
594 2797 695 2824 autem
707 2797 726 2822 P
734 2798 778 2824 est
788 2804 850 2824 me-

907 2220 938 2245 ut
948 2220 971 2245 Α
983 2217 1005 2244 Β
1020 2221 1066 2245 est
1079 2217 1203 2254 mqualis
1215 2217 1300 2245 lineae
1312 2218 1332 2245 N
1345 2218 1366 2249 Q
1380 2225 1386 2244 ς
1403 2217 1444 2244 ita
1455 2223 1575 2252 quoque
1598 2215 1677 2243 linea
1691 2215 1733 2243 OS

906 2262 1178 2298 estaaqualislineae
1189 2262 1211 2295 Q
1231 2262 1259 2290 S.
1281 2261 1369 2289 Linea
1393 2269 1464 2295 ergo
1476 2262 1495 2288 P
1514 2262 1592 2288 Rest
1609 2259 1735 2296 aequalis

905 2306 991 2334 linere
1006 2309 1026 2335 T
1043 2308 1078 2336 Μ,
1099 2308 1173 2335 Cum
1189 2307 1268 2334 enim
1285 2306 1365 2334 linea
1379 2307 1403 2333 A
1420 2308 1436 2334 ti
1458 2306 1494 2334 sit
1508 2305 1633 2342 aequalis
1647 2305 1733 2333 lineas

906 2353 928 2380 Ν
944 2352 966 2384 Q
990 2355 1080 2387 atque
1102 2352 1189 2379 etiam
1209 2351 1294 2379 liuere
1318 2351 1338 2378 Β
1364 2352 1396 2384 D,
1418 2350 1496 2379 linea
1518 2357 1639 2386 quoque
1661 2351 1679 2378 Β
1711 2351 1732 2377 D

906 2397 960 2424 erit
971 2396 1096 2432 aequalis
1109 2396 1195 2424 linem
1206 2397 1227 2423 Ι)
1239 2397 1270 2430 C,
1286 2399 1314 2424 et
1327 2396 1405 2424 linea
1420 2396 1442 2422 D
1462 2397 1481 2423 C
1502 2395 1626 2431 aequalis
1648 2394 1732 2422 lineas

907 2441 927 2468 C
942 2445 975 2475 Α,
989 2443 1018 2469 et
1031 2440 1110 2468 linea
1120 2440 1140 2467 G
1159 2442 1182 2466 Α
1197 2439 1414 2476 ωᾳυᾶιὶδιὶηεδῑ
1424 2443 1445 2467 Α
1459 2441 1486 2466 Β.
1515 2439 1600 2471 Quod
1621 2439 1644 2467 si
1655 2439 1733 2467 linea

906 2485 928 2512 N
959 2486 981 2518 Q
1006 2485 1092 2512 lineae
1123 2488 1147 2512 Α
1177 2485 1198 2510 Β
1225 2487 1268 2512 est
1292 2484 1427 2520 aqualis,
1455 2483 1579 2519 aequalis
1605 2486 1648 2510 est
1670 2491 1731 2510 om-

905 2529 995 2557 nibus
1006 2529 1074 2557 huic
1085 2528 1261 2565 aequalibus.
1275 2529 1388 2556 Rursus
1403 2528 1547 2564 quoniam
1574 2527 1653 2555 linea
1672 2528 1694 2555 N
1711 2529 1732 2556 G

905 2578 949 2602 est
963 2573 1088 2610 aaqualis
1103 2573 1188 2601 lineae
1213 2576 1235 2600 Α
1259 2574 1277 2600 Β
1302 2581 1309 2607 ;
1332 2576 1477 2609 praeterea
1501 2572 1580 2600 linea
1604 2572 1625 2604 Ο
1651 2572 1668 2599 S
1688 2574 1733 2600 est

905 2619 1032 2655 mqualis
1044 2618 1129 2645 lineas
1149 2619 1167 2645 S
1180 2619 1214 2653 Ο,
1226 2621 1254 2646 et
1269 2619 1287 2646 S
1303 2618 1325 2645 Ο
1348 2617 1472 2653 aequalis
1487 2619 1533 2645 est
1552 2617 1638 2644 lineae
1664 2616 1685 2644 Ο
1709 2618 1730 2644 Ν

905 2666 934 2691 et
945 2663 1021 2691 linea
1034 2663 1088 2691 ΟΝ
1103 2662 1228 2698 zequalis
1248 2665 1292 2690 est
1309 2662 1395 2690 lineas
1417 2663 1438 2690 N
1453 2662 1493 2694 Q:
1515 2662 1536 2689 si
1560 2661 1639 2689 linea
1663 2664 1687 2689 A
1713 2663 1732 2690 Β

905 2709 1029 2744 aequalis
1044 2710 1089 2735 est
1101 2707 1184 2735 lineae
1197 2709 1217 2735 Ν
1239 2708 1272 2741 Q,
1286 2710 1318 2735 ut
1330 2709 1374 2734 est
1401 2706 1524 2742 {aqualis
1552 2709 1595 2734 est
1609 2715 1733 2743 quoque

904 2753 1046 2781 omnibus
1063 2755 1092 2780 et
1105 2751 1230 2788 aequalis
1241 2751 1383 2779 omnibus
1415 2751 1471 2787 ipsi
1499 2750 1677 2787 mqualibus.
1701 2753 1732 2779 Et

903 2797 1049 2836 quoniam
1057 2795 1151 2824 latera
1161 2795 1299 2832 quadrati
1308 2797 1332 2825 Α
1343 2797 1361 2823 Β
1373 2797 1392 2825 C
1408 2795 1431 2822 D
1444 2797 1513 2824 sunt
1520 2794 1650 2833 aequalia
1661 2795 1730 2824 late-
