1967 3080
233 136 300 164 i375

243 200 306 234 γοῦν
321 198 336 227 ἠ
350 199 447 235 κυρίως
460 195 597 234 διάμετρος
625 199 670 223 τοῦ
691 200 865 236 τετραγώνου,
893 199 908 228 ἡ
941 197 969 225 in
993 202 1043 224 τῶν

243 246 342 280 γωνιῶν
355 240 494 269 διπλάσιον
506 243 599 268 τούτου
611 245 689 275 ποιεῖ,
705 243 720 272 ἡ
751 241 781 270 δὲ
802 243 829 270 ἐκ
853 247 901 274 τῆς
933 243 1044 279 πλευρᾶς

245 285 301 313 ἴσον
321 286 401 322 αὐτῷ,
419 286 466 312 οὐκ
485 286 537 323 ἄρα
550 287 597 312 ἴσα
613 287 697 313 πάντα
720 288 753 313 τὰ
778 290 842 325 μέρη
869 287 958 323 αὐτοῦ,
982 288 1043 325 ὅπερ

245 329 298 357 ἴδει
325 329 429 362 δεῖξαι·
458 333 499 357 Διί
522 329 551 357 δᾶ
570 341 614 357 και
641 333 688 362 τὰς
717 330 874 370 διαμέτρους
893 333 973 359 αὐτοῦ
999 333 1043 358 κύ-

244 375 306 404 κλου
326 374 480 413 διαμέτρους
495 376 576 402 θεῖναι
595 385 640 403 και
660 375 744 409 δεῖξαι
774 378 813 404 ὃτι
834 377 938 409 ἀνίσους
962 377 1042 409 αὐτὰς

243 879 289 913 ρία
309 875 437 912 διάμετος,
452 877 468 905 ἠ
481 879 499 902 Β
514 878 542 912 I‘,
557 875 632 912 ἑτέρα
644 873 673 902 δι
688 875 703 904 ἡ
720 877 742 900 Ν
755 877 779 900 Ω.
792 875 870 910 μέσον
887 871 916 899 δὲ
935 873 1041 908 τούτων,

243 931 290 948 και
326 921 378 948 οἷον
411 922 524 957 κέντρον,
551 921 581 946 τὸ
608 924 631 947 Χ
656 917 718 946 οὐδὲ
740 919 790 956 ’γὰρ
819 919 913 955 κυρίως
941 919 1043 954 κέντρον

243 969 331 999 τοῦτο,
359 964 423 991 ἀλλὰ
446 967 535 1001 μέσον,
561 962 678 1001 διαφέρει
696 964 747 1000 γὰρ
771 966 817 989 τοῦ
841 964 922 999 μέσου
942 963 972 988 τὸ
988 963 1043 987 κέν-

243 1020 302 1047 τρον
324 1011 392 1036 κατὰ
415 1011 459 1036 τὸν
492 1009 551 1046 ἐμὸν
577 1009 662 1045 λόγον,
683 1009 712 1034 τὸ
728 1009 768 1034 ὅτι
795 1008 823 1034 αἱ
845 1008 911 1044 πρὸς
936 1008 966 1032 τὸ
992 1007 1045 1032 κέν-

242 1065 302 1092 τρον
330 1057 542 1092 προσπίπτουσαι
567 1053 663 1081 εὐθεῖαι
689 1053 718 1079 ἐκ
744 1056 791 1083 τῆς
813 1053 966 1089 περιμέτρου
987 1050 1045 1077 ἴσαι

243 1099 363 1130 ἀλλήλαις
391 1101 452 1134 εἰσί,
479 1101 508 1126 τὸ
536 1097 565 1125 δὲ
587 1101 665 1135 μέσον
696 1099 800 1131 τούτου,
830 1098 870 1123 ὅτι
895 1099 981 1123 πᾶσαι
1000 1097 1045 1132 μὲν

242 1147 453 1181 προσπίπτουσιν
481 1144 515 1175 εἰς
540 1143 612 1177 αὐτὸ,
650 1146 736 1170 πᾶσαι
776 1140 806 1168 δί
834 1141 954 1172 ἀλλήλαις
988 1139 1045 1166 ἷσαί

243 1189 319 1224 ιὶσιν,
340 1190 407 1216 ὥστε
430 1191 526 1226 κυρίως
551 1190 654 1224 κέντρον
679 1187 722 1214 ἰπὶ
736 1190 781 1213 τοῦ
806 1186 900 1213 κύκλου
929 1196 973 1212 και
998 1189 1046 1218 τῆς

244 1236 356 1272 σφαίρας
385 1233 559 1271 ὀνομάζεσθαι
593 1231 699 1268 λέγομεν
725 1242 731 1249 ·
754 1233 805 1258 πᾶν
827 1232 877 1268 γὰρ
894 1232 916 1257 εἴ
941 1240 966 1257 τι
988 1232 1044 1257 κέν-

927 1299 951 1328 Β

573 1589 595 1617 Γ

994 132 1170 162 ADDENDA.

1076 873 1096 900 Β
1123 881 1194 908 τρον,
1220 880 1266 896 και
1289 871 1368 906 μέσον
1394 878 1439 895 και
1465 871 1564 905 στιγμὴ
1595 879 1640 895 και
1669 872 1792 905 σημεῖον,
1813 870 1837 895 εἰ
1862 877 1889 894 τι
1920 866 1958 908 δε

1946 0 1967 81 λ

1875 132 1941 161 ΒΤΕ

1123 196 1255 232 γενέσθαι,
1291 196 1352 233 ὅπερ
1388 193 1492 234 ῥᾴδιον,
1517 205 1562 222 και
1590 195 1612 222 si
1632 198 1720 227 τοετο,
1744 204 1791 222 και
1817 198 1927 232 Grauios;

1124 240 1231 273 ἀνίσους
1247 245 1381 271 συστῆσαι
1418 251 1426 258 ·
1448 244 1494 268 τοῦ
1521 243 1541 267 Α
1557 244 1607 267 ΒΓ
1631 244 1649 267 Δ
1676 243 1841 278 τετραγώνου
1881 239 1928 266 δη

1125 284 1262 324 διάμετροί
1277 286 1342 312 εἰσιν
1357 287 1372 315 ἠ
1385 288 1432 312 ΒΓ
1447 289 1470 312 Ν
1485 287 1509 312 Ω
1531 296 1537 302 ·
1555 283 1598 312 δεῖ
1611 284 1640 312 δὲ
1654 285 1751 312 ἀνίσων
1768 283 1859 317 δεῖξαι
1874 283 1934 311 διε-

1124 333 1232 368 μέτρους
1255 331 1354 357 κύκλων
1375 330 1465 365 αὐτὰς,
1495 340 1541 357 και
1567 330 1589 357 εἰ
1613 330 1714 357 κύκλων
1743 334 1861 366 φανῶσι,
1886 339 1938 355 ut:

1125 380 1238 414 σφαιρῶν
1252 375 1397 412 ἀναγκαίως
1412 375 1488 403 εἰσίν.
1504 375 1591 403 Ἔστω
1605 377 1684 412 ἠ-τῶν
1703 379 1804 413 γωνιῶν
1825 384 1874 401 και
1886 384 1942 400 ιυ-

1277 481 1306 509 Ν
1460 478 1482 509 Β

1099 781 1121 811 Γ
1281 780 1308 808 Ω.

1124 917 1212 952 μέσον,
1238 915 1252 944 ἦ
1280 915 1389 950 στιγμὴ,
1424 914 1440 943 ἣ
1467 917 1583 950 σημιῖον,
1625 913 1654 940 οὐ
1688 915 1803 950 κέντρον,
1845 913 1939 948 ὡσείρ

1125 958 1187 987 οὐδὲ
1222 962 1297 986 πᾶσα
1322 959 1408 985 εὐθεῖα
1426 960 1536 995 ’γραμμὴ
1572 956 1620 985 διὰ
1644 962 1690 984 τοῦ
1726 960 1809 994 μέσου
1831 958 1940 993 ἠγμένη

1124 1014 1169 1031 και
1201 1005 1389 1040 περατουμένη,
1412 1005 1509 1040 κυρίως
1551 1001 1701 1040 διάμετρος,
1738 1002 1793 1028 60X
1833 1002 1939 1033 ἁπλῶς,

1125 1051 1219 1086 κυρίως
1246 1047 1275 1074 δὲ
1306 1046 1443 1084 διάμιτρός
1465 1047 1535 1074 ἐστιν
1570 1048 1585 1077 ἡ
1611 1048 1645 1074 τὰ
1672 1047 1756 1084 μείζω
1795 1047 1868 1084 ἄκρα
1890 1057 1941 1073 πε-

1125 1095 1269 1131 ρατουμένη
1293 1092 1336 1118 ὑπ’
1358 1091 1441 1118 αὐτῶν
1466 1090 1623 1126 συνδέουσα,
1640 1093 1692 1118 οἷον
1711 1093 1727 1121 ἡ
1754 1095 1773 1118 Β
1799 1095 1828 1125 Γ,
1855 1095 1943 1127 lupi:

1127 1137 1157 1166 δί
1182 1148 1227 1164 και
1250 1138 1398 1174 κυριωτάτη
1426 1146 1471 1163 και
1495 1139 1641 1175 πρωτίστη,
1667 1138 1682 1166 ἠ
1709 1141 1734 1164 Χ
1750 1141 1774 1163 Θ
1799 1139 1847 1166 ἴση
1878 1136 1944 1163 ἐστὶ

1125 1187 1180 1214 ταῖς
1211 1182 1241 1209 οὗ
1267 1182 1322 1208 ἐστι
1353 1180 1492 1218 διάμετρος
1521 1179 1672 1219 διαμέτροις
1715 1182 1829 1213 πάσαις.
1860 1183 1943 1217 Λέγω

1126 1231 1188 1266 γοῦν
1204 1227 1267 1257 ὃτιή
1284 1227 1329 1264 μὲν
1343 1230 1361 1253 Β
1374 1230 1392 1252 Γ
1406 1226 1438 1258 ἧς
1451 1228 1496 1263 μὲν
1506 1228 1584 1263 μέσον
1595 1227 1624 1253 τὸ
1635 1231 1659 1254 Χ
1673 1225 1819 1264 διάμετρος
1831 1227 1943 1253 τιθεῖσα

1244 1308 1602 1609 Θ

226 1634 309 1664 ribus
321 1638 493 1674 quadratiN
509 1643 531 1676 Q
549 1643 566 1671 S
581 1643 614 1676 0,
631 1643 698 1679 ipsa
709 1642 798 1670 etiam
819 1641 968 1678 quadrata
984 1642 1057 1670 sunt
1071 1644 1091 1673 C
1114 1643 1254 1679 quadrati
1267 1646 1290 1672 A
1307 1645 1326 1672 Β
1342 1644 1362 1672 C
1375 1645 1407 1678 D,
1433 1650 1544 1680 nempe
1563 1643 1583 1670 Β
1605 1643 1625 1670 C
1643 1642 1665 1670 N
1694 1641 1717 1669 Ο
1738 1641 1864 1676 oportet
1884 1640 1951 1668 inae-

227 1679 256 1708 in
262 1684 303 1710 ter
316 1691 346 1711 se
355 1686 492 1721 aequalia.
503 1689 576 1716 Nam
588 1687 612 1715 si
622 1687 752 1724 aequalia
763 1686 930 1723 tequalibus
941 1686 1056 1715 addan.

227 1729 283 1761 tur,
300 1729 403 1757 omnia
417 1733 487 1760 sunt
500 1732 638 1768 aequalia.
655 1733 688 1759 Et
717 1739 848 1768 quorum
873 1733 973 1768 partes
988 1734 1058 1760 sunt

227 1773 369 1810 aequales,
382 1774 447 1810 ipsa
454 1783 576 1813 quoque
586 1776 801 1813 suntt‘equalia,
813 1778 842 1804 et
850 1776 984 1813 ipsorum
995 1777 1058 1805 dia-

227 1817 314 1846 metri
327 1821 397 1847 sunt
406 1821 548 1856 aequales,
565 1821 732 1858 etipsorum
744 1822 845 1849 centra
857 1820 1057 1856 (equalialoca

228 1862 372 1892 obtinent.
382 1865 517 1901 Equalia
525 1873 597 1901 ergo
608 1867 677 1894 sunt
689 1866 709 1893 Χ
719 1867 748 1894 et
758 1866 778 1893 T
790 1864 822 1892 iu
834 1864 945 1901 quibus
956 1868 1057 1895 centra

228 1909 306 1936 sunt.
320 1908 348 1937 Si
362 1909 452 1944 igitur
466 1910 606 1947 quadrati
617 1910 677 1945 illa,
691 1918 760 1947 qua;
774 1912 820 1938 est
832 1909 980 1939 linearum
995 1910 1058 1939 dia-

227 1953 331 1987 meter,
346 1952 399 1982 ﬁat
418 1953 506 1989 latus,
536 1955 694 1982 constituet
719 1954 902 1991 quadratum
931 1954 1057 1984 alterum

228 1996 343 2032 aequale
358 1998 384 2026 ei
403 1999 490 2034 cujus
511 2002 555 2027 est
573 1999 718 2027 diameter
744 1999 827 2035 quod
851 1999 1057 2028 demonstrare

227 2041 367 2076 oportuit.
380 2043 529 2076 Quoniam
541 2043 702 2080 igiturquss
714 2043 832 2080 proprie
849 2043 994 2072 diameter
1006 2053 1056 2082 ap-

227 2085 365 2123 pellatur,
378 2095 486 2124 nempe
504 2088 554 2117 illa
569 2097 638 2126 quin
657 2088 837 2124 angulorum
856 2089 999 2125 quadrati
1013 2092 1057 2119 est

227 2130 381 2166 diameter,
393 2133 521 2169 duplum
530 2133 670 2170 quadrati
680 2133 758 2161 illius
768 2134 853 2170 cujus
864 2133 1059 2164 estdiameter

227 2176 441 2205 constituit:at
452 2177 502 2206 illa
514 2186 582 2214 quae
609 2177 756 2206 linearum
781 2177 889 2206 dicitur
912 2178 1057 2208 diameter

226 2221 341 2256 aequale
351 2221 534 2258 quadratum
554 2223 705 2251 constituit
722 2230 802 2256 ;non
827 2230 898 2259 ergo
922 2224 1055 2260 aequales

227 2267 314 2293 erunt
321 2274 425 2294 omnes
432 2267 525 2303 ipsius
537 2270 636 2305 partes
647 2267 745 2304 ;quod
753 2268 1056 2304 oportuitostendere.

1112 1687 1248 1724 qualium
1254 1689 1434 1718 circulorum
1441 1696 1506 1717 esse
1512 1687 1675 1716 diametros
1683 1686 1767 1722 ipsos
1774 1685 1949 1713 ostendere.

1113 1733 1197 1766 Quod
1213 1734 1235 1762 si
1247 1734 1427 1762 circulorum
1437 1732 1632 1769 inaequalium
1645 1733 1716 1759 sunt
1724 1730 1880 1765 diametri,
1895 1737 1950 1758 ne-

1112 1779 1241 1807 cessario
1255 1787 1378 1816 quoque
1391 1778 1586 1815 innequalium
1592 1777 1783 1813 sphaerarum
1789 1776 1950 1804 eruntdia-

1112 1823 1208 1852 metri.
1230 1825 1296 1852 Esto
1322 1823 1504 1859 angulorum
1532 1821 1672 1859 quadrati
1703 1820 1854 1849 diameter
1877 1829 1951 1857 quae

1111 1868 1353 1905 propriejdicitur
1378 1869 1523 1897 diameter
1546 1868 1569 1894 B
1588 1867 1617 1898 C,
1640 1866 1732 1895 altera
1761 1874 1831 1894 vero
1858 1867 1879 1894 N
1912 1867 1948 1900 Ο,

1112 1913 1246 1942 medium
1260 1921 1331 1942 vero
1346 1913 1455 1942 harum
1470 1912 1599 1941 etveluti
1622 1913 1761 1939 centrum
1781 1912 1813 1939 X.
1842 1912 1947 1947 Neque

1112 1959 1191 1987 enim
1206 1959 1326 1996 proprie
1341 1960 1476 1986 centrum
1492 1959 1534 1985 est
1548 1956 1618 1988 hoc.
1634 1955 1687 1984 sed
1706 1955 1853 1984 medium.
1871 1957 1947 1984 Nam

1112 2012 1180 2032 meo
1189 2003 1302 2040 judicio
1315 2005 1451 2031 centrum
1466 2002 1564 2031 differt
1578 2010 1596 2030 ιι
1606 1999 1716 2036 medio,
1730 2000 1818 2037 quod
1837 2008 1947 2029 omnes

1111 2048 1250 2083 lineaepex
1264 2048 1474 2077 ciconferentia
1501 2047 1531 2075 in
1556 2048 1690 2074 centrum
1717 2048 1944 2079 concurrentes,

1112 2094 1250 2122 sintinter
1260 2101 1291 2121 se
1301 2093 1432 2130 aequales
1447 2100 1454 2126 ;
1468 2091 1534 2120 atin
1540 2090 1673 2119 medium
1683 2090 1810 2127 quidem
1819 2099 1944 2119 concur-

1111 2141 1179 2167 rant
1202 2146 1308 2167 omnes
1328 2138 1424 2171 lineae,
1446 2137 1498 2165 sed
1518 2143 1579 2164 non
1603 2135 1662 2164 sint
1685 2135 1832 2172 aequales.
1846 2138 1943 2170 Quare

1111 2183 1231 2220 proprie
1241 2185 1376 2211 centrum
1391 2183 1421 2210 in
1432 2181 1542 2210 circulo
1553 2183 1582 2209 et
1596 2180 1715 2217 sphaera
1729 2182 1886 2217 ursurpati
1898 2181 1942 2210 di-

1112 2228 1219 2256 cimus.
1238 2229 1331 2256 Omne
1344 2227 1424 2255 enim
1436 2228 1571 2255 centrum
1583 2227 1627 2253 est
1637 2224 1783 2261 medium,
1793 2229 1942 2262 punctum

1113 2275 1141 2301 et
1155 2272 1325 2301 extremitas
1342 2281 1347 2298 :
1363 2274 1393 2300 at
1403 2271 1426 2300 si
1441 2270 1516 2308 quid
1527 2272 1570 2298 est
1581 2269 1726 2303 medium,
1754 2277 1819 2298 non
1844 2272 1941 2299 statim

226 2311 346 2346 Oportet
358 2314 458 2341 autem
473 2313 566 2349 ipsius
576 2312 740 2341 diametros
767 2312 886 2341 circulis
912 2313 1056 2350 adaptare
1073 2327 1095 2353 ι)
1113 2319 1319 2354 estpunclum,
1333 2319 1385 2345 aut
1397 2315 1569 2344 extremitas
1585 2316 1637 2343 aut
1661 2316 1810 2343 centrum.
1839 2317 1875 2344 Ut
1888 2323 1941 2344 nec

226 2359 253 2384 et
266 2357 593 2395 Ostendereinaequalcs
604 2366 668 2386 esse
694 2358 788 2394 (quod
816 2357 909 2386 mullo
936 2360 1055 2394 negotio

225 2401 288 2429 ﬁeri
302 2403 410 2438 potest)
424 2405 452 2431 et
466 2405 498 2431 ut
511 2403 672 2431 diametros
691 2401 867 2438 inaequales,
895 2403 936 2432 ita
964 2405 1054 2434 etiam

225 2446 250 2474 si
256 2446 352 2476 haeras
359 2447 521 2484 inaequales
530 2446 679 2476 constitui.
690 2447 763 2474 Cum
774 2445 841 2474 duae
849 2446 906 2475 sint
914 2447 1052 2479 diametri

922 2509 943 2536 Β

1111 2362 1209 2390 omnis
1219 2362 1298 2390 linea
1307 2364 1387 2391 recta
1397 2369 1450 2397 per
1462 2359 1597 2388 medium
1620 2359 1711 2387 ducta
1733 2362 1763 2387 et
1783 2361 1941 2389 terminata

1111 2410 1155 2436 est
1169 2407 1287 2444 proprie
1302 2406 1457 2441 diameter,
1471 2405 1523 2433 sed
1537 2404 1655 2441 proprie
1669 2407 1713 2432 est
1732 2404 1883 2435 diameter
1893 2407 1941 2435 illa

1111 2452 1189 2480 linea
1198 2454 1288 2486 recta,
1298 2459 1366 2488 quae
1377 2450 1521 2479 aduabus
1527 2449 1695 2486 majoribus
1702 2451 1938 2480 extremitatibus

1228 2651 1589 2814 :7
