1967 3080
0 107 70 134 377

0 170 57 194 τὸν
81 172 118 195 Π
137 166 345 206 Θπροσσλάϐιτο
373 167 466 195 κύκλὸν
492 168 516 196 ἓν
542 168 619 206 ἑαυτῇ
649 167 838 206 περιγράψασα

0 216 43 245 to;
57 215 175 240 τούτου
189 211 339 251 διάμὲτρος,
353 212 411 243 ἠδὲ
435 218 458 242 Ν
481 219 505 242 Ω
528 213 559 246 ἧς
585 217 630 241 καὶ
653 214 734 245 αὐτῆς
759 215 837 251 μέσον

0 261 33 285 τὸ
64 263 102 286 Χ
118 260 166 285 τὸν
180 262 200 285 Τ
216 262 241 286 Μ
258 267 264 274 ·
281 258 334 285 ἐπεὶ
348 268 434 285 τοιννν
457 260 472 289 ἠ
500 263 518 286 Β
538 263 557 286 Γ
583 258 721 286 διπλάσιον
745 259 838 296 τετρά-

0 313 114 339 γωνον
133 307 211 338 mut,
225 303 255 330 οὗ
270 303 325 330 ἐστι
336 301 484 341 διάμετρος,
510 306 539 331 τὸ
562 305 613 342 γὰρ
639 303 689 331 ἀπὸ
717 308 765 336 τῆς
791 307 837 330 τοῦ

0 351 200 386 τετραγώνου
230 346 372 385 διαμέτρου
399 351 564 387 καταγραφὲν
597 350 756 386 τετράγωνον
798 347 838 375 δι-

0 393 221 428 πλάσιονὼτὶ,
235 397 280 420 τοῦ
294 393 324 420 οὗ
335 393 391 420 ἔστι
400 392 540 432 διάμετρος
552 395 567 424 ἠ
579 399 655 422 τοῦτο
667 397 836 430 συστήσασα,

0 440 14 468 'c
58 437 105 465 δί
136 438 198 477 παρ’
223 439 295 476 ἡμῶν
318 438 495 477 ὀνομαζομένη
520 437 657 478 διάμετρος
686 439 731 470 ἳση
770 439 838 466 οὖσα

600 560 626 586 θ

311 655 331 682 Π
639 664 662 690 θ

349 775 404 808 Λκ‹

8 933 81 957 οὗτε
98 932 192 957 πᾶσαι
205 929 313 967 πλευραὶ
332 929 447 956 τιθεῖσαί
480 932 537 956 ἴσον
556 930 639 966 τούτῳ
665 932 772 956 ποιοῦσι
795 938 836 956 τι-

8 977 176 1013 τρὰγωνον,
206 975 264 1001 οὒτε
286 977 372 1002 πᾶσαι
401 976 438 1011 μὴ
467 972 533 1011 ἴσον,
563 974 622 1001 οὔτι
657 977 741 1001 πᾶσαι
773 975 835 1000 ἴσων

9 1020 130 1046 κύκλων
156 1021 272 1057 ὑπάρχῃ
297 1018 444 1057 διάμετροι·
474 1021 541 1046 κατὰ
560 1021 603 1046 τὸν
630 1019 708 1046 αὐτὸν
737 1017 767 1045 δὲ
794 1018 835 1045 λό-

10 1075 64 1101 γον
82 1063 155 1092 οὔδὶ
168 1068 280 1102 σφαῖραν
311 1067 396 1091 πᾶσαι
412 1064 472 1094 ὶσην
494 1066 625 1100 ποιοῦσιν¹
653 1063 718 1091 ἀλλὰ
737 1065 764 1090 αἱ
789 1065 834 1100 μὲν

12 1110 149 1146 μείζονα,
167 1111 196 1136 αἱ
209 1108 238 1137 δὴ
248 1109 381 1145 ἐλάττονα,
404 1107 495 1138 ἐπειδὴ
529 1111 574 1136 καὶ
601 1110 616 1138 ἡ
645 1113 694 1141 τῆς
722 1111 836 1147 σφαίρας

14 1156 94 1181 κατὰ
124 1154 240 1186 κύκλους
268 1156 338 1181 ἐστὶν
366 1155 510 1190 ἐπιφάνεια,
527 1154 543 1183 ἧ
566 1163 593 1180 τε
614 1155 700 1180 θεῖσαι
721 1155 749 1181 αἰ
788 1157 834 1181 τοῦ

13 1202 196 1237 τετραγώνου
225 1198 362 1238 διάμετροι
395 1199 531 1230 ἐλαττονας
563 1201 607 1225 καὶ
631 1199 754 1235 μείζονας
778 1208 835 1226 ποι-

17 1247 128 1274 ήσουσι
144 1246 258 1282 σγαίρας
276 1245 310 1275 ὡς
324 1246 369 1271 καὶ
379 1243 498 1278 κύκλους,
515 1243 582 1270 ὥστε
595 1242 649 1280 οὐχ
672 1245 707 1276 ὡς
733 1244 765 1275 οἷς
791 1246 834 1271 τόν

18 1289 124 1316 κύκλον
136 1291 184 1315 καὶ
198 1291 245 1319 τὴν
260 1292 372 1326 σφαῖραν
385 1290 414 1315 τὸ
429 1286 498 1319 εἶδος
517 1286 669 1317 εἰδοποίησε
692 1291 739 1318 τὴν
759 1287 833 1324 ὓλην,

19 1334 110 1365 οὕτως
131 1335 179 1361 καὶ
193 1333 226 1366 εἰς
239 1333 310 1368 αὐτο,
331 1335 390 1360 οὔτε
409 1334 446 1365 εἷς
473 1334 498 1360 ἔν
528 1332 621 1371 ἕτερον·
652 1334 685 1360 τά
707 1334 758 1370 γάρ
788 1337 833 1360 τοῦ

476 103 653 136 THEODOBI
667 106 690 134 li
704 105 771 134 1MP.
789 105 833 133 DE
848 102 1073 135 COMMUNIONE
1089 104 1273 136 NATURALL

1664 106 1732 136 1378

919 168 1026 205 πλευρά,
1041 169 1097 196 ἶσον
1107 171 1152 196 καὶ
1166 169 1327 207 καταγράφει
1340 168 1496 207 τετράγωνον
1516 167 1546 195 οὗ
1572 169 1629 195 ἐστι
1659 167 1718 195 διοί-

918 223 1011 251 μετρος
1024 216 1053 241 τό
1069 212 1099 241 δὴ
1114 212 1253 242 διπλασιον
1263 218 1309 242 τοῦ
1322 215 1438 251 ἡμίσεως
1452 213 1548 250 μιῖξον,
1563 223 1607 240 και
1623 213 1650 245 ὃς
1663 214 1716 252 ἄρα

918 258 1012 291 κύκλος
1026 259 1206 298 συμπιριλαϐῃ
1221 263 1268 290 τὴν
1278 259 1385 297 μιίζονα
1399 257 1538 297 διαμετρον
1561 259 1595 290 εἰς
1622 259 1718 285 οἰκείαν

919 302 1069 343 διαμετρον,
1084 305 1111 337 ἐξ
1124 304 1240 342 ἁναγκης
1254 305 1347 342 μείζων
1371 306 1428 331 ἐστι
1452 307 1498 331 τοῦ
1526 305 1573 333 τὴν
1597 303 1719 330 ἐλαττονα

919 349 1155 386 συμπεριλαϐόντος
1176 349 1210 381 εἰς
1230 351 1326 376 οικιίαν
1345 347 1485 386 διάμετρον
1502 356 1508 364 ·
1529 349 1543 374 ὁ
1572 347 1625 386 ἆρα
1648 351 1670 375 Π
1695 351 1718 375 Θ

918 393 1019 429 κύκλος,
1033 394 1046 420 ὁ
1061 396 1138 424 τὴνΒ
1153 397 1172 421 Γ
1186 394 1279 428 λαϐὼν,
1301 394 1396 431 μείζων
1419 395 1476 421 ἐστὶ
1501 396 1547 420 τοῦ
1573 395 1620 422 τὴν
1645 396 1668 419 Ν
1696 396 1720 418 Ω

919 437 1042 470 λαϐόντος
1067 442 1088 466 Τ
1113 443 1149 467 Μ.
1172 440 1205 466 Ai
1231 439 1282 476 ἄρα
1307 442 1353 466 τοῦ
1391 440 1550 477 τετραγώνου
1582 436 1718 474 διαμετροι

1238 523 1266 550 N

1239 854 1265 882 Ω

916 929 1011 957 κύκλου
1027 931 1092 968 μέρη
1109 928 1156 956 ἶσα
1165 938 1261 963 παντα,
1272 938 1317 955 και
1341 928 1392 955 ὅσα
1418 928 1459 965 ἂνξ
1472 932 1581 956 ποιῶσιν
1606 931 1634 958 αἱ
1657 931 1717 958 τού-

915 976 961 1001 τοῦ
977 973 1123 1012 διαμιτροι,
1142 973 1187 1001 ἶσα
1206 975 1286 1008 ἐστιν,
1305 974 1339 1005 ὡς
1357 972 1477 1010 ἐδήχθη,
1507 976 1534 1001 αἱ
1559 974 1589 1002 δὶ
1609 981 1655 1003 τοῦ
1681 986 1720 1004 τε·

916 1023 1050 1056 τραγώνου
1062 1021 1120 1046 οὔτε
1132 1018 1201 1046 αὐτῶ
1229 1022 1284 1045 ἴσον
1310 1021 1395 1045 πᾶσαι
1417 1023 1537 1046 ποιοῦσιν
1558 1021 1571 1047 ὁ
1597 1025 1718 1048 ποιοῦσιν

916 1065 975 1091 οὔτε
985 1067 1020 1101 μὴ
1033 1064 1100 1098 ἴσον,
1118 1063 1172 1090 ἀλλ’
1187 1064 1214 1090 αἱ
1229 1065 1274 1100 μὲν
1287 1061 1354 1097 ἶσον,
1371 1064 1399 1090 αἱ
1417 1062 1447 1090 δὲ
1475 1064 1522 1091 οὐκ
1543 1069 1609 1094 ἴσον.
1636 1070 1718 1093 Tauro

917 1107 947 1136 δὲ
961 1119 1007 1136 και
1023 1109 1056 1140 ιίς
1068 1109 1150 1145 ἕτερα,
1167 1109 1251 1139 καθὼς
1266 1107 1290 1134 ἐν
1318 1109 1371 1139 τοῖς
1398 1108 1502 1141 κύκλοις
1535 1108 1657 1147 ἐδείχθη.
1683 1113 1718 1138 Τὸ

916 1154 969 1190 ἄρα
983 1153 1054 1186 εἶδος
1072 1155 1222 1191 κρειττόνως
1249 1155 1297 1182 τὴν
1321 1152 1385 1183 ὓλὴν
1419 1157 1530 1191 σφαῖραν
1559 1157 1602 1182 καὶ
1625 1155 1719 1182 κύκλον

893 1200 932 1230 ’ἦ
959 1200 1119 1237 τετράγωνον
1144 1197 1308 1234 sidera-cinae,
1333 1201 1378 1225 καὶ
1406 1197 1517 1236 ἄδσὶχθη
1551 1201 1635 1232 καθὼς
1665 1198 1719 1229 ἔδει

916 1247 992 1272 τοῦτο
1013 1242 1164 1282 δειχθῆναι.
1185 1247 1268 1271 Τοῦτο
1281 1241 1310 1270 δὲ
1325 1246 1369 1270 καὶ
1397 1242 1439 1271 ἰπὶ
1463 1248 1510 1271 τοῦ
1533 1249 1658 1284 τριγώνου
1675 1250 1720 1274 καὶ

916 1290 1029 1317 πάντων.
1048 1292 1123 1316 Ἔστι
1138 1287 1168 1315 δᾶ
1187 1288 1278 1319 οὕτως.
1297 1289 1325 1315 αἱ
1351 1292 1397 1315 τοῦ
1427 1291 1554 1326 τριγώνου
1582 1289 1720 1329 διάμιτροι

917 1335 944 1361 αἱ
957 1333 984 1361 ἐκ
996 1338 1042 1361 τοῦ
1057 1336 1161 1371 κέντρου
1188 1336 1231 1361 καὶ
1256 1335 1337 1371 μέσου
1373 1332 1554 1372 διιρχόμσναι,
1575 1335 1597 1363 εἰ
1619 1338 1718 1364 τιθώσι

8 1424 189 1457 terminata,
200 1423 282 1460 ipsas
298 1423 420 1460 copulat
430 1424 462 1451 ut
481 1423 500 1450 Β
514 1423 544 1457 C,
558 1422 689 1451 maxime
702 1430 774 1452 vero
781 1430 850 1460 pro-
865 1424 885 1453 C
904 1423 1062 1460 diametro,
1078 1422 1204 1460 duplum
1220 1425 1266 1452 est
1278 1422 1354 1452 illius
1365 1423 1504 1460 quadrati
1522 1424 1606 1462 cujus
1616 1428 1660 1454 est
1673 1427 1735 1456 dia-

6 1469 78 1505 pria
94 1472 125 1498 et
138 1468 215 1497 inter
229 1475 335 1497 omnes
352 1467 460 1504 prima,
473 1468 534 1495 utX
549 1467 579 1500 Τ,
594 1475 661 1504 quae
684 1470 728 1496 est
751 1476 850 1505 {equm

8 1514 46 1542 lis
62 1513 212 1542 omnibus
231 1513 386 1541 diametris
398 1511 498 1540 circuli
524 1511 612 1547 illius,
631 1512 716 1548 cujus
731 1515 774 1541 est
789 1512 851 1541 dia-

10 1561 119 1587 meter.
139 1558 210 1586 Dico
239 1557 328 1593 igitur
357 1556 535 1585 diametrum
551 1557 572 1583 Β
599 1557 628 1591 C,
658 1557 744 1593 cujus
768 1559 788 1585 X
807 1559 852 1585 est

11 1603 153 1632 medium
170 1602 314 1631 circulum
331 1603 350 1629 P
369 1601 390 1628 Τ
422 1601 683 1637 circumscriptum
703 1601 849 1638 majorem

13 1656 176 1676 assumere
192 1646 302 1676 circulo
316 1647 337 1674 T
348 1647 383 1681 Μ,
393 1653 485 1682 quem
505 1646 631 1674 assumit
641 1645 781 1675 diameter
794 1648 815 1675 N
828 1647 850 1675 Ο

15 1693 105 1729 cujus
116 1692 253 1721 medium
264 1691 366 1719 itidem
380 1692 424 1719 est
437 1691 463 1718 lt.
483 1690 631 1723 Quoniam
643 1690 851 1726 igiturdiame-

16 1742 58 1768 ter
69 1738 260 1776 quadratum
274 1735 426 1765 constituit
440 1735 568 1772 duplum
594 1735 681 1772 illius,
709 1737 794 1772 cujus
809 1739 854 1766 est

24 1785 169 1816 Eameter
185 1782 268 1818 (nam
281 1780 462 1818 quadratum
477 1780 657 1816 descriptum
671 1788 690 1809 a
714 1781 854 1818 quadrati

588 1896 618 1925 ἀ

355 2137 380 2161 4

904 1471 998 1497 meter
1009 1476 1045 1497 ex
1064 1476 1126 1505 qua
1138 1467 1276 1497 effectum
1289 1467 1354 1502 est).
1381 1469 1417 1496 At
1439 1468 1489 1497 illa
1509 1469 1657 1498 diamater
1666 1479 1734 1507 quas

904 1513 993 1542 nobis
1009 1512 1116 1542 dicitur
1129 1512 1251 1550 mqualis
1271 1512 1355 1541 lateri
1375 1512 1514 1549 quadrati
1543 1513 1599 1542 illis
1615 1515 1678 1551 ejus
1691 1518 1736 1545 est

905 1558 1058 1594 diameter,
1086 1557 1269 1595 quadratum
1301 1558 1452 1586 constituit
1485 1558 1600 1594 aequale
1623 1559 1663 1588 illi
1683 1568 1734 1589 cu-

904 1604 954 1640 jus
988 1606 1032 1632 est
1066 1603 1220 1631 diameter.
1251 1602 1339 1639 Atqui
1372 1601 1501 1638 duplum
1535 1606 1579 1632 est
1608 1604 1734 1634 dimidio

906 1648 1020 1685 majus.
1039 1647 1170 1677 Circulus
1197 1655 1279 1683 ergo,
1304 1647 1356 1684 qui
1376 1647 1524 1684 majorem
1552 1648 1734 1679 diametrum

907 1692 1136 1729 comprehendit
1146 1694 1175 1721 et
1185 1692 1244 1720 sibi
1252 1691 1472 1727 accommodat,
1487 1694 1656 1723 necessario
1671 1703 1734 1724 ma-

905 1738 954 1774 jor
973 1739 1017 1767 est
1032 1737 1142 1766 circulo
1164 1737 1215 1766 illo
1242 1737 1294 1774 qui
1319 1737 1468 1766 minorem
1495 1739 1733 1776 comprehendit,

908 1784 937 1812 et
951 1783 1008 1811 sibi
1018 1781 1228 1812 accommodat
1239 1782 1430 1811 diametrum.
1446 1782 1577 1812 Circulus
1605 1792 1676 1821 ergo
1685 1786 1734 1814 PT

1373 1911 1397 1934 0

1111 2116 1144 2146 ὅ

25 2244 74 2280 qui
84 2243 233 2279 majorem
244 2243 660 2280 comprehenditdiametrum
676 2246 698 2272 Α
709 2245 740 2279 Β,
751 2243 850 2280 major
864 2245 886 2273 D
904 2244 932 2271 et
942 2250 1129 2280 quascunque
1155 2244 1289 2274 efﬁciunt
1315 2245 1417 2274 circuli
1445 2245 1584 2275 diametri
1606 2246 1735 2283 aequalia

27 2292 69 2318 est
86 2289 200 2318 circulo
213 2290 233 2317 P
245 2290 280 2324 Μ,
296 2289 347 2325 qui
363 2291 384 2317 N
401 2290 423 2318 Ο
452 2290 600 2318 minorem
625 2290 761 2318 assumit.
785 2290 851 2318 Non

27 2342 128 2363 omnes
143 2341 215 2369 ergo
237 2333 377 2362 diametri
398 2335 615 2371 quadratorum
630 2335 724 2363 latera
740 2334 851 2363 effectus

28 2377 304 2416 mqualiaquadrata
314 2378 452 2415 efﬁciunt,
461 2387 558 2415 neque
565 2387 671 2408 omnes
679 2379 850 2415 inaequalia,

27 2432 120 2462 neque
136 2431 242 2452 omnes
254 2423 417 2460 equalium
428 2424 607 2452 circulorum
616 2426 685 2453 sunt
693 2423 828 2452 diametri
840 2435 849 2461 ς

29 2477 61 2498 ex
73 2468 182 2498 eadem
197 2467 310 2495 ratione
325 2475 386 2496 non
404 2476 508 2496 omnes
526 2469 678 2505 sphaeram
703 2468 851 2505 {aqualem

30 2515 167 2546 efﬁciunt,
185 2511 238 2540 sed
251 2512 359 2548 partim
370 2513 528 2548 majorem,
556 2513 666 2549 partim
690 2513 848 2541 minorem.

31 2559 173 2592 Quoniam
188 2558 289 2584 autem
318 2557 443 2593 sphaerae
464 2558 638 2594 superﬁcies
668 2565 704 2586 ex
731 2557 850 2586 circulis

33 2605 143 2633 constat
160 2601 299 2629 diametri
314 2602 531 2638 quadratorum
556 2602 672 2631 circulis
683 2610 852 2631 accommo-

32 2648 112 2683 datm,
123 2646 255 2681 majores
267 2648 295 2674 et
309 2646 440 2674 minores
456 2646 590 2683 sphaerae
603 2647 736 2675 efﬁciunt
750 2649 782 2675 ut
796 2647 850 2675 cir-

35 2694 119 2722 culos.
135 2692 232 2724 Quare
244 2697 305 2718 non
333 2690 375 2719 ita
398 2690 496 2720 forma
522 2692 681 2720 materiam
709 2691 810 2720 circuli
822 2694 852 2721 et

35 2738 150 2774 sphaerae
160 2734 383 2769 informavit,ut
393 2735 448 2765 sibi
459 2737 488 2764 et
501 2736 566 2765 aliis
581 2736 686 2772 ﬁguris
694 2736 849 2771 haberent,

5 2778 10 2796 ⁵
36 2778 316 2819 quodhabent.Nam
322 2779 421 2810 circuli
428 2783 529 2818 partes
535 2782 711 2812 suntomnes
719 2781 851 2819 {equales

905 2290 985 2322 sunt,
998 2291 1030 2316 ut
1038 2288 1280 2318 demonstratum
1290 2292 1343 2318 est.
1353 2293 1389 2319 At
1401 2298 1462 2319 non
1478 2299 1583 2319 omnes
1595 2291 1734 2328 quadrati

906 2332 1045 2361 diametri
1053 2333 1169 2370 aequale
1177 2334 1260 2370 quod
1268 2334 1392 2370 faciunt,
1404 2336 1585 2372 quadratum
1592 2335 1734 2364 reddunt-

905 2385 1004 2414 neque
1021 2377 1170 2414 inmquale
1186 2377 1239 2406 sed
1254 2379 1363 2414 partim
1381 2380 1506 2416 ecquale,
1526 2380 1636 2416 partim
1665 2380 1735 2408 inae.

906 2421 1006 2458 quale.
1021 2425 1116 2458 Atque
1123 2421 1202 2451 hanc
1213 2431 1300 2451 suam
1314 2424 1526 2461 proprietatem
1539 2424 1604 2453 aliis
1612 2431 1734 2460 quoque

906 2467 1010 2502 ﬁguris
1018 2467 1253 2503 communicant,
1260 2471 1293 2496 ut
1302 2469 1331 2496 in
1340 2469 1458 2497 circulis
1467 2469 1634 2505 majoribus
1643 2471 1671 2497 et
1679 2469 1733 2496 mi-

906 2512 1032 2540 noribus
1040 2511 1279 2541 demonstratum
1293 2515 1349 2541 est.
1367 2515 1472 2542 Forma
1485 2521 1556 2548 ergo
1577 2513 1733 2541 materiam

907 2557 985 2592 globi
1003 2560 1032 2585 et
1041 2557 1142 2585 circuli
1152 2558 1350 2593 priestantiori
1360 2558 1461 2593 modo,
1473 2566 1566 2594 quam
1575 2558 1733 2586 materiam

906 2601 1046 2639 quadrati
1058 2602 1238 2630 informavit.
1251 2604 1345 2638 Atque
1356 2602 1414 2630 hoc
1437 2604 1676 2631 demonstratum
1688 2604 1734 2631 est

906 2655 941 2675 eo
954 2646 1057 2682 modo,
1070 2655 1131 2683 quo
1139 2646 1409 2675 demonstrandum
1421 2647 1484 2675 fuit.
1502 2647 1586 2680 Quod
1595 2647 1685 2676 etiam
1702 2647 1734 2675 in

906 2692 1055 2727 triangulo
1065 2691 1218 2720 observari
1229 2693 1325 2728 potest
1340 2693 1368 2720 et
1383 2691 1412 2719 in
1425 2691 1568 2720 omnibus
1577 2692 1643 2720 aliis
1654 2692 1733 2728 ﬁgu-

905 2734 957 2766 ris.
973 2739 1014 2765 Ac
1025 2736 1106 2765 hunc
1119 2736 1151 2765 in
1165 2735 1291 2765 modum
1305 2735 1585 2774 demonstratratur,
1614 2745 1682 2774 quas
1696 2744 1735 2766 ex

906 2783 1008 2812 centro
1017 2788 1071 2819 per
1077 2781 1213 2811 medium
1223 2779 1375 2810 ducuntur
1384 2781 1523 2818 trianguli
1533 2781 1681 2817 diametri,
1698 2782 1736 2811 si-
