1967 3080
239 106 310 141 ίθῆῠ

999 104 1180 140 ΑΒΒΕΝΒΑ.

1878 108 1962 156 ειη

254 173 401 212 διάμετροι,
430 174 552 210 μείζονας
578 176 623 200 καὶ
650 173 786 206 ἐλάττονας
817 177 962 203 ποιήσουσι
1007 184 1052 200 κυ-
1079 175 1104 201 Α
1131 175 1237 210 κέντρῳ,
1252 173 1346 205 κύκλος
1360 174 1522 211 γιγράφθωὸ
1541 172 1783 210 ΠΘδιαο-κὴματι
1804 178 1843 209 τῷ
1868 179 1887 200 Α
1924 177 1940 199 Ε

252 219 337 252 κλους,
356 218 420 244 ἀλλὰ
438 221 483 244 καὶ
509 221 640 256 τριγώνων
670 218 691 245 εὶ
717 220 813 245 τιθῶσι
841 219 960 255 πλευραὶ,
992 221 1051 255 μ.ιὶ-

254 264 317 294 ζονοι
348 265 392 289 καὶ
422 262 545 291 ἐλάττονα
563 266 707 292 ποιήσουσι
733 265 853 300 τρίγωνα,
877 265 904 290 αἱ
933 262 963 289 δὴ
1004 267 1051 289 τοῦ

252 308 348 334 κύκλον
369 307 396 333 ἐκ
414 311 460 333 τοῦ
480 309 573 344 κυρίως
596 309 701 344 κέντρου
729 311 774 334 καὶ
803 310 883 344 μέσον
909 306 1049 344 διιρχόμι-

253 362 295 378 νοιι
314 355 358 378 κοιὶ
378 351 489 382 κύκλους
513 353 598 384 ἴσους,
624 352 646 377 si
674 353 780 385 τιθῶσι,
803 355 958 387 ποιήσουσι,
987 352 1051 378 ἀλλά

253 399 297 423 καὶ
312 400 362 423 πᾶν
373 396 434 422 «illo
450 401 555 432 σχῆμα.
572 400 614 423 Διί
629 401 689 432 γοῦν
699 399 774 428 ἴσους
788 395 872 429 δεῖξαι
880 400 940 428 τοὺς
955 395 1038 423 τοὺσδ
1041 407 1049 423 ι

252 443 314 472 τοὺς
327 441 445 474 κύκλους,
459 443 542 467 καὶτὸ
557 440 585 467 ἔκ
599 445 649 467 τῶν
674 440 819 479 διαμέτρων
846 442 928 468 αὐτῶν
956 444 1048 478 τρίτω-

252 495 303 512 νον·
318 485 373 512 εἶτα
387 486 426 511 ὅτι
440 485 493 521 οὐχ
503 484 585 516 οὕτως
598 487 643 511 καὶ
657 484 699 512 ἐπὶ
725 490 772 512 τοῦ
800 489 925 522 τριγώνου
962 491 998 522 τῷ
1026 489 1049 512 Ν

1131 221 1225 254 καὶτῷ
1241 222 1260 246 Α
1277 222 1381 256 κέντρῳ,
1402 218 1495 249 κύκλος
1513 219 1651 255 γεγράφθῳ
1680 219 1694 245 ὁ
1724 221 1744 245 Γ
1772 222 1795 245 Η
1826 217 1943 246 διαστε-

1130 273 1192 299 ματι
1208 266 1277 298 τῷΕ
1296 267 1318 290 Ν
1345 266 1391 289 καὶ
1422 267 1457 298 τῷ
1485 267 1504 289 Β
1530 265 1635 300 κέντρῳ⁵
1670 263 1768 293 κύκλος
1796 264 1944 300 γεγρςὶᾳξνυ

1130 309 1216 336 ἠΣΛ
1236 306 1401 344 διαστήματι
1430 312 1466 343 τῷ
1495 311 1518 334 Χ
1546 311 1569 334 Ν
1600 311 1635 342 τῷ
1669 310 1679 334 Ι
1703 310 1816 344 κέντρῳ,
1845 308 1947 337 vim;

1132 353 1266 388 γεγράφθω
1284 353 1296 378 ὁ
1312 356 1331 378 Ζ
1347 354 1357 378 Ι
1376 350 1542 388 διαστήματι
1556 355 1592 386 τῷ
1608 355 1631 379 Ψ
1655 355 1679 378 Ν
1698 354 1745 378 χαί
1766 356 1804 387 τῷ
1835 356 1857 378 Υ
1884 355 1948 378 πιέν-

1128 406 1191 433 τρῳ,
1211 396 1303 427 κύκλος
1322 398 1460 433 ’γινχράφθω
1479 397 1492 422 ὁ
1511 400 1531 423 Ζ
1556 400 1577 423 K
1597 394 1765 432 διαστήματι
1794 401 1834 432 τῷ
1855 401 1880 423 Ω
1912 400 1947 422 N-

1129 442 1230 476 αἱγοῡν
1250 445 1270 468 Δ
1292 444 1309 467 Β
1327 445 1347 468 Ε
1365 444 1389 467 Ν
1408 445 1432 468 Χ
1445 444 1468 467 Ν
1488 444 1512 466 Ω
1526 444 1549 468 Ν
1568 444 1592 468 Ψ
1609 444 1631 467 Ν
1652 439 1796 476 διάμετροί
1818 441 1874 467 εἰσι
1893 446 1949 466 τέεν

1129 489 1150 512 Π
1171 490 1193 512 Θ
1213 489 1239 513 Μ
1260 489 1281 512 Π
1302 489 1318 512 Σ
1339 488 1361 512 Λ
1380 489 1400 512 Ζ
1420 489 1441 512 K
1460 489 1479 511 Ζ
1499 488 1519 512 Τ
1536 485 1646 519 κύκλων,
1668 485 1781 523 ἑκατέρα
1801 485 1947 521 ﬁat-ripa,

594 544 1575 824 YYA

247 1306 313 1330 κατὰ
325 1305 434 1332 τὴντῶν
449 1303 585 1337 στοιχείων
607 1301 686 1327 Θέσιν.
707 1303 748 1330 Ὠς
759 1301 810 1338 ἄρα
825 1304 871 1326 τοῦ
897 1303 918 1326 Π
943 1302 1045 1338 κέντρον
1072 1302 1095 1330 Β
1126 1301 1206 1327 αὐτοῦ
1226 1299 1379 1338 διαμέτρου,
1398 1303 1443 1328 καὶ
1471 1305 1517 1328 τοῦ
1543 1306 1560 1328 Σ
1588 1305 1611 1329 Λ
1640 1304 1745 1340 κέντρον
1856 1306 1887 1330 τό
1925 1307 1945 1331 Β

247 1351 277 1375 τὸ
295 1352 319 1375 Ν
333 1350 377 1374 καὶ
393 1349 493 1384 πέρατα
506 1350 553 1377 τῆς
576 1345 657 1371 αὐτοῦ
687 1343 829 1382 διαμέτρου
851 1346 880 1371 τὸ
908 1349 927 1372 Α
961 1349 980 1372 Β
1003 1346 1044 1371 οὔ-

247 1404 297 1425 τως
311 1396 411 1420 καὶτοῦ
423 1395 441 1418 Α
454 1395 475 1418 Η
486 1393 588 1428 κέντρον
602 1392 631 1416 τὸ
648 1393 667 1416 Α
683 1392 783 1426 πέρατα
802 1388 832 1416 δὲ
851 1392 880 1416 τὸ
907 1393 926 1416 Ε
950 1393 972 1416 Ν
999 1394 1045 1420 τῆς

232 1442 356 1479 quidem
365 1440 480 1469 circulis
489 1437 921 1473 accommandantur,majores
928 1441 955 1466 et
962 1438 1056 1465 mino-

232 1495 279 1516 res
286 1483 559 1515 efﬁciuntcirculos.
567 1484 716 1518 Praeterea,
731 1482 755 1510 si
767 1482 981 1517 triangulorum
990 1482 1055 1510 dia-

232 1532 317 1560 metri
332 1531 426 1559 latera
440 1529 668 1558 constituantur.
683 1527 800 1562 majora
828 1529 918 1563 atque
939 1527 1056 1556 minora

233 1576 363 1605 efﬁcient
385 1573 542 1609 triangula.
564 1573 601 1599 At
621 1571 724 1599 circuli
751 1571 887 1599 diametri
915 1579 982 1608 quae
1004 1579 1058 1608 per

232 1621 365 1650 medium
374 1621 508 1648 centrum
516 1617 635 1653 proprie
642 1615 753 1643 dictum
762 1615 922 1648 ducuntur,
930 1617 1056 1644 circulos

233 1666 363 1702 aequales
379 1670 495 1700 semper
505 1660 648 1694 efﬁciunt,
658 1663 747 1696 atque
773 1661 864 1688 etiam
891 1661 1058 1697 quamlibet

232 1710 324 1739 aliam
336 1709 465 1744 ﬁguram
478 1705 635 1742 aqualem.
670 1705 790 1740 Oportet
813 1705 903 1739 igitur
926 1706 1057 1741 aequales

233 1754 359 1783 circulos
369 1754 424 1781 hos
432 1752 637 1780 demonstrare
648 1749 755 1777 etillud
764 1750 846 1786 quod
858 1757 894 1778 ex
904 1750 1057 1779 diametris

804 2499 839 2545 if

853 2054 1066 2080 [Ν

577 2056 1550 2529 γ

1125 1347 1224 1382 πέρατα
1244 1343 1273 1371 δὲ
1292 1350 1337 1376 τῆς
1357 1345 1436 1372 αὐτοῦ
1457 1345 1599 1384 διαμέτρου
1627 1348 1657 1373 τὸ
1688 1350 1710 1373 Χ
1738 1351 1773 1381 Ν,
1807 1349 1944 1378 ὡσαύτως

1125 1392 1170 1415 καὶ
1188 1394 1233 1416 τοῦ
1251 1393 1269 1415 Ζ
1288 1393 1308 1416 Τ
1326 1392 1429 1426 κέντρον
1447 1392 1491 1426 μὲν
1508 1392 1537 1417 τὸ
1557 1394 1566 1418 Ι
1594 1393 1693 1428 πέρατα
1713 1389 1744 1418 δὲ
1772 1396 1823 1423 τῆς
1857 1393 1950 1419 αὐτοῦ

1110 1438 1246 1474 ipsorum
1262 1439 1448 1467 constituitur
1463 1440 1654 1476 triangulum,
1666 1439 1776 1468 deinde
1790 1442 1952 1470 nonidem

1110 1482 1221 1511 habere
1232 1482 1329 1510 locum
1344 1483 1374 1511 in
1383 1483 1543 1518 triangula.
1557 1484 1661 1513 Centro
1670 1486 1702 1520 N,
1716 1485 1882 1514 intervallo
1894 1490 1919 1514 Α
1934 1488 1953 1514 B

1111 1527 1237 1555 circulus
1253 1528 1274 1560 Ο
1285 1529 1317 1560 Η,
1329 1527 1514 1556 describatur
1527 1537 1533 1561 ;
1544 1529 1613 1557 item
1632 1532 1734 1557 centro
1745 1531 1781 1564 Α,
1795 1530 1952 1559 interval-

1110 1572 1170 1600 loE
1184 1574 1216 1608 N,
1236 1572 1362 1600 circulus
1382 1572 1567 1601 describatur
1589 1574 1608 1601 C
1624 1575 1666 1606 G;
1695 1575 1768 1602 item
1792 1579 1904 1604 centro
1927 1578 1946 1603 Β

1111 1616 1265 1644 intervallo
1276 1618 1298 1644 Y
1309 1618 1341 1651 N,
1353 1617 1482 1645 circulus
1493 1618 1680 1646 describatur
1691 1619 1708 1647 S
1725 1618 1746 1645 L
1764 1628 1770 1653 ;
1794 1619 1869 1648 item
1883 1629 1956 1649 cen*

1112 1663 1156 1689 tro
1173 1663 1192 1694 l,
1210 1661 1385 1689 intervallol
1400 1663 1420 1689 N
1434 1662 1562 1690 circulus
1587 1663 1776 1691 describatur
1791 1665 1862 1700 FT;
1880 1665 1954 1693 item

1112 1709 1213 1733 centro
1224 1707 1256 1737 U,
1268 1705 1424 1734 intervallo
1437 1707 1502 1734 FFU
1518 1707 1645 1735 circulus
1661 1708 1858 1737 describatur
1875 1711 1898 1739 Ο
1918 1711 1952 1738 Κ.

1113 1751 1252 1779 Diametri
1262 1751 1351 1786 igitur
1363 1753 1385 1778 A
1402 1752 1421 1779 Β
1432 1752 1453 1778 Ε
1464 1752 1486 1779 Ν
1502 1752 1522 1779 Υ
1534 1753 1555 1780 Ν
1568 1753 1587 1780 F
1603 1753 1623 1780 F
1642 1754 1663 1781 N
1674 1755 1693 1781 Ζ
1707 1755 1727 1781 Ν
1758 1754 1953 1783 circulorum

231 2589 253 2622 Q
264 2589 284 2616 ll
295 2588 350 2617 ΜΟ
361 2588 379 2616 S
395 2588 414 2615 L
427 2587 448 2615 0
460 2587 482 2613 Κ
497 2586 546 2613 FT
569 2582 694 2620 singulm
719 2589 841 2610 suorum
874 2581 1054 2609 circulorum
1071 2579 1091 2606 C
1109 2580 1127 2607 S
1140 2580 1168 2613 L,
1182 2583 1211 2608 et
1238 2581 1355 2610 termini
1385 2581 1523 2610 diametri
1554 2588 1662 2617 nempe
1691 2581 1735 2608 YN
1750 2578 1812 2613 ;ita
1849 2579 1940 2607 etiam

231 2636 309 2662 sunt.
325 2633 355 2660 Et
370 2639 405 2659 ex
424 2630 529 2658 ordine
551 2629 766 2657 elementorum
793 2626 991 2654 collocanturr
1020 2626 1054 2653 Ut

230 2678 320 2713 igitur
335 2685 366 2704 se
380 2676 471 2704 habet
485 2677 619 2703 centrum
636 2674 656 2701 Ν
668 2672 768 2700 circuli
780 2672 801 2704 Ο
814 2671 848 2702 H.
864 2670 904 2698 ita
923 2671 1011 2698 etiam
1023 2678 1054 2698 se

230 2722 344 2750 habent
351 2721 464 2749 termini
471 2720 602 2757 ejusdem
609 2717 741 2747 diametri
746 2723 861 2750 ,nempe
868 2714 1054 2743 intervallum

231 2767 256 2794 Α
269 2767 291 2793 Β
304 2775 311 2800 ;
325 2767 366 2794 ita
378 2767 468 2794 etiam
482 2767 506 2793 A
519 2768 654 2793 centrum
665 2761 766 2791 circuli
786 2763 810 2790 Μ
825 2762 858 2794 G,
883 2763 911 2788 et
938 2760 1055 2788 termini

231 2810 369 2840 diametri
376 2810 473 2847 ipsius
489 2811 510 2839 E
523 2811 546 2839 Ν
561 2818 569 2846 ;
588 2809 631 2838 ita.
643 2807 734 2836 etiam
751 2807 775 2834 B
798 2808 934 2835 centrum
955 2804 1055 2834 circuli

1109 2627 1263 2653 centrum!
1278 2625 1379 2654 circuli
1391 2627 1410 2653 F
1425 2627 1456 2660 T,
1472 2628 1500 2654 et
1529 2625 1647 2654 termini
1660 2623 1796 2652 diemetri
1830 2631 1940 2659 nempe

1109 2670 1299 2698 intervallum
1310 2672 1328 2698 Ζ
1340 2671 1373 2705 Ν,
1387 2671 1428 2699 ita
1439 2678 1560 2707 quoque
1573 2671 1593 2697 Ν
1605 2671 1740 2698 centrum
1751 2667 1856 2696 circuli
1869 2669 1890 2695 Ο
1902 2667 1937 2700 Κ,

1109 2719 1138 2743 et
1147 2715 1262 2744 termini
1273 2715 1369 2752 ipsius
1379 2715 1644 2750 diametri,nempe
1656 2712 1849 2741 intervallum
1859 2713 1933 2740 FFN.

1110 2763 1184 2791 Nam
1196 2760 1297 2789 temini
1307 2760 1408 2788 circuli
1429 2761 1451 2793 0
1485 2761 1507 2788 ll
1527 2762 1597 2788 sunt
1620 2761 1722 2787 centra
1753 2757 1934 2786 circulorum

1109 2808 1140 2836 M
1152 2809 1173 2836 G
1186 2808 1204 2836 S
1219 2808 1240 2835 L
1254 2807 1305 2835 FT
1333 2806 1354 2834 Ο
1383 2805 1419 2833 Κ.
1440 2804 1589 2838 Quoniam
1619 2803 1708 2840 igitur
1725 2801 1848 2831 termini
1872 2800 1935 2830 dia-
