1967 3080
6 108 103 138 L381

490 109 670 141 THEODORI
685 109 709 138 II
724 110 794 138 IMP.
810 108 857 136 DE
874 107 1101 140 COMMUNIONE
1115 105 1304 141 NATURALI.

1677 103 1748 140 1382

14 171 208 210 διαμέτρου,
223 174 252 199 τὸ
275 176 299 199 Ψ
323 176 346 199 Ν
372 175 417 199 καὶ
443 177 489 199 τοῦ
515 177 534 200 Ζ
551 177 571 200 Κ
587 175 689 210 κέντρον
712 175 756 209 μὲν
782 174 812 197 τὸ
836 175 856 198 Υ
883 173 908 199 Δ
936 173 1100 208 ΒΑκὶντρον
1111 177 1175 201 τόΝ
1196 175 1262 203 ἀλλά
1285 176 1330 199 καὶ
1358 175 1388 199 τὸ
1413 176 1432 199 Γ
1452 176 1471 199 Α
1502 177 1522 200 Υ
1549 177 1568 200 Α
1600 172 1645 200 ἶσά
1677 174 1734 200 ἔστι

15 227 157 255 περατα
172 216 201 244 6“:
212 221 260 248 τῆς
275 217 356 243 αὐτοῦ
372 215 515 255 διαμέτρου
529 220 558 243 τὸ
576 222 600 243 Ω
610 221 642 244 Ν.
657 219 696 244 Τὰ
712 219 762 253 γὰρ
781 220 802 243 ΙΙ
833 219 855 242 Θ

16 265 157 300 πέρατα
168 264 261 299 κέντρα
276 261 332 288 ἐστὶ
347 266 397 288 τῶν
412 263 436 290 Μ
452 266 473 289 Η
484 266 500 288 Σ
527 266 549 290 Λ
564 266 583 288 Ζ
611 265 631 288 Τ
661 264 681 288 Ξ
702 265 722 288 Κ
742 261 853 287 κύκλων.

20 306 129 333 Ἐπεὶ
154 310 217 342 γοῦν
245 307 278 332 τὰ
307 310 352 332 τοῦ
382 310 403 332 Π
443 311 466 333 Θ
506 311 554 332 τῶν
582 305 728 342 διαμέτρων
757 308 857 341 πέρατα

19 353 57 378 ,Α
84 350 423 388 ΒΥΟΙΔκέντραέσ-τὶ
446 355 535 378 τῶνΜ
561 355 580 377 Η
612 354 672 377 ΣΛ
699 352 718 377 Ξ
745 354 766 377 K
793 354 856 376 ZT

19 396 167 430 κύκλων,
187 398 216 421 τό
233 394 263 421 δε
282 397 384 431 κέντρον
413 398 492 431 μέσον
520 396 577 422 ἐστι
606 399 652 421 τοῦ
673 395 768 421 κύκλου
793 395 857 432 πρὸς

22 440 41 465 ὃ
63 450 169 466 πασαι
183 441 210 466 αἱ
232 442 450 475 προσπίπτουσαι
465 440 562 466 εὐθεῖαι
573 439 601 465 ἐκ
628 443 675 470 τῆς
702 440 794 465 τούτου
814 449 857 465 πε-

23 487 188 522 ριφερείας
203 483 260 510 ἶσαι
276 483 400 514 ἀλλήλαις
416 484 493 518 εἰσὶν,
509 486 541 514 ὡς
563 486 591 510 τὰ
618 487 641 510 Ν
667 485 719 521 οῖρα
739 486 803 520 πρὸς
827 485 856 509 τὸ

25 533 53 555 Β
74 532 134 555 καὶ
163 530 303 566 τοΧπρος
331 531 360 554 τὸ
388 532 406 554 Β
431 533 481 554 τῶν
514 530 564 565 γὰρ
598 529 722 565 ἑκατέρων
755 530 857 563 κέντρον

25 576 70 600 τὸ
90 577 115 600 Β
137 575 172 605 ὡς
192 577 236 599 καὶ
265 577 315 600 τῶν
342 577 362 601 Α
391 577 410 599 Β
437 575 539 611 κέντρον
567 576 596 599 τὸ
621 577 644 599 Ν
669 573 732 599 ἀλλά
760 576 804 599 καὶ
828 574 857 598 τὸ

28 622 54 645 Ρ
82 621 135 645 BI
155 622 182 650 B,
207 618 252 644 ἷσά
272 618 327 644 ἐστι
349 622 405 649 τοῖς
430 621 451 644 Ν
478 621 495 644 Β
520 622 544 645 Χ
575 621 593 644 Β
609 629 615 634 -
642 620 743 654 κέντρον
776 619 859 643 κοινόι

27 664 106 700 γάρ
124 665 155 689 τὸ
170 667 196 689 Β.
213 663 241 689 Ἠ
255 663 307 700 ἆρα
321 666 339 689 Ρ
354 661 492 699 διάμετρος
519 666 565 689 τοὺ
591 667 607 688 Σ
639 666 661 689 Λ
689 662 784 688 κύκλου
812 663 856 691 ian

26 707 114 734 ἐστὶ
133 711 165 744 τῇ
182 711 207 734 Χ
222 711 244 734 Ν
258 708 339 733 αὐτοῦ
355 705 497 744 διαμέτρῳ·
524 706 557 733 ὧν
584 708 634 743 γάρ
657 706 713 733 ἶσαι
738 708 771 732 τά
797 707 858 743 ἠμί-

30 762 113 785 σεα,
143 755 188 778 καὶ
203 753 235 778 τά
258 752 303 778 ὅλα
316 750 363 778 ἷσά
387 752 451 783 ἐστι,
466 753 532 778 κατά
547 754 590 777 τὸν
617 751 695 777 αὑτὸν
718 751 802 786 λόγον
823 753 858 781 ὡς

26 797 103 832 ἄρα
120 799 186 823 τόΝ
206 798 270 832 πρὸς
283 799 312 822 τὸ
339 799 349 822 l
372 798 416 822 καὶ
443 798 472 821 τὸ
495 799 518 823 Ψ
540 798 605 832 πρὸς
628 798 656 822 τὸ
681 799 701 822 Ι·
729 800 779 821 τῶν
806 797 855 832 γάρ

26 843 179 877 ἓκατέρων
205 842 308 878 κέντρον
322 842 352 866 τό
375 843 384 866 Ι
413 841 445 870 ὡς
471 843 515 866 καὶ
545 844 594 866 τῶν
610 842 654 866 ΔΙ
674 842 776 876 κέντρον
788 841 818 865 τὸ
834 843 855 866 Ν

24 885 113 911 ἀλλά
129 888 177 911 καὶ
192 885 220 911 τὸ
234 887 276 911 BI
294 887 337 911 ΦΙ
359 884 403 910 ἶσά
434 884 491 910 ἐστι
514 888 565 914 τοῖς
588 887 610 910 Ν
635 887 644 910 Ι
675 887 695 911 Ψ
716 887 725 910 Ι
754 886 855 921 κέντρον

26 932 135 956 κοινὸν
151 930 201 966 γάρ
218 931 247 955 τὸ
262 932 272 955 Ι
288 930 303 958 ἠ
321 930 372 965 ἄρα
388 932 406 955 Β
439 932 458 955 Φ
486 927 626 965 διάμετρος
652 932 696 955 τοῦ
720 932 739 954 Ζ
764 932 784 955 Τ
810 930 856 954 κύ-

26 975 122 1009 κλον,
143 976 187 1003 ὶση
205 974 262 1000 ἐστὶ
277 978 307 1010 τῇ
324 977 347 1001 Ψ
364 977 385 1000 Ν
401 973 480 1000 αὐτοῦ
501 972 644 1009 διαμέτρῳ·
670 972 704 999 ὧν
733 974 784 1010 ’γάρ
811 972 857 999 ἶσα

28 1021 74 1045 τά
89 1020 205 1055 ἡμίσεα,
221 1021 266 1044 καὶ
299 1019 331 1044 τά
364 1018 410 1044 ὅλα
437 1017 483 1044 ἶσά
511 1017 590 1045 ἐστιν.
617 1017 749 1048 Ὡσαύτως
772 1015 801 1044 δὲ
822 1019 857 1048 ὡς

30 1074 68 1090 το
83 1067 112 1090 Ν
127 1065 195 1100 πρὸς
209 1065 237 1089 τὸ
253 1067 273 1089 Υ
288 1065 333 1089 καὶ
348 1065 377 1089 τὸ
391 1066 414 1088 Ω
428 1064 494 1100 πρὸς
520 1063 550 1088 τὸ
573 1066 593 1089 Υ
619 1066 670 1088 τῶν
691 1064 741 1099 γάρ
769 1062 855 1088 ἑκατέ-

34 1119 101 1145 ρων
115 1110 221 1144 κέντρον
234 1109 263 1133 τὸ
290 1111 310 1134 Υ
336 1108 369 1137 ὡς
390 1109 434 1132 καὶ
460 1110 505 1133 τοῦ
534 1111 554 1133 Υ
588 1110 610 1134 Ψ
639 1109 740 1142 κέντρον
767 1108 797 1132 τὸ
821 1110 856 1134 Ν.

37 1152 133 1179 Ἀλλά
149 1155 193 1178 καὶ
208 1153 238 1178 τὸ
250 1154 270 1178 Α
287 1155 307 1177 Υ
322 1154 362 1178 ΦΥ
377 1152 424 1177 ἷστὶ
435 1150 491 1176 ἐστι
505 1155 561 1181 τοῖς
589 1154 611 1177 Ν
643 1155 662 1177 Υ
694 1154 718 1176 Ω
744 1154 773 1177 Υ”
803 1153 853 1177 νέν-

36 1207 112 1234 τρον
130 1198 215 1222 κοινὸν
237 1197 288 1233 γὰρ
314 1198 343 1221 τὸ
369 1199 398 1223 Υ.
429 1195 458 1221 Ἡ
483 1195 534 1232 ἆρα
562 1197 586 1222 Α
606 1198 625 1221 Φ
652 1193 793 1232 διάμετρος
811 1199 856 1221 τοῦ

37 1243 63 1268 Ξ
84 1244 106 1268 Κ
124 1241 232 1271 κύκλου,
249 1241 292 1269 im)
313 1239 369 1266 ἐστὶ
393 1244 424 1276 τῇ
454 1244 477 1266 Ω
500 1243 523 1266 Ν
549 1240 626 1266 αὐτοῦ
655 1238 796 1277 διαμέτρῳ·
823 1240 856 1265 ὧν

37 1287 101 1322 ’γάρ
114 1286 150 1312 τά
165 1286 263 1321 ἡμίσεα
277 1283 332 1317 ἶσα,
343 1286 388 1310 καὶ
421 1285 452 1310 τά
477 1283 524 1310 ὃλα
549 1282 595 1310 iani
621 1283 688 1317 ἐστι,
717 1285 782 1310 κατά
811 1285 855 1310 τὸν

40 1331 132 1356 αὑτὸν
146 1329 232 1366 λόγον’
247 1329 291 1360 Ὠς
305 1329 395 1366 ἄρατὸ
408 1332 428 1355 Υ
442 1330 507 1364 πρὸς
521 1330 548 1354 τὸ
578 1331 601 1356 Α
627 1331 672 1354 καὶ
700 1330 729 1354 τὸ
755 1332 775 1354 Ε
794 1330 856 1363 πρὸς

39 1377 76 1401 τὸ
95 1378 117 1402 Δ
133 1378 186 1400 τῶν
207 1375 258 1411 γὰρ
283 1374 407 1410 ἑκατέρων
433 1375 536 1410 κέντρον
559 1374 588 1399 τὸ
616 1376 636 1399 Α
671 1374 705 1403 ὡς
733 1375 778 1399 καὶ
807 1377 855 1399 τῶν

24 1475 204 1500 metrorum
220 1471 320 1499 circuli
336 1472 358 1504 Ο
373 1471 405 1506 Η,
418 1473 487 1498 sunt
504 1472 524 1498 ι)
541 1471 560 1498 Β
574 1471 596 1498 U
609 1471 630 1503 Q
649 1469 659 1497 Ι
674 1472 697 1498 Α
713 1479 719 1504 ;
737 1472 765 1497 et
779 1470 808 1497 in
823 1470 869 1498 his

934 221 1024 249 τοίςΝ
1039 222 1089 245 ΑΕ.
1115 224 1145 246 Λ·
1174 221 1277 256 κέντρον
1301 221 1386 244 κοινὸν
1415 219 1464 255 γάρ
1487 220 1517 244 τὸ
1551 221 1581 245 Α.
1605 218 1611 226 ”
1638 222 1659 245 Η
1683 219 1734 255 ἆρα

935 265 984 289 ΓΥ
999 261 1138 301 διάμετρος
1148 268 1193 290 τοῦ
1208 267 1233 290 Μ
1249 267 1270 290 Η
1289 263 1384 289 κύκλου
1395 265 1440 291 ἴση
1462 262 1519 288 ἐστὶ
1543 266 1574 298 τῇ
1599 267 1618 289 Ε
1642 267 1665 290 Ν
1684 263 1733 289 αὐ-

935 311 981 332 τοῦ
1001 306 1142 346 διαμέτρῳ.
1173 308 1205 334 ὧν
1231 309 1282 344 γάρ
1310 309 1342 333 τά
1362 309 1461 343 ἡμίσεα
1487 306 1542 342 ἶσα,
1566 309 1612 333 καὶ
1635 309 1667 333 τά
1688 307 1734 334 ὅλα

936 353 982 378 ἰσά
996 352 1073 378 ἐστιν·
1089 354 1234 388 Ἐπεὶγοῡν
1249 354 1264 381 ἡ
1296 355 1314 378 Γ
1335 356 1355 378 Υ
1383 354 1430 380 ἴση
1458 351 1514 378 ἐστὶ
1537 356 1569 388 κῇ
1597 355 1616 378 Ε
1637 355 1660 379 Ν
1688 354 1733 378 καὶ

936 397 1485 433 ἠΑΒτῇΝΧκαὶὴΡΙτῇΒΦκαὶὴ
1517 400 1541 423 Ψ
1568 400 1591 422 Ν
1617 401 1649 433 τῇ
1677 400 1686 423 Ι
1717 400 1734 422 Δ

936 442 1330 478 καὶήΩΝτῇΥΟκαὶὴΦ
1362 443 1381 467 Α
1412 445 1443 477 τῇ
1473 445 1494 467 Υ
1519 443 1537 467 Γ
1564 443 1609 466 καὶ
1635 440 1732 470 ἑκάστη

937 484 1032 514 ἑκάστη
1048 488 1093 515 ἴση
1107 486 1172 517 ἐστὶ,
1187 487 1219 512 τά
1244 487 1294 522 ¹γάρ
1309 489 1345 520 τῲ
1368 485 1438 520 αὐτῷ
1466 483 1521 517 ἶσα,
1547 487 1592 512 καὶ
1616 484 1735 517 ἀλλήλοις

938 527 1112 557 ἷσάέστικαὶ
1134 532 1158 556 oi
1180 534 1238 558 ΠΘ
1261 534 1276 555 Σ
1305 534 1328 556 Λ
1354 533 1373 556 Ζ
1399 533 1419 556 Τ
1443 531 1463 556 Ξ
1489 533 1509 555 K
1537 533 1562 556 M
1587 533 1609 556 Η
1632 530 1733 563 κύκλοι,

938 573 992 601 ῖσοί
1001 575 1077 601 εἰσιν
1091 575 1125 600 ὧν
1137 576 1187 610 ’γάρ
1199 575 1227 600 αἱ
1249 573 1387 611 διάμετροι
1412 573 1479 607 ἶσαι,
1506 577 1551 600 καὶ
1582 578 1666 601 ταῦτα.
1689 574 1735 602 iaci

938 617 1017 644 ἐστιν·
1035 621 1059 645 οἰ
1073 618 1124 655 ἆρα
1138 619 1228 645 κύκλοι
1244 620 1335 648 πάντας
1347 617 1400 644 ἶσοι
1419 618 1480 652 εἱσι,
1510 621 1554 644 καὶ
1578 621 1608 645 τὸ
1634 618 1661 645 ἐκ
1684 623 1734 645 τῶν

938 661 1083 700 διαμέτρων
1109 667 1193 689 αυτῶν
1223 665 1382 694 συνιστακὸς
1409 665 1533 700 τρίγωνον
1557 661 1614 689 ἴσον
1653 663 1734 693 ἐστιν,

936 707 966 734 Ἠ
991 712 1052 743 γοῦν
1074 711 1094 734 Α
1120 711 1138 734 Β
1163 705 1304 745 διάμετρος
1323 711 1369 733 τοῦ
1399 710 1418 733 [Ι
1445 711 1467 734 Θ
1491 707 1587 733 κύκλου
1615 710 1661 737 τὴν
1687 709 1732 738 ἴση

936 753 1019 788 ταύτῃ
1040 750 1179 788 διάμέτρον
1207 756 1226 779 Δ
1254 755 1274 778 Φ
1302 756 1349 778 τοῦ
1371 755 1391 777 Ζ
1412 755 1433 778 K
1457 751 1553 778 κύκλου
1576 752 1735 789 προσλαϐέτς

936 796 1058 834 πλευράν,
1074 798 1197 826 καὶαῦτη
1207 799 1252 826 τὴς
1275 800 1294 823 Φ
1323 799 1342 822 Β
1368 794 1507 833 διάμετρον
1532 800 1578 822 τοῦ
1604 800 1622 822 Ζ
1649 797 1668 824 Τ
1689 798 1735 822 κύ-

936 840 998 867 κλου
1011 841 1132 878 πλευράν,
1146 843 1192 867 καὶ
1207 843 1331 870 oua-nire)
1343 842 1372 866 τὸ
1388 844 1407 866 Δ
1424 844 1442 866 Β
1469 844 1487 867 Φ
1514 843 1646 877 τρίγωνον.
1676 841 1736 868 Ἐπι

935 888 1020 912 τοίνυν
1037 884 1093 912 ἶσαι
1124 886 1189 912 εἰσιν
1211 887 1239 912 αἱ
1268 884 1415 922 διάμετροι,
1448 886 1481 916 ὡς
1510 883 1633 921 ἐδείχθη,
1663 885 1735 912 ἀνοι-

935 931 1034 964 γκαίως
1047 932 1092 955 καὶ
1118 929 1195 956 τὸέκ
1224 931 1322 955 τούτων
1351 931 1508 960 συνιστακὸς
1535 932 1671 966 τρίγωνον,
1693 931 1735 956 ἱσό

935 973 1043 1009 πλευρόν
1057 983 1115 1000 εστι
1129 984 1174 1000 και
1191 974 1336 1010 ἰσογώνιον,
1350 976 1379 1000 τὸ
1404 974 1455 1011 ἄρα
1481 974 1504 1000 Α
1527 977 1546 1000 Β
1571 977 1590 1000 Φ
1611 976 1735 1011 τρίγωνον

936 1016 992 1043 ἴσον
1020 1020 1100 1054 ἐστιν,
1131 1017 1220 1048 ἐπειδή
1248 1018 1399 1054 ἰσόπλευρόν
1426 1020 1481 1044 ἐστι
1506 1028 1552 1044 και
1589 1018 1733 1054 ἰσογώνιον.

936 1063 969 1089 Ai
997 1062 1048 1098 ἄρα
1071 1067 1117 1088 τοῦ
1143 1062 1238 1089 κύκλου
1266 1061 1404 1098 διάμετροι
1429 1065 1457 1088 ἐκ
1477 1067 1522 1088 τοῦ
1549 1065 1655 1100 κέντρου
1690 1072 1736 1088 και

936 1109 1016 1138 μέσου
1027 1108 1138 1144 ἠγμέναι
1161 1106 1207 1133 ἶσα
1238 1111 1345 1133 ποιοῦσι
1373 1109 1512 1143 σχήματα,
1543 1106 1634 1136 ἐπειδὴ
1663 1110 1736 1133 πᾶσα

936 1152 1017 1178 αὐτοῦ
1031 1150 1169 1188 διάμετρος
1189 1153 1233 1180 ἴση
1254 1151 1320 1185 ἐστὶ,
1336 1150 1382 1177 διὰ
1405 1155 1480 1177 τοῦτο
1507 1154 1552 1177 καὶ
1576 1154 1628 1178 πᾶν
1654 1151 1736 1178 αὐτοῦ

936 1198 1013 1233 μέρος
1026 1198 1089 1233 πρὸς
1108 1198 1137 1223 τὸ
1165 1199 1267 1232 κέντρον
1294 1195 1350 1222 ἶσον
1373 1199 1425 1226 τοῖς
1451 1195 1539 1226 ἄλλοις
1571 1196 1651 1222 αὑτοῦ
1680 1195 1737 1222 ἔστι

935 1243 1036 1278 μέρεσι,
1052 1242 1136 1272 καθώς
1150 1239 1310 1276 ἀπιὸείχθη.
1323 1240 1405 1267 Τοῦτο
1428 1239 1457 1266 δὲ
1484 1241 1531 1266 οὐκ
1556 1240 1599 1266 ini
1622 1242 1667 1266 τοῦ
1680 1250 1737 1278 τρι-

935 1288 1028 1320 γώνου,
1039 1286 1067 1311 αἱ
1083 1287 1132 1321 ’γὰρ
1147 1286 1240 1311 τούτου
1263 1285 1372 1321 πλευραὶ
1398 1284 1445 1310 οὐκ
1472 1282 1528 1310 ἴσον
1556 1289 1664 1311 ποιοῦσι
1692 1289 1738 1315 τῆς

937 1329 1017 1355 αὑτοῦ
1038 1328 1180 1365 διαμέτρου
1210 1332 1255 1355 και
1281 1330 1390 1355 καθέτου
1419 1329 1512 1355 κύκλον
1550 1329 1564 1358 ἡ
1599 1331 1735 1366 τρίγωνον·

935 1378 981 1399 τοῦ
996 1375 1045 1410 γὰρ
1059 1374 1153 1400 κύκλου
1167 1375 1181 1403 ἠ
1200 1372 1337 1410 διάμετρος
1366 1376 1453 1411 τρίτον
1484 1373 1541 1400 ἐστὶ
1569 1377 1617 1404 τῆς
1643 1375 1737 1400 τούτου

922 1470 1060 1508 aequalia,
1081 1473 1109 1503 et
1127 1472 1188 1498 tota
1197 1470 1264 1506 ipsa
1277 1470 1646 1508 suntmqualia.Quoniam
1661 1471 1751 1506 igitur

26 1520 107 1544 sunt
120 1519 225 1544 contra
241 1515 421 1544 circulorum
435 1516 458 1543 M
475 1516 495 1543 G
507 1517 527 1547 ‘S
544 1516 563 1542 L
575 1516 596 1543 Ο
611 1515 636 1541 Κ
652 1515 672 1541 F
686 1516 718 1550 T;
734 1517 868 1542 centrum
888 1524 908 1552 ο
923 1516 1072 1543 diainetur
1085 1516 1104 1543 C
1122 1516 1141 1542 U
1160 1518 1203 1542 est
1222 1514 1346 1551 aiqilalis
1359 1514 1506 1542 diametro
1523 1516 1542 1542 E
1557 1517 1589 1550 N,
1606 1515 1751 1544 diameter

27 1565 141 1589 autem
153 1563 198 1588 est
214 1560 347 1588 medium
363 1560 463 1588 circuli
481 1559 519 1587 ad
530 1559 613 1596 quod
628 1559 725 1587 ductae
737 1567 842 1587 omnes
852 1568 870 1588 a

29 1605 282 1633 circumferentia
296 1605 382 1632 lineae
395 1606 464 1632 sunt
479 1604 555 1631 inter
586 1612 617 1631 se
639 1603 771 1639 aequales
796 1613 802 1631 ε
839 1607 871 1631 ut

29 1651 131 1685 igitur
142 1652 164 1677 N
176 1658 207 1677 se
222 1650 314 1677 habet
328 1649 367 1677 ad
379 1651 407 1682 Β,
424 1649 466 1676 ita
481 1648 570 1676 etiam
587 1649 607 1675 γ
621 1657 650 1676 se
667 1648 757 1676 habet
773 1648 809 1677 ad
828 1650 846 1676 Β
863 1657 870 1676 ;

32 1696 199 1731 utriusque
215 1695 294 1722 enim
308 1701 442 1722 centrum
462 1697 507 1721 est
521 1694 552 1726 Β,
571 1696 601 1721 ut
616 1693 704 1721 etiam
731 1693 871 1721 termino-

32 1748 109 1768 rum
124 1742 148 1767 A
164 1741 194 1774 Β,
208 1742 343 1767 centrum
355 1741 398 1766 est
410 1740 441 1766 N.
454 1738 540 1773 Atqui
552 1739 612 1771 RB,
629 1739 673 1772 lB,
686 1741 754 1765 sunt
772 1746 874 1773 aequa-

32 1785 79 1813 lia
91 1784 169 1820 ipsis
183 1785 204 1811 N
219 1785 249 1817 Β,
265 1784 286 1811 Y
304 1784 333 1811 Β.
351 1784 426 1810 Nam
438 1783 460 1808 Β
474 1786 609 1810 cenlrum
631 1785 674 1809 est
699 1790 870 1816 commune,

34 1830 193 1857 Diameter
207 1836 279 1863 ergo
293 1829 315 1856 R
327 1828 348 1860 Ι,
366 1827 468 1855 circuli
484 1828 502 1855 S
515 1828 543 1857 L.
561 1829 606 1854 est
618 1827 743 1863 aequalis
759 1827 872 1855 diame-

32 1877 83 1902 tro
112 1874 135 1901 Y
159 1875 193 1907 N,
224 1873 357 1905 Quorum
386 1871 467 1899 enim
494 1871 627 1899 dimidia:
667 1874 766 1907 partes
802 1875 872 1900 sunt

31 1918 185 1954 aequales,
201 1917 268 1953 ipsa
284 1919 345 1944 tota
360 1919 429 1944 sunt
440 1915 579 1952 aequalia.
596 1916 634 1943 Ex
641 1916 746 1943 eadem
757 1916 872 1944 ratione

33 1966 67 1990 ut
83 1970 116 1989 se
130 1961 253 1989 habetN
277 1961 316 1988 ad
344 1963 364 1995 Ι,
389 1961 429 1988 ita
451 1960 541 1988 etiam
568 1961 586 1987 Ζ
616 1960 655 1987 ad
685 1961 694 1986 Ι
719 1960 872 1996 utriusque

33 2007 122 2034 enim
139 2008 274 2033 centrum
294 2007 339 2033 est
354 2006 373 2032 Ι.
387 2006 450 2032 Non
467 2012 553 2032 secus
565 2007 654 2040 atque
674 2005 869 2032 terminorum

35 2053 58 2084 Ο
77 2052 241 2078 lcentrum
256 2053 301 2078 est
313 2051 346 2077 N.
361 2049 450 2085 Atqui
473 2049 494 2076 Β
523 2049 532 2075 Ι
556 2050 574 2076 Χ
603 2049 614 2076 Ι
641 2048 770 2084 aequalia
804 2053 873 2078 sunt

35 2096 98 2124 illis
112 2096 134 2122 N
151 2095 161 2122 l
177 2096 195 2122 Ζ
211 2096 220 2121 l
239 2102 245 2127 ;
259 2102 327 2122 nam
342 2095 519 2121 lcommune
529 2096 661 2120 centrum
668 2095 721 2121 est.
732 2093 874 2122 Diameter

38 2147 116 2174 ergo
132 2141 152 2167 Β
173 2140 203 2174 Χ,
218 2138 319 2166 circuli
335 2139 354 2166 F
368 2139 399 2173 T,
414 2137 539 2174 aequalis
559 2139 603 2165 est
625 2137 772 2166 diametro
791 2142 810 2164 Z
834 2139 872 2167 Ν.

924 1560 1014 1588 etiam
1027 1562 1051 1586 A
1068 1561 1085 1586 Β
1096 1559 1150 1587 erit
1163 1559 1288 1596 aequalis
1302 1559 1448 1587 diametro
1463 1560 1484 1587 Ν
1499 1561 1529 1595 Y,
1543 1561 1571 1587 et
1592 1561 1614 1587 R
1650 1562 1659 1587 Ι
1683 1559 1750 1587 dia-

925 1608 1018 1632 mcter
1032 1603 1156 1640 aequalis
1183 1603 1331 1631 diametro
1360 1605 1378 1630 B
1403 1605 1434 1637 Χ,
1458 1605 1486 1631 et
1511 1603 1657 1631 diameter
1683 1605 1703 1630 Z
1728 1605 1749 1631 N

925 1649 1049 1685 aequalis
1059 1649 1205 1677 diametro
1221 1649 1231 1674 Ι
1251 1648 1284 1683 Q,
1305 1650 1333 1675 et
1347 1647 1492 1676 diameter
1508 1649 1549 1676 FF
1574 1649 1595 1676 N
1625 1648 1751 1684 aequalis

925 1694 1071 1722 diametro
1087 1694 1107 1720 U
1120 1693 1141 1719 D
1158 1702 1164 1726 ;
1179 1695 1207 1720 et
1217 1692 1391 1720 diameterx
1409 1695 1429 1720 Λ
1449 1692 1574 1728 aequalis
1603 1693 1751 1721 diametro

926 1739 948 1766 U
964 1739 983 1766 C
994 1747 1000 1772 ;
1013 1738 1143 1773 denique
1155 1737 1279 1772 singulae
1289 1736 1414 1772 singulis
1431 1739 1501 1764 sunt
1514 1738 1647 1773 aequales
1659 1747 1665 1771 ;
1679 1745 1751 1765 nam

926 1791 994 1819 quae
1013 1782 1110 1810 eidem
1128 1784 1197 1810 sunt
1209 1781 1395 1817 aaqualiailla
1404 1781 1480 1809 inter
1488 1790 1519 1810 se
1534 1782 1752 1818 suntzequalia.

926 1828 958 1854 Et
974 1827 995 1859 Ο
1016 1827 1069 1855 HS
1085 1827 1105 1853 L
1120 1826 1170 1854 ΡΤ
1186 1826 1207 1854 0
1222 1826 1280 1853 KM
1309 1827 1330 1854 G
1359 1829 1429 1853 sunt
1448 1826 1588 1862 aequales,
1618 1826 1719 1855 circuli
1743 1836 1751 1862 ;

925 1879 997 1899 nam
1008 1871 1123 1906 ﬁgurae,
1138 1878 1268 1907 quarum
1283 1870 1420 1898 diametri
1435 1873 1504 1898 sunt
1518 1871 1662 1907 aequales,
1677 1871 1752 1907 ipsa)

925 1917 1000 1944 inter
1009 1924 1040 1943 se
1057 1918 1126 1943 sunt
1143 1914 1274 1951 aequales
1296 1924 1303 1949 ;
1319 1918 1348 1942 et
1362 1915 1444 1951 quod
1454 1923 1490 1942 ex
1505 1915 1578 1951 ipsis
1601 1914 1753 1944 diametris

925 1960 1114 1988 constituitur
1129 1959 1312 1994 triangulum
1324 1959 1440 1996 mquale
1455 1963 1508 1987 est.
1521 1960 1669 1988 Diameter
1681 1968 1752 1996 ergo

926 2008 949 2032 A
968 2006 999 2038 Β,
1017 2004 1119 2032 circuli
1135 2005 1156 2032 G
1167 2004 1333 2032 Hassumat
1343 2004 1488 2040 aequalem
1499 2004 1555 2032 sibi
1575 2004 1753 2033 diametrum

927 2052 950 2076 A
968 2050 986 2077 Χ
1004 2049 1104 2076 circuli
1123 2049 1144 2077 Ο
1155 2049 1200 2082 Κ;
1215 2049 1319 2084 etipsa
1335 2051 1470 2076 assumat
1481 2049 1663 2077 diametrum
1680 2049 1708 2076 Χ
1732 2049 1754 2075 Β

927 2094 1058 2122 circuliF
1070 2095 1100 2121 T.
1120 2094 1262 2129 Fiantque
1285 2093 1380 2130 latera.
1402 2097 1431 2121 et
1452 2093 1650 2122 constituatur
1665 2094 1754 2121 trian-

928 2139 1031 2174 gulum
1046 2141 1067 2165 A
1086 2141 1105 2167 C
1117 2140 1147 2166 Χ.
1160 2138 1308 2171 Quoniam
1316 2137 1407 2172 igitur
1414 2137 1548 2173 aequales
1560 2141 1629 2166 sunt
1641 2138 1754 2166 diame-

40 2187 181 2218 Quorum
192 2183 273 2211 enim
283 2183 417 2210 dimidiae
429 2185 527 2218 partes
543 2182 761 2218 suntmquales,
774 2186 802 2211 et
811 2185 874 2211 tota.
890 2196 912 2222 Ι)
928 2183 973 2218 tri,
981 2185 1012 2210 ut
1021 2183 1257 2210 demonstratum
1274 2185 1329 2217 est,
1343 2183 1516 2210 necessario
1525 2183 1706 2218 triangulum
1718 2191 1755 2212 ex

38 2229 111 2266 ipsa
121 2227 335 2264 suntaequalia.
350 2226 456 2254 Eodem
471 2226 560 2254 modo
572 2228 631 2254 utN
644 2235 674 2254 se
686 2227 776 2255 habet
788 2227 826 2255 ad
840 2228 872 2261 U,

40 2274 86 2302 ita
97 2273 188 2301 etiam
199 2272 240 2300 FF
253 2272 292 2300 ad
305 2273 340 2305 U;
352 2271 506 2308 utriusque
514 2271 594 2298 enim
610 2272 726 2299 termini
737 2274 873 2299 centrum

40 2321 89 2346 est
104 2319 138 2352 U,
153 2320 186 2345 ut
200 2319 221 2345 Ν
239 2326 245 2345 :
263 2319 397 2344 centrum
412 2318 456 2344 est
468 2316 664 2343 terminorum
681 2317 700 2343 U
727 2318 758 2344 Ι).
784 2316 874 2352 Atqui

39 2367 64 2390 Α
82 2363 105 2390 U
122 2363 142 2389 X
159 2362 181 2389 U
193 2364 261 2389 sunt
274 2360 402 2396 aequalia
413 2359 475 2387 istis
492 2361 513 2387 Ν
531 2361 551 2387 U
579 2360 601 2388 U
624 2361 674 2388 FF.
700 2361 774 2388 Nam
803 2368 873 2388 cen-

40 2411 123 2436 trum
144 2413 306 2434 commune
322 2407 365 2432 est
379 2406 411 2432 U.
431 2405 578 2432 Diameter
593 2412 664 2439 ergo
684 2406 708 2432 A
727 2406 748 2433 Χ
772 2405 874 2433 circuli

39 2453 62 2481 Ο
77 2453 99 2479 K
113 2450 242 2486 aequalis
258 2453 302 2478 est
314 2449 461 2477 diametro
476 2449 572 2486 ipsius
602 2450 642 2477 FF
672 2450 704 2476 N.
740 2450 873 2481 Quorum

38 2497 122 2525 enim
134 2494 262 2523 dimidia
279 2493 494 2530 suntmqualia,
503 2496 565 2521 tota
575 2493 642 2529 ipsa
653 2497 722 2522 sunt
734 2494 872 2530 aequalia,

38 2543 83 2569 Ex
93 2539 203 2568 eadem
215 2540 330 2567 ratione
348 2541 380 2566 ut
396 2546 428 2565 se
442 2537 534 2566 habet
549 2539 570 2565 Ν
591 2538 629 2565 ad
650 2540 685 2572 Α,
699 2539 740 2566 ita
751 2539 839 2566 etiam
854 2540 874 2566 E

39 2586 80 2615 ad
96 2588 139 2621 A;
153 2584 308 2620 utriusque
319 2584 397 2612 enim
410 2586 543 2611 centrum
554 2586 598 2610 est
612 2586 645 2611 A.
659 2584 722 2611 Non
732 2591 816 2612 secus
832 2587 873 2612 at-

39 2637 100 2667 que
109 2629 335 2658 terminorumB
351 2630 383 2663 A,
397 2630 530 2655 centrum
544 2630 588 2655 est
602 2628 760 2664 N.AtquiC
773 2630 795 2654 A
812 2630 872 2664 UA,

43 2675 175 2711 aequalia
187 2673 328 2701 suntistis
343 2674 363 2700 N
378 2675 398 2699 A
414 2673 436 2700 U
451 2675 488 2706 A;
499 2680 566 2700 nam
575 2674 706 2700 centrum
719 2681 873 2701 commune

46 2723 93 2748 est
104 2719 140 2746 Α.
160 2718 311 2746 Diameter
324 2724 394 2752 ergo
411 2717 431 2744 C
447 2718 478 2749 U,
495 2717 595 2744 circuli
607 2718 631 2745 Μ
647 2718 676 2752 C,
690 2718 815 2754 aequalis
831 2719 874 2745 est

6 2790 11 2805 lx
47 2765 145 2802 ipsius
171 2763 320 2791 diametro
334 2764 354 2789 Ε
368 2762 390 2789 Ν
406 2769 415 2794 ς
430 2768 559 2797 quorum
579 2761 659 2790 enim
672 2762 797 2790 dimidia
804 2765 874 2791 sunt

927 2227 972 2255 his
988 2227 1182 2255 constitutum
1201 2229 1245 2254 est
1257 2226 1463 2262 aequilaterum
1477 2227 1754 2263 etaequiangulum.

929 2271 1069 2299 Diametri
1086 2279 1156 2306 ergo
1172 2279 1208 2299 ex
1218 2273 1319 2298 centro
1338 2279 1373 2299 ex
1400 2271 1500 2299 medio
1514 2271 1611 2300 ductas
1623 2271 1756 2308 aequales

927 2316 1112 2344 constituunt
1126 2316 1249 2351 ﬁguras,
1268 2316 1518 2352 quandoquidem
1537 2317 1635 2345 omnis
1654 2317 1757 2345 circuli

927 2361 1069 2389 diameter
1079 2365 1123 2388 est
1137 2360 1629 2398 aequalis;idcircoquilibetipsius
1642 2369 1712 2397 pars
1727 2362 1756 2389 in

927 2409 1062 2433 centrum
1078 2413 1259 2433 concurrens
1271 2405 1395 2441 reliquis
1408 2405 1545 2441 partibus
1557 2409 1601 2434 est
1619 2406 1754 2442 aequalis,

928 2453 960 2478 ut
976 2458 1068 2485 supra
1079 2449 1319 2478 demonstratum
1333 2453 1389 2478 est.
1406 2452 1440 2478 At
1471 2450 1529 2478 hoc
1555 2451 1588 2478 in
1607 2450 1756 2485 triangula

927 2495 1028 2522 locum
1044 2502 1105 2522 non
1115 2494 1208 2522 habet
1225 2502 1232 2527 ;
1247 2502 1319 2522 nam
1330 2494 1424 2530 ipsius
1434 2494 1527 2522 latera
1543 2502 1605 2522 non
1624 2494 1758 2522 efﬁciunt

927 2538 1083 2573 circulum,
1109 2541 1161 2567 aut
1186 2538 1370 2573 triangulum
1394 2539 1510 2575 aequale
1532 2539 1682 2574 triangulo
1705 2541 1758 2567 aut

928 2583 1037 2611 circulo
1053 2584 1104 2620 qui
1131 2591 1167 2610 ex
1193 2583 1286 2619 ipsius
1315 2583 1461 2611 diametro
1488 2582 1652 2618 conﬁcitur,
1684 2591 1757 2611 nam

927 2627 1073 2655 diameter
1092 2626 1194 2655 circuli
1205 2630 1233 2654 et
1244 2627 1330 2655 tertia
1342 2635 1413 2663 pars
1441 2627 1652 2655 circumductae
1672 2626 1757 2655 linem

927 2680 1021 2708 quam
1041 2673 1065 2700 si
1078 2672 1145 2709 quis
1156 2674 1290 2700 assumat
1301 2674 1330 2699 et
1342 2671 1494 2707 adhibeat,
1508 2672 1758 2701 utsecetcircum-

928 2717 1082 2745 ferentiam
1095 2716 1206 2751 circuli,
1220 2720 1277 2744 tres
1294 2716 1425 2752 aequales
1432 2716 1681 2745 diametrolineas
1697 2717 1759 2749 etii.

930 2762 997 2798 ciet;
1013 2770 1105 2798 quam
1121 2762 1244 2798 quidem
1256 2761 1351 2789 lineas
1360 2761 1384 2789 si
1394 2760 1463 2798 quis
1477 2764 1510 2790 ut
1535 2762 1630 2791 latera
1652 2766 1758 2799 ponat,
