1967 3080
0 109 52 140 385

445 110 623 140 THEODORI
640 109 666 140 Ιῐ
683 107 751 141 ΙΠΡ.
772 107 817 140 DE
837 107 1066 141 COMMUNIONE
1086 111 1274 141 THEODORI.

1642 109 1712 141 1388

0 174 69 204 ἴσαις
113 173 206 211 ταύτῃ
235 176 322 201 ΔΒΓ
345 173 484 211 ἀπαρτίζει
510 176 539 201 τὸ
568 176 693 212 τρίγωνον
716 177 816 209 ΑΒΓ,
845 173 868 200 Α
899 173 1026 209 λαϐοῦσα,
1055 174 1082 207 ἐξ
1107 174 1222 212 ἀνάγκης
1251 173 1287 210 τῷ
1315 171 1346 201 οὗ
1366 173 1479 212 Ϊπλιυρὰ,
1509 174 1566 201 ἴσον
1591 173 1698 204 ἐποίησε

0 217 152 254 ἁναγκαίως
169 218 186 247 ἡ
210 221 259 244 τοῦ
279 221 329 245 ΑΒ
346 221 365 245 Γ
381 221 400 244 Α
419 222 438 245 Β
461 217 602 257 διάμετρος
629 220 733 246 τιθεῖσα
755 221 817 256 μεί-

0 264 60 293 ζονα
97 262 203 288 κύκλον
241 264 385 292 συνέστησε
407 268 460 294 τοῖς
482 268 528 290 τοῦ
552 267 680 301 τριγώνου
706 265 817 290 καθέτου

0 309 40 333 καὶ
71 305 233 344 διαμέτρου
267 309 510 345 συσταθησομένοις
545 308 648 339 κύκλοις
679 311 816 336 τόνΜφο

0 350 49 378 imi
85 349 116 378 δὲ
134 353 150 381 ἠ
170 354 192 378 Γ
209 355 235 379 Η
249 353 357 384 κάθετος
382 353 429 379 οὐκ
458 355 502 382 in
529 357 560 389 τῇ
576 356 596 380 Α
612 357 630 380 Β
642 353 741 391 πλευρᾷ
759 353 818 380 κατ’

0 396 113 430 ῑλαττον,
143 397 208 423 ἔστι
253 395 282 424 δὴ
313 399 358 424 καὶ
385 398 450 427 αὕτη
480 395 616 436 διάμετρος
639 402 685 425 τοῦ
703 402 725 426 Π
741 402 758 425 Σ
774 399 818 425 κύ-

0 441 69 476 κλου,
88 440 251 478 ἀναγκαίως
275 441 333 468 ἔστι
356 445 401 469 καὶ
425 443 541 474 anno;
571 443 601 469 οὗ
637 443 702 472 urire
727 441 818 480 διάμι·

0 495 56 523 τρος
85 489 107 512 Π
124 490 154 519 Σ,
183 486 248 512 κατ’
275 486 380 513 ὒαττον
408 488 498 518 ἄνισος
523 492 557 523 τῷ
582 491 640 515 ΜΦ
669 488 765 524 κύκλῳ,
787 487 818 514 οὗ

0 529 141 569 διάμετρος
174 532 192 561 ἠ
223 534 286 564 ΑΒ,
324 534 369 558 καὶ
405 534 434 558 τὸ
465 534 622 570 ᾶραΓΜΘ
645 535 766 570 τρίγωνον
803 532 817 559 ὃ

0 577 12 605 ἡ
29 579 48 602 Α
66 579 88 614 Γ
96 575 223 606 κάθετος
261 579 306 602 καὶ
346 574 496 614 διάμετρος,
526 582 572 603 τοῦ
588 581 607 604 Δ
625 581 642 605 Β
658 581 677 604 Γ
689 581 816 614 τριγώνου

0 622 107 647 καὶτοῦ
137 624 161 647 Π
177 624 196 647 Σ
214 620 324 656 κύκλου,
353 621 450 658 πλευρὰ
475 625 612 659 γςναμένη,
647 625 816 657 συνέστησεν,

0 667 89 693 οἰνισόν
111 665 194 704 ἐστι,
213 666 274 693 κατ’
297 666 400 693 ἔλαττον
427 665 457 694 δὶ
484 672 530 694 του
546 671 565 694 Δ
583 671 601 694 Β
620 671 638 695 Γ
664 672 790 705 τριγώνου
808 679 815 686 ·

1 712 26 737 αἱ
53 712 104 748 γὰρ
131 710 253 748 πλευραὶ
276 710 458 738 ὑποτείνουσαι
487 711 609 745 ἀλλήλας,
634 713 739 748 μῖὶζονς
759 713 818 741 ἑαν-

0 756 40 784 τὰς
56 758 103 785 τῆς
130 752 284 791 διαμέτρου
308 758 354 782 καὶ
380 757 491 783 καθέτου
517 761 624 783 ποιοῦσι
652 757 740 792 πάλιν,
762 757 817 789 ἐπεὶ

0 800 15 828 ἡ
31 802 106 826 Βτοῦ
136 803 161 827 Α
184 802 205 826 Γ
234 803 363 837 τριγώνου
388 802 435 828 οὐκ
463 803 509 830 iam
535 806 566 837 τῇ
597 802 691 828 ἑαυτοῦ
719 802 818 840 πλευρᾴ

2 846 17 869 Β
33 846 51 869 I‘
79 845 154 871 ἔστιν
207 845 274 870 ὅπου
304 844 334 871 ἂν
357 847 470 882 πιράσῃ,
501 846 524 872 εἰ
546 848 611 882 μήτι
632 848 700 874 κατὰ
728 849 756 874 τὸ
770 851 789 874 Γ
803 848 817 875 ὅ

4 887 57 914 ἐστι
93 890 178 925 πέρας
221 893 270 920 τῆς
302 893 320 915 Β
339 893 358 916 Γ
389 891 511 927 πλευρᾶς,
541 894 584 917 καὶ
610 895 746 927 γενήσεται
771 895 816 919 καὶ

4 932 66 962 αὕτη
91 933 209 971 πλευρὰ,
242 935 256 960 ὃ
286 944 313 960 τι
343 937 388 961 καὶ
413 939 458 961 τοὺ
487 939 535 966 τῆς
557 934 699 974 διαμέτρου
711 936 813 974 ἀποστῇ

6 976 139 1013 ὀνόματος,
156 979 266 1011 ἄνισος,
290 979 346 1004 κατ’
366 979 469 1006 ἔλαττον
498 979 553 1006 ἐστι
566 985 613 1012 τῆς
627 984 645 1006 Β
665 985 681 1008 Σ
694 981 815 1018 πλευρᾶς,

7 1022 120 1059 ὑπάρχῃ
136 1021 168 1049 δὲ
184 1024 201 1052 ἠ
228 1023 293 1052 αύτή
314 1027 359 1050 καὶ
385 1028 431 1051 τοῦ
450 1028 472 1052 Χ
491 1028 513 1052 Λ
539 1025 634 1052 κύκλου
665 1024 816 1063 διάμετρος,

11 1066 158 1102 ἀναγκαίως
185 1070 238 1094 καὶ
261 1069 274 1094 ὁ
306 1072 329 1096 Χ
346 1071 368 1096 Λ
396 1069 489 1100 κύκλος
517 1071 606 1101 ἄνισος
629 1071 687 1097 κατ’
713 1071 816 1098 ἵλαττον

13 1110 63 1138 im
90 1117 126 1148 τῷ
141 1116 169 1139 Μ
186 1116 208 1140 Φ
220 1112 308 1149 κύκλῳ
336 1114 367 1140 οὗ
391 1112 532 1152 διάμετρος
545 1116 559 1144 ἠ
576 1119 595 1142 Δ
612 1119 631 1142 Β
643 1126 648 1132 ·
663 1117 678 1146 ἡ
704 1118 754 1153 γὰρ
770 1119 787 1142 Β
800 1118 818 1142 Γ

14 1158 54 1186 ἴση
90 1159 173 1195 ταύτῃ
209 1157 279 1194 ἐστὶ,
317 1161 362 1185 καὶ
404 1161 433 1185 τὸ
464 1161 611 1196 οἶραΕΒΖ
633 1163 756 1198 τρίγωνον
772 1161 785 1187 ὁ
801 1161 816 1190 ἠ

14 1205 81 1231 κοινή
109 1201 269 1240 διάμετρος,
293 1207 339 1229 τοῦ
359 1206 380 1230 Δ
396 1203 418 1230 Β
433 1207 452 1230 Γ
465 1207 592 1242 τριγώνου
620 1208 665 1232 καὶ
690 1209 736 1232 τοῦ
757 1209 780 1233 Χ
796 1208 819 1232 Λ

16 1247 105 1273 κύκλου
141 1248 247 1285 πλευρὰ
273 1250 409 1284 γειναμένη,
450 1251 607 1279 συνέστησεν
636 1251 725 1277 ἄνισον
752 1250 819 1285 ἔστι,

17 1291 68 1317 κατ’
89 1291 197 1318 ἔλαττον
213 1290 256 1327 δὲ,
272 1296 308 1328 τῷ
323 1295 346 1327 Α
362 1296 380 1318 Β
393 1296 412 1319 Γ
426 1297 543 1331 τριγώνῳ
572 1294 658 1321 ’πάλιν
681 1293 710 1321 δί
725 1296 739 1325 ἡ
761 1293 820 1322 διά-

19 1346 102 1373 μετρος
126 1341 174 1364 τοῦ
194 1341 224 1364 Μ
240 1337 347 1372 κύκλου,
376 1336 466 1368 ἐπειδὴ
494 1341 537 1365 καὶ
564 1339 661 1375 πλιυρά
689 1339 746 1366 ἐστι
775 1344 820 1367 τοῦ

20 1384 62 1408 AB
77 1384 95 1408 Γ
121 1385 267 1420 τριγώνου,
294 1378 340 1414 τὰς
370 1386 388 1410 Β
403 1387 456 1410 ΩΔ
471 1387 495 1410 Ω
515 1383 627 1422 πλευρὰς
648 1386 715 1419 ἴσας,
736 1386 819 1422 ταύτῃ

897 221 1020 255 τρίγωνον
1042 222 1078 255 τῷ
1112 222 1206 248 ΑΒΩ..
1222 221 1272 246 Καὶ
1294 218 1348 245 ἐπεὶ
1374 221 1459 245 τοίνυν
1486 220 1501 249 ἡ
1523 222 1574 246 ΔΒ
1600 218 1699 256 πλευρὰ

897 264 993 299 μείζων
1007 263 1065 290 ἐστὶ
1086 267 1134 295 τῆς
1149 267 1199 290 ΒΓ
1224 263 1291 299 (sic)
1319 261 1461 301 διαμὸτρου
1490 265 1535 289 καὶ
1561 263 1627 292 αὕτη
1652 267 1699 294 τῆς

899 311 920 334 Η
937 311 955 334 Γ
982 309 1101 342 καθέτου,
1135 307 1260 338 ὶπίστησι
1297 306 1337 342 δὲ,
1380 308 1395 338 ἦ
1421 309 1467 344 μὶν
1489 310 1510 335 Α
1526 310 1545 334 Γ
1570 309 1697 342 τὸνΜΦ,

899 353 913 381 ἡ
929 350 960 379 δὲ
974 356 993 379 Β
1007 353 1084 379 Ετὸν
1098 355 1169 387 ΧΑ,
1184 353 1199 382 ἠ
1221 351 1251 380 δὴ
1265 355 1286 379 Η
1303 354 1377 379 Γτὸν
1392 355 1414 379 ll
1428 356 1457 387 Σ,
1474 351 1659 388 ἀναγκαίωςΜ
1678 354 1698 379 Φ

898 398 994 434 μείζων
1006 397 1062 425 ἐστὶ
1081 402 1127 425 τοῦ
1144 402 1168 426 Χ
1184 401 1219 433 Λ,
1234 401 1278 425 καὶ
1291 398 1305 424 ὁ
1321 401 1343 424 Κ
1361 400 1379 424 Δ
1389 401 1436 423 τοῦ
1452 401 1473 424 Π
1489 401 1515 430 Σ,
1545 397 1629 428 καθὼς
1653 399 1700 424 καὶ

898 442 930 474 ἂς
956 443 1146 481 προσελάϐοντο
1178 444 1274 479 ἔχουσι
1294 441 1458 479 διαμέτρους,
1478 444 1523 468 καὶ.
1550 442 1584 468 τὰ
1611 441 1698 479 ᾶροιΑ

898 491 918 515 Β
936 490 955 514 Γ
969 491 988 515 Ε
1003 491 1022 514 Β
1033 491 1053 514 Ζ
1068 491 1086 515 Γ
1100 491 1120 515 ll
1137 492 1159 515 8
1172 490 1283 524 τρίγωνα
1307 488 1388 518 οὕτως
1411 488 1520 523 ἔχουσιν
1534 496 1541 504 ·
1555 487 1591 518 ὡς
1613 488 1665 524 γὰρ
1685 487 1699 513 ὁ

898 535 1214 571 ΜΦπρόςτόνΧΛκαὶ
1228 534 1353 560 τὰΑΒΓ
1380 534 1444 569 πρὸς
1460 534 1489 559 τὸ
1508 536 1604 567 ΒΕΖ,
1621 533 1654 564 ὡς
1669 531 1700 560 δὲ

898 579 983 605 όΧΛ
1005 580 1070 616 πρὸς
1098 580 1141 604 τόν
1158 582 1219 611 ΠΣ,
1235 579 1263 604 τὸ
1280 580 1363 604 ΒΕΖ
1385 579 1450 615 πρὸς
1473 579 1502 604 τὸ
1530 580 1584 604 ΓΗ
1605 579 1698 609 Θ·ὡς

897 623 950 659 ἄρα
961 623 1057 659 μείζων
1071 623 1083 649 ὁ
1098 625 1124 650 Μ
1140 625 1160 650 Φ
1174 626 1223 649 τῶν
1236 626 1260 650 Χ
1275 626 1297 650 Λ
1310 626 1331 649 Π
1351 625 1378 654 Σ,
1395 623 1462 648 οὕτω
1490 624 1536 648 καὶ
1561 625 1591 648 τὸ
1607 626 1627 649 Α
1647 626 1665 649 Β
1680 625 1700 649 Γ

898 665 1303 704 τῶνΒΕΖΓιίΘ,μόνονδί
1328 666 1384 693 ἴσον
1405 669 1696 702 τῷΑΒΓτὸΑΒΩ..

897 712 931 740 Αἱ
972 716 1018 739 τοῦ
1057 716 1182 750 τριγώνου
1218 713 1270 749 ἄρα
1295 712 1404 750 πλευραὶ
1425 714 1470 738 καὶ
1497 710 1636 750 διάμετρος
1653 714 1698 738 καὶ

898 757 1014 791 κάθετος,
1051 757 1099 784 οὐκ
1139 758 1210 788 ἱσους
1233 757 1340 787 κύκλους
1371 757 1386 787 ἣ
1416 758 1449 783 τὰ
1476 758 1590 794 τρίγωνα
1614 758 1699 784 πάντα

897 805 1014 833 ποιοῦσι,
1043 803 1110 828 κατὰ
1139 802 1168 828 τό
1198 805 1301 840 κέντρον
1324 804 1369 828 καὶ
1398 804 1477 838 μέσον
1499 803 1698 839 πιρατούριεναι,

897 847 957 884 άπερ
970 845 1023 873 ἔδει
1039 845 1133 878 δεῖξαι.

934 891 967 925 ς’.
994 893 1059 930 Πρὸς
1095 893 1196 922 τούτοις
1218 890 1248 918 δι
1279 892 1397 928 συγγενὴς
1423 895 1471 918 τῶν
1501 890 1643 928 λεγομενων
1665 893 1700 924 ὡς

898 937 1038 973 ἀναγκαῖον
1059 939 1176 973 κρίνομεν
1197 935 1282 968 διῖξαι
1303 937 1389 973 ὅτιπερ
1404 939 1455 963 πᾶν
1480 939 1605 973 τρίγωνον
1624 939 1652 964 τὸ
1671 935 1699 963 ἑκ

899 986 947 1013 τῆς
977 985 1023 1007 τοῦ
1063 981 1158 1007 κύκλου
1193 979 1335 1019 διαμέτρου
1363 983 1539 1018 καταγραφὴ,
1565 983 1595 1008 τὸ
1615 982 1699 1018 ἣμισυ

897 1025 1012 1063 ἐμϐαδὸν
1026 1026 1138 1063 περιέξει
1153 1026 1232 1063 οὗπερ
1255 1026 1312 1062 ἔχει
1339 1024 1480 1063 διάμετρον
1507 1026 1602 1059 κύκλου
1624 1026 1700 1053 πλιν-

897 1071 980 1109 ρὰν,ὁ
995 1069 1029 1100 δὴ
1047 1071 1142 1107 εὐγενὲς
1158 1071 1275 1107 ὑπάρχει
1303 1071 1426 1108 Θιὼρημα
1454 1072 1520 1108 πρὸς
1551 1072 1580 1097 τό
1614 1066 1700 1102 δεῖξαι

899 1117 938 1142 ὅτι
967 1116 980 1142 ὁ
1006 1115 1098 1146 κύκλος
1127 1113 1275 1142 διπλασίων
1311 1116 1367 1142 ἐστὶ
1391 1119 1436 1142 τοῦ
1466 1114 1517 1141 ἀπὸ
1545 1119 1593 1146 τῆς
1619 1115 1699 1142 αὑτοῦ

900 1160 1042 1198 διαμέτρου
1067 1162 1273 1198 καταγραφέντος
1298 1163 1423 1199 τριγώνου
1464 1155 1642 1197 ἰσοπλιῆῦρου·Δ
1659 1164 1701 1191 Δεῖ

901 1205 931 1233 δὲ
958 1205 1051 1232 κύκλον
1071 1205 1184 1243 γράψαι,
1211 1208 1257 1231 καὶ
1282 1204 1368 1231 λαϐεῖν
1387 1207 1435 1235 τὴν
1456 1205 1537 1232 αὐτοῦ
1561 1203 1701 1242 διάμετρον

900 1253 945 1277 καὶ
960 1253 1087 1288 τριγώνου
1100 1251 1180 1276 θίίναι
1199 1249 1320 1287 πλευρὰν,
1341 1252 1386 1276 καὶ
1414 1253 1549 1279 συστῆσαι
1570 1250 1642 1281 αὐτὸ,
1657 1252 1702 1276 καὶ

902 1293 987 1327 δεῖξαι
1000 1295 1040 1322 ὅτι
1051 1293 1191 1325 διπλάσιὸς
1217 1294 1288 1321 ἔστιν
1315 1294 1396 1321 αὐτοῦ
1420 1295 1433 1321 ὁ
1456 1294 1559 1328 κύκλος,
1587 1294 1618 1320 οὗ
1646 1295 1703 1330 ἔχάι

903 1339 1042 1378 διάμετρον
1066 1339 1177 1377 πλευρὰν
1205 1344 1225 1375 ῷ
1255 1342 1265 1366 Ι
1291 1341 1387 1377 κέντρῳ
1415 1349 1421 1356 ’
1444 1339 1538 1370 κύκλος
1563 1336 1703 1377 γιγράφθω

903 1385 916 1411 ὀ
932 1388 954 1411 Π
967 1388 990 1412 Θ
1007 1383 1174 1421 διαστήμασι
1197 1393 1252 1415 τοις
1276 1387 1296 1411 Α
1307 1387 1325 1410 Β
1340 1387 1394 1410 ΤΩ
1405 1386 1426 1410 Η
1442 1387 1466 1412 Χ
1478 1394 1484 1401 ·
1502 1378 1703 1420 ἕπιζεὺχθωσαν

10 1468 180 1501 diametrum
190 1473 370 1502 ductalinea
385 1473 721 1508 eﬂlciuutur.0uoniam
733 1477 833 1503 autem
852 1473 872 1502 (ἒ
888 1477 911 1503 Α
923 1475 943 1503 Β
958 1473 1102 1502 circulum
1122 1473 1148 1501 Μ
1175 1473 1208 1506 U,
1229 1472 1375 1501 diameter
1395 1479 1467 1501 vero
1489 1473 1510 1501 Β
1524 1473 1545 1501 Ε
1571 1472 1717 1502 circulum

11 1514 80 1544 linea
91 1516 353 1554 perpendicularis
365 1520 386 1547 (ὲ
400 1520 420 1547 C
431 1527 492 1547 non
503 1522 547 1548 est
561 1519 685 1556 aequalis
705 1519 762 1556 ipsi
776 1521 833 1555 AB,

12 1561 50 1588 est
62 1564 159 1590 autem
174 1562 326 1591 diameter
336 1563 470 1597 circuliQ
490 1565 518 1599 S,
543 1565 714 1593 necessario
743 1565 835 1593 circu-

12 1604 118 1642 lusQS,
153 1608 246 1643 cujus
271 1610 315 1636 est
351 1609 416 1645 ipsa
445 1608 601 1642 diameter,
617 1609 670 1637 erit
690 1609 788 1638 minor
807 1613 836 1638 et

13 1648 157 1687 inmqualis
171 1652 287 1680 circulo
297 1654 321 1680 M
332 1653 365 1686 U,
379 1653 466 1689 cujus
486 1653 630 1682 diameter
643 1656 687 1683 est
700 1655 757 1682 AB.
774 1654 834 1683 Tri-

14 1696 146 1730 angulum
159 1705 236 1732 ergo
251 1697 273 1724 G
290 1699 310 1725 Η
323 1697 354 1732 C,
379 1698 464 1734 cujus
481 1699 560 1727 linea
581 1699 835 1736 perpendicularis

15 1742 80 1769 estA
95 1742 122 1775 Ο,
132 1745 160 1770 et
174 1742 325 1771 diameter
334 1743 471 1778 trianguli
483 1746 505 1771 Α
522 1745 540 1772 Β
558 1745 577 1772 C
591 1747 618 1772 et
644 1744 745 1772 circuli
766 1746 788 1778 Ο
806 1745 834 1778 S,

15 1783 108 1814 effecta
118 1786 208 1821 latus,
219 1787 370 1816 constituit
379 1788 558 1823 triangulum
566 1789 724 1825 inaequale,
741 1792 768 1817 et
781 1790 835 1818 mi.

16 1836 66 1856 nus
78 1831 227 1867 triangula
237 1833 262 1860 A
278 1831 297 1859 Β
306 1833 335 1860 C.
343 1833 418 1860 Nam
431 1832 598 1869 quaalatera
607 1834 838 1862 substernunlur

18 1873 67 1901 sibi
79 1875 204 1904 invicem
219 1875 286 1913 ipsa,
300 1875 417 1912 majora
440 1885 472 1905 se
501 1877 633 1906 efﬁciunt
648 1878 795 1906 diametro
810 1882 838 1907 et

18 1916 86 1948 linea
95 1921 343 1958 perpendiculari.
358 1923 470 1950 Rursus
490 1922 634 1958 quoniam
660 1925 679 1950 Β
698 1923 838 1958 trianguli

21 1964 40 1989 Α
51 1965 68 1990 Β
81 1966 98 1993 C
109 1973 169 1994 non
183 1975 220 1994 eo
230 1974 326 2003 usque
336 1967 522 2003 protenditur
538 1970 569 1994 ut
580 1968 615 1995 sit
627 1968 742 2003 aequale
755 1968 838 1996 lateri

21 2006 74 2044 BC,
85 2012 136 2038 erit
147 2011 198 2039 ubi
222 2012 404 2047 terminetur,
429 2012 453 2040 si
482 2012 585 2040 nonin
605 2013 624 2040 C
653 2012 836 2047 terminatur,

22 2052 65 2086 qui
78 2056 120 2082 est
134 2056 281 2083 terminus
300 2055 399 2083 lateris
415 2056 435 2082 Β
461 2057 491 2084 C.
518 2056 738 2084 Terminabitur
767 2064 838 2093 ergo

22 2095 45 2123 in
64 2098 92 2131 Ε,
107 2101 135 2127 et
152 2100 203 2128 ﬁet
217 2100 307 2134 Latus,
328 2100 478 2136 siquidem
499 2109 612 2129 nomen
630 2101 766 2129 diametri
778 2109 837 2130 non

890 1520 951 1553 XL,
978 1518 1284 1547 rursusldiatneterG
1299 1519 1319 1546 C
1336 1517 1484 1546 circulum
1507 1519 1530 1551 ρ
1558 1518 1577 1546 S
1605 1525 1613 1546 :
1638 1520 1717 1547 certe

888 1573 943 1601 pro
951 1564 1066 1592 ratione
1072 1563 1288 1591 diametrorum
1295 1562 1443 1597 triangula
1449 1565 1472 1591 Α
1479 1564 1498 1590 Β
1505 1563 1525 1590 C
1531 1563 1551 1590 E
1566 1563 1586 1590 Β
1595 1564 1615 1591 F
1626 1563 1646 1591 C
1656 1564 1678 1591 G
1694 1563 1717 1590 Η

890 1617 921 1637 se
933 1608 1102 1637 habebunt.
1125 1608 1251 1636 Utenim
1265 1615 1298 1636 se
1323 1607 1415 1636 habet
1443 1608 1468 1636 Μ
1492 1607 1563 1636 Uad
1587 1608 1653 1641 XL,
1676 1607 1719 1636 ita.

889 1654 977 1683 etiam
990 1653 1171 1689 triangulum
1188 1655 1208 1680 Α
1222 1654 1241 1680 Β
1251 1654 1270 1681 C
1281 1651 1320 1680 ad
1334 1652 1515 1687 triangulum
1528 1654 1546 1680 Β
1559 1653 1580 1680 Ε
1591 1653 1630 1680 F:
1647 1654 1676 1681 et
1685 1654 1720 1681 ut

890 1707 921 1727 se
930 1697 1157 1726 habetcirculus
1172 1697 1192 1725 Χ
1207 1698 1226 1725 L
1240 1697 1280 1725 ad
1295 1697 1439 1725 circulum
1461 1697 1483 1730 Q
1507 1698 1535 1731 S,
1563 1697 1604 1726 ita.
1627 1697 1718 1726 etiam

890 1743 1072 1780 triangulum
1088 1744 1108 1770 Β
1123 1744 1143 1770 Ε
1158 1744 1177 1771 F
1195 1742 1236 1771 ad
1246 1742 1427 1778 triangulum
1450 1743 1470 1771 C
1485 1743 1506 1771 G
1532 1744 1564 1771 ll.
1587 1743 1622 1770 Ut
1648 1750 1718 1778 ergo

891 1789 988 1825 major
999 1790 1044 1816 est
1069 1787 1198 1816 circulus
1214 1788 1239 1815 Μ
1256 1787 1277 1815 U
1290 1787 1407 1816 circulis
1419 1789 1440 1816 Χ
1451 1789 1470 1816 L
1481 1788 1504 1820 Ο
1515 1788 1543 1821 8,
1558 1787 1600 1816 ita.
1627 1787 1719 1816 etiam

892 1833 1074 1868 triangulum
1086 1835 1109 1861 Α
1123 1834 1141 1860 Β
1155 1833 1175 1861 C
1189 1833 1288 1868 majus
1300 1832 1508 1867 csttriangulis
1522 1834 1540 1860 B
1549 1834 1570 1860 Ε
1582 1834 1611 1868 F,
1620 1834 1640 1861 C
1651 1833 1673 1860 G
1682 1832 1717 1860 Η.

891 1878 994 1906 Solum
1009 1885 1080 1906 vero
1096 1877 1276 1912 triangulum
1292 1880 1315 1904 Α
1326 1878 1346 1904 Β
1356 1877 1376 1904 C
1389 1879 1434 1905 est
1447 1876 1563 1913 mquale
1570 1877 1719 1912 triangula

891 1923 988 1951 ARO.
1012 1921 1161 1957 Trianguli
1174 1929 1246 1957 ergo
1258 1921 1351 1949 latera
1366 1924 1395 1950 et
1417 1921 1564 1950 diameter
1590 1924 1619 1950 et
1639 1922 1720 1950 linea.

892 1966 1147 2004 perpendicularis
1156 1974 1216 1994 non
1225 1973 1331 1994 omnes
1338 1966 1466 1994 circulos
1478 1966 1610 2003 aequales
1620 1974 1720 2003 neque

892 2012 996 2039 omnia
1011 2010 1159 2046 triangula
1172 2012 1192 2038 E
1208 2010 1336 2047 aequalia
1347 2010 1488 2042 efﬁciunt,
1498 2019 1567 2039 cum
1586 2019 1639 2047 per
1654 2019 1721 2040 cen-

892 2059 972 2084 trum
986 2058 1014 2084 et
1024 2055 1157 2084 medium
1167 2055 1318 2083 ducuntur
1346 2062 1382 2084 ac
1404 2056 1612 2091 terminantur,
1637 2055 1721 2092 quod

893 2101 1024 2137 oportuit
1035 2099 1202 2128 ostendere.

22 2141 143 2177 retineat,
164 2143 283 2181 eritque
298 2144 454 2180 inaequalis
478 2147 506 2172 et
530 2145 628 2173 minor
646 2145 737 2173 latere
764 2147 784 2174 Β
808 2146 837 2174 C.
855 2157 876 2183 ι)
929 2147 954 2173 6.
969 2147 1112 2173 Praeterea
1125 2145 1164 2179 (ί)
1178 2151 1275 2180 operae
1294 2145 1423 2180 pretium
1442 2145 1649 2174 existimamus
1674 2153 1722 2174 os-

24 2183 171 2216 Estautem
188 2189 208 2216 Β
227 2189 247 2216 Ε
262 2189 407 2217 diamcter
421 2189 522 2217 circuli
553 2190 573 2217 X
598 2191 616 2218 L
636 2197 643 2223 ;
668 2190 837 2218 necessario

23 2227 101 2262 itlilur
115 2232 242 2262 circulus
257 2235 277 2262 Χ
295 2234 380 2262 Lerit
397 2234 555 2270 inaequalis
571 2237 599 2262 et
614 2235 711 2263 minor
727 2235 838 2263 circulo

24 2273 44 2301 Μ
58 2275 76 2302 U
91 2277 174 2312 cujus
189 2279 385 2307 diameterest
399 2280 422 2306 Α
450 2280 469 2306 Β
483 2287 490 2312 ;
511 2287 582 2307 nam
597 2279 676 2307 linea
696 2280 715 2307 Β
735 2281 755 2309 C
769 2280 838 2308 huic

26 2321 137 2355 aqualis
148 2325 201 2358 est,
215 2326 243 2352 et
255 2323 438 2359 triangulum
452 2324 542 2360 igitur
557 2326 576 2352 E
590 2326 609 2352 Β
629 2325 648 2352 F
667 2325 750 2360 quod
775 2325 838 2353 dia-

26 2367 107 2394 meter
119 2367 248 2397 circuliX
262 2369 281 2396 L
295 2368 374 2397 latus
401 2368 509 2397 effecta
529 2369 681 2397 constituit
702 2372 748 2397 est
773 2369 840 2397 inae-

27 2409 106 2443 quate
115 2414 143 2440 et
156 2413 255 2442 minus
274 2412 420 2449 triaugulo
435 2416 459 2441 Α
471 2415 490 2442 Β
503 2415 534 2442 C.
561 2415 672 2442 Rursus
695 2414 840 2442 diameter

27 2452 152 2485 circuliM
181 2458 213 2493 U,
237 2458 383 2495 quoniam
408 2458 496 2487 etiam
524 2459 604 2486 latus
626 2461 672 2487 est
700 2458 840 2495 trianguli

30 2498 48 2524 Α
62 2499 113 2533 BC,
123 2504 284 2540 assumptis
295 2503 440 2532 lateribus
453 2505 471 2531 Β
483 2504 515 2538 O,
527 2505 549 2531 Α
559 2504 590 2537 O,
600 2503 840 2540 mqualibus,ne-

29 2545 144 2573 cessat-io
157 2547 307 2576 constituit
320 2548 504 2583 triangulum
533 2549 556 2575 A
572 2549 593 2576 Β
619 2549 652 2583 Ο,
682 2548 798 2586 aequale
813 2549 841 2577 ei

31 2585 106 2622 cujus
118 2592 160 2618 est
171 2591 248 2621 latus
259 2595 283 2621 Α
298 2594 327 2622 Β.
343 2594 376 2621 Et
399 2592 544 2629 quoniam
554 2591 631 2621 latus
653 2595 677 2620 A
702 2593 724 2620 Β
741 2594 841 2630 majus

31 2632 70 2658 est
78 2632 216 2666 diametro
227 2639 246 2666 Β
258 2639 289 2671 Ε,
305 2640 335 2666 et
349 2637 449 2674 ipsum
464 2640 509 2666 est
536 2645 659 2674 quoque
687 2638 787 2674 majus
809 2638 841 2666 li—

33 2679 83 2704 nea
90 2681 321 2716 perpendiculari
335 2683 356 2712 G
373 2684 402 2719 C,
417 2682 569 2712 constituit
583 2685 684 2712 autem
697 2683 843 2712 diameter

893 2189 1013 2218 tendere
1019 2189 1092 2217 illud
1103 2189 1185 2225 quod
1201 2191 1362 2223 cognatum
1370 2191 1414 2217 est
1425 2189 1460 2217 iis
1466 2198 1535 2226 qua:
1549 2193 1620 2218 sunt
1629 2190 1719 2227 dicta,

892 2241 1002 2270 nempe
1015 2241 1105 2261 omne
1121 2233 1302 2268 triangulum
1329 2241 1365 2261 ex
1391 2233 1537 2262 diametro
1557 2234 1659 2262 circuli
1672 2234 1723 2263 de-

893 2278 1037 2314 scriptum
1047 2277 1207 2305 dimidium
1226 2277 1357 2314 spatium
1376 2279 1628 2314 comprehendere
1656 2279 1722 2315 ejus

893 2322 1033 2358 trianguli
1048 2321 1131 2358 quod
1141 2322 1233 2350 habet
1241 2330 1296 2358 pro
1306 2322 1408 2358 latere,
1417 2323 1519 2351 circuli
1527 2323 1721 2359 diametrum,

893 2367 977 2405 quod
988 2373 1059 2395 sane
1074 2366 1228 2395 theorema
1241 2366 1340 2395 nobile
1351 2369 1405 2402 est,
1417 2370 1444 2396 et
1457 2368 1722 2396 accommodatum

894 2413 933 2442 ad
953 2411 1174 2440 Ostendendum
1194 2410 1339 2439 circulum
1357 2411 1469 2449 duplex
1497 2420 1562 2441 esse
1581 2413 1722 2448 trianguli

895 2456 1056 2494 mqualium
1083 2456 1211 2485 laterum
1239 2465 1257 2485 a
1282 2456 1426 2486 subiensa
1444 2457 1546 2485 circuli
1575 2457 1723 2485 diametro

895 2503 1044 2539 descripti.
1075 2502 1195 2539 Oportet
1216 2501 1306 2537 igitur
1328 2501 1472 2531 circulum
1503 2501 1671 2530 describere
1694 2504 1724 2530 et

895 2555 1049 2577 assumere
1061 2547 1156 2583 ipsius
1167 2546 1357 2580 diametrum,
1372 2554 1407 2575 ac
1415 2554 1526 2583 ponere
1533 2546 1631 2583 ipsam
1641 2548 1675 2575 ut
1685 2546 1724 2575 sit

895 2592 1036 2628 trianguli
1055 2593 1144 2626 latus,
1156 2594 1185 2620 et
1206 2591 1368 2620 constructi
1396 2591 1536 2627 trianguli
1564 2590 1723 2620 ostendere

896 2637 1041 2667 circulum
1052 2645 1118 2666 esse
1133 2635 1271 2673 duplum,
1283 2636 1370 2672 cujus
1400 2636 1583 2671 triangulum
1605 2643 1660 2672 pro
1675 2635 1723 2665 la.—

897 2685 957 2712 tere
971 2682 1063 2711 habet
1074 2682 1265 2711 diametrum.
1278 2681 1312 2709 In
1324 2682 1448 2710 centro!
1467 2679 1596 2710 circulus
1612 2680 1724 2712 scriba-

66 2763 101 2803 U)
119 2769 182 2800 Haec
194 2780 292 2811 usque
311 2773 350 2804 ad
365 2781 450 2803 num.
464 2773 481 2803 7
496 2781 557 2804 non
568 2775 642 2811 puto
656 2779 723 2804 esse
736 2771 833 2812 ipsius
848 2772 988 2806 auctoris.
1004 2771 1077 2803 Vide
1089 2769 1306 2804 Praefationem.

147 2833 266 2868 ΡΑτιοι..
285 2837 336 2868 Gn.
354 2837 429 2870 CXL.

1440 2834 1477 2865 ιι
