1967 3080
15 99 111 128 1393

496 98 675 129 THEODORI
694 101 717 129 Il
735 101 805 129 1MP.
825 100 871 129 DE
891 100 1120 131 COMMUNIONE
1139 102 1324 132 NATURALI.

1697 106 1766 134 1394

37 162 151 198 φύσις,
177 160 255 188 καὶὶν
279 161 360 199 ταύτῃ
386 164 417 199 τῇ
448 171 524 198 φύσει
549 163 594 189 καὶ
619 165 713 200 κρᾶσις
741 157 869 192 κατ-άλλη·
898 163 921 191 Α
949 172 992 199 τῃ,
1016 164 1058 189 ἵνα
1072 163 1100 194 ὃς
1123 163 1170 190 οὐκ
1190 165 1246 200 ἔχει
1269 164 1326 191 κατ’
1352 163 1451 192 εὗθεῖαν
1479 167 1525 195 τὴν
1553 166 1685 203 σύμπηξιν
1707 176 1751 194 και

34 205 95 237 λος
111 205 289 236 καταλλήλων
305 208 349 233 καὶ
371 207 400 232 τὸ
430 206 494 243 ὁμοῦ
522 208 644 243 φυσικὸν,
670 209 710 238 τίς
735 206 765 234 δε
791 208 869 238 κακὸς

35 255 131 287 κακῷ
144 255 273 284 κοινωνεῖ,
287 253 383 287 κρᾶσις
412 254 486 288 γοῦν,
504 250 557 277 ἀλλ’
575 251 605 278 οὐ
629 253 705 288 φύσις
729 251 809 287 εστὶν,
838 252 868 278 οὐ

34 294 122 332 λέγω
142 294 176 322 δε
191 296 232 322 ὅτι
243 295 297 322 ἐστὶ
311 298 356 322 καὶ
370 298 432 332 τιμή
463 299 511 328 τῆς
540 297 652 333 φύσεως,
680 295 744 323 ἀλλὰ
768 298 868 333 φύσεως

35 341 97 377 μὲν
116 342 170 367 καὶ
186 341 220 367 τὰ
233 341 357 376 κάκιστα,
374 340 575 377 πλημμελούσης
604 339 634 368 δὲ
651 351 682 377 γε
705 343 720 372 ἦ
755 341 868 379 ἀπορού-

39 394 115 417 σης,
130 386 199 412 ἔνθα
225 388 270 412 καὶ
295 386 325 412 τὸ
350 385 512 422 συμϐεϐηκὸς
539 389 684 424 προχωρεῖ·
713 387 791 423 φύσις
816 387 867 424 γὰρ

36 432 98 456 καὶ
132 429 278 467 φιλόσοφος
304 429 512 466 ἱπιτυγχάνουσι
536 435 586 457 τῶν
620 431 719 457 οἰκειων
766 432 868 458 σκοπῶν

37 478 105 501 τῶν
134 474 217 501 τελῶν
241 475 308 501 κατὰ
329 474 358 501 τό
385 474 490 511 μᾶλλον,
521 474 659 512 συμϐαίνει
697 473 728 502 δί
768 475 868 512 συμϐε-

40 518 158 548 ϐηκότι
184 521 214 546 τὸ
226 522 374 557 χρήσιμον,
390 519 419 546 οὐ
442 522 494 556 μὴν
521 518 555 550 δὴ
579 522 608 546 τὸ
639 520 790 556 ἀναγκαῖον,
815 518 868 548 οἶον

39 563 151 600 ὥσπερ
180 563 254 591 λίθου
282 565 420 601 τμηθέντος
449 567 494 591 καὶ
520 566 554 596 ὡς
601 566 680 601 ἔτυχε
718 567 867 602 φερομένου,

41 607 114 635 εἶτα
132 609 244 639 στάντος
265 608 292 641 ἐξ
314 608 461 646 ἀνωμαλίας
483 611 574 643 τόπου,
601 609 616 639 ἣ
644 610 685 636 ὅτι
712 613 760 640 τῆς
788 613 867 646 φορᾶς

42 654 205 684 πάθείσης
219 657 266 684 τῆς
283 654 409 685 κινούσης
434 652 523 686 αὐτὸν,
554 653 589 685 εὶς
619 651 749 690 καθέδραν
774 653 867 683 ἐπιτη-

43 696 134 724 διίου
158 707 186 725 τε
203 707 348 735 γεγονοτος,
368 698 415 724 οὐκ
434 698 486 735 ἄρα
504 699 605 735 φύσεως
637 702 715 725 τοῦτο
749 697 819 725 ἔστιν
849 699 865 728 ἢ

44 742 296 779 ἁναγκαῐον,άλλὰ
326 742 517 780 συμϐιϐηκότος
548 745 592 769 καὶ
618 745 766 780 χρήσιμον,
799 743 867 770 ὥστε

45 787 186 825 ὁρίζομεν
212 791 338 824 φυσικῶς,
366 788 399 813 τὰ
419 791 468 819 τῆς
487 788 589 824 φύσεως
617 790 752 821 ποιήματα
785 787 868 814 οἰκεῖα

46 834 101 858 καὶ
114 831 218 868 ἀγαθὰ,
231 833 263 858 τὰ
275 830 305 858 δι
328 832 447 869 κράσεως
472 840 500 859 τε
526 834 570 859 καὶ
598 831 801 868 συμϐιϐηκότος,
834 833 867 863 ὡς

48 877 104 913 μὶν
120 877 156 907 ὡς
171 874 250 910 δὀὔ,
273 876 395 912 τιθεμεθα
416 878 461 903 καὶ
483 878 581 906 ταύτην
611 874 690 908 δοξαν
718 877 758 903 ὅτι
781 877 868 903 πάντα

50 924 107 952 τῆς
124 921 230 957 φύσεως
247 919 295 947 κᾶν
308 923 417 957 κρείττω
429 920 476 947 κᾶν
491 923 585 959 χείρω.
604 921 714 958 Εῐρητοιι
725 919 755 947 δὶ
769 921 809 948 ὅτι
833 922 867 948 τὰ

51 967 105 1002 μὶν
121 965 237 999 ἄτακτα,
251 964 412 997 ἀσθενούσης
426 965 440 996 ἣ
461 965 676 1002 πλημμελούσης,
706 966 740 992 τὰ
769 963 786 992 δ
797 964 866 1002 ἀγα-

55 1011 94 1037 Θὰ
122 1011 295 1046 ὑγιαινούσης
313 1020 342 1038 τε
366 1013 411 1037 καὶ
436 1009 571 1041 ἁλήθενῆς·
596 1013 687 1038 τοῦτον
724 1013 787 1046 γοῦν
823 1011 866 1037 τὸν

53 1057 160 1092 τρόπον
176 1056 252 1091 φύσις
268 1053 365 1082 ἰδοῦσα
376 1057 419 1081 καὶ
431 1056 471 1082 ὃτι
486 1057 593 1093 τρεπτόν
622 1054 679 1082 ἔστι
707 1056 736 1082 τὸ
767 1055 866 1087 ταύτης

55 1099 112 1126 ἀπὸ
131 1103 200 1126 Θεοῦ
215 1098 414 1137 δημιούργημα,
430 1101 459 1126 τὸ
477 1101 554 1137 σοφὸν
580 1098 613 1130 δή
637 1099 704 1136 λέγω
732 1100 797 1131 ζῶον
822 1101 866 1126 τὸν

56 1145 209 1182 ἄνθρωπον,
237 1146 284 1170 καὶ
311 1145 350 1171 ὃτι
375 1147 420 1171 καὶ
456 1144 521 1174 αὖτή
563 1144 744 1181 ἀποτυγχάνει
778 1148 865 1178 τινῶν,

56 1189 208 1225 ἐπεμελήθη
228 1189 299 1216 τοῦτ’
323 1189 404 1220 αὐτῆς
431 1192 542 1227 καρποῦ,
569 1188 712 1218 καλλίστην
736 1191 780 1215 καὶ
808 1188 865 1225 ἀρί-

59 1243 130 1263 στην
150 1232 212 1260 ὁδὸν
241 1233 382 1271 ἐξευρούσα
400 1236 447 1264 τὴν
466 1236 624 1271 ἐπιστήμην·
645 1236 700 1260 ἐπεὶ
720 1231 750 1260 δε
780 1235 863 1271 ταύτῃ

57 1282 92 1315 τῇ
116 1279 193 1315 φύσει
212 1280 257 1305 καὶ
276 1281 379 1316 κρᾶσις,
410 1277 488 1306 διεῖλε
510 1279 608 1308 ταύτην
634 1278 667 1309 εἰς
690 1279 793 1314 τέχνας,
820 1287 866 1305 και

59 1324 164 1355 ταύτας
178 1323 292 1360 συνῆψεν
320 1323 385 1360 αὐτῇ
416 1325 502 1362 ὥσπερ
528 1333 573 1350 και
597 1324 643 1354 τὰς
671 1324 776 1361 κράσεις
803 1322 863 1350 ictu-

50 1412 230 1446 municatio,
247 1411 422 1449 temperatio
434 1413 488 1448 est,
505 1411 559 1440 sed
574 1419 610 1440 ex
620 1413 738 1441 natura.
763 1412 796 1440 tn
823 1410 881 1439 hac

50 1457 145 1493 igitur
157 1457 373 1494 temperatione
389 1459 433 1485 est
447 1456 589 1493 quaedam
600 1458 718 1491 natura,
732 1458 761 1484 et
770 1456 801 1484 in
823 1455 881 1484 hac

51 1504 165 1531 natura
178 1504 224 1531 est
240 1502 381 1539 quasdam
392 1502 578 1538 temperatio.
594 1501 796 1537 Ambmigitur
805 1500 882 1529 inter

52 1555 120 1575 sese
133 1547 345 1576 consociantur
359 1549 388 1575 et
403 1547 493 1575 simul
507 1546 622 1583 aliquid
638 1546 774 1575 naturale
791 1545 883 1574 conﬂ-

52 1592 140 1620 citur.
159 1593 271 1620 Rursus
296 1591 395 1620 malus
417 1600 487 1620 cum
513 1591 594 1620 malo
609 1591 808 1619 consociatur.
833 1592 883 1619 Est

52 1637 144 1672 igitur
155 1636 342 1672 temperatio,
357 1635 411 1664 sed
424 1643 486 1664 non
497 1638 615 1664 natura.
623 1636 686 1664 Non
693 1635 761 1664 dico
767 1634 883 1671 aliquid

52 1689 121 1710 esse
136 1681 219 1718 quod
231 1689 292 1709 non
304 1681 341 1709 sit
354 1684 467 1709 naturis
482 1689 489 1709 :
503 1683 609 1709 namet
617 1681 882 1717 pessimaquaeque

52 1728 123 1754 sunt
136 1729 249 1754 naturae
263 1725 397 1762 quidem,
414 1726 467 1754 sed
477 1726 664 1754 abundantia
687 1728 738 1754 aut
764 1725 882 1754 defectu

51 1771 224 1800 laborantis.
239 1773 335 1808 Atque
347 1773 418 1799 tunc
429 1770 568 1799 accidens
579 1770 674 1800 locum
684 1770 775 1799 habet
790 1779 797 1805 ;
809 1778 882 1798 nam

54 1818 162 1844 natura.
174 1817 202 1844 et
211 1815 409 1852 philosophus
426 1823 553 1851 scopum
566 1815 624 1843 sibi
639 1815 824 1852 propositum
838 1817 882 1843 at-

56 1860 267 1897 tinguntidque
274 1859 448 1896 plurimum.
458 1860 709 1894 Contingitautem
717 1859 881 1896 aliquando

58 1907 91 1934 ut
105 1905 201 1942 ipsum
214 1904 354 1934 accidens
367 1905 493 1940 situtile,
510 1907 543 1933 ut
564 1904 590 1933 si
607 1912 716 1933 saxum
734 1904 771 1933 sit
807 1904 883 1933 exci-

60 1958 127 1978 sum
141 1952 167 1978 et
180 1952 290 1978 temere
302 1949 424 1981 feratur.
443 1949 541 1986 sitque
554 1949 638 1978 locus
659 1949 826 1986 inmqualis,
855 1951 885 1978 et

61 1994 88 2023 si
107 1994 205 2031 aliquo
220 1994 312 2022 modo
326 1993 540 2023 labefactatum
556 1994 593 2022 sit
608 2002 644 2022 ex
658 1994 805 2022 concitato
818 2001 883 2022 mo-

62 2042 104 2071 tu,
123 2039 233 2076 ﬁatque
253 2041 324 2076 apta
344 2039 498 2072 cathedra,
527 2039 585 2067 hoc
607 2046 669 2067 non
696 2040 740 2067 est
760 2040 882 2074 naturas,

64 2086 114 2113 aut
122 2083 334 2112 necessarium.
346 2083 408 2117 sed,
421 2083 685 2119 accidentis,quod
699 2085 799 2111 tamen
816 2083 886 2112 utile

65 2131 119 2158 est.
132 2129 226 2162 Quare
233 2130 347 2157 naturae
355 2115 448 2165 opera
455 2115 631 2157 naturaliter
636 2128 886 2163 deﬁnimus,nem-
901 2115 924 2144 D

64 2182 102 2211 pe
115 2181 179 2211 quae
194 2181 213 2202 a
225 2175 332 2202 natura
347 2173 479 2210 profecta
494 2175 564 2201 sunt
577 2173 671 2201 bona.
688 2175 723 2201 At
737 2175 886 2210 tempera-

66 2218 150 2247 tionis
160 2220 188 2247 et
198 2218 359 2246 accidentis
369 2225 461 2254 opera.
472 2218 580 2254 partim
591 2219 660 2246 sunt
672 2217 765 2252 bona,
777 2218 886 2254 partim

66 2271 125 2293 non
138 2265 213 2291 sunt.
227 2263 389 2292 Statuimus
400 2270 523 2300 quoque
538 2262 639 2290 omnia
653 2269 718 2290 esse
727 2264 841 2291 naturae
851 2262 887 2291 si-

67 2316 100 2337 ve
112 2307 315 2345 praestantiora
329 2307 390 2336 sive
413 2307 471 2336 sint
487 2306 605 2336 viliora.
630 2306 764 2335 Diximus
785 2309 887 2336 autem

68 2352 115 2382 illa.
123 2360 187 2390 qua:
198 2354 304 2389 printer
322 2352 459 2381 ordinem
468 2351 624 2386 exsistunt,
636 2354 752 2380 naturas
763 2351 887 2389 quidem

69 2405 137 2431 esse,
147 2397 199 2425 sed
208 2397 372 2426 deﬁcientis
380 2399 432 2426 aut
442 2395 636 2429 abundantis,
649 2396 731 2425 bona
740 2404 811 2426 vero
823 2404 887 2425 esse

70 2444 174 2472 naturae
181 2442 307 2471 valentis
317 2444 346 2470 et
356 2442 490 2471 sinceras.
507 2441 582 2469 Cum
592 2441 681 2477 igitur
690 2443 799 2470 natura
809 2441 888 2470 hanc

70 2487 209 2516 rationem
225 2487 312 2523 quasi
332 2486 497 2523 perciperet
519 2485 693 2521 videretque
715 2493 792 2522 opus
814 2485 888 2514 illud

73 2541 153 2562 suum
170 2532 463 2569 praestantissimum,
480 2531 563 2568 quod
576 2539 595 2559 a
612 2531 672 2559 Deo
696 2531 796 2563 habet,
824 2539 889 2559 esse

72 2577 191 2606 ﬂexibile
214 2579 243 2605 et
263 2576 411 2611 versatile,
437 2575 569 2611 intelligo
591 2575 711 2612 sapiens
730 2575 805 2604 illud
827 2576 890 2604 ani-

73 2622 135 2658 mal,
146 2628 254 2658 nempe
267 2621 432 2655 hominem,
451 2620 630 2657 sentiretque
645 2628 676 2648 se
692 2628 782 2649 suum
797 2620 889 2649 tinem

75 2675 185 2704 semper
195 2674 255 2695 non
266 2666 418 2702 consequi,
430 2665 572 2694 nimirum
581 2665 626 2693 sui
637 2664 713 2693 fetus
724 2673 828 2694 curam
839 2673 890 2701 ge-

74 2711 377 2748 rens,pulcherrimam
385 2713 414 2739 et
422 2710 568 2746 optimam
579 2709 670 2743 viam,
678 2709 833 2739 scientiam
842 2718 890 2738 ex-

76 2756 214 2792 cogitavit.
248 2754 398 2790 Quoniam
416 2757 518 2785 autem
536 2754 568 2783 in
587 2756 696 2783 natura
712 2755 783 2783 sunt
799 2754 891 2783 etiam

950 207 980 234 οὐ
1005 207 1090 239 καλῶς
1116 210 1258 241 πίπηκται,
1290 213 1343 240 τοῖς
1375 213 1423 240 τῆς
1462 208 1582 241 παιδείας
1620 210 1751 247 ἁρήγηται

951 253 1068 289 θεσμοῖς,
1099 263 1143 279 και
1163 255 1199 285 εἰς
1223 255 1252 280 τὸ
1287 253 1381 284 ἄντελὶς
1413 253 1531 291 βιοτεύῃ.
1563 254 1630 281 Ἀλλ’
1657 256 1749 292 οἵμοιὶ

950 298 975 323 οἱ
989 297 1092 329 πλείους
1111 299 1140 324 τὸ
1152 295 1236 334 δῶρον
1262 299 1452 335 μυσάττονται,
1475 299 1499 325 οἱ
1525 297 1552 325 δ’
1574 299 1750 335 ἀγχινούστα-

949 351 990 368 τοι
1022 351 1068 368 και
1100 345 1196 379 κυρίως
1224 342 1253 369 ἇκ
1278 344 1378 379 γύσεως
1401 343 1564 374 ἀσπάζονται
1598 344 1679 374 καλῶς
1706 354 1751 371 και

950 385 1065 422 ἁγαθῶς,
1095 396 1141 413 και
1172 388 1220 417 τήν
1261 386 1289 414 ix
1323 389 1414 415 τούτου
1441 387 1561 424 ὡφίλειαν
1590 386 1750 416 διαδιδόασι

951 429 1152 468 διασπείρουσιν
1168 431 1204 464 εἰς
1216 434 1274 463 τοὺς
1289 431 1477 469 ἀτημελήτους.

985 475 1010 503 ι’,
1031 478 1144 512 Λέγομεν
1154 480 1217 512 γοῦν
1231 474 1278 503 διὰ
1300 480 1384 503 ταῦτα
1405 477 1488 503 πάντα
1513 478 1554 503 ὅτι
1586 477 1664 504 καλὸν
1694 477 1751 504 ἔστι

949 529 994 546 και
1019 520 1214 557 ὠφελιμώτατον
1242 524 1370 548 κοινωνεῖν
1399 522 1509 548 ἕκαστον
1528 525 1577 548 τῶν
1608 521 1750 559 ἀνθρώπων

949 564 1099 601 φιλοσοφία·
1116 565 1187 602 ὀμὶν
1202 566 1253 603 γὰρ
1278 564 1430 597 παιδευθείς
1460 567 1529 602 ἔχων
1556 576 1602 593 και
1634 571 1748 596 κοινωνεὶ

949 610 962 636 ὁ
982 607 1008 636 δ’
1021 609 1061 642 οὓ,
1080 609 1127 636 κᾶν
1143 613 1296 637 κοινωνείτω
1317 614 1416 647 σοφοῖς,
1434 611 1466 636 ἶν’
1482 610 1575 638 ἐκεῖθεν
1604 612 1653 649 ἱχῃ
1682 612 1750 648 ὠφέ-

947 653 1028 681 λειαν·
1044 655 1144 690 ιῖρηται
1156 655 1207 691 γὰρ
1233 655 1273 681 ὅτι
1306 658 1391 691 Σοφών
1426 656 1504 692 θύρας
1532 655 1642 692 ἔκτριϐε,
1669 656 1750 683 πλον-

949 701 1012 724 σίων
1027 696 1172 732 dio-3,116“
1194 697 1224 726 δε
1249 700 1327 737 θύρας
1354 701 1388 726 τὰ
1415 699 1505 736 χείλη,
1533 709 1578 726 και
1601 701 1642 727 ὅτι
1665 705 1750 737 σοφῶν

950 740 990 769 ἵνα
1003 743 1035 769 τὰ
1048 741 1141 780 ἀρετῆς
1157 742 1254 780 ἀκούῃς
1278 745 1362 780 λόγια,
1382 744 1459 771 οἷτινα
1488 743 1623 781 βιλτιοῦσι
1644 744 1749 781 ψυχὴν,

947 789 976 814 τὸ
1000 786 1131 815 πλουσίων
1153 786 1183 815 δξ
1209 788 1249 821 οὐ,
1275 787 1318 815 ἳνα
1348 791 1383 826 μὴ
1417 787 1506 816 διόλου
1527 791 1587 827 περί
1611 794 1655 820 τῆς
1686 789 1750 821 ὕλης

947 831 1043 858 ἓκείνου
1066 832 1191 868 λέγοντος,
1219 834 1360 870 καταχοῆς
1374 834 1424 860 ὑπὸ
1443 838 1493 870 γῆν
1523 843 1569 860 και
1606 833 1750 871 βελτιὼσῃς

946 877 992 913 μὲν
1004 876 1077 910 ὕλην,
1093 875 1267 914 ἀτιμάσῃςδέ
1296 887 1326 914 γι
1354 879 1383 905 τὸ
1412 879 1508 916 νοερὸν.
1536 882 1590 912 Δεῖ,
1617 876 1659 905 δεῖ
1686 882 1749 915 γοῦν

947 931 992 948 και
1004 921 1150 958 φιλοσοφεῖν
1179 932 1224 949 και
1247 927 1374 950 κοινωνεῖν
1404 923 1567 960 φιλοσόφοις,
1589 927 1630 950 ἵνα
1653 933 1698 951 και
1719 926 1748 951 τό

947 966 1029 993 Γνῶθι
1052 969 1146 993 σαυτὸν
1176 966 1288 1004 ἔχωμεν,
1331 977 1375 994 και
1417 967 1511 1006 ἀρετὴν
1542 969 1673 1005 κτώμεθα,
1703 978 1750 996 και

946 1011 1049 1038 πάντων
1073 1012 1198 1048 ἡγώμεθα
1217 1022 1261 1038 και
1280 1013 1314 1043 ὡς
1334 1012 1446 1049 ἑπόμενα
1459 1014 1570 1049 ἔχωμενο
1599 1015 1678 1050 σοφίᾳ
1696 1015 1748 1050 γὰρ

947 1065 993 1082 και
1015 1057 1081 1087 Θεὸς
1105 1055 1132 1087 ἐξ
1155 1056 1203 1083 οὐκ
1228 1057 1300 1088 ὄντος
1319 1058 1348 1084 τό
1363 1060 1413 1084 πᾶν
1433 1057 1558 1093 συμπήξει
1581 1077 1642 1086 ....
1677 1057 1749 1090 ἓταξι

947 1110 993 1127 και
1009 1103 1088 1137 σοφίᾳ
1100 1104 1175 1134 κινεῖ,
1188 1111 1233 1128 και
1248 1101 1321 1129 λύσει
1334 1112 1378 1128 και
1395 1102 1531 1129 ἀλλοιώσει
1561 1106 1635 1130 τοῦτο
1662 1095 1748 1138 κρειτ-

946 1154 1024 1176 τονως
1052 1147 1133 1182 σοφίᾳ
1161 1146 1203 1172 ὅτι
1230 1156 1275 1172 και
1298 1145 1430 1183 βούλεται,
1453 1150 1541 1174 Ταῦτα
1563 1149 1608 1183 μὲν
1634 1145 1679 1173 οὖν
1704 1157 1749 1174 και

946 1190 1022 1226 ἡμεῖς
1043 1200 1089 1216 και
1110 1191 1144 1217 τὰ
1164 1190 1244 1217 πλείω
1274 1192 1372 1218 τούτων
1397 1201 1442 1218 και
1465 1192 1551 1218 πάντα
1574 1190 1621 1218 διὰ
1658 1193 1750 1229 σοφίας

945 1235 1100 1271 πεπράχθαι
1129 1237 1159 1262 τὸ
1187 1238 1262 1262 Θεῖον
1286 1238 1434 1271 νοήσαντες,
1459 1246 1504 1263 και
1526 1236 1574 1263 οὐκ
1603 1236 1687 1268 ἄλλως
1719 1238 1749 1264 τό

946 1277 1043 1315 ἀγαθόν
1057 1281 1084 1306 ἐν
1097 1283 1150 1310 τοῖς
1162 1283 1223 1307 οῡσι
1241 1278 1420 1317 διακρίναντες
1442 1283 1517 1314 εῖναι,
1537 1281 1553 1311 ἣ
1582 1278 1628 1307 διὰ
1657 1283 1749 1317 σοφίας

945 1332 991 1350 και
1017 1325 1173 1361 ἐπιστήμης,
1216 1324 1294 1356 αὐτὰς
1335 1325 1525 1362 ἠγαπήσαμεν,
1565 1324 1749 1362 ἀγαπήσαντες

935 1411 1179 1447 temperationes,
1191 1420 1227 1441 ex
1238 1412 1345 1442 eadem
1355 1413 1470 1442 ratione
1479 1414 1636 1443 scientiam
1644 1413 1674 1442 in
1683 1415 1762 1443 artes

901 1436 921 1465 ε
936 1436 1098 1491 ἀίειῆὴυίι,
1121 1436 1762 1494 ατιέιειῖιιζὲῖιῖλ’ξέἒέιῖῐεὲᾯέἑιῖἆῗεῖξίᾶἑ

936 1501 1166 1537 temperationes
1176 1510 1278 1530 secum
1290 1502 1484 1532 consociavit.
1495 1503 1528 1531 Ut
1542 1502 1623 1539 quod
1635 1510 1696 1530 non
1707 1502 1762 1530 ha-

936 1545 1028 1579 beret,
1044 1546 1186 1582 quamvis
1200 1546 1230 1575 ia
1240 1549 1320 1575 recta
1330 1547 1589 1582 coagmentatione
1601 1546 1761 1580 habentur,

937 1598 990 1618 seu
1000 1591 1100 1626 potius
1110 1591 1193 1628 quod
1201 1599 1262 1620 non
1269 1594 1348 1620 recte
1359 1594 1603 1627 coagmentatum
1619 1593 1706 1625 esset,
1720 1591 1764 1620 in-

937 1635 1043 1663 stitutis
1056 1635 1231 1664 eruditionis
1246 1639 1493 1673 compensaretur
1502 1636 1541 1665 ad
1551 1636 1678 1673 perfecte
1693 1636 1764 1664 bea—
1793 1655 1796 1658 -

937 1681 1024 1716 teque
1036 1679 1210 1709 vivendum.
1226 1681 1283 1709 Sed
1298 1681 1375 1717 proh
1387 1681 1473 1709 dolor
1485 1681 1491 1709 ι
1508 1681 1641 1718 plerique
1651 1680 1763 1709 donum

936 1725 994 1752 hoc
1007 1723 1263 1761 abominantur,et
1275 1725 1326 1762 qui
1342 1725 1463 1761 ingenio
1477 1725 1598 1763 reliquis
1604 1725 1761 1761 excellunt,

935 1768 1052 1797 bonum
1075 1769 1133 1797 hoc
1156 1770 1378 1806 amplectuntur
1398 1770 1521 1807 quidem
1543 1772 1576 1799 ut
1594 1770 1690 1804 decet,
1710 1769 1764 1798 sed

936 1813 1008 1843 tanti
1023 1814 1095 1842 boni
1110 1814 1241 1843 fructum
1258 1815 1484 1844 communicant
1496 1823 1565 1844 cum
1583 1814 1698 1850 ignavis
1711 1815 1764 1843 ho-

937 1858 1081 1887 minibus.

973 1903 1103 1931 Dicimus
1113 1903 1202 1940 igitur
1215 1905 1243 1932 et
1253 1912 1289 1932 ex
1304 1903 1359 1933 illis
1369 1904 1513 1932 omnibus
1533 1911 1601 1941 quae
1622 1904 1764 1938 diximus,

937 1947 1105 1984 colligimus
1114 1948 1294 1985 praeclarum
1304 1956 1371 1977 esse
1385 1950 1414 1977 et
1423 1948 1501 1983 utile,
1513 1949 1539 1977 si
1555 1949 1764 1986 unusquisque

937 1992 1095 2021 hominum
1112 1993 1309 2030 philosophica
1322 1993 1359 2022 sit
1370 1993 1530 2030 particeps;
1547 2001 1619 2022 nam
1631 1993 1683 2030 qui
1697 2001 1766 2022 eru-

939 2037 1018 2066 ditus
1025 2039 1077 2070 est.
1090 2039 1118 2066 et
1128 2038 1251 2066 scientia
1259 2037 1413 2074 praeditus,
1420 2046 1489 2066 cum
1504 2037 1570 2067 aliis
1584 2038 1699 2066 bonum
1708 2038 1767 2066 hoc

940 2082 1147 2111 communicat
1162 2092 1169 2117 ;
1183 2083 1235 2119 qui
1246 2090 1315 2110 vero
1328 2082 1456 2111 scientius
1471 2085 1516 2111 est
1529 2090 1646 2120 expers,
1658 2082 1767 2119 abjun-

942 2130 993 2163 gat
1004 2134 1034 2155 se
1049 2127 1235 2164 sapientibus
1249 2136 1257 2163 ;
1274 2135 1346 2155 nam
1359 2127 1430 2156 inde
1444 2135 1629 2164 magnopere
1641 2127 1768 2164 quilibet

938 2172 1038 2209 juvari
1049 2174 1156 2208 potest.
1173 2173 1204 2200 Et
1214 2172 1335 2207 sapiens
1347 2172 1513 2208 quemlibet
1532 2172 1667 2201 hortatur
1687 2172 1768 2201 hunc

941 2218 972 2246 in
988 2218 1058 2245 mod
1064 2217 1203 2245 umz’l‘ere
1212 2216 1317 2244 limina
1328 2217 1509 2253 sapientum,
1518 2225 1579 2245 non
1587 2217 1769 2251 divitum,in-

941 2262 1040 2298 tellige
1049 2261 1164 2297 limina,
1181 2261 1263 2290 labia
1273 2261 1453 2299 sapientum,
1470 2264 1504 2290 ut
1517 2262 1657 2290 institutis
1677 2262 1770 2290 virtu-

941 2308 979 2337 tis
991 2307 1139 2342 abundes,
1159 2315 1228 2344 quae
1244 2307 1380 2335 animum
1395 2307 1550 2336 meliorem
1565 2307 1696 2336 reddunt
1711 2316 1721 2342 ς
1740 2309 1772 2336 at

941 2352 1069 2381 divitum
1084 2351 1188 2380 limina
1211 2354 1303 2380 terere
1325 2352 1396 2386 noli,
1421 2360 1459 2381 ne
1480 2352 1554 2381 forte
1576 2352 1699 2381 divitem
1713 2359 1770 2380 au—

941 2398 1009 2426 dias
1030 2397 1069 2425 de
1095 2396 1187 2424 rebus
1206 2396 1370 2425 materiatis
1398 2399 1547 2432 agentem,
1585 2399 1676 2433 atque
1712 2396 1770 2425 hoc

943 2442 1037 2471 modo
1053 2441 1110 2469 sub
1125 2443 1233 2470 terram
1247 2441 1426 2476 detrudaris,
1436 2449 1471 2470 ac
1481 2441 1638 2470 materiam
1645 2440 1771 2477 quidem

943 2485 1096 2515 meliorem
1112 2484 1222 2514 reddas
1246 2487 1275 2513 et
1298 2485 1472 2520 auctiorem,
1501 2484 1678 2521 particulam
1702 2491 1772 2512 vero

943 2530 1144 2565 intelligentia
1165 2537 1307 2566 capacem
1338 2529 1485 2558 dedecore
1515 2528 1638 2557 aﬂlcias.
1652 2529 1774 2564 Oportet

942 2575 1034 2610 igitur
1045 2574 1262 2611 philosophari,
1278 2576 1307 2602 et
1321 2582 1390 2602 cum
1401 2573 1590 2610 philosophis
1604 2572 1726 2608 versari,
1741 2574 1774 2601 ut

943 2619 1018 2648 illud
1024 2619 1118 2648 Nosce
1128 2619 1254 2653 teipsum
1267 2622 1433 2653 teneamus,
1445 2621 1475 2647 et
1493 2618 1601 2647 virtute
1609 2617 1726 2654 praediti
1738 2617 1775 2646 si-

945 2672 1024 2698 mus,
1037 2665 1069 2693 ut
1081 2664 1170 2692 etiam
1178 2663 1315 2692 omnium
1321 2663 1414 2692 duces
1421 2663 1528 2698 simus,
1546 2670 1662 2700 nosque
1671 2662 1775 2691 omnia

945 2710 1059 2744 atergo
1073 2710 1226 2745 sequatur.
1238 2707 1313 2736 Nam
1334 2707 1481 2744 sapientia
1505 2709 1582 2736 Deus
1601 2709 1696 2736 totum
1716 2706 1775 2736 hoc

945 2754 1120 2783 universum
1131 2752 1282 2783 constituit
1296 2754 1325 2782 et
1338 2752 1496 2788 ordinavit,
1513 2752 1663 2789 sapientia
1675 2754 1774 2781 movet
