1967 3080
42 81 120 110 1401
568 82 650 113 Λῡν.
666 83 815 113 PLOTINU

987 84 1038 114 ίΑ.
1058 98 1094 109 ι·-
1105 86 1274 117 MONITUM.
1695 85 1763 116 1402

42 143 212 173 eumdem
228 145 352 173 exstare
365 143 395 172 in
413 144 516 174 codice
529 145 673 174 Vaticano
687 154 718 175 n.
736 147 814 180 1374,
831 146 982 184 hujusque
996 147 1064 176 libri
1078 148 1192 181 lemma
1202 149 1328 180 meliora
1339 157 1388 180 me
1399 148 1511 182 docuit,
1521 147 1567 177 vel
1581 147 1682 185 potius
1698 148 1763 184 ejus

42 188 222 217 lemmatis
237 189 377 218 eruditus
389 189 534 227 interpres
549 191 747 230 Hieronymus
770 193 818 220 An:

1008 193 1050 222 ita
1073 193 1164 223 habet
1187 203 1194 223 :
1222 198 1273 222 Τοῦ
1299 195 1448 231 σοφωτάτου
1470 193 1591 221 ἐπισκοπ.
1615 197 1660 220 τοῦ
1689 203 1763 232 καρι-

42 232 141 261 κλιίου
160 233 341 268 ἁντιθετικὸς
355 236 419 271 πρὸς
436 234 563 262 Πλωττνον
576 246 602 265 κ.
618 246 642 264 τ.
656 236 679 264 λ.
693 238 759 265 Jam
773 239 818 264 ΛΠ

987 245 1000 266 ει
1020 237 1051 267 in
1079 239 1180 268 codice
1207 241 1350 275 agnosset
1370 247 1495 268 manum
1524 238 1668 274 Scipionis
1696 239 1763 266 Car-

44 279 254 311 teromachi,
269 279 398 308 hominis
412 281 592 317 caeteroquin
605 281 711 309 eruditi
726 281 825 320 (cujus
838 282 934 310 Vitam
954 282 1087 311 editurus
1101 287 1147 313 est
1159 284 1311 321 Ciampius
1335 284 1487 321 professor
1504 283 1630 312 Pisanus
1654 282 1763 311 additis

43 323 170 352 Amatii
188 323 489 360 observationibus),
497 325 651 361 ingeniose
661 326 832 363 suspicatus
842 329 886 355 est
893 327 972 356 male
985 329 1148 358 correxisse
1157 337 1237 364 eum,
1247 337 1303 358 nec
1313 329 1420 358 melius
1433 328 1624 365 descripsisse
1633 327 1681 356 illa
1692 328 1763 355 ἐπισ.

45 377 76 394 κ.
88 377 117 396 τ.
134 367 164 396 λ.
185 368 239 396 sic
254 368 356 405 potius
367 368 510 405 legenda,
526 369 569 396 ἐπε
583 374 629 397 τοῦ
644 371 821 399 κανικλείου.]

988 372 1021 400 rir
1034 373 1150 408 doctus,
1172 383 1243 403 cum
1254 375 1342 403 sciret
1356 382 1391 403 ea
1413 373 1556 409 dignitate
1568 372 1686 401 functos
1709 372 1764 400 hos

46 412 256 441 triumviros
271 421 277 441 :
292 414 440 442 Joannem
453 414 607 450 Scylitzen,
622 415 751 444 Leonem
762 416 935 452 Magistrum
949 419 978 446 et
989 418 1135 448 Joannem
1151 421 1352 454 Camaterum,
1367 419 1456 448 unius
1469 418 1516 446 vel
1532 417 1651 447 alterius
1665 424 1765 446 eorum

45 457 110 486 hoc
128 457 163 485 in
182 457 346 486 Plotinum
359 459 540 495 opusculum
553 468 618 488 esse
629 459 821 496 persuaserat
836 460 902 496 sibi,
915 469 950 491 ac
961 463 1181 499 propemodum
1197 464 1288 493 etiam
1298 463 1382 493 mihi.
1397 463 1472 492 Illud
1483 461 1643 491 molestum
1657 461 1712 490 fuit
1726 460 1766 489 ad

47 502 224 538 ejusmodi
233 503 420 540 paucitatem
427 504 586 533 hominum
593 505 686 540 redigi
693 505 775 534 illam
781 506 958 541 dignitatem
965 507 1090 536 caniclei
1097 508 1464 544 prmfectorumﬂuocirca
1471 507 1676 544 ampliandum
1683 505 1764 540 duxi,

48 555 88 576 ac
100 547 215 577 sicubi
234 548 411 579 evocandus
430 551 493 578 erat
504 549 632 579 mihiille
642 550 747 579 Plotini
763 550 1164 589 adversarius,Anonymzmt
1182 553 1314 586 evocavi,
1332 552 1575 589 circumspiciens
1588 551 1710 584 interea,
1726 557 1766 578 an

49 592 135 621 forte
153 592 295 621 aliunde
310 601 340 622 se
359 593 500 622 offerrent
512 594 585 624 mihi
600 594 700 631 plures
711 603 748 624 ex
760 595 864 624 ordine
879 601 927 623 τῶν
938 597 1095 624 κανικλείων.
1111 599 1192 627 Unus
1213 605 1244 626 se
1269 597 1375 627 obtulit
1390 597 1419 626 in
1433 596 1582 625 Villoisoni
1595 595 1764 629 Anecdott.,

50 639 132 665 tom.
143 636 183 670 ll,
193 645 229 674 p.
241 638 289 669 ‘72,
297 633 386 675 atque
395 638 418 666 is
426 638 493 675 ipse
504 647 595 676 quem
605 647 684 668 nunc
693 640 816 676 quidem
823 641 1123 678 querebamﬂempe
1133 642 1312 671 Villoisonus
1324 642 1436 671 ibidem
1445 643 1578 670 recenset
1586 639 1766 678 opusculum

53 680 180 710 codicis
205 682 354 725 Marciani
368 682 426 711 hoc
441 683 525 713 titulo
541 683 659 719 insigne
677 692 683 713 :
698 685 741 711 Ἐκ
756 685 826 712 τῶνέ

989 690 1017 713 οῡ
1028 686 1070 713 ἐπί
1084 691 1131 714 κοῦ
1147 687 1291 715 mut-dsiet;
1302 691 1347 714 τοῦ
1356 688 1488 724 Χούμνου,
1504 693 1601 722 neque
1617 684 1692 713 altus
1712 684 1765 712 im-

52 727 223 764 pugnavit
242 727 389 757 Plotinum
405 731 451 769 ;et
460 729 553 763 plane
563 729 640 760 idem
647 738 753 760 nomen
768 731 874 760 exrod.
887 731 990 760 Vat.n.
1005 732 1052 759 112
1060 735 1162 767 postea
1175 733 1344 767 expiscatzzs
1359 734 1401 760 est
1416 731 1564 760 Amatius.
1577 731 1675 758 Exstat
1685 728 1766 758 enim

53 771 99 800 ibi
152 771 352 809 opusculum
392 773 468 804 alius
507 774 565 803 hoc
596 774 770 804 litulo:ToG
798 785 829 803 σο

989 778 1015 804 πί
1038 776 1183 805 τανιχ).είου
1211 776 1363 812 (ascripsit
1393 784 1504 804 manus
1527 774 1661 804 secunda
1684 777 1765 811 κνροῦ

54 819 228 854 Νικηφόρον
243 820 293 845 τοῦ
306 818 439 853 Χούμνου)
455 820 515 854 mpii
529 818 605 854 λόγον
622 821 731 856 κρίσεως
750 829 794 846 και
810 820 830 858 ἐρ

988 821 1037 849 uid
1052 821 1162 857 quieris
1177 821 1190 850 ?
1207 822 1256 849 Est
1273 820 1458 856 Nicephorus
1478 820 1644 851 Pitumnus,
1673 818 1764 852 idem,

58 871 73 887 α
95 861 157 897 qui
176 864 210 891 et
227 862 406 891 Nat/tamet
421 861 517 891 dictus
532 864 700 893 monachUS
712 863 820 898 factus,
836 865 993 904 praefectus
1005 865 1127 896 caniclei
1142 865 1221 902 (1-2),
1243 867 1271 894 et
1284 873 1384 894 rerum
1405 867 1513 902 potens
1527 864 1584 892 sub
1597 863 1767 892 Andronico

57 906 200 940 seniore,
226 906 320 942 cujus
340 906 402 936 ﬁlia
416 908 497 936 lrene
515 907 619 944 nupsit
633 908 739 937 Joanni
754 908 930 945 Paluaologo,
947 910 999 947 qui
1009 909 1118 938 deinde
1130 909 1292 947 imperator
1307 909 1346 938 ab
1365 917 1394 939 a.
1409 910 1440 937 C.
1455 910 1535 938 1295.
1557 919 1571 934 ι)
1588 908 1620 937 In
1631 908 1697 936 cod.
1715 909 1769 936 Be-

59 951 112 986 gio
125 951 240 981 Paris.
259 953 288 981 et
303 951 456 982 Colberteo
476 953 541 989 ejus
555 953 637 981 varia
650 953 797 990 opuscula
820 956 848 982 et
869 954 983 992 aliquot
1009 954 1141 991 epistolae
1161 954 1202 982 sic
1221 955 1426 983 inscribuntur
1443 963 1450 982 :
1470 957 1522 986 Troa
1536 954 1767 989 παρακοιμωμένου

59 999 109 1023 τοῦ
121 997 273 1033 Χούμνου,
286 998 316 1025 et
327 996 436 1025 deinde
449 1001 495 1024 τοῦ
506 997 733 1030 Φιλιππουπόλεως
743 998 793 1034 (3),
803 1006 835 1037 ω

1009 999 1139 1028 hominis
1155 1002 1357 1035 cognomttur.
1367 1001 1464 1035 Atque
1476 1007 1512 1027 ex
1526 998 1599 1035 ipsis
1611 997 1767 1033 Nicephori

63 1041 192 1077 epistoli
210 1043 254 1069 is.
273 1041 474 1070 Cttsaubonus
485 1043 524 1078 (4)
541 1042 640 1077 refert,
656 1051 806 1079 apparere.
817 1054 827 1068 ι
839 1043 923 1072 illum
938 1043 1065 1073 alterum
1080 1043 1172 1072 fuisse
1184 1043 1303 1078 Jobum,
1319 1043 1368 1072 cui
1382 1045 1423 1072 tot
1437 1043 1565 1072 adversa
1580 1041 1766 1076 contigerint.

64 1087 100 1113 ut
110 1085 175 1114 dici
198 1086 256 1114 vix
270 1087 397 1122 queat.»
417 1086 495 1114 Idem
509 1087 553 1115 vir
567 1087 786 1117 summusibid.
799 1087 942 1124 praedicat
966 1089 1107 1125 pietatem
1133 1088 1198 1124 ejus
1219 1091 1246 1116 et
1263 1098 1277 1114 ι(
1298 1088 1425 1122 dignum
1448 1087 1519 1116 dicit
1545 1086 1597 1123 qui
1611 1087 1736 1122 legatur.
1753 1096 1767 1112 »

67 1130 232 1159 Disertum
254 1131 344 1160 etiam
359 1130 491 1167 appellat
504 1132 633 1167 Cangius
641 1132 673 1160 in
684 1132 748 1168 ejus
761 1133 902 1169 operibus
915 1133 1071 1168 diligenter
1085 1135 1231 1161 versatus.
1253 1133 1327 1161 Sunt
1341 1135 1442 1162 autem
1466 1132 1537 1161 satis
1561 1131 1665 1166 multa,
1679 1130 1710 1159 in
1720 1130 1767 1158 his

69 1175 252 1203 consolatio
269 1175 307 1204 ad
321 1175 495 1212 βασίλισσαν,
506 1176 537 1204 id
551 1176 697 1205 estfiliam
713 1177 945 1214 imperatricem,
961 1177 998 1205 de
1010 1177 1102 1212 hujus
1128 1177 1271 1206 viduitate
1292 1186 1299 1212 ;
1316 1177 1375 1205 alia
1400 1176 1470 1205 item
1489 1175 1564 1205 varii
1589 1175 1767 1211 argumenti,

69 1227 143 1248 cum
159 1220 266 1248 civilis
279 1222 341 1248 tum
357 1221 396 1248 ad
410 1229 528 1249 sacram
541 1221 776 1250 Christianorum
798 1222 989 1259 disciplinam
1005 1222 1189 1259 pertinentis,
1207 1222 1296 1251 etiam
1325 1221 1508 1258 philosopha
1525 1229 1532 1255 ;
1549 1228 1565 1249 e
1577 1228 1639 1257 quo
1661 1227 1769 1255 genere

69 1264 131 1293 hoc
151 1267 202 1294 est
212 1265 364 1293 adversus
380 1265 538 1294 Plotinum.
555 1266 670 1294 Etenim
690 1274 751 1294 non
762 1267 854 1295 modo
864 1267 894 1295 in
910 1267 1047 1302 catalogo
1063 1267 1200 1296 bibliotb.
1214 1268 1284 1302 Reg,
1301 1266 1436 1299 Parisin.,
1452 1266 1505 1294 sed
1515 1265 1605 1294 etiam
1618 1273 1636 1293 a
1651 1264 1770 1294 Labbeo

70 1309 169 1344 Bibl.,
181 1317 272 1346 nov.,
284 1318 364 1344 φηςι,
380 1317 412 1346 p.
423 1312 486 1345 295,
501 1310 551 1339 illa
564 1310 684 1347 scriptio
697 1311 806 1339 diserte
820 1311 959 1340 tribuitur
974 1311 1043 1339 huic
1062 1311 1229 1347 Nicephoro
1251 1311 1398 1340 Chumno.
1421 1310 1471 1339 ille
1486 1310 1607 1346 quidem
1623 1309 1653 1337 in
1665 1308 1771 1338 notitia

73 1354 192 1383 codicis
209 1363 244 1384 n.
263 1356 334 1387 2104
349 1355 390 1383 sic
403 1355 494 1383 habet
510 1365 516 1383 :
529 1366 543 1381 «
561 1356 669 1384 Contra
683 1355 829 1384 Plotinum
841 1356 878 1384 de
889 1356 991 1385 anima
1009 1355 1146 1384 rationali
1162 1355 1342 1392 qumstiones
1352 1355 1455 1390 varim,
1473 1355 1525 1383 ubi
1540 1354 1577 1383 de
1588 1356 1770 1390 metempsy-

72 1399 171 1434 chosi,
186 1400 228 1428 de
247 1399 364 1435 belluis,
376 1402 475 1428 utrum
487 1400 636 1428 intellectu
650 1400 782 1436 praeditas
797 1401 866 1434 sint,
880 1408 983 1436 necne,
996 1400 1033 1429 de
1048 1408 1208 1436 corporum
1222 1400 1439 1429 resurrectione
1455 1401 1483 1427 et
1500 1399 1564 1428 aliis
1577 1399 1740 1427 disseritur.
1754 1408 1768 1423 ι)

73 1444 222 1472 Labbeus
236 1446 340 1472 autem
354 1444 408 1473 ita:
420 1455 434 1469 «
451 1445 666 1473 Antirrheticus
676 1445 978 1474 adversusPlotinum
994 1453 1001 1479 ;
1016 1445 1199 1474 animasnon
1215 1445 1298 1481 prius
1305 1444 1447 1472 exsistere
1455 1451 1548 1480 quam
1563 1443 1744 1479 corpora(5).
1755 1453 1769 1467 ››

75 1488 166 1521 Quod
176 1489 204 1517 si
212 1488 308 1524 igitur
318 1489 496 1517 Fabriciana
504 1489 686 1518 Bibliotheca
697 1498 767 1518 eum
778 1498 867 1518 usum
875 1492 1040 1526 praestaret,
1049 1498 1140 1526 quem
1150 1489 1280 1517 debebat
1293 1490 1623 1525 praestaremoteramus
1632 1494 1771 1524 compen-

76 1531 176 1561 diaria
187 1533 242 1561 via
254 1541 290 1561 eo
299 1533 537 1569 pervenire,quo
551 1533 685 1562 eundum
692 1536 755 1562 erat
767 1542 820 1570 per
830 1534 1115 1571 ambages,quoque
1124 1542 1181 1569 ego
1190 1534 1252 1562 sine
1262 1532 1439 1569 hujusmodi
1453 1533 1540 1561 duce.
1552 1532 1674 1569 qualem
1684 1533 1771 1559 Ama'

76 1576 137 1604 tius
155 1585 189 1605 se
200 1577 352 1613 praestitit,
368 1577 494 1606 fortasse
509 1585 667 1614 nunquam
678 1578 890 1615 pervenissem.
909 1579 966 1607 Sed
979 1579 1010 1607 in
1025 1579 1075 1607 illa
1089 1578 1281 1612 Bibliotheca,
1301 1580 1467 1614 cmteroque
1480 1577 1569 1606 laude
1578 1576 1768 1611 dignissima,

79 1619 154 1648 alias
167 1629 297 1658 quoque
303 1621 444 1651 idoneam
451 1622 522 1650 satis
532 1630 655 1658 operam
663 1630 740 1657 aegre
749 1622 916 1652 desideravi
927 1632 932 1657 ;
945 1631 1012 1660 quae
1019 1631 1140 1652 narrare
1146 1623 1270 1658 longum
1278 1625 1330 1650 est.
1340 1624 1423 1651 Nunc
1429 1622 1486 1650 hoc
1494 1630 1588 1650 unum
1599 1621 1693 1650 voluit
1707 1628 1772 1648 mo-

80 1665 191 1700 nitum,
209 1666 365 1694 volumine
384 1666 489 1702 quinto
500 1674 531 1703 p.
547 1668 599 1695 688
608 1667 685 1695 Harl.
698 1670 760 1696 not.
778 1676 814 1701 w,
828 1676 882 1704 pro
894 1670 1054 1705 Anonymo
1068 1668 1243 1705 ponendum
1253 1675 1318 1696 esse
1327 1675 1437 1696 nomen
1448 1667 1658 1696 Nathanaelis.
1669 1665 1772 1694 Libelli

81 1709 209 1739 virtutes
223 1710 358 1747 vitioque
370 1718 433 1739 non
450 1712 494 1739 est
503 1711 586 1747 quod
595 1719 722 1747 operose
736 1720 910 1748 persequar.
928 1714 1008 1741 Patet
1017 1713 1083 1749 jam
1097 1712 1268 1749 unicuique,
1286 1715 1314 1740 et
1328 1712 1476 1741 doctiores
1490 1719 1546 1740 nec
1567 1711 1673 1740 moniti
1687 1710 1771 1739 intel-

81 1753 187 1789 ligant.
203 1757 267 1784 Hoc
281 1757 406 1787 certum,
416 1755 590 1792 philosophi
599 1758 699 1793 partes
712 1756 754 1784 sic
769 1756 841 1785 satis
852 1757 990 1786 sustineri
1001 1765 1019 1786 θ,
1029 1757 1194 1786 Christiano
1205 1757 1337 1790 homine,
1349 1757 1402 1793 qui
1410 1764 1474 1785 rem
1487 1764 1574 1784 suam
1585 1763 1687 1791 gerere
1698 1754 1771 1783 sciat

83 1798 148 1827 sola
155 1800 287 1835 ratione,
297 1799 338 1827 nil
347 1808 420 1828 usus
429 1800 604 1829 auctoritate
616 1800 762 1829 librorum
773 1809 938 1829 sacrorum.
951 1803 1014 1830 Non
1029 1802 1128 1830 minus
1140 1804 1241 1830 autem
1251 1801 1403 1830 Platonem
1415 1801 1508 1836 tangit
1518 1809 1612 1837 quam
1621 1800 1771 1828 Plotinum

83 1843 284 1880 Nicephorus.
299 1844 385 1878 Quod
404 1847 432 1872 et
448 1844 513 1881 ipse
525 1845 658 1873 sensisse
685 1845 811 1873 videtur.
828 1847 903 1874 Nam
917 1853 985 1874 cum
995 1846 1026 1875 in
1037 1846 1159 1875 exordio
1167 1846 1320 1883 professus
1331 1847 1410 1874 esset
1420 1845 1570 1874 Plotinum
1587 1853 1605 1873 δ.
1617 1853 1647 1872 se
1661 1843 1771 1880 peti,in

84 1886 223 1917 clausula
238 1891 339 1917 tamen
351 1888 450 1924 posuit
460 1888 510 1917 illa
524 1889 623 1926 εἨμεῖς
633 1889 660 1920 ἐξ
671 1889 822 1921 ἀντιθέσεως
832 1900 860 1916 τα

998 1890 1123 1917 Πλάτωνα
1134 1893 1179 1917 καὶ
1195 1889 1514 1917 Πλωτῑνον.1ῐιεοι“ἱ1)11υῑ·
1530 1890 1630 1917 autem
1642 1888 1672 1916 id
1679 1895 1770 1924 opus-

84 1932 187 1961 culum
202 1941 275 1961 cum
289 1933 320 1961 in
335 1933 561 1962 Vindobonensi
579 1934 655 1963 libro
677 1936 740 1962 tum
755 1934 785 1962 in
806 1935 945 1963 Vaticano
974 1935 1155 1970 Ἀντιθιτιχὸς,
1171 1937 1200 1963 et
1211 1937 1308 1971 potest
1335 1934 1404 1962 huic
1425 1934 1508 1963 titulo
1524 1933 1703 1970 patrocinari
1713 1931 1771 1961 hoc

84 1976 187 2012 ipsum
199 1978 286 2014 quod
307 1978 399 2006 modo
414 1986 429 2007 e
442 1978 533 2006 libelli
548 1978 607 2007 ﬁne
628 1979 822 2008 excitavimus
837 1979 864 2012 ἰξ
894 1979 1053 2014 ἀντιθέσεως,
1083 1987 1139 2008 nec
1151 1980 1251 2008 minus
1281 1979 1364 2014 illud,
1384 1979 1467 2016 quod
1482 1979 1634 2007 rhetorum
1649 1977 1771 2014 quidem

86 2020 209 2049 ἀντίθετα
220 2025 250 2052 et
261 2022 405 2050 ἀντθετικοὶ
420 2023 493 2059 λόγοι
508 2023 618 2059 saepius
628 2025 862 2056 memorantur.“

995 2025 1498 2061 eodem,utplurimum,signiﬁcatu
1505 2024 1660 2061 (6):tamen
1669 2031 1706 2052 ex
1714 2023 1771 2050 hoc

86 2074 196 2102 genere
212 2068 400 2104 scriptorum,
416 2067 527 2104 quibus
543 2069 700 2104 aggregari
716 2068 805 2097 debet
819 2069 867 2096 hic
886 2069 1060 2103 Nathanael,
1087 2070 1195 2105 magis,
1211 2069 1294 2106 quod
1317 2069 1420 2102 sciam,
1440 2069 1646 2105 frequentatur
1660 2075 1771 2095 nomen

89 2111 289 2150 ἀντιρῥητιχῶν.
306 2113 361 2146 Sic,
376 2115 407 2141 ut
419 2113 477 2140 hoc
492 2115 568 2147 utar,
587 2113 710 2150 Josephi
723 2117 829 2142 contra
845 2114 865 2141 A

1003 2114 1070 2142 libri
1083 2114 1237 2142 codicibus
1250 2113 1363 2150 aliquot
1377 2113 1582 2141 inscribuntur
1593 2112 1769 2150 ἆντιῤῥητικὰ,

89 2158 117 2184 et
128 2158 259 2186 Eusebii
274 2157 463 2186 Caesariensis
482 2157 556 2186 illud
577 2165 654 2194 opus
684 2158 829 2187 adversus
852 2158 1017 2187 Hieroclem
1043 2159 1073 2187 in
1103 2158 1350 2187 membranarum
1376 2160 1460 2194 parte
1486 2157 1641 2186 exhibetur
1667 2158 1723 2186 hoc
1739 2157 1773 2185 ti-

127 2228 196 2270 (ILg)
213 2231 290 2270 Inter
300 2228 440 2270 epistolas
448 2229 562 2264 Georgii
570 2229 662 2270 Cypri
674 2229 889 2270 suntquuzdam
948 2267 967 2270 __
985 2230 1325 2270 (4)_ln_qu§dt_¢_lgoniunis_
1340 2237 1371 2270 ρ.
1384 2232 1450 2270 ‘2!”
1466 2229 1514 2270 ed.
1537 2230 1562 2257 l.
1585 2229 1651 2270 Chr.
1666 2265 1671 2270 _
1687 2228 1770 2270 Wolf.

93 2264 131 2301 ad
145 2264 350 2301 Nicephorum
372 2265 551 2297 Chumnum,
564 2264 892 2301 Ῠᾳὶιὲεείονθνηξοῐτιὶεο-
947 2264 1054 2293 llainb.
1070 2267 1150 2294 1710.
1166 2266 1261 2293 Mirari
1281 2264 1360 2293 subit
1374 2265 1581 2293 doctissimum
1606 2265 1727 2293 Saxium
1742 2265 1772 2292 in

94 2299 158 2328 dori
171 2299 342 2332 Muiaionis,
362 2302 466 2335 magni
477 2299 632 2335 logotheta:
645 2309 851 2334 successorem,
861 2301 892 2328 in
947 2301 1138 2330 Onomastico
1146 2301 1189 2328 nil
1200 2309 1366 2329 memorare
1375 2301 1465 2336 hujus
1474 2301 1605 2328 hominis
1615 2303 1643 2329 et
1652 2301 1773 2336 scripto-

94 2336 493 2372 cod.Ccesar.Vind.67.Vid.
505 2336 799 2372 Lambec.Vlll,pag.
810 2338 893 2365 1069-
945 2344 1013 2366 rum
1030 2337 1170 2365 varietate
1184 2340 1212 2364 et
1222 2337 1372 2364 honorum
1387 2335 1584 2372 amplitudine
1601 2337 1673 2364 satis
1690 2335 1770 2364 ciari.

96 2370 254 2408 1072,70011.
270 2371 384 2408 Fabric.
401 2372 437 2408 Β.
452 2372 503 2399 Gr.
524 2373 579 2406 Vll,
592 2379 621 2407 p.
638 2374 689 2401 675
708 2370 755 2400 ed.
773 2370 855 2400 Harl.
980 2374 1020 2408 (5)
1042 2372 1105 2400 Vid.
1133 2372 1245 2400 Fabric.
1269 2372 1409 2408 Βίὸιηρν.
1435 2370 1492 2400 vol.
1506 2372 1580 2408 erl,
1596 2381 1626 2408 p.
1643 2373 1694 2400 675
1708 2379 1771 2407 seq.

130 2406 255 2448 (glVidz
267 2407 412 2448 pangium
463 2406 644 2448 Glossmill,
661 2415 690 2448 ρ.
700 2410 744 2448 30_.
754 2408 891 2448 etpatrite
946 2406 1107 2448 Hal-Libiq.
1117 2411 1257 2448 escerpta
1278 2406 1544 2448 CatalogiPar-isini
1555 2408 1588 2448 II_,
1598 2406 1632 2448 'p_.
1645 2409 1696 2447 444
1707 2406 1771 2442 seq.

95 2442 232 2478 notitiam
249 2443 317 2471 hinc
331 2442 409 2471 adde
425 2443 557 2471 Fabricio
568 2444 643 2471 Bibl.
662 2442 714 2472 Gr.
728 2444 747 2471 l.
764 2442 892 2472 l.'l£tiam
946 2446 974 2472 et
990 2442 1098 2472 Labbei
1116 2442 1282 2472 [Μίδων.
1300 2451 1367 2470 mss.
1383 2442 1401 2471 Ι.
1417 2443 1437 2471 l.
1450 2443 1500 2470 His
1519 2442 1612 2478 ipsis'
1623 2442 1694 2470 locis
1709 2449 1773 2471 rem

97 2475 169 2515 illud
184 2479 261 2515 adde
275 2479 369 2514 ipsius
384 2478 478 2506 ﬁlium
490 2479 636 2507 Joannem
655 2479 824 2507 Cliumnum
839 2487 892 2507 nec
946 2479 1062 2515 confici,
1077 2481 1106 2507 et
1124 2479 1323 2515 Nicephorum
1343 2479 1443 2514 hujus.
1462 2475 1562 2515 quem
1583 2478 1771 2515 exhibemus,

97 2512 197 2551 minus
214 2512 439 2551 claruissecum
450 2515 631 2551 scriptorum
660 2515 772 2550 majore
798 2523 890 2551 quam
945 2514 1012 2543 libri
1025 2518 1176 2542 auctorem
1186 2512 1251 2551 esse
1262 2515 1325 2551 ipse
1335 2512 1457 2551 quoque
1469 2512 1601 2542 limatius
1618 2513 1701 2548 vidit,
1714 2521 1773 2541 me-

97 2554 150 2587 pro
159 2549 217 2577 illis
230 2550 419 2587 temporibus
431 2549 588 2587 elegantia,
605 2553 666 2578 tum
684 2549 891 2587 virtuter'mili-
945 2558 1004 2586 que
1018 2553 1122 2586 postea
1136 2559 1189 2587 per
1200 2549 1311 2579 litteras
1325 2549 1450 2587 monuit.

97 2584 160 2617 tari,
172 2587 206 2622 ut
218 2594 264 2614 me
276 2584 376 2613 docuit
391 2585 470 2622 idem
486 2586 631 2622 limatius,
641 2586 691 2622 qui
705 2586 735 2614 in
746 2586 812 2614 cod.
828 2587 890 2614 Vat.
954 2584 962 2622 ξ
982 2584 1027 2621 (6)’
1046 2584 1249 2622 [ἰυιίιξιιιρυς
1275 2594 1304 2622 p.
1325 2587 1372 2613 125
1400 2584 1555 2622 Ruhnken.
1577 2593 1584 2619 ;
1600 2584 1771 2622 Quintilian.

98 2625 127 2645 n.
145 2621 290 2657 ti2hujus
305 2620 464 2657 epistolam
493 2620 626 2649 offendit
647 2620 704 2649 hoc
721 2622 802 2649 titulo
818 2630 824 2649 :
840 2625 892 2649 Τοῦ
945 2621 1045 2650 Insul.
1065 2625 1143 2650 orat.
1164 2620 1203 2654 ix',
1224 2624 1240 2648 2
1257 2620 1301 2654 10,
1324 2628 1354 2656 p.
1375 2622 1425 2648 H3
1453 2620 1605 2656 Spalding.
1625 2629 1631 2654 ;
1660 2621 1774 2648 Ernesti

99 2656 383 2697 napaxmympivou’roﬁ
396 2658 517 2693 Χούμνου
539 2656 634 2683 ἑκείνου
654 2661 734 2694 κυροῡ
761 2657 875 2684 Ίωοίννοιι

998 2665 1018 2686 ι’.
1034 2657 1162 2686 technol.
1178 2658 1229 2698 Gr:
1246 2657 1359 2698 rhetor.
1373 2663 1402 2698 ρ.
1414 2658 1449 2698 Ξῖ
1459 2664 1467 2698 5
1484 2663 1660 2698 quanquam
1668 2657 1774 2698 sophi-

99 2692 159 2730 τερος
173 2691 215 2730 rei}
232 2691 323 2730 ξάυτοῡ
337 2694 437 2729 πατέρα
453 2691 503 2719 ’ἐπὶ
521 2696 568 2719 τοῦ
590 2691 734 2720 κανικλέἰου
755 2693 875 2722 ἑπιστολῆ

996 2701 1198 2730 πυγωνᾳυρᾳυο
1215 2692 1362 2730 feruntur
1374 2691 1565 2730 ίὰντῃρῥηῂωεοί,
1578 2691 1633 2730 fuitp
1646 2691 1772 2730 Libanii,

101 2725 141 2752 ὅτε
154 2728 205 2762 μετ’
219 2728 311 2764 ὀλίγων
323 2730 391 2756 πάνυ
403 2725 530 2766 ’τρόπαιον
556 2730 603 2755 σὺν
635 2733 692 2764 Θεῷ
716 2730 811 2759 ἵστησι
825 2738 874 2755 κατ

102 2764 148 2788 τῶν
163 2762 309 2799 βαρϐάρωνλ

997 2725 1235 2793 ζᾶοϋὲᾉοὲὶόῖἓόη.
1251 2728 1291 2757 Cf.
1302 2727 1375 2758 ibid.
1387 2725 1470 2764 p.20,
1486 2725 1588 2765 ibique
1604 2727 1705 2758 Photri
1718 2728 1773 2756 Bi-

136 2771 148 2788 ν
163 2771 309 2802 Ραρῦᾱρωνλ

949 2771 1053 2793 οιιοιη.
1069 2771 1136 2793 θοαί
1157 2771 1214 2793 ιϋυι
1535 2795 1539 2799 _
1560 2797 1563 2798 ν
