1967 3080
46 87 123 115 1413

679 87 760 116 λων.
776 85 954 115 PLOTINUM
972 87 1018 115 DE
1032 89 1154 119 ANIMA.

1684 95 1755 124 1414

46 150 126 185 εἶχεν
168 149 362 187 ἐνηρμοσμένα
399 151 454 180 τοῖς
484 149 634 186 νεκρωθεῖσι
674 152 720 175 τοῦ
758 152 876 184 σώματος

958 157 1012 176 ans
1028 150 1129 179 vivens
1135 153 1304 189 corpus,ibi
1317 154 1419 183 ﬁnitur
1427 156 1477 184 ubi
1493 155 1599 184 etillud
1608 160 1716 186 cessat.
1725 157 1755 186 Si

47 196 165 230 μέρεσιν
197 202 205 227 ;
243 192 311 219 Ἀλλ’
341 192 437 219 ἄτοπον
466 197 549 220 ταῦτα
590 196 649 231 περί
691 196 738 219 τοῦ
766 192 877 230 ἀμεροῦς

46 241 96 264 νοῦ
134 238 163 255 ⁵⁵
192 247 249 263 και
277 238 444 263 παντάπασιν
465 237 579 268 ἀπαθοῦς
608 248 654 264 και
688 236 876 273 ὑπολαμϐάνειν

48 292 98 308 και
117 281 214 317 λέγειν
231 290 239 297 ⁶
264 283 324 319 περί
353 280 377 307 δ’
404 282 436 312 ἧς
459 283 552 318 ἔφημεν
574 282 687 319 ῥευστῆς
715 281 809 317 ψυχῆς
833 291 877 307 και

47 327 191 363 φθαρτῆς,
217 324 299 352 οὐδὲν
325 325 441 359 ἀπεικὸς,
466 326 521 353 ἐπεί
549 336 593 353 και
615 329 770 364 μεμέρισται
798 326 876 359 αὕτη,

48 373 98 397 καὶ
135 374 243 397 τοῦτον
271 368 305 399 δὴ
331 372 374 396 τὸν
401 373 495 407 τρόπον
518 372 603 397 πάντα
637 372 725 407 φθάνει
762 372 794 396 τὰ
831 374 877 396 τοῦ

49 419 191 452 σώματος
220 418 314 452 μόρια,
337 416 463 451 πνεύματι
500 414 534 444 δή
561 425 611 441 τινι
641 416 744 450 ζωτικῷ
774 424 803 450 γε
825 416 878 440 ἄντι

49 460 253 496 ἐποχουμένη,
274 469 319 485 και
345 461 409 495 μετὰ
427 461 520 485 τούτου
545 458 720 486 διαϐαίνουσα
745 462 791 484 τοῦ
815 459 879 489 ζῶν-

49 514 95 534 τος
143 507 281 539 σώματος
304 508 440 539 πανταχῆ,
469 503 521 530 ἐκεῖ
539 503 573 534 δὴ
591 505 614 522 ⁵⁵
630 506 756 541 περαίνει,
772 503 832 529 ὅποι
854 503 878 521 ⁵⁸

52 548 88 578 δὴ
112 559 163 575 και
180 552 268 575 τοῦτο
285 551 463 584 συμπεραίνει.
480 549 510 575 Εἰ
523 547 553 575 δὲ
571 559 596 575 τι
613 550 692 575 πάθοι
716 552 766 574 τῶν
783 552 877 584 μερῶν,

50 603 99 619 και
116 595 150 619 τό
177 603 212 628 γε
240 594 324 624 πάθος
347 595 394 622 τήν
409 603 435 619 τε
461 597 508 619 τοῦ
535 595 678 629 πνεύματος
700 603 803 622 κινησιν
834 602 879 618 και

51 641 103 667 τὴν
120 637 231 664 αὐτόσε
257 638 279 655 ⁵⁷
295 641 341 667 τῆς
361 637 454 673 ψυχῆς
469 639 562 666 στήσοι
587 636 722 672 διάϐασιν,
751 639 826 663 τοῦτό
851 646 879 671 γε

52 691 102 708 και
131 685 311 719 νενέκρωται,
341 686 388 708 τοῦ
416 684 461 711 τήν
489 682 558 712 ζωὴν
585 682 690 712 ἓνιέντος
718 682 878 717 ἀπολειφθὲν,

54 737 102 753 και
129 729 170 763 μὴ
206 725 354 762 δυνάμενον
379 727 418 752 ἔτι
451 729 570 762 μετέχειν
597 726 677 752 αὐτοῦ
701 737 708 743 ·
733 725 780 752 κᾶν
809 724 838 752 δέ
853 726 879 761 γ’

55 770 96 797 ἐπ’
124 771 196 797 αὐτὸ
228 773 308 808 μέρος
331 774 378 797 τοῦ
410 773 529 807 σώματος
560 771 596 796 ὶόν
624 770 701 807 βάλοι
714 773 743 797 τὸ
771 770 879 800 πάθοςὸ

930 201 992 229 qua
1000 202 1069 222 vero
1076 203 1146 231 pars
1154 198 1294 234 patiatur,
1303 199 1465 236 passioque
1472 201 1591 237 spiritus
1597 204 1713 230 motum
1725 204 1755 230 et

931 238 1041 266 animos
1048 241 1283 275 permeationem
1291 243 1385 279 sistat,
1394 252 1429 272 ea
1436 253 1505 282 pars
1521 247 1672 278 emoritur,
1684 254 1753 274 cum

931 289 998 310 eam
1009 283 1076 311 vitae
1085 285 1265 322 principium
1274 287 1472 325 derelinquat,
1485 297 1581 326 neque
1592 290 1687 326 possit
1697 291 1753 318 hu-

929 326 977 361 jus
990 327 1140 365 particeps
1155 337 1232 358 esse.
1250 332 1383 360 Siautem
1391 334 1486 369 ipsam
1495 335 1628 370 corporis
1639 338 1755 371 partem

931 371 1065 400 vulneret
1079 373 1181 409 passio
1194 382 1262 411 quas
1278 377 1480 413 principatum
1493 381 1573 407 tenet
1598 387 1682 413 ;cum
1706 380 1755 408 hic

932 415 1054 451 spiritus
1069 418 1106 445 sit
1118 419 1227 447 animas
1246 420 1345 448 vitalis
1353 422 1535 455 vehiculum,
1547 425 1647 452 statim
1657 425 1756 453 omnis

932 459 992 488 vita
1011 465 1151 498 corrupta
1165 463 1267 492 ﬁnitur
1281 474 1287 499 ;
1299 467 1444 502 quoniam
1458 468 1522 496 haec
1537 470 1598 497 vita
1608 471 1756 507 corrupti-

932 503 1000 532 bilis
1014 508 1068 541 est,
1083 510 1114 534 ut
1123 509 1338 544 supposuimus
1346 514 1374 540 et
1380 511 1443 547 jam
1451 512 1690 543 demonstratum
1698 503 1753 544 est.

933 549 966 576 Et
973 549 1127 583 igiturnon
1135 552 1307 588 simpliciter
1313 556 1424 583 secund
1430 565 1479 584 um
1487 560 1755 593 mentemvivimus,

933 593 985 621 sed
994 595 1156 629 cogitantes
1166 596 1389 627 benevivimus.
1398 601 1490 636 Hujus
1499 605 1600 631 autem
1608 608 1756 641 corruptas

933 639 1042 666 animae
1053 639 1161 668 melius
1171 643 1215 669 est
1226 642 1324 671 dicere
1334 647 1362 672 et
1372 649 1543 682 corruptam
1554 656 1619 676 esse
1629 639 1708 677 hanc
1716 650 1757 678 vi-

935 684 1012 716 tam;
1029 691 1114 711 mens
1127 693 1198 713 vero
1212 689 1239 714 et
1254 695 1321 723 quae
1337 690 1502 718 secundum
1515 699 1583 720 eam
1598 696 1642 721 est
1654 694 1757 722 anima.

933 733 968 754 ac
979 727 1049 761 vita,
1069 736 1138 756 cum
1151 729 1280 759 debeant
1291 739 1360 760 cum
1368 741 1492 770 corpore
1503 737 1670 765 secundum
1678 738 1756 766 hanc

933 770 1125 800 harmoniam
1136 775 1315 803 concinnato
1328 779 1510 813 conversari,
1522 785 1709 817 permanent,
1722 790 1757 811 ea

57 814 92 845 δὴ
109 825 158 841 και
169 818 225 844 τὴν
242 815 331 852 ἀρχὴν
347 817 421 850 ἴσχει
438 826 444 831 ·
456 819 531 841 τοῦτο
559 813 584 841 δ’
600 814 664 841 εἶναι
679 816 704 833 ⁵³
725 817 755 841 τὸ
779 818 880 862 πνευμα

958 818 1070 850 urente,
1087 817 1183 846 soluta
1196 822 1297 848 autem
1316 823 1345 849 et
1357 821 1423 858 ipsa
1441 813 1531 852 mens
1543 825 1675 862 solvitur,
1684 813 1758 855 nihil

57 864 107 891 τῆς
136 860 263 890 ζωτικῆς
290 859 316 885 ὃν
343 859 436 895 ψυχῆς
473 861 575 895 ὄχημα,
605 860 682 890 εὐθὺς
703 869 748 886 και
775 861 805 885 τό
831 859 879 895 ζῇν

59 903 119 930 ὅλον
150 905 256 941 φθαρὲν
283 905 423 936 πέπαυται,
453 905 552 934 ταύτης
570 902 603 933 δὴ
631 908 681 935 τῆς
704 904 774 934 ζωῆς
799 904 880 940 φθαρ-

59 953 110 979 τῆς
133 950 239 981 οὔσης,
270 949 305 979 ὡς
328 949 473 984 ὑπεθέμεθα
500 958 546 974 και
567 947 620 978 ἤδη
648 947 782 975 δέδεικται
808 959 814 964 ·
835 957 880 974 και

60 996 151 1019 τοίνυν
171 993 204 1019 οὐ
237 994 307 1018 κατὰ
330 996 389 1018 νοῦν
422 992 508 1023 ἁπλῶς
543 995 634 1028 ζῶμεν,
671 992 734 1019 ἀλλὰ
765 996 880 1022 νοοῦντες

61 1037 88 1063 εὖ
123 1037 228 1073 ζῶμεν.
251 1041 305 1068 Τῆς
326 1035 356 1063 δὲ
384 1038 549 1074 φθειρομένης
581 1037 675 1073 ψυχῆς
691 1038 715 1055 ⁵⁸
729 1039 786 1063 ἔστι
818 1036 881 1073 μᾶλ-

61 1081 104 1107 λον
151 1082 240 1108 εἰπεῖν
268 1084 314 1107 καὶ
347 1084 394 1110 τὴν
434 1082 602 1118 φθειρομένην
629 1081 695 1107 εἶναι
721 1082 744 1099 ⁶⁰
782 1082 880 1110 ταύτην

64 1127 136 1157 ζωήν
153 1135 159 1141 ·
176 1130 244 1158 νοῦς
265 1125 295 1152 δὲ
309 1128 354 1152 καὶ
377 1127 392 1155 ἡ
421 1128 488 1152 κατὰ
514 1130 604 1152 τοῦτον
637 1126 714 1162 ψυχὴ
742 1128 787 1152 καὶ
813 1127 879 1160 ζωὴ,

63 1174 203 1206 πεφυκότα
243 1173 400 1208 παραμένειν
432 1169 513 1200 τήνδε
555 1173 603 1200 τὴν
631 1171 755 1207 ἁρμονίαν
801 1172 882 1208 ἡρμο-

67 1217 154 1251 σμένῳ
184 1219 225 1250 τῷ
249 1218 364 1251 σώματι,
394 1217 574 1252 παραμένουσι
603 1225 770 1246 συνεστωσης
789 1215 878 1249 αὐτῆς,

66 1259 198 1290 λυθείσης
230 1259 263 1286 δὲ
286 1262 330 1286 καὶ
360 1259 439 1290 αὐτὸς
463 1259 603 1286 ἀπολυεται
630 1261 665 1294 ⁸¹,
691 1261 772 1296 μηθὲν
790 1261 880 1286 παθὼν

67 1302 207 1339 ἀκήρατος
225 1314 269 1334 τις
283 1306 328 1330 καὶ
345 1303 448 1335 ἀπαθὴς
467 1305 511 1338 ῶν,
536 1307 582 1330 καὶ
597 1304 683 1330 οὐκέτι
712 1306 775 1340 πρὸς
807 1304 881 1342 ἔτερα

69 1347 223 1383 μεταϐαίνει
254 1353 305 1374 τῶν
339 1349 466 1384 σωμάτων
495 1349 550 1374 οὔθ’
578 1349 686 1384 ὁμογενῆ
718 1353 755 1384 τῷ
785 1351 879 1384 πρώτῳ

69 1395 113 1418 καὶ
137 1391 168 1418 οὗ
192 1392 371 1429 ἔξεφοίτησιν,
405 1395 463 1419 οὔτε
493 1395 558 1429 πρὸς
585 1394 658 1430 ἕτερα
683 1394 779 1429 θηρίων
804 1397 880 1419 τινῶν

69 1438 114 1461 καὶ
140 1435 259 1472 ἀλόγων,
286 1439 331 1462 καὶ
358 1435 470 1473 μηδαμῆ
507 1438 590 1472 τούτῳ
616 1440 810 1474 προσηκόντων.
841 1437 879 1463 Οὐ

70 1481 118 1516 γὰρ
136 1479 184 1517 ἐρᾷ
201 1482 305 1507 τούτων
328 1479 430 1511 οὐδενός
459 1489 466 1496 '
485 1481 500 1511 ἡ
527 1484 596 1512 τινος
619 1482 699 1508 ἕνεκεν
727 1484 793 1518 μήτε
817 1483 880 1519 πρὸς

71 1523 175 1560 ἀρετὴν,
203 1528 274 1562 μήτε
298 1527 362 1562 πρὸς
384 1528 477 1551 κακίαν
503 1526 668 1562 ἁρμοζόντων
701 1526 785 1552 αὐτῶν
813 1525 880 1562 βου-

72 1567 168 1604 λομένῳ
200 1571 266 1606 περὶ
291 1570 337 1600 τὰς
366 1568 496 1600 διαθέτεις
520 1571 618 1601 ταύτας
642 1571 827 1608 ἁρμόζεσθαι;
848 1572 880 1597 Τί

73 1614 122 1649 γὰρ
154 1613 186 1639 ἂν
217 1614 316 1640 οἰκεῖον
347 1617 393 1640 καὶ
418 1614 514 1651 πράξοι
539 1619 608 1648 νοῦς,
636 1614 735 1651 ἀλόγων
763 1617 880 1651 εμπεσὼν

75 1658 160 1692 φύσει,
192 1661 242 1684 καὶ
275 1659 357 1694 ταύτῃ
391 1657 614 1695 ἱνδιαιτώμενος;
640 1659 696 1686 Οὐκ
726 1661 798 1686 ἔστιν
824 1658 880 1686 οὐδ’

75 1700 185 1736 ὄργάνου
200 1704 273 1732 τινὸς
291 1706 382 1738 τυχεῖν
409 1703 436 1734 ἐξ
456 1703 549 1736 αὐτῶν,
575 1703 669 1740 ψυχῆς
690 1708 749 1730 νοῦν
765 1703 880 1740 ἐχούσης

76 1748 119 1771 καὶ
132 1745 221 1782 λόγον,
246 1745 480 1783 ἐξυπηρετουμένου
497 1747 673 1784 βουλημασιν,
687 1749 749 1775 Ἐπὶ
764 1747 793 1775 δὲ
813 1750 881 1785 φυτὰ

77 1793 130 1820 πῶς
143 1790 174 1816 ἂν
188 1794 237 1817 καὶ
250 1790 367 1827 ἀφίκοιτο
383 1799 390 1824 ;
409 1791 424 1820 ἡ
446 1792 487 1817 ἳνα
507 1792 589 1829 θρέψῃ
612 1793 670 1827 (21)
695 1796 740 1819 καὶ
755 1793 858 1830 αὐξήσῃ
872 1801 879 1827 ;

77 1832 143 1860 Ἀλλ’
167 1834 278 1866 οὐδενὸς
296 1837 393 1861 τούτων
413 1836 472 1862 οὔτε
485 1839 601 1872 μετέχει,
615 1837 670 1864 οὔτ’
695 1839 765 1864 ἔστιν
785 1837 879 1874 ἐρῶσα,

76 1877 152 1914 ψυχὴ
169 1880 300 1916 ἀμεγέθης
314 1883 359 1906 καὶ
374 1882 460 1918 νοιρά.
488 1882 568 1907 Πόθεν
587 1880 616 1908 δὲ
647 1886 736 1918 φυτοῖς
761 1882 880 1920 ἑτέρωθιν

77 1923 105 1948 τό
119 1923 166 1960 ζῇν
183 1934 190 1958 ;
205 1924 286 1952 ’Άλλο
309 1925 402 1960 ψυχῆς
415 1925 491 1951 πάλιν
502 1924 571 1956 εἶδος
597 1930 684 1960 τοῦτο,
711 1925 794 1963 μηδεν
813 1937 880 1964 συμ-

79 1965 173 2001 εαὲνον,
193 1967 266 2005 μηδὲ
279 1971 382 2004 ταυτὸν,
406 1969 468 2006 μήτ’
484 1971 680 2007 αἰσθανομένοις
699 1971 762 2003 ὅλως
791 1972 878 2006 ζώοις,

78 2015 140 2047 μήτε
158 2016 345 2050 μετεσχηκόσι
358 2023 427 2045 νοος.
456 2018 506 2041 Καὶ
522 2020 585 2051 γοῦν
611 2015 632 2042 εἰ
652 2015 740 2052 βούλει
765 2017 801 2048 εἰς
820 2019 881 2054 τρία

78 2060 160 2084 ταῦτα
179 2057 314 2086 διελέσθαι
334 2058 436 2094 ψυχὴν,
455 2062 542 2086 πᾶσαν
568 2062 613 2086 καὶ
638 2060 718 2095 ζωὴν,
747 2065 806 2087 νοῦν
831 2060 879 2091 δη-

79 2098 162 2128 λονότι
176 2105 223 2129 καὶ
243 2104 369 2132 αἴσθησιν
389 2106 434 2130 καὶ
448 2106 495 2133 τὴν
511 2105 641 2142 ὁρωμένην
662 2104 687 2131 ἐν
706 2109 761 2136 τοῖς
780 2110 879 2142 φυτοῖς,

81 2143 161 2181 ὀρθῶς
186 2146 217 2173 ἃν
254 2145 360 2178 διελοις.
396 2150 445 2174 Καὶ
470 2152 560 2175 τοῦτον
591 2150 649 2185 ἔχει
673 2151 716 2176 τὸν
743 2160 837 2187 τροπον
867 2151 881 2176 ὁ

934 860 1060 895 patiens,
1077 861 1227 898 siquidem
1243 865 1370 901 simplex
1380 870 1409 895 et
1419 868 1617 904 impassibilis
1630 860 1682 906 est,
1702 880 1757 901 nec

931 904 995 939 jam
1004 905 1044 933 ad
1052 905 1110 934 alia
1121 909 1313 944 transmigrat
1322 916 1461 947 corporat
1472 921 1570 951 neque
1580 904 1679 952 primo
1688 925 1758 946 con-

934 955 990 983 gen
994 957 1044 977 era
1049 958 1086 978 ex
1091 958 1153 986 quo
1159 960 1278 987 egressa
1284 957 1336 990 est,
1347 963 1444 993 neque
1450 958 1490 986 ad
1496 959 1554 987 alia
1560 962 1757 996 quorumdam

934 993 1109 1023 animalium
1121 999 1150 1023 et
1159 997 1408 1028 irrationabilium
1417 1004 1445 1029 et
1455 1003 1537 1031 nullo
1548 993 1640 1033 modo
1650 1006 1675 1033 ei
1684 1014 1756 1035 con-

933 1039 1127 1067 venientium.
1147 1042 1211 1069 Non
1222 1042 1301 1070 enim
1322 1044 1414 1072 ullum
1431 1054 1467 1074 ex
1485 1047 1532 1075 his
1551 1052 1633 1077 amat
1646 1059 1653 1083 ;
1666 1053 1694 1078 et
1703 1059 1757 1079 cur

934 1086 1057 1118 amaret,
1074 1091 1145 1112 cum
1155 1086 1271 1114 nullum
1281 1095 1318 1115 ex
1327 1088 1376 1116 his
1390 1098 1487 1127 neque
1498 1093 1536 1120 ad
1547 1094 1691 1122 virtutum
1706 1103 1756 1124 ne-

934 1134 993 1162 que
1012 1127 1052 1155 ad
1070 1129 1217 1158 malitiam
1236 1131 1480 1164 deceatmentem
1490 1144 1558 1173 quas
1568 1138 1615 1166 his
1631 1139 1757 1176 disposi-

934 1170 1064 1200 tionibus
1080 1173 1217 1219 adaptari
1232 1176 1301 1205 velit
1316 1178 1330 1205 ‘I
1344 1179 1420 1211 Quid
1434 1170 1515 1209 enim
1532 1184 1643 1219 proprii
1656 1170 1758 1219 ageret

933 1223 1030 1252 mens,
1050 1217 1089 1245 ad
1097 1218 1340 1250 irrationabilium
1352 1227 1490 1254 naturam
1507 1217 1659 1263 depressa,
1675 1238 1710 1258 ac
1726 1230 1757 1258 in

933 1259 984 1288 illa
994 1260 1107 1308 degens
1127 1271 1134 1296 ;
1150 1264 1336 1300 impossibile
1357 1269 1401 1295 est
1432 1259 1581 1304 organum
1599 1259 1757 1308 quoddam

933 1305 1014 1340 aqud
1036 1305 1085 1335 illa
1103 1307 1239 1343 inveniri,
1256 1310 1296 1338 ab
1311 1311 1413 1340 anima
1421 1317 1552 1343 mentem
1568 1319 1596 1344 et
1609 1305 1757 1347 rationem

932 1348 1072 1385 habente,
1084 1352 1166 1387 quod
1179 1353 1361 1384 voluntatem
1369 1357 1503 1392 adjuvet.
1514 1360 1559 1387 Ad
1569 1361 1688 1396 plantas
1704 1371 1758 1391 au-

933 1396 993 1421 tem
1013 1396 1168 1430 quomodo
1188 1397 1309 1428 abiret?
1328 1401 1404 1428 Num
1421 1404 1452 1430 ut
1466 1410 1518 1431 eas
1531 1406 1642 1434 nutriat
1666 1409 1694 1435 et
1704 1415 1744 1435 au

933 1441 1001 1473 geat
1015 1439 1087 1467 ‘Ised
1094 1440 1200 1469 harum
1210 1442 1317 1470 nullius
1326 1446 1525 1483 estparticeps
1540 1456 1638 1485 neque
1646 1459 1755 1479 amans

897 1506 917 1534 Ο
933 1483 1036 1511 anima
1051 1486 1265 1519 magnitudinis
1286 1495 1393 1534 expers
1422 1493 1450 1518 et
1476 1483 1651 1529 intelligens.
1674 1495 1757 1524 Unde

933 1530 1034 1554 autem
1044 1528 1154 1564 plantis
1171 1530 1229 1558 vita
1242 1531 1256 1558 ‘2
1268 1531 1333 1560 Alia
1352 1532 1402 1561 illa
1421 1535 1529 1563 animae
1555 1539 1678 1574 species,
1694 1548 1756 1569 non

933 1571 1050 1605 eadem,
1066 1580 1164 1609 neque
1179 1576 1358 1604 conveniens
1377 1581 1429 1606 aut
1447 1571 1642 1610 sentientibus
1655 1585 1758 1615 anima

932 1615 1013 1644 libus
1028 1620 1079 1645 aut
1093 1619 1410 1657 mentisparticipibus.
1426 1626 1520 1660 Atque
1535 1625 1625 1661 igitur
1634 1628 1660 1656 si
1670 1629 1715 1657 vis
1726 1630 1757 1658 in

933 1662 988 1688 tria
999 1661 1051 1689 illa
1068 1662 1202 1691 dividere
1211 1672 1332 1693 omnem
1346 1667 1480 1696 animam
1489 1677 1524 1697 ac
1534 1670 1637 1707 vitam,
1647 1681 1758 1711 nempe

933 1709 1074 1742 mentem,
1090 1715 1213 1736 sensum
1219 1710 1372 1747 vitamque
1378 1720 1445 1741 eam
1453 1721 1521 1750 quae
1531 1715 1561 1743 in
1569 1716 1679 1753 plantis
1697 1709 1759 1748 ani-

934 1750 1137 1788 madvertitur,
1156 1756 1234 1782 recte
1242 1754 1367 1783 divides.
1378 1757 1410 1784 Et
1422 1757 1503 1787 hunc
1529 1750 1655 1790 modum
1665 1763 1760 1793 habet

933 1795 1033 1823 omnis
1053 1795 1090 1824 de
1123 1797 1226 1826 anima
1256 1800 1362 1828 oratio.
1389 1803 1490 1838 Neque
1517 1804 1626 1834 mirum
1656 1810 1701 1836 est
1722 1809 1756 1841 si,

934 1840 1195 1876 quemadmodum
1210 1843 1286 1871 inter
1306 1852 1338 1872 se
1357 1848 1592 1884 communicant,
1607 1853 1637 1878 et
1649 1852 1757 1880 animas

933 1892 1046 1912 nomen
1062 1886 1265 1921 unaretinent,
1276 1888 1318 1916 ita
1331 1890 1496 1925 etprimam
1506 1895 1534 1920 et
1542 1895 1708 1924 secundam
1722 1905 1758 1926 ac

934 1929 1050 1957 tertiam
1064 1937 1115 1958 eas
1125 1931 1290 1965 cogitemus
1306 1941 1314 1966 ;
1327 1937 1356 1962 et
1374 1934 1448 1963 alias
1464 1937 1588 1972 quidem
1623 1939 1699 1968 inter
1727 1950 1759 1971 se

935 1973 1108 2002 immediate
1122 1977 1357 2012 communicare,
1373 1979 1447 2007 alias
1465 1988 1538 2010 vero
1559 1983 1689 2013 mediate
1705 1994 1760 2022 per

935 2026 986 2046 eas
1003 2026 1072 2055 quae
1090 2019 1180 2055 longe
1193 2023 1262 2049 sunt
1280 2029 1379 2059 neque
1391 2024 1462 2060 ipsis
1470 2027 1625 2062 proximae.
1650 2019 1759 2060 Anima

935 2062 1016 2090 enim
1034 2063 1210 2099 intelligens,
1222 2066 1321 2102 prima
1333 2076 1340 2100 ;
1357 2075 1416 2096 non
1432 2072 1534 2098 autem
1548 2079 1584 2100 eo
1594 2073 1661 2109 ipso
1674 2076 1760 2111 quod

935 2107 1036 2135 anima
1055 2110 1099 2136 est
1112 2117 1119 2142 ;
1131 2109 1281 2145 siquidem
1297 2112 1465 2141 secundum
1479 2114 1537 2143 hoc
1550 2107 1615 2145 non
1633 2107 1761 2149 aliamn-

936 2152 992 2186 gis,
1007 2152 1065 2181 alia
1079 2153 1308 2188 minus;omnes
1320 2156 1401 2184 enim
1411 2159 1564 2195 aequaliter
1574 2162 1681 2190 animae
1690 2167 1760 2194 sunt

80 2191 134 2226 περὶ
149 2189 245 2227 ψυχῆς
263 2191 339 2228 λόγος
353 2195 414 2222 πᾶς.
434 2191 511 2219 Ἐστι
531 2191 557 2219 δ’
576 2184 652 2220 οὖδὲν
683 2184 777 2228 δεινὸν,
793 2196 880 2233 ὥσπερ

958 2196 990 2224 ad
1008 2196 1081 2233 quia
1095 2184 1220 2233 simplex
1235 2202 1281 2227 est
1295 2202 1323 2228 et
1337 2184 1457 2238 semperL

82 2236 124 2259 καὶ
138 2235 161 2252 ⁶²
180 2240 348 2263 κοινωνοῦσιν
376 2235 499 2268 ἀλλήλαις
521 2240 565 2264 καὶ
585 2242 632 2264 τοῦ
660 2238 740 2265 αὐτοῦ
766 2249 880 2276 συμμετ-

82 2278 174 2312 ἀχουσι
199 2281 292 2317 ψυχῆς
322 2281 457 2318 ὀνόματος,
478 2281 545 2308 οὕτω
573 2281 607 2312 δὴ
635 2285 680 2309 καὶ
707 2287 811 2320 πρώτην
835 2287 881 2311 καὶ

83 2318 201 2360 δευτέραν
231 2328 277 2352 καὶ
303 2329 395 2362 τρίτην
422 2328 519 2357 ταύτας
563 2330 628 2353 νοεῖν
646 2338 654 2344 -
670 2330 715 2354 καὶ
758 2330 803 2359 τὰς
835 2331 880 2366 μὶν

935 2243 1062 2277 pertinet
1075 2242 1115 2269 ad
1133 2242 1267 2278 primum
1276 2244 1454 2282 principium
1474 2250 1503 2276 et
1525 2242 1650 2279 naturas
1671 2261 1706 2281 ac
1715 2254 1760 2282 in.

935 2285 1067 2314 tellectus
1081 2286 1134 2322 qui
1146 2287 1224 2316 circa
1239 2288 1311 2317 illud
1323 2293 1401 2319 sunt.
1424 2292 1579 2322 Secundus
1606 2299 1706 2326 autem
1716 2302 1761 2328 est

936 2338 1044 2359 sensus
1058 2333 1088 2359 et
1101 2339 1168 2368 quae
1180 2333 1348 2362 secundum
1361 2343 1431 2365 cum
1441 2340 1486 2366 est
1512 2339 1625 2376 anima,
1648 2345 1722 2378 quia.
1731 2349 1760 2375 et

767 2392 879 2426 Varias
903 2393 1076 2428 lectiones.

85 2442 108 2495 ξς
116 2446 171 2476 νοός
189 2447 252 2475 Vat.
287 2447 315 2495 ξε
331 2445 366 2495 ξὲ
383 2448 446 2495 κίοι
484 2448 525 2495 “fa
537 2449 587 2478 ὅπη
606 2448 674 2495 Eat.
711 2450 736 2467 ⁵⁷
751 2450 831 2482 αὐτῆς
846 2452 883 2479 Va

126 2481 215 2495 Λυυ-ἶ--
228 2482 256 2495 ε..
274 2484 284 2495 ι
297 2483 325 2495 ι..
440 2482 485 2495 3.-.
507 2493 513 2495 Α
531 2494 535 2495 ,
555 2494 560 2495 ι
635 2487 662 2495 ,Α
711 2486 735 2495 ε.
786 2489 791 2495 1
830 2486 837 2495 ι
857 2494 860 2495 ,

958 2452 1062 2495 ξἸέχει
1084 2456 1141 2488 τοῦ,
1154 2455 1184 2480 τὸ
1212 2452 1237 2480 δ’
1257 2453 1322 2482 εἶναι
1346 2458 1409 2486 Vat.
1425 2458 1450 2476 ⁸⁸
1466 2459 1551 2488 Vind.
1571 2461 1652 2491 male
1678 2463 1758 2495 ζωῆς.

86 2477 108 2495 ⁸ο
126 2481 216 2510 omiss
227 2482 259 2511 in
274 2482 359 2512 Vind.
397 2483 420 2501 ⁸¹
437 2482 590 2511 ἀπολέλυται
606 2477 672 2514 Vat;
710 2486 735 2504 ⁶²
750 2489 795 2513 καὶ
807 2477 883 2515 abes

958 2489 1007 2516 ’at.

871 2549 981 2584 Notae.

190 2606 228 2634 De
243 2606 362 2651 ὄχήἢεεξτι
376 2607 470 2651 fugi;
491 2608 551 2651 vid:
565 2609 770 2651 Wyttenbach.
776 2610 827 2651 _ad_
834 2611 904 2640 Plat.

90 2636 227 2678 ῌΙὶωᾶοη.
241 2636 279 2678 ιίῖ
288 2636 350 2670 317.
375 2636 520 2672 Caeterum
542 2636 591 2672 hic
600 2636 905 2676 “NAEABAEiiQ‘iééEs'

91 2671 264 2709 depravatu‘s
279 2678 405 2706 videtur.

191 2713 388 2754 Conjunctug)
402 2722 473 2754 cum
489 2715 581 2754 hujus
595 2716 653 2744 loci
668 2720 845 2754 argumento
859 2721 905 2748 est

91 2740 218 2780 lepidum
226 2740 905 2791 άῖάῶῷῖῑοάὼῖῑᾱᾶῖδέῆῐεέἱῇὄῇἆιῶ

960 2612 992 2662 ἔτι
1002 2613 1147 2662 ἔξιξῖξοςςι.
1157 2615 1198 2662 ρο
1206 2615 1327 2662 Agrea,
1338 2617 1360 2660 II,
1372 2625 1399 2646 ο..
1409 2619 1478 2662 ἦα,
1488 2619 1518 2654 b,
1530 2620 1661 2662 indeque
1673 2627 1757 2662 apud

962 2649 1085 2691 Suidam
1101 2650 1138 2691 ll_,_
1166 2659 1196 2691 ρ.
1227 2653 1303 2691 354]Δ
1314 2649 1359 2691 me
1373 2656 1417 2691 καὶ
1432 2649 1518 2687 ’θείως
1530 2649 1659 2691 (inertia;

981 2684 1106 2713 robante
1117 2684 1253 2728 [iu-itero)
1277 2687 1361 2728 λίανὸ
1382 2684 1510 2728 Π-λωτζνος
1531 2684 1611 2727 εἶπεν,
1639 2684 1760 2728 eligi-13;;

959 2723 1079 2756 ἐμμανῶς
1104 2723 1172 2749 κατὰ
1207 2723 1253 2754 τὰς
1287 2724 1425 2760 θρεπτικὰς
1455 2725 1580 2764 δυνάμεις
1602 2723 1760 2769 ’ἄνεργοῦσιν

958 2759 1030 2783 οῦτοι
1042 2755 1238 2785 κινδυνεύουσιν
1253 2757 1497 2798 ἀποδενδρῳθῆναι.
