1967 3080
22 90 50 116 5

635 88 715 116 Αῡν.
736 87 911 118 PLOTINUM
931 89 976 118 DE
1003 91 1116 120 ΑΝΙΜΑ

20 151 221 188 τιθεμένους
245 149 260 181 ἦ
285 149 442 186 ὶννοοῦνταςς
470 149 517 178 οὐκ
548 151 604 178 ἔστι
637 154 728 178 τοῦτον
765 151 809 177 τὸν
851 152 945 188 τρόπον

1633 93 1702 120 1426

979 163 986 170 ·
1014 156 1079 190 μήτι
1111 163 1141 190 γε
1169 155 1215 180 καὶ
1241 154 1284 180 τὸν
1313 157 1371 180 νοῦν
1401 154 1551 190 φθείρισθαι
1581 155 1701 181 τίθεσθαι

32 199 153 229 νοεῖν,
166 194 257 222 Ἐστιν
274 193 318 221 οὗν
338 194 376 222 ἀεὶ
390 197 435 222 καὶ
455 194 587 232 ἄπιστὴμη
608 198 681 222 πᾶσα
691 197 736 222 καὶ
750 196 765 225 ἡ
779 195 837 222 κατ’
852 196 933 226 αὐτὴν
944 200 1033 234 μνήμη
1049 201 1093 225 καὶ
1107 201 1198 230 νόησις
1213 198 1237 225 ἄν
1251 198 1340 235 ψυχῇ.

19 239 58 270 τ’-
102 241 218 267 Τούτου
248 238 276 266 δ’
300 241 372 270 ὄντος
394 243 440 267 καὶ
463 238 695 277 ἆποδιδιιγμίνου,
716 239 776 266 οὒτε
795 241 822 266 τὸ
838 241 862 268 Α

19 285 255 322 ῑμιμήσκεσθαι
292 290 339 314 τὴν
377 284 470 322 ψυχὴν
511 286 582 312 ἔστιν
609 283 741 322 οὑδάμῶς,
765 289 824 311 οῡτι

19 331 256 367 προϋφεστάναι
270 331 368 359 ταύτην
391 333 438 356 τοῦ
465 331 533 361 ζὼου
558 334 605 356 τοῦ
630 332 824 367 μιτισχηκότος

19 378 77 406 ηῆς
122 385 130 393 ο
160 375 239 402 πόθεν
265 372 291 401 δ’
315 375 435 412 ἕτέρωθιν
473 375 535 412 ἡμῖν
570 375 594 394 ³⁸
624 374 773 401 ἀπαντῶσιν
796 377 823 404 αἱ

48 419 229 456 ἐπιστῆμαι
269 417 353 456 μηδὲν
393 422 516 458 πρότερον
549 422 607 457 περὶ
648 420 732 446 αὐτῶν
755 417 824 446 εἰδο-

46 473 60 498 ;
103 464 190 501 Ἐμοὶ
227 462 323 500 δοκεῖν,
359 464 399 490 ὅτι
427 466 515 501 ὡσπερ
542 466 575 491 σὺ
601 463 824 502 προδημιουργῶν

19 519 22 538 :
66 508 187 545 ιιιυχὰς
227 513 277 535 τῶν
305 510 430 546 σωμάτὼν
458 509 539 546 λέγιις
553 511 589 546 μὴ
620 509 731 544 ἀμαθεῖς
757 507 825 545 μηδ’

19 556 85 580 ’ὧν
141 557 194 580 τῶν
234 552 384 590 ἄπιοι-ημῶν
427 552 501 589 εἶναι,
542 553 594 580 ἀλλ’
639 553 664 580 ἓν
703 554 757 590 ζωῇ
786 561 825 580 τιμ

19 608 40 634 ᾳ
105 598 137 616 ⁸ο
171 597 258 634 τελείῳ
299 596 328 624 δί
370 600 414 625 καὶ
444 602 479 634 νῷ
512 599 534 617 ³(
561 598 696 633 τελούσας,
728 597 824 628 τελείας

19 653 71 677 nu,
132 646 180 670 καὶ
217 643 241 661 ³³
281 645 372 673 νόησιν
426 647 514 670 πᾶσαν
564 646 609 670 καὶ
662 643 821 680 ἓπιστήμην,

19 698 61 714 τω
87 686 133 718 δὴ
161 687 242 724 κάμοὶ
268 686 488 725 ἀποδεδειγμένου
518 688 726 725 συγγιγὲνῆσθαι
757 692 820 715 ταύ-

19 743 33 764 ς
65 735 129 759 καὶ
161 733 342 770 συνυπάρχιιν
368 736 423 765 τοῖς
456 735 600 770 μιτὲχουσι
625 734 711 768 ζώοις,
745 731 820 760 οπᾶδᾶν

19 787 118 804 κττον
144 777 245 808 salsius
274 779 353 808 οὔσας
381 777 450 808 ζωὴν
474 781 518 804 καὶ
544 782 613 812 νοῦν,
636 777 734 809 τελείας
756 776 820 804 εἶναι

19 824 35 848 ὶ
77 824 142 852 τήν
182 822 328 859 ἓπιστήμην
350 823 374 840 ³³
399 825 443 850 καὶ
464 825 511 853 τὴν
546 827 642 859 γνῶσιν
670 823 750 854 αὐτῆς
784 824 818 851 ³⁴.

58 870 149 899 τίνος
178 868 258 894 ἔνικιν
281 867 334 904 οὐχ
363 867 443 899 οὕτως
465 877 472 902 ;
501 868 569 895 Ἀλλ’
603 867 708 900 οὐδενὸς
735 867 819 906 οἶμαι,

22 910 54 939 δ,

19 967 99 994 map
140 956 205 983 αὖτὸ
244 958 274 983 τὸ
320 957 385 988 ζῶον
428 959 461 983 τὰ
490 961 580 995 νοερᾶς
607 960 706 990 ταύτης
727 958 822 994 ψυχῆς

19 1003 141 1038 ιτέχον,
190 1001 339 1033 αἰσθήσεως
375 1001 401 1028 ὂν
444 1003 518 1037 ζῶον,
554 1000 629 1029 οὐδὲν
657 1004 702 1039 μὶν
729 1002 821 1029 τέλιιον

19 1048 74 1072 κτὰ
124 1046 224 1075 ταύτην
263 1048 311 1075 τὴν
357 1047 483 1075 αἴσθησιν
522 1045 627 1084 ἐνιργεῖ,
667 1049 746 1082 μήπω
773 1051 822 1073 τῶν

19 1091 183 1119 ἰσθητικῶν
240 1089 354 1126 ὀργάνων
392 1090 585 1127 τετελεσμένων,
638 1092 822 1128 προαχθέντων

19 1135 25 1145 ’
46 1135 90 1165 ei;
108 1138 189 1160 τοῦτο
208 1133 306 1167 τῧιους,
337 1134 389 1161 τότ’
412 1134 468 1161 ἔστὶ
500 1137 545 1161 καὶ
571 1137 664 1166 παντός
695 1139 740 1162 τοῦ
765 1127 823 1161 κατ’

19 1180 148 1208 “ia-Gnatia
165 1178 440 1212 ἆντιληπτικὸν,οὗτω
460 1177 494 1208 δὴ
525 1181 570 1206 καὶ
597 1183 665 1215 νοῦν,
692 1179 718 1211 ἐξ
745 1180 824 1211 αὐτῆς

19 1228 107 1260 ρχῆς
123 1223 338 1261 ¹ἀναμεμιγμένον
377 1226 422 1250 καὶ
452 1227 704 1261 συνανακικραμένον
731 1225 824 1254 αἰσθή-

19 1278 44 1294 ει
72 1270 127 1294 καὶ
164 1271 275 1304 σώματι,
316 1269 360 1294 καὶ
394 1267 487 1294 τέλειον
512 1269 574 1294 οντα
605 1269 664 1294 κατ’
694 1268 759 1295 ἄλλα
780 1266 825 1295 καὶ

19 1314 94 1342 ὑτὴν
133 1314 181 1341 τήν
225 1311 384 1349 ὶπιστὴμην,
419 1312 519 1339 τελείων
555 1311 660 1339 διῖσθαι
698 1316 743 1339 καὶ
775 1317 825 1342 τῶν

19 1358 144 1395 ργάνων,
171 1355 208 1383 δι’
234 1367 269 1383 ων
295 1356 325 1383 ἀν
352 1359 397 1383 καὶ
424 1358 489 1393 μετὰ
518 1360 638 1393 σώματος
672 1355 753 1389 δείξοι
779 1359 826 1403 τὴν

19 1414 26 1427 ι
74 1402 173 1433 αὐταῖς
201 1401 357 1439 ἐπιστήμαις
383 1400 495 1438 δύναμιν
530 1402 609 1429 αὐτοῦ
639 1403 662 1420 ³⁵
685 1405 730 1429 καὶ
758 1400 826 1440 ὶνέρξ

148 1445 268 1484 ’Ὄργανα
309 1445 334 1473 δ’
373 1446 415 1473 ἐπὶ
451 1448 558 1478 ταύταις
591 1446 638 1474 εἷεν
666 1447 696 1473 ἄν
720 1447 825 1488 ψυχῆς⁹

19 1491 166 1529 ὀρῤώτερα
196 1493 254 1528 μὲν,
289 1491 416 1522 αἴσθησις
445 1494 491 1518 καὶ
524 1492 537 1521 ἦ
569 1490 595 1523 ὶξ
620 1491 702 1522 αὐτῆς
730 1502 826 1528 φαντα-

113 1537 193 1567 αὒτῆς
230 1536 254 1554 “
297 1534 321 1562 δ’
360 1536 432 1566 εὐθὺς
469 1536 598 1573 ἐξημμὲνα
644 1537 776 1567 κάκείναις
798 1537 820 1554 ³“¹

19 1456 102 1474 ιιιαν.

19 1539 68 1570 δία,

914 243 941 270 6.
961 242 1033 276 Quae.
1049 251 1112 271 cum
1128 243 1242 277 itasint,
1258 243 1533 271 utdemonstratum
1542 245 1701 280 est,neque

877 287 1027 316 recordari
1040 288 1174 317 animam
1203 287 1423 316 admittendum
1447 290 1492 316 est
1514 295 1612 324 neque
1634 296 1701 316 eam

878 331 1001 359 animali
1014 340 1081 361 eam
1102 332 1262 361 continenti
1276 332 1487 368 praeexsistere.
1500 332 1585 360 Unde
1601 335 1701 360 autem

878 379 1038 406 occurrunt
1057 377 1187 406 scientia:
1197 377 1285 406 nobis
1300 377 1382 413 prius
1413 376 1486 404 nihil
1514 377 1676 404 scientibus
1689 378 1703 406 ἲ

880 421 914 448 Ut
928 421 1001 450 mihi
1029 422 1158 456 videtur,
1183 421 1443 459 quemadmodum
1467 423 1508 454 tu,
1537 422 1701 449 animarum

878 466 1147 502 praeexsistentiam
1163 467 1286 500 docens,
1297 474 1348 494 eas
1355 474 1415 494 non
1423 466 1703 500 scientiarumigna-

879 518 928 539 ras
943 511 1027 546 dicis,
1053 513 1107 540 sed
1136 512 1281 549 quoniam
1311 511 1368 540 vita
1398 511 1528 547 perfecta
1552 513 1579 539 et
1606 513 1704 540 mente

879 555 1010 592 perfecta
1028 557 1161 593 praeditas
1177 557 1244 590 sint,
1265 556 1411 593 perfectas
1433 563 1554 592 quoque
1580 564 1644 584 esse
1658 564 1706 584 co~

879 600 1020 634 gitatione
1033 609 1068 629 ae
1082 601 1214 633 scientia,
1228 601 1268 629 ita
1297 600 1369 628 mihi
1395 600 1636 628 demonstratum
1661 602 1706 629 est

877 652 928 672 eas
943 646 1084 674 eonnasci
1117 648 1147 674 et
1173 645 1304 682 incipere
1341 653 1402 673 una
1428 653 1497 672 cum
1521 645 1704 673 animalibus

875 697 943 725 quas
956 697 1007 718 eas
1022 690 1184 727 accipiunt,
1208 693 1317 718 etcum
1342 689 1537 717 nihilominus
1567 689 1705 725 perfectas

875 735 934 762 sint
949 734 1010 763 vita.
1025 742 1060 763 ac
1074 737 1183 770 mente,
1207 735 1248 763 ita
1275 734 1422 770 perfectas
1445 741 1508 762 esse
1534 734 1657 762 scientia
1678 736 1706 762 et

874 778 1054 813 cognitione.
1070 781 1128 807 Aut
1139 786 1234 816 quare
1247 786 1309 806 non
1330 778 1410 806 idita
1437 778 1537 805 esset?
1560 777 1703 806 l’rofectov

873 825 906 851 ut
925 823 1042 860 opinor,
1059 831 1157 860 neque
1170 825 1202 851 tu
1215 822 1398 851 contrarium
1412 821 1536 857 diceres,
1547 830 1645 858 neque
1652 822 1705 850 de-

875 870 1071 897 monstrares.
1080 869 1178 896 Restat
1190 867 1279 902 igitur
1286 872 1328 900 ut,
1337 866 1599 903 quemadmodum
1608 867 1707 903 ipsum

93 912 132 938 ἂν
160 914 194 939 σὺ
221 914 299 949 φαίης
322 910 381 939 οὐδ’
406 912 436 939 ἃν
461 911 568 945 δείξαις.
593 916 716 940 Λιίπιται
735 916 820 940 τοίνυν

916 912 1080 940 imalbanc
1103 912 1315 948 intelligentem
1340 911 1474 939 animam
1505 910 1661 939 continens
1676 914 1706 939 et

876 956 1027 989 sensibile,
1041 956 1116 984 nihil
1132 959 1231 985 tamen
1264 955 1428 992 perfectum
1457 963 1510 992 per
1537 955 1594 983 hos
1623 956 1706 992 ipsos

876 1009 984 1029 sensus
1011 1003 1163 1038 operatur,
1211 1000 1348 1029 nondum
1381 999 1519 1036 perfectis
1561 1007 1706 1027 sensuum

876 1046 1014 1080 organis;
1024 1048 1185 1082 postquam
1197 1048 1297 1073 autem
1306 1044 1344 1072 ad
1352 1044 1566 1081 perfectionem
1575 1043 1707 1072 adducta

877 1093 957 1126 sunt,
973 1090 1189 1118 tuncomnium
1201 1097 1268 1125 qute
1291 1088 1458 1117 secundum
1484 1096 1605 1116 sensum
1637 1091 1707 1116 sunt

877 1142 975 1172 capax
993 1137 1047 1168 est,
1063 1135 1105 1162 ita
1125 1136 1153 1162 et
1168 1142 1253 1162 mens
1273 1134 1312 1162 ab
1335 1133 1418 1161 initio
1433 1133 1567 1161 immista
1582 1134 1610 1160 et
1632 1141 1705 1160 con—

878 1179 945 1207 fusa
958 1187 1027 1208 cum
1043 1179 1181 1208 sensibus
1214 1181 1243 1207 et
1269 1186 1404 1215 corpore,
1431 1178 1484 1206 etsi
1514 1178 1643 1214 perfecta
1670 1177 1707 1205 sit

877 1225 1001 1261 reliquis
1012 1226 1041 1253 et
1059 1225 1125 1261 ipsa
1138 1223 1271 1258 scientia,
1297 1223 1434 1259 perfectis
1463 1225 1564 1250 tamen
1583 1222 1705 1257 organis

879 1271 965 1304 egeat
977 1277 1030 1305 per
1045 1277 1113 1306 quae
1124 1268 1213 1297 simul
1233 1276 1303 1296 cum
1319 1275 1447 1304 corpore
1466 1267 1604 1295 ostendat
1618 1274 1706 1295 suam

880 1314 909 1341 in
923 1314 989 1349 ipsa
1005 1313 1129 1341 scientia
1156 1313 1294 1340 virtutem
1324 1314 1352 1340 et
1382 1311 1559 1339 efﬁcaciam.
1587 1311 1706 1346 Organa

880 1360 982 1386 autem
996 1357 1031 1385 iis
1046 1357 1236 1385 inservientia
1247 1364 1314 1392 qua:
1322 1355 1441 1390 longius
1453 1355 1492 1383 ab
1502 1355 1603 1383 anima
1615 1357 1704 1390 stant,

881 1405 950 1430 sunt
964 1410 1069 1430 sensus
1085 1403 1113 1429 et
1128 1401 1289 1437 phantasia
1301 1410 1307 1433 ;
1321 1408 1389 1436 quae
1406 1402 1505 1428 autem
1520 1399 1577 1435 ipsi
1595 1399 1704 1427 animos

880 1446 1038 1474 adhaerent
1059 1449 1087 1474 et
1104 1445 1342 1482 praecedentibus
1358 1444 1448 1472 mista
1458 1446 1535 1474 sunt.
1566 1443 1704 1478 cogitatio

879 1493 906 1519 et
929 1491 1043 1527 opinio.
1072 1490 1191 1519 Talibus
1234 1489 1356 1524 organis
1376 1497 1461 1516 mens
1494 1487 1649 1515 scientiam
1672 1487 1704 1515 in

877 1535 1056 1572 corporibus
1070 1537 1220 1572 operatur,
1244 1536 1271 1562 et
1299 1536 1375 1561 recte
1402 1532 1524 1569 quidem
1552 1534 1701 1568 operatur,

20 1583 106 1614 ιικτὰ,
135 1579 241 1607 διάνοια
264 1582 309 1607 καὶ
337 1579 412 1612 δόξα.
444 1582 517 1608 Μιτὰ
545 1584 595 1606 τῶν
619 1582 742 1607 τοιούτων
765 1585 820 1612 νοῦς

914 1580 1001 1608 tundo
1023 1582 1101 1608 recte
1115 1587 1145 1607 se
1160 1578 1272 1606 habent
1284 1578 1333 1606 illa
1346 1585 1461 1612 organa
1486 1586 1493 1611 ;
1513 1577 1586 1604 nihil
1603 1579 1703 1604 autem

21 1627 163 1662 πιστὴμας
191 1624 214 1651 ἄν
247 1628 302 1656 τοῖς
332 1627 451 1661 σώμασιν
498 1624 592 1662 ἐνεργεῖ
619 1635 626 1642 ·
654 1627 699 1651 καὶ
727 1624 823 1662 ὶνεργσῑ

20 1672 54 1696 in
85 1669 124 1703 εὖ,
153 1669 238 1701 καλῶς
274 1667 308 1699 δὴ
333 1672 378 1696 καὶ
406 1673 456 1696 τῶν
487 1670 604 1707 ὀργάνων
632 1669 730 1696 τούτων
759 1671 821 1706 ἑχόν

20 1724 60 1740 ’ων
77 1715 103 1732 ³⁸
118 1725 124 1732 ·
140 1713 216 1740 οὐδὲν
237 1712 265 1741 δ⁴
291 1715 409 1751 ἄριστον,
434 1717 480 1740 τοῦ
507 1713 615 1750 ἀρίστου
634 1724 663 1750 γε
683 1717 728 1741 καὶ
761 1716 821 1741 τού-

20 1769 59 1784 ’ων
74 1758 293 1795 ἀπολειπομένων.
312 1760 399 1795 Ταύτῃ
425 1768 466 1785 τοι
494 1761 538 1784 καὶ
558 1759 630 1785 ἔστιν
658 1758 682 1784 ἐν
711 1759 750 1789 οἷς
775 1760 820 1795 μὲν

20 1802 119 1835 ι-ὶόινὸς
157 1807 207 1830 τῶν
247 1802 413 1840 βοηθούντων
447 1802 522 1834 ἐκτός
546 1801 642 1837 δεῖται,
666 1802 719 1829 ἀλλ’
742 1803 820 1835 αὐτὸς

20 1850 139 1886 ιποχρῶν
170 1847 240 1874 ἔστιν
269 1847 364 1882 ἑαυτῷ,
392 1851 439 1874 τοῦ
479 1847 697 1884 ἒπιπροσθοῠντος
724 1850 819 1878 παντὸς

20 1896 102 1931 ὧσπερ
127 1892 263 1928 ἀνακύψας
293 1903 300 1910 ·
336 1891 360 1918 ἐν
389 1893 427 1924 οἷς
456 1890 485 1919 δὲ
509 1894 554 1919 καὶ
584 1897 630 1919 τοῦ
658 1891 819 1929 βοηθοῦντος

20 1938 106 1969 ἔξωθεν
128 1936 224 1968 δεῖται,
256 1938 309 1974 οὐχ
332 1938 364 1968 ὡς
395 1936 594 1973 ἐπιλιλησμένος
617 1941 667 1963 τῶν
690 1947 818 1974 προεγνω-

20 1985 118 2009 σιιένων
132 1982 203 2017 αὐτῷ
224 1979 321 2014 δεῖται,
342 1981 397 2008 αλλ’
425 1981 492 2008 ὦστι
517 1983 546 2008 τὸ
575 1981 740 2020 προπλασθὶν
766 1984 817 2008 πᾶν

20 2030 61 2053 καὶ
88 2028 200 2065 κρύπτον
228 2027 307 2058 αὐτὸς
338 2028 436 2064 σαρκὸς
459 2028 542 2063 πάχιι
567 2027 591 2044 ³⁹
617 2029 662 2053 καὶ
689 2027 752 2058 ὗλης
772 2037 816 2064 μι-

20 2074 94 2106 γέντα
120 2070 266 2101 δυνηθῆναι
291 2072 379 2108 ῥᾷστα
403 2071 482 2108 ῥῆξαι
515 2073 560 2098 καὶ
593 2070 746 2104 ἀποθέσθαι,
771 2074 816 2098 καὶ

20 2117 130 2154 καθάπερ
153 2119 204 2153 πῦρ
242 2119 348 2152 σώμασι
382 2114 416 2145 δὴ
445 2125 514 2142 τισιν
537 2115 676 2152 ἕμφαλεῦον
699 2117 816 2151 παχυτέ-

20 2170 72 2197 pot;
100 2165 130 2197 τῇ
160 2162 232 2191 ἐκτὸς
256 2159 342 2197 πληγῇ
373 2160 524 2197 ἄκραγῆναι,
560 2163 605 2187 καὶ
633 2162 662 2187 τὸ
691 2160 715 2187 ἐν
744 2161 814 2196 αὐτῷ

20 2207 156 2240 γνωστικὸν
195 2209 248 2241 φῶς
290 2206 350 2231 ὅσον
385 2206 429 2231 καὶ
454 2204 517 2239 οἷον⁷
547 2204 696 2242 ἐπιστήμην
726 2208 813 2232 πᾶσαν

20 2249 128 2287 πληροῦν
142 2248 236 2281 δεῖξαι.
252 2250 300 2276 Διὰ
318 2253 394 2276 τοῦτο
421 2251 465 2275 καὶ
486 2250 519 2275 ὧν
547 2250 641 2286 ἔφημεν
666 2249 813 2281 αἱσθήσιώς
829 2269 851 2295 D

21 2304 45 2321 τι
56 2298 151 2325 καὶτῆς
163 2294 190 2326 ἕξ
204 2294 285 2325 αὐτῆς
314 2296 459 2331 φαντασίας
483 2294 538 2331 ἅμα
563 2293 592 2321 δὲ
624 2297 669 2321 καὶ
697 2293 812 2326 διανοίας

21 2341 61 2365 καὶ
75 2338 162 2374 δόξης,
174 2340 240 2377 πρὸς
253 2341 300 2369 τὴν
320 2343 370 2365 τῶν
397 2339 475 2365 ὀντων
501 2338 649 2377 ἐπιστήμην
675 2341 720 2366 καὶ
745 2343 812 2375 γνῶ-

24 2393 70 2417 σιν⁹
84 2383 108 2410 ἕν
122 2386 198 2420 χριίᾳ
219 2382 306 2413 δήπου
333 2384 465 2414 καθεστώς
484 2386 611 2420 φαίνεται,
640 2384 810 2414 πλησσόντων

23 2428 102 2466 ὥσπερ
135 2427 212 2455 αὐτὸν
251 2427 456 2466 ἐγκεκρυμμένον
486 2431 516 2465 τῇ
549 2428 597 2465 ὕλῃ
623 2431 669 2455 καὶ
696 2427 810 2467 ἁπορρη-

876 1624 1005 1660 excellit,
1019 1624 1072 1652 ubi
1089 1631 1193 1652 eanon
1223 1622 1376 1651 excellunt.
1399 1622 1481 1650 Unde
1506 1621 1540 1649 ﬁt
1566 1623 1599 1649 ut
1619 1621 1702 1649 nullo

875 1672 998 1697 externo
1014 1667 1124 1696 auxilio
1138 1668 1279 1702 indigeat,
1295 1668 1347 1695 sed
1361 1666 1416 1694 sibi
1429 1667 1495 1703 ipsa
1512 1665 1650 1698 sufficiat,
1662 1665 1701 1692 ab

875 1713 1016 1741 omnibus
1031 1713 1194 1741 obstaculis
1206 1720 1293 1749 quast
1322 1719 1477 1746 emergens
1503 1720 1509 1739 :
1538 1710 1701 1747 aliquando

875 1760 974 1786 autem
990 1760 1112 1786 externo
1124 1757 1236 1785 auxilio
1255 1756 1378 1791 indiget,
1405 1764 1463 1783 non
1495 1756 1578 1792 quod
1607 1755 1700 1783 oblita

874 1803 911 1830 sit
926 1811 1030 1830 eorum
1045 1811 1113 1838 quze
1124 1802 1206 1838 prius
1223 1803 1356 1835 noverat,
1368 1801 1420 1828 sed
1440 1803 1471 1828 ut
1486 1802 1552 1828 aute
1564 1808 1594 1827 se
1623 1799 1700 1835 plas-

874 1849 991 1875 matum
1006 1847 1080 1875 illud
1092 1847 1175 1883 quod
1191 1854 1258 1874 eam
1276 1845 1373 1873 carnis
1386 1845 1518 1872 crassitie
1534 1844 1699 1871 circumdat

873 1893 902 1920 et
913 1892 1069 1920 materiam
1083 1891 1273 1919 commistam
1287 1889 1372 1918 facile
1383 1889 1483 1917 valeat
1506 1888 1642 1923 frangere
1662 1896 1697 1915 ac

871 1937 1033 1974 deponere,
1042 1936 1335 1973 etquemadmodum
1345 1934 1421 1969 ignis
1430 1933 1612 1971 quibusdam
1619 1941 1698 1960 eras-

873 1982 1001 2010 sioribus
1024 1982 1186 2016 involutus,
1213 1984 1334 2009 externo
1358 1981 1428 2013 ictu,
1457 1979 1641 2014 effringatur,
1670 1981 1698 2007 et

871 2027 942 2055 illud
955 2027 1098 2055 noscendi
1112 2026 1213 2054 lumen
1230 2025 1354 2062 quodin
1370 2033 1405 2053 ea
1423 2027 1477 2059 est,
1498 2027 1646 2060 quantam
1669 2026 1698 2052 et

870 2072 991 2109 qualem
1003 2071 1157 2099 scientiam
1167 2070 1332 2107 adimplere
1342 2069 1447 2106 possit,
1455 2069 1601 2097 ostendat.
1615 2068 1694 2101 Ideo,

871 2119 902 2144 ut
913 2117 1055 2150 diximus,
1070 2115 1383 2151 sensusetphantasiae
1392 2122 1428 2142 ex
1444 2122 1479 2142 eo
1494 2113 1694 2150 procedentis,

869 2160 958 2189 simul
969 2163 996 2189 et
1009 2160 1194 2195 cogitationis
1205 2167 1239 2187 ac
1247 2159 1406 2195 opinionis,
1421 2158 1460 2186 ad
1474 2158 1587 2186 entium
1602 2157 1694 2185 scien-

869 2205 940 2234 tiam
956 2205 1236 2240 cogitationemque,
1253 2211 1310 2240 ope
1323 2203 1456 2238 indigere
1468 2203 1594 2236 videtur,
1613 2210 1692 2238 quae,

868 2253 900 2278 ut
917 2250 958 2278 ita
968 2250 1078 2284 dicam,
1105 2256 1173 2277 eam
1198 2248 1304 2276 feriunt
1333 2247 1457 2275 materia
1481 2246 1646 2274 involutam
1666 2248 1694 2274 et

866 2294 1038 2329 ett‘ringunt,
1055 2293 1157 2329 eteius
1173 2292 1270 2320 lucem
1295 2291 1334 2319 ad
1354 2291 1483 2319 scientiae
1510 2289 1693 2326 contempla-

865 2339 977 2368 tionem
988 2337 1273 2373 meditationemque
1296 2338 1433 2364 evocant.
1450 2335 1530 2368 inde,
1545 2342 1614 2362 mea
1625 2334 1691 2370 qui<

864 2383 934 2412 dem
954 2382 1109 2413 sententia,
1126 2382 1257 2410 scientiae
1277 2380 1406 2416 cognitio
1437 2379 1526 2408 nobis
1557 2378 1690 2407 advenit.

863 2428 934 2478 Inde
947 2435 1033 2456 mens
1044 2434 1111 2455 eam
1123 2434 1193 2454 cum
1204 2433 1330 2462 corpore
1343 2425 1454 2460 cogitat
1466 2426 1494 2452 et
1505 2423 1611 2452 rationi
1623 2430 1690 2450 eam

707 2544 817 2579 Varize
841 2543 996 2578 lections.

401 2682 426 2699 ὀ
439 2682 466 2708 αὶ
478 2681 563 2710 abest
576 2689 594 2710 ο.
609 2683 672 2710 Vat.

395 2717 419 2735 ³⁸
452 2718 519 2744 αὖτά
544 2717 627 2746 Vind.
667 2718 690 2735 3‘
719 2718 800 2744 miro-3

573 2753 596 2771 ³³
613 2754 689 2790 πάχη
704 2754 789 2782 Vind.

55 2682 77 2700 ’⁸
89 2683 193 2718 ὑστέρως
207 2681 292 2710 addit
300 2682 362 2710 Vat.

26 2715 81 2744 ίῖναι
114 2715 156 2747 τὴν
183 2717 270 2746 imor.
295 2718 357 2746 Vat.

29 2752 48 2769 ³⁸
59 2758 104 2780 τῶν
117 2752 144 2780 δι
157 2757 206 2780 τῶν
216 2753 330 2790 ὁργάνων
344 2753 457 2789 ἐχόντων
471 2753 534 2782 Vat.

710 2682 734 2700 ³ο
753 2682 855 2714 τελείως

830 2726 892 2747 non
920 2721 966 2746 est
993 2718 1024 2746 in
1051 2719 1112 2746 Vat.

995 2683 1016 2700 ³¹
1037 2682 1076 2708 νοῒ
1090 2681 1153 2710 Vat.
1192 2680 1216 2698 ³³
1242 2679 1311 2706 κατὰ
1334 2678 1426 2706 Vind.
1468 2678 1492 2694 ³³
1517 2678 1562 2703 καὶ
1588 2675 1686 2707 τελείας

1151 2717 1174 2734 ac
1204 2715 1284 2742 αὐτοῦ
1312 2716 1375 2744 ναι,
1414 2714 1435 2731 ³⁷
1463 2712 1592 2744 κάκείνοις
1620 2713 1684 2748 Vat,

867 2682 957 2711 Vind.
