1967 3080
9 90 97 119 425

648 90 729 118 ADV.
749 89 925 119 PLOTINUM
944 91 990 120 DE
1015 93 1129 122 ΑΝΙΜΑ

9 153 234 190 κοτιϐεμίνους
259 151 274 182 ἣ
298 151 456 188 ίννοοῦντας,
483 152 530 179 οὐκ
562 153 617 180 ἔστι
651 156 741 180 τοῦτον
778 153 822 179 τὸν
864 154 958 190 τρόπον

1647 96 1714 122 1426

993 165 999 172 ·
1027 158 1092 192 μήτι
1124 165 1154 192 γι
1183 157 1228 182 καὶ
1254 156 1297 182 τὸν
1326 159 1384 182 νοῦν
1414 156 1564 193 φθείρεσθαι
1594 157 1713 183 τίθεσθαι

9 200 60 224 αἱ
83 201 168 230 νοεῖν,
181 196 270 224 Ἔστιν
288 195 331 223 ούν
351 196 390 224 ἀεὶ
404 199 449 223 καὶ
468 196 600 234 ἄπιστήμη
621 200 694 224 πᾶσα
704 199 749 224 καὶ
764 198 778 227 ἡ
793 197 851 224 κατ’
865 198 946 228 αὐτὴν
957 201 1046 237 μνήμη
1062 203 1106 227 καὶ
1121 203 1211 232 νόησις
1226 200 1250 227 ὶν
1264 200 1353 237 ψυχῇ.

47 241 98 275 ς’.
127 243 231 269 Τούτου
261 239 289 268 δ’
314 242 386 272 ὄντος
409 245 454 268 καὶ
476 240 709 278 ἀποδεδειγμένου,
729 241 789 268 οὒτε
808 243 835 268 τὸ
851 243 874 270 Α

9 287 268 324 ιναμιμήσκεσθαι
306 292 352 316 τήν
390 286 484 322 ψυχὴν
524 288 595 314 ἔστιν
623 285 754 324 ούδάμῶς,
779 290 837 313 οὔτε

9 333 30 358 ὁ
57 332 269 368 προϋφεστάναι
283 332 381 361 ταύτην
405 335 451 358 τοῦ
478 332 546 362 ζώου
572 335 618 358 τοῦ
643 334 837 369 μετεσχηκότος

9 377 110 408 τῦτῆς
140 387 146 394 ·
174 377 252 403 πόθεν
279 374 304 403 δ’
329 377 448 414 ἓτέρωθεν
486 377 548 413 ἡμῖν
584 377 608 395 ’⁸
638 376 786 404 ἀπαντῶσιν
809 379 836 406 αἱ

9 421 27 439 ⁸
89 421 243 457 ἐπιστῆμαι
282 419 366 457 μηδὲν
406 423 529 459 πρότερον
563 424 620 459 περὶ
662 422 745 448 αὐτῶν
769 419 837 448 εἰδό-

9 475 59 492 τιν
88 475 98 500 ς
127 465 204 502 ἐμοὶ
240 463 336 501 δοκεῖν,
373 466 412 493 ὅτι
441 467 528 503 ὡσπερ
555 468 587 493 σὺ
614 465 837 504 προδημιουργῶν

9 512 66 541 ’ὰς
101 510 201 546 ψυχὰς
240 514 290 536 τῶν
318 511 443 547 σωμάτων
471 510 602 547 λέγειςμὴ
633 510 744 546 ἀμαθεῖς
770 508 838 547 μηδ’

9 555 114 581 ιῦτῶυ
156 558 207 581 τῶν
247 554 397 591 ὶπιστημῶν
440 553 514 590 εἶναι,
555 555 607 582 ἀλλ’
652 555 676 582 ἐν
716 556 770 592 ζωῇ
799 563 839 582 τε·

9 602 81 635 uia}
127 599 152 617 ³ο
184 599 271 635 τελείῳ
311 597 341 626 δὲ
383 601 428 626 καὶ
457 603 492 636 νῷ
525 600 547 618 ³¹
574 600 709 635 τελούσας,
741 599 837 631 τελείας

9 643 102 678 ςῖναι,
148 647 194 671 καὶ
231 645 255 662 ³³
294 646 385 674 νόησιν
439 648 527 672 πᾶσαν
577 648 622 672 καὶ
675 645 834 682 ὶπιστήμην,

9 689 94 715 νῦτω
113 687 149 719 δὴ
175 688 256 725 κάμοὶ
281 687 501 726 ἀποδεδειγμένου
531 689 740 726 συγγεγΞνῆσθαι
769 693 834 717 ταύ-

9 743 72 765 τας
95 737 146 760 καὶ
175 735 355 772 συνυπάρχειν
381 738 436 766 τοῖς
469 737 613 771 μετὲχουσι
638 735 724 770 ζώοις,
758 733 833 761 ούδὶν

9 779 135 805 ἔλαττον
158 779 258 809 ταλείας
287 780 366 809 οὔσας
394 779 463 809 ζωὴν
487 782 531 806 καὶ
557 783 626 813 νοῦν,
649 779 747 810 τελείας
768 778 833 806 εἶναι

9 826 67 850 καὶ
103 825 155 853 τήν
196 823 341 860 ὶπιστήμην
363 824 388 842 ⁸³
412 827 456 851 καὶ
477 827 524 854 τὴν
558 829 655 861 γνῶσιν
682 825 763 856 αὐτῆς
797 825 831 853 ³⁴.

9 868 55 895 ’Π
86 871 164 900 τίνος
192 869 271 896 ἕνεκεν
294 869 347 905 οὐχ
377 869 485 903 οὗτωςς
514 870 582 897 Ἀλλ’
616 868 721 902 οὐδενὸς
748 869 832 907 οζιιαι,

927 245 953 273 6.
975 245 1046 278 Quae
1062 253 1125 274 cum
1141 246 1255 279 itasiut,
1272 245 1546 274 utdemonstratum
1554 248 1714 282 est,neque

891 289 1040 318 recordari
1053 290 1187 319 animam
1216 289 1436 318 admittendum
1461 293 1505 318 est
1527 297 1625 326 neque
1647 298 1714 318 eam

891 333 1014 362 animali
1027 342 1094 364 eam
1115 335 1275 363 continenti
1289 334 1500 370 praeexsistere.
1513 335 1598 362 Unde
1614 337 1714 362 autem

891 381 1051 408 occurrunt
1071 379 1200 408 scientiae
1210 379 1298 408 nobis
1312 379 1394 415 prius
1426 378 1499 407 nihil
1528 379 1689 407 scientibus
1701 380 1716 409 ?

893 423 927 450 Ut
941 423 1013 451 mihi
1042 425 1171 458 videtur,
1196 424 1456 461 quemadmodum
1480 426 1521 456 tu,
1550 424 1714 452 animarum

892 468 1160 504 prmexsistentiam
1176 469 1299 502 docens,
1310 476 1361 496 eas
1368 476 1428 496 non
1435 468 1626 496 scientiarum
1632 469 1716 503 igna-

892 520 941 541 ras
956 513 1039 548 dicis,
1066 515 1120 542 sed
1149 514 1294 551 quoniam
1324 514 1381 541 vita
1411 513 1541 550 perfecta
1565 516 1592 542 et
1619 516 1717 542 mente

892 557 1022 594 perfecta
1041 559 1173 595 praeditas
1190 559 1256 592 sint,
1278 558 1424 595 perfectas
1446 566 1568 594 quoque
1594 566 1657 586 esse
1671 567 1719 587 co-

891 602 1032 636 gitatione
1045 611 1081 631 ac
1095 603 1281 635 seientia,ita
1309 602 1383 631 mihi
1408 602 1650 631 demonstratum
1675 605 1718 631 est

890 654 941 674 eas
955 648 1097 675 connasci
1130 650 1159 676 et
1185 648 1316 684 incipere
1354 655 1415 675 una
1441 655 1510 675 cum
1534 647 1716 675 animalibus

888 698 955 726 quae
968 699 1020 720 eas
1035 692 1196 728 accipiunt,
1221 695 1329 720 etcum
1355 691 1550 720 nihilominus
1581 692 1718 727 perfectm

887 737 946 764 sint
962 736 1023 765 vita
1038 745 1072 764 ac
1087 739 1196 772 mente,
1219 737 1260 764 ita
1288 736 1435 772 perfectas
1458 744 1521 764 esse
1548 735 1670 764 scientia
1691 739 1719 765 et

887 780 1067 815 cognitione.
1082 783 1140 809 Aut
1152 788 1246 817 quare
1260 788 1322 809 non
1343 780 1423 809 idita
1450 781 1550 808 esset?
1573 780 1716 808 Profecto,

886 827 919 853 ut
938 825 1054 861 opinor,
1072 833 1170 862 neque
1183 827 1215 853 tu
1228 825 1411 853 contrarium
1425 823 1549 859 diceres,
1560 832 1658 861 neque
1665 825 1718 853 de-

888 872 1084 899 monstrares.
1092 871 1191 898 Restat
1202 870 1292 904 igitur
1299 874 1340 903 ut,
1350 869 1612 905 quemadmodum
1621 869 1720 906 ipsum

31 912 83 940 ..δ’
116 913 127 922 1
197 915 202 923 \
274 916 280 923 1
356 912 393 940 »δι
421 913 431 923 I
474 913 491 941 δ
508 914 529 932 .r
647 918 654 924 I
675 925 684 930 ‘
784 918 789 924 ο

11 924 50 941 ολ
113 923 147 940 αν
173 923 207 939 συ
234 924 312 951 φαιης
335 924 364 940 ου
419 924 449 940 αν
493 924 581 946 ειςαις.
606 918 729 942 Λειπιται
749 925 829 942 τοινυν

929 914 1000 942 imal
1014 914 1093 942 hanc
1115 914 1328 949 intelligentem
1352 913 1487 941 animam
1519 912 1674 941 continens
1689 917 1718 942 et

13 959 118 995 ὥσπερ
154 958 218 984 αύτὸ
257 960 287 985 τὸ
333 958 398 989 ζῶον
441 960 474 985 τὰ
503 962 593 996 νοερᾶς
620 961 718 992 ταύτης
740 960 834 996 ψυχῆς

15 1005 155 1039 μετέχον,
203 1002 352 1034 αἰσθήσεως
388 1003 414 1029 ὃν
457 1005 531 1039 ζῶον,
567 1002 642 1031 οὐδὲν
670 1006 715 1041 μὲν
742 1004 834 1031 τέλειον

16 1049 98 1073 κατὰ
139 1048 237 1076 ταύτην
276 1049 323 1077 τὴν
370 1049 496 1076 αἴσθησιν
535 1047 639 1086 ἐνεργεῖ,
680 1051 759 1083 μήπω
786 1053 834 1075 τῶν

20 1093 196 1121 αἰσθητικῶν
252 1091 367 1128 ὀργάνων
406 1092 598 1128 τετελεσμένων,
651 1093 835 1130 προαχθέντων

21 1134 53 1162 δ’
71 1135 108 1166 εἰς
123 1139 202 1162 τοῦτο
221 1135 318 1169 τέλους,
349 1136 402 1162 τότ’
424 1135 481 1162 ἰστὶ
514 1139 558 1163 καὶ
584 1139 677 1167 παντός
707 1141 752 1164 τοῦ
778 1129 835 1163 κατ’

24 1181 162 1209 αἴσθησιν
178 1179 371 1214 ἀντιληπτικὸν,
386 1181 452 1206 οὕτω
473 1179 506 1210 δὴ
537 1183 583 1207 καὶ
610 1185 678 1216 νοῦν,
705 1181 731 1213 ἐξ
757 1182 837 1212 αὐτῆς

24 1224 122 1262 ἀρχῆς
138 1224 351 1263 ,ἀναμεμιγμένον
390 1227 435 1251 καὶ
465 1228 716 1263 συνανακεκραμένον
743 1226 836 1256 αἰσθή-

22 1279 65 1295 σει
91 1271 139 1295 καὶ
177 1272 287 1306 σώματι,
329 1271 373 1296 καὶ
406 1269 500 1296 τέλειον
524 1270 586 1296 ὂντα
618 1271 675 1296 κατ’
706 1270 771 1297 ἄλλα
793 1268 837 1296 καὶ

22 1315 109 1343 αὐτὴν
146 1315 194 1343 τὴν
238 1313 396 1351 ἆπιστήμην,
432 1313 532 1340 τελείων
568 1312 673 1341 δεῖσθαι
711 1318 755 1341 καὶ
787 1319 837 1344 τῶν

25 1359 157 1396 ὀργάνων,
184 1356 221 1384 δι’
247 1369 281 1384 ων
308 1358 338 1384 ἂν
365 1360 409 1384 καὶ
437 1359 502 1394 μετὰ
531 1362 651 1395 σώματος
684 1357 766 1391 δείξοι
791 1361 839 1406 τὴν

21 1403 48 1430 ἐν
91 1403 186 1434 αύταῖς
214 1403 370 1440 ἔπιστήμαις
396 1402 507 1440 δύναμιν
542 1404 621 1430 αὐτοῦ
651 1405 674 1422 ³⁵
697 1407 742 1431 καὶ
770 1402 839 1442 ἰνέρξ

27 1458 116 1483 γειαν.
160 1447 281 1485 ’Ὄργανα
321 1446 347 1474 δ’
386 1447 427 1475 ἐπὶ
464 1449 570 1479 ταύταις
604 1448 650 1475 εἶεν
678 1449 709 1475 ἄν
732 1449 837 1490 ψυχῆς,

22 1492 179 1530 πορρώτερα
209 1494 266 1529 μὲν,
302 1493 428 1524 αἴσθησις
457 1495 503 1519 καὶ
537 1494 550 1522 ἡ
581 1492 607 1524 ἐξ
632 1493 714 1524 αὐτῆς
742 1504 838 1530 φαντα-

25 1541 85 1571 σία,
125 1538 206 1568 αὐτῆς
242 1537 266 1555 ³⁸
310 1536 333 1564 δ’
372 1537 445 1568 εὐθὺς
481 1537 610 1574 ἐξημμένα
657 1538 788 1569 κάκείναις
810 1539 833 1556 ³⁷

889 958 1040 991 sensibile,
1054 958 1128 986 nihil
1143 961 1244 987 tamen
1277 957 1440 994 perfectum
1470 965 1523 993 per
1550 958 1607 985 hos
1636 959 1718 994 ipsos

889 1011 996 1031 sensus
1024 1005 1175 1039 operatur,
1223 1002 1360 1031 nondum
1394 1001 1531 1038 perfectis
1574 1009 1719 1030 sensuum

889 1048 1026 1082 organis;
1036 1050 1198 1084 postquam
1209 1050 1311 1075 autem
1319 1046 1356 1074 ad
1365 1046 1578 1083 perfectionem
1588 1046 1719 1074 adducta

890 1095 969 1128 sunt,
986 1094 1056 1120 tunc
1067 1092 1201 1120 omnium
1213 1099 1282 1127 quae
1304 1090 1471 1119 secundum
1497 1098 1618 1118 sensum
1649 1093 1720 1118 sunt

890 1144 988 1173 capax
1006 1139 1059 1170 est,
1076 1137 1117 1164 ita
1137 1138 1165 1164 et
1180 1144 1265 1164 mens
1285 1136 1324 1164 ab
1348 1135 1431 1163 initio
1446 1135 1579 1164 immista
1595 1137 1622 1163 et
1645 1143 1718 1163 con-

891 1181 957 1209 fusa
971 1189 1040 1209 cum
1056 1180 1193 1209 sensibus
1227 1183 1255 1209 et
1281 1188 1416 1217 corpore,
1443 1180 1497 1208 etsi
1526 1180 1655 1216 perfecta
1683 1180 1720 1208 sit

890 1227 1013 1263 reliquis
1024 1228 1053 1255 et
1071 1227 1138 1262 ipsa
1150 1225 1283 1260 scientia,
1309 1225 1447 1262 perfectis
1475 1227 1577 1252 tamen
1596 1224 1717 1260 organis

892 1273 978 1306 egeat
990 1279 1043 1307 per
1057 1279 1125 1308 quae
1136 1270 1226 1298 simul
1245 1278 1315 1298 cum
1331 1277 1459 1306 corpore
1479 1269 1616 1297 ostendat
1630 1276 1718 1297 suam

892 1316 922 1344 in
936 1316 1002 1352 ipsa
1018 1315 1141 1343 scientia
1168 1315 1306 1342 virtutem
1336 1316 1365 1342 et
1395 1313 1570 1342 efﬁcaciam.
1599 1314 1718 1348 Organa

893 1362 994 1388 autem
1008 1360 1044 1388 iis
1058 1359 1248 1387 inservientia
1259 1366 1326 1394 quae
1335 1357 1453 1392 longius
1465 1358 1504 1386 ab
1514 1358 1616 1385 anima
1627 1359 1716 1393 stant,

893 1407 962 1433 sunt
976 1412 1081 1432 sensus
1098 1406 1125 1431 et
1140 1403 1319 1439 phantasia;
1333 1410 1401 1438 qure
1418 1404 1517 1430 autem
1532 1401 1589 1437 ipsi
1607 1402 1716 1429 animae

892 1449 1050 1477 adhaerent
1071 1451 1099 1476 et
1116 1447 1354 1484 praecedentibus
1370 1447 1459 1474 mista
1470 1449 1547 1477 sunt,
1578 1446 1716 1481 cogitatio

891 1496 919 1521 et
942 1494 1054 1529 opinio.
1084 1492 1204 1521 Talibus
1247 1491 1368 1526 organis
1387 1499 1473 1519 mens
1506 1490 1661 1518 scientiam
1684 1490 1716 1518 in

889 1537 1068 1574 corporibus
1082 1540 1232 1574 operatur,
1256 1539 1284 1564 et
1310 1539 1387 1564 recte
1414 1535 1536 1572 quidem
1564 1537 1713 1571 operatur,

25 1584 119 1618 μικτὰ,
148 1580 254 1608 διάνοια
276 1584 322 1608 καὶ
349 1580 424 1613 δόξα.
456 1583 529 1609 Μετά
557 1587 607 1608 τῶν
631 1584 753 1609 τοιούτων
777 1587 829 1614 νοῦς

927 1582 1014 1610 :ando
1035 1584 1113 1610 recte
1127 1590 1158 1610 se
1172 1581 1284 1609 habent
1297 1581 1345 1608 illa
1358 1588 1473 1615 organa
1499 1589 1505 1614 ;
1525 1579 1598 1607 nihil
1615 1582 1715 1607 autem

26 1626 176 1663 ἐπιστήμας
203 1625 227 1652 ἰν
260 1630 315 1657 τοῖς
344 1628 463 1662 σώμασιν
510 1625 604 1663 ἐνεργεῖ
631 1636 638 1644 ·

25 1673 72 1707 μὲν
99 1670 136 1704 εὖ,
166 1671 250 1702 καλῶς
287 1669 320 1700 δὴ
346 1673 391 1697 καὶ
418 1675 468 1697 τῶν
500 1671 616 1709 ὁργάνων
644 1671 742 1698 τούτων
771 1673 833 1708 ὶχον

24 1726 76 1742 των
91 1715 115 1733 ³⁸
130 1726 137 1733 -
153 1714 228 1742 οὐδὲν
250 1713 278 1742 δ¹
303 1716 421 1752 ἄριστον,
446 1719 493 1742 τοῦ
519 1715 628 1752 ἀρίστου
647 1725 675 1752 γε
695 1719 740 1742 καὶ
773 1717 833 1742 τού-

23 1770 76 1787 των
89 1759 305 1796 ἀπολειπομένων.
325 1761 411 1796 Ταύτῃ
438 1769 478 1786 τοι
506 1762 551 1786 καὶ
570 1762 642 1786 ἔστιυ
671 1759 695 1786 ἐν
723 1761 762 1791 οἷς
787 1762 832 1796 μὲν

26 1803 131 1836 οὐδενὸς
170 1808 219 1831 τῶν
259 1803 425 1841 βοηθούντων
460 1804 534 1835 ἐκτὸς
558 1803 654 1838 δεῖται,
678 1804 731 1831 ἀλλ’
754 1805 832 1836 αὐτὸς

28 1850 152 1887 ἀποχρῶν
183 1848 252 1876 ἐστιν
281 1849 376 1884 ἑαυτῷ,
404 1853 451 1875 τοῦ
491 1848 709 1886 ἐπιπροσθοῦντος
736 1852 831 1880 παντὸς

29 1897 113 1932 ὥσπερ
140 1893 276 1930 ἀνακύψας
305 1904 312 1911 ·
348 1893 372 1920 ἐν
401 1894 439 1925 οἷς
468 1892 497 1920 δὲ
521 1896 566 1920 καὶ
596 1898 642 1920 τοῦ
670 1893 831 1930 βοηθοῦντος

30 1940 118 1971 ἔξωθεν
141 1937 236 1969 δεῖται,
268 1939 322 1975 οὐχ
344 1939 377 1969 ὡς
408 1938 606 1974 ἐπιλελησμένος
629 1943 679 1965 τῶν
702 1948 831 1976 προεγνω-

33 1986 129 2010 σμένων
144 1982 215 2018 αὐτῷ
236 1980 332 2015 δεῖται,
353 1983 409 2009 αλλ’
438 1982 504 2010 ὣστε
529 1985 558 2009 τὸ
587 1983 752 2021 προπλασθὲν
777 1986 829 2010 πᾶν

31 2031 74 2055 καὶ
100 2029 212 2066 κρύπτον
240 2028 318 2059 αὐτὸς
350 2029 448 2065 σαρκὸς
471 2029 555 2064 πάχει
579 2029 603 2046 ³9
629 2030 674 2055 καὶ
701 2028 764 2060 ὕλης
784 2039 829 2065 μι-

29 2075 104 2109 γέντα
132 2071 278 2102 δυνηθῆναι
303 2073 391 2110 ῥᾷστα
415 2072 493 2110 ῥῆξαι
528 2075 572 2100 καὶ
605 2072 758 2106 ἀποθέσθαι,
783 2075 828 2099 καὶ

29 2118 141 2155 καθάπερ
166 2121 216 2154 πῦρ
254 2120 361 2153 σώμασι
394 2115 427 2146 δή
457 2127 526 2143 τισιν
549 2117 687 2154 ἔμφαλεῡον
711 2119 828 2153 παχυτέ-

29 2172 83 2199 ροις
111 2166 141 2198 τῇ
172 2163 244 2192 ἐκτὸς
268 2161 354 2198 πληγῇ
385 2161 536 2198 ἐκραγῆναι,
572 2165 617 2188 καὶ
645 2164 674 2188 τὸ
703 2162 728 2189 ἐν
756 2162 826 2197 αὐτῷ

667 1629 711 1652 καὶ
739 1626 835 1664 ἐνεργεῖ

29 2208 168 2243 γνωστικὸν
207 2211 260 2242 φῶς
301 2207 362 2232 ὅσον
397 2208 441 2232 καὶ
466 2206 529 2240 οἷον,
560 2206 707 2243 ἐπιστήμην
737 2209 826 2233 πᾶσαν

888 1626 1016 1662 excellit,
1031 1626 1084 1654 ubi
1101 1634 1136 1654 ea
1146 1634 1206 1654 non
1235 1625 1388 1654 excellunt.
1411 1625 1493 1652 Unde
1518 1624 1552 1652 ﬁt
1578 1626 1611 1651 ut
1631 1623 1714 1652 nullo

887 1673 1009 1699 externo
1026 1670 1137 1698 auxilio
1150 1671 1292 1705 indigeat,
1307 1670 1358 1697 sed
1373 1669 1428 1697 sibi
1441 1669 1507 1705 ipsa
1524 1668 1662 1701 sufﬁciat,
1674 1668 1713 1696 ab

887 1715 1028 1743 omnibus
1043 1715 1207 1743 obstaculis
1218 1723 1306 1751 quast
1334 1722 1489 1749 emergens
1515 1722 1520 1741 :
1550 1713 1713 1749 aliquando

887 1762 986 1788 autem
1002 1762 1124 1788 externo
1136 1759 1248 1787 auxilio
1267 1759 1390 1794 indiget,
1417 1767 1476 1786 non
1507 1758 1589 1794 quod
1620 1757 1712 1786 oblita

887 1805 924 1833 sit
938 1812 1041 1832 eorum
1057 1813 1125 1840 qua:
1136 1804 1218 1840 prius
1235 1806 1367 1838 noverat,
1380 1803 1431 1831 sed
1452 1806 1483 1831 ut
1498 1805 1564 1831 ante
1575 1811 1606 1830 se
1635 1803 1712 1838 plas‘

885 1851 1003 1877 mutum
1018 1849 1092 1877 illud
1104 1848 1187 1885 quod
1203 1857 1271 1877 eam
1288 1848 1385 1876 carnis
1398 1848 1530 1876 crassitie
1546 1847 1712 1875 circumdat

885 1895 914 1922 et
925 1894 1080 1921 materiam
1095 1893 1285 1921 commistam
1298 1892 1383 1921 facile
1396 1892 1495 1920 valeat
1518 1891 1654 1926 frangere
1674 1899 1710 1918 ac

884 1939 1045 1976 deponere,
1054 1938 1346 1975 etquemadmodum
1357 1938 1433 1973 ignis
1442 1936 1624 1974 quibusdam
1631 1944 1710 1964 cras-

885 1984 1012 2012 sioribus
1036 1984 1198 2018 involutus,
1225 1986 1346 2011 externo
1370 1983 1440 2016 ictu,
1470 1982 1653 2017 eﬂ‘rlngatur,
1682 1983 1710 2010 et

883 2029 955 2057 illud
966 2029 1110 2057 noscendi
1124 2029 1226 2056 lumen
1243 2028 1365 2064 quodin
1381 2036 1417 2056 ea
1435 2030 1489 2062 est,
1510 2030 1658 2063 quantam
1681 2029 1710 2055 et

882 2073 1003 2111 qualem
1015 2073 1168 2101 scientiam
1179 2073 1343 2108 adimplere
1354 2071 1613 2109 possit,ostendat.
1627 2071 1706 2105 ldeo,

883 2121 913 2146 ut
926 2118 1066 2152 diximus,
1082 2117 1395 2153 sensusetphantasia:
1404 2125 1440 2144 ex
1456 2124 1491 2144 eo
1506 2116 1706 2152 procedentis,

882 2162 970 2190 simul
980 2164 1008 2190 et
1020 2161 1206 2197 cogitationis
1217 2169 1250 2189 ac
1258 2161 1417 2197 opinionis,
1433 2161 1471 2188 ad
1486 2161 1599 2188 entium
1613 2160 1707 2188 scien-

880 2207 952 2235 tiam
968 2207 1248 2242 eogitationemque,
1264 2213 1321 2242 ope
1334 2205 1468 2240 indigere
1479 2205 1606 2239 videtur,
1626 2213 1704 2242 quia,

30 2251 138 2289 πληροῦν
153 2249 248 2282 δεῖξαι,
264 2251 312 2277 Διὰ
330 2254 406 2277 τοῦτο
433 2253 478 2277 καὶ
498 2251 531 2276 ὧν
559 2252 653 2288 ἔφημεν
677 2251 824 2283 αἰσθήσεώς

929 2252 970 2280 ita
981 2251 1090 2286 dicam,
1118 2258 1184 2278 eam
1209 2250 1316 2277 feriunt
1344 2250 1469 2278 materia
1492 2249 1657 2277 involutam
1678 2252 1706 2277 et

31 2306 56 2323 τε
67 2299 162 2326 καὶτῆς
175 2295 201 2327 ἐξ
216 2296 297 2327 αὐτῆς
326 2298 471 2332 φαντασίας
495 2296 550 2332 ἅμα
575 2294 604 2323 δὲ
636 2299 681 2323 καὶ
709 2295 824 2328 διανοίας

31 2343 72 2367 καὶ
86 2339 173 2374 δόξης,
186 2342 252 2378 πρὸς
265 2342 312 2370 τὴν
332 2344 382 2367 τῶν
409 2340 487 2366 ὀντων
514 2341 661 2378 ἐπιστήμην
687 2343 732 2368 καὶ
757 2345 824 2377 γνὼ-

33 2396 80 2419 σιν,
95 2385 118 2412 ἐν
131 2387 210 2421 χρείᾳ
231 2383 318 2414 δήπου
345 2386 476 2416 καθεστώς
497 2388 622 2422 φαίνεται,
651 2385 822 2415 πλησσόντων

32 2431 112 2468 ὥσπερ
146 2429 223 2456 αὐτὸν
263 2429 468 2467 ἐγκεκρυμμένον
498 2433 528 2466 τῇ
561 2430 609 2467 ὕλη
635 2432 680 2457 καὶ
708 2429 822 2468 ἀπορρη-

878 2296 1050 2331 effringunt,
1067 2297 1095 2323 et
1105 2294 1169 2330 ejus
1184 2294 1282 2322 lucem
1306 2293 1346 2321 ad
1365 2293 1495 2321 scientias
1522 2293 1705 2329 contempla-

877 2341 989 2370 tionem
1000 2339 1285 2374 meditationemquc
1308 2339 1444 2366 evocant.
1461 2337 1542 2370 Inde,
1557 2345 1625 2365 mea
1637 2337 1704 2373 qui-

876 2386 945 2414 dem
966 2384 1121 2415 sententia,
1138 2383 1269 2411 scientiae
1288 2381 1418 2417 cognitio
1448 2381 1538 2409 nobis
1569 2382 1702 2410 advenit.

874 2430 946 2480 Inde
959 2437 1045 2458 mens
1056 2436 1123 2457 eam
1135 2436 1204 2456 cum
1216 2434 1341 2464 corpore
1355 2426 1465 2461 cogitat
1477 2428 1506 2454 et
1516 2426 1623 2454 rationi
1634 2433 1702 2454 eam

719 2545 829 2580 Variae
852 2545 1007 2579 Iections.

63 2684 85 2702 εδ
96 2684 205 2719 ὑστέρως
219 2682 303 2712 addit
311 2684 374 2711 Vat.
413 2683 438 2700 ²⁹
451 2683 478 2709 αἱ
490 2682 574 2712 abest
587 2691 605 2712 a
620 2684 683 2712 Vat.

32 2719 88 2746 ἐῖναι
123 2718 166 2748 τήν
195 2718 281 2747 suum.
307 2720 368 2747 Vat.
407 2719 431 2736 3‘
463 2719 530 2745 αὖτά
555 2719 638 2748 Vind.
678 2720 701 2737 ³⁵
731 2719 811 2746 αὐτοῦ

35 2756 55 2773 ²¹¹
66 2760 111 2782 τῶν
125 2753 154 2782 δι
167 2759 217 2781 τῶν
227 2754 341 2792 ὀργάνων
356 2754 468 2790 ἑχόντων
483 2755 546 2784 Vat;
585 2755 607 2773 ³9
624 2755 700 2791 πάχη
715 2755 800 2784 Vind.

721 2683 745 2701 ³ο
764 2683 866 2715 τελείως
879 2683 968 2712 Vind.

841 2727 903 2748 non
931 2722 976 2748 est
1004 2719 1036 2747 in
1062 2720 1123 2747 Vat.

1203 2683 1227 2700 ³³
1254 2682 1322 2709 κατὰ
1346 2681 1438 2709 Vind.
1480 2680 1504 2698 ⁸³
1528 2681 1574 2705 καὶ
1601 2677 1698 2709 τελείας

1426 2717 1447 2735 ³⁷
1475 2715 1604 2746 κάκείνοις
1632 2715 1696 2749 Vat,

1006 2683 1027 2701 3'
1048 2683 1087 2710 νοῖ
1102 2683 1164 2712 Vat.
1203 2683 1227 2700 ³³
1254 2683 1322 2709 κατὰ
1346 2683 1386 2709 Vi}

1006 2719 1036 2746 in
1062 2720 1123 2746 Vat.
1161 2719 1185 2736 ³⁵
1215 2717 1295 2744 αὐτοῦ
1324 2719 1386 2746 Vat.
