1967 3080
185 144 254 173 1439

847 137 1035 171 NICEPHORI
1052 137 1196 168 CHUMNI.

1796 145 1872 173 1440

184 205 325 242 precibus
339 212 407 234 cum
422 204 516 234 multo
524 204 630 234 timore
641 204 827 240 ﬂagitabam,
843 205 876 232 ut
890 202 996 231 nullun

1065 201 1102 231 9ος
1125 201 1198 239 ἡμῶν
1228 212 1273 230 και
1298 204 1328 231 τὸ
1352 207 1400 236 τῆς
1427 203 1568 241 ἐπιθυμίας
1597 203 1712 243 σφοδρὸν
1735 205 1872 238 ὶξεζήτει.

184 251 274 286 hujus
287 251 353 279 vitae
368 250 518 279 malorum
534 258 670 287 unquam
687 250 739 278 tibi
754 249 931 282 occurreret,
957 254 1007 275 ne-

184 303 243 332 que
250 302 385 331 unquam
392 297 478 323 tuum
486 294 621 322 animum
627 294 730 322 dolore
740 301 872 322 mersum
878 292 1006 321 viderem

184 347 282 376 neque
297 339 424 374 gemitus
431 347 466 367 ex
475 339 810 375 adversisinfaustisque
816 338 907 366 rebus
925 338 1007 365 ortos

183 384 330 417 audirem,
341 384 366 412 si
381 391 443 420 qua
462 384 689 420 supervenirent
700 383 828 412 adversa
838 391 873 412 ac
902 381 1006 415 tristia,

185 436 284 465 neque
298 428 448 464 lacrymas
463 436 500 457 ex
514 429 572 456 tuis
585 428 677 456 oculis
693 428 818 456 ﬂuentes
844 434 1007 461 cernerem,

185 481 283 509 neque
296 480 456 501 maerorem
471 474 523 501 aut
540 473 686 501 tristitiam
715 473 879 509 aspicerem
902 472 933 500 in
957 473 1008 499 tuo

185 517 278 550 vultu,
295 519 356 545 tam
372 517 506 554 pulchro,
518 519 580 545 tam
603 517 717 550 festivo,
735 525 808 553 pace
823 519 852 545 et
865 516 1007 544 omnibus

185 562 287 597 gratiis
302 561 417 591 referto.
439 563 472 589 Et
483 562 583 598 optavi
595 561 693 598 potius
705 564 734 590 et
754 561 878 590 omnino
907 560 1008 597 optavi

185 608 215 634 et
233 606 370 634 ardenter
380 606 528 643 postulavi
544 608 575 634 ut
589 606 672 643 prius
687 606 821 634 animam
847 607 941 634 morte
968 604 1009 633 ef-

184 651 288 679 ﬂarem
300 651 340 687 (et
350 651 445 679 dulcis
455 651 527 679 mihi
543 659 579 679 ea
593 659 674 679 mors
686 651 809 687 fuisset),
825 657 917 687 quam
929 650 1008 678 cala-

185 696 318 724 mitatem
334 695 468 732 aliquam
479 695 748 724 animadverteram
759 697 810 724 tuo
825 695 908 724 cordi
927 694 1009 723 dolo-

185 748 232 768 res
244 740 429 775 efferentem,

1063 245 1174 273 Κάκεῖνα
1185 245 1248 275 δ’ἑν
1259 250 1358 281 πάσαις
1380 249 1448 286 ἢμην
1475 254 1531 281 ταῖς
1558 251 1669 282 ἱκεσίαις
1694 253 1742 278 σὺν
1776 251 1871 287 πολλῷ

1061 295 1097 327 τῷ
1113 290 1165 318 δέιι
1183 296 1362 331 πεποιημένος,
1394 293 1477 332 μηδέν
1504 305 1546 321 σοι
1569 293 1702 332 μηδέποτε
1729 294 1873 333 μηδαμῶς

1063 342 1225 364 συναντῶσαι
1246 339 1334 365 τῶνᾶν
1362 343 1398 375 τῷ
1423 340 1475 377 βίῳ
1501 341 1583 376 τούτῳ
1613 338 1766 378 δυσχερῶν,
1792 339 1873 378 μηδὲ

1061 384 1181 418 γενέσθαι
1205 393 1250 419 μοι
1273 382 1406 420 μηδέποτε
1442 383 1605 422 ὀδυνωμένης
1645 385 1787 413 αἰσθέσθαι
1817 391 1872 417 τῆς

1063 426 1113 454 σῆς
1131 422 1336 460 καρδίας,μηδε
1361 427 1504 462 στεναγμὸν
1529 425 1641 452 ἀκοῦσαι
1666 425 1692 452 ἐκ
1724 425 1872 462 συντριϐἤς

1061 468 1157 500 ταύτης
1203 467 1411 506 ἁναπεμπόμενον
1439 480 1484 497 και
1523 472 1708 506 στενοχωρίας,
1746 472 1872 498 ίπείσπε-

1063 514 1152 543 σόντος
1176 515 1244 544 τινὸς
1266 517 1316 541 τῶν
1343 513 1511 541 ἑκθλιϐόντων
1549 524 1595 541 και
1627 514 1710 545 λύπης
1732 515 1872 552 προξένων

1062 558 1137 595 αὐτῇ,
1163 556 1233 594 μηδὲ
1263 568 1294 595 γε
1318 557 1433 596 δάκρυον
1463 559 1560 596 βλέψαι
1593 564 1643 587 τῶν
1676 564 1728 586 σῶν
1753 559 1872 596 ἕιχυθὶγ

1062 603 1209 639 ὀφθαλμῶν,
1239 602 1309 640 μηδὶ
1335 605 1545 642 σκυθρωπότητοὶ
1568 614 1627 631 τινα
1652 603 1770 631 κατιδεῖν
1797 607 1872 641 μήτε

1062 650 1202 684 κατήφειαν
1229 647 1271 675 ἐπὶ
1294 652 1341 675 τοῦ
1379 652 1427 676 σοῦ
1449 648 1529 676 καλοῦ
1559 651 1605 675 καὶ
1644 650 1740 686 ὡραίου
1782 658 1873 686 προσ-

1062 695 1143 725 ώπου,
1171 694 1216 718 καὶ
1242 693 1356 729 γαλήνης
1378 696 1423 720 καὶ
1449 697 1539 720 πασῶν
1569 696 1692 730 νέμοντος
1732 695 1870 731 χαρίτων.

1064 739 1114 764 Καὶ
1133 737 1264 773 ἠγάπησα
1290 738 1395 774 μᾶλλον,
1427 740 1472 765 καὶ
1499 739 1566 765 πάνυ
1594 748 1621 764 τι
1648 739 1789 774 ἠγάπησα,
1821 739 1871 764 καὶ

186 785 284 822 θερμῶς
316 783 467 821 ἐπηυξάμην
497 785 597 821 θανάτῳ
621 787 743 822 πρότερον
776 786 824 814 τὴν
850 783 942 820 ψυχὴν
971 781 1158 816 ὰποϐαλὲσθαι,
1191 784 1234 809 καὶ
1272 781 1302 812 ἧν
1345 784 1376 810 ἄν
1422 793 1467 820 μοι
1513 785 1558 810 καὶ
1598 783 1692 820 γλυκὺς
1731 783 1826 814 ἐκεῖνος
1856 783 1871 809 ὁ

187 830 304 864 θιένοιτος²
325 830 339 859 ἣ
357 827 514 866 δυσχερείας
523 831 592 861 τινὸς
604 829 641 862 εἰς
655 830 782 858 αἱσθησιν
795 829 874 855 ἐλθεῖν
888 828 964 865 ἄλγος
976 828 1149 866 προξενούσης
1162 831 1194 864 τῇ
1212 831 1245 864 σῇ
1273 826 1382 865 καρδίᾳ.

221 875 287 902 Haec
302 873 405 901 omnia
420 876 448 902 et
466 876 559 903 mater
582 876 634 903 tua
659 873 819 902 ineﬂ‘abilis
842 872 1010 901 dilectionis

185 926 309 946 excessu
327 920 471 954 perpetuo
497 918 550 946 tibi
574 918 743 955 perbptavit
767 917 1010 954 eﬁlagitavitque,

185 965 278 991 totam
298 963 432 991 animam
445 963 614 998 effundens,
642 965 737 992 totum
766 962 961 997 desiderium,
984 964 1012 991 te

184 1008 259 1037 lacte
274 1008 417 1042 nutriens,
433 1008 599 1045 fovensque
630 1008 826 1045 amplexibus,
843 1013 872 1037 et
886 1007 918 1036 in
932 1007 1011 1036 ulnis

184 1052 395 1089 ferens,neque
403 1053 552 1082 sustinens
558 1053 765 1090 velpaululum
777 1060 796 1080 a
807 1054 834 1080 te
852 1051 991 1080 recedere
1004 1051 1010 1080 !

186 1097 304 1132 Quoties
319 1100 420 1125 autem
440 1097 487 1124 die
506 1099 658 1133 noctuque
673 1097 791 1125 divinas
811 1096 892 1124 aedes
917 1095 1013 1132 petiit,

186 1141 276 1169 nudis
291 1141 421 1177 pedibus
437 1141 579 1169 incedens
592 1143 860 1178 paupertatemque
873 1139 1014 1176 induens,

186 1188 214 1214 et
228 1185 265 1214 ad
282 1193 373 1222 puras
388 1185 635 1221 venerandasque
654 1186 802 1221 imagines
818 1185 970 1218 festinans,
985 1187 1014 1213 et

186 1232 255 1258 ante
270 1237 321 1258 eas
336 1238 439 1266 preces
451 1230 649 1266 ardentesque
661 1229 895 1266 supplicationes
902 1237 937 1258 ex
947 1237 1013 1265 pro-

185 1273 280 1302 fundo
295 1276 323 1302 et
334 1274 450 1303 ardenti
464 1274 554 1303 corde
570 1274 692 1308 faciens,
723 1274 890 1312 eademque
920 1282 939 1303 ε,
953 1275 1012 1303 Deo

186 1318 342 1356 postulans
365 1318 371 1348 l

221 1453 298 1486 Quot
311 1453 338 1480 et
357 1454 470 1489 quanta
485 1452 563 1481 Deus
584 1452 647 1489 ipse
660 1452 751 1488 bona,
767 1454 885 1481 nostras
906 1459 1011 1490 preces

187 1498 370 1533 superantia,
381 1498 434 1526 tibi
450 1497 538 1525 nullis
549 1497 767 1534 comparabilis
779 1497 967 1526 abundanter
981 1500 1011 1526 et

1101 875 1169 898 Ὀσα
1184 870 1213 898 δε
1228 875 1272 899 καὶ
1287 871 1329 899 οἶα
1354 875 1477 911 μήτηρων
1503 873 1615 910 φίλτρων
1642 872 1761 911 ὰῤῥήτων
1786 873 1872 910 ὑπερ-

1064 916 1152 948 ϐολαῖς
1171 916 1211 943 ἀεὶ
1241 915 1367 944 διετέλεσε
1394 920 1454 955 περὶ
1475 919 1504 944 σε
1529 916 1721 950 σπουδάζουσα
1753 920 1800 944 καί
1827 918 1871 944 ἓν·

1064 959 1228 998 δεικνυμίνη,
1260 963 1307 992 τὴν
1333 962 1394 991 ὃλην
1427 961 1545 999 ἕκχὲασα
1585 962 1689 999 ψυχήν,
1726 964 1772 989 τὸν
1809 962 1871 988 ὅλον

1064 1007 1153 1037 πόθον,
1168 1009 1213 1033 καὶ
1227 1006 1400 1043 ’γαλουχοῡσοὶ
1425 1016 1454 1034 σε
1481 1009 1526 1034 καὶ
1548 1009 1788 1046 πιριπτυσσομένη,
1821 1009 1870 1033 καὶ

1065 1051 1179 1087 φέρουσα
1207 1049 1254 1077 διὰ
1278 1053 1374 1083 παντὸς
1407 1050 1431 1078 ἓν
1464 1051 1600 1088 ἀγκάλαις,
1626 1054 1672 1078 καὶ.
1704 1050 1775 1088 μηδε
1799 1052 1872 1078 κατὰ

1064 1096 1157 1132 μικρὸν
1177 1094 1324 1125 ἀποστῆναι
1346 1099 1395 1128 τῆς
1425 1100 1473 1127 σῆς
1495 1097 1552 1127 θέας
1580 1095 1711 1133 μηδαμῶς
1740 1095 1872 1132 ἀνεχομ-

1064 1149 1095 1169 νη
1114 1140 1213 1170 Ιὸσους
1251 1138 1281 1166 δι
1310 1142 1432 1171 καὶτοὺς
1461 1139 1573 1178 δρόμους
1597 1142 1736 1178 ἡμερινόύς
1761 1150 1789 1167 τε
1824 1143 1871 1166 καὶ

1064 1186 1227 1221 νυκτερινοὺς
1258 1186 1329 1222 παρὰ
1363 1187 1425 1216 τοὺς
1469 1186 1552 1216 θείους
1588 1187 1729 1212 κατέτείνιν
1770 1184 1869 1218 οἱκους,

1063 1232 1170 1265 ⁹γυμνοῖς
1182 1233 1237 1260 τοῖς
1262 1232 1325 1256 ποσὶ
1346 1230 1411 1266 πεζῇ
1444 1228 1600 1266 βαδίζουσα
1628 1232 1674 1256 καὶ
1702 1229 1872 1266 προσταλαι-

1062 1277 1200 1310 πωροῦσαι,
1220 1276 1264 1300 καί
1284 1284 1314 1310 γε
1336 1275 1471 1310 φθάνουσα
1493 1276 1556 1312 πρὸς
1577 1276 1622 1305 τὰς
1646 1274 1796 1312 ὰχρςξντους
1824 1276 1871 1300 καὶ

1064 1320 1159 1350 σεπτὰς
1180 1319 1287 1353 εἰκόνας,
1313 1321 1358 1346 καὶ
1382 1320 1477 1346 τούτων
1502 1319 1655 1356 ἐπίπροσθεν
1696 1320 1745 1350 τὰς
1782 1319 1872 1355 εὐχὰς

1062 1365 1107 1389 καὶ
1132 1364 1226 1400 θερμὰς
1250 1365 1390 1400 ποιουμένη
1418 1366 1465 1395 τὰς
1489 1365 1590 1396 ἱκεσίας
1617 1363 1644 1390 ἔκ
1667 1363 1766 1400 βάθους
1803 1373 1873 1402 καρ-

1063 1405 1123 1439 δίας
1136 1409 1253 1442 ζεοὺσης,
1270 1408 1376 1435 κάκεῖνα
1387 1410 1451 1447 πρὸς
1467 1409 1534 1436 Θεοῦ
1547 1408 1714 1439 ἰκζητοῦσαὶ

1098 1456 1157 1479 οσα
1181 1451 1215 1483 δὴ
1238 1455 1283 1480 καὶ
1317 1455 1382 1485 Θεὸς
1414 1453 1490 1484 αὐτὸς
1536 1452 1622 1489 ἀγαθά
1665 1452 1777 1489 μεγάλα,

1061 1497 1252 1536 ὑπερϐάλλοντα
1290 1500 1378 1524 πᾶσαν
1404 1498 1529 1536 ἡμετέραν
1572 1498 1663 1534 εὐχὴν,
1699 1496 1873 1533 ἀπαράμιλλοί

1824 1454 1871 1478 καὶ

186 1542 451 1570 amantercontulit
462 1542 468 1570 ι
480 1542 625 1570 Eximiam
636 1550 744 1578 nempe
756 1542 864 1570 anima;
877 1542 967 1570 simul
982 1550 996 1569 e

1065 1551 1104 1569 σοι
1123 1542 1254 1573 πλουσίως
1268 1545 1313 1569 καὶ
1337 1543 1475 1580 φίλοτίμως
1501 1545 1650 1580 παρέσχετο
1689 1544 1872 1578 χορηγήσαςῑ

185 1587 317 1623 corporis
342 1586 606 1622 pulchritudinem,
627 1586 719 1614 divini
737 1586 850 1614 timoris
874 1594 1008 1620 sensum,

185 1631 398 1659 mandatorum
418 1631 523 1659 Christi
535 1631 786 1664 observationem,
799 1639 914 1659 morum
925 1631 1009 1667 puri-

185 1677 285 1709 tatem,
298 1678 326 1703 et
338 1675 486 1712 quidquid
493 1677 538 1703 est
545 1675 781 1711 pulcherrimum
789 1675 908 1712 aliaque
919 1675 1011 1705 vincit

183 1720 275 1754 bona,
290 1721 314 1748 si
329 1728 400 1748 cum
414 1721 507 1748 hocce
526 1720 727 1749 conferantur.

227 1766 298 1798 Quae
306 1765 523 1802 conspicientes
539 1765 715 1793 laetabamur
733 1765 847 1801 nosfqui
862 1767 890 1794 te
904 1772 1013 1802 genue-

183 1817 298 1843 ramus,
312 1812 340 1838 et
354 1809 581 1838 exsultabamus
592 1809 694 1838 laetitia
710 1810 833 1846 perfusi,
847 1818 882 1838 ac
895 1814 920 1838 te
949 1818 1010 1838 non

184 1854 276 1882 modo
291 1854 464 1891 putavimus
481 1854 596 1889 generis
611 1854 706 1882 nostri
728 1854 819 1882 decus
844 1857 872 1883 et
887 1854 1009 1889 gloriam

182 1899 254 1934 fore,
271 1899 323 1927 sed
338 1901 366 1927 et
380 1899 504 1927 firmiter
515 1898 891 1935 exspectavimus,rursum
905 1907 1011 1927 omnes

183 1951 252 1980 spes
265 1946 384 1971 nostras
400 1944 430 1971 in
456 1945 515 1971 Deo
547 1946 705 1980 ponentes,
728 1945 757 1972 et
784 1943 815 1971 in
845 1943 1009 1979 purissima

183 1988 431 2024 sanctissimeque
446 1990 475 2016 et
490 1987 684 2017 immaculata
699 1988 764 2024 ejus
780 1988 935 2016 Genitrice.

218 2077 318 2113 Neque
333 2084 388 2105 nos
401 2084 437 2105 ea
449 2084 517 2113 spes
531 2079 560 2105 et
572 2076 654 2106 bona
674 2077 725 2106 illa
747 2085 781 2106 ac
814 2077 941 2114 pulchra
962 2084 1012 2105 ex-

183 2121 309 2158 pectatio
324 2121 496 2150 fefellerunt.
516 2123 680 2158 Postquam
692 2122 772 2151 enim
789 2122 828 2151 ad
853 2122 910 2150 hoc
936 2123 1010 2150 tem-

183 2168 278 2202 puset
293 2165 331 2194 ad
359 2166 438 2194 hanc
458 2168 587 2200 aetatem,
617 2175 686 2203 quas
713 2167 826 2203 nuptiis
859 2166 1009 2201 convenit,

184 2211 356 2247 pervenisti,
372 2211 478 2239 excitat
498 2212 573 2239 Deus
589 2219 657 2240 eum
671 2212 722 2248 qui
738 2219 791 2248 per
803 2211 906 2248 ipsum
922 2211 1009 2239 mise-

1061 1587 1151 1618 κάλλος
1165 1588 1290 1624 ὑπερφυὲς
1304 1587 1396 1623 ψυχῆς
1420 1588 1484 1624 ὁμοῦ
1506 1597 1533 1614 τε
1563 1590 1608 1614 καὶ
1646 1589 1776 1623 σώματος,
1808 1595 1875 1612 συν-

1062 1632 1175 1660 αίσθησι
1208 1632 1277 1658 θείου
1311 1631 1402 1667 φόϐου,
1438 1631 1543 1658 ἐντολῶν
1583 1629 1702 1668 Χριστοῦ
1742 1640 1872 1667 τηρησιν,

1063 1677 1225 1712 κοσμιότητα
1243 1676 1333 1710 ἣθους,
1361 1679 1406 1703 καὶ
1441 1679 1492 1702 πᾶν
1518 1676 1558 1703 ὅτι
1585 1676 1733 1709 κάλλιστον,
1759 1677 1806 1702 καὶ
1832 1684 1873 1700 νι-

1063 1724 1114 1747 κῶν
1127 1721 1210 1758 ἕτερον
1223 1720 1291 1747 ἅπαν
1305 1722 1335 1746 τὸ
1349 1722 1416 1758 πρὸς
1427 1724 1502 1747 τοῦτο
1524 1720 1760 1758 παραϐαλλόμενον.

1101 1767 1150 1792 Καὶ
1173 1769 1256 1791 ταῦτα
1288 1766 1397 1802 ὁρῶντες
1435 1765 1573 1803 ἐχαίρομεν
1619 1767 1644 1792 οἱ
1682 1767 1711 1792 σε
1752 1767 1871 1796 τεκόντες

1065 1810 1148 1846 ἡμεῖς,
1170 1812 1215 1836 καὶ
1239 1810 1324 1836 πάντα
1345 1814 1499 1848 σκιρτῶντες
1525 1808 1588 1846 ἦμεν
1624 1812 1670 1836 καὶ
1709 1809 1870 1846 ἀγαλλιώμε-

1064 1865 1114 1889 νοι,
1129 1856 1174 1881 καὶ
1188 1857 1267 1892 τιμὴν
1277 1857 1322 1881 καὶ
1341 1857 1409 1891 μέγα
1437 1855 1508 1886 κλέος
1529 1858 1574 1881 καὶ
1598 1853 1678 1887 δόξαν
1701 1858 1748 1881 τοῦ
1777 1864 1870 1891 γενους

1064 1899 1137 1935 ἡμῶν
1160 1899 1208 1926 οὐκ
1249 1899 1403 1936 ἐνομίσαμεν
1446 1901 1532 1936 μόνον,
1573 1898 1638 1926 ἀλλὰ
1669 1902 1714 1926 καὶ
1754 1898 1869 1935 βεϐαίως

1064 1943 1364 1981 προσεδοκήσαμεν,ἐπὶ
1393 1945 1458 1971 Θεὸν
1491 1945 1568 1975 αὖθις
1599 1945 1699 1980 θέμενοι
1731 1945 1780 1975 τὰς
1807 1943 1870 1974 ὅλας

1064 1986 1172 2020 ἐλπίδας
1199 1991 1244 2015 καὶ
1268 1991 1314 2018 τὴν
1341 1988 1418 2015 αὐτὸν
1444 1990 1635 2026 παναχροίντως
1663 1991 1708 2015 καὶ
1741 1991 1869 2025 παναμώ-

1064 2043 1119 2070 μως
1132 2035 1176 2060 καὶ
1188 2033 1389 2072 πανυπεράγνως
1400 2037 1536 2061 τεκοῦσαν.

1101 2081 1151 2104 Καὶ
1179 2082 1229 2105 τῶν
1260 2075 1371 2104 ἐλπίδων
1397 2079 1495 2104 τούτων
1517 2080 1562 2104 καὶ
1585 2082 1630 2108 τῆς
1652 2081 1779 2114 χμηστῆς
1804 2078 1867 2104 ταύ-

1065 2131 1113 2153 της
1131 2125 1176 2149 καὶ
1204 2122 1286 2152 καλῆς
1318 2121 1482 2160 προσδοκίας
1494 2122 1523 2149 οὐ
1551 2121 1755 2158 διεψεύσθημεν.
1785 2122 1869 2148 Ἐπει-

1065 2165 1099 2196 δὴ
1115 2168 1165 2204 γὰρ
1180 2169 1226 2193 καὶ
1252 2168 1315 2204 πρὸς
1335 2169 1429 2204 χρόνον
1457 2169 1502 2193 καὶ
1534 2167 1638 2196 ἠλικίαν
1661 2167 1721 2197 ἧκες
1751 2166 1867 2202 ἀμόξου-

1064 2221 1112 2238 σοιν
1141 2212 1229 2247 γάμῳ,
1251 2214 1317 2238 κινεῖ
1344 2213 1406 2242 Θεὸς
1431 2213 1475 2238 τὸν
1505 2209 1542 2238 δι’
1561 2211 1642 2237 αὐτοῦ
1681 2210 1868 2247 φιλανθρώπως

183 2255 337 2284 ricorditer
355 2255 443 2284 nobis
459 2255 597 2292 imperat,
612 2258 640 2284 et
658 2256 776 2293 accipit,
794 2259 822 2284 et
834 2256 919 2291 erigit
933 2258 958 2283 te
970 2263 996 2283 at

1065 2257 1136 2293 ἡμῶν
1173 2255 1348 2293 βασιλεύοντα
1388 2255 1436 2292 (1),
1480 2258 1525 2282 καὶ
1560 2254 1788 2293 προσ-λαμϐάνεται
1823 2258 1868 2282 καὶ

183 2299 410 2335 magnitudinis,
424 2300 547 2329 honoris
567 2303 595 2329 et
617 2300 718 2336 glomus
747 2300 900 2335 fastigium
924 2299 1008 2328 illud.

183 2343 266 2379 quod
286 2351 382 2381 neque
397 2345 428 2373 in
438 2345 513 2373 votis
524 2345 636 2373 habere
644 2352 742 2381 neque
764 2347 863 2372 mente
879 2344 1008 2379 cogitare

183 2388 248 2416 ausi
263 2397 382 2417 eramus
396 2389 686 2423 Quaedeindesecuta
700 2389 792 2417 sunt?
804 2390 862 2417 Nos
873 2388 1006 2425 quidem,

183 2434 348 2462 nescientes
361 2436 510 2471 quantum
531 2434 584 2462 tibi
613 2433 730 2462 bonum
756 2436 1007 2470 superventurum

183 2481 269 2512 esset,
285 2479 358 2507 alias
378 2479 430 2507 tibi
445 2479 566 2515 nuptias
578 2477 775 2514 parabamus,
791 2486 859 2514 quae
883 2478 1007 2506 minime

182 2526 250 2552 tuos
264 2524 330 2560 pias
350 2528 450 2552 mores
473 2526 617 2559 tuamque
651 2522 844 2559 purissimam
873 2523 1007 2551 animam

182 2568 329 2597 decebant
345 2577 351 2602 ;
364 2567 557 2596 utmanifeste
571 2566 639 2595 ﬁnis
647 2567 792 2602 ostendit;
805 2568 1007 2604 apparuitque

182 2621 218 2641 ex
233 2620 293 2648 quo
308 2612 471 2648 praecipitio
491 2619 526 2640 ac
546 2611 687 2640 barathro
702 2612 866 2648 providens
889 2613 965 2640 Deus
980 2614 1007 2640 te

181 2657 360 2690 liberaverit,
382 2665 418 2685 ex
436 2665 498 2694 qua
522 2656 624 2689 domo,
652 2658 734 2685 omni
761 2656 944 2693 turpitudine
973 2664 1009 2685 ac

182 2702 331 2738 impietate
342 2701 440 2738 plena.
458 2703 489 2731 Et
499 2701 615 2730 subruit
629 2705 700 2731 tunc
715 2703 743 2730 et
755 2701 839 2730 irrita
851 2701 1009 2731 facitvana

217 2790 254 2826 (t)
275 2791 488 2827 Imperatorem
501 2790 716 2820 Andronicum.-

1064 2300 1153 2337 ἀνάγει
1176 2310 1205 2326 σε
1230 2301 1354 2336 μεγέθους
1383 2302 1448 2337 πρὸς
1474 2300 1550 2336 ὕψος,
1577 2304 1654 2336 τιμῆς
1693 2309 1739 2326 και
1773 2298 1868 2333 δοξης,

1063 2343 1094 2376 ἧς
1107 2346 1180 2382 ἡμεῖς
1195 2343 1252 2371 οὐδ’
1269 2344 1292 2371 ἓν
1316 2345 1410 2382 εὐχαῖς
1439 2346 1520 2372 θεῖναι
1541 2344 1588 2371 οὐκ
1614 2344 1644 2371 ἂν
1674 2344 1867 2382 ἔθαρῥήσαμεδ,

1062 2388 1121 2416 οὐδ“
1147 2389 1177 2416 ἂν
1203 2389 1237 2420 εἰς
1264 2393 1323 2416 νοῦν
1349 2389 1502 2426 ἓϐαλόμεθα.
1530 2390 1569 2416 Τά
1589 2387 1614 2416 δ’
1652 2388 1742 2426 ἑφεξῆς
1783 2398 1866 2423 τινα;

1060 2436 1146 2470 Ἦμεῐς
1169 2435 1226 2471 μὲν,
1249 2432 1331 2471 μηδὲν
1361 2433 1459 2465 εἰδότες
1488 2437 1534 2461 τοῦ
1565 2433 1607 2460 ἐπί
1641 2437 1687 2460 τοῦ
1714 2435 1785 2465 όντος
1821 2434 1866 2469 (3)

1061 2479 1142 2506 καλοῦ
1166 2489 1211 2505 και
1235 2481 1418 2517 συμφέροντος,
1446 2480 1512 2516 πρὸς
1547 2479 1650 2516 ἐτέρους
1687 2479 1866 2515 ἠτοιμοὲζομεν

1061 2525 1170 2561 γάμους,
1196 2522 1280 2560 μηδὲν
1306 2527 1358 2554 τοῖς
1386 2526 1443 2555 σοῖς
1466 2523 1594 2560 θεοφιλίσι
1617 2524 1727 2560 τρόποις
1758 2533 1803 2549 και
1831 2527 1863 2559 τῇ

1061 2568 1231 2605 καθαρωτάτης
1262 2568 1446 2599 συντελοῦντας
1474 2567 1564 2604 ψυχῇ,
1607 2568 1641 2598 ὡς
1678 2571 1791 2605 φανερῶς
1822 2567 1866 2594 iri

1061 2613 1107 2640 τοῦ
1126 2612 1213 2644 τέλους
1241 2615 1285 2638 νῦν
1317 2612 1422 2649 ἐξεφάνη
1452 2612 1494 2648 ἀφ’
1523 2611 1579 2639 οἴου
1602 2615 1720 2650 κρημνοῦ
1745 2621 1791 2638 και
1814 2611 1866 2648 βα-

1062 2659 1161 2695 ράθρου
1181 2658 1248 2688 Θεὸς
1267 2655 1395 2695 προειδὼς
1422 2656 1530 2688 ἓξείλετὸ
1555 2666 1594 2691 σε,
1627 2657 1682 2682 οἱου
1710 2666 1756 2682 και
1779 2658 1864 2691 οἴκου,

1062 2703 1153 2734 πάσης
1167 2701 1274 2738 ἀνομίας
1287 2703 1410 2738 ’νέμοντος
1437 2711 1482 2728 και
1506 2699 1675 2732 δυσσεϐείας.
1704 2703 1756 2728 Καί
1785 2700 1864 2737 σφάλ-

1099 2791 1139 2828 (2)
1154 2791 1274 2826 Forsan,
1288 2794 1336 2818 τοῦ
1351 2790 1474 2822 imor-rogi
