1967 3080
181 145 249 174 1439

843 138 1031 171 NICEPHORI
1048 138 1192 169 CHUMNI.

1791 145 1864 173 1440

179 206 321 243 precibus
334 213 402 234 cum
417 205 512 234 multo
520 205 625 234 timore
636 205 823 240 ﬂagitabam,
838 206 871 233 ut
886 203 992 232 nullun

1061 202 1097 232 9ος
1120 202 1194 240 ἡμῶν
1224 213 1270 231 και
1294 205 1324 231 τὸ
1348 208 1396 237 τῆς
1421 204 1564 241 ὶπιθυμίας
1592 204 1707 243 σφοδρὸν
1730 205 1864 238 ὲξεζήτει.

179 251 270 287 hujus
282 252 348 280 vitae
363 251 514 279 malorum
529 259 666 287 unquam
682 250 735 279 tibi
749 250 927 282 occurreret,
953 255 1003 275 ne-

179 304 239 332 que
245 303 381 332 unquam
388 297 474 324 tuum
482 295 617 323 animum
623 295 725 323 dolore
735 302 867 322 mersum
873 292 1002 321 viderem

180 348 278 376 neque
292 340 420 375 gemitus
427 348 462 368 ex
470 339 806 376 adversisini‘austisque
812 338 903 367 rebus
921 339 1003 365 ortos

179 385 325 417 audirem,
337 384 361 412 si
376 392 438 421 qua
458 384 684 421 supervenirent
696 384 823 412 adversa
834 391 869 412 ac
899 382 1002 415 tristia,

181 437 279 465 neque
294 429 444 465 lacrymas
459 437 495 457 ex
509 429 568 457 tuis
581 429 673 457 oculis
688 429 814 457 ﬂuentes
839 434 1002 461 cernerem,

181 481 279 510 neque
292 481 451 502 mmrorem
467 475 519 502 aut
536 473 682 502 tristitiam
711 474 875 510 aspicerem
898 472 929 500 in
952 474 1004 500 tuo

181 518 274 551 vultu,
291 520 352 546 tam
367 518 502 554 pulchro,
513 520 576 546 tam
599 517 713 551 festivo,
730 526 804 554 pace
819 519 848 546 et
861 516 1003 545 omnibus

181 563 283 598 gratiis
297 562 413 591 referto.
435 564 468 590 Et
479 563 578 599 optavi
591 563 689 599 potius
701 565 730 590 et
750 562 874 590 omnino
902 561 1004 598 optavi

180 609 210 635 et
229 607 366 635 ardenter
376 607 524 643 postulavi
540 609 571 634 ut
585 607 668 643 prius
683 607 817 634 animam
842 607 936 634 morte
964 605 1005 634 ef-

180 651 283 680 ﬂarem
296 652 335 688 (et
346 651 440 679 dulcis
451 652 524 679 mihi
539 659 574 680 ea
589 660 669 680 mors
682 651 805 688 fuisset),
820 658 913 688 quam
924 650 1003 679 cala-

181 697 313 725 mitatem
330 696 464 733 aliquam
475 696 744 725 auimadverterem
756 698 806 725 tuo
821 695 904 724 cordi
923 694 1005 724 dolo—

180 749 228 769 res
240 741 425 775 efferentem,

1058 247 1169 274 Κάκεῖνα
1180 247 1354 282 δ’ἐνπάσαις
1375 251 1444 287 ἢμην
1471 255 1527 282 ταῖς
1553 251 1665 283 ἱκεσίαις
1689 253 1737 278 σὺν
1771 252 1863 287 πολλῷ

1056 295 1093 327 τῷ
1109 291 1161 319 δέει
1179 297 1358 331 πεποιημένος,
1389 293 1473 332 μηδέν
1500 305 1541 322 σοι
1564 294 1697 332 μηδέποτε
1725 295 1864 333 μηδαμῶς

1058 342 1220 365 συναντῶσαι
1241 343 1291 366 τῶν
1306 340 1330 366 ἐν
1358 344 1394 376 τῷ
1419 340 1471 378 βίῳ
1497 341 1579 377 τούτῳ
1608 339 1761 378 δυσχερῶν,
1787 339 1864 378 μηδι

1056 384 1177 418 γενέσθαι
1200 393 1246 419 μοι
1268 383 1402 421 μηδέποτε
1437 384 1601 422 ὀδυνωμὲνης
1640 385 1783 413 αἰσθέσθαι
1811 391 1864 417 τῆς

1059 427 1108 454 σῆς
1127 422 1331 461 καρδίας.μηδε
1356 427 1500 462 στεναγμὸν
1524 425 1637 452 ἀκοῦσαι
1661 425 1688 452 ix
1720 426 1864 463 συπριεῆς

1057 469 1153 500 ταύτης
1198 468 1407 507 ἀναν-πεμπόμενον
1435 481 1480 497 και
1519 473 1704 507 στενοχωρίας,
1741 473 1864 498 iustam-

1059 515 1147 544 σόντος
1171 515 1239 545 τινὸς
1261 518 1313 541 τῶν
1339 514 1507 542 muscum
1544 525 1591 541 και
1622 515 1705 546 λύπης
1728 515 1864 553 προξένων

1058 559 1133 595 αὐτῇ,
1159 557 1228 595 μηδέ
1259 569 1290 595 ’γε
1314 558 1428 597 δάκρυον
1459 560 1556 597 βλέψαι
1588 564 1639 587 τῶν
1672 564 1724 586 σῶν
1748 560 1864 596 ἱιχυθεν

1058 603 1205 640 ὀφθαλμῷν,
1235 603 1305 640 μηδὶ
1331 605 1540 642 σκυθρωπότητά
1564 615 1623 631 τινα
1648 603 1766 632 κατιδεῖν
1792 608 1864 641 μήτε

1058 651 1198 684 κατήφειαν
1225 648 1267 675 ἐπὶ
1290 653 1336 676 τοῦ
1375 653 1422 676 σοῦ
1445 649 1524 676 καλοῦ
1555 651 1600 676 καὶ
1639 651 1736 686 ὡραίου
1778 659 1864 685 προσ-

1057 696 1139 726 ώπου,
1167 695 1212 719 καὶ
1238 693 1352 730 γαλήνης
1374 697 1419 721 καὶ
1444 698 1535 721 πασῶν
1565 697 1688 730 γέμοντας
1727 696 1862 732 χαρίτων.

1060 740 1110 764 Καὶ
1129 738 1259 774 ἠγάπησα
1285 738 1391 774 μᾶλλον,
1422 741 1468 766 καὶ
1495 740 1562 766 πάνυ
1590 748 1616 765 τι
1644 739 1785 774 ἠγάπησα,
1816 740 1863 764 καὶ

182 786 280 823 θερμῶς
311 785 463 822 ἰπηνξάμην
492 786 592 822 θανάτῳ
617 788 739 823 πρότερον
772 787 820 814 τὴν
845 783 938 821 ψυχὴν
968 782 1154 817 ἂποϐαλέσθαι,
1187 785 1230 809 καὶ
1268 782 1298 813 ἦν
1341 784 1372 810 οἶν
1417 794 1463 821 μοι
1508 786 1554 811 καὶ
1594 784 1688 821 γλυκὺς
1727 783 1821 814 ἐκεῖνος
1848 784 1863 809 ὁ

182 831 300 864 θάνατος,
320 831 335 860 ἣ
353 828 510 867 δυσχερείας
519 832 588 862 τινὸς
600 830 637 862 εὶς
651 831 777 859 αἱσθησιν
791 829 870 856 ἐλθεῖν
884 829 960 866 ἄλγος
971 828 1145 867 προξενούσης
1158 831 1190 864 τῇ
1208 832 1241 864 σῇ
1269 827 1378 866 καρδίᾳ.

217 875 283 902 Haec
298 874 401 902 omnia
416 876 444 903 et
461 876 555 903 mater
578 877 630 903 tua
655 874 815 903 ineﬁ‘ahilis
838 873 1006 902 dilectionis

181 927 305 947 excessu
322 921 467 955 perpetuo
493 919 545 947 tibi
570 919 739 956 pet-Optavit
763 918 1006 954 etﬂagitavitque,

181 965 274 992 totam
294 964 428 992 animam
441 964 610 999 effundens,
638 966 733 992 totum
761 963 957 997 desiderium,
979 965 1008 992 te

181 1009 255 1037 lacte
270 1009 413 1043 nutriens,
429 1009 595 1046 fovensque
626 1008 822 1045 amplexibus,
839 1014 868 1037 et
882 1007 913 1036 in
928 1007 1008 1036 ulnis

181 1053 392 1090 ferens,neque
399 1054 548 1082 sustinens
554 1053 760 1090 velpaululum
773 1054 830 1081 ate
848 1052 987 1081 recedere
1000 1052 1007 1080 !

181 1098 300 1133 Quoties
315 1101 415 1126 autem
435 1097 483 1125 die
502 1100 654 1133 noctuque
669 1097 788 1125 divinas
807 1097 888 1125 mdes
912 1096 1009 1132 petiit,

182 1141 272 1170 nudis
287 1142 416 1178 pedibus
433 1142 575 1170 incedens
588 1143 855 1178 paupertatemque
869 1140 1009 1176 induens,

181 1188 210 1214 et
224 1186 261 1214 ad
277 1194 369 1222 puras
385 1186 630 1222 venerandasque
650 1186 798 1222 imagines
814 1186 966 1218 festinans,
980 1188 1010 1214 et

182 1233 251 1258 ante
266 1238 317 1259 eas
332 1238 434 1267 preces
447 1230 645 1266 ardentesque
656 1230 891 1267 supplicationes
898 1238 933 1258 ex
942 1238 1009 1266 pro.

181 1274 276 1303 fundo
291 1277 319 1302 et
331 1275 445 1303 ardenti
460 1275 550 1304 corde
565 1275 688 1308 faciens,
719 1275 886 1312 eademque
916 1282 934 1303 a
948 1276 1008 1304 Deo

181 1319 338 1356 postulans
361 1319 368 1348 ι

217 1453 294 1486 Quot
306 1454 334 1481 et
353 1455 466 1490 quanta
481 1453 558 1482 Deus
580 1453 642 1490 ipse
656 1453 747 1489 bona,
762 1454 881 1482 nostras
902 1460 1006 1490 preces

183 1498 366 1534 superantia,
378 1498 430 1526 tibi
446 1498 534 1526 nullis
544 1498 762 1535 comparabilis
775 1497 964 1526 abundanter
977 1500 1006 1527 et

1096 875 1165 899 Ὀσα
1179 871 1209 899 δι
1223 875 1268 899 καὶ
1283 872 1325 899 οἷα
1350 875 1473 912 μήτηρων
1499 873 1610 911 φίλτρων
1638 873 1758 911 ὰῤῥήτων
1782 874 1864 910 ὑπερ-

1059 917 1148 948 ϐολαῖς
1167 917 1207 943 ἀεὶ
1237 915 1363 944 διετέλεσε
1390 921 1449 955 περί
1471 919 1500 945 σε
1525 917 1718 951 σπουδάζουσα
1748 920 1796 944 καί
1822 918 1863 944 ἐν·

1060 960 1224 998 δεικνυμὲνη,
1255 964 1303 992 τήν
1330 962 1390 992 ὃλην
1422 962 1540 1000 ἂχίασα
1580 963 1684 1000 ψυχὴν,
1722 965 1768 989 τὸν
1805 962 1863 989 ὅλον

1059 1007 1148 1038 πόθον,
1164 1009 1209 1033 καὶ
1223 1007 1396 1043 γαλουχοῦσά
1421 1017 1450 1034 σε
1476 1010 1522 1034 καὶ
1544 1010 1785 1046 περιπ-τυσσομένη,
1816 1010 1863 1033 καὶ

1061 1052 1175 1088 φέρουσα
1203 1049 1250 1078 διὰ
1273 1054 1370 1084 παντὸς
1403 1051 1426 1078 ίν
1459 1051 1596 1088 ἀγκάλαις,
1622 1055 1668 1079 καὶ
1699 1050 1772 1089 μηδε
1795 1052 1865 1078 κατὰ

1060 1097 1153 1133 μικρὸν
1173 1095 1319 1126 ἀποστῆναι
1342 1100 1391 1128 τῆς
1421 1100 1469 1127 σῆς
1490 1098 1548 1127 θέας
1576 1095 1708 1133 μηδαμῶς
1736 1096 1864 1132 ἀνεχομέ-

1060 1150 1090 1170 νη
1110 1140 1209 1171 Ιὸσους
1247 1139 1277 1167 δε
1306 1142 1428 1172 καὶτοὺς
1456 1139 1569 1178 δρόμους
1593 1142 1732 1179 ἠμερινόύς
1757 1150 1786 1167 τε
1819 1143 1864 1166 καὶ

1059 1187 1223 1222 νυκτερινοὺς
1253 1186 1325 1223 παρὰ
1359 1187 1420 1216 τοὺς
1465 1187 1549 1216 θείους
1584 1187 1725 1212 κατετείνεν
1766 1185 1862 1217 οἱκους,

1059 1233 1166 1266 γυμνοῖς
1178 1233 1233 1261 τοῖς
1258 1232 1321 1256 ποσὶ
1342 1230 1407 1266 πεζῇ
1440 1228 1596 1267 βαδίζουσα
1624 1233 1670 1257 καὶ
1698 1230 1865 1267 προσταλαι-

1059 1278 1195 1310 πωροῦσα,
1216 1277 1260 1300 καί
1279 1284 1310 1310 γε
1332 1275 1466 1311 φθάνουσα
1489 1277 1552 1312 πρὸς
1573 1276 1618 1305 τὰς
1641 1274 1791 1312 ἆχράντους
1820 1277 1864 1300 καὶ

1060 1321 1155 1350 σεπτὰς
1176 1319 1284 1353 εἰκόνας,
1308 1322 1354 1346 καὶ
1378 1321 1473 1346 τούτων
1498 1320 1652 1356 ίπίπροσθεν
1692 1321 1741 1350 τὰς
1779 1319 1866 1355 εὐχὰς

1059 1366 1103 1390 καὶ
1128 1365 1222 1400 θερμὰς
1246 1366 1386 1401 ποιουμένη
1414 1366 1461 1396 τὰς
1485 1366 1586 1396 ἱκεσίας
1613 1364 1641 1391 ἐκ
1663 1364 1763 1401 βάθους
1799 1374 1866 1402 καρ-

1059 1406 1119 1440 δίας
1132 1410 1249 1442 ζεούσης,
1266 1408 1372 1435 κάκεῖνα
1384 1411 1447 1447 πρὸς
1463 1409 1530 1436 Θεοῦ
1543 1409 1710 1440 ἔκζητοῡσαῐ

1094 1456 1153 1480 Οσα
1178 1451 1212 1483 δὴ
1234 1456 1279 1480 καὶ
1312 1455 1377 1485 Θεὸς
1410 1453 1486 1485 αὐτὸς
1531 1452 1619 1489 ἀγαθὰ
1661 1452 1773 1490 μεγάλα,
1821 1454 1866 1478 καὶ

1057 1498 1248 1536 ὑπερϐάλλοντα
1286 1501 1374 1525 πᾶσαν
1400 1498 1526 1536 ἡμετέραν
1567 1498 1659 1534 εὐχὴν,
1695 1497 1868 1534 ἀπαράμιλλοί

181 1542 447 1571 amantercontulit
458 1543 464 1570 l
476 1543 621 1571 Eximiam
631 1550 740 1579 nempe
752 1542 860 1570 animus
873 1542 963 1571 simul
978 1550 992 1570 e

1061 1552 1101 1569 σοι
1119 1543 1250 1574 πλουσίως
1265 1545 1309 1570 καὶ
1333 1543 1471 1580 φίλοτίμως
1497 1545 1646 1580 παρέσχετο
1684 1544 1867 1579 χορηγήσαςι

181 1587 314 1623 corporis
337 1586 602 1623 pulchritudinem,
623 1587 715 1615 divini
733 1587 846 1615 timoris
870 1594 1003 1621 sensum,

180 1631 393 1660 mandatorum
413 1631 518 1660 Christi
531 1631 782 1665 observationem,
795 1639 910 1659 morum
921 1631 1005 1668 puri-

181 1678 281 1710 tatem,
293 1678 322 1704 et
334 1676 482 1712 quidquid
489 1678 534 1704 est
541 1676 777 1712 pulcherrimum
785 1675 904 1712 aliaque
914 1675 1007 1705 vincit

179 1721 271 1754 bona,
286 1721 310 1749 si
325 1729 395 1749 cum
410 1722 502 1749 hocce
522 1721 722 1749 conferantur.

223 1766 294 1798 Quae
301 1766 520 1803 conspicientes
535 1766 711 1794 laetabamur
728 1766 843 1802 nosfqui
858 1768 886 1795 te
900 1773 1009 1803 genue-

179 1818 294 1844 ramus,
308 1813 336 1839 et
349 1810 577 1838 exsultabamus
588 1811 690 1838 latitia
705 1810 829 1847 perfusi,
843 1819 878 1839 ac
891 1813 916 1839 te
945 1819 1006 1839 non

180 1855 272 1883 modo
287 1855 460 1892 putavimus
477 1855 592 1890 generis
607 1855 700 1883 nostri
723 1855 815 1883 decus
839 1857 868 1883 et
883 1855 1006 1890 gloriam

178 1899 250 1934 fore,
266 1900 319 1928 sed
334 1902 362 1928 et
375 1899 500 1927 ﬁrmiter
511 1899 886 1936 exspectavimus,rursum
901 1907 1007 1927 omnes

179 1952 247 1980 spes
261 1947 380 1972 nostras
396 1945 426 1972 in
452 1945 511 1972 Deo
544 1947 701 1980 ponentes,
724 1946 752 1972 et
780 1944 811 1972 in
841 1944 1005 1980 purissima

179 1988 427 2025 sanctissimaque
442 1990 471 2016 et
486 1988 680 2017 immaculata
695 1989 760 2024 ejus
775 1988 931 2017 Genitrice.

214 2079 314 2113 Neque
328 2085 384 2105 nos
397 2085 433 2105 ea
445 2085 513 2114 spes
527 2080 556 2106 et
568 2077 650 2107 bona
670 2078 721 2106 illa
743 2085 777 2106 ac
810 2077 937 2115 pulchra
957 2085 1008 2105 ex-

178 2122 306 2159 pectatio
320 2122 492 2151 fefellerunt.
512 2124 676 2160 Postquam
687 2123 768 2152 enim
785 2123 824 2151 ad
848 2123 906 2151 hoc
932 2124 1006 2150 tem-

179 2175 236 2203 pus
246 2169 274 2195 et
289 2166 328 2194 ad
354 2166 433 2195 hanc
454 2169 583 2200 aetatem,
613 2175 681 2204 quae
709 2167 821 2204 nuptiis
855 2166 1005 2202 convenit,

179 2211 352 2248 pervenisti,
367 2212 473 2240 excitat
493 2213 569 2240 Deus
585 2220 653 2241 eum
666 2213 718 2248 qui
734 2220 787 2248 per
799 2212 902 2249 ipsum
918 2212 1005 2240 mise-

1056 1587 1146 1618 κάλλος
1161 1588 1287 1625 ὑπερφυὲς
1299 1587 1392 1624 ψυχῆς
1416 1589 1480 1624 ὁμοῦ
1502 1597 1530 1614 τε
1559 1590 1604 1614 καὶ
1642 1590 1773 1624 σώματος,
1804 1596 1870 1612 συν-

1058 1633 1171 1661 αίσθησι
1204 1632 1272 1658 θείου
1308 1632 1398 1669 φόϐου,
1435 1631 1539 1658 ἐντολῶν
1579 1629 1698 1668 Χριστοῦ
1738 1640 1868 1668 τηρησιν,

1058 1678 1221 1713 κοσμιότητα
1239 1677 1329 1710 ἤθους,
1357 1679 1402 1704 καὶ
1437 1679 1487 1703 πᾶν
1513 1677 1554 1703 ὅτι
1581 1676 1729 1709 κάλλιστον,
1756 1678 1803 1702 καὶ
1828 1685 1870 1701 νι-

1059 1725 1110 1747 κῶν
1123 1722 1206 1759 ἕτερον
1219 1721 1287 1747 ἄπα-ν
1301 1723 1331 1747 τό
1345 1723 1411 1758 πρὸς
1423 1725 1498 1748 τοῦτο
1519 1721 1756 1759 παραϐαλλόμενον.

1096 1768 1146 1792 Καὶ
1168 1770 1252 1792 ταῦτα
1284 1766 1393 1803 ὁρῶντες
1430 1766 1569 1804 ἐχαίρομεν
1616 1767 1640 1792 οἱ
1678 1768 1708 1793 σε
1749 1767 1868 1797 τεκόντος

1060 1811 1143 1847 ἡμεῖς,
1166 1812 1211 1837 καὶ
1235 1811 1319 1837 πάντα
1340 1814 1495 1848 σκιρτῶντες
1521 1809 1584 1846 ἦμεν
1621 1813 1666 1836 καὶ
1704 1810 1867 1846 ἀγαλλιώμε-

1060 1865 1110 1890 νοι,
1125 1857 1170 1881 καὶ
1184 1858 1263 1892 τιμὴν
1273 1858 1318 1882 καὶ
1336 1857 1404 1892 μέγα
1431 1856 1504 1887 κλέος
1524 1858 1569 1882 καὶ
1594 1854 1673 1887 δόξαν
1697 1859 1744 1882 τοῦ
1773 1865 1866 1891 γενους

1060 1901 1133 1936 ἡμῶν
1156 1900 1204 1926 οὐκ
1245 1899 1398 1936 ἐνομίσαμεν
1441 1902 1528 1936 μόνον,
1569 1899 1633 1926 ἀλλὰ
1665 1902 1710 1926 καὶ
1750 1899 1865 1935 βεϐαίως

1060 1943 1360 1981 προσεδοκήσαμεν,ἓπὶ
1388 1946 1454 1971 Θεὸν
1487 1945 1564 1975 αὖθις
1596 1946 1694 1981 θέμενοι
1727 1946 1776 1976 τὰς
1803 1944 1866 1975 ὅλας

1060 1987 1168 2021 ἐλπίδας
1195 1992 1240 2015 καὶ
1264 1992 1310 2019 τὴν
1336 1989 1414 2016 αὐτὸν
1440 1990 1630 2027 παναχράντως
1659 1991 1704 2016 καὶ
1737 1991 1865 2025 παναμὼ

1060 2044 1114 2071 μως
1127 2036 1172 2060 καὶ
1184 2034 1385 2072 πανυπεράγνως
1395 2037 1531 2062 τεκοῦσαν.

1097 2081 1147 2105 Καὶ
1175 2083 1226 2105 τῶν
1256 2076 1367 2105 ἐλπίδων
1393 2080 1491 2105 τούτων
1512 2080 1558 2105 καὶ
1580 2083 1626 2109 τῆς
1648 2082 1775 2115 χμηστῆς
1800 2079 1863 2104 tm?-

1060 2132 1109 2154 της
1127 2125 1172 2149 καὶ
1199 2122 1282 2154 καλῆς
1314 2121 1478 2161 προσδοκίας
1490 2123 1520 2150 οὔ
1547 2121 1751 2159 διεψεύσθημεν.
1781 2123 1865 2149 Ἐπει-

1061 2165 1094 2197 δή
1111 2169 1161 2205 γὰρ
1176 2170 1222 2194 καὶ
1247 2169 1311 2205 πρὸς
1331 2170 1424 2205 χρόνον
1453 2171 1498 2194 καὶ
1529 2167 1634 2197 ἠλικίαν
1657 2168 1717 2198 ἧκες
1746 2167 1863 2203 ἁμόζου-

1060 2222 1108 2239 σαν
1137 2213 1225 2248 γάμῳ,
1247 2215 1313 2238 κινεῖ
1340 2214 1402 2243 Θεὸς
1427 2214 1471 2238 τὸν
1500 2210 1538 2238 δι’
1557 2211 1638 2238 αὐτοῦ
1676 2211 1863 2248 φιλανθρώπως

179 2256 334 2284 ricorditer
351 2256 439 2285 nobis
454 2256 593 2293 imperat,
607 2259 636 2285 et
654 2256 772 2293 accipit,
790 2260 817 2284 et
830 2257 915 2292 erigit
928 2259 954 2284 te
966 2264 992 2284 at

1061 2257 1132 2294 ἡμῶν
1169 2256 1344 2293 βασιλεύοντα
1384 2256 1432 2292 (1),
1476 2259 1521 2283 καὶ
1555 2255 1785 2294 προσ-λαμϐάνεται
1818 2258 1863 2282 καὶ

179 2300 406 2336 magnitudinis,
420 2301 543 2330 honoris
563 2303 591 2329 et
613 2301 714 2336 glorias
743 2301 895 2336 fastigium
921 2300 1004 2329 illud.

178 2344 262 2380 quod
282 2352 378 2382 neque
393 2345 424 2374 in
434 2346 510 2373 votis
520 2345 632 2373 habere
640 2353 738 2381 neque
760 2347 859 2373 mente
875 2345 1004 2380 cogitare

179 2389 244 2417 ausi
259 2397 378 2418 eramus
392 2389 574 2424 Quaedeinde
581 2392 682 2418 secuta
696 2391 788 2418 sunt?
800 2391 858 2418 Nos
868 2389 1002 2426 quidem,

179 2435 344 2463 nescientes
357 2437 506 2472 quantum
527 2433 580 2462 tibi
609 2434 725 2463 bonum
751 2437 1003 2470 superventurum

179 2482 265 2513 esset,
281 2479 355 2508 alias
376 2479 426 2507 tibi
441 2479 562 2515 nuptias
574 2479 771 2516 parabamus,
787 2487 855 2515 quas
879 2479 1003 2507 minime

178 2527 246 2553 tuos
261 2525 326 2561 pios
347 2528 447 2552 mores
469 2526 612 2560 tuamque
646 2523 840 2560 purissimam
869 2523 1003 2552 animam

178 2569 325 2598 decebant
341 2577 348 2602 ;
360 2568 553 2597 utmanifeste
567 2568 635 2596 ﬁnis
642 2567 788 2602 ostendit;
801 2568 1003 2605 apparuitque

178 2622 214 2642 ex
229 2621 290 2650 quo
304 2612 467 2649 praecipitio
487 2621 522 2641 ac
541 2612 683 2640 barathro
698 2613 862 2649 providens
885 2614 961 2641 Deus
976 2615 1003 2641 te

177 2658 355 2691 liberaverit,
377 2666 414 2686 ex
432 2666 494 2695 qua
518 2658 620 2690 domo,
648 2658 730 2686 omni
757 2657 940 2694 turpitudine
969 2665 1005 2686 ac

178 2703 328 2739 impietate
338 2703 436 2739 plena.
454 2704 485 2732 Et
496 2702 611 2730 subruit
626 2704 696 2731 tunc
711 2704 739 2731 et
751 2702 835 2731 irrita
846 2702 1005 2732 facitvana

214 2791 251 2827 (l)
271 2792 485 2828 Imperatorem
497 2791 712 2821 Andronicum;

1060 2300 1149 2337 ἀνάγει
1172 2311 1200 2327 σε
1226 2302 1350 2337 μεγέθους
1379 2302 1444 2338 πρὸς
1470 2300 1546 2336 ὕψος,
1573 2305 1650 2337 τιμῆς
1689 2310 1735 2326 και
1769 2298 1864 2334 δοξης,

1059 2344 1090 2377 ἧς
1103 2347 1176 2382 ἡμεῖς
1191 2344 1248 2372 οὐδ’
1265 2345 1288 2371 ἒν
1312 2346 1406 2382 εὐχαῖς
1434 2347 1516 2372 θεῖναι
1537 2345 1584 2372 οὐκ
1610 2345 1640 2371 ἂν
1669 2345 1862 2382 ἕθαρῥὴσαμεν,

1058 2389 1117 2417 οὐδ’
1142 2390 1172 2416 ἂν
1199 2390 1233 2421 εἰς
1260 2394 1319 2417 νοῦν
1344 2390 1499 2427 ἑϐαλόριεθα.
1526 2391 1565 2417 Τά
1584 2388 1610 2417 δ’
1647 2389 1738 2427 ἐφεξῆς
1779 2399 1861 2423 τινα;

1056 2437 1142 2471 Ἡμεῖς
1165 2436 1222 2472 μὲν⁷
1244 2433 1327 2472 μηδεν
1357 2434 1455 2466 εἰδότες
1483 2438 1529 2462 τοῦ
1560 2434 1602 2461 ἐπί
1636 2438 1682 2461 τοῦ
1710 2436 1781 2465 ὀντος
1817 2435 1861 2470 (2)

1057 2479 1137 2507 καλοῦ
1162 2490 1206 2506 και
1231 2482 1413 2518 συμφέροντος,
1441 2481 1508 2516 πρὸς
1543 2479 1645 2517 ἕτέρους
1683 2480 1861 2516 ἠτοιμάζομεν

1057 2526 1166 2562 γάμους,
1192 2522 1276 2561 μηδὲν
1302 2528 1354 2555 τοῖς
1382 2527 1438 2555 σοῖς
1462 2524 1589 2560 θεοφιλίσι
1612 2525 1723 2561 τρόποις
1753 2534 1799 2550 και
1826 2527 1858 2560 τῇ

1057 2569 1227 2606 καθαρωτάτη
1257 2568 1441 2600 συντελοῦντας
1470 2569 1560 2605 ψυχῇ,
1602 2569 1636 2599 ὡς
1674 2572 1787 2606 φανερῶς
1818 2567 1860 2595 Exi

1057 2614 1103 2641 τοῦ
1121 2613 1209 2644 τέλους
1237 2616 1281 2639 νῦν
1313 2612 1418 2650 ἐξεφάνη
1448 2613 1490 2649 ἀφ’
1519 2611 1574 2639 οἴου
1597 2616 1715 2651 κρημνοῦ
1741 2622 1787 2639 και
1809 2612 1860 2649 βα-

1058 2660 1156 2696 ράθρου
1177 2659 1243 2688 Θεὸς
1263 2656 1391 2696 προειδὼς
1418 2657 1526 2690 ἐξείλετὸ
1551 2667 1589 2692 σε,
1622 2658 1678 2683 οἱου
1705 2667 1752 2683 και
1775 2659 1858 2692 οἷκον,

1058 2704 1148 2734 πάσης
1163 2702 1270 2739 ἀνομίας
1283 2704 1406 2739 γέμοντος
1433 2712 1478 2729 και
1502 2700 1671 2733 δυσσεϐείας.
1699 2704 1751 2728 Καί
1780 2701 1858 2738 σφάλ-

1095 2791 1136 2829 (2)
1149 2792 1270 2826 Forsan,
1285 2795 1332 2818 τοῦ
1347 2791 1470 2822 ἕπεόντοςι
