  <div class='ocr_page' id='page_1' title='image "/cluster/home/n/w/nwhite01/storage/ocr_20150623/140/njp.32101010942850/798.png"; bbox 0 0 1959 3074; ppageno 0'>
   <div class='ocr_carea' id='block_1_1' title="bbox 24 131 94 158">
    <p class='ocr_par' dir='ltr' id='par_1_1' title="bbox 24 131 94 158">
     <span class='ocr_line' id='line_1_1' title="bbox 24 131 94 158; baseline 0 0"><span class='ocrx_word' id='word_1_1' title='bbox 24 131 94 158; x_wconf 69' lang='grc'><strong>1449</strong></span> 
     </span>
    </p>
   </div>
   <div class='ocr_carea' id='block_1_2' title="bbox 549 125 1182 157">
    <p class='ocr_par' dir='ltr' id='par_1_2' title="bbox 549 125 1182 157">
     <span class='ocr_line' id='line_1_2' title="bbox 549 125 1182 157; baseline -0.003 0"><span class='ocrx_word' id='word_1_2' title='bbox 549 127 661 157; x_wconf 84' lang='lat' dir='ltr'><strong>SERMO</strong></span> <span class='ocrx_word' id='word_1_3' title='bbox 682 125 968 156; x_wconf 78' lang='lat' dir='ltr'>CONSOLATORIUS</span> <span class='ocrx_word' id='word_1_4' title='bbox 987 127 1034 155; x_wconf 79' lang='lat' dir='ltr'>AD</span> <span class='ocrx_word' id='word_1_5' title='bbox 1054 127 1182 156; x_wconf 77' lang='lat' dir='ltr'>PILIAM.</span> 
     </span>
    </p>
   </div>
   <div class='ocr_carea' id='block_1_3' title="bbox 1637 127 1706 157">
    <p class='ocr_par' dir='ltr' id='par_1_3' title="bbox 1637 127 1706 157">
     <span class='ocr_line' id='line_1_3' title="bbox 1637 127 1706 157; baseline 0 0"><span class='ocrx_word' id='word_1_6' title='bbox 1637 127 1706 157; x_wconf 74' lang='grc'><strong>1450</strong></span> 
     </span>
    </p>
   </div>
   <div class='ocr_carea' id='block_1_4' title="bbox 25 188 1706 228">
    <p class='ocr_par' dir='ltr' id='par_1_4' title="bbox 25 188 1706 228">
     <span class='ocr_line' id='line_1_4' title="bbox 25 188 1706 228; baseline 0 -11"><span class='ocrx_word' id='word_1_7' title='bbox 25 194 64 218; x_wconf 81' lang='grc' dir='ltr'>ὃτι</span> <span class='ocrx_word' id='word_1_8' title='bbox 77 192 214 228; x_wconf 75' lang='grc' dir='ltr'>ὑπόμεινον</span> <span class='ocrx_word' id='word_1_9' title='bbox 229 190 272 217; x_wconf 78' lang='grc' dir='ltr'>τὸν</span> <span class='ocrx_word' id='word_1_10' title='bbox 288 190 393 228; x_wconf 79' lang='grc' dir='ltr'>Κύριον,</span> <span class='ocrx_word' id='word_1_11' title='bbox 407 192 452 217; x_wconf 86' lang='grc' dir='ltr'>καὶ</span> <span class='ocrx_word' id='word_1_12' title='bbox 466 189 602 228; x_wconf 78' lang='grc' dir='ltr'>ἁνδρίζου,</span> <span class='ocrx_word' id='word_1_13' title='bbox 618 190 662 217; x_wconf 76' lang='grc' dir='ltr'>καὶ</span> <span class='ocrx_word' id='word_1_14' title='bbox 679 188 814 227; x_wconf 79' lang='grc' dir='ltr'>ἀνδρίζου,</span> <span class='ocrx_word' id='word_1_15' title='bbox 830 190 874 215; x_wconf 76' lang='grc' dir='ltr'>καὶ</span> <span class='ocrx_word' id='word_1_16' title='bbox 890 190 1072 226; x_wconf 79' lang='grc' dir='ltr'>κραταιοὺσθω</span> <span class='ocrx_word' id='word_1_17' title='bbox 1087 190 1102 219; x_wconf 81' lang='grc' dir='ltr'>ἡ</span> <span class='ocrx_word' id='word_1_18' title='bbox 1118 188 1217 227; x_wconf 80' lang='grc' dir='ltr'>καρδία</span> <span class='ocrx_word' id='word_1_19' title='bbox 1230 198 1288 225; x_wconf 84' lang='grc' dir='ltr'>σου,</span> <span class='ocrx_word' id='word_1_20' title='bbox 1321 189 1356 220; x_wconf 85' lang='grc' dir='ltr'>ὡς</span> <span class='ocrx_word' id='word_1_21' title='bbox 1379 190 1428 220; x_wconf 83' lang='grc' dir='ltr'>τῆς</span> <span class='ocrx_word' id='word_1_22' title='bbox 1457 191 1588 228; x_wconf 74' lang='grc' dir='ltr'>μακαρίας</span> <span class='ocrx_word' id='word_1_23' title='bbox 1611 191 1706 223; x_wconf 78' lang='grc' dir='ltr'>ἐκείνης</span> 
     </span>
    </p>
   </div>
   <div class='ocr_carea' id='block_1_5' title="bbox 27 233 872 272">
    <p class='ocr_par' dir='ltr' id='par_1_5' title="bbox 27 233 872 272">
     <span class='ocr_line' id='line_1_5' title="bbox 27 233 872 272; baseline -0.004 -10"><span class='ocrx_word' id='word_1_24' title='bbox 27 238 87 267; x_wconf 79' lang='grc' dir='ltr'>θέας</span> <span class='ocrx_word' id='word_1_25' title='bbox 101 233 246 272; x_wconf 66' lang='grc' dir='ltr'>οὐδαμόθεν</span> <span class='ocrx_word' id='word_1_26' title='bbox 259 235 378 272; x_wconf 70' lang='grc' dir='ltr'>ἑτέρωθε)</span> <span class='ocrx_word' id='word_1_27' title='bbox 394 236 408 265; x_wconf 82' lang='grc' dir='ltr'>ἡ</span> <span class='ocrx_word' id='word_1_28' title='bbox 425 236 451 262; x_wconf 75' lang='grc' dir='ltr'>ἐκ</span> <span class='ocrx_word' id='word_1_29' title='bbox 466 240 512 266; x_wconf 79' lang='grc' dir='ltr'>τῆς</span> <span class='ocrx_word' id='word_1_30' title='bbox 522 237 652 272; x_wconf 72' lang='grc' dir='ltr'>ὑπομονῆς</span> <span class='ocrx_word' id='word_1_31' title='bbox 666 237 711 261; x_wconf 84' lang='grc' dir='ltr'>καὶ</span> <span class='ocrx_word' id='word_1_32' title='bbox 731 234 872 262; x_wconf 83' lang='grc' dir='ltr'>ἀπαντὼση</span> 
     </span>
    </p>
   </div>
   <div class='ocr_carea' id='block_1_6' title="bbox 64 279 871 316">
    <p class='ocr_par' dir='ltr' id='par_1_6' title="bbox 64 279 871 316">
     <span class='ocr_line' id='line_1_6' title="bbox 64 279 871 316; baseline -0.002 -10"><span class='ocrx_word' id='word_1_33' title='bbox 64 280 216 311; x_wconf 81' lang='grc' dir='ltr'>Ἐκλαυσας</span> <span class='ocrx_word' id='word_1_34' title='bbox 231 283 293 315; x_wconf 76' lang='grc' dir='ltr'>γοῦν</span> <span class='ocrx_word' id='word_1_35' title='bbox 313 282 357 306; x_wconf 81' lang='grc' dir='ltr'>καὶ</span> <span class='ocrx_word' id='word_1_36' title='bbox 387 282 419 306; x_wconf 87' lang='grc' dir='ltr'>σὺ</span> <span class='ocrx_word' id='word_1_37' title='bbox 449 280 549 316; x_wconf 78' lang='grc' dir='ltr'>μεγάλοι</span> <span class='ocrx_word' id='word_1_38' title='bbox 572 283 617 306; x_wconf 83' lang='grc' dir='ltr'>καὶ</span> <span class='ocrx_word' id='word_1_39' title='bbox 650 280 760 316; x_wconf 78' lang='grc' dir='ltr'>περιττὰ</span> <span class='ocrx_word' id='word_1_40' title='bbox 787 280 832 304; x_wconf 81' lang='grc' dir='ltr'>καὶ</span> <span class='ocrx_word' id='word_1_41' title='bbox 847 279 871 305; x_wconf 76' lang='grc' dir='ltr'><strong>Α</strong></span> 
     </span>
    </p>
   </div>
   <div class='ocr_carea' id='block_1_7' title="bbox 28 323 834 362">
    <p class='ocr_par' dir='ltr' id='par_1_7' title="bbox 28 323 834 362">
     <span class='ocr_line' id='line_1_7' title="bbox 28 323 834 362; baseline -0.005 -9"><span class='ocrx_word' id='word_1_42' title='bbox 28 327 164 362; x_wconf 80' lang='grc' dir='ltr'>ποταμοὺς</span> <span class='ocrx_word' id='word_1_43' title='bbox 207 323 327 362; x_wconf 76' lang='grc' dir='ltr'>δάκρὺων</span> <span class='ocrx_word' id='word_1_44' title='bbox 355 327 520 361; x_wconf 78' lang='grc' dir='ltr'>κατήνεγκες,</span> <span class='ocrx_word' id='word_1_45' title='bbox 559 325 666 355; x_wconf 80' lang='grc' dir='ltr'>πολλοὺς</span> <span class='ocrx_word' id='word_1_46' title='bbox 701 325 744 361; x_wconf 73' lang='grc' dir='ltr'>μὲν</span> <span class='ocrx_word' id='word_1_47' title='bbox 789 325 834 350; x_wconf 78' lang='grc' dir='ltr'>καὶ</span> 
     </span>
    </p>
   </div>
   <div class='ocr_carea' id='block_1_8' title="bbox 32 369 833 407">
    <p class='ocr_par' dir='ltr' id='par_1_8' title="bbox 32 369 833 407">
     <span class='ocr_line' id='line_1_8' title="bbox 32 369 833 407; baseline -0.002 -10"><span class='ocrx_word' id='word_1_48' title='bbox 32 372 84 405; x_wconf 79' lang='grc' dir='ltr'>πρὸ</span> <span class='ocrx_word' id='word_1_49' title='bbox 106 373 155 401; x_wconf 85' lang='grc' dir='ltr'>τῆς</span> <span class='ocrx_word' id='word_1_50' title='bbox 187 372 329 407; x_wconf 73' lang='grc' dir='ltr'>συμφορᾶς,</span> <span class='ocrx_word' id='word_1_51' title='bbox 354 369 461 400; x_wconf 87' lang='grc' dir='ltr'>πολλοὺς</span> <span class='ocrx_word' id='word_1_52' title='bbox 486 372 530 396; x_wconf 81' lang='grc' dir='ltr'>καὶ</span> <span class='ocrx_word' id='word_1_53' title='bbox 554 369 577 396; x_wconf 66' lang='grc' dir='ltr'>ἐν</span> <span class='ocrx_word' id='word_1_54' title='bbox 600 369 669 405; x_wconf 79' lang='grc' dir='ltr'>αὐτῷ</span> <span class='ocrx_word' id='word_1_55' title='bbox 698 373 734 405; x_wconf 85' lang='grc' dir='ltr'>τῷ</span> <span class='ocrx_word' id='word_1_56' title='bbox 757 369 833 395; x_wconf 85' lang='grc' dir='ltr'>πάθει</span> 
     </span>
    </p>
   </div>
   <div class='ocr_carea' id='block_1_9' title="bbox 30 414 831 451">
    <p class='ocr_par' dir='ltr' id='par_1_9' title="bbox 30 414 831 451">
     <span class='ocr_line' id='line_1_9' title="bbox 30 414 831 451; baseline -0.001 -11"><span class='ocrx_word' id='word_1_57' title='bbox 30 417 76 441; x_wconf 79' lang='grc' dir='ltr'>καὶ</span> <span class='ocrx_word' id='word_1_58' title='bbox 100 418 133 450; x_wconf 82' lang='grc' dir='ltr'>τῇ</span> <span class='ocrx_word' id='word_1_59' title='bbox 166 417 297 451; x_wconf 75' lang='grc' dir='ltr'>συμφορᾷ,</span> <span class='ocrx_word' id='word_1_60' title='bbox 323 414 430 445; x_wconf 79' lang='grc' dir='ltr'>πολλοὺς</span> <span class='ocrx_word' id='word_1_61' title='bbox 451 417 495 441; x_wconf 85' lang='grc' dir='ltr'>καὶ</span> <span class='ocrx_word' id='word_1_62' title='bbox 522 415 588 451; x_wconf 73' lang='grc' dir='ltr'>μετὰ</span> <span class='ocrx_word' id='word_1_63' title='bbox 613 417 660 444; x_wconf 85' lang='grc' dir='ltr'>τὴν</span> <span class='ocrx_word' id='word_1_64' title='bbox 687 414 831 451; x_wconf 74' lang='grc' dir='ltr'>συμφορὰν,</span> 
     </span>
    </p>
   </div>
   <div class='ocr_carea' id='block_1_10' title="bbox 33 457 834 496">
    <p class='ocr_par' dir='ltr' id='par_1_10' title="bbox 33 457 834 496">
     <span class='ocr_line' id='line_1_10' title="bbox 33 457 834 496; baseline -0.002 -10"><span class='ocrx_word' id='word_1_65' title='bbox 33 460 95 489; x_wconf 85' lang='grc' dir='ltr'>ὅλην</span> <span class='ocrx_word' id='word_1_66' title='bbox 111 461 159 488; x_wconf 75' lang='grc' dir='ltr'>τὴν</span> <span class='ocrx_word' id='word_1_67' title='bbox 175 457 288 496; x_wconf 77' lang='grc' dir='ltr'>καρδίαν</span> <span class='ocrx_word' id='word_1_68' title='bbox 307 457 421 486; x_wconf 71' lang='grc' dir='ltr'>ἓνδοῡσα</span> <span class='ocrx_word' id='word_1_69' title='bbox 443 463 474 496; x_wconf 80' lang='grc' dir='ltr'>τῇ</span> <span class='ocrx_word' id='word_1_70' title='bbox 503 459 579 495; x_wconf 75' lang='grc' dir='ltr'>φλογὶ</span> <span class='ocrx_word' id='word_1_71' title='bbox 598 462 693 495; x_wconf 79' lang='grc' dir='ltr'>καὶτῷ</span> <span class='ocrx_word' id='word_1_72' title='bbox 718 459 834 485; x_wconf 74' lang='grc' dir='ltr'>καύσωνι</span> 
     </span>
    </p>
   </div>
   <div class='ocr_carea' id='block_1_11' title="bbox 31 502 835 541">
    <p class='ocr_par' dir='ltr' id='par_1_11' title="bbox 31 502 835 541">
     <span class='ocr_line' id='line_1_11' title="bbox 31 502 835 541; baseline -0.002 -11"><span class='ocrx_word' id='word_1_73' title='bbox 31 507 77 531; x_wconf 75' lang='grc' dir='ltr'>καὶ</span> <span class='ocrx_word' id='word_1_74' title='bbox 92 507 131 539; x_wconf 76' lang='grc' dir='ltr'>τῷ</span> <span class='ocrx_word' id='word_1_75' title='bbox 147 503 173 534; x_wconf 85' lang='grc' dir='ltr'><em>ἐξ</em></span> <span class='ocrx_word' id='word_1_76' title='bbox 188 503 269 530; x_wconf 78' lang='grc' dir='ltr'>αὐτοῦ</span> <span class='ocrx_word' id='word_1_77' title='bbox 290 508 420 541; x_wconf 82' lang='grc' dir='ltr'>μαρασμῷ</span> <span class='ocrx_word' id='word_1_78' title='bbox 438 515 444 521; x_wconf 86' lang='grc'><strong>-</strong></span> <span class='ocrx_word' id='word_1_79' title='bbox 473 502 557 536; x_wconf 80' lang='grc' dir='ltr'>δεῖξον</span> <span class='ocrx_word' id='word_1_80' title='bbox 589 504 677 531; x_wconf 85' lang='grc' dir='ltr'>λοιπὸν</span> <span class='ocrx_word' id='word_1_81' title='bbox 705 503 761 530; x_wconf 80' lang='grc' dir='ltr'>κατ’</span> <span class='ocrx_word' id='word_1_82' title='bbox 777 504 835 529; x_wconf 82' lang='grc' dir='ltr'>ἴσον</span> 
     </span>
    </p>
   </div>
   <div class='ocr_carea' id='block_1_12' title="bbox 31 549 836 586">
    <p class='ocr_par' dir='ltr' id='par_1_12' title="bbox 31 549 836 586">
     <span class='ocr_line' id='line_1_12' title="bbox 31 549 836 586; baseline 0.001 -11"><span class='ocrx_word' id='word_1_83' title='bbox 31 552 126 586; x_wconf 77' lang='grc' dir='ltr'>μέτρον</span> <span class='ocrx_word' id='word_1_84' title='bbox 169 550 213 574; x_wconf 79' lang='grc' dir='ltr'>καὶ</span> <span class='ocrx_word' id='word_1_85' title='bbox 251 550 280 575; x_wconf 90' lang='grc' dir='ltr'>τό</span> <span class='ocrx_word' id='word_1_86' title='bbox 316 553 361 579; x_wconf 83' lang='grc' dir='ltr'>τῆς</span> <span class='ocrx_word' id='word_1_87' title='bbox 392 549 532 585; x_wconf 79' lang='grc' dir='ltr'>ὑπομονῆς,</span> <span class='ocrx_word' id='word_1_88' title='bbox 561 551 606 575; x_wconf 85' lang='grc' dir='ltr'>καὶ</span> <span class='ocrx_word' id='word_1_89' title='bbox 632 553 740 585; x_wconf 79' lang='grc' dir='ltr'>Χριστῷ</span> <span class='ocrx_word' id='word_1_90' title='bbox 760 551 836 574; x_wconf 81' lang='grc' dir='ltr'>τοῦτο</span> 
     </span>
    </p>
   </div>
   <div class='ocr_carea' id='block_1_13' title="bbox 31 594 836 631">
    <p class='ocr_par' dir='ltr' id='par_1_13' title="bbox 31 594 836 631">
     <span class='ocr_line' id='line_1_13' title="bbox 31 594 836 631; baseline 0.001 -10"><span class='ocrx_word' id='word_1_91' title='bbox 31 595 231 631; x_wconf 84' lang='grc' dir='ltr'>προστάσσοντι</span> <span class='ocrx_word' id='word_1_92' title='bbox 258 595 303 620; x_wconf 80' lang='grc' dir='ltr'>καὶ</span> <span class='ocrx_word' id='word_1_93' title='bbox 339 594 461 624; x_wconf 73' lang='grc' dir='ltr'>ζητοῦντι</span> <span class='ocrx_word' id='word_1_94' title='bbox 496 595 574 620; x_wconf 80' lang='grc' dir='ltr'>θῦσον</span> <span class='ocrx_word' id='word_1_95' title='bbox 599 596 645 620; x_wconf 76' lang='grc' dir='ltr'>καὶ</span> <span class='ocrx_word' id='word_1_96' title='bbox 673 595 836 631; x_wconf 76' lang='grc' dir='ltr'>καρποφόρη-</span> 
     </span>
    </p>
   </div>
   <div class='ocr_carea' id='block_1_14' title="bbox 33 638 837 676">
    <p class='ocr_par' dir='ltr' id='par_1_14' title="bbox 33 638 837 676">
     <span class='ocr_line' id='line_1_14' title="bbox 33 638 837 676; baseline 0.001 -11"><span class='ocrx_word' id='word_1_97' title='bbox 33 648 89 673; x_wconf 80' lang='grc' dir='ltr'>σον,</span> <span class='ocrx_word' id='word_1_98' title='bbox 111 641 158 666; x_wconf 77' lang='grc' dir='ltr'>καὶ</span> <span class='ocrx_word' id='word_1_99' title='bbox 180 642 210 676; x_wconf 81' lang='grc' dir='ltr'>τῇ</span> <span class='ocrx_word' id='word_1_100' title='bbox 241 638 326 675; x_wconf 67' lang='grc' dir='ltr'>ἐντολῇ</span> <span class='ocrx_word' id='word_1_101' title='bbox 352 639 434 675; x_wconf 79' lang='grc' dir='ltr'>ταύτῃ</span> <span class='ocrx_word' id='word_1_102' title='bbox 459 642 556 668; x_wconf 82' lang='grc' dir='ltr'>κτῆσαι</span> <span class='ocrx_word' id='word_1_103' title='bbox 583 641 630 668; x_wconf 71' lang='grc' dir='ltr'>τὴν</span> <span class='ocrx_word' id='word_1_104' title='bbox 659 640 708 668; x_wconf 82' lang='grc' dir='ltr'>σὴν</span> <span class='ocrx_word' id='word_1_105' title='bbox 732 638 837 674; x_wconf 74' lang='grc' dir='ltr'>ψυχὴν,</span> 
     </span>
    </p>
   </div>
   <div class='ocr_carea' id='block_1_15' title="bbox 33 680 838 720">
    <p class='ocr_par' dir='ltr' id='par_1_15' title="bbox 33 680 838 720">
     <span class='ocr_line' id='line_1_15' title="bbox 33 680 838 720; baseline -0.001 -11"><span class='ocrx_word' id='word_1_106' title='bbox 33 684 189 712; x_wconf 78' lang='grc' dir='ltr'>κτήσασθαι</span> <span class='ocrx_word' id='word_1_107' title='bbox 219 681 248 709; x_wconf 65' lang='grc' dir='ltr'>δὶ</span> <span class='ocrx_word' id='word_1_108' title='bbox 273 685 318 709; x_wconf 80' lang='grc' dir='ltr'>καὶ</span> <span class='ocrx_word' id='word_1_109' title='bbox 347 683 417 719; x_wconf 85' lang='grc' dir='ltr'>ἡμᾶς</span> <span class='ocrx_word' id='word_1_110' title='bbox 438 683 485 714; x_wconf 78' lang='grc' dir='ltr'>τὰς</span> <span class='ocrx_word' id='word_1_111' title='bbox 514 683 586 719; x_wconf 81' lang='grc' dir='ltr'>ἡμῶν</span> <span class='ocrx_word' id='word_1_112' title='bbox 611 683 719 720; x_wconf 85' lang='grc' dir='ltr'>πρᾶξον,</span> <span class='ocrx_word' id='word_1_113' title='bbox 746 680 838 709; x_wconf 77' lang='grc' dir='ltr'>κινδυ-</span> 
     </span>
    </p>
   </div>
   <div class='ocr_carea' id='block_1_16' title="bbox 33 726 840 759">
    <p class='ocr_par' dir='ltr' id='par_1_16' title="bbox 33 726 840 759">
     <span class='ocr_line' id='line_1_16' title="bbox 33 726 840 759; baseline 0 -5"><span class='ocrx_word' id='word_1_114' title='bbox 33 730 163 759; x_wconf 75' lang='grc' dir='ltr'>νευούσας</span> <span class='ocrx_word' id='word_1_115' title='bbox 187 726 240 757; x_wconf 80' lang='grc' dir='ltr'>ἧδη</span> <span class='ocrx_word' id='word_1_116' title='bbox 286 729 331 754; x_wconf 85' lang='grc' dir='ltr'>καὶ</span> <span class='ocrx_word' id='word_1_117' title='bbox 365 728 545 757; x_wconf 80' lang='grc' dir='ltr'>καταποθῆναι</span> <span class='ocrx_word' id='word_1_118' title='bbox 588 730 632 754; x_wconf 80' lang='grc' dir='ltr'>καὶ</span> <span class='ocrx_word' id='word_1_119' title='bbox 669 727 840 754; x_wconf 72' lang='grc' dir='ltr'>ἐκλελοιπέναι</span> 
     </span>
    </p>
   </div>
   <div class='ocr_carea' id='block_1_17' title="bbox 35 770 841 808">
    <p class='ocr_par' dir='ltr' id='par_1_17' title="bbox 35 770 841 808">
     <span class='ocr_line' id='line_1_17' title="bbox 35 770 841 808; baseline 0 -10"><span class='ocrx_word' id='word_1_120' title='bbox 35 776 95 804; x_wconf 86' lang='grc' dir='ltr'>ταῖς</span> <span class='ocrx_word' id='word_1_121' title='bbox 113 772 240 808; x_wconf 79' lang='grc' dir='ltr'>ἀθυμίαις</span> <span class='ocrx_word' id='word_1_122' title='bbox 258 776 293 808; x_wconf 82' lang='grc' dir='ltr'>τῷ</span> <span class='ocrx_word' id='word_1_123' title='bbox 324 770 477 808; x_wconf 70' lang='grc' dir='ltr'>μηδαμόθι-ι</span> <span class='ocrx_word' id='word_1_124' title='bbox 501 772 604 799; x_wconf 83' lang='grc' dir='ltr'>ἄλλοθεν</span> <span class='ocrx_word' id='word_1_125' title='bbox 627 771 768 808; x_wconf 69' lang='grc' dir='ltr'>ἀναψυχὴν</span> <span class='ocrx_word' id='word_1_126' title='bbox 797 774 841 798; x_wconf 78' lang='grc' dir='ltr'>καὶ</span> 
     </span>
    </p>
   </div>
   <div class='ocr_carea' id='block_1_18' title="bbox 38 815 843 855">
    <p class='ocr_par' dir='ltr' id='par_1_18' title="bbox 38 815 843 855">
     <span class='ocr_line' id='line_1_18' title="bbox 38 815 843 855; baseline -0.001 -11"><span class='ocrx_word' id='word_1_127' title='bbox 38 817 209 855; x_wconf 81' lang='grc' dir='ltr'>παράκλησιν</span> <span class='ocrx_word' id='word_1_128' title='bbox 230 815 361 843; x_wconf 82' lang='grc' dir='ltr'>δύνασθαι</span> <span class='ocrx_word' id='word_1_129' title='bbox 390 815 527 851; x_wconf 79' lang='grc' dir='ltr'>δέξασθαι,</span> <span class='ocrx_word' id='word_1_130' title='bbox 563 817 585 843; x_wconf 83' lang='grc' dir='ltr'>εἰ</span> <span class='ocrx_word' id='word_1_131' title='bbox 611 819 646 853; x_wconf 81' lang='grc' dir='ltr'>μὴ</span> <span class='ocrx_word' id='word_1_132' title='bbox 672 819 714 850; x_wconf 81' lang='grc' dir='ltr'>σὺ,</span> <span class='ocrx_word' id='word_1_133' title='bbox 743 816 843 846; x_wconf 71' lang='grc' dir='ltr'>ἐκνική-</span> 
     </span>
    </p>
   </div>
   <div class='ocr_carea' id='block_1_19' title="bbox 42 861 843 899">
    <p class='ocr_par' dir='ltr' id='par_1_19' title="bbox 42 861 843 899">
     <span class='ocr_line' id='line_1_19' title="bbox 42 861 843 899; baseline -0.001 -11"><span class='ocrx_word' id='word_1_134' title='bbox 42 872 116 888; x_wconf 86' lang='grc' dir='ltr'>σασα</span> <span class='ocrx_word' id='word_1_135' title='bbox 129 865 189 893; x_wconf 89' lang='grc' dir='ltr'>ταῖς</span> <span class='ocrx_word' id='word_1_136' title='bbox 201 866 248 892; x_wconf 83' lang='grc' dir='ltr'>τῆς</span> <span class='ocrx_word' id='word_1_137' title='bbox 271 861 404 892; x_wconf 72' lang='grc' dir='ltr'>εὐλαϐείας</span> <span class='ocrx_word' id='word_1_138' title='bbox 436 861 587 898; x_wconf 64' lang='grc' dir='ltr'>ὑπερϐολαῖς</span> <span class='ocrx_word' id='word_1_139' title='bbox 617 865 661 888; x_wconf 82' lang='grc' dir='ltr'>καὶ</span> <span class='ocrx_word' id='word_1_140' title='bbox 685 864 749 899; x_wconf 80' lang='grc' dir='ltr'>πρὸς</span> <span class='ocrx_word' id='word_1_141' title='bbox 779 863 843 889; x_wconf 76' lang='grc' dir='ltr'>Θεὸν</span> 
     </span>
    </p>
   </div>
   <div class='ocr_carea' id='block_1_20' title="bbox 42 904 846 945">
    <p class='ocr_par' dir='ltr' id='par_1_20' title="bbox 42 904 846 945">
     <span class='ocr_line' id='line_1_20' title="bbox 42 904 846 945; baseline 0.001 -12"><span class='ocrx_word' id='word_1_142' title='bbox 42 908 244 940; x_wconf 72' lang='grc' dir='ltr'>πεποιθήσεσιν,</span> <span class='ocrx_word' id='word_1_143' title='bbox 271 906 326 943; x_wconf 83' lang='grc' dir='ltr'>οἶμα</span> <span class='ocrx_word' id='word_1_144' title='bbox 357 904 386 933; x_wconf 73' lang='grc' dir='ltr'>δὲ</span> <span class='ocrx_word' id='word_1_145' title='bbox 407 908 452 932; x_wconf 75' lang='grc' dir='ltr'>καὶ</span> <span class='ocrx_word' id='word_1_146' title='bbox 477 911 513 942; x_wconf 77' lang='grc' dir='ltr'>τῷ</span> <span class='ocrx_word' id='word_1_147' title='bbox 541 909 645 942; x_wconf 77' lang='grc' dir='ltr'>γενναίῳ</span> <span class='ocrx_word' id='word_1_148' title='bbox 664 909 709 933; x_wconf 82' lang='grc' dir='ltr'>καὶ</span> <span class='ocrx_word' id='word_1_149' title='bbox 729 908 846 945; x_wconf 79' lang='grc' dir='ltr'>σταθερῷ</span> 
     </span>
    </p>
   </div>
   <div class='ocr_carea' id='block_1_21' title="bbox 42 949 882 988">
    <p class='ocr_par' dir='ltr' id='par_1_21' title="bbox 42 949 882 988">
     <span class='ocr_line' id='line_1_21' title="bbox 42 949 882 988; baseline 0 -10"><span class='ocrx_word' id='word_1_150' title='bbox 42 956 88 978; x_wconf 75' lang='grc' dir='ltr'>τοι)</span> <span class='ocrx_word' id='word_1_151' title='bbox 106 953 282 988; x_wconf 76' lang='grc' dir='ltr'>φρονήματος,</span> <span class='ocrx_word' id='word_1_152' title='bbox 308 953 415 987; x_wconf 81' lang='grc' dir='ltr'>κρείττω</span> <span class='ocrx_word' id='word_1_153' title='bbox 449 953 560 980; x_wconf 81' lang='grc' dir='ltr'>σεαυτὴν</span> <span class='ocrx_word' id='word_1_154' title='bbox 580 949 674 983; x_wconf 77' lang='grc' dir='ltr'>δείξεις</span> <span class='ocrx_word' id='word_1_155' title='bbox 701 954 746 977; x_wconf 79' lang='grc' dir='ltr'>καὶ</span> <span class='ocrx_word' id='word_1_156' title='bbox 770 952 882 988; x_wconf 78' lang='grc' dir='ltr'>ὑπερ-Β</span> 
     </span>
    </p>
   </div>
   <div class='ocr_carea' id='block_1_22' title="bbox 44 994 848 1032">
    <p class='ocr_par' dir='ltr' id='par_1_22' title="bbox 44 994 848 1032">
     <span class='ocr_line' id='line_1_22' title="bbox 44 994 848 1032; baseline 0 -10"><span class='ocrx_word' id='word_1_157' title='bbox 44 997 96 1022; x_wconf 88' lang='grc' dir='ltr'>άνω</span> <span class='ocrx_word' id='word_1_158' title='bbox 144 997 278 1032; x_wconf 75' lang='grc' dir='ltr'>γενομένην</span> <span class='ocrx_word' id='word_1_159' title='bbox 315 1000 361 1022; x_wconf 80' lang='grc' dir='ltr'>τοῦ</span> <span class='ocrx_word' id='word_1_160' title='bbox 399 995 512 1032; x_wconf 72' lang='grc' dir='ltr'>μεγάλου</span> <span class='ocrx_word' id='word_1_161' title='bbox 548 994 625 1022; x_wconf 68' lang='grc' dir='ltr'>τοῦδε</span> <span class='ocrx_word' id='word_1_162' title='bbox 661 996 761 1028; x_wconf 79' lang='grc' dir='ltr'>πάθους</span> <span class='ocrx_word' id='word_1_163' title='bbox 803 998 848 1022; x_wconf 75' lang='grc' dir='ltr'>καὶ</span> 
     </span>
    </p>
   </div>
   <div class='ocr_carea' id='block_1_23' title="bbox 44 1040 849 1077">
    <p class='ocr_par' dir='ltr' id='par_1_23' title="bbox 44 1040 849 1077">
     <span class='ocr_line' id='line_1_23' title="bbox 44 1040 849 1077; baseline 0.001 -11"><span class='ocrx_word' id='word_1_164' title='bbox 44 1046 90 1071; x_wconf 77' lang='grc' dir='ltr'>τῆς</span> <span class='ocrx_word' id='word_1_165' title='bbox 106 1040 183 1071; x_wconf 76' lang='grc' dir='ltr'>ὅλους</span> <span class='ocrx_word' id='word_1_166' title='bbox 220 1041 287 1076; x_wconf 69' lang='grc' dir='ltr'>ἡμᾶς</span> <span class='ocrx_word' id='word_1_167' title='bbox 325 1042 521 1077; x_wconf 80' lang='grc' dir='ltr'>χειρωσαμένης</span> <span class='ocrx_word' id='word_1_168' title='bbox 559 1042 601 1066; x_wconf 80' lang='grc' dir='ltr'>καὶ</span> <span class='ocrx_word' id='word_1_169' title='bbox 645 1042 849 1077; x_wconf 62' lang='grc' dir='ltr'>κατενεγκούσης</span> 
     </span>
    </p>
   </div>
   <div class='ocr_carea' id='block_1_24' title="bbox 47 1083 851 1123">
    <p class='ocr_par' dir='ltr' id='par_1_24' title="bbox 47 1083 851 1123">
     <span class='ocr_line' id='line_1_24' title="bbox 47 1083 851 1123; baseline -0.002 -11"><span class='ocrx_word' id='word_1_170' title='bbox 47 1088 193 1123; x_wconf 74' lang='grc' dir='ltr'>συμφορᾶς.</span> <span class='ocrx_word' id='word_1_171' title='bbox 211 1087 262 1111; x_wconf 82' lang='grc' dir='ltr'>Καὶ</span> <span class='ocrx_word' id='word_1_172' title='bbox 280 1088 370 1110; x_wconf 87' lang='grc' dir='ltr'>τοῦτον</span> <span class='ocrx_word' id='word_1_173' title='bbox 399 1083 432 1114; x_wconf 81' lang='grc' dir='ltr'>δὴ</span> <span class='ocrx_word' id='word_1_174' title='bbox 458 1086 501 1110; x_wconf 81' lang='grc' dir='ltr'>τον</span> <span class='ocrx_word' id='word_1_175' title='bbox 528 1087 632 1122; x_wconf 79' lang='grc' dir='ltr'>τρόπον,</span> <span class='ocrx_word' id='word_1_176' title='bbox 660 1086 676 1115; x_wconf 81' lang='grc' dir='ltr'>ἡ</span> <span class='ocrx_word' id='word_1_177' title='bbox 705 1087 739 1112; x_wconf 84' lang='grc' dir='ltr'>τὰ</span> <span class='ocrx_word' id='word_1_178' title='bbox 765 1086 851 1112; x_wconf 83' lang='grc' dir='ltr'>πάντα</span> 
     </span>
    </p>
   </div>
   <div class='ocr_carea' id='block_1_25' title="bbox 47 1130 851 1167">
    <p class='ocr_par' dir='ltr' id='par_1_25' title="bbox 47 1130 851 1167">
     <span class='ocr_line' id='line_1_25' title="bbox 47 1130 851 1167; baseline 0 -11"><span class='ocrx_word' id='word_1_179' title='bbox 47 1131 188 1166; x_wconf 71' lang='grc' dir='ltr'>θαυμασία</span> <span class='ocrx_word' id='word_1_180' title='bbox 208 1131 252 1164; x_wconf 67' lang='grc' dir='ltr'>σὺ,</span> <span class='ocrx_word' id='word_1_181' title='bbox 279 1131 323 1155; x_wconf 77' lang='grc' dir='ltr'>καὶ</span> <span class='ocrx_word' id='word_1_182' title='bbox 350 1130 488 1165; x_wconf 79' lang='grc' dir='ltr'>θαυμαστὴ</span> <span class='ocrx_word' id='word_1_183' title='bbox 516 1132 662 1167; x_wconf 75' lang='grc' dir='ltr'>παρήγορος</span> <span class='ocrx_word' id='word_1_184' title='bbox 687 1130 749 1166; x_wconf 77' lang='grc' dir='ltr'>ἡμῖν</span> <span class='ocrx_word' id='word_1_185' title='bbox 773 1139 851 1156; x_wconf 62' lang='grc' dir='ltr'>κατα-</span> 
     </span>
    </p>
   </div>
   <div class='ocr_carea' id='block_1_26' title="bbox 47 1173 853 1211">
    <p class='ocr_par' dir='ltr' id='par_1_26' title="bbox 47 1173 853 1211">
     <span class='ocr_line' id='line_1_26' title="bbox 47 1173 853 1211; baseline 0 -11"><span class='ocrx_word' id='word_1_186' title='bbox 47 1175 202 1210; x_wconf 77' lang='grc' dir='ltr'>σταίης,μὴ</span> <span class='ocrx_word' id='word_1_187' title='bbox 212 1173 314 1210; x_wconf 77' lang='grc' dir='ltr'>ῥήμασι</span> <span class='ocrx_word' id='word_1_188' title='bbox 334 1175 419 1209; x_wconf 91' lang='grc' dir='ltr'>μόνοις</span> <span class='ocrx_word' id='word_1_189' title='bbox 448 1176 492 1199; x_wconf 80' lang='grc' dir='ltr'>καὶ</span> <span class='ocrx_word' id='word_1_190' title='bbox 516 1173 612 1209; x_wconf 79' lang='grc' dir='ltr'>λόγοις,</span> <span class='ocrx_word' id='word_1_191' title='bbox 649 1173 713 1200; x_wconf 79' lang='grc' dir='ltr'>ἀλλά</span> <span class='ocrx_word' id='word_1_192' title='bbox 741 1176 786 1200; x_wconf 74' lang='grc' dir='ltr'>καὶ</span> <span class='ocrx_word' id='word_1_193' title='bbox 813 1175 853 1211; x_wconf 79' lang='grc' dir='ltr'>ἔρ-</span> 
     </span>
    </p>
   </div>
   <div class='ocr_carea' id='block_1_27' title="bbox 48 1218 852 1257">
    <p class='ocr_par' dir='ltr' id='par_1_27' title="bbox 48 1218 852 1257">
     <span class='ocr_line' id='line_1_27' title="bbox 48 1218 852 1257; baseline 0 -12"><span class='ocrx_word' id='word_1_194' title='bbox 48 1229 105 1255; x_wconf 85' lang='grc' dir='ltr'>γοις</span> <span class='ocrx_word' id='word_1_195' title='bbox 138 1218 228 1249; x_wconf 71' lang='grc' dir='ltr'>αὐτοῖς</span> <span class='ocrx_word' id='word_1_196' title='bbox 261 1219 366 1255; x_wconf 78' lang='grc' dir='ltr'>φανερόν</span> <span class='ocrx_word' id='word_1_197' title='bbox 397 1218 500 1244; x_wconf 79' lang='grc' dir='ltr'>τιθεῖσα</span> <span class='ocrx_word' id='word_1_198' title='bbox 527 1219 566 1244; x_wconf 85' lang='grc' dir='ltr'>ὃτι</span> <span class='ocrx_word' id='word_1_199' title='bbox 595 1221 638 1245; x_wconf 78' lang='grc' dir='ltr'>καὶ</span> <span class='ocrx_word' id='word_1_200' title='bbox 660 1218 852 1257; x_wconf 77' lang='grc' dir='ltr'>παρεκαλέσατο</span> 
     </span>
    </p>
   </div>
   <div class='ocr_carea' id='block_1_28' title="bbox 45 1262 854 1300">
    <p class='ocr_par' dir='ltr' id='par_1_28' title="bbox 45 1262 854 1300">
     <span class='ocr_line' id='line_1_28' title="bbox 45 1262 854 1300; baseline 0 -10"><span class='ocrx_word' id='word_1_201' title='bbox 45 1266 91 1290; x_wconf 79' lang='grc' dir='ltr'>καὶ</span> <span class='ocrx_word' id='word_1_202' title='bbox 117 1263 211 1294; x_wconf 79' lang='grc' dir='ltr'>τελέως</span> <span class='ocrx_word' id='word_1_203' title='bbox 252 1262 446 1300; x_wconf 81' lang='grc' dir='ltr'>παρεκαλέσατό</span> <span class='ocrx_word' id='word_1_204' title='bbox 489 1272 519 1289; x_wconf 86' lang='grc' dir='ltr'>σε</span> <span class='ocrx_word' id='word_1_205' title='bbox 555 1265 629 1298; x_wconf 81' lang='grc' dir='ltr'>Θεὸς,</span> <span class='ocrx_word' id='word_1_206' title='bbox 672 1267 719 1295; x_wconf 88' lang='grc' dir='ltr'>τῆς</span> <span class='ocrx_word' id='word_1_207' title='bbox 739 1263 854 1300; x_wconf 79' lang='grc' dir='ltr'>μὲγάλης</span> 
     </span>
    </p>
   </div>
   <div class='ocr_carea' id='block_1_29' title="bbox 46 1308 855 1346">
    <p class='ocr_par' dir='ltr' id='par_1_29' title="bbox 46 1308 855 1346">
     <span class='ocr_line' id='line_1_29' title="bbox 46 1308 855 1346; baseline -0.001 -10"><span class='ocrx_word' id='word_1_208' title='bbox 46 1311 145 1339; x_wconf 81' lang='grc' dir='ltr'>ταύτης</span> <span class='ocrx_word' id='word_1_209' title='bbox 169 1309 302 1345; x_wconf 74' lang='grc' dir='ltr'>ὑπομονῆς</span> <span class='ocrx_word' id='word_1_210' title='bbox 341 1308 516 1345; x_wconf 66' lang='grc' dir='ltr'>ἀμειψάμενος</span> <span class='ocrx_word' id='word_1_211' title='bbox 547 1311 592 1334; x_wconf 81' lang='grc' dir='ltr'>καὶ</span> <span class='ocrx_word' id='word_1_212' title='bbox 625 1313 672 1339; x_wconf 88' lang='grc' dir='ltr'>τῆς</span> <span class='ocrx_word' id='word_1_213' title='bbox 702 1310 855 1346; x_wconf 84' lang='grc' dir='ltr'>θαυμαστῆς</span> 
     </span>
    </p>
   </div>
   <div class='ocr_carea' id='block_1_30' title="bbox 49 1352 856 1391">
    <p class='ocr_par' dir='ltr' id='par_1_30' title="bbox 49 1352 856 1391">
     <span class='ocr_line' id='line_1_30' title="bbox 49 1352 856 1391; baseline -0.002 -11"><span class='ocrx_word' id='word_1_214' title='bbox 49 1355 201 1391; x_wconf 77' lang='grc' dir='ltr'>καρτερίας.</span> <span class='ocrx_word' id='word_1_215' title='bbox 235 1354 337 1382; x_wconf 65' lang='grc' dir='ltr'>Ταύτην</span> <span class='ocrx_word' id='word_1_216' title='bbox 379 1352 429 1388; x_wconf 79' lang='grc' dir='ltr'>ἐγώ</span> <span class='ocrx_word' id='word_1_217' title='bbox 455 1362 506 1384; x_wconf 80' lang='grc' dir='ltr'>σοι,</span> <span class='ocrx_word' id='word_1_218' title='bbox 545 1352 693 1389; x_wconf 80' lang='grc' dir='ltr'>βασίλισσά</span> <span class='ocrx_word' id='word_1_219' title='bbox 723 1363 782 1389; x_wconf 86' lang='grc' dir='ltr'>μου,</span> <span class='ocrx_word' id='word_1_220' title='bbox 809 1356 856 1382; x_wconf 75' lang='grc' dir='ltr'>τὴν</span> 
     </span>
    </p>
   </div>
   <div class='ocr_carea' id='block_1_31' title="bbox 51 1396 857 1435">
    <p class='ocr_par' dir='ltr' id='par_1_31' title="bbox 51 1396 857 1435">
     <span class='ocr_line' id='line_1_31' title="bbox 51 1396 857 1435; baseline 0.005 -15"><span class='ocrx_word' id='word_1_221' title='bbox 51 1396 158 1432; x_wconf 56' lang='grc' dir='ltr'>δέησιν,</span> <span class='ocrx_word' id='word_1_222' title='bbox 192 1398 289 1426; x_wconf 73' lang='grc' dir='ltr'>ταύτην</span> <span class='ocrx_word' id='word_1_223' title='bbox 328 1398 453 1435; x_wconf 77' lang='grc' dir='ltr'>προσάγω</span> <span class='ocrx_word' id='word_1_224' title='bbox 487 1400 534 1426; x_wconf 77' lang='grc' dir='ltr'>τὴν</span> <span class='ocrx_word' id='word_1_225' title='bbox 577 1399 688 1431; x_wconf 83' lang='grc' dir='ltr'>ἵκεσίαν,</span> <span class='ocrx_word' id='word_1_226' title='bbox 713 1400 759 1424; x_wconf 76' lang='grc' dir='ltr'>καὶ</span> <span class='ocrx_word' id='word_1_227' title='bbox 782 1396 857 1429; x_wconf 79' lang='grc' dir='ltr'>δέξαι</span> 
     </span>
    </p>
   </div>
   <div class='ocr_carea' id='block_1_32' title="bbox 52 1441 857 1478">
    <p class='ocr_par' dir='ltr' id='par_1_32' title="bbox 52 1441 857 1478">
     <span class='ocr_line' id='line_1_32' title="bbox 52 1441 857 1478; baseline -0.007 -8"><span class='ocrx_word' id='word_1_228' title='bbox 52 1444 205 1476; x_wconf 78' lang='grc' dir='ltr'>πεισθεῖσα,</span> <span class='ocrx_word' id='word_1_229' title='bbox 223 1443 238 1471; x_wconf 85' lang='grc' dir='ltr'>ἡ</span> <span class='ocrx_word' id='word_1_230' title='bbox 255 1444 300 1468; x_wconf 79' lang='grc' dir='ltr'>καὶ</span> <span class='ocrx_word' id='word_1_231' title='bbox 316 1443 348 1468; x_wconf 81' lang='grc' dir='ltr'>τὰ</span> <span class='ocrx_word' id='word_1_232' title='bbox 362 1443 446 1468; x_wconf 85' lang='grc' dir='ltr'>πάντα</span> <span class='ocrx_word' id='word_1_233' title='bbox 465 1444 510 1468; x_wconf 80' lang='grc' dir='ltr'>καὶ</span> <span class='ocrx_word' id='word_1_234' title='bbox 539 1441 682 1478; x_wconf 80' lang='grc' dir='ltr'>βουλομένη</span> <span class='ocrx_word' id='word_1_235' title='bbox 705 1445 750 1469; x_wconf 81' lang='grc' dir='ltr'>καὶ</span> <span class='ocrx_word' id='word_1_236' title='bbox 775 1452 857 1469; x_wconf 87' lang='grc' dir='ltr'>σπου-</span> 
     </span>
    </p>
   </div>
   <div class='ocr_carea' id='block_1_33' title="bbox 54 1487 859 1525">
    <p class='ocr_par' dir='ltr' id='par_1_33' title="bbox 54 1487 859 1525">
     <span class='ocr_line' id='line_1_33' title="bbox 54 1487 859 1525; baseline -0.001 -10"><span class='ocrx_word' id='word_1_237' title='bbox 54 1487 179 1519; x_wconf 78' lang='grc' dir='ltr'>δάζουσα</span> <span class='ocrx_word' id='word_1_238' title='bbox 213 1490 269 1518; x_wconf 84' lang='grc' dir='ltr'>τοῖς</span> <span class='ocrx_word' id='word_1_239' title='bbox 303 1488 331 1513; x_wconf 69' lang='grc' dir='ltr'>σὶ</span> <span class='ocrx_word' id='word_1_240' title='bbox 354 1490 472 1513; x_wconf 75' lang='grc' dir='ltr'>τεκοῦσιν</span> <span class='ocrx_word' id='word_1_241' title='bbox 498 1488 560 1523; x_wconf 82' lang='grc' dir='ltr'>ἡμῖν</span> <span class='ocrx_word' id='word_1_242' title='bbox 586 1488 707 1524; x_wconf 84' lang='grc' dir='ltr'>πράττειν</span> <span class='ocrx_word' id='word_1_243' title='bbox 732 1497 859 1525; x_wconf 79' lang='grc' dir='ltr'>κεχαρισ-</span> 
     </span>
    </p>
   </div>
   <div class='ocr_carea' id='block_1_34' title="bbox 53 1529 858 1571">
    <p class='ocr_par' dir='ltr' id='par_1_34' title="bbox 53 1529 858 1571">
     <span class='ocr_line' id='line_1_34' title="bbox 53 1529 858 1571; baseline 0 -12"><span class='ocrx_word' id='word_1_244' title='bbox 53 1535 128 1570; x_wconf 78' lang='grc' dir='ltr'>μένα.</span> <span class='ocrx_word' id='word_1_245' title='bbox 152 1534 202 1559; x_wconf 82' lang='grc' dir='ltr'>Καὶ</span> <span class='ocrx_word' id='word_1_246' title='bbox 226 1534 261 1569; x_wconf 83' lang='grc' dir='ltr'>μὴ</span> <span class='ocrx_word' id='word_1_247' title='bbox 291 1529 408 1568; x_wconf 77' lang='grc' dir='ltr'>παρίδῃς</span> <span class='ocrx_word' id='word_1_248' title='bbox 431 1530 497 1568; x_wconf 77' lang='grc' dir='ltr'>μηδ’</span> <span class='ocrx_word' id='word_1_249' title='bbox 525 1531 549 1557; x_wconf 78' lang='grc' dir='ltr'>ἐν</span> <span class='ocrx_word' id='word_1_250' title='bbox 580 1535 634 1563; x_wconf 90' lang='grc' dir='ltr'>τοῖς</span> <span class='ocrx_word' id='word_1_251' title='bbox 660 1536 776 1570; x_wconf 82' lang='grc' dir='ltr'>παροῦσι</span> <span class='ocrx_word' id='word_1_252' title='bbox 802 1533 858 1571; x_wconf 88' lang='grc' dir='ltr'>θερ-</span> 
     </span>
    </p>
   </div>
   <div class='ocr_carea' id='block_1_35' title="bbox 53 1575 857 1615">
    <p class='ocr_par' dir='ltr' id='par_1_35' title="bbox 53 1575 857 1615">
     <span class='ocr_line' id='line_1_35' title="bbox 53 1575 857 1615; baseline -0.001 -11"><span class='ocrx_word' id='word_1_253' title='bbox 53 1583 119 1614; x_wconf 82' lang='grc' dir='ltr'>μῶς,</span> <span class='ocrx_word' id='word_1_254' title='bbox 163 1577 224 1613; x_wconf 76' lang='grc' dir='ltr'>ὁρᾷς</span> <span class='ocrx_word' id='word_1_255' title='bbox 271 1575 296 1603; x_wconf 83' lang='grc' dir='ltr'>δ’</span> <span class='ocrx_word' id='word_1_256' title='bbox 326 1577 431 1609; x_wconf 79' lang='grc' dir='ltr'>ὁπόσον,</span> <span class='ocrx_word' id='word_1_257' title='bbox 461 1577 659 1603; x_wconf 72' lang='grc' dir='ltr'>χαθικετεὺοντα</span> <span class='ocrx_word' id='word_1_258' title='bbox 685 1578 728 1603; x_wconf 87' lang='grc' dir='ltr'>τόν</span> <span class='ocrx_word' id='word_1_259' title='bbox 748 1579 857 1615; x_wconf 79' lang='grc' dir='ltr'>πατέρα,</span> 
     </span>
    </p>
   </div>
   <div class='ocr_carea' id='block_1_36' title="bbox 52 1619 858 1658">
    <p class='ocr_par' dir='ltr' id='par_1_36' title="bbox 52 1619 858 1658">
     <span class='ocr_line' id='line_1_36' title="bbox 52 1619 858 1658; baseline -0.001 -10"><span class='ocrx_word' id='word_1_260' title='bbox 52 1625 97 1648; x_wconf 77' lang='grc' dir='ltr'>καὶ</span> <span class='ocrx_word' id='word_1_261' title='bbox 118 1620 251 1658; x_wconf 77' lang='grc' dir='ltr'>μηδαμῶς</span> <span class='ocrx_word' id='word_1_262' title='bbox 276 1621 362 1657; x_wconf 77' lang='grc' dir='ltr'>ἑτέρως</span> <span class='ocrx_word' id='word_1_263' title='bbox 390 1621 488 1650; x_wconf 78' lang='grc' dir='ltr'>ἣκιστα</span> <span class='ocrx_word' id='word_1_264' title='bbox 513 1619 653 1657; x_wconf 75' lang='grc' dir='ltr'>δυνάμενον</span> <span class='ocrx_word' id='word_1_265' title='bbox 680 1621 767 1658; x_wconf 71' lang='grc' dir='ltr'>ζῇν,ἢ</span> <span class='ocrx_word' id='word_1_266' title='bbox 783 1621 858 1648; x_wconf 77' lang='grc' dir='ltr'>εὔθυ-</span> 
     </span>
    </p>
   </div>
   <div class='ocr_carea' id='block_1_37' title="bbox 52 1663 859 1703">
    <p class='ocr_par' dir='ltr' id='par_1_37' title="bbox 52 1663 859 1703">
     <span class='ocr_line' id='line_1_37' title="bbox 52 1663 859 1703; baseline -0.001 -10"><span class='ocrx_word' id='word_1_267' title='bbox 52 1669 168 1703; x_wconf 78' lang='grc' dir='ltr'>μοτέρας</span> <span class='ocrx_word' id='word_1_268' title='bbox 181 1665 306 1701; x_wconf 77' lang='grc' dir='ltr'>ἀγγελίας</span> <span class='ocrx_word' id='word_1_269' title='bbox 326 1663 466 1701; x_wconf 76' lang='grc' dir='ltr'>δεχόμενον</span> <span class='ocrx_word' id='word_1_270' title='bbox 492 1667 551 1703; x_wconf 83' lang='grc' dir='ltr'>περὶ</span> <span class='ocrx_word' id='word_1_271' title='bbox 578 1669 636 1700; x_wconf 75' lang='grc' dir='ltr'>σοῦ,</span> <span class='ocrx_word' id='word_1_272' title='bbox 670 1668 714 1692; x_wconf 78' lang='grc' dir='ltr'>καὶ</span> <span class='ocrx_word' id='word_1_273' title='bbox 738 1670 788 1692; x_wconf 86' lang='grc' dir='ltr'>τῶν</span> <span class='ocrx_word' id='word_1_274' title='bbox 814 1670 859 1692; x_wconf 87' lang='grc' dir='ltr'>νῦν</span> 
     </span>
    </p>
   </div>
   <div class='ocr_carea' id='block_1_38' title="bbox 51 1708 860 1749">
    <p class='ocr_par' dir='ltr' id='par_1_38' title="bbox 51 1708 860 1749">
     <span class='ocr_line' id='line_1_38' title="bbox 51 1708 860 1749; baseline 0.001 -12"><span class='ocrx_word' id='word_1_275' title='bbox 51 1714 155 1749; x_wconf 69' lang='grc' dir='ltr'>πικρῶς</span> <span class='ocrx_word' id='word_1_276' title='bbox 168 1710 346 1748; x_wconf 71' lang='grc' dir='ltr'>θορυϐούντων</span> <span class='ocrx_word' id='word_1_277' title='bbox 361 1713 406 1736; x_wconf 80' lang='grc' dir='ltr'>καὶ</span> <span class='ocrx_word' id='word_1_278' title='bbox 434 1711 481 1739; x_wconf 88' lang='grc' dir='ltr'>τὴν</span> <span class='ocrx_word' id='word_1_279' title='bbox 506 1710 567 1739; x_wconf 76' lang='grc' dir='ltr'>ὃλην</span> <span class='ocrx_word' id='word_1_280' title='bbox 595 1708 707 1747; x_wconf 78' lang='grc' dir='ltr'>καρδίαν</span> <span class='ocrx_word' id='word_1_281' title='bbox 738 1721 860 1749; x_wconf 85' lang='grc' dir='ltr'>σπαρατ-</span> 
     </span>
    </p>
   </div>
   <div class='ocr_carea' id='block_1_39' title="bbox 52 1755 860 1792">
    <p class='ocr_par' dir='ltr' id='par_1_39' title="bbox 52 1755 860 1792">
     <span class='ocr_line' id='line_1_39' title="bbox 52 1755 860 1792; baseline 0 -9"><span class='ocrx_word' id='word_1_282' title='bbox 52 1758 150 1783; x_wconf 80' lang='grc' dir='ltr'>τόντων</span> <span class='ocrx_word' id='word_1_283' title='bbox 175 1758 219 1781; x_wconf 77' lang='grc' dir='ltr'>καὶ</span> <span class='ocrx_word' id='word_1_284' title='bbox 247 1756 404 1792; x_wconf 79' lang='grc' dir='ltr'>νεκροὺντων</span> <span class='ocrx_word' id='word_1_285' title='bbox 435 1755 614 1790; x_wconf 74' lang='grc' dir='ltr'>κουφιζούσας</span> <span class='ocrx_word' id='word_1_286' title='bbox 643 1755 786 1791; x_wconf 84' lang='grc' dir='ltr'>λογισπῶν.</span> <span class='ocrx_word' id='word_1_287' title='bbox 808 1759 860 1783; x_wconf 80' lang='grc' dir='ltr'>Ναὶ</span> 
     </span>
    </p>
   </div>
   <div class='ocr_carea' id='block_1_40' title="bbox 51 1797 858 1838">
    <p class='ocr_par' dir='ltr' id='par_1_40' title="bbox 51 1797 858 1838">
     <span class='ocr_line' id='line_1_40' title="bbox 51 1797 858 1838; baseline 0 -11"><span class='ocrx_word' id='word_1_288' title='bbox 51 1804 145 1835; x_wconf 77' lang='grc' dir='ltr'>ταῦτα,</span> <span class='ocrx_word' id='word_1_289' title='bbox 162 1802 207 1826; x_wconf 78' lang='grc' dir='ltr'>καὶ</span> <span class='ocrx_word' id='word_1_290' title='bbox 217 1801 264 1826; x_wconf 81' lang='grc' dir='ltr'>εἴτι</span> <span class='ocrx_word' id='word_1_291' title='bbox 279 1799 352 1826; x_wconf 74' lang='grc' dir='ltr'>πλέον</span> <span class='ocrx_word' id='word_1_292' title='bbox 369 1797 446 1836; x_wconf 80' lang='grc' dir='ltr'>δύνῃ,</span> <span class='ocrx_word' id='word_1_293' title='bbox 471 1799 569 1835; x_wconf 78' lang='grc' dir='ltr'>πρᾶξον</span> <span class='ocrx_word' id='word_1_294' title='bbox 583 1799 618 1830; x_wconf 84' lang='grc' dir='ltr'>εἰς</span> <span class='ocrx_word' id='word_1_295' title='bbox 648 1799 711 1836; x_wconf 82' lang='grc' dir='ltr'>ἐμὴν</span> <span class='ocrx_word' id='word_1_296' title='bbox 735 1810 858 1838; x_wconf 85' lang='grc' dir='ltr'>παραμυ-</span> 
     </span>
    </p>
   </div>
   <div class='ocr_carea' id='block_1_41' title="bbox 878 237 1136 272">
    <p class='ocr_par' dir='ltr' id='par_1_41' title="bbox 878 237 1136 272">
     <span class='ocr_line' id='line_1_41' title="bbox 878 237 1136 272; baseline 0.012 -12"><span class='ocrx_word' id='word_1_297' title='bbox 878 244 888 265; x_wconf 81' lang='grc' dir='ltr'>ς</span> <span class='ocrx_word' id='word_1_298' title='bbox 902 237 947 261; x_wconf 83' lang='grc' dir='ltr'>καὶ</span> <span class='ocrx_word' id='word_1_299' title='bbox 957 237 1136 272; x_wconf 72' lang='grc' dir='ltr'>γεγινημένης.</span> 
     </span>
    </p>
   </div>
   <div class='ocr_carea' id='block_1_42' title="bbox 922 279 1707 318">
    <p class='ocr_par' dir='ltr' id='par_1_42' title="bbox 922 279 1707 318">
     <span class='ocr_line' id='line_1_42' title="bbox 922 279 1707 318; baseline 0.004 -11"><span class='ocrx_word' id='word_1_300' title='bbox 922 279 1038 308; x_wconf 80' lang='lat' dir='ltr'><strong>Flevisti</strong></span> <span class='ocrx_word' id='word_1_301' title='bbox 1053 280 1150 315; x_wconf 81' lang='lat' dir='ltr'>igitur,</span> <span class='ocrx_word' id='word_1_302' title='bbox 1168 281 1197 308; x_wconf 85' lang='lat' dir='ltr'>et</span> <span class='ocrx_word' id='word_1_303' title='bbox 1215 281 1246 308; x_wconf 91' lang='lat' dir='ltr'>tu</span> <span class='ocrx_word' id='word_1_304' title='bbox 1265 279 1375 308; x_wconf 83' lang='lat' dir='ltr'><strong>multas</strong></span> <span class='ocrx_word' id='word_1_305' title='bbox 1396 281 1424 308; x_wconf 87' lang='lat' dir='ltr'>et</span> <span class='ocrx_word' id='word_1_306' title='bbox 1434 279 1542 308; x_wconf 86' lang='lat' dir='ltr'><strong>nimias</strong></span> <span class='ocrx_word' id='word_1_307' title='bbox 1557 281 1707 318; x_wconf 87' lang='lat' dir='ltr'><strong>lacrymas</strong></span> 
     </span>
    </p>
   </div>
   <div class='ocr_carea' id='block_1_43' title="bbox 886 323 1709 361">
    <p class='ocr_par' dir='ltr' id='par_1_43' title="bbox 886 323 1709 361">
     <span class='ocr_line' id='line_1_43' title="bbox 886 323 1709 361; baseline 0.002 -9"><span class='ocrx_word' id='word_1_308' title='bbox 886 325 916 351; x_wconf 84' lang='lat' dir='ltr'>et</span> <span class='ocrx_word' id='word_1_309' title='bbox 928 323 1132 360; x_wconf 86' lang='lat' dir='ltr'><strong>lacrymarum</strong></span> <span class='ocrx_word' id='word_1_310' title='bbox 1151 324 1249 352; x_wconf 85' lang='lat' dir='ltr'><strong>fontes</strong></span> <span class='ocrx_word' id='word_1_311' title='bbox 1263 324 1395 358; x_wconf 80' lang='lat' dir='ltr'>emisisti,</span> <span class='ocrx_word' id='word_1_312' title='bbox 1424 325 1532 353; x_wconf 88' lang='lat' dir='ltr'><strong>multas</strong></span> <span class='ocrx_word' id='word_1_313' title='bbox 1542 326 1665 361; x_wconf 89' lang='lat' dir='ltr'>quidem</span> <span class='ocrx_word' id='word_1_314' title='bbox 1681 328 1709 354; x_wconf 88' lang='lat' dir='ltr'>et</span> 
     </span>
    </p>
   </div>
   <div class='ocr_carea' id='block_1_44' title="bbox 887 368 1711 406">
    <p class='ocr_par' dir='ltr' id='par_1_44' title="bbox 887 368 1711 406">
     <span class='ocr_line' id='line_1_44' title="bbox 887 368 1711 406; baseline 0.004 -10"><span class='ocrx_word' id='word_1_315' title='bbox 887 370 955 396; x_wconf 82' lang='lat' dir='ltr'><strong>ante</strong></span> <span class='ocrx_word' id='word_1_316' title='bbox 970 368 1180 397; x_wconf 79' lang='lat' dir='ltr'>calamitatem.</span> <span class='ocrx_word' id='word_1_317' title='bbox 1205 369 1315 397; x_wconf 89' lang='lat' dir='ltr'><strong>multas</strong></span> <span class='ocrx_word' id='word_1_318' title='bbox 1326 377 1397 397; x_wconf 83' lang='lat' dir='ltr'><strong>vero</strong></span> <span class='ocrx_word' id='word_1_319' title='bbox 1417 371 1444 398; x_wconf 90' lang='lat' dir='ltr'>et</span> <span class='ocrx_word' id='word_1_320' title='bbox 1466 369 1497 397; x_wconf 89' lang='lat' dir='ltr'>in</span> <span class='ocrx_word' id='word_1_321' title='bbox 1517 369 1583 406; x_wconf 89' lang='lat' dir='ltr'><strong>ipso</strong></span> <span class='ocrx_word' id='word_1_322' title='bbox 1607 370 1711 399; x_wconf 84' lang='lat' dir='ltr'><strong>dolore</strong></span> 
     </span>
    </p>
   </div>
   <div class='ocr_carea' id='block_1_45' title="bbox 888 413 1710 450">
    <p class='ocr_par' dir='ltr' id='par_1_45' title="bbox 888 413 1710 450">
     <span class='ocr_line' id='line_1_45' title="bbox 888 413 1710 450; baseline 0.001 -10"><span class='ocrx_word' id='word_1_323' title='bbox 888 415 916 441; x_wconf 83' lang='lat' dir='ltr'>et</span> <span class='ocrx_word' id='word_1_324' title='bbox 931 413 1108 448; x_wconf 79' lang='lat' dir='ltr'>calamitate,</span> <span class='ocrx_word' id='word_1_325' title='bbox 1122 414 1230 442; x_wconf 85' lang='lat' dir='ltr'><strong>multas</strong></span> <span class='ocrx_word' id='word_1_326' title='bbox 1243 416 1272 442; x_wconf 90' lang='lat' dir='ltr'>et</span> <span class='ocrx_word' id='word_1_327' title='bbox 1286 415 1356 450; x_wconf 88' lang='lat' dir='ltr'><strong>post</strong></span> <span class='ocrx_word' id='word_1_328' title='bbox 1381 414 1591 448; x_wconf 71' lang='lat' dir='ltr'>calamitatem,</span> <span class='ocrx_word' id='word_1_329' title='bbox 1618 417 1710 443; x_wconf 79' lang='lat' dir='ltr'><strong>totUm</strong></span> 
     </span>
    </p>
   </div>
   <div class='ocr_carea' id='block_1_46' title="bbox 887 458 1712 496">
    <p class='ocr_par' dir='ltr' id='par_1_46' title="bbox 887 458 1712 496">
     <span class='ocr_line' id='line_1_46' title="bbox 887 458 1712 496; baseline 0.004 -11"><span class='ocrx_word' id='word_1_330' title='bbox 887 459 973 486; x_wconf 86' lang='lat' dir='ltr'><strong>tuum</strong></span> <span class='ocrx_word' id='word_1_331' title='bbox 989 465 1040 486; x_wconf 91' lang='lat' dir='ltr'>cor</span> <span class='ocrx_word' id='word_1_332' title='bbox 1052 458 1183 486; x_wconf 62' lang='lat' dir='ltr'><strong>ﬂammae</strong></span> <span class='ocrx_word' id='word_1_333' title='bbox 1197 460 1225 487; x_wconf 88' lang='lat' dir='ltr'>et</span> <span class='ocrx_word' id='word_1_334' title='bbox 1250 458 1312 494; x_wconf 84' lang='lat' dir='ltr'>igni</span> <span class='ocrx_word' id='word_1_335' title='bbox 1342 460 1370 487; x_wconf 84' lang='lat' dir='ltr'>et</span> <span class='ocrx_word' id='word_1_336' title='bbox 1395 459 1616 496; x_wconf 86' lang='lat' dir='ltr'><strong>consumptioni</strong></span> <span class='ocrx_word' id='word_1_337' title='bbox 1641 459 1712 488; x_wconf 85' lang='lat' dir='ltr'><strong>inde</strong></span> 
     </span>
    </p>
   </div>
   <div class='ocr_carea' id='block_1_47' title="bbox 889 502 1712 541">
    <p class='ocr_par' dir='ltr' id='par_1_47' title="bbox 889 502 1712 541">
     <span class='ocr_line' id='line_1_47' title="bbox 889 502 1712 541; baseline 0.002 -11"><span class='ocrx_word' id='word_1_338' title='bbox 889 504 959 530; x_wconf 69' lang='lat' dir='ltr'><strong>ortas</strong></span> <span class='ocrx_word' id='word_1_339' title='bbox 969 502 1090 531; x_wconf 84' lang='lat' dir='ltr'><strong>tradens</strong></span> <span class='ocrx_word' id='word_1_340' title='bbox 1105 512 1111 537; x_wconf 88' lang='lat'><strong>;</strong></span> <span class='ocrx_word' id='word_1_341' title='bbox 1124 503 1247 531; x_wconf 88' lang='lat' dir='ltr'>ostende</span> <span class='ocrx_word' id='word_1_342' title='bbox 1259 511 1339 532; x_wconf 91' lang='lat' dir='ltr'><strong>nunc</strong></span> <span class='ocrx_word' id='word_1_343' title='bbox 1355 511 1416 531; x_wconf 90' lang='lat' dir='ltr'>non</span> <span class='ocrx_word' id='word_1_344' title='bbox 1435 504 1582 532; x_wconf 87' lang='lat' dir='ltr'>minorem</span> <span class='ocrx_word' id='word_1_345' title='bbox 1596 504 1712 541; x_wconf 87' lang='lat' dir='ltr'><strong>patien-</strong></span> 
     </span>
    </p>
   </div>
   <div class='ocr_carea' id='block_1_48' title="bbox 890 547 1714 585">
    <p class='ocr_par' dir='ltr' id='par_1_48' title="bbox 890 547 1714 585">
     <span class='ocr_line' id='line_1_48' title="bbox 890 547 1714 585; baseline 0.004 -11"><span class='ocrx_word' id='word_1_346' title='bbox 890 547 972 581; x_wconf 82' lang='lat' dir='ltr'><strong>tiam,</strong></span> <span class='ocrx_word' id='word_1_347' title='bbox 992 554 1121 584; x_wconf 80' lang='lat' dir='ltr'><strong>eamque</strong></span> <span class='ocrx_word' id='word_1_348' title='bbox 1135 547 1248 576; x_wconf 80' lang='lat' dir='ltr'><strong>Christo</strong></span> <span class='ocrx_word' id='word_1_349' title='bbox 1256 547 1373 584; x_wconf 84' lang='lat' dir='ltr'><strong>jubenti</strong></span> <span class='ocrx_word' id='word_1_350' title='bbox 1389 556 1424 576; x_wconf 91' lang='lat' dir='ltr'>ac</span> <span class='ocrx_word' id='word_1_351' title='bbox 1439 549 1573 585; x_wconf 82' lang='lat' dir='ltr'><strong>poscenti</strong></span> <span class='ocrx_word' id='word_1_352' title='bbox 1587 549 1714 578; x_wconf 82' lang='lat' dir='ltr'><strong>immota</strong></span> 
     </span>
    </p>
   </div>
   <div class='ocr_carea' id='block_1_49' title="bbox 891 591 1714 628">
    <p class='ocr_par' dir='ltr' id='par_1_49' title="bbox 891 591 1714 628">
     <span class='ocr_line' id='line_1_49' title="bbox 891 591 1714 628; baseline 0.004 -9"><span class='ocrx_word' id='word_1_353' title='bbox 891 593 920 620; x_wconf 89' lang='lat' dir='ltr'>et</span> <span class='ocrx_word' id='word_1_354' title='bbox 932 591 1016 625; x_wconf 76' lang='lat' dir='ltr'><strong>oﬂ‘er,</strong></span> <span class='ocrx_word' id='word_1_355' title='bbox 1029 594 1059 620; x_wconf 88' lang='lat' dir='ltr'>et</span> <span class='ocrx_word' id='word_1_356' title='bbox 1078 591 1135 620; x_wconf 85' lang='lat' dir='ltr'><strong>hac</strong></span> <span class='ocrx_word' id='word_1_357' title='bbox 1155 592 1220 627; x_wconf 81' lang='lat' dir='ltr'><strong>lege</strong></span> <span class='ocrx_word' id='word_1_358' title='bbox 1239 592 1360 628; x_wconf 81' lang='lat' dir='ltr'><strong>posside</strong></span> <span class='ocrx_word' id='word_1_359' title='bbox 1386 592 1519 621; x_wconf 85' lang='lat' dir='ltr'><strong>animam</strong></span> <span class='ocrx_word' id='word_1_360' title='bbox 1547 595 1630 621; x_wconf 84' lang='lat' dir='ltr'><strong>tuam</strong></span> <span class='ocrx_word' id='word_1_361' title='bbox 1647 593 1714 628; x_wconf 82' lang='lat' dir='ltr'><strong>;fao</strong></span> 
     </span>
    </p>
   </div>
   <div class='ocr_carea' id='block_1_50' title="bbox 891 637 1715 675">
    <p class='ocr_par' dir='ltr' id='par_1_50' title="bbox 891 637 1715 675">
     <span class='ocr_line' id='line_1_50' title="bbox 891 637 1715 675; baseline 0.001 -10"><span class='ocrx_word' id='word_1_362' title='bbox 891 639 984 665; x_wconf 87' lang='lat' dir='ltr'><strong>utnos</strong></span> <span class='ocrx_word' id='word_1_363' title='bbox 990 645 1111 674; x_wconf 87' lang='lat' dir='ltr'><strong>quoque</strong></span> <span class='ocrx_word' id='word_1_364' title='bbox 1119 637 1360 666; x_wconf 85' lang='lat' dir='ltr'><strong>animasnostras</strong></span> <span class='ocrx_word' id='word_1_365' title='bbox 1368 638 1581 674; x_wconf 86' lang='lat' dir='ltr'><strong>possideamus</strong></span> <span class='ocrx_word' id='word_1_366' title='bbox 1591 647 1597 672; x_wconf 87' lang='lat'><strong>;</strong></span> <span class='ocrx_word' id='word_1_367' title='bbox 1606 646 1674 675; x_wconf 77' lang='lat' dir='ltr'><strong>quae</strong></span> <span class='ocrx_word' id='word_1_368' title='bbox 1683 639 1715 666; x_wconf 88' lang='lat' dir='ltr'>in</span> 
     </span>
    </p>
   </div>
   <div class='ocr_carea' id='block_1_51' title="bbox 893 682 1715 718">
    <p class='ocr_par' dir='ltr' id='par_1_51' title="bbox 893 682 1715 718">
     <span class='ocr_line' id='line_1_51' title="bbox 893 682 1715 718; baseline 0.001 -8"><span class='ocrx_word' id='word_1_369' title='bbox 893 690 928 710; x_wconf 90' lang='lat' dir='ltr'>eo</span> <span class='ocrx_word' id='word_1_370' title='bbox 943 684 1012 710; x_wconf 90' lang='lat' dir='ltr'><strong>sunt</strong></span> <span class='ocrx_word' id='word_1_371' title='bbox 1026 684 1059 710; x_wconf 90' lang='lat' dir='ltr'>ut</span> <span class='ocrx_word' id='word_1_372' title='bbox 1073 690 1134 718; x_wconf 73' lang='lat' dir='ltr'><strong>prie</strong></span> <span class='ocrx_word' id='word_1_373' title='bbox 1148 682 1264 711; x_wconf 83' lang='lat' dir='ltr'><strong>tristitia</strong></span> <span class='ocrx_word' id='word_1_374' title='bbox 1274 682 1453 718; x_wconf 80' lang='lat' dir='ltr'><strong>dejiciantur</strong></span> <span class='ocrx_word' id='word_1_375' title='bbox 1469 690 1504 711; x_wconf 87' lang='lat' dir='ltr'>ac</span> <span class='ocrx_word' id='word_1_376' title='bbox 1519 683 1715 718; x_wconf 85' lang='lat' dir='ltr'><strong>deﬁciant,eo</strong></span> 
     </span>
    </p>
   </div>
   <div class='ocr_carea' id='block_1_52' title="bbox 894 726 1718 764">
    <p class='ocr_par' dir='ltr' id='par_1_52' title="bbox 894 726 1718 764">
     <span class='ocr_line' id='line_1_52' title="bbox 894 726 1718 764; baseline 0.001 -9"><span class='ocrx_word' id='word_1_377' title='bbox 894 726 977 763; x_wconf 90' lang='lat' dir='ltr'><strong>quod</strong></span> <span class='ocrx_word' id='word_1_378' title='bbox 988 735 1050 755; x_wconf 90' lang='lat' dir='ltr'>non</span> <span class='ocrx_word' id='word_1_379' title='bbox 1060 726 1180 755; x_wconf 80' lang='lat' dir='ltr'><strong>aliunde</strong></span> <span class='ocrx_word' id='word_1_380' title='bbox 1191 726 1375 762; x_wconf 81' lang='lat' dir='ltr'><strong>refrigerium</strong></span> <span class='ocrx_word' id='word_1_381' title='bbox 1390 729 1418 755; x_wconf 86' lang='lat' dir='ltr'>et</span> <span class='ocrx_word' id='word_1_382' title='bbox 1443 727 1576 756; x_wconf 85' lang='lat' dir='ltr'><strong>solamen</strong></span> <span class='ocrx_word' id='word_1_383' title='bbox 1601 727 1718 764; x_wconf 87' lang='lat' dir='ltr'><strong>possint</strong></span> 
     </span>
    </p>
   </div>
   <div class='ocr_carea' id='block_1_53' title="bbox 896 771 1718 808">
    <p class='ocr_par' dir='ltr' id='par_1_53' title="bbox 896 771 1718 808">
     <span class='ocr_line' id='line_1_53' title="bbox 896 771 1718 808; baseline 0.001 -9"><span class='ocrx_word' id='word_1_384' title='bbox 896 771 1040 808; x_wconf 87' lang='lat' dir='ltr'><strong>accipere,</strong></span> <span class='ocrx_word' id='word_1_385' title='bbox 1055 771 1112 799; x_wconf 88' lang='lat' dir='ltr'><strong>nisi</strong></span> <span class='ocrx_word' id='word_1_386' title='bbox 1128 774 1168 804; x_wconf 88' lang='lat' dir='ltr'>tu,</span> <span class='ocrx_word' id='word_1_387' title='bbox 1189 774 1241 800; x_wconf 86' lang='lat' dir='ltr'>tua</span> <span class='ocrx_word' id='word_1_388' title='bbox 1254 771 1363 800; x_wconf 84' lang='lat' dir='ltr'><strong>eximia</strong></span> <span class='ocrx_word' id='word_1_389' title='bbox 1386 772 1494 808; x_wconf 81' lang='lat' dir='ltr'><strong>pietate</strong></span> <span class='ocrx_word' id='word_1_390' title='bbox 1508 775 1536 801; x_wconf 88' lang='lat' dir='ltr'>et</span> <span class='ocrx_word' id='word_1_391' title='bbox 1566 772 1597 800; x_wconf 91' lang='lat' dir='ltr'>in</span> <span class='ocrx_word' id='word_1_392' title='bbox 1623 772 1718 800; x_wconf 88' lang='lat' dir='ltr'><strong>Deum</strong></span> 
     </span>
    </p>
   </div>
   <div class='ocr_carea' id='block_1_54' title="bbox 896 816 1719 853">
    <p class='ocr_par' dir='ltr' id='par_1_54' title="bbox 896 816 1719 853">
     <span class='ocr_line' id='line_1_54' title="bbox 896 816 1719 853; baseline 0.002 -9"><span class='ocrx_word' id='word_1_393' title='bbox 896 816 1017 852; x_wconf 83' lang='lat' dir='ltr'><strong>ﬁducia,</strong></span> <span class='ocrx_word' id='word_1_394' title='bbox 1033 816 1181 853; x_wconf 88' lang='lat' dir='ltr'><strong>simulque</strong></span> <span class='ocrx_word' id='word_1_395' title='bbox 1192 820 1242 845; x_wconf 87' lang='lat' dir='ltr'>tuo</span> <span class='ocrx_word' id='word_1_396' title='bbox 1267 825 1413 853; x_wconf 83' lang='lat' dir='ltr'><strong>generoso</strong></span> <span class='ocrx_word' id='word_1_397' title='bbox 1440 825 1475 845; x_wconf 88' lang='lat' dir='ltr'>ac</span> <span class='ocrx_word' id='word_1_398' title='bbox 1502 818 1590 845; x_wconf 86' lang='lat' dir='ltr'><strong>ﬁrmo</strong></span> <span class='ocrx_word' id='word_1_399' title='bbox 1617 818 1719 846; x_wconf 83' lang='lat' dir='ltr'><strong>animo</strong></span> 
     </span>
    </p>
   </div>
   <div class='ocr_carea' id='block_1_55' title="bbox 897 861 1719 898">
    <p class='ocr_par' dir='ltr' id='par_1_55' title="bbox 897 861 1719 898">
     <span class='ocr_line' id='line_1_55' title="bbox 897 861 1719 898; baseline 0 -8"><span class='ocrx_word' id='word_1_400' title='bbox 897 861 1030 895; x_wconf 79' lang='lat' dir='ltr'><strong>vincens,</strong></span> <span class='ocrx_word' id='word_1_401' title='bbox 1046 861 1170 898; x_wconf 88' lang='lat' dir='ltr'><strong>teipsam</strong></span> <span class='ocrx_word' id='word_1_402' title='bbox 1183 862 1326 896; x_wconf 83' lang='lat' dir='ltr'><strong>majorem</strong></span> <span class='ocrx_word' id='word_1_403' title='bbox 1343 869 1377 889; x_wconf 87' lang='lat' dir='ltr'>ac</span> <span class='ocrx_word' id='word_1_404' title='bbox 1388 862 1539 890; x_wconf 86' lang='lat' dir='ltr'><strong>fortiorem</strong></span> <span class='ocrx_word' id='word_1_405' title='bbox 1547 870 1659 897; x_wconf 77' lang='lat' dir='ltr'><strong>magno</strong></span> <span class='ocrx_word' id='word_1_406' title='bbox 1669 862 1719 890; x_wconf 90' lang='lat' dir='ltr'><strong>illo</strong></span> 
     </span>
    </p>
   </div>
   <div class='ocr_carea' id='block_1_56' title="bbox 900 905 1722 943">
    <p class='ocr_par' dir='ltr' id='par_1_56' title="bbox 900 905 1722 943">
     <span class='ocr_line' id='line_1_56' title="bbox 900 905 1722 943; baseline 0.002 -10"><span class='ocrx_word' id='word_1_407' title='bbox 900 905 1002 934; x_wconf 87' lang='lat' dir='ltr'><strong>dolore</strong></span> <span class='ocrx_word' id='word_1_408' title='bbox 1009 908 1141 942; x_wconf 79' lang='lat' dir='ltr'><strong>praestes,</strong></span> <span class='ocrx_word' id='word_1_409' title='bbox 1148 913 1183 933; x_wconf 85' lang='lat' dir='ltr'>ac</span> <span class='ocrx_word' id='word_1_410' title='bbox 1189 905 1368 940; x_wconf 83' lang='lat' dir='ltr'><strong>calamitate,</strong></span> <span class='ocrx_word' id='word_1_411' title='bbox 1375 914 1443 942; x_wconf 70' lang='lat' dir='ltr'><strong>quia</strong></span> <span class='ocrx_word' id='word_1_412' title='bbox 1452 914 1508 934; x_wconf 90' lang='lat' dir='ltr'>nos</span> <span class='ocrx_word' id='word_1_413' title='bbox 1518 909 1595 934; x_wconf 86' lang='lat' dir='ltr'><strong>totos</strong></span> <span class='ocrx_word' id='word_1_414' title='bbox 1611 907 1722 943; x_wconf 81' lang='lat' dir='ltr'><strong>premit</strong></span> 
     </span>
    </p>
   </div>
   <div class='ocr_carea' id='block_1_57' title="bbox 902 950 1724 987">
    <p class='ocr_par' dir='ltr' id='par_1_57' title="bbox 902 950 1724 987">
     <span class='ocr_line' id='line_1_57' title="bbox 902 950 1724 987; baseline 0.001 -9"><span class='ocrx_word' id='word_1_415' title='bbox 902 959 936 979; x_wconf 88' lang='lat' dir='ltr'>ac</span> <span class='ocrx_word' id='word_1_416' title='bbox 949 950 1057 986; x_wconf 87' lang='lat' dir='ltr'><strong>dejicit.</strong></span> <span class='ocrx_word' id='word_1_417' title='bbox 1068 950 1162 978; x_wconf 83' lang='lat' dir='ltr'><strong>Ethoc</strong></span> <span class='ocrx_word' id='word_1_418' title='bbox 1170 951 1272 984; x_wconf 87' lang='lat' dir='ltr'><strong>modo,</strong></span> <span class='ocrx_word' id='word_1_419' title='bbox 1283 953 1323 987; x_wconf 89' lang='lat' dir='ltr'>tu,</span> <span class='ocrx_word' id='word_1_420' title='bbox 1334 951 1437 987; x_wconf 63' lang='lat' dir='ltr'><strong>qurein</strong></span> <span class='ocrx_word' id='word_1_421' title='bbox 1445 951 1585 979; x_wconf 86' lang='lat' dir='ltr'><strong>omnibus</strong></span> <span class='ocrx_word' id='word_1_422' title='bbox 1594 951 1724 979; x_wconf 61' lang='lat' dir='ltr'><strong>admirao</strong></span> 
     </span>
    </p>
   </div>
   <div class='ocr_carea' id='block_1_58' title="bbox 903 995 1723 1030">
    <p class='ocr_par' dir='ltr' id='par_1_58' title="bbox 903 995 1723 1030">
     <span class='ocr_line' id='line_1_58' title="bbox 903 995 1723 1030; baseline 0 -7"><span class='ocrx_word' id='word_1_423' title='bbox 903 996 1012 1023; x_wconf 81' lang='lat' dir='ltr'><strong>tionem</strong></span> <span class='ocrx_word' id='word_1_424' title='bbox 1020 1002 1130 1030; x_wconf 85' lang='lat' dir='ltr'><strong>moves,</strong></span> <span class='ocrx_word' id='word_1_425' title='bbox 1137 995 1177 1023; x_wconf 85' lang='lat' dir='ltr'>sis</span> <span class='ocrx_word' id='word_1_426' title='bbox 1183 995 1271 1023; x_wconf 90' lang='lat' dir='ltr'><strong>nobis</strong></span> <span class='ocrx_word' id='word_1_427' title='bbox 1278 995 1453 1023; x_wconf 87' lang='lat' dir='ltr'><strong>admiranda</strong></span> <span class='ocrx_word' id='word_1_428' title='bbox 1459 995 1650 1030; x_wconf 86' lang='lat' dir='ltr'><strong>consolatrix,</strong></span> <span class='ocrx_word' id='word_1_429' title='bbox 1662 1003 1723 1023; x_wconf 89' lang='lat' dir='ltr'>non</span> 
     </span>
    </p>
   </div>
   <div class='ocr_carea' id='block_1_59' title="bbox 902 1039 1727 1076">
    <p class='ocr_par' dir='ltr' id='par_1_59' title="bbox 902 1039 1727 1076">
     <span class='ocr_line' id='line_1_59' title="bbox 902 1039 1727 1076; baseline 0 -8"><span class='ocrx_word' id='word_1_430' title='bbox 902 1040 1002 1068; x_wconf 81' lang='lat' dir='ltr'><strong>verbis</strong></span> <span class='ocrx_word' id='word_1_431' title='bbox 1009 1040 1100 1067; x_wconf 91' lang='lat' dir='ltr'><strong>modo</strong></span> <span class='ocrx_word' id='word_1_432' title='bbox 1109 1047 1143 1068; x_wconf 85' lang='lat' dir='ltr'>ac</span> <span class='ocrx_word' id='word_1_433' title='bbox 1150 1040 1340 1076; x_wconf 82' lang='lat' dir='ltr'><strong>argumentis,</strong></span> <span class='ocrx_word' id='word_1_434' title='bbox 1349 1040 1401 1068; x_wconf 87' lang='lat' dir='ltr'>sed</span> <span class='ocrx_word' id='word_1_435' title='bbox 1408 1039 1580 1076; x_wconf 87' lang='lat' dir='ltr'><strong>etoperibus</strong></span> <span class='ocrx_word' id='word_1_436' title='bbox 1587 1040 1658 1076; x_wconf 87' lang='lat' dir='ltr'><strong>ipsis</strong></span> <span class='ocrx_word' id='word_1_437' title='bbox 1664 1048 1727 1068; x_wconf 80' lang='lat' dir='ltr'><strong>ma-</strong></span> 
     </span>
    </p>
   </div>
   <div class='ocr_carea' id='block_1_60' title="bbox 904 1084 1726 1121">
    <p class='ocr_par' dir='ltr' id='par_1_60' title="bbox 904 1084 1726 1121">
     <span class='ocr_line' id='line_1_60' title="bbox 904 1084 1726 1121; baseline 0 -8"><span class='ocrx_word' id='word_1_438' title='bbox 904 1084 1043 1113; x_wconf 87' lang='lat' dir='ltr'><strong>nifestum</strong></span> <span class='ocrx_word' id='word_1_439' title='bbox 1060 1085 1172 1112; x_wconf 85' lang='lat' dir='ltr'><strong>faciens</strong></span> <span class='ocrx_word' id='word_1_440' title='bbox 1186 1087 1213 1113; x_wconf 89' lang='lat' dir='ltr'>te</span> <span class='ocrx_word' id='word_1_441' title='bbox 1222 1093 1239 1113; x_wconf 89' lang='lat' dir='ltr'>a</span> <span class='ocrx_word' id='word_1_442' title='bbox 1252 1085 1477 1121; x_wconf 85' lang='lat' dir='ltr'><strong>Deoperfectam</strong></span> <span class='ocrx_word' id='word_1_443' title='bbox 1489 1085 1726 1113; x_wconf 82' lang='lat' dir='ltr'><strong>consolationem</strong></span> 
     </span>
    </p>
   </div>
   <div class='ocr_carea' id='block_1_61' title="bbox 905 1129 1728 1166">
    <p class='ocr_par' dir='ltr' id='par_1_61' title="bbox 905 1129 1728 1166">
     <span class='ocr_line' id='line_1_61' title="bbox 905 1129 1728 1166; baseline 0.001 -9"><span class='ocrx_word' id='word_1_444' title='bbox 905 1129 1068 1166; x_wconf 86' lang='lat' dir='ltr'><strong>accepisse,</strong></span> <span class='ocrx_word' id='word_1_445' title='bbox 1076 1129 1153 1157; x_wconf 85' lang='lat' dir='ltr'><strong>hanc</strong></span> <span class='ocrx_word' id='word_1_446' title='bbox 1161 1138 1305 1164; x_wconf 82' lang='lat' dir='ltr'><strong>magnam</strong></span> <span class='ocrx_word' id='word_1_447' title='bbox 1312 1130 1484 1166; x_wconf 81' lang='lat' dir='ltr'><strong>patientiam</strong></span> <span class='ocrx_word' id='word_1_448' title='bbox 1492 1130 1605 1158; x_wconf 75' lang='lat' dir='ltr'><strong>ethunc</strong></span> <span class='ocrx_word' id='word_1_449' title='bbox 1619 1130 1728 1158; x_wconf 85' lang='lat' dir='ltr'><strong>miram</strong></span> 
     </span>
    </p>
   </div>
   <div class='ocr_carea' id='block_1_62' title="bbox 907 1174 1727 1211">
    <p class='ocr_par' dir='ltr' id='par_1_62' title="bbox 907 1174 1727 1211">
     <span class='ocr_line' id='line_1_62' title="bbox 907 1174 1727 1211; baseline 0 -9"><span class='ocrx_word' id='word_1_450' title='bbox 907 1174 1110 1202; x_wconf 82' lang='lat' dir='ltr'><strong>sufferentiam</strong></span> <span class='ocrx_word' id='word_1_451' title='bbox 1123 1174 1266 1204; x_wconf 87' lang='lat' dir='ltr'><strong>induisse.</strong></span> <span class='ocrx_word' id='word_1_452' title='bbox 1287 1176 1344 1202; x_wconf 87' lang='lat' dir='ltr'><strong>Has</strong></span> <span class='ocrx_word' id='word_1_453' title='bbox 1362 1174 1402 1202; x_wconf 89' lang='lat' dir='ltr'>ad</span> <span class='ocrx_word' id='word_1_454' title='bbox 1414 1177 1451 1208; x_wconf 89' lang='lat' dir='ltr'>te,</span> <span class='ocrx_word' id='word_1_455' title='bbox 1466 1175 1639 1211; x_wconf 84' lang='lat' dir='ltr'><strong>imperatrix</strong></span> <span class='ocrx_word' id='word_1_456' title='bbox 1648 1182 1727 1208; x_wconf 83' lang='lat' dir='ltr'><strong>mea,</strong></span> 
     </span>
    </p>
   </div>
   <div class='ocr_carea' id='block_1_63' title="bbox 907 1218 1730 1256">
    <p class='ocr_par' dir='ltr' id='par_1_63' title="bbox 907 1218 1730 1256">
     <span class='ocr_line' id='line_1_63' title="bbox 907 1218 1730 1256; baseline -0.001 -9"><span class='ocrx_word' id='word_1_457' title='bbox 907 1219 1086 1256; x_wconf 68' lang='lat' dir='ltr'><strong>preces,hmc</strong></span> <span class='ocrx_word' id='word_1_458' title='bbox 1094 1220 1162 1247; x_wconf 83' lang='lat' dir='ltr'><strong>vota</strong></span> <span class='ocrx_word' id='word_1_459' title='bbox 1169 1218 1259 1252; x_wconf 87' lang='lat' dir='ltr'><strong>mitto;</strong></span> <span class='ocrx_word' id='word_1_460' title='bbox 1266 1218 1331 1247; x_wconf 77' lang='lat' dir='ltr'><strong>haec</strong></span> <span class='ocrx_word' id='word_1_461' title='bbox 1338 1219 1439 1255; x_wconf 79' lang='lat' dir='ltr'><strong>accipe</strong></span> <span class='ocrx_word' id='word_1_462' title='bbox 1445 1218 1622 1255; x_wconf 59' lang='lat' dir='ltr'><strong>libensque</strong></span> <span class='ocrx_word' id='word_1_463' title='bbox 1631 1219 1730 1247; x_wconf 82' lang='lat' dir='ltr'><strong>omnia</strong></span> 
     </span>
    </p>
   </div>
   <div class='ocr_carea' id='block_1_64' title="bbox 908 1263 1731 1300">
    <p class='ocr_par' dir='ltr' id='par_1_64' title="bbox 908 1263 1731 1300">
     <span class='ocr_line' id='line_1_64' title="bbox 908 1263 1731 1300; baseline -0.001 -8"><span class='ocrx_word' id='word_1_464' title='bbox 908 1264 954 1292; x_wconf 87' lang='lat' dir='ltr'><strong>vis</strong></span> <span class='ocrx_word' id='word_1_465' title='bbox 965 1266 993 1292; x_wconf 90' lang='lat' dir='ltr'>et</span> <span class='ocrx_word' id='word_1_466' title='bbox 1011 1271 1155 1300; x_wconf 89' lang='lat' dir='ltr'><strong>properas</strong></span> <span class='ocrx_word' id='word_1_467' title='bbox 1173 1263 1349 1300; x_wconf 87' lang='lat' dir='ltr'><strong>parentibus</strong></span> <span class='ocrx_word' id='word_1_468' title='bbox 1364 1263 1420 1292; x_wconf 86' lang='lat' dir='ltr'><strong>tuis</strong></span> <span class='ocrx_word' id='word_1_469' title='bbox 1436 1266 1522 1299; x_wconf 85' lang='lat' dir='ltr'><strong>grata</strong></span> <span class='ocrx_word' id='word_1_470' title='bbox 1536 1263 1642 1292; x_wconf 82' lang='lat' dir='ltr'><strong>facere.</strong></span> <span class='ocrx_word' id='word_1_471' title='bbox 1677 1265 1731 1291; x_wconf 45' lang='lat' dir='ltr'>Nee</span> 
     </span>
    </p>
   </div>
   <div class='ocr_carea' id='block_1_65' title="bbox 909 1308 1733 1346">
    <p class='ocr_par' dir='ltr' id='par_1_65' title="bbox 909 1308 1733 1346">
     <span class='ocr_line' id='line_1_65' title="bbox 909 1308 1733 1346; baseline 0 -10"><span class='ocrx_word' id='word_1_472' title='bbox 909 1317 968 1346; x_wconf 83' lang='lat' dir='ltr'><strong>que</strong></span> <span class='ocrx_word' id='word_1_473' title='bbox 978 1308 1126 1344; x_wconf 87' lang='lat' dir='ltr'><strong>despicias</strong></span> <span class='ocrx_word' id='word_1_474' title='bbox 1137 1317 1216 1336; x_wconf 88' lang='lat' dir='ltr'><strong>nunc</strong></span> <span class='ocrx_word' id='word_1_475' title='bbox 1232 1309 1332 1345; x_wconf 85' lang='lat' dir='ltr'><strong>(quam</strong></span> <span class='ocrx_word' id='word_1_476' title='bbox 1346 1308 1484 1337; x_wconf 81' lang='lat' dir='ltr'><strong>ardenter</strong></span> <span class='ocrx_word' id='word_1_477' title='bbox 1497 1308 1603 1343; x_wconf 87' lang='lat' dir='ltr'><strong>vides),</strong></span> <span class='ocrx_word' id='word_1_478' title='bbox 1621 1308 1733 1345; x_wconf 49' lang='lat' dir='ltr'><strong>supplié</strong></span> 
     </span>
    </p>
   </div>
   <div class='ocr_carea' id='block_1_66' title="bbox 911 1353 1731 1390">
    <p class='ocr_par' dir='ltr' id='par_1_66' title="bbox 911 1353 1731 1390">
     <span class='ocr_line' id='line_1_66' title="bbox 911 1353 1731 1390; baseline -0.002 -8"><span class='ocrx_word' id='word_1_479' title='bbox 911 1355 1028 1382; x_wconf 87' lang='lat' dir='ltr'><strong>cantem</strong></span> <span class='ocrx_word' id='word_1_480' title='bbox 1042 1355 1156 1390; x_wconf 85' lang='lat' dir='ltr'><strong>patrem</strong></span> <span class='ocrx_word' id='word_1_481' title='bbox 1169 1356 1263 1388; x_wconf 84' lang='lat' dir='ltr'><strong>tuum,</strong></span> <span class='ocrx_word' id='word_1_482' title='bbox 1279 1354 1331 1389; x_wconf 88' lang='lat' dir='ltr'><strong>qui</strong></span> <span class='ocrx_word' id='word_1_483' title='bbox 1349 1361 1411 1381; x_wconf 89' lang='lat' dir='ltr'>non</span> <span class='ocrx_word' id='word_1_484' title='bbox 1421 1353 1608 1382; x_wconf 73' lang='lat' dir='ltr'><strong>aliter-vivere</strong></span> <span class='ocrx_word' id='word_1_485' title='bbox 1624 1355 1731 1390; x_wconf 82' lang='lat' dir='ltr'><strong>potest,</strong></span> 
     </span>
    </p>
   </div>
   <div class='ocr_carea' id='block_1_67' title="bbox 911 1397 1733 1435">
    <p class='ocr_par' dir='ltr' id='par_1_67' title="bbox 911 1397 1733 1435">
     <span class='ocr_line' id='line_1_67' title="bbox 911 1397 1733 1435; baseline 0 -9"><span class='ocrx_word' id='word_1_486' title='bbox 911 1406 1004 1435; x_wconf 86' lang='lat' dir='ltr'><strong>quam</strong></span> <span class='ocrx_word' id='word_1_487' title='bbox 1021 1397 1044 1425; x_wconf 89' lang='lat' dir='ltr'>si</span> <span class='ocrx_word' id='word_1_488' title='bbox 1059 1397 1097 1425; x_wconf 89' lang='lat' dir='ltr'>de</span> <span class='ocrx_word' id='word_1_489' title='bbox 1113 1400 1141 1426; x_wconf 89' lang='lat' dir='ltr'>te</span> <span class='ocrx_word' id='word_1_490' title='bbox 1152 1397 1274 1426; x_wconf 75' lang='lat' dir='ltr'><strong>laetifera</strong></span> <span class='ocrx_word' id='word_1_491' title='bbox 1285 1398 1390 1426; x_wconf 84' lang='lat' dir='ltr'><strong>nuntia.</strong></span> <span class='ocrx_word' id='word_1_492' title='bbox 1405 1398 1540 1434; x_wconf 84' lang='lat' dir='ltr'><strong>accipiat,</strong></span> <span class='ocrx_word' id='word_1_493' title='bbox 1553 1406 1620 1435; x_wconf 72' lang='lat' dir='ltr'><strong>quae</strong></span> <span class='ocrx_word' id='word_1_494' title='bbox 1632 1405 1733 1426; x_wconf 87' lang='lat' dir='ltr'><strong>amare</strong></span> 
     </span>
    </p>
   </div>
   <div class='ocr_carea' id='block_1_68' title="bbox 912 1441 1733 1478">
    <p class='ocr_par' dir='ltr' id='par_1_68' title="bbox 912 1441 1733 1478">
     <span class='ocr_line' id='line_1_68' title="bbox 912 1441 1733 1478; baseline -0.001 -8"><span class='ocrx_word' id='word_1_495' title='bbox 912 1445 1006 1470; x_wconf 89' lang='lat' dir='ltr'><strong>totum</strong></span> <span class='ocrx_word' id='word_1_496' title='bbox 1020 1450 1071 1470; x_wconf 91' lang='lat' dir='ltr'>cor</span> <span class='ocrx_word' id='word_1_497' title='bbox 1083 1441 1291 1478; x_wconf 83' lang='lat' dir='ltr'><strong>perturbantes</strong></span> <span class='ocrx_word' id='word_1_498' title='bbox 1302 1443 1329 1470; x_wconf 85' lang='lat' dir='ltr'>et</span> <span class='ocrx_word' id='word_1_499' title='bbox 1337 1441 1541 1478; x_wconf 85' lang='lat' dir='ltr'><strong>discerpantes</strong></span> <span class='ocrx_word' id='word_1_500' title='bbox 1554 1444 1583 1470; x_wconf 84' lang='lat' dir='ltr'>et</span> <span class='ocrx_word' id='word_1_501' title='bbox 1597 1442 1733 1470; x_wconf 89' lang='lat' dir='ltr'><strong>occiden-</strong></span> 
     </span>
    </p>
   </div>
   <div class='ocr_carea' id='block_1_69' title="bbox 913 1482 1736 1522">
    <p class='ocr_par' dir='ltr' id='par_1_69' title="bbox 913 1482 1736 1522">
     <span class='ocr_line' id='line_1_69' title="bbox 913 1482 1736 1522; baseline -0.001 -7"><span class='ocrx_word' id='word_1_502' title='bbox 913 1490 956 1516; x_wconf 85' lang='lat' dir='ltr'>tes</span> <span class='ocrx_word' id='word_1_503' title='bbox 969 1486 1165 1522; x_wconf 83' lang='lat' dir='ltr'><strong>cogitationes</strong></span> <span class='ocrx_word' id='word_1_504' title='bbox 1183 1486 1344 1515; x_wconf 86' lang='lat' dir='ltr'><strong>mulceant.</strong></span> <span class='ocrx_word' id='word_1_505' title='bbox 1359 1488 1425 1514; x_wconf 70' lang='lat' dir='ltr'><strong>Haec</strong></span> <span class='ocrx_word' id='word_1_506' title='bbox 1440 1486 1545 1520; x_wconf 82' lang='lat' dir='ltr'><strong>facias,</strong></span> <span class='ocrx_word' id='word_1_507' title='bbox 1559 1488 1588 1514; x_wconf 90' lang='lat' dir='ltr'>et</span> <span class='ocrx_word' id='word_1_508' title='bbox 1598 1486 1697 1514; x_wconf 84' lang='lat' dir='ltr'><strong>adhuc</strong></span> <span class='ocrx_word' id='word_1_509' title='bbox 1711 1482 1736 1514; x_wconf 81' lang='lat' dir='ltr'>si</span> 
     </span>
    </p>
   </div>
   <div class='ocr_carea' id='block_1_70' title="bbox 913 1530 1737 1567">
    <p class='ocr_par' dir='ltr' id='par_1_70' title="bbox 913 1530 1737 1567">
     <span class='ocr_line' id='line_1_70' title="bbox 913 1530 1737 1567; baseline -0.001 -8"><span class='ocrx_word' id='word_1_510' title='bbox 913 1531 1025 1565; x_wconf 85' lang='lat' dir='ltr'><strong>valeas,</strong></span> <span class='ocrx_word' id='word_1_511' title='bbox 1040 1531 1086 1559; x_wconf 86' lang='lat' dir='ltr'>his</span> <span class='ocrx_word' id='word_1_512' title='bbox 1101 1531 1378 1567; x_wconf 86' lang='lat' dir='ltr'><strong>plura,innostrum</strong></span> <span class='ocrx_word' id='word_1_513' title='bbox 1392 1530 1527 1559; x_wconf 88' lang='lat' dir='ltr'><strong>solamen</strong></span> <span class='ocrx_word' id='word_1_514' title='bbox 1542 1541 1549 1565; x_wconf 83' lang='lat'><strong>;</strong></span> <span class='ocrx_word' id='word_1_515' title='bbox 1562 1530 1648 1558; x_wconf 89' lang='lat' dir='ltr'><strong>ettibi</strong></span> <span class='ocrx_word' id='word_1_516' title='bbox 1660 1532 1737 1558; x_wconf 87' lang='lat' dir='ltr'><strong>Deus</strong></span> 
     </span>
    </p>
   </div>
   <div class='ocr_carea' id='block_1_71' title="bbox 914 1575 1738 1605">
    <p class='ocr_par' dir='ltr' id='par_1_71' title="bbox 914 1575 1738 1605">
     <span class='ocr_line' id='line_1_71' title="bbox 914 1575 1738 1605; baseline -0.002 -1"><span class='ocrx_word' id='word_1_517' title='bbox 914 1576 944 1604; x_wconf 90' lang='lat' dir='ltr'>in</span> <span class='ocrx_word' id='word_1_518' title='bbox 955 1577 1013 1604; x_wconf 91' lang='lat' dir='ltr'>hoc</span> <span class='ocrx_word' id='word_1_519' title='bbox 1027 1575 1142 1605; x_wconf 85' lang='lat' dir='ltr'><strong>mundo</strong></span> <span class='ocrx_word' id='word_1_520' title='bbox 1165 1584 1269 1604; x_wconf 82' lang='lat' dir='ltr'><strong>curam</strong></span> <span class='ocrx_word' id='word_1_521' title='bbox 1298 1578 1327 1603; x_wconf 89' lang='lat' dir='ltr'>et</span> <span class='ocrx_word' id='word_1_522' title='bbox 1350 1583 1471 1604; x_wconf 90' lang='lat' dir='ltr'><strong>omnem</strong></span> <span class='ocrx_word' id='word_1_523' title='bbox 1498 1575 1738 1603; x_wconf 84' lang='lat' dir='ltr'><strong>misericordiam</strong></span> 
     </span>
    </p>
   </div>
   <div class='ocr_carea' id='block_1_72' title="bbox 913 1619 1737 1657">
    <p class='ocr_par' dir='ltr' id='par_1_72' title="bbox 913 1619 1737 1657">
     <span class='ocr_line' id='line_1_72' title="bbox 913 1619 1737 1657; baseline -0.001 -8"><span class='ocrx_word' id='word_1_524' title='bbox 913 1621 1066 1657; x_wconf 66' lang='lat' dir='ltr'><strong>prastabit</strong></span> <span class='ocrx_word' id='word_1_525' title='bbox 1081 1620 1209 1657; x_wconf 87' lang='lat' dir='ltr'><strong>:quippe</strong></span> <span class='ocrx_word' id='word_1_526' title='bbox 1224 1620 1277 1656; x_wconf 85' lang='lat' dir='ltr'><strong>qui</strong></span> <span class='ocrx_word' id='word_1_527' title='bbox 1288 1620 1560 1649; x_wconf 86' lang='lat' dir='ltr'><strong>misericordiarum</strong></span> <span class='ocrx_word' id='word_1_528' title='bbox 1583 1621 1669 1656; x_wconf 89' lang='lat' dir='ltr'><strong>pater</strong></span> <span class='ocrx_word' id='word_1_529' title='bbox 1690 1619 1737 1648; x_wconf 84' lang='lat' dir='ltr'><strong>sit.</strong></span> 
     </span>
    </p>
   </div>
   <div class='ocr_carea' id='block_1_73' title="bbox 914 1664 1739 1694">
    <p class='ocr_par' dir='ltr' id='par_1_73' title="bbox 914 1664 1739 1694">
     <span class='ocr_line' id='line_1_73' title="bbox 914 1664 1739 1694; baseline -0.001 -1"><span class='ocrx_word' id='word_1_530' title='bbox 914 1668 954 1694; x_wconf 85' lang='lat' dir='ltr'><strong>Ac</strong></span> <span class='ocrx_word' id='word_1_531' title='bbox 969 1665 1076 1693; x_wconf 91' lang='lat' dir='ltr'><strong>deinde</strong></span> <span class='ocrx_word' id='word_1_532' title='bbox 1087 1665 1118 1693; x_wconf 90' lang='lat' dir='ltr'>in</span> <span class='ocrx_word' id='word_1_533' title='bbox 1131 1665 1213 1693; x_wconf 69' lang='lat' dir='ltr'><strong>cmlis</strong></span> <span class='ocrx_word' id='word_1_534' title='bbox 1230 1665 1281 1693; x_wconf 82' lang='lat' dir='ltr'><strong>tibi</strong></span> <span class='ocrx_word' id='word_1_535' title='bbox 1293 1665 1512 1693; x_wconf 84' lang='lat' dir='ltr'><strong>indesinentem</strong></span> <span class='ocrx_word' id='word_1_536' title='bbox 1531 1664 1612 1692; x_wconf 86' lang='lat' dir='ltr'><strong>illam</strong></span> <span class='ocrx_word' id='word_1_537' title='bbox 1626 1667 1654 1692; x_wconf 85' lang='lat' dir='ltr'>et</span> <span class='ocrx_word' id='word_1_538' title='bbox 1666 1664 1739 1693; x_wconf 84' lang='lat' dir='ltr'><strong>inef-</strong></span> 
     </span>
    </p>
   </div>
   <div class='ocr_carea' id='block_1_74' title="bbox 915 1709 1742 1746">
    <p class='ocr_par' dir='ltr' id='par_1_74' title="bbox 915 1709 1742 1746">
     <span class='ocr_line' id='line_1_74' title="bbox 915 1709 1742 1746; baseline -0.001 -8"><span class='ocrx_word' id='word_1_539' title='bbox 915 1710 1036 1738; x_wconf 77' lang='lat' dir='ltr'><strong>fabilem</strong></span> <span class='ocrx_word' id='word_1_540' title='bbox 1051 1710 1180 1738; x_wconf 69' lang='lat' dir='ltr'><strong>lmtitiam</strong></span> <span class='ocrx_word' id='word_1_541' title='bbox 1195 1710 1349 1746; x_wconf 80' lang='lat' dir='ltr'><strong>largietur,</strong></span> <span class='ocrx_word' id='word_1_542' title='bbox 1368 1710 1582 1738; x_wconf 82' lang='lat' dir='ltr'><strong>interveniente</strong></span> <span class='ocrx_word' id='word_1_543' title='bbox 1611 1711 1639 1737; x_wconf 85' lang='lat' dir='ltr'>et</span> <span class='ocrx_word' id='word_1_544' title='bbox 1653 1709 1742 1737; x_wconf 88' lang='lat' dir='ltr'><strong>inter-</strong></span> 
     </span>
    </p>
   </div>
   <div class='ocr_carea' id='block_1_75' title="bbox 915 1754 1742 1792">
    <p class='ocr_par' dir='ltr' id='par_1_75' title="bbox 915 1754 1742 1792">
     <span class='ocr_line' id='line_1_75' title="bbox 915 1754 1742 1792; baseline 0 -9"><span class='ocrx_word' id='word_1_545' title='bbox 915 1755 1039 1784; x_wconf 86' lang='lat' dir='ltr'><strong>cedente</strong></span> <span class='ocrx_word' id='word_1_546' title='bbox 1053 1756 1215 1792; x_wconf 87' lang='lat' dir='ltr'><strong>purissima</strong></span> <span class='ocrx_word' id='word_1_547' title='bbox 1225 1758 1254 1784; x_wconf 89' lang='lat' dir='ltr'>et</span> <span class='ocrx_word' id='word_1_548' title='bbox 1280 1755 1469 1784; x_wconf 80' lang='lat' dir='ltr'><strong>sanctissima</strong></span> <span class='ocrx_word' id='word_1_549' title='bbox 1494 1758 1522 1784; x_wconf 83' lang='lat' dir='ltr'>et</span> <span class='ocrx_word' id='word_1_550' title='bbox 1546 1754 1742 1784; x_wconf 83' lang='lat' dir='ltr'><strong>immaculata.</strong></span> 
     </span>
    </p>
   </div>
   <div class='ocr_carea' id='block_1_76' title="bbox 916 1798 1459 1828">
    <p class='ocr_par' dir='ltr' id='par_1_76' title="bbox 916 1798 1459 1828">
     <span class='ocr_line' id='line_1_76' title="bbox 916 1798 1459 1828; baseline 0 0"><span class='ocrx_word' id='word_1_551' title='bbox 916 1809 970 1828; x_wconf 88' lang='lat' dir='ltr'>sua</span> <span class='ocrx_word' id='word_1_552' title='bbox 990 1801 1089 1828; x_wconf 84' lang='lat' dir='ltr'><strong>Matre.</strong></span> <span class='ocrx_word' id='word_1_553' title='bbox 1456 1798 1459 1800; x_wconf 75' lang='grc'><em>’</em></span> 
     </span>
    </p>
   </div>
   <div class='ocr_carea' id='block_1_77' title="bbox 53 1843 1739 1883">
    <p class='ocr_par' dir='ltr' id='par_1_77' title="bbox 53 1843 1739 1883">
     <span class='ocr_line' id='line_1_77' title="bbox 53 1843 1739 1883; baseline -0.002 -11"><span class='ocrx_word' id='word_1_554' title='bbox 53 1847 122 1878; x_wconf 86' lang='grc' dir='ltr'>θίαν,</span> <span class='ocrx_word' id='word_1_555' title='bbox 144 1847 190 1871; x_wconf 84' lang='grc' dir='ltr'>καὶ</span> <span class='ocrx_word' id='word_1_556' title='bbox 223 1846 286 1875; x_wconf 75' lang='grc' dir='ltr'>Θεὸς</span> <span class='ocrx_word' id='word_1_557' title='bbox 312 1845 384 1870; x_wconf 79' lang='grc' dir='ltr'>ἔσται</span> <span class='ocrx_word' id='word_1_558' title='bbox 405 1854 447 1870; x_wconf 91' lang='grc' dir='ltr'>σοι</span> <span class='ocrx_word' id='word_1_559' title='bbox 474 1843 607 1870; x_wconf 63' lang='grc' dir='ltr'>κάνταῦθα</span> <span class='ocrx_word' id='word_1_560' title='bbox 637 1843 757 1881; x_wconf 78' lang='grc' dir='ltr'>κηδεμὼν</span> <span class='ocrx_word' id='word_1_561' title='bbox 782 1848 826 1872; x_wconf 79' lang='grc' dir='ltr'>καὶ</span> <span class='ocrx_word' id='word_1_562' title='bbox 850 1846 967 1882; x_wconf 76' lang='grc' dir='ltr'>χορηγός</span> <span class='ocrx_word' id='word_1_563' title='bbox 983 1843 1066 1876; x_wconf 71' lang='grc' dir='ltr'>ἐλέους</span> <span class='ocrx_word' id='word_1_564' title='bbox 1080 1847 1184 1877; x_wconf 79' lang='grc' dir='ltr'>παντὸς,</span> <span class='ocrx_word' id='word_1_565' title='bbox 1198 1846 1211 1871; x_wconf 84' lang='grc' dir='ltr'><strong><em>ὁ</em></strong></span> <span class='ocrx_word' id='word_1_566' title='bbox 1227 1848 1271 1872; x_wconf 82' lang='grc' dir='ltr'>καὶ</span> <span class='ocrx_word' id='word_1_567' title='bbox 1286 1850 1335 1872; x_wconf 85' lang='grc' dir='ltr'>τῶν</span> <span class='ocrx_word' id='word_1_568' title='bbox 1481 1846 1566 1881; x_wconf 83' lang='grc' dir='ltr'>πατὴρ</span> <span class='ocrx_word' id='word_1_569' title='bbox 1584 1844 1739 1881; x_wconf 74' lang='grc' dir='ltr'>οἰκτιρμῶν,</span> 
     </span>
    </p>
   </div>
   <div class='ocr_carea' id='block_1_78' title="bbox 57 1888 1744 1928">
    <p class='ocr_par' dir='ltr' id='par_1_78' title="bbox 57 1888 1744 1928">
     <span class='ocr_line' id='line_1_78' title="bbox 57 1888 1744 1928; baseline -0.001 -12"><span class='ocrx_word' id='word_1_570' title='bbox 57 1890 95 1917; x_wconf 62' lang='grc' dir='ltr'>Οὐ</span> <span class='ocrx_word' id='word_1_571' title='bbox 111 1891 166 1926; x_wconf 82' lang='grc' dir='ltr'>μὴν</span> <span class='ocrx_word' id='word_1_572' title='bbox 182 1889 304 1915; x_wconf 79' lang='grc' dir='ltr'>ἀλλὰκαὶ</span> <span class='ocrx_word' id='word_1_573' title='bbox 319 1888 343 1915; x_wconf 79' lang='grc' dir='ltr'>ἐν</span> <span class='ocrx_word' id='word_1_574' title='bbox 358 1892 413 1919; x_wconf 85' lang='grc' dir='ltr'>τοῖς</span> <span class='ocrx_word' id='word_1_575' title='bbox 432 1888 559 1925; x_wconf 76' lang='grc' dir='ltr'>οὐρανίοις</span> <span class='ocrx_word' id='word_1_576' title='bbox 588 1889 663 1915; x_wconf 73' lang='grc' dir='ltr'>ἔσται</span> <span class='ocrx_word' id='word_1_577' title='bbox 696 1899 738 1916; x_wconf 89' lang='grc' dir='ltr'>σοι</span> <span class='ocrx_word' id='word_1_578' title='bbox 766 1891 930 1928; x_wconf 79' lang='grc' dir='ltr'>πρυτανεύων</span> <span class='ocrx_word' id='word_1_579' title='bbox 959 1892 1004 1916; x_wconf 85' lang='grc' dir='ltr'>καὶ</span> <span class='ocrx_word' id='word_1_580' title='bbox 1024 1892 1196 1927; x_wconf 76' lang='grc' dir='ltr'>χαριζόμενος</span> <span class='ocrx_word' id='word_1_581' title='bbox 1220 1892 1264 1919; x_wconf 73' lang='grc' dir='ltr'>τὴν</span> <span class='ocrx_word' id='word_1_582' title='bbox 1299 1889 1474 1926; x_wconf 62' lang='grc' dir='ltr'>ἀνέκφραστον</span> <span class='ocrx_word' id='word_1_583' title='bbox 1503 1889 1599 1918; x_wconf 76' lang='grc' dir='ltr'>ἐκείνην</span> <span class='ocrx_word' id='word_1_584' title='bbox 1624 1891 1668 1914; x_wconf 78' lang='grc' dir='ltr'>καὶ</span> <span class='ocrx_word' id='word_1_585' title='bbox 1691 1898 1744 1924; x_wconf 78' lang='grc' dir='ltr'>μη‹</span> 
     </span>
    </p>
   </div>
   <div class='ocr_carea' id='block_1_79' title="bbox 58 1932 1745 1972">
    <p class='ocr_par' dir='ltr' id='par_1_79' title="bbox 58 1932 1745 1972">
     <span class='ocr_line' id='line_1_79' title="bbox 58 1932 1745 1972; baseline -0.001 -11"><span class='ocrx_word' id='word_1_586' title='bbox 58 1933 154 1961; x_wconf 78' lang='grc' dir='ltr'>δεποτε</span> <span class='ocrx_word' id='word_1_587' title='bbox 187 1932 270 1970; x_wconf 66' lang='grc' dir='ltr'>μηδὶν</span> <span class='ocrx_word' id='word_1_588' title='bbox 305 1935 382 1970; x_wconf 79' lang='grc' dir='ltr'>πέρας</span> <span class='ocrx_word' id='word_1_589' title='bbox 422 1934 537 1969; x_wconf 76' lang='grc' dir='ltr'>ἔχουσαν</span> <span class='ocrx_word' id='word_1_590' title='bbox 572 1933 741 1970; x_wconf 74' lang='grc' dir='ltr'>εὐφροσύνην,</span> <span class='ocrx_word' id='word_1_591' title='bbox 778 1934 972 1972; x_wconf 74' lang='grc' dir='ltr'>πρεσϐευούσης</span> <span class='ocrx_word' id='word_1_592' title='bbox 1004 1937 1048 1962; x_wconf 85' lang='grc' dir='ltr'>καὶ</span> <span class='ocrx_word' id='word_1_593' title='bbox 1085 1937 1274 1972; x_wconf 77' lang='grc' dir='ltr'>μεσιτευούσης</span> <span class='ocrx_word' id='word_1_594' title='bbox 1312 1937 1378 1972; x_wconf 83' lang='grc' dir='ltr'>πρὸς</span> <span class='ocrx_word' id='word_1_595' title='bbox 1416 1938 1493 1961; x_wconf 84' lang='grc' dir='ltr'>τοῦτο</span> <span class='ocrx_word' id='word_1_596' title='bbox 1523 1938 1569 1966; x_wconf 85' lang='grc' dir='ltr'>τῆς</span> <span class='ocrx_word' id='word_1_597' title='bbox 1592 1935 1745 1971; x_wconf 78' lang='grc' dir='ltr'>παναχράν-</span> 
     </span>
    </p>
   </div>
   <div class='ocr_carea' id='block_1_80' title="bbox 59 1978 830 2016">
    <p class='ocr_par' dir='ltr' id='par_1_80' title="bbox 59 1978 830 2016">
     <span class='ocr_line' id='line_1_80' title="bbox 59 1978 830 2016; baseline -0.001 -10"><span class='ocrx_word' id='word_1_598' title='bbox 59 1989 105 2006; x_wconf 87' lang='grc' dir='ltr'>του</span> <span class='ocrx_word' id='word_1_599' title='bbox 118 1981 165 2006; x_wconf 84' lang='grc' dir='ltr'>καὶ</span> <span class='ocrx_word' id='word_1_600' title='bbox 179 1981 340 2015; x_wconf 83' lang='grc' dir='ltr'>παναμώμου</span> <span class='ocrx_word' id='word_1_601' title='bbox 355 1980 400 2005; x_wconf 80' lang='grc' dir='ltr'>καὶ</span> <span class='ocrx_word' id='word_1_602' title='bbox 413 1978 611 2016; x_wconf 77' lang='grc' dir='ltr'>πανυπεράγνόυ</span> <span class='ocrx_word' id='word_1_603' title='bbox 622 1980 729 2016; x_wconf 81' lang='grc' dir='ltr'>Μητρὸς</span> <span class='ocrx_word' id='word_1_604' title='bbox 740 1979 830 2008; x_wconf 71' lang='grc' dir='ltr'>αὐτοῦ.</span> 
     </span>
    </p>
   </div>
   <div class='ocr_carea' id='block_1_81' title="bbox 317 2803 611 2833">
    <p class='ocr_par' dir='ltr' id='par_1_81' title="bbox 317 2803 611 2833">
     <span class='ocr_line' id='line_1_81' title="bbox 317 2803 611 2833; baseline 0 -2"><span class='ocrx_word' id='word_1_605' title='bbox 317 2803 443 2833; x_wconf 75' lang='grc' dir='ltr'>ΡΑτιοι.</span> <span class='ocrx_word' id='word_1_606' title='bbox 464 2803 515 2832; x_wconf 67' lang='lat' dir='ltr'>Gs.</span> <span class='ocrx_word' id='word_1_607' title='bbox 534 2803 611 2832; x_wconf 80' lang='lat' dir='ltr'>CXL.</span> 
     </span>
    </p>
   </div>
   <div class='ocr_carea' id='block_1_82' title="bbox 1554 2806 1589 2833">
    <p class='ocr_par' dir='ltr' id='par_1_82' title="bbox 1554 2806 1589 2833">
     <span class='ocr_line' id='line_1_82' title="bbox 1554 2806 1589 2833; baseline -0.029 0"><span class='ocrx_word' id='word_1_608' title='bbox 1554 2806 1589 2833; x_wconf 81' lang='grc'>46</span> 
     </span>
    </p>
   </div>
  </div>
