1959 3074
36 124 55 150 1
61 123 122 150 457

603 126 649 154 DE
667 124 848 154 PFTlTlONE
868 123 990 152 ELlSzEl
1010 124 1057 152 AD
1076 124 1191 153 ELIAM.

1669 130 1735 157 1458

37 185 124 216 ἱεοὰς
138 184 219 218 ἰοντα,
233 184 270 216 εἰς
286 184 370 222 βάθος
383 186 399 217 ἢ
435 186 469 218 εὶς
495 187 562 224 ὑψος
585 190 683 216 τούτων
711 187 852 224 πειρᾶσθαι

942 193 1018 221 gens,
1031 194 1136 216 earum
1144 186 1380 224 profunditatem
1391 187 1439 215 vel
1447 187 1633 217 altitudinem
1643 197 1734 226 pene-

39 229 128 263 is’wu,
144 228 358 266 μηδ’ἔξετάςειν,
375 232 440 267 μήθ’
462 232 513 259 ὅσα
541 235 577 269 μὴ
609 232 660 268 δεῖ,
685 233 748 270 μήθ’
773 232 790 259 ἃ
814 234 850 268 μὴ

33 275 119 301 πάνυ
145 284 171 301 τι
196 273 317 311 ἀσφαλὲς,
344 274 414 312 μηδὲ
450 287 480 313 γε
513 277 748 314 πολυπραγμονεῖν,
786 274 852 313 μηδ’

38 317 106 345 οἷον
130 319 272 356 γυμνάζειν
304 329 349 346 και
386 318 539 358 δοκιμάζειν
577 322 668 350 ἄθελειν
710 323 753 348 τὸν
794 324 852 348 νοῦν

38 363 75 390 ἰν
98 367 155 394 τοῖς
186 363 345 402 ἀποκρύφοις
377 366 471 400 αὐτῶν,
504 366 558 394 ἐπεί
585 365 656 404 μηδὲ
678 377 760 394 πασιν
784 365 852 402 ἀφεῖ-

38 418 96 435 ται
130 413 214 437 ταῦτα
237 419 282 436 και
305 410 355 437 ὅσα
384 414 430 438 τοῦ
456 413 614 448 Πνεὺματος,
646 411 698 438 ἀλλ’
740 410 776 442 οἷς
808 421 852 437 και

36 453 125 480 τοῦτ’
137 456 194 480 εστί
213 452 362 491 δεδομένον,
385 453 550 485 δεδυνῆσθαν
576 455 699 486 δηλονότι
726 461 775 483 τῶν
805 454 852 482 δι-

40 496 187 534 δογμὲνων
243 498 402 535 ἄφικνεῖσθαι
453 510 497 526 και
546 501 758 537 ὑπηγορευμίνων
814 503 851 534 τῷ

41 543 195 579 Πνεύματι·
220 553 265 569 και
296 545 326 569 τὸ
363 547 411 574 τῆς
450 545 519 576 Θείας
558 549 643 581 φωνῆς
676 546 740 583 πρὸς
780 543 850 570 τοῦτ’

40 587 128 624 οἶμαι
155 587 250 623 μᾶλλον
281 588 374 624 φέρειν,
389 588 549 626 «Ἐρευνᾶτε
566 590 603 626 (Ι)
627 591 671 620 τὰς
696 590 808 627 Γραφάς.
837 599 851 614 ››

36 633 173 658 τουτέστι
203 634 238 669 μὴ
275 634 341 670 πρὸς
367 635 466 665 πάντας
501 632 566 660 εἶναι
609 636 656 663 τὴν
694 635 850 672 προτροπὴν,

36 675 116 703 ἀλλά
141 686 167 703 τι
188 678 250 715 πρὸς
270 676 390 713 ἐκείνους,
410 678 449 709 οἷς
473 688 518 705 και
548 680 577 705 τὸ
617 679 745 716 εὑρίσκειν
780 677 850 705 εστίν

39 723 79 752 ὡς
109 722 193 758 ὀρθῶς
233 722 302 749 ἔστιν
335 721 360 749 ἓν
399 723 500 756 αὐταῖς,
539 724 745 762 κικαθαρμένους
777 723 851 753 ὅλους

38 775 94 793 και
108 770 185 803 σῶμα
196 776 241 793 και
254 766 370 803 γλῶτταν
398 777 444 794 και
467 767 560 804 ψυχὴν
583 777 628 794 και
650 766 778 801 διάνοιαν,
806 777 851 794 και

39 814 114 847 ’γοῦν
136 813 178 838 τὸν
204 813 298 849 τρόπον
321 815 412 840 τοῦτον
439 810 640 849 διδυνημένους,
676 815 759 850 χωρίς
804 821 851 841 κη-

41 854 136 890 λῖδος,
149 857 231 892 φωτὸς
259 855 323 884 εἶναι
345 860 391 884 τοῦ
420 857 488 885 θείου
519 855 665 891 δεκτικοὺς,
689 867 734 884 και
754 856 851 884 ἂποκα-
868 871 890 898 Β

41 900 154 936 λὺψεων
177 910 222 927 και
249 903 370 938 μυήσεων
400 901 564 938 ὑψηλοτέρων
606 905 652 929 τοῦ
690 901 749 929 καθ’
784 902 852 938 ἡμᾶς

43 949 96 972 νοῦ
110 955 155 971 και
169 949 217 976 τῆς
237 945 294 972 κατ’
317 945 394 972 αὐτὸν
425 946 522 982 ἰσχύος
542 956 586 972 και
610 948 719 982 φύσεως.
748 946 779 974 Εἰ
799 947 850 983 γὰρ

44 989 172 1026 ἀνάγνοις
198 992 292 1028 χερσίν
329 990 359 1017 οὐ
399 991 471 1027 θέμις
507 995 557 1018 τῶν
600 991 683 1027 ἁγνῶν
723 990 852 1017 ἅπτεσθαι

44 1045 96 1062 και
119 1036 251 1071 καθαρῶν,
278 1035 294 1065 ἧ
320 1045 371 1062 που
403 1035 468 1062 πολὺ
493 1046 537 1062 και
576 1036 696 1062 πλεῖστον
726 1037 786 1062 ὅσον
823 1037 852 1062 τὸ

46 1078 112 1111 δέος
137 1083 196 1106 νοῦν
219 1082 254 1116 μὴ
277 1081 466 1118 κεκαθαρμένον
492 1079 562 1117 μηδὲ
589 1079 707 1107 διάνοιαν
747 1080 853 1116 ἒμϐιϐοί-

46 1125 106 1155 ζειν
130 1123 273 1161 βιάζεσθαί
300 1135 345 1151 και
369 1126 535 1163 προσχωρεῖν
561 1135 606 1151 και
633 1124 686 1151 οἷον
721 1135 853 1161 συμπαρι-

45 1169 199 1196 κτείνεσθαι
222 1172 276 1200 τοῖς
308 1170 510 1207 ὑπερκειμένοις,
540 1179 584 1196 και
613 1168 698 1206 μηδὲν
727 1169 852 1206 ἔφικτοῖς,

46 1217 91 1241 ὅτι
115 1216 152 1250 μὴ
177 1213 232 1251 μετ’
258 1213 415 1251 ἀκραιφνοῦς
449 1214 565 1252 ἁγισμοῦ
594 1216 639 1241 καὶ
681 1214 713 1246 ἧς
750 1213 852 1251 εἴπομεν

45 1258 149 1290 τελείας
168 1259 328 1295 καθάρσεως.

87 1303 127 1330 οὗ
153 1305 205 1340 μὴν
226 1302 292 1338 ἀλλ’,
325 1301 416 1333 ἕπειδὴ
448 1305 511 1330 Θεοῦ
553 1305 599 1329 καὶ
639 1306 722 1330 ταῦτα
761 1304 852 1339 φωναὶ,

50 1360 61 1373 ο
79 1347 188 1376 Ζητεῖτε
202 1347 252 1383 (2),
276 1349 321 1374 καὶ
352 1348 483 1384 εὑρήσιτε,
511 1348 615 1384 κρούετε
642 1349 687 1374 καὶ
718 1346 854 1383 ἀνοιγήσε-

47 1403 104 1424 ται,
131 1402 146 1418 ››
173 1393 299 1428 πρόσιμεν
330 1394 375 1418 καὶ
403 1392 488 1426 αὐτοὶ,
520 1392 657 1423 ζητοῦντες
685 1392 777 1430 εὑρεῖν.
804 1393 855 1418 Καὶ

48 1438 179 1476 κρούομεν
212 1435 246 1466 δὴ
275 1440 377 1474 πρῶτον
404 1438 448 1463 τὸν
475 1440 544 1469 νοῦν,
574 1436 636 1463 ὣστ’
669 1435 693 1463 ἄν
731 1439 852 1473 προσοχῇ

49 1485 221 1520 γρηγορῆσαι
246 1483 291 1508 καὶ
318 1484 473 1508 ταπεινώσει
498 1483 543 1507 καὶ
572 1480 695 1517 συντριϐῇ
729 1478 852 1518 καρδίας·

52 1526 98 1553 εἶτ’
127 1525 206 1552 αὑτὸν
225 1526 321 1561 ἄγομεν
349 1524 393 1552 ἰπὶ
422 1526 468 1556 τὰς
499 1525 665 1562 ἐγκλειούσας
687 1525 771 1556 πύλας
808 1527 854 1551 καὶ

50 1571 99 1601 τὰς
118 1569 269 1606 ἔπικρὺψεις
297 1569 381 1596 αὐτῶν
403 1574 453 1596 τῶν
474 1570 546 1596 θεὶων
577 1573 694 1607 Γραφῶν,
726 1568 856 1605 βάλλοντα

50 1616 97 1651 μὲν
111 1614 138 1645 ἐς
148 1613 237 1649 αὐτὰς,
267 1613 314 1640 οὐκ
346 1613 449 1650 ἀφόϐως
478 1612 517 1649 δὲ,
543 1615 589 1640 καὶ
611 1617 674 1650 γοῦν
704 1614 770 1650 μετὰ
791 1613 855 1640 πολ-

49 1659 96 1686 λοῦ
116 1668 186 1690 τινος
207 1662 254 1685 τοῦ
281 1656 354 1688 δέους
383 1658 513 1689 ζητοῦντα
535 1658 649 1696 ῥαγῆναι
679 1659 775 1688 ταύτας
815 1657 854 1694 ἅτθ’

50 1704 140 1730 ἱκανὸν
163 1704 209 1728 καὶ
236 1702 431 1738 ὑπανοιχθῆνοιι
462 1701 544 1738 αὐτῷ,
571 1704 617 1729 καὶ
645 1700 679 1732 δὴ
720 1703 854 1738 γενόμενον

48 1748 122 1778 ἐντὸς
149 1744 233 1783 μηδὲν
260 1744 330 1773 ἴδιον
353 1749 422 1782 μώτε
449 1750 543 1776 νοῆσαι
566 1746 628 1783 μήτ’
664 1746 752 1782 εἰπεῖν,
800 1745 853 1772 ἀλλ’

49 1793 111 1819 ὁσον
127 1791 158 1818 ἄν
188 1793 233 1817 καὶ
257 1788 415 1827 διδαχθείη,
435 1791 470 1821 ὡς
495 1791 546 1817 ὑπὸ
572 1792 794 1828 παραπετάσματι
817 1794 854 1826 τῷ

47 1837 193 1874 φαινομένῳ
218 1837 392 1873 κρυπτόμενον
420 1837 465 1862 καὶ
495 1837 531 1871 μή
556 1836 624 1862 πάνυ
653 1845 679 1861 τι
707 1833 787 1865 δῆλον
826 1834 854 1861 ὃν

48 1885 105 1912 τοῖς
120 1878 236 1910 πολλοῖς.

85 1925 126 1953 Οὗ
140 1927 192 1962 μὴν
207 1923 272 1957 ἀλλ’,
293 1923 347 1952 ἇπέἱ
371 1924 443 1951 ταῦτ’
467 1923 555 1962 ἀρχὴν
585 1927 636 1950 τῶν
669 1923 758 1960 ἐφεξῆς
791 1924 854 1951 ὐπο-

50 1972 168 2007 θεμύνοις
198 1969 241 1996 ini.
276 1969 379 2000 τούτοις
413 1968 494 2000 οὕτως
535 1970 631 2004 ἔχουσι
668 1970 713 1995 καὶ
750 1967 853 2007 θαρρεῖν

49 2017 115 2052 ἡμῖν
148 2016 255 2047 ἔπεισιν,
285 2012 325 2040 ἔπ’
358 2013 421 2040 αὐτὸ
448 2016 493 2040 καὶ
522 2011 556 2043 δὴ
585 2013 674 2040 λοιπὸν
703 2013 809 2050 ἥκομεν,
840 2013 853 2039 ὃ

51 2059 86 2090 δὴ
114 2062 160 2085 νῦν
190 2061 236 2085 καὶ
263 2058 402 2090 ζητοῦντές
428 2057 514 2094 ἔσμεν,
538 2056 616 2084 Ἔστι
640 2055 670 2084 δέ
697 2062 773 2084 τοῦτο
801 2060 852 2091 τί;

49 2107 86 2133 Τό
109 2105 180 2130 κατὰ
208 2105 251 2130 τὸν
276 2102 364 2129 Ἠλίαν
393 2105 437 2129 καὶ
470 2101 628 2136 Ἐλισσαῖον,
722 2100 853 2132 δήπουθεν

51 2151 89 2178 ἑνί
112 2158 143 2185 γε
169 2150 223 2174 ἄντι
248 2150 292 2174 καὶ
314 2146 403 2185 ἀπόρῳ
427 2147 505 2174 πλείω
526 2149 572 2173 καὶ
596 2147 678 2183 μείζω
723 2148 853 2184 συνεισέρ-

50 2204 142 2233 χεται,
156 2197 204 2225 τῆς
219 2192 300 2225 αὐτῆς
327 2191 388 2219 ὂντα
411 2194 456 2218 καὶ
481 2195 564 2219 ταῦτα
590 2191 694 2229 ἐρεύνης
721 2193 767 2218 καὶ
791 2190 853 2218 ἁπο-

50 2243 122 2279 ρίας.

87 2284 191 2311 ’Δκούει
216 2283 262 2320 μεν
287 2283 338 2319 γὰρ
368 2280 455 2312 Ἠλίας
494 2284 561 2308 Θιοῠ
596 2280 728 2318 εἰρηκότος
768 2279 853 2308 Ἐλισ-

53 2333 129 2358 σαῖον
157 2330 252 2365 χρίσαι
284 2326 338 2353 ἀντ’
367 2326 447 2353 αὑτοῦ
474 2325 509 2357 εἰς
540 2328 677 2364 προφήτην
719 2325 769 2362 (3),
807 2327 852 2352 καὶ

51 2376 137 2412 χρίει.
164 2371 216 2400 Εἶτ’
243 2372 319 2409 ἄμφω
346 2371 388 2398 ἐπὶ
414 2371 457 2397 τὸν
482 2368 617 2407 Ἰορδάνην
649 2370 739 2405 ἰόντες,
764 2369 852 2401 Ἠλίας

52 2419 132 2446 αὐτόν
144 2417 260 2448 πατάξας
276 2419 307 2452 τῇ
323 2415 430 2452 μηλωτῇ
454 2417 538 2451 τέμνει
566 2414 618 2451 (4),
652 2417 697 2441 καὶ
728 2413 852 2451 βαίνουσι

53 2462 102 2491 διὰ
130 2463 219 2499 ξηρᾶς,
248 2465 297 2488 τῶν
325 2461 458 2498 ῥευμάτων
487 2459 576 2490 αὐτοῖς
599 2460 850 2497 ύποκέχωρηκότων.

52 2511 114 2536 Ἐπὶ
132 2507 162 2535 δὲ
188 2508 272 2542 τούτῳ
297 2505 386 2536 Ἠλίας
417 2504 544 2543 ἐπιτρέπει
575 2504 723 2531 Ἐλισσαῖον
749 2506 778 2531 τὸ
805 2503 852 2531 δο-

52 2558 114 2581 κοῦν
149 2552 218 2588 αὐτῷ
249 2551 369 2584 αἰτῆσαι,
393 2550 427 2581 ὡς
457 2552 502 2576 καὶ
532 2548 651 2586 ἐσόμενον
687 2549 767 2585 αὐτῷ,
806 2558 852 2575 του

53 2595 143 2626 Ἠλιοῦ
157 2597 196 2634 (5)
212 2598 392 2626 πεποιηκότος.
408 2593 437 2621 Ὁ
466 2592 496 2621 δε
528 2596 557 2620 τὸ
585 2593 625 2620 ἐπ’
656 2594 742 2630 ἐκείνῳ
775 2597 851 2620 πνεῦ-

90 2722 131 2756 (t)
145 2722 230 2756 Joan.
244 2728 270 2754 v,
287 2721 330 2747 39.

89 2755 129 2795 (2)
142 2755 241 2795 Matth.
258 2763 306 2789 vu,
325 2757 341 2782 7
346 2772 352 2780 .

90 2792 128 2830 (3)
144 2793 178 2820 lll
192 2793 262 2827 Reg.
279 2798 337 2823 xxx,
352 2792 379 2819 7i

907 232 984 258 trare
999 232 1186 265 tentarem,et
1198 232 1223 259 si
1237 231 1422 268 inquirerem
1438 240 1474 260 ea
1487 240 1555 269 quin
1569 241 1631 262 non
1645 243 1733 271 opor-

907 276 956 309 tet,
964 277 1015 303 aut
1024 283 1091 311 quas
1102 284 1164 304 non
1175 284 1315 304 securum
1326 278 1371 304 est
1382 276 1542 312 inquirere,
1561 279 1588 306 et
1600 278 1623 306 si
1639 279 1732 307 nimio

906 319 1013 348 ardore
1023 320 1122 349 studio
1134 321 1352 354 ineumberem,
1369 323 1398 349 et
1417 321 1442 349 si
1466 324 1607 358 exerceri,
1635 325 1663 351 et
1684 331 1734 352 ex.

906 364 1024 400 plorare
1037 364 1143 394 vellem
1158 373 1263 394 eorum
1289 368 1420 395 mentem
1444 374 1511 402 quas
1539 367 1570 394 in
1596 367 1632 395 iis
1661 368 1734 396 abs-

906 408 1086 443 conduntur,
1098 417 1168 438 cum
1178 418 1239 438 non
1248 410 1391 439 omnibus
1402 410 1490 438 detur
1500 418 1535 439 ea
1548 413 1576 439 et
1585 412 1735 448 quidquid

905 454 1100 490 estaSpiritu
1113 457 1229 488 sancto,
1255 454 1308 482 sed
1334 455 1369 483 iis
1396 457 1511 483 tantum
1537 455 1648 491 quibus
1677 457 1733 486 da-

905 499 969 526 tum
984 500 1037 531 est,
1053 501 1208 534 penetrare
1222 507 1311 535 posse
1326 501 1354 527 et
1367 499 1529 534 intelligere
1549 499 1695 535 dogmata
1715 509 1734 529 δ,

907 542 1016 578 Spiritu
1032 545 1135 572 sancto
1151 543 1322 579 praedicata.
1337 545 1377 572 Ac
1392 543 1418 571 is
1434 545 1479 572 est
1495 552 1604 572 sensus
1623 545 1732 574 divinas

904 586 996 622 hujus
1009 587 1111 616 vocis:
1129 599 1142 614 ‹‹
1159 589 1336 617 Scrutamini
1352 588 1528 624 Scripturas;
1544 600 1558 614 »
1574 597 1611 618 ea
1625 590 1733 618 exhor-

905 631 976 660 tatio
987 639 1048 661 non
1063 632 1103 661 ad
1116 641 1220 661 omnes
1243 633 1378 669 pertinet,
1404 633 1458 661 sed
1479 633 1519 661 ad
1543 641 1594 662 eos
1617 636 1733 663 tantum

905 676 1016 713 quibus
1028 676 1097 705 licet
1107 679 1185 706 recte
1200 677 1330 706 invenire
1345 685 1412 713 quae
1425 677 1456 706 in
1471 678 1513 705 eis
1532 679 1731 712 continentur,

905 720 1051 749 mundum
1062 721 1245 750 habentibus
1257 729 1366 758 corpus
1376 724 1403 750 et
1415 721 1552 756 linguam
1562 724 1591 749 et
1602 723 1732 751 animam

905 766 934 792 et
943 765 1165 800 cogitationem,
1182 768 1272 802 atque
1291 766 1342 798 ita,
1360 773 1430 794 cum
1451 767 1515 794 sine
1529 766 1649 794 macula
1664 767 1732 800 sint,

905 809 1014 838 divinae
1032 809 1107 838 lucis
1121 811 1295 846 capacibus,
1313 818 1349 839 ac
1363 810 1580 839 revelationum
1595 811 1735 840 initiatio-

905 862 1040 890 numque
1051 857 1154 883 nostra
1164 857 1263 883 mente
1275 863 1310 884 ac
1324 855 1351 883 vi
1362 857 1391 883 et
1402 857 1511 883 natura
1524 855 1733 884 excelsiorum.

907 898 936 927 Si
947 898 1028 927 enim
1041 899 1207 927 immundis
1230 899 1372 928 manibus
1395 907 1457 927 non
1476 899 1545 928 licet
1569 903 1674 928 sancta
1698 908 1735 929 ac

906 951 984 979 pura
995 945 1127 979 tangere,
1143 951 1214 972 sane
1229 943 1489 980 quamplurimum
1504 944 1676 973 timendum
1690 947 1736 974 est

906 995 944 1016 ne
958 995 1044 1016 mens
1060 989 1112 1016 aut
1124 988 1264 1024 cogitatio
1278 995 1341 1016 non
1352 987 1498 1016 mundata
1511 991 1643 1025 nequeat
1652 989 1735 1018 adire

907 1034 936 1060 et
950 1032 1093 1061 accedere
1108 1040 1144 1061 ac
1157 1032 1312 1069 pervenire
1328 1033 1367 1060 ad
1383 1040 1419 1061 ea
1437 1040 1505 1068 qua:
1525 1040 1618 1068 supra.
1635 1032 1734 1068 ipsam

906 1080 1072 1111 versentur,
1093 1085 1191 1114 neque
1210 1077 1360 1113 penetrari
1379 1077 1508 1111 valeant,
1524 1077 1588 1105 sine
1603 1078 1734 1114 perfecto

906 1122 956 1151 illo
979 1123 1108 1152 candore
1122 1122 1324 1160 perfectaque,
1335 1130 1429 1159 quam
1438 1122 1579 1157 diximus,
1595 1122 1734 1160 puriﬁca-

907 1167 998 1197 tione.

944 1298 1082 1325 Attamen
1097 1295 1243 1333 quoniam
1259 1296 1309 1324 Dei
1328 1296 1375 1324 hae
1394 1303 1515 1332 quoque
1537 1303 1627 1324 voces
1643 1298 1712 1325 sunt
1728 1305 1735 1325 :

910 1351 925 1366 ι(
936 1341 1072 1374 Quaerite,
1088 1343 1115 1369 et
1130 1341 1299 1376 invenietis,
1313 1340 1440 1377 pulsate,
1448 1343 1477 1369 et
1488 1339 1647 1377 aperietur,
1663 1351 1677 1366 ››
1688 1350 1737 1370 ac-

909 1386 1044 1415 cedimus
1061 1387 1090 1414 et
1104 1393 1169 1419 nos,
1184 1388 1352 1421 quaerentes
1368 1388 1400 1413 ut
1412 1385 1616 1414 inveniamus.
1630 1386 1737 1422 Etpul-

910 1438 1014 1460 samus
1026 1430 1157 1466 primum
1167 1431 1310 1464 mentem,
1330 1429 1372 1457 ita
1391 1431 1423 1458 ut
1436 1429 1468 1457 in
1482 1429 1645 1458 attentione
1663 1431 1736 1465 \igi-

908 1475 1004 1504 lemus
1015 1477 1044 1504 et
1052 1474 1220 1503 humilitate
1235 1483 1270 1503 ac
1281 1474 1457 1503 contritione
1472 1474 1570 1502 cordis
1597 1483 1604 1507 ;
1627 1474 1736 1504 deinde

908 1521 1006 1557 ipsam
1021 1519 1159 1547 ducimus
1171 1518 1210 1547 ad
1236 1521 1338 1555 portas
1357 1518 1529 1548 claudentes
1553 1521 1583 1547 et
1607 1518 1738 1548 celantes

909 1564 1026 1593 divinas
1043 1563 1219 1600 Scripturas,
1237 1571 1287 1592 eas
1311 1563 1436 1599 quidem
1463 1562 1645 1599 pulsantem,
1673 1571 1736 1591 non

909 1609 1024 1645 absque
1034 1608 1149 1641 timore,
1165 1610 1277 1636 etcum
1298 1607 1432 1636 maxime
1460 1611 1543 1636 metu
1566 1607 1737 1643 cupientem

908 1662 960 1682 eas
971 1653 1069 1688 frangi
1084 1652 1264 1680 sufﬁcienter
1277 1659 1313 1680 ac
1323 1651 1441 1688 aperiri,
1459 1653 1496 1687 et,
1509 1651 1635 1688 quando
1656 1654 1738 1681 Intus

908 1698 1005 1732 fuerit,
1021 1696 1095 1725 nihil
1110 1697 1214 1733 privati
1235 1699 1287 1725 aut
1312 1696 1444 1732 cogitare
1470 1699 1522 1725 aut
1547 1696 1655 1731 dicere,
1682 1696 1737 1725 sed

907 1745 1056 1779 quantum
1072 1742 1143 1770 satis
1159 1742 1214 1770 erit
1237 1744 1269 1769 ut
1290 1741 1443 1775 doceatur,
1467 1743 1613 1778 tanquam
1637 1743 1736 1777 tapete

908 1787 1066 1824 perspicuo
1081 1786 1214 1815 velatum
1224 1793 1322 1822 neque
1333 1784 1515 1814 multitudini
1530 1785 1734 1815 manifestum.

942 1922 1091 1954 Attamen,
1107 1919 1255 1957 quoniam
1269 1919 1334 1948 haec
1348 1918 1529 1956 principium
1542 1926 1648 1947 eorum
1666 1926 1735 1956 quas

908 1967 1046 1994 secutura
1064 1967 1142 2000 sunt,
1157 1964 1384 2001 supposuimus,
1401 1963 1509 2000 hisque
1521 1971 1553 1992 se
1567 1963 1609 1992 ita
1621 1963 1735 1992 haben-

908 2010 996 2046 tibus,
1012 2009 1156 2037 ﬁduciam
1171 2008 1283 2037 habere
1302 2007 1391 2036 nobis
1413 2007 1490 2041 licet,
1506 2007 1547 2036 ad
1565 2007 1597 2036 id
1614 2007 1736 2036 tandem

907 2055 1054 2090 venimus,
1071 2053 1154 2091 quod
1169 2061 1250 2081 nune
1264 2060 1396 2088 quaerere
1408 2052 1565 2081 debemus.
1588 2052 1664 2085 Quid
1679 2060 1732 2081 au-

907 2101 967 2128 tem
977 2099 1050 2127 illud
1063 2101 1107 2126 est
1121 2098 1134 2126 ‘2
1149 2097 1233 2130 Quod
1246 2097 1283 2125 ad
1299 2097 1393 2125 Eliam
1408 2100 1436 2125 et
1455 2097 1594 2125 Elismum
1610 2099 1735 2133 spectat,

907 2152 1002 2172 unum
1017 2143 1139 2180 quidem
1148 2150 1183 2171 ac
1193 2141 1322 2177 difﬁcile,
1335 2142 1384 2170 cui
1394 2141 1481 2178 plura
1490 2144 1518 2170 et
1535 2142 1655 2178 majora
1664 2149 1735 2171 con-

904 2188 1084 2224 junguntur,
1100 2195 1169 2224 quae
1178 2186 1284 2215 eodem
1297 2188 1387 2221 egent
1400 2186 1551 2222 examine,
1566 2194 1622 2216 nec
1632 2186 1734 2216 minus

908 2233 1042 2262 difﬁcilia
1060 2233 1208 2261 videntur.

942 2277 1033 2307 Audit
1046 2277 1127 2306 enim
1152 2277 1229 2305 Elias
1250 2277 1344 2304 Deum
1369 2275 1518 2305 dicentem
1544 2278 1578 2305 ut
1596 2276 1734 2305 Etismum

906 2323 972 2352 loco
988 2321 1081 2359 ipsius
1096 2322 1127 2350 in
1140 2321 1320 2358 prophetam
1333 2322 1428 2356 ungat
1445 2328 1453 2354 ;
1470 2322 1500 2348 et
1510 2321 1604 2356 ungit.
1619 2320 1731 2349 Deinde

907 2367 998 2398 ambo
1011 2367 1051 2395 ad
1061 2365 1222 2395 Jordanem
1233 2364 1441 2402 procedentes,
1457 2364 1534 2394 Elias
1546 2364 1660 2394 ﬂumen
1671 2365 1734 2402 pal-

905 2413 946 2441 lio
960 2412 1081 2449 pelliceo
1095 2409 1264 2447 percutiens
1274 2409 1389 2441 dividit,
1402 2411 1430 2438 et
1448 2416 1501 2445 per
1519 2408 1633 2437 siccum
1651 2410 1730 2438 ince-

906 2458 992 2492 dunt,
1008 2455 1148 2484 ﬂuctibus
1162 2454 1198 2482 iis
1212 2453 1436 2482 obedientibus.
1455 2453 1567 2482 Deinde
1587 2453 1665 2482 Elias
1679 2454 1737 2482 Eli-

907 2510 969 2531 εωο
983 2500 1124 2538 permittit
1133 2501 1166 2528 ut
1179 2507 1196 2527 a
1211 2507 1244 2527 se
1256 2498 1404 2535 quidquid
1420 2498 1574 2535 placuerit,
1590 2498 1732 2535 postulet,

906 2551 1054 2584 tanquam
1066 2545 1125 2582 ipsi
1139 2543 1323 2579 adfuturum,
1343 2543 1488 2572 efﬁciente
1510 2542 1580 2571 Elia.
1600 2542 1649 2571 ille
1663 2551 1735 2572 vero

907 2591 1067 2630 postulavit
1080 2592 1113 2619 ut
1127 2588 1248 2626 spiritus
1263 2587 1332 2616 Elius
1342 2587 1454 2624 duplex
1465 2595 1554 2624 super
1567 2587 1670 2624 ipsum
1681 2587 1732 2616 ﬁe-

954 2718 981 2749 4)
999 2717 1034 2744 IV
1047 2717 1116 2749 Reg.
1129 2723 1161 2749 n,
1179 2715 1209 2742 8.

941 2716 983 2788 iii
999 2716 1277 2782 I(ilbn'iii'zaa’nitidius
1289 2752 1336 2777 τοῦ
1349 2748 1448 2778 Ἠλίου.
