1959 3074
28 121 53 148 1
58 122 128 149 489

767 120 1030 149 TESTAMEN’I‘UM.

1667 121 1736 149 M70

93 183 156 209 Οἷον
175 183 224 219 γὰρ
242 180 275 211 δὴ
299 185 344 209 καὶ
365 186 452 214 τοῦτο,
480 184 541 209 ὅταν
562 193 673 221 πυρετος
699 183 791 221 λάϐρος
819 185 842 216 (1

949 184 1099 216 Quidnam
1126 185 1248 220 patieris
1272 183 1397 220 quando
1431 185 1459 210 te
1487 183 1617 211 adurens
1644 182 1735 210 febris

34 227 231 263 ἀναφλεχθεὶς
274 226 381 263 ἐκτήκη,
417 230 524 264 κρείττω
564 232 609 254 καὶ
637 229 729 265 ἰατρῶν
760 230 857 263 τέχνης

32 274 100 298 καὶ
117 273 205 302 πάσης
221 270 298 302 mn;
319 276 443 307 μηχανῆς
456 276 502 302 τήν
529 272 614 309 ἀκμὴν
634 275 712 308 ἔχων,
740 275 785 298 καὶ
810 275 857 303 τὴν

33 317 154 353 φθορὰν
181 319 226 342 καὶ
247 316 322 342 λύσιν
350 318 570 354 κατεργαζόμενος
604 317 721 353 εὐτόνως,
757 319 802 343 καί
828 326 858 352 γε

30 363 97 386 *ὸν
120 359 218 397 δασμὸν
232 360 371 398 παραλύων
384 363 426 388 τόν
446 366 492 393 τῆς
507 362 600 398 ψυχῆς
628 365 673 388 καὶ
695 366 739 388 τοῦ
764 365 856 397 σώμα-

31 415 105 438 τος,
123 405 138 434 ἦ
154 406 215 431 ὅταν
253 405 327 443 ῥῖγος
349 405 526 443 ίπεισφρῆσαν
554 408 597 432 τὸν
633 406 689 432 ὅλον
728 405 855 442 συγκλονῇ

35 451 207 486 σωματικόν
236 451 322 485 ὄγκον,
354 452 398 476 καὶ
432 451 463 476 τὰ
486 451 579 478 τούτου
599 452 699 487 πέρατὰ
726 450 856 486 καταλαμ-

32 493 119 530 ϐάνῃ
159 495 309 531 ναροποιόν
345 494 444 530 ψῦχος,
482 498 528 521 τοῦ
572 495 684 525 ζωτικοῦ
713 496 857 530 πνεύματος

36 537 260 574 συστελλομένου
300 540 344 564 καὶ
382 538 431 574 βίᾳ
454 542 514 575 περὶ
541 541 588 568 τὴν
614 538 726 576 καρδίαν
752 538 856 574 ἀναχω-

33 586 173 618 ροῦντος,
197 581 253 609 εἶτα
285 585 402 618 προσιών
430 593 468 614 τις
499 581 654 619 διαλέγηται
680 586 739 619 περὶ
769 593 855 619 γραμ-

34 628 142 662 μάτων
168 629 216 656 τὴν
237 626 328 653 οὐσίαν
356 627 580 664 καταμιριζοντων
615 630 661 653 καὶ
700 627 855 654 ἀποταττὸν-

33 681 100 696 των
123 671 233 708 κλήρους
257 675 310 701 τοῖς
338 672 376 697 ἔτι
405 676 442 707 τῷ
475 671 526 708 βίῳ
552 674 754 709 περιεσομένοις,
782 673 854 698 καὶὸ

35 717 95 751 μὲν
110 719 196 741 ταῦτα
209 714 383 752 συμϐουλεύῃ,
414 717 426 742 ό
452 715 491 750 δὲ,
514 726 579 752 προς
601 719 648 746 τὴν
672 716 753 745 ἀκοήν
779 716 855 749 εὐθὺς

34 761 201 797 παταχθεκ
233 758 321 790 δεινῶς
353 762 399 788 τὴν
418 759 541 797 καρδίαν,
568 760 657 787 ἑαυτὸν
681 765 726 790 τῆς
753 764 854 798 μακρᾶς

36 804 152 835 Rhium;
176 806 221 830 καὶ
248 809 296 835 τῆς
321 804 417 836 πολλῆς
449 807 546 836 ἐκείνης
573 808 748 841 ματαιότητος
776 805 853 831 ταλα-

35 850 122 884 νίζῃ,
139 849 182 884 ὑφ’
197 849 228 879 ἧς
242 849 327 884 ἠγνόει
341 851 384 874 τὸν
413 851 497 875 πάντα
521 854 568 880 τῆς
597 850 667 882 ζωῆς
692 852 787 885 χρόνον
807 859 853 875 κα-
867 868 888 894 Β

36 893 228 929 τειλημμνος,
260 895 304 919 καὶ
341 892 466 930 διελέγχῃ
490 892 524 923 δὴ
562 897 620 921 τότε
649 904 678 920 το
717 896 852 930 παρεστὼς

38 939 144 973 αἴφνης
170 941 219 968 τῆς
247 936 376 969 ἀπλανοῦς
421 939 616 969 συναισθήσεως
641 940 700 968 τοὺς
734 939 852 974 μόχθους

37 981 163 1013 ἐκείνους
190 984 235 1008 καὶ
268 985 355 1008 πᾶσαν
393 982 463 1018 αὐτῷ
490 985 537 1011 τήν
570 984 697 1020 προτέραν
731 980 851 1011 σπουδήν

38 1026 105 1056 εἰκῆ
140 1027 186 1052 καὶ
208 1027 292 1062 μάτην
319 1026 510 1056 ἐκπεπονῆσθαι
532 1029 576 1054 καὶ
608 1029 672 1064 πρὸς
691 1025 766 1053 οὐδὲν
790 1028 849 1062 ὄφε-

38 1071 90 1101 λος
115 1070 266 1100 ἀπαντῆσαι
291 1079 298 1104 ;
321 1072 381 1097 ὅταν
422 1081 483 1107 γουν
519 1075 614 1104 ταῦτα,
649 1074 694 1097 καὶ
722 1072 850 1102 τοιούτοις

40 1115 265 1151 ἐνασχολουμένῳ
280 1114 347 1151 τῷδε
368 1114 420 1146 τοῖς
445 1115 580 1152 λογισμοῖς
612 1117 850 1152 προσεπιτιθῶνται

40 1162 157 1186 καὶτῶν
183 1162 298 1196 γνησίων
323 1160 389 1186 εἰσὶν
415 1159 503 1186 οἱκαὶ
530 1164 579 1186 τῶν
602 1160 687 1194 ξένων,
711 1161 744 1192 οἱ,
770 1162 849 1195 χρέος

41 1205 137 1240 ὥσπερ
182 1204 271 1235 αὐτοῖς
311 1203 425 1241 ἀνάγκης
459 1204 487 1235 ἐξ
513 1204 618 1234 ἁπάσης
657 1204 847 1240 ἐπωφλημένον,

40 1251 178 1285 χρήματα
210 1247 305 1275 ἐκείνου
343 1251 387 1275 καὶ
415 1249 557 1286 πράγματα
594 1247 726 1275 διαλαϐεῖν
769 1248 848 1278 ἐκζη-

40 1297 162 1325 τοῡντες,
187 1295 230 1320 καί
248 1303 278 1329 γε
301 1292 454 1330 βιαζόμενοι
481 1294 696 1330 συμμερίσασθαι
717 1294 764 1324 τὰς
787 1295 850 1322 κτή-

44 1346 112 1371 σεις,
131 1337 184 1363 οἷον
212 1335 245 1366 δὴ
270 1340 315 1364 καὶ
341 1337 482 1372 rm)me
509 1338 553 1373 μεν
581 1338 630 1374 γὰρ
659 1335 755 1374 διαιρεί
782 1338 849 1363 κατὰ

42 1384 92 1410 τήν
126 1381 234 1414 οἰκείαν,
261 1382 290 1408 οὐ
308 1384 360 1418 μὴν
387 1380 417 1408 δὲ
444 1383 512 1407 κατὰ
541 1384 588 1410 τήν
608 1381 706 1408 ἐκείνων
738 1380 847 1407 ἑκάστου

43 1425 174 1454 ϐούλησιν
202 1424 264 1453 οὐδέ
291 1436 321 1462 γε
348 1427 417 1452 κατὰ
443 1428 487 1454 τήν
518 1425 651 1454 ἄπληστον
680 1425 775 1462 ἔφεσιν⁸
803 1427 847 1451 καὶ

44 1470 124 1497 αὐτοὶ
157 1470 246 1497 λοιπὸν
280 1469 540 1506 δυσανασχετοῦντες
571 1469 774 1507 ἀποστρέφονται
800 1471 846 1499 τὴν

44 1515 140 1552 χάριν,
155 1515 168 1540 ὁ
187 1516 231 1550 μὴν
258 1515 332 1541 πλέον
360 1515 520 1551 εἰσπράττων
545 1514 560 1543 ἦ
590 1515 650 1540 οσον
671 1513 763 1544 ἐχέῑνος
783 1515 847 1539 ἑκὼν

44 1563 111 1585 εῖναι
139 1557 263 1591 δίδωσιν,
291 1559 304 1585 ό
331 1557 361 1585 δὲ
391 1561 438 1588 τὴν
462 1560 523 1587 ἴσην
549 1562 642 1595 μοῖραν
665 1557 847 1595 δυσχεραίνων

43 1603 91 1631 καὶ
127 1605 162 1639 μή
186 1605 253 1630 πάνυ
277 1613 303 1629 τι
333 1601 564 1638 καταδεδεγμένος·
598 1604 666 1630 ἔστιν
699 1605 726 1634 ὅς
758 1605 847 1629 καὶτὸ

42 1649 154 1684 νεμηθεν
190 1648 246 1674 ὅλον
285 1647 413 1674 ἀπείπατο
446 1647 542 1680 τελέως,
581 1649 626 1673 καὶ
660 1648 675 1676 ἡ
717 1650 847 1684 πρόφασις

43 1693 177 1730 εὐπρεπής
204 1695 248 1718 καὶ
272 1694 301 1718 τὸ
328 1690 463 1728 δικαίωμα
492 1695 619 1728 γενναῖον·
635 1702 648 1717 ››
675 1691 758 1727 πολλῷ
795 1693 846 1730 γὰρ

43 1737 142 1770 πλεῖον,
180 1748 189 1761 ι
221 1739 298 1774 φησί,
329 1748 343 1761 »
375 1739 495 1773 νομίσας,
530 1735 649 1772 βεϐαίαις
682 1739 706 1762 ἐν
744 1736 845 1763 ελπίσιν

912 232 1077 264 consumet,
1090 230 1272 259 medicorum
1289 231 1351 257 arte
1366 230 1396 256 et
1409 227 1468 255 alia
1482 227 1587 263 quavis
1599 227 1733 259 validior,

912 279 947 304 ac
961 272 1101 303 Violenter
1120 274 1341 310 corruptionem
1357 272 1644 307 dissolutionemque
1666 279 1735 307 ope-

911 317 1035 350 rabitur,
1053 318 1207 354 solvetque
1222 318 1330 346 animm
1342 320 1369 345 et
1394 316 1527 352 corporis
1556 315 1708 344 vinculum
1725 324 1732 348 ;

911 363 963 389 aut
982 362 1106 397 quando
1116 363 1210 398 frigus
1222 362 1333 390 sensim
1353 361 1519 397 procedens
1537 367 1660 388 omnem
1675 360 1735 394 agi-

911 405 986 432 tabit
999 406 1132 442 corporis
1145 406 1266 439 molem,
1278 408 1485 441 extremasque
1496 406 1593 440 partes
1605 411 1736 439 occupa-

910 449 954 476 bit
968 449 1150 486 ubicumque
1163 453 1289 478 mortem
1300 450 1396 478 ferens
1413 448 1555 485 ;quando
1579 447 1735 475 viviﬁcans

911 494 1032 529 spiritus
1047 494 1231 522 coercebitur
1246 497 1273 521 et
1285 494 1315 523 in
1329 501 1380 520 cor
1394 492 1515 521 tandem
1544 492 1672 525 recedet,
1700 499 1735 519 ac

911 538 1018 565 deinde
1031 538 1138 574 aliquis
1153 539 1310 571 accedens,
1335 541 1434 566 tecum
1451 539 1520 571 aget
1534 537 1571 564 de
1592 535 1734 564 codicillis

910 581 992 609 bona
1007 585 1058 610 tua
1074 582 1274 613 dividentibus
1283 581 1532 617 haereditatesque
1547 583 1613 608 tuas
1628 580 1663 607 iis
1681 579 1735 616 qui

911 629 1087 662 supererunt
1102 626 1338 660 assignantibus.
1355 628 1457 661 tuque,
1469 625 1566 652 statim
1578 632 1613 652 ac
1628 623 1734 651 audie—

909 670 948 698 ris
965 671 1054 698 corde
1067 671 1256 698 vehementer
1266 670 1416 702 turbatus,
1441 669 1571 705 teipsum
1600 676 1619 696 a
1642 668 1734 702 longo

909 722 1007 742 errore
1023 718 1051 743 et
1065 717 1209 752 perpetua
1222 715 1271 742 illa
1283 714 1413 742 vanitate
1436 715 1559 747 avertes,
1589 720 1651 749 qua
1672 714 1735 740 tota

909 759 968 786 vita
981 759 1124 795 deceptus
1137 767 1169 787 es
1183 759 1329 789 nesciens,
1362 757 1607 793 convincerisque
1633 756 1734 784 statim

908 806 988 830 certo
1001 803 1150 830 intellectu
1170 811 1275 830 omnes
1300 802 1367 830 illos
1395 802 1514 830 labores
1549 808 1732 836 omnemque

907 847 1036 883 priorem
1054 855 1157 875 curam
1173 855 1249 874 vane
1269 848 1438 883 impensam
1458 846 1548 874 fuisse
1563 853 1618 873 nec
1647 844 1733 880 quid-

906 899 998 928 quam
1014 891 1083 919 utile
1093 891 1236 919 habuisse
1251 891 1265 918 ?
1277 890 1568 925 Ouandohaecigitur
1575 889 1621 924 agi
1633 897 1732 925 cmpe-

906 937 972 972 rint,
989 938 1017 964 et
1032 936 1156 972 quando
1169 937 1210 964 illi
1228 936 1335 964 talibus
1350 938 1497 972 occupato
1519 934 1731 971 supervenient

905 981 951 1011 vel
965 981 1107 1016 extranei,
1131 981 1182 1017 qui
1198 984 1342 1018 tanquam
1354 989 1389 1009 ex
1415 980 1588 1010 necessitate
1614 978 1730 1006 debitas

905 1025 983 1054 illius
994 1033 1041 1053 res
1056 1033 1090 1053 ac
1103 1025 1222 1053 divitias
1236 1025 1490 1062 comprehendere
1500 1024 1641 1057 nitantur,
1658 1031 1728 1059 pro-

905 1069 1029 1105 priaque
1045 1070 1138 1105 ipsius
1151 1070 1232 1098 bona
1246 1069 1301 1098 sibi
1319 1069 1392 1109 ipsis
1408 1067 1585 1097 distribuere
1608 1069 1728 1103 cogant,

904 1114 977 1150 quid
1008 1114 1079 1142 inde
1114 1114 1239 1142 evenit?
1268 1114 1319 1142 Hic
1352 1113 1433 1141 enim
1465 1112 1568 1141 dividit
1596 1120 1650 1149 pro
1673 1120 1729 1140 sua

905 1159 1065 1194 voluntate,
1093 1167 1154 1187 non
1168 1159 1254 1194 juxta
1265 1158 1502 1194 uniuscujusque
1521 1165 1626 1185 eorum
1639 1156 1728 1185 bene-

903 1203 1056 1239 placitum,
1077 1211 1174 1240 neque
1195 1204 1282 1238 juxta
1319 1202 1498 1240 inexpletam
1523 1201 1727 1238 cupiditatem.

904 1249 937 1276 Et
952 1247 992 1281 illi
1004 1247 1194 1284 indignantes
1208 1247 1335 1282 gratiam
1356 1249 1495 1282 renuunt,
1512 1246 1589 1274 alius
1603 1245 1728 1282 quidem

902 1292 990 1328 plura.
1004 1294 1180 1327 exspectans
1195 1300 1288 1329 quam
1301 1300 1369 1328 quze
1383 1291 1430 1319 ille
1442 1291 1548 1319 volens
1572 1298 1607 1319 ac
1630 1289 1727 1318 libens

903 1337 1009 1369 tradit;
1024 1337 1099 1364 alius
1115 1345 1182 1364 vere
1204 1336 1351 1372 aequalem
1379 1337 1494 1364 tantum
1522 1335 1578 1363 sibi
1611 1337 1727 1371 partem

902 1380 1008 1408 donari
1024 1388 1084 1408 non
1105 1380 1170 1413 fert,
1195 1389 1250 1407 nec
1269 1380 1402 1416 seipsum
1417 1388 1478 1407 non
1494 1379 1561 1415 plus
1581 1379 1725 1416 accipere.

903 1426 950 1452 Est
960 1425 1012 1461 qui
1027 1427 1122 1453 totum
1147 1424 1231 1461 quod
1254 1424 1311 1462 ipsi
1332 1431 1511 1452 concessum
1534 1426 1577 1451 est
1603 1424 1724 1459 rejiciat,
1747 1426 1753 1431 ‘

901 1472 1139 1506 prmtextumque
1152 1468 1315 1496 decendem
1327 1469 1436 1505 jusque
1451 1475 1631 1503 generosum
1643 1468 1727 1496 adhi—

901 1513 1015 1541 beat:«
1034 1513 1121 1542 Multo
1149 1513 1274 1548 majora,
1302 1513 1407 1549 inquit,
1441 1511 1662 1548 exspectabam,
1699 1513 1727 1540 et

861 1545 881 1572 Ο
901 1558 989 1586 ﬁrma
1004 1566 1056 1594 spe
1085 1545 1210 1586 nitebar:
1229 1568 1239 1582 ι
1259 1557 1315 1585 Sed
1343 1545 1460 1591 tamen,
1496 1545 1582 1584 inum
1609 1559 1726 1592 tempus

901 1603 940 1631 ad
956 1603 1087 1630 lamenta
1116 1610 1151 1630 ac
1183 1601 1311 1637 gemitus
1344 1601 1457 1636 invitat,
1494 1600 1542 1628 alii
1576 1608 1612 1628 eo
1643 1600 1726 1636 quod

902 1655 960 1675 non
976 1647 1010 1675 iis
1030 1655 1084 1684 pro
1111 1650 1210 1675 mente
1233 1645 1406 1674 successerit
1428 1646 1458 1673 in
1477 1653 1596 1681 pugnas
1614 1645 1725 1681 smpius

901 1692 1023 1726 abeunt,
1039 1691 1190 1729 lacrymas
1205 1691 1400 1727 doloremque
1416 1691 1593 1724 amittentes,
1614 1689 1726 1718 doloris

901 1739 1032 1772 tempus,
1044 1730 1112 1764 belli
1126 1744 1160 1764 ac
1175 1736 1270 1764 litium
1287 1738 1404 1772 tempus
1421 1734 1626 1770 designantes.

42 1785 179 1823 ἐθάρρουν·
196 1797 207 1810 ι
224 1785 253 1812 οὐ
276 1787 327 1822 μὴν
351 1785 426 1818 ἀλλὰ,
449 1794 494 1810 και
521 1788 566 1810 τοῦ
590 1788 682 1820 καιροῦ
708 1784 848 1816 καλοῦντος
871 1787 936 1822 πρὸς
959 1785 1075 1821 οἰμωγὰς
1108 1795 1153 1811 και
1181 1785 1301 1822 θρήνους,
1333 1786 1357 1810 οί
1382 1782 1422 1817 δὲ,
1447 1793 1553 1819 γνωμης
1580 1782 1723 1820 ἀπληστίᾳ,

42 1829 151 1866 δάκρυα
177 1831 262 1856 πάντα
281 1839 327 1855 και
349 1831 377 1857 τὸ
404 1830 502 1856 πενθεῖν
528 1830 722 1865 παρωσάμενοι,
752 1831 777 1860 ές
805 1830 896 1865 μάχας
924 1829 1047 1860 πολλάκις
1066 1839 1110 1855 και
1129 1831 1192 1866 πρὸς
1206 1828 1329 1860 ἀλλήλους
1349 1832 1480 1865 χωροῦσι,
1497 1830 1541 1854 τὸν
1564 1831 1610 1853 τοῦ
1625 1829 1724 1858 πάθους

41 1876 135 1911 καιρὸν
150 1873 236 1911 ἑριὸος
249 1875 342 1900 ὡσανεί
357 1875 446 1911 καιρὸν
461 1884 506 1899 και
520 1873 631 1909 πολέμου
649 1874 768 1904 τιθέντες.

81 1922 132 1946 Kal
158 1921 191 1946 τὰ
234 1919 346 1945 ἐντεῦθεν
379 1919 513 1952 τίνα;Ὀ,
560 1920 654 1954 τρόπον
685 1920 710 1943 ὤ
739 1919 844 1954 ἔφημεν,

41 1965 251 2000 κατηπειγμένος
282 1965 348 1999 πρὸς
386 1964 433 1991 τὴν
466 1961 606 1998 ἐκδημίαν,
653 1963 685 1988 τὰ
713 1964 758 1998 μὲν
788 1966 846 1993 ταῖς

40 2010 144 2034 ἐκείνων
172 2008 318 2043 χαυνωθιίς
349 2017 395 2032 και
427 2006 609 2042 μαλακισθείς,
645 2007 702 2042 ἅμα
735 2004 764 2032 δὲ
799 2016 844 2032 και

39 2053 164 2088 καθυφείς
206 2051 392 2087 λογομαχίαις,
423 2052 456 2076 τα
500 2048 530 2077 δε
562 2049 718 2087 βουλόμενος
752 2050 843 2076 ἑαυτὸν

41 2095 200 2131 ἀπαλλάξαι,
229 2095 450 2131 ἁπαλλαττὸμενον
478 2093 532 2124 ἤδη
565 2098 609 2120 τοῦ
636 2094 703 2125 ϐίον,
731 2105 776 2120 και
795 2098 842 2125 τῆς

39 2143 151 2167 ἐκτοπου
175 2141 272 2171 ταύτης
295 2142 417 2176 ἐπηρείας
444 2149 489 2166 και
513 2141 572 2176 περί
595 2139 673 2165 αὐτόν
693 2148 720 2165 τε
741 2149 786 2165 και
812 2140 840 2164 τὸ

40 2183 127 2210 δίκιον
165 2184 362 2221 ἀγνωμοσύνης,
397 2183 467 2220 ἀφείς
499 2184 533 2209 τα
573 2185 640 2209 κατὰ
678 2186 782 2219 γνώμην
816 2185 877 2228 a'vD

39 2227 183 2260 διαθήκαις
203 2230 319 2266 γράφειν,
347 2229 441 2266 γράφει
473 2229 506 2254 τὰ
519 2232 567 2259 τῆς
590 2226 755 2265 τυραννίδος.
778 2226 840 2253 Εἶτα

39 2276 73 2300 τα
95 2275 238 2310 γράμματα
261 2274 408 2301 τελευταίαν
433 2275 497 2309 φασί
526 2272 654 2309 βούλησιν
681 2283 725 2298 και
752 2272 840 2301 ἀκίνη-

39 2321 82 2344 τόν
101 2329 160 2345 τινα
184 2317 324 2351 διαθήκην,
353 2328 399 2345 και
424 2319 458 2348 ὡς
495 2317 592 2348 ἔξεστιν
619 2315 707 2343 οὐδενί
741 2317 840 2343 ἀθετεῖν

39 2373 85 2389 και
106 2367 270 2399 παραποιεῑν·
298 2373 343 2389 και
370 2365 480 2389 τοιαῦτα
503 2363 528 2389 οῖ
554 2361 709 2399 ϐιασάμενοι
739 2362 840 2398 ἰσχυροί

39 2418 84 2434 και
111 2411 217 2445 γενναῖα
250 2411 304 2438 τοῖς
333 2408 513 2444 ἁπροαιρέτοις
545 2417 590 2432 και
623 2409 840 2444 κατηναγκασμέ-

39 2463 93 2484 νοις
121 2452 335 2488 ἐπιψηφίζονται.

76 2497 146 2525 Ἀλλ’
193 2497 240 2523 οὐκ
283 2498 332 2532 ἐγὼ
365 2497 455 2526 οὕτως·
485 2495 550 2528 ἀλλ’,
589 2497 651 2531 ὅπερ
684 2498 712 2522 ἐκ
744 2498 840 2526 παντὸς

39 2543 136 2577 τροπου
165 2539 312 2578 δοκιμάσας
339 2542 363 2567 ἐν
386 2543 438 2572 τοῖς
466 2541 592 2570 τοιούτοις
621 2540 729 2576 ἄριστον
749 2541 840 2575 ἔγνων,

39 2586 108 2614 τοῦτ’
121 2585 175 2616 ἤδη
189 2596 235 2612 και
248 2588 290 2613 ἐπί
302 2589 354 2615 τοῖς
373 2584 485 2620 ἐμαυτοῦ
502 2584 599 2621 πράξω.
612 2586 646 2610 Τό
663 2582 693 2610 δέ
707 2585 764 2610 ἐστι
778 2585 816 2620 (2)
833 2595 839 2619 ;

75 2635 139 2666 Νῦν,
159 2632 201 2657 ὅτε
219 2633 297 2657 νόσου
324 2628 406 2667 μηδὶν
432 2629 543 2665 ἐνοχλεῖ,
568 2632 622 2661 νῦν,
637 2630 678 2654 ὅτε
701 2631 735 2664 μὴ
761 2638 840 2654 κατα-

75 2687 114 2720 (l)
130 2685 203 2714 Cod.
218 2684 322 2721 λαῦρος.

75 2715 112 2756 (2)
128 2721 174 2749 Sic
189 2715 292 2748 codeiz.
311 2721 422 2748 Forsan
434 2720 466 2744 Ti
477 2716 507 2744 δέ
519 2719 594 2751 ἑστι;
611 2716 672 2744 τάδε
685 2715 716 2743 δέ
727 2726 784 2744 εστι
796 2720 837 2750 τί;

937 1919 968 1946 Et
983 1926 1050 1954 quae
1066 1921 1171 1954 pastea
1184 1919 1350 1954 sequuntur
1362 1918 1376 1945 ἲν
1392 1917 1457 1951 Qui,
1471 1924 1532 1952 quo
1548 1915 1639 1944 modo
1647 1916 1723 1944 dixi-

900 1970 979 1992 mus,
995 1962 1034 1990 ad
1049 1965 1172 1990 mortem
1189 1962 1229 1989 ita
1244 1961 1392 1989 adductus
1407 1963 1459 1994 est,
1473 1969 1579 1988 eorum
1599 1959 1723 1996 quidem

898 2007 984 2034 vanis
1000 2006 1188 2034 sermonibus
1203 2005 1373 2034 debilitatus
1386 2013 1421 2033 ac
1437 2005 1568 2032 mollitus
1580 2008 1605 2032 et
1617 2005 1723 2032 subac~

898 2053 955 2088 tus,
976 2051 1108 2086 seipsum
1116 2051 1180 2085 jam
1200 2051 1260 2077 vita
1276 2049 1444 2083 liberatum,
1478 2049 1578 2077 volens
1600 2056 1722 2085 quoque

896 2095 1023 2123 liberare
1043 2095 1196 2123 abinsana
1208 2094 1438 2127 bacinsolentia,
1450 2093 1548 2121 nonin
1561 2096 1721 2121 testamen-

897 2140 933 2167 tis
942 2148 995 2175 pro
1001 2140 1085 2167 libitu
1093 2139 1232 2176 disponit,
1242 2139 1292 2166 sed
1298 2139 1308 2174 j
1315 2142 1385 2166 uxta
1392 2146 1506 2166 meram
1518 2138 1707 2174 tyrannidem
1713 2159 1720 2166 .

898 2184 1007 2212 Deinde
1018 2183 1144 2212 codicilli
1154 2183 1288 2211 ultimam
1304 2182 1599 2210 dicuntvoluntatem
1615 2184 1644 2210 et
1667 2182 1720 2210 im-

896 2228 1005 2256 mobile
1021 2228 1177 2265 quoddam
1196 2231 1422 2261 testamentum,
1444 2229 1472 2255 et
1490 2227 1547 2254 tale
1562 2229 1595 2254 ut
1607 2227 1720 2255 nemini

895 2273 982 2301 liceat
996 2273 1069 2300 illud
1083 2275 1214 2300 avertere
1221 2275 1248 2300 et
1263 2271 1546 2300 contemnere.T:ilia
1562 2271 1720 2307 igiturjus-

896 2320 998 2345 serunt
1016 2317 1089 2352 ﬁeri,
1102 2320 1130 2344 et
1144 2316 1243 2345 valida
1256 2324 1291 2344 ac
1303 2319 1369 2344 rata
1388 2316 1553 2344 decernunt
1563 2323 1630 2352 quae
1658 2323 1720 2344 non

894 2361 1069 2393 voluntarie,
1086 2361 1139 2389 sed
1151 2363 1253 2389 coacte
1273 2359 1351 2388 facta
1366 2363 1445 2389 sunt.

930 2497 994 2524 Non
1010 2495 1060 2530 ita,
1078 2502 1144 2530 ego.
1159 2493 1244 2527 Quod
1259 2493 1435 2521 omnimodo
1451 2492 1598 2529 optimum
1612 2492 1718 2520 essein

894 2540 1005 2568 talibus
1020 2542 1158 2576 expertus
1172 2547 1249 2571 sum,
1264 2537 1364 2573 idjam
1387 2538 1417 2565 in
1441 2537 1568 2573 propriis
1597 2536 1716 2566 faciam.

895 2585 972 2618 Quid
988 2587 1086 2613 autem
1101 2584 1173 2612 illud
1189 2586 1235 2612 est
1249 2583 1263 2611 7

930 2631 1025 2665 Nunc,
1041 2638 1110 2658 cum
1121 2629 1220 2657 nullus
1231 2637 1279 2657 me
1292 2627 1558 2664 impeditmorbus,
1572 2635 1641 2660 cum
1656 2635 1718 2657 non
