1959 3074
227 123 290 150 1471

887 119 1076 151 NICEPHORI
1095 120 1237 150 CHUMNI.

1851 125 1866 153 1
1872 126 1922 153 472

225 183 256 212 in
274 184 350 213 lecto
365 184 479 214 solutus
492 186 647 221 recumbo,
658 194 756 224 neque
764 186 802 215 de
810 186 872 215 vita
884 193 946 214 non
956 184 1049 213 modo

1108 182 1170 210 λύων
1203 183 1246 210 imi
1269 183 1356 216 κλίνης
1383 184 1448 219 εἰπί,
1479 183 1549 221 μηδι
1578 187 1634 223 περί
1659 186 1738 222 ζωῆς,
1768 189 1811 223 μὴ
1846 190 1925 223 μόνη

223 228 369 257 incertum
384 231 428 257 est
442 236 516 257 num
535 230 626 266 hujus
640 230 739 259 futura
755 231 792 259 sit
824 229 954 258 crastina
975 228 1050 262 dies,

226 273 280 301 sed
290 273 354 308 jam
367 275 396 301 et
410 273 446 302 de
461 274 606 302 hodierna
616 274 756 303 ditferunt
767 275 843 304 inter
857 282 888 302 se
909 272 1052 302 mediciet

226 319 372 354 pugnant,
392 317 466 346 dum
481 318 531 346 alii
541 319 679 355 spiritum
700 327 798 356 usque
828 318 868 348 ad
891 325 1050 355 vesperam

227 362 338 390 iturum
353 369 418 390 esse
433 363 630 399 contendunt,
643 364 693 393 alii
710 364 987 392 verocircasextam
1000 364 1052 391 aut

227 413 340 435 nonam
352 409 404 435 aut
417 415 510 444 quam
535 408 627 436 aliam
651 416 688 436 ex
703 411 765 437 arte
791 410 842 437 aut
881 406 1052 443 ignorantia

228 452 396 479 statuerunt
414 451 532 485 horam,
551 452 777 481 dissolvendam
785 460 851 481 esse
862 452 996 480 animam
1007 450 1051 479 di-

228 497 299 523 cunt
313 497 369 524 cta
387 503 511 532 corpore
522 499 696 533 erupturam
711 505 799 526 :cum
818 497 893 525 nihil
919 496 981 525 veri
1000 497 1052 524 aut

228 539 377 568 manifesti
392 540 464 576 ipsis
470 540 636 570 dicentibus
644 544 672 570 et
684 541 906 570 affirmantibus
916 542 1049 577 apparet,

227 591 325 620 neque
344 592 463 613 rursum
492 585 834 622 interrogantibus;sed
856 593 928 614 cum
956 586 1052 613 totum

228 635 336 664 corpus
348 629 436 665 valet,
460 630 600 667 valetque
626 631 702 659 ratio
725 631 848 668 propria
875 630 993 669 operari
1024 630 1053 657 et

226 675 304 701 recte
319 673 486 703 discernere
502 683 600 709 ;nunc
615 683 685 704 cum
698 683 787 703 nemo
801 683 849 703 me
882 674 983 703 turbat
1002 674 1052 701 aut

227 718 327 753 agitat,
346 720 435 747 statui
445 721 657 748 testamentum
664 728 766 748 meum
780 719 937 753 conﬁcere,
945 721 973 747 et
983 725 1052 746 con-

226 761 336 793 fectum
351 765 405 799 est,
418 763 492 793 nihil
504 765 598 793 coacti
623 767 674 794 aut
700 764 863 794 inconsulti
885 763 1052 792 continens.

263 900 297 927 Et
310 899 457 935 optimum
471 901 517 927 est
534 899 606 928 illud
627 899 752 928 omnino
766 900 794 927 et
809 897 955 926 universis
970 897 1053 934 apud

225 951 332 972 omnes
342 943 459 980 judices
471 944 632 977 sententiis,
641 946 820 980 etquantum
833 943 905 971 mihi
928 942 1052 979 quidem

225 989 353 1023 videtur,
362 989 443 1025 apud
458 989 588 1026 reliquos
596 989 953 1018 etlamhomines.0mnes
972 986 1053 1016 enim

226 1033 307 1070 leges
323 1036 351 1062 et
363 1034 550 1070 legislatores
562 1034 592 1062 id
607 1036 676 1064 ante
690 1034 805 1067 omnia,
828 1035 860 1062 ut
889 1033 930 1061 ita
941 1032 1051 1066 dicam,

227 1079 357 1107 examini
372 1079 541 1115 subjiciunt,
559 1081 587 1108 et
616 1087 710 1116 quam
734 1078 901 1107 maximam
927 1077 967 1105 rei
995 1077 1054 1105 hu-

224 1123 274 1159 jus
301 1124 450 1152 rationem
473 1123 596 1157 habent,
632 1125 812 1152 testamenta
856 1122 947 1150 fuisse
979 1129 1053 1150 con-

227 1167 314 1201 fecta,
326 1168 401 1196 dum
421 1168 567 1196 testatoris
580 1175 666 1196 mcns
683 1168 715 1196 in
744 1167 881 1201 sanitate,
908 1169 1054 1203 tanquam

227 1213 258 1241 in
273 1212 369 1240 solido
379 1212 587 1247 fundamento,
604 1212 734 1241 stabilita
749 1214 821 1240 erat.
836 1212 878 1239 Ac
897 1211 973 1239 bene
987 1211 1053 1247 qui-

228 1256 298 1284 dem
322 1256 353 1284 id
383 1259 563 1286 curaverunt
593 1255 705 1292 legiferi
730 1258 759 1284 et
783 1255 909 1292 judices,
942 1255 1054 1292 quippe

228 1301 311 1337 quod
327 1301 529 1337 justissimum
565 1301 702 1330 omnium
726 1301 772 1328 sit.
802 1301 836 1328 Ut
864 1308 880 1328 e
905 1299 1054 1328 contrario

228 1345 357 1382 impium
363 1353 488 1382 prorsus
495 1347 548 1381 est,
563 1346 663 1383 siquis
672 1345 785 1382 aliquid
792 1346 915 1374 econtra
933 1343 1055 1373 violenti

228 1390 380 1419 adhibeat.

265 1434 292 1464 Si
306 1435 469 1470 igiturhaec
480 1435 519 1463 ita
543 1442 575 1463 se
598 1434 712 1463 habent
737 1435 782 1470 (ac
805 1442 928 1471 prorsus
954 1433 995 1462 ita
1022 1441 1054 1462 se

227 1480 359 1516 habent).
382 1481 582 1517 quandonam
605 1480 704 1515 magis
728 1480 813 1508 decet
845 1478 1052 1507 examinantes

1106 228 1273 265 ἀμφίϐολοςὴ
1305 229 1394 267 αῦριον
1422 229 1444 256 εἰ
1465 232 1563 261 ταύτης
1591 232 1674 264 ἔσται,
1701 230 1759 257 ἀλλ’
1789 230 1854 261 ἤδη
1882 243 1926 258 και

1104 283 1164 311 περι
1189 278 1237 304 τῆς
1261 276 1384 311 σήμερον,
1413 274 1498 312 ἰατροί
1524 273 1692 312 διαφίρονται
1715 286 1762 303 και
1796 277 1928 313 C9799:-

1105 321 1211 354 χοῦσιν,
1239 317 1266 345 οἵ
1291 320 1336 355 μεν
1369 317 1404 348 δὴ
1429 329 1474 346 και
1504 321 1568 356 πρὸς
1599 320 1708 358 ἑσπέραν
1751 321 1831 353 ἥξειν
1882 332 1929 347 καί

1106 362 1223 400 ἀρκέσειν
1245 365 1289 395 τὰς
1315 363 1444 396 ἀναπνοὰς
1468 365 1676 402 φιλονεικοῦντες,
1713 367 1739 392 οἱ
1777 365 1812 394 δὲ
1861 371 1927 404 περὶ

1106 409 1182 438 ἕκτην
1210 409 1225 439 ἦ
1254 407 1370 444 ἒννὰτην,
1391 409 1406 439 ἣ
1436 409 1526 440 ἣντινα
1549 409 1576 436 ἔκ
1607 414 1654 442 τῆς
1677 412 1775 447 τέχνης
1813 412 1831 441 ἦ
1877 416 1928 442 τῆς

1106 451 1220 489 ἀμαθίας
1230 455 1442 487 κατεσκὸπησαν,
1474 454 1542 492 ὥραν
1566 454 1676 484 λυθῆναί
1701 465 1769 492 φασι
1795 459 1852 485 τὴν
1873 456 1927 491 ψυ-

1105 499 1160 533 χὴν
1180 501 1226 524 τοῦ
1265 501 1387 535 σώματος
1410 498 1609 537 ἁπορῥογείσαν,
1637 502 1756 536 γνωστὸν
1785 499 1814 528 δ’
1841 500 1926 528 οὐδῦ

1106 543 1148 568 ἐπί
1163 546 1208 569 τοῦ
1237 545 1308 574 ὄντος
1332 542 1395 570 οὔδε
1422 542 1501 574 δῆλον
1523 545 1577 570 οὒτ’
1605 544 1691 575 αὐτοῖς
1719 549 1778 576 τοῖς
1806 545 1925 582 λέγουσι

1105 596 1150 613 και
1173 586 1229 613 λίαν
1262 587 1484 625 ὶσχυριζομένοις,
1517 588 1571 615 οὔτ’
1601 588 1634 617 αὖ
1672 593 1726 620 τοῖς
1762 591 1927 627 tuendai—

1105 640 1166 662 νοιςν
1197 631 1252 658 ἀλλ’
1273 632 1370 660 εῦικτιῖ
1391 635 1437 669 μιν
1461 633 1518 660 ὅλον
1542 635 1572 659 τὸ
1598 638 1683 670 σῶμα,
1713 636 1805 672 κύριοι
1830 634 1861 662 δ’
1899 637 1925 661 οἱ

1105 675 1228 713 λογισμοί
1251 675 1318 714 δρᾷν
1337 678 1366 704 τό
1391 677 1489 704 ἑαυτῶν
1513 688 1558 704 και
1583 678 1665 715 ὀρθῶς
1698 681 1810 716 κρίνειν-
1861 684 1922 712 νῦν,

1106 721 1147 747 ὅτι
1170 724 1263 755 ταῦτα,
1289 720 1403 758 μηδενὸς
1429 724 1501 753 ὄντος
1524 726 1571 749 τοῦ
1597 724 1768 759 ταράττοντος
1794 734 1842 750 και
1877 726 1924 750 69-

1105 765 1252 803 ρυϐοῦντος,
1270 764 1324 792 δεῖν
1336 767 1412 802 ἔγνων
1432 766 1610 803 ἀπειργάσθαι
1631 777 1677 804 μοι
1703 770 1753 797 τήν
1782 767 1923 798 διαθήκην

1105 810 1164 845 (και
1191 809 1389 847 ἀπείργασται),
1426 809 1510 848 μηδεν
1531 810 1618 848 βίαιον
1651 815 1683 849 τῇ
1723 812 1806 850 ψυχῇ
1848 811 1922 849 μηδ’

1069 857 1092 884 Β
1107 853 1248 884 ἀϐούλητον
1263 856 1389 891 ἔχουσαν.

1143 901 1193 925 Καὶ
1217 900 1356 936 κράτιστόν
1378 909 1408 936 γε
1431 903 1507 926 τοῦτο
1530 901 1631 931 πάντως
1660 910 1707 928 και
1738 903 1814 939 παρὰ
1853 912 1921 940 κρι-

1106 945 1162 973 ταῖς
1188 945 1255 969 πᾶσι
1282 943 1378 980 ψήφοις
1399 942 1522 977 ἁπάσαις,
1567 953 1612 970 και
1651 944 1713 981 παρ’
1751 945 1917 982 ἀνθρώπων,

1106 988 1193 1023 ἔμοιγε
1211 985 1307 1022 δοκεῖν,
1333 991 1388 1020 τοῖς
1410 987 1508 1020 λοιποῖς
1530 988 1640 1017 ἅπασιν.
1659 989 1759 1016 Αὐτίκα
1782 992 1834 1028 γὰρ
1869 1001 1919 1016 και

1107 1033 1181 1068 νόμοι
1205 1033 1296 1063 πάντες
1320 1042 1365 1059 και
1391 1034 1527 1069 νομοθέται
1550 1033 1632 1068 τοῦθ’,
1660 1035 1696 1065 ὡς
1721 1035 1782 1065 ine;
1819 1034 1919 1065 εἰπεῖν,

1106 1078 1157 1114 πρὸ
1183 1078 1276 1107 παντὸς
1299 1076 1377 1103 ἄλλου
1405 1075 1622 1112 διασκοποῦνται,
1653 1080 1713 1116 περί
1741 1080 1838 1105 τούτου
1870 1090 1919 1105 και

1107 1122 1150 1148 τὸν
1165 1120 1220 1148 ὅλον
1246 1125 1381 1148 ποιοῦνται
1405 1121 1490 1158 λόγον,
1523 1123 1563 1149 ἐπ’
1589 1121 1746 1159 ἀκραιφνοῦς
1767 1133 1836 1154 τινος
1868 1128 1920 1155 τῆς

1107 1169 1153 1192 τοῦ
1175 1167 1358 1197 συντάττοντος
1383 1169 1499 1203 γνώμης,
1525 1168 1557 1198 ὡς
1586 1167 1626 1194 ἐπ’
1662 1166 1796 1204 ἀσφαλοῦς
1832 1178 1920 1202 τινος,

1109 1208 1235 1248 ἱδρῦσθαι
1254 1212 1286 1237 τὰ
1297 1208 1474 1248 διατάγματα,
1504 1214 1555 1238 Καί
1584 1211 1668 1243 καλῶς
1696 1222 1727 1248 γε
1755 1216 1832 1239 τοῦτο
1870 1215 1921 1239 σὺν

1107 1258 1162 1286 τοῖς
1183 1256 1333 1292 νομοθέταις
1360 1265 1404 1282 και
1428 1259 1480 1287 τοις
1505 1254 1648 1287 δικασταῖς
1677 1255 1918 1291 δνεσπούδασται,

1108 1299 1152 1326 ἅτε
1178 1297 1212 1329 δὴ
1238 1309 1283 1325 και
1312 1297 1414 1326 δίκαιον
1438 1299 1465 1326 ὃν
1491 1302 1584 1331 παντὸς
1602 1300 1708 1336 μᾶλλον·
1735 1302 1771 1332 ὡς
1809 1302 1921 1328 τούνανο

1108 1346 1161 1370 τίον
1180 1344 1307 1375 παντελῶς
1335 1343 1448 1380 ἀνόσιον,
1474 1346 1496 1371 εἴ
1521 1354 1548 1371 τι
1577 1343 1699 1374 δηλονότι
1728 1347 1802 1383 παρὰ
1833 1350 1919 1373 τοῦτο

1109 1392 1247 1426 κραταιοῡν
1259 1398 1298 1420 τις
1314 1388 1446 1425 βιάζεται.

1143 1434 1173 1460 Ei
1209 1437 1271 1469 γοῦν
1305 1434 1367 1460 τουθ
1406 1434 1488 1465 οὕτως
1508 1435 1576 1470 (ἔχει
1612 1432 1643 1460 δέ
1682 1435 1809 1470 πάντως),
1853 1439 1919 1462 ποτε

1107 1477 1203 1513 μᾶλλον
1215 1477 1279 1508 εἰκός
1298 1479 1354 1504 ἐστι
1379 1482 1431 1509 τοῖς
1454 1478 1608 1510 ἐξοτάζουσι
1629 1481 1689 1515 περί
1715 1483 1766 1505 τῶν
1795 1489 1918 1516 γεγραμι

226 1525 318 1553 tidem
335 1525 451 1562 scriptis
467 1525 607 1554 arhibere
620 1525 751 1557 ﬁrmam,
773 1532 872 1561 neque
901 1523 1052 1556 dubitare,

1108 1525 1188 1559 μένων
1223 1521 1332 1559 βεϐαίας
1357 1522 1472 1559 ἀφῖχθαι
1495 1524 1542 1554 τὰς
1564 1525 1675 1558 πίστεις,
1708 1526 1754 1550 καί
1779 1522 1919 1561 μηδαμῶς

227 1578 320 1607 quam
334 1579 403 1599 cum
419 1570 586 1599 ambulanti
601 1578 638 1598 ac
659 1569 768 1598 valenti
791 1571 818 1597 et
844 1569 906 1597 vim
930 1567 1054 1597 habenti

226 1615 374 1651 quidquid
387 1615 539 1650 agendum
556 1614 718 1650 sit,agenti,
734 1621 769 1642 ac
789 1613 841 1642 toti
855 1613 886 1642 in
903 1621 935 1641 se
964 1614 993 1641 et
1023 1613 1054 1641 in

227 1660 288 1687 suis
303 1659 531 1695 cogitationibus
546 1659 624 1687 bene
639 1658 796 1695 disposito,
811 1666 879 1694 quae
907 1656 965 1694 ipsi
988 1657 1054 1685 visa

227 1706 307 1738 sunt,
323 1704 492 1740 composita
501 1703 583 1732 fuere
597 1704 611 1732 ?
627 1705 659 1731 Et
675 1710 747 1731 sane
774 1702 824 1739 qui
855 1702 886 1730 in
914 1702 1053 1730 extremis

227 1750 403 1777 testamenta
417 1751 524 1776 curant
548 1747 778 1783 conﬁciuntque,
800 1746 874 1775 illud
898 1749 927 1774 et
947 1748 1054 1775 curant

226 1794 295 1821 ante
310 1792 369 1820 alia
382 1800 476 1829 quam
483 1793 613 1820 maxime
622 1792 779 1820 ostendere
792 1798 862 1819 eum
872 1797 983 1827 nempe
1002 1798 1053 1819 va-

225 1837 321 1866 lidum
334 1837 424 1865 fuisse
439 1845 508 1865 cum
519 1838 698 1865 testamenta
712 1835 848 1868 confecit,
869 1835 923 1863 etsi
948 1842 1054 1864 revera

225 1884 326 1910 mente
341 1890 376 1910 ac
388 1881 492 1917 lingua
518 1881 678 1915 defecerit;
704 1880 792 1917 quasi
819 1879 892 1907 nihil
927 1879 1052 1908 omnino

225 1926 476 1963 praetendentibus
490 1928 668 1955 testamenta
681 1924 908 1958 auxiliarentur,
925 1923 949 1952 si
977 1923 1053 1960 quid

227 1971 376 2008 ejusmodi
390 1970 524 1999 defuerit.

263 2059 344 2089 Habe
360 2059 449 2095 igitur
474 2061 502 2087 et
519 2059 583 2088 haec
609 2059 689 2088 circa
717 2066 776 2087 ea:
793 2060 821 2086 et
849 2057 1052 2086 animadverte

227 2107 358 2134 mentem
372 2106 400 2132 et
413 2103 691 2140 linguamvalentis,
701 2105 729 2131 et
738 2102 911 2138 aegrotantis
925 2101 1051 2137 robusti,

226 2152 255 2178 et
267 2148 410 2178 membris
424 2148 711 2183 deﬁcientis,vigore
734 2147 889 2175 dissoluto.
916 2146 1052 2174 Eximina

227 2197 256 2223 et
270 2194 478 2229 cogitationem
493 2192 804 2230 minimeimpeditam
832 2194 860 2220 et
883 2191 962 2220 circa
984 2199 1052 2227 pro-

226 2239 307 2276 prios
323 2241 421 2267 motus
435 2238 562 2267 liberam
577 2245 674 2274 neque
697 2237 758 2265 ullo
778 2236 886 2265 morbo
909 2236 1052 2272 agitatam

227 2285 256 2312 et
268 2291 451 2320 perversam,
467 2285 496 2311 et
507 2282 710 2317 mgrotationis
726 2281 859 2318 pondere
875 2289 910 2309 ac
932 2284 1052 2317 torpore

226 2328 357 2358 vinctam
373 2338 379 2356 :
397 2330 425 2356 et
434 2327 534 2356 adhuc
548 2335 642 2363 quam
657 2326 790 2354 maximo
797 2325 1052 2354 timorelaborau-

226 2375 285 2402 tem
299 2373 434 2402 animam
450 2374 479 2400 et
493 2371 579 2400 valde
596 2371 758 2403 turbatam,
776 2370 840 2406 jam
863 2378 896 2398 se
926 2369 1052 2398 dissolvi

226 2418 411 2451 sentientem,
427 2419 456 2445 et
469 2424 488 2445 a
501 2415 640 2444 sensibus
663 2415 853 2443 recedentem
875 2421 1051 2451 organaque

225 2462 453 2499 relinquentem,
465 2460 516 2488 vix
526 2467 598 2488 voce
605 2460 801 2496 respirantem
814 2467 849 2488 ac
866 2459 1050 2496 loquentem,

225 2511 253 2537 et
268 2508 293 2535 si
314 2507 415 2535 minus
425 2505 766 2540 obscureetinterruptis
777 2504 888 2540 verbis,
902 2505 956 2533 sed
967 2512 1051 2541 pror-

225 2561 278 2581 sus
293 2552 416 2580 invitam
431 2552 612 2579 etcoactam.
630 2551 695 2577 Haec
706 2550 806 2586 itaque
822 2549 1027 2578 animadverte
1042 2557 1048 2577 :

225 2600 254 2626 et
266 2596 323 2625 nisi
333 2596 405 2624 velis
415 2595 538 2623 veritate
563 2593 687 2630 otfcndi,
716 2594 778 2622 vim
801 2594 896 2622 tribue
924 2594 959 2622 iis
983 2602 1050 2630 quae

225 2641 383 2670 manifeste
392 2648 429 2668 ex
439 2639 556 2673 entib'us
562 2646 664 2667 revera
676 2640 704 2666 et
726 2637 943 2674 apparentibus
955 2638 1050 2676 stabig

227 2687 337 2715 liuntur
355 2695 362 2720 ;
377 2686 648 2720 etomnes,tusane
662 2683 814 2719 legislator
829 2685 857 2712 et
865 2686 945 2713 recto
963 2686 1049 2713 utens

1107 1567 1202 1598 αὐτοὺς
1241 1566 1417 1603 ἀμφιϐάλλειν,
1458 1567 1472 1597 ᾖ
1505 1569 1565 1594 ὅταν
1596 1568 1740 1604 ὑγιαίνοντι
1763 1578 1810 1595 και
1832 1568 1919 1605 βαδί-

1108 1611 1190 1645 ζοντι,
1219 1621 1263 1638 και
1290 1611 1346 1647 μετ’
1372 1611 1468 1648 ἰσχύος
1494 1613 1599 1648 σύμπαν
1628 1613 1657 1639 τό
1681 1615 1810 1649 πρακτέον
1839 1615 1920 1640 καθι-

1108 1658 1171 1691 στᾷν
1187 1657 1285 1692 ἔχοντί¹
1309 1666 1354 1682 και
1374 1656 1423 1693 ὅλῳ
1439 1666 1470 1692 γε
1484 1660 1521 1692 τῷ
1552 1655 1722 1693 διατιθεμένῳ
1747 1658 1845 1684 ἑαυτοῦ
1874 1669 1920 1684 και

1105 1704 1154 1727 τῶν
1190 1701 1322 1737 λογισμῶν
1363 1700 1429 1734 am,
1455 1701 1582 1730 τάττηται
1616 1702 1651 1728 τὰ
1675 1700 1835 1738 δεδογμένα·
1868 1706 1921 1730 Kc:

1106 1746 1157 1781 μὴν
1186 1745 1211 1771 οἱ
1231 1747 1256 1772 ἐν
1279 1749 1333 1776 τοῖς
1356 1744 1513 1776 τελευταίοις
1537 1743 1706 1772 απουδασταί
1731 1756 1777 1772 και
1798 1757 1919 1783 συγγρα-

1107 1792 1158 1826 φεῖς
1189 1793 1238 1816 τῶν
1282 1791 1482 1825 συνταγμάτων,
1529 1793 1605 1816 τοῦτο
1645 1800 1690 1817 και
1725 1789 1918 1822 σπουδάζουσι

1106 1833 1200 1870 μᾶλλον
1226 1835 1276 1870 πρὸ
1298 1838 1347 1860 τῶν
1368 1834 1450 1860 ἄλλων
1474 1832 1617 1868 δεικνύναι,
1642 1835 1789 1872 ἐρρωμένως
1815 1837 1917 1871 ἔχοντα

1106 1879 1149 1905 τὸν
1179 1878 1339 1905 καταλύοντα
1374 1880 1432 1910 νοὸς
1462 1888 1506 1905 και
1536 1878 1655 1915 γλώττης
1684 1880 1763 1915 ἷχθοιι
1787 1882 1839 1916 πρὸ
1867 1882 1915 1911 τὰς

1106 1920 1246 1956 διαθήκας,
1276 1923 1309 1953 ὡς
1332 1926 1378 1949 τοῦ
1405 1924 1436 1959 γε
1462 1932 1530 1954 τινος
1555 1924 1652 1950 τούτων
1676 1923 1757 1954 αὑτὰς
1783 1923 1915 1951 ἀπολελεῖ-

1106 1968 1168 2004 φθαι
1196 1965 1279 2004 μηδὲν
1317 1965 1382 1993 εἶναι
1403 1971 1540 1999 ποιοῦντος
1572 1967 1628 1999 τοῖς
1648 1970 1855 2005 προίσχομὶνοις
1882 1970 1913 1999 7?:-

1105 2021 1184 2038 κιστα
1199 2011 1233 2042 εἰς
1249 2014 1418 2048 συμμαχίαν,

1140 2055 1206 2093 Ἔχε
1218 2056 1257 2093 (1)
1278 2055 1312 2086 δὴ
1324 2059 1409 2083 τοίνυν
1427 2058 1487 2094 περί
1507 2060 1591 2083 ταῦτα
1615 2067 1660 2083 και
1676 2059 1720 2093 σὺ,
1745 2067 1791 2084 και
1818 2060 1911 2085 σκόπει

1104 2104 1164 2128 νοῦν
1199 2111 1245 2127 και
1268 2100 1385 2138 γλῶτταν
1413 2101 1571 2137 ὑγιαίνοντος
1590 2103 1619 2127 τὸ
1641 2101 1708 2137 ὅλον,
1735 2112 1781 2129 και
1802 2113 1910 2129 κατανο-

1106 2149 1223 2179 σοῡντος,
1264 2145 1462 2183 εὖρωστοῦντος,
1489 2156 1534 2172 και
1558 2147 1590 2172 τὰ
1621 2146 1684 2182 μέλη
1725 2144 1909 2174 διαπεπτωκὸ-

1104 2199 1158 2225 τος,
1196 2194 1241 2217 τοῦ
1265 2190 1386 2226 ψυχικοῦ
1413 2192 1488 2217 τόνου
1498 2189 1717 2227 παραλελυμένου-
1749 2194 1844 2218 Σκόπει
1866 2203 1910 2229 μοι

1104 2246 1150 2262 και
1179 2234 1297 2263 διάνοιαν
1334 2234 1465 2262 ἀκώλυτον
1504 2236 1657 2262 παντάπασι
1700 2236 1747 2263 κὰι
1777 2237 1910 2275 ἐλευθέραν

1104 2283 1163 2318 περί
1195 2282 1239 2312 τὰς
1267 2279 1338 2311 ἰδίας
1360 2283 1485 2316 κινήσεις,
1510 2278 1593 2317 μηδεν
1608 2281 1653 2307 ὑπ’
1673 2279 1779 2313 οὐδενὸς
1811 2283 1909 2313 πάθους

1104 2323 1233 2362 μηδαμῶς
1261 2324 1433 2361 σαλευομένην
1469 2334 1514 2351 και
1533 2327 1762 2362 περιτρεπομένην,
1791 2336 1838 2353 και
1867 2330 1908 2354 νό-

1105 2379 1152 2397 σου
1183 2367 1364 2406 πεπεδημένήν
1396 2369 1527 2406 βαρύτητι
1566 2379 1611 2396 και
1641 2371 1719 2407 ναίκῃ.
1751 2369 1856 2398 Ἐτιδὶ
1867 2382 1909 2398 και

1103 2417 1150 2444 τὴν
1162 2415 1212 2441 ὑπὸ
1228 2412 1304 2446 δέους
1323 2415 1362 2441 ὃτι
1379 2414 1500 2441 πλείστου
1526 2413 1677 2450 ἁγωνιῶσαν
1703 2418 1797 2442 σκόπει
1820 2416 1908 2452 ψυχήν

1103 2469 1147 2486 και
1189 2458 1259 2495 μάλα
1298 2468 1323 2485 τι
1359 2457 1578 2495 τεθορυϐημένην,
1619 2458 1744 2488 αἰσθονην
1778 2458 1834 2488 ἤδη
1867 2464 1909 2489 τῆς

1103 2504 1210 2538 λύσεως,
1251 2513 1296 2529 και
1336 2507 1386 2529 τῶν
1417 2504 1462 2539 μὲν
1496 2503 1676 2539 αἰσθητηρίων
1716 2503 1907 2541 ἀναχῶρουσαν

1103 2558 1147 2575 και
1177 2547 1407 2585 ἀπορῥηγνυμένην
1437 2547 1563 2583 ὀργάνων,
1595 2551 1648 2578 τοῖς
1676 2545 1707 2574 δέ
1754 2553 1907 2584 φωνὴτικοῐς

1103 2594 1189 2630 ὀλίγον
1224 2592 1383 2629 έμπνὲουσαν
1415 2602 1460 2618 και
1496 2594 1654 2628 ἐιηχοῦσαν,
1689 2602 1749 2627 και,
1779 2593 1802 2619 εἰ
1823 2596 1859 2630 μή
1882 2595 1906 2619 τό

1102 2638 1177 2665 πλέον
1212 2638 1317 2673 ἄσημον
1354 2635 1400 2663 και
1435 2634 1674 2676 παρόακεκομμένοξν,
1688 2673 1693 2677 ’
1709 2636 1765 2663 ἀλλ’
1807 2637 1851 2664 οὖν
1880 2640 1906 2664 τὸ

1104 2683 1161 2711 ὅλον
1180 2682 1356 2720 ἀποτρόπαιον
1385 2691 1430 2708 και
1459 2684 1719 2718 κατηναγκασμένον.
1750 2674 1844 2710 Σκόπει
1872 2681 1904 2711 δὴ

261 2790 304 2829 (t)
317 2791 412 2824 Quem
423 2790 582 2828 compellet
594 2790 697 2819 nescio
710 2798 718 2824 ;
737 2797 775 2819 ex
788 2779 982 2827 sequentibus
995 2768 1208 2828 imperatorem
1222 2789 1347 2827 adloqui
1357 2778 1503 2826 suspicari
1518 2796 1586 2826 quis
1600 2768 1718 2826 poterit.
