1959 3074
41 135 116 167 1473

751 130 1013 166 TESTAMENTUM.

1657 132 1725 167 147i

38 205 129 227 ταῦτα
147 211 153 217 -
165 201 220 235 καὶ,
232 200 293 236 εἴγε
311 201 347 236 μή
381 198 470 237 βούλει
497 199 671 237 λυμαίνεσθαι
695 202 753 231 ταῖς
780 198 868 228 ἄλη-Α

969 199 1020 233 cio,
1057 200 1131 236 jube
1167 201 1282 230 validos
1321 203 1350 230 et
1378 208 1500 238 corpore
1530 209 1565 230 ac
1599 201 1725 230 sanitate

39 247 137 281 θείαις,
166 243 214 276 δός
245 246 275 271 τὸ
305 245 399 281 κράτος
430 248 482 276 τοῖς
509 247 554 272 καὶ
579 243 716 283 προδήλως
741 243 770 270 ἐκ
797 247 846 270 τῶν

36 290 123 316 ὀντων
154 291 199 316 καὶ
237 290 394 326 φαινομένων
420 292 642 327 κραταιουμένοις,
667 291 711 316 καὶ
736 289 845 321 πάντας,

37 335 96 371 ὂγε
117 333 221 366 δίκαιος
244 336 274 361 σό
302 335 441 371 νομοθέτης
469 337 514 362 καὶ
541 339 590 362 τῶν
617 335 699 372 ὀρθῶν
724 343 848 371 μεταποι-

38 381 152 416 ούμενος
193 379 298 415 ψήφων,
340 381 416 406 τάττε
432 379 561 417 ἰσχυροὺς
576 381 648 410 ὂντας
663 381 708 406 καί
721 378 849 415 ἀκμαίους

39 424 66 451 ἐν
107 424 183 461 ῥώμῃ
219 426 339 460 σώματος
365 427 410 451 καὶ
440 425 551 461 ὑγείαις,
579 423 644 451 ἀλλὰ.
669 426 705 460 μὴ
731 432 848 450 καταπα-

38 468 187 500 λαιούσαις
230 470 317 500 νόσοις
343 471 388 495 καὶ
416 469 616 506 παραλυούσαις
639 472 685 495 τοῦ
710 468 758 505 ζῇν
783 467 850 504 ἀγω·

39 517 152 544 νιῶντας
185 515 229 539 καὶ
273 515 511 550 κατατεινομένους,
541 512 676 543 διαθηκῶν
690 513 849 550 μεμνῆσθαι.

44 560 100 585 Καὶ
119 557 176 594 ἃμα
199 556 340 590 δικασταῖς
363 556 471 589 ἐνδίκως
500 558 619 596 ἐπίτρεπε
644 561 700 589 τοῖς
725 559 851 588 τοιούτοις

43 602 145 639 μᾶλλον
181 606 231 629 τῶν
272 601 458 639 διαταγμάτων
496 605 668 641 προσανέχειν
703 604 748 629 καὶ
784 602 856 632 ὅλους
894 602 1000 633 ἑαυτοὺς
1037 602 1172 639 ἐπινέμειν,
1215 607 1264 630 τῶν

901 243 1042 272 robustos
1060 252 1121 274 non
1136 253 1207 274 vero
1220 245 1427 282 frangentibus
1443 253 1478 274 ac
1494 245 1726 274 dissolventibus

903 289 1014 317 morbis
1021 289 1191 319 laborantes
1199 293 1227 319 et
1238 291 1365 326 agitatos
1371 291 1558 324 ,testamenta
1569 291 1726 319 conﬁcere.

902 335 943 362 Ac
957 334 1047 363 simul
1059 335 1212 370 judicibus
1223 337 1304 371 juste
1319 335 1449 372 praecipe
1464 337 1497 363 ut
1510 335 1621 364 talibus
1637 337 1728 364 testa-

903 379 1011 407 mentis
1032 380 1195 415 preesertim
1215 380 1389 409 adhaereant
1412 388 1447 408 ac
1471 388 1503 408 se
1512 382 1590 409 totos
1614 380 1729 416 impen-

903 423 986 457 dant,
997 424 1119 453 minime
1132 425 1279 454 rationem
1291 424 1430 453 eamdem
1441 432 1546 454 eorum
1556 433 1624 461 quae
1646 425 1730 454 aliter

904 467 990 503 fiunt,
1005 468 1161 497 habentes.
1174 471 1255 498 Hanc
1266 470 1362 506 legem
1375 469 1463 505 feras,
1473 469 1551 497 bene
1560 469 1730 504 consulens,

905 515 933 541 et
944 521 1006 541 non
1019 513 1112 542 modo
1124 514 1282 550 justitiam,
1297 514 1350 542 sed
1365 514 1556 542 etutilitatem
1571 514 1731 543 intendens

905 560 969 586 tum
983 559 1143 593 testatoris,
1161 561 1225 587 tum
1239 558 1396 587 haeredum
1412 559 1556 595 ipsorum.

1316 604 1407 641 ἑτέρως
1435 606 1590 640 γιγνομένων
1624 607 1659 640 μὴ
1689 606 1732 631 τὸν

43 657 107 682 ἴσον
131 647 208 684 λόγον
236 649 335 677 ἥκιστα
360 650 559 684 πεποιημένους.
587 651 677 675 Ταῦτα
699 645 731 677 δὴ
764 647 906 684 νομοθέτει,
939 647 1023 679 καλῶς
1060 647 1257 684 ἑπεσκεμμένος,
1285 650 1330 674 καὶ
1359 652 1405 674 τοῦ
1434 647 1539 675 δικαίου
1581 651 1616 685 μὴ
1644 651 1731 686 μόνον,

44 692 115 718 ἀλλά
147 702 172 718 τι
214 694 260 719 καὶ
289 696 336 719 τοῦ
373 694 549 730 συμφέροντος
580 697 617 728 τῷ
659 701 686 718 τε
723 690 923 729 κληροδοτοῡντι
955 695 1001 719 καὶ
1044 696 1095 723 τοῖς
1119 692 1382 730 κληρονομοῦσιν,ὡς
1407 693 1482 728 εἰκός,
1509 695 1732 731 προμηθούμενος,

85 741 146 768 Πῶς
188 741 234 764 τοῦ
272 739 447 774 συμφέροντος

46 781 172 813 ἐξουσίαν
184 785 283 817 πᾶσαν,
311 783 372 819 ὅπερ
401 783 474 819 ἔφην,
495 780 578 818 μηδὲν
605 780 698 812 ἐκεῖνος
724 780 856 818 βιασθεὶς,

46 824 118 863 μηδ’
133 826 177 853 ὑπ’
190 825 295 858 οὐδενὸς
314 828 383 863 ἔχων
414 828 633 864 σπαρασσομένην
660 828 706 856 τὴν
733 825 856 864 καρδίαν,

49 871 108 898 ἀλλ’
135 870 228 902 ἀνέτως
255 872 375 908 πράττων
408 874 454 898 καὶ
481 871 618 909 ἐλευθέρως
641 872 674 898 τὰ
701 869 856 907 δεδογμένα,

48 915 111 943 οἶδε
143 918 188 943 καὶ
207 914 318 953 διαιρεῖν
343 919 388 943 καὶ
413 918 579 953 πρυτανεύειν
603 918 786 953 προσηκόντως
813 918 858 942 καὶ

50 962 86 992 ὡς
126 961 197 997 αὑτῷ
236 963 352 987 συνοίσει
393 963 438 987 καὶ
476 961 553 992 ζῶντι
590 963 635 987 καὶ
667 960 834 997 ἁποιχομένῳ
850 971 857 978 ’

49 1006 136 1032 ἔπειθ’
149 1006 189 1032 ὅτι
204 1008 248 1032 καὶ
262 1007 287 1032 οὶ
302 1007 349 1037 τὰς
363 1004 470 1042 μερίδας
489 1005 663 1042 λαγχάνοντες
688 1004 764 1032 οὐδὲν
789 1005 859 1041 αὐτῷ

51 1050 267 1088 προσκόψουσιν,
288 1049 346 1077 οὐδ’
368 1050 495 1087 ἐπαχθεῖς
520 1060 587 1081 τινες
614 1052 717 1077 ἔσονται
742 1053 787 1076 καὶ
812 1049 860 1087 βω

52 1099 119 1132 ρεῖς,
158 1096 378 1132 συνεπιτιθεμενοι
412 1096 477 1131 μετὰ
508 1099 554 1126 τῆς
584 1097 673 1130 νόσου,
701 1097 748 1121 καί
774 1104 804 1131 γε
817 1096 861 1121 τὸν

53 1145 102 1170 τῆς
137 1141 315 1177 περιστάσεως
351 1142 442 1177 καιρόν
486 1141 552 1176 πρὸς
573 1142 619 1170 τὴν
650 1140 793 1171 πλεονεξίαν
817 1142 863 1166 καὶ

56 1187 144 1214 κακὴν
181 1184 320 1221 ἐπιθυμίαν
353 1184 594 1222 προσλαμϐάνοντες
621 1186 774 1221 σύμμαχον,
800 1184 864 1210 ἀλλὰ

57 1229 200 1268 στέρξουσι
226 1234 279 1260 τοῖς
312 1231 456 1266 νεμηθεῖσι,
489 1234 577 1267 σαφῶς
605 1228 703 1261 εἰδότες
729 1231 762 1260 ὡς
789 1227 864 1256 οὐδὲν

57 1275 151 1306 αὐτοῖς
189 1274 315 1312 αὗμενοῦν
352 1277 426 1302 ἔσται
454 1275 529 1302 πλέον
560 1274 739 1312 βιασαμένοις,
762 1274 817 1311 ἅμα
837 1273 866 1301 δί

57 1323 105 1346 καὶ
137 1317 254 1351 δεδιότες
282 1322 318 1356 μὴ
343 1323 390 1346 τοῦ
416 1322 510 1351 παντὸς
538 1319 711 1350 ἐκστήσονται
727 1318 868 1346 διαπεσόν-

58 1374 112 1399 τες,
139 1366 299 1401 οχαριστίαν
328 1363 369 1391 ἐπὶ
402 1368 457 1396 τοῖς
486 1362 585 1402 δωρεὰν
615 1365 712 1394 ἧκουσι
733 1374 869 1398 καταγνω-

61 1411 172 1440 σθέντες.
204 1408 308 1441 Ἔξεστι
352 1410 402 1447 γὰρ
434 1409 510 1441 εὐθύς
554 1411 600 1436 καὶ
637 1407 869 1436 ἐπιδιατάττεσθαι

59 1457 106 1481 καὶ
142 1457 191 1486 τῆς
223 1452 357 1485 διαθήκης
384 1454 512 1485 παντελῶς
537 1456 583 1481 τοὺ
612 1453 762 1491 ἀγνώμονας
790 1453 870 1491 ἐξορί-

64 1499 131 1532 ζειν,
165 1502 221 1530 τοῖς
261 1497 286 1525 δ’
329 1498 534 1535 εὐγνωμονοῦσιν
575 1499 760 1535 ἀμετακίνητον
788 1501 870 1524 ποιεῖν

62 1543 173 1570 ἑστάναι
189 1546 236 1573 τὴν
248 1544 330 1580 χάριν
347 1554 354 1560 -
374 1544 414 1574 οἷς
445 1546 492 1570 καὶ
520 1545 660 1579 συνήνεγκε
688 1544 799 1577 πάντως,
815 1553 871 1579 χω-

62 1590 104 1625 ρὶς
119 1586 209 1624 ἔριδος
222 1587 328 1619 ἁπάσης
342 1590 388 1615 καὶ
404 1587 558 1624 φιλονεικίας
581 1590 627 1614 καί
652 1592 698 1619 τῆς
726 1587 769 1614 ἐπὶ
797 1585 872 1614 διχα-

63 1635 164 1670 στὴρια
201 1635 246 1659 καὶ
287 1631 416 1663 δικαστὰς
454 1632 553 1666 ἕλξεως,
591 1632 758 1669 ἆπιιληφόσιν
787 1631 811 1659 ἐν
838 1635 869 1668 τῇ

483 745 489 765 :
527 742 629 775 πρῶτον
663 738 707 773 μὲν
736 738 776 763 ὅτι
800 744 856 763 κατ’

969 737 1099 766 uomodo
1114 737 1230 766 utilitati
1245 738 1478 771 consules?Quia
1492 739 1616 767 omnino
1630 739 1732 774 libere,

911 785 944 810 ut
954 781 1102 815 dicebam,
1118 789 1217 818 neque
1231 785 1363 816 coactus,
1377 791 1476 819 neque
1491 783 1550 811 ullo
1565 783 1657 812 modo
1674 785 1735 820 agi-

911 829 1007 855 tatum
1026 833 1077 854 cor
1095 826 1204 860 ferens,
1221 827 1273 855 sed
1287 827 1412 855 libenter
1426 835 1461 856 ac
1475 827 1576 862 libere,
1595 836 1663 864 quae
1677 829 1737 865 ipsi

911 871 991 899 bona
1004 870 1144 899 videntur
1158 870 1279 906 faciens,
1297 871 1352 899 scit
1362 874 1390 899 et
1419 870 1551 900 dividere
1575 874 1604 900 et
1625 880 1737 909 procu-

912 924 979 944 rare
995 915 1215 948 convenienter,
1231 915 1379 952 quidquid
1394 916 1463 944 utile
1477 916 1531 946 erit
1541 918 1605 945 tum
1616 917 1737 953 viventi,

912 963 977 989 tum
987 959 1127 988 defuncto
1143 969 1150 994 ;
1166 960 1274 988 deinde
1281 961 1353 997 quia
1366 961 1418 997 qui
1430 963 1530 997 partes
1546 962 1737 997 obtinuerint,

913 1012 1011 1042 neque
1023 1005 1053 1032 in
1063 1005 1163 1041 ipsum
1188 1005 1304 1033 infenso
1330 1006 1432 1034 animo
1461 1008 1557 1041 erunt,
1582 1014 1681 1043 neque
1713 1007 1740 1035 ci

914 1050 1079 1086 importuni
1093 1052 1121 1077 et
1135 1049 1261 1085 molesti,
1277 1057 1339 1078 una
1351 1057 1420 1078 cum
1441 1050 1549 1078 morbo
1578 1059 1646 1079 eum
1675 1059 1741 1088 pre-

915 1097 1040 1129 mentes,
1056 1095 1084 1122 et
1092 1095 1192 1130 ipsum
1199 1094 1378 1123 calamitatis
1393 1097 1511 1131 tempus
1526 1096 1697 1132 cupiditatis
1713 1099 1741 1125 et

917 1138 1005 1168 male:
1023 1138 1194 1167 ambitionis
1204 1139 1393 1168 auxiliarium
1402 1139 1577 1168 adhibentes
1591 1150 1598 1175 ;
1611 1141 1663 1169 sed
1673 1148 1743 1169 con-

917 1183 1034 1212 tributis
1048 1184 1179 1212 contenti
1205 1186 1301 1218 erunt,
1329 1183 1408 1212 bene
1433 1184 1560 1213 scientes
1587 1185 1662 1213 nihil
1687 1185 1744 1214 sibi

918 1228 990 1266 ipsis
1003 1228 1134 1264 amplius
1147 1228 1293 1262 futurum,
1321 1229 1347 1256 si
1372 1228 1434 1256 vim
1458 1228 1633 1265 adhibeant,
1660 1229 1745 1258 simul

919 1281 989 1301 vero
1004 1275 1169 1301 metuentes
1184 1281 1221 1300 ne
1242 1272 1281 1301 ab
1311 1272 1454 1301 omnibus
1483 1273 1691 1309 destituantur,
1721 1274 1747 1302 si

921 1318 1055 1353 ingratos
1069 1325 1101 1346 se
1115 1325 1171 1353 pro
1186 1316 1314 1353 gratuito
1331 1317 1450 1346 donatis
1478 1319 1647 1348 ostendant.
1670 1319 1748 1347 Licet

922 1362 1003 1391 enim
1018 1361 1117 1391 statim
1131 1361 1214 1390 aliud
1231 1364 1444 1391 testamentum
1459 1363 1614 1400 conﬁcere,
1629 1366 1658 1392 et
1669 1372 1705 1392 ex
1712 1371 1747 1392 eo

884 1422 904 1450 ρ
923 1407 1047 1437 omnino
1059 1407 1192 1442 ingratos
1203 1406 1370 1442 excludere,
1383 1407 1473 1443 gratis
1483 1416 1554 1436 vero
1565 1409 1747 1437 immobilem

925 1455 1055 1481 statuere
1070 1451 1264 1480 donationem
1280 1459 1286 1486 ;
1301 1451 1412 1488 quibus
1424 1454 1452 1480 et
1475 1453 1600 1481 contulit
1624 1453 1749 1481 omnino

925 1497 1040 1534 absque
1054 1496 1103 1525 lite
1119 1504 1154 1525 ac
1166 1497 1369 1525 controversia
1383 1499 1412 1525 et
1435 1499 1503 1526 ante
1531 1497 1691 1526 tribunalia
1715 1505 1750 1526 ac

925 1542 1090 1578 adjudices
1113 1541 1262 1575 citatione,
1281 1541 1445 1577 praestituto
1471 1541 1519 1570 die
1546 1542 1751 1571 hmrcditatem

926 1586 1149 1623 accipientibus,
1162 1585 1257 1614 multo
1267 1588 1335 1614 ante
1346 1585 1546 1623 distributam,
1556 1589 1637 1623 tunc,
1648 1589 1681 1615 ut
1690 1587 1752 1615 dis—

926 1631 1062 1660 tributori
1077 1631 1199 1668 placuit,
1214 1638 1265 1659 eas
1278 1638 1348 1659 suas
1363 1630 1476 1660 fecisse.

62 1678 215 1716 προθεσμίᾳ
249 1678 308 1708 τούς
338 1677 462 1716 κλήρους,
495 1677 580 1714 πολλῷ
620 1679 665 1714 μεν
697 1679 819 1715 πρότερον
858 1676 1101 1713 ἆπονενεμημένους,
1142 1678 1200 1702 τότε
1227 1673 1264 1711 δ’,
1293 1677 1329 1707 ὡς
1353 1674 1427 1707 ἔδοξε
1447 1679 1483 1712 τῷ
1513 1674 1635 1712 διελόντι,
1662 1678 1753 1714 σφίσιν

64 1722 157 1753 αὐτοῖς
175 1722 379 1753 εἰσ-ποιηθέντας.

103 1769 154 1794 Καὶ
168 1769 254 1793 τοίνυν
270 1765 349 1799 δόξαν
373 1767 585 1804 μεγαλοψυχίας,
614 1767 670 1804 ἅμα
696 1765 726 1794 δὲ
744 1768 789 1793 καὶ
804 1766 873 1803 φιλο-

68 1818 161 1852 τιμίας
186 1817 231 1842 καὶ
256 1819 305 1848 τῆς
330 1819 390 1854 περὶ
417 1817 447 1843 τὸ
473 1818 599 1854 παρέχειν
629 1816 784 1854 ἐλευθερίας,
813 1818 875 1842 πότε

66 1864 164 1902 μᾶλλον
194 1862 306 1896 δικαίως
334 1866 473 1892 ὰποίσεταί
499 1875 546 1901 τις,
571 1865 599 1892 ἐκ
628 1869 678 1892 τῶν
700 1865 803 1892 ἐνόντων
829 1867 875 1891 καὶ

64 1914 100 1940 ὧν
128 1913 266 1940 ἀπολαύειν
295 1915 351 1950 ἔχει
388 1912 473 1941 δοκῶν
502 1912 647 1951 ἀπονέμειν,
678 1913 692 1943 ἦ
723 1917 771 1940 τῶν
805 1913 877 1940 ἀλλος

65 1966 146 2001 τρίων
172 1961 344 2000 μεταδιδοὺς,
383 1965 428 1990 καὶ
454 1963 487 1990 ὧν
513 1964 583 1990 ἄκων
622 1963 753 1990 ἐκπίπτειν
779 1965 877 1999 νενόμιι

68 2021 133 2039 σται
158 2012 291 2044 καθάπαξ.
320 2015 370 2039 Καὶ
392 2013 443 2051 γὰρ
477 2012 501 2039 ἄν
535 2016 590 2044 τοῖς
617 2012 771 2043 τελευταίοις
795 2010 878 2050 μηδεν

68 2066 122 2088 τῶν
160 2058 232 2087 ἰδίων
259 2062 327 2098 ῖχων
365 2062 422 2098 μεθ’
465 2061 557 2088 ἑαυτοῦ
595 2063 691 2099 φέρειν,
719 2062 823 2088 πάντων
855 2059 879 2087 δ’

71 2111 238 2146 ἁπωσμένος,
264 2112 310 2136 καί
340 2114 465 2137 τοσοῦτον
497 2109 638 2147 δυνάμενος
671 2110 756 2137 αὐτῶν
783 2119 881 2147 συμμε-

70 2163 161 2196 τέχειν
190 2160 249 2186 ὅσον
289 2162 335 2186 καὶ
373 2164 423 2186 τῶν
459 2158 592 2197 μηδέποτε
624 2162 880 2197 προσγεγσῇιημιένων⁹

71 2209 123 2236 κᾶν
157 2208 243 2235 πάντα
272 2212 377 2246 προοῖτο
406 2212 461 2241 τοῖς
485 2209 663 2246 βουλομένοις,
690 2207 766 2236 οὐδὲν
787 2208 881 2246 μᾶλλον

75 2255 161 2281 οἰκεῖα
176 2251 250 2280 δοκεῖ
263 2253 278 2283 ἣ
298 2255 362 2280 νόθα
387 2254 618 2291 καταχαρίζεσθαι
634 2263 641 2271 ο
658 2254 675 2280 ἃ
696 2255 746 2292 γὰρ
777 2256 812 2290 μὴ
842 2252 883 2280 δε-

76 2300 191 2332 δύνηται
203 2303 333 2339 κατέχειν,
365 2303 472 2339 μεθῆκε.
499 2305 550 2330 Καὶ
577 2306 640 2340 γοῦν
661 2301 720 2329 οὐδ’
745 2303 801 2329 ἔστι
827 2304 884 2329 τότε

76 2345 142 2374 οὐδέ
162 2356 191 2383 γε
209 2351 264 2378 τοῖς
290 2347 494 2385 ὶμπαθεστάτοις
526 2349 592 2386 πρὸς
620 2345 695 2375 οὐδὲν
716 2351 767 2374 τῶν
790 2357 885 2386 παρον-

76 2402 129 2419 των
157 2390 269 2429 οὑδιμία
296 2393 463 2430 προσπάθεια
489 2402 496 2410 ·
524 2397 577 2424 πῶς
600 2394 652 2431 γάρ
669 2401 676 2426 ;
693 2390 732 2424 οἷς
763 2390 817 2423 ἤδη
847 2394 883 2428 μὴ

77 2439 156 2474 μόνον
185 2437 324 2474 κτημάτων
357 2439 402 2464 καὶ
428 2446 597 2475 πραγματων,
629 2436 693 2464 ἀλλά
709 2447 736 2463 τι
767 2439 812 2464 καὶ
839 2440 886 2463 τοῦ

79 2484 200 2518 σώματος
241 2481 314 2513 λύσις
345 2484 391 2509 καὶ
421 2481 545 2514 ἀπόθεσις
578 2483 708 2518 γίγνεταί,
741 2483 789 2509 Διὰ
811 2485 886 2508 τοῦτο

78 2528 125 2553 καὶ
135 2524 198 2553 οὐδὲ
214 2527 305 2564 θερμοί
321 2529 387 2559 τινές
417 2527 481 2554 εἰσιν
506 2528 530 2554 οἱ
553 2531 604 2553 τῶν
634 2526 729 2554 ἐκείνου
757 2527 886 2564 μεταλαγ·

79 2572 206 2608 χάνοντες
228 2571 361 2608 ὁμολογεῖν
380 2572 464 2608 ταύτῷ
497 2574 543 2599 καὶ
571 2572 638 2599 πάνυ
680 2581 706 2598 τι
729 2574 777 2601 τὴν
801 2573 882 2610 χάριν

80 2615 302 2652 ἀπομνημονεύειν
332 2627 339 2633 ·
366 2616 419 2643 ἀλλ’

963 1766 1059 1802 Atque
1074 1765 1164 1801 igitur
1183 1764 1440 1801 magnanimitatis
1472 1768 1501 1795 et
1521 1765 1644 1795 honoris
1669 1768 1697 1795 et
1724 1766 1755 1795 in

928 1810 1030 1839 dando
1040 1810 1225 1839 liberalitatis
1237 1810 1409 1846 opinionem
1420 1810 1478 1839 sibi
1488 1811 1624 1848 acquiret
1635 1811 1756 1847 justius,

930 1855 954 1884 si
969 1863 1005 1884 ex
1019 1855 1060 1883 eis
1076 1863 1144 1892 quae
1158 1855 1215 1891 ipsi
1229 1855 1357 1883 liberum
1373 1857 1418 1883 est
1436 1855 1507 1884 dare
1526 1858 1555 1884 et
1573 1856 1685 1892 quibus
1699 1856 1758 1884 frui

929 1902 1037 1938 potest,
1048 1900 1120 1928 dare
1130 1899 1258 1934 videtur,
1274 1907 1367 1936 quam
1384 1899 1408 1927 si
1421 1899 1479 1936 ipsi
1492 1900 1555 1936 jam
1568 1903 1689 1928 externa
1704 1902 1731 1929 et
1741 1909 1758 1929 θ

931 1944 1042 1981 quibus
1057 1944 1193 1972 excidere
1201 1944 1292 1972 invite
1303 1943 1441 1972 creditur.
1454 1945 1567 1973 Etenim
1578 1944 1608 1973 in
1619 1946 1759 1973 extremis

931 1989 1005 2018 nihil
1019 1989 1132 2026 proprii
1145 1997 1247 2017 secum
1262 1988 1337 2017 ferre
1356 1989 1469 2023 valens,
1488 1990 1690 2027 omnibusque
1708 1990 1759 2018 de-

932 2034 1176 2070 nudatus,eaque
1186 2033 1384 2062 distribuendi
1395 2042 1492 2071 capax
1503 2035 1591 2071 quasi
1601 2043 1760 2072 nunquam

894 2090 916 2118 D
934 2079 974 2108 ad
984 2087 1014 2107 se
1025 2078 1246 2115 pertinuissent,
1256 2078 1310 2107 etsi
1322 2079 1425 2107 omnia
1433 2079 1622 2116 cupientibus
1633 2079 1760 2114 cederet,

934 2131 997 2152 non
1013 2123 1111 2158 magis
1124 2122 1246 2159 propria
1256 2123 1371 2151 donare
1380 2123 1508 2159 videtur,
1524 2131 1618 2161 quam
1634 2124 1733 2152 aliena
1753 2133 1760 2157 ;

935 2176 1003 2205 quae
1018 2167 1099 2195 enim
1112 2167 1175 2202 jam
1190 2174 1252 2194 non
1267 2166 1345 2195 valet
1370 2167 1530 2202 continere,
1555 2168 1671 2196 dimisit.
1698 2170 1762 2197 Non

936 2212 1018 2241 enim
1036 2213 1107 2240 tunc
1134 2210 1182 2239 vel
1206 2211 1442 2247 generosissimis
1465 2215 1601 2241 remanet
1621 2212 1699 2241 ullus
1723 2212 1764 2241 ad

937 2256 1129 2295 praesentium
1158 2255 1312 2292 quodlibet
1339 2255 1474 2285 affectus.
1503 2257 1660 2290 Quomodo
1683 2257 1764 2286 enim

937 2300 1131 2331 remaneret?
1144 2300 1255 2333 Quibus
1268 2300 1332 2335 jam
1347 2308 1408 2328 non
1423 2301 1515 2330 modo
1541 2302 1713 2331 divitiarum
1728 2310 1764 2330 ac

939 2354 1042 2383 opum,
1057 2345 1110 2374 sed
1123 2347 1152 2373 et
1161 2345 1294 2381 corporis
1309 2344 1464 2373 dissolutio
1490 2346 1524 2374 ﬁt
1551 2348 1579 2375 et
1603 2347 1764 2384 depositio.

938 2391 1051 2421 Idcirco
1080 2397 1142 2419 non
1171 2389 1281 2418 ardent
1303 2389 1355 2425 qui
1376 2389 1459 2418 bona
1485 2390 1550 2426 ejus
1587 2392 1764 2429 percipiunt,

939 2436 982 2464 illi
997 2435 1107 2470 gratias
1120 2441 1209 2469 agere
1221 2434 1345 2470 ejusque
1364 2433 1537 2462 meminisse
1551 2444 1561 2471 ;
1592 2436 1645 2464 sed
1667 2435 1705 2465 ab
1734 2435 1767 2464 id

940 2479 1061 2509 mellem
1075 2478 1238 2507 ostendunt
1250 2479 1395 2510 mentem,
1406 2485 1441 2506 eo
1454 2478 1537 2514 quod
1547 2479 1605 2515 ille,
1633 2488 1702 2509 cum
1718 2488 1766 2509 sa-

940 2526 1032 2554 nitate
1047 2523 1192 2552 frueretur
1204 2525 1233 2551 et
1245 2522 1368 2554 deliciis,
1383 2529 1445 2551 non
1461 2524 1606 2559 statuerit,
1631 2532 1669 2553 ne
1695 2526 1768 2554 scri-

946 2571 998 2606 pto
1014 2569 1148 2606 quidem,
1163 2568 1245 2597 bona
1260 2575 1316 2596 sna
1330 2567 1405 2603 ipsis
1422 2567 1609 2596 distribuere.

467 2616 628 2654 ἀμϐλυτέραν
665 2617 759 2643 ὡσανεὶ
796 2618 860 2653 πρὸς
893 2617 970 2642 τοῦτο
1017 2612 1165 2640 δείκνυνται
1199 2615 1244 2642 τὴν
1277 2615 1392 2649 γνώμην,
1423 2611 1460 2649 ἐφ’
1494 2615 1532 2643 οῖς
1560 2612 1646 2644 αὐτοῖς
1674 2613 1768 2648 iacebo;

80 2661 206 2697 ὑγιαίνων
249 2663 295 2688 καὶ
321 2666 423 2700 τρυφῶν
458 2659 524 2699 μηδ’
554 2660 641 2688 ἔϐαλεν
679 2660 714 2693 εἱς
749 2664 819 2695 νοῦν,
859 2658 925 2697 μηδ’
967 2659 1027 2686 ὅσον
1060 2658 1084 2685 ἒν
1117 2661 1240 2696 γραφαῖς,
1266 2661 1316 2685 τῶν
1345 2659 1496 2696 προσόντων
1528 2655 1594 2694 μηδ’
1624 2659 1765 2687 ὁποσονοῦν

81 2704 173 2732 ὰπονεῖ
173 2715 232 2742 μαι.

119 2753 170 2777 Και
196 2751 255 2788 περὶ
276 2750 371 2788 ψυχῆς
409 2749 440 2778 δὲ
464 2751 555 2782 ἤντινα
580 2753 638 2779 τότι
658 2753 734 2789 μνίαν
763 2752 808 2778 καὶ
832 2753 883 2776 τῶν

83 2792 211 2832 δεομένων
239 2799 352 2824 ποιεῖται
390 2794 496 2834 βοηθεῖν
533 2794 597 2834 αὐτῇ
637 2793 818 2834 δεδυνημίνων
847 2805 886 2823 νεα

975 2749 1009 2779 Et
1032 2748 1070 2777 de
1092 2748 1205 2784 anima,
1233 2756 1328 2786 quam
1341 2756 1423 2778 nunc
1445 2755 1561 2784 eorum,
1577 2755 1645 2786 qua:
1671 2748 1769 2787 ipsam

939 2793 1083 2832 adjuvare
1093 2796 1216 2833 queant,
1247 2795 1431 2825 mentionem
1457 2794 1536 2832 facit,
1566 2802 1646 2832 eam,
1669 2797 1703 2826 ut
1729 2796 1770 2826 ita
