1959 3074
244 129 313 156 1473

908 123 1096 156 NlGEPHORI
1114 125 1256 155 CHUMNI.

1866 134 1918 160 1478

242 191 340 219 dicam
355 197 506 219 mortuam
521 193 550 219 et
559 192 679 219 inanem
693 191 772 225 facit,
788 198 886 227 neque
900 190 961 218 ullo
974 188 1046 217 mod

1104 190 1185 225 ,χράν
1197 199 1256 215 τινα
1274 192 1381 225 ταύτην,
1410 193 1446 223 ὡς
1472 192 1560 224 εἰπεῖν,
1587 195 1632 219 καὶ
1666 192 1767 230 ἀκερδῆ
1805 199 1918 221 ποιεῖται.

241 237 301 264 Deo
317 238 445 271 gratam,
461 244 530 263 cum
547 243 643 272 neque
658 236 706 263 lex
720 239 804 263 vetus
815 235 926 263 inﬁrmi
952 233 1066 270 aliquid

240 283 292 308 aut
314 281 440 308 emortui
466 281 496 308 in
520 281 699 308 sacriﬁcium
727 280 890 308 adhiberet.
916 279 1064 311 Quoniam

240 325 320 352 enim
334 325 365 352 id
380 325 461 360 quod
474 324 607 359 offertur,
622 325 714 352 vitam
726 332 883 360 nunquam
898 327 1063 351 cessantem

238 369 511 397 remunerationem
519 369 619 404 habet,
628 369 783 405 quomodo
789 370 879 396 inane
887 368 1043 396 offerretur
1050 368 1064 394 ‘3

238 415 393 450 quomodo
407 417 436 442 et
447 413 696 447 abominandum,
711 416 743 441 ut
760 414 820 449 jam
845 413 949 441 mortis
974 412 1063 448 parti-

237 466 308 494 ceps
321 458 334 485 ‘I

262 505 295 531 Et
309 511 383 532 sane
395 503 450 531 etsi
466 502 533 539 quis
548 503 668 539 plurimi
678 503 789 531 faceret
801 505 947 539 tanquam
960 502 1060 529 viven—

236 548 278 576 tia
285 551 400 576 mortuo
406 548 487 575 dona
492 555 656 578 remanere,
664 555 762 583 neque
775 555 896 583 prorsus
903 546 1059 581 corrumpi,

235 600 271 621 eo
289 592 372 629 quod
388 600 450 620 non
461 600 515 628 pro
527 595 659 628 tempore
672 599 769 627 neque
785 591 908 627 quando
934 590 1060 625 dignum

235 639 307 668 erat,
320 637 373 664 sed
388 637 470 664 utita
482 636 594 670 dicam,
606 636 764 664 morticina
790 635 867 663 facta
891 635 959 669 sint,
984 643 1060 671 quo-

233 681 315 709 niam
326 681 361 709 iis
380 689 435 717 pro
450 681 553 708 anima
568 683 687 716 tempus
701 680 785 707 adest
811 681 855 714 (ut
875 679 1058 716 quibusdam

231 726 341 760 visum,
356 728 383 753 et
399 725 472 753 mihi
486 733 609 762 quoque
624 724 761 759 videtur),
775 731 843 752 cum
854 723 954 751 adhuc
973 732 1058 752 mens

231 773 259 798 et
275 777 384 806 corpus
399 769 506 797 robore
523 777 558 797 ao
571 769 697 797 sanitate
706 768 822 799 ﬂorent.
833 768 872 795 ad
883 771 1059 796 tetamenta

231 814 365 842 eundum
379 817 434 846 est,
452 816 480 841 et
492 813 574 841 bona
588 813 761 846 dividenda,
777 814 806 841 et
826 812 938 849 quibus
950 812 1055 847 placet,

1121 236 1166 258 καί
1177 242 1206 268 γε
1220 239 1255 269 μὴ
1274 237 1451 268 παντάπασιν,
1478 236 1535 272 ἐμοὶ
1563 235 1658 272 δοκεῖν,
1684 241 1742 273 Θεῷ
1760 248 1919 275 alapa-as

1119 286 1175 308 νην,
1201 279 1241 304 ὅτι
1272 277 1364 314 μηὸ“ὸ
1383 280 1465 306 πάλαι
1497 283 1576 317 νόμος
1601 281 1736 318 ἄρρωστον
1765 281 1851 308 οὐδὲν
1874 282 1921 309 οὐδ’

1118 322 1215 347 ἄπνουν
1257 324 1296 358 (1)
1337 322 1396 360 ἦγεν
1423 325 1458 355 εἰς
1487 326 1591 353 θυσίαν.
1618 329 1694 357 Zeti;
1719 329 1774 363 γὰρ
1805 331 1845 363 μή
1870 338 1922 353 ποτε

1117 365 1248 400 ληγούσης
1268 370 1297 394 τό
1324 372 1556 406 προσενηνεγμένον
1584 369 1746 406 ἀπαλλαγὴν
1775 373 1857 408 ἔχον,
1878 378 1922 402 πῶς

1116 410 1146 435 ἂν
1180 410 1286 448 ἀχρεῖον
1318 415 1363 438 καὶ
1393 413 1540 450 ὰνενεχθείη
1563 423 1571 448 ;
1600 419 1655 445 πῶς
1692 425 1740 441 και
1764 415 1921 452 βδελυκτον,

1115 464 1267 492 νεκροτητος
1280 459 1390 493 μετέχον
1411 468 1417 492 ;

1151 499 1250 535 Ἀμέλει
1265 510 1305 527 τοι
1324 511 1370 528 χαι
1395 503 1417 528 εἴ
1444 512 1481 534 τις
1506 506 1606 529 ποιοῖτο
1634 507 1692 540 περί
1714 504 1849 531 πλείστου
1880 506 1919 535 tu

1116 551 1161 572 σας
1187 545 1266 570 ὠσαεί
1310 555 1356 571 και
1378 547 1498 573 τεθνεῶτι
1535 548 1581 577 τὰς
1602 546 1700 585 δωρεὰς
1727 548 1804 574 αὐτῶ
1840 552 1918 585 μένειν

1114 596 1159 613 και
1183 591 1219 624 μὴ
1245 591 1398 616 παντάπασί
1430 601 1459 626 γε
1481 590 1648 629 διεφθάρθαι,
1675 593 1719 619 ἅτε
1749 591 1787 622 δὴ
1815 604 1864 620 και
1888 605 1917 629 με

1114 633 1180 658 κατὰ
1207 635 1297 671 καιρὸν
1333 644 1378 660 χαι
1403 635 1440 661 ὅτ’
1466 635 1532 666 εἰκός
1559 634 1600 670 ἧν,
1631 638 1796 672 mammia;
1825 637 1864 672 δ’,
1890 650 1919 669 ως

1113 676 1202 711 εἰπεὶν,
1216 681 1380 714 γιγνομένας,
1407 679 1464 705 ἀντὶ
1489 680 1582 716 ’ψυχῆς
1605 682 1675 711 ὄντος
1701 685 1758 712 τοῖς
1779 683 1917 719 ﬁmi/aug;

1113 725 1159 747 τοῦ
1189 727 1293 758 καιροῦ,
1332 725 1364 754 ὦς
1401 734 1472 750 τισιν
1494 724 1565 756 ἔδοξε
1592 725 1672 762 κάμοί
1699 725 1841 758 συνδοκεῖ,
1870 738 1917 757 vos;

1113 765 1183 801 αὐτῷ
1221 776 1266 792 χαι
1305 771 1424 804 σώματος
1463 772 1637 806 τετονωμένών
1678 780 1725 799 και
1766 771 1849 808 ῥώμῃ
1879 782 1916 797 ut

1111 809 1210 844 ὐγείαις
1232 812 1410 848 ακμαζόντων,
1445 813 1508 840 ἰτέον
1543 816 1606 851 πρὸς
1633 816 1676 845 τὰς
1700 813 1848 848 διαθήκας,
1878 827 1918 842 ιιι

230 858 434 891 concedenda,
452 866 487 886 eo
503 857 586 893 quod
604 857 658 894 qui
675 857 707 885 in
721 857 861 885 extremis
880 856 1046 885 constitutu:

1113 852 1255 892 ὃιαιρετίον
1274 858 1318 887 τὰς
1338 857 1470 893 ὑπάρξεις,
1506 861 1551 884 καὶ
1578 862 1797 895 προσαρμοστίον
1826 862 1867 891 οἷς
1890 861 1916 886 ἂν

229 903 312 931 bona
329 903 442 935 dividit,
459 902 575 930 nullam
591 901 645 929 sibi
663 909 682 929 a
709 901 828 929 nemine
853 901 977 929 honoris
1005 904 1057 929 aut

229 947 332 982 gratiae
344 946 563 974 confessionem
577 945 717 974 vindicat.
731 945 787 973 Sed
797 945 897 973 adhuc
912 945 1055 979 gratiores

228 991 299 1020 facit
317 999 369 1019 eos
380 999 432 1028 qui
444 991 475 1018 in
494 990 682 1018 haereditates
696 990 820 1017 veniunt
834 992 861 1017 et
876 990 959 1025 parvi
975 992 1053 1022 sunt,

228 1044 289 1072 quo
295 1036 406 1064 diutius
416 1035 583 1070 etlongiore
596 1037 729 1070 tempore
743 1038 890 1062 noverunt
906 1037 1054 1069 quantum

227 1080 303 1108 lucri
317 1080 424 1108 facturi
439 1080 497 1107 sint
510 1087 564 1115 per
580 1087 632 1106 eos
641 1078 693 1114 qui
706 1081 775 1106 ante
795 1086 826 1105 se
836 1081 1033 1114 perceperunt
1045 1087 1052 1112 ;

227 1133 326 1161 neque
343 1125 374 1152 in
390 1124 460 1157 ﬁne,
478 1124 533 1152 etsi
548 1123 649 1151 minus
668 1122 816 1150 desiderio
840 1125 868 1149 et
893 1122 1053 1158 cupiditate

227 1170 361 1197 ferantur
370 1172 423 1196 aut
436 1169 558 1203 indigne
566 1170 594 1195 et
612 1175 689 1201 aagre
705 1167 922 1194 sustinentmut
938 1167 968 1194 in
983 1176 1052 1195 eon-

226 1213 381 1241 cedentem
401 1213 611 1247 indignantur,
626 1215 656 1239 et
685 1219 739 1247 pro
755 1211 845 1243 gratis
874 1211 940 1238 irati
965 1212 1049 1239 ﬁunt.

226 1258 291 1285 Abit
299 1265 370 1286 vero
382 1257 544 1292 etemigrat
555 1255 731 1292 tranquillus
742 1255 937 1291 quimoritur,
948 1257 1050 1291 quoad

224 1302 291 1330 ilics
301 1301 417 1332 saltem,
425 1309 524 1337 neque
534 1300 572 1328 ab
586 1300 645 1328 ullo
655 1300 790 1336 quolibet
799 1299 891 1328 modo
902 1300 1048 1328 turbatur.

224 1348 336 1374 Etsaue
364 1346 545 1382 quicumque
566 1353 635 1372 cum
663 1353 700 1372 eo
727 1344 878 1379 conjuncti
904 1348 974 1372 sunt
998 1345 1049 1373 toti

222 1391 315 1426 hujus
326 1390 418 1418 solius
434 1389 577 1425 temporis
588 1397 623 1417 ac
633 1389 676 1417 rei
684 1392 763 1422 sunt,
774 1388 926 1424 soliusque
937 1389 1048 1418 abeun-

223 1436 260 1464 tis
275 1444 310 1464 ac
326 1435 460 1463 defuncti
471 1435 562 1470 hujus
581 1441 672 1470 quem
689 1436 802 1467 amant,
818 1434 991 1468 meminere,
1012 1442 1048 1462 ac

220 1480 258 1508 de
270 1481 335 1516 ejus
351 1482 445 1508 morte
460 1479 572 1511 dolent,
595 1478 634 1506 ad
658 1477 730 1505 illud
758 1486 853 1505 unum
880 1481 1047 1514 spectantes

1110 900 1220 935 αἰροῖτο,
1247 902 1279 931 ὼς
1314 904 1359 927 τοῦ
1384 911 1413 937 γε
1438 903 1504 939 πρὸς
1528 907 1581 933 τοῖς
1617 904 1746 939 εσχοίτοις
1775 903 1915 941 ἀφιγμένον

1109 943 1156 973 τὰς
1167 942 1295 980 διανομὰς
1325 944 1485 976 σπουδάζειν
1507 945 1662 984 ἐμπαρέχειν
1687 946 1817 984 οὐδεμίαν

1108 987 1169 1023 παρ’
1197 987 1300 1019 οὐδενὸς
1321 990 1429 1025 ἔχοντος
1457 992 1516 1017 οὔτε
1543 991 1692 1027 φιλοτιμίας
1713 993 1775 1019 οὐτε
1803 995 1915 1030 χάριτος

1108 1032 1256 1068 ὁμολογίαν.
1291 1033 1348 1060 Ἔτι
1391 1044 1418 1060 τε
1453 1037 1499 1061 καὶ
1535 1035 1610 1061 πλὲον
1651 1035 1814 1072 εὐγνώμονας
1847 1042 1915 1064 ποιεῖ

1107 1078 1168 1107 τοὺς
1191 1077 1224 1108 εἰς
1243 1080 1304 1108 τοὺς
1322 1078 1435 1115 κλήρους
1463 1079 1630 1116 ἐρχομένους,
1658 1083 1704 1107 καὶ
1729 1085 1847 1118 μικροὺς
1868 1083 1913 1108 αν-

1106 1123 1165 1151 τοὺς
1201 1123 1286 1156 ὄντας,
1311 1125 1340 1148 τό
1364 1123 1493 1160 πόρρωθει
1521 1124 1610 1155 αὐτοῖς
1642 1127 1855 1161 προσεθισθῆιαι
1870 1130 1912 1153 καὶ

1105 1165 1200 1191 πλείονι
1229 1170 1265 1192 τῶ
1305 1169 1401 1203 χρόνῳ,
1441 1170 1491 1193 πᾶν
1517 1169 1578 1193 ὅσον
1599 1167 1774 1204 κερδανοῦσιν
1803 1170 1833 1196 ἐκ
1863 1176 1911 1197 τῶν

1105 1210 1294 1246 προειληφότων
1313 1212 1408 1238 ἄνωθεν
1432 1211 1608 1248 ἐπεγνωκοτας
1625 1223 1631 1229 ·
1659 1216 1704 1240 καὶ
1732 1212 1811 1241 οὐδέν
1847 1216 1911 1241 εἰσιν

1105 1255 1147 1280 ἰπὶ
1167 1255 1263 1290 τελους,
1306 1255 1353 1281 κᾶν
1377 1256 1482 1283 ὒαττον
1513 1257 1691 1294 ἀποφέρων-ται
1728 1263 1778 1289 τῆς
1803 1259 1911 1295 ὀρέξεως

1104 1301 1220 1330 καὶτῆς
1260 1301 1407 1336 επιθυμίας,
1450 1303 1509 1327 οὔτε
1558 1301 1821 1338 δυσανασχετοῦντες
1867 1308 1910 1330 καὶ

1103 1343 1313 1379 χαλεπαίνοντες,
1357 1345 1411 1371 οὔτ’
1439 1344 1471 1372 αὖ
1507 1351 1660 1382 νεμεσῶντες
1683 1351 1718 1382 τῲ
1743 1354 1909 1385 χορηγούντι

1103 1398 1146 1414 και
1165 1388 1218 1414 ἀντ’
1245 1389 1409 1425 εὐχαρίστων
1437 1393 1585 1426 γιγνόμενοι
1611 1391 1722 1428 ὀργϋοι.
1747 1392 1862 1419 ’Ἄπεισι
1882 1394 1910 1419 δε

1102 1435 1148 1459 καὶ
1163 1434 1175 1459 ὁ
1192 1436 1237 1462 τήν
1252 1432 1382 1470 ἐκδημίαν
1399 1435 1561 1471 στελλόμενος
1586 1435 1709 1473 ἀτρέμας,
1731 1440 1760 1463 το
1782 1447 1814 1472 γε
1843 1449 1910 1464 κατα

1100 1481 1220 1512 τούτους,
1251 1480 1322 1515 παρὰ
1354 1478 1466 1515 nmine;
1498 1479 1582 1516 μηδεν
1614 1481 1830 1518 τεθορυϐημένος.
1859 1487 1909 1510 Rm.

219 1533 318 1561 neque
331 1524 420 1552 ullius
435 1523 556 1552 alterius
570 1523 612 1550 rei
627 1523 773 1550 rationem
788 1523 934 1551 habentes
949 1530 1046 1559 neque

1104 1526 1186 1549 τοίνυν
1210 1525 1302 1554 πάντες
1337 1525 1362 1550 οὶ
1391 1526 1521 1555 συνιόντες
1541 1525 1620 1551 αὐτοῦ
1641 1524 1676 1555 δὴ
1704 1528 1799 1553 τούτου
1825 1537 1908 1563 μονον

218 1570 386 1606 quidquam
399 1568 481 1596 aliud
496 1568 660 1602 cogitantes
675 1566 759 1602 quod
770 1566 905 1594 dolorem
920 1575 955 1595 ac
970 1575 1044 1603 prai-

220 1616 335 1642 sentem
345 1615 456 1641 statum
470 1612 597 1640 deceret.

436 1659 481 1683 καὶ
518 1659 564 1682 τοῦ
603 1665 632 1691 γε
673 1655 713 1681 ἐπ’
755 1655 834 1681 αὐτὸν
871 1656 988 1690 πένθους,

217 1659 388 1694 ποθουμένου,

1099 1570 1144 1594 καὶ
1165 1570 1296 1603 γίγνονται
1324 1572 1370 1594 τοῦ
1397 1571 1523 1605 παρόντος
1550 1574 1643 1606 καιροῦ
1666 1574 1711 1597 καὶ
1739 1575 1787 1597 τοῦ
1820 1574 1907 1609 προέγ-

1098 1621 1187 1648 ματος,
1209 1614 1254 1646 κᾳὶ
1276 1615 1321 1638 τοῦ
1349 1617 1490 1649 χωρισμόν
1505 1616 1550 1639 καὶ
1575 1617 1623 1645 τῆς
1650 1615 1832 1650 ὑποχωήσεως
1862 1622 1908 1642 τον

1045 1658 1110 1692 πρὸς
1140 1654 1215 1683 οὐδὲν
1245 1656 1306 1682 ἀλλο
1332 1656 1479 1692 βλέποντες,
1505 1656 1576 1694 μηδὲ
1597 1661 1656 1695 περὶ
1680 1657 1794 1694 μηδειὸς
1814 1660 1906 1696 ἐτέρου

217 1705 366 1738 ποιούμενοι
403 1703 446 1727 τὸν
483 1700 558 1736 λόγον
593 1702 638 1726 καὶ
669 1701 714 1730 τὰς
747 1701 859 1736 στροφὰς
885 1704 935 1725 τῶν
962 1705 1092 1736 Λογισμῶν
1118 1702 1222 1736 ἔχοντες
1248 1702 1304 1726 οὗτοι
1330 1711 1360 1736 γε
1392 1704 1573 1738 προσήκοντος
1597 1707 1634 1738 τῷ
1664 1704 1742 1730 πάθει
1775 1707 1822 1731 καὶ
1849 1710 1906 1736 τοῖς

217 1756 365 1783 ορωμενοις.

251 1791 372 1826 Absque
387 1789 480 1817 dubio
491 1788 588 1825 quivis
599 1796 668 1816 eum
682 1787 854 1824 laudat,qui
866 1788 1042 1825 priusquam

215 1835 284 1863 ﬁnis
298 1835 449 1868 adveniat,
464 1833 504 1862 ad
519 1833 590 1860 illud
607 1832 722 1868 aspicit,
736 1834 815 1860 recte
831 1840 900 1860 sane
914 1840 949 1860 ac
964 1833 1041 1861 bene

214 1879 391 1916 dispositus.
410 1878 511 1906 Laudo
525 1880 553 1906 et
569 1885 625 1912 ego
635 1880 664 1904 et
686 1876 753 1912 plus
777 1885 871 1912 quam
898 1876 959 1910 alii,
985 1885 1041 1905 nec

214 1925 273 1953 alio
283 1924 376 1952 modo
393 1925 530 1959 oportere
541 1922 629 1950 statui
648 1921 686 1949 de
701 1921 776 1949 meis
804 1929 858 1957 pro
886 1921 1039 1950 voluntate

213 1969 382 2004 disponere.
395 1968 428 1995 Et
442 1967 483 1994 sic
498 1966 635 2002 dispono.

248 2057 339 2092 Igitur
363 2055 394 2084 id
424 2056 555 2092 primum
575 2063 681 2083 omnes
702 2055 776 2082 scire
811 2063 846 2082 ac
864 2055 941 2083 bene
963 2055 1036 2083 scire

211 2101 365 2134 volumus,
385 2103 414 2128 et
426 2101 479 2136 qui
497 2108 578 2127 nunc
595 2107 663 2127 meo
679 2102 857 2127 testamento
871 2100 991 2132 adsunt,
1009 2102 1037 2127 et

210 2146 263 2183 qui
277 2146 376 2173 futuro
390 2145 461 2173 illud
472 2147 605 2180 tempore
617 2144 725 2179 legent,
750 2152 805 2172 nos
833 2144 905 2171 nihil
929 2152 964 2171 ex
991 2144 1036 2172 in-

208 2191 332 2227 justitia,
348 2193 496 2227 quantum
520 2189 551 2218 in
581 2188 758 2216 memoriam
787 2188 874 2222 redit,
900 2190 1036 2217 conscios

209 2244 276 2264 esse
287 2238 355 2273 post
380 2238 533 2264 maturum
558 2241 684 2262 examen
713 2233 919 2269 laboremque,
946 2233 1035 2262 bonis

209 2281 320 2310 nostris
331 2280 567 2315 addidisse,qum
581 2278 675 2306 multa
688 2278 821 2311 sunt,l)ei
833 2278 1036 2306 misericordia

209 2334 244 2354 ac
258 2323 558 2361 dono;frequentibus
571 2331 692 2359 quoque
704 2322 795 2358 hujus
806 2322 969 2356 beneﬁciis,
982 2323 1034 2359 qui

207 2371 298 2400 nobis
314 2379 383 2398 cum
397 2370 500 2398 divina
515 2369 669 2397 sanctitate
684 2368 820 2403 imperat.
837 2369 949 2403 Neque,
965 2376 1034 2396 cum

206 2415 301 2452 ipsius
314 2413 519 2443 misericordia
538 2412 703 2449 plurimum
726 2419 814 2448 posse
838 2412 893 2439 visi
917 2420 1032 2446 sumus,

206 2468 297 2488 nemo
312 2461 358 2487 est
373 2458 456 2487 exiis
467 2457 518 2494 qui
532 2459 642 2484 nostra
662 2456 799 2491 potestati
816 2455 941 2491 subjecli
953 2459 1031 2492 sunt,

207 2505 259 2542 qui
273 2503 418 2532 violentas
429 2504 482 2530 aut
494 2500 666 2537 tyrannicas
680 2503 733 2528 aut
753 2499 908 2535 atﬁgentes
924 2509 1033 2528 manus

204 2551 323 2576 ucstras
337 2548 475 2583 expertus
494 2545 540 2578 sit,
549 2544 785 2580 ingemueritque
805 2553 823 2572 a
842 2544 930 2572 nobis
946 2545 1032 2580 quid-

205 2600 298 2629 quam
311 2590 383 2619 mali
395 2597 568 2627 perpessus.
584 2589 683 2624 Neque
693 2591 901 2616 extraneorum
918 2587 1032 2624 cupidi-

204 2640 264 2666 tate
273 2643 309 2665 ac
320 2635 483 2664 mutatione
490 2634 621 2662 minores
631 2632 687 2661 visi
698 2641 811 2662 sumus.
820 2632 1030 2661 ldeonihilnos

1132 1789 1233 1825 Ἀμέλει
1266 1799 1308 1815 τοι
1340 1792 1386 1816 καὶ
1420 1794 1472 1822 πᾶς
1497 1800 1535 1821 τις
1558 1791 1673 1828 ἐπῄνησε
1699 1794 1742 1818 τὸν
1768 1794 1839 1820 οὕτω
1869 1796 1903 1820 τὰ.

1095 1833 1153 1859 καθ’
1183 1833 1282 1866 ἑαυτὸν,
1313 1837 1373 1871 πρὶν
1399 1836 1428 1861 τὸ
1451 1835 1523 1866 τελος
1552 1835 1701 1872 ἀφικέσθαι,
1728 1840 1796 1874 πρὸς
1823 1843 1901 1864 τουτο

1094 1877 1225 1915 πόρρωθεν
1265 1877 1403 1911 ἀπιδόντα,
1438 1877 1465 1905 εὖ
1493 1890 1523 1915 γε
1549 1883 1594 1906 καὶ
1626 1881 1708 1911 καλῶς
1735 1880 1899 1918 διαθέμενον.

1095 1921 1218 1948 Ἐπαινών
1235 1921 1265 1948 δὲ
1274 1922 1348 1958 χὰγω
1369 1925 1413 1949 καὶ
1436 1923 1511 1949 πλέον
1531 1928 1581 1949 τῶν
1614 1925 1707 1960 ἄλλων,
1733 1926 1787 1962 οὐχ
1814 1927 1898 1964 ἕτερον

1094 1965 1109 1995 ἣ
1125 1970 1213 1992 τοῦτον
1229 1965 1263 1996 δὴ
1279 1969 1323 1992 τόν
1333 1970 1427 2003 τρόπον
1454 1966 1508 1994 δεῖν
1537 1970 1614 2004 ἔγνων
1636 1971 1670 1995 τὰ
1697 1972 1766 1996 κατὰ
1791 1974 1898 2007 γνώμην

1092 2011 1134 2036 ἐπὶ
1146 2015 1201 2042 τοῖς
1211 2011 1282 2047 ἐμοῖς
1295 2011 1417 2038 ἐκθέσθαι
1434 2023 1439 2028 ·
1459 2015 1503 2038 καὶ
1520 2011 1682 2050 διατέθημι.

1129 2058 1179 2082 Καὶ
1191 2058 1277 2082 τοίνυν
1292 2060 1480 2094 τοῦτοπρῶτον
1504 2058 1604 2089 πάντας
1632 2057 1728 2084 εἰδέναι
1756 2062 1803 2085 καὶ
1829 2061 1895 2086 πάνυ

1091 2109 1117 2126 τι
1137 2100 1218 2137 ὀρθῶς
1234 2099 1329 2126 εἰδέναι
1363 2101 1521 2138 βουλόμεθα,
1550 2103 1609 2132 τούς
1638 2112 1667 2129 τε
1693 2107 1739 2129 νῦν
1769 2107 1894 2140 πειρῶντας

1090 2149 1127 2180 τῷ
1147 2143 1308 2181 διατάγματι
1330 2149 1376 2172 καὶ
1399 2148 1457 2176 τοὺς
1485 2151 1521 2182 τῷ
1543 2150 1632 2183 χρόνῳ
1661 2147 1771 2183 ὕστερον
1791 2158 1894 2176 συνεσο-

1090 2199 1190 2225 μενους,
1219 2191 1251 2221 ὡς
1277 2189 1352 2217 οὐδὲν
1381 2192 1454 2227 ἡμεῖς
1478 2191 1504 2223 ἐξ
1526 2190 1645 2225 ἀδικίας,
1671 2193 1732 2219 ὅσον
1756 2192 1800 2220 ἐπὶ
1829 2197 1892 2229 μνή-

1090 2243 1140 2269 μης
1160 2236 1228 2269 ἣκει,
1266 2234 1368 2266 ἑαυτοῖς
1396 2237 1521 2272 σύνισμεν
1544 2237 1710 2272 πανταχόθεν
1740 2236 1893 2269 ἐξετάζουσι

1089 2281 1134 2305 καὶ
1154 2278 1358 2314 βασανίζουσιν,
1377 2279 1499 2316 οὐμενοῦν
1523 2281 1560 2312 εἰς
1585 2282 1740 2318 προσθήκην
1766 2284 1811 2308 επὶ
1840 2287 1893 2313 τοῖς

1089 2327 1233 2359 προσοῡσιν
1291 2322 1484 2359 ἐσπουὸαχοσι,
1548 2325 1649 2356 πολλοῖς
1702 2326 1791 2359 οὖσιν,
1839 2327 1892 2353 οἰχ-

1089 2371 1190 2403 τιρμοίς
1205 2372 1271 2394 Θεοῦ
1283 2371 1328 2394 καὶ
1344 2371 1498 2405 χορηγίαις,
1514 2370 1553 2395 ἔτι
1564 2367 1593 2396 δὲ
1607 2372 1652 2396 καὶ
1683 2374 1797 2406 συχναῖς
1824 2381 1891 2397 τισιν

1089 2411 1215 2442 εὐποιίαις
1238 2416 1283 2438 τοῦ
1313 2413 1435 2450 θεοφιλῶς
1470 2414 1542 2450 ἡμῶν
1583 2416 1626 2440 καὶ
1657 2415 1740 2446 ὁσίως
1765 2420 1892 2452 κρατούν-

1088 2466 1132 2487 τος
1251 2456 1317 2484 Οὐδ’
1350 2456 1440 2487 ἐπειδὴ
1467 2460 1512 2484 καὶ
1550 2457 1716 2488 δεδυνῆσθαι
1753 2461 1798 2486 ὑπ’
1824 2461 1892 2496 αὐτῲ

1088 2500 1197 2527 ἐλεοῦντι
1229 2501 1350 2528 πλεῖστον
1387 2501 1523 2538 ἐδόξαμεν,
1548 2502 1648 2534 οὐδένες
1670 2508 1720 2530 τῶν
1750 2503 1891 2541 ἀνθρώπων

1087 2549 1135 2575 τῆς
1145 2546 1268 2583 ἡμετέρας
1282 2556 1374 2584 χειρας
1399 2550 1445 2587 καὶ
1465 2546 1608 2584 δύναμεως,
1637 2549 1696 2574 οὗτέ
1715 2550 1788 2580 τινος
1802 2548 1891 2585 βιαίας

1086 2592 1131 2616 καὶ
1156 2595 1311 2627 τυραννικῆς
1346 2591 1399 2617 οὔτ’
1433 2591 1605 2623 ἐκθλιϐούσης
1637 2591 1762 2628 οὐδαμῶς
1791 2593 1888 2630 ἐπειρά-

1088 2635 1181 2668 θησαν,
1195 2633 1254 2661 οὐδ’
1267 2634 1430 2667 ἐπεστέναξεν
1457 2635 1544 2667 οὐδεὶς
1569 2636 1609 2663 ἐπ’
1638 2635 1726 2664 οὐδενὶ
1755 2642 1808 2664 τῶν
1835 2637 1890 2665 ἑαν-

239 2751 278 2823 ἱ1)
290 2752 330 2779 De
340 2749 561 2779 conditionibus
575 2746 743 2776 hostiarum
757 2746 788 2774 in
807 2748 905 2776 vetere
916 2746 983 2783 lege
997 2747 1057 2776 vid.
1074 2748 1164 2783 Levit,
1180 2757 1207 2777 c.
1220 2756 1289 2778 xm.

251 2786 277 2822 2)
296 2785 497 2822 imperatoris,
509 2783 631 2814 scilicet.

251 2783 277 2822 2')
296 2785 497 2822 imperatoris,
509 2783 631 2814 scilicet.
