1959 3074
37 146 122 172 14⁷77

758 142 779 172 Τ
784 145 1026 174 ESTAMENTUM.

1663 150 1731 177 1478

35 211 107 238 τοῦ,
130 210 217 237 κακῶς
243 208 278 237 ὡς
297 207 429 237 πεπονθώς
455 207 496 242 ὑφ’
522 208 605 243 ἡμῶν.
639 206 710 233 Οὐδὲ
733 216 762 242 γε
799 211 849 232 τῶν

945 207 1014 235 bere
1025 207 1154 237 dicimus
1176 217 1274 245 neque
1293 209 1459 245 quidquam
1471 212 1522 237 aut
1538 210 1665 246 simplex
1680 214 1732 239 aut

36 251 190 287 ἀλλοτρίων
216 250 357 286 ἐπιθυμίας
400 250 525 287 οὐδεμιᾶς
570 255 614 277 καὶ
655 254 850 288 μεταποιήσεως

37 295 146 326 ἥττους
160 295 294 331 ἐφάνημεν.
312 295 358 321 Διᾶ
388 300 465 321 τοῦτο
493 299 539 322 καὶ
563 296 670 332 ὀφείλειν
698 294 773 321 οὐδέν
803 306 849 332 φαῖ

35 349 90 375 μεν
108 339 163 366 οὐθ’
183 340 279 366 ἁπλοῦν
299 342 357 366 οὔτε
385 340 545 366 πολλαπλουν
574 341 614 374 (1)
638 338 792 373 ἀποδουναι,

35 387 293 420 συκοφαντήσαντες
310 385 325 414 ἡ
358 383 406 420 βίᾳ
450 387 494 410 καὶ
528 389 647 420 πονηρῶς
689 383 848 420 ἀφελόμενοι,

36 430 149 460 Παντὸς
163 431 213 466 γὰρ
227 429 322 464 μᾶλλον
346 431 375 454 τὸ
401 427 503 455 ἀδικεῖν
524 428 620 465 ἐχθρόν
650 430 713 464 ἡμῖν
735 431 761 454 ἅν
790 427 849 455 δια-

35 477 173 510 φερόντως
192 474 373 509 ἰμισὴθη,καὶ
400 476 451 499 πᾶν
476 475 505 499 τό
534 473 562 504 ἐξ
589 473 669 499 αὐτοῦ
701 472 847 508 ἐϐδελύχθη

35 519 78 548 ὡς
94 517 225 555 βλαϐερὸν
237 520 281 544 καὶ
298 517 430 553 πολέμιον,
458 521 508 544 Καὶ
536 520 584 553 μὴν
608 521 653 544 καὶ
680 521 735 548 τοῖς
763 517 850 547 ἀλλοις

36 561 221 598 ὃιεγενόμιθα
247 562 475 598 συμϐουλεύοντες,
507 561 553 592 οὖς
580 565 625 588 καὶ
647 565 779 597 προσῆκον
819 560 849 590 ἧν

38 607 124 642 ἡμῶν
152 606 379 636 συμϐουλευόντων
407 607 509 632 ἀκούειν
545 617 551 623 ·
577 609 621 632 καὶ
651 609 747 642 συχνοί
783 615 850 636 τινες

37 650 87 677 ἐπὶ
122 652 223 681 τούτοις
253 652 315 687 ἡμῖν
342 650 414 687 λόγοι
444 651 648 684 ἐξεπονηθησαν,
679 653 853 687 προσανέχειν

37 698 95 724 τὴν
115 693 235 724 ἀδικίαν.

79 741 133 766 Διά
145 743 222 766 τοῦτο
232 749 277 766 και
296 741 484 776 παραιτεῖσθαι
498 744 541 766 νῦν
555 740 602 766 οὐκ
617 738 669 766 οἶδ’
698 740 738 766 ὃτι
767 737 810 765 δεῖ
834 739 849 768 ἦ

35 793 89 809 και
126 786 186 820 περί
215 787 372 820 συγγνώμης
399 783 514 817 δεῖσθαι,
531 784 696 820 ἐγνωσμένων
719 782 751 813 δή
776 793 852 810 τινων

37 830 112 865 ἡμῖν
125 828 213 861 ὄντων,
227 833 276 854 τῶν
297 839 328 864 γε
350 839 413 865 προς
436 828 588 865 ἀνθρώπους
615 839 660 855 και
688 830 756 855 κακὰ
788 829 851 864 ἡμῖν

37 873 151 909 μεγάλα
179 871 284 909 σφόδρα
318 873 492 909 βουληθέντας
517 873 600 904 καλῶς
637 873 849 910 ἐξειργασμένων.

38 917 146 947 Συνέϐη
162 919 213 954 γὰρ
244 917 300 954 ἐμοί
328 919 400 955 παρὰ
422 917 520 944 πολλῶν
548 928 594 944 και
623 922 698 944 τοῦτο
725 920 791 953 iuva
815 916 848 946 δὴ

38 973 91 989 και
123 964 246 998 μέγιστον
279 964 412 999 ἱπηρείας,
455 963 562 998 χαλεπῷ
609 973 660 988 τινι
704 962 849 999 βληθέντων

40 1008 148 1042 φθονῳ,
162 1006 189 1038 ἐξ
199 1005 323 1043 οὐδεμιᾶς
339 1005 364 1033 δ’
379 1007 459 1038 οῖλλης
482 1006 605 1043 οὐδαμῶς
630 1007 705 1042 λόγον
734 1007 850 1042 ἐχούσης

39 1052 135 1082 αἰτίας
149 1054 320 1088 κεκινημένων
337 1062 343 1068 ·
360 1053 423 1088 ὑπέρ
439 1052 473 1077 ὧν
488 1062 532 1078 και
542 1053 596 1078 τότ’
624 1053 696 1088 ἔφην,
727 1063 741 1077 ‹‹
765 1052 850 1082 Ἲλεως

41 1095 141 1126 αὐτοῖς
161 1097 226 1130 εῐης,
244 1097 333 1133 Κύριε,
348 1106 363 1121 ››
390 1106 434 1122 και
456 1100 501 1122 νύν
527 1095 557 1122 δέ
588 1106 665 1132 φημι,
700 1107 710 1121 ι
737 1106 782 1122 και
803 1100 852 1127 της

42 1140 129 1177 ὀργῆς
162 1144 210 1166 σοῦ
238 1139 378 1177 μηδαμῶς,
411 1145 458 1171 τῆς
490 1139 514 1167 δ’
548 1140 590 1166 ὶπι
623 1144 704 1167 πᾶσιν
743 1141 781 1172 οἷς
822 1141 851 1166 iv

42 1183 148 1211 δέοιντο
170 1187 355 1221 χρηστότητος
377 1189 467 1222 πεῖραν
490 1184 591 1211 λάϐοιεν
621 1195 666 1211 και
707 1185 850 1222 φιλανθρω-

41 1232 122 1263 πίοις,
138 1239 184 1255 και
214 1232 249 1265 μὴ
285 1232 396 1260 στὴσκις
426 1230 516 1260 αὐτοῖς
548 1232 614 1265 μήτε
650 1231 760 1264 ταύτην,
791 1229 851 1266 μήθ’

45 1273 138 1311 ἑτέραν
166 1274 321 1310 ἱσχύσασαν
348 1274 372 1299 ἓν
397 1272 523 1311 καρδίαις
549 1275 641 1307 αὐτῶν,
670 1274 809 1310 ἁμαρτίαν.
837 1285 851 1298 η

83 1321 144 1348 Τοῖς
160 1317 300 1354 βασιλεῦσι
320 1317 440 1354 δ’ἠμῶν,
456 1318 478 1344 εἰ
492 1328 536 1344 και
559 1320 595 1354 μὴ
621 1321 671 1344 πᾶν
702 1320 761 1344 ὅσον
788 1318 853 1348 εἰκὸς

51 1363 84 1391 ἦν
115 1373 161 1388 και
194 1365 258 1399 πρὸς
270 1364 350 1400 χρέος
369 1361 472 1389 δίκαιον
495 1364 558 1392 ἧκον
585 1362 760 1399 ἀποχρώντως
787 1362 853 1390 ἀπο-

48 1405 206 1443 δεδωκαμεν
217 1406 293 1443 (οὖδέ
307 1409 358 1444 γὰρ
374 1406 416 1440 ἦν,
428 1407 481 1433 οὒτ’
504 1409 558 1434 ἔστι
587 1410 651 1444 πρὸς
679 1409 724 1437 τὰς
752 1408 854 1443 εὗεργε-

49 1455 110 1482 σίας
127 1451 217 1489 (ὁρᾶτε
234 1449 258 1478 δ’
275 1452 356 1481 αὑτὰς
369 1453 477 1485 ὁπόσαι,
489 1462 534 1478 και
546 1453 593 1482 τὰς
606 1451 748 1488 ὑπερϐολὰς
777 1452 854 1487 ὁρᾶτε

45 1500 94 1522 τοῦ
111 1497 246 1532 μεγέθους)
260 1498 289 1522 τό
307 1497 392 1522 ἱκανόν
421 1496 570 1529 ἐκπλῆσαι),
602 1495 665 1522 ἀλλὰ
693 1506 723 1532 γε
747 1498 775 1522 τό
804 1500 853 1523 πᾶν

47 1542 148 1567 ὁπόσον
164 1541 217 1566 οἷόν
238 1550 264 1567 τε
279 1541 309 1569 ἧν
320 1540 346 1571 ἐς
372 1541 492 1567 πλεῖστον
520 1540 547 1572 ἐξ
573 1540 634 1571 ὅλης
666 1540 770 1576 ψυχῆς,
794 1541 855 1572 ὅλης

47 1595 94 1611 και
113 1583 229 1622 καρδίας
242 1595 287 1611 και
303 1583 431 1617 διανοίας,
448 1583 608 1612 ἀποδεδώκα
623 1595 686 1621 pay,“
701 1595 745 1611 και
770 1586 792 1611 εἰ
820 1587 855 1622 μὴ

48 1634 94 1660 τῆς
126 1629 206 1660 ἀξίας
220 1628 398 1666 ἐφικνούμενον
422 1630 511 1665 (τοῦτο
538 1631 588 1667 γὰρ
627 1632 722 1660 παντὸς
760 1629 854 1665 μᾶλλον

49 1673 195 1709 (idaea-rw)
220 1673 286 1701 ἀλλὰ
313 1678 361 1705 τῆς
389 1676 514 1710 ἡμετέρας
543 1674 589 1700 οὐκ
627 1674 739 1700 ἐλλεῖπον
777 1672 855 1700 δυνά-

49 1729 131 1754 μεως.
158 1718 190 1745 Εἰ
222 1716 252 1744 δὲ
277 1728 302 1744 τι
328 1728 372 1744 και
405 1720 638 1754 συνιισηνέγκαμεν
662 1718 689 1744 ἐκ
717 1723 763 1749 τῆς
789 1721 855 1745 πάνυ

48 1765 150 1794 ταύτης
165 1764 311 1799 προθυμίας
323 1762 392 1794 ἐςτᾰ
427 1767 499 1793 κοινῆ
527 1765 652 1800 χρήσιμα
680 1773 725 1789 και
752 1761 854 1792 πάνδη-

49 1818 98 1844 μον
115 1810 164 1836 τὴν
187 1807 335 1833 λνστελειαν
366 1807 473 1843 ἔχοντα,
502 1811 560 1838 ταῖς
585 1811 678 1844 σοφαῖς
708 1812 754 1834 τοῦ
778 1807 856 1844 βασι-

48 1853 114 1883 λέως
131 1851 364 1888 ἐξυπηρετούμενοι
387 1854 423 1888 μὴ
454 1851 511 1878 λίαν
539 1851 649 1888 ἀγεννῶς
678 1852 784 1888 βουλαῖς
813 1862 857 1878 και

48 1897 239 1934 μνώμαις,οὑκ
258 1897 320 1933 ἐμὸν
346 1897 377 1923 οἷν
400 1899 439 1926 εἴη
469 1897 561 1932 λέγειν,
589 1901 636 1923 τοῦ
670 1894 695 1922 δ’
727 1898 857 1933 ἐγκρίναν-

48 1952 93 1972 τος
109 1941 147 1971 εἰς
161 1945 240 1967 τοῦτο
254 1943 348 1978 μοίρας
370 1951 412 1967 και
441 1939 577 1972 διακονίας
602 1941 671 1977 ἡμᾶς
707 1950 712 1955 ·
742 1944 858 1978 παρίημι

48 1996 97 2012 και
127 1985 191 2022 αὐτῇ
221 1990 251 2021 τῇ
281 1985 391 2021 ἀληθείᾳ
418 1985 499 2021 λέγειν
527 1986 567 2020 (2)
592 1995 637 2011 και
675 1995 856 2022 παριστανειν,

49 2029 182 2061 διαϐολῆς
207 2039 252 2056 και
277 2033 452 2066 συκοφαντίας
476 2040 521 2056 και
540 2031 634 2065 φθόνου
665 2032 761 2061 παντὸς
797 2040 857 2065 γεν-

47 2076 188 2111 ναιοτέραν
209 2077 255 2103 τὴν
287 2074 367 2110 ἰσχὺν
391 2074 492 2110 ἐχούσῃ
509 2084 552 2100 και
568 2075 615 2103 τὴν
637 2076 721 2110 φωνὴν
761 2074 858 2109 ὑψηλο-

48 2122 139 2156 τέραν,
156 2117 249 2148 ἐπειδὴ
271 2128 317 2144 και
341 2120 444 2145 πάντων
468 2119 652 2155 ἰσχυρότερον,
677 2118 734 2154 ἐμοί
761 2117 856 2152 δοκεῖν,

51 2166 68 2194 ὴ
87 2163 197 2192 ἀλήθεια
224 2163 261 2198 (3)
290 2174 296 2179 ·
324 2163 398 2197 ὥστ’,
413 2165 435 2189 εἰ
455 2172 494 2192 τις
516 2173 560 2188 και
588 2163 679 2195 ζῶσιν,
705 2162 726 2189 εἳ
750 2173 790 2190 τις
813 2173 858 2188 και

52 2210 202 2243 τεθνεῶσιν,
235 2207 290 2236 εἰκῆ
318 2210 364 2233 καὶ
393 2208 476 2243 μάτην
500 2208 562 2243 ἡμῖν
589 2207 740 2244 ἐπηρεάζειν
767 2207 856 2241 ἐθελει,

52 2251 133 2280 οὐδὲν
160 2252 230 2278 αὐτῶ
259 2251 333 2278 πλέον
361 2253 444 2287 ἔσται,
476 2256 526 2277 τῶν
552 2253 708 2288 πραγμάτων
737 2252 792 2286 ἅμα
828 2250 858 2278 δε

52 2307 101 2324 και
133 2300 182 2323 τῶν
214 2295 258 2322 ἐπί
283 2297 385 2327 τούτοις
410 2295 510 2332 βαθέως
539 2298 674 2322 συνιέντων
704 2306 749 2322 και
776 2297 858 2333 ὀρθῶς

54 2340 164 2369 εἰδότων
177 2342 281 2377 κρίνειν,
314 2340 530 2367 ἀντεπιϐοὼντων.
563 2352 577 2365 ι(
611 2344 694 2367 Μυῐαι
721 2344 858 2377 σαπριοϋ-

55 2397 100 2413 σιν
130 2385 225 2412 ﬂauo».
254 2397 268 2410 ››
300 2387 378 2421 φησίν
398 2386 412 2411 ό
437 2385 512 2412 εἰπὼν
541 2385 590 2421 (4),
619 2395 664 2411 και
691 2386 722 2411 τὰ
747 2385 813 2411 καλὰ
845 2385 859 2410 ὁ

904 251 1061 287 multiplex
1080 253 1203 281 reddere
1213 253 1301 281 nobis
1327 253 1483 286 incumbit,
1500 255 1732 290 utsycophantis

904 295 1010 323 accidit
1028 300 1055 323 et
1069 296 1105 324 iis
1118 298 1171 333 qui
1183 298 1328 325 violenter
1339 300 1367 325 et
1381 297 1489 332 injuste
1506 298 1619 333 aliquid
1633 299 1732 327 abstu—

903 339 1011 369 lerunt.
1025 341 1173 376 lnjustitia
1183 342 1262 370 enim
1274 342 1361 369 nobis
1370 342 1440 370 odio
1450 342 1517 378 plus
1532 350 1624 378 quam
1637 344 1733 379 quod-

902 384 974 412 libet
997 385 1060 420 fuit,
1073 388 1102 413 et
1109 387 1257 422 quidquid
1273 395 1309 414 ex
1323 395 1359 414 ea
1369 387 1470 420 oritur,
1492 387 1730 416 abominandum

904 429 991 456 nobis
1006 429 1070 464 fuit,
1087 434 1118 458 ut
1135 431 1286 459 funestum
1300 433 1328 458 et
1342 431 1456 458 hostile.
1474 432 1537 459 Imo
1552 434 1581 459 et
1592 431 1655 460 aliis
1664 440 1734 460 con—

904 472 971 501 silia
980 474 1208 511 dedimus,qu0s
1217 475 1342 503 decebat
1350 484 1406 503 nos
1421 476 1608 504 consulentes
1617 477 1731 511 audire;

904 519 933 545 et
955 518 1125 554 frequentes
1148 527 1167 548 a
1186 520 1273 548 nobis
1289 520 1326 548 de
1349 520 1384 548 iis
1408 521 1557 548 orationes
1573 521 1732 550 elaboratae

907 563 1142 595 sunt,hortantes
1164 567 1196 591 ut
1213 564 1360 599 justitiam
1376 564 1605 600 amplectantur,
1618 565 1734 600 injusti-

903 607 976 634 tiam
991 615 1061 635 vero
1075 608 1252 637 omnimodo
1269 609 1394 643 fugiant.

889 650 935 686 μέν
969 650 1008 678 ἀεὶ
1041 650 1231 688 δικαιοσύναις,
1268 655 1366 689 φεύγειν
1396 652 1422 679 δ’
1452 655 1479 679 ἐκ
1502 656 1595 684 παντὸς
1634 657 1731 691 τρόπον

942 741 1126 777 Quapropter
1144 750 1204 770 non
1219 742 1309 770 credo
1329 742 1401 770 mihi
1424 742 1647 778 implorandam
1666 751 1732 771 esse

905 787 957 812 aut
965 785 1112 814 orandam
1122 786 1251 822 veniam,
1259 794 1327 814 cum
1337 786 1425 814 nobis
1437 790 1612 816 succurrant
1622 795 1690 823 quae
1700 788 1731 815 in

867 846 890 872 Β
906 828 1044 857 homines
1054 831 1106 866 qui
1116 831 1204 859 malis
1213 832 1386 867 permagnis
1393 839 1448 859 nos
1454 831 1732 868 opprimerevolue-

905 874 1063 907 runt,bene
1069 875 1229 909 egerimus.
1238 875 1312 903 Mihi
1317 876 1397 903 enim
1404 875 1510 904 accidit
1517 879 1548 903 ut
1554 876 1635 904 multi
1642 876 1730 905 valde

905 920 934 944 et
948 917 1110 953 plurimum
1127 920 1293 952 nocuerint,
1330 920 1396 948 dira
1430 920 1546 948 invidia
1571 920 1730 953 sollicitati,

904 969 1002 998 neque
1018 962 1079 991 ulla
1092 963 1150 991 alia
1168 964 1294 992 rationis
1313 964 1427 1001 aliquid
1447 964 1620 1000 praeferente
1639 973 1733 993 causa

904 1006 1037 1042 impulsi.
1050 1009 1105 1036 Pro
1120 1008 1232 1044 quibus
1246 1011 1275 1037 et
1291 1012 1361 1038 tunc
1381 1009 1520 1037 dicebam
1550 1017 1556 1037 ι
1585 1019 1599 1034 ί‹
1628 1009 1673 1038 Sis
1696 1009 1732 1038 iis

904 1050 1083 1083 misericors,
1101 1052 1236 1086 Domine,
1252 1064 1266 1077 υ
1280 1056 1307 1081 et
1334 1061 1414 1081 nunc
1439 1053 1508 1081 dico
1536 1062 1542 1086 ;
1571 1055 1730 1089 Nunquam

905 1094 983 1122 iram
1002 1098 1086 1124 tuam
1106 1097 1308 1132 experiantur,
1328 1097 1494 1125 bonitatem
1512 1105 1583 1125 vero
1602 1097 1685 1125 illam
1703 1100 1733 1126 et

906 1139 1145 1168 misericordiam
1159 1142 1298 1176 sentiant,
1315 1150 1409 1178 quam
1424 1142 1454 1170 in
1469 1150 1575 1170 omnes
1590 1142 1640 1170 illa
1650 1142 1732 1170 indi-

906 1186 1009 1218 gentes
1025 1185 1163 1219 etfundis,
1177 1193 1275 1221 neque
1288 1189 1403 1214 statuas
1427 1186 1482 1214 illis
1507 1189 1559 1214 aut
1585 1187 1654 1219 hoc,
1682 1189 1733 1215 aut

907 1228 998 1263 aliud,
1019 1229 1223 1266 quodcunque
1241 1230 1272 1258 in
1288 1231 1429 1258 cordibus
1444 1238 1548 1259 eorum
1566 1230 1733 1265 inoleverit,

907 1276 1075 1308 peccatum.
1097 1286 1111 1299 ››

944 1318 1177 1352 Imperatoribus
1190 1326 1259 1346 vero
1278 1319 1396 1351 nostris,
1420 1319 1474 1347 etsi
1497 1327 1559 1347 non
1583 1321 1733 1355 quantum

905 1361 1022 1396 justum
1039 1365 1101 1389 erat
1116 1370 1150 1389 ac
1171 1361 1320 1396 deditum,
1339 1362 1518 1390 sufﬁcienter
1536 1363 1734 1391 reddidimus.

907 1421 943 1425 —
955 1406 1019 1433 Non
1036 1405 1114 1433 enim
1129 1405 1236 1434 licebat
1251 1414 1351 1439 neque
1363 1407 1430 1434 licet
1442 1407 1594 1435 beneﬁciis
1608 1410 1735 1443 (quanta

908 1449 988 1476 enim
1007 1449 1066 1477 sint
1078 1453 1106 1477 et
1119 1453 1193 1485 quot
1207 1458 1335 1478 numero
1356 1451 1485 1486 videtis),
1505 1451 1596 1486 digne
1610 1459 1735 1487 respon-

910 1493 990 1521 dere.
1005 1494 1062 1522 Sed
1074 1497 1234 1529 quantum,
1249 1495 1393 1530 quodque
1407 1495 1569 1528 valuimus,
1580 1495 1612 1522 id
1622 1503 1658 1523 ex
1672 1497 1736 1524 tota

909 1538 1020 1571 anima,
1036 1541 1098 1566 toto
1113 1538 1202 1566 corde
1233 1546 1268 1566 ac
1296 1542 1397 1567 mente
1422 1539 1633 1572 reddidimus;
1661 1543 1688 1567 et
1711 1539 1735 1568 si

909 1583 1009 1610 minus
1024 1583 1107 1619 quod
1120 1582 1247 1617 dignum
1262 1586 1335 1617 erat,
1351 1586 1505 1612 assecutus
1521 1592 1599 1617 sum,
1616 1591 1678 1612 non
1694 1586 1734 1612 ta-

909 1635 979 1654 men
993 1635 1062 1655 mea
1082 1627 1230 1655 voluntate
1249 1627 1355 1655 defeci.
1377 1628 1406 1656 Si
1424 1628 1499 1664 quid
1518 1630 1546 1656 et
1564 1627 1734 1664 profuimur

909 1679 946 1699 ex
960 1675 1020 1700 toto
1036 1672 1142 1700 ardore
1158 1672 1284 1708 publicis
1297 1672 1388 1700 rebus
1402 1675 1430 1701 et
1444 1673 1484 1701 ad
1498 1673 1636 1700 omnium
1655 1673 1735 1701 utili-

909 1719 1000 1745 tatem
1013 1716 1239 1752 pertinentibus,
1254 1717 1440 1752 sapientibus
1456 1717 1646 1753 imperatoris
1664 1725 1736 1745 con-

910 1761 982 1788 siliis
996 1761 1208 1797 sententiisque
1232 1769 1293 1789 non
1318 1761 1406 1789 nimis
1428 1761 1537 1797 ignave
1564 1762 1734 1795 servientes,

911 1813 970 1833 non
981 1813 1084 1832 meum
1099 1808 1144 1833 est
1158 1805 1189 1832 id
1204 1804 1311 1838 dicere,
1329 1805 1382 1833 sed
1398 1806 1463 1841 ejus
1478 1806 1530 1841 qui
1559 1813 1616 1834 nos
1644 1806 1683 1834 ad
1705 1805 1736 1833 id

910 1850 1043 1877 muneris
1057 1849 1206 1885 ofﬁciique
1222 1850 1428 1886 assumpserit.
1446 1850 1479 1877 Id
1493 1852 1522 1877 et
1536 1849 1673 1885 relinquo
1689 1850 1738 1878 di-

911 1894 1040 1921 cendum
1053 1896 1082 1921 et
1092 1894 1318 1929 aﬂirmandum,
1341 1894 1457 1922 veritati
1488 1894 1556 1930 ipsi,
1578 1902 1646 1930 quae
1672 1894 1739 1930 plus

911 1946 1005 1974 quam
1019 1938 1171 1966 calumnia
1184 1943 1236 1966 aut
1250 1939 1449 1975 sycophantia
1463 1942 1515 1967 aut
1533 1939 1645 1967 invidia
1661 1939 1740 1967 valet

911 1983 1080 2019 clariusque
1095 1983 1214 2016 clamat,
1229 1983 1341 2020 quippe
1360 1992 1428 2020 quae
1447 1984 1550 2012 omnia
1568 1983 1686 2017 robore,
1708 1986 1741 2012 ut

911 2028 984 2056 mihi
996 2028 1122 2061 videtur,
1139 2030 1258 2064 superet
1270 2029 1388 2056 veritas.
1406 2028 1447 2056 lta
1461 2030 1502 2064 ut,
1520 2028 1544 2056 si
1559 2028 1626 2065 quis
1652 2031 1681 2056 et
1709 2029 1739 2056 in

911 2081 967 2100 nos
981 2073 1126 2105 viventes,
1140 2072 1209 2100 etin
1225 2080 1279 2100 nos
1304 2076 1439 2101 mortuos
1470 2073 1581 2101 frustra
1605 2081 1641 2101 ac
1675 2073 1740 2101 sine

912 2117 991 2145 exitu
1005 2116 1093 2144 vellet
1104 2116 1267 2153 insurgere,
1280 2116 1352 2144 nihil
1364 2117 1494 2153 amplius
1517 2117 1558 2145 illi
1581 2117 1641 2152 ﬁet,
1671 2125 1741 2145 cum

911 2169 958 2190 res
977 2161 1060 2198 ipsas,
1080 2163 1109 2188 et
1119 2169 1180 2189 una
1194 2161 1247 2197 qui
1258 2169 1308 2188 eas
1322 2160 1470 2197 profundo
1484 2161 1740 2197 intelliguntjudi-

913 2209 1052 2242 eantque,
1087 2207 1189 2233 contra
1211 2205 1385 2234 reclament.
1417 2216 1430 2230 ‹‹
1453 2207 1558 2234 Muscas
1587 2206 1742 2242 putridum

911 2250 1042 2278 reddunt
1056 2250 1168 2283 oleum,
1187 2261 1197 2275 ν
1214 2249 1286 2277 dicit
1300 2249 1430 2285 sapiens.
1445 2251 1479 2277 Et
1494 2250 1628 2286 pluchra,
1658 2250 1738 2278 volet

913 2294 1036 2331 quidem
1047 2294 1170 2327 invidia,
1184 2301 1246 2321 non
1255 2294 1362 2329 poterit
1371 2301 1442 2322 vero
1455 2302 1647 2331 corrumpere
1657 2295 1740 2331 apud

914 2347 965 2368 eos
975 2339 1027 2375 qui
1038 2338 1152 2374 judicio
1166 2338 1299 2374 gaudent
1309 2341 1338 2366 et
1354 2338 1432 2374 justo
1461 2338 1562 2367 volent
1589 2339 1740 2376 inquirere

913 2386 942 2412 et
955 2383 1101 2419 judicare.

56 2432 148 2467 φθονος
159 2429 318 2466 βουλήσεται
331 2431 369 2465 (5)
385 2431 441 2466 μὲν,
467 2429 497 2455 οὔ
530 2428 671 2459 δυνήσεται
705 2428 734 2456 δὲ
766 2431 838 2465 παρὰ
868 2432 921 2459 τοῖς
957 2432 1015 2454 νοῦν
1048 2429 1144 2463 ἔχουσι
1180 2437 1224 2453 και
1259 2425 1367 2458 δικαίως
1398 2427 1522 2460 ἐξετάξειν
1556 2438 1601 2454 και
1634 2426 1740 2465 διαιτᾷν

57 2476 235 2513 αἱρουμένοις.

94 2519 133 2546 Οὐ
162 2521 213 2555 μὴν
232 2517 298 2552 ἀλλ’,
323 2520 365 2544 ἵνα
388 2521 424 2555 μὴ
445 2520 504 2555 περί
534 2520 626 2544 τούτου
655 2518 737 2545 πολλὰ
777 2519 860 2554 λέγειν

58 2566 176 2601 ἔχοντες,
196 2573 241 2589 και
275 2564 360 2589 πάντα
388 2563 499 2594 καθεξῆς
518 2565 671 2599 πειρώμενοι
689 2563 782 2599 λέγειν,
807 2563 859 2589 ἐτέ-

96 2627 134 2661 (1)
145 2626 248 2653 Vetere
262 2625 325 2661 lege
341 2626 489 2661 sancitum
505 2627 568 2652 erat
582 2627 622 2658 ut,
638 2632 693 2660 pro
721 2628 859 2661 surrepto

60 2660 138 2691 bove
145 2660 358 2697 uno,quinque
365 2660 568 2694 redderentur,
578 2663 707 2697 quatuor
712 2668 785 2688 oves
802 2668 858 2696 pro

62 2706 133 2727 una.
144 2696 235 2724 Exod.
245 2696 317 2725 xxn.
331 2699 341 2724 ί

110 2735 137 2761 21
151 2736 196 2760 An
212 2732 320 2760 excidit
333 2736 410 2758 τοῦτο
421 2734 435 2760 ?

111 2769 139 2807 εξ)
165 2768 300 2807 _Yeritas_
315 2770 469 2807 παγκρατὴς
496 2767 587 2807 dicta_
604 2767 660 2807 fuit
676 2767 857 2807 baccbxlidi

65 2801 148 2834 Stob.
162 2803 205 2837 tit,
218 2805 246 2831 7.
269 2801 422 2832 Eschin'es
446 2806 547 2832 orator
569 2802 643 2831 ibid.
671 2804 704 2830 16
731 2811 738 2833 ;
769 2801 858 2833 οὕτως

948 2519 1096 2551 Attamen,
1110 2523 1148 2543 ne
1159 2522 1238 2548 cum,
1256 2515 1294 2543 de
1304 2524 1339 2544 eo
1351 2516 1445 2544 multa
1455 2516 1552 2544 dicere
1568 2515 1731 2552 possimus,

913 2563 937 2590 si
948 2561 1066 2597 singula
1078 2561 1175 2589 dicere
1194 2562 1386 2595 tentaremus,
1417 2561 1508 2590 aliam
1537 2561 1616 2589 viam
1644 2568 1738 2597 quam

914 2626 1026 2662 ἰσχυρὸν
1046 2623 1115 2650 ἐστιν
1148 2622 1266 2654 ἀλήθεια,
1293 2623 1360 2648 ὥστε
1379 2623 1480 2649 πάντων
1506 2623 1652 2661 ἐπικρατεῖν
1685 2627 1735 2649 τῶν

912 2659 1079 2697 ἀνθρωπίνων
1098 2659 1241 2695 λογισμῶν,

946 2695 985 2731 (4)
999 2695 1108 2723 Eccles.
1124 2703 1152 2729 Χ,
1172 2697 1194 2722 l.

947 2729 986 2766 (5)
1001 2734 1045 2759 An
1062 2729 1260 2767 repetendum
1280 2730 1415 2767 σαπρίςειν
1428 2730 1530 2759 animo
1544 2730 1559 2758 ?
1654 2732 1738 2767 puto.

910 2765 1197 2831 Esciiiiiszﬁvgrbum
1209 2765 1350 2800 videtur;
1370 2765 1513 2803 ἀμαυροῦν,
1537 2766 1621 2795 verbi
1635 2765 1737 2800 causa,

911 2811 970 2831 sim
994 2810 1010 2831 e
1068 2810 1087 2831 ιι
1113 2821 1119 2830 .

911 2810 1010 2831 simne
1026 2810 1119 2831 ωιιια.
