1959 3074
239 123 308 159 1479

910 112 1096 153 Niceraoiu
1109 112 1241 150 CHUMNI

1864 130 1915 157 lii-Sil

237 191 423 228 propositam
436 197 639 227 sequeremur,
656 189 720 218 haec
731 195 839 218 censeo
853 187 927 216 mihi
938 184 1062 215 omnino

1118 193 1165 220 ραν
1191 189 1237 216 τῆς
1265 188 1435 223 προκειμένης
1461 188 1548 224 εἴημεν
1579 190 1730 226 τραπέντες,
1760 194 1854 217 ταῦτα
1884 195 1916 228 ςΔη

237 236 404 265 omittenda
414 244 449 265 ac
461 237 520 263 Deo
527 234 706 264 confidenda
712 234 873 271 quiomnia
879 232 994 260 novitet
1001 238 1062 258 ma-

237 281 347 310 nifesta
363 283 392 309 et
407 281 548 316 obscura,
567 281 596 308 et
605 287 729 308 manum
739 278 855 307 veritati
874 276 999 314 porrigit
1012 283 1062 303 ne-

1116 273 1198 311 ῥῆσαι
1231 276 1305 302 πάντ’
1338 275 1419 304 εἰδότι
1453 281 1499 305 καὶ
1522 280 1618 316 φανερὰ
1637 283 1683 307 καὶ.

1118 227 1188 255 δοκῶ
1202 240 1248 266 μοι
1261 231 1386 263 παντελῶς
1401 235 1539 269 παρήσειν,
1564 237 1609 261 καὶ
1639 244 1670 271 γε
1698 240 1738 271 τῷ
1776 240 1840 272 Θεῷ

1776 246 1840 272 UE?)
1872 246 1918 272 97;-

1738 280 1776 316 ἀφ
1780 285 1830 310 ανῆ
1835 302 1843 313 ,
1884 292 1919 307 xm

1761 328 1848 352 ταύτν
1886 327 1919 352 ὑπ’

1747 371 1753 378 .
1779 372 1791 378 -

235 333 297 362 que
310 325 379 354 sinit
393 333 462 354 eam
478 332 699 361 aquocumque
723 323 802 352 vinci
817 325 867 351 aut
882 319 1062 351 conculcari.

1118 322 1196 357 χεῖρα
1229 321 1344 358 όρέγοντι
1368 326 1399 359 τῇ
1430 322 1538 360 ἀληθείᾳ
1563 326 1608 350 καὶ
1644 323 1732 361 μηδὲν
1761 328 1848 352 ταύτν
1886 327 1919 352 ὑπ’

237 369 395 407 Reliquum
411 372 455 399 est
466 371 499 398 ut
509 369 547 398 ad
556 369 744 406 propositum
754 368 876 397 redeam
886 366 978 403 idque
993 372 1062 394 con-

237 414 349 444 ﬁciam.

273 503 452 533 Volebamus
457 504 546 540 igitur
551 503 633 532 bona
638 504 741 532 nostra
748 502 907 540 disponere
914 501 1063 530 nostram-

238 557 297 586 que
310 549 347 577 de
359 549 395 577 iis
406 549 589 577 voluntatem
602 548 776 577 statuereJd
786 545 1060 584 igiturperﬂcimus,

238 593 427 630 propositum
438 595 578 622 nostrum
594 593 803 630 adimplentes.

278 683 312 711 Et
327 691 363 712 ea
377 684 533 711 estnostra
544 682 694 718 voluntas,
709 683 742 710 ut
751 689 841 718 super
861 679 1003 709 omnibus
1012 679 1064 707 bo-

236 727 283 755 nis
298 727 420 761 nostris,
442 728 510 756 vitae
525 729 635 756 nostris
655 727 738 756 socia
752 729 780 755 et
794 733 895 754 comes
908 725 948 754 ad
972 724 1064 760 hujus

237 772 305 800 vitae
319 772 489 801 felicitatem
513 772 552 800 ab
580 772 647 808 ipso
685 772 744 800 Deo
775 770 922 799 conformi
944 776 1064 797 mecum

237 817 340 844 anima
354 820 471 853 parata,
486 817 695 852 constituatur,
707 818 736 844 et
750 818 783 844 ut
795 818 863 844 ante
879 815 938 843 alia
955 813 1064 842 anima;

1117 362 1222 396 οὐδενὸς
1235 368 1301 401 μήτε
1326 368 1479 404 κρατεῖσθαι
1510 371 1577 404 μήτε
1604 371 1824 397 καταπατεῖσθαι
1861 381 1919 406 sv,-

1116 413 1248 446 χωροῦντι
1268 420 1275 427 ·
1296 410 1385 437 λοιπόν
1407 409 1432 438 δ’
1466 412 1496 438 ἂν
1529 412 1567 443 εἳη
1594 416 1658 452 πρὸς
1687 416 1719 440 τὸ
1753 418 1918 453 προκείμεμῇ

1116 453 1245 481 ὶπανιέναι
1257 457 1302 482 καὶ
1315 457 1347 482 τὰ
1358 460 1404 487 τῆς
1416 458 1562 494 προθέσεως
1577 462 1776 496 συμπεραίνειν,

1152 501 1249 530 Σκοπὸς
1261 503 1324 536 γοῦν
1335 501 1366 530 ἦν
1393 502 1455 538 ἡμῖν
1487 505 1544 540 περὶ
1576 508 1626 530 τῶν
1652 505 1835 542 ὑπαρχόντων
1864 504 1918 532 δια-

1118 543 1210 570 θέσθαι
1232 546 1277 570 καὶ
1304 547 1351 575 τὴν
1374 545 1398 572 ἐν
1421 548 1521 578 τούτοις
1547 548 1672 585 ἡμετέραν
1700 554 1813 586 γνώμην
1846 549 1918 579 εὗδε-

1117 587 1159 614 λον
1176 589 1266 617 Θείναι.
1287 593 1376 616 Τοίνυν
1396 593 1441 618 καὶ
1454 595 1661 630 συμπεραίνομεν
1690 592 1758 627 ἠδη,
1787 597 1836 621 τὸν
1866 605 1919 622 οπο-

1116 635 1164 659 πόν
1181 633 1334 670 πληροῦντες
1345 635 1383 672 (1)

1155 680 1205 704 Καὶ
1221 677 1370 715 βουλήσεως
1385 683 1465 712 οὕτως
1482 682 1586 719 ἔχομεν,
1607 682 1649 709 ἐπὶ
1677 687 1746 710 πᾶσι
1775 688 1836 716 τοῖς
1866 683 1919 711 οὖσι

1118 725 1166 752 τὴν
1177 727 1222 749 τοῦ
1239 723 1299 760 βίον
1329 728 1459 753 κοινωνόν.
1479 725 1518 752 ἐπ’
1546 725 1700 764 εὖδαιμονιᾳ
1731 730 1831 755 τούτου
1862 732 1920 766 πρὸ;

1117 767 1270 804 ὁμοψυχίαν
1302 768 1330 795 ἐκ
1353 772 1416 797 Θεοῦ
1457 774 1667 809 συνηρμσμένην,
1712 776 1808 809 κυρίαν
1851 776 1921 800 καθε-

1119 813 1223 845 στάναι,
1250 815 1294 839 καὶ
1321 823 1351 849 γε
1377 816 1427 851 πρὸ
1455 819 1504 841 τῶν
1533 815 1614 842 ἄλλων
1641 820 1688 846 τῆς
1715 816 1782 853 ἐμῆς

237 869 312 890 meae
328 869 431 890 curam
443 861 563 897 habeat,
578 861 727 898 quidquid
739 860 919 889 conveniens
938 861 993 895 est,
1009 866 1062 895 pro

1121 855 1247 894 φροντίδα
1284 859 1455 892 πεποιῆσθαι,
1491 863 1542 886 πᾶν
1575 861 1621 887 ὅσο
1660 864 1816 898 γιγνόμενόν
1855 862 1920 888 ἐστι)

238 913 274 934 ea
285 908 419 935 statuens
428 914 526 943 neque
541 906 741 934 sollicitudine
756 914 824 942 quia
849 905 904 941 ipsi
928 904 1063 937 debetur,

236 950 367 978 inferior.
384 952 418 979 Et
427 958 498 979 sane
512 951 620 979 animae
631 958 705 978 meae
719 951 851 978 studium
870 947 1065 977 habentilice-

236 994 280 1024 bit
293 995 418 1024 omnino
429 995 576 1033 quidquid
585 995 643 1033 ipsi
655 995 804 1025 videbitur
824 1003 860 1024 ex
878 993 954 1023 meis
977 993 1066 1023 bonis

237 1040 420 1076 impendere,
428 1049 526 1077 neque
537 1041 628 1069 ullam
640 1041 785 1069 rationem
795 1041 832 1069 de
842 1039 988 1076 impensis
998 1039 1064 1066 red-

237 1085 318 1113 dere.
339 1085 480 1114 autdeiis
494 1094 562 1122 quae
584 1086 685 1121 egerit.
713 1087 746 1114 Et
768 1085 836 1113 ﬁliis
859 1084 1062 1113 haereditatem

236 1131 391 1166 praestabit
406 1134 434 1159 et
444 1131 509 1159 aliis
520 1139 627 1166 genere
638 1131 825 1167 propinquis.
839 1132 873 1158 Et
881 1130 971 1158 servis
986 1130 1063 1158 bene

238 1175 333 1208 faciet,
350 1177 378 1203 et
395 1175 453 1204 alia
463 1176 566 1204 omnia
578 1184 633 1212 pro
645 1178 790 1212 potestate
799 1176 896 1209 faciet,
913 1177 945 1203 ut
972 1183 990 1203 a
1011 1183 1064 1204 no-

237 1219 284 1247 bis
294 1220 425 1256 plurima
440 1227 545 1248 eorum
565 1220 709 1253 dicentur,
730 1223 760 1248 et
783 1220 863 1249 dictu
886 1220 985 1256 magis
1013 1228 1064 1248 ne-

238 1265 370 1293 cessaria
384 1272 437 1301 per
450 1267 548 1301 partes
557 1267 753 1302 exponentur.

273 1402 360 1428 Porro
372 1398 444 1427 mihi
459 1399 501 1427 sic
510 1399 620 1428 volenti
633 1407 668 1428 ac
683 1399 852 1436 disponenti
867 1399 950 1428 nulla
964 1399 1062 1429 obstat

236 1443 284 1472 lex
300 1446 353 1472 aut
367 1444 542 1479 refragatur,
558 1452 655 1480 neque
667 1444 842 1473 contradicit
859 1454 865 1479 ;
877 1445 930 1473 sed
944 1453 1060 1479 omnes,

236 1490 270 1516 ut
279 1489 321 1517 ita
334 1488 446 1523 dicam,
457 1490 522 1516 tum
536 1488 655 1524 divinae,
667 1491 730 1517 tum
740 1489 882 1517 humanae
892 1489 972 1525 leges
983 1489 1022 1517 ad
1030 1489 1061 1517 id

1118 901 1181 938 ὑπὲρ
1216 902 1298 933 αὐτῆς
1329 903 1448 940 θεοφιλῶς
1483 905 1661 941 πράττουσαν,
1700 909 1746 932 καὶ
1784 912 1833 937 τῆς
1866 911 1919 944 περὶ

1120 949 1216 976 ταύτην
1253 947 1395 984 ἐπιμελείας
1428 949 1475 975 οὐκ
1515 949 1736 987 ἀπαλλατομὲνην,
1781 955 1836 979 Καὶ
1872 957 1919 989 μὲν

1121 992 1146 1018 ἐν
1159 995 1242 1029 τούτῳ
1257 995 1303 1022 τὴν
1321 992 1439 1023 σπουδὴν
1452 996 1552 1031 ἐχούσῃ
1575 995 1676 1027 ἐξέσται
1701 998 1787 1032 ταύτῃ
1819 999 1919 1028 πάντως

1118 1039 1164 1064 καὶ
1195 1039 1224 1064 τὸ
1251 1036 1345 1064 δοκοῦν
1377 1040 1482 1075 σύμπαν
1505 1039 1532 1065 ἐκ
1554 1044 1603 1066 τῶν
1627 1042 1790 1077 πραγμάτων
1822 1041 1920 1068 ἀνσᾶηὼ-

1120 1092 1175 1116 σαι,
1194 1081 1264 1119 μηδέ
1289 1093 1340 1109 τινι
1368 1088 1417 1110 τῶν
1451 1083 1569 1111 ἁπάντων
1592 1083 1725 1122 μηδαμῶς
1749 1085 1831 1122 λόγον
1867 1088 1920 1112 ὑπε-

1118 1129 1219 1164 χούσῃ,
1238 1130 1303 1164 μήτε
1322 1132 1371 1159 τῆς
1399 1127 1528 1164 δαπάνης,
1556 1132 1622 1166 μήτε
1646 1134 1697 1156 τῶν
1724 1134 1919 1168 πραττομένων.

1120 1175 1170 1198 Καὶ
1187 1175 1264 1199 παισὶ
1281 1173 1392 1211 κλήρους
1406 1177 1556 1212 χορηγήσει
1575 1177 1620 1201 καὶ
1645 1179 1699 1206 τοῖς
1726 1178 1850 1211 γνησίως
1882 1178 1920 1202 il-

1117 1217 1273 1253 λωςέχονσι
1292 1219 1357 1254 πρὸς
1371 1221 1453 1254 γένος.
1473 1221 1522 1245 Καὶ
1541 1219 1642 1251 οἰκέτας
1657 1220 1684 1246 εὖ
1718 1223 1841 1250 ποιήσει.
1876 1225 1920 1248 lim

1117 1261 1198 1288 τᾱλλα
1225 1263 1311 1289 πάντα
1334 1263 1427 1300 πράξει
1455 1264 1511 1289 κατ’
1541 1264 1670 1300 ἐξουσιαν,
1698 1266 1735 1296 ὡς
1775 1268 1824 1292 καὶ
1863 1268 1919 1301 ἡμῖν

1117 1306 1250 1343 αἱρήσεται
1282 1308 1315 1334 τὰ
1347 1307 1426 1334 πλείω
1457 1309 1554 1334 τούτων
1574 1311 1619 1335 καὶ
1654 1308 1751 1346 μᾶλλον
1791 1309 1919 1346 arva-711:1

1116 1350 1242 1387 λεχθῆναι
1258 1353 1326 1378 κατὰ
1338 1354 1415 1389 μέρος
1434 1352 1575 1381 ἐκτεθέντα.

1152 1397 1232 1433 Ἀτάρ
1253 1396 1310 1433 ἐμοὶ
1330 1397 1397 1423 οὕτω
1422 1396 1613 1434 βιϐουλημένῳ,
1640 1398 1696 1435 ἅμα
1723 1397 1753 1426 δὲ
1787 1402 1835 1426 καὶ
1865 1399 1920 1427 δια-

1116 1442 1250 1478 τιθεμένῳ,
1271 1441 1433 1471 ἆντιτίθησιν
1458 1441 1542 1473 οὐδεὶς
1565 1444 1668 1474 πάντως
1696 1442 1754 1470 οὐδ’
1782 1443 1919 1480 ἀντεπάγιι

1116 1490 1167 1512 τῶν
1182 1489 1277 1522 νόμων,
1291 1486 1414 1523 οὐμενοῦν
1433 1485 1491 1513 οὐδ’
1507 1487 1632 1523 ἀντιλέγει
1662 1498 1668 1504 ·
1694 1488 1760 1515 ἀλλά
1774 1492 1822 1515 καὶ
1844 1491 1918 1523 θεῖος,

237 1532 328 1561 simul
339 1532 446 1567 ferunt,
462 1533 534 1561 mihi
546 1541 656 1569 nempe
671 1536 703 1561 ut
715 1533 802 1562 liceat
821 1534 858 1562 de
877 1534 952 1562 meis
965 1534 1061 1562 facere

1118 1533 1148 1562 ὡς
1161 1531 1249 1565 εἰπεῖν,
1273 1531 1339 1562 ἅπας
1372 1533 1468 1568 θεσμὸς
1492 1535 1536 1559 καὶ
1564 1533 1726 1569 ἀνθρωπινος
1754 1535 1819 1570 πρὸς
1851 1536 1919 1561 τοῦθ’

235 1577 384 1614 quidquid
394 1577 471 1605 volo.
485 1578 526 1605 Ac
537 1577 625 1605 simul
636 1577 708 1614 quid
714 1578 824 1613 justius
834 1581 1018 1614 esset,quam
1029 1581 1063 1608 ut

236 1629 272 1650 ea
284 1629 352 1657 quae
362 1622 465 1650 omnia
472 1629 539 1658 quae
550 1624 668 1656 egomet
679 1623 752 1658 ipse,
767 1622 934 1658 participat,
950 1631 998 1651 me
1013 1623 1062 1652 de-

236 1666 348 1699 functo,
370 1674 462 1702 super
480 1666 517 1694 iis
532 1666 620 1694 bonis
638 1667 845 1702 constituatur,
865 1667 976 1704 quippe
994 1676 1062 1704 quae

235 1710 310 1738 nihil
322 1711 424 1738 minus
443 1718 535 1746 quam
551 1710 624 1747 ipse,
635 1711 675 1739 ad
690 1719 725 1740 ea
740 1719 864 1748 operam
881 1712 1062 1741 contulerit?

237 1755 365 1791 Contigit
375 1755 456 1783 enim
470 1755 570 1788 nobis,
587 1758 614 1784 et
629 1756 739 1784 mirum
755 1757 786 1784 in
802 1757 926 1785 modum
941 1758 1063 1794 contigit

237 1799 360 1828 domum
385 1800 545 1836 adaugere,
572 1807 634 1828 non
653 1801 745 1829 modo
768 1802 908 1830 metendo
924 1802 978 1830 ubi
1001 1811 1062 1831 non

234 1845 501 1881 seminaveramus,
509 1847 538 1874 et
549 1845 718 1880 colligendo
724 1846 805 1874 unde
812 1847 1060 1883 disperseramus,

234 1892 262 1918 et
277 1890 518 1919 benedictionem
533 1897 595 1918 non
611 1890 703 1919 modo
719 1891 758 1919 ab
787 1891 1000 1920 accedentibus
1015 1900 1062 1920 ac-

234 1935 383 1970 cipiendo,
400 1934 453 1963 sed
467 1937 496 1963 et
510 1935 549 1962 ab
561 1934 598 1962 iis
611 1935 663 1971 qui
673 1938 845 1964 nostrorum
856 1937 967 1964 conscii
977 1939 1062 1965 erant

234 1980 263 2007 et
280 1979 368 2007 nobis
380 1986 559 2016 prosperum
570 1987 742 2008 successum
757 1982 785 2008 et
795 1980 854 2008 alia
864 1980 947 2009 bona
958 1989 1060 2017 preca-

233 2023 344 2052 bantur
357 2034 363 2058 ;
376 2025 453 2060 (quis
462 2024 526 2052 sola
533 2024 609 2052 ratio
620 2032 708 2059 agros
715 2025 788 2053 solet
799 2025 925 2062 pingues
936 2026 1059 2055 reddere

234 2071 262 2097 et
272 2068 384 2097 fructus
397 2068 570 2105 producere,
588 2071 617 2097 ct
636 2069 743 2097 uberes
766 2070 877 2098 reditus
907 2072 935 2098 et
961 2070 1060 2099 abun-

233 2113 368 2142 dantiam
381 2113 573 2147 atl‘erre;dum
585 2115 737 2142 contraria
747 2115 823 2142 ratio
836 2115 922 2143 valde
933 2122 968 2143 ac
980 2116 1059 2151 juste

233 2158 362 2193 abradit,
378 2160 407 2186 et
421 2166 519 2195 neque
534 2167 672 2194 manum,
688 2167 785 2196 neque
797 2161 896 2188 sinum
916 2160 1060 2197 adimplet

233 2203 366 2232 metentis
382 2205 410 2231 et
420 2203 596 2240 colligentis)
611 2213 618 2239 ;
635 2204 688 2232 sed
707 2206 736 2232 et
749 2203 843 2232 ﬁrmis
862 2204 1017 2233 laboribus
1031 2207 1059 2234 et
1076 2216 1096 2243 D

233 2247 363 2276 consiliis
376 2247 598 2284 optimsehujus
624 2256 659 2276 ac
682 2248 828 2276 miranda
858 2249 969 2277 uxoris.
993 2251 1059 2278 Non

232 2293 263 2321 id
269 2293 396 2322 dicendo
405 2292 559 2331 erubesco,
570 2293 714 2322 veritated
720 2293 860 2322 omnibus
866 2301 1056 2330 prmponens.

232 2338 323 2367 Nobis
337 2337 505 2366 vitaﬂoruit
517 2346 553 2367 ac
572 2338 712 2367 multum.
727 2340 936 2376 quantumque
951 2339 1059 2368 licebat

231 2383 374 2420 profudit,
390 2383 456 2412 aliis
470 2391 506 2411 ex
517 2390 579 2411 non
592 2382 760 2411 minoribus
774 2383 873 2418 initiis,
901 2383 963 2412 imo
986 2392 1057 2413 vero

231 2435 268 2457 ex
281 2428 460 2464 majoribus,
476 2435 537 2456 non
552 2427 658 2456 eadem
677 2427 804 2464 adeptis.

1116 1576 1181 1612 ὁμοῦ
1215 1578 1348 1613 φέρουσιν,
1379 1575 1476 1608 ἐξεῖκαί
1499 1587 1544 1613 μοι
1575 1581 1657 1603 ποιεῖν
1688 1577 1731 1604 ἐπὶ
1760 1583 1817 1609 τοῖς
1851 1579 1920 1615 ἐμοῖς

1115 1623 1166 1647 πᾶν
1183 1621 1242 1647 ὅσον
1255 1620 1479 1658 βούλομαι.“Αμα
1503 1620 1534 1648 δε
1557 1624 1602 1648 καὶ
1629 1620 1732 1649 δίκαιον
1757 1626 1784 1649 τί
1809 1623 1842 1649 ἂν
1876 1627 1920 1660 γέ-

1116 1675 1184 1692 νοιτο
1214 1667 1308 1692 τούτου
1329 1675 1359 1702 γε
1384 1666 1489 1702 μᾶλλον,
1511 1667 1527 1696 ἡ
1561 1669 1608 1696 τὴν
1633 1668 1736 1694 πάντων
1778 1668 1812 1694 ὧν
1844 1669 1920 1699 αὐτὸς

1116 1711 1220 1747 μέτέχω
1247 1713 1291 1737 καὶ
1314 1712 1410 1740 ταύτην
1437 1711 1463 1743 ἐξ
1485 1711 1543 1738 ἴσου
1583 1714 1752 1748 μετέχουσιν,
1794 1713 1842 1739 ἁτε
1878 1717 1920 1740 καὶ

1116 1753 1199 1791 μηδεν
1232 1756 1308 1784 ἧττον
1336 1755 1420 1782 αἰτίαν
1447 1756 1616 1792 γεγενημένην
1640 1755 1705 1792 μηδ’
1741 1757 1848 1784 ὓαττον
1887 1761 1920 1789 εὶς

1116 1803 1199 1826 ταῦτα
1213 1799 1420 1836 συμϐαλομένην,
1437 1799 1475 1826 ἐπ’
1492 1800 1581 1832 αὐτοῖς
1609 1802 1723 1834 τούτοις,
1752 1802 1817 1838 ἐμοῦ
1847 1803 1919 1834 ὑπεξ-

1118 1845 1208 1879 ιόντος,
1241 1847 1286 1871 καὶ
1313 1844 1435 1876 καθάπαξ
1460 1844 1677 1880 ἐγκαταστῆναις
1715 1845 1833 1882 Ἐγένετο
1867 1849 1917 1882 γὰρ

1116 1889 1189 1925 ἡμῖν,
1211 1891 1256 1915 καὶ
1268 1890 1334 1915 πάνυ
1355 1899 1381 1915 τι
1391 1889 1476 1920 καλῶς
1502 1889 1608 1925 ἐγένετο,
1640 1891 1683 1916 τὸν
1712 1890 1785 1916 οἶκον
1808 1889 1918 1922 ἐπαυξῆ-

1117 1944 1173 1968 σαι,
1190 1934 1237 1960 οὐκ
1250 1935 1276 1960 ἐκ
1293 1937 1338 1960 τοῦ
1356 1934 1465 1971 θερίζειν
1479 1936 1555 1970 μόνον
1576 1935 1639 1960 ὅπου
1676 1937 1722 1960 καὶ
1750 1934 1914 1972 ἐσπείραμεν,

1115 1981 1157 2005 καὶ
1186 1980 1304 2015 συνάγειν
1331 1979 1387 2005 ὅθεν
1411 1977 1632 2016 διεσκορπίσαμεν
1657 1979 1708 2014 (2),
1732 1982 1779 2005 καὶ
1805 1989 1837 2016 γε
1870 1983 1915 2009 τὴν

1115 2024 1232 2060 εὐλογίαν
1247 2026 1283 2060 μὴ
1307 2025 1383 2059 μόνον
1410 2022 1437 2049 ἐκ
1460 2027 1511 2049 τῶν
1540 2025 1696 2061 παριόντων,
1726 2023 1792 2050 ἀλλὰ
1819 2034 1844 2051 τι
1871 2028 1914 2051 καὶ

1114 2073 1163 2096 τῶν
1178 2066 1333 2095 συνειδότων
1354 2068 1457 2094 πάντων
1487 2070 1532 2094 καὶ
1559 2071 1606 2097 τήν
1635 2068 1754 2097 εὐθηνίαν
1781 2069 1844 2106 ἡμῖν
1870 2073 1912 2095 καὶ

1114 2113 1194 2140 τᾶλλα
1224 2117 1274 2139 τῶν
1301 2112 1405 2149 ἀγαθῶν
1431 2115 1636 2150 συνευχομένων,
1663 2115 1835 2151 καρποῦσθαι
1851 2125 1857 2131 ·
1886 2115 1911 2146 ὃς

1115 2157 1148 2188 δὴ
1161 2161 1206 2184 καὶ
1221 2160 1298 2195 μόνος
1312 2160 1407 2196 τρόπος
1422 2157 1534 2196 ἀρούρας
1550 2156 1606 2184 οἶδε
1631 2160 1742 2184 πιαίνειν
1772 2161 1818 2185 καὶ
1851 2169 1913 2197 καρ-

1113 2205 1174 2234 ποὺς
1212 2202 1350 2241 ἐκτρέφειν,
1384 2205 1428 2229 καὶ
1466 2205 1597 2238 γεννιαίας
1619 2204 1665 2233 τὰς
1702 2201 1836 2235 ἐπιδόσεις
1869 2207 1913 2231 καὶ

1113 2250 1171 2280 τοὺς
1196 2248 1375 2284 πλεονασμοὺς
1401 2247 1536 2285 εἰσφέρειν,
1565 2249 1599 2279 ὡς
1632 2251 1680 2274 τοῦ
1722 2247 1839 2276 ἐναντίου
1886 2259 1914 2285 γε

1112 2295 1209 2324 παντός
1235 2297 1262 2319 εὗ
1288 2292 1358 2329 μάλα
1383 2295 1428 2319 καὶ
1457 2290 1569 2324 δικαίως
1596 2292 1843 2330 καταξηραίνοντος,
1870 2298 1913 2320 καὶ

1113 2341 1177 2375 μήτε
1194 2340 1242 2368 τὴν
1274 2342 1354 2375 χεῖρα
1379 2339 1444 2374 μήτε
1471 2338 1514 2364 τὸν
1544 2337 1638 2364 κόλπον
1666 2337 1827 2374 τληροῡντος
1867 2343 1912 2365 τοῦ

1114 2383 1259 2421 θερίζοντος
1275 2384 1320 2409 καὶ
1334 2383 1490 2418 συνάγοντος
1505 2393 1511 2399 ·
1527 2381 1591 2408 ἀλλὰ
1615 2391 1641 2408 τι
1667 2385 1713 2409 καὶ
1737 2387 1798 2414 ταῖς
1823 2383 1911 2415 καλαῖς

1113 2428 1280 2465 φιλοπονίαις,
1307 2426 1362 2464 οἶμα
1390 2425 1419 2454 δε
1442 2429 1487 2454 καὶ
1510 2429 1653 2465 περινοίαις
1747 2432 1797 2459 τῆς
1839 2429 1910 2454 πάντ’

231 2472 344 2511 ἀρίστης
375 2475 471 2504 ταύτης
503 2475 549 2499 καὶ
583 2470 735 2509 θαυμαστῆς
772 2473 915 2510 ὁμοζύγου.
945 2473 982 2501 Οὐ
1016 2475 1065 2514 γὰρ
1110 2475 1278 2511 ασχυνοίμην
1307 2472 1398 2509 λέγων,
1430 2473 1524 2504 παντὸς
1553 2471 1647 2509 μᾶλλον
1684 2477 1822 2510 προτιμῶν
1866 2476 1911 2503 τὴν

267 2563 316 2600 (Vt),
325 2562 372 2592 Sic
385 2561 546 2600 vernacule
566 2572 581 2588 ‹‹
601 2560 793 2600 remplissant
815 2562 841 2591 le
865 2563 931 2593 but.
964 2575 979 2590 ››
1005 2564 1062 2593 Sed

231 2597 285 2635 qui
299 2597 455 2634 diligenter
471 2597 607 2635 scribunt
620 2597 710 2626 talem
724 2598 867 2635 loquendi
879 2600 1004 2629 modum
1018 2602 1061 2629 [u-

233 2634 327 2672 giunt,
357 2635 442 2670 cujus
461 2634 638 2672 metaphora
658 2636 701 2662 est
727 2634 928 2672 inconcinna;
951 2644 1061 2672 scopus

233 2671 313 2698 enim
329 2671 470 2706 tangitur,
487 2677 548 2708 non
560 2670 723 2708 impletur;
742 2670 780 2698 ad
789 2678 915 2707 scopum
927 2670 1060 2708 pervcni-

233 2713 312 2740 mus,
328 2714 397 2734 eum
413 2705 474 2734 non
496 2705 667 2741 implemus.
691 2706 764 2734 Sunt
788 2705 887 2735 tamen
916 2705 963 2736 vel
986 2708 1059 2736 boni

235 2741 394 2777 scriptores
407 2741 460 2778 qui
480 2740 520 2769 ad
532 2740 612 2769 liunc
626 2741 758 2778 lapidem
769 2741 966 2778 impegerunt,
977 2743 1059 2772 aliud

235 2779 357 2811 agentes
371 2777 513 2814 profecto.
529 2778 658 2812 Possem,
678 2777 701 2804 si
716 2777 762 2805 his
783 2777 882 2808 essent
895 2779 943 2807 hic
961 2779 1057 2814 locus,

234 2812 345 2848 Harpii,
384 2811 586 2848 Campofortii,
613 2813 749 2844 vivorum
774 2815 864 2845 etiam
892 2823 1057 2851 eorumque

338 2833 345 2846 1
385 2833 586 2848 υνυυι-’“““¹¹“¹>

1115 2562 1599 2598 excellentissimorumhominum,
1607 2561 1743 2600 exempla
1749 2562 1779 2592 in
1786 2563 1909 2593 medium

1115 2601 1256 2637 proferre.

1149 2638 1190 2673 (2)
1202 2638 1346 2673 Respectn
1359 2634 1398 2664 ad
1410 2635 1474 2673 haec
1490 2634 1581 2673 verba
1607 2634 1736 2673 Μουῂωὶ
1750 2643 1821 2668 xxv,
1844 2638 1876 2665 24
1901 2645 1907 2663 :

1115 2671 1225 2709 Σκληρός
1245 2671 1267 2698 εῗ
1282 2672 1426 2709 ἄνθρωπος,
1444 2671 1550 2708 θερίζων
1568 2671 1632 2697 ὅπου
1653 2671 1700 2697 οὐκ
1720 2672 1853 2709 ἔσπειρας,
1868 2675 1907 2698 καὶ

1115 2706 1232 2744 συνάγων
1243 2709 1298 2744 ὅθεν
1312 2706 1341 2734 οὗ
1355 2706 1554 2744 διεσκόρπισας.

1112 2742 1283 2811 zeal-Cant.
1301 2743 1409 2772 similia
1424 2742 1506 2779 apud
1519 2744 1638 2779 Gregor.
1652 2742 1793 2780 Nazianz,
1809 2746 1828 2773 t.
1845 2745 1864 2779 Ι,
1881 2751 1906 2781 p.

1112 2799 1161 2809 μ-ιυι
1175 2799 1204 2808 υ.
