1959 3074
9 107 90 135 [481

725 98 998 134 ΤΕΞΤᾹΜΕΝΤΗΜι

1639 105 1708 134 1482

9 168 156 198 ἰλὴθίιαν·
173 166 338 196 ἑνευθήνησεν
352 166 425 202 ἡμῶν
440 166 454 193 ὁ
469 165 528 203 βίος
538 168 583 193 καὶ
596 166 716 193 πλιίστον
730 166 765 197 εἰς
780 167 841 193 ὅσον
855 167 908 193 οἷόν
920 177 947 193 τε
962 165 993 196 ἧν
1008 167 1034 199 ἐς
1061 169 1094 194 τὰ
1113 167 1229 204 μάλιστα
1263 167 1370 204 προῆκε,
1397 169 1446 192 τῶν
1479 165 1572 202 ἄλλων,
1599 166 1646 193 οὐκ
1681 166 1709 198 ἐξ

9 213 162 240 ;).αττόνων
175 215 225 238 τῶν
240 210 371 248 ἀφορμῶν,
387 211 451 238 ἀλλά
464 221 494 247 γε
506 214 552 238 καὶ
567 211 652 248 πολλῷ
662 211 798 248 μειζόνων,
811 211 840 237 οὐ
855 212 889 238 τὰ
902 210 949 238 ὶσα
961 215 1208 249 κατακτησαμένων.

49 257 128 294 Ἐγὼ
159 258 204 293 μὶν
237 257 288 293 γὰρ
321 255 378 282 ὅλον
415 255 524 292 ἐμαυτὸν
561 254 667 287 ἐπιδοὺς
694 259 750 287 τοῖς
779 258 827 282 τοῦ

923 258 974 292 Ego
994 257 1115 293 quidem
1123 259 1219 286 totum
1232 255 1476 292 meimperatoris
1482 255 1576 291 jussis
1587 255 1707 284 tradens

9 306 183 340 ερατοῦντος
216 300 375 337 κιλιύσμασι
405 303 449 327 καὶ
488 304 546 332 ταῖς
574 301 637 338 ὑπὲρ
663 305 712 327 τῶν
737 305 827 328 κοινῶν

9 348 186 385 πραγμάτων
215 345 362 382 ἀσχολίαις.
396 344 459 383 ἦγον
495 345 599 383 οὐδαμῇ
639 346 739 382 σχολὴν
777 349 827 372 τῶν

9 392 81 418 aut"
118 391 187 418 οἶκον
214 390 416 427 ἄπιστρέφεσθαι
447 393 492 418 καὶ
518 390 737 428 προσαναλίσκειν
769 391 828 417 τοὺ-

9 446 78 468 res;
95 445 188 466 πονονς
207 437 252 461 καὶ
271 433 420 473 φροντίδας
447 435 511 465 αῦτη
543 434 572 462 δὲ
595 437 624 461 τὸ
655 435 749 467 ἑαυτῆς
771 435 827 462 ὅλον

9 481 166 518 πληροῦσα
184 481 279 506 καὶτὸ
306 479 366 516 ἐμὸν
391 479 444 506 ἀντ’
474 479 536 516 ἐμοῦ
569 482 755 518 συνιισέφερεν,
785 480 829 512 Ἐξ

9 526 44 552 οὗ
65 524 108 555 δὴ
124 527 160 562 μὴ
181 527 258 562 μόνον
269 522 344 551 οὐδὲν
370 528 418 550 τῶν
453 526 539 559 ὄντων,
565 526 623 552 ὅποι
649 528 684 562 μὴ
712 529 829 562 προσῆκε

9 569 161 608 διαρρυὲν,
178 569 360 607 παραπὼλιτο,
380 568 443 595 ἀλλά
463 579 488 595 τι
517 571 562 596 καὶ
589 568 717 606 πρόσοδοι
744 571 826 607 ταύτῃ

9 618 65 642 καὶ
83 616 214 652 πορισμοί
240 615 268 640 ἐκ
295 612 405 640 δικαίων
434 618 484 640 τῶν
509 616 612 652 τρόπων
641 613 827 649 ἒπινοὴθησαν,

9 670 65 687 και
90 660 210 697 περισσὰ
236 663 273 694 τῷ
300 660 363 694 οἴκῳ
395 660 462 696 μιτὰ
489 659 583 690 πολλῆς
610 663 656 690 τῆς
680 662 740 696 περί
768 661 829 691 τοὺς

9 707 140 736 πένητας
166 703 372 739 εὐσπλαγχνίας,
402 703 497 730 πολλοῦ
529 713 573 730 και
603 708 649 730 τοῦ
681 704 829 741 περιαλγείν

9 759 66 776 και
84 753 143 780 τοῖς
164 746 335 784 δυστυχοῦσι
364 749 509 785 συμπαθῶς
538 747 758 785 ἔπικιίμπτεσθαι,
784 751 829 776 καί

9 803 46 830 γε
83 792 243 830 ὃιαρέροντα
279 796 328 819 τῶν
363 792 444 819 ἄλλων
483 794 629 829 γεγένηται,
662 803 707 820 και
745 794 830 830 πολλῷ

11 838 123 874 μᾶλλον
146 837 276 873 ἐπαινετὰ,
311 837 326 866 ἡ
357 838 423 863 κατά
459 839 505 866 τὴν
543 838 697 874 θαυμαστὴν
724 837 830 873 ἐκείνην,

11 891 67 909 και
91 885 183 919 μόναις
195 885 253 912 ταῖς
273 885 319 908 τοῦ
347 881 509 918 Σολομῶντος
536 885 650 919 σοφίαις,
676 881 779 920 οὐδαμῆ
805 882 830 910 δ’

13 927 119 961 ἄλλως,
149 926 329 964 ἐξευρημένην,
358 927 388 956 ἣν
417 926 466 962 ἐγὼ
491 931 671 965 σμικροπρεπῆ
697 937 755 954 τινα
787 937 866 967 καιΒ

15 974 238 1009 χειρωνακτικὴν
272 971 366 1007 μᾶλλον
397 971 506 1008 νομίζω,
531 974 596 1009 πρὸς
624 973 752 1009 ἄτρακτον
784 974 832 1004 τάς

177 1014 329 1053 ἱρείδονσαν
384 1026 428 1042 και
474 1015 604 1043 ταλασιῶν

15 1020 121 1055 χεῖρας
177 1016 277 1053 ἐρείδου
282 1025 329 1042 σαν
384 1026 428 1042 και
474 1016 604 1043 ταλασιὼν
661 1016 829 1054 ἐπιμελουμέ-

882 303 910 330 et
917 309 972 338 pro
982 302 1136 338 republica
1142 301 1308 336 laboribus,
1316 308 1475 337 nunquam
1482 300 1569 329 omisi
1575 299 1707 337 propriis

881 346 1054 375 incumbere
1079 346 1176 384 iisque
1201 354 1310 383 operas
1326 345 1581 381 cogitationesque
1594 345 1710 381 impen‘

882 390 961 420 dere.
970 391 1021 420 Illa
1027 399 1108 427 vero,
1115 391 1262 428 quidquid
1270 390 1308 419 ad
1317 398 1348 418 se
1359 390 1530 427 pertineret,
1537 389 1708 426 adimplens

882 435 923 472 id,
943 437 1027 473 quod
1041 437 1080 465 ad
1090 444 1137 465 me
1148 438 1294 473 spectaret
1303 443 1359 472 pro
1370 443 1418 463 me
1430 435 1611 463 conferebat.
1627 434 1711 462 Unde

882 489 944 510 non
960 482 1051 511 modo
1060 482 1134 510 nihil
1147 482 1298 510 bonorum
1310 480 1434 509 efﬂuens
1449 488 1509 517 quo
1518 488 1580 509 non
1595 481 1712 517 oporte-

881 526 943 562 bat,
971 526 1141 563 periitzsed
1165 528 1194 554 et
1220 526 1332 554 reditus
1357 527 1385 554 et
1412 525 1524 553 fructus
1557 532 1594 553 ex
1620 524 1711 560 justis

882 571 1048 600 rationibus
1060 571 1218 608 excogitati
1228 573 1306 606 sunt,
1315 572 1344 599 et
1352 569 1457 598 domni
1469 569 1632 606 superflua,
1642 577 1712 597 cum

882 615 977 645 multa
996 624 1069 652 erga
1080 624 1228 653 pauperes
1252 614 1624 650 misericordia,multaque
1640 621 1713 649 erga

882 660 1015 689 infelices
1030 661 1240 698 compassione
1251 662 1280 688 et
1295 659 1445 688 affectu.et
1461 659 1526 687 aliis
1540 659 1713 696 praestantia

883 714 1036 735 accessere
1050 709 1079 735 et
1092 705 1186 734 multo
1197 705 1305 741 magis,
1321 704 1410 733 laude
1420 704 1512 740 digna
1527 711 1621 740 quam
1640 711 1710 740 quae

883 750 990 779 mulier
1000 750 1053 779 illa.
1068 750 1217 784 miranda,
1231 749 1296 778 sola
1304 748 1472 778 Salomonis
1483 748 1639 785 sapientia,
1651 755 1713 775 non

884 797 984 823 autem
997 795 1128 831 aliunde,
1141 795 1272 828 inventa,
1283 794 1390 830 (quam
1399 801 1455 829 ego
1464 792 1640 821 illiberalem
1650 791 1714 828 opi‘

883 840 970 868 ficem
977 840 1076 877 potius
1082 840 1212 876 censeo),
1224 839 1375 868 adfusum
1389 846 1498 866 manus
1507 838 1673 866 admovens
1681 839 1711 866 et

883 884 986 913 laneas
997 886 1094 913 vestes
1123 883 1295 919 conﬁciens,
1314 886 1342 911 et
1354 882 1383 911 in
1393 883 1470 911 lanis
1483 890 1518 910 ac
1531 882 1713 911 vestimentis

886 937 921 958 ac
944 929 1115 965 duplicibus
1141 928 1280 962 lacernis,
1304 930 1333 956 et
1345 928 1426 956 victu
1436 930 1465 956 et
1477 928 1713 955 domesticorum

885 974 998 1002 mensis
1007 981 1042 1002 ac
1051 973 1160 1002 talibus
1173 973 1311 1002 virtutem
1320 974 1347 1001 et
1358 972 1497 1001 ardorem
1512 974 1542 1000 et
1554 971 1715 1008 magnani-

885 1019 1019 1047 mitatem
1046 1018 1186 1048 ostendit.

15 1071 83 1096 νην,
96 1071 142 1087 και
156 1063 216 1098 περί
228 1062 285 1098 ἔρια
297 1070 342 1087 και
357 1062 514 1098 ἱματισμοὺς
528 1071 573 1088 και
589 1059 686 1093 διο-σὰς
702 1062 821 1098 χλαίνας,
842 1072 886 1090 και
899 1066 1023 1100 σιτηγίας
1033 1073 1078 1089 και
1097 1063 1229 1100 τραπέζας
1260 1062 1364 1089 οἰκιτῶν
1389 1062 1437 1099 (1),
1464 1071 1509 1088 και
1534 1065 1654 1096 τοιαῦτα,
1683 1061 1714 1088 τὸ

19 1108 152 1133 σύντονον
161 1115 207 1132 και
223 1104 368 1132 σπουδαῖον
383 1115 427 1132 και
443 1106 601 1143 μεγαλοφυὲς
622 1105 770 1135 duxi/fiam.

60 1150 134 1178 Ἀλλ’
172 1152 233 1188 ὅπερ
270 1151 342 1187 ἔφην,
377 1153 428 1177 τίνι
465 1151 560 1187 μαλλον
596 1151 759 1189 ἐπιτρεπτέον
800 1151 830 1180 ἂν

21 1197 65 1225 εἴη
82 1195 139 1232 μετ’
156 1195 198 1232 ἐμὲ
226 1196 258 1221 τὰ
284 1194 342 1222 κατ’
380 1195 423 1232 ἐμὲ
446 1205 491 1222 και
520 1197 642 1234 ἠμίτιρα,
672 1197 694 1224 εἰ
720 1200 756 1235 μὴ
786 1207 831 1224 και

21 1243 118 1278 παρὼν
148 1241 197 1276 ᾔγε
236 1244 320 1266 ταῦτα
359 1240 544 1278 ἐπιτετράφθαι
569 1239 623 1268 dri-1
661 1243 750 1278 ἔγνων,
787 1252 832 1270 και

23 1285 228 1322 ἐπιτέτραπται.
256 1284 328 1314 Αῢτη
359 1295 404 1311 και
439 1285 521 1316 καλῶς
551 1286 606 1322 οἶμα
635 1296 680 1313 και
709 1287 833 1324 θεοφιλῶς

23 1330 208 1366 οἰκονομήσει,
240 1331 287 1359 τὴν
319 1329 361 1356 ἰπί
391 1329 472 1356 πᾶσιν
515 1330 634 1362 ἐξουσίαν
678 1341 722 1358 και
766 1332 831 1359 ἐλευ-

23 1376 118 1411 Θερίαν
136 1378 183 1400 τοῦ
199 1372 265 1411 δρᾴν
279 1375 347 1400 κατὰ
367 1372 494 1411 βούλησιν
522 1374 676 1411 ἀνέγκλητον
704 1377 832 1408 παντελῶς

21 1429 70 1446 και
81 1421 192 1456 κριίττω
212 1417 386 1456 δικαστηρίου
404 1421 501 1451 παντὸς
518 1421 630 1456 ἔχουσα,
659 1420 734 1447 πάντ’
767 1421 832 1448 ἐσεῖ-

23 1473 72 1490 ται
103 1465 286 1501 συμφερόντως
313 1463 368 1500 οἶμα
395 1473 440 1490 και
471 1466 588 1501 κοσμίως
621 1463 830 1502 διαπραξαμένη.

25 1511 78 1534 Καί
96 1510 159 1539 τοὺς
177 1507 298 1546 κλήρους,
327 1510 393 1546 πρὸς
421 1509 468 1538 τήν
502 1508 566 1546 ἐμὴν
596 1510 683 1547 ὁρῶσα
714 1513 830 1547 γνώμην,

25 1555 111 1584 οὕτως
128 1553 275 1590 παρέξεται.

64 1587 172 1634 Πρῶτον
188 1599 233 1633 μὲν
247 1597 290 1623 οὖν
305 1597 368 1634 ὑπὲρ
386 1601 432 1628 τῆς
451 1597 525 1634 ἐμῆς,
557 1599 618 1636 ὅπερ
654 1600 726 1636 ἔφην,
762 1599 833 1636 φίλος
848 1587 868 1614 C

23 1645 139 1672 πονήσει
149 1642 252 1678 ψυχῆς.
275 1644 325 1669 Καὶ
353 1646 401 1674 τῆς
427 1643 576 1679 φιλοπονίας
603 1645 676 1671 ἔσται
702 1646 732 1671 τὸ
762 1649 832 1683 πρῶ-

24 1696 79 1713 τον·
107 1691 139 1724 τῇ
168 1691 213 1713 τοῦ
245 1691 312 1714 Θεοῦ
334 1690 425 1725 μητρί,
452 1689 518 1725 πρὸς
546 1689 577 1717 ἦν
605 1698 650 1715 και
682 1689 706 1716 ἐν
732 1689 832 1722 κοιλίας

25 1731 167 1770 ἓπιρρίφην
193 1733 301 1769 μητρὸς,
330 1742 373 1758 και
401 1733 431 1762 ἣν
455 1736 501 1759 τοῦ
531 1732 592 1770 βίον
634 1736 728 1765 παντὸς
770 1744 832 1772 κρα-

25 1779 104 1803 ταιὰν
143 1778 241 1806 σκέπην
272 1777 375 1811 ἐθέμην,
459 1775 492 1806 δὴ
538 1781 583 1805 καὶ
629 1781 832 1816 προσεκπντύσω

25 1820 115 1852 ἡδέως
146 1831 176 1847 το
199 1824 301 1858 πνεῦμα
327 1831 472 1858 προεμενος,
501 1825 583 1859 κακίᾳ
599 1825 644 1859 μὲν
670 1825 742 1861 πάσῃ
787 1827 832 1850 καὶ

26 1876 142 1904 πονηρίᾳ
155 1865 325 1897 δεδουλευκὸς
347 1869 435 1893 πίστιν
470 1865 496 1893 δ’
521 1869 590 1904 ὅμως
613 1869 692 1905 ὀρθὴν
718 1871 762 1895 καὶ
785 1872 832 1898 τὴν

27 1911 198 1947 ιὺαγγελικὴν
220 1911 375 1948 πιερισῶζον³
403 1914 448 1938 καὶ
477 1910 525 1938 διὰ
554 1914 652 1942 ταύτην
683 1915 763 1950 μόνην
788 1916 832 1940 καὶ

26 1957 75 1987 τὰς
93 1955 120 1982 ἐν
133 1959 169 1991 τῷ
185 1955 236 1992 βίῳ
258 1958 395 1992 γενομένας
420 1955 569 1993 ἀντιλήψεις
599 1957 720 1996 θαρροῦν,
749 1957 832 1994 μηδὲν

27 1998 152 2037 ἐμποδὼν
181 2004 229 2031 τῆς
256 2005 305 2027 τῶν
334 2000 400 2038 ἐμῶν
425 2003 525 2038 τρόπων
562 2005 733 2039 γεγενημένης
770 2014 833 2040 φαυ-

26 2045 148 2078 λὸτητος,
164 2046 244 2082 ταύτῃ
260 2043 306 2078 δὴ,
323 2048 367 2072 καὶ
391 2043 438 2072 διὰ
461 2048 558 2075 ταύτην
591 2051 622 2084 τῇ
651 2047 829 2085 ἀνατιθειμένῃ

26 2091 113 2127 ταύτῃ
129 2093 193 2126 μονῇ
210 2092 254 2116 καὶ
266 2090 327 2127 παρ’
341 2091 415 2127 ἡμῶν
444 2090 470 2122 ἐξ
499 2091 582 2118 αὐτῶν
614 2090 738 2130 ἱδρυμενῃ
763 2102 832 2131 κρη-

26 2133 126 2167 πίδων,
147 2137 264 2172 χρυσίον
287 2137 437 2171 νομίσματα
458 2156 464 2163 .
484 2154 493 2163 .
515 2157 521 2164 .
544 2157 550 2163 .
573 2157 581 2165 .
601 2138 829 2173 καθοσιώσαιφ).

27 2181 114 2215 ταύτῃ
133 2181 178 2205 καὶ
203 2181 247 2205 τὸν
276 2178 335 2216 ὶμόν
363 2183 432 2216 χοῠν
458 2180 606 2218 προσρῖψαι
634 2184 679 2207 καὶ
703 2181 832 2219 βόρϐορον

27 2225 58 2250 τὸ
73 2225 168 2261 μιαρὸν
190 2228 276 2260 σῶμα,
296 2227 341 2251 καὶ
365 2224 466 2261 κρύψαι
490 2227 518 2251 τὸ
547 2224 693 2263 ἀκάθαρτον
718 2231 754 2262 τῷ
785 2237 832 2253 κα-

29 2269 103 2305 θαρῷ
118 2267 209 2305 ὶδᾱφιι
223 2273 268 2295 τοῦ
283 2270 361 2307 ἱεροῦ,
376 2268 459 2306 μηδὲν
473 2271 518 2307 μὲν
533 2271 626 2297 τούτου
659 2269 724 2308 μηδ’
750 2273 832 2299 οῖπτε-
848 2266 871 2293 D

30 2314 95 2340 σθαι
111 2318 255 2349 προσῆκον,
269 2315 309 2340 ὅτι
333 2312 403 2351 μηδὲ
434 2316 537 2352 θεμιτὸν
564 2315 710 2354 ἀκάθαρτον
739 2316 832 2354 ἐγγὺς-

31 2358 97 2384 ἰέναι
121 2359 171 2384 τῶν
198 2359 329 2396 καθαρῶν,
355 2362 400 2386 καὶ
430 2358 476 2386 διὰ
500 2364 577 2387 τοῦτο
607 2363 710 2398 μακρὰν
739 2361 832 2392 ἀπελη-

29 2401 130 2429 λοίσϐαι
146 2402 241 2440 μᾶλλον
257 2402 370 2437 δίκαιον,
395 2407 439 2431 καὶ
470 2404 582 2437 ἔξῶσθαι
609 2408 655 2433 καὶ
676 2406 832 2445 ἀπεῤῥίφθαι

31 2446 140 2484 ἀχρεῖον
169 2447 193 2473 ἐν
220 2447 336 2485 ἀχρείοις
369 2451 414 2475 καὶ
440 2447 550 2486 βέϐηλον
574 2449 598 2476 ἓν
624 2449 755 2487 βεϐηλοις.
783 2454 832 2478 Καὶ

31 2491 67 2521 ὥς
101 2493 139 2527 (3)
163 2491 215 2519 ἐκεῖ
245 2491 274 2519 δὲ
298 2495 412 2530 κείμενον
443 2493 600 2521 ἀνακάλεσαι
639 2497 681 2529 σὺ,
720 2496 833 2533 πάναγνε

30 2536 151 2573 παρθένε,
171 2539 217 2563 καὶ
245 2542 324 2575 μῆτερ
347 2542 393 2564 τοῦ
421 2540 486 2577 πρὸς
509 2539 620 2570 ζήτησιν
647 2539 762 2572 ἐλθόντος
788 2544 833 2568 τοῦ

69 2635 109 2671 (1)
126 2634 212 2664 Prov.
231 2644 315 2677 XXXI,
331 2638 363 2666 10
380 2645 390 2677 Ξ
410 2640 538 2677 ΓυναῖκαΔ
550 2636 672 2677 ἀνδρείαν
690 2641 731 2670 τίς
760 2639 834 2677 εὑρή-

34 2679 95 2707 σεις
109 2691 116 2698 .
138 2691 146 2699 .
169 2691 175 2699 .
195 2675 345 2710 μηρυομένη
377 2675 435 2710 ἔρια
455 2677 500 2701 καὶ
531 2674 610 2709 λίνον,
644 2674 763 2704 ἐποίησεν
788 2674 834 2702 ἐὗ-

32 2714 154 2743 χρηστον
174 2712 234 2747 ταῖς
261 2711 357 2747 χερσὶν
386 2710 465 2741 αὐτῆς
486 2731 492 2738 .
515 2732 521 2739 .
544 2731 552 2738 .
572 2712 617 2738 καὶ
641 2710 779 2738 ἀνίσταται
806 2711 834 2738 ἐκ

32 2746 131 2785 νυκτῶν
146 2746 191 2770 καὶ
206 2742 437 2783 ἔδωὶιῖβρώματα
464 2751 500 2783 τῷ
529 2748 592 2785 οἴκῳ
618 2749 662 2775 καὶ
690 2748 753 2785 ἔργα
777 2751 834 2780 ταῖς

35 2779 197 2815 οιραπαιναι.
307 2776 312 2782 ”
327 2776 332 2782 ”
365 2776 370 2783 ’
486 2776 490 2783 ’
578 2776 583 2785 ’

193 2825 316 2855 Panos.
336 2826 387 2856 Gtt.
407 2827 481 2857 CXL.

922 1153 988 1187 Sed,
1005 1155 1038 1181 ut
1056 1152 1204 1186 dicebam.
1224 1151 1345 1180 cuinam
1360 1153 1428 1188 post
1442 1159 1490 1180 me
1515 1151 1614 1188 potius
1634 1157 1715 1179 Come

886 1197 1062 1226 mendarem
1077 1206 1146 1234 quae
1160 1197 1200 1226 ad
1219 1205 1268 1225 me
1278 1197 1427 1234 pertinent
1440 1204 1476 1225 ac
1491 1199 1602 1229 nostra,
1615 1195 1672 1223 nisi
1687 1197 1716 1224 et

886 1242 1068 1280 praesensilli
1092 1242 1298 1271 commendari
1320 1243 1457 1278 oportere
1478 1241 1647 1269 statuissem
1663 1249 1670 1268 :
1685 1242 1714 1268 et

886 1287 927 1316 illi
941 1287 1153 1316 commendata
1167 1289 1247 1315 sunt.
1260 1286 1310 1314 Illa
1323 1287 1402 1314 enim
1414 1288 1441 1314 et
1454 1286 1530 1314 bene
1541 1287 1569 1313 et
1579 1284 1715 1320 religiose

887 1331 1117 1365 administrabit,
1129 1334 1157 1359 et
1172 1339 1241 1360 cum
1257 1330 1288 1359 in
1301 1331 1403 1359 omnia
1414 1332 1601 1367 potestatem,
1618 1332 1645 1357 et
1660 1336 1715 1365 pro

886 1376 1039 1405 voluntate
1050 1375 1159 1410 agendi
1173 1375 1340 1403 immunem
1351 1375 1517 1402 libertatem
1530 1377 1556 1402 et
1569 1373 1654 1402 omni
1665 1374 1716 1401 tri-

886 1420 991 1448 bunali
1007 1420 1153 1456 majorem
1167 1419 1307 1448 habitura
1317 1421 1371 1455 est,
1388 1418 1490 1447 omnia
1505 1417 1716 1446 convenienter

887 1468 914 1494 et
924 1465 1014 1501 digne
1025 1467 1156 1502 peraget.
1170 1466 1204 1492 Et
1225 1464 1414 1492 hwreditates
1438 1463 1478 1492 ad
1501 1471 1602 1492 meam
1622 1464 1716 1491 atten-

887 1511 962 1539 dens
987 1513 1129 1547 mentem,
1154 1510 1195 1538 ita
1219 1508 1448 1538 administrabit.

922 1601 1019 1629 Primo
1039 1599 1162 1637 quidem
1188 1599 1225 1628 de
1246 1606 1314 1628 mea
1325 1598 1437 1631 anima,
1451 1599 1484 1626 ut
1497 1597 1568 1631 dixi,
1590 1595 1716 1626 sollicita

886 1646 949 1674 erit.
964 1647 1004 1674 Ea
1024 1646 1088 1682 ejus
1102 1645 1201 1682 prima
1216 1652 1288 1673 cura
1303 1643 1349 1678 sit,
1361 1643 1410 1671 Dei
1424 1642 1566 1678 genitrici,
1581 1641 1611 1669 in
1627 1641 1715 1677 cujus

887 1691 997 1723 sinum,
1026 1690 1097 1718 inde
1120 1698 1136 1718 e
1154 1692 1257 1718 ventre
1279 1688 1394 1723 matris,
1413 1687 1565 1724 projectus
1592 1695 1670 1722 sum,
1687 1688 1717 1714 et

887 1743 979 1772 quam
995 1735 1060 1764 vitae
1075 1735 1175 1764 omnis
1189 1734 1323 1763 validam
1339 1733 1546 1770 protectricem
1558 1731 1714 1768 proposui,

886 1780 933 1808 cui
941 1780 1073 1816 spiritum
1082 1779 1304 1815 commendans,
1314 1779 1398 1806 laetus
1409 1776 1584 1813 cxspirabo;
1599 1776 1717 1813 quispi-

885 1824 1046 1859 ritus,1icet
1055 1824 1137 1853 omni
1146 1823 1264 1852 malitia:
1272 1831 1307 1851 ac
1317 1822 1456 1859 parvitati
1463 1821 1607 1855 servierit,
1621 1821 1714 1849 ﬁdem

887 1872 987 1898 tamen
998 1877 1100 1898 veram
1116 1871 1144 1897 et
1159 1868 1363 1903 evangelicam
1380 1866 1518 1900 servavit,
1535 1868 1563 1894 et
1577 1872 1630 1902 per
1647 1873 1716 1893 eam

888 1913 986 1942 solum
1002 1922 1037 1942 ac
1052 1915 1174 1950 propter
1191 1921 1243 1941 eas
1255 1920 1323 1949 quae
1336 1912 1368 1939 in
1377 1911 1448 1946 vita,
1465 1910 1575 1946 gratias
1589 1909 1714 1946 accepit,

887 1958 1021 1992 conlidit,
1038 1966 1099 1986 non
1114 1958 1252 1986 obstante
1261 1964 1381 1985 morum
1396 1963 1532 1984 meorum
1546 1953 1675 1987 miseria,
1685 1953 1716 1981 Ei

887 2007 915 2033 et
931 2005 1054 2040 propter
1065 2011 1132 2030 eam
1147 2001 1201 2030 soli
1214 2001 1325 2038 templo
1337 2009 1355 2029 Β.
1373 1999 1462 2029 nobis
1478 2007 1496 2028 θ.
1508 1998 1712 2028 fundamentis

887 2051 994 2082 erecto,
1003 2055 1109 2076 aureos
1115 2055 1258 2074 nummos
1359 2052 1543 2073 consecrare.
1554 2045 1613 2072 Hoc
1620 2051 1714 2080 prope

887 2093 1032 2130 templum
1047 2092 1116 2121 volo
1140 2099 1225 2120 meos
1249 2091 1363 2119 cineres
1388 2092 1417 2118 et
1437 2089 1545 2121 lutum,
1569 2088 1715 2116 miserum

886 2139 944 2167 hoc
957 2145 1066 2174 corpus
1081 2136 1201 2173 deponi,
1215 2139 1241 2165 et
1251 2137 1404 2172 impurum
1415 2142 1491 2172 puro
1501 2133 1603 2170 templi
1612 2133 1715 2161 limine

887 2182 1044 2216 abscondi,
1058 2181 1140 2218 quod
1154 2181 1246 2209 limen
1259 2180 1333 2209 nihil
1343 2183 1444 2208 tamen
1454 2181 1576 2213 tangere
1583 2177 1714 2212 deberet,

887 2237 922 2257 eo
937 2228 1020 2265 quod
1031 2226 1114 2255 nefas
1131 2225 1343 2262 sitquidquam
1354 2224 1465 2261 impuri
1475 2223 1558 2260 quod
1565 2223 1715 2251 mundum

887 2276 930 2302 est
943 2276 1076 2309 tangere,
1092 2274 1120 2300 et
1136 2271 1251 2308 justum
1266 2272 1342 2298 esset
1361 2278 1463 2298 meum
1489 2276 1598 2305 corpus
1625 2267 1715 2303 longe

887 2318 968 2355 rejici
983 2321 1012 2346 et
1027 2316 1134 2354 expelli
1143 2318 1231 2344 inane
1240 2316 1270 2344 in
1282 2315 1383 2344 inania
1395 2317 1422 2344 et
1436 2315 1596 2351 profanum
1606 2313 1637 2341 in
1647 2321 1716 2350 pro-

887 2364 967 2393 fana.
976 2362 1202 2398 Etulibijacens
1212 2369 1322 2397 corpus
1332 2368 1451 2388 revoces
1464 2362 1503 2395 tu,
1520 2359 1716 2387 Immaculata

887 2408 986 2444 Virgo,
996 2409 1125 2436 etmater
1139 2406 1220 2434 Illius
1234 2413 1285 2442 qui
1299 2413 1367 2433 eum
1377 2405 1429 2441 qui
1445 2405 1595 2433 erraverat
1606 2403 1715 2440 quassi-

888 2455 952 2481 tum
967 2453 1058 2481 venit.
1076 2459 1146 2480 eum
1160 2451 1213 2488 qui
1227 2449 1368 2479 omnibus
1381 2449 1476 2485 culpis
1489 2450 1516 2476 et
1531 2447 1618 2476 malis
1635 2447 1715 2475 dela~

887 2506 960 2535 psus
972 2500 1044 2533 erat,
1057 2500 1085 2526 et
1098 2497 1150 2534 qui
1161 2503 1270 2525 manus
1280 2495 1311 2523 in
1321 2502 1408 2524 cruce
1419 2493 1593 2526 tetenderat,
1607 2500 1670 2521 non
1682 2494 1715 2521 ut

888 2543 1048 2573 attraheret
1060 2544 1089 2572 et
1102 2543 1256 2571 revocaret
1276 2542 1306 2570 et
1328 2539 1457 2569 salvaret
1469 2539 1567 2575 justos
1586 2539 1713 2574 tantum,

925 2641 964 2684 (2_)_
989 2641 1132 2671 Relictum
1161 2644 1208 2670 est
1231 2641 1280 2671 hic
1306 2643 1339 2669 ut
1362 2643 1390 2669 et
1415 2638 1505 2684 infra,
1523 2636 1715 2684 nornwscmel.

889 2681 1172 2719 s_patium_vacuum,
1188 2685 1249 2714 quo
1260 2684 1455 2719 nummorum
1467 2681 1716 2719 numerus,_non-

888 2712 1001 2778 dimLa
1021 2712 1168 2743 testatore'
1193 2712 1381 2747 constitutus,
1408 2714 1511 2749 postea
1538 2712 1639 2747 posset
1669 2712 1716 2737 in-

888 2757 946 2778 sert
970 2758 989 2778 ι.

888 2757 989 2778 ευτωι.

923 2786 963 2823 (3)
994 2785 1105 2821 Codex,
1128 2786 1171 2818 ὡς.

1538 2827 1575 2859 4Ἱ
1695 2837 1716 2861 ,τά
