1959 3074
9 129 98 158 1489

743 122 1010 154 τΕεΤΑΜΕΝΤυΜ.

1645 118 1717 150 4490

8 190 169 230 κερδανεῖς
188 189 274 219 πλέον.
306 187 433 217 Ἐνταῦθα
456 199 502 226 μοι
522 190 633 216 κένωσον
659 190 705 215 καὶ
729 188 759 214 τὸ
778 198 781 213 ι

941 186 1006 223 ique
1025 185 1160 221 debetur,
1179 186 1247 222 post
1277 191 1375 213 meam
1395 184 1532 218 mortem,
1551 183 1638 212 matri
1657 185 1714 212 tua:

8 236 181 269 ξπιϐσίλλον,
203 237 248 262 καὶ
276 237 326 261 πᾶν
356 236 384 262 τὸ
415 244 482 272 προς
510 233 681 271 ἀμφοτέρους,
714 236 760 259 τοῦ
786 241 836 258 πα-

8 283 80 320 πρὸς
110 280 299 314 ὑπικστάντος,
326 283 356 316 τῇ
391 281 473 316 μητρὶ
496 278 604 316 πρᾱξον,
637 278 835 314 εὐγνωμοσύνην

8 326 168 353 ἀνόθευτον
196 324 238 351 ἐπὶ
264 325 373 358 τούτοις,
402 325 519 353 ὑπακοὴν
548 324 676 361 πρόσθες,
705 321 835 359 ἐκπλήρω-

10 381 63 398 σιν
109 370 286 406 ἐνταλμάτων,
315 370 344 395 τὸ
373 369 448 395 πάνθ’
492 368 593 405 ἕτοιμον
629 367 694 394 εἶναι
719 367 832 403 τοσαύτῃ

9 418 66 441 καὶ
103 415 216 451 τοιαύτῃ
254 413 363 449 θεοφιλιῖ
395 415 477 450 μητρὶ
518 413 673 448 πειθαρχεῖν
697 414 742 437 καὶ
760 410 835 447 φιλά-

10 458 125 491 ποιιδι,
149 461 191 485 σοὶ
209 461 310 496 πρῶτον
334 460 378 487 τὴν
398 460 487 487 ὄνησιν
512 458 609 493 ἔχοντα
634 456 758 485 πλείστην
790 457 836 481 καὶ

10 507 174 541 μεγίστην,
197 503 279 529 Καλόν
300 512 341 529 σοι
367 505 413 528 καὶ
436 502 507 538 μάλα
520 512 546 528 τι
566 505 685 528 συνοῖσον
705 499 835 528 εὐσέϐειαν

12 551 166 586 μητρικην
206 547 381 580 εὐλαϐεῖσθαι,
411 549 456 573 καὶ
498 549 545 577 τὴν
573 547 668 576 πολλὴν
701 546 780 576 αὐτῆς
811 544 836 571 ἐν

14 598 95 620 πᾶσι
129 594 279 630 θεραπεύειν
298 591 441 619 εὐλάϐειαν.
468 595 557 618 Ταῦτα
584 589 617 621 δὴ
645 594 743 628 πρᾶττε
759 600 766 607 ·
791 592 836 616 καὶ

15 642 80 670 τοῖς
123 636 246 674 ἀδελφοῖς
275 636 331 663 ἀντὶ
359 638 455 674 πατρὸς
480 638 536 671 ἔσο,
558 636 679 673 φιλόπαις
707 636 771 672 ὁμοῦ
790 636 835 661 καὶ

15 681 199 720 φιλάδελφος,
237 682 339 719 εἰρήνην
378 684 426 711 τὴν
455 681 510 718 μετ’
552 681 636 707 αὐτων
663 683 708 707 καὶ
733 681 835 706 πάντων

15 726 213 765 μεταδιώκων,
245 726 348 763 ἀγάπην
379 726 402 752 ἐν
429 727 551 755 εύθύτητι
583 725 674 762 ψυχῆς
713 725 744 754 ἣν
771 726 836 755 Θεὸς

17 772 205 809 ἐγκελεύεται.
239 772 437 808 Ὑπερηφανείας
469 772 644 809 ύπερφονητὴς
667 771 734 801 ἴσθι,
778 769 835 796 κατ’

18 815 139 848 οὐδενὸς
153 818 198 853 μὲν
214 820 264 843 τῶν
287 815 379 847 ἄλλων,
395 815 451 842 κατ’
473 815 555 846 αὐτῆς
575 813 605 841 δὲ
617 817 662 840 καὶ
683 816 761 851 μόνης
776 813 836 845 ὅλας

18 863 72 893 τὰς
102 862 185 897 ὀφρῦς
213 860 362 896 ἐπηρμένος,
392 862 436 886 καὶ
466 861 581 896 γενναῖος
608 869 646 889 τις
667 860 729 896 πρὸς
756 858 835 887 αὐτὴν

21 905 65 932 ἀεὶ
113 906 351 943 παρατεταγμένος,
391 905 458 931 ὥστε
486 906 520 941 μή
551 914 577 930 τι
606 907 713 940 φανῆναι
752 903 834 939 ταύτῃ

22 948 244 986 δεδουλωμένος,
260 947 382 976 Ἀδικίαν
396 948 423 980 ὶξ
446 948 504 979 ὅλης
531 948 623 985 ψυχῆς
649 946 836 985 βδελυξάμενος

21 997 162 1031 μίσησον,
193 996 243 1021 Καί
256 994 294 1030 γ’,
323 995 347 1020 ἓν
371 994 471 1024 τούτοις
498 994 567 1029 ἔχων
592 994 637 1019 καὶ
663 993 835 1025 κατευθύνων,

21 1042 112 1066 πᾶσιν
140 1038 164 1064 ἐν
181 1037 290 1074 ἀγαθοῖς
306 1039 378 1071 ζῆθι,
398 1040 443 1064 καὶ
466 1042 516 1064 τῶν
537 1041 583 1064 τοὺ
610 1040 725 1073 πονηροῦ
743 1040 835 1063 πασῶν

23 1087 163 1120 μηχανῶν
217 1082 341 1120 ἀνώτερος
387 1084 432 1108 καὶ
470 1080 625 1119 ὑψηλότερος
676 1082 835 1118 περισώζου,

25 1126 116 1164 μηδὲν
140 1130 195 1158 τοῖς
222 1127 302 1153 αὐτοῦ
332 1128 447 1165 κέντροις
468 1129 534 1163 μήτε
557 1125 748 1162 πλησσόμενος,
775 1127 837 1161 μήτε

26 1172 223 1209 βλαπτόμενος.
248 1171 348 1208 Βλάψοι
368 1181 396 1198 σε
425 1169 454 1198 δὲ
483 1173 528 1198 καὶ
556 1169 650 1207 μηδείς
678 1170 759 1208 ἔτρος,
782 1173 838 1200 ταῖς

27 1217 128 1244 ἐκείνου
146 1214 294 1253 μεθοδείαις
319 1215 356 1252 (1)
385 1218 430 1242 καὶ
458 1217 563 1252 τέχναις
589 1217 760 1251 κεχρημένος,
793 1216 839 1240 καί

26 1272 58 1298 γε
85 1265 200 1299 φανερῶς
227 1260 397 1287 ἐπιϐουλεύων
428 1261 443 1290 ἣ
482 1259 584 1296 ἀφανῶς
612 1259 744 1296 βλάπτων.
788 1261 838 1285 Καί

29 1307 145 1332 ἓντειναι
178 1315 223 1332 και
255 1306 392 1342 κατόρθου,
432 1304 570 1331 ἐπιϐαίνων
600 1313 645 1330 και
684 1307 838 1329 καταπατῶν

30 1361 77 1377 και
105 1350 240 1388 δράκοντα
268 1351 313 1387 μεν
353 1349 456 1376 σκολιὸν
485 1349 576 1376 σκολιά
603 1358 646 1375 σοι
671 1348 839 1384 σοφιζόμενον

32 1405 79 1421 και
103 1395 267 1430 ἐπινοοῦντα,
295 1393 360 1421 ἀλλὰ
385 1404 430 1421 και
450 1394 539 1420 λέοντα
562 1394 599 1428 (2)
629 1393 770 1430 ὧρυὸμενον
794 1401 840 1418 και

31 1440 163 1477 ἅρπαγμα
179 1450 223 1466 και
244 1439 346 1477 βρῶσιν
363 1441 410 1469 τὴν
427 1441 476 1468 σὴν
490 1438 583 1474 ψυχήν
607 1437 767 1468 ὶκζητοῦντα
789 1437 838 1472 (3).

31 1487 128 1523 Στέργε
157 1495 202 1511 και
229 1485 288 1511 ὅσον
316 1484 409 1521 ἔλαχες
446 1484 483 1515 εἰς
506 1483 611 1521 κλῆρον,
636 1484 708 1519 ἡμῶν
743 1483 840 1520 προῖκά

33 1538 77 1556 σοι
107 1539 155 1555 και
190 1529 351 1566 μερισάντων
380 1538 426 1554 και
457 1527 547 1559 τελέως
574 1527 762 1554 ἁποτισάντων.
792 1528 841 1552 Καί

34 1577 79 1599 νῦν
110 1571 142 1600 δὲ
168 1572 314 1600 τελευταῖον
341 1575 419 1609 μέρος
450 1571 532 1610 χάριν
563 1572 649 1610 ἑτέραν
678 1570 823 1607 ἀπειληφὼς
851 1571 907 1606 ἔχε,
941 1570 1091 1605 νομίσματα
1121 1568 1225 1604 χρυσοῦ

36 1622 87 1644 τῶν
103 1619 235 1655 ἡμετέρων
245 1620 371 1644 τοσοῦτον
384 1617 414 1643 ἂν
425 1616 609 1654 ἀποτιμηθείη,
624 1615 730 1652 ἀγαπῶν
741 1617 765 1642 ἐν
781 1616 875 1652 τούτῳ.

889 231 1004 260 tribuas
1021 240 1027 260 τ
1044 232 1192 260 sinceram
1223 229 1448 266 gratitudinem,
1481 236 1535 265 pro
1565 227 1717 256 beneﬁciis

888 276 977 304 tantis
1001 276 1204 304 obedientiam
1232 282 1353 311 quoque
1371 273 1478 305 addas,
1499 272 1713 300 mandatorum

889 320 1134 357 adimpletionem
1148 329 1154 354 ;
1169 320 1200 348 in
1218 319 1359 347 omnibus
1371 319 1459 346 tantae
1471 325 1506 345 ac
1517 317 1578 351 tali,
1595 319 1717 353 tamque

887 365 946 402 pias
964 367 992 393 et
1008 365 1138 393 ﬁliorum
1151 364 1265 393 amanti
1283 363 1370 391 matri
1383 362 1507 390 obedire
1525 369 1644 397 semper
1660 369 1716 397 pa-

888 412 970 438 ratus
990 409 1040 443 sis,
1060 411 1088 438 et
1103 409 1173 437 inde
1191 408 1351 445 plurimam
1370 415 1405 435 ac
1424 406 1589 434 maximam
1606 405 1715 434 utilita-

889 456 950 483 tem
962 454 1118 491 percipies,
1129 453 1288 482 Pulcbrum
1306 451 1355 480 tibi
1373 453 1454 479 estet
1465 450 1552 478 valde
1567 450 1635 478 utile
1653 458 1718 478 ma-

890 499 941 527 tris
958 499 1099 535 pietatem
1116 497 1261 532 venerari,
1279 499 1307 525 et
1323 504 1416 533 quam
1432 495 1563 523 maxime
1579 495 1609 522 iu
1621 495 1718 522 omni-

889 544 947 572 bus
972 544 1062 580 hujus
1076 543 1273 572 reverentiam
1301 549 1416 569 curare.
1448 542 1512 568 Haec
1532 540 1619 575 igitur
1637 547 1692 574 age
1709 547 1716 567 :

890 591 918 617 et
927 588 1068 617 fratribus
1081 588 1120 616 sis
1133 595 1187 624 pro
1199 590 1282 623 patre
1299 596 1305 614 τ
1319 588 1444 623 paterno
1458 584 1546 612 Simul
1563 592 1597 612 ac
1611 584 1717 612 frater-

889 641 929 661 no
948 641 1051 662 amore
1064 632 1181 669 plenus,
1196 639 1304 668 pacem
1319 638 1388 658 cum
1399 629 1434 657 iis
1452 631 1480 656 et
1493 637 1562 656 eum
1573 628 1716 656 omnibus

888 678 1016 712 habens,
1030 677 1244 712 caritatemque
1263 683 1330 703 eam
1349 674 1379 702 in
1399 674 1508 701 animm
1528 672 1719 706 rectitudine,

889 725 921 751 ut
936 722 1022 758 jubet
1039 723 1125 750 Deus.
1141 720 1319 756 Superbiam
1331 721 1518 751 contemnas,
1531 719 1634 744 contra
1644 716 1718 744 nihil

889 767 980 800 aliud,
999 768 1104 795 contra
1120 773 1188 793 eam
1208 773 1278 792 vero
1296 763 1391 792 solam
1418 764 1477 790 tota
1495 761 1653 798 supercilia
1671 764 1714 790 at-

889 811 1005 846 tollens,
1012 817 1217 846 generOseque
1224 809 1254 837 in
1263 817 1330 837 eam
1339 810 1485 843 tanquam
1494 806 1557 834 acie
1564 813 1716 841 pugnans,

889 857 930 885 ita
958 858 990 884 ut
1003 862 1164 890 nunquam
1190 854 1214 882 ei
1234 853 1344 881 servire
1362 851 1501 880 videaris.
1535 850 1717 886 Injustitiam

889 904 951 930 toto
965 899 1054 928 corde
1073 898 1263 928 abominatus
1274 897 1335 926 odi.
1351 897 1417 924 Haec
1434 896 1600 924 observans
1618 898 1646 923 et
1666 895 1717 922 ad-

889 945 1028 982 implens,
1046 944 1077 972 in
1094 943 1237 971 omnibus
1255 942 1342 971 bonis
1359 942 1436 977 vive,
1455 943 1484 968 et
1502 947 1593 976 supra
1610 947 1717 967 omnes

890 989 1013 1024 maligni
1020 987 1170 1016 machinas
1178 994 1350 1022 assurgens,
1360 993 1395 1014 ac
1404 983 1580 1013 excelsiorin
1590 983 1714 1012 effectus

890 1037 958 1068 stes,
968 1041 1067 1070 neque
1084 1034 1148 1067 ejus
1167 1031 1278 1060 aculeis
1295 1031 1395 1062 laesus,
1409 1037 1507 1066 neque
1523 1029 1608 1056 ictus.
1627 1029 1719 1056 Nemo

891 1081 992 1107 autem
1019 1077 1095 1106 alius
1116 1079 1144 1105 te
1168 1076 1268 1108 ltedat,
1283 1075 1368 1103 istius
1383 1074 1460 1102 dolis
1476 1075 1504 1101 et
1520 1072 1634 1101 artibus
1647 1080 1719 1099 usus

892 1124 952 1151 sive
962 1124 1062 1159 aperte
1070 1121 1234 1154 insidietur,
1246 1120 1306 1148 sive
1313 1119 1439 1147 obscure
1448 1116 1605 1146 lmdatSed
1612 1116 1719 1144 firmus

893 1176 928 1196 ac
934 1169 1031 1195 rectus
1040 1174 1173 1198 maneas,
1180 1173 1321 1202 premens
1331 1162 1546 1191 etconeulcans
1554 1161 1718 1189 draconem

893 1213 984 1241 istum
997 1211 1154 1247 obliquum
1186 1209 1308 1246 obliqua
1341 1207 1394 1236 tibi
1422 1206 1624 1235 insinuantem
1652 1213 1722 1233 sua-

893 1257 1084 1292 dentemque,
1094 1255 1146 1283 sed
1160 1256 1189 1283 et
1201 1254 1319 1282 leonem
1337 1252 1504 1287 rugientem
1517 1252 1545 1278 et
1562 1252 1645 1278 tuam
1659 1249 1721 1277 ani-

894 1309 978 1330 mam
989 1308 1092 1336 rapere
1108 1307 1143 1327 ac
1157 1307 1263 1327 vorare
1277 1299 1472 1334 quaerentem.
1487 1297 1562 1323 Ama
1573 1293 1722 1330 quidquid

894 1347 925 1374 in
943 1344 1147 1373 haereditatem
1159 1343 1280 1370 sortitus
1295 1350 1325 1369 es
1335 1340 1446 1369 anobis
1459 1339 1510 1376 qui
1523 1339 1576 1367 tibi
1585 1338 1615 1366 id
1631 1338 1723 1374 gratis

895 1388 1113 1426 impei‘tivimus
1130 1390 1158 1415 et
1169 1387 1296 1423 perfecte
1313 1385 1519 1421 rependimus.
1538 1384 1568 1411 l'lt
1579 1390 1660 1410 nunc
1668 1382 1724 1410 ult-

895 1442 979 1463 mam
1009 1434 1136 1469 partem,
1157 1431 1285 1466 gratiam
1316 1429 1439 1458 alteram
1458 1428 1560 1464 accipe
1579 1434 1613 1454 ac
1631 1427 1724 1454 retine

890 1486 1037 1507 nummos
1048 1484 1156 1505 aureos
1235 1476 1268 1503 Et
1283 1473 1387 1510 siquid
1399 1471 1480 1500 aliud
1491 1471 1641 1499 bonorum
1653 1478 1723 1498 nos-

896 1527 1010 1553 trorum
1027 1521 1099 1550 tanti
1117 1519 1345 1548 eestimeturhoc
1363 1518 1520 1545 contentus
1533 1515 1583 1543 sis.

1455 1582 1462 1595 ,
1487 1561 1502 1590 ἣ
1535 1561 1556 1586 εἴ
1583 1569 1609 1586 τι
1641 1559 1724 1597 ἓτιρον

72 1663 112 1689 Οὐ
144 1664 193 1699 μὴν
214 1661 269 1688 ἀλλ’
295 1663 478 1700 έπιστρεπτέον
506 1659 559 1691 ἤδη
583 1671 629 1688 και
652 1662 763 1697 πρὸςσέ
794 1670 840 1697 μοι

947 1657 989 1685 .ed
1015 1659 1116 1685 tamen
1142 1661 1224 1683 nunc
1251 1653 1368 1690 oportet
1388 1658 1436 1679 me
1455 1649 1494 1678 ad
1528 1651 1556 1677 te
1574 1647 1720 1682 converti;

38 1709 81 1734 τὸν
97 1706 219 1744 δεύτερον
234 1708 279 1743 μὲν
297 1710 333 1742 τῷ
353 1709 441 1744 χρόνῳ
458 1728 466 1741 ,
485 1704 568 1743 μηδὲν
598 1704 624 1733 δ’
647 1706 724 1734 ἧττον
748 1705 841 1742 ἀποφε-

38 1753 145 1789 ρόμενον
176 1755 289 1787 στοργῆς
325 1751 398 1787 ἡμῶν
429 1760 474 1777 και
510 1750 625 1788 φίλτρου,
666 1750 711 1777 (in
735 1748 769 1779 δὴ
796 1759 842 1776 και

37 1795 122 1833 μηδὲν
160 1797 236 1825 ἧττον
262 1800 310 1827 τῆς
331 1799 460 1832 πατρικῆς
484 1797 630 1832 μετέχοντα
653 1797 768 1831 σχέσεως
797 1803 842 1820 και

36 1845 84 1868 τῶν
118 1842 201 1878 ταύτῃ
229 1842 425 1878 προσηκόντων,
452 1839 496 1871 Ὠς
524 1843 587 1876 γοῦν
613 1841 675 1877 πρὸς
703 1840 843 1876 ὁμοτίμους

38 1888 108 1918 ὄντος
129 1895 175 1921 μοι
189 1889 235 1913 τοῦ
259 1885 348 1921 λόγου,
374 1887 421 1914 τὴν
442 1884 517 1921 ἴσηνῆ
526 1894 571 1911 και
593 1886 659 1922 πρὸς
683 1883 844 1921 ἀμφοτέρους

38 1933 185 1966 νουθεσίαν,
215 1932 276 1962 ἴσας
302 1928 331 1957 δὲ
370 1939 414 1956 ιαι
438 1931 482 1961 τὰς
514 1929 594 1966 εὐχὰς
617 1932 752 1966 ποιοῦμαι.
793 1931 843 1956 Καί

39 1974 170 2012 βούλομαὶ
190 1985 232 2002 σοι
246 1985 290 2001 και
316 1976 464 2011 ἐπεύχομαι
477 1975 536 2001 ’ὅσα
552 1972 585 2004 δὴ
609 1984 655 2001 και
679 1975 781 2012 εἴρηται
800 1983 844 1999 και

39 2024 74 2056 τῷ
106 2021 158 2057 πρὸ
193 2023 241 2046 σοῦ
270 2020 415 2056 γεννηθέντι
454 2018 842 2055 συνταξάμενος,ἐπηυξάμην.

42 2067 91 2091 Καί
117 2066 172 2095 εἴης
197 2064 222 2090 ἐν
253 2066 298 2101 μιν
321 2067 374 2094 τοῖς
396 2063 484 2095 καλοῖς
510 2073 554 2089 και
588 2062 705 2100 ἀμεινοσι
733 2061 844 2099 μηδενὸς

42 2111 112 2138 ἧττω
133 2112 228 2145 μοῖραν
253 2108 499 2145 ἁποκεκομισμένος,
522 2105 619 2140 τοῦςδὲ
633 2109 751 2145 ’χείρονος
776 2117 844 2134 παν-

43 2156 87 2186 τὸς
106 2156 161 2185 εἴης
194 2155 327 2191 κρείττων,
356 2151 467 2190 μηδενὸς
489 2154 616 2189 μετέχων,
649 2162 693 2178 και
713 2161 742 2178 σε
764 2154 845 2178 κακία

43 2197 162 2235 μηδεμία
187 2196 318 2235 μηδαμῶς
333 2200 358 2224 ἐν
386 2196 473 2224 οὐδενί
497 2199 626 2235 κρατήσοι
647 2199 843 2234 χειρωσαμένη,

42 2243 64 2268 ἐν
89 2242 114 2270 δ’
147 2242 251 2279 ἀρεταῖς
288 2243 405 2273 ἀπάσαις
446 2244 489 2269 τὸν
524 2243 628 2278 εὑρετὴν
666 2243 764 2273 ταύτης
800 2251 845 2268 και

43 2289 170 2324 σόριστὴν
197 2290 304 2323 νικῴης,
320 2297 364 2313 και
386 2290 480 2322 νικῲης
509 2290 565 2319 ταῖς
592 2291 727 2324 μετρικαῑς
752 2286 846 2322 εὐχαῖς

895 1702 947 1740 qui
961 1701 1032 1730 mihi
1060 1702 1146 1729 aetate
1167 1698 1290 1735 quidem
1318 1695 1469 1724 secundus
1498 1702 1541 1728 es,
1573 1700 1635 1721 non
1673 1692 1728 1720 mi-

895 1736 952 1776 nus
979 1748 1080 1775 autem
1121 1743 1286 1773 dilectionis
1317 1744 1345 1769 et
1379 1740 1490 1769 amoris
1524 1747 1543 1767 a
1575 1745 1624 1766 me
1653 1736 1728 1766 obti-

896 1801 961 1825 nes,
981 1791 1094 1828 quippe
1109 1790 1160 1826 qui
1173 1796 1235 1817 non
1250 1787 1349 1815 minus
1361 1785 1475 1814 habeas
1494 1785 1652 1821 paternam
1666 1782 1725 1810 for-

898 1845 979 1866 mam
990 1839 1018 1864 et
1028 1844 1095 1873 quia
1108 1835 1147 1863 ad
1160 1842 1225 1862 eum
1239 1832 1416 1870 pertineant.
1434 1832 1506 1858 Cum
1522 1828 1611 1863 igitur
1625 1828 1664 1854 ad
1676 1834 1725 1854 eos

897 1882 949 1919 qui
962 1881 1028 1919 pari
1041 1880 1124 1917 apud
1138 1888 1186 1908 me
1199 1876 1305 1906 honori
1321 1878 1400 1909 sunt,
1413 1880 1573 1903 sermonen
1584 1872 1726 1906 habeam,

898 1927 936 1956 ad
960 1929 1121 1963 utrumque
1145 1923 1252 1952 eadem
1269 1921 1393 1950 consilia
1416 1919 1600 1954 easdemque
1617 1923 1722 1954 preces

898 1972 1036 2007 dirigam,
1049 1961 1083 1998 ac
1094 1969 1145 1998 tibi
1160 1970 1231 2005 opto
1247 1973 1412 2004 percorque
1429 1969 1629 2001 quascumque
1644 1961 1729 1989 dicta

900 2019 970 2045 sunt
984 2018 1012 2044 et
1025 2016 1051 2043 ei
1078 2015 1130 2052 qui
1156 2013 1238 2050 prior
1251 2015 1277 2040 te
1295 2011 1412 2046 genitus
1426 2012 1480 2044 est,
1490 2009 1629 2045 precatus
1640 2014 1722 2034 sum.

899 2064 1000 2098 Neque
1016 2059 1162 2088 mitiorem
1182 2058 1211 2086 in
1229 2055 1363 2094 pulchris
1380 2053 1530 2089 bonisque
1549 2053 1667 2088 partem
1684 2058 1729 2078 re-

899 2095 978 2135 feras
992 2115 998 2139 ς
1015 2103 1163 2142 quidquid
1174 2111 1245 2131 vero
1256 2101 1368 2129 malum
1381 2102 1436 2133 est,
1444 2105 1578 2135 superes,
1588 2095 1661 2124 nihil
1673 2095 1730 2123 tale

899 2151 1064 2188 experiens,
1079 2156 1176 2185 neque
1188 2147 1248 2175 ulla
1260 2145 1374 2174 malitia
1385 2147 1411 2172 te
1422 2144 1522 2172 vincat
1531 2142 1730 2177 domitetque,

899 2196 928 2224 in
939 2187 1084 2223 omnibus
1099 2201 1165 2221 vero
1177 2191 1337 2220 virtutibus
1356 2189 1475 2217 malitiae
1494 2188 1681 2216 inventorem
1700 2187 1731 2212 et

901 2243 1054 2269 auctorem
1069 2239 1184 2271 vincas,
1201 2239 1230 2265 et
1245 2236 1347 2263 vincas
1358 2234 1463 2262 matris
1477 2231 1616 2268 precibus
1634 2237 1731 2258 arma-

900 2287 949 2314 tus
968 2286 996 2312 et
1010 2284 1154 2312 adversus
1168 2282 1232 2317 ejus
1250 2279 1388 2313 insidias,
1407 2278 1468 2305 sive
1480 2284 1534 2312 per
1545 2283 1576 2303 se
1591 2274 1731 2303 inimicus

44 2332 294 2369 ἑγκαθωπλισμένος,
334 2342 379 2358 και
403 2333 468 2368 πρὸς
507 2333 552 2362 τὰς
592 2321 742 2365 ίπιέουλάς,
767 2321 817 2361 illi

960 2331 1002 2364 ,et,
1020 2328 1082 2356 sive
1099 2335 1153 2364 per
1170 2326 1245 2354 alios
1263 2323 1388 2352 artiﬁcia
1415 2323 1518 2357 struat,
1538 2321 1680 2348 constans
1699 2326 1733 2346 ac

44 2377 133 2404 ἑαυτοῦ
182 2381 228 2403 τοῦ
275 2376 399 2414 πολεμίου
435 2378 593 2414 πειρωμένου
631 2376 646 2406 ἦ
682 2374 718 2403 δι’
756 2375 846 2413 ἐτέρων

45 2423 247 2458 μηχανωμένου,
282 2420 467 2458 ἁπερίτρεπτὸς
498 2431 537 2451 τις
571 2431 616 2447 και
650 2422 772 2458 κραταιὸς
794 2430 848 2447 πα-

44 2466 203 2503 ρεμϐάλλων.
243 2465 394 2504 Ἐπαρὴξιι,
440 2463 466 2492 εὖ
516 2463 587 2500 οῖδα,
632 2466 731 2503 μητρὸς
766 2466 846 2502 θερμὴ

45 2513 143 2544 πίστις,
177 2512 241 2538 Θεὸν
271 2511 384 2548 ἰσχυρὸν
403 2520 449 2536 και
477 2510 651 2542 ἐξουσιαστὴν
675 2512 742 2536 κατὰ
759 2511 848 2541 πάσης

47 2554 225 2592 ἀντικειμένης
253 2554 387 2591 δυνάμεως
415 2553 516 2592 ἀρωγὸν
535 2554 723 2591 ἐπικαλουμένη
756 2556 801 2581 καί
819 2564 849 2591 γε

47 2601 223 2638 παρεχομένη,
239 2600 259 2636 ᾧ
289 2597 323 2629 δὴ
349 2609 394 2626 και
418 2597 494 2626 οὐδὲν
523 2599 604 2630 οὕτως
624 2597 700 2629 ἣδιον
726 2601 760 2631 ὡς
793 2600 850 2630 uio;

50 2707 186 2770 Ἣ(1,)ἕάς
205 2705 347 2744 μιθοδείας
360 2706 470 2735 diaboli
485 2706 559 2735 dixit
584 2706 694 2735 Paulus
710 2707 749 2735 ad
775 2707 850 2743 Eph.

83 2781 120 2813 (2)
156 2778 264 2808 Psalm.
297 2785 343 2814 XC,
371 2781 401 2807 t3
423 2787 430 2806 ε
455 2781 657 2809 Καταπατήσεις
680 2778 770 2806 λίοντα
807 2780 853 2804 κὰι

53 2810 192 2850 δράκοντα.

902 2373 984 2403 fortis
1006 2363 1144 2401 resistas!
1162 2370 1224 2399 Tibi
1255 2367 1459 2400 auxiliabitur,
1484 2367 1517 2393 ut
1536 2364 1607 2399 scio,
1628 2363 1732 2391 matris

902 2417 1102 2450 ardensﬁdes,
1112 2417 1204 2444 Deum
1216 2415 1320 2443 fortem
1329 2421 1362 2441 ac
1376 2411 1615 2448 omnipotentem
1624 2407 1660 2436 ad
1666 2415 1728 2435 ver-

903 2472 955 2492 sus
978 2470 1101 2491 omnem
1123 2460 1295 2498 oppositam
1314 2459 1493 2494 potestatem
1508 2451 1733 2490 adjutoremin-

902 2515 1016 2537 vocans
1030 2509 1059 2535 et
1074 2496 1229 2542 praestans,
1242 2503 1289 2532 cui
1308 2510 1381 2530 sane
1398 2499 1471 2529 nihil
1486 2502 1546 2528 tam
1562 2496 1733 2534 jucundum

904 2555 1050 2589 estquam
1069 2540 1150 2578 filius
1165 2552 1293 2577 matrem
1315 2546 1482 2580 laetiticans,
1498 2546 1528 2572 et
1540 2543 1627 2579 juxta
1639 2540 1735 2589 ipsius

904 2584 1050 2626 mandata
1068 2596 1147 2624 hanc
1165 2593 1239 2629 legis
1258 2594 1388 2628 partem,
1400 2597 1494 2627 quam
1524 2584 1734 2623 diligentissim

1566 2696 1638 2732 ὑμῶν
1674 2690 1734 2719 διά-

1561 2732 1647 2762 ζητῶν
1677 2731 1737 2755 τίνα

941 2705 981 2741 (3)
1011 2703 1113 2741 Petrrl
1129 2702 1218 2741 Ερὶξῖ.
1242 2709 1279 2741 -ν,
1309 2701 1325 2727 8
1356 2699 1386 2725 Ὀ
1404 2695 1537 2741 ἀντίδικ-ος

907 2736 989 2776 ϐολος,
1024 2741 1058 2772 ὡς
1090 2736 1163 2766 λέων’
1182 2739 1336 2774 ὡρυόμςνος,
1375 2736 1523 2773 περιπατεῖί

909 2785 1022 2814 καταπιῃ
1029 2796 1035 2805 ι
