  <div class='ocr_page' id='page_1' title='image "/cluster/home/n/w/nwhite01/storage/ocr_20150623/140/njp.32101010942850/820.png"; bbox 0 0 1959 3074; ppageno 0'>
   <div class='ocr_carea' id='block_1_1' title="bbox 19 153 110 180">
    <p class='ocr_par' dir='ltr' id='par_1_1' title="bbox 19 153 110 180">
     <span class='ocr_line' id='line_1_1' title="bbox 19 153 110 180; baseline 0.011 -1"><span class='ocrx_word' id='word_1_1' title='bbox 19 154 33 179; x_wconf 67' lang='grc'>1</span> <span class='ocrx_word' id='word_1_2' title='bbox 41 153 110 180; x_wconf 69' lang='grc'>493</span> 
     </span>
    </p>
   </div>
   <div class='ocr_carea' id='block_1_2' title="bbox 753 144 1015 174">
    <p class='ocr_par' dir='ltr' id='par_1_2' title="bbox 753 144 1015 174">
     <span class='ocr_line' id='line_1_2' title="bbox 753 144 1015 174; baseline -0.008 0"><span class='ocrx_word' id='word_1_3' title='bbox 753 144 1015 174; x_wconf 72' lang='lat' dir='ltr'>TESTAMENTUM.</span> 
     </span>
    </p>
   </div>
   <div class='ocr_carea' id='block_1_3' title="bbox 1652 149 1722 176">
    <p class='ocr_par' dir='ltr' id='par_1_3' title="bbox 1652 149 1722 176">
     <span class='ocr_line' id='line_1_3' title="bbox 1652 149 1722 176; baseline 0.014 -1"><span class='ocrx_word' id='word_1_4' title='bbox 1652 149 1722 176; x_wconf 69' lang='grc'><strong>1494</strong></span> 
     </span>
    </p>
   </div>
   <div class='ocr_carea' id='block_1_4' title="bbox 18 208 839 249">
    <p class='ocr_par' dir='ltr' id='par_1_4' title="bbox 18 208 839 249">
     <span class='ocr_line' id='line_1_4' title="bbox 18 208 839 249; baseline -0.007 -9"><span class='ocrx_word' id='word_1_5' title='bbox 18 213 140 247; x_wconf 74' lang='grc' dir='ltr'>ἀλλ’,ιῖ</span> <span class='ocrx_word' id='word_1_6' title='bbox 166 223 196 248; x_wconf 72' lang='grc' dir='ltr'>γε</span> <span class='ocrx_word' id='word_1_7' title='bbox 215 214 291 249; x_wconf 82' lang='grc' dir='ltr'>μόνον</span> <span class='ocrx_word' id='word_1_8' title='bbox 321 214 365 238; x_wconf 84' lang='grc' dir='ltr'>καὶ</span> <span class='ocrx_word' id='word_1_9' title='bbox 398 213 472 247; x_wconf 72' lang='grc' dir='ltr'>ἡμεῖς</span> <span class='ocrx_word' id='word_1_10' title='bbox 504 211 693 247; x_wconf 71' lang='grc' dir='ltr'>βουληθείημεν</span> <span class='ocrx_word' id='word_1_11' title='bbox 722 208 764 235; x_wconf 68' lang='grc' dir='ltr'>ἀπὶ</span> <span class='ocrx_word' id='word_1_12' title='bbox 794 212 839 234; x_wconf 79' lang='grc' dir='ltr'>τον</span> 
     </span>
    </p>
   </div>
   <div class='ocr_carea' id='block_1_5' title="bbox 926 208 1723 249">
    <p class='ocr_par' dir='ltr' id='par_1_5' title="bbox 926 208 1723 246">
     <span class='ocr_line' id='line_1_5' title="bbox 926 208 1723 246; baseline 0.004 -11"><span class='ocrx_word' id='word_1_13' title='bbox 926 215 957 235; x_wconf 86' lang='lat'>10</span> <span class='ocrx_word' id='word_1_14' title='bbox 969 208 1116 237; x_wconf 79' lang='lat' dir='ltr'>salvatore</span> <span class='ocrx_word' id='word_1_15' title='bbox 1131 212 1160 238; x_wconf 87' lang='lat' dir='ltr'>et</span> <span class='ocrx_word' id='word_1_16' title='bbox 1177 210 1273 246; x_wconf 83' lang='lat' dir='ltr'>capite</span> <span class='ocrx_word' id='word_1_17' title='bbox 1285 217 1354 238; x_wconf 90' lang='lat' dir='ltr'>cum</span> <span class='ocrx_word' id='word_1_18' title='bbox 1369 211 1396 237; x_wconf 90' lang='lat' dir='ltr'>te</span> <span class='ocrx_word' id='word_1_19' title='bbox 1425 216 1478 245; x_wconf 86' lang='lat' dir='ltr'>per</span> <span class='ocrx_word' id='word_1_20' title='bbox 1509 210 1603 237; x_wconf 79' lang='lat' dir='ltr'>totam</span> <span class='ocrx_word' id='word_1_21' title='bbox 1633 210 1723 238; x_wconf 86' lang='lat' dir='ltr'>vitam</span> 
     </span>
    </p>
   </div>
   <div class='ocr_carea' id='block_1_6' title="bbox 17 250 840 295">
    <p class='ocr_par' dir='ltr' id='par_1_6' title="bbox 17 250 840 295">
     <span class='ocr_line' id='line_1_6' title="bbox 17 250 840 295; baseline -0.009 -10"><span class='ocrx_word' id='word_1_22' title='bbox 17 258 121 285; x_wconf 73' lang='grc' dir='ltr'>καλοῦ</span> <span class='ocrx_word' id='word_1_23' title='bbox 152 255 265 295; x_wconf 74' lang='grc' dir='ltr'>ἑδραίοις</span> <span class='ocrx_word' id='word_1_24' title='bbox 292 257 409 289; x_wconf 71' lang='grc' dir='ltr'>ἑστάναι,</span> <span class='ocrx_word' id='word_1_25' title='bbox 438 256 554 291; x_wconf 81' lang='grc' dir='ltr'>φεύξεται</span> <span class='ocrx_word' id='word_1_26' title='bbox 584 256 597 281; x_wconf 87' lang='grc' dir='ltr'><strong>ό</strong></span> <span class='ocrx_word' id='word_1_27' title='bbox 621 257 745 287; x_wconf 77' lang='grc' dir='ltr'>Σατανᾶς,</span> <span class='ocrx_word' id='word_1_28' title='bbox 789 250 840 278; x_wconf 78' lang='grc' dir='ltr'>οἶδ’</span> 
     </span>
    </p>
   </div>
   <div class='ocr_carea' id='block_1_7' title="bbox 18 298 841 339">
    <p class='ocr_par' dir='ltr' id='par_1_7' title="bbox 18 298 841 339">
     <span class='ocr_line' id='line_1_7' title="bbox 18 298 841 339; baseline -0.004 -10"><span class='ocrx_word' id='word_1_29' title='bbox 18 305 90 336; x_wconf 78' lang='grc' dir='ltr'>ὅτι,</span> <span class='ocrx_word' id='word_1_30' title='bbox 108 305 153 329; x_wconf 84' lang='grc' dir='ltr'>καὶ</span> <span class='ocrx_word' id='word_1_31' title='bbox 168 303 351 339; x_wconf 70' lang='grc' dir='ltr'>ὑποχωρῆσαι,</span> <span class='ocrx_word' id='word_1_32' title='bbox 381 303 425 327; x_wconf 79' lang='grc' dir='ltr'>καὶ</span> <span class='ocrx_word' id='word_1_33' title='bbox 450 301 523 336; x_wconf 80' lang='grc' dir='ltr'>ἡμῶν</span> <span class='ocrx_word' id='word_1_34' title='bbox 552 300 636 326; x_wconf 81' lang='grc' dir='ltr'>ὀπίσω</span> <span class='ocrx_word' id='word_1_35' title='bbox 663 298 841 334; x_wconf 80' lang='grc' dir='ltr'>καθυπαχοὴ·</span> 
     </span>
    </p>
   </div>
   <div class='ocr_carea' id='block_1_8' title="bbox 18 346 842 383">
    <p class='ocr_par' dir='ltr' id='par_1_8' title="bbox 18 346 842 383">
     <span class='ocr_line' id='line_1_8' title="bbox 18 346 842 383; baseline -0.008 -9"><span class='ocrx_word' id='word_1_36' title='bbox 18 357 115 374; x_wconf 72' lang='grc' dir='ltr'>σεται</span> <span class='ocrx_word' id='word_1_37' title='bbox 141 348 207 383; x_wconf 74' lang='grc' dir='ltr'>μετὰ</span> <span class='ocrx_word' id='word_1_38' title='bbox 230 349 347 383; x_wconf 72' lang='grc' dir='ltr'>Χριστοῦ</span> <span class='ocrx_word' id='word_1_39' title='bbox 375 348 421 372; x_wconf 75' lang='grc' dir='ltr'>καὶ</span> <span class='ocrx_word' id='word_1_40' title='bbox 442 346 603 382; x_wconf 71' lang='grc' dir='ltr'>τεταγμένων</span> <span class='ocrx_word' id='word_1_41' title='bbox 636 346 681 370; x_wconf 73' lang='grc' dir='ltr'>καὶ</span> <span class='ocrx_word' id='word_1_42' title='bbox 719 352 842 369; x_wconf 82' lang='grc' dir='ltr'>συνιστα-</span> 
     </span>
    </p>
   </div>
   <div class='ocr_carea' id='block_1_9' title="bbox 18 386 842 428">
    <p class='ocr_par' dir='ltr' id='par_1_9' title="bbox 18 386 842 428">
     <span class='ocr_line' id='line_1_9' title="bbox 18 386 842 428; baseline -0.007 -10"><span class='ocrx_word' id='word_1_43' title='bbox 18 395 133 428; x_wconf 75' lang='grc' dir='ltr'>μένων,</span> <span class='ocrx_word' id='word_1_44' title='bbox 157 395 203 418; x_wconf 87' lang='grc' dir='ltr'>τοῦ</span> <span class='ocrx_word' id='word_1_45' title='bbox 229 393 274 417; x_wconf 82' lang='grc' dir='ltr'>τόν</span> <span class='ocrx_word' id='word_1_46' title='bbox 292 391 391 426; x_wconf 78' lang='grc' dir='ltr'>κόσμον</span> <span class='ocrx_word' id='word_1_47' title='bbox 420 389 487 423; x_wconf 80' lang='grc' dir='ltr'>ὁλον,</span> <span class='ocrx_word' id='word_1_48' title='bbox 516 399 561 415; x_wconf 91' lang='grc' dir='ltr'>και</span> <span class='ocrx_word' id='word_1_49' title='bbox 598 389 678 415; x_wconf 77' lang='grc' dir='ltr'>αὑτοῦ</span> <span class='ocrx_word' id='word_1_50' title='bbox 717 386 752 416; x_wconf 77' lang='grc' dir='ltr'>δὴ</span> <span class='ocrx_word' id='word_1_51' title='bbox 798 388 842 412; x_wconf 82' lang='grc' dir='ltr'>τὸν</span> 
     </span>
    </p>
   </div>
   <div class='ocr_carea' id='block_1_10' title="bbox 17 431 841 473">
    <p class='ocr_par' dir='ltr' id='par_1_10' title="bbox 17 431 841 473">
     <span class='ocr_line' id='line_1_10' title="bbox 17 431 841 473; baseline -0.007 -10"><span class='ocrx_word' id='word_1_52' title='bbox 17 438 167 473; x_wconf 75' lang='grc' dir='ltr'>ἄρχοντα,</span> <span class='ocrx_word' id='word_1_53' title='bbox 201 437 243 462; x_wconf 79' lang='grc' dir='ltr'>τόν</span> <span class='ocrx_word' id='word_1_54' title='bbox 276 436 420 471; x_wconf 77' lang='grc' dir='ltr'>πειραστὴν</span> <span class='ocrx_word' id='word_1_55' title='bbox 456 439 555 467; x_wconf 66' lang='grc' dir='ltr'>τοιὶτον⁷</span> <span class='ocrx_word' id='word_1_56' title='bbox 594 434 764 463; x_wconf 76' lang='grc' dir='ltr'>νενικηκότος,</span> <span class='ocrx_word' id='word_1_57' title='bbox 788 431 841 467; x_wconf 77' lang='grc' dir='ltr'>Ὑφ’</span> 
     </span>
    </p>
   </div>
   <div class='ocr_carea' id='block_1_11' title="bbox 19 475 841 518">
    <p class='ocr_par' dir='ltr' id='par_1_11' title="bbox 19 475 841 518">
     <span class='ocr_line' id='line_1_11' title="bbox 19 475 841 518; baseline -0.007 -10"><span class='ocrx_word' id='word_1_58' title='bbox 19 482 45 517; x_wconf 81' lang='grc' dir='ltr'><em>ᾧ</em></span> <span class='ocrx_word' id='word_1_59' title='bbox 66 481 107 511; x_wconf 74' lang='grc' dir='ltr'>δὴ</span> <span class='ocrx_word' id='word_1_60' title='bbox 126 485 227 518; x_wconf 78' lang='grc' dir='ltr'>σωτῆρι</span> <span class='ocrx_word' id='word_1_61' title='bbox 242 489 288 506; x_wconf 80' lang='grc' dir='ltr'>και</span> <span class='ocrx_word' id='word_1_62' title='bbox 299 479 394 515; x_wconf 75' lang='grc' dir='ltr'>κεφαλῇ</span> <span class='ocrx_word' id='word_1_63' title='bbox 409 489 454 505; x_wconf 82' lang='grc' dir='ltr'>και</span> <span class='ocrx_word' id='word_1_64' title='bbox 465 480 493 505; x_wconf 66' lang='grc' dir='ltr'>σε</span> <span class='ocrx_word' id='word_1_65' title='bbox 518 477 565 504; x_wconf 76' lang='grc' dir='ltr'>διὰ.</span> <span class='ocrx_word' id='word_1_66' title='bbox 590 479 686 508; x_wconf 83' lang='grc' dir='ltr'>παντὸς</span> <span class='ocrx_word' id='word_1_67' title='bbox 714 481 759 503; x_wconf 79' lang='grc' dir='ltr'>τοῦ</span> <span class='ocrx_word' id='word_1_68' title='bbox 781 475 841 512; x_wconf 76' lang='grc' dir='ltr'>βίον</span> 
     </span>
    </p>
   </div>
   <div class='ocr_carea' id='block_1_12' title="bbox 17 522 842 560">
    <p class='ocr_par' dir='ltr' id='par_1_12' title="bbox 17 522 842 560">
     <span class='ocr_line' id='line_1_12' title="bbox 17 522 842 560; baseline -0.008 -7"><span class='ocrx_word' id='word_1_69' title='bbox 17 526 240 553; x_wconf 67' lang='grc' dir='ltr'>πεπολιτεῦσθαι</span> <span class='ocrx_word' id='word_1_70' title='bbox 267 524 318 560; x_wconf 68' lang='grc' dir='ltr'>ἐγὼ</span> <span class='ocrx_word' id='word_1_71' title='bbox 344 534 389 550; x_wconf 89' lang='grc' dir='ltr'>και</span> <span class='ocrx_word' id='word_1_72' title='bbox 411 526 522 560; x_wconf 78' lang='grc' dir='ltr'>νομίσας</span> <span class='ocrx_word' id='word_1_73' title='bbox 544 533 589 549; x_wconf 88' lang='grc' dir='ltr'>και</span> <span class='ocrx_word' id='word_1_74' title='bbox 613 522 756 560; x_wconf 76' lang='grc' dir='ltr'>θαρῤησας,</span> <span class='ocrx_word' id='word_1_75' title='bbox 797 530 842 546; x_wconf 86' lang='grc' dir='ltr'>και</span> 
     </span>
    </p>
   </div>
   <div class='ocr_carea' id='block_1_13' title="bbox 17 567 842 606">
    <p class='ocr_par' dir='ltr' id='par_1_13' title="bbox 17 567 842 606">
     <span class='ocr_line' id='line_1_13' title="bbox 17 567 842 606; baseline -0.007 -9"><span class='ocrx_word' id='word_1_76' title='bbox 17 581 56 606; x_wconf 70' lang='lat'>7:</span> <span class='ocrx_word' id='word_1_77' title='bbox 95 573 144 600; x_wconf 76' lang='grc' dir='ltr'>τήν</span> <span class='ocrx_word' id='word_1_78' title='bbox 165 572 230 606; x_wconf 79' lang='grc' dir='ltr'>πρὸς</span> <span class='ocrx_word' id='word_1_79' title='bbox 263 569 340 595; x_wconf 78' lang='grc' dir='ltr'>αὐτὸν</span> <span class='ocrx_word' id='word_1_80' title='bbox 378 571 483 605; x_wconf 82' lang='grc' dir='ltr'>πορείαν</span> <span class='ocrx_word' id='word_1_81' title='bbox 522 567 713 604; x_wconf 71' lang='grc' dir='ltr'>ἀμεταστρεπτί</span> <span class='ocrx_word' id='word_1_82' title='bbox 751 574 842 591; x_wconf 80' lang='grc' dir='ltr'>κατευ-</span> 
     </span>
    </p>
   </div>
   <div class='ocr_carea' id='block_1_14' title="bbox 19 609 840 648">
    <p class='ocr_par' dir='ltr' id='par_1_14' title="bbox 19 609 840 648">
     <span class='ocr_line' id='line_1_14' title="bbox 19 609 840 648; baseline -0.007 -6"><span class='ocrx_word' id='word_1_83' title='bbox 19 617 130 648; x_wconf 78' lang='grc' dir='ltr'>Θύνειν,</span> <span class='ocrx_word' id='word_1_84' title='bbox 146 623 346 641; x_wconf 67' lang='grc' dir='ltr'>καταπατουντα</span> <span class='ocrx_word' id='word_1_85' title='bbox 361 615 408 642; x_wconf 74' lang='grc' dir='ltr'>τὴν</span> <span class='ocrx_word' id='word_1_86' title='bbox 437 617 482 639; x_wconf 82' lang='grc' dir='ltr'>τοῦ</span> <span class='ocrx_word' id='word_1_87' title='bbox 514 622 559 638; x_wconf 78' lang='grc' dir='ltr'>και</span> <span class='ocrx_word' id='word_1_88' title='bbox 584 614 631 641; x_wconf 82' lang='grc' dir='ltr'>τήν</span> <span class='ocrx_word' id='word_1_89' title='bbox 657 611 745 648; x_wconf 79' lang='grc' dir='ltr'>ἀρχὴν</span> <span class='ocrx_word' id='word_1_90' title='bbox 770 609 840 636; x_wconf 84' lang='grc' dir='ltr'>ἀπα-</span> 
     </span>
    </p>
   </div>
   <div class='ocr_carea' id='block_1_15' title="bbox 18 654 842 695">
    <p class='ocr_par' dir='ltr' id='par_1_15' title="bbox 18 654 842 695">
     <span class='ocr_line' id='line_1_15' title="bbox 18 654 842 695; baseline -0.008 -8"><span class='ocrx_word' id='word_1_91' title='bbox 18 663 166 690; x_wconf 76' lang='grc' dir='ltr'>τήσαντος</span> <span class='ocrx_word' id='word_1_92' title='bbox 180 661 260 695; x_wconf 80' lang='grc' dir='ltr'>ὅφεως</span> <span class='ocrx_word' id='word_1_93' title='bbox 285 658 395 694; x_wconf 83' lang='grc' dir='ltr'>κεφαλὴν</span> <span class='ocrx_word' id='word_1_94' title='bbox 412 667 456 683; x_wconf 75' lang='grc' dir='ltr'>χαι</span> <span class='ocrx_word' id='word_1_95' title='bbox 479 661 510 693; x_wconf 75' lang='grc' dir='ltr'>τῇ</span> <span class='ocrx_word' id='word_1_96' title='bbox 547 660 594 682; x_wconf 72' lang='grc' dir='ltr'>τοῦ</span> <span class='ocrx_word' id='word_1_97' title='bbox 619 655 696 687; x_wconf 77' lang='grc' dir='ltr'>ξύλου</span> <span class='ocrx_word' id='word_1_98' title='bbox 724 654 842 681; x_wconf 81' lang='grc' dir='ltr'>ἀποπλα-</span> 
     </span>
    </p>
   </div>
   <div class='ocr_carea' id='block_1_16' title="bbox 18 696 841 738">
    <p class='ocr_par' dir='ltr' id='par_1_16' title="bbox 18 696 841 738">
     <span class='ocr_line' id='line_1_16' title="bbox 18 696 841 738; baseline -0.009 -7"><span class='ocrx_word' id='word_1_99' title='bbox 18 707 164 734; x_wconf 80' lang='grc' dir='ltr'>νήσαντος</span> <span class='ocrx_word' id='word_1_100' title='bbox 191 713 236 729; x_wconf 85' lang='grc' dir='ltr'>και</span> <span class='ocrx_word' id='word_1_101' title='bbox 270 703 464 731; x_wconf 86' lang='grc' dir='ltr'>θανατώσαντος</span> <span class='ocrx_word' id='word_1_102' title='bbox 497 700 608 738; x_wconf 79' lang='grc' dir='ltr'>βρώσει,</span> <span class='ocrx_word' id='word_1_103' title='bbox 639 710 684 726; x_wconf 83' lang='grc' dir='ltr'>και</span> <span class='ocrx_word' id='word_1_104' title='bbox 716 699 755 725; x_wconf 81' lang='grc' dir='ltr'>ἀεί</span> <span class='ocrx_word' id='word_1_105' title='bbox 816 696 841 724; x_wconf 74' lang='grc' dir='ltr'>δ’</span> 
     </span>
    </p>
   </div>
   <div class='ocr_carea' id='block_1_17' title="bbox 21 741 842 784">
    <p class='ocr_par' dir='ltr' id='par_1_17' title="bbox 21 741 842 784">
     <span class='ocr_line' id='line_1_17' title="bbox 21 741 842 784; baseline -0.007 -9"><span class='ocrx_word' id='word_1_106' title='bbox 21 750 140 784; x_wconf 74' lang='grc' dir='ltr'>ἀπατᾴν</span> <span class='ocrx_word' id='word_1_107' title='bbox 168 748 192 774; x_wconf 79' lang='grc' dir='ltr'>ἰν</span> <span class='ocrx_word' id='word_1_108' title='bbox 218 749 347 778; x_wconf 79' lang='grc' dir='ltr'><strong>τοιούτοις</strong></span> <span class='ocrx_word' id='word_1_109' title='bbox 368 748 526 782; x_wconf 79' lang='grc' dir='ltr'>πειρωμένου</span> <span class='ocrx_word' id='word_1_110' title='bbox 548 749 659 783; x_wconf 75' lang='grc' dir='ltr'>τρυφαῖς</span> <span class='ocrx_word' id='word_1_111' title='bbox 699 754 744 770; x_wconf 77' lang='grc' dir='ltr'>ναι</span> <span class='ocrx_word' id='word_1_112' title='bbox 777 741 842 772; x_wconf 81' lang='grc' dir='ltr'>ἠδο-</span> 
     </span>
    </p>
   </div>
   <div class='ocr_carea' id='block_1_18' title="bbox 19 790 844 828">
    <p class='ocr_par' dir='ltr' id='par_1_18' title="bbox 19 790 844 828">
     <span class='ocr_line' id='line_1_18' title="bbox 19 790 844 828; baseline -0.007 -8"><span class='ocrx_word' id='word_1_113' title='bbox 19 798 90 825; x_wconf 74' lang='grc' dir='ltr'>ναῖς</span> <span class='ocrx_word' id='word_1_114' title='bbox 122 803 166 819; x_wconf 85' lang='grc' dir='ltr'>και</span> <span class='ocrx_word' id='word_1_115' title='bbox 192 794 281 822; x_wconf 83' lang='grc' dir='ltr'>ἡτταις</span> <span class='ocrx_word' id='word_1_116' title='bbox 309 795 422 828; x_wconf 80' lang='grc' dir='ltr'>σαρκῶς,</span> <span class='ocrx_word' id='word_1_117' title='bbox 450 791 502 827; x_wconf 80' lang='grc' dir='ltr'>ὁρῶ</span> <span class='ocrx_word' id='word_1_118' title='bbox 528 800 556 817; x_wconf 83' lang='grc' dir='ltr'>σε</span> <span class='ocrx_word' id='word_1_119' title='bbox 573 793 617 816; x_wconf 79' lang='grc' dir='ltr'>νῦν</span> <span class='ocrx_word' id='word_1_120' title='bbox 637 790 668 823; x_wconf 82' lang='grc' dir='ltr'>(ὦ</span> <span class='ocrx_word' id='word_1_121' title='bbox 693 791 774 815; x_wconf 81' lang='grc' dir='ltr'>πόσον</span> <span class='ocrx_word' id='word_1_122' title='bbox 797 791 844 813; x_wconf 70' lang='grc' dir='ltr'>και</span> 
     </span>
    </p>
   </div>
   <div class='ocr_carea' id='block_1_19' title="bbox 24 833 840 872">
    <p class='ocr_par' dir='ltr' id='par_1_19' title="bbox 24 833 840 872">
     <span class='ocr_line' id='line_1_19' title="bbox 24 833 840 872; baseline -0.009 -7"><span class='ocrx_word' id='word_1_123' title='bbox 24 837 89 866; x_wconf 78' lang='grc' dir='ltr'>οἷον</span> <span class='ocrx_word' id='word_1_124' title='bbox 117 840 197 864; x_wconf 80' lang='grc' dir='ltr'>κακὸν</span> <span class='ocrx_word' id='word_1_125' title='bbox 231 837 255 863; x_wconf 83' lang='grc' dir='ltr'>ἰν</span> <span class='ocrx_word' id='word_1_126' title='bbox 281 840 336 867; x_wconf 85' lang='grc' dir='ltr'>τοῖς</span> <span class='ocrx_word' id='word_1_127' title='bbox 359 835 428 872; x_wconf 73' lang='grc' dir='ltr'>ἐμοῖς</span> <span class='ocrx_word' id='word_1_128' title='bbox 458 834 598 870; x_wconf 83' lang='grc' dir='ltr'>ὀφθαλμοῖς</span> <span class='ocrx_word' id='word_1_129' title='bbox 624 833 644 870; x_wconf 75' lang='grc'>1)</span> <span class='ocrx_word' id='word_1_130' title='bbox 668 837 721 864; x_wconf 88' lang='grc' dir='ltr'>τοῖς</span> <span class='ocrx_word' id='word_1_131' title='bbox 744 833 840 859; x_wconf 72' lang='grc' dir='ltr'>ἐκείνου</span> 
     </span>
    </p>
   </div>
   <div class='ocr_carea' id='block_1_20' title="bbox 896 253 1723 290">
    <p class='ocr_par' dir='ltr' id='par_1_20' title="bbox 896 253 1723 290">
     <span class='ocr_line' id='line_1_20' title="bbox 896 253 1723 290; baseline 0.004 -11"><span class='ocrx_word' id='word_1_132' title='bbox 896 254 1033 281; x_wconf 88' lang='lat' dir='ltr'>acturum</span> <span class='ocrx_word' id='word_1_133' title='bbox 1047 261 1112 281; x_wconf 86' lang='lat' dir='ltr'>esse</span> <span class='ocrx_word' id='word_1_134' title='bbox 1127 256 1265 290; x_wconf 85' lang='lat' dir='ltr'>putarem</span> <span class='ocrx_word' id='word_1_135' title='bbox 1284 256 1313 282; x_wconf 90' lang='lat' dir='ltr'>et</span> <span class='ocrx_word' id='word_1_136' title='bbox 1329 253 1522 287; x_wconf 83' lang='lat' dir='ltr'>conﬁderem,</span> <span class='ocrx_word' id='word_1_137' title='bbox 1537 255 1566 281; x_wconf 88' lang='lat' dir='ltr'>et</span> <span class='ocrx_word' id='word_1_138' title='bbox 1583 253 1622 282; x_wconf 88' lang='lat' dir='ltr'>ad</span> <span class='ocrx_word' id='word_1_139' title='bbox 1652 262 1723 282; x_wconf 90' lang='lat' dir='ltr'>eum</span> 
     </span>
    </p>
   </div>
   <div class='ocr_carea' id='block_1_21' title="bbox 895 298 1723 335">
    <p class='ocr_par' dir='ltr' id='par_1_21' title="bbox 895 298 1723 335">
     <span class='ocr_line' id='line_1_21' title="bbox 895 298 1723 335; baseline 0.002 -11"><span class='ocrx_word' id='word_1_140' title='bbox 895 300 1065 326; x_wconf 76' lang='lat' dir='ltr'>constanter</span> <span class='ocrx_word' id='word_1_141' title='bbox 1092 307 1215 327; x_wconf 82' lang='lat' dir='ltr'>cursum</span> <span class='ocrx_word' id='word_1_142' title='bbox 1239 301 1323 326; x_wconf 91' lang='lat' dir='ltr'>tuum</span> <span class='ocrx_word' id='word_1_143' title='bbox 1349 298 1544 329; x_wconf 83' lang='lat' dir='ltr'>directurum.</span> <span class='ocrx_word' id='word_1_144' title='bbox 1573 301 1723 335; x_wconf 76' lang='lat' dir='ltr'>caputque</span> 
     </span>
    </p>
   </div>
   <div class='ocr_carea' id='block_1_22' title="bbox 896 342 1724 380">
    <p class='ocr_par' dir='ltr' id='par_1_22' title="bbox 896 342 1724 380">
     <span class='ocr_line' id='line_1_22' title="bbox 896 342 1724 380; baseline 0.004 -12"><span class='ocrx_word' id='word_1_145' title='bbox 896 343 1041 378; x_wconf 70' lang='lat' dir='ltr'>serpentis</span> <span class='ocrx_word' id='word_1_146' title='bbox 1058 343 1147 378; x_wconf 87' lang='lat' dir='ltr'>hujus</span> <span class='ocrx_word' id='word_1_147' title='bbox 1165 344 1216 380; x_wconf 84' lang='lat' dir='ltr'>qui</span> <span class='ocrx_word' id='word_1_148' title='bbox 1242 343 1281 371; x_wconf 89' lang='lat' dir='ltr'>ad</span> <span class='ocrx_word' id='word_1_149' title='bbox 1302 343 1388 372; x_wconf 89' lang='lat' dir='ltr'>initio</span> <span class='ocrx_word' id='word_1_150' title='bbox 1411 342 1538 378; x_wconf 77' lang='lat' dir='ltr'>decepit,</span> <span class='ocrx_word' id='word_1_151' title='bbox 1562 347 1590 370; x_wconf 87' lang='lat' dir='ltr'>et</span> <span class='ocrx_word' id='word_1_152' title='bbox 1611 343 1724 371; x_wconf 85' lang='lat' dir='ltr'>fructus</span> 
     </span>
    </p>
   </div>
   <div class='ocr_carea' id='block_1_23' title="bbox 895 388 1725 424">
    <p class='ocr_par' dir='ltr' id='par_1_23' title="bbox 895 388 1725 424">
     <span class='ocr_line' id='line_1_23' title="bbox 895 388 1725 424; baseline 0.002 -10"><span class='ocrx_word' id='word_1_153' title='bbox 895 388 1078 416; x_wconf 88' lang='lat' dir='ltr'>comestione</span> <span class='ocrx_word' id='word_1_154' title='bbox 1101 388 1131 416; x_wconf 88' lang='lat' dir='ltr'>in</span> <span class='ocrx_word' id='word_1_155' title='bbox 1163 396 1293 416; x_wconf 89' lang='lat' dir='ltr'>errorem</span> <span class='ocrx_word' id='word_1_156' title='bbox 1317 388 1431 416; x_wconf 79' lang='lat' dir='ltr'>inducit</span> <span class='ocrx_word' id='word_1_157' title='bbox 1459 388 1641 424; x_wconf 86' lang='lat' dir='ltr'>occiditque,</span> <span class='ocrx_word' id='word_1_158' title='bbox 1663 390 1725 416; x_wconf 61' lang='lat' dir='ltr'>ten»</span> 
     </span>
    </p>
   </div>
   <div class='ocr_carea' id='block_1_24' title="bbox 896 432 1726 469">
    <p class='ocr_par' dir='ltr' id='par_1_24' title="bbox 896 432 1726 469">
     <span class='ocr_line' id='line_1_24' title="bbox 896 432 1726 469; baseline 0.001 -9"><span class='ocrx_word' id='word_1_159' title='bbox 896 434 997 468; x_wconf 74' lang='lat' dir='ltr'>latque</span> <span class='ocrx_word' id='word_1_160' title='bbox 1032 441 1152 469; x_wconf 87' lang='lat' dir='ltr'>semper</span> <span class='ocrx_word' id='word_1_161' title='bbox 1180 436 1208 461; x_wconf 87' lang='lat' dir='ltr'>et</span> <span class='ocrx_word' id='word_1_162' title='bbox 1228 433 1341 461; x_wconf 86' lang='lat' dir='ltr'>deliciis</span> <span class='ocrx_word' id='word_1_163' title='bbox 1369 435 1397 461; x_wconf 90' lang='lat' dir='ltr'>et</span> <span class='ocrx_word' id='word_1_164' title='bbox 1437 432 1643 468; x_wconf 80' lang='lat' dir='ltr'>voluptatibus</span> <span class='ocrx_word' id='word_1_165' title='bbox 1696 436 1726 462; x_wconf 91' lang='lat' dir='ltr'>et</span> 
     </span>
    </p>
   </div>
   <div class='ocr_carea' id='block_1_25' title="bbox 896 477 1724 514">
    <p class='ocr_par' dir='ltr' id='par_1_25' title="bbox 896 477 1724 514">
     <span class='ocr_line' id='line_1_25' title="bbox 896 477 1724 514; baseline 0.002 -10"><span class='ocrx_word' id='word_1_166' title='bbox 896 477 994 504; x_wconf 86' lang='lat' dir='ltr'>carnis</span> <span class='ocrx_word' id='word_1_167' title='bbox 1005 478 1181 506; x_wconf 82' lang='lat' dir='ltr'>remissione</span> <span class='ocrx_word' id='word_1_168' title='bbox 1195 477 1342 514; x_wconf 84' lang='lat' dir='ltr'>decipere,</span> <span class='ocrx_word' id='word_1_169' title='bbox 1355 478 1442 505; x_wconf 91' lang='lat' dir='ltr'>video</span> <span class='ocrx_word' id='word_1_170' title='bbox 1450 480 1476 505; x_wconf 91' lang='lat' dir='ltr'>te</span> <span class='ocrx_word' id='word_1_171' title='bbox 1484 484 1574 511; x_wconf 91' lang='lat' dir='ltr'>nunc,</span> <span class='ocrx_word' id='word_1_172' title='bbox 1587 479 1616 512; x_wconf 87' lang='lat'>(0</span> <span class='ocrx_word' id='word_1_173' title='bbox 1626 485 1724 514; x_wconf 87' lang='lat' dir='ltr'>quan-</span> 
     </span>
    </p>
   </div>
   <div class='ocr_carea' id='block_1_26' title="bbox 896 521 1724 558">
    <p class='ocr_par' dir='ltr' id='par_1_26' title="bbox 896 521 1724 558">
     <span class='ocr_line' id='line_1_26' title="bbox 896 521 1724 558; baseline 0.002 -10"><span class='ocrx_word' id='word_1_174' title='bbox 896 524 959 549; x_wconf 89' lang='lat' dir='ltr'>tum</span> <span class='ocrx_word' id='word_1_175' title='bbox 975 524 1003 549; x_wconf 90' lang='lat' dir='ltr'>et</span> <span class='ocrx_word' id='word_1_176' title='bbox 1018 522 1107 558; x_wconf 82' lang='lat' dir='ltr'>quale</span> <span class='ocrx_word' id='word_1_177' title='bbox 1127 522 1157 550; x_wconf 92' lang='lat' dir='ltr'>in</span> <span class='ocrx_word' id='word_1_178' title='bbox 1172 522 1266 550; x_wconf 91' lang='lat' dir='ltr'>oculis</span> <span class='ocrx_word' id='word_1_179' title='bbox 1285 522 1359 550; x_wconf 84' lang='lat' dir='ltr'>meis</span> <span class='ocrx_word' id='word_1_180' title='bbox 1385 521 1500 550; x_wconf 88' lang='lat' dir='ltr'>malum</span> <span class='ocrx_word' id='word_1_181' title='bbox 1527 522 1546 557; x_wconf 86' lang='lat' dir='ltr'>l)</span> <span class='ocrx_word' id='word_1_182' title='bbox 1575 522 1724 550; x_wconf 73' lang='lat' dir='ltr'>daemonis</span> 
     </span>
    </p>
   </div>
   <div class='ocr_carea' id='block_1_27' title="bbox 895 566 1724 602">
    <p class='ocr_par' dir='ltr' id='par_1_27' title="bbox 895 566 1724 602">
     <span class='ocr_line' id='line_1_27' title="bbox 895 566 1724 602; baseline 0.001 -9"><span class='ocrx_word' id='word_1_183' title='bbox 895 566 1023 602; x_wconf 86' lang='lat' dir='ltr'>pedibus</span> <span class='ocrx_word' id='word_1_184' title='bbox 1039 566 1198 594; x_wconf 75' lang='lat' dir='ltr'>mortiferis</span> <span class='ocrx_word' id='word_1_185' title='bbox 1208 566 1416 595; x_wconf 88' lang='lat' dir='ltr'>conculcatum</span> <span class='ocrx_word' id='word_1_186' title='bbox 1430 569 1458 594; x_wconf 88' lang='lat' dir='ltr'>et</span> <span class='ocrx_word' id='word_1_187' title='bbox 1468 567 1640 595; x_wconf 87' lang='lat' dir='ltr'>contritum.</span> <span class='ocrx_word' id='word_1_188' title='bbox 1660 568 1692 594; x_wconf 82' lang='lat' dir='ltr'>Et</span> <span class='ocrx_word' id='word_1_189' title='bbox 1699 567 1724 594; x_wconf 91' lang='lat' dir='ltr'>si</span> 
     </span>
    </p>
   </div>
   <div class='ocr_carea' id='block_1_28' title="bbox 895 610 1724 647">
    <p class='ocr_par' dir='ltr' id='par_1_28' title="bbox 895 610 1724 647">
     <span class='ocr_line' id='line_1_28' title="bbox 895 610 1724 647; baseline 0.002 -10"><span class='ocrx_word' id='word_1_190' title='bbox 895 610 959 646; x_wconf 88' lang='lat' dir='ltr'>ipse</span> <span class='ocrx_word' id='word_1_191' title='bbox 969 611 1000 638; x_wconf 92' lang='lat' dir='ltr'>in</span> <span class='ocrx_word' id='word_1_192' title='bbox 1015 611 1125 639; x_wconf 91' lang='lat' dir='ltr'>durum</span> <span class='ocrx_word' id='word_1_193' title='bbox 1133 611 1265 647; x_wconf 90' lang='lat' dir='ltr'>lapidem</span> <span class='ocrx_word' id='word_1_194' title='bbox 1274 619 1325 639; x_wconf 91' lang='lat' dir='ltr'>cor</span> <span class='ocrx_word' id='word_1_195' title='bbox 1335 614 1421 639; x_wconf 88' lang='lat' dir='ltr'>tuum</span> <span class='ocrx_word' id='word_1_196' title='bbox 1428 613 1605 639; x_wconf 89' lang='lat' dir='ltr'>convertens</span> <span class='ocrx_word' id='word_1_197' title='bbox 1625 619 1724 647; x_wconf 88' lang='lat' dir='ltr'>neque</span> 
     </span>
    </p>
   </div>
   <div class='ocr_carea' id='block_1_29' title="bbox 895 654 1724 692">
    <p class='ocr_par' dir='ltr' id='par_1_29' title="bbox 895 654 1724 692">
     <span class='ocr_line' id='line_1_29' title="bbox 895 654 1724 692; baseline 0.001 -10"><span class='ocrx_word' id='word_1_198' title='bbox 895 654 1046 688; x_wconf 76' lang='lat' dir='ltr'>affectum,</span> <span class='ocrx_word' id='word_1_199' title='bbox 1065 663 1162 692; x_wconf 86' lang='lat' dir='ltr'>neque</span> <span class='ocrx_word' id='word_1_200' title='bbox 1178 656 1388 684; x_wconf 81' lang='lat' dir='ltr'>contritionem</span> <span class='ocrx_word' id='word_1_201' title='bbox 1403 658 1516 683; x_wconf 84' lang='lat' dir='ltr'>sentias</span> <span class='ocrx_word' id='word_1_202' title='bbox 1532 658 1592 684; x_wconf 88' lang='lat' dir='ltr'>tota</span> <span class='ocrx_word' id='word_1_203' title='bbox 1624 658 1724 683; x_wconf 84' lang='lat' dir='ltr'>mente</span> 
     </span>
    </p>
   </div>
   <div class='ocr_carea' id='block_1_30' title="bbox 896 699 1723 736">
    <p class='ocr_par' dir='ltr' id='par_1_30' title="bbox 896 699 1723 736">
     <span class='ocr_line' id='line_1_30' title="bbox 896 699 1723 736; baseline 0 -9"><span class='ocrx_word' id='word_1_204' title='bbox 896 702 948 727; x_wconf 88' lang='lat' dir='ltr'>tua</span> <span class='ocrx_word' id='word_1_205' title='bbox 963 699 1089 736; x_wconf 86' lang='lat' dir='ltr'>abrepta</span> <span class='ocrx_word' id='word_1_206' title='bbox 1106 703 1134 728; x_wconf 92' lang='lat' dir='ltr'>et</span> <span class='ocrx_word' id='word_1_207' title='bbox 1152 700 1229 728; x_wconf 86' lang='lat' dir='ltr'>male</span> <span class='ocrx_word' id='word_1_208' title='bbox 1258 700 1396 736; x_wconf 88' lang='lat' dir='ltr'>decepta,</span> <span class='ocrx_word' id='word_1_209' title='bbox 1427 708 1527 728; x_wconf 86' lang='lat' dir='ltr'>nonne</span> <span class='ocrx_word' id='word_1_210' title='bbox 1553 699 1723 734; x_wconf 82' lang='lat' dir='ltr'>evigilabis,</span> 
     </span>
    </p>
   </div>
   <div class='ocr_carea' id='block_1_31' title="bbox 896 744 1724 781">
    <p class='ocr_par' dir='ltr' id='par_1_31' title="bbox 896 744 1724 781">
     <span class='ocr_line' id='line_1_31' title="bbox 896 744 1724 781; baseline 0.001 -10"><span class='ocrx_word' id='word_1_211' title='bbox 896 746 924 771; x_wconf 91' lang='lat' dir='ltr'>et</span> <span class='ocrx_word' id='word_1_212' title='bbox 953 744 1099 780; x_wconf 69' lang='lat' dir='ltr'>inteltiges</span> <span class='ocrx_word' id='word_1_213' title='bbox 1119 748 1148 772; x_wconf 89' lang='lat' dir='ltr'>et</span> <span class='ocrx_word' id='word_1_214' title='bbox 1172 745 1295 773; x_wconf 75' lang='lat' dir='ltr'>rationis</span> <span class='ocrx_word' id='word_1_215' title='bbox 1324 745 1426 781; x_wconf 87' lang='lat' dir='ltr'>tuique</span> <span class='ocrx_word' id='word_1_216' title='bbox 1449 745 1546 781; x_wconf 88' lang='lat' dir='ltr'>ipsius</span> <span class='ocrx_word' id='word_1_217' title='bbox 1575 745 1639 781; x_wconf 87' lang='lat' dir='ltr'>ﬁes,</span> <span class='ocrx_word' id='word_1_218' title='bbox 1671 745 1724 781; x_wconf 81' lang='lat' dir='ltr'>qui</span> 
     </span>
    </p>
   </div>
   <div class='ocr_carea' id='block_1_32' title="bbox 896 789 1723 826">
    <p class='ocr_par' dir='ltr' id='par_1_32' title="bbox 896 789 1723 826">
     <span class='ocr_line' id='line_1_32' title="bbox 896 789 1723 826; baseline 0 -8"><span class='ocrx_word' id='word_1_219' title='bbox 896 789 996 818; x_wconf 82' lang='lat' dir='ltr'>adhuc</span> <span class='ocrx_word' id='word_1_220' title='bbox 1011 789 1041 818; x_wconf 87' lang='lat' dir='ltr'>in</span> <span class='ocrx_word' id='word_1_221' title='bbox 1056 790 1164 818; x_wconf 86' lang='lat' dir='ltr'>teneris</span> <span class='ocrx_word' id='word_1_222' title='bbox 1183 790 1271 818; x_wconf 86' lang='lat' dir='ltr'>annis</span> <span class='ocrx_word' id='word_1_223' title='bbox 1280 792 1309 818; x_wconf 91' lang='lat' dir='ltr'>et</span> <span class='ocrx_word' id='word_1_224' title='bbox 1319 790 1415 826; x_wconf 88' lang='lat' dir='ltr'>prima</span> <span class='ocrx_word' id='word_1_225' title='bbox 1427 792 1497 826; x_wconf 87' lang='lat' dir='ltr'>post</span> <span class='ocrx_word' id='word_1_226' title='bbox 1505 798 1556 818; x_wconf 86' lang='lat' dir='ltr'>eos</span> <span class='ocrx_word' id='word_1_227' title='bbox 1565 790 1723 825; x_wconf 85' lang='lat' dir='ltr'>juventute</span> 
     </span>
    </p>
   </div>
   <div class='ocr_carea' id='block_1_33' title="bbox 896 834 1723 870">
    <p class='ocr_par' dir='ltr' id='par_1_33' title="bbox 896 834 1723 870">
     <span class='ocr_line' id='line_1_33' title="bbox 896 834 1723 870; baseline 0.001 -8"><span class='ocrx_word' id='word_1_228' title='bbox 896 835 1045 870; x_wconf 88' lang='lat' dir='ltr'>sapienter</span> <span class='ocrx_word' id='word_1_229' title='bbox 1057 834 1233 870; x_wconf 82' lang='lat' dir='ltr'>intelligens,</span> <span class='ocrx_word' id='word_1_230' title='bbox 1261 843 1343 863; x_wconf 90' lang='lat' dir='ltr'>nunc</span> <span class='ocrx_word' id='word_1_231' title='bbox 1375 843 1446 863; x_wconf 90' lang='lat' dir='ltr'>vero</span> <span class='ocrx_word' id='word_1_232' title='bbox 1473 835 1625 863; x_wconf 86' lang='lat' dir='ltr'>dementia</span> <span class='ocrx_word' id='word_1_233' title='bbox 1658 842 1723 863; x_wconf 84' lang='lat' dir='ltr'>cor-</span> 
     </span>
    </p>
   </div>
   <div class='ocr_carea' id='block_1_34' title="bbox 25 878 839 918">
    <p class='ocr_par' dir='ltr' id='par_1_34' title="bbox 25 878 839 918">
     <span class='ocr_line' id='line_1_34' title="bbox 25 878 839 918; baseline -0.007 -9"><span class='ocrx_word' id='word_1_234' title='bbox 25 883 134 918; x_wconf 80' lang='grc' dir='ltr'>μᾶλλον</span> <span class='ocrx_word' id='word_1_235' title='bbox 164 882 376 918; x_wconf 77' lang='grc' dir='ltr'>συμπατούμενον</span> <span class='ocrx_word' id='word_1_236' title='bbox 414 890 459 906; x_wconf 85' lang='grc' dir='ltr'>και</span> <span class='ocrx_word' id='word_1_237' title='bbox 492 878 689 915; x_wconf 81' lang='grc' dir='ltr'>συντριϐὸμινον</span> <span class='ocrx_word' id='word_1_238' title='bbox 729 879 839 906; x_wconf 62' lang='grc' dir='ltr'>θανατη-</span> 
     </span>
    </p>
   </div>
   <div class='ocr_carea' id='block_1_35' title="bbox 926 878 1724 918">
    <p class='ocr_par' dir='ltr' id='par_1_35' title="bbox 928 879 1724 916">
     <span class='ocr_line' id='line_1_35' title="bbox 928 879 1724 916; baseline 0 -10"><span class='ocrx_word' id='word_1_239' title='bbox 928 882 1009 915; x_wconf 83' lang='lat' dir='ltr'>ptus.</span> <span class='ocrx_word' id='word_1_240' title='bbox 1028 882 1065 912; x_wconf 81' lang='lat' dir='ltr'>et,</span> <span class='ocrx_word' id='word_1_241' title='bbox 1085 887 1155 907; x_wconf 88' lang='lat' dir='ltr'>cum</span> <span class='ocrx_word' id='word_1_242' title='bbox 1171 879 1270 915; x_wconf 78' lang='lat' dir='ltr'>potius</span> <span class='ocrx_word' id='word_1_243' title='bbox 1281 879 1462 916; x_wconf 87' lang='lat' dir='ltr'>oportuisset</span> <span class='ocrx_word' id='word_1_244' title='bbox 1472 882 1498 908; x_wconf 91' lang='lat' dir='ltr'>te</span> <span class='ocrx_word' id='word_1_245' title='bbox 1517 879 1557 907; x_wconf 88' lang='lat' dir='ltr'>ab</span> <span class='ocrx_word' id='word_1_246' title='bbox 1584 879 1724 914; x_wconf 79' lang='lat' dir='ltr'>ignoran-</span> 
     </span>
    </p>
   </div>
   <div class='ocr_carea' id='block_1_36' title="bbox 26 922 840 965">
    <p class='ocr_par' dir='ltr' id='par_1_36' title="bbox 26 922 840 965">
     <span class='ocr_line' id='line_1_36' title="bbox 26 922 840 965; baseline -0.009 -12"><span class='ocrx_word' id='word_1_247' title='bbox 26 930 128 965; x_wconf 78' lang='grc' dir='ltr'>φόροις</span> <span class='ocrx_word' id='word_1_248' title='bbox 160 928 233 953; x_wconf 86' lang='grc' dir='ltr'>ποσί.</span> <span class='ocrx_word' id='word_1_249' title='bbox 270 928 321 952; x_wconf 81' lang='grc' dir='ltr'>Κάν</span> <span class='ocrx_word' id='word_1_250' title='bbox 354 934 398 950; x_wconf 84' lang='grc' dir='ltr'>και</span> <span class='ocrx_word' id='word_1_251' title='bbox 431 924 508 954; x_wconf 74' lang='grc' dir='ltr'>αὐτὸς</span> <span class='ocrx_word' id='word_1_252' title='bbox 534 923 567 954; x_wconf 88' lang='grc' dir='ltr'>εἰς</span> <span class='ocrx_word' id='word_1_253' title='bbox 598 923 709 959; x_wconf 77' lang='grc' dir='ltr'>σκληρὸν</span> <span class='ocrx_word' id='word_1_254' title='bbox 746 922 840 948; x_wconf 84' lang='grc' dir='ltr'>ὡσανεί</span> 
     </span>
    </p>
   </div>
   <div class='ocr_carea' id='block_1_37' title="bbox 25 967 839 1007">
    <p class='ocr_par' dir='ltr' id='par_1_37' title="bbox 25 967 839 1007">
     <span class='ocr_line' id='line_1_37' title="bbox 25 967 839 1007; baseline -0.007 -9"><span class='ocrx_word' id='word_1_255' title='bbox 25 973 110 998; x_wconf 79' lang='grc' dir='ltr'>λίθον</span> <span class='ocrx_word' id='word_1_256' title='bbox 121 974 169 1000; x_wconf 82' lang='grc' dir='ltr'>τήν</span> <span class='ocrx_word' id='word_1_257' title='bbox 188 968 300 1007; x_wconf 78' lang='grc' dir='ltr'>καρδίαν</span> <span class='ocrx_word' id='word_1_258' title='bbox 332 968 483 1005; x_wconf 66' lang='grc' dir='ltr'>μεταϐαλών</span> <span class='ocrx_word' id='word_1_259' title='bbox 511 967 676 998; x_wconf 72' lang='grc' dir='ltr'>ἀναισθήτως</span> <span class='ocrx_word' id='word_1_260' title='bbox 706 968 772 1003; x_wconf 74' lang='grc' dir='ltr'>ἔχῃς</span> <span class='ocrx_word' id='word_1_261' title='bbox 794 970 839 992; x_wconf 84' lang='grc' dir='ltr'>τοῦ</span> 
     </span>
    </p>
   </div>
   <div class='ocr_carea' id='block_1_38' title="bbox 26 1011 840 1051">
    <p class='ocr_par' dir='ltr' id='par_1_38' title="bbox 26 1011 840 1051">
     <span class='ocr_line' id='line_1_38' title="bbox 26 1011 840 1051; baseline -0.009 -8"><span class='ocrx_word' id='word_1_262' title='bbox 26 1017 139 1047; x_wconf 83' lang='grc' dir='ltr'>πάθους</span> <span class='ocrx_word' id='word_1_263' title='bbox 164 1025 208 1042; x_wconf 85' lang='grc' dir='ltr'>και</span> <span class='ocrx_word' id='word_1_264' title='bbox 234 1019 279 1044; x_wconf 82' lang='grc' dir='ltr'>τῆς</span> <span class='ocrx_word' id='word_1_265' title='bbox 306 1013 457 1051; x_wconf 76' lang='grc' dir='ltr'>σνντριϐἧς,</span> <span class='ocrx_word' id='word_1_266' title='bbox 486 1013 547 1042; x_wconf 81' lang='grc' dir='ltr'>ὅλην</span> <span class='ocrx_word' id='word_1_267' title='bbox 578 1011 751 1042; x_wconf 80' lang='grc' dir='ltr'>ἀποσυληθεις</span> <span class='ocrx_word' id='word_1_268' title='bbox 795 1021 840 1036; x_wconf 92' lang='grc' dir='ltr'>και</span> 
     </span>
    </p>
   </div>
   <div class='ocr_carea' id='block_1_39' title="bbox 27 1055 837 1091">
    <p class='ocr_par' dir='ltr' id='par_1_39' title="bbox 27 1055 837 1091">
     <span class='ocr_line' id='line_1_39' title="bbox 27 1055 837 1091; baseline -0.007 -4"><span class='ocrx_word' id='word_1_269' title='bbox 27 1061 142 1091; x_wconf 81' lang='grc' dir='ltr'>κλαπείς</span> <span class='ocrx_word' id='word_1_270' title='bbox 152 1063 240 1090; x_wconf 79' lang='grc' dir='ltr'>κακῶς</span> <span class='ocrx_word' id='word_1_271' title='bbox 267 1061 314 1088; x_wconf 83' lang='grc' dir='ltr'>τὴν</span> <span class='ocrx_word' id='word_1_272' title='bbox 343 1056 474 1088; x_wconf 79' lang='grc' dir='ltr'>διάνοιαν,</span> <span class='ocrx_word' id='word_1_273' title='bbox 504 1056 568 1083; x_wconf 85' lang='grc' dir='ltr'>ἀλλὰ</span> <span class='ocrx_word' id='word_1_274' title='bbox 600 1056 656 1082; x_wconf 86' lang='grc' dir='ltr'>πότ’</span> <span class='ocrx_word' id='word_1_275' title='bbox 690 1055 837 1090; x_wconf 64' lang='grc' dir='ltr'>ἀνανήψας,</span> 
     </span>
    </p>
   </div>
   <div class='ocr_carea' id='block_1_40' title="bbox 26 1100 839 1138">
    <p class='ocr_par' dir='ltr' id='par_1_40' title="bbox 26 1100 839 1138">
     <span class='ocr_line' id='line_1_40' title="bbox 26 1100 839 1138; baseline -0.007 -7"><span class='ocrx_word' id='word_1_276' title='bbox 26 1115 79 1131; x_wconf 79' lang='grc' dir='ltr'>και</span> <span class='ocrx_word' id='word_1_277' title='bbox 103 1106 234 1133; x_wconf 81' lang='grc' dir='ltr'>συνέσεως</span> <span class='ocrx_word' id='word_1_278' title='bbox 245 1113 291 1129; x_wconf 83' lang='grc' dir='ltr'>και</span> <span class='ocrx_word' id='word_1_279' title='bbox 320 1102 452 1138; x_wconf 70' lang='grc' dir='ltr'>λογισμῶν</span> <span class='ocrx_word' id='word_1_280' title='bbox 477 1111 522 1127; x_wconf 89' lang='grc' dir='ltr'>και</span> <span class='ocrx_word' id='word_1_281' title='bbox 546 1104 655 1127; x_wconf 78' lang='grc' dir='ltr'>σεαυτοῦ</span> <span class='ocrx_word' id='word_1_282' title='bbox 692 1102 800 1136; x_wconf 74' lang='grc' dir='ltr'>γενήσῃ,</span> <span class='ocrx_word' id='word_1_283' title='bbox 826 1100 839 1125; x_wconf 87' lang='grc' dir='ltr'><strong>ό</strong></span> 
     </span>
    </p>
   </div>
   <div class='ocr_carea' id='block_1_41' title="bbox 27 1144 837 1182">
    <p class='ocr_par' dir='ltr' id='par_1_41' title="bbox 27 1144 837 1182">
     <span class='ocr_line' id='line_1_41' title="bbox 27 1144 837 1182; baseline -0.009 -6"><span class='ocrx_word' id='word_1_284' title='bbox 27 1150 174 1178; x_wconf 82' lang='grc' dir='ltr'>ἐννηπιοις</span> <span class='ocrx_word' id='word_1_285' title='bbox 193 1147 273 1174; x_wconf 78' lang='grc' dir='ltr'>ἔτ’ὢν</span> <span class='ocrx_word' id='word_1_286' title='bbox 303 1146 411 1182; x_wconf 74' lang='grc' dir='ltr'>ι1&gt;και</span> <span class='ocrx_word' id='word_1_287' title='bbox 448 1145 480 1182; x_wconf 82' lang='grc' dir='ltr'>τῇ</span> <span class='ocrx_word' id='word_1_288' title='bbox 514 1149 604 1182; x_wconf 77' lang='grc' dir='ltr'>πρώτῃ</span> <span class='ocrx_word' id='word_1_289' title='bbox 639 1154 669 1180; x_wconf 76' lang='grc' dir='ltr'>γε</span> <span class='ocrx_word' id='word_1_290' title='bbox 706 1154 750 1170; x_wconf 85' lang='grc' dir='ltr'>και</span> <span class='ocrx_word' id='word_1_291' title='bbox 783 1144 837 1180; x_wconf 78' lang='grc' dir='ltr'>μετ’</span> 
     </span>
    </p>
   </div>
   <div class='ocr_carea' id='block_1_42' title="bbox 26 1187 840 1228">
    <p class='ocr_par' dir='ltr' id='par_1_42' title="bbox 26 1187 840 1228">
     <span class='ocr_line' id='line_1_42' title="bbox 26 1187 840 1228; baseline -0.007 -9"><span class='ocrx_word' id='word_1_292' title='bbox 26 1194 118 1222; x_wconf 73' lang='grc' dir='ltr'>αὐτὴν</span> <span class='ocrx_word' id='word_1_293' title='bbox 144 1193 233 1228; x_wconf 75' lang='grc' dir='ltr'>ἡλικίᾳ</span> <span class='ocrx_word' id='word_1_294' title='bbox 258 1193 352 1221; x_wconf 83' lang='grc' dir='ltr'>συνιείς</span> <span class='ocrx_word' id='word_1_295' title='bbox 371 1191 512 1227; x_wconf 71' lang='grc' dir='ltr'>ἐμφρόνως,</span> <span class='ocrx_word' id='word_1_296' title='bbox 552 1194 596 1215; x_wconf 73' lang='grc' dir='ltr'>νῦν</span> <span class='ocrx_word' id='word_1_297' title='bbox 634 1187 660 1215; x_wconf 83' lang='grc' dir='ltr'>δ’</span> <span class='ocrx_word' id='word_1_298' title='bbox 700 1189 840 1224; x_wconf 78' lang='grc' dir='ltr'>ὑποσυρείς</span> 
     </span>
    </p>
   </div>
   <div class='ocr_carea' id='block_1_43' title="bbox 27 1232 840 1274">
    <p class='ocr_par' dir='ltr' id='par_1_43' title="bbox 27 1232 840 1274">
     <span class='ocr_line' id='line_1_43' title="bbox 27 1232 840 1274; baseline -0.007 -10"><span class='ocrx_word' id='word_1_299' title='bbox 27 1242 93 1269; x_wconf 85' lang='grc' dir='ltr'>ταῖς</span> <span class='ocrx_word' id='word_1_300' title='bbox 110 1237 279 1274; x_wconf 76' lang='grc' dir='ltr'>ἀφροσύναις,</span> <span class='ocrx_word' id='word_1_301' title='bbox 291 1245 345 1271; x_wconf 74' lang='grc' dir='ltr'>και,</span> <span class='ocrx_word' id='word_1_302' title='bbox 363 1236 404 1261; x_wconf 78' lang='grc' dir='ltr'>ὅτε</span> <span class='ocrx_word' id='word_1_303' title='bbox 431 1234 525 1271; x_wconf 81' lang='grc' dir='ltr'>μᾶλλον</span> <span class='ocrx_word' id='word_1_304' title='bbox 549 1232 603 1260; x_wconf 76' lang='grc' dir='ltr'>ἔδει</span> <span class='ocrx_word' id='word_1_305' title='bbox 624 1243 653 1260; x_wconf 84' lang='grc' dir='ltr'>σε</span> <span class='ocrx_word' id='word_1_306' title='bbox 677 1237 726 1259; x_wconf 81' lang='grc' dir='ltr'>τῶν</span> <span class='ocrx_word' id='word_1_307' title='bbox 746 1232 840 1268; x_wconf 73' lang='grc' dir='ltr'>ἀγνοη-</span> 
     </span>
    </p>
   </div>
   <div class='ocr_carea' id='block_1_44' title="bbox 29 1279 840 1319">
    <p class='ocr_par' dir='ltr' id='par_1_44' title="bbox 29 1279 840 1319">
     <span class='ocr_line' id='line_1_44' title="bbox 29 1279 840 1319; baseline -0.007 -11"><span class='ocrx_word' id='word_1_308' title='bbox 29 1284 126 1319; x_wconf 75' lang='grc' dir='ltr'>μάτων</span> <span class='ocrx_word' id='word_1_309' title='bbox 158 1280 286 1311; x_wconf 74' lang='grc' dir='ltr'>παντελῶς</span> <span class='ocrx_word' id='word_1_310' title='bbox 315 1279 495 1315; x_wconf 65' lang='grc' dir='ltr'>ἀπηλλάχθαι,</span> <span class='ocrx_word' id='word_1_311' title='bbox 535 1280 736 1314; x_wconf 72' lang='grc' dir='ltr'>νουνεχιστόρας</span> <span class='ocrx_word' id='word_1_312' title='bbox 784 1279 840 1303; x_wconf 78' lang='grc' dir='ltr'>ἐπι-</span> 
     </span>
    </p>
   </div>
   <div class='ocr_carea' id='block_1_45' title="bbox 30 1323 840 1361">
    <p class='ocr_par' dir='ltr' id='par_1_45' title="bbox 30 1323 840 1361">
     <span class='ocr_line' id='line_1_45' title="bbox 30 1323 840 1361; baseline -0.009 -8"><span class='ocrx_word' id='word_1_313' title='bbox 30 1327 120 1354; x_wconf 69' lang='grc' dir='ltr'>ϐάντα</span> <span class='ocrx_word' id='word_1_314' title='bbox 132 1330 177 1356; x_wconf 88' lang='grc' dir='ltr'>τῆς</span> <span class='ocrx_word' id='word_1_315' title='bbox 190 1326 302 1359; x_wconf 80' lang='grc' dir='ltr'>ἡλικίας,</span> <span class='ocrx_word' id='word_1_316' title='bbox 316 1326 372 1350; x_wconf 82' lang='grc' dir='ltr'>τότε</span> <span class='ocrx_word' id='word_1_317' title='bbox 391 1325 456 1361; x_wconf 80' lang='grc' dir='ltr'>πρὸς</span> <span class='ocrx_word' id='word_1_318' title='bbox 484 1325 516 1349; x_wconf 80' lang='grc' dir='ltr'>τὰ</span> <span class='ocrx_word' id='word_1_319' title='bbox 547 1326 629 1360; x_wconf 84' lang='grc' dir='ltr'>χείρω</span> <span class='ocrx_word' id='word_1_320' title='bbox 654 1323 840 1358; x_wconf 78' lang='grc' dir='ltr'>μεταστραφείς</span> 
     </span>
    </p>
   </div>
   <div class='ocr_carea' id='block_1_46' title="bbox 32 1366 840 1406">
    <p class='ocr_par' dir='ltr' id='par_1_46' title="bbox 32 1366 840 1406">
     <span class='ocr_line' id='line_1_46' title="bbox 32 1366 840 1406; baseline -0.01 -8"><span class='ocrx_word' id='word_1_321' title='bbox 32 1373 72 1402; x_wconf 80' lang='grc' dir='ltr'>εἰς</span> <span class='ocrx_word' id='word_1_322' title='bbox 104 1371 212 1399; x_wconf 74' lang='grc' dir='ltr'>ε’λιιινὴν</span> <span class='ocrx_word' id='word_1_323' title='bbox 242 1372 289 1399; x_wconf 76' lang='grc' dir='ltr'>τὴν</span> <span class='ocrx_word' id='word_1_324' title='bbox 322 1369 498 1406; x_wconf 82' lang='grc' dir='ltr'>ταλαιπωρίαν</span> <span class='ocrx_word' id='word_1_325' title='bbox 525 1369 566 1402; x_wconf 75' lang='grc'>(2)</span> <span class='ocrx_word' id='word_1_326' title='bbox 600 1367 624 1393; x_wconf 83' lang='grc' dir='ltr'>ἐν</span> <span class='ocrx_word' id='word_1_327' title='bbox 657 1371 693 1401; x_wconf 79' lang='grc' dir='ltr'>τῲ</span> <span class='ocrx_word' id='word_1_328' title='bbox 726 1366 840 1396; x_wconf 80' lang='grc' dir='ltr'>ἀκάνθας</span> 
     </span>
    </p>
   </div>
   <div class='ocr_carea' id='block_1_47' title="bbox 33 1413 840 1453">
    <p class='ocr_par' dir='ltr' id='par_1_47' title="bbox 33 1413 840 1453">
     <span class='ocr_line' id='line_1_47' title="bbox 33 1413 840 1453; baseline -0.007 -11"><span class='ocrx_word' id='word_1_329' title='bbox 33 1416 188 1453; x_wconf 78' lang='grc' dir='ltr'>ἐμπαγῆναί</span> <span class='ocrx_word' id='word_1_330' title='bbox 204 1424 246 1441; x_wconf 88' lang='grc' dir='ltr'>σοι</span> <span class='ocrx_word' id='word_1_331' title='bbox 266 1415 298 1440; x_wconf 83' lang='grc' dir='ltr'>τὰ</span> <span class='ocrx_word' id='word_1_332' title='bbox 326 1414 409 1450; x_wconf 84' lang='grc' dir='ltr'>πικρὰ</span> <span class='ocrx_word' id='word_1_333' title='bbox 435 1415 528 1450; x_wconf 79' lang='grc' dir='ltr'>κέντρα</span> <span class='ocrx_word' id='word_1_334' title='bbox 555 1416 600 1438; x_wconf 82' lang='grc' dir='ltr'>του</span> <span class='ocrx_word' id='word_1_335' title='bbox 625 1415 762 1448; x_wconf 74' lang='grc' dir='ltr'>πονηρουε</span> <span class='ocrx_word' id='word_1_336' title='bbox 791 1413 840 1437; x_wconf 82' lang='grc' dir='ltr'>Καὶ</span> 
     </span>
    </p>
   </div>
   <div class='ocr_carea' id='block_1_48' title="bbox 32 1454 840 1498">
    <p class='ocr_par' dir='ltr' id='par_1_48' title="bbox 32 1454 840 1498">
     <span class='ocr_line' id='line_1_48' title="bbox 32 1454 840 1498; baseline -0.009 -11"><span class='ocrx_word' id='word_1_337' title='bbox 32 1463 89 1498; x_wconf 72' lang='grc' dir='ltr'>γὰρ</span> <span class='ocrx_word' id='word_1_338' title='bbox 117 1464 234 1486; x_wconf 73' lang='grc' dir='ltr'>τοιοῦτον</span> <span class='ocrx_word' id='word_1_339' title='bbox 265 1460 292 1485; x_wconf 85' lang='grc' dir='ltr'>τὸ</span> <span class='ocrx_word' id='word_1_340' title='bbox 324 1457 446 1484; x_wconf 79' lang='grc' dir='ltr'>ἐκκ)ίνει.ν</span> <span class='ocrx_word' id='word_1_341' title='bbox 477 1457 528 1483; x_wconf 81' lang='grc' dir='ltr'>ἀπὸ</span> <span class='ocrx_word' id='word_1_342' title='bbox 564 1461 613 1482; x_wconf 82' lang='grc' dir='ltr'>τῶν</span> <span class='ocrx_word' id='word_1_343' title='bbox 658 1454 840 1490; x_wconf 69' lang='grc' dir='ltr'>ἐντεταλμένων</span> 
     </span>
    </p>
   </div>
   <div class='ocr_carea' id='block_1_49' title="bbox 34 1499 839 1542">
    <p class='ocr_par' dir='ltr' id='par_1_49' title="bbox 34 1499 839 1542">
     <span class='ocr_line' id='line_1_49' title="bbox 34 1499 839 1542; baseline -0.01 -10"><span class='ocrx_word' id='word_1_344' title='bbox 34 1505 135 1542; x_wconf 72' lang='grc' dir='ltr'>τρίϐων</span> <span class='ocrx_word' id='word_1_345' title='bbox 153 1507 271 1542; x_wconf 76' lang='grc' dir='ltr'>Χριστοῦ</span> <span class='ocrx_word' id='word_1_346' title='bbox 286 1513 292 1519; x_wconf 89' lang='grc'><strong>·</strong></span> <span class='ocrx_word' id='word_1_347' title='bbox 315 1507 431 1529; x_wconf 75' lang='grc' dir='ltr'>τοιοῦτον</span> <span class='ocrx_word' id='word_1_348' title='bbox 461 1504 506 1528; x_wconf 79' lang='grc' dir='ltr'>καὶ</span> <span class='ocrx_word' id='word_1_349' title='bbox 524 1503 552 1527; x_wconf 84' lang='grc' dir='ltr'>τὸ</span> <span class='ocrx_word' id='word_1_350' title='bbox 579 1502 623 1527; x_wconf 87' lang='grc' dir='ltr'>τὸν</span> <span class='ocrx_word' id='word_1_351' title='bbox 653 1500 731 1536; x_wconf 73' lang='grc' dir='ltr'>ζυγὸν</span> <span class='ocrx_word' id='word_1_352' title='bbox 760 1499 839 1525; x_wconf 74' lang='grc' dir='ltr'>αὑτοῦ</span> 
     </span>
    </p>
   </div>
   <div class='ocr_carea' id='block_1_50' title="bbox 35 1545 839 1584">
    <p class='ocr_par' dir='ltr' id='par_1_50' title="bbox 35 1545 839 1584">
     <span class='ocr_line' id='line_1_50' title="bbox 35 1545 839 1584; baseline -0.009 -8"><span class='ocrx_word' id='word_1_353' title='bbox 35 1549 237 1577; x_wconf 79' lang='grc' dir='ltr'>ἆποσιίσασθαι</span> <span class='ocrx_word' id='word_1_354' title='bbox 266 1550 310 1574; x_wconf 81' lang='grc' dir='ltr'>τὸν</span> <span class='ocrx_word' id='word_1_355' title='bbox 337 1546 444 1584; x_wconf 74' lang='grc' dir='ltr'>ἐλαφρὸν</span> <span class='ocrx_word' id='word_1_356' title='bbox 472 1549 516 1572; x_wconf 82' lang='grc' dir='ltr'>καὶ</span> <span class='ocrx_word' id='word_1_357' title='bbox 549 1547 669 1582; x_wconf 75' lang='grc' dir='ltr'>χρηστὸν</span> <span class='ocrx_word' id='word_1_358' title='bbox 709 1545 757 1580; x_wconf 80' lang='grc'>(3),</span> <span class='ocrx_word' id='word_1_359' title='bbox 795 1547 839 1570; x_wconf 78' lang='grc' dir='ltr'>καὶ</span> 
     </span>
    </p>
   </div>
   <div class='ocr_carea' id='block_1_51' title="bbox 34 1588 839 1631">
    <p class='ocr_par' dir='ltr' id='par_1_51' title="bbox 34 1588 839 1631">
     <span class='ocr_line' id='line_1_51' title="bbox 34 1588 839 1631; baseline -0.009 -11"><span class='ocrx_word' id='word_1_360' title='bbox 34 1597 104 1631; x_wconf 77' lang='grc' dir='ltr'>πρὸς</span> <span class='ocrx_word' id='word_1_361' title='bbox 117 1591 225 1624; x_wconf 76' lang='grc' dir='ltr'>ἀνοδίας</span> <span class='ocrx_word' id='word_1_362' title='bbox 241 1595 286 1618; x_wconf 81' lang='grc' dir='ltr'>καὶ</span> <span class='ocrx_word' id='word_1_363' title='bbox 303 1591 436 1629; x_wconf 73' lang='grc' dir='ltr'>βάραθρα,</span> <span class='ocrx_word' id='word_1_364' title='bbox 467 1593 510 1617; x_wconf 83' lang='grc' dir='ltr'>καὶ</span> <span class='ocrx_word' id='word_1_365' title='bbox 539 1591 663 1620; x_wconf 63' lang='grc' dir='ltr'>τοιαύτας</span> <span class='ocrx_word' id='word_1_366' title='bbox 691 1588 839 1625; x_wconf 76' lang='grc' dir='ltr'>ἀνωμάλους</span> 
     </span>
    </p>
   </div>
   <div class='ocr_carea' id='block_1_52' title="bbox 853 1558 876 1586">
    <p class='ocr_par' dir='ltr' id='par_1_52' title="bbox 853 1558 876 1586">
     <span class='ocr_line' id='line_1_52' title="bbox 853 1558 876 1586; baseline 0 0"><span class='ocrx_word' id='word_1_367' title='bbox 853 1558 876 1586; x_wconf 89' lang='lat' dir='ltr'><strong><em>C</em></strong></span> 
     </span>
    </p>
   </div>
   <div class='ocr_carea' id='block_1_53' title="bbox 33 1633 839 1676">
    <p class='ocr_par' dir='ltr' id='par_1_53' title="bbox 33 1633 839 1676">
     <span class='ocr_line' id='line_1_53' title="bbox 33 1633 839 1676; baseline -0.009 -11"><span class='ocrx_word' id='word_1_368' title='bbox 33 1642 82 1665; x_wconf 87' lang='grc' dir='ltr'>καὶ</span> <span class='ocrx_word' id='word_1_369' title='bbox 106 1640 298 1676; x_wconf 73' lang='grc' dir='ltr'>προσ-κόμμασι</span> <span class='ocrx_word' id='word_1_370' title='bbox 318 1635 516 1670; x_wconf 74' lang='grc' dir='ltr'>συνθλιϐούσας,</span> <span class='ocrx_word' id='word_1_371' title='bbox 545 1633 716 1670; x_wconf 72' lang='grc' dir='ltr'>ἀποδραμείν,</span> <span class='ocrx_word' id='word_1_372' title='bbox 745 1633 839 1668; x_wconf 77' lang='grc' dir='ltr'>ἀφέντα</span> 
     </span>
    </p>
   </div>
   <div class='ocr_carea' id='block_1_54' title="bbox 34 1677 839 1720">
    <p class='ocr_par' dir='ltr' id='par_1_54' title="bbox 34 1677 839 1720">
     <span class='ocr_line' id='line_1_54' title="bbox 34 1677 839 1720; baseline -0.009 -11"><span class='ocrx_word' id='word_1_373' title='bbox 34 1681 162 1720; x_wconf 66' lang='grc' dir='ltr'>βαδίζειν</span> <span class='ocrx_word' id='word_1_374' title='bbox 195 1683 239 1718; x_wconf 77' lang='grc' dir='ltr'>μεν</span> <span class='ocrx_word' id='word_1_375' title='bbox 268 1683 311 1706; x_wconf 85' lang='grc' dir='ltr'>καὶ</span> <span class='ocrx_word' id='word_1_376' title='bbox 340 1680 539 1717; x_wconf 74' lang='grc' dir='ltr'>ἐπιπορεύεσθαι</span> <span class='ocrx_word' id='word_1_377' title='bbox 566 1681 612 1708; x_wconf 78' lang='grc' dir='ltr'>τὴν</span> <span class='ocrx_word' id='word_1_378' title='bbox 646 1678 670 1704; x_wconf 80' lang='grc' dir='ltr'>ἐν</span> <span class='ocrx_word' id='word_1_379' title='bbox 710 1677 839 1713; x_wconf 65' lang='grc' dir='ltr'>εὐλογίαις</span> 
     </span>
    </p>
   </div>
   <div class='ocr_carea' id='block_1_55' title="bbox 33 1722 837 1763">
    <p class='ocr_par' dir='ltr' id='par_1_55' title="bbox 33 1722 837 1763">
     <span class='ocr_line' id='line_1_55' title="bbox 33 1722 837 1763; baseline -0.007 -10"><span class='ocrx_word' id='word_1_380' title='bbox 33 1727 242 1763; x_wconf 71' lang='grc' dir='ltr'>ἑπηγγελέμενην</span> <span class='ocrx_word' id='word_1_381' title='bbox 268 1730 317 1761; x_wconf 77' lang='grc' dir='ltr'>γῆν</span> <span class='ocrx_word' id='word_1_382' title='bbox 344 1727 388 1751; x_wconf 78' lang='grc' dir='ltr'>καὶ</span> <span class='ocrx_word' id='word_1_383' title='bbox 412 1727 458 1753; x_wconf 83' lang='grc' dir='ltr'>τὴν</span> <span class='ocrx_word' id='word_1_384' title='bbox 489 1722 526 1750; x_wconf 74' lang='grc' dir='ltr'>δι’</span> <span class='ocrx_word' id='word_1_385' title='bbox 553 1723 633 1753; x_wconf 75' lang='grc' dir='ltr'>αὑτης</span> <span class='ocrx_word' id='word_1_386' title='bbox 659 1724 721 1759; x_wconf 83' lang='grc' dir='ltr'>πρὸς</span> <span class='ocrx_word' id='word_1_387' title='bbox 753 1723 837 1758; x_wconf 78' lang='grc' dir='ltr'>παρα-</span> 
     </span>
    </p>
   </div>
   <div class='ocr_carea' id='block_1_56' title="bbox 35 1765 838 1806">
    <p class='ocr_par' dir='ltr' id='par_1_56' title="bbox 35 1765 838 1806">
     <span class='ocr_line' id='line_1_56' title="bbox 35 1765 838 1806; baseline -0.009 -8"><span class='ocrx_word' id='word_1_388' title='bbox 35 1771 130 1798; x_wconf 70' lang='grc' dir='ltr'>δεισαν</span> <span class='ocrx_word' id='word_1_389' title='bbox 157 1772 213 1797; x_wconf 77' lang='grc' dir='ltr'>ὃθεν</span> <span class='ocrx_word' id='word_1_390' title='bbox 244 1770 395 1806; x_wconf 78' lang='grc' dir='ltr'>ἐξεπέσομεν</span> <span class='ocrx_word' id='word_1_391' title='bbox 423 1770 562 1806; x_wconf 73' lang='grc' dir='ltr'>φέρουσαν,</span> <span class='ocrx_word' id='word_1_392' title='bbox 588 1771 677 1794; x_wconf 78' lang='grc' dir='ltr'>πατεῖν</span> <span class='ocrx_word' id='word_1_393' title='bbox 716 1765 745 1793; x_wconf 74' lang='grc' dir='ltr'>δὲ</span> <span class='ocrx_word' id='word_1_394' title='bbox 791 1769 838 1794; x_wconf 71' lang='grc' dir='ltr'>τὴν</span> 
     </span>
    </p>
   </div>
   <div class='ocr_carea' id='block_1_57' title="bbox 34 1809 838 1851">
    <p class='ocr_par' dir='ltr' id='par_1_57' title="bbox 34 1809 838 1851">
     <span class='ocr_line' id='line_1_57' title="bbox 34 1809 838 1851; baseline -0.007 -9"><span class='ocrx_word' id='word_1_395' title='bbox 34 1817 150 1846; x_wconf 66' lang='grc' dir='ltr'>ἀκάνθας</span> <span class='ocrx_word' id='word_1_396' title='bbox 176 1818 221 1841; x_wconf 81' lang='grc' dir='ltr'>καὶ</span> <span class='ocrx_word' id='word_1_397' title='bbox 249 1814 383 1851; x_wconf 74' lang='grc' dir='ltr'>τριϐόλους</span> <span class='ocrx_word' id='word_1_398' title='bbox 417 1813 440 1839; x_wconf 77' lang='grc' dir='ltr'>ἐν</span> <span class='ocrx_word' id='word_1_399' title='bbox 468 1814 596 1849; x_wconf 80' lang='grc' dir='ltr'>κατάραις</span> <span class='ocrx_word' id='word_1_400' title='bbox 625 1814 694 1848; x_wconf 76' lang='grc' dir='ltr'>φύειν</span> <span class='ocrx_word' id='word_1_401' title='bbox 727 1809 838 1837; x_wconf 77' lang='grc' dir='ltr'>καταδι-</span> 
     </span>
    </p>
   </div>
   <div class='ocr_carea' id='block_1_58' title="bbox 34 1856 838 1894">
    <p class='ocr_par' dir='ltr' id='par_1_58' title="bbox 34 1856 838 1894">
     <span class='ocr_line' id='line_1_58' title="bbox 34 1856 838 1894; baseline -0.009 -7"><span class='ocrx_word' id='word_1_402' title='bbox 34 1862 181 1887; x_wconf 77' lang='grc' dir='ltr'>χασθείσαν</span> <span class='ocrx_word' id='word_1_403' title='bbox 198 1860 236 1894; x_wconf 67' lang='grc'>(4)</span> <span class='ocrx_word' id='word_1_404' title='bbox 260 1861 305 1884; x_wconf 83' lang='grc' dir='ltr'>καὶ</span> <span class='ocrx_word' id='word_1_405' title='bbox 332 1862 463 1894; x_wconf 66' lang='grc' dir='ltr'>γεωργεῖν.</span> <span class='ocrx_word' id='word_1_406' title='bbox 490 1857 546 1884; x_wconf 74' lang='grc' dir='ltr'>Ἔτι</span> <span class='ocrx_word' id='word_1_407' title='bbox 573 1856 643 1887; x_wconf 82' lang='grc' dir='ltr'>ἐλπὶς</span> <span class='ocrx_word' id='word_1_408' title='bbox 670 1856 726 1892; x_wconf 85' lang='grc' dir='ltr'>ἐμοὶ</span> <span class='ocrx_word' id='word_1_409' title='bbox 750 1859 784 1891; x_wconf 78' lang='grc' dir='ltr'>μή</span> <span class='ocrx_word' id='word_1_410' title='bbox 813 1857 838 1880; x_wconf 87' lang='grc' dir='ltr'>τί</span> 
     </span>
    </p>
   </div>
   <div class='ocr_carea' id='block_1_59' title="bbox 36 1899 840 1942">
    <p class='ocr_par' dir='ltr' id='par_1_59' title="bbox 36 1899 840 1942">
     <span class='ocr_line' id='line_1_59' title="bbox 36 1899 840 1942; baseline -0.009 -10"><span class='ocrx_word' id='word_1_411' title='bbox 36 1916 66 1932; x_wconf 85' lang='grc' dir='ltr'>σε</span> <span class='ocrx_word' id='word_1_412' title='bbox 82 1907 143 1942; x_wconf 75' lang='grc' dir='ltr'>πρὸς</span> <span class='ocrx_word' id='word_1_413' title='bbox 158 1904 228 1934; x_wconf 79' lang='grc' dir='ltr'>τέλος</span> <span class='ocrx_word' id='word_1_414' title='bbox 242 1904 287 1933; x_wconf 80' lang='grc' dir='ltr'>τὰς</span> <span class='ocrx_word' id='word_1_415' title='bbox 301 1902 343 1929; x_wconf 81' lang='grc' dir='ltr'>ἐπὶ</span> <span class='ocrx_word' id='word_1_416' title='bbox 358 1906 401 1928; x_wconf 81' lang='grc' dir='ltr'>σοι</span> <span class='ocrx_word' id='word_1_417' title='bbox 434 1905 481 1932; x_wconf 89' lang='grc' dir='ltr'>τῆς</span> <span class='ocrx_word' id='word_1_418' title='bbox 514 1903 613 1938; x_wconf 75' lang='grc' dir='ltr'>μητρὸς</span> <span class='ocrx_word' id='word_1_419' title='bbox 639 1901 718 1931; x_wconf 78' lang='grc' dir='ltr'>καλὰς</span> <span class='ocrx_word' id='word_1_420' title='bbox 742 1899 840 1930; x_wconf 78' lang='grc' dir='ltr'>ἐκείνας</span> 
     </span>
    </p>
   </div>
   <div class='ocr_carea' id='block_1_60' title="bbox 36 1945 839 1984">
    <p class='ocr_par' dir='ltr' id='par_1_60' title="bbox 36 1945 839 1984">
     <span class='ocr_line' id='line_1_60' title="bbox 36 1945 839 1984; baseline -0.007 -8"><span class='ocrx_word' id='word_1_421' title='bbox 36 1947 149 1980; x_wconf 69' lang='grc' dir='ltr'>ἐλπίδας</span> <span class='ocrx_word' id='word_1_422' title='bbox 176 1951 365 1984; x_wconf 71' lang='grc' dir='ltr'>καταισχῦναι,</span> <span class='ocrx_word' id='word_1_423' title='bbox 395 1949 440 1972; x_wconf 84' lang='grc' dir='ltr'>καὶ</span> <span class='ocrx_word' id='word_1_424' title='bbox 481 1956 594 1982; x_wconf 85' lang='grc' dir='ltr'>ματαιας</span> <span class='ocrx_word' id='word_1_425' title='bbox 634 1945 839 1981; x_wconf 71' lang='grc' dir='ltr'>ἀπεληλεγμένας</span> 
     </span>
    </p>
   </div>
   <div class='ocr_carea' id='block_1_61' title="bbox 37 1990 839 2030">
    <p class='ocr_par' dir='ltr' id='par_1_61' title="bbox 37 1990 839 2030">
     <span class='ocr_line' id='line_1_61' title="bbox 37 1990 839 2030; baseline -0.007 -9"><span class='ocrx_word' id='word_1_426' title='bbox 37 1994 134 2026; x_wconf 68' lang='grc' dir='ltr'>δεῖξαι.</span> <span class='ocrx_word' id='word_1_427' title='bbox 158 2006 171 2019; x_wconf 94' lang='grc'>‹‹</span> <span class='ocrx_word' id='word_1_428' title='bbox 201 1993 393 2030; x_wconf 73' lang='grc' dir='ltr'>Ἐπιοτρςίφητε</span> <span class='ocrx_word' id='word_1_429' title='bbox 416 1994 481 2028; x_wconf 78' lang='grc' dir='ltr'>πρὸς</span> <span class='ocrx_word' id='word_1_430' title='bbox 507 2001 548 2027; x_wconf 83' lang='grc' dir='ltr'>με,</span> <span class='ocrx_word' id='word_1_431' title='bbox 585 1994 630 2017; x_wconf 83' lang='grc' dir='ltr'>καὶ</span> <span class='ocrx_word' id='word_1_432' title='bbox 674 1990 839 2028; x_wconf 75' lang='grc' dir='ltr'>ἐπιστραφή-</span> 
     </span>
    </p>
   </div>
   <div class='ocr_carea' id='block_1_62' title="bbox 39 2034 839 2076">
    <p class='ocr_par' dir='ltr' id='par_1_62' title="bbox 39 2034 839 2076">
     <span class='ocr_line' id='line_1_62' title="bbox 39 2034 839 2076; baseline -0.008 -10"><span class='ocrx_word' id='word_1_433' title='bbox 39 2040 203 2076; x_wconf 75' lang='grc' dir='ltr'>σομαιπρός</span> <span class='ocrx_word' id='word_1_434' title='bbox 216 2038 292 2072; x_wconf 69' lang='grc' dir='ltr'>ὑμᾶς,</span> <span class='ocrx_word' id='word_1_435' title='bbox 321 2037 388 2072; x_wconf 73' lang='grc' dir='ltr'>λέγει</span> <span class='ocrx_word' id='word_1_436' title='bbox 414 2038 509 2072; x_wconf 73' lang='grc' dir='ltr'>Κύριος</span> <span class='ocrx_word' id='word_1_437' title='bbox 538 2038 577 2069; x_wconf 69' lang='grc'>(3»)</span> <span class='ocrx_word' id='word_1_438' title='bbox 606 2046 612 2052; x_wconf 90' lang='grc'><strong>·</strong></span> <span class='ocrx_word' id='word_1_439' title='bbox 639 2047 652 2060; x_wconf 73' lang='grc' dir='ltr'>ι)</span> <span class='ocrx_word' id='word_1_440' title='bbox 684 2034 839 2071; x_wconf 66' lang='grc' dir='ltr'>ἐπέστρεψαν</span> 
     </span>
    </p>
   </div>
   <div class='ocr_carea' id='block_1_63' title="bbox 37 2081 839 2118">
    <p class='ocr_par' dir='ltr' id='par_1_63' title="bbox 37 2081 839 2118">
     <span class='ocr_line' id='line_1_63' title="bbox 37 2081 839 2118; baseline -0.006 -8"><span class='ocrx_word' id='word_1_441' title='bbox 37 2087 85 2110; x_wconf 79' lang='grc' dir='ltr'>καὶ</span> <span class='ocrx_word' id='word_1_442' title='bbox 97 2086 140 2117; x_wconf 75' lang='grc' dir='ltr'>σὺ,</span> <span class='ocrx_word' id='word_1_443' title='bbox 157 2086 201 2109; x_wconf 86' lang='grc' dir='ltr'>καὶ</span> <span class='ocrx_word' id='word_1_444' title='bbox 216 2082 440 2118; x_wconf 77' lang='grc' dir='ltr'>ἐπιστραφήσεταὶ</span> <span class='ocrx_word' id='word_1_445' title='bbox 458 2090 515 2114; x_wconf 82' lang='grc' dir='ltr'>σου,</span> <span class='ocrx_word' id='word_1_446' title='bbox 531 2083 576 2106; x_wconf 80' lang='grc' dir='ltr'>καὶ</span> <span class='ocrx_word' id='word_1_447' title='bbox 597 2090 627 2116; x_wconf 72' lang='grc' dir='ltr'>’γι</span> <span class='ocrx_word' id='word_1_448' title='bbox 653 2081 686 2106; x_wconf 84' lang='grc' dir='ltr'>τά</span> <span class='ocrx_word' id='word_1_449' title='bbox 715 2082 839 2116; x_wconf 80' lang='grc' dir='ltr'>συντρίμ-</span> 
     </span>
    </p>
   </div>
   <div class='ocr_carea' id='block_1_64' title="bbox 38 2123 841 2165">
    <p class='ocr_par' dir='ltr' id='par_1_64' title="bbox 38 2123 841 2165">
     <span class='ocr_line' id='line_1_64' title="bbox 38 2123 841 2165; baseline -0.007 -10"><span class='ocrx_word' id='word_1_450' title='bbox 38 2139 120 2165; x_wconf 82' lang='grc' dir='ltr'>ματα,</span> <span class='ocrx_word' id='word_1_451' title='bbox 140 2130 185 2154; x_wconf 82' lang='grc' dir='ltr'>καὶ</span> <span class='ocrx_word' id='word_1_452' title='bbox 213 2129 274 2157; x_wconf 78' lang='grc' dir='ltr'>τοὺς</span> <span class='ocrx_word' id='word_1_453' title='bbox 302 2125 329 2157; x_wconf 77' lang='grc' dir='ltr'>ἐξ</span> <span class='ocrx_word' id='word_1_454' title='bbox 359 2125 507 2162; x_wconf 73' lang='grc' dir='ltr'>ἀφροσύνης</span> <span class='ocrx_word' id='word_1_455' title='bbox 532 2123 666 2155; x_wconf 65' lang='grc' dir='ltr'>ὁὸωδοτας</span> <span class='ocrx_word' id='word_1_456' title='bbox 696 2127 740 2150; x_wconf 81' lang='grc' dir='ltr'>καὶ</span> <span class='ocrx_word' id='word_1_457' title='bbox 771 2124 841 2160; x_wconf 76' lang='grc' dir='ltr'>μάλα</span> 
     </span>
    </p>
   </div>
   <div class='ocr_carea' id='block_1_65' title="bbox 38 2169 839 2208">
    <p class='ocr_par' dir='ltr' id='par_1_65' title="bbox 38 2169 839 2208">
     <span class='ocr_line' id='line_1_65' title="bbox 38 2169 839 2208; baseline -0.007 -8"><span class='ocrx_word' id='word_1_458' title='bbox 38 2185 65 2200; x_wconf 85' lang='grc' dir='ltr'>τι</span> <span class='ocrx_word' id='word_1_459' title='bbox 94 2174 331 2208; x_wconf 76' lang='grc' dir='ltr'>κατειργασμένους</span> <span class='ocrx_word' id='word_1_460' title='bbox 357 2173 402 2196; x_wconf 87' lang='grc' dir='ltr'>καὶ</span> <span class='ocrx_word' id='word_1_461' title='bbox 429 2173 578 2201; x_wconf 77' lang='grc' dir='ltr'>σεσηπότας</span> <span class='ocrx_word' id='word_1_462' title='bbox 598 2169 736 2206; x_wconf 69' lang='grc' dir='ltr'>μώλωπας,</span> <span class='ocrx_word' id='word_1_463' title='bbox 772 2170 839 2200; x_wconf 70' lang='grc' dir='ltr'>ἐξια-</span> 
     </span>
    </p>
   </div>
   <div class='ocr_carea' id='block_1_66' title="bbox 39 2213 880 2262">
    <p class='ocr_par' dir='ltr' id='par_1_66' title="bbox 39 2213 880 2262">
     <span class='ocr_line' id='line_1_66' title="bbox 39 2213 880 2262; baseline -0.007 -17"><span class='ocrx_word' id='word_1_464' title='bbox 39 2221 205 2248; x_wconf 73' lang='grc' dir='ltr'>σεται·πῶς</span> <span class='ocrx_word' id='word_1_465' title='bbox 216 2219 261 2242; x_wconf 81' lang='grc' dir='ltr'>καὶ</span> <span class='ocrx_word' id='word_1_466' title='bbox 293 2219 352 2242; x_wconf 86' lang='grc' dir='ltr'>τίνα</span> <span class='ocrx_word' id='word_1_467' title='bbox 379 2218 498 2252; x_wconf 77' lang='grc' dir='ltr'>τρόπον;</span> <span class='ocrx_word' id='word_1_468' title='bbox 526 2214 628 2241; x_wconf 77' lang='grc' dir='ltr'>’Ἐλαιον</span> <span class='ocrx_word' id='word_1_469' title='bbox 659 2213 768 2249; x_wconf 79' lang='grc' dir='ltr'>ἐπιχέας</span> <span class='ocrx_word' id='word_1_470' title='bbox 796 2217 840 2240; x_wconf 81' lang='grc' dir='ltr'>καὶ</span> <span class='ocrx_word' id='word_1_471' title='bbox 857 2235 880 2262; x_wconf 78' lang='lat' dir='ltr'><strong>D</strong></span> 
     </span>
    </p>
   </div>
   <div class='ocr_carea' id='block_1_67' title="bbox 38 2258 840 2297">
    <p class='ocr_par' dir='ltr' id='par_1_67' title="bbox 38 2258 840 2297">
     <span class='ocr_line' id='line_1_67' title="bbox 38 2258 840 2297; baseline -0.011 -7"><span class='ocrx_word' id='word_1_472' title='bbox 38 2264 136 2292; x_wconf 81' lang='grc' dir='ltr'>ἐπιθεὶς</span> <span class='ocrx_word' id='word_1_473' title='bbox 162 2259 344 2297; x_wconf 77' lang='grc' dir='ltr'>χαταδέσμονς</span> <span class='ocrx_word' id='word_1_474' title='bbox 367 2260 416 2295; x_wconf 80' lang='lat'>(6),</span> <span class='ocrx_word' id='word_1_475' title='bbox 441 2262 534 2295; x_wconf 74' lang='grc' dir='ltr'>μηκέτι</span> <span class='ocrx_word' id='word_1_476' title='bbox 579 2263 625 2284; x_wconf 81' lang='grc' dir='ltr'>του</span> <span class='ocrx_word' id='word_1_477' title='bbox 662 2259 741 2284; x_wconf 71' lang='grc' dir='ltr'>καλοῦ</span> <span class='ocrx_word' id='word_1_478' title='bbox 780 2258 840 2294; x_wconf 72' lang='grc' dir='ltr'>μήτ’</span> 
     </span>
    </p>
   </div>
   <div class='ocr_carea' id='block_1_68' title="bbox 40 2301 839 2341">
    <p class='ocr_par' dir='ltr' id='par_1_68' title="bbox 40 2301 839 2341">
     <span class='ocr_line' id='line_1_68' title="bbox 40 2301 839 2341; baseline -0.009 -7"><span class='ocrx_word' id='word_1_479' title='bbox 40 2307 263 2340; x_wconf 74' lang='grc' dir='ltr'>ἀποσαλευθῆναι,</span> <span class='ocrx_word' id='word_1_480' title='bbox 296 2305 354 2341; x_wconf 84' lang='grc' dir='ltr'>μήτ’</span> <span class='ocrx_word' id='word_1_481' title='bbox 383 2305 457 2334; x_wconf 60' lang='grc' dir='ltr'>αὐθις</span> <span class='ocrx_word' id='word_1_482' title='bbox 484 2303 675 2340; x_wconf 76' lang='grc' dir='ltr'>ἀπορραγῆναι,</span> <span class='ocrx_word' id='word_1_483' title='bbox 709 2301 839 2339; x_wconf 72' lang='grc' dir='ltr'>μηδαμως</span> 
     </span>
    </p>
   </div>
   <div class='ocr_carea' id='block_1_69' title="bbox 40 2347 839 2384">
    <p class='ocr_par' dir='ltr' id='par_1_69' title="bbox 40 2347 839 2384">
     <span class='ocr_line' id='line_1_69' title="bbox 40 2347 839 2384; baseline -0.006 -6"><span class='ocrx_word' id='word_1_484' title='bbox 40 2354 158 2382; x_wconf 77' lang='grc' dir='ltr'>ἀνιέντας</span> <span class='ocrx_word' id='word_1_485' title='bbox 175 2362 180 2367; x_wconf 92' lang='grc'><strong>·</strong></span> <span class='ocrx_word' id='word_1_486' title='bbox 198 2354 243 2376; x_wconf 81' lang='grc' dir='ltr'>και</span> <span class='ocrx_word' id='word_1_487' title='bbox 270 2359 328 2375; x_wconf 85' lang='grc' dir='ltr'>τοτε</span> <span class='ocrx_word' id='word_1_488' title='bbox 353 2350 386 2374; x_wconf 79' lang='grc' dir='ltr'>τὰ</span> <span class='ocrx_word' id='word_1_489' title='bbox 416 2349 513 2384; x_wconf 79' lang='grc' dir='ltr'>ἰάματα</span> <span class='ocrx_word' id='word_1_490' title='bbox 547 2358 594 2374; x_wconf 82' lang='grc' dir='ltr'>σου</span> <span class='ocrx_word' id='word_1_491' title='bbox 618 2350 689 2383; x_wconf 77' lang='grc' dir='ltr'>ταχύ</span> <span class='ocrx_word' id='word_1_492' title='bbox 716 2347 839 2377; x_wconf 78' lang='grc' dir='ltr'>ἀνατελεῑ,</span> 
     </span>
    </p>
   </div>
   <div class='ocr_carea' id='block_1_70' title="bbox 39 2391 840 2432">
    <p class='ocr_par' dir='ltr' id='par_1_70' title="bbox 39 2391 840 2432">
     <span class='ocr_line' id='line_1_70' title="bbox 39 2391 840 2432; baseline -0.007 -9"><span class='ocrx_word' id='word_1_493' title='bbox 39 2399 86 2423; x_wconf 79' lang='grc' dir='ltr'>καὶ</span> <span class='ocrx_word' id='word_1_494' title='bbox 120 2398 237 2432; x_wconf 78' lang='grc' dir='ltr'>πρώῑμον</span> <span class='ocrx_word' id='word_1_495' title='bbox 267 2395 413 2432; x_wconf 74' lang='grc' dir='ltr'>ραγήσεταί</span> <span class='ocrx_word' id='word_1_496' title='bbox 445 2403 487 2419; x_wconf 85' lang='grc' dir='ltr'>σοι</span> <span class='ocrx_word' id='word_1_497' title='bbox 519 2395 547 2419; x_wconf 80' lang='grc' dir='ltr'>τό</span> <span class='ocrx_word' id='word_1_498' title='bbox 576 2397 626 2428; x_wconf 74' lang='grc' dir='ltr'>φῶς</span> <span class='ocrx_word' id='word_1_499' title='bbox 657 2393 695 2428; x_wconf 82' lang='grc'>(7)</span> <span class='ocrx_word' id='word_1_500' title='bbox 727 2396 773 2420; x_wconf 73' lang='grc' dir='ltr'>τήν</span> <span class='ocrx_word' id='word_1_501' title='bbox 796 2391 840 2417; x_wconf 76' lang='grc' dir='ltr'>νῦν</span> 
     </span>
    </p>
   </div>
   <div class='ocr_carea' id='block_1_71' title="bbox 41 2434 840 2476">
    <p class='ocr_par' dir='ltr' id='par_1_71' title="bbox 41 2434 840 2476">
     <span class='ocr_line' id='line_1_71' title="bbox 41 2434 840 2476; baseline -0.009 -8"><span class='ocrx_word' id='word_1_502' title='bbox 41 2443 208 2476; x_wconf 80' lang='grc' dir='ltr'>κατέχουσαν</span> <span class='ocrx_word' id='word_1_503' title='bbox 243 2441 417 2474; x_wconf 80' lang='grc' dir='ltr'>σχοτόμαιναν</span> <span class='ocrx_word' id='word_1_504' title='bbox 444 2440 488 2464; x_wconf 83' lang='grc' dir='ltr'>καὶ</span> <span class='ocrx_word' id='word_1_505' title='bbox 525 2437 608 2472; x_wconf 76' lang='grc' dir='ltr'>ἀχλὺν</span> <span class='ocrx_word' id='word_1_506' title='bbox 645 2437 705 2465; x_wconf 71' lang='grc' dir='ltr'>ὃλην</span> <span class='ocrx_word' id='word_1_507' title='bbox 739 2434 840 2462; x_wconf 64' lang='grc' dir='ltr'>διωσά-</span> 
     </span>
    </p>
   </div>
   <div class='ocr_carea' id='block_1_72' title="bbox 895 923 1724 960">
    <p class='ocr_par' dir='ltr' id='par_1_72' title="bbox 895 923 1724 960">
     <span class='ocr_line' id='line_1_72' title="bbox 895 923 1724 960; baseline 0 -9"><span class='ocrx_word' id='word_1_508' title='bbox 895 924 935 952; x_wconf 86' lang='lat' dir='ltr'>tia</span> <span class='ocrx_word' id='word_1_509' title='bbox 944 923 1073 956; x_wconf 84' lang='lat' dir='ltr'>liberari,</span> <span class='ocrx_word' id='word_1_510' title='bbox 1088 924 1311 960; x_wconf 86' lang='lat' dir='ltr'>prudentiorem</span> <span class='ocrx_word' id='word_1_511' title='bbox 1331 927 1447 952; x_wconf 61' lang='lat' dir='ltr'>etatem</span> <span class='ocrx_word' id='word_1_512' title='bbox 1459 924 1638 959; x_wconf 81' lang='lat' dir='ltr'>ingressum,</span> <span class='ocrx_word' id='word_1_513' title='bbox 1653 926 1724 951; x_wconf 81' lang='lat' dir='ltr'>tunc</span> 
     </span>
    </p>
   </div>
   <div class='ocr_carea' id='block_1_73' title="bbox 893 967 1724 1004">
    <p class='ocr_par' dir='ltr' id='par_1_73' title="bbox 893 967 1724 1004">
     <span class='ocr_line' id='line_1_73' title="bbox 893 967 1724 1004; baseline -0.001 -8"><span class='ocrx_word' id='word_1_514' title='bbox 893 968 932 996; x_wconf 88' lang='lat' dir='ltr'>ad</span> <span class='ocrx_word' id='word_1_515' title='bbox 962 968 1066 1003; x_wconf 80' lang='lat' dir='ltr'>pejora</span> <span class='ocrx_word' id='word_1_516' title='bbox 1096 969 1127 996; x_wconf 92' lang='lat' dir='ltr'>in</span> <span class='ocrx_word' id='word_1_517' title='bbox 1160 968 1366 996; x_wconf 78' lang='lat' dir='ltr'>miserandam</span> <span class='ocrx_word' id='word_1_518' title='bbox 1392 967 1600 1004; x_wconf 84' lang='lat' dir='ltr'>infelicemque</span> <span class='ocrx_word' id='word_1_519' title='bbox 1631 968 1724 996; x_wconf 88' lang='lat' dir='ltr'>vitam</span> 
     </span>
    </p>
   </div>
   <div class='ocr_carea' id='block_1_74' title="bbox 894 1012 1724 1048">
    <p class='ocr_par' dir='ltr' id='par_1_74' title="bbox 894 1012 1724 1048">
     <span class='ocr_line' id='line_1_74' title="bbox 894 1012 1724 1048; baseline 0.001 -9"><span class='ocrx_word' id='word_1_520' title='bbox 894 1012 1059 1046; x_wconf 85' lang='lat' dir='ltr'>cucurristi,</span> <span class='ocrx_word' id='word_1_521' title='bbox 1078 1012 1151 1040; x_wconf 90' lang='lat' dir='ltr'>dum</span> <span class='ocrx_word' id='word_1_522' title='bbox 1166 1013 1300 1048; x_wconf 79' lang='lat' dir='ltr'>utspinse</span> <span class='ocrx_word' id='word_1_523' title='bbox 1309 1013 1339 1040; x_wconf 92' lang='lat' dir='ltr'>in</span> <span class='ocrx_word' id='word_1_524' title='bbox 1349 1015 1375 1040; x_wconf 87' lang='lat' dir='ltr'>te</span> <span class='ocrx_word' id='word_1_525' title='bbox 1387 1012 1552 1047; x_wconf 85' lang='lat' dir='ltr'>inﬁguntur</span> <span class='ocrx_word' id='word_1_526' title='bbox 1562 1012 1658 1040; x_wconf 88' lang='lat' dir='ltr'>amari</span> <span class='ocrx_word' id='word_1_527' title='bbox 1668 1012 1724 1040; x_wconf 87' lang='lat' dir='ltr'>ini-</span> 
     </span>
    </p>
   </div>
   <div class='ocr_carea' id='block_1_75' title="bbox 895 1056 1724 1093">
    <p class='ocr_par' dir='ltr' id='par_1_75' title="bbox 895 1056 1724 1093">
     <span class='ocr_line' id='line_1_75' title="bbox 895 1056 1724 1093; baseline 0.001 -9"><span class='ocrx_word' id='word_1_528' title='bbox 895 1057 963 1084; x_wconf 80' lang='lat' dir='ltr'>mici</span> <span class='ocrx_word' id='word_1_529' title='bbox 978 1056 1075 1084; x_wconf 75' lang='lat' dir='ltr'>aculei</span> <span class='ocrx_word' id='word_1_530' title='bbox 1091 1057 1105 1084; x_wconf 74' lang='lat'><strong>7</strong></span> <span class='ocrx_word' id='word_1_531' title='bbox 1120 1058 1159 1085; x_wconf 85' lang='lat' dir='ltr'>Ea</span> <span class='ocrx_word' id='word_1_532' title='bbox 1173 1057 1254 1085; x_wconf 75' lang='lat' dir='ltr'>enim</span> <span class='ocrx_word' id='word_1_533' title='bbox 1264 1060 1380 1085; x_wconf 82' lang='lat' dir='ltr'>estsors</span> <span class='ocrx_word' id='word_1_534' title='bbox 1393 1064 1497 1085; x_wconf 89' lang='lat' dir='ltr'>eorum</span> <span class='ocrx_word' id='word_1_535' title='bbox 1510 1056 1590 1093; x_wconf 89' lang='lat' dir='ltr'>quia</span> <span class='ocrx_word' id='word_1_536' title='bbox 1607 1056 1724 1085; x_wconf 88' lang='lat' dir='ltr'>Christo</span> 
     </span>
    </p>
   </div>
   <div class='ocr_carea' id='block_1_76' title="bbox 894 1101 1724 1137">
    <p class='ocr_par' dir='ltr' id='par_1_76' title="bbox 894 1101 1724 1137">
     <span class='ocr_line' id='line_1_76' title="bbox 894 1101 1724 1137; baseline 0.001 -9"><span class='ocrx_word' id='word_1_537' title='bbox 894 1101 1045 1129; x_wconf 82' lang='lat' dir='ltr'>declinant</span> <span class='ocrx_word' id='word_1_538' title='bbox 1062 1111 1071 1137; x_wconf 83' lang='lat'><strong>;</strong></span> <span class='ocrx_word' id='word_1_539' title='bbox 1089 1102 1258 1137; x_wconf 86' lang='lat' dir='ltr'>quijugum</span> <span class='ocrx_word' id='word_1_540' title='bbox 1273 1101 1363 1130; x_wconf 84' lang='lat' dir='ltr'>Chisti</span> <span class='ocrx_word' id='word_1_541' title='bbox 1377 1101 1440 1130; x_wconf 89' lang='lat' dir='ltr'>leve</span> <span class='ocrx_word' id='word_1_542' title='bbox 1457 1109 1493 1129; x_wconf 88' lang='lat' dir='ltr'>ac</span> <span class='ocrx_word' id='word_1_543' title='bbox 1518 1109 1610 1129; x_wconf 84' lang='lat' dir='ltr'>suave</span> <span class='ocrx_word' id='word_1_544' title='bbox 1636 1109 1724 1130; x_wconf 48' lang='lat' dir='ltr'>excu-</span> 
     </span>
    </p>
   </div>
   <div class='ocr_carea' id='block_1_77' title="bbox 893 1145 1722 1182">
    <p class='ocr_par' dir='ltr' id='par_1_77' title="bbox 893 1145 1722 1182">
     <span class='ocr_line' id='line_1_77' title="bbox 893 1145 1722 1182; baseline 0 -9"><span class='ocrx_word' id='word_1_545' title='bbox 893 1146 980 1173; x_wconf 85' lang='lat' dir='ltr'>tiunt.</span> <span class='ocrx_word' id='word_1_546' title='bbox 997 1148 1024 1173; x_wconf 92' lang='lat' dir='ltr'>et</span> <span class='ocrx_word' id='word_1_547' title='bbox 1036 1145 1075 1174; x_wconf 90' lang='lat' dir='ltr'>ad</span> <span class='ocrx_word' id='word_1_548' title='bbox 1085 1146 1166 1174; x_wconf 89' lang='lat' dir='ltr'>invia</span> <span class='ocrx_word' id='word_1_549' title='bbox 1183 1149 1212 1174; x_wconf 90' lang='lat' dir='ltr'>et</span> <span class='ocrx_word' id='word_1_550' title='bbox 1230 1146 1392 1182; x_wconf 83' lang='lat' dir='ltr'>profunda,</span> <span class='ocrx_word' id='word_1_551' title='bbox 1408 1149 1437 1174; x_wconf 89' lang='lat' dir='ltr'>et</span> <span class='ocrx_word' id='word_1_552' title='bbox 1453 1145 1640 1174; x_wconf 87' lang='lat' dir='ltr'>inordinatas</span> <span class='ocrx_word' id='word_1_553' title='bbox 1669 1145 1722 1173; x_wconf 91' lang='lat' dir='ltr'>ob-</span> 
     </span>
    </p>
   </div>
   <div class='ocr_carea' id='block_1_78' title="bbox 895 1189 1722 1227">
    <p class='ocr_par' dir='ltr' id='par_1_78' title="bbox 895 1189 1722 1227">
     <span class='ocr_line' id='line_1_78' title="bbox 895 1189 1722 1227; baseline 0.001 -10"><span class='ocrx_word' id='word_1_554' title='bbox 895 1190 1076 1227; x_wconf 85' lang='lat' dir='ltr'>staculisque</span> <span class='ocrx_word' id='word_1_555' title='bbox 1087 1190 1209 1218; x_wconf 85' lang='lat' dir='ltr'>refertas</span> <span class='ocrx_word' id='word_1_556' title='bbox 1220 1190 1526 1223; x_wconf 85' lang='lat' dir='ltr'>semitas,incurrunt,</span> <span class='ocrx_word' id='word_1_557' title='bbox 1535 1189 1609 1218; x_wconf 88' lang='lat' dir='ltr'>dum</span> <span class='ocrx_word' id='word_1_558' title='bbox 1616 1190 1722 1218; x_wconf 87' lang='lat' dir='ltr'>ambu-</span> 
     </span>
    </p>
   </div>
   <div class='ocr_carea' id='block_1_79' title="bbox 893 1234 1724 1271">
    <p class='ocr_par' dir='ltr' id='par_1_79' title="bbox 893 1234 1724 1271">
     <span class='ocr_line' id='line_1_79' title="bbox 893 1234 1724 1271; baseline 0.001 -9"><span class='ocrx_word' id='word_1_559' title='bbox 893 1234 954 1262; x_wconf 86' lang='lat' dir='ltr'>lare</span> <span class='ocrx_word' id='word_1_560' title='bbox 965 1237 994 1262; x_wconf 89' lang='lat' dir='ltr'>et</span> <span class='ocrx_word' id='word_1_561' title='bbox 1010 1234 1146 1262; x_wconf 88' lang='lat' dir='ltr'>incedere</span> <span class='ocrx_word' id='word_1_562' title='bbox 1162 1234 1191 1262; x_wconf 91' lang='lat' dir='ltr'>in</span> <span class='ocrx_word' id='word_1_563' title='bbox 1204 1234 1293 1271; x_wconf 84' lang='lat' dir='ltr'>plena</span> <span class='ocrx_word' id='word_1_564' title='bbox 1303 1234 1565 1263; x_wconf 87' lang='lat' dir='ltr'>benedictionibus</span> <span class='ocrx_word' id='word_1_565' title='bbox 1590 1236 1669 1262; x_wconf 88' lang='lat' dir='ltr'>terra</span> <span class='ocrx_word' id='word_1_566' title='bbox 1695 1236 1724 1263; x_wconf 83' lang='lat' dir='ltr'>et</span> 
     </span>
    </p>
   </div>
   <div class='ocr_carea' id='block_1_80' title="bbox 894 1278 1721 1314">
    <p class='ocr_par' dir='ltr' id='par_1_80' title="bbox 894 1278 1721 1314">
     <span class='ocr_line' id='line_1_80' title="bbox 894 1278 1721 1314; baseline 0 -8"><span class='ocrx_word' id='word_1_567' title='bbox 894 1278 933 1306; x_wconf 89' lang='lat' dir='ltr'>ad</span> <span class='ocrx_word' id='word_1_568' title='bbox 951 1278 1138 1314; x_wconf 83' lang='lat' dir='ltr'>paradisum,</span> <span class='ocrx_word' id='word_1_569' title='bbox 1151 1279 1232 1306; x_wconf 91' lang='lat' dir='ltr'>unde</span> <span class='ocrx_word' id='word_1_570' title='bbox 1242 1278 1421 1313; x_wconf 85' lang='lat' dir='ltr'>decidimus,</span> <span class='ocrx_word' id='word_1_571' title='bbox 1433 1279 1554 1312; x_wconf 80' lang='lat' dir='ltr'>ferente,</span> <span class='ocrx_word' id='word_1_572' title='bbox 1567 1279 1721 1312; x_wconf 87' lang='lat' dir='ltr'>deberent,</span> 
     </span>
    </p>
   </div>
   <div class='ocr_carea' id='block_1_81' title="bbox 894 1323 1723 1360">
    <p class='ocr_par' dir='ltr' id='par_1_81' title="bbox 894 1323 1723 1360">
     <span class='ocr_line' id='line_1_81' title="bbox 894 1323 1723 1360; baseline 0 -10"><span class='ocrx_word' id='word_1_573' title='bbox 894 1323 1072 1350; x_wconf 86' lang='lat' dir='ltr'>conculcare</span> <span class='ocrx_word' id='word_1_574' title='bbox 1088 1331 1158 1351; x_wconf 90' lang='lat' dir='ltr'>vero</span> <span class='ocrx_word' id='word_1_575' title='bbox 1175 1331 1243 1351; x_wconf 89' lang='lat' dir='ltr'>eam</span> <span class='ocrx_word' id='word_1_576' title='bbox 1253 1331 1322 1359; x_wconf 61' lang='lat' dir='ltr'>quia</span> <span class='ocrx_word' id='word_1_577' title='bbox 1336 1326 1364 1352; x_wconf 90' lang='lat' dir='ltr'>et</span> <span class='ocrx_word' id='word_1_578' title='bbox 1376 1324 1479 1360; x_wconf 88' lang='lat' dir='ltr'>spinas</span> <span class='ocrx_word' id='word_1_579' title='bbox 1491 1326 1520 1352; x_wconf 90' lang='lat' dir='ltr'>et</span> <span class='ocrx_word' id='word_1_580' title='bbox 1536 1323 1657 1352; x_wconf 87' lang='lat' dir='ltr'>aculeos</span> <span class='ocrx_word' id='word_1_581' title='bbox 1692 1323 1723 1350; x_wconf 92' lang='lat' dir='ltr'>in</span> 
     </span>
    </p>
   </div>
   <div class='ocr_carea' id='block_1_82' title="bbox 895 1366 1722 1404">
    <p class='ocr_par' dir='ltr' id='par_1_82' title="bbox 895 1366 1722 1404">
     <span class='ocr_line' id='line_1_82' title="bbox 895 1366 1722 1404; baseline 0.001 -11"><span class='ocrx_word' id='word_1_582' title='bbox 895 1366 1155 1394; x_wconf 83' lang='lat' dir='ltr'>maledictionibus</span> <span class='ocrx_word' id='word_1_583' title='bbox 1167 1367 1288 1402; x_wconf 81' lang='lat' dir='ltr'>gignere</span> <span class='ocrx_word' id='word_1_584' title='bbox 1297 1370 1326 1395; x_wconf 88' lang='lat' dir='ltr'>et</span> <span class='ocrx_word' id='word_1_585' title='bbox 1338 1368 1413 1396; x_wconf 89' lang='lat' dir='ltr'>ferre</span> <span class='ocrx_word' id='word_1_586' title='bbox 1428 1368 1573 1396; x_wconf 84' lang='lat' dir='ltr'>damnata</span> <span class='ocrx_word' id='word_1_587' title='bbox 1581 1370 1635 1395; x_wconf 84' lang='lat' dir='ltr'>est.</span> <span class='ocrx_word' id='word_1_588' title='bbox 1649 1368 1722 1404; x_wconf 88' lang='lat' dir='ltr'>Spes</span> 
     </span>
    </p>
   </div>
   <div class='ocr_carea' id='block_1_83' title="bbox 894 1410 1722 1448">
    <p class='ocr_par' dir='ltr' id='par_1_83' title="bbox 894 1410 1722 1448">
     <span class='ocr_line' id='line_1_83' title="bbox 894 1410 1722 1448; baseline 0.001 -10"><span class='ocrx_word' id='word_1_589' title='bbox 894 1411 993 1438; x_wconf 85' lang='lat' dir='ltr'>adhuc</span> <span class='ocrx_word' id='word_1_590' title='bbox 1005 1410 1077 1438; x_wconf 87' lang='lat' dir='ltr'>mihi</span> <span class='ocrx_word' id='word_1_591' title='bbox 1096 1414 1140 1438; x_wconf 90' lang='lat' dir='ltr'>est</span> <span class='ocrx_word' id='word_1_592' title='bbox 1156 1411 1216 1438; x_wconf 81' lang='lat' dir='ltr'>fore</span> <span class='ocrx_word' id='word_1_593' title='bbox 1227 1414 1258 1438; x_wconf 89' lang='lat' dir='ltr'>ut</span> <span class='ocrx_word' id='word_1_594' title='bbox 1270 1411 1390 1440; x_wconf 84' lang='lat' dir='ltr'>tandem</span> <span class='ocrx_word' id='word_1_595' title='bbox 1401 1419 1461 1440; x_wconf 90' lang='lat' dir='ltr'>non</span> <span class='ocrx_word' id='word_1_596' title='bbox 1474 1412 1638 1448; x_wconf 90' lang='lat' dir='ltr'>opprobrio</span> <span class='ocrx_word' id='word_1_597' title='bbox 1648 1412 1722 1448; x_wconf 88' lang='lat' dir='ltr'>opti-</span> 
     </span>
    </p>
   </div>
   <div class='ocr_carea' id='block_1_84' title="bbox 895 1455 1722 1492">
    <p class='ocr_par' dir='ltr' id='par_1_84' title="bbox 895 1455 1722 1492">
     <span class='ocr_line' id='line_1_84' title="bbox 895 1455 1722 1492; baseline 0.002 -10"><span class='ocrx_word' id='word_1_598' title='bbox 895 1463 960 1483; x_wconf 88' lang='lat' dir='ltr'>mas</span> <span class='ocrx_word' id='word_1_599' title='bbox 975 1455 1040 1483; x_wconf 89' lang='lat' dir='ltr'>illas</span> <span class='ocrx_word' id='word_1_600' title='bbox 1063 1456 1166 1483; x_wconf 83' lang='lat' dir='ltr'>matris</span> <span class='ocrx_word' id='word_1_601' title='bbox 1181 1458 1237 1484; x_wconf 81' lang='lat' dir='ltr'>tuae</span> <span class='ocrx_word' id='word_1_602' title='bbox 1250 1455 1287 1484; x_wconf 91' lang='lat' dir='ltr'>de</span> <span class='ocrx_word' id='word_1_603' title='bbox 1318 1460 1344 1484; x_wconf 87' lang='lat' dir='ltr'>te</span> <span class='ocrx_word' id='word_1_604' title='bbox 1364 1464 1433 1492; x_wconf 88' lang='lat' dir='ltr'>spes</span> <span class='ocrx_word' id='word_1_605' title='bbox 1458 1456 1558 1484; x_wconf 87' lang='lat' dir='ltr'>fallere</span> <span class='ocrx_word' id='word_1_606' title='bbox 1587 1456 1668 1487; x_wconf 84' lang='lat' dir='ltr'>velis.</span> <span class='ocrx_word' id='word_1_607' title='bbox 1694 1459 1722 1484; x_wconf 86' lang='lat' dir='ltr'>et</span> 
     </span>
    </p>
   </div>
   <div class='ocr_carea' id='block_1_85' title="bbox 893 1500 1720 1536">
    <p class='ocr_par' dir='ltr' id='par_1_85' title="bbox 893 1500 1720 1536">
     <span class='ocr_line' id='line_1_85' title="bbox 893 1500 1720 1536; baseline 0 -8"><span class='ocrx_word' id='word_1_608' title='bbox 893 1508 988 1528; x_wconf 82' lang='lat' dir='ltr'>vanas</span> <span class='ocrx_word' id='word_1_609' title='bbox 1003 1500 1084 1527; x_wconf 84' lang='lat' dir='ltr'>abire</span> <span class='ocrx_word' id='word_1_610' title='bbox 1098 1500 1296 1528; x_wconf 86' lang='lat' dir='ltr'>demonstres.</span> <span class='ocrx_word' id='word_1_611' title='bbox 1319 1512 1329 1525; x_wconf 74' lang='grc' dir='ltr'><strong>ε</strong></span> <span class='ocrx_word' id='word_1_612' title='bbox 1348 1501 1559 1529; x_wconf 86' lang='lat' dir='ltr'>Convertimini</span> <span class='ocrx_word' id='word_1_613' title='bbox 1570 1501 1609 1529; x_wconf 88' lang='lat' dir='ltr'>ad</span> <span class='ocrx_word' id='word_1_614' title='bbox 1619 1508 1679 1536; x_wconf 89' lang='lat' dir='ltr'>me,</span> <span class='ocrx_word' id='word_1_615' title='bbox 1692 1503 1720 1528; x_wconf 89' lang='lat' dir='ltr'>et</span> 
     </span>
    </p>
   </div>
   <div class='ocr_carea' id='block_1_86' title="bbox 894 1544 1720 1580">
    <p class='ocr_par' dir='ltr' id='par_1_86' title="bbox 894 1544 1720 1580">
     <span class='ocr_line' id='line_1_86' title="bbox 894 1544 1720 1580; baseline 0 -7"><span class='ocrx_word' id='word_1_616' title='bbox 894 1548 1050 1573; x_wconf 87' lang='lat' dir='ltr'>convertar</span> <span class='ocrx_word' id='word_1_617' title='bbox 1059 1544 1098 1572; x_wconf 87' lang='lat' dir='ltr'>ad</span> <span class='ocrx_word' id='word_1_618' title='bbox 1109 1553 1170 1577; x_wconf 90' lang='lat' dir='ltr'>vos,</span> <span class='ocrx_word' id='word_1_619' title='bbox 1183 1545 1254 1573; x_wconf 85' lang='lat' dir='ltr'>dicit</span> <span class='ocrx_word' id='word_1_620' title='bbox 1263 1546 1415 1573; x_wconf 88' lang='lat' dir='ltr'>Dominus.</span> <span class='ocrx_word' id='word_1_621' title='bbox 1428 1557 1438 1570; x_wconf 78' lang='grc' dir='ltr'>ι</span> <span class='ocrx_word' id='word_1_622' title='bbox 1452 1547 1626 1574; x_wconf 87' lang='lat' dir='ltr'>Convertere</span> <span class='ocrx_word' id='word_1_623' title='bbox 1638 1548 1666 1574; x_wconf 89' lang='lat' dir='ltr'>et</span> <span class='ocrx_word' id='word_1_624' title='bbox 1677 1548 1720 1580; x_wconf 88' lang='lat' dir='ltr'>tu,</span> 
     </span>
    </p>
   </div>
   <div class='ocr_carea' id='block_1_87' title="bbox 893 1589 1721 1623">
    <p class='ocr_par' dir='ltr' id='par_1_87' title="bbox 893 1589 1721 1623">
     <span class='ocr_line' id='line_1_87' title="bbox 893 1589 1721 1623; baseline 0.002 -7"><span class='ocrx_word' id='word_1_625' title='bbox 893 1592 921 1616; x_wconf 90' lang='lat' dir='ltr'>et</span> <span class='ocrx_word' id='word_1_626' title='bbox 939 1591 1125 1617; x_wconf 80' lang='lat' dir='ltr'>convertetur</span> <span class='ocrx_word' id='word_1_627' title='bbox 1138 1589 1177 1617; x_wconf 87' lang='lat' dir='ltr'>ad</span> <span class='ocrx_word' id='word_1_628' title='bbox 1190 1592 1227 1620; x_wconf 86' lang='lat' dir='ltr'>te.</span> <span class='ocrx_word' id='word_1_629' title='bbox 1244 1592 1272 1617; x_wconf 92' lang='lat' dir='ltr'>et</span> <span class='ocrx_word' id='word_1_630' title='bbox 1301 1590 1492 1618; x_wconf 82' lang='lat' dir='ltr'>contritiones</span> <span class='ocrx_word' id='word_1_631' title='bbox 1528 1593 1604 1623; x_wconf 90' lang='lat' dir='ltr'>tuas,</span> <span class='ocrx_word' id='word_1_632' title='bbox 1632 1593 1661 1617; x_wconf 88' lang='lat' dir='ltr'>et</span> <span class='ocrx_word' id='word_1_633' title='bbox 1684 1598 1721 1618; x_wconf 85' lang='lat' dir='ltr'>ex</span> 
     </span>
    </p>
   </div>
   <div class='ocr_carea' id='block_1_88' title="bbox 893 1633 1721 1671">
    <p class='ocr_par' dir='ltr' id='par_1_88' title="bbox 893 1633 1721 1671">
     <span class='ocr_line' id='line_1_88' title="bbox 893 1633 1721 1671; baseline 0.001 -10"><span class='ocrx_word' id='word_1_634' title='bbox 893 1633 1044 1661; x_wconf 89' lang='lat' dir='ltr'>dementia</span> <span class='ocrx_word' id='word_1_635' title='bbox 1060 1636 1126 1662; x_wconf 84' lang='lat' dir='ltr'>orta</span> <span class='ocrx_word' id='word_1_636' title='bbox 1149 1636 1178 1661; x_wconf 88' lang='lat' dir='ltr'>et</span> <span class='ocrx_word' id='word_1_637' title='bbox 1201 1634 1348 1670; x_wconf 85' lang='lat' dir='ltr'>producta</span> <span class='ocrx_word' id='word_1_638' title='bbox 1375 1637 1403 1662; x_wconf 88' lang='lat' dir='ltr'>et</span> <span class='ocrx_word' id='word_1_639' title='bbox 1424 1637 1565 1671; x_wconf 86' lang='lat' dir='ltr'>corrupta</span> <span class='ocrx_word' id='word_1_640' title='bbox 1594 1634 1721 1662; x_wconf 83' lang='lat' dir='ltr'>vulnera</span> 
     </span>
    </p>
   </div>
   <div class='ocr_carea' id='block_1_89' title="bbox 894 1678 1721 1711">
    <p class='ocr_par' dir='ltr' id='par_1_89' title="bbox 894 1678 1721 1711">
     <span class='ocr_line' id='line_1_89' title="bbox 894 1678 1721 1711; baseline 0.001 -6"><span class='ocrx_word' id='word_1_641' title='bbox 894 1679 1030 1707; x_wconf 85' lang='lat' dir='ltr'>sanando</span> <span class='ocrx_word' id='word_1_642' title='bbox 1036 1678 1158 1706; x_wconf 81' lang='lat' dir='ltr'>auferet.</span> <span class='ocrx_word' id='word_1_643' title='bbox 1169 1679 1328 1711; x_wconf 86' lang='lat' dir='ltr'>Quomodo</span> <span class='ocrx_word' id='word_1_644' title='bbox 1334 1679 1551 1708; x_wconf 79' lang='lat' dir='ltr'>autem‘IOleum</span> <span class='ocrx_word' id='word_1_645' title='bbox 1558 1679 1721 1707; x_wconf 83' lang='lat' dir='ltr'>infundens</span> 
     </span>
    </p>
   </div>
   <div class='ocr_carea' id='block_1_90' title="bbox 893 1723 1721 1760">
    <p class='ocr_par' dir='ltr' id='par_1_90' title="bbox 893 1723 1721 1760">
     <span class='ocr_line' id='line_1_90' title="bbox 893 1723 1721 1760; baseline 0 -9"><span class='ocrx_word' id='word_1_646' title='bbox 893 1724 1024 1758; x_wconf 88' lang='lat' dir='ltr'>desuper</span> <span class='ocrx_word' id='word_1_647' title='bbox 1032 1726 1059 1750; x_wconf 90' lang='lat' dir='ltr'>et</span> <span class='ocrx_word' id='word_1_648' title='bbox 1069 1723 1213 1758; x_wconf 85' lang='lat' dir='ltr'>ligamina</span> <span class='ocrx_word' id='word_1_649' title='bbox 1223 1723 1392 1760; x_wconf 81' lang='lat' dir='ltr'>imponens,</span> <span class='ocrx_word' id='word_1_650' title='bbox 1400 1731 1468 1760; x_wconf 66' lang='lat' dir='ltr'>qua:</span> <span class='ocrx_word' id='word_1_651' title='bbox 1477 1731 1574 1760; x_wconf 87' lang='lat' dir='ltr'>neque</span> <span class='ocrx_word' id='word_1_652' title='bbox 1580 1732 1616 1751; x_wconf 87' lang='lat' dir='ltr'>ea</span> <span class='ocrx_word' id='word_1_653' title='bbox 1624 1723 1721 1751; x_wconf 86' lang='lat' dir='ltr'>sinent</span> 
     </span>
    </p>
   </div>
   <div class='ocr_carea' id='block_1_91' title="bbox 893 1767 1720 1804">
    <p class='ocr_par' dir='ltr' id='par_1_91' title="bbox 893 1767 1720 1804">
     <span class='ocr_line' id='line_1_91' title="bbox 893 1767 1720 1804; baseline 0 -8"><span class='ocrx_word' id='word_1_654' title='bbox 893 1776 911 1796; x_wconf 89' lang='lat' dir='ltr'>a</span> <span class='ocrx_word' id='word_1_655' title='bbox 926 1768 1007 1795; x_wconf 90' lang='lat' dir='ltr'>bono</span> <span class='ocrx_word' id='word_1_656' title='bbox 1023 1767 1159 1795; x_wconf 88' lang='lat' dir='ltr'>recedere</span> <span class='ocrx_word' id='word_1_657' title='bbox 1175 1771 1227 1795; x_wconf 92' lang='lat' dir='ltr'>aut</span> <span class='ocrx_word' id='word_1_658' title='bbox 1242 1776 1362 1795; x_wconf 89' lang='lat' dir='ltr'>sursum</span> <span class='ocrx_word' id='word_1_659' title='bbox 1371 1767 1478 1804; x_wconf 84' lang='lat' dir='ltr'>frangi.</span> <span class='ocrx_word' id='word_1_660' title='bbox 1490 1771 1530 1796; x_wconf 82' lang='lat' dir='ltr'>Ac</span> <span class='ocrx_word' id='word_1_661' title='bbox 1540 1768 1624 1796; x_wconf 81' lang='lat' dir='ltr'>brevi</span> <span class='ocrx_word' id='word_1_662' title='bbox 1635 1776 1720 1796; x_wconf 81' lang='lat' dir='ltr'>sana-</span> 
     </span>
    </p>
   </div>
   <div class='ocr_carea' id='block_1_92' title="bbox 892 1812 1720 1848">
    <p class='ocr_par' dir='ltr' id='par_1_92' title="bbox 892 1812 1720 1848">
     <span class='ocr_line' id='line_1_92' title="bbox 892 1812 1720 1848; baseline 0.001 -9"><span class='ocrx_word' id='word_1_663' title='bbox 892 1812 936 1840; x_wconf 93' lang='lat' dir='ltr'>bit</span> <span class='ocrx_word' id='word_1_664' title='bbox 949 1815 987 1844; x_wconf 88' lang='lat' dir='ltr'>te,</span> <span class='ocrx_word' id='word_1_665' title='bbox 1003 1815 1031 1839; x_wconf 89' lang='lat' dir='ltr'>et</span> <span class='ocrx_word' id='word_1_666' title='bbox 1059 1812 1237 1839; x_wconf 84' lang='lat' dir='ltr'>matutinum</span> <span class='ocrx_word' id='word_1_667' title='bbox 1267 1812 1369 1840; x_wconf 85' lang='lat' dir='ltr'>lumen</span> <span class='ocrx_word' id='word_1_668' title='bbox 1394 1813 1449 1840; x_wconf 90' lang='lat' dir='ltr'>has</span> <span class='ocrx_word' id='word_1_669' title='bbox 1480 1813 1620 1841; x_wconf 84' lang='lat' dir='ltr'>tenebras</span> <span class='ocrx_word' id='word_1_670' title='bbox 1652 1821 1720 1848; x_wconf 77' lang='lat' dir='ltr'>quae</span> 
     </span>
    </p>
   </div>
   <div class='ocr_carea' id='block_1_93' title="bbox 894 1856 1720 1892">
    <p class='ocr_par' dir='ltr' id='par_1_93' title="bbox 894 1856 1720 1892">
     <span class='ocr_line' id='line_1_93' title="bbox 894 1856 1720 1892; baseline 0.002 -9"><span class='ocrx_word' id='word_1_671' title='bbox 894 1864 974 1884; x_wconf 91' lang='lat' dir='ltr'>nunc</span> <span class='ocrx_word' id='word_1_672' title='bbox 989 1860 1016 1884; x_wconf 88' lang='lat' dir='ltr'>te</span> <span class='ocrx_word' id='word_1_673' title='bbox 1027 1856 1287 1892; x_wconf 85' lang='lat' dir='ltr'>comprehendunt</span> <span class='ocrx_word' id='word_1_674' title='bbox 1300 1857 1426 1892; x_wconf 84' lang='lat' dir='ltr'>franget,</span> <span class='ocrx_word' id='word_1_675' title='bbox 1436 1860 1465 1885; x_wconf 87' lang='lat' dir='ltr'>et</span> <span class='ocrx_word' id='word_1_676' title='bbox 1478 1865 1601 1885; x_wconf 88' lang='lat' dir='ltr'>omnem</span> <span class='ocrx_word' id='word_1_677' title='bbox 1616 1857 1720 1886; x_wconf 88' lang='lat' dir='ltr'>horro-</span> 
     </span>
    </p>
   </div>
   <div class='ocr_carea' id='block_1_94' title="bbox 893 1900 1719 1937">
    <p class='ocr_par' dir='ltr' id='par_1_94' title="bbox 893 1900 1719 1937">
     <span class='ocr_line' id='line_1_94' title="bbox 893 1900 1719 1937; baseline 0.001 -9"><span class='ocrx_word' id='word_1_678' title='bbox 893 1910 956 1929; x_wconf 88' lang='lat' dir='ltr'>rem</span> <span class='ocrx_word' id='word_1_679' title='bbox 972 1900 1089 1937; x_wconf 82' lang='lat' dir='ltr'>repellet</span> <span class='ocrx_word' id='word_1_680' title='bbox 1102 1905 1129 1928; x_wconf 89' lang='lat' dir='ltr'>et</span> <span class='ocrx_word' id='word_1_681' title='bbox 1141 1900 1322 1935; x_wconf 81' lang='lat' dir='ltr'>deturbabit,</span> <span class='ocrx_word' id='word_1_682' title='bbox 1339 1904 1368 1929; x_wconf 89' lang='lat' dir='ltr'>et</span> <span class='ocrx_word' id='word_1_683' title='bbox 1379 1902 1495 1930; x_wconf 85' lang='lat' dir='ltr'>sanatio</span> <span class='ocrx_word' id='word_1_684' title='bbox 1508 1902 1589 1930; x_wconf 85' lang='lat' dir='ltr'>carni</span> <span class='ocrx_word' id='word_1_685' title='bbox 1605 1904 1663 1930; x_wconf 69' lang='lat' dir='ltr'>tuae</span> <span class='ocrx_word' id='word_1_686' title='bbox 1691 1905 1719 1930; x_wconf 91' lang='lat' dir='ltr'>et</span> 
     </span>
    </p>
   </div>
   <div class='ocr_carea' id='block_1_95' title="bbox 893 1945 1720 1978">
    <p class='ocr_par' dir='ltr' id='par_1_95' title="bbox 893 1945 1720 1978">
     <span class='ocr_line' id='line_1_95' title="bbox 893 1945 1720 1978; baseline 0 -4"><span class='ocrx_word' id='word_1_687' title='bbox 893 1954 965 1974; x_wconf 87' lang='lat' dir='ltr'>cura</span> <span class='ocrx_word' id='word_1_688' title='bbox 980 1946 1030 1973; x_wconf 79' lang='lat' dir='ltr'>fiet</span> <span class='ocrx_word' id='word_1_689' title='bbox 1042 1945 1162 1973; x_wconf 82' lang='lat' dir='ltr'>ossibUS</span> <span class='ocrx_word' id='word_1_690' title='bbox 1177 1946 1243 1978; x_wconf 83' lang='lat' dir='ltr'>tuis,</span> <span class='ocrx_word' id='word_1_691' title='bbox 1260 1948 1289 1974; x_wconf 88' lang='lat' dir='ltr'>et</span> <span class='ocrx_word' id='word_1_692' title='bbox 1306 1946 1412 1974; x_wconf 67' lang='lat' dir='ltr'>anima)</span> <span class='ocrx_word' id='word_1_693' title='bbox 1427 1949 1483 1974; x_wconf 67' lang='lat' dir='ltr'>tua:</span> <span class='ocrx_word' id='word_1_694' title='bbox 1497 1947 1574 1974; x_wconf 89' lang='lat' dir='ltr'>dicet</span> <span class='ocrx_word' id='word_1_695' title='bbox 1590 1955 1621 1974; x_wconf 73' lang='grc' dir='ltr'>ιιι</span> <span class='ocrx_word' id='word_1_696' title='bbox 1634 1946 1720 1975; x_wconf 87' lang='lat' dir='ltr'>Salus</span> 
     </span>
    </p>
   </div>
   <div class='ocr_carea' id='block_1_96' title="bbox 894 1990 1720 2028">
    <p class='ocr_par' dir='ltr' id='par_1_96' title="bbox 894 1990 1720 2028">
     <span class='ocr_line' id='line_1_96' title="bbox 894 1990 1720 2028; baseline -0.001 -9"><span class='ocrx_word' id='word_1_697' title='bbox 894 1994 945 2019; x_wconf 89' lang='lat' dir='ltr'>tua</span> <span class='ocrx_word' id='word_1_698' title='bbox 959 1998 1014 2025; x_wconf 79' lang='lat' dir='ltr'>ego</span> <span class='ocrx_word' id='word_1_699' title='bbox 1033 1998 1110 2023; x_wconf 89' lang='lat' dir='ltr'>sum,</span> <span class='ocrx_word' id='word_1_700' title='bbox 1126 2001 1140 2014; x_wconf 89' lang='lat'>»</span> <span class='ocrx_word' id='word_1_701' title='bbox 1155 1992 1183 2017; x_wconf 90' lang='lat' dir='ltr'>et</span> <span class='ocrx_word' id='word_1_702' title='bbox 1193 1998 1258 2018; x_wconf 85' lang='lat' dir='ltr'>eam</span> <span class='ocrx_word' id='word_1_703' title='bbox 1274 1990 1410 2019; x_wconf 81' lang='lat' dir='ltr'>salvabit.</span> <span class='ocrx_word' id='word_1_704' title='bbox 1433 1992 1464 2019; x_wconf 90' lang='lat' dir='ltr'>Et</span> <span class='ocrx_word' id='word_1_705' title='bbox 1476 1994 1546 2019; x_wconf 92' lang='lat' dir='ltr'>tunc</span> <span class='ocrx_word' id='word_1_706' title='bbox 1555 1999 1620 2025; x_wconf 88' lang='lat' dir='ltr'>nos,</span> <span class='ocrx_word' id='word_1_707' title='bbox 1635 1994 1720 2028; x_wconf 84' lang='lat' dir='ltr'>pater</span> 
     </span>
    </p>
   </div>
   <div class='ocr_carea' id='block_1_97' title="bbox 894 2034 1720 2069">
    <p class='ocr_par' dir='ltr' id='par_1_97' title="bbox 894 2034 1720 2069">
     <span class='ocr_line' id='line_1_97' title="bbox 894 2034 1720 2069; baseline 0.002 -7"><span class='ocrx_word' id='word_1_708' title='bbox 894 2034 994 2067; x_wconf 86' lang='lat' dir='ltr'>simul,</span> <span class='ocrx_word' id='word_1_709' title='bbox 1013 2043 1048 2062; x_wconf 89' lang='lat' dir='ltr'>ac</span> <span class='ocrx_word' id='word_1_710' title='bbox 1067 2037 1170 2066; x_wconf 79' lang='lat' dir='ltr'>mater.</span> <span class='ocrx_word' id='word_1_711' title='bbox 1186 2034 1278 2062; x_wconf 86' lang='lat' dir='ltr'>teneri</span> <span class='ocrx_word' id='word_1_712' title='bbox 1292 2038 1320 2062; x_wconf 90' lang='lat' dir='ltr'>et</span> <span class='ocrx_word' id='word_1_713' title='bbox 1338 2036 1435 2069; x_wconf 88' lang='lat' dir='ltr'>mites,</span> <span class='ocrx_word' id='word_1_714' title='bbox 1448 2036 1561 2064; x_wconf 88' lang='lat' dir='ltr'>nedum</span> <span class='ocrx_word' id='word_1_715' title='bbox 1592 2036 1660 2064; x_wconf 90' lang='lat' dir='ltr'>duri</span> <span class='ocrx_word' id='word_1_716' title='bbox 1684 2044 1720 2064; x_wconf 86' lang='lat' dir='ltr'>ac</span> 
     </span>
    </p>
   </div>
   <div class='ocr_carea' id='block_1_98' title="bbox 891 2078 1720 2116">
    <p class='ocr_par' dir='ltr' id='par_1_98' title="bbox 891 2078 1720 2116">
     <span class='ocr_line' id='line_1_98' title="bbox 891 2078 1720 2116; baseline 0.002 -10"><span class='ocrx_word' id='word_1_717' title='bbox 891 2080 974 2116; x_wconf 89' lang='lat' dir='ltr'>justa</span> <span class='ocrx_word' id='word_1_718' title='bbox 993 2079 1037 2106; x_wconf 87' lang='lat' dir='ltr'>ira</span> <span class='ocrx_word' id='word_1_719' title='bbox 1050 2078 1140 2115; x_wconf 89' lang='lat' dir='ltr'>pleni,</span> <span class='ocrx_word' id='word_1_720' title='bbox 1158 2078 1210 2106; x_wconf 79' lang='lat' dir='ltr'>filii</span> <span class='ocrx_word' id='word_1_721' title='bbox 1223 2082 1360 2107; x_wconf 82' lang='lat' dir='ltr'>amantes</span> <span class='ocrx_word' id='word_1_722' title='bbox 1377 2080 1487 2107; x_wconf 89' lang='lat' dir='ltr'>erimus</span> <span class='ocrx_word' id='word_1_723' title='bbox 1502 2089 1509 2114; x_wconf 89' lang='lat'><strong>;</strong></span> <span class='ocrx_word' id='word_1_724' title='bbox 1526 2083 1554 2108; x_wconf 88' lang='lat' dir='ltr'>et</span> <span class='ocrx_word' id='word_1_725' title='bbox 1566 2079 1649 2116; x_wconf 63' lang='lat' dir='ltr'>quod</span> <span class='ocrx_word' id='word_1_726' title='bbox 1680 2080 1720 2108; x_wconf 86' lang='lat' dir='ltr'>ad</span> 
     </span>
    </p>
   </div>
   <div class='ocr_carea' id='block_1_99' title="bbox 895 2123 1720 2161">
    <p class='ocr_par' dir='ltr' id='par_1_99' title="bbox 895 2123 1720 2161">
     <span class='ocr_line' id='line_1_99' title="bbox 895 2123 1720 2161; baseline 0 -9"><span class='ocrx_word' id='word_1_727' title='bbox 895 2126 922 2152; x_wconf 86' lang='lat' dir='ltr'>te</span> <span class='ocrx_word' id='word_1_728' title='bbox 936 2126 1058 2160; x_wconf 86' lang='lat' dir='ltr'>spectat,</span> <span class='ocrx_word' id='word_1_729' title='bbox 1070 2123 1146 2151; x_wconf 88' lang='lat' dir='ltr'>bene</span> <span class='ocrx_word' id='word_1_730' title='bbox 1165 2123 1371 2158; x_wconf 58' lang='lat' dir='ltr'>penitentiam</span> <span class='ocrx_word' id='word_1_731' title='bbox 1389 2127 1525 2158; x_wconf 84' lang='lat' dir='ltr'>agentem</span> <span class='ocrx_word' id='word_1_732' title='bbox 1541 2127 1570 2152; x_wconf 90' lang='lat' dir='ltr'>et</span> <span class='ocrx_word' id='word_1_733' title='bbox 1580 2124 1618 2153; x_wconf 84' lang='lat' dir='ltr'>ad</span> <span class='ocrx_word' id='word_1_734' title='bbox 1638 2124 1720 2161; x_wconf 86' lang='lat' dir='ltr'>prio-</span> 
     </span>
    </p>
   </div>
   <div class='ocr_carea' id='block_1_100' title="bbox 895 2167 1720 2206">
    <p class='ocr_par' dir='ltr' id='par_1_100' title="bbox 895 2167 1720 2206">
     <span class='ocr_line' id='line_1_100' title="bbox 895 2167 1720 2206; baseline 0 -9"><span class='ocrx_word' id='word_1_735' title='bbox 895 2178 958 2197; x_wconf 89' lang='lat' dir='ltr'>rem</span> <span class='ocrx_word' id='word_1_736' title='bbox 975 2170 1093 2204; x_wconf 85' lang='lat' dir='ltr'>Deoque</span> <span class='ocrx_word' id='word_1_737' title='bbox 1111 2167 1249 2196; x_wconf 81' lang='lat' dir='ltr'>dilectam</span> <span class='ocrx_word' id='word_1_738' title='bbox 1281 2168 1371 2196; x_wconf 88' lang='lat' dir='ltr'>vitam</span> <span class='ocrx_word' id='word_1_739' title='bbox 1397 2169 1583 2202; x_wconf 84' lang='lat' dir='ltr'>redeuntem,</span> <span class='ocrx_word' id='word_1_740' title='bbox 1602 2169 1720 2206; x_wconf 88' lang='lat' dir='ltr'>providi</span> 
     </span>
    </p>
   </div>
   <div class='ocr_carea' id='block_1_101' title="bbox 895 2212 1719 2248">
    <p class='ocr_par' dir='ltr' id='par_1_101' title="bbox 895 2212 1719 2248">
     <span class='ocr_line' id='line_1_101' title="bbox 895 2212 1719 2248; baseline 0 -6"><span class='ocrx_word' id='word_1_741' title='bbox 895 2214 1019 2247; x_wconf 90' lang='lat' dir='ltr'>erimus,</span> <span class='ocrx_word' id='word_1_742' title='bbox 1035 2221 1071 2241; x_wconf 89' lang='lat' dir='ltr'>ne</span> <span class='ocrx_word' id='word_1_743' title='bbox 1078 2221 1181 2240; x_wconf 89' lang='lat' dir='ltr'>eorum</span> <span class='ocrx_word' id='word_1_744' title='bbox 1188 2221 1256 2248; x_wconf 64' lang='lat' dir='ltr'>quis</span> <span class='ocrx_word' id='word_1_745' title='bbox 1263 2212 1303 2240; x_wconf 86' lang='lat' dir='ltr'>ad</span> <span class='ocrx_word' id='word_1_746' title='bbox 1309 2220 1430 2240; x_wconf 87' lang='lat' dir='ltr'>cursum</span> <span class='ocrx_word' id='word_1_747' title='bbox 1440 2213 1719 2242; x_wconf 73' lang='lat' dir='ltr'>confer-untdefectu</span> 
     </span>
    </p>
   </div>
   <div class='ocr_carea' id='block_1_102' title="bbox 895 2257 1721 2294">
    <p class='ocr_par' dir='ltr' id='par_1_102' title="bbox 895 2257 1721 2294">
     <span class='ocr_line' id='line_1_102' title="bbox 895 2257 1721 2294; baseline 0 -8"><span class='ocrx_word' id='word_1_748' title='bbox 895 2258 1044 2293; x_wconf 82' lang='lat' dir='ltr'>dejiciaris</span> <span class='ocrx_word' id='word_1_749' title='bbox 1057 2261 1084 2285; x_wconf 86' lang='lat' dir='ltr'>et</span> <span class='ocrx_word' id='word_1_750' title='bbox 1096 2257 1233 2285; x_wconf 85' lang='lat' dir='ltr'>indolens</span> <span class='ocrx_word' id='word_1_751' title='bbox 1248 2257 1399 2293; x_wconf 73' lang='lat' dir='ltr'>officiique</span> <span class='ocrx_word' id='word_1_752' title='bbox 1414 2257 1582 2294; x_wconf 88' lang='lat' dir='ltr'>despiciens</span> <span class='ocrx_word' id='word_1_753' title='bbox 1602 2258 1658 2286; x_wconf 84' lang='lat' dir='ltr'>ﬁas</span> <span class='ocrx_word' id='word_1_754' title='bbox 1672 2267 1678 2291; x_wconf 86' lang='lat'><strong>;</strong></span> <span class='ocrx_word' id='word_1_755' title='bbox 1693 2260 1721 2286; x_wconf 86' lang='lat' dir='ltr'>et</span> 
     </span>
    </p>
   </div>
   <div class='ocr_carea' id='block_1_103' title="bbox 896 2301 1720 2340">
    <p class='ocr_par' dir='ltr' id='par_1_103' title="bbox 896 2301 1720 2340">
     <span class='ocr_line' id='line_1_103' title="bbox 896 2301 1720 2340; baseline 0 -9"><span class='ocrx_word' id='word_1_756' title='bbox 896 2303 1098 2331; x_wconf 86' lang='lat' dir='ltr'>concedemus</span> <span class='ocrx_word' id='word_1_757' title='bbox 1116 2302 1196 2339; x_wconf 86' lang='lat' dir='ltr'>quod</span> <span class='ocrx_word' id='word_1_758' title='bbox 1213 2301 1264 2330; x_wconf 81' lang='lat' dir='ltr'>tibi</span> <span class='ocrx_word' id='word_1_759' title='bbox 1283 2302 1418 2330; x_wconf 82' lang='lat' dir='ltr'>sufﬁcere</span> <span class='ocrx_word' id='word_1_760' title='bbox 1441 2303 1545 2338; x_wconf 83' lang='lat' dir='ltr'>possit,</span> <span class='ocrx_word' id='word_1_761' title='bbox 1575 2306 1720 2340; x_wconf 83' lang='lat' dir='ltr'>quatuor-</span> 
     </span>
    </p>
   </div>
   <div class='ocr_carea' id='block_1_104' title="bbox 897 2345 1721 2383">
    <p class='ocr_par' dir='ltr' id='par_1_104' title="bbox 897 2345 1721 2383">
     <span class='ocr_line' id='line_1_104' title="bbox 897 2345 1721 2383; baseline -0.001 -7"><span class='ocrx_word' id='word_1_762' title='bbox 897 2348 995 2376; x_wconf 85' lang='lat' dir='ltr'>dec1m</span> <span class='ocrx_word' id='word_1_763' title='bbox 1011 2355 1119 2383; x_wconf 90' lang='lat' dir='ltr'>nempe</span> <span class='ocrx_word' id='word_1_764' title='bbox 1136 2346 1200 2374; x_wconf 84' lang='lat' dir='ltr'>auri</span> <span class='ocrx_word' id='word_1_765' title='bbox 1220 2345 1341 2380; x_wconf 88' lang='lat' dir='ltr'>talenta,</span> <span class='ocrx_word' id='word_1_766' title='bbox 1362 2346 1437 2374; x_wconf 90' lang='lat' dir='ltr'>mille</span> <span class='ocrx_word' id='word_1_767' title='bbox 1457 2355 1564 2375; x_wconf 84' lang='lat' dir='ltr'>aureos</span> <span class='ocrx_word' id='word_1_768' title='bbox 1578 2355 1721 2376; x_wconf 89' lang='lat' dir='ltr'>nummos</span> 
     </span>
    </p>
   </div>
   <div class='ocr_carea' id='block_1_105' title="bbox 896 2390 1721 2428">
    <p class='ocr_par' dir='ltr' id='par_1_105' title="bbox 896 2390 1721 2428">
     <span class='ocr_line' id='line_1_105' title="bbox 896 2390 1721 2428; baseline 0.001 -9"><span class='ocrx_word' id='word_1_769' title='bbox 896 2392 1099 2428; x_wconf 61' lang='lat' dir='ltr'>adaequantia.</span> <span class='ocrx_word' id='word_1_770' title='bbox 1109 2391 1235 2419; x_wconf 81' lang='lat' dir='ltr'>Tantam</span> <span class='ocrx_word' id='word_1_771' title='bbox 1247 2390 1335 2425; x_wconf 84' lang='lat' dir='ltr'>igitur</span> <span class='ocrx_word' id='word_1_772' title='bbox 1347 2390 1475 2419; x_wconf 90' lang='lat' dir='ltr'>dicimus</span> <span class='ocrx_word' id='word_1_773' title='bbox 1486 2391 1549 2420; x_wconf 89' lang='lat' dir='ltr'>fore</span> <span class='ocrx_word' id='word_1_774' title='bbox 1564 2394 1721 2428; x_wconf 89' lang='lat' dir='ltr'>tuampar-</span> 
     </span>
    </p>
   </div>
   <div class='ocr_carea' id='block_1_106' title="bbox 896 2435 1363 2471">
    <p class='ocr_par' dir='ltr' id='par_1_106' title="bbox 896 2435 1363 2471">
     <span class='ocr_line' id='line_1_106' title="bbox 896 2435 1363 2471; baseline -0.004 -7"><span class='ocrx_word' id='word_1_775' title='bbox 896 2440 966 2471; x_wconf 81' lang='lat' dir='ltr'>tem,</span> <span class='ocrx_word' id='word_1_776' title='bbox 979 2436 1038 2464; x_wconf 80' lang='lat' dir='ltr'>site</span> <span class='ocrx_word' id='word_1_777' title='bbox 1047 2436 1160 2463; x_wconf 86' lang='lat' dir='ltr'>bonum</span> <span class='ocrx_word' id='word_1_778' title='bbox 1173 2435 1363 2463; x_wconf 90' lang='lat' dir='ltr'>converteris.</span> 
     </span>
    </p>
   </div>
   <div class='ocr_carea' id='block_1_107' title="bbox 40 2481 1718 2523">
    <p class='ocr_par' dir='ltr' id='par_1_107' title="bbox 40 2481 1718 2523">
     <span class='ocr_line' id='line_1_107' title="bbox 40 2481 1718 2523; baseline -0.004 -11"><span class='ocrx_word' id='word_1_779' title='bbox 40 2495 116 2523; x_wconf 71' lang='grc' dir='ltr'>μενον</span> <span class='ocrx_word' id='word_1_780' title='bbox 130 2487 174 2511; x_wconf 89' lang='grc' dir='ltr'>καὶ</span> <span class='ocrx_word' id='word_1_781' title='bbox 201 2483 366 2514; x_wconf 75' lang='grc' dir='ltr'>ἀποτινάξαν,</span> <span class='ocrx_word' id='word_1_782' title='bbox 397 2485 440 2508; x_wconf 83' lang='grc' dir='ltr'>καὶ</span> <span class='ocrx_word' id='word_1_783' title='bbox 467 2483 535 2512; x_wconf 80' lang='grc' dir='ltr'>ἴασις</span> <span class='ocrx_word' id='word_1_784' title='bbox 561 2486 591 2517; x_wconf 78' lang='grc' dir='ltr'>τῇ</span> <span class='ocrx_word' id='word_1_785' title='bbox 625 2486 658 2518; x_wconf 81' lang='grc' dir='ltr'>σῇ</span> <span class='ocrx_word' id='word_1_786' title='bbox 688 2484 766 2517; x_wconf 84' lang='grc' dir='ltr'>σαρκὶ</span> <span class='ocrx_word' id='word_1_787' title='bbox 795 2484 839 2507; x_wconf 81' lang='grc' dir='ltr'>καὶ</span> <span class='ocrx_word' id='word_1_788' title='bbox 869 2481 999 2517; x_wconf 71' lang='grc' dir='ltr'>ἐπιμέλεια</span> <span class='ocrx_word' id='word_1_789' title='bbox 1027 2484 1168 2516; x_wconf 74' lang='grc' dir='ltr'>Ἱενώσεται</span> <span class='ocrx_word' id='word_1_790' title='bbox 1200 2483 1252 2510; x_wconf 84' lang='grc' dir='ltr'>τοῖς</span> <span class='ocrx_word' id='word_1_791' title='bbox 1280 2482 1376 2510; x_wconf 77' lang='grc' dir='ltr'>ὀστέοις</span> <span class='ocrx_word' id='word_1_792' title='bbox 1404 2481 1452 2515; x_wconf 78' lang='grc'>(8),</span> <span class='ocrx_word' id='word_1_793' title='bbox 1480 2483 1525 2506; x_wconf 83' lang='grc' dir='ltr'>καὶ</span> <span class='ocrx_word' id='word_1_794' title='bbox 1563 2484 1594 2516; x_wconf 80' lang='grc' dir='ltr'>τῇ</span> <span class='ocrx_word' id='word_1_795' title='bbox 1640 2481 1718 2517; x_wconf 70' lang='grc' dir='ltr'>ψυχῇ</span> 
     </span>
    </p>
   </div>
   <div class='ocr_carea' id='block_1_108' title="bbox 43 2525 873 2567">
    <p class='ocr_par' dir='ltr' id='par_1_108' title="bbox 43 2525 873 2567">
     <span class='ocr_line' id='line_1_108' title="bbox 43 2525 873 2567; baseline -0.006 -10"><span class='ocrx_word' id='word_1_796' title='bbox 43 2541 91 2558; x_wconf 81' lang='grc' dir='ltr'>σου</span> <span class='ocrx_word' id='word_1_797' title='bbox 117 2532 247 2567; x_wconf 71' lang='grc' dir='ltr'>προσερεῖ,</span> <span class='ocrx_word' id='word_1_798' title='bbox 277 2539 287 2552; x_wconf 77' lang='grc' dir='ltr'>σ</span> <span class='ocrx_word' id='word_1_799' title='bbox 320 2530 438 2563; x_wconf 81' lang='grc' dir='ltr'>Σωτηρία</span> <span class='ocrx_word' id='word_1_800' title='bbox 463 2529 510 2553; x_wconf 83' lang='grc' dir='ltr'>σου</span> <span class='ocrx_word' id='word_1_801' title='bbox 537 2527 591 2562; x_wconf 81' lang='grc' dir='ltr'>εἰμι</span> <span class='ocrx_word' id='word_1_802' title='bbox 614 2525 664 2562; x_wconf 65' lang='grc' dir='ltr'>ἐγὼ</span> <span class='ocrx_word' id='word_1_803' title='bbox 702 2527 752 2560; x_wconf 89' lang='lat'>(9),</span> <span class='ocrx_word' id='word_1_804' title='bbox 781 2537 795 2550; x_wconf 83' lang='grc'><strong>››</strong></span> <span class='ocrx_word' id='word_1_805' title='bbox 829 2529 873 2552; x_wconf 84' lang='grc' dir='ltr'>καὶ</span> 
     </span>
    </p>
   </div>
   <div class='ocr_carea' id='block_1_109' title="bbox 78 2597 501 2638">
    <p class='ocr_par' dir='ltr' id='par_1_109' title="bbox 78 2597 501 2638">
     <span class='ocr_line' id='line_1_109' title="bbox 78 2597 501 2638; baseline -0.012 -9"><span class='ocrx_word' id='word_1_806' title='bbox 78 2605 87 2638; x_wconf 78' lang='grc'>(</span> <span class='ocrx_word' id='word_1_807' title='bbox 94 2604 101 2629; x_wconf 82' lang='grc'>1</span> <span class='ocrx_word' id='word_1_808' title='bbox 108 2602 116 2635; x_wconf 91' lang='grc'>)</span> <span class='ocrx_word' id='word_1_809' title='bbox 132 2599 301 2638; x_wconf 68' lang='lat' dir='ltr'>Legendum</span> <span class='ocrx_word' id='word_1_810' title='bbox 316 2598 422 2638; x_wconf 33' lang='lat' dir='ltr'>forsan.</span> <span class='ocrx_word' id='word_1_811' title='bbox 429 2597 501 2624; x_wconf 78' lang='grc' dir='ltr'>ἐτῶν.</span> 
     </span>
    </p>
   </div>
   <div class='ocr_carea' id='block_1_110' title="bbox 79 2633 519 2673">
    <p class='ocr_par' dir='ltr' id='par_1_110' title="bbox 79 2633 519 2673">
     <span class='ocr_line' id='line_1_110' title="bbox 79 2633 519 2673; baseline -0.007 -10"><span class='ocrx_word' id='word_1_812' title='bbox 79 2633 117 2673; x_wconf 71' lang='grc'>(2)</span> <span class='ocrx_word' id='word_1_813' title='bbox 125 2636 245 2673; x_wconf 79' lang='lat' dir='ltr'>Videtur</span> <span class='ocrx_word' id='word_1_814' title='bbox 256 2633 392 2673; x_wconf 81' lang='lat' dir='ltr'>nonnihil</span> <span class='ocrx_word' id='word_1_815' title='bbox 405 2633 519 2673; x_wconf 78' lang='lat' dir='ltr'>deesse.</span> 
     </span>
    </p>
   </div>
   <div class='ocr_carea' id='block_1_111' title="bbox 52 2669 840 2706">
    <p class='ocr_par' dir='ltr' id='par_1_111' title="bbox 52 2669 840 2706">
     <span class='ocr_line' id='line_1_111' title="bbox 52 2669 840 2706; baseline -0.011 -5"><span class='ocrx_word' id='word_1_816' title='bbox 52 2699 55 2701; x_wconf 92' lang='lat'>.</span> <span class='ocrx_word' id='word_1_817' title='bbox 80 2669 115 2705; x_wconf 70' lang='grc'>(3)</span> <span class='ocrx_word' id='word_1_818' title='bbox 132 2671 230 2700; x_wconf 81' lang='lat' dir='ltr'>Matth.</span> <span class='ocrx_word' id='word_1_819' title='bbox 248 2679 283 2698; x_wconf 83' lang='lat' dir='ltr'>XI.</span> <span class='ocrx_word' id='word_1_820' title='bbox 301 2671 358 2706; x_wconf 71' lang='lat' dir='ltr'>3Q:</span> <span class='ocrx_word' id='word_1_821' title='bbox 399 2673 420 2695; x_wconf 96' lang='grc'><strong>0</strong></span> <span class='ocrx_word' id='word_1_822' title='bbox 449 2670 499 2706; x_wconf 74' lang='grc' dir='ltr'>’γὰρ</span> <span class='ocrx_word' id='word_1_823' title='bbox 530 2670 607 2704; x_wconf 82' lang='grc' dir='ltr'>ζυφός</span> <span class='ocrx_word' id='word_1_824' title='bbox 630 2677 679 2704; x_wconf 88' lang='grc' dir='ltr'>μου</span> <span class='ocrx_word' id='word_1_825' title='bbox 709 2669 840 2704; x_wconf 74' lang='grc' dir='ltr'>χρηστὸς,</span> 
     </span>
    </p>
   </div>
   <div class='ocr_carea' id='block_1_112' title="bbox 45 2705 511 2744">
    <p class='ocr_par' dir='ltr' id='par_1_112' title="bbox 45 2705 511 2744">
     <span class='ocr_line' id='line_1_112' title="bbox 45 2705 511 2744; baseline -0.011 -9"><span class='ocrx_word' id='word_1_826' title='bbox 45 2712 90 2735; x_wconf 84' lang='grc' dir='ltr'>καὶ</span> <span class='ocrx_word' id='word_1_827' title='bbox 102 2718 130 2734; x_wconf 68' lang='grc' dir='ltr'>το</span> <span class='ocrx_word' id='word_1_828' title='bbox 146 2709 249 2744; x_wconf 76' lang='grc' dir='ltr'>φορτίον</span> <span class='ocrx_word' id='word_1_829' title='bbox 263 2715 312 2742; x_wconf 82' lang='grc' dir='ltr'>μου</span> <span class='ocrx_word' id='word_1_830' title='bbox 324 2705 431 2744; x_wconf 59' lang='grc' dir='ltr'>ἐλαφρον</span> <span class='ocrx_word' id='word_1_831' title='bbox 442 2706 511 2730; x_wconf 80' lang='grc' dir='ltr'>ἐστιν</span> 
     </span>
    </p>
   </div>
   <div class='ocr_carea' id='block_1_113' title="bbox 81 2738 843 2779">
    <p class='ocr_par' dir='ltr' id='par_1_113' title="bbox 81 2738 843 2779">
     <span class='ocr_line' id='line_1_113' title="bbox 81 2738 843 2779; baseline -0.01 -8"><span class='ocrx_word' id='word_1_832' title='bbox 81 2745 120 2779; x_wconf 68' lang='grc'>(4)</span> <span class='ocrx_word' id='word_1_833' title='bbox 133 2738 237 2771; x_wconf 62' lang='lat' dir='ltr'>defles.</span> <span class='ocrx_word' id='word_1_834' title='bbox 254 2738 292 2776; x_wconf 76' lang='lat' dir='ltr'>lit,</span> <span class='ocrx_word' id='word_1_835' title='bbox 329 2744 357 2779; x_wconf 71' lang='lat' dir='ltr'>i7</span> <span class='ocrx_word' id='word_1_836' title='bbox 373 2738 618 2779; x_wconf 34' lang='lat' dir='ltr'>&#39;:_&quot;&#39;E1rtzaf:dlor¢ro§</span> <span class='ocrx_word' id='word_1_837' title='bbox 634 2740 654 2779; x_wconf 61' lang='lat' dir='ltr'>jz</span> <span class='ocrx_word' id='word_1_838' title='bbox 684 2742 717 2774; x_wconf 69' lang='grc' dir='ltr'>γῆ</span> <span class='ocrx_word' id='word_1_839' title='bbox 737 2738 766 2779; x_wconf 39' lang='grc' dir='ltr'>,ἐν</span> <span class='ocrx_word' id='word_1_840' title='bbox 791 2741 843 2779; x_wconf 67' lang='grc' dir='ltr'>τοῖς</span> 
     </span>
    </p>
   </div>
   <div class='ocr_carea' id='block_1_114' title="bbox 45 2773 844 2816">
    <p class='ocr_par' dir='ltr' id='par_1_114' title="bbox 45 2773 844 2816">
     <span class='ocr_line' id='line_1_114' title="bbox 45 2773 844 2816; baseline -0.009 -10"><span class='ocrx_word' id='word_1_841' title='bbox 45 2773 128 2816; x_wconf 46' lang='grc' dir='ltr'>ἕρῇοίς</span> <span class='ocrx_word' id='word_1_842' title='bbox 163 2787 210 2804; x_wconf 88' lang='grc' dir='ltr'>σου</span> <span class='ocrx_word' id='word_1_843' title='bbox 246 2773 290 2805; x_wconf 63' lang='grc' dir='ltr'>..ί</span> <span class='ocrx_word' id='word_1_844' title='bbox 331 2776 442 2806; x_wconf 74' lang='grc' dir='ltr'>ἀκάνθας</span> <span class='ocrx_word' id='word_1_845' title='bbox 475 2778 518 2802; x_wconf 71' lang='grc' dir='ltr'>καὶ</span> <span class='ocrx_word' id='word_1_846' title='bbox 542 2773 694 2809; x_wconf 77' lang='grc' dir='ltr'>’τριϐολους</span> <span class='ocrx_word' id='word_1_847' title='bbox 731 2773 844 2800; x_wconf 83' lang='grc' dir='ltr'>ἁνατελεῐ</span> 
     </span>
    </p>
   </div>
   <div class='ocr_carea' id='block_1_115' title="bbox 47 2825 99 2850">
    <p class='ocr_par' dir='ltr' id='par_1_115' title="bbox 47 2825 99 2850">
     <span class='ocr_line' id='line_1_115' title="bbox 47 2825 99 2850; baseline -0.019 -8"><span class='ocrx_word' id='word_1_848' title='bbox 47 2825 99 2850; x_wconf 81' lang='grc' dir='ltr'>σοι,</span> 
     </span>
    </p>
   </div>
   <div class='ocr_carea' id='block_1_116' title="bbox 908 2526 1720 2562">
    <p class='ocr_par' dir='ltr' id='par_1_116' title="bbox 908 2526 1720 2562">
     <span class='ocr_line' id='line_1_116' title="bbox 908 2526 1720 2562; baseline -0.001 -10"><span class='ocrx_word' id='word_1_849' title='bbox 908 2528 1027 2556; x_wconf 82' lang='grc' dir='ltr'>σεσωκὼς</span> <span class='ocrx_word' id='word_1_850' title='bbox 1063 2526 1144 2554; x_wconf 69' lang='grc' dir='ltr'>αὐτὴν</span> <span class='ocrx_word' id='word_1_851' title='bbox 1182 2526 1265 2552; x_wconf 83' lang='grc' dir='ltr'>ἔσται.</span> <span class='ocrx_word' id='word_1_852' title='bbox 1307 2527 1356 2552; x_wconf 83' lang='grc' dir='ltr'>Καὶ</span> <span class='ocrx_word' id='word_1_853' title='bbox 1397 2527 1480 2551; x_wconf 81' lang='grc' dir='ltr'>τοίνυν</span> <span class='ocrx_word' id='word_1_854' title='bbox 1515 2526 1597 2561; x_wconf 78' lang='grc' dir='ltr'>ἡμεῖς,</span> <span class='ocrx_word' id='word_1_855' title='bbox 1634 2528 1720 2562; x_wconf 85' lang='grc' dir='ltr'>πατὴρ</span> 
     </span>
    </p>
   </div>
   <div class='ocr_carea' id='block_1_117' title="bbox 944 2597 1187 2629">
    <p class='ocr_par' dir='ltr' id='par_1_117' title="bbox 944 2597 1187 2629">
     <span class='ocr_line' id='line_1_117' title="bbox 944 2597 1187 2629; baseline 0 -5"><span class='ocrx_word' id='word_1_856' title='bbox 944 2599 971 2629; x_wconf 84' lang='grc'>5)</span> <span class='ocrx_word' id='word_1_857' title='bbox 991 2597 1113 2624; x_wconf 86' lang='lat' dir='ltr'>Zachar.</span> <span class='ocrx_word' id='word_1_858' title='bbox 1133 2604 1151 2624; x_wconf 90' lang='grc' dir='ltr'>ι.</span> <span class='ocrx_word' id='word_1_859' title='bbox 1161 2598 1187 2627; x_wconf 84' lang='grc'>3,</span> 
     </span>
    </p>
   </div>
   <div class='ocr_carea' id='block_1_118' title="bbox 944 2631 1721 2670">
    <p class='ocr_par' dir='ltr' id='par_1_118' title="bbox 944 2631 1721 2670">
     <span class='ocr_line' id='line_1_118' title="bbox 944 2631 1721 2670; baseline -0.001 -11"><span class='ocrx_word' id='word_1_860' title='bbox 944 2633 971 2666; x_wconf 78' lang='grc' dir='ltr'>ὕ)</span> <span class='ocrx_word' id='word_1_861' title='bbox 993 2632 1061 2670; x_wconf 79' lang='lat' dir='ltr'>Luc.</span> <span class='ocrx_word' id='word_1_862' title='bbox 1097 2640 1125 2665; x_wconf 84' lang='lat' dir='ltr'>x,</span> <span class='ocrx_word' id='word_1_863' title='bbox 1154 2633 1219 2670; x_wconf 51' lang='lat'>34-:</span> <span class='ocrx_word' id='word_1_864' title='bbox 1249 2631 1385 2661; x_wconf 70' lang='grc' dir='ltr'>Κατιδησε</span> <span class='ocrx_word' id='word_1_865' title='bbox 1417 2633 1450 2658; x_wconf 83' lang='grc' dir='ltr'>τὰ</span> <span class='ocrx_word' id='word_1_866' title='bbox 1475 2633 1612 2670; x_wconf 79' lang='grc' dir='ltr'>τραύματα</span> <span class='ocrx_word' id='word_1_867' title='bbox 1641 2632 1721 2658; x_wconf 79' lang='grc' dir='ltr'>αὐτοῦ</span> 
     </span>
    </p>
   </div>
   <div class='ocr_carea' id='block_1_119' title="bbox 897 2665 1256 2703">
    <p class='ocr_par' dir='ltr' id='par_1_119' title="bbox 897 2665 1256 2703">
     <span class='ocr_line' id='line_1_119' title="bbox 897 2665 1256 2703; baseline -0.003 -9"><span class='ocrx_word' id='word_1_868' title='bbox 897 2665 1011 2703; x_wconf 76' lang='grc' dir='ltr'>ἐπέχέων</span> <span class='ocrx_word' id='word_1_869' title='bbox 1030 2667 1112 2693; x_wconf 74' lang='grc' dir='ltr'>ἔλαιον</span> <span class='ocrx_word' id='word_1_870' title='bbox 1123 2670 1167 2693; x_wconf 80' lang='grc' dir='ltr'>καὶ</span> <span class='ocrx_word' id='word_1_871' title='bbox 1180 2665 1256 2695; x_wconf 84' lang='grc' dir='ltr'>οἶνον.</span> 
     </span>
    </p>
   </div>
   <div class='ocr_carea' id='block_1_120' title="bbox 933 2703 1168 2738">
    <p class='ocr_par' dir='ltr' id='par_1_120' title="bbox 933 2703 1168 2738">
     <span class='ocr_line' id='line_1_120' title="bbox 933 2703 1168 2738; baseline -0.004 -8"><span class='ocrx_word' id='word_1_872' title='bbox 933 2705 969 2738; x_wconf 88' lang='lat'>(7)</span> <span class='ocrx_word' id='word_1_873' title='bbox 984 2703 1051 2730; x_wconf 88' lang='lat' dir='ltr'>lsai.</span> <span class='ocrx_word' id='word_1_874' title='bbox 1067 2711 1130 2735; x_wconf 87' lang='lat' dir='ltr'>Lvu,</span> <span class='ocrx_word' id='word_1_875' title='bbox 1142 2705 1168 2730; x_wconf 94' lang='lat'>8.</span> 
     </span>
    </p>
   </div>
   <div class='ocr_carea' id='block_1_121' title="bbox 933 2738 1222 2774">
    <p class='ocr_par' dir='ltr' id='par_1_121' title="bbox 933 2738 1222 2774">
     <span class='ocr_line' id='line_1_121' title="bbox 933 2738 1222 2774; baseline -0.007 -8"><span class='ocrx_word' id='word_1_876' title='bbox 933 2740 973 2774; x_wconf 87' lang='lat'>(8)</span> <span class='ocrx_word' id='word_1_877' title='bbox 988 2738 1125 2766; x_wconf 78' lang='lat' dir='ltr'>Proverb.</span> <span class='ocrx_word' id='word_1_878' title='bbox 1144 2746 1183 2771; x_wconf 88' lang='grc' dir='ltr'>ιιι,</span> <span class='ocrx_word' id='word_1_879' title='bbox 1196 2740 1222 2768; x_wconf 88' lang='lat'>8,</span> 
     </span>
    </p>
   </div>
   <div class='ocr_carea' id='block_1_122' title="bbox 933 2774 1240 2808">
    <p class='ocr_par' dir='ltr' id='par_1_122' title="bbox 933 2774 1240 2808">
     <span class='ocr_line' id='line_1_122' title="bbox 933 2774 1240 2808; baseline -0.003 -7"><span class='ocrx_word' id='word_1_880' title='bbox 933 2775 969 2808; x_wconf 82' lang='lat'>(9)</span> <span class='ocrx_word' id='word_1_881' title='bbox 980 2774 1089 2801; x_wconf 89' lang='lat' dir='ltr'>Psalm.</span> <span class='ocrx_word' id='word_1_882' title='bbox 1100 2781 1199 2806; x_wconf 66' lang='grc' dir='ltr'>χχχιιι,</span> <span class='ocrx_word' id='word_1_883' title='bbox 1214 2775 1240 2801; x_wconf 86' lang='lat'>3.</span> 
     </span>
    </p>
   </div>
  </div>
