1959 3074
206 114 276 141 1499

881 116 1070 145 NIGEPHORI
1083 116 1216 146 CHUMNI

1828 117 1899 144 1500

206 175 329 203 contulit
347 175 503 208 beneﬁcia,
533 184 639 205 omnes
661 178 797 207 homines
815 179 910 216 probe
922 179 960 207 int

1090 179 1200 217 ὖπερφυῆ
1238 182 1317 206 παντὶ
1356 184 1392 215 τῷ
1423 179 1475 216 βίῳ
1512 182 1661 216 παρέσχετο
1691 180 1791 209 πάντες
1825 179 1895 204 εἰσιν

207 222 290 255 gunt,
306 222 334 248 et
345 221 466 256 optimae
491 221 663 250 intentionis
680 226 749 252 sunt
761 232 867 252 omnes
882 225 934 260 qui
962 223 1031 251 talia

206 264 340 292 conﬁteri
355 267 383 292 et
397 265 560 301 praedicare
567 268 791 302 aggrediuntur.
807 269 919 296 Etenim
931 268 1030 296 nullus

205 312 249 337 est
268 317 393 337 sensum
413 312 441 338 et
456 309 602 339 rationem
620 312 735 340 habens
751 313 803 349 qui
819 321 880 341 non
894 313 968 341 illud
982 321 1030 340 ve-

205 354 360 381 hementer
367 357 495 390 exoptat.
513 356 621 384 Omnes
634 360 733 385 autem
748 358 842 394 probe
855 358 952 386 sciunt
965 365 1029 385 esse

207 406 276 426 vere
291 406 381 434 super
391 406 512 428 omnem
521 400 659 429 virtutem
671 404 873 438 naturamque
883 402 1030 430 sermonis

207 442 245 470 de
257 441 314 470 hoc
329 443 536 471 convenienter
551 445 633 481 loqui
653 446 699 474 vel
713 455 816 482 parem
839 447 967 481 gratiam
987 454 1030 474 re-

208 487 282 514 ferre
288 495 376 523 posse
383 490 574 524 quantumvis
583 490 800 519 zelantissimos
812 501 819 525 ;
835 499 894 519 non
903 491 996 519 solum
1005 491 1030 518 si

207 531 414 568 unusquisque
437 541 491 561 sua
505 541 574 561 voce
590 537 617 562 et
631 535 735 569 lingua
754 535 824 563 talia
838 536 947 563 nitatur
960 543 1030 563 con-

208 575 338 610 cinnare,
358 585 462 604 verum
487 580 515 605 et
535 578 557 605 si
570 587 675 607 omnes
687 580 716 607 in
742 588 835 608 unum
852 580 1031 608 conveniant

207 620 246 647 ad
261 619 343 653 illud,
356 621 528 658 quicunque
538 630 618 651 nunc
630 627 699 652 sunt
713 627 742 652 et
751 625 925 661 quicunque
941 627 1030 652 antea.

207 662 266 691 vita
284 663 377 692 functi
393 669 460 693 sunt
477 676 482 694 :
501 674 561 695 non
578 670 663 698 certe.
679 677 777 705 neque
793 669 817 697 si
830 669 904 696 foret
916 669 1030 696 labium

207 716 301 736 unum
327 717 420 746 osque
451 719 544 739 unum
568 721 628 748 quo
651 721 756 741 omnes
781 717 972 750 erumperent
1000 713 1029 740 in

207 760 300 781 unam
317 762 432 789 vocem,
444 763 481 782 ne
496 757 652 792 paululum
671 758 795 794 quidem
815 758 855 785 sic
872 758 1031 794 aptissima.

207 798 297 839 etiam
313 799 495 835 symphonia
510 801 654 836 attingere
670 802 802 830 valerent
814 802 853 830 ad
870 802 1030 830 sublimem

1084 224 1216 261 ἅνθρωποι
1237 229 1324 261 σαφῶς
1355 223 1458 261 εἱὸλόιιίς³
1489 227 1534 250 καὶ
1563 227 1669 260 γνώμης
1697 222 1725 250 εὖ
1741 223 1798 250 εἱσι
1825 225 1899 249 πάν-

1083 278 1125 299 τες
1143 270 1245 304 ἔχοντες
1274 268 1438 305 ὰνομολογεῑν
1468 271 1512 295 καὶ
1530 269 1667 305 κηρὺττειν
1692 279 1698 285 ⁸
1713 271 1760 294 καὶ
1778 278 1811 303 γε
1841 273 1898 294 τῶν

1083 312 1200 339 ἁπάντων
1241 315 1310 339 ἔστιν
1334 312 1431 347 οὐδεὶς,
1457 313 1605 343 αἰσθήσεως
1631 317 1693 349 γοῦν
1742 315 1790 338 καὶ
1821 312 1899 348 λογι-

1085 362 1157 392 σμῶν
1174 360 1302 394 μετέχων,
1321 360 1356 394 μὴ
1382 362 1459 384 τοῦτο
1476 356 1580 394 σφόδρα
1611 357 1819 394 βεϐουλημένος.
1854 357 1899 383 Οὐ

1083 404 1134 438 μὴν
1159 402 1224 428 ἀλλὰ
1254 405 1298 429 καὶ
1326 404 1417 433 πάντες
1450 400 1477 429 εὖ
1516 402 1567 429 εἱσι
1590 405 1634 428 καὶ
1662 401 1748 432 καλῶς
1776 399 1897 434 εἰδότες,

1084 447 1117 476 ὡς
1142 447 1212 473 ἔστιν
1259 446 1359 477 ἀληθῶς
1385 448 1448 484 ὑτὲρ
1476 450 1564 473 πᾶσαν
1589 447 1665 482 λογον
1697 456 1744 472 και
1775 444 1898 482 δύναμιν

1083 493 1128 517 καὶ
1155 493 1232 527 φύσιν
1270 492 1307 528 ἐφ’
1348 493 1434 518 ἰκανὸν
1467 496 1552 518 ταῦτα
1583 491 1728 528 ἐξισχύσαι
1762 491 1897 521 λαλῆσαι,

1084 535 1099 564 ἦ
1129 538 1175 564 τὴν
1195 535 1318 572 ἀνάλογον
1348 539 1393 563 καὶ
1411 537 1478 563 πάνυ
1507 546 1533 562 τι
1567 538 1816 572 προτεθυμημέτους
1852 536 1898 562 εὐ-

1084 582 1228 616 χαριστίαν
1259 581 1367 617 πρᾱξαι,
1397 584 1432 617 μὴ
1465 582 1506 607 ὅτι
1536 591 1564 616 γε
1581 581 1641 607 καθ’
1673 581 1718 607 ἕνα
1746 582 1897 616 φθεγγομέ-

1084 633 1141 654 νους
1156 627 1199 650 καὶ
1226 627 1294 651 κατὰ
1317 628 1378 661 μίαν
1406 620 1529 661 γλῶσσαν
1547 626 1657 652 ἕκαστον
1686 624 1899 662 ἐπιχειροῦντας

1085 667 1230 705 ἀπονέμειν,
1258 669 1311 696 ἀλλ’
1329 668 1387 696 οὐδ’
1410 670 1432 696 εἰ
1462 672 1556 700 πάντες
1580 670 1616 700 εἰς
1641 669 1738 696 ταύτόν
1765 670 1806 704 (ί)
1831 679 1897 695 σνν-

1086 715 1176 748 ιοντες,
1192 715 1248 740 ὅσοι
1266 724 1293 740 τε
1316 718 1359 740 νῦν
1380 715 1431 740 εἰσι
1457 717 1502 741 καὶ
1533 715 1591 741 ὅσοι
1613 715 1694 740 παλαι
1720 717 1866 750 γεγόνασιν
1888 724 1895 730 ·

1084 757 1217 794 οὐμενοῦν,
1238 757 1295 784 οὐδ’
1314 759 1336 784 εὶ
1365 759 1454 794 χεῖλος
1481 759 1505 785 ἓν
1532 761 1577 785 καὶ
1596 759 1620 786 ἓν
1636 761 1723 794 στόμα
1750 761 1817 795 πρὸς
1840 770 1897 794 qvo-

1083 805 1130 831 τὴν
1154 805 1216 839 μίαν
1242 804 1279 838 (2)
1307 805 1452 839 γενόμενοι,
1481 801 1538 830 οὐδ’
1565 803 1647 834 οὕτως
1669 802 1701 828 ἂν
1732 801 1797 829 οὐδὲ
1820 804 1895 828 κατὰ

207 841 286 870 hanc
296 844 353 871 tam
364 844 592 878 maguiﬁcorum
610 847 791 875 mirabilium
809 846 958 874 confessio

1090 849 1176 884 ιιιχρὸν
1205 849 1286 883 ἔσχον
1311 847 1386 883 ἐγγὺς
1410 847 1473 874 ἰέναι
1501 851 1547 874 τοῦ
1566 857 1624 873 τινα
1657 849 1755 876 ταύτην
1780 857 1893 883 σνμγω-

207 894 275 922 qum
300 887 458 916 excedens
468 892 575 918 cuncta
588 890 627 918 ad
640 891 758 919 inﬁrma
768 891 894 927 deprimi
908 891 1030 918 minime

207 933 315 967 potest.
328 932 375 960 Est
388 932 477 967 igitur
489 934 587 962 omnis
596 938 706 963 natura
715 936 871 964 hominum
883 943 949 963 vere
960 935 1029 963 infe-

207 975 267 1003 rior
279 978 307 1004 et
321 977 471 1012 impotens
481 978 519 1006 ad
529 978 620 1014 hujus
627 979 742 1008 virtutis
751 980 988 1015 indagationem,
998 982 1031 1007 ut

205 1020 332 1055 dignum
342 1021 414 1057 quid
431 1021 517 1052 detot
529 1025 652 1052 ettantis
662 1024 904 1061 beneﬁciisloqui
912 1025 1007 1061 possit
1022 1032 1028 1052 :

206 1063 259 1091 sed
274 1067 302 1092 et
313 1064 463 1101 impotens
480 1075 600 1104 quoque
611 1068 686 1096 foret
703 1077 797 1105 quam
811 1069 944 1105 accipere
961 1076 1030 1104 pos-

204 1110 247 1136 set
257 1108 376 1144 linguas
386 1110 468 1146 ipsas
478 1112 660 1146 Angelorum
674 1116 701 1141 et
714 1113 969 1148 Archangelorum
983 1112 1030 1140 vel

204 1153 294 1189 siqui
319 1154 377 1181 sint
405 1154 532 1184 aliorum
563 1156 721 1193 spirituum
752 1158 782 1185 in
809 1158 858 1185 Dei
889 1156 1030 1185 laudibus

203 1201 348 1234 perpetuo
377 1202 524 1234 assuetas,
540 1203 568 1228 et
583 1201 731 1236 acciperet
747 1209 797 1229 eas
812 1204 840 1229 et
854 1201 1030 1237 adimpleret

203 1243 322 1271 cantica.
332 1244 495 1278 gratiarum
508 1245 689 1274 creberrima
706 1255 712 1274 :
724 1254 785 1274 non
797 1246 876 1274 enim
891 1246 1029 1274 homines

203 1290 331 1320 tantum,
347 1296 452 1316 verum
469 1289 557 1317 etiam
569 1293 729 1326 potestates
744 1291 879 1319 caelestes
887 1290 1029 1327 obstupe-

203 1331 274 1359 facit
288 1332 471 1361 mirabilium
484 1335 658 1363 excellentia
667 1338 695 1362 et
709 1335 876 1363 sublimitas
891 1344 959 1372 quae
975 1344 1029 1372 pro

203 1376 292 1404 nobis
306 1380 423 1413 patrata
442 1378 562 1407 fuerunt
576 1378 726 1416 hodieque
744 1380 960 1416 producuntur.

203 1421 310 1457 λογικὴν
358 1424 435 1458 φύσιν

486 1423 550 1449 ἀλλὰ
588 1427 632 1450 καὶ
678 1426 724 1455 τὰς
763 1424 930 1462 ἔπουρανίους
969 1423 1104 1462 δυνάμεις,

1084 893 1140 917 νίαν
1188 895 1352 928 παγκοσμιον
1390 894 1451 930 πρὸς
1485 891 1691 928 ἀνθομολογησιν
1737 889 1810 928 ἆραι,
1842 895 1893 918 τοῦ

1084 940 1134 961 τῶν
1165 937 1303 972 θαυμάτων
1329 936 1466 973 μεγαλείου
1490 939 1526 973 μὴ
1559 936 1630 963 κάτω
1659 939 1811 962 πίπτουσαν
1844 939 1893 962 καὶ

1085 984 1131 1006 τοῦ
1159 983 1255 1012 παντὸς
1287 981 1499 1018 ἀπολειπομένην.
1530 981 1597 1007 Ἀλλ’
1631 982 1686 1007 itm
1730 982 1776 1017 ph
1809 983 1892 1012 ὅντως

1084 1026 1167 1063 μικρά
1201 1029 1276 1052 πᾶσα
1309 1027 1385 1062 φύσις
1421 1026 1561 1064 ἀνθρώπων
1602 1028 1647 1052 καὶ
1673 1025 1785 1055 ἀσθενὴς
1822 1028 1892 1063 πρὸς

1084 1072 1159 1096 τοῦτό
1187 1080 1217 1105 γε
1241 1069 1376 1107 δυνάμεως
1413 1070 1592 1107 ἐξεταζομένη,
1618 1071 1681 1096 ὥστ’
1715 1072 1787 1106 ἔχειν
1816 1071 1891 1101 ἀξιον

1084 1124 1110 1140 τι
1149 1119 1200 1140 τῶν
1249 1117 1378 1142 τοσούτων
1429 1118 1474 1141 καὶ
1515 1117 1638 1141 τοιούτων
1677 1114 1891 1151 εὐεργετημάτων

1085 1158 1148 1196 ἐρεῖν
1162 1170 1168 1176 ”
1181 1160 1237 1186 ἔστι
1253 1158 1282 1186 δὲ
1297 1162 1341 1186 καὶ
1363 1160 1437 1190 αὖθις
1464 1161 1586 1193 ἀσθενὴς,
1624 1159 1645 1186 εἰ
1676 1162 1721 1185 καὶ
1742 1161 1791 1189 τὰς
1812 1159 1893 1195 αγγε-

1084 1203 1157 1235 λίκὰς
1203 1204 1283 1235 αὐτὰς
1324 1205 1338 1234 ἦ
1373 1207 1418 1230 καὶ
1440 1204 1647 1242 ἀρχαγγελιχὰς,
1676 1206 1698 1231 εἰ
1726 1206 1795 1236 τινές
1823 1205 1892 1230 εἰσιν

1084 1247 1167 1274 ἀΰλων
1201 1249 1320 1284 γλῶσσαι
1345 1251 1407 1286 πρὸς
1445 1247 1570 1279 διηνεκεῖς
1607 1249 1701 1285 ὕμνους
1740 1249 1892 1285 εἰθισμέναι

1086 1297 1162 1327 Θεοῦ,
1188 1293 1328 1330 βουληθείη
1356 1294 1511 1331 προσλαϐεῖν
1540 1296 1586 1320 χαὶ
1615 1293 1772 1331 προσλάϐοι,
1801 1296 1893 1321 ἔπειτα

1085 1339 1270 1375 συνεργαζοιτο
1300 1341 1359 1370 τοὺς
1398 1339 1621 1376 εὐχαριστηρίους
1655 1337 1851 1376 ἁποπληροῡσα
1885 1350 1891 1354 ·

1084 1383 1114 1408 οὐ
1131 1383 1180 1420 γὰρ
1214 1382 1364 1419 ἀνθρώποῡς
1393 1385 1469 1419 μόνον
1498 1385 1543 1409 καὶ
1564 1385 1611 1412 τὴν
1629 1383 1688 1408 καθ’
1711 1384 1782 1419 ἡμᾶς
1800 1386 1891 1409 πᾶσαν

1149 1427 1302 1465 ὑπερϐαῖνον
1332 1427 1469 1456 ἐκπλήττει
1512 1432 1562 1453 τῶν
1605 1428 1760 1458 θαυμασίων
1805 1426 1891 1454 τῶνδε

203 1467 232 1491 τὸ
243 1467 361 1502 μέγεθος,
375 1467 438 1504 ὑπὲρ
456 1469 529 1504 ἡμῶν
544 1468 655 1505 ἀπείρων
667 1470 734 1495 ὅσων
745 1470 983 1505 χαταπραχθέντων
996 1472 1041 1496 καὶ
1053 1475 1096 1497 νῦν
1113 1471 1305 1509 ἐνεργουμένων.

238 1512 375 1539 Attamen
391 1513 473 1548 quod
488 1513 552 1540 11th
572 1521 691 1549 semper
704 1514 869 1549 ordineque
886 1514 1030 1542 celebrari
1046 1516 1066 1543 C

202 1555 333 1584 debeant
353 1556 432 1592 pleni
453 1557 636 1594 ﬁrmiterque
650 1565 818 1591 censemus,
834 1560 923 1594 atque
938 1558 1031 1585 conﬁ-

202 1600 312 1629 dimus.
339 1602 415 1636 Ergo
441 1605 473 1629 ut
493 1610 663 1630 sermonem
690 1602 784 1630 obiter
802 1605 1032 1638 opportuneque

203 1645 359 1673 ordiamur
378 1646 417 1673 ab
437 1647 494 1674 hoc
520 1647 601 1683 quod
630 1647 684 1675 fuit
711 1647 740 1674 in
756 1647 902 1683 principio
920 1647 1032 1675 :homo

202 1690 370 1726 plasmatus
392 1699 485 1719 manu
508 1691 558 1720 Dei
578 1691 685 1720 divinae
709 1699 834 1720 consors
854 1691 977 1720 effectus
988 1695 1032 1720 est

203 1734 355 1769 imaginis,
371 1735 441 1763 inde
452 1744 540 1771 super
553 1744 659 1764 omnes
669 1736 799 1764 visibiles
815 1739 968 1764 creaturas
978 1736 1031 1764 h0-

203 1786 277 1806 nore
300 1782 471 1807 coronatus.
499 1783 582 1808 tanto
610 1781 724 1815 majore
752 1780 846 1815 gloria
869 1784 896 1808 et
924 1781 1031 1809 decore

203 1822 343 1857 donatus,
368 1826 482 1860 quanto
508 1825 694 1853 formationis
714 1825 782 1861 ejus
798 1825 922 1852 verbum
943 1824 1031 1853 altius

205 1867 392 1902 efferebatur,
405 1877 474 1897 cum
485 1870 600 1906 accepit
614 1871 693 1898 unde
705 1870 867 1904 imaginem
875 1878 969 1906 quam
983 1877 1031 1905 ge-

203 1913 289 1942 rebat
305 1917 507 1949 conservaret,
531 1915 554 1942 si
570 1915 712 1943 custodiri
741 1918 892 1951 praecepta
908 1915 1030 1943 curarit.

204 1958 368 1994 Postquam
389 1962 489 1987 autem
506 1967 559 1995 per
574 1960 753 1995 voluptatem
773 1960 904 1987 nudatus
921 1962 974 1992 est,
991 1962 1028 1992 et,

206 2006 356 2039 prmcepta
379 2003 611 2039 parvipendens,
638 2004 854 2040 decipientibus
869 2003 961 2031 ﬁdem
977 2004 1030 2031 ad-

205 2046 310 2074 hibuit:
334 2048 433 2075 statim
444 2048 562 2081 decidit,
584 2048 614 2076 in
629 2049 694 2085 ipso
712 2049 777 2076 loco
792 2049 838 2076 ubi
854 2048 1031 2076 constitutus

206 2091 303 2119 fuerat
321 2092 352 2119 in
377 2093 528 2128 voluptate
549 2095 582 2121 'et
604 2094 740 2122 fruitioue
756 2094 919 2121 multorum
939 2093 1031 2121 maxi-

207 2143 388 2173 morumque
416 2137 576 2170 bonorum,
606 2138 754 2174 simulque
770 2138 870 2166 amisit
892 2138 1030 2166 meritum

206 2252 355 2290 integrum
389 2261 407 2280 a
440 2254 576 2290 θεσπισμα
609 2254 647 2281 ad
675 2257 788 2290 περαίνει
817 2253 908 2282 fuisse
937 2253 1031 2290 serius

207 2288 313 2324 lineola
331 2292 500 2316 transversa
528 2288 751 2323 inductum/ab
778 2290 843 2324 ipso
864 2296 895 2317 ut
917 2289 1033 2316 videtur

207 2323 338 2361 librario,
351 2324 389 2352 ab
400 2333 434 2352 eo
451 2325 557 2352 saltem
572 2325 693 2353 homine
708 2325 759 2361 qui
775 2323 987 2360 opusculorum
1001 2325 1032 2352 in

208 2359 309 2387 codice
318 2363 524 2388 contentorum
554 2360 682 2387 indicem
696 2359 828 2388 confecit.
848 2362 878 2387 ln
894 2368 929 2388 eo
944 2361 1032 2394 igitur

207 2395 304 2431 indice
326 2396 467 2430 generali,
487 2404 582 2431 quum
607 2396 736 2431 primum
760 2396 851 2423 hocce
867 2396 1032 2431 scripsisset

206 2430 329 2465 lemma,
362 2436 408 2457 τοῦ
441 2430 520 2457 αὐτοῦ
553 2430 687 2466 orexim.”
719 2434 760 2457 ἐπὶ
792 2435 823 2460 τῆ
857 2430 955 2467 μεγάλῃ
987 2433 1032 2456 καὶ

207 2466 340 2503 τελευταίᾳ
367 2467 441 2504 ἑορτῇ
467 2472 513 2493 τοι)
534 2468 606 2507 κατὰ.
624 2471 737 2507 Χριστον
756 2466 1029 2507 παντοςγμυστὴρίου,

207 2510 242 2530 eo
256 2502 362 2535 deleto,
383 2502 497 2530 novum
513 2502 674 2534 substituit,
691 2502 771 2530 hisce
789 2503 900 2530 scilicet
928 2510 1031 2530 conce-

207 2541 293 2575 ptum
324 2538 422 2565 verbis
439 2547 445 2565 ζ
462 2542 506 2564 τοῦ
532 2537 612 2563 αὐτοὺ
641 2538 713 2573 λόγος
747 2541 816 2575 ᾄπως
843 2537 884 2564 δεῖ
901 2538 1032 2575 ἑορτάζειν

207 2575 253 2602 τὴν
283 2573 370 2609 ἑορτὴν
402 2578 450 2604 τῆς
488 2576 630 2609 κοιμήσεως
664 2578 709 2604 τῆς
748 2574 877 2610 ὑπραιγίας
913 2573 1031 2610 θεοτοκου

207 2610 258 2635 ἀπὸ
272 2613 319 2640 τῆς
338 2613 442 2644 πρώτης
458 2613 502 2634 τοῦ
518 2609 666 2643 αὑ-Ῑούστου
682 2611 760 2645 μηνὸς
777 2612 867 2645 μέχρι
886 2613 932 2639 τῆς
947 2609 1030 2644 ἐσχά-

205 2654 262 2675 της.
283 2646 365 2672 Nova
392 2645 442 2672 illa
472 2645 631 2672 Andronici
645 2644 700 2679 lex,
718 2654 757 2672 an
777 2645 829 2671 diu
843 2644 967 2679 viguerit
980 2653 1031 2672 nc-

208 2680 269 2715 scio
285 2688 291 2713 ;
309 2687 362 2707 nec
383 2681 507 2708 Strozme
524 2680 628 2707 licrum
649 2681 686 2708 de
699 2679 907 2715 Assumptione
920 2688 1031 2707 consu-

207 2714 265 2742 lere
280 2716 373 2751 potui,
386 2717 415 2743 in
431 2723 492 2751 quo
504 2716 604 2743 forsan
617 2716 640 2742 is
655 2716 866 2750 antiquitatum
882 2715 1031 2749 liturgica-

206 2751 383 2786 rumlocum
401 2753 541 2779 tractatus
559 2751 621 2778 fuit.
634 2767 667 2770 —
682 2753 840 2786 Appouam
853 2758 914 2779 non
930 2751 1032 2779 intem-

207 2785 321 2822 pestive
345 2793 361 2813 ο
380 2786 483 2815 codice
496 2786 578 2820 regio
593 2786 673 2820 1630,
693 2785 763 2822 pag.
780 2785 824 2821 61,
840 2788 885 2822 63,
901 2788 960 2822 133,
976 2786 1033 2814 tria

1122 1517 1159 1542 Οὐ
1182 1518 1228 1553 μὲν
1257 1516 1321 1543 ἀλλὰ
1352 1519 1396 1542 καὶ
1426 1516 1534 1547 καθεξῆς
1576 1516 1616 1542 ἀεὶ
1641 1520 1726 1542 ταῦτα
1757 1517 1891 1543 τελεῖσθαι

1086 1560 1196 1596 βεϐαίας
1233 1562 1306 1597 ἡμεῖς
1344 1562 1388 1591 τὰς
1420 1563 1520 1591 πίστεις
1559 1567 1604 1586 καί
1635 1560 1759 1596 ἀσφαλεῖς
1794 1563 1892 1597 Elafium

1085 1606 1128 1635 τὰς
1161 1604 1280 1636 ἐλπίδας.
1323 1608 1382 1640 Καὶ,
1418 1605 1449 1631 ἶν’
1478 1606 1540 1641 ἡμῖν
1571 1606 1584 1631 ὀ
1609 1605 1692 1641 λόγος,
1730 1607 1820 1643 ὥσπερ
1856 1606 1893 1636 εἰς

1085 1649 1172 1686 ἀρχὴν
1193 1649 1312 1682 ἀνελθὼν,
1337 1650 1430 1676 ἐκεῖθεν
1461 1650 1520 1676 καθ’
1551 1648 1613 1676 ὀδόν
1640 1651 1739 1687 προίοι,
1770 1650 1891 1679 ἐπλάσθη

1085 1695 1130 1729 μὲν
1161 1695 1296 1731 ἄνθρωπος
1320 1697 1392 1731 χειρὶ
1413 1698 1491 1726 Θεοῦ,
1515 1697 1560 1720 καὶ
1588 1696 1702 1730 μετέσχε
1731 1695 1801 1725 θείας
1828 1695 1895 1721 εἰχο-

1084 1748 1124 1768 νος
1160 1740 1209 1773 (3),

1085 1782 1218 1820 ὁρωμένων
1235 1794 1241 1800 ·
1263 1782 1318 1819 εἶχε
1336 1782 1360 1810 δ’
1381 1783 1411 1808 ἆν
1442 1786 1486 1809 καὶ
1509 1783 1583 1810 πλέον
1618 1782 1792 1819 ἀπειληφέναι
1815 1789 1894 1819 τιμῆς

1085 1829 1129 1853 καὶ
1151 1825 1241 1860 δόξης,
1255 1830 1322 1864 πρὸς
1336 1829 1348 1853 ὁ
1366 1830 1410 1854 καὶ
1433 1827 1528 1864 μᾶλλον
1547 1828 1559 1853 ὁ
1584 1831 1630 1858 τῆς
1655 1827 1712 1853 κατ’
1738 1828 1816 1854 αὐτὸν
1840 1827 1891 1857 δη-

1240 1742 1284 1765 καὶ
1319 1740 1400 1774 τούτῳ
1431 1738 1509 1775 πλείῳ
1542 1741 1680 1775 τετίμηται
1709 1740 1815 1765 πάντων
1845 1745 1895 1765 τῶν

1084 1875 1223 1908 μιουργίας
1257 1873 1327 1910 ἔφερε
1364 1872 1448 1907 λόγος,
1490 1874 1535 1898 καὶ
1560 1871 1682 1898 ἁπελαϐεν
1710 1871 1753 1905 ἂν,
1786 1872 1819 1904 εἰ,
1845 1876 1890 1902 τὴν

1085 1917 1170 1942 εἰκόνα
1211 1920 1371 1954 περισώσας,
1412 1918 1475 1952 μετὰ
1513 1921 1560 1946 τῆς
1595 1915 1699 1948 ἐντολῆς
1737 1916 1888 1953 ἐφυλάχθη.

1084 1963 1155 1987 Ἐπεὶ
1168 1959 1195 1987 δ’
1218 1961 1259 1997 ὑφ’
1284 1959 1380 1991 ἡδονῆς
1405 1960 1513 1995 ἐκλείπῃ,
1543 1963 1599 1989 καὶ.
1628 1965 1678 1986 τῶν
1706 1962 1889 1997 προσταχθὲν-

1085 2014 1134 2030 των
1155 2005 1329 2043 ὀλιγωρὼσας,
1361 2004 1523 2031 ἐνεπίστευσε
1550 2008 1606 2035 τοῖς
1633 2003 1765 2035 ἀπατῶσι,
1798 2008 1888 2032 πίπτει

1085 2051 1129 2084 μὲν
1150 2050 1223 2079 εὐθὺς
1249 2049 1342 2075 ἐκεῖθεν
1368 2050 1419 2078 ὅπη
1446 2051 1490 2075 καὶ
1519 2053 1616 2086 τρυφῆς
1648 2050 1687 2083 (4)
1712 2050 1814 2086 ἐτρίχθη
1844 2052 1888 2075 καὶ

1084 2093 1182 2120 πολλῶν
1200 2097 1245 2120 καὶ
1275 2094 1391 2130 μεγάλων
1416 2094 1519 2130 ἀγαθῶν
1537 2097 1675 2130 μετουσίας
1707 2114 1713 2119 .
1746 2093 1887 2121 ἀποπίπτει

1086 2136 1189 2175 δ’ὁμοῡ
1215 2141 1260 2165 καὶ
1290 2139 1321 2169 ἧς
1349 2138 1424 2170 ἀξίας
1451 2138 1550 2174 ἔμελλεν
1566 2138 1698 2174 ἀμείνονος
1719 2140 1886 2175 πειραθῆναι,

1086 2251 1315 2287 epigrammata,
1333 2251 1368 2282 εἰς
1382 2254 1430 2281 τὴν
1445 2254 1570 2288 κοίμησιν
1581 2257 1628 2284 τῆς
1645 2255 1788 2281 Θεοτόχου,
1803 2268 1838 2273 --
1850 2253 1884 2288 α’.

1086 2291 1138 2323 Ζῇς
1162 2289 1206 2312 καὶ
1233 2289 1347 2324 θανοῦσα
1364 2297 1369 2302 ·
1397 2288 1470 2318 ζῶσα
1489 2287 1594 2318 ντίχτεις
1623 2289 1759 2324 παρθένος.
1786 2303 1819 2308 —

1087 2327 1144 2353 Σαῖς
1162 2322 1306 2361 ᾐγχαλίζου
1335 2325 1396 2360 πρίν
1422 2333 1456 2361 με
1479 2326 1569 2361 χερσὶ,
1594 2322 1714 2360 παρθένε,
1733 2324 1824 2354 Θηλῆς

1088 2363 1134 2389 σῆς
1154 2359 1258 2395 ἔσπασα
1271 2361 1396 2395 μητρικὸν
1414 2359 1490 2394 γάλα,
1513 2359 1554 2385 ἺΤὸ
1572 2359 1672 2395 πνεῦμά
1692 2369 1740 2385 σου
1767 2364 1811 2385 νῦν
1840 2360 1884 2385 αντ

1086 2396 1127 2424 τὸς
1165 2394 1361 2430 ἠγκαλισμὲνος,
1398 2397 1433 2420 Τὸ
1478 2399 1555 2433 σῷμα
1578 2394 1671 2431 πέμπω
1698 2397 1762 2433 πρὸς
1791 2399 1884 2431 τρυφῆς

1086 2431 1239 2466 τὸνχωρίον.
1256 2445 1286 2449 ——-
1299 2431 1336 2464 γ’.
1354 2433 1403 2459 Γῆν
1418 2432 1446 2456 ἐκ
1464 2430 1544 2456 πόλου
1560 2430 1615 2466 μοιβ
1639 2435 1691 2466 γῆς
1776 2430 1818 2457 σοι
1843 2433 1884 2456 τὸν

1086 2457 1162 2492 πολῖν
1173 2457 1245 2492 ’ἰδοὺ
1256 2457 1355 2502 risit“:
1372 2457 1453 2501 μῆτερ
1464 2458 1584 2502 παρθένια.

1122 2501 1160 2535 (1)
1173 2503 1310 2528 Poterunt
1319 2501 1483 2530 admovsri.
1498 2501 1520 2529 si
1535 2502 1604 2529 tanti
1617 2504 1670 2535 est,
1684 2502 1811 2530 Joannis
1825 2502 1873 2529 Dia

1087 2537 1152 2564 coni
1166 2537 1278 2564 similes
1289 2537 1463 2572 hyperbole:
1472 2545 1508 2565 ex
1520 2537 1600 2565 initio
1609 2538 1792 2566 laudationis
1801 2538 1883 2565 Joan»

1087 2573 1132 2600 nis
1152 2572 1306 2607 Palaeologi
1321 2572 1408 2606 (Vide
1421 2576 1492 2601 tom.
1508 2573 1637 2607 CLVIII).

1121 2608 1160 2643 ('2)
1175 2609 1277 2635 Genes.
1308 2617 1345 2641 iu,
1376 2611 1383 2635 l
1418 2618 1424 2636 :
1444 2608 1475 2638 ἦν
1498 2612 1572 2635 πᾶσα
1596 2610 1603 2637 i

1087 2646 1155 2679 φωνὴ
1168 2646 1217 2679 μία
1228 2647 1304 2672 πᾶσι.

1122 2681 1160 2714 (3)
1174 2682 1276 2716 lienes.
1302 2687 1330 2714 ll,
1357 2683 1373 2706 7
1406 2689 1411 2713 ;
1441 2680 1549 2706 ἔπλασεν
1580 2681 1594 2706 ὁ
1628 2682 1695 2711 Θεὸς
1728 2682 1771 2706 τὸν
1790 2681 1882 2716 ἄνθρω-

1086 2725 1144 2741 πον.
1164 2715 1233 2742 Vide
1248 2718 1276 2742 et
1293 2723 1311 2749 ι⁷
1326 2716 1370 2742 27.

1122 2751 1158 2784 (4)
1169 2752 1200 2778 In
1215 2750 1313 2778 Bibliis
1321 2758 1382 2779 non
1396 2751 1488 2779 semel
1498 2751 1657 2787 paradisus
1665 2752 1773 2780 dicitur
1781 2752 1795 2777 ὀ
1804 2751 1881 2788 παρά-

1087 2784 1175 2818 δεισος
1189 2790 1233 2816 τῆς
1242 2789 1325 2823 τρυφῆ
1331 2796 1351 2817 ς.

1418 2618 1424 2636 :
1444 2607 1475 2638 ἦν
1498 2612 1572 2635 πᾶσα
1596 2610 1608 2638 ἡ
1639 2613 1672 2644 γῆ
1700 2609 1790 2644 χεῖλος
1804 2608 1828 2634 ἓν
1842 2610 1883 2633 καὶ
