  <div class='ocr_page' id='page_1' title='image "/cluster/home/n/w/nwhite01/storage/ocr_20150623/140/njp.32101010942850/824.png"; bbox 0 0 1959 3074; ppageno 0'>
   <div class='ocr_carea' id='block_1_1' title="bbox 97 105 165 133">
    <p class='ocr_par' dir='ltr' id='par_1_1' title="bbox 97 105 165 133">
     <span class='ocr_line' id='line_1_1' title="bbox 97 105 165 133; baseline 0.029 -2"><span class='ocrx_word' id='word_1_1' title='bbox 97 105 165 133; x_wconf 79' lang='grc'><strong>1501</strong></span> 
     </span>
    </p>
   </div>
   <div class='ocr_carea' id='block_1_2' title="bbox 630 106 1261 139">
    <p class='ocr_par' dir='ltr' id='par_1_2' title="bbox 630 106 1261 139">
     <span class='ocr_line' id='line_1_2' title="bbox 630 106 1261 139; baseline -0.002 -1"><span class='ocrx_word' id='word_1_2' title='bbox 630 110 676 139; x_wconf 80' lang='lat' dir='ltr'><strong>DE</strong></span> <span class='ocrx_word' id='word_1_3' title='bbox 695 110 803 139; x_wconf 59' lang='grc' dir='ltr'><strong>ΞΡΕὸΤο</strong></span> <span class='ocrx_word' id='word_1_4' title='bbox 824 106 1049 136; x_wconf 77' lang='lat' dir='ltr'><strong>DORMITIONIS</strong></span> <span class='ocrx_word' id='word_1_5' title='bbox 1079 108 1108 135; x_wconf 91' lang='lat' dir='ltr'><strong>S.</strong></span> <span class='ocrx_word' id='word_1_6' title='bbox 1130 109 1261 137; x_wconf 72' lang='lat' dir='ltr'><strong>MARIE.</strong></span> 
     </span>
    </p>
   </div>
   <div class='ocr_carea' id='block_1_3' title="bbox 1713 110 1781 136">
    <p class='ocr_par' dir='ltr' id='par_1_3' title="bbox 1713 110 1781 136">
     <span class='ocr_line' id='line_1_3' title="bbox 1713 110 1781 136; baseline 0 0"><span class='ocrx_word' id='word_1_7' title='bbox 1713 110 1781 136; x_wconf 71' lang='lat' dir='ltr'><strong>I502</strong></span> 
     </span>
    </p>
   </div>
   <div class='ocr_carea' id='block_1_4' title="bbox 95 168 887 209">
    <p class='ocr_par' dir='ltr' id='par_1_4' title="bbox 95 168 886 209">
     <span class='ocr_line' id='line_1_4' title="bbox 95 168 886 209; baseline 0.01 -17"><span class='ocrx_word' id='word_1_8' title='bbox 95 168 141 192; x_wconf 81' lang='grc' dir='ltr'>καὶ</span> <span class='ocrx_word' id='word_1_9' title='bbox 159 169 261 204; x_wconf 74' lang='grc' dir='ltr'>στρέφει</span> <span class='ocrx_word' id='word_1_10' title='bbox 302 168 378 194; x_wconf 82' lang='grc' dir='ltr'>πάλιν</span> <span class='ocrx_word' id='word_1_11' title='bbox 412 170 444 200; x_wconf 78' lang='grc' dir='ltr'><strong>εἰς</strong></span> <span class='ocrx_word' id='word_1_12' title='bbox 472 175 521 206; x_wconf 83' lang='grc' dir='ltr'>γῆν</span> <span class='ocrx_word' id='word_1_13' title='bbox 547 173 693 209; x_wconf 77' lang='grc' dir='ltr'>συντριϐεὶς</span> <span class='ocrx_word' id='word_1_14' title='bbox 716 177 747 209; x_wconf 76' lang='grc' dir='ltr'><strong>τῇ</strong></span> <span class='ocrx_word' id='word_1_15' title='bbox 770 172 886 208; x_wconf 76' lang='grc' dir='ltr'><strong>ἁμαρτίᾳ</strong></span> 
     </span>
    </p>
   </div>
   <div class='ocr_carea' id='block_1_5' title="bbox 971 168 1781 209">
    <p class='ocr_par' dir='ltr' id='par_1_5' title="bbox 971 170 1781 206">
     <span class='ocr_line' id='line_1_5' title="bbox 971 170 1781 206; baseline 0.002 -9"><span class='ocrx_word' id='word_1_16' title='bbox 971 172 1076 205; x_wconf 69' lang='lat' dir='ltr'><strong>ropter</strong></span> <span class='ocrx_word' id='word_1_17' title='bbox 1087 170 1171 206; x_wconf 87' lang='lat' dir='ltr'><strong>quod</strong></span> <span class='ocrx_word' id='word_1_18' title='bbox 1186 170 1298 198; x_wconf 79' lang='lat' dir='ltr'><strong>meliori</strong></span> <span class='ocrx_word' id='word_1_19' title='bbox 1313 170 1391 198; x_wconf 90' lang='lat' dir='ltr'><strong>bono</strong></span> <span class='ocrx_word' id='word_1_20' title='bbox 1402 170 1489 206; x_wconf 86' lang='lat' dir='ltr'><strong>potiri</strong></span> <span class='ocrx_word' id='word_1_21' title='bbox 1501 170 1530 197; x_wconf 94' lang='lat' dir='ltr'><strong>in</strong></span> <span class='ocrx_word' id='word_1_22' title='bbox 1547 170 1719 206; x_wconf 85' lang='lat' dir='ltr'><strong>proximum</strong></span> <span class='ocrx_word' id='word_1_23' title='bbox 1728 171 1781 199; x_wconf 87' lang='lat' dir='ltr'><strong>ha-</strong></span> 
     </span>
    </p>
   </div>
   <div class='ocr_carea' id='block_1_6' title="bbox 95 210 896 254">
    <p class='ocr_par' dir='ltr' id='par_1_6' title="bbox 95 210 896 254">
     <span class='ocr_line' id='line_1_6' title="bbox 95 210 896 254; baseline 0.009 -18"><span class='ocrx_word' id='word_1_24' title='bbox 95 211 159 246; x_wconf 74' lang='grc' dir='ltr'>μήθ’</span> <span class='ocrx_word' id='word_1_25' title='bbox 186 212 246 249; x_wconf 83' lang='grc' dir='ltr'>ὅπερ</span> <span class='ocrx_word' id='word_1_26' title='bbox 275 210 304 241; x_wconf 81' lang='grc' dir='ltr'><strong>ἧν</strong></span> <span class='ocrx_word' id='word_1_27' title='bbox 340 212 463 248; x_wconf 74' lang='grc' dir='ltr'>φυλάξας,</span> <span class='ocrx_word' id='word_1_28' title='bbox 494 217 560 251; x_wconf 75' lang='grc' dir='ltr'>μήτε</span> <span class='ocrx_word' id='word_1_29' title='bbox 585 219 718 253; x_wconf 83' lang='grc' dir='ltr'>γενόμενος</span> <span class='ocrx_word' id='word_1_30' title='bbox 740 219 804 254; x_wconf 83' lang='grc' dir='ltr'>πρὸς</span> <span class='ocrx_word' id='word_1_31' title='bbox 830 216 842 242; x_wconf 80' lang='grc' dir='ltr'><strong>ὃ</strong></span> <span class='ocrx_word' id='word_1_32' title='bbox 863 214 896 245; x_wconf 71' lang='grc' dir='ltr'><strong>δὴ</strong></span> 
     </span>
    </p>
   </div>
   <div class='ocr_carea' id='block_1_7' title="bbox 94 257 898 299">
    <p class='ocr_par' dir='ltr' id='par_1_7' title="bbox 94 257 898 299">
     <span class='ocr_line' id='line_1_7' title="bbox 94 257 898 299; baseline 0.009 -19"><span class='ocrx_word' id='word_1_33' title='bbox 94 259 212 290; x_wconf 80' lang='grc' dir='ltr'>κρεῖττον</span> <span class='ocrx_word' id='word_1_34' title='bbox 253 259 297 283; x_wconf 79' lang='grc' dir='ltr'><strong>καὶ</strong></span> <span class='ocrx_word' id='word_1_35' title='bbox 342 257 499 297; x_wconf 71' lang='grc' dir='ltr'><strong>ὑψηλότερον</strong></span> <span class='ocrx_word' id='word_1_36' title='bbox 544 259 798 299; x_wconf 68' lang='grc' dir='ltr'>παιδαγωγούμενος</span> <span class='ocrx_word' id='word_1_37' title='bbox 839 261 898 287; x_wconf 76' lang='grc' dir='ltr'><strong>ἐκα-</strong></span> 
     </span>
    </p>
   </div>
   <div class='ocr_carea' id='block_1_8' title="bbox 94 299 176 328">
    <p class='ocr_par' dir='ltr' id='par_1_8' title="bbox 94 299 176 328">
     <span class='ocr_line' id='line_1_8' title="bbox 94 299 176 328; baseline 0.024 -4"><span class='ocrx_word' id='word_1_38' title='bbox 94 299 165 326; x_wconf 75' lang='grc' dir='ltr'>λεῖτο</span> <span class='ocrx_word' id='word_1_39' title='bbox 170 322 176 328; x_wconf 93' lang='grc'><strong><em>.</em></strong></span> 
     </span>
    </p>
   </div>
   <div class='ocr_carea' id='block_1_9' title="bbox 131 390 898 428">
    <p class='ocr_par' dir='ltr' id='par_1_9' title="bbox 131 390 898 428">
     <span class='ocr_line' id='line_1_9' title="bbox 131 390 898 428; baseline 0.01 -13"><span class='ocrx_word' id='word_1_40' title='bbox 131 391 184 416; x_wconf 80' lang='grc' dir='ltr'><strong>Καὶ</strong></span> <span class='ocrx_word' id='word_1_41' title='bbox 209 390 222 416; x_wconf 90' lang='grc' dir='ltr'>ὁ</span> <span class='ocrx_word' id='word_1_42' title='bbox 261 392 306 426; x_wconf 71' lang='grc' dir='ltr'>μὲν</span> <span class='ocrx_word' id='word_1_43' title='bbox 340 391 422 424; x_wconf 81' lang='grc' dir='ltr'>οὕτως</span> <span class='ocrx_word' id='word_1_44' title='bbox 457 394 561 428; x_wconf 81' lang='grc' dir='ltr'>ὤλισθε,</span> <span class='ocrx_word' id='word_1_45' title='bbox 603 399 670 422; x_wconf 82' lang='grc' dir='ltr'>Θεοῦ</span> <span class='ocrx_word' id='word_1_46' title='bbox 691 399 736 422; x_wconf 80' lang='grc' dir='ltr'>καὶ</span> <span class='ocrx_word' id='word_1_47' title='bbox 759 399 808 427; x_wconf 80' lang='grc' dir='ltr'><strong>τῆς</strong></span> <span class='ocrx_word' id='word_1_48' title='bbox 828 397 898 427; x_wconf 75' lang='grc' dir='ltr'>θείας</span> 
     </span>
    </p>
   </div>
   <div class='ocr_carea' id='block_1_10' title="bbox 93 433 897 477">
    <p class='ocr_par' dir='ltr' id='par_1_10' title="bbox 93 433 897 477">
     <span class='ocr_line' id='line_1_10' title="bbox 93 433 897 477; baseline 0.009 -18"><span class='ocrx_word' id='word_1_49' title='bbox 93 433 232 460; x_wconf 73' lang='grc' dir='ltr'><strong>ἀποπεσὼν</strong></span> <span class='ocrx_word' id='word_1_50' title='bbox 251 438 345 473; x_wconf 79' lang='grc' dir='ltr'><strong>μοίρας</strong></span> <span class='ocrx_word' id='word_1_51' title='bbox 359 447 365 454; x_wconf 87' lang='grc'><strong>·</strong></span> <span class='ocrx_word' id='word_1_52' title='bbox 383 437 395 463; x_wconf 88' lang='grc' dir='ltr'><strong><em>ὁ</em></strong></span> <span class='ocrx_word' id='word_1_53' title='bbox 423 436 449 464; x_wconf 81' lang='grc' dir='ltr'><strong>δ’</strong></span> <span class='ocrx_word' id='word_1_54' title='bbox 471 437 547 471; x_wconf 82' lang='grc' dir='ltr'>αὖθις</span> <span class='ocrx_word' id='word_1_55' title='bbox 570 439 690 476; x_wconf 79' lang='grc' dir='ltr'>βούλεται</span> <span class='ocrx_word' id='word_1_56' title='bbox 716 443 779 477; x_wconf 77' lang='grc' dir='ltr'>πρὸς</span> <span class='ocrx_word' id='word_1_57' title='bbox 806 441 897 467; x_wconf 82' lang='grc' dir='ltr'>ἑαυτὸν</span> 
     </span>
    </p>
   </div>
   <div class='ocr_carea' id='block_1_11' title="bbox 91 479 897 523">
    <p class='ocr_par' dir='ltr' id='par_1_11' title="bbox 91 479 897 523">
     <span class='ocr_line' id='line_1_11' title="bbox 91 479 897 523; baseline 0.01 -19"><span class='ocrx_word' id='word_1_58' title='bbox 91 479 211 507; x_wconf 71' lang='grc' dir='ltr'>ἑλκύσαι.</span> <span class='ocrx_word' id='word_1_59' title='bbox 237 481 358 507; x_wconf 83' lang='grc' dir='ltr'>Βούλεται</span> <span class='ocrx_word' id='word_1_60' title='bbox 385 486 472 518; x_wconf 75' lang='grc' dir='ltr'>τοῦτο,</span> <span class='ocrx_word' id='word_1_61' title='bbox 494 487 537 510; x_wconf 73' lang='grc' dir='ltr'><strong>καὶ</strong></span> <span class='ocrx_word' id='word_1_62' title='bbox 567 489 659 512; x_wconf 81' lang='grc' dir='ltr'>σκοπεῖ</span> <span class='ocrx_word' id='word_1_63' title='bbox 683 490 728 516; x_wconf 88' lang='grc' dir='ltr'>τῆς</span> <span class='ocrx_word' id='word_1_64' title='bbox 754 486 897 523; x_wconf 77' lang='grc' dir='ltr'>φιλανθρω-</span> 
     </span>
    </p>
   </div>
   <div class='ocr_carea' id='block_1_12' title="bbox 90 525 896 567">
    <p class='ocr_par' dir='ltr' id='par_1_12' title="bbox 90 525 896 567">
     <span class='ocr_line' id='line_1_12' title="bbox 90 525 896 567; baseline 0.01 -18"><span class='ocrx_word' id='word_1_65' title='bbox 90 525 156 555; x_wconf 84' lang='grc' dir='ltr'>πίας</span> <span class='ocrx_word' id='word_1_66' title='bbox 184 526 214 550; x_wconf 82' lang='grc' dir='ltr'><strong>τό</strong></span> <span class='ocrx_word' id='word_1_67' title='bbox 242 527 359 561; x_wconf 82' lang='grc' dir='ltr'>μέγεθος.</span> <span class='ocrx_word' id='word_1_68' title='bbox 387 526 493 554; x_wconf 81' lang='grc' dir='ltr'><strong>Ἑαυτὸν</strong></span> <span class='ocrx_word' id='word_1_69' title='bbox 522 529 577 555; x_wconf 79' lang='grc' dir='ltr'>ὅλον</span> <span class='ocrx_word' id='word_1_70' title='bbox 607 531 642 562; x_wconf 81' lang='grc' dir='ltr'><strong>εἰς</strong></span> <span class='ocrx_word' id='word_1_71' title='bbox 671 531 742 567; x_wconf 71' lang='grc' dir='ltr'>ἡμᾶς</span> <span class='ocrx_word' id='word_1_72' title='bbox 762 531 809 556; x_wconf 62' lang='grc' dir='ltr'><strong>οὐκ</strong></span> <span class='ocrx_word' id='word_1_73' title='bbox 831 530 896 556; x_wconf 84' lang='grc' dir='ltr'>ἀπα-</span> 
     </span>
    </p>
   </div>
   <div class='ocr_carea' id='block_1_13' title="bbox 91 567 895 610">
    <p class='ocr_par' dir='ltr' id='par_1_13' title="bbox 91 567 895 610">
     <span class='ocr_line' id='line_1_13' title="bbox 91 567 895 610; baseline 0.01 -17"><span class='ocrx_word' id='word_1_74' title='bbox 91 567 144 599; x_wconf 84' lang='grc' dir='ltr'><strong>ξιοῖ</strong></span> <span class='ocrx_word' id='word_1_75' title='bbox 163 573 276 595; x_wconf 76' lang='grc' dir='ltr'>κενῶσαι</span> <span class='ocrx_word' id='word_1_76' title='bbox 299 570 349 606; x_wconf 80' lang='grc'>(1),</span> <span class='ocrx_word' id='word_1_77' title='bbox 372 574 417 597; x_wconf 79' lang='grc' dir='ltr'>καί</span> <span class='ocrx_word' id='word_1_78' title='bbox 443 582 472 609; x_wconf 78' lang='grc' dir='ltr'><strong>γε</strong></span> <span class='ocrx_word' id='word_1_79' title='bbox 496 573 634 610; x_wconf 81' lang='grc' dir='ltr'><strong>βαστάσαι</strong></span> <span class='ocrx_word' id='word_1_80' title='bbox 660 578 829 606; x_wconf 72' lang='grc' dir='ltr'><strong>πεπτωκότας</strong></span> <span class='ocrx_word' id='word_1_81' title='bbox 851 579 895 601; x_wconf 77' lang='grc' dir='ltr'><strong>καὶ</strong></span> 
     </span>
    </p>
   </div>
   <div class='ocr_carea' id='block_1_14' title="bbox 91 613 895 656">
    <p class='ocr_par' dir='ltr' id='par_1_14' title="bbox 91 613 895 656">
     <span class='ocr_line' id='line_1_14' title="bbox 91 613 895 656; baseline 0.01 -18"><span class='ocrx_word' id='word_1_82' title='bbox 91 613 250 649; x_wconf 78' lang='grc' dir='ltr'>προσ)αϐεῖν</span> <span class='ocrx_word' id='word_1_83' title='bbox 284 617 423 652; x_wconf 74' lang='grc' dir='ltr'><strong>κειμένους,</strong></span> <span class='ocrx_word' id='word_1_84' title='bbox 461 617 509 644; x_wconf 78' lang='grc' dir='ltr'><strong>οὐχ</strong></span> <span class='ocrx_word' id='word_1_85' title='bbox 548 619 584 650; x_wconf 78' lang='grc' dir='ltr'><strong>εἰς</strong></span> <span class='ocrx_word' id='word_1_86' title='bbox 622 620 682 656; x_wconf 82' lang='grc' dir='ltr'>ὅπερ</span> <span class='ocrx_word' id='word_1_87' title='bbox 709 619 772 656; x_wconf 79' lang='grc' dir='ltr'>ἦμεν</span> <span class='ocrx_word' id='word_1_88' title='bbox 808 622 895 656; x_wconf 79' lang='grc' dir='ltr'>μόνον,</span> 
     </span>
    </p>
   </div>
   <div class='ocr_carea' id='block_1_15' title="bbox 91 657 896 700">
    <p class='ocr_par' dir='ltr' id='par_1_15' title="bbox 91 657 896 700">
     <span class='ocr_line' id='line_1_15' title="bbox 91 657 896 700; baseline 0.011 -18"><span class='ocrx_word' id='word_1_89' title='bbox 91 657 159 684; x_wconf 79' lang='grc' dir='ltr'>ἀλλὰ</span> <span class='ocrx_word' id='word_1_90' title='bbox 194 661 239 685; x_wconf 77' lang='grc' dir='ltr'><strong>καὶ</strong></span> <span class='ocrx_word' id='word_1_91' title='bbox 271 661 337 696; x_wconf 89' lang='grc' dir='ltr'>πρὸς</span> <span class='ocrx_word' id='word_1_92' title='bbox 369 661 382 686; x_wconf 88' lang='grc' dir='ltr'><strong>ὃ</strong></span> <span class='ocrx_word' id='word_1_93' title='bbox 405 664 544 700; x_wconf 75' lang='grc' dir='ltr'><strong>παρήγαγε</strong></span> <span class='ocrx_word' id='word_1_94' title='bbox 566 664 667 695; x_wconf 79' lang='grc' dir='ltr'><strong>πλάσας</strong></span> <span class='ocrx_word' id='word_1_95' title='bbox 693 665 770 696; x_wconf 77' lang='grc' dir='ltr'>αὖθις</span> <span class='ocrx_word' id='word_1_96' title='bbox 794 664 896 691; x_wconf 82' lang='grc' dir='ltr'>ἀνασώ-</span> 
     </span>
    </p>
   </div>
   <div class='ocr_carea' id='block_1_16' title="bbox 91 701 896 745">
    <p class='ocr_par' dir='ltr' id='par_1_16' title="bbox 91 701 896 745">
     <span class='ocr_line' id='line_1_16' title="bbox 91 701 896 745; baseline 0.01 -17"><span class='ocrx_word' id='word_1_97' title='bbox 91 701 155 735; x_wconf 79' lang='grc' dir='ltr'>ζων,</span> <span class='ocrx_word' id='word_1_98' title='bbox 196 705 290 739; x_wconf 72' lang='grc' dir='ltr'>μηκέτι</span> <span class='ocrx_word' id='word_1_99' title='bbox 324 707 390 741; x_wconf 85' lang='grc' dir='ltr'>μήτε</span> <span class='ocrx_word' id='word_1_100' title='bbox 433 709 505 744; x_wconf 83' lang='grc' dir='ltr'>παρὰ</span> <span class='ocrx_word' id='word_1_101' title='bbox 539 712 585 734; x_wconf 82' lang='grc' dir='ltr'>τοῦ</span> <span class='ocrx_word' id='word_1_102' title='bbox 618 710 771 745; x_wconf 68' lang='grc' dir='ltr'>φθονοῦντος</span> <span class='ocrx_word' id='word_1_103' title='bbox 793 709 896 736; x_wconf 66' lang='grc' dir='ltr'>ἐπιϐου-</span> 
     </span>
    </p>
   </div>
   <div class='ocr_carea' id='block_1_17' title="bbox 89 746 894 790">
    <p class='ocr_par' dir='ltr' id='par_1_17' title="bbox 89 746 894 790">
     <span class='ocr_line' id='line_1_17' title="bbox 89 746 894 790; baseline 0.01 -18"><span class='ocrx_word' id='word_1_104' title='bbox 89 746 253 783; x_wconf 80' lang='grc' dir='ltr'>λευομένους,</span> <span class='ocrx_word' id='word_1_105' title='bbox 289 751 356 784; x_wconf 81' lang='grc' dir='ltr'>μήτε</span> <span class='ocrx_word' id='word_1_106' title='bbox 392 753 544 784; x_wconf 78' lang='grc' dir='ltr'><strong>πίπτοντας,</strong></span> <span class='ocrx_word' id='word_1_107' title='bbox 572 754 635 789; x_wconf 82' lang='grc' dir='ltr'>μήτ’</span> <span class='ocrx_word' id='word_1_108' title='bbox 664 752 739 785; x_wconf 81' lang='grc' dir='ltr'>αὖθις</span> <span class='ocrx_word' id='word_1_109' title='bbox 768 753 894 790; x_wconf 76' lang='grc' dir='ltr'>ἀχρειου-</span> 
     </span>
    </p>
   </div>
   <div class='ocr_carea' id='block_1_18' title="bbox 87 793 192 827">
    <p class='ocr_par' dir='ltr' id='par_1_18' title="bbox 87 793 192 827">
     <span class='ocr_line' id='line_1_18' title="bbox 87 793 192 827; baseline 0.029 -10"><span class='ocrx_word' id='word_1_110' title='bbox 87 793 192 827; x_wconf 73' lang='grc' dir='ltr'>μένους.</span> 
     </span>
    </p>
   </div>
   <div class='ocr_carea' id='block_1_19' title="bbox 952 213 1778 243">
    <p class='ocr_par' dir='ltr' id='par_1_19' title="bbox 952 213 1778 243">
     <span class='ocr_line' id='line_1_19' title="bbox 952 213 1778 243; baseline 0.001 -2"><span class='ocrx_word' id='word_1_111' title='bbox 952 213 1044 241; x_wconf 83' lang='lat' dir='ltr'><strong>bebat</strong></span> <span class='ocrx_word' id='word_1_112' title='bbox 1060 223 1066 242; x_wconf 89' lang='lat'><strong>:</strong></span> <span class='ocrx_word' id='word_1_113' title='bbox 1083 217 1110 242; x_wconf 89' lang='lat' dir='ltr'><strong>et</strong></span> <span class='ocrx_word' id='word_1_114' title='bbox 1128 222 1246 242; x_wconf 83' lang='lat' dir='ltr'><strong>rursum</strong></span> <span class='ocrx_word' id='word_1_115' title='bbox 1257 215 1287 243; x_wconf 90' lang='lat' dir='ltr'><strong>in</strong></span> <span class='ocrx_word' id='word_1_116' title='bbox 1295 218 1403 242; x_wconf 77' lang='lat' dir='ltr'><strong>terram</strong></span> <span class='ocrx_word' id='word_1_117' title='bbox 1417 221 1581 241; x_wconf 82' lang='lat' dir='ltr'><strong>conversus</strong></span> <span class='ocrx_word' id='word_1_118' title='bbox 1598 216 1643 242; x_wconf 88' lang='lat' dir='ltr'><strong>est</strong></span> <span class='ocrx_word' id='word_1_119' title='bbox 1661 215 1778 242; x_wconf 88' lang='lat' dir='ltr'><strong>attritus</strong></span> 
     </span>
    </p>
   </div>
   <div class='ocr_carea' id='block_1_20' title="bbox 952 258 1779 296">
    <p class='ocr_par' dir='ltr' id='par_1_20' title="bbox 952 258 1779 296">
     <span class='ocr_line' id='line_1_20' title="bbox 952 258 1779 296; baseline 0.002 -11"><span class='ocrx_word' id='word_1_120' title='bbox 952 261 1076 293; x_wconf 85' lang='lat' dir='ltr'><strong>peccato</strong></span> <span class='ocrx_word' id='word_1_121' title='bbox 1089 268 1095 292; x_wconf 89' lang='lat'>;</span> <span class='ocrx_word' id='word_1_122' title='bbox 1108 267 1205 296; x_wconf 86' lang='lat' dir='ltr'><strong>neque</strong></span> <span class='ocrx_word' id='word_1_123' title='bbox 1240 259 1321 295; x_wconf 86' lang='lat' dir='ltr'><strong>quod</strong></span> <span class='ocrx_word' id='word_1_124' title='bbox 1340 261 1403 286; x_wconf 89' lang='lat' dir='ltr'><strong>erat</strong></span> <span class='ocrx_word' id='word_1_125' title='bbox 1420 258 1592 286; x_wconf 87' lang='lat' dir='ltr'><strong>custodiens</strong></span> <span class='ocrx_word' id='word_1_126' title='bbox 1619 266 1719 295; x_wconf 88' lang='lat' dir='ltr'><strong>neque</strong></span> <span class='ocrx_word' id='word_1_127' title='bbox 1739 260 1779 287; x_wconf 91' lang='lat' dir='ltr'><strong>ad</strong></span> 
     </span>
    </p>
   </div>
   <div class='ocr_carea' id='block_1_21' title="bbox 952 302 1779 340">
    <p class='ocr_par' dir='ltr' id='par_1_21' title="bbox 952 302 1779 340">
     <span class='ocr_line' id='line_1_21' title="bbox 952 302 1779 340; baseline 0.002 -10"><span class='ocrx_word' id='word_1_128' title='bbox 952 302 1009 330; x_wconf 91' lang='lat' dir='ltr'><strong>hoc</strong></span> <span class='ocrx_word' id='word_1_129' title='bbox 1022 303 1128 331; x_wconf 89' lang='lat' dir='ltr'><strong>melius</strong></span> <span class='ocrx_word' id='word_1_130' title='bbox 1146 306 1259 331; x_wconf 86' lang='lat' dir='ltr'><strong>erectus</strong></span> <span class='ocrx_word' id='word_1_131' title='bbox 1268 303 1307 331; x_wconf 87' lang='lat' dir='ltr'><strong>ad</strong></span> <span class='ocrx_word' id='word_1_132' title='bbox 1315 302 1398 340; x_wconf 90' lang='lat' dir='ltr'><strong>quod</strong></span> <span class='ocrx_word' id='word_1_133' title='bbox 1417 303 1618 331; x_wconf 70' lang='lat' dir='ltr'><strong>instruebatur</strong></span> <span class='ocrx_word' id='word_1_134' title='bbox 1644 305 1672 331; x_wconf 91' lang='lat' dir='ltr'><strong>et</strong></span> <span class='ocrx_word' id='word_1_135' title='bbox 1686 311 1779 332; x_wconf 83' lang='lat' dir='ltr'><strong>voca-</strong></span> 
     </span>
    </p>
   </div>
   <div class='ocr_carea' id='block_1_22' title="bbox 951 347 1050 375">
    <p class='ocr_par' dir='ltr' id='par_1_22' title="bbox 951 347 1050 375">
     <span class='ocr_line' id='line_1_22' title="bbox 951 347 1050 375; baseline 0 0"><span class='ocrx_word' id='word_1_136' title='bbox 951 347 1050 375; x_wconf 87' lang='lat' dir='ltr'><strong>batur.</strong></span> 
     </span>
    </p>
   </div>
   <div class='ocr_carea' id='block_1_23' title="bbox 988 392 1780 422">
    <p class='ocr_par' dir='ltr' id='par_1_23' title="bbox 988 392 1780 422">
     <span class='ocr_line' id='line_1_23' title="bbox 988 392 1780 422; baseline 0.001 -2"><span class='ocrx_word' id='word_1_137' title='bbox 988 392 1035 420; x_wconf 92' lang='lat' dir='ltr'><strong>Ille</strong></span> <span class='ocrx_word' id='word_1_138' title='bbox 1049 401 1120 420; x_wconf 88' lang='lat' dir='ltr'><strong>vero</strong></span> <span class='ocrx_word' id='word_1_139' title='bbox 1138 392 1180 421; x_wconf 89' lang='lat' dir='ltr'><strong>sic</strong></span> <span class='ocrx_word' id='word_1_140' title='bbox 1192 393 1330 421; x_wconf 82' lang='lat' dir='ltr'><strong>titubavit</strong></span> <span class='ocrx_word' id='word_1_141' title='bbox 1347 395 1380 420; x_wconf 91' lang='lat' dir='ltr'><strong>ut</strong></span> <span class='ocrx_word' id='word_1_142' title='bbox 1396 401 1414 420; x_wconf 86' lang='lat' dir='ltr'><strong>a</strong></span> <span class='ocrx_word' id='word_1_143' title='bbox 1434 394 1492 420; x_wconf 89' lang='lat' dir='ltr'><strong>Deo</strong></span> <span class='ocrx_word' id='word_1_144' title='bbox 1511 394 1539 421; x_wconf 86' lang='lat' dir='ltr'><strong>et</strong></span> <span class='ocrx_word' id='word_1_145' title='bbox 1556 400 1574 420; x_wconf 76' lang='grc' dir='ltr'><strong><em>δ.</em></strong></span> <span class='ocrx_word' id='word_1_146' title='bbox 1592 392 1694 421; x_wconf 84' lang='lat' dir='ltr'><strong>divina</strong></span> <span class='ocrx_word' id='word_1_147' title='bbox 1718 393 1780 422; x_wconf 87' lang='lat' dir='ltr'><strong>feli-</strong></span> 
     </span>
    </p>
   </div>
   <div class='ocr_carea' id='block_1_24' title="bbox 951 436 1779 472">
    <p class='ocr_par' dir='ltr' id='par_1_24' title="bbox 951 436 1779 472">
     <span class='ocr_line' id='line_1_24' title="bbox 951 436 1779 472; baseline 0.001 -8"><span class='ocrx_word' id='word_1_148' title='bbox 951 436 1037 464; x_wconf 83' lang='lat' dir='ltr'><strong>citate</strong></span> <span class='ocrx_word' id='word_1_149' title='bbox 1055 437 1199 465; x_wconf 80' lang='lat' dir='ltr'><strong>excideret</strong></span> <span class='ocrx_word' id='word_1_150' title='bbox 1218 447 1226 471; x_wconf 85' lang='lat'><strong>;</strong></span> <span class='ocrx_word' id='word_1_151' title='bbox 1242 437 1296 465; x_wconf 89' lang='lat' dir='ltr'><strong>sed</strong></span> <span class='ocrx_word' id='word_1_152' title='bbox 1311 438 1416 465; x_wconf 85' lang='lat' dir='ltr'><strong>iterum</strong></span> <span class='ocrx_word' id='word_1_153' title='bbox 1436 437 1473 464; x_wconf 88' lang='lat' dir='ltr'><strong>ad</strong></span> <span class='ocrx_word' id='word_1_154' title='bbox 1499 439 1591 465; x_wconf 89' lang='lat' dir='ltr'><strong>Deum</strong></span> <span class='ocrx_word' id='word_1_155' title='bbox 1622 445 1779 472; x_wconf 78' lang='lat' dir='ltr'><strong>assurgere</strong></span> 
     </span>
    </p>
   </div>
   <div class='ocr_carea' id='block_1_25' title="bbox 952 481 1779 511">
    <p class='ocr_par' dir='ltr' id='par_1_25' title="bbox 952 481 1779 511">
     <span class='ocr_line' id='line_1_25' title="bbox 952 481 1779 511; baseline 0.001 -2"><span class='ocrx_word' id='word_1_156' title='bbox 952 481 1058 509; x_wconf 82' lang='lat' dir='ltr'><strong>studet.</strong></span> <span class='ocrx_word' id='word_1_157' title='bbox 1080 482 1182 510; x_wconf 88' lang='lat' dir='ltr'><strong>Studet</strong></span> <span class='ocrx_word' id='word_1_158' title='bbox 1201 484 1300 510; x_wconf 88' lang='lat' dir='ltr'><strong>autem</strong></span> <span class='ocrx_word' id='word_1_159' title='bbox 1331 490 1399 509; x_wconf 88' lang='lat' dir='ltr'><strong>cum</strong></span> <span class='ocrx_word' id='word_1_160' title='bbox 1424 481 1565 510; x_wconf 84' lang='lat' dir='ltr'><strong>bonitatis</strong></span> <span class='ocrx_word' id='word_1_161' title='bbox 1591 482 1779 511; x_wconf 82' lang='lat' dir='ltr'><strong>altitudinem</strong></span> 
     </span>
    </p>
   </div>
   <div class='ocr_carea' id='block_1_26' title="bbox 951 526 1778 563">
    <p class='ocr_par' dir='ltr' id='par_1_26' title="bbox 951 526 1778 563">
     <span class='ocr_line' id='line_1_26' title="bbox 951 526 1778 563; baseline 0.004 -11"><span class='ocrx_word' id='word_1_162' title='bbox 951 526 1094 559; x_wconf 73' lang='lat' dir='ltr'><strong>recogitat</strong></span> <span class='ocrx_word' id='word_1_163' title='bbox 1103 527 1167 561; x_wconf 87' lang='lat' dir='ltr'><strong>ejus</strong></span> <span class='ocrx_word' id='word_1_164' title='bbox 1181 527 1232 563; x_wconf 90' lang='lat' dir='ltr'><strong>qui</strong></span> <span class='ocrx_word' id='word_1_165' title='bbox 1246 527 1377 562; x_wconf 90' lang='lat' dir='ltr'><strong>seipsum</strong></span> <span class='ocrx_word' id='word_1_166' title='bbox 1394 526 1517 553; x_wconf 88' lang='lat' dir='ltr'><strong>omnino</strong></span> <span class='ocrx_word' id='word_1_167' title='bbox 1534 534 1587 561; x_wconf 90' lang='lat' dir='ltr'><strong>pro</strong></span> <span class='ocrx_word' id='word_1_168' title='bbox 1616 526 1702 554; x_wconf 88' lang='lat' dir='ltr'><strong>nobis</strong></span> <span class='ocrx_word' id='word_1_169' title='bbox 1718 527 1778 555; x_wconf 79' lang='lat' dir='ltr'><strong>exi-</strong></span> 
     </span>
    </p>
   </div>
   <div class='ocr_carea' id='block_1_27' title="bbox 950 570 1779 607">
    <p class='ocr_par' dir='ltr' id='par_1_27' title="bbox 950 570 1779 607">
     <span class='ocr_line' id='line_1_27' title="bbox 950 570 1779 607; baseline 0.001 -9"><span class='ocrx_word' id='word_1_170' title='bbox 950 571 1086 603; x_wconf 85' lang='lat' dir='ltr'><strong>naniens,</strong></span> <span class='ocrx_word' id='word_1_171' title='bbox 1102 575 1131 599; x_wconf 87' lang='lat' dir='ltr'><strong>ut</strong></span> <span class='ocrx_word' id='word_1_172' title='bbox 1150 571 1307 599; x_wconf 82' lang='lat' dir='ltr'><strong>sustineret</strong></span> <span class='ocrx_word' id='word_1_173' title='bbox 1329 570 1431 607; x_wconf 86' lang='lat' dir='ltr'><strong>lapsos</strong></span> <span class='ocrx_word' id='word_1_174' title='bbox 1456 574 1484 598; x_wconf 90' lang='lat' dir='ltr'><strong>et</strong></span> <span class='ocrx_word' id='word_1_175' title='bbox 1505 574 1668 598; x_wconf 82' lang='lat' dir='ltr'><strong>assumeret</strong></span> <span class='ocrx_word' id='word_1_176' title='bbox 1681 572 1779 607; x_wconf 81' lang='lat' dir='ltr'><strong>erige-</strong></span> 
     </span>
    </p>
   </div>
   <div class='ocr_carea' id='block_1_28' title="bbox 949 614 1778 652">
    <p class='ocr_par' dir='ltr' id='par_1_28' title="bbox 949 614 1778 652">
     <span class='ocr_line' id='line_1_28' title="bbox 949 614 1778 652; baseline 0.001 -9"><span class='ocrx_word' id='word_1_177' title='bbox 949 617 1053 651; x_wconf 87' lang='lat' dir='ltr'><strong>retque</strong></span> <span class='ocrx_word' id='word_1_178' title='bbox 1065 614 1105 643; x_wconf 90' lang='lat' dir='ltr'><strong>ad</strong></span> <span class='ocrx_word' id='word_1_179' title='bbox 1118 623 1149 643; x_wconf 90' lang='lat' dir='ltr'><strong>se</strong></span> <span class='ocrx_word' id='word_1_180' title='bbox 1161 615 1330 651; x_wconf 89' lang='lat' dir='ltr'><strong>prolapsos,</strong></span> <span class='ocrx_word' id='word_1_181' title='bbox 1343 623 1404 643; x_wconf 87' lang='lat' dir='ltr'><strong>non</strong></span> <span class='ocrx_word' id='word_1_182' title='bbox 1429 615 1527 643; x_wconf 87' lang='lat' dir='ltr'><strong>solum</strong></span> <span class='ocrx_word' id='word_1_183' title='bbox 1544 615 1674 643; x_wconf 80' lang='lat' dir='ltr'><strong>reddens</strong></span> <span class='ocrx_word' id='word_1_184' title='bbox 1694 616 1778 652; x_wconf 87' lang='lat' dir='ltr'><strong>quod</strong></span> 
     </span>
    </p>
   </div>
   <div class='ocr_carea' id='block_1_29' title="bbox 950 659 1776 696">
    <p class='ocr_par' dir='ltr' id='par_1_29' title="bbox 950 659 1776 696">
     <span class='ocr_line' id='line_1_29' title="bbox 950 659 1776 696; baseline 0.001 -9"><span class='ocrx_word' id='word_1_185' title='bbox 950 662 1038 687; x_wconf 82' lang='lat' dir='ltr'><strong>antea.</strong></span> <span class='ocrx_word' id='word_1_186' title='bbox 1051 668 1180 693; x_wconf 84' lang='lat' dir='ltr'><strong>eramus,</strong></span> <span class='ocrx_word' id='word_1_187' title='bbox 1202 660 1254 688; x_wconf 86' lang='lat' dir='ltr'><strong>sed</strong></span> <span class='ocrx_word' id='word_1_188' title='bbox 1272 659 1311 688; x_wconf 85' lang='lat' dir='ltr'><strong>ad</strong></span> <span class='ocrx_word' id='word_1_189' title='bbox 1325 659 1409 696; x_wconf 87' lang='lat' dir='ltr'><strong>quod</strong></span> <span class='ocrx_word' id='word_1_190' title='bbox 1432 667 1488 687; x_wconf 90' lang='lat' dir='ltr'><strong>nos</strong></span> <span class='ocrx_word' id='word_1_191' title='bbox 1515 660 1655 695; x_wconf 83' lang='lat' dir='ltr'><strong>perduxit</strong></span> <span class='ocrx_word' id='word_1_192' title='bbox 1670 660 1776 688; x_wconf 83' lang='lat' dir='ltr'><strong>iterum</strong></span> 
     </span>
    </p>
   </div>
   <div class='ocr_carea' id='block_1_30' title="bbox 949 703 1776 740">
    <p class='ocr_par' dir='ltr' id='par_1_30' title="bbox 949 703 1776 740">
     <span class='ocr_line' id='line_1_30' title="bbox 949 703 1776 740; baseline 0.002 -10"><span class='ocrx_word' id='word_1_193' title='bbox 949 703 1095 732; x_wconf 85' lang='lat' dir='ltr'><strong>salvando</strong></span> <span class='ocrx_word' id='word_1_194' title='bbox 1109 704 1288 738; x_wconf 86' lang='lat' dir='ltr'><strong>reformans,</strong></span> <span class='ocrx_word' id='word_1_195' title='bbox 1304 706 1336 732; x_wconf 89' lang='lat' dir='ltr'><strong>ut</strong></span> <span class='ocrx_word' id='word_1_196' title='bbox 1348 711 1446 740; x_wconf 85' lang='lat' dir='ltr'><strong>neque</strong></span> <span class='ocrx_word' id='word_1_197' title='bbox 1460 704 1499 732; x_wconf 87' lang='lat' dir='ltr'><strong>ab</strong></span> <span class='ocrx_word' id='word_1_198' title='bbox 1509 703 1598 731; x_wconf 83' lang='lat' dir='ltr'><strong>invidi</strong></span> <span class='ocrx_word' id='word_1_199' title='bbox 1610 704 1703 732; x_wconf 86' lang='lat' dir='ltr'><strong>hostis</strong></span> <span class='ocrx_word' id='word_1_200' title='bbox 1715 712 1776 732; x_wconf 88' lang='lat' dir='ltr'><strong>ma-</strong></span> 
     </span>
    </p>
   </div>
   <div class='ocr_carea' id='block_1_31' title="bbox 949 747 1776 785">
    <p class='ocr_par' dir='ltr' id='par_1_31' title="bbox 949 747 1776 785">
     <span class='ocr_line' id='line_1_31' title="bbox 949 747 1776 785; baseline 0 -9"><span class='ocrx_word' id='word_1_201' title='bbox 949 747 1170 776; x_wconf 87' lang='lat' dir='ltr'><strong>chinationibus</strong></span> <span class='ocrx_word' id='word_1_202' title='bbox 1194 756 1380 785; x_wconf 86' lang='lat' dir='ltr'><strong>caperemus,</strong></span> <span class='ocrx_word' id='word_1_203' title='bbox 1396 756 1494 784; x_wconf 86' lang='lat' dir='ltr'><strong>neque</strong></span> <span class='ocrx_word' id='word_1_204' title='bbox 1509 748 1616 776; x_wconf 88' lang='lat' dir='ltr'><strong>iterum</strong></span> <span class='ocrx_word' id='word_1_205' title='bbox 1640 756 1776 784; x_wconf 85' lang='lat' dir='ltr'><strong>peccare-</strong></span> 
     </span>
    </p>
   </div>
   <div class='ocr_carea' id='block_1_32' title="bbox 949 793 1710 830">
    <p class='ocr_par' dir='ltr' id='par_1_32' title="bbox 949 793 1710 830">
     <span class='ocr_line' id='line_1_32' title="bbox 949 793 1710 830; baseline 0 -9"><span class='ocrx_word' id='word_1_206' title='bbox 949 801 1027 828; x_wconf 89' lang='lat' dir='ltr'><strong>mus,</strong></span> <span class='ocrx_word' id='word_1_207' title='bbox 1042 801 1140 829; x_wconf 88' lang='lat' dir='ltr'><strong>neque</strong></span> <span class='ocrx_word' id='word_1_208' title='bbox 1155 793 1255 821; x_wconf 89' lang='lat' dir='ltr'><strong>denuo</strong></span> <span class='ocrx_word' id='word_1_209' title='bbox 1274 793 1390 830; x_wconf 83' lang='lat' dir='ltr'><strong>absque</strong></span> <span class='ocrx_word' id='word_1_210' title='bbox 1405 793 1545 821; x_wconf 80' lang='lat' dir='ltr'><strong>fructibus</strong></span> <span class='ocrx_word' id='word_1_211' title='bbox 1563 801 1710 821; x_wconf 84' lang='lat' dir='ltr'><strong>essemus.</strong></span> 
     </span>
    </p>
   </div>
   <div class='ocr_carea' id='block_1_33' title="bbox 124 838 887 881">
    <p class='ocr_par' dir='ltr' id='par_1_33' title="bbox 124 838 887 881">
     <span class='ocr_line' id='line_1_33' title="bbox 124 838 887 881; baseline 0.008 -19"><span class='ocrx_word' id='word_1_212' title='bbox 124 839 216 863; x_wconf 84' lang='grc' dir='ltr'>Ταῦτα</span> <span class='ocrx_word' id='word_1_213' title='bbox 259 839 324 868; x_wconf 76' lang='grc' dir='ltr'><strong>Θεὸς</strong></span> <span class='ocrx_word' id='word_1_214' title='bbox 358 838 490 875; x_wconf 75' lang='grc' dir='ltr'>βούλεται,</span> <span class='ocrx_word' id='word_1_215' title='bbox 531 844 576 868; x_wconf 84' lang='grc' dir='ltr'>καὶ</span> <span class='ocrx_word' id='word_1_216' title='bbox 614 845 679 881; x_wconf 84' lang='grc' dir='ltr'>πρὸς</span> <span class='ocrx_word' id='word_1_217' title='bbox 712 843 793 872; x_wconf 66' lang='grc' dir='ltr'>αὐτὴν</span> <span class='ocrx_word' id='word_1_218' title='bbox 820 843 887 870; x_wconf 61' lang='lat' dir='ltr'><strong>adeo.</strong></span> 
     </span>
    </p>
   </div>
   <div class='ocr_carea' id='block_1_34' title="bbox 971 838 1775 881">
    <p class='ocr_par' dir='ltr' id='par_1_34' title="bbox 985 838 1775 874">
     <span class='ocr_line' id='line_1_34' title="bbox 985 838 1775 874; baseline 0.001 -9"><span class='ocrx_word' id='word_1_219' title='bbox 985 839 1050 865; x_wconf 60' lang='lat' dir='ltr'><strong>Haec</strong></span> <span class='ocrx_word' id='word_1_220' title='bbox 1060 838 1166 866; x_wconf 83' lang='lat' dir='ltr'><strong>eadem</strong></span> <span class='ocrx_word' id='word_1_221' title='bbox 1181 838 1263 874; x_wconf 88' lang='lat' dir='ltr'><strong>cupit</strong></span> <span class='ocrx_word' id='word_1_222' title='bbox 1279 839 1365 868; x_wconf 85' lang='lat' dir='ltr'><strong>Deus.</strong></span> <span class='ocrx_word' id='word_1_223' title='bbox 1382 840 1411 865; x_wconf 92' lang='lat' dir='ltr'><strong>et</strong></span> <span class='ocrx_word' id='word_1_224' title='bbox 1425 845 1478 874; x_wconf 88' lang='lat' dir='ltr'><strong>per</strong></span> <span class='ocrx_word' id='word_1_225' title='bbox 1493 838 1616 874; x_wconf 88' lang='lat' dir='ltr'><strong>antiqua</strong></span> <span class='ocrx_word' id='word_1_226' title='bbox 1640 840 1775 874; x_wconf 84' lang='lat' dir='ltr'><strong>tempora</strong></span> 
     </span>
    </p>
   </div>
   <div class='ocr_carea' id='block_1_35' title="bbox 85 880 893 923">
    <p class='ocr_par' dir='ltr' id='par_1_35' title="bbox 85 880 893 923">
     <span class='ocr_line' id='line_1_35' title="bbox 85 880 893 923; baseline 0.01 -17"><span class='ocrx_word' id='word_1_227' title='bbox 85 880 180 917; x_wconf 74' lang='grc' dir='ltr'>βλέπει</span> <span class='ocrx_word' id='word_1_228' title='bbox 217 883 263 911; x_wconf 63' lang='grc' dir='ltr'><strong>τὴν</strong></span> <span class='ocrx_word' id='word_1_229' title='bbox 301 882 340 909; x_wconf 78' lang='grc' dir='ltr'><strong>ἐπ’</strong></span> <span class='ocrx_word' id='word_1_230' title='bbox 370 883 491 919; x_wconf 81' lang='grc' dir='ltr'><strong>ἐσχάτων</strong></span> <span class='ocrx_word' id='word_1_231' title='bbox 513 890 562 912; x_wconf 83' lang='grc' dir='ltr'>τῶν</span> <span class='ocrx_word' id='word_1_232' title='bbox 593 889 694 923; x_wconf 84' lang='grc' dir='ltr'>χρόνων</span> <span class='ocrx_word' id='word_1_233' title='bbox 721 887 814 914; x_wconf 77' lang='grc' dir='ltr'>ἑαυτοῦ</span> <span class='ocrx_word' id='word_1_234' title='bbox 837 891 893 917; x_wconf 83' lang='grc' dir='ltr'><strong>Μη-</strong></span> 
     </span>
    </p>
   </div>
   <div class='ocr_carea' id='block_1_36' title="bbox 84 927 893 968">
    <p class='ocr_par' dir='ltr' id='par_1_36' title="bbox 84 927 893 968">
     <span class='ocr_line' id='line_1_36' title="bbox 84 927 893 968; baseline 0.01 -17"><span class='ocrx_word' id='word_1_235' title='bbox 84 927 158 962; x_wconf 75' lang='grc' dir='ltr'>τὲρα,</span> <span class='ocrx_word' id='word_1_236' title='bbox 189 928 249 963; x_wconf 89' lang='grc' dir='ltr'>πρὶν</span> <span class='ocrx_word' id='word_1_237' title='bbox 275 927 289 956; x_wconf 86' lang='grc' dir='ltr'><strong>ἣ</strong></span> <span class='ocrx_word' id='word_1_238' title='bbox 317 929 361 954; x_wconf 78' lang='grc' dir='ltr'>καὶ</span> <span class='ocrx_word' id='word_1_239' title='bbox 391 930 436 954; x_wconf 84' lang='grc' dir='ltr'>τὸν</span> <span class='ocrx_word' id='word_1_240' title='bbox 462 929 519 956; x_wconf 75' lang='grc' dir='ltr'>ὅλον</span> <span class='ocrx_word' id='word_1_241' title='bbox 543 936 702 968; x_wconf 73' lang='grc' dir='ltr'><strong>παραγαγεῖν</strong></span> <span class='ocrx_word' id='word_1_242' title='bbox 719 935 817 968; x_wconf 79' lang='grc' dir='ltr'><strong>κόσμον</strong></span> <span class='ocrx_word' id='word_1_243' title='bbox 843 932 893 958; x_wconf 81' lang='grc' dir='ltr'><strong>ἀπὸ</strong></span> 
     </span>
    </p>
   </div>
   <div class='ocr_carea' id='block_1_37' title="bbox 83 970 892 1012">
    <p class='ocr_par' dir='ltr' id='par_1_37' title="bbox 83 970 892 1012">
     <span class='ocr_line' id='line_1_37' title="bbox 83 970 892 1012; baseline 0.01 -17"><span class='ocrx_word' id='word_1_244' title='bbox 83 974 178 996; x_wconf 84' lang='grc' dir='ltr'><strong>πασῶν</strong></span> <span class='ocrx_word' id='word_1_245' title='bbox 194 970 276 1006; x_wconf 75' lang='grc' dir='ltr'>ἑαυτῷ</span> <span class='ocrx_word' id='word_1_246' title='bbox 295 976 386 1006; x_wconf 80' lang='grc' dir='ltr'>γενεῶν</span> <span class='ocrx_word' id='word_1_247' title='bbox 411 973 521 1005; x_wconf 75' lang='grc' dir='ltr'><strong>ἐκλέξας.</strong></span> <span class='ocrx_word' id='word_1_248' title='bbox 550 977 598 1002; x_wconf 75' lang='grc' dir='ltr'><strong>Καὶ</strong></span> <span class='ocrx_word' id='word_1_249' title='bbox 627 979 727 1012; x_wconf 79' lang='grc' dir='ltr'>γίνεται</span> <span class='ocrx_word' id='word_1_250' title='bbox 751 975 785 1006; x_wconf 76' lang='grc' dir='ltr'><strong>δή</strong></span> <span class='ocrx_word' id='word_1_251' title='bbox 815 981 892 1003; x_wconf 83' lang='grc' dir='ltr'>τοῡτο</span> 
     </span>
    </p>
   </div>
   <div class='ocr_carea' id='block_1_38' title="bbox 84 1018 892 1054">
    <p class='ocr_par' dir='ltr' id='par_1_38' title="bbox 84 1018 892 1054">
     <span class='ocr_line' id='line_1_38' title="bbox 84 1018 892 1054; baseline 0.011 -15"><span class='ocrx_word' id='word_1_252' title='bbox 84 1018 154 1040; x_wconf 77' lang='grc' dir='ltr'><strong>Θεοῦ</strong></span> <span class='ocrx_word' id='word_1_253' title='bbox 194 1018 339 1054; x_wconf 79' lang='grc' dir='ltr'>μυστήριον</span> <span class='ocrx_word' id='word_1_254' title='bbox 378 1018 429 1048; x_wconf 86' lang='grc' dir='ltr'>πρὸ</span> <span class='ocrx_word' id='word_1_255' title='bbox 455 1019 542 1050; x_wconf 77' lang='grc' dir='ltr'>πάσης</span> <span class='ocrx_word' id='word_1_256' title='bbox 568 1023 685 1054; x_wconf 72' lang='grc' dir='ltr'>κτίσεως,</span> <span class='ocrx_word' id='word_1_257' title='bbox 711 1021 800 1054; x_wconf 75' lang='grc' dir='ltr'>εἰπεῖν,</span> <span class='ocrx_word' id='word_1_258' title='bbox 830 1021 892 1047; x_wconf 81' lang='grc' dir='ltr'>ἁπο-</span> 
     </span>
    </p>
   </div>
   <div class='ocr_carea' id='block_1_39' title="bbox 83 1060 892 1101">
    <p class='ocr_par' dir='ltr' id='par_1_39' title="bbox 83 1060 892 1101">
     <span class='ocr_line' id='line_1_39' title="bbox 83 1060 892 1101; baseline 0.01 -17"><span class='ocrx_word' id='word_1_259' title='bbox 83 1062 260 1096; x_wconf 72' lang='grc' dir='ltr'>κεχρυμμένον</span> <span class='ocrx_word' id='word_1_260' title='bbox 291 1072 297 1077; x_wconf 79' lang='grc'><em>’</em></span> <span class='ocrx_word' id='word_1_261' title='bbox 322 1060 387 1096; x_wconf 82' lang='grc' dir='ltr'>εἶτα,</span> <span class='ocrx_word' id='word_1_262' title='bbox 427 1065 495 1089; x_wconf 76' lang='grc' dir='ltr'>κατὰ</span> <span class='ocrx_word' id='word_1_263' title='bbox 529 1066 618 1100; x_wconf 80' lang='grc' dir='ltr'>γενεὰς</span> <span class='ocrx_word' id='word_1_264' title='bbox 656 1068 814 1101; x_wconf 75' lang='grc' dir='ltr'><strong>τυπούμενον</strong></span> <span class='ocrx_word' id='word_1_265' title='bbox 847 1068 892 1092; x_wconf 81' lang='grc' dir='ltr'><strong>καὶ</strong></span> 
     </span>
    </p>
   </div>
   <div class='ocr_carea' id='block_1_40' title="bbox 85 1104 891 1142">
    <p class='ocr_par' dir='ltr' id='par_1_40' title="bbox 85 1104 891 1142">
     <span class='ocr_line' id='line_1_40' title="bbox 85 1104 891 1142; baseline 0.01 -13"><span class='ocrx_word' id='word_1_266' title='bbox 85 1105 165 1134; x_wconf 77' lang='grc' dir='ltr'>σκιὰς</span> <span class='ocrx_word' id='word_1_267' title='bbox 193 1104 332 1141; x_wconf 68' lang='grc' dir='ltr'>λαμϐάνον,</span> <span class='ocrx_word' id='word_1_268' title='bbox 371 1109 450 1138; x_wconf 79' lang='grc' dir='ltr'>σώζει</span> <span class='ocrx_word' id='word_1_269' title='bbox 475 1107 618 1142; x_wconf 78' lang='grc' dir='ltr'>κάνταῦθα,</span> <span class='ocrx_word' id='word_1_270' title='bbox 644 1111 703 1136; x_wconf 84' lang='grc' dir='ltr'>ὅποι</span> <span class='ocrx_word' id='word_1_271' title='bbox 732 1109 852 1139; x_wconf 70' lang='grc' dir='ltr'>δηλονότι</span> <span class='ocrx_word' id='word_1_272' title='bbox 878 1112 891 1137; x_wconf 85' lang='grc' dir='ltr'><strong>ὀ</strong></span> 
     </span>
    </p>
   </div>
   <div class='ocr_carea' id='block_1_41' title="bbox 83 1149 890 1190">
    <p class='ocr_par' dir='ltr' id='par_1_41' title="bbox 83 1149 890 1190">
     <span class='ocr_line' id='line_1_41' title="bbox 83 1149 890 1190; baseline 0.01 -17"><span class='ocrx_word' id='word_1_273' title='bbox 83 1149 168 1178; x_wconf 84' lang='grc' dir='ltr'><strong>τύπος</strong></span> <span class='ocrx_word' id='word_1_274' title='bbox 276 1150 358 1176; x_wconf 74' lang='grc' dir='ltr'>αὑτοῦ</span> <span class='ocrx_word' id='word_1_275' title='bbox 392 1151 406 1180; x_wconf 83' lang='grc' dir='ltr'>ἦ</span> <span class='ocrx_word' id='word_1_276' title='bbox 442 1153 504 1178; x_wconf 85' lang='grc' dir='ltr'><strong>σκιὰ</strong></span> <span class='ocrx_word' id='word_1_277' title='bbox 530 1152 707 1190; x_wconf 76' lang='grc' dir='ltr'>παριδεῖχθη.</span> <span class='ocrx_word' id='word_1_278' title='bbox 732 1157 783 1181; x_wconf 77' lang='grc' dir='ltr'><strong>Καὶ</strong></span> <span class='ocrx_word' id='word_1_279' title='bbox 811 1153 890 1184; x_wconf 67' lang='grc' dir='ltr'>δῆλον</span> 
     </span>
    </p>
   </div>
   <div class='ocr_carea' id='block_1_42' title="bbox 83 1196 497 1233">
    <p class='ocr_par' dir='ltr' id='par_1_42' title="bbox 83 1196 497 1233">
     <span class='ocr_line' id='line_1_42' title="bbox 83 1196 497 1233; baseline 0.012 -15"><span class='ocrx_word' id='word_1_280' title='bbox 83 1196 163 1219; x_wconf 80' lang='grc' dir='ltr'>τοῦτο</span> <span class='ocrx_word' id='word_1_281' title='bbox 173 1198 296 1230; x_wconf 80' lang='grc' dir='ltr'>πανταχῆ</span> <span class='ocrx_word' id='word_1_282' title='bbox 319 1199 497 1233; x_wconf 80' lang='grc' dir='ltr'>σκοπουμένῳ.</span> 
     </span>
    </p>
   </div>
   <div class='ocr_carea' id='block_1_43' title="bbox 121 1282 890 1324">
    <p class='ocr_par' dir='ltr' id='par_1_43' title="bbox 121 1282 890 1324">
     <span class='ocr_line' id='line_1_43' title="bbox 121 1282 890 1324; baseline 0.008 -16"><span class='ocrx_word' id='word_1_283' title='bbox 121 1282 262 1309; x_wconf 78' lang='grc' dir='ltr'>Δουλοῦται</span> <span class='ocrx_word' id='word_1_284' title='bbox 346 1285 390 1319; x_wconf 67' lang='grc' dir='ltr'>μὲν</span> <span class='ocrx_word' id='word_1_285' title='bbox 421 1286 471 1322; x_wconf 86' lang='grc' dir='ltr'><strong>γὰρ</strong></span> <span class='ocrx_word' id='word_1_286' title='bbox 498 1285 534 1316; x_wconf 84' lang='grc' dir='ltr'><strong>εἰς</strong></span> <span class='ocrx_word' id='word_1_287' title='bbox 556 1287 686 1322; x_wconf 77' lang='grc' dir='ltr'>Αἴγυπτον</span> <span class='ocrx_word' id='word_1_288' title='bbox 714 1288 822 1324; x_wconf 72' lang='grc' dir='ltr'>Ἰσραὴλ</span> <span class='ocrx_word' id='word_1_289' title='bbox 845 1291 890 1314; x_wconf 81' lang='grc' dir='ltr'><strong>χαὶ</strong></span> 
     </span>
    </p>
   </div>
   <div class='ocr_carea' id='block_1_44' title="bbox 82 1326 889 1370">
    <p class='ocr_par' dir='ltr' id='par_1_44' title="bbox 82 1326 889 1370">
     <span class='ocr_line' id='line_1_44' title="bbox 82 1326 889 1370; baseline 0.009 -18"><span class='ocrx_word' id='word_1_290' title='bbox 82 1326 134 1352; x_wconf 83' lang='grc' dir='ltr'><strong>ὑπὸ</strong></span> <span class='ocrx_word' id='word_1_291' title='bbox 160 1330 254 1363; x_wconf 78' lang='grc' dir='ltr'>Φαραὼ</span> <span class='ocrx_word' id='word_1_292' title='bbox 290 1333 453 1365; x_wconf 78' lang='grc' dir='ltr'>τυραννεῖται</span> <span class='ocrx_word' id='word_1_293' title='bbox 490 1335 594 1368; x_wconf 77' lang='grc' dir='ltr'><strong>πικροῖς</strong></span> <span class='ocrx_word' id='word_1_294' title='bbox 633 1331 781 1368; x_wconf 79' lang='grc' dir='ltr'>ἑκπιεσμοῖς</span> <span class='ocrx_word' id='word_1_295' title='bbox 807 1343 889 1370; x_wconf 84' lang='grc' dir='ltr'>προσ-</span> 
     </span>
    </p>
   </div>
   <div class='ocr_carea' id='block_1_45' title="bbox 79 1371 889 1413">
    <p class='ocr_par' dir='ltr' id='par_1_45' title="bbox 79 1371 889 1413">
     <span class='ocr_line' id='line_1_45' title="bbox 79 1371 889 1413; baseline 0.01 -17"><span class='ocrx_word' id='word_1_296' title='bbox 79 1371 263 1408; x_wconf 79' lang='grc' dir='ltr'>ταλαιπωρῶν,</span> <span class='ocrx_word' id='word_1_297' title='bbox 303 1375 347 1399; x_wconf 79' lang='grc' dir='ltr'><strong>καὶ</strong></span> <span class='ocrx_word' id='word_1_298' title='bbox 386 1376 610 1411; x_wconf 77' lang='grc' dir='ltr'><strong>καταπονούμενος</strong></span> <span class='ocrx_word' id='word_1_299' title='bbox 648 1376 697 1402; x_wconf 77' lang='grc' dir='ltr'><strong>ὐπὸ</strong></span> <span class='ocrx_word' id='word_1_300' title='bbox 739 1376 889 1413; x_wconf 81' lang='grc' dir='ltr'>βαρύτητος</span> 
     </span>
    </p>
   </div>
   <div class='ocr_carea' id='block_1_46' title="bbox 81 1416 888 1458">
    <p class='ocr_par' dir='ltr' id='par_1_46' title="bbox 81 1416 888 1458">
     <span class='ocr_line' id='line_1_46' title="bbox 81 1416 888 1458; baseline 0.009 -17"><span class='ocrx_word' id='word_1_301' title='bbox 81 1416 174 1452; x_wconf 81' lang='grc' dir='ltr'>ἔργων,</span> <span class='ocrx_word' id='word_1_302' title='bbox 202 1419 247 1443; x_wconf 81' lang='grc' dir='ltr'><strong><em>καί</em></strong></span> <span class='ocrx_word' id='word_1_303' title='bbox 270 1427 300 1452; x_wconf 81' lang='grc' dir='ltr'><strong>γε</strong></span> <span class='ocrx_word' id='word_1_304' title='bbox 324 1419 388 1455; x_wconf 78' lang='grc' dir='ltr'>πρὸς</span> <span class='ocrx_word' id='word_1_305' title='bbox 418 1419 486 1445; x_wconf 73' lang='grc' dir='ltr'><strong>αὖτὰ</strong></span> <span class='ocrx_word' id='word_1_306' title='bbox 513 1417 545 1448; x_wconf 75' lang='grc' dir='ltr'><strong>δὴ</strong></span> <span class='ocrx_word' id='word_1_307' title='bbox 571 1424 651 1446; x_wconf 71' lang='grc' dir='ltr'>ταῦτα</span> <span class='ocrx_word' id='word_1_308' title='bbox 678 1424 888 1458; x_wconf 76' lang='grc' dir='ltr'>χατασυρόμενος</span> 
     </span>
    </p>
   </div>
   <div class='ocr_carea' id='block_1_47' title="bbox 79 1460 887 1503">
    <p class='ocr_par' dir='ltr' id='par_1_47' title="bbox 79 1460 887 1503">
     <span class='ocr_line' id='line_1_47' title="bbox 79 1460 887 1503; baseline 0.01 -18"><span class='ocrx_word' id='word_1_309' title='bbox 79 1460 132 1486; x_wconf 80' lang='grc' dir='ltr'>ὅσα</span> <span class='ocrx_word' id='word_1_310' title='bbox 151 1462 197 1486; x_wconf 75' lang='grc' dir='ltr'><strong>καὶ</strong></span> <span class='ocrx_word' id='word_1_311' title='bbox 219 1460 307 1494; x_wconf 77' lang='grc' dir='ltr'>βίϐλοι</span> <span class='ocrx_word' id='word_1_312' title='bbox 333 1464 439 1499; x_wconf 78' lang='grc' dir='ltr'>φέρουσι</span> <span class='ocrx_word' id='word_1_313' title='bbox 467 1465 511 1489; x_wconf 79' lang='grc' dir='ltr'><strong>καὶ</strong></span> <span class='ocrx_word' id='word_1_314' title='bbox 547 1465 661 1502; x_wconf 79' lang='grc' dir='ltr'><strong>ἱστορίαι</strong></span> <span class='ocrx_word' id='word_1_315' title='bbox 685 1465 801 1491; x_wconf 79' lang='grc' dir='ltr'>παλαιῶν</span> <span class='ocrx_word' id='word_1_316' title='bbox 829 1469 887 1503; x_wconf 84' lang='grc' dir='ltr'>περὶ</span> 
     </span>
    </p>
   </div>
   <div class='ocr_carea' id='block_1_48' title="bbox 80 1503 886 1546">
    <p class='ocr_par' dir='ltr' id='par_1_48' title="bbox 80 1503 886 1546">
     <span class='ocr_line' id='line_1_48' title="bbox 80 1503 886 1546; baseline 0.009 -16"><span class='ocrx_word' id='word_1_317' title='bbox 80 1503 180 1530; x_wconf 77' lang='grc' dir='ltr'><strong>ἐκείνου</strong></span> <span class='ocrx_word' id='word_1_318' title='bbox 214 1503 385 1542; x_wconf 68' lang='grc' dir='ltr'><strong>διηγημάτων</strong></span> <span class='ocrx_word' id='word_1_319' title='bbox 408 1518 413 1523; x_wconf 92' lang='grc'><strong>·</strong></span> <span class='ocrx_word' id='word_1_320' title='bbox 452 1507 577 1546; x_wconf 79' lang='grc' dir='ltr'>ἐγείρεται</span> <span class='ocrx_word' id='word_1_321' title='bbox 607 1508 637 1536; x_wconf 68' lang='grc' dir='ltr'><strong>δὲ</strong></span> <span class='ocrx_word' id='word_1_322' title='bbox 665 1513 774 1543; x_wconf 77' lang='grc' dir='ltr'>Μωσῆς,</span> <span class='ocrx_word' id='word_1_323' title='bbox 805 1510 886 1542; x_wconf 77' lang='grc' dir='ltr'>ζηλῶν</span> 
     </span>
    </p>
   </div>
   <div class='ocr_carea' id='block_1_49' title="bbox 487 1555 884 1590">
    <p class='ocr_par' dir='ltr' id='par_1_49' title="bbox 487 1555 884 1590">
     <span class='ocr_line' id='line_1_49' title="bbox 487 1555 884 1590; baseline 0.008 -12"><span class='ocrx_word' id='word_1_324' title='bbox 487 1555 532 1578; x_wconf 79' lang='grc' dir='ltr'><strong>καὶ</strong></span> <span class='ocrx_word' id='word_1_325' title='bbox 556 1555 642 1589; x_wconf 71' lang='grc' dir='ltr'>φεύγει</span> <span class='ocrx_word' id='word_1_326' title='bbox 671 1555 715 1590; x_wconf 76' lang='grc' dir='ltr'>μὲν</span> <span class='ocrx_word' id='word_1_327' title='bbox 743 1556 884 1590; x_wconf 78' lang='grc' dir='ltr'>Αἴγυπτον,</span> 
     </span>
    </p>
   </div>
   <div class='ocr_carea' id='block_1_50' title="bbox 446 1596 886 1635">
    <p class='ocr_par' dir='ltr' id='par_1_50' title="bbox 446 1596 886 1635">
     <span class='ocr_line' id='line_1_50' title="bbox 446 1596 886 1635; baseline 0.005 -12"><span class='ocrx_word' id='word_1_328' title='bbox 446 1596 553 1624; x_wconf 76' lang='grc' dir='ltr'>Κάκείνο</span> <span class='ocrx_word' id='word_1_329' title='bbox 587 1597 676 1634; x_wconf 83' lang='grc' dir='ltr'>βλέπει</span> <span class='ocrx_word' id='word_1_330' title='bbox 697 1601 726 1625; x_wconf 84' lang='grc' dir='ltr'>τὸ</span> <span class='ocrx_word' id='word_1_331' title='bbox 751 1601 818 1635; x_wconf 76' lang='grc' dir='ltr'>μὲγα</span> <span class='ocrx_word' id='word_1_332' title='bbox 841 1602 886 1626; x_wconf 85' lang='grc' dir='ltr'><strong>χαὶ</strong></span> 
     </span>
    </p>
   </div>
   <div class='ocr_carea' id='block_1_51' title="bbox 80 1549 445 1587">
    <p class='ocr_par' dir='ltr' id='par_1_51' title="bbox 80 1549 445 1587">
     <span class='ocr_line' id='line_1_51' title="bbox 80 1549 445 1587; baseline 0.008 -13"><span class='ocrx_word' id='word_1_333' title='bbox 80 1549 146 1585; x_wconf 75' lang='grc' dir='ltr'><strong>ὑπὲρ</strong></span> <span class='ocrx_word' id='word_1_334' title='bbox 188 1553 238 1575; x_wconf 83' lang='grc' dir='ltr'>τῶν</span> <span class='ocrx_word' id='word_1_335' title='bbox 276 1560 354 1586; x_wconf 84' lang='grc' dir='ltr'>πασχ</span> <span class='ocrx_word' id='word_1_336' title='bbox 358 1554 445 1587; x_wconf 63' lang='grc' dir='ltr'>όντων,</span> 
     </span>
    </p>
   </div>
   <div class='ocr_carea' id='block_1_52' title="bbox 80 1593 402 1630">
    <p class='ocr_par' dir='ltr' id='par_1_52' title="bbox 80 1593 402 1630">
     <span class='ocr_line' id='line_1_52' title="bbox 80 1593 402 1630; baseline 0.009 -11"><span class='ocrx_word' id='word_1_337' title='bbox 80 1598 239 1630; x_wconf 79' lang='grc' dir='ltr'>προσ-χωρεῖ</span> <span class='ocrx_word' id='word_1_338' title='bbox 268 1593 297 1621; x_wconf 68' lang='grc' dir='ltr'><strong>δὲ</strong></span> <span class='ocrx_word' id='word_1_339' title='bbox 335 1599 402 1630; x_wconf 87' lang='grc' dir='ltr'><strong>Θεῷ.</strong></span> 
     </span>
    </p>
   </div>
   <div class='ocr_carea' id='block_1_53' title="bbox 82 1639 887 1681">
    <p class='ocr_par' dir='ltr' id='par_1_53' title="bbox 82 1639 887 1681">
     <span class='ocr_line' id='line_1_53' title="bbox 82 1639 887 1681; baseline 0.009 -18"><span class='ocrx_word' id='word_1_340' title='bbox 82 1639 236 1674; x_wconf 78' lang='grc' dir='ltr'>θαυμαστὸν</span> <span class='ocrx_word' id='word_1_341' title='bbox 265 1640 351 1676; x_wconf 81' lang='grc' dir='ltr'>ὅραμα</span> <span class='ocrx_word' id='word_1_342' title='bbox 373 1640 412 1676; x_wconf 71' lang='grc'>(4)</span> <span class='ocrx_word' id='word_1_343' title='bbox 449 1645 502 1678; x_wconf 81' lang='grc' dir='ltr'><strong>πῦρ</strong></span> <span class='ocrx_word' id='word_1_344' title='bbox 522 1642 547 1668; x_wconf 79' lang='grc' dir='ltr'>ἐν</span> <span class='ocrx_word' id='word_1_345' title='bbox 573 1647 604 1679; x_wconf 77' lang='grc' dir='ltr'>τῇ</span> <span class='ocrx_word' id='word_1_346' title='bbox 630 1642 714 1679; x_wconf 70' lang='grc' dir='ltr'>βάτῳ,</span> <span class='ocrx_word' id='word_1_347' title='bbox 738 1647 789 1681; x_wconf 77' lang='grc' dir='ltr'>πῦρ</span> <span class='ocrx_word' id='word_1_348' title='bbox 814 1647 887 1670; x_wconf 82' lang='grc' dir='ltr'>χαῖον</span> 
     </span>
    </p>
   </div>
   <div class='ocr_carea' id='block_1_54' title="bbox 81 1681 888 1724">
    <p class='ocr_par' dir='ltr' id='par_1_54' title="bbox 81 1681 888 1724">
     <span class='ocr_line' id='line_1_54' title="bbox 81 1681 888 1724; baseline 0.009 -16"><span class='ocrx_word' id='word_1_349' title='bbox 81 1682 128 1708; x_wconf 85' lang='grc' dir='ltr'>καὶ</span> <span class='ocrx_word' id='word_1_350' title='bbox 148 1681 279 1719; x_wconf 83' lang='grc' dir='ltr'>μηδαμῶς</span> <span class='ocrx_word' id='word_1_351' title='bbox 298 1688 440 1711; x_wconf 79' lang='grc' dir='ltr'>καταχαῖον</span> <span class='ocrx_word' id='word_1_352' title='bbox 461 1686 511 1721; x_wconf 75' lang='grc'>(5),</span> <span class='ocrx_word' id='word_1_353' title='bbox 541 1687 580 1712; x_wconf 80' lang='grc' dir='ltr'><strong>ὃτι</strong></span> <span class='ocrx_word' id='word_1_354' title='bbox 608 1685 672 1724; x_wconf 82' lang='grc' dir='ltr'>μηδ’</span> <span class='ocrx_word' id='word_1_355' title='bbox 697 1688 805 1724; x_wconf 74' lang='grc' dir='ltr'>ὕστερον</span> <span class='ocrx_word' id='word_1_356' title='bbox 833 1687 888 1714; x_wconf 78' lang='grc' dir='ltr'><em>ὁέκ</em></span> 
     </span>
    </p>
   </div>
   <div class='ocr_carea' id='block_1_55' title="bbox 81 1727 517 1765">
    <p class='ocr_par' dir='ltr' id='par_1_55' title="bbox 81 1727 517 1765">
     <span class='ocr_line' id='line_1_55' title="bbox 81 1727 517 1765; baseline 0.009 -13"><span class='ocrx_word' id='word_1_357' title='bbox 81 1727 180 1757; x_wconf 80' lang='grc' dir='ltr'><strong>ταύτης</strong></span> <span class='ocrx_word' id='word_1_358' title='bbox 219 1727 332 1759; x_wconf 71' lang='grc' dir='ltr'>καλέσας</span> <span class='ocrx_word' id='word_1_359' title='bbox 370 1729 447 1756; x_wconf 71' lang='grc' dir='ltr'>αὑτὸν</span> <span class='ocrx_word' id='word_1_360' title='bbox 470 1731 517 1765; x_wconf 83' lang='grc'>(6),</span> 
     </span>
    </p>
   </div>
   <div class='ocr_carea' id='block_1_56' title="bbox 82 1772 427 1808">
    <p class='ocr_par' dir='ltr' id='par_1_56' title="bbox 82 1772 427 1808">
     <span class='ocr_line' id='line_1_56' title="bbox 82 1772 427 1808; baseline 0.009 -11"><span class='ocrx_word' id='word_1_361' title='bbox 82 1772 142 1798; x_wconf 79' lang='grc' dir='ltr'>οὔτε</span> <span class='ocrx_word' id='word_1_362' title='bbox 181 1772 340 1808; x_wconf 77' lang='grc' dir='ltr'><strong>κατέφλεξεν,</strong></span> <span class='ocrx_word' id='word_1_363' title='bbox 374 1774 427 1800; x_wconf 75' lang='grc' dir='ltr'>οὔτ’</span> 
     </span>
    </p>
   </div>
   <div class='ocr_carea' id='block_1_57' title="bbox 80 1819 887 1857">
    <p class='ocr_par' dir='ltr' id='par_1_57' title="bbox 80 1819 887 1857">
     <span class='ocr_line' id='line_1_57' title="bbox 80 1819 887 1857; baseline 0.01 -16"><span class='ocrx_word' id='word_1_364' title='bbox 80 1819 172 1842; x_wconf 75' lang='grc' dir='ltr'>Ταῦτα</span> <span class='ocrx_word' id='word_1_365' title='bbox 190 1820 287 1847; x_wconf 84' lang='grc' dir='ltr'><strong>Μωσῆς</strong></span> <span class='ocrx_word' id='word_1_366' title='bbox 302 1820 369 1850; x_wconf 76' lang='grc' dir='ltr'>τότε,</span> <span class='ocrx_word' id='word_1_367' title='bbox 383 1821 428 1845; x_wconf 73' lang='grc' dir='ltr'><strong>καὶ</strong></span> <span class='ocrx_word' id='word_1_368' title='bbox 443 1824 532 1846; x_wconf 76' lang='grc' dir='ltr'>πατεῖν</span> <span class='ocrx_word' id='word_1_369' title='bbox 550 1825 600 1856; x_wconf 87' lang='grc' dir='ltr'>γῆν</span> <span class='ocrx_word' id='word_1_370' title='bbox 614 1821 690 1857; x_wconf 75' lang='grc' dir='ltr'>ἁγίαν</span> <span class='ocrx_word' id='word_1_371' title='bbox 711 1822 787 1856; x_wconf 81' lang='grc' dir='ltr'>ἁγίαν</span> <span class='ocrx_word' id='word_1_372' title='bbox 812 1822 887 1854; x_wconf 72' lang='grc' dir='ltr'>εὐθὺς</span> 
     </span>
    </p>
   </div>
   <div class='ocr_carea' id='block_1_58' title="bbox 80 1860 884 1903">
    <p class='ocr_par' dir='ltr' id='par_1_58' title="bbox 80 1860 884 1903">
     <span class='ocr_line' id='line_1_58' title="bbox 80 1860 884 1903; baseline 0.01 -17"><span class='ocrx_word' id='word_1_373' title='bbox 80 1860 181 1894; x_wconf 76' lang='grc' dir='ltr'>ἀκούει,</span> <span class='ocrx_word' id='word_1_374' title='bbox 207 1863 252 1888; x_wconf 77' lang='grc' dir='ltr'>καὶ</span> <span class='ocrx_word' id='word_1_375' title='bbox 279 1863 312 1888; x_wconf 84' lang='grc' dir='ltr'>τὰ</span> <span class='ocrx_word' id='word_1_376' title='bbox 338 1861 496 1899; x_wconf 76' lang='grc' dir='ltr'>ὑποδήματα</span> <span class='ocrx_word' id='word_1_377' title='bbox 523 1869 572 1890; x_wconf 78' lang='grc' dir='ltr'>τῶν</span> <span class='ocrx_word' id='word_1_378' title='bbox 600 1864 689 1892; x_wconf 75' lang='grc' dir='ltr'>ποδῶν</span> <span class='ocrx_word' id='word_1_379' title='bbox 712 1866 792 1893; x_wconf 81' lang='grc' dir='ltr'>λῦσαι</span> 
     </span>
    </p>
   </div>
   <div class='ocr_carea' id='block_1_59' title="bbox 565 1731 886 1770">
    <p class='ocr_par' dir='ltr' id='par_1_59' title="bbox 565 1731 886 1770">
     <span class='ocr_line' id='line_1_59' title="bbox 565 1731 886 1770; baseline 0.006 -13"><span class='ocrx_word' id='word_1_380' title='bbox 565 1731 652 1758; x_wconf 78' lang='grc' dir='ltr'>εἰσιὼν</span> <span class='ocrx_word' id='word_1_381' title='bbox 678 1735 724 1761; x_wconf 72' lang='grc' dir='ltr'>τὴν</span> <span class='ocrx_word' id='word_1_382' title='bbox 750 1734 886 1770; x_wconf 79' lang='grc' dir='ltr'>παρθένον,</span> 
     </span>
    </p>
   </div>
   <div class='ocr_carea' id='block_1_60' title="bbox 469 1773 887 1813">
    <p class='ocr_par' dir='ltr' id='par_1_60' title="bbox 469 1773 887 1813">
     <span class='ocr_line' id='line_1_60' title="bbox 469 1773 887 1813; baseline 0.007 -12"><span class='ocrx_word' id='word_1_383' title='bbox 469 1773 544 1802; x_wconf 62' lang='grc' dir='ltr'>οὐδὲν</span> <span class='ocrx_word' id='word_1_384' title='bbox 586 1775 710 1812; x_wconf 72' lang='grc' dir='ltr'>οὐδαμῶς</span> <span class='ocrx_word' id='word_1_385' title='bbox 731 1777 887 1813; x_wconf 76' lang='grc' dir='ltr'>ἐλυμήνατο.</span> 
     </span>
    </p>
   </div>
   <div class='ocr_carea' id='block_1_61' title="bbox 80 1905 886 1948">
    <p class='ocr_par' dir='ltr' id='par_1_61' title="bbox 80 1905 886 1948">
     <span class='ocr_line' id='line_1_61' title="bbox 80 1905 886 1948; baseline 0.009 -18"><span class='ocrx_word' id='word_1_386' title='bbox 80 1907 126 1931; x_wconf 80' lang='grc' dir='ltr'>καὶ</span> <span class='ocrx_word' id='word_1_387' title='bbox 151 1905 206 1931; x_wconf 78' lang='grc' dir='ltr'>λύει</span> <span class='ocrx_word' id='word_1_388' title='bbox 239 1909 284 1932; x_wconf 76' lang='grc' dir='ltr'>καὶ</span> <span class='ocrx_word' id='word_1_389' title='bbox 312 1906 475 1937; x_wconf 79' lang='grc' dir='ltr'>ἀποτίθεται,</span> <span class='ocrx_word' id='word_1_390' title='bbox 507 1912 582 1940; x_wconf 83' lang='grc' dir='ltr'>Τίνος</span> <span class='ocrx_word' id='word_1_391' title='bbox 607 1911 688 1947; x_wconf 72' lang='grc' dir='ltr'>χάριν</span> <span class='ocrx_word' id='word_1_392' title='bbox 704 1919 711 1944; x_wconf 93' lang='grc'><strong>;</strong></span> <span class='ocrx_word' id='word_1_393' title='bbox 727 1910 787 1936; x_wconf 78' lang='grc' dir='ltr'>Ὀτι</span> <span class='ocrx_word' id='word_1_394' title='bbox 817 1909 886 1948; x_wconf 73' lang='grc' dir='ltr'>μηδὲ</span> 
     </span>
    </p>
   </div>
   <div class='ocr_carea' id='block_1_62' title="bbox 80 1951 885 1989">
    <p class='ocr_par' dir='ltr' id='par_1_62' title="bbox 80 1951 885 1989">
     <span class='ocr_line' id='line_1_62' title="bbox 80 1951 885 1989; baseline 0.009 -14"><span class='ocrx_word' id='word_1_395' title='bbox 80 1951 152 1985; x_wconf 86' lang='grc' dir='ltr'>θέμις</span> <span class='ocrx_word' id='word_1_396' title='bbox 178 1951 243 1980; x_wconf 85' lang='grc' dir='ltr'>ἶσως</span> <span class='ocrx_word' id='word_1_397' title='bbox 278 1954 366 1989; x_wconf 77' lang='grc' dir='ltr'>νεκρόν</span> <span class='ocrx_word' id='word_1_398' title='bbox 404 1951 480 1979; x_wconf 69' lang='grc' dir='ltr'>οὐδὲν</span> <span class='ocrx_word' id='word_1_399' title='bbox 517 1953 569 1980; x_wconf 76' lang='grc' dir='ltr'><strong>ἐκεῖ</strong></span> <span class='ocrx_word' id='word_1_400' title='bbox 605 1954 708 1989; x_wconf 67' lang='grc' dir='ltr'>ψαύειν,</span> <span class='ocrx_word' id='word_1_401' title='bbox 734 1956 793 1981; x_wconf 80' lang='grc' dir='ltr'>ὅποι</span> <span class='ocrx_word' id='word_1_402' title='bbox 819 1960 885 1982; x_wconf 74' lang='grc' dir='ltr'><strong>Θεοῦ</strong></span> 
     </span>
    </p>
   </div>
   <div class='ocr_carea' id='block_1_63' title="bbox 78 1995 884 2036">
    <p class='ocr_par' dir='ltr' id='par_1_63' title="bbox 78 1995 884 2036">
     <span class='ocr_line' id='line_1_63' title="bbox 78 1995 884 2036; baseline 0.009 -17"><span class='ocrx_word' id='word_1_403' title='bbox 78 1996 223 2030; x_wconf 80' lang='grc' dir='ltr'>παρουσία,</span> <span class='ocrx_word' id='word_1_404' title='bbox 244 1997 289 2021; x_wconf 77' lang='grc' dir='ltr'><strong>καὶ</strong></span> <span class='ocrx_word' id='word_1_405' title='bbox 318 1997 397 2026; x_wconf 87' lang='grc' dir='ltr'>τύπος</span> <span class='ocrx_word' id='word_1_406' title='bbox 422 1995 501 2033; x_wconf 73' lang='grc' dir='ltr'>Ἐδεμ</span> <span class='ocrx_word' id='word_1_407' title='bbox 518 2002 565 2028; x_wconf 84' lang='grc' dir='ltr'>τῆς</span> <span class='ocrx_word' id='word_1_408' title='bbox 587 1998 730 2035; x_wconf 72' lang='grc' dir='ltr'>ἀφθάρτου,</span> <span class='ocrx_word' id='word_1_409' title='bbox 760 2002 825 2036; x_wconf 76' lang='grc' dir='ltr'>πρὸς</span> <span class='ocrx_word' id='word_1_410' title='bbox 854 2001 884 2030; x_wconf 82' lang='grc' dir='ltr'>ἣν</span> 
     </span>
    </p>
   </div>
   <div class='ocr_carea' id='block_1_64' title="bbox 77 2039 883 2081">
    <p class='ocr_par' dir='ltr' id='par_1_64' title="bbox 77 2039 883 2081">
     <span class='ocr_line' id='line_1_64' title="bbox 77 2039 883 2081; baseline 0.007 -17"><span class='ocrx_word' id='word_1_411' title='bbox 77 2039 91 2064; x_wconf 83' lang='grc' dir='ltr'>ὀ</span> <span class='ocrx_word' id='word_1_412' title='bbox 135 2041 195 2065; x_wconf 80' lang='grc' dir='ltr'>τότε</span> <span class='ocrx_word' id='word_1_413' title='bbox 231 2041 316 2075; x_wconf 74' lang='grc' dir='ltr'>φανεὶς</span> <span class='ocrx_word' id='word_1_414' title='bbox 356 2041 426 2076; x_wconf 75' lang='grc' dir='ltr'>ἡμᾶς</span> <span class='ocrx_word' id='word_1_415' title='bbox 455 2039 528 2072; x_wconf 76' lang='grc' dir='ltr'>αὖθις</span> <span class='ocrx_word' id='word_1_416' title='bbox 562 2043 704 2069; x_wconf 83' lang='grc' dir='ltr'>εἰσοικίσαι</span> <span class='ocrx_word' id='word_1_417' title='bbox 730 2046 883 2081; x_wconf 71' lang='grc' dir='ltr'>προμηνύει,</span> 
     </span>
    </p>
   </div>
   <div class='ocr_carea' id='block_1_65' title="bbox 77 2083 884 2126">
    <p class='ocr_par' dir='ltr' id='par_1_65' title="bbox 77 2083 884 2126">
     <span class='ocr_line' id='line_1_65' title="bbox 77 2083 884 2126; baseline 0.009 -18"><span class='ocrx_word' id='word_1_418' title='bbox 77 2085 124 2109; x_wconf 75' lang='grc' dir='ltr'><strong>καὶ</strong></span> <span class='ocrx_word' id='word_1_419' title='bbox 146 2084 180 2109; x_wconf 74' lang='grc' dir='ltr'>τὰ</span> <span class='ocrx_word' id='word_1_420' title='bbox 196 2084 315 2120; x_wconf 73' lang='grc' dir='ltr'>σύμϐολα</span> <span class='ocrx_word' id='word_1_421' title='bbox 344 2083 457 2112; x_wconf 74' lang='grc' dir='ltr'>δίδωσιν</span> <span class='ocrx_word' id='word_1_422' title='bbox 484 2097 490 2103; x_wconf 60' lang='grc' dir='ltr'><strong>υ</strong></span> <span class='ocrx_word' id='word_1_423' title='bbox 518 2087 533 2116; x_wconf 80' lang='grc' dir='ltr'><strong>ἣ</strong></span> <span class='ocrx_word' id='word_1_424' title='bbox 560 2088 635 2123; x_wconf 81' lang='grc' dir='ltr'>τάχα</span> <span class='ocrx_word' id='word_1_425' title='bbox 655 2091 699 2113; x_wconf 80' lang='grc' dir='ltr'><strong>καὶ</strong></span> <span class='ocrx_word' id='word_1_426' title='bbox 728 2088 884 2126; x_wconf 73' lang='grc' dir='ltr'>ἀπεῤῥίφθαι</span> 
     </span>
    </p>
   </div>
   <div class='ocr_carea' id='block_1_66' title="bbox 77 2128 884 2169">
    <p class='ocr_par' dir='ltr' id='par_1_66' title="bbox 77 2128 884 2169">
     <span class='ocr_line' id='line_1_66' title="bbox 77 2128 884 2169; baseline 0.009 -16"><span class='ocrx_word' id='word_1_427' title='bbox 77 2128 243 2164; x_wconf 73' lang='grc' dir='ltr'>προστάσσει</span> <span class='ocrx_word' id='word_1_428' title='bbox 278 2132 330 2160; x_wconf 84' lang='grc' dir='ltr'><strong>πᾶς</strong></span> <span class='ocrx_word' id='word_1_429' title='bbox 370 2131 430 2156; x_wconf 83' lang='grc' dir='ltr'>ὅσον</span> <span class='ocrx_word' id='word_1_430' title='bbox 469 2130 496 2162; x_wconf 79' lang='grc' dir='ltr'><strong>ἐξ</strong></span> <span class='ocrx_word' id='word_1_431' title='bbox 523 2132 651 2168; x_wconf 71' lang='grc' dir='ltr'>ἁμαρτίας</span> <span class='ocrx_word' id='word_1_432' title='bbox 680 2131 807 2169; x_wconf 83' lang='grc' dir='ltr'>βοήθημα</span> <span class='ocrx_word' id='word_1_433' title='bbox 836 2138 884 2165; x_wconf 84' lang='grc' dir='ltr'>τῆς</span> 
     </span>
    </p>
   </div>
   <div class='ocr_carea' id='block_1_67' title="bbox 77 2171 883 2213">
    <p class='ocr_par' dir='ltr' id='par_1_67' title="bbox 77 2171 883 2213">
     <span class='ocr_line' id='line_1_67' title="bbox 77 2171 883 2213; baseline 0.009 -15"><span class='ocrx_word' id='word_1_434' title='bbox 77 2171 205 2204; x_wconf 78' lang='grc' dir='ltr'>ἀσθενοῦς</span> <span class='ocrx_word' id='word_1_435' title='bbox 247 2176 344 2210; x_wconf 84' lang='grc' dir='ltr'>σαρκὸς</span> <span class='ocrx_word' id='word_1_436' title='bbox 386 2175 496 2212; x_wconf 69' lang='grc' dir='ltr'>ἥρμοσε,</span> <span class='ocrx_word' id='word_1_437' title='bbox 539 2179 584 2202; x_wconf 83' lang='grc' dir='ltr'>καὶ</span> <span class='ocrx_word' id='word_1_438' title='bbox 617 2179 677 2208; x_wconf 82' lang='grc' dir='ltr'>τοὺς</span> <span class='ocrx_word' id='word_1_439' title='bbox 703 2180 814 2213; x_wconf 81' lang='grc' dir='ltr'>γυμνοὺς</span> <span class='ocrx_word' id='word_1_440' title='bbox 838 2184 883 2205; x_wconf 81' lang='grc' dir='ltr'>τοῦ</span> 
     </span>
    </p>
   </div>
   <div class='ocr_carea' id='block_1_68' title="bbox 77 2216 884 2260">
    <p class='ocr_par' dir='ltr' id='par_1_68' title="bbox 77 2216 884 2260">
     <span class='ocr_line' id='line_1_68' title="bbox 77 2216 884 2260; baseline 0.009 -17"><span class='ocrx_word' id='word_1_441' title='bbox 77 2216 171 2243; x_wconf 82' lang='grc' dir='ltr'>λοιποῦ</span> <span class='ocrx_word' id='word_1_442' title='bbox 189 2218 290 2256; x_wconf 80' lang='grc' dir='ltr'>θαρῥεῖν</span> <span class='ocrx_word' id='word_1_443' title='bbox 315 2221 383 2256; x_wconf 83' lang='grc' dir='ltr'>ἡμᾶς</span> <span class='ocrx_word' id='word_1_444' title='bbox 409 2219 495 2252; x_wconf 85' lang='grc' dir='ltr'>πόδας</span> <span class='ocrx_word' id='word_1_445' title='bbox 524 2221 565 2247; x_wconf 77' lang='grc' dir='ltr'><strong>ἐπὶ</strong></span> <span class='ocrx_word' id='word_1_446' title='bbox 589 2226 638 2248; x_wconf 81' lang='grc' dir='ltr'>τῶν</span> <span class='ocrx_word' id='word_1_447' title='bbox 663 2224 740 2258; x_wconf 70' lang='grc' dir='ltr'>ὄφεων</span> <span class='ocrx_word' id='word_1_448' title='bbox 768 2222 884 2260; x_wconf 82' lang='grc' dir='ltr'>βησομέ-</span> 
     </span>
    </p>
   </div>
   <div class='ocr_carea' id='block_1_69' title="bbox 79 2263 883 2303">
    <p class='ocr_par' dir='ltr' id='par_1_69' title="bbox 79 2263 883 2303">
     <span class='ocr_line' id='line_1_69' title="bbox 79 2263 883 2303; baseline 0.009 -15"><span class='ocrx_word' id='word_1_449' title='bbox 79 2271 138 2292; x_wconf 82' lang='grc' dir='ltr'>νους</span> <span class='ocrx_word' id='word_1_450' title='bbox 151 2264 195 2289; x_wconf 81' lang='grc' dir='ltr'><strong>καὶ</strong></span> <span class='ocrx_word' id='word_1_451' title='bbox 219 2267 268 2294; x_wconf 85' lang='grc' dir='ltr'>τῆς</span> <span class='ocrx_word' id='word_1_452' title='bbox 286 2264 398 2299; x_wconf 76' lang='grc' dir='ltr'>κεφαλῆς</span> <span class='ocrx_word' id='word_1_453' title='bbox 412 2268 458 2291; x_wconf 77' lang='grc' dir='ltr'>τοῦ</span> <span class='ocrx_word' id='word_1_454' title='bbox 483 2263 625 2303; x_wconf 60' lang='grc' dir='ltr'>δράκοντος</span> <span class='ocrx_word' id='word_1_455' title='bbox 655 2266 703 2302; x_wconf 83' lang='lat'>(8).</span> <span class='ocrx_word' id='word_1_456' title='bbox 733 2267 760 2298; x_wconf 76' lang='grc' dir='ltr'><strong>ὃς</strong></span> <span class='ocrx_word' id='word_1_457' title='bbox 790 2268 883 2299; x_wconf 78' lang='grc' dir='ltr'>αὐτοὺς</span> 
     </span>
    </p>
   </div>
   <div class='ocr_carea' id='block_1_70' title="bbox 77 2305 882 2341">
    <p class='ocr_par' dir='ltr' id='par_1_70' title="bbox 77 2305 882 2341">
     <span class='ocr_line' id='line_1_70' title="bbox 77 2305 882 2341; baseline 0.009 -10"><span class='ocrx_word' id='word_1_458' title='bbox 77 2305 220 2337; x_wconf 75' lang='grc' dir='ltr'>ἀπατήσας</span> <span class='ocrx_word' id='word_1_459' title='bbox 260 2306 400 2338; x_wconf 78' lang='grc' dir='ltr'>ὑπέδησεν.</span> <span class='ocrx_word' id='word_1_460' title='bbox 431 2307 494 2336; x_wconf 79' lang='grc' dir='ltr'><strong>Εἶδε</strong></span> <span class='ocrx_word' id='word_1_461' title='bbox 528 2314 611 2336; x_wconf 82' lang='grc' dir='ltr'>ταῦτα</span> <span class='ocrx_word' id='word_1_462' title='bbox 639 2314 736 2341; x_wconf 81' lang='grc' dir='ltr'>Μωσῆς</span> <span class='ocrx_word' id='word_1_463' title='bbox 765 2314 808 2338; x_wconf 79' lang='grc' dir='ltr'><strong>καὶ</strong></span> <span class='ocrx_word' id='word_1_464' title='bbox 835 2315 882 2341; x_wconf 84' lang='grc' dir='ltr'>τὴν</span> 
     </span>
    </p>
   </div>
   <div class='ocr_carea' id='block_1_71' title="bbox 78 2350 881 2394">
    <p class='ocr_par' dir='ltr' id='par_1_71' title="bbox 78 2350 881 2394">
     <span class='ocr_line' id='line_1_71' title="bbox 78 2350 881 2394; baseline 0.006 -17"><span class='ocrx_word' id='word_1_465' title='bbox 78 2350 222 2387; x_wconf 77' lang='grc' dir='ltr'>ελευθερίαν</span> <span class='ocrx_word' id='word_1_466' title='bbox 254 2351 366 2379; x_wconf 75' lang='grc' dir='ltr'>ὶντεῡθεν</span> <span class='ocrx_word' id='word_1_467' title='bbox 411 2354 518 2391; x_wconf 87' lang='grc' dir='ltr'>Ἰσραὴλ</span> <span class='ocrx_word' id='word_1_468' title='bbox 555 2359 707 2390; x_wconf 69' lang='grc' dir='ltr'>πιστοῦται,</span> <span class='ocrx_word' id='word_1_469' title='bbox 730 2358 775 2381; x_wconf 79' lang='grc' dir='ltr'><strong>καὶ</strong></span> <span class='ocrx_word' id='word_1_470' title='bbox 803 2356 881 2394; x_wconf 79' lang='grc' dir='ltr'>ἀπέρ-</span> 
     </span>
    </p>
   </div>
   <div class='ocr_carea' id='block_1_72' title="bbox 77 2396 881 2436">
    <p class='ocr_par' dir='ltr' id='par_1_72' title="bbox 77 2396 881 2436">
     <span class='ocr_line' id='line_1_72' title="bbox 77 2396 881 2436; baseline 0.007 -15"><span class='ocrx_word' id='word_1_471' title='bbox 77 2405 157 2431; x_wconf 84' lang='grc' dir='ltr'>χεται</span> <span class='ocrx_word' id='word_1_472' title='bbox 189 2396 288 2434; x_wconf 82' lang='grc' dir='ltr'>θυῤῥῶν</span> <span class='ocrx_word' id='word_1_473' title='bbox 325 2402 356 2434; x_wconf 79' lang='grc' dir='ltr'>τῇ</span> <span class='ocrx_word' id='word_1_474' title='bbox 388 2397 497 2435; x_wconf 70' lang='grc' dir='ltr'>δυνάμει</span> <span class='ocrx_word' id='word_1_475' title='bbox 522 2404 569 2430; x_wconf 86' lang='grc' dir='ltr'>τῆς</span> <span class='ocrx_word' id='word_1_476' title='bbox 597 2399 687 2435; x_wconf 73' lang='grc' dir='ltr'>ὅψεως,</span> <span class='ocrx_word' id='word_1_477' title='bbox 725 2402 881 2436; x_wconf 79' lang='grc' dir='ltr'>καταμαθὼν</span> 
     </span>
    </p>
   </div>
   <div class='ocr_carea' id='block_1_73' title="bbox 77 2439 881 2482">
    <p class='ocr_par' dir='ltr' id='par_1_73' title="bbox 77 2439 881 2482">
     <span class='ocr_line' id='line_1_73' title="bbox 77 2439 881 2482; baseline 0.009 -17"><span class='ocrx_word' id='word_1_478' title='bbox 77 2439 173 2466; x_wconf 80' lang='grc' dir='ltr'>ἐκεῖθεν</span> <span class='ocrx_word' id='word_1_479' title='bbox 205 2443 250 2467; x_wconf 77' lang='grc' dir='ltr'>καὶ</span> <span class='ocrx_word' id='word_1_480' title='bbox 289 2444 336 2471; x_wconf 83' lang='grc' dir='ltr'>τὴν</span> <span class='ocrx_word' id='word_1_481' title='bbox 363 2445 450 2472; x_wconf 79' lang='grc' dir='ltr'>κοινὴν</span> <span class='ocrx_word' id='word_1_482' title='bbox 481 2445 582 2470; x_wconf 78' lang='grc' dir='ltr'>πάντων</span> <span class='ocrx_word' id='word_1_483' title='bbox 611 2444 754 2481; x_wconf 75' lang='grc' dir='ltr'>ὶλευθιρὶαν</span> <span class='ocrx_word' id='word_1_484' title='bbox 783 2445 881 2482; x_wconf 79' lang='grc' dir='ltr'>ἀνθρώ-</span> 
     </span>
    </p>
   </div>
   <div class='ocr_carea' id='block_1_74' title="bbox 75 2485 879 2527">
    <p class='ocr_par' dir='ltr' id='par_1_74' title="bbox 75 2485 879 2527">
     <span class='ocr_line' id='line_1_74' title="bbox 75 2485 879 2527; baseline 0.009 -17"><span class='ocrx_word' id='word_1_485' title='bbox 75 2492 141 2515; x_wconf 79' lang='grc' dir='ltr'>πων,</span> <span class='ocrx_word' id='word_1_486' title='bbox 165 2486 198 2516; x_wconf 78' lang='grc' dir='ltr'>ὡς</span> <span class='ocrx_word' id='word_1_487' title='bbox 231 2485 282 2512; x_wconf 73' lang='grc' dir='ltr'><strong>ἀπὸ</strong></span> <span class='ocrx_word' id='word_1_488' title='bbox 311 2489 404 2524; x_wconf 78' lang='grc' dir='ltr'>Φαραὼ</span> <span class='ocrx_word' id='word_1_489' title='bbox 433 2487 585 2525; x_wconf 74' lang='grc' dir='ltr'>τυραννίδος</span> <span class='ocrx_word' id='word_1_490' title='bbox 610 2492 666 2515; x_wconf 76' lang='grc' dir='ltr'>τότε</span> <span class='ocrx_word' id='word_1_491' title='bbox 693 2492 737 2516; x_wconf 74' lang='grc' dir='ltr'>τὸν</span> <span class='ocrx_word' id='word_1_492' title='bbox 761 2490 879 2527; x_wconf 77' lang='grc' dir='ltr'>Ἰσραὴλ,</span> 
     </span>
    </p>
   </div>
   <div class='ocr_carea' id='block_1_75' title="bbox 109 2555 877 2603">
    <p class='ocr_par' dir='ltr' id='par_1_75' title="bbox 109 2555 877 2603">
     <span class='ocr_line' id='line_1_75' title="bbox 109 2555 877 2603; baseline 0.007 -20"><span class='ocrx_word' id='word_1_493' title='bbox 109 2555 247 2603; x_wconf 46' lang='lat' dir='ltr'><strong>(tLi’allxl;</strong></span> <span class='ocrx_word' id='word_1_494' title='bbox 263 2557 352 2603; x_wconf 80' lang='lat' dir='ltr'><strong>Epist.</strong></span> <span class='ocrx_word' id='word_1_495' title='bbox 374 2558 562 2603; x_wconf 36' lang='lat' dir='ltr'><strong>ad‘Ph‘i‘lip‘p.</strong></span> <span class='ocrx_word' id='word_1_496' title='bbox 588 2567 616 2603; x_wconf 54' lang='grc' dir='ltr'>ρ,</span> <span class='ocrx_word' id='word_1_497' title='bbox 635 2563 664 2603; x_wconf 61' lang='grc' dir='ltr'>Ζ,</span> <span class='ocrx_word' id='word_1_498' title='bbox 681 2560 877 2603; x_wconf 48' lang='lat' dir='ltr'><strong>denghristo;</strong></span> 
     </span>
    </p>
   </div>
   <div class='ocr_carea' id='block_1_76' title="bbox 75 2591 875 2632">
    <p class='ocr_par' dir='ltr' id='par_1_76' title="bbox 75 2591 875 2632">
     <span class='ocr_line' id='line_1_76' title="bbox 75 2591 875 2632; baseline 0.009 -15"><span class='ocrx_word' id='word_1_499' title='bbox 75 2591 186 2632; x_wconf 56' lang='grc' dir='ltr'>Ἑαυτὸν</span> <span class='ocrx_word' id='word_1_500' title='bbox 207 2591 323 2632; x_wconf 54' lang='lat' dir='ltr'><strong>infimas,</strong></span> <span class='ocrx_word' id='word_1_501' title='bbox 342 2596 448 2632; x_wconf 28' lang='grc' dir='ltr'>,μορφὴν</span> <span class='ocrx_word' id='word_1_502' title='bbox 473 2591 568 2621; x_wconf 58' lang='lat' dir='ltr'><strong>(hillen</strong></span> <span class='ocrx_word' id='word_1_503' title='bbox 599 2591 693 2622; x_wconf 73' lang='grc' dir='ltr'>λαϐὦν.</span> <span class='ocrx_word' id='word_1_504' title='bbox 719 2596 760 2623; x_wconf 79' lang='lat' dir='ltr'><strong>Cf.</strong></span> <span class='ocrx_word' id='word_1_505' title='bbox 786 2604 814 2632; x_wconf 89' lang='lat' dir='ltr'><strong>p.</strong></span> <span class='ocrx_word' id='word_1_506' title='bbox 831 2591 875 2624; x_wconf 77' lang='grc' dir='ltr'><strong>5οί</strong></span> 
     </span>
    </p>
   </div>
   <div class='ocr_carea' id='block_1_77' title="bbox 111 2627 431 2663">
    <p class='ocr_par' dir='ltr' id='par_1_77' title="bbox 111 2627 431 2663">
     <span class='ocr_line' id='line_1_77' title="bbox 111 2627 431 2663; baseline 0.013 -10"><span class='ocrx_word' id='word_1_507' title='bbox 111 2627 152 2663; x_wconf 81' lang='lat'>(2)</span> <span class='ocrx_word' id='word_1_508' title='bbox 172 2628 195 2654; x_wconf 83' lang='lat' dir='ltr'><strong>A</strong></span> <span class='ocrx_word' id='word_1_509' title='bbox 215 2628 279 2663; x_wconf 76' lang='lat' dir='ltr'><strong>sine</strong></span> <span class='ocrx_word' id='word_1_510' title='bbox 294 2627 431 2657; x_wconf 80' lang='lat' dir='ltr'><strong>articulo.</strong></span> 
     </span>
    </p>
   </div>
   <div class='ocr_carea' id='block_1_78' title="bbox 111 2661 794 2695">
    <p class='ocr_par' dir='ltr' id='par_1_78' title="bbox 111 2661 794 2695">
     <span class='ocr_line' id='line_1_78' title="bbox 111 2661 794 2695; baseline 0.009 -7"><span class='ocrx_word' id='word_1_511' title='bbox 111 2661 150 2691; x_wconf 69' lang='lat' dir='ltr'><strong>(3i</strong></span> <span class='ocrx_word' id='word_1_512' title='bbox 166 2663 196 2692; x_wconf 85' lang='grc' dir='ltr'>Β,</span> <span class='ocrx_word' id='word_1_513' title='bbox 210 2661 346 2692; x_wconf 75' lang='grc' dir='ltr'>δηλοῦται.</span> <span class='ocrx_word' id='word_1_514' title='bbox 365 2664 407 2692; x_wconf 83' lang='lat' dir='ltr'><strong>Ad</strong></span> <span class='ocrx_word' id='word_1_515' title='bbox 423 2673 484 2692; x_wconf 89' lang='lat' dir='ltr'><strong>rem</strong></span> <span class='ocrx_word' id='word_1_516' title='bbox 500 2666 568 2693; x_wconf 87' lang='lat' dir='ltr'><strong>vide</strong></span> <span class='ocrx_word' id='word_1_517' title='bbox 586 2666 719 2694; x_wconf 79' lang='lat' dir='ltr'><strong>Exodum</strong></span> <span class='ocrx_word' id='word_1_518' title='bbox 734 2675 759 2694; x_wconf 91' lang='lat' dir='ltr'><strong>c.</strong></span> <span class='ocrx_word' id='word_1_519' title='bbox 777 2676 794 2695; x_wconf 88' lang='lat' dir='ltr'><strong>l.</strong></span> 
     </span>
    </p>
   </div>
   <div class='ocr_carea' id='block_1_79' title="bbox 111 2698 878 2740">
    <p class='ocr_par' dir='ltr' id='par_1_79' title="bbox 111 2698 878 2740">
     <span class='ocr_line' id='line_1_79' title="bbox 111 2698 878 2740; baseline 0.004 -15"><span class='ocrx_word' id='word_1_520' title='bbox 111 2698 151 2731; x_wconf 69' lang='lat'>(4)</span> <span class='ocrx_word' id='word_1_521' title='bbox 177 2699 267 2740; x_wconf 75' lang='lat' dir='ltr'><strong>Exod.</strong></span> <span class='ocrx_word' id='word_1_522' title='bbox 296 2707 335 2731; x_wconf 85' lang='lat' dir='ltr'><strong>1n,</strong></span> <span class='ocrx_word' id='word_1_523' title='bbox 357 2702 378 2740; x_wconf 74' lang='grc' dir='ltr'><strong>Δ3</strong></span> <span class='ocrx_word' id='word_1_524' title='bbox 395 2709 412 2740; x_wconf 15' lang='grc' dir='ltr'><strong>ε’</strong></span> <span class='ocrx_word' id='word_1_525' title='bbox 427 2699 488 2727; x_wconf 85' lang='grc' dir='ltr'><strong>Εἷπε</strong></span> <span class='ocrx_word' id='word_1_526' title='bbox 511 2700 540 2727; x_wconf 78' lang='grc' dir='ltr'>δέ</span> <span class='ocrx_word' id='word_1_527' title='bbox 570 2705 685 2732; x_wconf 74' lang='grc' dir='ltr'>Μωυσῆς</span> <span class='ocrx_word' id='word_1_528' title='bbox 706 2713 712 2719; x_wconf 87' lang='grc'><strong>·</strong></span> <span class='ocrx_word' id='word_1_529' title='bbox 743 2703 878 2740; x_wconf 80' lang='grc' dir='ltr'>Παρελθὼν</span> 
     </span>
    </p>
   </div>
   <div class='ocr_carea' id='block_1_80' title="bbox 76 2733 555 2772">
    <p class='ocr_par' dir='ltr' id='par_1_80' title="bbox 76 2733 555 2772">
     <span class='ocr_line' id='line_1_80' title="bbox 76 2733 555 2772; baseline 0.01 -13"><span class='ocrx_word' id='word_1_530' title='bbox 76 2733 223 2772; x_wconf 38' lang='grc' dir='ltr'>ἅψομαξτὸ</span> <span class='ocrx_word' id='word_1_531' title='bbox 238 2735 324 2772; x_wconf 69' lang='grc' dir='ltr'>ᾇραμα</span> <span class='ocrx_word' id='word_1_532' title='bbox 337 2737 365 2761; x_wconf 82' lang='grc' dir='ltr'>τὸ</span> <span class='ocrx_word' id='word_1_533' title='bbox 381 2738 447 2772; x_wconf 81' lang='grc' dir='ltr'>μέγα</span> <span class='ocrx_word' id='word_1_534' title='bbox 469 2741 555 2765; x_wconf 81' lang='grc' dir='ltr'>τοῦτο.</span> 
     </span>
    </p>
   </div>
   <div class='ocr_carea' id='block_1_81' title="bbox 110 2769 875 2812">
    <p class='ocr_par' dir='ltr' id='par_1_81' title="bbox 110 2769 875 2812">
     <span class='ocr_line' id='line_1_81' title="bbox 110 2769 875 2812; baseline 0.004 -15"><span class='ocrx_word' id='word_1_535' title='bbox 110 2769 150 2806; x_wconf 87' lang='lat'><strong>(5)</strong></span> <span class='ocrx_word' id='word_1_536' title='bbox 167 2769 259 2803; x_wconf 59' lang='lat' dir='ltr'><strong>Exod,</strong></span> <span class='ocrx_word' id='word_1_537' title='bbox 275 2769 315 2805; x_wconf 68' lang='grc' dir='ltr'>ιιι,</span> <span class='ocrx_word' id='word_1_538' title='bbox 328 2772 346 2798; x_wconf 78' lang='lat'><strong>2</strong></span> <span class='ocrx_word' id='word_1_539' title='bbox 361 2780 368 2799; x_wconf 71' lang='grc' dir='ltr'>ε</span> <span class='ocrx_word' id='word_1_540' title='bbox 381 2769 435 2809; x_wconf 31' lang='grc' dir='ltr'>νόρα</span> <span class='ocrx_word' id='word_1_541' title='bbox 449 2773 490 2799; x_wconf 83' lang='grc' dir='ltr'>ὅτι</span> <span class='ocrx_word' id='word_1_542' title='bbox 507 2773 520 2798; x_wconf 91' lang='grc' dir='ltr'><strong><em>ὁ</em></strong></span> <span class='ocrx_word' id='word_1_543' title='bbox 549 2772 631 2810; x_wconf 75' lang='grc' dir='ltr'>βάτος</span> <span class='ocrx_word' id='word_1_544' title='bbox 659 2776 758 2800; x_wconf 74' lang='grc' dir='ltr'>καίεται</span> <span class='ocrx_word' id='word_1_545' title='bbox 789 2777 853 2812; x_wconf 84' lang='grc' dir='ltr'>πυρί</span> <span class='ocrx_word' id='word_1_546' title='bbox 870 2785 875 2790; x_wconf 92' lang='grc'><strong>·</strong></span> 
     </span>
    </p>
   </div>
   <div class='ocr_carea' id='block_1_82' title="bbox 901 2201 921 2227">
    <p class='ocr_par' dir='ltr' id='par_1_82' title="bbox 901 2201 921 2227">
     <span class='ocr_line' id='line_1_82' title="bbox 901 2201 921 2227; baseline 0 0"><span class='ocrx_word' id='word_1_547' title='bbox 901 2201 921 2227; x_wconf 93' lang='lat' dir='ltr'><strong>D</strong></span> 
     </span>
    </p>
   </div>
   <div class='ocr_carea' id='block_1_83' title="bbox 947 881 1774 918">
    <p class='ocr_par' dir='ltr' id='par_1_83' title="bbox 947 881 1774 918">
     <span class='ocr_line' id='line_1_83' title="bbox 947 881 1774 918; baseline 0.001 -9"><span class='ocrx_word' id='word_1_548' title='bbox 947 881 977 909; x_wconf 91' lang='lat' dir='ltr'><strong>in</strong></span> <span class='ocrx_word' id='word_1_549' title='bbox 1002 890 1089 910; x_wconf 86' lang='lat' dir='ltr'><strong>suam</strong></span> <span class='ocrx_word' id='word_1_550' title='bbox 1126 884 1246 910; x_wconf 87' lang='lat' dir='ltr'><strong>Matrem</strong></span> <span class='ocrx_word' id='word_1_551' title='bbox 1273 882 1386 910; x_wconf 88' lang='lat' dir='ltr'><strong>directo</strong></span> <span class='ocrx_word' id='word_1_552' title='bbox 1413 882 1545 918; x_wconf 83' lang='lat' dir='ltr'><strong>respicit,</strong></span> <span class='ocrx_word' id='word_1_553' title='bbox 1571 882 1683 918; x_wconf 84' lang='lat' dir='ltr'><strong>eligens</strong></span> <span class='ocrx_word' id='word_1_554' title='bbox 1706 891 1774 911; x_wconf 88' lang='lat' dir='ltr'><strong>eam</strong></span> 
     </span>
    </p>
   </div>
   <div class='ocr_carea' id='block_1_84' title="bbox 947 927 1774 962">
    <p class='ocr_par' dir='ltr' id='par_1_84' title="bbox 947 927 1774 962">
     <span class='ocr_line' id='line_1_84' title="bbox 947 927 1774 962; baseline 0.001 -8"><span class='ocrx_word' id='word_1_555' title='bbox 947 928 1108 962; x_wconf 86' lang='lat' dir='ltr'><strong>antequam</strong></span> <span class='ocrx_word' id='word_1_556' title='bbox 1119 927 1268 955; x_wconf 85' lang='lat' dir='ltr'><strong>ordinaret</strong></span> <span class='ocrx_word' id='word_1_557' title='bbox 1275 927 1380 955; x_wconf 89' lang='lat' dir='ltr'><strong>orbem</strong></span> <span class='ocrx_word' id='word_1_558' title='bbox 1388 927 1561 954; x_wconf 85' lang='lat' dir='ltr'><strong>universum</strong></span> <span class='ocrx_word' id='word_1_559' title='bbox 1568 933 1604 954; x_wconf 85' lang='lat' dir='ltr'><strong>ex</strong></span> <span class='ocrx_word' id='word_1_560' title='bbox 1611 927 1774 955; x_wconf 84' lang='lat' dir='ltr'><strong>omnnibus</strong></span> 
     </span>
    </p>
   </div>
   <div class='ocr_carea' id='block_1_85' title="bbox 947 971 1774 1008">
    <p class='ocr_par' dir='ltr' id='par_1_85' title="bbox 947 971 1774 1008">
     <span class='ocr_line' id='line_1_85' title="bbox 947 971 1774 1008; baseline 0.001 -10"><span class='ocrx_word' id='word_1_561' title='bbox 947 978 965 998; x_wconf 86' lang='lat' dir='ltr'><strong>a</strong></span> <span class='ocrx_word' id='word_1_562' title='bbox 979 979 1010 998; x_wconf 90' lang='lat' dir='ltr'><strong>se</strong></span> <span class='ocrx_word' id='word_1_563' title='bbox 1026 972 1131 999; x_wconf 83' lang='lat' dir='ltr'><strong>creatis</strong></span> <span class='ocrx_word' id='word_1_564' title='bbox 1155 971 1409 1006; x_wconf 82' lang='lat' dir='ltr'><strong>generationibus.</strong></span> <span class='ocrx_word' id='word_1_565' title='bbox 1437 971 1544 1008; x_wconf 88' lang='lat' dir='ltr'><strong>Sicque</strong></span> <span class='ocrx_word' id='word_1_566' title='bbox 1564 971 1704 1007; x_wconf 81' lang='lat' dir='ltr'><strong>apparuit</strong></span> <span class='ocrx_word' id='word_1_567' title='bbox 1716 971 1774 999; x_wconf 87' lang='lat' dir='ltr'><strong>hoc</strong></span> 
     </span>
    </p>
   </div>
   <div class='ocr_carea' id='block_1_86' title="bbox 948 1015 1771 1051">
    <p class='ocr_par' dir='ltr' id='par_1_86' title="bbox 948 1015 1771 1051">
     <span class='ocr_line' id='line_1_86' title="bbox 948 1015 1771 1051; baseline 0.002 -9"><span class='ocrx_word' id='word_1_568' title='bbox 948 1016 1120 1051; x_wconf 84' lang='lat' dir='ltr'><strong>mysterium</strong></span> <span class='ocrx_word' id='word_1_569' title='bbox 1139 1016 1187 1044; x_wconf 87' lang='lat' dir='ltr'><strong>Dei</strong></span> <span class='ocrx_word' id='word_1_570' title='bbox 1203 1018 1271 1044; x_wconf 86' lang='lat' dir='ltr'><strong>ante</strong></span> <span class='ocrx_word' id='word_1_571' title='bbox 1280 1024 1402 1044; x_wconf 87' lang='lat' dir='ltr'><strong>omnem</strong></span> <span class='ocrx_word' id='word_1_572' title='bbox 1411 1016 1592 1043; x_wconf 83' lang='lat' dir='ltr'><strong>creationem</strong></span> <span class='ocrx_word' id='word_1_573' title='bbox 1608 1015 1771 1050; x_wconf 86' lang='lat' dir='ltr'><strong>decretum,</strong></span> 
     </span>
    </p>
   </div>
   <div class='ocr_carea' id='block_1_87' title="bbox 946 1060 1772 1096">
    <p class='ocr_par' dir='ltr' id='par_1_87' title="bbox 946 1060 1772 1096">
     <span class='ocr_line' id='line_1_87' title="bbox 946 1060 1772 1096; baseline 0.001 -9"><span class='ocrx_word' id='word_1_574' title='bbox 946 1060 1009 1093; x_wconf 81' lang='lat' dir='ltr'><strong>sed,</strong></span> <span class='ocrx_word' id='word_1_575' title='bbox 1023 1061 1102 1089; x_wconf 87' lang='lat' dir='ltr'><strong>utita</strong></span> <span class='ocrx_word' id='word_1_576' title='bbox 1111 1061 1220 1096; x_wconf 87' lang='lat' dir='ltr'><strong>dicam,</strong></span> <span class='ocrx_word' id='word_1_577' title='bbox 1234 1061 1446 1088; x_wconf 88' lang='lat' dir='ltr'><strong>absconditum</strong></span> <span class='ocrx_word' id='word_1_578' title='bbox 1458 1070 1464 1088; x_wconf 89' lang='lat'>:</span> <span class='ocrx_word' id='word_1_579' title='bbox 1475 1060 1583 1088; x_wconf 90' lang='lat' dir='ltr'><strong>deinde</strong></span> <span class='ocrx_word' id='word_1_580' title='bbox 1594 1060 1772 1088; x_wconf 89' lang='lat' dir='ltr'><strong>secumdum</strong></span> 
     </span>
    </p>
   </div>
   <div class='ocr_carea' id='block_1_88' title="bbox 945 1104 1769 1140">
    <p class='ocr_par' dir='ltr' id='par_1_88' title="bbox 945 1104 1769 1140">
     <span class='ocr_line' id='line_1_88' title="bbox 945 1104 1769 1140; baseline 0 -8"><span class='ocrx_word' id='word_1_581' title='bbox 945 1105 1152 1139; x_wconf 81' lang='lat' dir='ltr'><strong>generationes</strong></span> <span class='ocrx_word' id='word_1_582' title='bbox 1167 1105 1329 1140; x_wconf 83' lang='lat' dir='ltr'><strong>ﬁguratum</strong></span> <span class='ocrx_word' id='word_1_583' title='bbox 1357 1107 1385 1133; x_wconf 88' lang='lat' dir='ltr'><strong>et</strong></span> <span class='ocrx_word' id='word_1_584' title='bbox 1414 1105 1472 1133; x_wconf 74' lang='lat' dir='ltr'><strong>sub</strong></span> <span class='ocrx_word' id='word_1_585' title='bbox 1498 1104 1613 1132; x_wconf 83' lang='lat' dir='ltr'><strong>umbris</strong></span> <span class='ocrx_word' id='word_1_586' title='bbox 1638 1105 1769 1140; x_wconf 88' lang='lat' dir='ltr'><strong>positum</strong></span> 
     </span>
    </p>
   </div>
   <div class='ocr_carea' id='block_1_89' title="bbox 944 1148 1771 1186">
    <p class='ocr_par' dir='ltr' id='par_1_89' title="bbox 944 1148 1771 1186">
     <span class='ocr_line' id='line_1_89' title="bbox 944 1148 1771 1186; baseline 0.002 -10"><span class='ocrx_word' id='word_1_587' title='bbox 944 1149 985 1176; x_wconf 92' lang='lat' dir='ltr'><strong>ibi</strong></span> <span class='ocrx_word' id='word_1_588' title='bbox 1001 1149 1128 1177; x_wconf 82' lang='lat' dir='ltr'><strong>salutem</strong></span> <span class='ocrx_word' id='word_1_589' title='bbox 1143 1152 1292 1186; x_wconf 82' lang='lat' dir='ltr'><strong>operatur,</strong></span> <span class='ocrx_word' id='word_1_590' title='bbox 1307 1149 1359 1178; x_wconf 90' lang='lat' dir='ltr'><strong>ubi</strong></span> <span class='ocrx_word' id='word_1_591' title='bbox 1385 1152 1474 1186; x_wconf 86' lang='lat' dir='ltr'><strong>typus</strong></span> <span class='ocrx_word' id='word_1_592' title='bbox 1498 1149 1563 1185; x_wconf 85' lang='lat' dir='ltr'><strong>ejus</strong></span> <span class='ocrx_word' id='word_1_593' title='bbox 1589 1148 1635 1177; x_wconf 87' lang='lat' dir='ltr'><strong>vel</strong></span> <span class='ocrx_word' id='word_1_594' title='bbox 1662 1148 1771 1178; x_wconf 82' lang='lat' dir='ltr'><strong>umbra</strong></span> 
     </span>
    </p>
   </div>
   <div class='ocr_carea' id='block_1_90' title="bbox 944 1193 1769 1230">
    <p class='ocr_par' dir='ltr' id='par_1_90' title="bbox 944 1193 1769 1230">
     <span class='ocr_line' id='line_1_90' title="bbox 944 1193 1769 1230; baseline 0 -8"><span class='ocrx_word' id='word_1_595' title='bbox 944 1194 1086 1230; x_wconf 79' lang='lat' dir='ltr'><strong>quaedam</strong></span> <span class='ocrx_word' id='word_1_596' title='bbox 1100 1194 1322 1222; x_wconf 82' lang='lat' dir='ltr'><strong>demonstratur</strong></span> <span class='ocrx_word' id='word_1_597' title='bbox 1340 1197 1369 1222; x_wconf 86' lang='lat' dir='ltr'><strong>et</strong></span> <span class='ocrx_word' id='word_1_598' title='bbox 1383 1194 1536 1230; x_wconf 86' lang='lat' dir='ltr'><strong>accipitur.</strong></span> <span class='ocrx_word' id='word_1_599' title='bbox 1566 1195 1599 1222; x_wconf 88' lang='lat' dir='ltr'><strong>Et</strong></span> <span class='ocrx_word' id='word_1_600' title='bbox 1622 1194 1680 1222; x_wconf 90' lang='lat' dir='ltr'><strong>hoc</strong></span> <span class='ocrx_word' id='word_1_601' title='bbox 1705 1193 1769 1222; x_wconf 89' lang='lat' dir='ltr'><strong>evi-</strong></span> 
     </span>
    </p>
   </div>
   <div class='ocr_carea' id='block_1_91' title="bbox 943 1237 1604 1274">
    <p class='ocr_par' dir='ltr' id='par_1_91' title="bbox 943 1237 1604 1274">
     <span class='ocr_line' id='line_1_91' title="bbox 943 1237 1604 1274; baseline 0.002 -9"><span class='ocrx_word' id='word_1_602' title='bbox 943 1237 1048 1266; x_wconf 88' lang='lat' dir='ltr'><strong>denter</strong></span> <span class='ocrx_word' id='word_1_603' title='bbox 1061 1238 1142 1266; x_wconf 88' lang='lat' dir='ltr'><strong>novit</strong></span> <span class='ocrx_word' id='word_1_604' title='bbox 1156 1239 1207 1274; x_wconf 85' lang='lat' dir='ltr'><strong>qui</strong></span> <span class='ocrx_word' id='word_1_605' title='bbox 1217 1246 1280 1266; x_wconf 89' lang='lat' dir='ltr'><strong>rem</strong></span> <span class='ocrx_word' id='word_1_606' title='bbox 1300 1241 1409 1266; x_wconf 88' lang='lat' dir='ltr'><strong>attente</strong></span> <span class='ocrx_word' id='word_1_607' title='bbox 1423 1238 1604 1266; x_wconf 87' lang='lat' dir='ltr'><strong>considerat.</strong></span> 
     </span>
    </p>
   </div>
   <div class='ocr_carea' id='block_1_92' title="bbox 978 1283 1767 1320">
    <p class='ocr_par' dir='ltr' id='par_1_92' title="bbox 978 1283 1767 1320">
     <span class='ocr_line' id='line_1_92' title="bbox 978 1283 1767 1320; baseline 0.001 -10"><span class='ocrx_word' id='word_1_608' title='bbox 978 1284 1084 1310; x_wconf 86' lang='lat' dir='ltr'><strong>Servus</strong></span> <span class='ocrx_word' id='word_1_609' title='bbox 1100 1283 1194 1311; x_wconf 86' lang='lat' dir='ltr'><strong>factus</strong></span> <span class='ocrx_word' id='word_1_610' title='bbox 1207 1283 1292 1311; x_wconf 83' lang='lat' dir='ltr'><strong>Israel</strong></span> <span class='ocrx_word' id='word_1_611' title='bbox 1307 1283 1337 1311; x_wconf 89' lang='lat' dir='ltr'><strong>in</strong></span> <span class='ocrx_word' id='word_1_612' title='bbox 1366 1283 1497 1320; x_wconf 69' lang='lat' dir='ltr'><strong>Egypto</strong></span> <span class='ocrx_word' id='word_1_613' title='bbox 1525 1283 1584 1311; x_wconf 91' lang='lat' dir='ltr'><strong>sub</strong></span> <span class='ocrx_word' id='word_1_614' title='bbox 1605 1283 1767 1311; x_wconf 86' lang='lat' dir='ltr'><strong>Pharaonis</strong></span> 
     </span>
    </p>
   </div>
   <div class='ocr_carea' id='block_1_93' title="bbox 943 1328 1769 1364">
    <p class='ocr_par' dir='ltr' id='par_1_93' title="bbox 943 1328 1769 1364">
     <span class='ocr_line' id='line_1_93' title="bbox 943 1328 1769 1364; baseline 0.001 -10"><span class='ocrx_word' id='word_1_615' title='bbox 943 1328 1101 1363; x_wconf 87' lang='lat' dir='ltr'><strong>tyrannide</strong></span> <span class='ocrx_word' id='word_1_616' title='bbox 1124 1328 1317 1364; x_wconf 87' lang='lat' dir='ltr'><strong>premebatur</strong></span> <span class='ocrx_word' id='word_1_617' title='bbox 1332 1337 1338 1361; x_wconf 74' lang='grc' dir='ltr'>ς</span> <span class='ocrx_word' id='word_1_618' title='bbox 1352 1328 1467 1357; x_wconf 90' lang='lat' dir='ltr'><strong>acerbis</strong></span> <span class='ocrx_word' id='word_1_619' title='bbox 1493 1328 1639 1364; x_wconf 83' lang='lat' dir='ltr'><strong>pressuris</strong></span> <span class='ocrx_word' id='word_1_620' title='bbox 1662 1328 1769 1356; x_wconf 87' lang='lat' dir='ltr'><strong>misere</strong></span> 
     </span>
    </p>
   </div>
   <div class='ocr_carea' id='block_1_94' title="bbox 942 1371 1768 1409">
    <p class='ocr_par' dir='ltr' id='par_1_94' title="bbox 942 1371 1768 1409">
     <span class='ocr_line' id='line_1_94' title="bbox 942 1371 1768 1409; baseline 0 -9"><span class='ocrx_word' id='word_1_621' title='bbox 942 1371 1099 1400; x_wconf 87' lang='lat' dir='ltr'><strong>lacessitus</strong></span> <span class='ocrx_word' id='word_1_622' title='bbox 1112 1372 1268 1409; x_wconf 81' lang='lat' dir='ltr'><strong>fessusque</strong></span> <span class='ocrx_word' id='word_1_623' title='bbox 1281 1372 1414 1409; x_wconf 75' lang='lat' dir='ltr'><strong>pondere</strong></span> <span class='ocrx_word' id='word_1_624' title='bbox 1434 1375 1462 1400; x_wconf 89' lang='lat' dir='ltr'><strong>et</strong></span> <span class='ocrx_word' id='word_1_625' title='bbox 1482 1373 1670 1401; x_wconf 83' lang='lat' dir='ltr'><strong>multitudine</strong></span> <span class='ocrx_word' id='word_1_626' title='bbox 1687 1372 1768 1400; x_wconf 85' lang='lat' dir='ltr'><strong>labo—</strong></span> 
     </span>
    </p>
   </div>
   <div class='ocr_carea' id='block_1_95' title="bbox 942 1417 1768 1454">
    <p class='ocr_par' dir='ltr' id='par_1_95' title="bbox 942 1417 1768 1454">
     <span class='ocr_line' id='line_1_95' title="bbox 942 1417 1768 1454; baseline 0.001 -11"><span class='ocrx_word' id='word_1_627' title='bbox 942 1424 1020 1449; x_wconf 90' lang='lat' dir='ltr'><strong>rum,</strong></span> <span class='ocrx_word' id='word_1_628' title='bbox 1037 1417 1074 1445; x_wconf 90' lang='lat' dir='ltr'><strong>ad</strong></span> <span class='ocrx_word' id='word_1_629' title='bbox 1095 1417 1160 1444; x_wconf 65' lang='lat' dir='ltr'><strong>haec</strong></span> <span class='ocrx_word' id='word_1_630' title='bbox 1179 1420 1312 1445; x_wconf 83' lang='lat' dir='ltr'><strong>extrema</strong></span> <span class='ocrx_word' id='word_1_631' title='bbox 1339 1417 1535 1452; x_wconf 87' lang='lat' dir='ltr'><strong>dejiciebatur</strong></span> <span class='ocrx_word' id='word_1_632' title='bbox 1554 1425 1622 1454; x_wconf 66' lang='lat' dir='ltr'><strong>quae</strong></span> <span class='ocrx_word' id='word_1_633' title='bbox 1651 1417 1689 1445; x_wconf 88' lang='lat' dir='ltr'><strong>de</strong></span> <span class='ocrx_word' id='word_1_634' title='bbox 1717 1417 1768 1444; x_wconf 90' lang='lat' dir='ltr'><strong>illo</strong></span> 
     </span>
    </p>
   </div>
   <div class='ocr_carea' id='block_1_96' title="bbox 942 1461 1767 1489">
    <p class='ocr_par' dir='ltr' id='par_1_96' title="bbox 942 1461 1767 1489">
     <span class='ocr_line' id='line_1_96' title="bbox 942 1461 1767 1489; baseline 0.001 -1"><span class='ocrx_word' id='word_1_635' title='bbox 942 1464 1066 1489; x_wconf 74' lang='lat' dir='ltr'><strong>narrant</strong></span> <span class='ocrx_word' id='word_1_636' title='bbox 1077 1461 1172 1489; x_wconf 90' lang='lat' dir='ltr'><strong>Biblia</strong></span> <span class='ocrx_word' id='word_1_637' title='bbox 1182 1465 1210 1489; x_wconf 87' lang='lat' dir='ltr'><strong>et</strong></span> <span class='ocrx_word' id='word_1_638' title='bbox 1218 1465 1350 1489; x_wconf 84' lang='lat' dir='ltr'><strong>veterum</strong></span> <span class='ocrx_word' id='word_1_639' title='bbox 1363 1462 1495 1489; x_wconf 68' lang='lat' dir='ltr'><strong>historiae</strong></span> <span class='ocrx_word' id='word_1_640' title='bbox 1510 1470 1516 1489; x_wconf 93' lang='lat'><strong>:</strong></span> <span class='ocrx_word' id='word_1_641' title='bbox 1530 1461 1656 1489; x_wconf 83' lang='lat' dir='ltr'><strong>surrexit</strong></span> <span class='ocrx_word' id='word_1_642' title='bbox 1666 1464 1767 1489; x_wconf 88' lang='lat' dir='ltr'><strong>autem</strong></span> 
     </span>
    </p>
   </div>
   <div class='ocr_carea' id='block_1_97' title="bbox 941 1505 1767 1542">
    <p class='ocr_par' dir='ltr' id='par_1_97' title="bbox 941 1505 1767 1542">
     <span class='ocr_line' id='line_1_97' title="bbox 941 1505 1767 1542; baseline -0.001 -8"><span class='ocrx_word' id='word_1_643' title='bbox 941 1507 1034 1534; x_wconf 84' lang='lat' dir='ltr'><strong>Moses</strong></span> <span class='ocrx_word' id='word_1_644' title='bbox 1048 1505 1148 1534; x_wconf 77' lang='lat' dir='ltr'><strong>zelans</strong></span> <span class='ocrx_word' id='word_1_645' title='bbox 1163 1514 1252 1542; x_wconf 88' lang='lat' dir='ltr'><strong>super</strong></span> <span class='ocrx_word' id='word_1_646' title='bbox 1274 1506 1430 1542; x_wconf 81' lang='lat' dir='ltr'><strong>patientes,</strong></span> <span class='ocrx_word' id='word_1_647' title='bbox 1461 1505 1637 1542; x_wconf 78' lang='lat' dir='ltr'><strong>fugiensque</strong></span> <span class='ocrx_word' id='word_1_648' title='bbox 1660 1507 1767 1542; x_wconf 66' lang='lat' dir='ltr'><strong>Egyp-</strong></span> 
     </span>
    </p>
   </div>
   <div class='ocr_carea' id='block_1_98' title="bbox 942 1550 1767 1587">
    <p class='ocr_par' dir='ltr' id='par_1_98' title="bbox 942 1550 1767 1587">
     <span class='ocr_line' id='line_1_98' title="bbox 942 1550 1767 1587; baseline 0 -10"><span class='ocrx_word' id='word_1_649' title='bbox 942 1553 1004 1578; x_wconf 84' lang='lat' dir='ltr'><strong>tum</strong></span> <span class='ocrx_word' id='word_1_650' title='bbox 1020 1558 1083 1578; x_wconf 87' lang='lat' dir='ltr'><strong>sese</strong></span> <span class='ocrx_word' id='word_1_651' title='bbox 1116 1551 1174 1578; x_wconf 88' lang='lat' dir='ltr'><strong>Deo</strong></span> <span class='ocrx_word' id='word_1_652' title='bbox 1197 1551 1425 1587; x_wconf 82' lang='lat' dir='ltr'><strong>approximavit.</strong></span> <span class='ocrx_word' id='word_1_653' title='bbox 1453 1550 1596 1586; x_wconf 87' lang='lat' dir='ltr'><strong>Videtque</strong></span> <span class='ocrx_word' id='word_1_654' title='bbox 1619 1550 1767 1578; x_wconf 86' lang='lat' dir='ltr'><strong>visionem</strong></span> 
     </span>
    </p>
   </div>
   <div class='ocr_carea' id='block_1_99' title="bbox 941 1595 1765 1631">
    <p class='ocr_par' dir='ltr' id='par_1_99' title="bbox 941 1595 1765 1631">
     <span class='ocr_line' id='line_1_99' title="bbox 941 1595 1765 1631; baseline -0.001 -8"><span class='ocrx_word' id='word_1_655' title='bbox 941 1595 1019 1622; x_wconf 82' lang='lat' dir='ltr'><strong>hanc</strong></span> <span class='ocrx_word' id='word_1_656' title='bbox 1026 1603 1168 1630; x_wconf 83' lang='lat' dir='ltr'><strong>magnam</strong></span> <span class='ocrx_word' id='word_1_657' title='bbox 1176 1598 1204 1623; x_wconf 87' lang='lat' dir='ltr'><strong>et</strong></span> <span class='ocrx_word' id='word_1_658' title='bbox 1211 1595 1401 1631; x_wconf 83' lang='lat' dir='ltr'><strong>stupendam,</strong></span> <span class='ocrx_word' id='word_1_659' title='bbox 1415 1595 1515 1630; x_wconf 81' lang='lat' dir='ltr'><strong>ignem</strong></span> <span class='ocrx_word' id='word_1_660' title='bbox 1532 1595 1562 1622; x_wconf 89' lang='lat' dir='ltr'><strong>in</strong></span> <span class='ocrx_word' id='word_1_661' title='bbox 1572 1595 1658 1629; x_wconf 86' lang='lat' dir='ltr'><strong>rubo,</strong></span> <span class='ocrx_word' id='word_1_662' title='bbox 1666 1595 1765 1629; x_wconf 79' lang='lat' dir='ltr'><strong>ignem</strong></span> 
     </span>
    </p>
   </div>
   <div class='ocr_carea' id='block_1_100' title="bbox 943 1638 1765 1675">
    <p class='ocr_par' dir='ltr' id='par_1_100' title="bbox 943 1638 1765 1675">
     <span class='ocr_line' id='line_1_100' title="bbox 943 1638 1765 1675; baseline 0 -9"><span class='ocrx_word' id='word_1_663' title='bbox 943 1642 1086 1675; x_wconf 86' lang='lat' dir='ltr'><strong>urentem,</strong></span> <span class='ocrx_word' id='word_1_664' title='bbox 1100 1640 1222 1668; x_wconf 87' lang='lat' dir='ltr'><strong>minime</strong></span> <span class='ocrx_word' id='word_1_665' title='bbox 1232 1648 1302 1668; x_wconf 81' lang='lat' dir='ltr'><strong>vero</strong></span> <span class='ocrx_word' id='word_1_666' title='bbox 1313 1642 1550 1673; x_wconf 82' lang='lat' dir='ltr'><strong>consumentem,</strong></span> <span class='ocrx_word' id='word_1_667' title='bbox 1571 1638 1643 1675; x_wconf 89' lang='lat' dir='ltr'><strong>quia</strong></span> <span class='ocrx_word' id='word_1_668' title='bbox 1654 1639 1701 1666; x_wconf 89' lang='lat' dir='ltr'><strong>illc</strong></span> <span class='ocrx_word' id='word_1_669' title='bbox 1712 1645 1765 1674; x_wconf 81' lang='lat' dir='ltr'><strong>qu:</strong></span> 
     </span>
    </p>
   </div>
   <div class='ocr_carea' id='block_1_101' title="bbox 941 1684 1766 1721">
    <p class='ocr_par' dir='ltr' id='par_1_101' title="bbox 941 1684 1766 1721">
     <span class='ocr_line' id='line_1_101' title="bbox 941 1684 1766 1721; baseline -0.001 -9"><span class='ocrx_word' id='word_1_670' title='bbox 941 1685 1072 1720; x_wconf 85' lang='lat' dir='ltr'><strong>Moysem</strong></span> <span class='ocrx_word' id='word_1_671' title='bbox 1087 1693 1122 1713; x_wconf 82' lang='lat' dir='ltr'><strong>ex</strong></span> <span class='ocrx_word' id='word_1_672' title='bbox 1133 1685 1209 1713; x_wconf 86' lang='lat' dir='ltr'><strong>rubo</strong></span> <span class='ocrx_word' id='word_1_673' title='bbox 1219 1685 1343 1717; x_wconf 81' lang='lat' dir='ltr'><strong>vocavit,</strong></span> <span class='ocrx_word' id='word_1_674' title='bbox 1356 1687 1461 1721; x_wconf 87' lang='lat' dir='ltr'><strong>postea</strong></span> <span class='ocrx_word' id='word_1_675' title='bbox 1469 1685 1656 1713; x_wconf 87' lang='lat' dir='ltr'><strong>descendens</strong></span> <span class='ocrx_word' id='word_1_676' title='bbox 1663 1684 1701 1712; x_wconf 85' lang='lat' dir='ltr'><strong>ad</strong></span> <span class='ocrx_word' id='word_1_677' title='bbox 1707 1684 1766 1712; x_wconf 84' lang='lat' dir='ltr'><strong>vir-</strong></span> 
     </span>
    </p>
   </div>
   <div class='ocr_carea' id='block_1_102' title="bbox 941 1729 1767 1765">
    <p class='ocr_par' dir='ltr' id='par_1_102' title="bbox 941 1729 1767 1765">
     <span class='ocr_line' id='line_1_102' title="bbox 941 1729 1767 1765; baseline 0 -9"><span class='ocrx_word' id='word_1_678' title='bbox 941 1729 1129 1765; x_wconf 81' lang='lat' dir='ltr'><strong>ginem,ejus</strong></span> <span class='ocrx_word' id='word_1_679' title='bbox 1148 1730 1347 1765; x_wconf 84' lang='lat' dir='ltr'><strong>virginitatem</strong></span> <span class='ocrx_word' id='word_1_680' title='bbox 1373 1738 1427 1757; x_wconf 86' lang='lat' dir='ltr'><strong>nec</strong></span> <span class='ocrx_word' id='word_1_681' title='bbox 1455 1729 1577 1757; x_wconf 85' lang='lat' dir='ltr'><strong>abstulit</strong></span> <span class='ocrx_word' id='word_1_682' title='bbox 1604 1736 1702 1765; x_wconf 86' lang='lat' dir='ltr'><strong>neque</strong></span> <span class='ocrx_word' id='word_1_683' title='bbox 1720 1729 1767 1756; x_wconf 87' lang='lat' dir='ltr'><strong>vel</strong></span> 
     </span>
    </p>
   </div>
   <div class='ocr_carea' id='block_1_103' title="bbox 942 1774 1765 1811">
    <p class='ocr_par' dir='ltr' id='par_1_103' title="bbox 942 1774 1765 1811">
     <span class='ocr_line' id='line_1_103' title="bbox 942 1774 1765 1811; baseline 0 -10"><span class='ocrx_word' id='word_1_684' title='bbox 942 1774 1102 1802; x_wconf 89' lang='lat' dir='ltr'><strong>minimum</strong></span> <span class='ocrx_word' id='word_1_685' title='bbox 1112 1775 1292 1803; x_wconf 86' lang='lat' dir='ltr'><strong>obscuravit.</strong></span> <span class='ocrx_word' id='word_1_686' title='bbox 1309 1776 1449 1811; x_wconf 84' lang='lat' dir='ltr'><strong>Tuncque</strong></span> <span class='ocrx_word' id='word_1_687' title='bbox 1460 1774 1574 1802; x_wconf 83' lang='lat' dir='ltr'><strong>audivit</strong></span> <span class='ocrx_word' id='word_1_688' title='bbox 1601 1775 1716 1810; x_wconf 83' lang='lat' dir='ltr'><strong>Moyses</strong></span> <span class='ocrx_word' id='word_1_689' title='bbox 1732 1782 1765 1801; x_wconf 87' lang='lat' dir='ltr'><strong>se</strong></span> 
     </span>
    </p>
   </div>
   <div class='ocr_carea' id='block_1_104' title="bbox 941 1818 1765 1855">
    <p class='ocr_par' dir='ltr' id='par_1_104' title="bbox 941 1818 1765 1855">
     <span class='ocr_line' id='line_1_104' title="bbox 941 1818 1765 1855; baseline 0 -9"><span class='ocrx_word' id='word_1_690' title='bbox 941 1819 1055 1847; x_wconf 82' lang='lat' dir='ltr'><strong>calcare</strong></span> <span class='ocrx_word' id='word_1_691' title='bbox 1072 1822 1179 1848; x_wconf 83' lang='lat' dir='ltr'><strong>terrain</strong></span> <span class='ocrx_word' id='word_1_692' title='bbox 1195 1822 1340 1850; x_wconf 88' lang='lat' dir='ltr'><strong>sanctam,</strong></span> <span class='ocrx_word' id='word_1_693' title='bbox 1355 1822 1383 1847; x_wconf 91' lang='lat' dir='ltr'><strong>et</strong></span> <span class='ocrx_word' id='word_1_694' title='bbox 1394 1820 1497 1855; x_wconf 87' lang='lat' dir='ltr'><strong>jussus</strong></span> <span class='ocrx_word' id='word_1_695' title='bbox 1523 1819 1636 1846; x_wconf 89' lang='lat' dir='ltr'><strong>solvere</strong></span> <span class='ocrx_word' id='word_1_696' title='bbox 1650 1818 1765 1846; x_wconf 85' lang='lat' dir='ltr'><strong>calcea-</strong></span> 
     </span>
    </p>
   </div>
   <div class='ocr_carea' id='block_1_105' title="bbox 942 1863 1765 1900">
    <p class='ocr_par' dir='ltr' id='par_1_105' title="bbox 942 1863 1765 1900">
     <span class='ocr_line' id='line_1_105' title="bbox 942 1863 1765 1900; baseline -0.001 -9"><span class='ocrx_word' id='word_1_697' title='bbox 942 1866 1041 1891; x_wconf 88' lang='lat' dir='ltr'><strong>menta</strong></span> <span class='ocrx_word' id='word_1_698' title='bbox 1054 1863 1166 1900; x_wconf 90' lang='lat' dir='ltr'><strong>pedum</strong></span> <span class='ocrx_word' id='word_1_699' title='bbox 1182 1872 1316 1899; x_wconf 88' lang='lat' dir='ltr'><strong>suorum,</strong></span> <span class='ocrx_word' id='word_1_700' title='bbox 1331 1864 1415 1892; x_wconf 89' lang='lat' dir='ltr'><strong>solvit</strong></span> <span class='ocrx_word' id='word_1_701' title='bbox 1434 1866 1462 1892; x_wconf 90' lang='lat' dir='ltr'><strong>et</strong></span> <span class='ocrx_word' id='word_1_702' title='bbox 1488 1863 1622 1891; x_wconf 88' lang='lat' dir='ltr'><strong>accessit.</strong></span> <span class='ocrx_word' id='word_1_703' title='bbox 1651 1864 1765 1896; x_wconf 87' lang='lat' dir='ltr'><strong>Quare-</strong></span> 
     </span>
    </p>
   </div>
   <div class='ocr_carea' id='block_1_106' title="bbox 939 1906 1765 1944">
    <p class='ocr_par' dir='ltr' id='par_1_106' title="bbox 939 1906 1765 1944">
     <span class='ocr_line' id='line_1_106' title="bbox 939 1906 1765 1944; baseline -0.002 -8"><span class='ocrx_word' id='word_1_704' title='bbox 939 1915 1010 1936; x_wconf 86' lang='lat' dir='ltr'><strong>nam</strong></span> <span class='ocrx_word' id='word_1_705' title='bbox 1025 1908 1123 1942; x_wconf 85' lang='lat' dir='ltr'><strong>?Quia</strong></span> <span class='ocrx_word' id='word_1_706' title='bbox 1139 1916 1198 1936; x_wconf 88' lang='lat' dir='ltr'><strong>non</strong></span> <span class='ocrx_word' id='word_1_707' title='bbox 1222 1908 1288 1936; x_wconf 86' lang='lat' dir='ltr'><strong>licet</strong></span> <span class='ocrx_word' id='word_1_708' title='bbox 1305 1908 1472 1944; x_wconf 87' lang='lat' dir='ltr'><strong>quidquam</strong></span> <span class='ocrx_word' id='word_1_709' title='bbox 1489 1911 1640 1935; x_wconf 88' lang='lat' dir='ltr'><strong>mortuum</strong></span> <span class='ocrx_word' id='word_1_710' title='bbox 1664 1906 1765 1935; x_wconf 87' lang='lat' dir='ltr'><strong>locum</strong></span> 
     </span>
    </p>
   </div>
   <div class='ocr_carea' id='block_1_107' title="bbox 940 1951 1764 1988">
    <p class='ocr_par' dir='ltr' id='par_1_107' title="bbox 940 1951 1764 1988">
     <span class='ocr_line' id='line_1_107' title="bbox 940 1951 1764 1988; baseline -0.001 -8"><span class='ocrx_word' id='word_1_711' title='bbox 940 1956 1061 1987; x_wconf 78' lang='lat' dir='ltr'><strong>tangere</strong></span> <span class='ocrx_word' id='word_1_712' title='bbox 1076 1953 1125 1980; x_wconf 90' lang='lat' dir='ltr'><strong>ubi</strong></span> <span class='ocrx_word' id='word_1_713' title='bbox 1142 1954 1217 1980; x_wconf 89' lang='lat' dir='ltr'><strong>Deus</strong></span> <span class='ocrx_word' id='word_1_714' title='bbox 1233 1961 1365 1988; x_wconf 70' lang='lat' dir='ltr'><strong>prtesens</strong></span> <span class='ocrx_word' id='word_1_715' title='bbox 1382 1954 1435 1980; x_wconf 86' lang='lat' dir='ltr'><strong>est.</strong></span> <span class='ocrx_word' id='word_1_716' title='bbox 1451 1953 1550 1988; x_wconf 87' lang='lat' dir='ltr'><strong>Typus</strong></span> <span class='ocrx_word' id='word_1_717' title='bbox 1568 1959 1690 1988; x_wconf 89' lang='lat' dir='ltr'><strong>quoque</strong></span> <span class='ocrx_word' id='word_1_718' title='bbox 1705 1951 1764 1979; x_wconf 89' lang='lat' dir='ltr'><strong>im—</strong></span> 
     </span>
    </p>
   </div>
   <div class='ocr_carea' id='block_1_108' title="bbox 940 1997 1764 2033">
    <p class='ocr_par' dir='ltr' id='par_1_108' title="bbox 940 1997 1764 2033">
     <span class='ocr_line' id='line_1_108' title="bbox 940 1997 1764 2033; baseline -0.001 -8"><span class='ocrx_word' id='word_1_719' title='bbox 940 1997 1096 2025; x_wconf 66' lang='lat' dir='ltr'><strong>maculata:</strong></span> <span class='ocrx_word' id='word_1_720' title='bbox 1113 1997 1262 2033; x_wconf 79' lang='lat' dir='ltr'><strong>(Virginis)</strong></span> <span class='ocrx_word' id='word_1_721' title='bbox 1285 2001 1314 2025; x_wconf 86' lang='lat' dir='ltr'><strong>ut</strong></span> <span class='ocrx_word' id='word_1_722' title='bbox 1330 1998 1431 2027; x_wconf 87' lang='lat' dir='ltr'><strong>Edem.</strong></span> <span class='ocrx_word' id='word_1_723' title='bbox 1458 1997 1497 2024; x_wconf 90' lang='lat' dir='ltr'><strong>ad</strong></span> <span class='ocrx_word' id='word_1_724' title='bbox 1526 2005 1615 2033; x_wconf 88' lang='lat' dir='ltr'><strong>quem</strong></span> <span class='ocrx_word' id='word_1_725' title='bbox 1643 2004 1697 2024; x_wconf 87' lang='lat' dir='ltr'><strong>nos</strong></span> <span class='ocrx_word' id='word_1_726' title='bbox 1720 2004 1764 2024; x_wconf 93' lang='lat' dir='ltr'><strong>re-</strong></span> 
     </span>
    </p>
   </div>
   <div class='ocr_carea' id='block_1_109' title="bbox 939 2041 1764 2078">
    <p class='ocr_par' dir='ltr' id='par_1_109' title="bbox 939 2041 1764 2078">
     <span class='ocr_line' id='line_1_109' title="bbox 939 2041 1764 2078; baseline -0.001 -9"><span class='ocrx_word' id='word_1_727' title='bbox 939 2050 1094 2077; x_wconf 82' lang='lat' dir='ltr'><strong>gressuros</strong></span> <span class='ocrx_word' id='word_1_728' title='bbox 1107 2042 1365 2070; x_wconf 83' lang='lat' dir='ltr'><strong>etinhabitaturos</strong></span> <span class='ocrx_word' id='word_1_729' title='bbox 1389 2041 1535 2078; x_wconf 90' lang='lat' dir='ltr'><strong>symbolis</strong></span> <span class='ocrx_word' id='word_1_730' title='bbox 1561 2041 1662 2069; x_wconf 86' lang='lat' dir='ltr'><strong>multis</strong></span> <span class='ocrx_word' id='word_1_731' title='bbox 1690 2048 1764 2076; x_wconf 78' lang='lat' dir='ltr'><strong>prae-</strong></span> 
     </span>
    </p>
   </div>
   <div class='ocr_carea' id='block_1_110' title="bbox 938 2085 1763 2121">
    <p class='ocr_par' dir='ltr' id='par_1_110' title="bbox 938 2085 1763 2121">
     <span class='ocr_line' id='line_1_110' title="bbox 938 2085 1763 2121; baseline -0.002 -7"><span class='ocrx_word' id='word_1_732' title='bbox 938 2086 1085 2114; x_wconf 87' lang='lat' dir='ltr'><strong>nuntiavit</strong></span> <span class='ocrx_word' id='word_1_733' title='bbox 1100 2086 1145 2113; x_wconf 92' lang='lat' dir='ltr'><strong>ille</strong></span> <span class='ocrx_word' id='word_1_734' title='bbox 1160 2086 1210 2121; x_wconf 93' lang='lat' dir='ltr'><strong>qui</strong></span> <span class='ocrx_word' id='word_1_735' title='bbox 1239 2086 1268 2113; x_wconf 91' lang='lat' dir='ltr'><strong>in</strong></span> <span class='ocrx_word' id='word_1_736' title='bbox 1297 2086 1413 2120; x_wconf 77' lang='lat' dir='ltr'><strong>Virgine</strong></span> <span class='ocrx_word' id='word_1_737' title='bbox 1433 2086 1575 2121; x_wconf 83' lang='lat' dir='ltr'><strong>apparuit</strong></span> <span class='ocrx_word' id='word_1_738' title='bbox 1590 2094 1597 2113; x_wconf 89' lang='lat'><strong>:</strong></span> <span class='ocrx_word' id='word_1_739' title='bbox 1613 2088 1641 2113; x_wconf 84' lang='lat' dir='ltr'><strong>et</strong></span> <span class='ocrx_word' id='word_1_740' title='bbox 1663 2085 1763 2113; x_wconf 85' lang='lat' dir='ltr'><strong>statim</strong></span> 
     </span>
    </p>
   </div>
   <div class='ocr_carea' id='block_1_111' title="bbox 936 2129 1762 2166">
    <p class='ocr_par' dir='ltr' id='par_1_111' title="bbox 936 2129 1762 2166">
     <span class='ocr_line' id='line_1_111' title="bbox 936 2129 1762 2166; baseline -0.001 -8"><span class='ocrx_word' id='word_1_741' title='bbox 936 2131 1021 2166; x_wconf 91' lang='lat' dir='ltr'><strong>jubet</strong></span> <span class='ocrx_word' id='word_1_742' title='bbox 1034 2139 1090 2158; x_wconf 85' lang='lat' dir='ltr'><strong>nos</strong></span> <span class='ocrx_word' id='word_1_743' title='bbox 1103 2130 1222 2166; x_wconf 86' lang='lat' dir='ltr'><strong>rejicere</strong></span> <span class='ocrx_word' id='word_1_744' title='bbox 1236 2130 1385 2166; x_wconf 88' lang='lat' dir='ltr'><strong>quidquid</strong></span> <span class='ocrx_word' id='word_1_745' title='bbox 1404 2129 1432 2157; x_wconf 89' lang='lat' dir='ltr'><strong>in</strong></span> <span class='ocrx_word' id='word_1_746' title='bbox 1458 2130 1623 2158; x_wconf 90' lang='lat' dir='ltr'><strong>remedium</strong></span> <span class='ocrx_word' id='word_1_747' title='bbox 1640 2132 1668 2157; x_wconf 86' lang='lat' dir='ltr'><strong>et</strong></span> <span class='ocrx_word' id='word_1_748' title='bbox 1682 2130 1762 2157; x_wconf 83' lang='lat' dir='ltr'><strong>auxi-</strong></span> 
     </span>
    </p>
   </div>
   <div class='ocr_carea' id='block_1_112' title="bbox 937 2174 1763 2211">
    <p class='ocr_par' dir='ltr' id='par_1_112' title="bbox 937 2174 1763 2211">
     <span class='ocr_line' id='line_1_112' title="bbox 937 2174 1763 2211; baseline -0.002 -7"><span class='ocrx_word' id='word_1_749' title='bbox 937 2176 1008 2204; x_wconf 87' lang='lat' dir='ltr'><strong>lium</strong></span> <span class='ocrx_word' id='word_1_750' title='bbox 1026 2179 1128 2203; x_wconf 89' lang='lat' dir='ltr'><strong>contra</strong></span> <span class='ocrx_word' id='word_1_751' title='bbox 1144 2178 1300 2211; x_wconf 85' lang='lat' dir='ltr'><strong>peccatum</strong></span> <span class='ocrx_word' id='word_1_752' title='bbox 1315 2174 1442 2202; x_wconf 66' lang='lat' dir='ltr'><strong>inﬁrmae</strong></span> <span class='ocrx_word' id='word_1_753' title='bbox 1467 2176 1549 2203; x_wconf 86' lang='lat' dir='ltr'><strong>carni</strong></span> <span class='ocrx_word' id='word_1_754' title='bbox 1564 2174 1722 2210; x_wconf 79' lang='lat' dir='ltr'><strong>coaptavit,</strong></span> <span class='ocrx_word' id='word_1_755' title='bbox 1735 2177 1763 2203; x_wconf 89' lang='lat' dir='ltr'><strong>et</strong></span> 
     </span>
    </p>
   </div>
   <div class='ocr_carea' id='block_1_113' title="bbox 938 2218 1762 2255">
    <p class='ocr_par' dir='ltr' id='par_1_113' title="bbox 938 2218 1762 2255">
     <span class='ocr_line' id='line_1_113' title="bbox 938 2218 1762 2255; baseline -0.002 -7"><span class='ocrx_word' id='word_1_756' title='bbox 938 2221 980 2248; x_wconf 87' lang='lat' dir='ltr'><strong>sic</strong></span> <span class='ocrx_word' id='word_1_757' title='bbox 994 2220 1103 2248; x_wconf 88' lang='lat' dir='ltr'><strong>liberos</strong></span> <span class='ocrx_word' id='word_1_758' title='bbox 1110 2220 1149 2248; x_wconf 91' lang='lat' dir='ltr'><strong>ab</strong></span> <span class='ocrx_word' id='word_1_759' title='bbox 1161 2219 1302 2247; x_wconf 89' lang='lat' dir='ltr'><strong>omnibus</strong></span> <span class='ocrx_word' id='word_1_760' title='bbox 1312 2218 1497 2246; x_wconf 87' lang='lat' dir='ltr'><strong>conlidenter</strong></span> <span class='ocrx_word' id='word_1_761' title='bbox 1506 2219 1634 2255; x_wconf 89' lang='lat' dir='ltr'><strong>pedibus</strong></span> <span class='ocrx_word' id='word_1_762' title='bbox 1647 2219 1762 2247; x_wconf 87' lang='lat' dir='ltr'><strong>calcare</strong></span> 
     </span>
    </p>
   </div>
   <div class='ocr_carea' id='block_1_114' title="bbox 936 2263 1762 2301">
    <p class='ocr_par' dir='ltr' id='par_1_114' title="bbox 936 2263 1762 2301">
     <span class='ocr_line' id='line_1_114' title="bbox 936 2263 1762 2301; baseline -0.001 -8"><span class='ocrx_word' id='word_1_763' title='bbox 936 2267 1098 2301; x_wconf 86' lang='lat' dir='ltr'><strong>serpentes,</strong></span> <span class='ocrx_word' id='word_1_764' title='bbox 1114 2267 1142 2292; x_wconf 90' lang='lat' dir='ltr'><strong>et</strong></span> <span class='ocrx_word' id='word_1_765' title='bbox 1152 2266 1241 2300; x_wconf 87' lang='lat' dir='ltr'><strong>caput</strong></span> <span class='ocrx_word' id='word_1_766' title='bbox 1263 2263 1403 2291; x_wconf 86' lang='lat' dir='ltr'><strong>draconis</strong></span> <span class='ocrx_word' id='word_1_767' title='bbox 1421 2264 1473 2299; x_wconf 90' lang='lat' dir='ltr'><strong>qui</strong></span> <span class='ocrx_word' id='word_1_768' title='bbox 1500 2272 1555 2292; x_wconf 89' lang='lat' dir='ltr'><strong>nos</strong></span> <span class='ocrx_word' id='word_1_769' title='bbox 1584 2263 1762 2300; x_wconf 88' lang='lat' dir='ltr'><strong>decipiendo</strong></span> 
     </span>
    </p>
   </div>
   <div class='ocr_carea' id='block_1_115' title="bbox 936 2308 1762 2344">
    <p class='ocr_par' dir='ltr' id='par_1_115' title="bbox 936 2308 1762 2344">
     <span class='ocr_line' id='line_1_115' title="bbox 936 2308 1762 2344; baseline -0.002 -6"><span class='ocrx_word' id='word_1_770' title='bbox 936 2310 1119 2338; x_wconf 88' lang='lat' dir='ltr'><strong>indumentis</strong></span> <span class='ocrx_word' id='word_1_771' title='bbox 1142 2317 1242 2337; x_wconf 83' lang='lat' dir='ltr'><strong>carere</strong></span> <span class='ocrx_word' id='word_1_772' title='bbox 1271 2308 1389 2336; x_wconf 82' lang='lat' dir='ltr'><strong>fecerat.</strong></span> <span class='ocrx_word' id='word_1_773' title='bbox 1422 2309 1485 2336; x_wconf 70' lang='lat' dir='ltr'><strong>Haec</strong></span> <span class='ocrx_word' id='word_1_774' title='bbox 1516 2308 1585 2336; x_wconf 86' lang='lat' dir='ltr'><strong>vidit</strong></span> <span class='ocrx_word' id='word_1_775' title='bbox 1605 2310 1719 2344; x_wconf 82' lang='lat' dir='ltr'><strong>Moyses</strong></span> <span class='ocrx_word' id='word_1_776' title='bbox 1732 2311 1762 2336; x_wconf 91' lang='lat' dir='ltr'><strong>et</strong></span> 
     </span>
    </p>
   </div>
   <div class='ocr_carea' id='block_1_116' title="bbox 936 2353 1760 2383">
    <p class='ocr_par' dir='ltr' id='par_1_116' title="bbox 936 2353 1760 2383">
     <span class='ocr_line' id='line_1_116' title="bbox 936 2353 1760 2383; baseline -0.002 -1"><span class='ocrx_word' id='word_1_777' title='bbox 936 2355 1096 2383; x_wconf 85' lang='lat' dir='ltr'><strong>crediditin</strong></span> <span class='ocrx_word' id='word_1_778' title='bbox 1110 2354 1274 2382; x_wconf 81' lang='lat' dir='ltr'><strong>libertatem</strong></span> <span class='ocrx_word' id='word_1_779' title='bbox 1289 2353 1377 2380; x_wconf 89' lang='lat' dir='ltr'><strong>Israel</strong></span> <span class='ocrx_word' id='word_1_780' title='bbox 1392 2355 1419 2381; x_wconf 85' lang='lat' dir='ltr'><strong>et</strong></span> <span class='ocrx_word' id='word_1_781' title='bbox 1436 2354 1646 2381; x_wconf 81' lang='lat' dir='ltr'><strong>abiitconﬁsus</strong></span> <span class='ocrx_word' id='word_1_782' title='bbox 1657 2354 1687 2381; x_wconf 92' lang='lat' dir='ltr'><strong>in</strong></span> <span class='ocrx_word' id='word_1_783' title='bbox 1703 2354 1760 2380; x_wconf 82' lang='lat' dir='ltr'><strong>vir-</strong></span> 
     </span>
    </p>
   </div>
   <div class='ocr_carea' id='block_1_117' title="bbox 935 2397 1759 2434">
    <p class='ocr_par' dir='ltr' id='par_1_117' title="bbox 935 2397 1759 2434">
     <span class='ocr_line' id='line_1_117' title="bbox 935 2397 1759 2434; baseline -0.004 -7"><span class='ocrx_word' id='word_1_784' title='bbox 935 2402 996 2428; x_wconf 88' lang='lat' dir='ltr'><strong>tute</strong></span> <span class='ocrx_word' id='word_1_785' title='bbox 1012 2399 1146 2434; x_wconf 83' lang='lat' dir='ltr'><strong>visionis,</strong></span> <span class='ocrx_word' id='word_1_786' title='bbox 1164 2399 1202 2426; x_wconf 87' lang='lat' dir='ltr'><strong>ita</strong></span> <span class='ocrx_word' id='word_1_787' title='bbox 1216 2397 1326 2426; x_wconf 90' lang='lat' dir='ltr'><strong>docens</strong></span> <span class='ocrx_word' id='word_1_788' title='bbox 1338 2405 1528 2425; x_wconf 85' lang='lat' dir='ltr'><strong>communem</strong></span> <span class='ocrx_word' id='word_1_789' title='bbox 1554 2398 1690 2425; x_wconf 89' lang='lat' dir='ltr'><strong>omnium</strong></span> <span class='ocrx_word' id='word_1_790' title='bbox 1706 2398 1759 2425; x_wconf 92' lang='lat' dir='ltr'><strong>ho-</strong></span> 
     </span>
    </p>
   </div>
   <div class='ocr_carea' id='block_1_118' title="bbox 935 2442 1761 2478">
    <p class='ocr_par' dir='ltr' id='par_1_118' title="bbox 935 2442 1761 2478">
     <span class='ocr_line' id='line_1_118' title="bbox 935 2442 1761 2478; baseline -0.002 -7"><span class='ocrx_word' id='word_1_791' title='bbox 935 2444 1050 2476; x_wconf 81' lang='lat' dir='ltr'><strong>minum</strong></span> <span class='ocrx_word' id='word_1_792' title='bbox 1062 2444 1238 2478; x_wconf 86' lang='lat' dir='ltr'><strong>libertatem,</strong></span> <span class='ocrx_word' id='word_1_793' title='bbox 1250 2444 1340 2470; x_wconf 86' lang='lat' dir='ltr'><strong>Deum</strong></span> <span class='ocrx_word' id='word_1_794' title='bbox 1352 2442 1463 2478; x_wconf 86' lang='lat' dir='ltr'><strong>quippe</strong></span> <span class='ocrx_word' id='word_1_795' title='bbox 1475 2442 1660 2470; x_wconf 86' lang='lat' dir='ltr'><strong>nasciturum</strong></span> <span class='ocrx_word' id='word_1_796' title='bbox 1672 2450 1761 2477; x_wconf 91' lang='lat' dir='ltr'><strong>prop-</strong></span> 
     </span>
    </p>
   </div>
   <div class='ocr_carea' id='block_1_119' title="bbox 935 2486 1759 2523">
    <p class='ocr_par' dir='ltr' id='par_1_119' title="bbox 935 2486 1759 2523">
     <span class='ocr_line' id='line_1_119' title="bbox 935 2486 1759 2523; baseline -0.001 -8"><span class='ocrx_word' id='word_1_797' title='bbox 935 2491 977 2515; x_wconf 89' lang='lat' dir='ltr'><strong>ter</strong></span> <span class='ocrx_word' id='word_1_798' title='bbox 993 2495 1047 2516; x_wconf 91' lang='lat' dir='ltr'><strong>nos</strong></span> <span class='ocrx_word' id='word_1_799' title='bbox 1065 2496 1100 2516; x_wconf 81' lang='lat' dir='ltr'><strong>ex</strong></span> <span class='ocrx_word' id='word_1_800' title='bbox 1115 2490 1203 2516; x_wconf 84' lang='lat' dir='ltr'><strong>Matre</strong></span> <span class='ocrx_word' id='word_1_801' title='bbox 1224 2487 1346 2523; x_wconf 80' lang='lat' dir='ltr'><strong>virgine,</strong></span> <span class='ocrx_word' id='word_1_802' title='bbox 1364 2489 1395 2514; x_wconf 89' lang='lat' dir='ltr'><strong>ut</strong></span> <span class='ocrx_word' id='word_1_803' title='bbox 1414 2486 1673 2522; x_wconf 85' lang='lat' dir='ltr'><strong>quemadmodum</strong></span> <span class='ocrx_word' id='word_1_804' title='bbox 1690 2489 1759 2514; x_wconf 90' lang='lat' dir='ltr'><strong>tunc</strong></span> 
     </span>
    </p>
   </div>
   <div class='ocr_carea' id='block_1_120' title="bbox 934 2558 1312 2589">
    <p class='ocr_par' dir='ltr' id='par_1_120' title="bbox 934 2558 1312 2589">
     <span class='ocr_line' id='line_1_120' title="bbox 934 2558 1312 2589; baseline 0.003 -4"><span class='ocrx_word' id='word_1_805' title='bbox 934 2561 947 2585; x_wconf 87' lang='grc' dir='ltr'><strong><em>ὀ</em></strong></span> <span class='ocrx_word' id='word_1_806' title='bbox 963 2558 992 2586; x_wconf 74' lang='grc' dir='ltr'><strong>δὲ</strong></span> <span class='ocrx_word' id='word_1_807' title='bbox 1006 2559 1083 2589; x_wconf 82' lang='grc' dir='ltr'>ϐάτος</span> <span class='ocrx_word' id='word_1_808' title='bbox 1103 2559 1132 2585; x_wconf 81' lang='grc' dir='ltr'>οὐ</span> <span class='ocrx_word' id='word_1_809' title='bbox 1151 2561 1312 2586; x_wconf 77' lang='grc' dir='ltr'>κατεκαίετο.</span> 
     </span>
    </p>
   </div>
   <div class='ocr_carea' id='block_1_121' title="bbox 969 2589 1759 2630">
    <p class='ocr_par' dir='ltr' id='par_1_121' title="bbox 969 2589 1759 2630">
     <span class='ocr_line' id='line_1_121' title="bbox 969 2589 1759 2630; baseline -0.004 -7"><span class='ocrx_word' id='word_1_810' title='bbox 969 2589 1008 2628; x_wconf 74' lang='lat'>(6)</span> <span class='ocrx_word' id='word_1_811' title='bbox 1027 2595 1107 2622; x_wconf 84' lang='lat' dir='ltr'><strong>Exod</strong></span> <span class='ocrx_word' id='word_1_812' title='bbox 1123 2603 1164 2628; x_wconf 86' lang='lat' dir='ltr'><strong>m,</strong></span> <span class='ocrx_word' id='word_1_813' title='bbox 1181 2597 1218 2622; x_wconf 67' lang='lat'>4:</span> <span class='ocrx_word' id='word_1_814' title='bbox 1248 2594 1382 2620; x_wconf 78' lang='grc' dir='ltr'>Ἐκᾰλςσεν</span> <span class='ocrx_word' id='word_1_815' title='bbox 1407 2594 1485 2620; x_wconf 62' lang='grc' dir='ltr'>αὐτόν</span> <span class='ocrx_word' id='word_1_816' title='bbox 1505 2595 1517 2620; x_wconf 77' lang='grc' dir='ltr'><strong><em>ὁ</em></strong></span> <span class='ocrx_word' id='word_1_817' title='bbox 1546 2595 1638 2630; x_wconf 81' lang='grc' dir='ltr'>Κύριος</span> <span class='ocrx_word' id='word_1_818' title='bbox 1664 2593 1691 2620; x_wconf 69' lang='grc' dir='ltr'><strong>ἐκ</strong></span> <span class='ocrx_word' id='word_1_819' title='bbox 1729 2598 1759 2620; x_wconf 80' lang='grc' dir='ltr'>οῦ</span> 
     </span>
    </p>
   </div>
   <div class='ocr_carea' id='block_1_122' title="bbox 955 2641 1028 2657">
    <p class='ocr_par' dir='ltr' id='par_1_122' title="bbox 955 2641 1028 2657">
     <span class='ocr_line' id='line_1_122' title="bbox 955 2641 1028 2657; baseline 0.014 -1"><span class='ocrx_word' id='word_1_820' title='bbox 955 2641 1028 2657; x_wconf 80' lang='grc' dir='ltr'>ατου.</span> 
     </span>
    </p>
   </div>
   <div class='ocr_carea' id='block_1_123' title="bbox 934 2631 1756 2702">
    <p class='ocr_par' dir='ltr' id='par_1_123' title="bbox 934 2631 1756 2702">
     <span class='ocr_line' id='line_1_123' title="bbox 955 2641 1028 2657; baseline 0.014 -1"><span class='ocrx_word' id='word_1_821' title='bbox 955 2641 1028 2657; x_wconf 68' lang='lat' dir='ltr'><strong>areu.</strong></span> 
     </span>
     <span class='ocr_line' id='line_1_124' title="bbox 934 2631 1756 2702; baseline -0.002 -9"><span class='ocrx_word' id='word_1_822' title='bbox 934 2631 952 2667; x_wconf 71' lang='grc' dir='ltr'><em>β</em></span> <span class='ocrx_word' id='word_1_823' title='bbox 1023 2666 1101 2694; x_wconf 80' lang='lat' dir='ltr'><strong>Exod</strong></span> <span class='ocrx_word' id='word_1_824' title='bbox 1118 2673 1157 2698; x_wconf 83' lang='lat' dir='ltr'><strong>In,</strong></span> <span class='ocrx_word' id='word_1_825' title='bbox 1174 2667 1189 2692; x_wconf 82' lang='lat'><strong>5</strong></span> <span class='ocrx_word' id='word_1_826' title='bbox 1206 2674 1212 2693; x_wconf 89' lang='lat'>:</span> <span class='ocrx_word' id='word_1_827' title='bbox 1229 2666 1307 2702; x_wconf 69' lang='grc' dir='ltr'>λῦσαι</span> <span class='ocrx_word' id='word_1_828' title='bbox 1333 2667 1362 2691; x_wconf 74' lang='grc' dir='ltr'>τὸ</span> <span class='ocrx_word' id='word_1_829' title='bbox 1389 2665 1516 2702; x_wconf 63' lang='grc' dir='ltr'>ὑπόδημα</span> <span class='ocrx_word' id='word_1_830' title='bbox 1546 2665 1571 2691; x_wconf 73' lang='grc' dir='ltr'><strong>ἐκ</strong></span> <span class='ocrx_word' id='word_1_831' title='bbox 1590 2669 1639 2702; x_wconf 78' lang='grc' dir='ltr'>τῷν</span> <span class='ocrx_word' id='word_1_832' title='bbox 1668 2664 1756 2702; x_wconf 68' lang='grc' dir='ltr'><strong>πᾲὃών</strong></span> 
     </span>
    </p>
   </div>
   <div class='ocr_carea' id='block_1_124' title="bbox 934 2700 1757 2738">
    <p class='ocr_par' dir='ltr' id='par_1_124' title="bbox 934 2700 1757 2738">
     <span class='ocr_line' id='line_1_125' title="bbox 934 2700 1757 2738; baseline -0.002 -10"><span class='ocrx_word' id='word_1_833' title='bbox 934 2712 981 2728; x_wconf 86' lang='grc' dir='ltr'><strong>σου</strong></span> <span class='ocrx_word' id='word_1_834' title='bbox 1003 2713 1009 2718; x_wconf 93' lang='grc'><strong>·</strong></span> <span class='ocrx_word' id='word_1_835' title='bbox 1026 2702 1104 2738; x_wconf 76' lang='grc' dir='ltr'>ὁγὰρ</span> <span class='ocrx_word' id='word_1_836' title='bbox 1120 2700 1250 2738; x_wconf 23' lang='grc' dir='ltr'>τόποςχέι</span> <span class='ocrx_word' id='word_1_837' title='bbox 1325 2703 1357 2726; x_wconf 81' lang='grc' dir='ltr'>σὺ</span> <span class='ocrx_word' id='word_1_838' title='bbox 1386 2700 1509 2734; x_wconf 75' lang='grc' dir='ltr'>ἕστηκας,</span> <span class='ocrx_word' id='word_1_839' title='bbox 1526 2705 1560 2738; x_wconf 85' lang='grc' dir='ltr'>γῆ</span> <span class='ocrx_word' id='word_1_840' title='bbox 1598 2701 1661 2738; x_wconf 76' lang='grc' dir='ltr'>ἁγία</span> <span class='ocrx_word' id='word_1_841' title='bbox 1691 2700 1757 2729; x_wconf 79' lang='grc' dir='ltr'>ἔστί,</span> 
     </span>
    </p>
   </div>
   <div class='ocr_carea' id='block_1_125' title="bbox 969 2736 1400 2774">
    <p class='ocr_par' dir='ltr' id='par_1_125' title="bbox 969 2736 1400 2774">
     <span class='ocr_line' id='line_1_126' title="bbox 969 2736 1400 2774; baseline -0.005 -9"><span class='ocrx_word' id='word_1_842' title='bbox 969 2738 1008 2773; x_wconf 86' lang='grc'><strong>(8)</strong></span> <span class='ocrx_word' id='word_1_843' title='bbox 1024 2736 1167 2774; x_wconf 82' lang='lat' dir='ltr'><strong>Respectu</strong></span> <span class='ocrx_word' id='word_1_844' title='bbox 1184 2736 1221 2764; x_wconf 84' lang='lat' dir='ltr'><strong>ad</strong></span> <span class='ocrx_word' id='word_1_845' title='bbox 1239 2738 1282 2764; x_wconf 85' lang='lat' dir='ltr'><strong>Ps.</strong></span> <span class='ocrx_word' id='word_1_846' title='bbox 1303 2744 1345 2770; x_wconf 84' lang='lat' dir='ltr'><strong>xc,</strong></span> <span class='ocrx_word' id='word_1_847' title='bbox 1360 2738 1400 2764; x_wconf 77' lang='grc'><strong>13.</strong></span> 
     </span>
    </p>
   </div>
  </div>
