1959 3074
183 104 251 133 1507

845 84 1034 118 NICEPHORI
1051 86 1192 116 CHUMNI.

1803 90 1868 117 £508

179 174 294 195 rerum.
310 165 367 193 Nec
385 162 507 190 mirum.
531 161 604 187 Cum
621 165 692 193 ergo
704 157 742 184 de
750 154 814 184 istis
829 152 920 181 modo
931 149 1004 178 dixi-

1065 152 1119 181 :L’w;
1143 150 1318 188 ἐμνήσθημεν,
1349 151 1403 187 οὐχ
1429 151 1496 177 ὥστε
1522 152 1567 177 καὶ
1595 149 1673 186 ὀλίγα
1704 149 1734 176 ἐκ
1768 150 1869 176 πολλῶν

180 194 262 243 mus,
280 217 342 238 non
359 210 392 236 ut
408 206 551 244 quaedam
567 203 723 239 seligentes
735 201 810 228 inter
822 197 916 244 multa
931 194 1002 244 deli-

179 255 253 283 bare
267 238 668 282 narrandqconﬁdcremus.
690 246 743 274 sed
767 246 798 273 ut
812 238 1004 271 solummodo

181 308 234 336 per
252 299 427 327 strictiorem
440 295 661 325 iudicationem,
678 292 756 319 dicta
767 296 862 325 nuper
881 287 1004 314 demon-

182 347 356 376 straremus,
368 341 478 369 scilicet
488 339 632 367 salutares
648 344 714 365 esse
724 341 842 370 semper
853 334 880 359 el
890 330 1003 365 ubique

181 390 295 423 ﬁguras
313 373 482 415 et'umbras
501 391 606 412 eorum
618 390 687 418 quae
697 382 801 416 postea
812 377 927 412 absque
940 373 1004 400 velo

181 434 220 461 de
238 433 352 467 Virgine
367 430 497 458 revelata
513 431 541 456 et
558 430 679 456 ostensa
697 424 824 453 fuerunt.
845 423 1004 467 Postquam

181 478 262 506 enim
286 463 458 511 adimpletae
478 475 548 501 sunt
564 472 668 506 ﬁgurae
687 473 716 497 et
739 467 854 496 umbrae
871 463 1004 511 depulsae

182 522 352 557 veritasque
370 522 445 547 inter
463 517 601 545 homines
619 515 732 542 sincere
750 512 853 541 illimt,
878 507 1005 542 gloriam

182 555 313 594 efferens
328 563 438 598 Virgini
456 570 523 598 quae
542 559 701 597 splendore
720 565 775 585 suo
790 555 882 584 cmlos
900 559 1006 581 omnes

182 611 254 638 obsc
258 596 529 643 urat,cmlestesque
535 596 659 634 cunctas
667 603 814 631 claritates
821 601 870 628 lon
875 607 910 634 ge
916 596 1008 625 vincit

182 658 271 691 atque
298 654 365 690 ipsa
379 642 534 688 Serapbim
553 653 581 678 et
598 647 761 678 Cherubim
779 648 911 691 superat,
927 642 1007 691 “quis

183 686 282 726 sermu
300 686 347 725 vel
361 705 428 733 quae
443 686 548 730 lingua
562 697 604 722 tot
620 696 648 721 et
662 695 812 720 tantorum
826 686 1008 716 mirabilium

181 745 289 779 poterit
306 749 455 777 exponere
471 738 687 776 plenitudinem
703 736 717 763 7
731 737 791 770 Ego
804 734 892 769 igitur
906 737 1010 779 vereor

182 795 220 815 ne
232 795 322 823 poena
335 786 446 820 dignus
455 783 600 815 inveniar,
614 781 666 818 qui
678 788 739 808 non
748 780 810 814 jam
822 784 947 805 manum
957 773 1009 802 sed

1058 195 1128 230 ἡμᾶς
1159 194 1362 232 ἁπολεξαμέιους
1393 195 1467 231 ἐρεῖν,
1497 197 1590 221 τούτου
1615 196 1698 231 χάριν
1731 196 1869 230 ἐμνήσθη-

1057 248 1113 274 μεν,
1133 239 1186 265 ἀλλ’
1205 241 1271 266 ὥστε
1297 244 1374 276 μόνον
1398 240 1529 275 ἅψασθαι,
1557 242 1602 265 καὶ
1626 242 1654 265 τὸ
1675 239 1771 275 λιχθὲν
1802 240 1866 265 ὐπο-

1058 282 1152 320 δεῖξαι,
1189 287 1318 317 σώζοντας
1348 284 1413 312 εἶναι
1437 284 1558 314 δηλονοτι
1584 288 1726 320 πανταχού
1746 286 1810 314 τούς
1824 286 1869 310 τύ-

1057 339 1132 362 πους,
1148 332 1192 355 καὶ
1208 332 1255 361 τὰς
1270 331 1344 360 σκιὰς
1371 334 1420 356 τῶν
1448 329 1556 366 ὕστερον
1583 329 1624 355 ἐπὶ
1657 333 1706 359 τῆς
1732 330 1865 365 παρθένον

1059 371 1128 410 δίχα
1153 377 1248 406 παντὸς
1281 375 1492 410 ἐπικαλύμματος
1524 374 1646 411 λαμπρῶς
1673 373 1863 409 ὶκφανθέντων.

1059 419 1130 446 Ἐπεὶ
1166 418 1191 445 δ’
1217 421 1241 446 οἱ
1264 422 1342 447 τύποι
1390 420 1522 456 παρῆλθον
1555 422 1600 445 xui
1634 419 1818 456 ὑπεχώρησαν
1846 427 1862 444 α

1060 466 1143 498 σκιαὶ,
1171 467 1216 490 καὶ
1243 465 1364 501 καθαρῶς
1390 466 1405 493 ἠ
1436 463 1545 493 ἀλήθεια
1573 466 1673 499 γέγονεν
1705 462 1730 489 ἐν
1765 462 1866 499 ἀνθρω-

1058 518 1128 543 ποις,
1162 507 1240 541 δόξαν
1268 512 1382 546 φέρουσα
1413 513 1443 545 τῇ
1470 509 1587 546 παρθένῳ
1614 510 1713 538 πάντας
1740 507 1867 544 οὐρανούς

1060 554 1278 591 ἀποκρύπτουσαν
1329 557 1374 580 καὶ
1418 553 1674 591 ὑπεραναϐαίνουσαν
1725 555 1771 584 μιν
1821 553 1865 581 τὰς

1383 598 1451 624 αὐτὰ
1485 597 1514 624 δὲ
1552 599 1591 633 (1)
1628 598 1744 623 κάτωθεν
1774 596 1865 626 ἑαυτῆς

1062 646 1175 679 Σεραφὶμ
1211 646 1256 669 καὶ
1297 643 1430 680 Χερουϐὶμ
1457 642 1587 679 ἀφιεῖσαν,
1617 645 1654 673 τίς
1686 641 1718 667 ἂν
1750 641 1861 677 λόγοςῆ

1061 600 1112 624 iam
1152 599 1344 634 λαμπρότητας,

1062 691 1125 714 ποία
1153 688 1263 724 γλῶσσα
1294 692 1343 714 τῶν
1371 689 1501 714 τοσούτων
1526 690 1571 713 καὶ
1598 688 1720 713 τοιούτων
1753 686 1865 722 ἀπείρων

1063 735 1104 758 καὶ
1148 737 1261 768 φρικτῶν
1283 734 1420 769 θαυμάτων
1449 730 1630 768 ἐκδιηγεῖσθαι
1656 733 1826 767 κατισχύσαι
1837 732 1869 756 τὰ

1063 776 1149 805 πλήθη
1168 786 1175 811 ;
1192 777 1256 813 Ἐγὼ
1271 779 1315 813 μὲν
1331 777 1375 803 οὗν
1391 775 1501 804 δέδοικα
1514 779 1550 813 μὴ
1563 779 1625 803 ποτέ
1644 786 1690 812 μοι
1718 779 1764 802 καὶ
1790 779 1868 801 τοῦτο

182 821 302 867 impura
312 830 392 858 labia
405 831 444 857 ad
454 836 555 856 arcam
565 828 623 855 Deo
633 825 754 862 plenam
759 821 943 851 admoverim
950 841 955 851 ,
962 826 1009 845 ve-

1065 823 1215 859 κατοίκριμα
1250 825 1350 857 γένοιτο
1393 824 1467 858 φέρον
1500 821 1618 854 εὐθύνην,
1652 821 1685 854 εἰ,
1720 823 1756 856 μὴ
1787 829 1869 856 χερσί

183 876 253 904 teris
267 876 345 903 illius
356 873 490 902 miraculi
505 872 660 901 iteratione
674 869 745 898 mihi
754 865 919 904 proposita,
928 863 1011 900 quod

183 928 321 949 monerer
332 918 482 956 prohiberi
491 926 544 945 eos
554 916 605 953 qui
616 923 677 943 non
690 917 760 941 sunt
775 912 889 947 absque
907 917 1012 937 macu-

182 966 222 999 la,
235 973 271 993 ne
282 954 414 993 audeant
421 962 564 992 accedere
574 960 617 989 vel
627 960 664 988 ad
675 958 802 987 umbras
813 964 888 984 arcae
899 964 904 980 :
916 956 946 982 et
955 954 1012 981 hoc

184 1018 203 1038 θ.
217 1011 276 1037 Deo
291 1009 356 1044 ipso
369 1007 443 1036 mihi
460 1006 585 1034 videbar
603 1004 707 1032 audire
728 1011 734 1029 :
755 1013 768 1027 ιι
785 1002 881 1034 Quare
895 1001 923 1026 te
941 1005 1010 1025 cum

183 1055 286 1083 sordes
304 1043 371 1081 inon
390 1050 601 1088 expurgaveris
629 1048 750 1077 salutari
775 1045 916 1076 carbone,
936 1043 1012 1070 sicut

184 1100 251 1127 fecit
264 1098 364 1131 lsaias,
379 1104 476 1133 neque
487 1096 623 1131 linguam
636 1092 777 1121 exemeris
793 1089 926 1126 pondere
944 1095 1010 1115 ma—

183 1143 282 1172 lorum
300 1151 367 1179 quae
385 1149 421 1170 ea
437 1140 582 1174 irretiunt,
601 1137 748 1166 mirabilia
776 1134 904 1162 sustines
922 1139 1011 1160 enar—

184 1196 250 1216 rare
267 1188 378 1224 quibus
395 1186 493 1221 impar
510 1186 555 1212 est
571 1183 661 1211 etiam
691 1179 866 1215 angelorum
893 1179 1010 1211 natura,

184 1242 252 1270 quae
269 1221 363 1260 haeret
379 1238 441 1267 prae
458 1228 637 1265 ignorantia,
662 1225 828 1260 intelligens
860 1221 1011 1250 celsitudi-

184 1286 256 1306 nem
273 1278 286 1305 ?
304 1288 318 1301 »

221 1367 270 1394 His
278 1365 394 1394 territus
410 1362 649 1398 cogitationibus,
658 1368 717 1388 non
732 1365 857 1396 possum
869 1356 946 1384 ultra
959 1363 1010 1383 ac—

184 1411 300 1439 cedere.
317 1409 373 1438 Sed
386 1417 455 1437 cum
473 1416 492 1436 a
509 1411 535 1435 te
546 1406 680 1434 salvatus
696 1405 763 1436 sim,
780 1412 798 1431 ο
817 1404 906 1430 Mater
922 1401 980 1428 Dei.
994 1408 1011 1427 a

184 1459 212 1485 te
221 1456 293 1483 dum
310 1453 479 1487 ceciderim,
499 1454 625 1485 erectus,
640 1450 711 1477 dum
729 1449 860 1482 frangor,
874 1444 1009 1474 refectus.

183 1499 333 1536 numquid
350 1497 473 1526 tandem
486 1497 624 1524 virtutem
649 1493 794 1521 sermonis
824 1491 961 1526 adeptus,
984 1491 1012 1516 et

184 1543 352 1581 quamdam
369 1542 500 1570 emittere
516 1548 622 1568 vocem
640 1538 816 1574 permissus,
831 1543 891 1563 non
908 1537 1011 1570 potero

184 1578 287 1618 conari
303 1590 334 1615 ut
348 1587 456 1622 loquar
467 1585 482 1613 ?
493 1585 610 1613 Minime
626 1590 696 1618 ergo
712 1581 816 1610 tacebo
834 1578 1011 1615 mysterium

185 1633 300 1669 salutis,
319 1632 371 1660 sed
385 1635 417 1659 ut
433 1630 531 1658 licebit
543 1627 694 1656 cruciabo.

222 1724 280 1750 Nos
298 1720 356 1748 sub
370 1720 445 1755 jugo
459 1725 513 1745 suo
531 1724 633 1744 servos
648 1714 768 1743 tenebat
781 1713 828 1741 ille
839 1720 891 1748 qui
904 1719 922 1739 a
933 1711 1011 1747 prin-

185 1767 264 1804 cipio
282 1765 391 1793 erravit
407 1766 436 1791 et
454 1761 631 1799 apostatavit
648 1768 666 1788 a
688 1761 756 1789 Deo.
775 1765 890 1793 nosque
909 1756 1010 1790 gloria

185 1801 250 1847 ejus
264 1817 350 1846 aqua
356 1805 628 1837 deciditetavulsus
634 1802 816 1832 esthaeredes
822 1801 938 1829 futuros
950 1803 1011 1828 ten-

186 1845 346 1884 tationibus
364 1852 541 1886 lacessebat,
563 1852 684 1886 propter
703 1847 845 1883 antiquari
875 1845 1010 1873 rebellio-

185 1909 255 1929 nem
270 1900 300 1927 in
315 1898 469 1935 passiones
485 1903 540 1923 nos
555 1893 745 1931 prircipitans
757 1891 843 1927 quasi
860 1889 1011 1926 compedi-

184 1945 242 1972 bus
260 1933 409 1971 vinciebat
423 1939 688 1969 inextricabilibus,
716 1944 752 1964 ne
769 1937 874 1963 iterum
893 1934 931 1962 ab
947 1933 1011 1969 ejus

185 1988 343 2026 tyrannide
356 1985 482 2019 liberati,
495 1991 653 2021 possemus
665 1982 704 2010 ad
720 1980 872 2008 Dominum
884 1979 1011 2013 regredi,

185 2024 223 2067 et,
237 2035 331 2060 morte
340 2030 427 2059 nobis
438 2038 492 2066 pro
504 2028 628 2057 custode
639 2026 809 2059 constituta,
822 2025 852 2052 in
862 2024 1011 2051 infernum

185 2076 351 2106 includeret
372 2078 400 2102 et
428 2073 590 2101 custodiret
616 2071 672 2098 sub
692 2069 783 2106 portis
809 2068 1010 2096 tenebrarum.

185 2123 245 2150 Nos
261 2128 331 2148 vero
343 2119 407 2154 ejus
416 2118 572 2154 potestatis
585 2115 746 2152 tyrannicae
754 2114 836 2141 triste
843 2114 1010 2144 sementes,

185 2173 284 2202 neque
298 2163 386 2192 tantis
397 2163 426 2190 in
437 2162 545 2199 quibus
557 2160 752 2188 versabamur
773 2157 858 2185 malis
872 2156 1009 2193 permoti,

187 2201 397 2246 gaudebamus
407 2208 444 2236 de
454 2207 551 2239 ruina,
564 2204 767 2240 gloriabamur
779 2203 808 2230 in
818 2201 1011 2238 passionibus

186 2263 255 2292 quae
265 2262 320 2282 nos
331 2254 369 2282 ad
379 2255 507 2280 mortem
517 2258 611 2286 usque
623 2248 789 2279 trahebant,
802 2250 924 2283 propter
935 2254 1012 2273 erro-

186 2290 250 2328 rem
265 2302 293 2327 et
306 2300 419 2326 tantam
435 2295 632 2331 dejectionem
651 2292 856 2320 misericordia
870 2290 963 2325 digni.
980 2291 1013 2317 Et

186 2343 292 2381 quales
307 2345 391 2371 erant
402 2341 452 2378 qui
469 2340 538 2368 talia
552 2339 742 2376 patiebantur
756 2337 769 2364 ‘?
786 2336 949 2373 imaginem
964 2335 1013 2362 Dei

187 2380 334 2425 gerentes,
351 2385 516 2415 miserrime
530 2385 663 2420 jacenles
677 2383 707 2410 in
734 2382 873 2410 servitute
902 2384 930 2408 et
957 2380 1013 2407 sub

186 2424 345 2470 tyrannide
360 2429 483 2464 inimici,
498 2428 715 2463 miserrimique
730 2426 829 2464 magis
840 2427 963 2461 propter
971 2424 1013 2451 in-

187 2469 422 2508 sensibilitatem,
439 2473 521 2510 quia,
534 2473 682 2501 factorem
702 2471 884 2502 deserentes,
900 2469 1013 2505 seipsos

187 2522 265 2550 hosti
280 2520 449 2552 tradebant,
460 2517 616 2554 quimanu
630 2516 707 2544 dura
719 2517 832 2547 tenens,
857 2515 1014 2549 sequentes

223 2658 267 2701 (1),
283 2655 374 2701 Codd.
391 2651 499 2701 αιξῖρέὲε.
511 2655 543 2687 ln
561 2654 584 2686 Α
599 2647 763 2701 praesertim
788 2647 958 2701 coniunctio

187 2692 302 2737 passim
310 2696 349 2724 ad
359 2695 564 2724 encliticarum
572 2692 698 2721 modum
705 2694 749 2720 est
755 2693 874 2729 scripta,
888 2695 1013 2721 accentu

186 2734 381 2804 reiggtleercus
385 2774 438 2796 sus
452 2767 495 2794 est
506 2773 525 2794 δ.
533 2767 593 2794 Deo
604 2765 678 2799 0n,
688 2762 772 2799 quod
781 2771 883 2793 arcam
891 2763 1012 2792 foederis

1064 869 1151 902 μόνον,
1168 866 1232 892 ἀλλὰ
1250 869 1294 892 καὶ
1309 866 1426 902 χείλεσιν
1439 866 1560 902 ἀνάγνοις
1587 869 1619 902 τῇ
1647 863 1769 901 θεοδόχῳ
1789 868 1868 900 προς-η

1065 920 1118 946 ειμι
1161 909 1274 946 κιϐωτῷ,
1315 910 1445 948 πόρρωθεν
1482 910 1559 940 αὖθις
1599 909 1686 947 ἐτέρου
1737 910 1873 945 θαύματος

1065 954 1240 988 ἀπειλοῦντος,
1256 954 1311 991 ἅμα
1324 953 1354 981 δὲ
1381 957 1425 981 καὶ
1444 954 1612 992 ἀπείργοντος
1642 959 1692 980 τῶν
1729 956 1766 990 μὴ
1790 955 1871 979 καθαν

1064 1004 1115 1037 ρὼν
1150 998 1252 1036 μηδένα
1291 999 1387 1036 τολμᾷν
1429 999 1629 1036 προσάπτεσθαι
1661 996 1733 1034 μηδι
1766 1002 1815 1029 τῆς
1847 998 1872 1024 ἐν

1065 1048 1121 1081 τρῖς
1137 1048 1223 1074 σκιαῖς
1236 1043 1348 1070 κιϐωτού
1363 1045 1403 1078 (2)
1430 1053 1436 1060 ·
1463 1043 1565 1069 κάκεῖνο
1589 1047 1635 1069 τοῦ
1663 1047 1731 1069 Θεοῦ
1759 1041 1871 1073 δικαίως

1066 1089 1210 1125 ἀκούσαιμι
1241 1088 1355 1124 λέγοντος
1377 1099 1384 1105 ο
1409 1087 1488 1114 «Ἵνα
1517 1091 1542 1113 τί
1569 1090 1611 1121 σύ,
1646 1090 1713 1124 μήτε
1732 1089 1870 1124 καθαρσιῳ

1064 1138 1114 1160 τῶν
1140 1134 1227 1171 ρύπων
1261 1134 1430 1170 χρησάμενος
1457 1134 1578 1169 ἄνθρακι²
1605 1133 1664 1158 καθ’
1687 1132 1801 1158 Ἡσαΐαν
1831 1132 1870 1168 (3)

1065 1179 1136 1207 ἴσως,
1148 1180 1211 1213 μήτε
1225 1180 1272 1206 τὴν
1300 1177 1432 1212 γλῶττταν
1461 1175 1529 1206 ἀνεὶς
1557 1180 1603 1202 τοῦ
1631 1177 1794 1212 ἐπικειμένου
1822 1175 1869 1212 βοί-

1063 1231 1124 1257 ρους
1171 1225 1221 1247 τῶν
1261 1219 1409 1247 πεδούντων
1446 1225 1543 1250 κακῶν,
1577 1218 1688 1255 ἱκδικγῇ
1719 1221 1869 1256 θαυμάσια,

1063 1268 1129 1302 πρὸς
1155 1265 1172 1291 ἃ
1194 1263 1259 1302 μηδ’
1289 1265 1402 1301 ἀγγελῶν
1428 1264 1529 1302 ἐξαρκεῖ
1559 1266 1635 1300 φύσις
1664 1272 1671 1297 ;
1702 1263 1797 1300 ἀπορεῖ
1825 1266 1869 1290 καὶ

1063 1311 1114 1346 γὰρ
1126 1310 1191 1339 αὕτη
1208 1314 1372 1336 κατα-νοοῦσα
1386 1311 1415 1335 τό
1430 1310 1545 1345 μέγεθος.
1562 1317 1577 1335 ι

1099 1356 1202 1380 Τούτων
1229 1364 1260 1390 με
1287 1353 1432 1390 φοϐούντων
1476 1358 1526 1379 τῶν
1562 1353 1708 1389 λογισμων,
1736 1353 1785 1378 οὐκ
1816 1354 1868 1388 ἔχω

1064 1398 1212 1436 προσϐῆναι
1242 1402 1295 1424 τοῖν
1320 1398 1421 1434 ἐφεξης.
1452 1397 1532 1431 Πλὴν,
1560 1398 1599 1423 ὄτι
1630 1395 1678 1423 διὰ
1709 1401 1758 1423 σοῦ
1784 1400 1869 1423 σέσω-

1066 1453 1142 1479 σμαι,
1155 1447 1237 1480 μῆτερ
1267 1446 1344 1476 Θεοῠ,
1372 1444 1416 1468 καὶ
1438 1445 1524 1468 πεσὼν
1559 1441 1726 1478 ἀινωρθὼθην⁷
1762 1444 1869 1468 καὶταν

1065 1487 1161 1524 τριϐιὶς
1190 1486 1400 1522 ἁναπέπλασμαι,
1441 1490 1495 1516 πῶς
1521 1486 1551 1511 ἂν
1579 1485 1652 1521 ὅλως,
1683 1485 1764 1521 λόγου
1794 1484 1872 1511 δύνα-

1065 1543 1109 1568 μιν
1128 1533 1197 1568 ἔχων
1212 1534 1257 1557 καὶ
1287 1534 1371 1567 φωνήν
1399 1540 1458 1556 τινα
1489 1528 1630 1567 δυνάμενος
1659 1529 1774 1566 ἀφιέναι,
1809 1529 1868 1555 ἄλλο

1065 1587 1090 1603 τι
1133 1575 1318 1611 σπουδάσαιμι
1340 1577 1389 1612 πρὸ
1425 1578 1470 1600 τοῦ
1497 1579 1580 1600 ταῦτα
1601 1576 1737 1611 κηρύττειν
1753 1583 1761 1606 ;
1777 1575 1870 1600 οὔκουν

1065 1620 1127 1647 οὐδὲ
1162 1623 1206 1647 τὸν
1242 1625 1286 1651 τῆς
1313 1623 1444 1657 σωτηρίας
1470 1622 1641 1655 σιωπήσομαι
1666 1621 1775 1656 τρόπον,
1804 1617 1868 1654 ἀλλ’,

1065 1668 1100 1697 ὡς
1119 1667 1182 1700 ἐνὸν,
1200 1666 1319 1702 ὑμνήσω,

1100 1709 1165 1746 Εἶχε
1192 1712 1237 1746 μὲν
1278 1711 1348 1746 ἡμᾶς
1371 1707 1570 1745 δουλωσάμενος
1593 1709 1606 1734 ὁ
1631 1710 1677 1735 καὶ
1699 1711 1747 1738 τήν
1778 1708 1867 1746 ἀρχὴν

1064 1755 1195 1785 πλανὴσας
1208 1757 1251 1781 καὶ
1271 1754 1423 1784 ἀποστήσας
1444 1757 1521 1786 Θεοῦ,
1545 1756 1590 1780 καὶ
1614 1752 1692 1785 δόξης
1726 1755 1772 1790 μὲν
1799 1753 1865 1779 hisi-

1064 1811 1111 1832 νης
1151 1801 1207 1826 ὅθεν
1245 1799 1319 1829 αὐτὸς
1362 1798 1495 1829 ἐκϐληθεὶς
1534 1798 1660 1835 ἀπερρίφη
1698 1798 1868 1835 κληρονομεῖν

1064 1845 1201 1882 μέλλοντας
1228 1844 1252 1870 ἓν
1277 1847 1410 1880 μηχαναῖς
1435 1843 1615 1879 ἁπωσάμὲνος,
1641 1844 1703 1878 πρὸς
1736 1839 1762 1869 δ’
1783 1842 1867 1878 ἔσχα-

1065 1899 1112 1920 της
1145 1888 1252 1925 ἀτιμίας
1279 1889 1350 1917 πάθη
1375 1890 1544 1923 κατενεγκὼν,
1576 1889 1621 1913 καὶ
1650 1886 1720 1923 εἶχεν
1745 1886 1869 1923 ἀφύκτοις

1065 1936 1156 1960 ὡσονεὶ
1189 1931 1282 1963 πέδαις
1321 1930 1470 1968 δεσμεύσας
1510 1933 1542 1962 ὡς
1574 1929 1639 1967 μηδ’

1066 1980 1145 2015 ἡμᾶς,
1170 1977 1320 2008 ἔχλυθέντας
1349 1980 1396 2007 τῆς
1428 1976 1508 2003 αὐτου
1534 1973 1703 2013 πυραννίδος,
1736 1978 1800 2013 πρὸς
1826 1977 1868 2002 τὸν

1067 2022 1198 2051 δεσπότην
1242 2020 1411 2058 ἀναδραμεῖν,
1443 2023 1488 2047 καὶ
1514 2021 1622 2047 θάνατον
1652 2022 1714 2056 ἡμῖν
1741 2020 1869 2049 ἐπέστησε

1679 1933 1751 1967 ἔχειν
1797 1933 1869 1962 αὖθις

1067 2067 1178 2101 φύλακα,
1198 2069 1243 2093 καὶ
1257 2066 1389 2103 καθεῖρξιν
1422 2065 1446 2091 ἐν
1480 2063 1548 2101 ᾅδου
1573 2067 1618 2091 καὶ
1642 2065 1734 2095 πύλαις
1759 2075 1867 2096 σκότους

1067 2111 1292 2148 κατησφαλίσατο.
1324 2113 1374 2137 Καὶ
1416 2111 1492 2146 ἡμεῖς
1521 2108 1583 2145 ἦμεν
1615 2114 1645 2146 τῇ
1673 2111 1768 2135 τούτου
1792 2108 1867 2136 δυνα-

1069 2159 1141 2193 στείᾳ
1183 2158 1226 2182 καὶ
1257 2153 1393 2192 τυραννίδι
1421 2152 1595 2189 δουλεύοντες,
1625 2151 1690 2190 μηδ’
1719 2154 1804 2180 αὐτῶν
1835 2153 1866 2183 δὴ

1067 2203 1164 2228 τούτων
1197 2200 1222 2226 ἐν
1256 2200 1291 2230 οἷς
1324 2199 1399 2236 ἐσμεν
1429 2197 1550 2228 δηλονότι
1572 2202 1649 2224 κακοῖ
1673 2198 1867 2235 αἰσθανόμενοι,

1066 2251 1096 2282 τῇ
1130 2244 1154 2272 δ’
1195 2244 1308 2280 ἀπωλείᾳ
1346 2245 1599 2281 συνευφραινόμεναι,

1067 2289 1130 2326 ἧμεν
1149 2289 1175 2321 ἐξ
1203 2289 1237 2314 ὧν
1265 2288 1304 2315 ἐπ’
1328 2288 1406 2314 αὐτὸν
1430 2287 1569 2324 ἐτρέχομεν
1599 2288 1717 2321 θάνατον,
1752 2287 1868 2314 ὒιλειινοί

1643 2244 1715 2271 πάθη
1744 2248 1868 2279 τιμῶντες

1066 2339 1111 2365 τῆς
1139 2333 1242 2364 ἀπάτης
1266 2335 1310 2359 καὶ
1333 2337 1379 2363 τῆς
1406 2334 1538 2363 τοσαύτης
1565 2331 1683 2363 ἀδοξίας·
1708 2335 1753 2358 καὶ
1787 2337 1870 2358 ταῦτα

1067 2382 1155 2414 ring;
1183 2379 1207 2404 oi.
1233 2382 1280 2409 τῆς
1312 2377 1409 2408 εἰκόνος
1437 2381 1515 2411 Θεοῦ,
1546 2376 1707 2413 ἐλεεινότεροι
1731 2381 1781 2407 τῆς
1810 2375 1870 2403 δου-

1067 2423 1136 2454 λείας
1166 2425 1211 2449 καὶ
1249 2426 1296 2452 τῆς
1327 2432 1374 2448 του
1402 2421 1501 2458 ἐχθροῦ
1540 2419 1703 2458 τυραννίδος,
1723 2421 1810 2456 πολλῴ
1840 2419 1871 2447 δὲ

1067 2468 1141 2495 πλέον
1166 2467 1252 2494 ἄθλιοι
1274 2470 1323 2498 τῆς
1352 2467 1537 2501 ἀναισθησίας,
1569 2467 1609 2492 ὅτι
1635 2467 1678 2492 τόν
1706 2463 1870 2503 δημιουργόν

1068 2512 1289 2549 ἐγκαταλιπόντες,
1329 2512 1444 2548 φέροντες
1478 2510 1586 2541 ἑαυτοὺς
1613 2514 1650 2546 τῷ
1677 2509 1794 2546 πολεμίῳ
1822 2520 1870 2537 πα-

1067 2653 1161 2695 manu
1175 2646 1448 2695 contrectassethut
1464 2652 1508 2680 est
1520 2642 1552 2680 in
1568 2646 1589 2679 ll
1601 2641 1673 2686 Reg.
1693 2652 1719 2678 ἁ.
1739 2652 1776 2678 ’vi.
1797 2645 1869 2678 Sunt

1067 2693 1096 2718 et
1110 2690 1168 2718 alia
1181 2689 1317 2725 exempla
1332 2687 1450 2717 similia.

1103 2727 1143 2763 (3)
1157 2725 1228 2754 Vide
1238 2725 1305 2753 Issi.
1324 2732 1364 2761 γι,
1376 2726 1403 2758 6,
1420 2726 1448 2752 7.
