1959 3074
47 120 122 148 i509

578 118 624 146 DE
644 115 752 145 FESTO
772 113 998 143 DORMITIONIS
1017 116 1045 144 S.
1066 114 1198 144 MARL/E.

1663 116 1731 144 1510

44 181 239 219 ραδεδώκαμεν
256 189 262 197 ·
284 182 297 207 ὁ
318 179 347 207 δὲ
360 181 554 218 χειρωσάμενος
580 179 654 210 ὅλους
687 177 767 205 εἷλκεν
791 175 851 202 ἀκο-

950 176 1048 205 thebat
1057 178 1222 213 gaudenter
1232 178 1262 205 in
1277 177 1438 211 infernum,
1450 177 1532 213 quod
1547 177 1553 204 !
1569 180 1611 205 est
1622 177 1731 205 domus

44 227 206 256 λουθοῡντας
233 226 375 263 προθύμως
413 225 447 255 εἰς
475 224 598 262 βάραθρα
624 226 652 249 τό
684 222 776 249 ἐαυτόῡ
808 230 853 246 xu—

45 281 194 307 ταγωογιον.

85 324 126 351 Οὐ
141 327 193 360 μὴν
209 323 272 350 ἀλλὰ
289 321 411 361 παρεδεὶν
447 325 528 360 μέχρι
556 323 652 352 παντὸς
683 321 730 347 οὐκ
756 320 786 349 ἧν
809 321 854 344 τοῦ

44 372 109 399 ταῖς
136 370 217 406 χερσὶ
241 368 385 398 πλάσαντος
417 371 462 393 xui
505 372 552 397 τῆς
587 365 655 396 ἰὸίας
701 362 855 402 μεταδόντος

46 413 148 444 εἰκόνος
172 415 216 439 xui
227 418 272 443 τῆς
288 417 366 448 τιμῆς
382 423 387 429 ·
425 412 517 438 οὖκουν
544 411 606 438 οὐδὲ
637 408 769 448 παρεῖδεν,
798 407 855 435 οὐδ’

47 457 136 494 ἐφῆκε
151 467 245 494 τρόπον
260 456 287 483 ὁν
302 457 396 493 ἔφημεν
421 455 530 487 δούλους
562 456 714 492 ἀγομένους,
746 454 790 485 οὓς
819 455 854 489 μὴ

47 505 129 538 μόνον
145 501 302 539 ἐλευθέρους,
335 501 399 528 ἀλλὰ
433 505 478 528 xui
504 506 553 527 τῶν
586 500 627 527 ἐπὶ
658 505 706 536 γῆς
739 498 857 525 ἁπάντων

47 547 146 583 ἄρχειν
161 549 327 584 προκρέκρινε
354 557 360 563 -

47 595 206 627 κρατοῦντος
230 590 379 628 ἐξαιρεῖται,

389 550 473 584 χωρεῖ
501 544 526 572 δ’
553 545 576 576 ἐς
607 545 712 577 αὐτοὺς,
740 546 784 570 καὶ
812 545 858 568 τοῦ

418 591 567 620 καταλύσας
600 592 648 618 τὴν
691 587 856 622 δυναστείανΞ

47 637 107 672 ἃμα
123 634 152 662 ὁδὶ
166 637 248 661 καὶτό
273 640 321 666 τῆς
352 635 458 671 ἀγνοίας
489 633 615 664 διαλύσας
646 636 736 664 σκότος
771 631 812 668 ὑφ’
838 629 858 667 ᾧ

48 684 160 716 κατεῖχε
175 680 355 716 πλανωμένους
370 681 439 716 ἡμᾶς
454 691 460 696 ·
483 683 566 718 χωρεῖ
581 677 610 705 δὲ
624 683 679 710 πῶς
696 687 702 711 ;
720 693 755 698 —-
787 675 857 704 Ἀλλ’

49 724 163 751 ένταυθά
189 734 234 761 μοι
254 727 298 751 καὶ
321 726 333 750 ό
358 727 409 755 πᾶς
441 724 525 760 λόγος,
550 722 640 752 ἐπειδὴ
681 725 723 749 καὶ
765 723 857 752 πάντες

50 770 143 802 τύποι,
156 772 202 795 καὶ
223 768 350 806 σύμϐολα,
386 771 430 795 καὶ
461 770 484 795 οἱ
507 770 727 805 προκηρύττοντες
752 766 856 804 πορρω-

53 815 106 847 θεν,
137 813 247 840 ἐνταῦθα
275 814 417 851 πληροῦσι,
448 813 518 843 τέλος
540 815 644 849 ἔχοντες
674 815 721 841 τήν
763 812 856 848 παρθέ-

908 221 981 257 ejus.

945 318 1008 345 Non
1026 321 1142 354 poterat
1154 322 1254 347 autem
1265 327 1321 347 nos
1328 321 1451 348 omnino
1469 320 1604 349 deserere
1613 321 1664 356 qui
1675 329 1731 349 ma-

909 362 998 390 nibus
1009 371 1064 390 nos
1073 363 1283 399 plasmaverat,
1297 365 1450 401 propriam
1467 365 1629 401 imaginem
1637 365 1732 400 etglo~

911 407 985 434 riam
1002 407 1134 436 tribuens
1151 417 1157 436 :
1171 409 1259 443 igitur
1276 409 1613 446 nequedeseruitneque
1622 410 1734 438 amovit

911 454 1063 480 creaturas
1078 461 1154 488 quas
1172 453 1348 481 dicebamus
1368 454 1398 481 in
1433 454 1602 482 servitutem
1629 454 1734 482 mortis

911 495 1084 528 destinatas,
1096 497 1168 524 dum
1185 505 1236 525 eas
1247 506 1308 525 non
1322 498 1413 526 modo
1425 498 1534 526 liberas
1549 499 1667 532 fecerat,
1680 498 1735 526 sed

912 539 1034 576 insuper
1051 544 1084 568 ut
1101 544 1199 569 essent
1213 550 1302 578 super
1312 542 1415 570 omnia
1428 551 1496 579 quae
1514 546 1583 571 sunt
1597 543 1730 571 interra.

913 584 998 612 Venit
1012 588 1111 613 autem
1127 585 1165 614 ad
1181 594 1232 614 eos
1252 590 1277 615 et
1293 595 1329 614 ex
1353 589 1472 623 potente
1482 588 1578 623 eripit,
1597 588 1661 622 ejus
1678 587 1736 615 sol-

912 638 986 657 vens
1001 631 1175 666 potentiam,
1194 634 1222 659 et
1239 631 1390 668 dissipans
1405 632 1544 661 umbram
1560 633 1734 668 ignorantiae

912 682 974 711 qua
983 683 1040 703 nos
1058 675 1223 703 involverat
1242 675 1382 712 deceptos
1400 680 1427 704 et
1444 679 1586 705 errantes.
1606 678 1735 710 Quomo-

912 719 951 747 do
967 722 1068 747 autem
1086 719 1166 748 venit
1179 719 1262 748 ?Huc
1279 721 1354 748 enim
1373 721 1514 749 tendebat
1540 723 1617 750 totus
1648 729 1735 750 meus

912 771 1021 797 sermo,
1040 764 1115 792 sicut
1127 767 1155 792 et
1165 773 1271 793 omnes
1282 765 1386 800 ﬁgura:
1399 769 1427 793 et
1435 766 1536 794 omnia
1547 765 1696 802 symbola,
1707 769 1736 794 et

911 816 1018 836 omnes
1037 817 1055 836 a
1071 812 1148 836 retro
1167 809 1331 845 prophetiae
1342 810 1399 838 huc
1415 810 1616 846 adimplentur
1642 810 1735 838 ﬁnem

50 868 104 884 νον.
123 857 204 889 Αὐτός
237 860 282 884 καὶ
307 860 357 895 γὰρ
387 859 402 883 ὅ
426 861 581 895 προαιώνιος
603 861 648 883 τοῦ
679 860 744 883 Θεοῡ
774 858 857 890 Λόγος

950 861 1007 880 ,υω
1027 853 1171 881 habentes
1191 854 1351 888 Virginem.
1377 856 1475 891 Ipsum
1486 855 1566 883 enim
1590 857 1735 883 aeternum

51 902 170 933 καταϐὰς
189 902 213 928 ἐν
229 902 306 939 αὐτῇ,
327 903 431 940 καθαρᾷ
458 902 524 938 οὒσῃ
549 904 590 928 καὶ
625 901 734 938 ἀμωμῳ,
758 902 803 926 καὶ
831 901 857 925 τί

54 946 152 973 δ’ἀλλο
178 948 192 976 ἢ
236 951 281 973 τοῦ
313 947 476 977 κατελθόντος
506 947 576 982 ἀξίᾳ,
605 946 671 983 σὰρξ
694 948 792 981 γίνεται
820 943 856 970 δι’

54 993 138 1027 ἡμὼς⁵
156 1001 268 1028 φορεσας
286 993 382 1021 ταύτην
410 991 438 1017 ix
460 996 509 1017 τῶν
537 991 619 1021 αὐτῆς
649 991 786 1026 unum”
813 992 858 1016 xui

55 1038 192 1072 πανάγνων
229 1037 356 1073 αἱμάτων,
391 1039 444 1072 καὶ,
470 1039 517 1065 τὴν
544 1036 602 1062 κατ’
632 1036 717 1062 εἰκόνα
744 1034 857 1072 προσλαο

55 1081 107 1106 ϐῶν
135 1083 213 1117 φύσιν
240 1081 300 1110 ὅλην
332 1082 484 1119 φθαρεῖσαν,
517 1083 641 1117 μίγνυται
684 1081 774 1116 ταύτῃ,
814 1081 858 1105 καὶ

56 1124 212 1151 ἀναπλάττει
243 1130 273 1162 τῇ
300 1128 429 1162 κοινωνίᾳ,
457 1127 517 1156 τοὺς
554 1124 636 1155 ἰδίους
666 1123 741 1155 αὖθις
765 1124 858 1150 ἐπανα-

57 1170 150 1200 σὼξων
177 1172 242 1206 πρὸς
268 1169 367 1205 ἑαυτὸν,
392 1173 436 1196 xui
484 1170 654 1206 οἰκειούμενος
693 1171 753 1200 τοὺς
790 1170 858 1195 am-

59 1215 164 1245 σθέντας
234 1215 358 1252 ἁμαρτίᾳ.

93 1277 178 1308 Οὗτος
194 1279 207 1304 ό
235 1282 282 1308 τῆς
310 1279 435 1314 ἡμετέρας
462 1279 595 1313 σωτηρίας
621 1279 716 1313 τρόπος
748 1285 754 1291 ·
784 1280 860 1302 τοῦτο

62 1324 90 1348 τὸ
125 1322 207 1348 πάλαι
239 1325 284 1348 xui
316 1323 526 1359 προτυπούμενον
563 1324 608 1347 καὶ
638 1324 859 1358 προμηνυόμενον,

58 1369 104 1393 καὶ
143 1370 196 1397 τοῖς
228 1369 372 1403 προφήταις
396 1366 559 1402 λαλούμενον,
590 1368 695 1402 φρικτὸν
718 1369 762 1392 καὶ
794 1368 862 1400 μέγα

57 1414 215 1448 μυστήριον,
240 1413 302 1442 Θεὸς
324 1413 460 1447 μεγογενος
475 1411 621 1447 ἅνθρωπος,
652 1411 693 1436 ἵνα
720 1413 791 1447 σώσῃ
817 1412 861 1436 τόν

58 1457 206 1493 ἄνθρωπον,
228 1458 289 1486 Θεὸς
316 1455 340 1482 ἰν
368 1459 457 1492 μήτρᾳ
479 1456 610 1492 Παρθένου
648 1458 693 1481 καὶ.
721 1455 861 1491 σωματού-

57 1510 134 1536 μενος
160 1503 206 1526 xui
228 1500 413 1536 πλαττόμενος,
447 1503 491 1526 καὶ
520 1502 648 1537 χρονικὴν
676 1497 860 1535 καταδεχόμε-

56 1555 98 1575 νος
125 1547 257 1580 γέννησιν,
283 1547 328 1571 xui
353 1546 388 1576 ὡς
411 1543 504 1581 βρέφος
525 1546 652 1581 ὁρώμενος
683 1547 727 1570 καὶ
759 1543 862 1580 βαστα-

59 1591 166 1626 Cauno;
190 1588 315 1625 ἀγκάλαις
348 1591 460 1625 μητρὸς.
483 1590 495 1614 ὀ
524 1591 557 1615 τὰ
580 1591 665 1615 πάντα
690 1589 793 1625 πληρῶν
817 1590 863 1614 καὶ

58 1632 188 1669 μηδαμοῦ
217 1631 341 1669 μηδολως
378 1634 555 1669 χωρούμενος.
588 1635 655 1671 [Ιρὸς
688 1637 771 1659 ταῦτα
797 1635 863 1663 τίνες

57 1678 186 1714 ἀγγέλων,
225 1680 288 1708 τίνες
330 1677 513 1714 ἀρχαγγέλων,

58 1726 124 1749 ποῖα
168 1725 291 1759 Σεραφὶμ,

556 1678 584 1703 οὗ
624 1678 826 1713 κατεπλάγησαν
854 1685 862 1710 ;

340 1726 403 1748 ποῖα
437 1721 580 1758 Χερουϐὶμ,
621 1722 668 1748 οὐκ
705 1721 863 1758 ἐθαύμασεν,

58 1768 162 1804 ὁρῶντα
188 1769 231 1796 τὴν
260 1768 388 1796 τοσαύτην
430 1771 476 1793 τοῦ
517 1771 584 1794 Θεοῦ
607 1770 715 1794 κένωσιν
747 1770 792 1794 xui
820 1769 864 1797 τός

57 1816 186 1838 τοσοῦτον
213 1809 288 1842 αὖθις
315 1813 391 1847 ὄγκον
408 1815 457 1842 τῆς
489 1814 549 1848 περὶ
574 1813 644 1848 ἡμᾶς
673 1812 863 1848 φιλανθρωπίας

56 1859 105 1883 καὶ
119 1861 166 1886 τῆς
179 1855 294 1882 ἐπέκεινα
306 1856 394 1886 πάσης
407 1855 536 1886 ὑποϐολῆς
550 1855 719 1891 ἁγαθοτητος.

94 1913 240 1946 Τοιγαροῦν
274 1911 319 1936 καὶ
361 1913 445 1936 πᾶσαι
494 1914 544 1936 τῶν
593 1910 707 1946 οὐρανῶν
739 1909 863 1947 δυνάμεις

58 1955 136 1985 εὐθὺς
170 1954 332 1990 ἀνύμνησαν,
378 1957 423 1980 καὶ
461 1955 516 1990 μεθ’
550 1955 624 1990 ἡμῶν
664 1953 718 1981 δεῖν
751 1955 864 1991 ἔγνωσαν

61 2003 159 2029 στῆναι
197 2002 295 2034 γενεαῖς
323 1997 437 2029 ἁπάσαις
459 2001 505 2028 τὴν
546 2000 674 2035 Παρθένον
709 1999 854 2036 μακαριζόν

61 2054 126 2077 των,
145 2046 189 2070 xui
209 2043 406 2081 μακαριζόντων
434 2044 499 2079 ὁμοῦ
596 2044 680 2069 αὐτῶν
709 2042 740 2072 δή
769 2046 867 2070 τούτων

63 2089 146 2115 ἕνεκεν
182 2091 232 2114 τῶν
271 2088 353 2118 οὕτως
380 2088 515 2124 ὑπερφυῶν
551 2087 616 2124 αὐτῇ
653 2088 793 2123 μεγαλείων
821 2097 867 2124 γε-

64 2134 223 2168 γενημένων,
251 2133 320 2168 ὁμοῦ
347 2130 372 2158 δ’
395 2132 436 2158 ὅτι
464 2135 509 2158 καὶ
543 2134 591 2161 τὴν
614 2135 699 2161 κοινὴν
726 2132 868 2168 ἐλευθερίαν

67 2176 104 2204 δι’
121 2177 204 2208 αὐτῆς
216 2177 278 2213 ἡμῖν
301 2176 413 2214 ὑπῆρξεν
432 2176 581 2210 ἀπολαϐεῖν,
609 2177 665 2213 ἅμα
691 2175 721 2203 δὲ
743 2180 788 2203 καὶ
818 2182 869 2204 τῶν

68 2222 182 2253 καθεξῆς
202 2221 353 2258 εὐεργεσιῶν
386 2222 478 2258 χάριν,
503 2220 534 2252 ἃς
562 2221 591 2247 οὗ
620 2219 734 2248 διελεπεν
758 2221 817 2248 οὐδ’
840 2222 869 2248 οὐ

68 2269 172 2303 μήποτε
212 2266 275 2302 λίπῃ
303 2264 350 2292 διὰ
382 2267 479 2297 παντὸς
520 2266 742 2303 κατεργαζομένη.
779 2271 870 2304 Παρα-

67 2311 188 2337 λαϐοῡσα
217 2313 263 2337 καὶ
289 2312 340 2347 γὰρ
362 2311 430 2346 ἡμᾶς
462 2309 532 2336 ἰδία)
560 2312 653 2337 ὡσανεὶ
686 2314 870 2348 κληρονομίαν,

67 2359 122 2385 τοῖς
134 2359 181 2381 τοῦ
194 2356 256 2382 1⁵ἰοὺ
275 2355 354 2385 αὐτῆς
369 2355 478 2391 αἰμασιν
503 2354 552 2381 ἀπὸ
581 2359 629 2386 τῆς
654 2357 792 2393 μοχθηροῖς
825 2359 870 2383 καὶ

68 2400 167 2436 φαύλης
197 2397 313 2428 δουλείας
339 2399 572 2436 ἐξηγορασμένους,
597 2399 680 2426 ἐκεῖνα
707 2403 752 2427 καὶ
779 2403 869 2427 πεποί-

68 2454 129 2474 ηκεν
144 2445 208 2481 ὑπὲρ
232 2444 304 2480 ἡμῶν
325 2446 370 2470 καὶ
391 2447 469 2479 ποιεῖ,
497 2444 530 2469 ὧν
547 2447 592 2471 καὶ
620 2447 694 2481 γέμει
724 2447 828 2481 σύμπας
856 2447 869 2472 ὁ

67 2489 136 2525 βίος,
154 2487 274 2520 ἔξαισίων
288 2487 329 2515 ἀεὶ
344 2488 509 2524 τελουμένων.

103 2540 212 2572 Ἐπειδὴ
227 2543 279 2578 γὰρ
303 2542 317 2568 ό
335 2542 404 2568 κατὰ
429 2546 478 2573 τῆς
499 2545 604 2579 πρώτης
633 2544 706 2579 ἡμῶν
733 2543 868 2581 ἐπιχειρή-

67 2597 120 2619 σας
157 2587 312 2624 ἕλευθερεας,
350 2589 395 2613 καὶ
418 2591 503 2617 κακῶς
525 2587 605 2616 αὐτὴν
634 2586 794 2624 ἀφελόμενος,
821 2591 868 2618 τὴν

66 2633 128 2662 ὅλην
147 2633 222 2668 ἡμῶν
248 2630 405 2667 καθύϐρισεν
431 2631 514 2665 ἀξίαν,
545 2631 734 2658 ἀπαλλάττεται
765 2631 791 2659 δ’
810 2631 868 2659 οὐδ’

65 2676 141 2708 αὖθις
184 2679 230 2703 καὶ
266 2677 335 2702 κατὰ
375 2680 424 2702 τῶν
463 2674 588 2713 δευτέρων
613 2676 652 2703 ἀεὶ
679 2680 870 2713 μηχανώμενος

66 2721 206 2758 ἀμεινόνων
237 2720 279 2747 ἐπὶ
298 2719 382 2755 πολλῷ
414 2722 480 2757 πρὸς
506 2719 585 2752 δόξαν
617 2723 801 2758 γεγενημένων,
826 2721 869 2747 οὗ-

67 2764 182 2802 δαμόθεν
201 2765 306 2792 ἄλλοθεν
333 2765 408 2800 ἡμεῖς
436 2764 545 2796 ἄξάντεις
568 2770 617 2792 τῶν
639 2766 719 2792 αὐτοῦ
746 2765 868 2792 ποικίλων

912 897 962 924 Dei
982 897 1109 925 Verbum
1123 897 1310 926 descendens
1329 898 1359 926 in
1379 899 1431 927 Illa
1444 907 1512 936 quae
1530 902 1594 927 erat
1610 907 1688 935 pura
1708 902 1737 927 et

911 942 1218 977 irreprehensibilis,et
1230 944 1266 971 de
1274 946 1378 971 caetero
1390 944 1619 980 quodammodo
1632 944 1734 979 digna.

912 987 952 1014 Eo
966 987 1017 1022 qui
1036 986 1181 1020 veniebat,
1198 987 1309 1015 factum
1326 991 1371 1016 est
1388 996 1442 1024 pro
1459 988 1546 1016 nobis
1564 988 1737 1021 caro;hanc

913 1038 1034 1058 carnem
1054 1039 1215 1059 assumens
1234 1040 1270 1060 ex
1288 1033 1446 1061 innocente
1481 1036 1509 1061 et
1541 1033 1736 1061 immaculato

913 1075 1037 1110 Virginis
1055 1076 1212 1111 sanguine,
1227 1077 1375 1112 accipiens
1391 1080 1484 1106 totam
1494 1080 1632 1106 naturam
1654 1077 1738 1106 vitia-

913 1122 976 1147 tam
991 1120 1021 1148 in
1035 1120 1166 1155 imagine
1179 1121 1237 1154 Dei,
1257 1129 1320 1149 sese
1335 1121 1374 1150 illi
1388 1122 1515 1155 miscuit,
1528 1125 1554 1150 et
1567 1122 1738 1150 reformavit

914 1164 991 1192 illam
998 1165 1054 1192 hac
1061 1165 1181 1198 unione,
1191 1175 1203 1192 ς
1209 1174 1262 1193 uos
1269 1166 1372 1194 iterum
1382 1167 1501 1195 salvans
1509 1170 1536 1194 et
1543 1167 1582 1194 ad
1588 1169 1614 1195 te
1621 1167 1738 1202 erigens

913 1209 1081 1245 unjensque
1088 1218 1156 1245 quos
1162 1213 1363 1239 vastaveratet
1371 1211 1569 1239 exinaniverat
1575 1214 1738 1247 peccatum.

949 1272 1027 1300 Talis
1045 1275 1089 1300 est
1102 1275 1211 1300 nostris
1222 1273 1326 1301 salutis
1335 1273 1410 1301 ordo
1423 1282 1430 1302 :
1443 1273 1500 1301 tale
1518 1276 1563 1302 est
1574 1273 1657 1309 quod
1667 1273 1739 1301 olim

917 1316 1141 1352 praeﬁguratum
1152 1320 1206 1350 est,
1224 1318 1458 1352 praenuntiatum
1475 1321 1505 1345 et
1513 1325 1565 1354 per
1577 1317 1740 1354 prophetas

916 1361 1106 1397 praedictum,
1115 1361 1304 1389 tremendum
1316 1370 1521 1398 magnumque
1540 1363 1718 1398 mysterium
1731 1370 1738 1389 :

917 1406 994 1432 Deus
1003 1413 1111 1441 nempe
1121 1405 1207 1432 homo
1215 1405 1310 1434 factus
1318 1406 1506 1434 uthominem
1513 1406 1650 1440 salvaret,
1665 1408 1741 1434 Deus

916 1449 945 1476 in
966 1453 1048 1477 utero
1060 1449 1188 1484 Virginis
1200 1449 1408 1486 incorporatus
1418 1453 1446 1478 et
1461 1450 1616 1485 formatus,
1627 1454 1655 1478 et
1669 1453 1742 1478 tem-

916 1494 1051 1530 poralem
1066 1495 1214 1530 accipiens
1224 1495 1457 1528 generationem.
1469 1494 1552 1523 visus
1560 1499 1588 1523 et
1607 1497 1740 1530 gestatus

880 1526 902 1553 ο
917 1541 949 1566 ut
965 1546 1040 1575 puer
1054 1538 1130 1567 inter
1150 1539 1253 1566 matris
1275 1539 1410 1575 brachia,
1443 1539 1517 1567 dum
1544 1539 1607 1576 ipse
1638 1539 1741 1568 omnia

917 1583 1008 1619 replet
1016 1586 1044 1611 et
1055 1583 1161 1611 nullibi
1171 1583 1297 1611 omnino
1303 1583 1369 1611 loco
1378 1584 1486 1611 mutari
1498 1587 1604 1620 potest.
1617 1584 1663 1612 Ad
1677 1584 1741 1612 haec

917 1628 1043 1664 quinam
1061 1627 1238 1662 angelorum
1255 1631 1284 1656 et
1299 1628 1549 1663 archungelorum
1564 1637 1626 1657 non
1639 1628 1742 1656 obstu-

917 1676 1048 1708 puerunt
1056 1673 1070 1699 ‘2
1081 1673 1152 1705 Quae
1159 1672 1320 1708 seraphim,
1328 1680 1396 1708 quae
1402 1673 1557 1701 cherubim
1567 1681 1629 1701 non
1634 1673 1744 1702 mirata

918 1720 997 1750 sunt,
1016 1720 1131 1745 tantam
1149 1725 1218 1744 cum
1229 1720 1383 1745 cernerent
1396 1717 1697 1750 Deiexinanitionem,
1715 1720 1744 1746 et

918 1762 1008 1790 simul
1026 1764 1140 1790 tantam
1156 1761 1515 1795 exuberantiam,amoris
1535 1762 1593 1798 Dei,
1611 1765 1638 1790 et
1653 1769 1744 1798 super

918 1806 1111 1835 eminentiam
1131 1806 1299 1834 excellentis
1314 1806 1455 1834 bonitatis
1474 1806 1488 1833 Τ

950 1906 1055 1935 Omnes
1062 1907 1162 1942 itaque
1169 1905 1290 1934 virtutes
1297 1906 1436 1934 caelorum
1443 1907 1622 1943 propensius
1628 1908 1658 1936 in
1664 1908 1748 1944 hym-

920 1960 976 1979 nos
993 1954 1157 1986 eruperunt
1174 1953 1202 1978 et
1218 1950 1377 1978 nobiscum
1389 1954 1576 1987 agnoverunt
1588 1952 1627 1980 ab
1651 1953 1749 1981 omni-

920 1996 978 2025 bus
992 1994 1236 2031 generationibus
1250 1995 1489 2024 benedicendam
1510 2004 1576 2024 esse
1594 1997 1747 2033 Virginem

922 2045 984 2068 tum
1005 2043 1125 2077 propter
1138 2048 1173 2068 ea
1183 2047 1250 2076 quae
1261 2039 1317 2075 ipsi
1332 2040 1639 2076 collatasuntmagna
1652 2043 1680 2070 et
1693 2050 1746 2070 su-

922 2085 1135 2122 pernaturalia;
1148 2087 1205 2112 tum
1215 2085 1286 2120 quia
1295 2092 1348 2120 per
1357 2084 1433 2113 illam
1442 2085 1528 2114 nobis
1536 2086 1634 2114 datum
1643 2089 1688 2115 est
1698 2086 1748 2115 de-

924 2138 1015 2166 super
1032 2129 1166 2165 aceipere
1186 2136 1381 2156 communem
1399 2129 1576 2163 libertatem,
1597 2130 1747 2167 simulque

924 2177 1045 2212 propter
1058 2177 1165 2202 caetera
1174 2173 1320 2202 beneﬁcia
1328 2182 1395 2210 quae
1413 2182 1570 2211 nunquam
1580 2175 1745 2212 intermisit,

924 2220 997 2256 quin
1016 2220 1045 2247 in
1056 2227 1111 2246 nos
1121 2226 1213 2254 supra
1231 2218 1356 2246 modum
1370 2219 1490 2246 abunde
1503 2220 1666 2255 perfecerit.
1679 2222 1748 2249 Sus-

924 2265 995 2300 cipit
1012 2264 1091 2292 enim
1109 2271 1164 2291 nos
1197 2263 1283 2298 quasi
1301 2263 1456 2298 propriam
1469 2264 1687 2293 haereditariam
1706 2265 1747 2294 fa-

925 2309 1039 2337 miliam
1052 2307 1166 2345 proprii
1177 2307 1236 2335 Filii
1253 2307 1299 2335 sui
1317 2308 1464 2342 sanguine
1495 2309 1687 2338 redimendos
1711 2317 1748 2338 ex

923 2354 1098 2382 miseranda
1110 2352 1314 2388 vilissimaque
1326 2352 1474 2388 servitute,
1495 2356 1617 2389 propter
1624 2362 1680 2382 nos
1691 2355 1748 2383 ista

924 2399 990 2427 fecit
1000 2401 1028 2426 et
1042 2405 1123 2426 nunc
1137 2404 1258 2433 quoque
1276 2395 1356 2431 facit,
1377 2397 1488 2432 quibus
1515 2398 1614 2426 omnis
1644 2402 1747 2428 nostra

922 2444 1071 2480 repleatur
1087 2442 1146 2470 vita
1160 2441 1249 2469 bonis
1263 2441 1453 2469 faustissimis
1470 2444 1499 2470 et
1516 2443 1644 2471 aeternis.

959 2544 1032 2572 Cum
1049 2544 1149 2570 autem
1162 2540 1210 2568 ille
1220 2541 1272 2577 qui
1285 2540 1369 2577 prius
1382 2543 1487 2570 contra
1504 2544 1638 2570 nostram
1659 2543 1747 2573 ﬁber-

921 2591 1014 2618 tatem
1024 2585 1314 2621 insurrexiteamque
1326 2585 1413 2613 nobis
1420 2586 1529 2614 misere
1543 2586 1665 2621 ademit,
1673 2588 1746 2617 inte-

923 2641 1009 2669 gram
1024 2634 1156 2660 nostram
1172 2629 1288 2657 fmdans
1305 2629 1490 2664 dignitatem,
1506 2639 1568 2659 non
1586 2635 1683 2660 cesset
1695 2640 1746 2669 po-

924 2677 1096 2705 sterioribus
1109 2675 1189 2704 hisce
1201 2677 1230 2702 et
1244 2673 1465 2711 pretiosissimis
1480 2683 1598 2712 semper
1609 2677 1745 2706 insidiari

922 2722 1011 2750 bonis
1027 2729 1096 2757 quae
1111 2720 1246 2757 proxime
1263 2719 1303 2747 ad
1322 2718 1449 2754 gloriam
1466 2727 1522 2748 nos
1552 2724 1672 2753 ornant,
1691 2729 1744 2758 per

924 2766 1040 2794 nullum
1057 2765 1160 2799 alium,
1178 2772 1196 2792 ο
1211 2764 1309 2800 Virgo,
1329 2764 1498 2799 ejusvarias
1510 2764 1689 2801 effugiemus
1701 2774 1746 2796 se-
