1959 3074
218 86 284 115 1511

877 70 1064 108 NICEPHORI
1083 71 1229 109 CHUMNi.

1842 81 1902 110 1512

214 147 369 176 ductiones
379 153 472 182 quam
488 152 541 182 per
560 146 587 174 te
606 152 700 182 quam
714 145 836 174 heroem
847 143 955 172 ducem
972 141 987 169 ι]

1135 145 1307 180 χανημάτων,
1324 145 1339 174 ἢ
1371 145 1410 181 σὲ,
1446 145 1570 182 Παρθένε,
1597 145 1740 181 πρόμαχον
1775 145 1825 170 καὶ
1850 153 1905 181 προ·

215 191 384 221 invenimus
403 193 432 219 et
443 192 597 227 potentem
607 192 777 227 patronam,
793 189 929 225 undique
946 186 1040 224 ipsius

216 237 404 272 frangentem
423 235 553 264 fervidos
578 235 718 272 impetus.
747 235 796 263 ille
823 234 904 262 enim
930 231 1041 268 duplex

217 280 471 314 suscitatbellum,
479 280 540 308 sive
550 282 670 308 nostras
680 279 820 308 saucians
827 278 945 307 animas
952 276 1041 313 ipsis-

217 333 276 363 que
295 324 409 354 occulte
423 324 579 357 insidians,
594 324 656 352 sive
670 324 735 352 illas
747 323 905 360 impellens
930 321 970 350 ad
993 327 1040 348 res

218 373 367 405 externas,
379 372 412 398 ut
429 370 470 398 sic
488 369 643 398 manifeste
658 377 744 398 suam
754 368 904 405 compleat
927 367 958 395 in
986 366 1042 394 illis

217 415 362 444 invidiam
390 416 419 443 et
443 414 598 443 malitiam.
635 415 677 442 Tu
711 422 782 442 vero
818 413 902 442 fortis
938 413 1043 439 contra.

217 462 379 496 utrumque
386 458 498 487 bellum
506 461 612 495 potens
619 461 745 495 praestas
753 458 894 486 omnibus
903 455 1042 485 auxilium

218 512 274 534 nec
285 503 383 533 solum
393 511 564 532 succurrere
577 503 740 537 desideras,
752 502 805 532 sed
813 505 841 531 et
853 501 938 530 facile
945 502 1041 537 potes.

219 549 308 578 Nobis
321 549 430 577 idcirco
437 548 584 576 succurris
591 551 617 576 et
625 547 780 585 praecedis,
787 550 943 584 utpugnes
953 548 1043 581 atque

219 597 251 623 ut
265 594 348 631 prius
363 593 444 622 mala
463 593 632 629 ingruentia
647 593 780 628 corrigas
796 595 824 620 et
838 591 961 620 innoxia
972 589 1042 618 red-

219 639 274 667 das
284 646 377 675 quam
392 637 431 666 ab
445 638 488 665 eis
502 638 627 666 omnino
641 638 840 665 inﬁrmemur.
868 638 968 672 Neque
985 635 1042 663 hoc

219 684 327 712 solum.
346 683 402 711 Sed
413 690 482 710 cum
494 682 639 710 adversus
669 682 734 718 ejus
764 682 899 716 insidias,
922 682 1043 715 agentes

218 728 292 756 nihil
305 727 478 764 proﬁcimus
485 726 836 763 etdiﬁicillimeimpetum
848 725 1041 758 sustinemus,

219 772 307 810 quasi
320 772 497 801 voluntariis
510 772 596 800 malis
615 771 844 800 succumbentes
871 770 927 806 (ille
963 769 1043 797 enim

219 826 275 847 nos
294 817 462 846 voluntarie
477 819 633 852 corruptos
647 817 830 853 impugnans
840 815 931 844 libere
942 815 988 850 agi

763 824 830 844 rans
840 815 931 844 libere
942 814 1042 850 agitin
1062 822 1081 849 Β
1097 816 1184 854 ληφὼς
1217 817 1320 848 ἑκόντας
1356 818 1536 855 φθειρομένους

219 863 250 892 id
260 861 343 899 quod
356 862 506 891 desiderat
521 870 528 889 :
542 862 603 890 vult
616 864 715 890 autem
732 862 863 898 pessima.
877 863 904 889 et
924 860 963 888 ad
981 860 1042 888 haec

219 907 364 944 impellit),
380 907 652 942 etindignationem
661 907 821 935 Deicontra
834 914 888 934 nos
901 913 1043 942 provoca-

219 960 305 985 mus,
313 952 374 988 qui,
380 952 460 988 justa
467 951 599 979 concitus
606 951 660 986 ira,
670 953 810 980 statutam
819 950 1044 987 paratinlligere

219 1004 353 1034 poenam,
368 998 401 1025 tu
412 996 468 1024 cito
480 996 628 1032 prtevenis
643 998 671 1024 et
684 995 766 1032 apud
781 995 865 1024 illum
878 996 958 1023 facta
982 1003 1043 1023 me-

220 1042 335 1075 diatrix,
352 1042 432 1069 hunc
448 1041 590 1069 maternis
603 1040 741 1077 precibus
749 1040 928 1077 juribusque
938 1039 1042 1075 ﬂectis;

219 1094 292 1115 nam
305 1093 393 1123 super
405 1086 526 1122 propria
539 1086 609 1122 jura
625 1093 729 1122 preces
745 1084 925 1122 protendens
953 1087 981 1112 et
1003 1084 1044 1113 illi

220 1139 440 1160 commemoras
453 1130 536 1166 quod
549 1130 653 1158 similis
664 1131 706 1158 tui
720 1138 756 1158 ex
767 1131 873 1158 natura
893 1132 944 1158 tua
973 1137 1043 1166 par-

220 1175 362 1212 ticipavit,
383 1175 504 1210 etquod
514 1175 544 1202 in
560 1175 618 1202 tuis
629 1174 795 1202 visceribus
811 1174 896 1202 illum
913 1174 1042 1209 gestasti,

220 1229 257 1249 ex
276 1220 419 1248 uberibus
437 1219 494 1247 tuis
503 1219 550 1247 lac
565 1219 606 1247 illi
617 1219 781 1256 praebuisti,
797 1219 918 1255 etquod
928 1219 1045 1256 passio-

219 1265 267 1293 nis
277 1272 339 1293 suae
355 1264 446 1293 ﬁnem
462 1263 758 1300 cernerepreestolata
766 1264 849 1300 juxta
862 1271 980 1292 erucem
992 1263 1044 1292 ubi

220 1308 405 1338 moriebatur
420 1308 544 1342 steteris,
564 1308 667 1337 omnia
677 1310 705 1336 et
739 1309 805 1345 ipsa
832 1309 948 1345 patiens
976 1317 1044 1345 quia

219 1353 286 1390 ipse
300 1361 355 1390 pro
369 1353 458 1381 nobis
476 1353 533 1381 reis
548 1355 576 1381 et
594 1352 744 1382 damnatis
760 1353 851 1381 subiit
862 1355 894 1382 ut
913 1361 968 1381 nos
985 1353 1044 1381 sol-

219 1400 301 1426 veret
315 1397 468 1434 ajudicio.
485 1397 570 1426 Illum
580 1405 652 1433 ergo
666 1398 798 1427 converti
820 1398 892 1426 facis
920 1399 970 1434 pia
995 1406 1045 1427 ne-

220 1443 359 1478 gotiatrix
371 1450 378 1476 ;
390 1442 513 1479 insuper
523 1442 642 1471 donans
651 1445 684 1471 ut
697 1443 789 1471 Deum
800 1443 912 1471 nedum
923 1443 1042 1477 iratum,

219 1487 282 1517 imo
294 1487 468 1523 diligentem
481 1490 510 1516 et
519 1487 607 1516 bonis
623 1487 1024 1524 cumulantemexperiamur
1036 1496 1042 1523 ;
1060 1502 1078 1529 ρ

219 1533 338 1562 donans
359 1535 390 1561 ut
405 1532 444 1561 ab
459 1540 494 1560 eo
511 1532 594 1560 bona
608 1532 750 1569 donaque
767 1533 967 1569 suscipiamus
988 1540 1043 1569 pro

198 1614 201 1616 η
219 1578 307 1607 malis
322 1586 390 1615 quas
406 1577 573 1613 suscepturi
588 1585 725 1606 ereamus
743 1579 770 1606 et
785 1577 882 1614 poenis
898 1585 975 1614 quas
989 1577 1045 1606 sol-

219 1631 289 1652 vere
298 1623 520 1651 debuissemus.
538 1622 615 1650 Nihil
626 1623 706 1651 enim
715 1624 758 1651 est
772 1622 896 1650 omnino
914 1622 997 1658 quod
1011 1625 1044 1650 tu

220 1667 395 1696 desiderans
401 1675 456 1704 pro
466 1669 567 1695 nostra
576 1667 773 1695 beneﬁcentia
781 1675 799 1695 a
810 1668 869 1695 Deo
879 1674 940 1695 non
946 1667 1044 1703 possis

220 1712 396 1749 impetrare:
417 1712 478 1740 imo
493 1714 578 1748 potes
594 1711 697 1740 omnia
710 1713 787 1740 certe
807 1714 835 1740 et
848 1711 1044 1740 donasmulto

220 1757 318 1792 magis
333 1759 362 1785 et
371 1756 488 1784 facilius
496 1764 589 1793 quam
598 1756 671 1784 forte
678 1764 733 1784 nos
739 1756 769 1784 in
778 1757 853 1784 votis
859 1756 970 1785 habere
976 1764 1044 1792 pos-

221 1810 336 1830 sumus.
353 1803 509 1838 Propterea
523 1801 634 1829 videris
647 1803 675 1829 et
701 1801 856 1838 petitiones
880 1801 1044 1837 praevenire

221 1849 250 1876 et
263 1854 319 1875 nos
334 1845 579 1883 quasidonajam
595 1848 717 1882 accepta
730 1845 929 1881 efﬂagitamus
942 1846 1045 1874 omnia

222 1891 331 1928 quibus
341 1891 522 1926 indigemus,
539 1893 567 1918 et
576 1898 644 1926 quae
651 1893 720 1918 ante
728 1890 942 1926 postulationes
954 1898 1006 1927 per
1017 1892 1044 1918 te

221 1936 310 1966 nobis
323 1936 407 1964 ﬁunt.
425 1937 498 1964 Cum
508 1937 609 1963 autem
633 1935 796 1971 aliquando
813 1935 843 1962 in
857 1935 948 1963 rebus
971 1935 1045 1963 utili-

221 1981 437 2017 busperperam
443 1979 656 2012 desideramus,
665 1979 1045 2016 perperamquestudemus

223 2027 252 2054 et
272 2025 401 2060 agimus,
419 2026 450 2051 tu
463 2024 529 2060 ipsa
543 2023 608 2052 haec
624 2024 735 2060 optime
751 2024 881 2058 dirigens
896 2025 924 2051 et
942 2032 1044 2059 agens,

222 2069 254 2097 in
264 2069 321 2098 hoc
336 2067 466 2097 maxime
474 2067 606 2095 ostendis
616 2067 759 2096 bonitatis
771 2067 957 2103 thesaurum,
974 2068 1046 2104 quia

223 2115 301 2143 circa
315 2121 450 2150 quaenon
463 2113 631 2148 cogitamus
642 2120 740 2149 neque
752 2112 946 2148 pelimus,vel
956 2113 1046 2141 etiam

223 2168 293 2189 cum
307 2159 515 2187 desideramus
529 2160 557 2186 et
571 2157 721 2185 tendimus
737 2157 775 2185 ad
788 2158 902 2194 pejora,
911 2165 966 2186 nos
981 2158 1045 2186 istis

223 2204 366 2234 violenter
382 2203 470 2240 eripis
484 2204 535 2231 aut
547 2202 636 2230 etiam
653 2202 727 2230 facis
745 2204 777 2230 ut
802 2202 930 2230 multum
952 2202 1046 2238 proﬁ-

224 2249 313 2284 ciant,
328 2257 398 2277 cum
408 2247 439 2276 in
460 2247 534 2283 ipsis
566 2254 635 2274 vere
668 2248 765 2283 potest
796 2247 892 2275 inesse
916 2247 1043 2277 utilitas:

223 2295 310 2332 quasi
326 2293 431 2322 invitos
443 2291 625 2320 benevolens
638 2291 669 2319 in
682 2291 760 2320 hanc
778 2300 831 2320 nos
847 2291 939 2320 trahis
953 2292 1045 2327 viam,

224 2342 253 2368 et
263 2338 372 2368 deinde
383 2345 506 2366 sensum
520 2338 548 2364 et
559 2335 713 2364 scientiam
728 2336 838 2373 adepti,
854 2337 916 2365 vim
943 2337 1047 2373 diliga-

224 2392 292 2413 mus
298 2391 360 2420 qua
373 2382 404 2410 in
412 2380 624 2417 experientiam
631 2379 703 2408 boni
716 2380 912 2410 introivimus.
932 2381 974 2410 Ita
989 2389 1046 2410 nos

224 2437 241 2458 e
255 2429 330 2458 vitiis
349 2426 449 2463 eripis,
469 2424 520 2453 illa
534 2425 622 2460 longe
633 2424 795 2461 depellens,
807 2433 844 2454 ne
861 2426 994 2462 primum
1016 2427 1048 2455 in

224 2474 283 2503 ista
296 2472 501 2509 impingamus
516 2478 584 2498 cum
595 2469 759 2505 improviso
770 2471 935 2507 periculum
956 2471 1048 2500 instat

225 2517 354 2548 cadendi
370 2524 376 2549 ;
393 2518 421 2544 et
439 2515 463 2543 si
481 2515 555 2544 forte
569 2513 759 2543 inciderimus
773 2516 892 2544 ruinam
907 2519 935 2544 et
948 2516 1047 2553 perni-

225 2564 301 2593 ciem
316 2562 462 2591 reformas
478 2562 523 2590 :et
535 2560 560 2588 si
576 2559 651 2596 quid
664 2560 773 2588 horum
786 2563 920 2596 potenter
935 2570 1047 2598 praeva-

224 2608 322 2643 luerit,
340 2609 371 2635 tu
381 2608 515 2635 nostram
534 2606 656 2641 experta
670 2604 824 2640 ﬁduciam,
839 2607 867 2633 et
880 2606 1047 2642 periculum

226 2654 378 2683 evidenter
385 2651 491 2688 aperis,
503 2652 532 2678 et
543 2649 736 2686 potissimum
748 2649 914 2679 remedium
929 2652 1047 2687 praebes

1098 189 1188 214 στάτιν
1202 191 1329 226 κραταιὰν
1349 192 1511 227 κεκτημένοι,
1535 191 1702 226 πανταχόθεν
1731 189 1810 224 αὐτῷ
1838 199 1909 226 πρι-

1096 235 1241 271 τρέπουσαν
1266 236 1312 266 τὰς
1343 235 1436 273 ὁρμάς,
1471 234 1502 261 Ὀ
1520 236 1564 272 μὲν
1592 236 1642 272 γὰρ
1679 233 1795 261 διπλοῦν
1819 236 1911 271 ἐγείρει

1096 279 1139 304 τὸν
1158 279 1277 315 πόλεμον,
1304 282 1348 306 τὸν
1368 281 1423 316 μὲν,
1458 280 1554 316 ψυχῶν
1585 279 1669 306 αὐτῶν
1698 280 1911 315 καθικνούμενος

1096 325 1141 349 καὶ
1175 323 1277 360 ἀφανῶς
1309 326 1416 356 ταύταις
1444 323 1624 358 ἐπιϐουλεύων,
1652 326 1695 350 τόν
1725 322 1766 356 δὲ,
1803 322 1910 360 βάλλω-θ

1096 370 1161 405 πρός
1180 370 1213 395 τὰ
1227 368 1299 400 ἐκτός
1327 371 1372 396 καὶ
1401 371 1509 406 φανερὰν
1543 369 1568 396 ἐν
1599 370 1702 400 τούτοις
1727 368 1839 405 πληρῶν
1867 371 1911 397 τὴν

1098 411 1240 449 ἀπέχθειαν
1271 424 1277 431 ·
1301 416 1334 441 σὺ
1363 412 1389 441 δ’
1414 413 1468 441 ἀλλ’
1496 413 1612 450 ἁπαντᾷς
1641 413 1827 450 ἁμσροτέρωθεν
1858 412 1912 438 ἐπί-

1097 467 1187 495 κουρος
1202 459 1324 496 κραταιὰ,
1341 459 1425 486 πάντα
1450 457 1555 496 βοηθεῖν
1581 461 1617 495 μὴ
1648 461 1725 495 μόνον
1751 467 1785 494 γε
1816 457 1911 494 βουλο-

1096 504 1170 539 μένη,
1183 502 1302 530 ἀλλὰκαὶ
1329 502 1430 541 ῥᾳδίως
1460 501 1634 540 ὃςδυνημένη.
1663 504 1752 539 Ταύτῃ
1788 512 1832 529 τοι
1866 506 1910 528 καὶ

1098 546 1202 583 βοηθεῖς
1216 551 1393 585 προῖσταμένη
1414 551 1459 575 καὶ
1484 552 1673 586 προμαχοῡσα,
1699 550 1755 582 καὶ,
1791 549 1857 585 πρὶν
1892 548 1906 576 ἡ

1097 593 1217 630 καθαρῶς
1231 594 1300 629 ἡμᾶς
1315 593 1456 620 αἰσθέσθαι
1471 597 1520 619 τῶν
1549 593 1672 620 ἐπιόντων
1708 596 1810 626 κακῶν,
1847 595 1908 628 τρέ-

1096 646 1153 668 πεις
1168 641 1252 663 ταῦτα
1263 640 1308 664 καὶ
1329 642 1477 675 καταργιῖς.
1507 638 1545 665 Οὐ
1573 642 1648 665 τοῦτο
1678 635 1708 664 δε
1733 639 1827 674 μόνον,

1097 681 1129 708 λὰ
1156 684 1200 708 καὶ
1229 685 1292 720 πρὸς
1315 684 1363 714 τὰς
1385 682 1524 713 ἐπιϐουλὰς
1551 682 1647 709 ἐκείνου
1687 681 1709 709 εἲ
1752 692 1785 718 γε
1824 680 1908 718 μηδι-δ

1097 727 1171 764 ἡμεῖς
1198 726 1411 764 ἀντιπράττομζν,
1442 732 1633 764 συμμαχοῡμεν
1663 726 1693 753 δὲ
1719 726 1831 763 μᾶλλον,
1865 726 1908 752 αὐ-

1099 772 1226 809 Θαιρέτοις
1244 773 1337 798 ὡσανιὶ
1355 776 1447 804 κακοῖς
1472 775 1666 810 περιπίπτοντες
1696 772 1720 807 (ὁ
1752 770 1784 798 δὲ
1817 781 1909 809 παρει-

1584 816 1642 853 ἆγει
1683 816 1742 843 κατ’
1785 815 1909 848 ἐξουσίαν

1096 863 1220 899 πρόςὸτι
1239 864 1283 888 καὶ
1295 861 1415 899 βούλοιτο
1437 872 1444 879 ·
1462 861 1583 898 βούλεται
1608 860 1638 888 δὲ
1671 863 1717 888 καὶ
1751 860 1812 897 ἆγει
1841 862 1907 887 ποῖ-ι-

1097 906 1204 938 τωςέπὶ
1239 908 1272 933 τὰ
1296 907 1443 944 χείριστα),
1466 909 1562 943 νεμεσᾷ
1592 908 1636 943 μὶν
1663 907 1724 936 Θεὸς
1753 906 1830 942 ἡμῖν,
1862 909 1908 931 καὶ

1097 953 1162 989 πρὸς
1177 952 1257 988 όργην
1280 950 1385 978 δικαίαν
1415 953 1590 988 κεκινημένος,
1616 949 1741 988 βούλεται
1760 952 1810 982 τὰς
1865 950 1909 976 εὖ·

1099 997 1176 1027 eam;
1190 995 1305 1027 ἐνδίκους
1333 996 1535 1034 εἰσπράττεσθαι
1566 1007 1572 1013 ·
1598 997 1631 1022 σὺ
1662 994 1692 1022 δι
1716 996 1822 1031 φθάνεις
1847 996 1909 1020 κάν-

1605 1044 1749 1078 μητρικαῖς
1789 1038 1909 1066 καταδν-

1099 1090 1225 1113 σωποῡσα
1238 1085 1410 1124 παρῤησίαις,
1443 1089 1489 1112 καὶ
1522 1087 1558 1118 ὡς
1580 1086 1643 1124 ὑπὲρ
1675 1084 1752 1112 ἰδίων
1780 1087 1908 1111 κατατεί-

1097 1042 1182 1068 ταῦοα
1211 1043 1349 1078 γιγνομένη
1379 1051 1481 1078 μεστις,
1509 1044 1564 1072 ταῖς

1097 1134 1149 1162 νέις
1179 1133 1239 1162 τοὺς
1277 1131 1430 1169 ἰκετηρίους,
1463 1133 1493 1158 τό
1536 1135 1581 1161 τῆς
1627 1132 1729 1167 φύσεως
1784 1132 1908 1166 air/7.7%;

1098 1175 1303 1214 προϐαλλομένη,
1323 1176 1378 1213 ἅμα
1404 1175 1429 1203 δ’
1465 1177 1528 1208 ἳσως
1553 1177 1660 1202 κάκεῖνα
1691 1174 1904 1213 προϐαλλομένη,

1098 1221 1132 1252 ὼς
1161 1220 1238 1247 αὐτὸν
1275 1220 1438 1257 σπλάγχνοις
1469 1218 1574 1251 ἐνεδέξω
1595 1222 1640 1246 καὶ
1668 1220 1764 1256 μαξοῖς
1792 1219 1907 1256 ἔθρεψας

1100 1268 1144 1292 καὶ
1163 1265 1231 1302 γάλα
1272 1264 1396 1296 ἐπότισας
1419 1267 1462 1291 καὶ
1488 1265 1571 1296 πάθος
1597 1265 1677 1291 αὐτοῦ
1704 1266 1735 1291 τό
1760 1264 1908 1291 τελευταῖον

1098 1308 1214 1336 κατιδεῖν
1229 1312 1275 1336 καὶ
1303 1311 1415 1347 σταυρόν
1431 1310 1546 1345 ἠνέσχου
1575 1310 1614 1345 (1)
1641 1312 1686 1335 καὶ
1709 1310 1834 1343 θάνατον⁷
1864 1311 1908 1334 καὶ

1099 1355 1174 1381 πάνθ’
1202 1356 1252 1381 ὃσα
1281 1354 1343 1381 ἑκὼν
1372 1354 1465 1385 ἱκεῖνος
1485 1352 1522 1380 δι’
1551 1355 1620 1391 ἡμᾶς
1651 1355 1713 1385 τούς
1732 1356 1909 1390 κατακρίτους

1099 1400 1227 1436 ὑπέμεινε,
1258 1403 1305 1432 τῆς
1342 1398 1500 1430 καταδίκης.
1539 1398 1771 1436 ἀπολυτροὺμςνος.
1815 1402 1910 1426 Τοίνυν

1098 1448 1143 1472 καὶ
1172 1446 1300 1482 κάμπτεις
1325 1444 1508 1482 πρεσϐεύουσα
1527 1454 1533 1461 -
1553 1442 1609 1471 εἶτα
1633 1442 1716 1475 δίδως
1746 1445 1822 1480 ἡμῖν,
1852 1443 1907 1470 ἄντ’

1099 1490 1280 1527 ὀργιζομένου,
1307 1489 1579 1527 φιλανθρωπευόμενον
1619 1489 1762 1526 πειρᾶσθαι
1803 1493 1873 1515 Θεοῦ
1899 1498 1907 1505 ·

1099 1533 1181 1565 δίδως
1193 1537 1238 1561 καὶ
1252 1535 1368 1571 πάσχειν
1396 1532 1422 1560 εὖ
1449 1534 1512 1571 παρ’
1537 1534 1617 1560 αὑτοῦ
1636 1536 1682 1560 καὶ
1707 1532 1806 1572 δωρεὰς
1839 1533 1909 1570 λαμ-

1099 1579 1182 1606 ϐάνειν
1197 1579 1250 1606 ἀνθ’
1275 1579 1309 1605 ὧν
1343 1578 1475 1616 ἐμίλλομιν
1501 1583 1585 1610 κακῶς
1607 1579 1723 1615 πάσχειν
1752 1581 1798 1605 καὶ
1827 1577 1909 1609 δίκας

1099 1623 1206 1656 δικαίας
1233 1624 1409 1652 ἀποτινιύναι,
1443 1622 1513 1651 Οὖδὲ
1536 1625 1587 1661 γάρ
1622 1623 1693 1650 ἐστιν
1720 1622 1784 1650 οὐδὲ
1815 1623 1910 1660 02351.n-

1097 1674 1152 1701 οῦν,
1192 1671 1205 1696 ὃ
1233 1679 1261 1706 γε
1295 1671 1327 1695 σὺ
1355 1668 1498 1706 βουλομένη
1530 1672 1565 1706 μή
1607 1678 1635 1694 τι
1674 1671 1720 1694 καὶ
1756 1666 1908 1697 δεδύνησαι

1097 1716 1163 1751 πρὸς
1187 1714 1334 1751 εὐεργεσίαν
1361 1714 1432 1750 ἡμῶν
1462 1712 1490 1739 ἐκ
1515 1716 1582 1739 Θεοῦ
1614 1713 1807 1739 κατατίθεσθαι
1826 1721 1834 1727 ·

1100 1759 1202 1795 ἰσχύεις
1220 1759 1304 1784 πάντα
1326 1759 1488 1794 πάνταπασι,
1516 1760 1562 1784 καὶ
1587 1759 1669 1794 νέμεις
1694 1757 1780 1793 πολλῷ
1807 1757 1905 1793 μᾶλλον

1098 1806 1143 1830 καὶ
1156 1803 1218 1841 ῥᾷον
1232 1803 1246 1832 ἢ
1275 1804 1308 1834 ὡς
1330 1802 1359 1828 ἂν
1380 1803 1453 1839 ἡμεῖς
1481 1802 1664 1838 ἄπευξαίμεθα.
1683 1803 1730 1828 Διὰ
1758 1804 1837 1828 τοῦτο
1860 1805 1905 1828 καὶ

1098 1851 1224 1884 χορηγεῖς

1099 1894 1174 1929 ἡμεῖς
1207 1893 1283 1918 οἱονεὶ
1314 1894 1422 1918 κατόπιν
1448 1895 1498 1918 τῶν
1524 1889 1626 1929 δωρεῶν
1646 1892 1741 1927 ἣκομεν
1761 1891 1903 1926 αἰτοῦντες,

1266 1847 1556 1885 προκαταλαμϐάνουσα
1597 1848 1644 1878 τὰς
1689 1846 1818 1881 αἰτήσεις,
1860 1849 1905 1872 καὶ

1098 1938 1210 1970 πάντων,
1250 1937 1284 1962 ὧν
1311 1937 1341 1963 ἄν
1365 1936 1389 1962 ἐν
1431 1933 1684 1973 χρείάγενοίμιθα,
1705 1938 1752 1962 καὶ
1777 1937 1829 1972 πρὸ
1853 1940 1904 1962 τῶν

1100 1982 1224 2011 αἰτήσεων
1246 1982 1308 2017 ἡμῖν
1325 1979 1372 2007 διὰ
1388 1985 1436 2007 σοῦ
1454 1983 1623 2017 γιγνομένων.
1653 1983 1703 2007 Καὶ
1732 1983 1819 2007 τοίνυν
1844 1984 1903 2018 περὶ

1099 2031 1147 2052 τῶν
1184 2027 1365 2064 συμφερόντων
1403 2027 1472 2051 ἔστιν
1500 2026 1541 2051 ὅτε
1569 2029 1657 2056 κακῶς
1684 2026 1758 2061 ἡμῶν
1781 2024 1904 2061 βουλευο-

1100 2074 1190 2107 μένων,
1215 2071 1260 2097 ᾶτε
1290 2072 1335 2096 καὶ
1374 2073 1461 2100 κακῶς
1492 2069 1671 2106 ἔπεγνωκότων
1707 2071 1753 2095 καὶ
1778 2079 1902 2107 πραγμας

1100 2117 1249 2152 τευομένων,
1286 2115 1351 2144 αὗτή
1391 2118 1474 2141 ταῦτα
1504 2124 1624 2151 πράττεις
1665 2113 1778 2152 ἀρίστως
1807 2114 1903 2140 οἰκονο-

1062 2182 1084 2209 D
1100 2164 1197 2197 μοῦσα,
1221 2162 1265 2186 καί
1295 2169 1325 2195 γε
1350 2160 1393 2185 τὸν
1433 2159 1541 2186 πλοῦτον
1579 2163 1625 2190 τῆς
1654 2159 1845 2196 φιλανθρωπίας
1876 2159 1902 2185 ἐν

1100 2207 1183 2240 τούτῳ
1218 2204 1291 2231 πλέον
1319 2203 1477 2240 ἀποφαίνεις,
1519 2204 1559 2230 ὃτι
1588 2206 1649 2241 περὶ
1675 2203 1708 2228 ὧν
1744 2204 1820 2239 ἡμεῖς
1847 2203 1902 2229 οὔτ’

1101 2248 1219 2286 οἴδαμεν,
1238 2249 1292 2275 οὔτ’
1323 2246 1399 2274 οὐδὲν
1417 2248 1550 2284 αἰτοῡμιν,
1577 2249 1634 2274 εστι
1652 2248 1698 2283 μὲν
1722 2245 1766 2273 οὖν
1790 2248 1831 2273 ὅτε
1857 2250 1902 2274 καὶ

1102 2294 1250 2331 βουλόμεθα
1278 2294 1310 2320 τὰ
1335 2295 1428 2330 χείρω,
1462 2292 1491 2319 οὗ
1527 2293 1629 2323 τούτοις
1659 2293 1726 2328 ἡμᾶς
1746 2291 1831 2328 βιάζῃ
1857 2294 1902 2318 καὶ

1100 2340 1168 2366 πάνυ
1194 2349 1221 2365 τι
1248 2341 1328 2369 ποιεῖς
1357 2339 1519 2376 κεχρῆσθαι,
1560 2336 1720 2363 λυσιτελέσιν
1758 2334 1833 2362 οὖσιν
1866 2338 1902 2368 ὡς

1101 2383 1200 2414 ὁληθῶς
1229 2383 1389 2420 κεχρῆσθαι,
1429 2383 1539 2413 οἶκον-τας
1577 2383 1689 2418 ὡσπερεὶ
1723 2382 1767 2407 τόν
1807 2384 1900 2418 τρόπον

1101 2432 1191 2455 τοῦτον
1204 2428 1385 2465 ιύεργετοῡσα,
1401 2427 1422 2454 εἰ
1441 2429 1486 2454 καὶ
1500 2428 1565 2464 μετὰ
1592 2429 1640 2455 τήν
1669 2426 1797 2455 αῖσθησιν
1826 2426 1900 2462 ἡμιῖς

1102 2473 1242 2510 ἀγαπῶμεν
1273 2473 1298 2499 ἐν
1328 2475 1406 2510 πείρᾳ
1435 2476 1482 2498 τοῦ
1511 2471 1590 2498 καλοῦ
1623 2473 1749 2508 γεγόντες.
1783 2473 1832 2498 Καὶ
1860 2480 1900 2497 νο-

1103 2520 1226 2556 σημάτων
1267 2519 1351 2545 τοίνυν
1385 2516 1566 2551 ἁπαλλάττιις,
1613 2517 1648 2542 τὰ
1686 2517 1732 2552 μὶν
1771 2515 1899 2553 πόρῥωθςι

1101 2563 1256 2602 ἀναιροῦσα,
1277 2563 1312 2594 ὡς
1337 2560 1403 2599 μηδ’
1431 2561 1457 2588 ἓν
1484 2561 1573 2592 αὐτοῖς
1599 2561 1669 2597 ἡμᾶς
1697 2558 1772 2596 μηδή
1800 2570 1829 2597 γε
1853 2562 1898 2590 τὴν

1102 2606 1190 2644 ἀρχὴν
1213 2607 1320 2641 ἁλῶναι,
1350 2605 1484 2643 μέλλοντας
1510 2603 1564 2635 ἤδη
1595 2605 1749 2641 ἁπροόπτως
1772 2603 1866 2631 ἁλῶναι
1890 2613 1896 2623 ·

1101 2657 1151 2679 τῶν
1176 2650 1205 2679 δὴ
1231 2654 1275 2678 καὶ
1313 2653 1496 2688 συμπεσόντων
1523 2651 1553 2677 τὸ
1586 2648 1714 2687 βλαϐερόν
1740 2648 1866 2687 ἐκτρέπεις
1890 2658 1896 2667 ι

261 2766 301 2806 (ι)
315 2765 418 2796 Stabat
434 2764 514 2795 enim
526 2762 613 2799 juxta
632 2768 751 2792 crucem
767 2769 774 2791 :
789 2761 850 2792 vid.
865 2763 973 2798 Joann,
984 2772 1044 2799 xu,
1056 2766 1101 2797 25.
