1959 3074
10 108 105 137 1513

582 111 627 140 DE
641 108 748 140 πετο
761 106 984 142 DORMITIONIS
996 110 1026 142 S.
1037 111 1169 147 MARIIE,

1642 115 1713 147 15M

9 171 38 197 εἰ
72 169 113 198 δέ
138 181 197 198 τινα
217 171 314 198 τούτων
337 181 382 198 και
403 174 568 210 κατίσχυσεν
615 173 640 200 ἕν
680 172 819 211 δυναστείᾳ

911 176 1135 214 mstantiusque
1151 175 1235 205 omni
1247 175 1371 205 scientia
1385 176 1527 214 omnique
1542 179 1605 208 arte
1617 180 1713 208 medi~

12 220 77 243 σοῦ
111 217 184 253 τάχα
220 219 267 247 τὴν
295 219 383 244 πίστιν
404 218 476 254 ἡμῶν
505 216 716 255 δοκιμαζούσης,
752 229 797 246 και
820 220 833 245 ὀ

8 260 153 292 κίνδυνος
181 264 330 298 καταφανὴς
355 263 411 296 ἧκε,
435 264 523 295 πάσης
567 262 680 295 ἐπινοίας
721 274 766 291 και
796 264 834 291 ia-

8 311 99 344 τρῶν
113 308 210 343 τίχνης
239 308 361 344 κρείττων
393 317 439 334 και
461 312 511 334 τῶν
540 306 686 336 δοκούντων
713 311 833 346 ῖσχὺρῶς

7 350 40 377 ἕν
76 356 140 383 τοῖς
158 353 286 383 τοιούτοις
313 351 420 389 βοηθεῖν
448 351 588 386 δύνασθαι,
619 353 673 380 ἀλλ’
702 355 777 391 ἡμεῖς
801 355 833 385 ὡς

8 396 64 423 ἔπε’
99 399 129 424 σε
152 399 232 434 μόνην
261 397 331 428 ὁλαις
356 396 468 434 ἂλπίσιν,
496 398 564 430 ὅλοις
587 397 730 436 ὀφθαλμοῖς
752 400 834 426 καθα-

7 446 75 480 ρῶς
115 440 228 479 εῖόομεν,
258 442 331 473 εὐθὺς
353 443 385 477 (ὡ
413 442 506 474 πολλῆς
551 453 596 470 και
638 443 754 480 μεγάλης
787 454 832 471 και

7 488 116 514 πάντα
131 486 277 524 δυναμένης
298 487 393 523 ἰσχύος
420 487 426 515 l
459 489 478 514 ὦ
511 489 607 524 θερμῆς
644 487 796 527 ἐπικουρίας
823 488 829 517 !

8 533 33 558 ὦ
70 535 210 569 ταχίστης
231 536 282 559 τῶν
307 533 455 559 κακούντων
484 532 634 570 ἀπαλλαγῆς
649 533 681 570 Ῑ)
724 533 831 571 ἀνιστᾷς

8 579 66 615 μὲν
102 579 174 615 ἡμᾶς
196 580 299 615 νεκροὺς
324 579 465 615 κειμένους,
505 588 560 613 και,
588 578 655 609 πλὴν
698 578 830 606 ἀναπνοῶν

9 622 131 659 ὀλίγων,
157 621 282 660 ἀμυδρῶν
308 632 383 649 τινων
409 633 454 650 και
487 625 592 660 τούτων,
625 625 654 650 τὸ
688 626 735 661 ζῇν
772 623 829 651 ὅλον

9 666 232 703 ὶκλὶλοιπόντας,
270 666 423 705 φυγαδεύεις
457 666 488 695 δε
527 671 620 700 νόσους
658 668 826 704 ἀνηκέστους,

8 722 65 739 και
80 713 157 743 πάθη
183 714 302 750 κραταιιὰ
323 711 450 748 διαλύεις,
477 711 571 750 μηδενί
593 723 645 741 τινι
673 718 722 741 τῶν
746 714 827 741 ἄλλων

8 756 159 795 μηδαμῶς
191 759 301 786 εἴκοντα.
326 757 402 785 Ὀθεν
427 767 472 784 και
505 758 529 784 οἶ
555 762 602 790 τῆς
642 758 752 797 ἑσπέρας
802 759 827 786 ίν

7 803 194 840 κλαυθμῶνος
226 802 301 839 ἡμεῖς
326 807 479 835 σκηνοῦντες
506 805 613 841 πρωῐνοί
647 813 713 836 τινες
752 802 826 836 αὖθις

6 849 130 885 ἣκομεν,
166 847 190 874 ἑν
226 847 379 884 ἀγαλλιάσει
405 851 548 886 τρυφῶντες
579 848 630 885 (1),
653 858 697 875 και
744 847 826 876 διπλᾶ

6 895 163 931 χαίρομεν,
175 894 214 920 ὅτι
240 902 267 920 τε
294 892 376 930 μηδεν
405 893 458 920 οἷον
484 892 512 920 ἐκ
541 898 590 920 τῶν
622 894 824 930 συνενεχθέντων

887 228 992 250 corum
1007 224 1036 250 et
1046 222 1187 250 omnibus
1201 221 1236 250 iis
1247 222 1300 258 qui
1313 221 1449 250 videntur
1461 230 1549 259 posse
1559 223 1590 252 in
1602 224 1712 253 talibus

887 265 1033 300 auxiliari,
1049 267 1073 295 si
1084 274 1192 303 nempe
1204 266 1233 295 in
1245 268 1273 294 te
1284 266 1380 295 solam
1389 274 1509 296 omnem
1525 276 1710 305 reponamus

888 315 981 347 spem,
999 311 1099 340 statim
1113 312 1142 348 (ο
1160 312 1312 340 immensa
1326 314 1354 341 et
1368 312 1502 341 maxima
1521 315 1549 342 et
1571 314 1712 352 omnipo-

886 356 951 384 tens
967 355 1062 385 virtus
1080 356 1086 385 l
1103 365 1121 386 ο
1138 356 1288 385 fervidum
1306 357 1472 386 remedium
1490 357 1496 385 l
1514 365 1533 386 ο
1557 358 1712 388 celerrima

886 400 1036 430 malorum
1046 401 1200 430 evacuatio
1216 402 1238 438 1)
1254 401 1342 438 erigis
1357 409 1413 430 nos
1427 404 1522 431 morte
1535 403 1667 437 aﬂ‘ectos,
1683 406 1713 433 et

885 444 1008 480 debiles,
1022 446 1158 475 ultimum
1172 446 1260 483 quasi
1269 446 1334 474 vitae
1345 446 1450 475 tiatum
1461 447 1633 477 exhalantes
1647 456 1654 479 :
1667 448 1713 477 fu-

885 497 939 526 gas
954 493 1055 520 autem
1071 491 1194 520 morbos
1210 491 1404 528 insanabiles,
1421 494 1450 520 et
1468 494 1575 528 potens
1589 493 1710 522 dolores

885 534 976 563 solvis
990 536 1131 564 omnibus
1146 535 1258 565 caeteris
1274 535 1416 572 impares.
1433 537 1516 565 Unde
1529 540 1559 566 et
1575 545 1631 566 nos
1658 539 1711 575 qui

883 587 1005 617 vespere
1014 579 1045 608 in
1055 579 1148 609 domo
1157 580 1256 609 luctus
1264 580 1414 617 plorantes
1421 581 1471 610 sed
1476 581 1611 617 ebamus,
1619 590 1710 612 mane

883 624 989 653 iterum
1004 624 1196 662 procedimus
1219 625 1250 654 in
1264 625 1365 654 laetitia
1380 625 1574 662 exsultantes,
1598 629 1626 656 et
1650 627 1710 657 du-

881 669 951 706 plici
970 669 1083 705 gaudio
1097 669 1234 699 laetamur
1248 673 1277 699 et
1287 670 1358 707 quia
1371 678 1408 699 ne
1424 677 1519 700 unum
1533 672 1658 708 quidem
1672 678 1710 702 ex

881 715 969 743 malis
988 715 1197 752 ingruentibus
1218 724 1288 744 vere
1306 716 1337 744 in
1349 716 1441 744 ﬁnem
1457 716 1545 745 nobis
1559 716 1710 747 dominari

881 759 986 796 potuit,
1003 762 1031 788 et
1048 760 1120 797 quia
1136 768 1189 797 per
1202 762 1230 789 te
1246 760 1374 790 salutem
1390 761 1570 798 accipientes
1584 761 1709 791 indubi-

881 806 976 833 tanter
986 805 1135 833 conﬁdere
1151 805 1309 842 posuimus
1319 805 1403 840 quod
1413 806 1527 835 nullum
1540 814 1575 835 ex
1584 807 1709 836 exterio-

880 849 963 878 ribus
977 849 1025 879 vel
1038 850 1161 878 minime
1174 850 1262 879 nobis
1277 850 1376 879 denuo
1389 858 1497 880 nocere
1512 851 1617 889 possit,
1633 852 1706 882 dum

880 893 911 923 in
927 897 954 923 te
968 895 1090 931 plenam
1100 894 1193 924 ﬁdem
1206 895 1412 924 habuerimus.

4 939 87 970 εἰκὸς
100 938 143 964 ἐπί
156 938 245 969 τέλους
257 939 411 975 κεκράτηκε,
427 948 472 965 και
484 939 524 965 ὃτι
540 936 587 966 διὰ
600 942 647 966 σοῦ
659 940 855 976 τὴνισωτηρίαν
875 939 1023 977 εἰλήφαμεν,
1039 939 1143 977 ἓχοντες
1158 939 1223 968 κάπὶ
1235 944 1291 972 τοῖς
1301 940 1359 973 ἑξῆς
1373 941 1427 979 οὐχ
1444 942 1543 972 ἣκιστα
1557 940 1658 981 θαρῥεῖν
1672 944 1707 976 ὡς

5 981 97 1010 οὐδὲν
113 984 183 1019 ἡμᾶς
193 981 250 1010 οὐδ’
266 981 342 1014 αὖθις
350 981 473 1021 οὐδαμῶς
487 982 595 1021 βλάψει,
611 986 653 1011 σοὶ
668 981 715 1010 διὰ
727 985 821 1016 παντὸς
832 987 1055 1023 προσανέχοντας.

48 1030 109 1055 Καί
122 1030 175 1065 μὴν
193 1031 276 1054 ταῦτα
302 1029 346 1065 μὲν
372 1029 447 1055 κοινὰ
465 1032 532 1055 πᾶσι
547 1029 605 1055 καθ’
621 1029 665 1056 ἕνα
689 1038 735 1055 και
757 1030 825 1056 κατὰ

6 1074 121 1110 καιρὸν,
144 1073 177 1103 ὡς
196 1073 285 1106 εἰπεῖν,
311 1071 480 1111 ἐνεργούμενα
507 1083 513 1090 ·
539 1073 556 1100 ἆ
580 1071 604 1100 δ’
631 1072 655 1099 εν
682 1073 736 1110 ἰμοί
765 1072 824 1101 δια-

8 1121 158 1155 φερόντως,
179 1122 236 1149 πῶς
260 1116 289 1144 ἂν
317 1118 394 1145 εἰπὼν
423 1117 601 1156 ἀποχρώντως
637 1118 667 1145 ἂν
699 1119 822 1156 εὶποιμις

7 1162 161 1199 Ἐπιλείψιι
174 1171 206 1199 με
217 1162 388 1200 διηγούμενον
422 1164 435 1190 ὁ
463 1166 568 1200 χρόνος,
596 1174 641 1190 και
666 1166 701 1200 μὴ
732 1165 773 1191 ὁτι
793 1172 823 1200 γε

8 1210 87 1235 κατὰ
103 1211 167 1245 μίαν
191 1207 323 1244 γλῶσσαν,
360 1208 413 1234 ἀλλ’
452 1207 511 1235 οὐδ’
534 1208 564 1235 ἂν
608 1211 713 1246 μυρίαις
750 1210 824 1240 ὅσαις

9 1251 235 1291 ἀπομερισαμην,
269 1252 330 1279 ὥστ’
371 1253 449 1282 ἆλλην
480 1254 551 1289 ἒχειν
588 1252 654 1279 ἄλλα
689 1251 821 1285 διεξιέναι.

10 1298 90 1327 Πλὴν
113 1298 156 1324 ὃτι
185 1307 230 1324 και
256 1298 289 1324 τὰ
316 1299 380 1335 πρὸς
407 1298 514 1324 ἕκαστον
540 1298 596 1334 ἐμοί
623 1302 711 1334 σαφῶς
735 1296 823 1334 διαφί-

10 1351 65 1380 ρει,
83 1343 168 1376 ἔστιν,
189 1343 272 1379 οἶμαι,
289 1346 338 1368 τῶν
354 1343 473 1369 ἁπάντων
503 1341 589 1373 οὐδεὶς
614 1342 639 1373 ὃς
668 1342 710 1369 ἐπί
739 1344 822 1379 τούτῳ

12 1385 116 1418 διπλῆν
131 1388 189 1424 ἔχει
210 1389 327 1425 γνώμην.
358 1389 408 1415 Καί
431 1389 483 1426 γὰρ
507 1390 536 1414 τό
562 1397 590 1414 τε
614 1387 711 1424 σχῆμα
741 1397 786 1414 και
809 1387 822 1414 ὁ

9 1436 60 1463 τῆς
83 1432 174 1469 ἀρχῆς
208 1431 285 1468 λόγος
317 1433 470 1459 εἰσ-ποιεῖται
510 1434 618 1466 πάντας,
654 1431 667 1459 ὃ
700 1433 724 1459 τ’
761 1431 822 1469 ἐμὸς

10 1480 124 1514 τρόπος,
138 1486 182 1503 και
204 1476 275 1513 ὑμεῖς
300 1477 355 1503 ἱστε
383 1478 486 1507 πάντως
516 1478 548 1508 ὡς
575 1475 618 1504 ἐπί
654 1479 732 1503 παντί
755 1477 822 1513 κάμ-

11 1531 118 1558 πτομαι
145 1525 292 1558 συμφοραῖς
321 1523 486 1560 κεχρημένῳ,
502 1531 547 1548 και
575 1523 724 1548 τούναντίον
745 1519 821 1553 αὖθις

13 1566 246 1603 εἰσποιοῡμαιτὴν
255 1566 346 1605 χάριν,
368 1566 389 1593 εἳ
407 1576 446 1597 τις
468 1567 495 1593 εὖ
519 1567 587 1603 Exeo-1
619 1566 819 1602 ἀπαλλάττοιτο,

13 1613 86 1642 θείας
109 1612 268 1649 προμηθείας
300 1610 451 1648 ἠξιωμένος.
499 1614 547 1638 Διά
572 1621 614 1638 τοι
655 1615 730 1638 τοῦτο
776 1621 821 1638 και

12 1656 90 1684 πλέον
123 1661 174 1683 τῶν
201 1656 283 1683 ἀλλων
317 1656 435 1683 ἁπάντων
472 1657 548 1687 αὐτὸς
589 1655 820 1693 ἀνθομολογεῖσθαι

12 1705 44 1738 τῇ
68 1703 160 1738 Μητρὶ
173 1705 219 1728 τοῦ
239 1704 303 1728 Θεοῦ
319 1699 433 1733 δίκαιος,
448 1702 462 1731 ἣ
491 1701 595 1738 μᾶλλον,
627 1701 688 1728 ὅσον
712 1701 820 1738 εὐχαρι-

14 1746 160 1777 στίαςᾶινθ’
185 1745 219 1772 ὧν
248 1747 341 1783 ἆφημςν
370 1756 414 1772 και
437 1745 534 1772 πολλῶν
564 1746 654 1782 ἐτέρων
687 1745 820 1782 (οὐμενοῦν

13 1791 84 1818 εἰποι
110 1800 149 1821 τις
176 1790 206 1817 ἂν
234 1791 328 1820 ἡλίκων
359 1801 404 1817 και
443 1791 523 1828 ὅσων)
560 1795 633 1821 κοινῆ
666 1793 745 1817 πᾶσιν
787 1790 820 1822 εἰς

13 1834 163 1872 ἀναγκαίου
178 1835 280 1872 ὀφειλήν
301 1837 417 1873 ἔρχεται,
444 1836 515 1862 τοῦτ’
539 1837 626 1872 ἔμοιγε
650 1837 684 1871 μὴ
713 1837 742 1862 τό
767 1838 819 1862 πᾶν

12 1880 184 1916 μόνον,ὰλλὰ
194 1890 239 1907 και
267 1880 352 1916 πολλῷ
379 1880 493 1912 πλείονος
516 1881 541 1906 ἐν
569 1881 707 1917 προσθήκῃ
735 1889 820 1916 προσ-

12 1926 86 1956 όντος
112 1926 179 1952 κατά
200 1927 244 1952 τόν
272 1924 330 1952 ἶσον
376 1926 484 1962 ἴρχεται
519 1925 604 1961 λόγον,
643 1934 689 1951 και
724 1924 745 1951 εἰ
781 1926 817 1961 μὴ

10 1973 77 2007 πρὸς
93 1969 179 2006 ἀξίαν,
211 1969 264 1997 ἀλλ’
291 1970 335 1997 οὖν
364 1969 529 1997 ὰποτιννύναι
556 1979 590 1996 τοι
614 1967 722 2006 δυνατὰ,
748 1969 818 1996 τοῦτ’

11 2016 94 2047 αὐτὸς
116 2016 163 2042 οὐκ
186 2015 216 2042 ἆν
236 2015 464 2053 ἁγνωμονήσαιμι.
496 2015 681 2051 [ιλατυνομένῳ
711 2023 757 2050 μοι
789 2012 819 2041 δε

10 2063 61 2090 τὴν
87 2058 201 2097 καρδίαν
224 2061 328 2091 εἰκότως
351 2059 561 2089 πλατυνθήσεται
586 2069 631 2086 και
665 2060 694 2085 τὸ
721 2060 817 2095 στόμα,

11 2111 70 2138 τοῖς
101 2106 326 2144 εὖχαριστηρίοις,
361 2107 396 2138 ὡς
427 2109 489 2142 γοῦν
513 2105 627 2142 ἐφικτὸν,
660 2105 817 2141 ἐπιθέμενον,

13 2150 71 2179 ἐπεί
86 2161 132 2178 και
146 2156 223 2178 τοῦτο
240 2153 322 2178 πόσον
337 2150 362 2178 ἐν
383 2152 488 2182 ὁπόσοις
507 2149 579 2189 εὖρον
607 2149 656 2187 ἐγὼ
684 2154 818 2177 στενοῡσιν
834 2141 855 2169 D

14 2196 144 2235 ἀνιαροῖς,
172 2196 337 2236 εὐρυχωρίαν
369 2195 490 2226 δηλονότι
520 2196 614 2232 ψυχῆς
638 2205 684 2222 και
704 2192 819 2233 παρδίας

13 2242 100 2269 πλατυ
106 2243 172 2278 σμόν
185 2241 235 2278 (2).

51 2287 229 2325 Ἐμεγάλυνας
256 2288 301 2324 μεν
329 2288 409 2324 ἡμᾶς,
437 2297 481 2314 και
519 2285 553 2318 εἰς
592 2287 679 2325 θρόνον
716 2290 816 2319 τοῦτον,

15 2342 61 2360 και
76 2330 171 2370 μοῖραν
195 2333 292 2362 ταύτην
307 2335 354 2362 τήν
383 2332 484 2367 ὑψηλὴν
511 2342 556 2358 και
580 2336 671 2359 πασῶν
695 2335 744 2358 τῶν
770 2331 818 2357 ἄλ-

14 2377 65 2404 λων
93 2381 253 2415 κρατοῦσαν,
281 2377 308 2409 ἐξ
347 2377 429 2404 αὐτῶν
465 2377 620 2414 σπαργάνων
667 2374 819 2407 ἕνεϐίϐασας

16 2425 142 2460 φέρουσα,
155 2432 201 2449 και
218 2432 248 2459 γε
268 2420 314 2449 διὰ
337 2426 387 2449 τῶν
412 2422 587 2459 εὐθυμοτέρων
617 2420 656 2448 ἀεί
686 2422 730 2448 τὸν
759 2420 817 2458 βίον

17 2467 122 2502 ἰθύνειν,
149 2471 226 2494 τοῦτο
249 2469 294 2494 σὸν
319 2466 344 2499 ἐξ
370 2466 458 2503 ἀρχης
483 2463 614 2504 βούλημα,
645 2474 687 2493 και
714 2465 818 2503 εἴχομεν

16 2511 45 2538 ἂν
70 2513 140 2539 οὕτω
163 2522 218 2543 τοις
241 2510 336 2544 δεξιοῖς
365 2514 480 2542 συνόντες
504 2521 549 2538 και
586 2515 637 2538 τῶν
676 2510 819 2550 ἀριστερῶν

50 2629 91 2666 (1)
106 2628 239 2666 Respicit
253 2628 361 2658 Psalm.
389 2635 470 2666 xxix,
495 2629 511 2657 ὃ
528 2637 534 2657 :
550 2629 586 2655 Τὸ
605 2627 726 2666 ἑσπέρας
742 2627 820 2654 αὖλι-

19 2663 144 2696 σθῆσεται
167 2663 307 2701 κλαυθμὸς,
325 2674 382 2701 ,και
421 2663 466 2695 εἰς
491 2665 620 2701 τὸγπρωτ
651 2663 817 2701 ἀλιαλλίασις.

19 2702 66 2730 Est
80 2698 284 2738 halauoitéiég
313 2700 426 2729 dictum
447 2708 502 2738 pro
515 2700 552 2738 Δἓν
570 2698 660 2738 ’ᾅόμῳ
672 2698 820 2738 κλαυθμῶ-

17 2747 69 2802 ἴοὲ
84 2735 205 2774 Ellipsis'
214 2739 259 2766 est
271 2737 348 2766 bene
371 2735 479 2772 graeca,
494 2735 703 2773 phrasis‘ipsa
725 2735 822 2764 orien-

32 2781 49 2802 a
71 2781 95 2802 ε.

32 2781 95 2802 aus.

215 2836 337 2866 Pnacn.
358 2835 409 2865 Gn.
424 2835 500 2866 CXL.

916 1030 973 1060 Sed
983 1029 1048 1059 haec
1063 1030 1205 1059 omnibus
1220 1031 1420 1060 communiter
1441 1033 1469 1060 et
1497 1032 1621 1068 singulis
1652 1040 1707 1070 pro

879 1076 1013 1112 tempore
1028 1075 1216 1111 contigerunt
1232 1083 1239 1103 :
1253 1083 1322 1112 quae
1335 1083 1404 1104 vero
1419 1076 1493 1105 mihi
1515 1077 1707 1106 excellentius

877 1119 956 1148 facta
968 1122 1037 1148 sunt
1047 1119 1202 1157 quomodo
1209 1120 1344 1149 sufﬁcere
1354 1121 1470 1157 possim
1477 1121 1515 1150 ad
1527 1120 1706 1150 dicendum?

878 1163 996 1192 Deﬁciet
1009 1167 1128 1202 tempus
1144 1164 1278 1193 narranti
1295 1174 1301 1200 ;
1315 1173 1376 1194 non
1389 1165 1472 1202 quod
1484 1173 1576 1194 unam
1589 1169 1707 1195 tantum

877 1207 1007 1237 habeam
1023 1208 1168 1245 linguam,
1186 1209 1238 1238 sed
1257 1211 1285 1238 et
1298 1210 1437 1247 quamvis
1460 1210 1543 1239 illam
1571 1210 1602 1239 in
1625 1210 1707 1239 mille

876 1260 998 1290 possem
1013 1254 1156 1290 dividere,
1173 1254 1274 1283 utalia
1286 1254 1366 1283 aliud
1387 1255 1598 1291 proclamaret.
1615 1257 1648 1284 Et
1661 1256 1706 1284 in-

878 1306 967 1335 super
980 1298 1004 1326 si
1018 1307 1134 1327 mecum
1149 1302 1266 1328 mature
1279 1300 1440 1335 recogitem
1454 1299 1527 1337 quid
1543 1301 1706 1337 unusquis-

877 1350 936 1379 que
945 1343 1054 1377 valeat,
1067 1343 1166 1372 nullus
1180 1346 1233 1377 est,
1245 1346 1277 1371 ut
1288 1344 1406 1380 opinor,
1420 1345 1512 1381 quiin
1524 1344 1574 1374 illo
1585 1345 1706 1381 negotio

876 1387 1028 1424 duplicem
1048 1387 1158 1416 habeat
1190 1389 1356 1417 scientiam.
1385 1389 1500 1417 Etenim
1522 1390 1705 1418 auctoritatis

876 1431 973 1460 forma
985 1433 1120 1469 ratioque
1137 1440 1255 1469 semper
1270 1433 1380 1469 vigent,
1391 1436 1419 1462 et
1433 1434 1498 1462 haec
1509 1441 1577 1462 mea
1584 1434 1704 1470 regula;

876 1483 947 1505 nam
963 1477 1019 1514 ipsi
1030 1477 1123 1513 probe
1137 1477 1217 1505 scitis
1231 1481 1381 1514 quantum
1392 1481 1472 1507 totus
1481 1478 1594 1507 efficiar
1602 1487 1657 1515 pro
1668 1486 1704 1507 eo

875 1520 927 1558 qui
940 1521 1078 1556 graviora
1089 1522 1208 1558 patitur,
1225 1525 1254 1550 et
1268 1525 1372 1551 contra
1385 1523 1416 1551 in
1429 1523 1595 1558 gratiarum
1610 1524 1703 1552 actio-

875 1566 921 1594 nis
936 1574 1094 1603 erumpam
1109 1574 1178 1595 cum
1193 1567 1300 1603 aliquis
1314 1567 1439 1596 moritur
1453 1568 1552 1596 bonus
1577 1568 1703 1597 misera-

876 1610 954 1639 tione
969 1610 1071 1641 divina
1085 1611 1195 1648 dignus
1221 1611 1391 1640 habendus.
1419 1614 1577 1649 Propterea
1604 1613 1703 1649 magis

875 1664 969 1693 quam
983 1657 1081 1685 caeteri
1095 1665 1201 1686 omnes
1216 1657 1298 1686 Matri
1314 1657 1362 1686 Dei
1376 1666 1425 1686 me
1440 1658 1575 1686 conﬁteri
1586 1659 1703 1694 justum

875 1703 930 1736 est,
946 1702 1111 1737 praesertim
1127 1710 1196 1730 cum
1211 1702 1321 1737 gratias
1332 1702 1440 1730 referre
1450 1710 1543 1739 quam
1554 1703 1704 1731 maximas

874 1749 996 1782 propter
1009 1754 1045 1775 ea
1060 1755 1128 1783 quae
1138 1746 1200 1775 dixi
1212 1749 1241 1775 et
1259 1746 1318 1775 alia
1333 1747 1490 1784 permulta,
1517 1747 1597 1784 (quis
1622 1748 1704 1776 enim

874 1790 972 1819 dicere
982 1791 1078 1828 possit
1088 1794 1162 1828 quot
1171 1794 1200 1820 et
1208 1792 1420 1828 quantasint?)
1435 1792 1567 1820 ofﬁcium
1578 1793 1704 1821 exsistat

875 1836 1008 1864 solemne
1023 1838 1052 1864 et
1073 1836 1279 1865 necessarium
1302 1844 1525 1874 communeque
1552 1838 1702 1872 omnibus,

874 1880 948 1908 illud
963 1888 1082 1909 sacrum
1099 1888 1209 1908 munus
1222 1888 1284 1909 non
1295 1880 1386 1909 modo
1398 1883 1493 1909 totum
1503 1881 1576 1909 mihi
1586 1881 1701 1909 incum-

874 1925 927 1959 bit,
943 1925 997 1954 sed
1008 1928 1036 1954 et
1050 1925 1145 1954 multo
1164 1925 1261 1961 magis
1277 1933 1333 1962 pro
1351 1925 1541 1954 multitudine
1550 1925 1702 1955 bonorum

874 1970 911 1998 de
920 1970 1030 2007 quibus
1044 1978 1144 1998 sermo
1154 1973 1208 2004 est,
1218 1973 1246 1998 et
1256 1970 1280 1998 si
1291 1979 1352 1998 non
1364 1970 1508 2005 attingere
1518 1973 1622 2007 potero
1636 1971 1662 2007 ej
1668 1979 1702 2000 us

874 2014 1023 2050 meritum,
1042 2017 1072 2043 at
1082 2014 1188 2043 saltem
1201 2022 1262 2043 non
1278 2015 1435 2043 inficiabor
1444 2023 1499 2052 pro
1509 2023 1599 2052 posse
1612 2015 1704 2044 conﬁ~

875 2059 936 2088 teri.
955 2059 1090 2088 Dilatabo
1103 2067 1174 2095 ergo
1190 2067 1241 2088 cor
1256 2067 1356 2088 meum
1371 2062 1398 2088 et
1415 2059 1504 2088 simul
1528 2060 1703 2090 dilatabitur

873 2111 908 2132 os
919 2111 1020 2133 meum
1030 2104 1156 2133 vocibus
1167 2104 1331 2140 gratiarum
1341 2104 1465 2141 juxtaid
1476 2105 1560 2141 quod
1575 2113 1702 2142 possum

874 2151 902 2177 et
916 2149 998 2185 quod
1014 2149 1101 2178 statui
1118 2158 1124 2183 ;
1141 2157 1210 2177 cum
1223 2149 1264 2178 ita
1280 2148 1444 2178 invenerim
1460 2149 1491 2178 in
1506 2149 1701 2186 quantiscun-

873 2201 932 2230 que
946 2193 1023 2222 curis
1037 2195 1205 2222 coarctatus
1221 2196 1250 2222 et
1260 2193 1450 2223 latitudinem
1471 2194 1579 2223 mentis
1593 2197 1622 2223 et
1636 2203 1702 2224 cor-

873 2239 919 2267 dis
930 2238 1144 2268 dilatationem.

909 2283 1103 2320 Magniﬁcasti
1118 2283 1198 2312 enim
1214 2291 1281 2318 nos,
1295 2283 1424 2320 eripiens
1440 2292 1477 2313 ex
1501 2284 1565 2313 istis
1591 2285 1701 2322 pannis

873 2328 1000 2358 miseriae
1013 2332 1042 2357 et
1052 2328 1194 2357 extollens
1214 2337 1309 2366 usque
1325 2328 1365 2357 ad
1388 2329 1530 2358 thronum
1559 2330 1649 2358 istum
1673 2333 1703 2360 et

873 2377 984 2402 sortem
1019 2373 1099 2402 hanc
1139 2373 1299 2402 sublimem
1337 2376 1364 2403 et
1408 2375 1521 2403 caeteris
1558 2375 1701 2404 omnibus

873 2418 1121 2452 excellentiorem.
1138 2426 1156 2447 a
1178 2419 1325 2456 principio
1350 2419 1454 2448 volens
1480 2422 1508 2448 et
1535 2427 1642 2448 curans
1670 2422 1702 2449 ut

874 2462 1034 2493 fortissime
1045 2471 1163 2500 semper
1173 2465 1267 2492 vitam
1273 2464 1449 2498 rexerimus,
1456 2464 1537 2492 unde
1543 2472 1701 2501 possemus

873 2510 915 2539 ita
927 2510 957 2538 in
971 2509 1061 2538 bonis
1076 2511 1105 2537 et
1117 2507 1344 2545 perfectioribus
1353 2509 1526 2544 consistere,
1543 2511 1575 2538 ut
1590 2506 1608 2538 a
1617 2504 1702 2539 nullo

910 2626 949 2663 (2)
963 2624 1110 2663 orationis
1130 2623 1212 2653 color
1237 2623 1437 2663 est_biblicus.
1466 2625 1576 2654 Psalm.
1605 2633 1700 2663 cxvm,

875 2659 951 2699 32":
981 2661 1124 2699 ἐπλάτυνας
1150 2663 1197 2691 τὴν
1221 2659 1334 2699 κοιρςλὶαν
1359 2670 1424 2699 μου.Δ
1454 2663 1511 2689 15a.
1550 2670 1577 2695 ν,
1614 2662 1648 2690 14-

875 2698 1040 2763 ἆτῖῗέἱςννενό
1066 2697 1134 2734 ᾅδης
1177 2699 1224 2727 τὴν
1256 2696 1364 2734 ’ψυχὴν
1394 2696 1482 2725 αὐτοῦ.
1526 2700 1621 2734 Atque
1661 2699 1702 2727 sic

875 2742 893 2763 ιι
939 2743 957 2763 ι.

875 2742 957 2764 81101.

1436 2828 1486 2863 48.
