1959 3074
16 103 97 131 1521

561 106 606 135 DE
624 106 734 135 FESTO
759 103 984 135 DORMITIONIS
1003 104 1034 134 S.
1051 104 1183 134 MARLE.

1654 107 1661 135 Ι
1669 108 1718 135 522

61 165 151 193 Ἀλλα
176 167 229 202 μὴν
259 167 330 203 ἡμῶν
359 171 439 200 οὓτως
483 167 660 205 ἰπεγνωκότων
694 171 742 200 τὴν
775 168 832 206 ἆορ⁴

925 167 1016 196 Nobis
1027 169 1129 197 autem
1139 168 1180 197 ita
1194 168 1232 197 de
1256 167 1402 197 reverenti
1426 166 1624 197 celebratione
1652 169 1718 198 festi

15 213 74 240 τὴν
96 214 229 247 τιμῆσαι,
245 212 260 242 ἢ
279 211 375 249 μᾶλλον
389 214 433 240 τὸν
453 223 547 250 τρόπον
570 218 660 241 τοῦτον
688 213 712 240 ἂν
736 213 838 240 πλείοσι

15 259 78 281 τῶν
112 255 218 292 ἦμερῶν
250 257 320 293 ἡμᾶς
359 259 532 295 καθαγιάσαι,
573 260 642 286 ἔστιν
681 259 753 289 ὅστις
792 258 838 284 οὐκ

19 299 187 330 ἀσπάζεται
212 301 242 326 τὸ
271 299 438 338 δεδογμένον,
468 301 530 330 οὐδε
557 313 587 339 γε
610 304 750 341 κράτιστον
775 301 838 329 εἶναι

19 344 171 381 βούλεται,
196 347 322 382 καὶπρὸς
343 348 390 376 τὴν
415 345 495 376 ἀκοὴν
522 347 597 379 εὐθὺς
627 347 765 374 ἀνίσταται
791 349 838 376 τὴν

17 389 141 425 ψυχὴν,
161 390 293 426 πρόθυμος
319 391 352 417 ὢν
376 394 479 429 τρέχειν
506 394 551 419 καὶ
578 391 704 419 συντελεῖν
727 394 777 419 πᾶν
805 395 836 427 τῇ

18 435 192 472 πανηγύρει,
216 436 245 461 τό
267 444 298 471 γι
333 435 404 472 αὐτῷ
440 441 592 473 προσῆκον;
616 436 682 472 Ἐγὼ
712 435 757 472 μὲν
792 435 838 462 οὐκ

19 488 118 515 οιμοιι·
134 479 250 506 ἁλλάτοι
281 482 326 506 καὶ
349 480 496 508 τούναντίον
520 482 583 518 ὑπὶρ
611 481 709 508 πολλῶν
742 479 838 510 δηλον-

19 525 69 549 ότι
106 527 160 550 τῶν
188 524 342 561 ὀφλημάτων
368 527 464 563 μικρὰν
489 526 504 556 ἡ
534 525 660 562 οὐδεμίαν
687 524 751 553 εἶναι
789 527 836 554 τὴν

18 569 132 595 ἔκτισιν
162 569 175 595 ὃ
200 578 230 604 γε
257 569 388 606 φιλέορτος
413 569 464 607 ἐρεῖ
487 573 532 597 καὶ
564 574 622 609 περὶ
637 574 682 597 τοῦ
710 572 836 607 παρόντος

20 611 52 639 εὖ
79 612 250 650 ἐσκεμμένος⁸
275 614 332 651 οἶμα
356 613 386 641 δὲ
412 625 456 641 και
486 614 548 642 οὐδε
574 617 716 652 προσάγειν
741 614 835 651 μᾶλλον

20 658 101 694 ἡμᾶς
122 659 188 684 εἶναι
203 661 279 695 φήσει
300 658 376 686 τόνδε
399 661 442 686 τὸν
465 662 560 698 τρόπον
589 663 604 690 ἦ
638 660 755 696 μεγάλων
784 658 835 689 δὴ·

20 712 106 729 τινων
144 702 310 740 ἀξιουμένους
352 708 428 732 εἰναι.
459 707 539 732 ποίων
575 703 609 734 δὴ
649 705 835 741 τούτων;όμι-

19 747 83 778 λίας
105 752 184 784 Θεοῦ,
212 751 347 780 κοινωνίας
371 749 486 786 ἀγγέλων
513 752 560 776 σὺν
587 751 649 787 ἡμῖν
678 751 834 786 ὑμνούντων,

22 791 184 819 ἀποστόλων
219 796 365 831 συρφωνίας
415 795 472 831 μεθ’
525 795 598 830 ἡμῶν
649 794 833 831 ἑορταζόντων,

893 213 1016 248 edoctis,
1042 213 1089 242 vel
1103 213 1201 250 potius
1214 214 1251 242 de
1267 213 1359 242 modo
1373 221 1434 250 quo
1454 214 1554 250 plures
1573 214 1627 242 has
1654 215 1718 243 dies

893 258 1289 293 sanctiﬁcandashabemus,
1301 259 1324 286 si
1336 259 1403 295 quis
1415 259 1493 286 male
1500 259 1596 286 ferens
1605 259 1662 287 hoc
1669 259 1719 287 de-

893 304 1006 330 cretum
1022 302 1155 340 illudque
1173 303 1297 331 maximi
1311 303 1456 331 momenti
1465 303 1604 338 judicans
1618 304 1717 332 statim

893 348 1063 383 temereque
1077 347 1117 375 ad
1142 347 1313 375 obedientia
1331 347 1460 375 retrahat
1470 347 1604 375 animam
1619 356 1715 381 suam,

892 391 1014 428 zeloque
1038 392 1181 428 praecipiti
1207 392 1372 420 concitatus
1399 392 1491 419 ﬁnem
1521 392 1718 420 solemnitatis

893 435 1004 465 ambiat
1020 439 1050 464 et
1057 435 1177 465 festinet
1186 437 1216 464 in
1223 436 1413 470 celebrando,
1420 436 1494 464 illud
1502 437 1650 473 numquid
1659 437 1717 473 ipsi

893 482 1038 518 profectui
1053 482 1106 510 erit
1119 482 1133 509 ‘I
1148 483 1209 517 Ego
1225 490 1287 510 non
1300 481 1424 518 opinor:
1439 482 1491 509 sed
1507 490 1522 510 e
1539 485 1644 510 contra
1656 490 1716 510 cer-

892 528 957 555 tum
969 529 1015 555 eet
1027 534 1135 562 parum
1145 527 1190 554 vel
1203 526 1274 554 nihil
1289 526 1453 554 multorum
1467 526 1637 554 debitorum
1649 535 1716 555 suo—

892 579 960 599 rum
973 571 1073 607 ipsum
1088 579 1153 599 esse
1172 571 1350 604 soluturum,
1365 571 1447 607 quod
1462 570 1550 599 faciet
1564 571 1639 599 tecta
1652 571 1717 599 dili-

892 623 966 650 gens
978 617 1006 643 et
1017 615 1165 652 imprimis
1176 623 1210 644 ac
1224 618 1401 652 praesentem
1410 615 1629 643 solemnitatem
1639 615 1716 644 bene

891 660 1055 696 dispositus
1069 660 1175 688 :simul
1187 662 1288 689 autem
1315 660 1415 688 testari
1436 660 1544 696 poterit
1561 660 1608 688 ille
1632 659 1716 696 quod

890 712 946 733 nos
964 704 1015 741 qui
1033 705 1211 733 accedemus
1228 705 1314 740 juxta
1324 705 1413 733 ritum
1432 705 1546 732 huncce
1560 707 1715 737 statutum,

890 749 1037 784 majorum
1047 748 1247 785 quorumdam
1262 749 1409 777 bonorum
1416 749 1523 776 erimus
1536 748 1627 785 digni.
1639 749 1715 781 Quo-

891 793 1047 822 rumnam?
1058 793 1296 822 Conversationis
1309 793 1369 826 Dei,
1380 793 1526 821 societatis
1538 793 1715 828 angelorum

22 838 134 864 πάντων
163 842 213 864 τῶν
239 838 392 873 καλλίστων,
423 841 474 866 ὅσα
495 837 529 869 δὴ
556 843 611 870 τοῖς
638 841 765 869 τοιούτοις
799 838 832 870 εἰς

923 837 1050 866 ibiscum
1066 838 1248 871 canentium,
1265 840 1426 866 concentus
1439 837 1646 873 apostolorum
1661 837 1716 865 hu-

23 882 127 909 ταύτόν
140 882 212 912 ἣκειν
227 883 240 909 ὁ
254 885 425 920 πνευματικός
436 882 492 910 οἶδε
510 883 594 920 λόγος.

889 882 940 918 jus
955 883 1064 910 nostrte
1091 882 1255 911 festivitatis
1281 884 1397 918 partem
1425 881 1715 914 ambientiummno

26 927 126 956 verbo
144 927 328 964 optimorum
347 935 538 965 quorumque
553 928 769 956 charismatum
786 935 855 964 quae
867 926 898 955 in
911 926 1019 955 talibus
1029 926 1202 962 contingere
1213 928 1296 955 novit
1313 934 1399 955 mens
1427 925 1627 963 spiritualium
1649 928 1713 954 stu-

24 971 130 1001 diosa.

65 1028 119 1052 Καὶ
135 1026 177 1052 ἵνα
190 1028 216 1052 τί
230 1027 266 1062 μὴ
285 1028 453 1063 μακρότερον,
472 1027 532 1057 ἰσως
553 1026 583 1053 ἆν
613 1027 680 1053 ιῖποι
704 1036 753 1059 τις,
791 1027 835 1051 καὶ

28 1069 77 1097 διὰ
93 1072 201 1104 παντὸς,
218 1072 286 1108 εἰπερ
303 1070 404 1107 ἐφικτόν
437 1072 479 1106 ἧν,
508 1074 554 1097 τοῦ
581 1070 642 1108 βίον
667 1075 718 1097 τῶν
750 1070 834 1096 καλῶν

26 1113 114 1142 τῶνδε
132 1115 279 1151 μεθεξομιν,
310 1118 542 1152 στενοχωρήσομεν
566 1114 591 1142 δ’
620 1115 644 1141 ἓν
669 1115 736 1142 οὕτω
766 1115 833 1153 139a-

26 1163 74 1196 χεῖ
88 1162 179 1196 χρόνῳ
198 1161 241 1186 τόν
253 1164 302 1191 τῆς
314 1160 404 1197 ἑορτῆς
428 1162 536 1198 χρόνον,
565 1161 713 1196 φθονοῦντες
744 1159 832 1197 ὥσπερ

28 1205 130 1235 ἑαυτοῖς
165 1209 212 1236 τῆς
252 1204 366 1236 πλείονος
406 1204 574 1235 ἀπολαυσεως
586 1213 592 1239 ;
604 1205 680 1231 Τοῦτ’
726 1203 833 1241 οἴδαμεν

28 1252 76 1276 καὶ
89 1251 176 1286 ἡμεῖς,
197 1251 241 1276 καὶ
259 1259 289 1285 γε
315 1251 362 1279 τὴν
387 1251 532 1286 πανῆγυριν
563 1248 586 1280 ἐς
611 1251 740 1286 μήκιστον
767 1250 833 1275 dno-

29 1298 113 1321 τεῖναι
139 1294 220 1326 πολῦς
241 1295 303 1331 ἡμῖν
332 1295 429 1330 ἐγένετο
469 1293 606 1331 λογισμὸς,
648 1295 833 1330 καθυφηκαμιν

29 1338 56 1366 δ’
72 1339 148 1370 αὖθις
163 1343 212 1365 τῶν
224 1338 322 1365 πολλῶν
341 1340 433 1376 χάριν,
453 1340 487 1370 ὡς
515 1339 545 1364 ἂν
575 1337 609 1368 δὴ
639 1340 740 1370 πάντες,
772 1339 833 1369 ἴσης

30 1386 128 1410 ὡσανεὶ
155 1387 204 1415 τῆς
226 1384 374 1421 προθυμίας
412 1383 559 1420 ἑξημμένοι,
601 1385 646 1409 καὶ
687 1383 833 1409 εὶσοίσουσι

30 1429 88 1455 κατ’
112 1430 180 1462 ἴσον,
206 1432 252 1454 τοῦ
280 1429 379 1466 ῥᾴστου
407 1431 476 1454 πᾶσι
515 1428 756 1464 νενομοθετημένου.
804 1427 834 1453 Εἰ

29 1475 78 1510 μὲν
106 1475 158 1510 γὰρ
177 1474 323 1510 χρημάτων
348 1474 497 1509 θησαυροὺς
522 1476 608 1499 κενοῦν
640 1470 694 1499 ἔδει
733 1474 748 1501 ἣ
787 1473 833 1498 πό-

29 1528 90 1549 νους
103 1518 261 1555 ἀνῃρῆσθαι,
279 1517 392 1555 μεγάλης
408 1516 441 1547 δή
458 1527 526 1548 τινος
563 1517 660 1553 ἰσχύος
687 1516 759 1554 ἔργα,
787 1521 833 1547 τῆς

30 1563 142 1594 ἐνούσης
173 1565 269 1599 μικρᾶς
293 1564 385 1597 οὔσης,
410 1561 542 1594 ἐξέκλινειν
568 1561 598 1587 ἂν
629 1571 668 1593 τις
691 1562 764 1594 ἴσως,
802 1563 832 1588 τό

27 1610 66 1645 μὴ
95 1605 259 1637 δεδυνῆσθαι
291 1609 420 1644 πρόφασιν
444 1606 522 1643 ἐχωνσ
552 1610 595 1632 νῦν
623 1605 648 1633 δ’
673 1604 748 1632 οὐδὲν
782 1610 833 1632 τῶν

26 1654 164 1680 τοιούτων·
198 1651 252 1678 ἀλλ’
278 1654 338 1688 ὅπερ
366 1652 467 1688 ἔφημεν,
493 1651 627 1687 ἁγιασμοῡ
654 1653 699 1677 καὶ
732 1654 832 1687 τρυφῆς

28 1699 158 1734 μετουσία
185 1699 230 1723 καὶ
257 1695 370 1733 φαιδρᾶς
406 1697 585 1732 πανηγύρεως,
614 1694 644 1727 ἧς
672 1694 831 1731 ἀπολειφθῆ-

28 1753 72 1769 ναι
87 1745 123 1779 μὴ
135 1742 175 1768 ότι
189 1751 219 1777 γε
232 1742 373 1780 ῥᾳθυμίας,
406 1740 460 1767 ἀλλ’
485 1739 543 1767 οὐδ’
566 1740 714 1770 αἰσθήσεως
743 1741 832 1776 ὑγιοῦς

30 1785 88 1814 οὐδ’
105 1785 136 1813 αὖ
153 1784 251 1817 εἰδότος
262 1786 287 1813 ἐν
303 1786 341 1818 οἷς
367 1785 438 1813 ἔστιν
462 1785 560 1816 ἀπόνως
590 1786 656 1822 μετὰ
678 1789 723 1812 τοῦ
751 1785 831 1811 καλοῦ

27 1832 175 1869 γίγνεσθαι.
193 1833 284 1858 Καίτοι
295 1841 325 1867 γε
339 1833 394 1865 καὶ,
419 1833 501 1857 πόνων
534 1831 603 1867 εἰπερ
633 1828 686 1856 ἔδει
713 1832 757 1856 καὶ
787 1840 831 1856 συ-

31 1881 103 1913 χνῶν
122 1877 333 1914 καμάτῶν,ὑπερ
348 1878 416 1907 τίνος
449 1875 478 1901 ἂν
504 1875 598 1912 μᾶλλον
626 1873 787 1912 δικαιότερον
814 1875 829 1905 ἣ

31 1925 77 1948 καὶ
102 1921 308 1959 λυσιτελέστερόν
331 1930 370 1951 τις
399 1918 548 1958 ἑνίδρωσεν,
579 1922 594 1950 ἦ
623 1919 647 1946 ἐν
689 1917 758 1955 τῷδε
785 1921 831 1945 καὶ

32 1968 96 2004 ὑπὲρ
129 1966 142 1992 ὃ
169 1968 265 2002 πέφυκε
305 1967 445 2003 προθύμως
485 1964 748 2001 ὶπεκτεινόμενος;Εί
780 1966 830 2001 γὰρ

34 2014 79 2038 καὶ
103 2015 200 2048 μικρῶν
225 2010 304 2038 ἓνεκεν
336 2013 380 2037 καὶ
408 2009 509 2046 φαύλων
542 2011 612 2036 ἔστιν
639 2010 680 2036 ὂτέ
708 2010 831 2046 πραγμά-

34 2060 83 2082 τὼν
99 2054 311 2093 ὖπερμοχεῦντας
331 2053 446 2081 κατιδεῖν
476 2064 546 2081 εστιν
580 2054 674 2089 ἐνίους,
703 2056 748 2080 καὶ
776 2054 833 2080 κλέι

34 2111 92 2128 πτει
106 2103 133 2127 τό
148 2099 241 2127 δοκοῦν
255 2098 345 2137 κέρδος
360 2104 408 2131 τῆς
438 2099 612 2138 ταλαιπωρίας
631 2102 678 2129 τὴν
707 2099 832 2128 αὶσοησιν

33 2148 110 2176 ποίας
121 2143 316 2180 οῦχὶμέμψεως
328 2144 407 2175 ἄξιοι,
429 2144 473 2175 οῦς
494 2145 523 2170 τό
554 2146 589 2180 μὴ
617 2144 724 2174 θελῆσαι
755 2145 832 2180 μόνον

35 2192 65 2217 τό
78 2193 122 2219 τῆς
135 2190 302 2226 πανηγύρεως
316 2188 433 2226 λαμπρόν
448 2189 580 2224 ἐζημίωσε
596 2196 603 2221 ;

924 1025 981 1054 Sed
995 1025 1070 1054 forte
1085 1026 1153 1062 quis
1166 1025 1266 1054 adhuc
1278 1027 1395 1062 quaerat
1408 1033 1501 1062 quare
1515 1033 1576 1053 non
1591 1025 1713 1058 diutius,

887 1077 948 1098 non
957 1077 1087 1106 semper,
1097 1070 1177 1098 hisce
1187 1070 1254 1099 vitae
1263 1070 1350 1098 bonis
1362 1070 1569 1105 gaudebimus,
1583 1073 1714 1097 coal-cla.

887 1114 987 1142 bimus
1013 1117 1117 1143 autem
1148 1114 1269 1142 brevius
1283 1114 1446 1142 festivitatis
1457 1117 1585 1150 tempus,
1623 1114 1712 1150 quasi

887 1159 1091 1196 nosmetipsos
1105 1159 1279 1187 fraudantes
1291 1159 1442 1187 uberrima
1454 1158 1616 1194 voluptate.
1634 1161 1674 1186 Ita
1685 1160 1713 1186 et

887 1211 943 1231 nos
955 1204 1167 1236 sentiebamus,
1175 1206 1203 1232 et
1213 1211 1293 1240 saepe
1304 1203 1515 1232 solemnitatem
1523 1203 1552 1231 in
1564 1202 1714 1238 longiores

888 1248 1059 1283 protrahere
1066 1256 1167 1276 moras
1181 1248 1379 1283 cogitavimus
1391 1257 1398 1282 ;
1411 1248 1600 1284 pepercimus
1613 1249 1714 1275 autem

887 1293 918 1320 in
933 1292 1060 1327 gratiam
1075 1293 1249 1327 multorum,
1266 1295 1297 1320 ut
1317 1292 1427 1320 scilicet
1437 1300 1543 1320 omnes
1554 1291 1643 1328 quasi
1655 1299 1714 1319 uno

887 1337 1055 1374 eodemque
1068 1337 1120 1365 zeli
1140 1337 1254 1365 fervore
1279 1337 1503 1365 inﬂammentur
1531 1340 1560 1364 ct
1581 1337 1714 1372 idipsum

888 1382 1016 1411 sentiant
1028 1385 1056 1410 et
1070 1382 1112 1410 sic
1128 1381 1244 1410 facilius
1255 1382 1385 1417 unalege
1397 1382 1573 1417 dirigantur.
1590 1382 1618 1410 Si
1633 1381 1713 1408 enim

887 1428 1036 1462 oporteret
1051 1426 1206 1454 thesauros
1221 1426 1377 1454 exhaurire
1393 1429 1443 1454 aut
1473 1426 1573 1453 subire
1594 1425 1714 1453 labores

887 1471 997 1508 quibus
1008 1479 1126 1506 magnae
1137 1471 1213 1499 vires
1224 1470 1403 1499 adhibendae
1418 1470 1515 1498 forent
1535 1470 1574 1497 ab
1598 1477 1634 1497 eo
1662 1469 1714 1505 qui

887 1516 926 1545 ad
945 1517 1003 1544 hoc
1015 1516 1114 1552 impar
1123 1515 1286 1543 exsisteret.
1295 1523 1326 1543 se
1338 1523 1397 1543 non
1409 1514 1634 1551 possejusteille
1642 1521 1714 1550 que-

886 1562 1008 1589 reretur.
1024 1560 1099 1589 Nihil
1113 1562 1213 1590 autem
1232 1559 1340 1587 horum
1361 1559 1557 1593 accidit;sed,
1584 1561 1615 1586 ut
1640 1558 1713 1585 dixi-

886 1613 965 1639 mus,
974 1604 1202 1638 benedictionis,
1212 1606 1381 1641 sanctreque
1388 1604 1494 1632 laetitia»
1503 1606 1531 1631 et
1538 1602 1712 1638 refulgentia

887 1649 1083 1678 solemnitatis
1115 1658 1176 1678 uno
1196 1649 1382 1686 proponitur,
1413 1657 1482 1686 quae
1507 1648 1532 1676 si
1555 1647 1712 1683 negligan—

886 1696 943 1730 tur,
956 1694 1074 1729 signum
1084 1697 1197 1722 estnon
1209 1694 1300 1722 modo
1314 1693 1457 1729 segnitize,
1472 1692 1526 1721 sed
1546 1693 1634 1721 etiam
1645 1699 1712 1719 scn-

887 1747 938 1766 sus
950 1739 1050 1767 minus
1057 1739 1137 1771 recti,
1152 1741 1179 1766 et
1189 1737 1365 1774 ignorantiae
1372 1745 1476 1766 eorum
1483 1737 1594 1774 quibus
1602 1737 1640 1765 ad
1648 1745 1714 1773 pcr-

886 1783 1043 1812 fectiouem
1062 1784 1176 1820 absque
1192 1783 1293 1811 labore
1313 1782 1494 1820 pervenitur.
1519 1782 1604 1816 Quod
1626 1782 1660 1817 si,
1683 1785 1714 1811 ut

886 1830 963 1856 certe
978 1830 1112 1865 apparet,
1130 1828 1267 1856 laborum
1283 1827 1473 1863 suscipienda
1488 1826 1709 1860 estmultitudoI

886 1873 924 1902 ad
935 1873 1008 1909 quid
1018 1873 1126 1909 potiori
1136 1872 1203 1908 jure
1216 1874 1243 1900 et
1254 1872 1454 1908 quaestuosius
1468 1871 1535 1907 quis
1546 1870 1711 1905 insudabit,

886 1926 980 1955 quam
1001 1918 1040 1946 ad
1054 1918 1111 1946 hoc
1125 1918 1156 1946 in
1170 1926 1231 1955 quo
1240 1925 1357 1945 summe
1385 1917 1519 1953 proficiet
1545 1916 1710 1945 secundum

886 1962 970 1999 quod
983 1963 1066 1990 uisus
1081 1963 1169 1991 fuerit
1183 1962 1245 1990 zelo
1269 1965 1296 1990 ct
1321 1961 1519 1990 contentione.
1551 1961 1663 1988 Etenim
1688 1962 1713 1989 si

885 2006 1037 2043 quosdam
1049 2006 1217 2035 videmusin
1229 2005 1572 2042 minimisvilioribusque
1584 2006 1710 2042 negotiis

885 2059 977 2088 supra
992 2052 1117 2080 modum
1130 2051 1295 2079 voluntarie
1320 2053 1474 2087 patientes,
1503 2050 1614 2086 quibus
1644 2058 1712 2087 spes

886 2096 1088 2125 lucriscnsum
1100 2096 1282 2124 maestitinsct
1295 2095 1529 2131 pmnamlaboris
1548 2095 1635 2131 quasi
1646 2104 1712 2123 om-

886 2141 958 2169 nino
969 2140 1048 2176 lenit,
1065 2149 1126 2177 qua
1145 2148 1205 2168 non
1217 2138 1711 2176 eruntvituperationedigni,quos

888 2186 992 2214 avertit
1005 2186 1070 2214 sola
1085 2185 1224 2213 voluntas
1239 2193 1412 2221 repugnans
1439 2184 1551 2212 festiva:
1572 2183 1713 2212 solemni-

845 2231 868 2258 D
888 2230 938 2258 tati
951 2230 957 2258 l

72 2290 121 2315 Καὶ
136 2287 164 2314 οὐ
180 2290 256 2314 τοῦτο
267 2287 333 2323 λέγω
352 2284 455 2323 μηδένα
466 2288 502 2323 μὴ
520 2284 574 2313 δεῖν
591 2285 641 2312 ἀπό
668 2287 754 2317 πάσης
783 2291 831 2317 τῆς

38 2334 126 2370 ἑορτῆς
150 2331 177 2358 ἔκ
203 2332 270 2358 πάνυ
302 2341 328 2358 τι
354 2334 457 2358 πίπτειν
503 2331 622 2368 ῥᾳθύμου
650 2330 755 2367 ψυχῆς,
792 2332 832 2357 ὃτι

38 2375 101 2414 μηδ’
115 2377 188 2413 οἶμαί
199 2386 258 2402 τινα
285 2380 334 2402 τῶν
366 2375 485 2402 ἁπάντων
518 2374 541 2406 ἂς
571 2379 694 2402 τοσοῦτον
718 2375 833 2412 ἀγνωμο-

40 2424 114 2452 σύνης
137 2421 225 2456 ίλοεῖν,
254 2419 304 2447 οὐδ
331 2420 363 2446 αὖ
390 2421 477 2458 ὥσπερ
501 2419 526 2446 ἓν
546 2422 682 2457 νεκρότητι
707 2419 754 2456 ζῇν
789 2419 832 2446 αἰ-

38 2468 138 2504 ρεῖσοαι
162 2468 207 2492 καὶ
240 2465 402 2496 ἀναισθήτως
426 2464 497 2501 ἒχειν
537 2467 599 2503 πρὸς
643 2465 712 2496 ἄπας
745 2465 832 2500 καλὸν,

40 2511 173 2540 ὥσθ’ὃλην
184 2510 234 2536 ἀπό
261 2511 358 2546 νάρκης
386 2513 431 2537 καὶ
464 2509 601 2541 παντελοῦς
630 2510 769 2542 ἀκινησίας
786 2520 834 2546 φυ-

39 2560 90 2592 γιίν
104 2557 146 2585 τὴν
165 2557 319 2593 πανήγυριν·
347 2554 412 2581 ἀλλά
438 2556 467 2581 τό
496 2557 531 2592 μὴ
563 2553 610 2581 διὰ
636 2556 723 2586 πάσης
751 2555 778 2589 ἦ,
806 2556 835 2581 τό

40 2611 67 2638 γε
89 2599 217 2637 δεύτερον,
243 2602 279 2636 μὴ
311 2598 357 2626 διὰ
370 2603 417 2630 τῆς
439 2599 553 2631 πλείονος
581 2601 684 2626 ἱκέσθαι
720 2598 836 2626 σπουδά-

43 2655 95 2680 σαι,
108 2645 174 2672 τοῦτ’
186 2644 211 2671 ἐν
226 2644 298 2681 αἰτίᾳ
312 2647 367 2677 καὶ,
398 2645 430 2675 ὡς
459 2644 575 2681 ἔγκλημα
598 2649 644 2671 τοῦ
668 2645 759 2671 λοιποῦ
782 2648 836 2675 τοῖς

42 2692 215 2720 κατοκνήσασι
229 2690 368 2726 γίγνεσθαι
389 2691 419 2716 τὸ
447 2691 530 2727 παρὸν
557 2689 680 2726 βούλεται
701 2690 834 2727 ψήφισμα.

43 2737 117 2772 Τάχα
128 2733 156 2761 δί
176 2737 220 2760 καὶ
250 2733 428 2770 ἀγανάκτησιν
460 2733 661 2769 ὶπανατείνιται,
690 2735 743 2771 οὐχ
768 2734 838 2763 ἣττω

46 2779 77 2809 δὴ
108 2783 216 2814 rei-rosa,
243 2779 257 2808 ἦ
282 2782 335 2809 τοῖς
362 2777 404 2805 ἰπὶ
425 2780 452 2805 τό
492 2776 595 2805 δεῖπνον
631 2780 656 2806 ἂν
694 2778 838 2815 εὐαγγιλιοι

922 2286 955 2312 Et
975 2292 1035 2312 non
1046 2292 1170 2320 poswm
1186 2283 1258 2320 quin
1285 2283 1383 2311 dicam
1402 2290 1614 2319 quemcunque
1636 2289 1714 2310 cras-

887 2329 1014 2358 sissimze
1029 2329 1157 2364 ignavia:
1176 2331 1279 2356 notam
1306 2327 1415 2356 animus
1435 2335 1497 2354 suae
1516 2327 1644 2359 inurere,
1661 2326 1713 2362 qui

888 2376 980 2402 totum
992 2373 1153 2401 festivitatis
1160 2381 1281 2401 cursum
1293 2380 1353 2400 non
1364 2371 1527 2400 celebraret
1539 2381 1545 2405 ;
1561 2370 1712 2398 neminem

888 2418 1141 2454 enimjudicarem
1154 2417 1290 2446 omnium
1302 2419 1434 2445 vestrum
1447 2419 1535 2443 tantas
1546 2414 1713 2443 esseiusul-

888 2464 990 2497 sitatis,
1006 2465 1090 2492 tanta
1104 2462 1185 2491 vitali
1205 2462 1375 2491 fortitudine
1391 2468 1490 2489 carere
1502 2468 1565 2496 qua
1573 2460 1611 2487 ad
1622 2466 1712 2487 omne

887 2509 1003 2537 bonum
1018 2508 1116 2536 vivide
1127 2515 1294 2539 movemur,
1315 2510 1348 2534 ut
1366 2509 1487 2543 propter
1507 2508 1657 2541 torporem
1685 2507 1713 2532 et

889 2554 1011 2582 nimiam
1029 2553 1136 2589 quietis
1155 2553 1304 2581 insaniam
1319 2558 1442 2579 omnem
1461 2549 1651 2578 festivitatem
1663 2557 1714 2577 ne-

889 2598 1028 2634 gligeret:
1042 2605 1172 2634 praesens
1187 2597 1287 2632 itaque
1299 2595 1453 2624 decretum
1482 2594 1539 2622 huc
1567 2593 1662 2622 tendit
1682 2596 1715 2622 ut

890 2645 1016 2672 noscant
1030 2641 1141 2678 ignavi,
1156 2641 1239 2678 quod
1253 2641 1276 2668 si
1294 2648 1353 2668 non
1364 2640 1415 2668 toti
1426 2639 1715 2668 studeantinteresse

891 2688 965 2717 festo
975 2687 1022 2716 vel
1029 2687 1134 2715 saltem
1141 2686 1166 2722 cj
1172 2693 1206 2714 us
1212 2685 1318 2721 majori
1325 2684 1411 2721 parti,
1418 2684 1475 2712 hoc
1484 2683 1540 2712 illis
1554 2684 1584 2712 in
1600 2683 1715 2711 crimen

891 2733 959 2762 etin
973 2731 1197 2761 accusationem
1219 2732 1394 2758 casterorum
1417 2731 1555 2757 vertetur.
1580 2729 1618 2756 Eo
1648 2728 1715 2764 ipso

893 2778 974 2807 enim
984 2777 1120 2806 divinam
1128 2773 1530 2810 inourruntlndisnatio'nem
1538 2780 1600 2802 non
1612 2772 1714 2801 minus
