1959 3074
24 131 42 156 1
50 131 108 157 525

24 191 118 218 ἆλλωι
129 191 215 218 δοκεῖν
231 193 434 229 μεναλαγχάνειν
453 203 459 210 ·

24 236 125 272 πολλῷ
149 239 302 274 τιμιωτέρου
328 241 374 263 τοῦ
416 240 568 274 γιγνομένου
608 236 728 275 κέρδους,
771 236 839 271 ὁῦχλῳ

26 283 90 307 τινὶ
124 291 332 319 παραχωρησεις
359 283 503 319 ἔμπροσθεν
532 282 761 319 καταλαμϐάνειν;
795 284 838 310 Μή

28 327 72 351 σύ
96 335 129 361 γε
152 327 262 360 πάντως,
287 328 300 352 ὁ
327 327 442 363 φιλόθεος
465 330 509 353 καὶ
533 327 673 364 φιλέορτος,
703 329 748 358 καὶ
790 330 840 352 τῶν

24 369 125 395 καλῶν
153 370 302 406 ἐπιγνώμων
320 381 326 388 ⁶
356 371 419 406 ἀλλ’,
453 371 476 397 ἐν
504 371 627 401 αἰσθήσει
668 374 718 398 τῶν
746 373 840 408 παρόψ

25 424 87 440 των
106 416 249 451 γενόμενος,
266 425 350 451 ταχυς
364 417 457 442 σύνεσο
476 420 529 446 τοῖς
544 416 712 453 τελουμενοις.

74 507 131 529 Νῦν
143 506 215 533 κοινὴ
229 507 375 542 πανήγυρις
389 505 546 542 ἐπουρανίων
572 508 617 532 καὶ
635 509 685 532 τῶν
711 504 839 541 ἐπιγείων.

29 551 93 574 Νῦν
110 549 205 574 ἄνωθεν
225 548 330 585 ἄγγελοι
366 553 497 585 κατιόντες
520 550 575 586 μεθ’
602 551 675 586 ἡμῶν
703 552 841 586 μίγνυνται

27 602 89 618 των
101 592 243 630 ἀνθρώπων
264 604 270 610 ·
289 597 333 620 νῦν
349 595 481 631 ἄνθρωποί
502 597 653 630 προσιόντες
677 594 713 625 εἰς
746 596 840 621 ταυτὸν

31 639 140 666 ἣκουσι
154 641 206 668 τοῖς
222 637 349 674 ἀγγέλοις,
367 641 411 665 καὶ
430 642 492 675 μιᾶς
508 637 542 668 δὴ
571 649 640 670 τινος
666 640 698 670 ὡς
722 638 764 665 ἐπὶ
793 649 841 674 χο-

30 682 155 717 ρείαςέν
188 681 287 717 ᾃδουσι
315 683 400 719 μέλος,
441 686 488 713 τὴν
528 685 657 719 Παρθένον
692 684 838 720 ὑμνοῦντες.

32 729 95 752 Νῦν
127 729 173 752 καὶ
200 729 324 764 Χριστὸς,
344 729 423 763 μέσον
453 732 503 754 τῶν
537 728 708 765 ἑορταζόντων
739 729 841 764 γενόμε-

31 780 92 805 νος,
111 769 145 796 ὧν
160 769 234 797 οὐδέν
254 771 301 797 οὐκ
330 773 399 798 ἔστιν
426 772 546 808 οὐμενοῦν
569 774 647 799 εἰπεῖν
677 772 776 808 μεῖζον,
802 773 841 798 εὗ-

31 815 142 850 λογὶαις
155 814 288 851 ἀμείϐεται
318 826 364 845 την
398 818 533 853 Παρθένον.
561 820 615 843 Νῦν
639 817 717 847 αὐτὸς
744 817 757 842 ὁ
777 819 843 848 Θεὸς

33 861 149 889 επιστὰς
182 862 228 889 τήν
251 862 352 896 μητέρα
383 862 574 897 μετακαλεῖται,
600 864 644 887 καὶ
679 864 726 890 τὴν
758 871 841 887 πανα-

31 905 101 955 γίαν
130 905 228 955 ταύτης
254 905 347 955 ψυχὴν
373 905 398 931 ἓν
420 909 477 937 τοῖς
501 905 607 937 κόλποις
640 903 840 942 ᾦποδεξάμενος,

33 948 74 978 εἰς
109 948 232 984 οὐρανοὺς
253 948 381 986 ἀναφέρει,
414 950 617 987 προπεμπόντων
647 949 760 986 ἀγγέλων
797 953 842 977 καὶ

32 994 87 1023 τὰς
99 993 210 1024 αἰνέω-εις
237 993 412 1030 πληρούντων.
441 998 494 1021 Νῦν
524 995 539 1023 ἠ
572 995 698 1032 [Ιαρθένος
730 997 775 1021 καὶ
804 998 841 1030 τῷ

31 1040 142 1074 σώματι
168 1039 323 1074 μεθίσταται
352 1041 397 1072 μὶν
426 1041 509 1076 ἡμῶν,
542 1040 587 1066 οὐκ
618 1039 761 1075 ἀφίσταται
799 1038 840 1066 δὲ»

30 1086 144 1118 φρουρεῖ
159 1081 185 1108 δ’
205 1081 300 1109 ἄνωθεν
337 1083 516 1111 ἂποπτεύουσα
543 1079 593 1121 δή
608 1085 776 1120 αἰῶνοςΊΝῡν
801 1076 842 1110 δεῖ

29 1128 82 1152 καὶ
112 1127 193 1162 ἡμᾶς,
223 1131 272 1152 τῶν
304 1127 385 1154 ἄλλων
411 1129 513 1154 πάντων
560 1123 710 1165 ἀφεμένους,
759 1128 842 1159 αὐτῆς

31 1171 112 1202 ὅλους
142 1176 188 1202 τῆς
214 1171 304 1208 ἑορτῆς
331 1174 462 1208 γενέσθαι,
508 1173 694 1209 εὐφημοῦντας,
731 1172 841 1208 ψάλλον-

34 1225 94 1247 τας,
128 1216 360 1253 εὐχαριστοῦντας,
385 1218 461 1244 πάνθ’
489 1218 538 1244 ὃσα
567 1220 628 1255 πρὸς
662 1220 739 1254 χρέος
779 1218 841 1254 ἡμῖν

34 1262 96 1289 ἣκει
109 1262 178 1286 κατὰ
205 1262 234 1287 το
260 1260 371 1288 δυνατὸν
394 1263 563 1298 πληροῦντας.
600 1265 650 1289 Καὶ
677 1266 740 1298 γοῦν
760 1262 840 1293 οὕτως

35 1314 122 1331 ισται.

861 867 880 894 Β

39 1394 63 1400 ψ
74 1353 112 1400 Συ
129 1349 215 1400 δ’μῶ.
234 1355 301 1378 Θεοῦ
334 1356 425 1390 μῆτερ,
449 1353 558 1389 εὐμενῶς
592 1351 686 1388 δέχου,
717 1355 761 1379 καὶ
789 1357 842 1383 τοῖς

35 1395 63 1444 εξ
85 1396 337 1444 ἔθουςιοίκτιρμοῖς
364 1399 499 1434 χρωμένη,
527 1399 602 1434 τρέπε
645 1399 689 1434 μὶν
729 1397 839 1434 ἐχθροὺς

36 1440 142 1476 ἀφανῶς
167 1440 320 1476 βάλλοντας,
350 1443 416 1468 ὥστε
440 1440 523 1478 μηδὲν
554 1443 622 1478 ἡμᾶς
648 1442 675 1473 ἐξ
700 1442 839 1473 ἐπιϐουλῆς

35 1484 125 1510 αὐτῶν
151 1483 282 1521 μηδαμῶς
313 1485 477 1522 βλάπτεσθαι
511 1498 517 1503 -
552 1489 626 1523 τρέπε
659 1485 689 1513 δὲ
722 1489 784 1518 τοὺς
814 1487 839 1513 ἐν

35 1533 74 1564 τῷ
109 1534 210 1566 φανερῲ
241 1531 425 1567 πολεμοῦντας,
458 1534 503 1557 καὶ
535 1530 582 1557 διὰ
613 1534 705 1562 παντὸς
740 1530 840 1558 δείκνυε
859 1542 879 1570 C

36 1575 100 1600 κενὰ
126 1575 300 1606 σκευάζοντας
325 1578 370 1602 καὶ
397 1575 553 1612 μελετῶντας
589 1577 665 1602 πάνθ’
704 1578 754 1602 ὅσα
781 1575 839 1605 -δη-

37 1620 124 1644 λονοτι
139 1619 198 1645 καθ’
214 1620 285 1655 ἡμῶν
304 1621 464 1651 σκευάζουσι
485 1624 531 1647 καὶ
553 1621 687 1657 μελετῶσι.
721 1621 840 1658 Σύντριϐε

37 1673 84 1689 και
97 1663 176 1694 τόξον
188 1667 238 1690 πᾶν
257 1665 315 1691 καθ’
330 1666 403 1701 ἡμῶν
427 1665 604 1702 ἐντεινόμενον,
638 1667 678 1702 (1)
711 1676 756 1692 και
778 1667 840 1703 ῥομ-

38 1710 120 1743 φαίαν
156 1710 307 1745 κινουμένην
331 1709 373 1736 ἐπὶ.
408 1712 467 1740 τοὺς
488 1714 622 1741 κινοῦντας
644 1713 745 1747 στρέφε.
777 1713 842 1747 Πρό-

39 1754 122 1782 στηθι
147 1751 270 1784 διηνεκὴς
302 1757 451 1791 πρόμαχος,
478 1758 525 1784 τὴν
551 1758 598 1784 σὴν
620 1757 755 1782 ἐκτείνασα
779 1765 842 1792 κρα-

38 1799 117 1824 ταιὰν
144 1797 234 1835 χεῖρα,
262 1809 306 1824 και
333 1799 412 1835 βάλλε
440 1801 510 1826 κάτω
542 1800 651 1836 κεφαλὰς
695 1799 840 1836 δυσμενῶν,

38 1842 99 1878 μεθ’
133 1843 199 1873 ὃσης
228 1847 276 1873 τῆς
305 1843 400 1878 ὕϐρεως
431 1845 493 1880 ὁρᾷς
531 1846 625 1871 όπόσον
662 1845 840 1880 ἐπαιρομίνας·

41 1885 114 1913 Ἰδού
132 1896 174 1913 σοι
187 1890 312 1924 πρόσιμεν
334 1889 410 1924 ἡμεῖς
435 1889 481 1914 οὐκ
507 1889 544 1924 ἐφ’
565 1890 690 1925 ἅρμασιν,
716 1888 772 1915 οὐδ’
802 1892 841 1916 ἶπ-

39 1941 112 1962 ττοις,
142 1929 201 1957 οὐδ’
234 1933 275 1958 επὶ
297 1933 414 1969 ῥομφαία
437 1943 482 1959 και
502 1933 596 1966 τόξοις,
624 1933 662 1960 ἐπ’
688 1933 774 1960 οὐδενί
794 1939 842 1960 τὼν

39 1977 165 2002 τοιούτων
183 1977 281 2004 ἣκιστα
310 1977 461 2014 θαρροῦντες
477 1989 482 1994 -
510 1980 563 2004 ἐπεὶ
589 1981 633 2004 καὶ
660 1980 742 2015 μικρά
759 1980 843 2004 πάντα

39 2030 87 2046 και
99 2019 194 2055 φαῦλα,
214 2020 262 2046 κᾶν
275 2022 352 2047 ὁποῖά
371 2032 420 2055 τις,
451 2022 498 2048 κᾶν
523 2023 608 2049 ὁπόσα
639 2033 678 2055 ri;
700 2025 770 2055 εἴπῃ,
799 2033 843 2049 και

40 2065 79 2094 εἰς
110 2063 187 2090 οῦδὲν
217 2063 340 2102 οὐδαμῶς
369 2066 456 2102 ὄφελος
487 2071 541 2098 τοῖς
560 2070 595 2103 μὴ
626 2072 684 2098 ταῖς
815 2069 843 2093 σε

40 2109 139 2146 μᾶλλον
158 2108 273 2146 στερραῖς
299 2110 391 2137 ἐλπίσι
431 2111 663 2148 καθωπλισμένοις,
694 2112 723 2138 ἂν
770 2113 843 2148 ἡμεῖς

41 2154 132 2184 πάσας
161 2156 203 2180 ἐπὶ
227 2155 255 2180 σε
283 2155 367 2187 καλῶς
392 2157 500 2192 θέμενοι,
530 2159 565 2192 μὴ
591 2159 712 2193 πέσοιμεν
744 2157 770 2188 ἐξ
798 2156 843 2182 αὐ-

41 2202 105 2230 τῶν,
121 2196 192 2234 μηδὲ
206 2201 342 2235 φανείημεν
357 2203 576 2237 κατῃσχυμμένοι
593 2212 599 2218 ·
626 2199 705 2228 δίδου
728 2200 757 2227 δὲ
781 2211 844 2237 χρα-
865 2220 887 2246 D

41 2247 151 2273 τοῠντας
182 2246 206 2269 ἐν
239 2247 315 2270 παντί
347 2248 435 2283 χρόνῳ
482 2245 599 2284 φαιδρῶς
649 2248 845 2283 πανηγυρίζειν,

42 2297 90 2314 και
105 2286 185 2316 τήνδε
201 2290 248 2317 τὴν
282 2289 372 2325 ἑορτὴν
405 2288 564 2317 ἀκατάλυτον
594 2289 658 2317 εἶναι
684 2288 764 2317 δίδου
800 2289 846 2316 διὰ

43 2338 140 2364 παντὸς
158 2338 261 2365 αιῶνος,

82 2424 121 2459 (l)
134 2424 362 2467 Respicitur‘P‘s.
378 2433 471 2467 X'X‘XV'I,
490 2426 532 2458 14,
547 2425 742 2467 Δ[5,Ῥομφαιίοιν
767 2426 846 2451 ἐσπά-

47 2469 122 2493 σαντ,
149 2460 174 2486 οὶ
192 2460 355 2497 ἁμαρτωλοίο
380 2462 503 2487 ἐνέτειναν
525 2461 597 2492 τόξον
627 2460 710 2487 αὖτῶν
817 2463 837 2486 Η

574 132 617 160 DE
629 130 737 159 FESTO
768 128 994 161 DORMITIONIS
1010 127 1037 156 S.
1062 127 1181 155 MARUE

487 197 530 219 νῦν
560 192 590 220 δὲ
618 197 741 220 τοσοῦτον
771 194 840 221 ὄντος

933 197 966 217 os
979 189 1095 225 primus
1105 188 1214 223 gestias
1225 187 1255 214 in
1268 187 1384 222 partem
1399 184 1463 218 ejus
1491 182 1601 215 venire,
1632 189 1720 209 num-

1648 121 1717 147 1526

894 235 966 271 quid
976 243 1056 262 nunc
1069 234 1133 262 aliis
1146 233 1276 261 dimittes
1286 233 1404 259 tantum
1420 229 1548 256 fructum
1577 227 1719 255 omnibus

894 280 982 314 longe
1007 279 1256 315 praestantiorem,
1284 274 1439 310 negligens
1463 272 1548 300 illum
1570 271 1718 307 imprimis

893 324 1024 352 lucrari?
1042 325 1241 360 Nequaquam
1257 321 1297 349 ita
1310 321 1358 352 sit,
1369 326 1387 347 ο
1401 317 1561 355 philothee,
1576 316 1626 352 qui
1638 316 1719 344 festis

894 368 1052 398 delectaris
1062 359 1255 396 etrbonorum
1270 364 1384 400 probus
1396 371 1427 390 es
1443 361 1553 390 arbiter
1567 370 1574 394 ;
1586 359 1640 387 sed
1651 368 1720 388 cum

894 421 1017 441 sensum
1033 413 1146 440 habeas
1155 409 1357 447 praesentium,
1369 407 1518 435 bonorum
1533 404 1659 441 impigre
1675 412 1721 432 as-

895 458 980 486 sistas
997 456 1234 485 solemnitatibus
1240 477 1247 484 .

930 505 1012 530 Nunc
1027 502 1107 530 enim
1122 500 1264 529 festivitas
1272 498 1356 526 adest
1380 494 1549 524 communis
1573 493 1720 522 caelitibus

895 550 923 575 ct
937 546 1133 576 terrestribus.
1145 547 1227 574 Nunc
1242 543 1340 578 angeli
1349 542 1431 571 ciues
1445 539 1568 575 superni
1576 539 1614 566 de
1638 538 1720 566 caelis

895 591 1109 620 descendentes
1123 590 1286 618 miscentur
1295 585 1383 615 nobis
1396 583 1571 613 hominibus
1602 592 1610 610 :
1637 590 1720 610 nunc

895 636 1031 664 homines
1051 634 1245 663 ascendentes
1277 630 1390 666 angelis
1411 627 1590 662 occurrunt,
1624 630 1656 655 ut
1689 627 1720 654 in
1743 626 1747 629 “

895 688 991 708 unum
1000 681 1126 708 chorum
1140 677 1273 710 adunati,
1291 674 1417 703 melodis
1428 672 1552 700 vocibus
1568 674 1718 706 canentes,

894 724 1000 761 laudes
1006 725 1108 752 dicant
1115 722 1252 758 Virginis.
1264 723 1347 749 Nunc
1355 719 1445 747 etiam
1460 717 1592 745 Christus
1601 716 1719 744 medius

895 770 970 797 inter
983 770 1091 797 festum
1104 767 1288 796 celebrantes
1298 763 1439 792 laudibus
1449 761 1560 798 quibus
1573 760 1647 788 nihil
1656 768 1720 788 ma-

896 812 1083 850 gniﬁcentius
1098 812 1155 840 dici
1169 813 1276 848 potest,
1292 810 1387 836 vicem
1398 806 1506 841 Virgini
1520 805 1625 833 reddit.
1637 806 1720 832 Nunc

895 860 959 894 ipse
975 859 1051 886 Deus
1070 865 1086 885 e
1106 856 1180 884 cwlo
1209 853 1422 890 superveniens
1444 852 1564 879 Matrem
1589 850 1721 878 revocat:

895 908 924 932 et
942 903 1007 940 ejus
1022 902 1213 939 purissimam
1230 898 1395 934 suscipiens
1415 897 1551 924 animam
1565 894 1597 922 in
1610 894 1720 922 caelum

896 939 999 982 elevat,
1015 947 1129 982 angelis
1143 943 1361 974 deducentibus
1377 949 1445 970 eam
1471 941 1501 968 in
1529 939 1719 967 multitudine

894 993 1126 1023 laudum.,Nunc
1136 991 1224 1024 Virgo
1243 989 1332 1016 etiam
1342 985 1458 1022 corpori
1466 986 1569 1012 nostro
1581 983 1719 1020 proxima

895 1037 1082 1068 constituitur
1095 1045 1104 1072 ;
1117 1041 1274 1069 nunquam
1284 1031 1364 1059 enim
1380 1038 1436 1058 n05
1451 1029 1553 1061 oblita,
1578 1027 1617 1056 de
1643 1027 1718 1056 calo

894 1080 1022 1119 despicit
1032 1083 1060 1109 et
1070 1078 1200 1107 custodit
1213 1078 1244 1106 in
1271 1075 1388 1104 saecula.
1415 1076 1497 1102 Nunc
1525 1080 1595 1108 ergo
1633 1079 1720 1107 opor-

897 1128 934 1155 tet
948 1116 980 1154 ut
1003 1134 1070 1161 nos,
1082 1119 1210 1152 .cmteris
1235 1121 1376 1150 omnibus
1395 1117 1612 1156 pratermissis,
1636 1116 1719 1144 omni

895 1171 987 1200 festivi
993 1170 1042 1198 tati
1052 1170 1194 1197 interesse
1205 1166 1417 1195 acclamantes.
1426 1161 1597 1198 psallentes,
1610 1160 1720 1195 gratias

895 1217 1029 1251 agentes.
1045 1213 1143 1242 ofﬁcio
1157 1213 1258 1239 nostro
1270 1209 1311 1237 sic
1323 1216 1378 1245 pro
1388 1214 1479 1244 posse
1493 1205 1719 1238 satisfacientes,

897 1261 1063 1294 fungentes.
1082 1259 1114 1286 Et
1125 1259 1201 1285 certe
1217 1255 1258 1283 sic
1273 1255 1337 1282 erit.

933 1351 977 1377 Tu
988 1357 1069 1382 vero,
1090 1356 1108 1376 0
1122 1349 1210 1376 Mater
1221 1345 1280 1376 Dei.
1297 1343 1426 1378 benigne
1455 1350 1510 1370 nos
1535 1340 1663 1376 suscipe,
1694 1341 1722 1367 et

898 1394 990 1423 solita:
1007 1400 1122 1421 memor
1136 1390 1261 1427 pietatis,
1274 1389 1376 1416 hOStes
1394 1385 1523 1423 proﬂiga
1533 1385 1585 1421 qui
1605 1392 1660 1412 nos
1678 1383 1721 1412 la-

897 1441 991 1467 tenter
1005 1437 1165 1470 lacessunt,
1179 1442 1215 1462 ne
1240 1440 1375 1469 unquam
1402 1439 1437 1458 ex
1468 1437 1573 1457 eorum
1606 1428 1721 1456 insidiis

899 1483 1013 1511 malum
1027 1482 1158 1509 feramus
1173 1482 1202 1507 et
1216 1479 1362 1506 damnum
1380 1484 1388 1509 ;
1408 1474 1522 1510 dissipa
1536 1480 1658 1510 quoque
1671 1480 1722 1500 eos

899 1536 968 1556 cum
974 1526 1130 1555 manifeste
1136 1525 1282 1561 pugnant,
1291 1522 1318 1549 in
1324 1520 1467 1549 omnibus
1475 1518 1636 1547 ostendens
1642 1524 1722 1545 vana

899 1579 963 1600 esse
978 1579 1045 1608 quas
1059 1572 1168 1606 parant
1182 1571 1209 1597 et
1220 1567 1382 1596 moliuntur
1397 1566 1500 1592 contra
1510 1571 1565 1590 nos
1579 1561 1722 1590 continuo

900 1620 928 1645 et
941 1607 1072 1652 undique
1083 1615 1281 1649 insurgentes.
1302 1614 1409 1638 Arcum
1437 1607 1590 1642 confringe
1619 1607 1724 1633 contra

900 1670 955 1690 nos
969 1650 1125 1694 intentum,
1140 1661 1169 1686 et
1185 1656 1318 1692 gladium
1334 1662 1396 1690 quo
1406 1653 1535 1690 petimur
1558 1653 1662 1679 contra
1684 1650 1724 1677 vi-

901 1706 1021 1734 brantes
1030 1705 1111 1740 ipsos
1124 1704 1272 1730 converte.
1286 1699 1376 1728 Nobis
1385 1697 1490 1726 adesto
1506 1698 1647 1724 constans
1658 1701 1725 1730 pro-

901 1749 1060 1786 pugnatrix
1074 1751 1102 1776 et
1114 1750 1250 1784 patrona,
1260 1743 1423 1773 extendens
1432 1743 1583 1779 potentem
1596 1747 1723 1768 manum

901 1785 984 1824 tuam
996 1797 1027 1822 ut
1037 1796 1172 1822 conteras
1182 1791 1281 1827 capita
1291 1788 1483 1817 insolentium
1491 1785 1636 1818 hostium,
1647 1792 1725 1820 quos

901 1841 984 1868 vides
993 1838 1105 1867 malitia
1113 1846 1168 1865 sua
1177 1839 1205 1864 et
1213 1834 1355 1871 superbia
1362 1840 1455 1868 supra
1461 1830 1585 1859 modum
1593 1829 1723 1856 inﬂatos.

903 1886 972 1912 Ecce
983 1884 1035 1912 tibi
1050 1883 1233 1911 occurrimus
1249 1887 1308 1907 non
1340 1878 1371 1906 in
1397 1876 1544 1909 curribus,
1572 1881 1670 1909 neque
1693 1873 1725 1900 in

901 1929 998 1965 equis,
1009 1935 1106 1963 neque
1114 1927 1145 1954 in
1156 1924 1266 1960 gladio,
1287 1921 1420 1958 nequein
1427 1919 1540 1955 sagittis
1546 1921 1575 1946 et
1583 1917 1723 1953 arcubus,

901 1963 1023 2002 in—nullo
1034 1979 1138 2000 eorum
1150 1970 1195 1997 vel
1204 1969 1362 1997 minimum
1369 1965 1559 1998 conﬁdimus,
1567 1963 1643 1991 adeo
1656 1964 1726 1990 sunt

903 2027 996 2055 parva
1011 2020 1039 2045 et
1055 2015 1164 2044 debilia
1177 2016 1250 2051 quot
1264 2016 1292 2040 et
1306 2013 1540 2049 quantacunque
1554 2008 1622 2044 quis
1635 2007 1725 2040 dicat,

902 2052 930 2091 et
944 2063 1010 2100 ipsa
1021 2060 1187 2097 suntplane
1212 2057 1327 2086 inutilia
1359 2056 1415 2084 illis
1448 2055 1498 2090 qui
1528 2061 1588 2081 non
1616 2052 1725 2080 ﬁrmis-

904 2099 979 2136 sima
990 2115 1041 2143 spe
1053 2107 1082 2134 in
1099 2110 1183 2133 tuum
1199 2103 1342 2132 auxilium
1357 2100 1589 2136 prmcinguntur.
1607 2099 1640 2125 Et
1658 2105 1725 2131 nos,

903 2142 1075 2190 plenissime
1086 2153 1114 2179 in
1124 2154 1148 2178 te
1156 2149 1436 2183 conﬁsi,nunquam
1444 2142 1726 2180 dejiciemurabeis,

904 2189 1002 2234 neque
1012 2197 1081 2225 victi
1092 2194 1317 2232 apparebimus.
1336 2193 1419 2219 Dona
1430 2197 1501 2225 ergo
1513 2191 1545 2216 ut
1554 2189 1727 2216 constanter

905 2232 962 2279 per
976 2250 1065 2270 omne
1081 2243 1199 2276 tempus
1211 2240 1353 2266 statutum
1365 2234 1520 2272 splendide
1540 2232 1726 2260 celebremus

905 2289 961 2316 hoc
972 2287 1091 2318 festum,
1100 2287 1126 2312 et
1135 2292 1187 2320 per
1194 2283 1292 2319 ipsum
1300 2282 1331 2308 in
1339 2280 1446 2308 festum
1453 2281 1596 2307 aeternum
1602 2276 1728 2305 transire

904 2340 957 2369 per
969 2331 1071 2360 omnia
1086 2329 1205 2357 saecula.

904 2425 1019 2461 ῥομφαία
1042 2422 1126 2447 αὐτῶν
1155 2419 1263 2446 εἰσέλθοι
1287 2426 1320 2446 εις
1337 2418 1382 2444 τὴν
1403 2412 1515 2451 καρδίαν
1531 2412 1615 2437 αὐτῶν
1630 2420 1674 2436 και
1694 2408 1728 2435 τὰ

904 2455 968 2490 τόξα
977 2459 1060 2484 αὐτῶν
1077 2455 1223 2492 συντριϐεὶη
1229 2476 1235 2481 .
