1959 3074
224 117 1605 138 W

897 214 972 236 ANNO
994 214 1091 236 οοηικι
1113 214 1243 236 Μεειιιν.

698 301 1057 366 ΔΙΑΤΑΞΙΣ
1125 306 1418 366 ΚΥΠΡΙΑ

482 519 1250 609 ΑΛΕΧΑΝΔΡΟΥ
1324 518 1654 608 ΠΑΠΑ

844 684 966 730 ΤΟΥ
1001 684 1294 730 ΤΕΤΑΡΤΟΥ
1318 754 1320 757 Ι

662 889 1146 967 CQNSTITUTIO
1197 889 1280 952 CY
1290 889 1466 951 PRIA

440 1029 1130 1114 ALEXANDRI
1187 1028 1525 1112 PAPZE
1583 1028 1710 1111 IV

380 1175 520 1207 GR/ECE
551 1176 696 1207 PRIMUS
726 1175 865 1213 EDIDIT,
893 1176 1034 1206 LATINE
1065 1175 1245 1207 REDDIDIT
1275 1175 1324 1207 AC
1352 1175 1464 1206 NOTIS
1491 1174 1749 1206 ILLUSTRAVIT

679 1271 1068 1316 VINGENTIUS
1098 1270 1463 1315 RIGCARDUS

974 1370 1063 1394 ειειι.
1089 1370 1160 1394 RBG.

630 1530 744 1567 (Roma
773 1529 943 1560 excudebat
969 1529 1140 1568 Stephanus
1167 1529 1309 1561 Paulinus
1337 1530 1518 1566 IDCXXXVI)

869 1702 1111 1726 EMINENTISSIMO
1140 1703 1273 1726 PRINCIPI

549 1770 714 1795 FBANCISCO
737 1767 922 1800 BARBERlNO,
948 1769 976 1794 8.
1002 1771 1032 1795 Β.
1059 1771 1089 1795 Ε.
1115 1770 1278 1794 CARDINALI
1300 1771 1322 1795 ν

809 1769 922 1800 IERlNO,
948 1769 976 1794 8.
1002 1771 1032 1795 Β.
1059 1771 1089 1795 Ε.
1115 1770 1278 1794 CARDXNALI
1300 1769 1582 1795 VICECANCELLARIO.

265 1875 448 1909 Incredibili,
476 1877 507 1903 ut
529 1882 590 1910 par
608 1877 683 1908 erat,
699 1875 938 1904 Eminentissime
955 1875 1107 1911 Princeps,
1129 1875 1170 1905 ad
1191 1875 1397 1912 vestigantium
1415 1876 1588 1911 sagacitate,
1606 1880 1633 1905 te
1663 1879 1789 1905 auctore
1811 1877 1905 1912 perlu-

229 1921 363 1951 strabam
383 1922 413 1949 in
435 1921 645 1956 Altempsiana
665 1920 841 1949 bibliotheca
861 1920 1032 1949 Graecorum
1060 1921 1257 1956 Eucliologia,
1285 1924 1318 1949 ut
1336 1929 1402 1957 quae
1430 1921 1462 1949 in
1493 1922 1636 1957 impressa
1658 1922 1856 1957 irrepserunt,
1874 1929 1907 1950 e1:

229 1967 301 2002 ipsis
325 1965 546 2000 exemplaribus
565 1965 683 2000 percipi
704 1968 822 2000 possent
838 1968 963 2001 errata;
984 1973 1050 1994 cum
1066 1973 1141 2000 ecce,
1160 1966 1231 1994 dum
1251 1966 1347 1994 alacri
1359 1969 1555 2002 promptaque
1579 1966 1665 1994 vultu
1697 1966 1754 1994 lmc
1783 1967 1907 2003 illucque

230 2011 331 2041 omnia
355 2010 539 2045 pervolvens,
558 2009 705 2038 emissitiis
734 2011 983 2046 circumspectans
1004 2011 1097 2039 oculis
1121 2011 1265 2046 intuerer,
1283 2010 1314 2039 se
1332 2011 1419 2046 o/l‘erl
1446 2012 1477 2038 in
1501 2011 1613 2046 Cyprio
1639 2011 1770 2047 quodam
1800 2015 1906 2040 vetusto

230 2054 412 2090 Euchologio
431 2054 559 2088 Διάταξις,
578 2054 756 2083 Constitutio
780 2055 952 2083 Alexandri
976 2055 1141 2090 Pontiﬁcis,
1167 2057 1231 2091 ejus
1262 2055 1389 2084 nominis
1413 2057 1525 2091 quarti.
1548 2055 1623 2084 Eam
1646 2056 1726 2084 mira
1754 2057 1906 2085 alacritate

226 2101 395 2137 perlegens,
410 2101 504 2129 sentio
526 2108 578 2129 nec
597 2100 704 2128 Latine
721 2107 775 2128 nec
793 2100 893 2128 Graece
908 2100 1060 2136 hucusque
1084 2100 1205 2133 editam,
1232 2100 1291 2128 imo
1307 2108 1360 2129 nec
1377 2101 1409 2128 in
1427 2101 1607 2134 Pontiﬁcum
1627 2100 1744 2136 quidem
1778 2104 1905 2130 notatam

231 2146 316 2181 actis,
342 2153 408 2181 quae
432 2147 530 2173 tamen
549 2152 693 2173 summam
716 2145 858 2173 Romam:
878 2145 954 2174 sedis
976 2145 1008 2173 in
1031 2146 1146 2173 Grzccos
1167 2145 1313 2180 ctvapri
1332 2145 1463 2173 insulam
1478 2146 1686 2173 auctoritatem
1701 2145 1844 2181 locupleti
1854 2150 1905 2174 tes-

232 2191 354 2218 timonio
377 2190 500 2225 prodat,
523 2197 558 2218 ac
577 2191 724 2226 pleraque
749 2190 955 2218 ecclesiasticis
977 2189 1130 2224 incognita
1149 2189 1344 2224 scriptoribus
1366 2190 1494 2224 pandat.
1515 2190 1560 2218 Ne
1584 2193 1683 2218 autem
1697 2190 1762 2218 alto
1798 2190 1905 2218 diutius

232 2235 346 2263 obtecta
360 2234 478 2263 silentio
503 2234 639 2262 interiret
653 2242 786 2269 prorsus,
798 2242 817 2262 a
826 2237 972 2269 perpetua
986 2234 1132 2262 oblivione
1142 2234 1310 2268 vindicans,
1323 2235 1457 2262 Latinam
1472 2242 1487 2262 e
1497 2235 1599 2262 Grch
1611 2235 1780 2269 ermiiplaii
1788 2235 1905 2263 reddere

232 2279 335 2313 statui,
345 2279 539 2315 pristinzeque
549 2279 664 2307 Latinae
682 2279 851 2314 integritati
863 2286 916 2314 pro
929 2279 1043 2307 viribus
1053 2279 1203 2308 restiture.
1220 2279 1257 2307 Ut
1267 2286 1335 2307 vero
1348 2279 1475 2307 venatici
1485 2279 1568 2307 canis
1588 2282 1690 2314 partes
1709 2287 1836 2315 agerem,
1848 2288 1902 2316 quo

232 2324 351 2353 nomine
374 2332 393 2353 a
408 2323 594 2352 sanctissimo
610 2326 721 2358 patruo
743 2327 792 2351 luo
821 2323 940 2352 Urbano
960 2323 1017 2351 VII
1036 2331 1082 2351 me
1095 2323 1166 2351 olim
1183 2323 1406 2352 cohonestatum
1431 2324 1540 2358 recolo,
1562 2324 1603 2352 ad
1622 2327 1688 2352 tuos
1716 2324 1804 2358 pedes
1827 2325 1904 2353 unici

231 2370 345 2398 domini
378 2369 433 2397 mei
464 2372 491 2396 et
522 2367 683 2403 singularis
716 2369 851 2402 patroni,
880 2368 928 2396 cui
959 2371 1068 2396 cunnta
1096 2375 1134 2396 ea:
1166 2375 1265 2396 animo
1292 2371 1319 2396 et
1346 2368 1493 2402 polliceor
1521 2371 1548 2396 et
1583 2369 1742 2402 proﬁteor,
1776 2369 1901 2404 praedam

233 2417 283 2443 tuo
314 2414 433 2442 nomine
453 2415 574 2448 partam
600 2415 627 2440 et
655 2416 773 2440 auctam
794 2413 876 2440 ultro
901 2412 1002 2448 defero
1022 2413 1149 2440 illaesam
1168 2415 1195 2440 et
1221 2412 1332 2448 offero;
1361 2420 1450 2448 quam
1474 2420 1535 2440 non
1558 2413 1644 2440 modo
1674 2420 1728 2440 suo
1749 2413 1837 2448 ipsius
1864 2422 1902 2441 τί·

233 2460 286 2488 ιιηι
306 2459 438 2494 pondere
459 2457 580 2493 pendas,
612 2464 714 2485 verum
738 2458 826 2486 etiam
852 2459 993 2486 novitatis
1019 2459 1165 2485 momento
1196 2464 1287 2492 eoque
1311 2457 1453 2486 maximo.
1479 2457 1659 2485 Constitutio
1683 2458 1740 2485 ista
1776 2458 1903 2493 lucifuga

231 2505 353 2533 Latium
383 2503 487 2531 natale
519 2502 625 2536 solum,
649 2502 680 2529 in
713 2510 770 2538 quo
801 2503 905 2537 fuerat
933 2503 1024 2536 edita,
1051 2504 1178 2530 verterat
1209 2502 1326 2537 lateque
1350 2502 1482 2536 spatiata
1509 2501 1618 2530 abditis
1647 2502 1677 2529 in
1701 2502 1784 2530 silvis
1815 2504 1902 2530 siam.»

232 2550 331 2585 sisque
360 2548 391 2575 in
420 2547 528 2581 antris,
549 2547 706 2574 immutata
732 2547 842 2582 eloquii
858 2547 970 2582 forma,
994 2554 1024 2575 se
1050 2549 1211 2581 receperat,
1243 2546 1349 2574 sensim
1380 2546 1495 2574 Latinis
1517 2547 1634 2581 pariter
1650 2553 1686 2574 ac
1714 2547 1822 2575 (ἕντι-ῖς
1837 2547 1903 2575 inci-

232 2601 276 2622 sa.
301 2592 579 2621 Perscrutabundus
609 2591 762 2625 oberrans,
810 2591 1039 2625 praelucescente
1054 2591 1090 2619 E.
1117 2591 1161 2623 T.,
1181 2591 1212 2618 in
1229 2591 1436 2626 Altempsiana
1453 2592 1566 2625 agresti
1576 2590 1629 2619 illa
1645 2591 1814 2620 ercorum
1829 2592 1901 2620 codi-

233 2645 300 2666 cum
311 2638 428 2666 inculta
444 2637 528 2671 silva,
557 2636 733 2670 inti-aspicio
759 2636 919 2670 peregrino
937 2643 1000 2664 eam
1017 2637 1187 2664 latitantem
1204 2635 1308 2663 habitu
1323 2636 1449 2670 reperio,
1464 2635 1577 2671 Cyprio
1589 2636 1669 2663 velut
1682 2635 1712 2663 in
1721 2636 1811 2672 saltu,
1825 2639 1901 2665 senti-

232 2690 297 2710 coso
307 2683 361 2710 illo
377 2682 494 2718 Cypriis
502 2681 656 2717 familiari
669 2686 759 2714 eoque
781 2681 946 2714 asperrimo
958 2682 1022 2716 ejus
1037 2682 1177 2715 temporis
1197 2680 1297 2709 Graeco
1311 2683 1470 2709 exaratam
1487 2681 1622 2716 eloquio;
1639 2681 1726 2715 rapio
1746 2681 1832 2714 illico,
1843 2683 1899 2711 des-

233 2726 327 2761 cribo,
341 2726 447 2755 Latine
464 2727 567 2757 reddo,
605 2725 812 2765 integramque
836 2725 980 2760 praedam,
994 2725 1275 2765 observantiwlmez
1286 2725 1424 2762 indicem,
1441 2725 1650 2765 beneuolentiae
1664 2728 1724 2754 tua
1741 2726 1852 2759 illicem,
1863 2728 1888 2755 Ε

236 2767 272 2801 τι
289 2760 426 2807 protinus
447 2769 546 2805 trado,
569 2770 601 2797 ut
622 2761 805 2804 ροόιιίηιωιό
825 2766 863 2799 διε
883 2772 911 2800 u
929 2767 1086 2799 universus
1110 2765 1174 2799 iam
1194 2760 1321 2806 bicipiat
1343 2760 1432 2805 arui;
1446 2767 1474 2799 ἀι
1494 2764 1533 2799 ὁὶ·
1547 2770 1597 2798 tuo
1609 2767 1726 2806 pariter
1742 2768 1894 2800 adniiritur
