1959 3074
71 100 161 128 1529
592 98 795 130 ALEXANDRI
815 99 851 129 IV
870 99 1097 133 CONSTITUTIO
1117 101 1256 131 CYPRIA.
1440 74 1446 80 I
1698 100 1769 131 1530

72 161 297 197 suscipiatque
326 161 455 195 nomine,
484 162 588 198 fausto
620 163 724 199 utique
752 163 904 199 felicique.
931 162 1055 198 Aspiret
1084 164 1163 193 Deus
1194 167 1205 195 !
1234 164 1359 194 Interim
1393 164 1529 193 demittat
1546 171 1576 193 se
1604 164 1766 199 paululum

72 207 126 235 E.
143 208 187 240 T.,
205 207 408 235 laxamentum
421 207 520 242 capiat
546 215 698 242 curarum,
727 210 756 236 et
789 207 908 236 blandis
940 209 1111 239 litterarum
1136 210 1292 238 lenociniis
1316 210 1459 240 animitus
1490 209 1658 238 blandienti
1676 210 1768 245 plau-

73 252 145 280 dat
162 252 263 280 catulo
287 258 323 280 ac
337 251 499 287 longojam
514 252 617 281 labore
627 253 715 288 fesso,
742 253 925 290 deciduoque
952 254 1059 282 sudore
1081 257 1206 290 gravato
1225 257 1254 284 et
1283 254 1444 283 anhelanti
1466 255 1604 283 occurrat
1631 254 1765 290 benigne,

73 297 247 333 ipsumque
255 296 376 332 pariter
387 304 424 326 ac
430 297 566 332 praedam
581 298 645 333 ejus
658 305 696 328 ea:
705 305 756 327 ore
766 298 942 334 pendentem
955 299 1181 335 gratulabunda
1192 300 1280 329 vultu
1292 296 1446 336 passisque
1471 299 1553 328 ulnis
1578 300 1767 336 amplectere.

122 359 154 391 E
167 360 253 390 domo
263 360 292 391 S.
302 360 431 392 Andrew
443 361 479 391 de
497 361 583 393 Urbe.
602 362 731 392 Kalend.
746 362 846 398 Febr.,
859 369 940 392 anno
961 364 1042 395 £636.

1060 426 1098 458 Ε,
1117 426 1150 456 T.
1165 426 1353 458 humillimus
1362 434 1466 456 servus

1028 490 1105 518 VINC.
1138 490 1309 524 RICCABDUS,
1344 489 1424 523 ϐίον,
1452 489 1523 526 Reg.

86 582 631 601 ψ

632 585 1752 604 m

317 680 500 752 ί]οΝ
507 681 1008 755 STITUTION
1013 683 1100 756 IS
1150 683 1536 755 GYPRIAE

819 823 1056 870 HISTORIA

306 929 566 964 AVINCENTIO
590 929 818 970 RICCARDO,
841 928 1022 965 CLERICO
1045 932 1280 973 REGULARI,
1301 932 1547 969 ADORNATA.

121 1119 247 1155 Cyprus,
263 1117 430 1154 Pamphylii
449 1119 540 1147 maris
560 1118 670 1154 insula,
693 1118 798 1155 procul
816 1126 834 1148 a
852 1119 1014 1149 continenti
1041 1120 1178 1155 discreta,
1204 1121 1243 1151 ad
1264 1123 1363 1151 ortum
1386 1129 1589 1158 ocoasumque
1613 1120 1718 1150 Ciliciae
1731 1129 1768 1150 ac

82 1163 181 1200 Syriae
192 1163 321 1200 objecta,
339 1163 487 1200 portubus
511 1164 660 1198 distincta,
674 1164 733 1193 loci
744 1164 913 1194 amoenitate
929 1172 1059 1200 summa,
1077 1165 1228 1196 feracitate
1253 1166 1419 1204 multiplici,
1439 1174 1531 1203 opum
1551 1167 1768 1203 copiarumque

80 1207 220 1236 ubertate
238 1207 315 1235 adeo
325 1207 443 1243 referta,
458 1209 490 1236 ut
502 1209 568 1244 jure
582 1209 710 1237 Macaria
725 1208 762 1237 sit
776 1211 886 1238 vocata
911 1218 918 1238 :
955 1210 1054 1247 seipsa
1079 1210 1233 1247 nimirum,
1251 1211 1434 1240 caducarum
1464 1211 1637 1249 opulentia;
1655 1218 1766 1243 rerum,

82 1252 158 1281 felix
172 1260 207 1281 ac
225 1251 334 1288 beata;
351 1260 459 1281 novem
474 1253 609 1290 quodam
637 1260 799 1288 regnorum
814 1253 909 1290 sedes,
940 1254 1068 1284 Romani
1085 1255 1156 1284 olim
1189 1256 1294 1293 populi
1322 1257 1479 1285 tributaria
1514 1265 1520 1291 ;
1553 1256 1593 1285 ab
1622 1255 1767 1292 apostolis

81 1297 160 1334 ipsis
175 1297 347 1326 Christiania
358 1296 428 1325 fidei
445 1297 643 1326 sanctissimis
657 1297 788 1327 formata
802 1299 943 1327 institutis
958 1308 965 1328 :
983 1300 1083 1328 Graeco
1096 1303 1130 1329 ut
1156 1300 1285 1338 eloquio,
1317 1302 1360 1330 sic
1383 1302 1442 1330 ritu
1466 1301 1514 1339 pie
1540 1301 1769 1337 orthodoxoque

82 1341 147 1370 fere
176 1349 298 1378 semper
324 1341 407 1371 culta
440 1351 446 1376 ;
478 1344 685 1378 Agarenorum
717 1342 851 1372 crebrius
877 1351 982 1380 pressa
1003 1345 1174 1381 tyrannide,
1199 1345 1310 1382 pluries
1330 1354 1348 1375 θ.
1374 1346 1480 1375 Graecis
1505 1345 1616 1383 quibus
1642 1345 1770 1382 parebat

82 1386 319 1423 imperatoribus
333 1386 364 1414 in
374 1386 542 1415 libertatem
553 1389 668 1416 asserta
686 1396 692 1421 ;
707 1387 888 1417 duodecimo
902 1389 1026 1418 tandem
1039 1397 1058 1418 a
1073 1390 1189 1418 Christo
1200 1390 1320 1426 saeculo,
1333 1392 1450 1427 Gl‘ﬂiCls,
1479 1390 1519 1419 ob
1535 1397 1647 1419 saevam
1663 1398 1767 1418 eorum

82 1431 115 1460 in
135 1430 248 1466 Anglos
262 1431 527 1465 inbumanitatem.
546 1439 626 1468 quos
639 1434 784 1468 quassata.
797 1432 892 1461 classe
906 1433 937 1462 in
952 1434 1060 1470 Cypria
1075 1434 1174 1463 littora
1194 1435 1347 1464 exanimes
1366 1436 1513 1472 impactos
1537 1433 1767 1463 exturbantibus

82 1483 120 1505 ac
132 1476 391 1513 protrudentibus,
414 1476 538 1512 Anglico
549 1476 598 1505 illa
619 1477 726 1506 martia
749 1477 856 1506 virtute
881 1477 1038 1507 Helladum
1058 1479 1210 1516 oppressis
1231 1480 1406 1517 abactisque
1429 1479 1557 1508 ducibus
1575 1487 1594 1507 θ.
1618 1478 1766 1507 Richardo

81 1521 246 1557 Anglorum
280 1529 350 1557 rege
387 1520 464 1549 ultro
502 1524 672 1558 temereque
715 1522 865 1557 lacessito,
905 1523 1004 1552 insula
1029 1524 1155 1554 subacta
1185 1525 1334 1559 universa,
1362 1526 1393 1553 in
1417 1525 1592 1554 Latinorum
1620 1523 1766 1552 ditionem

86 1567 327 1603 potestatemque
355 1566 446 1594 cessit
475 1574 481 1594 :
517 1566 700 1595 Richardum
725 1566 806 1595 enim
835 1567 988 1603 invictum,
1017 1578 1108 1607 quem
1141 1570 1273 1599 amicum
1300 1571 1443 1606 rejecerat
1465 1570 1623 1607 hospitem,
1650 1568 1767 1597 violatis

87 1610 339 1648 hospitiijuribus
355 1610 507 1639 infensum
531 1613 638 1648 postea
660 1611 717 1639 sub
744 1611 825 1640 malo
840 1612 979 1642 sustinuit
1012 1615 1163 1651 sensitque
1189 1615 1316 1644 hostem.
1334 1614 1443 1644 Deinde
1480 1613 1646 1643 Lusianinis
1668 1613 1768 1650 paruit:

87 1655 190 1691 Gallis,
222 1655 274 1693 qui
299 1655 382 1691 regio
416 1663 484 1684 eam
521 1656 645 1685 nomine
681 1664 699 1685 δ.
731 1657 873 1686 Romanis
904 1659 1098 1694 pontiﬁcibus
1131 1662 1252 1689 auctam
1276 1660 1506 1697 locupletarunt.
1536 1659 1593 1688 Sed
1621 1657 1765 1694 caedibus,

88 1700 232 1735 dissidiis,
246 1700 444 1729 seditionibus
456 1701 599 1730 distracta
612 1709 648 1730 ac
662 1701 786 1737 foedata,
806 1701 837 1730 in
858 1710 983 1739 superos
1012 1707 1183 1740 contumax,
1216 1705 1247 1733 in
1266 1712 1354 1741 pares
1372 1705 1516 1739 fastuosa,
1545 1704 1576 1732 in
1598 1705 1768 1732 Romanam

87 1746 193 1774 sedem
208 1746 336 1781 ingrata,
357 1746 586 1775 eccelesiasticis
601 1746 779 1775 fulminibus
808 1746 876 1781 icta,
910 1749 1040 1784 pugnaci
1066 1757 1225 1786 procerum
1247 1757 1282 1778 ac
1297 1749 1461 1786 praesulum
1479 1750 1616 1778 vastatur
1629 1746 1765 1776 dissidio.

87 1792 213 1826 Quocira
225 1792 430 1830 perduellibus
445 1793 587 1821 ltomante
597 1793 659 1821 sedi
671 1793 863 1829 pontiﬁcibus
877 1794 1013 1829 extrusis,
1037 1793 1207 1822 Graecanica
1222 1794 1374 1823 eliminata
1400 1793 1535 1831 perﬁdia,
1551 1792 1768 1828 abstractisque

89 1838 317 1875 quatuordecim
330 1838 499 1866 Graecorum
520 1838 730 1875 episcoporum
752 1838 885 1873 sedibus,
917 1838 1117 1866 ecclesiastica
1139 1841 1291 1867 contracta
1312 1839 1479 1875 provincia,
1498 1840 1628 1875 quatuor
1652 1839 1768 1865 tantum

87 1883 177 1912 totius
210 1882 317 1911 insulas
354 1891 371 1911 a
406 1883 563 1912 Caelestino
592 1883 683 1919 hujus
718 1884 849 1911 nominis
876 1883 960 1912 tertio
994 1883 1161 1912 antistitum
1188 1884 1285 1917 sedes,
1308 1884 1428 1912 duobus
1452 1883 1571 1912 cuilibet
1594 1882 1662 1910 urbi
1689 1881 1766 1910 datis

87 1927 276 1965 praesulibus,
295 1928 396 1956 Latino
412 1927 556 1956 nimirum
581 1930 609 1956 et
624 1929 733 1964 Grieco,
755 1928 879 1963 singulis
895 1936 950 1957 suo
981 1928 1128 1964 cujusque
1161 1929 1257 1965 patrio
1282 1928 1340 1956 ritu
1366 1929 1519 1965 pontiﬁcis.
1541 1927 1645 1956 munia
1662 1926 1692 1954 in
1706 1933 1768 1955 una

87 1973 252 2009 eademque
263 1972 445 2001 obeuntibus
461 1972 543 2001 urbe.
557 1973 667 2001 llorum
684 1973 797 2009 primas
807 1981 876 2001 cum
890 1973 963 2005 olim
980 1973 1018 2001 ad
1034 1975 1174 2009 quartum
1188 1973 1248 2001 fere
1261 1981 1355 2010 usque
1378 1973 1522 2002 sreculum
1537 1971 1766 2008 metropolitano

92 2018 249 2053 aciusjure
280 2018 442 2054 Paphcnsis
467 2020 545 2046 esset
569 2017 825 2054 archiepiscopus,
853 2018 961 2046 deinde
982 2018 1225 2052 Constantiensis,
1257 2018 1438 2046 duodecimo
1469 2018 1626 2046 demuma
1652 2016 1767 2044 Christo

89 2062 196 2091 saeculo
213 2062 427 2093 Lcucosiensis.
443 2063 562 2098 exstitit,
579 2062 696 2091 reddita
710 2063 864 2098 Lcucosia,
884 2063 966 2098 regia
981 2062 1051 2091 olim
1081 2062 1166 2090 urbe.
1190 2063 1280 2090 totius
1311 2063 1415 2091 insulse
1441 2062 1607 2099 metropoli.
1624 2061 1766 2089 Defuncto

88 2110 187 2136 autem
203 2107 351 2136 Leucosiae
362 2107 488 2144 prmsule
500 2109 613 2142 Graeco,
629 2107 782 2142 elegerunt
798 2108 888 2136 Graeci
904 2108 1044 2143 gentilem
1057 2115 1147 2134 suum
1170 2108 1361 2143 Germanum,
1385 2107 1447 2143 qui,
1472 2111 1504 2136 ut
1519 2107 1643 2135 urbanis
1659 2105 1766 2141 gentis,

95 2152 135 2180 ita
161 2154 188 2179 et
210 2151 292 2180 urbis
315 2152 481 2188 insulaeque
506 2152 651 2180 universus
675 2152 794 2194 integro
822 2160 852 2179 se
882 2152 1031 2188 plenoque
1052 2154 1119 2188 jure
1144 2152 1282 2180 antistcm
1310 2152 1423 2180 factum
1443 2155 1536 2186 ratus,
1557 2159 1668 2180 nomen
1680 2150 1767 2186 etjus

90 2196 213 2224 assumit
227 2196 455 2233 archiepiscopi,
473 2198 501 2224 et
520 2197 739 2232 metropolitico
752 2197 818 2232 jure
836 2198 950 2225 Graecos
963 2205 1065 2225 omnes~
1077 2196 1166 2224 totius
1182 2196 1287 2224 insulae
1302 2205 1362 2224 sure
1377 2196 1497 2224 ditionis
1516 2205 1582 2224 esse
1604 2195 1766 2224 contendit.

91 2241 152 2274 Quo
167 2241 393 2277 pontiiiciojure
409 2244 435 2269 et
449 2249 573 2269 munere
593 2241 799 2277 pet-fungente,
815 2243 909 2278 llugo,
923 2242 1043 2269 Latinus
1056 2241 1202 2269 Leucosiae
1216 2241 1469 2277 archiepiscopus,
1483 2241 1633 2276 insurgit;
1651 2241 1769 2269 Germa-

91 2293 160 2314 num
175 2293 234 2313 non
250 2286 303 2314 rite
319 2284 445 2314 electum
461 2294 514 2314 nec
528 2287 671 2314 canonice
699 2286 873 2314 ordinatum
893 2286 1079 2318 criminatur,
1096 2285 1224 2319 incusat,
1242 2285 1410 2321 injustejus
1424 2285 1496 2313 dare
1508 2285 1636 2314 oblatrat
1653 2291 1766 2319 ;unum

91 2330 235 2359 duntaxat
246 2339 377 2367 eumque
394 2331 529 2359 Latinum
550 2339 614 2359 esse
630 2331 891 2367 archiepiscopum
902 2331 932 2359 in
947 2330 1090 2358 universa
1101 2329 1198 2357 insula
1209 2329 1424 2366 metropolitlco
1437 2331 1628 2359 constitutum
1640 2329 1717 2365 jure,
1731 2336 1768 2356 ex

92 2382 277 2403 summorum
293 2375 468 2411 pontiﬁcum
482 2375 617 2411 decretis,
636 2375 821 2403 contentiOSo
837 2376 1027 2412 pugnaciquc
1043 2374 1170 2403 tumultu
1183 2375 1282 2408 instat,
1300 2376 1391 2407 urget,
1403 2374 1508 2410 probat
1524 2383 1530 2408 ;
1547 2376 1683 2403 Graecum
1698 2375 1767 2402 Gre-

93 2426 224 2449 manum,
240 2422 268 2448 ut
286 2419 384 2447 aliena
395 2419 464 2455 jura
480 2419 685 2453 invadeutcm,
705 2419 919 2448 deturbaturus
932 2428 947 2448 e
963 2420 1038 2447 solio
1051 2419 1088 2447 ad
1107 2427 1196 2447 suum
1221 2422 1364 2455 provocat
1379 2419 1507 2446 tribunal
1523 2427 1652 2455 eumque
1671 2419 1767 2446 insec-

91 2466 164 2492 tatur
179 2464 302 2492 moleslc
315 2465 505 2501 exagitatque
517 2465 657 2500 graviter.
674 2466 745 2498 Quae
759 2465 861 2493 omnia
877 2464 986 2492 acerbo
1002 2464 1099 2492 ferens
1114 2463 1215 2491 animo
1228 2464 1401 2496 Germanus,
1418 2463 1496 2491 facta
1514 2463 1552 2491 nd
1563 2463 1767 2491 Alexandrum

93 2508 125 2535 ιν
144 2510 320 2538 Rom.Pont.
337 2509 549 2546 appellatione,
569 2510 702 2544 Hugonis
716 2509 810 2537 eludit
822 2509 980 2545 judicium.
997 2508 1041 2537 Ad
1053 2510 1219 2536 Romanam
1233 2507 1367 2536 convolat
1381 2507 1497 2543 urbem,
1530 2507 1685 2543 gentilium
1698 2515 1767 2536 suo-

89 2560 151 2581 rum
163 2553 376 2590 episcoporum
391 2554 558 2590 frequentia
567 2554 695 2590 stipatus
714 2563 720 2588 ;
734 2554 847 2582 illatam
859 2553 915 2582 sibi
926 2553 1096 2590 expostulat
1107 2553 1248 2588 injuriam
1264 2553 1406 2589 ;indigna
1421 2554 1447 2580 et
1461 2551 1649 2580 intoleranda
1664 2560 1695 2580 se
1714 2551 1768 2580 ini-

89 2605 143 2634 que
156 2605 331 2634 perpessum
347 2598 541 2635 conqueritur
555 2607 562 2632 ;
577 2598 760 2634 pontiﬁcium
776 2598 916 2635 implorat
931 2605 1032 2634 opem,
1056 2606 1117 2634 qua
1145 2598 1278 2634 Cyprios,
1299 2597 1409 2633 quibus
1433 2597 1570 2625 universa
1593 2596 1765 2631 agitabatur

89 2642 190 2675 insula,
207 2643 324 2671 sedaret
338 2642 456 2672 ﬂuctus.
469 2643 550 2672 Mittit
564 2643 655 2671 etiam
669 2645 698 2672 et
710 2644 795 2678 llugo
812 2642 960 2671 l.cucosiae
972 2643 1215 2679 archiepiscopus
1227 2650 1298 2670 suos
1313 2645 1457 2677 oratores,
1478 2649 1652 2670 accessurus
1667 2641 1767 2677 potius

90 2687 147 2723 ipse
159 2687 216 2715 nisi
231 2688 342 2716 veritus
361 2688 491 2716 insulam
507 2688 571 2716 sine
583 2687 642 2716 ulla
654 2687 818 2724 relinquere
834 2687 972 2723 antistite,
987 2692 1099 2716 rectore
1122 2690 1303 2723 pastoreque
1329 2687 1500 2715 destitutam
1525 2693 1648 2723 prorsus
1670 2685 1763 2718 omni.

92 2731 166 2759 Viros
181 2732 303 2767 praeﬁcit
326 2732 465 2769 legatque
488 2734 624 2766 Romam,
661 2732 758 2761 alieno
781 2732 905 2769 quidem
934 2733 1066 2768 nomine,
1094 2733 1198 2760 revera
1220 2735 1328 2772 tamen
1355 2732 1425 2768 jura
1454 2732 1548 2761 Latini
1571 2729 1766 2766 metropolitae

92 2780 328 2812 propugnaturos
362 2777 443 2814 apud
474 2776 655 2807 acerrimum
679 2775 754 2813 juris
787 2772 1063 2814 propugnaculum,
1094 2775 1126 2805 in
1157 2776 1279 2806 Iuntina
1322 2772 1468 2814 iquitatts
1496 2783 1578 2810 areo,
1601 2773 1768 2812 apostolica
