1959 3074
72 97 146 128 1541

728 91 967 126 CONSTITUTIO
983 96 1109 128 CYPRIA

1685 102 1754 131 1542

66 165 129 193 σίας
146 161 360 198 ἀρχιεπισκοπου
379 161 404 187 ἐν
418 161 526 197 τῇαύτῇ
554 163 624 196 νήσῳ
652 162 710 190 ἣτις
741 159 797 185 ἐστὶ
825 161 873 194 μία

964 159 1042 187 aetati
1058 163 1265 196 procuratores
1275 161 1387 197 pariter
1401 169 1468 190 cum
1485 162 1550 190 aliis
1563 163 1713 199 petierunt
1723 166 1754 193 ut

64 205 199 243 ἐπαρχία,
215 205 271 232 οὒτ’
286 203 402 234 ἠδύνατο
426 205 480 230 οὒτ’
508 205 597 241 ὤφειλε
621 205 773 230 τάττεσθαι.
796 202 872 229 Ὅθεν

69 252 142 286 μετὰ
161 261 212 276 των
240 250 321 276 ἄλλων
350 249 459 280 ἐζήτουν
478 250 502 276 οἱ
527 249 709 286 προλεχθέντες
737 247 873 284 ἐπίτροποι

67 295 102 320 ἶν’
137 295 151 321 ὁ
169 296 258 330 γέγονε
281 297 416 330 πρόκριμα
439 296 498 330 περὶ
522 296 566 323 τὴν
594 298 640 319 τοῦ
668 291 873 330 προδιαληφθέν-

62 348 110 369 τος
141 342 272 376 Γερμανοῡ
297 339 321 364 ἐν
345 342 376 375 τῇ
406 343 455 369 τῆς
477 341 624 369 Λευκοσίας
649 337 775 373 ἐκκλησίᾳ
795 337 874 362 κατά-

62 392 175 418 στασιν,
190 386 234 410 καὶ
247 385 270 410 εἴ
287 393 313 410 τι
335 383 362 409 ἐκ
385 384 488 418 τούτου,
518 384 532 412 ἣ
562 383 642 409 ἕνεκεν
672 384 764 408 τούτου
790 391 875 418 παρή-

59 429 220 462 κολοὺθηκε,
242 427 421 459 διατάξασθαι
443 429 513 463 ἡμᾶς
542 430 576 464 μὴ
604 429 674 462 ἔχειν
716 428 746 452 το
786 429 871 462 κῦρος·

62 480 113 504 καὶ
136 477 254 503 κωλῦσαι
280 478 350 513 ἡμᾶς
382 478 426 502 τὸν
455 480 572 502 τοιοῦτον
609 478 737 513 Γερμανὸν
784 478 830 500 τοῦ
869 475 904 509 μὴ

66 535 205 552 σκοπικων
219 523 338 551 δικαίων.

101 573 423 609 Τελευταῖον,-ὁχλήσεως
450 573 492 599 ἐπὶ
525 575 626 604 τούτοις
654 574 799 608 γεγονυίας,
827 573 872 596 καὶ

59 618 165 644 πολλῶν
193 619 261 644 ἔνθεν
293 619 410 644 κάκείθεν
438 622 576 654 ’γεγονυιῶν
611 618 703 644 θέσεων
727 618 797 653 παρά
823 620 872 641 τῶν

63 662 181 700 ἐκατέρῳ
210 667 384 699 παραστῆσαι
412 664 585 698 πεταγμένων·
630 662 684 688 ἐπεὶ
720 660 746 692 ἐξ
789 660 874 686 αὐτῶν

65 711 118 733 τῶν
149 705 306 738 ἀποδείξεων
334 711 379 733 τοῦ
403 705 508 733 δικαίου
540 705 624 732 ἐδόκει
652 705 806 732 ἐκτετάσθαι
838 704 874 735 εἰς

62 755 153 787 μῆκος
168 753 216 782 τὰς
227 755 274 782 τῆς
294 751 431 787 ὀχλήσεως
455 749 601 787 διχονοίας,
627 751 639 776 ὁ
666 751 754 788 ῥηθεὶς
782 749 873 787 ἀρχιε-

64 797 200 826 πίσκοπος
214 797 356 832 Γερμανοὺς
385 796 448 831 ἡμῖν
476 796 643 821 καθικέτευσε
668 798 804 828 ταπεινῶς,
827 796 873 819 τοῦ

60 841 100 876 μή
135 842 276 870 τοσαύταις
302 840 488 876 μακρολογίαις
519 840 696 876 περιέλκεσθαι

62 886 131 920 χείᾳ
163 889 211 915 τῆς
238 889 288 910 τῶν
317 887 433 921 Γραικῶν

733 843 764 876 τῇ
799 848 872 864 πτω-

470 884 625 915 Ἐκκλησίας
652 886 698 910 καὶ
731 884 873 914 τοσαύταις

65 932 128 960 ταῖς
142 927 499 966 δυσκολίαιςπροσφέρεσθαι
530 940 536 946 ·
565 929 716 966 βουλόμενοι
743 931 791 957 τὴν
823 938 873 954 κα-

65 975 199 1000 τάστασιν
242 974 325 1005 αὐτῆς

66 1017 86 1045 δ
88 1019 191 1050 ιατάξει

373 973 418 1000 κᾶὶ
446 974 560 1011 εἰρήνην,
588 974 720 1011 ὀφείλομεν
756 973 871 1010 εἰρηνικῇ

246 1018 419 1049 ἀποστολικῆς
475 1021 661 1048 καταστάσεως
712 1019 873 1056 προμήθειαν

67 1062 185 1099 ἒπάγειν,
224 1061 261 1089 δι’
290 1063 320 1094 ἧς
362 1066 577 1099 κατασιγήσουσι
597 1068 646 1089 τῶν
670 1062 817 1099 ὁχλούντων
850 1062 874 1088 οἱ

64 1107 190 1144 λογισμοὶ
228 1110 272 1134 καὶ
301 1109 350 1134 ὑπὸ
376 1109 494 1144 ὑποταγῇ
529 1111 576 1137 τῆς
604 1108 738 1143 Ῥωμαίων
766 1106 872 1136 Ἐκκλη-

68 1154 132 1182 σίας
148 1152 204 1187 (10)
220 1153 245 1178 οὶ
259 1151 444 1189 προῤῥηθέντες
476 1155 582 1189 Γραικοὶ
607 1154 675 1184 ζωήν
701 1151 796 1182 οῖξουσι
810 1152 876 1187 μετά

67 1200 119 1222 τῶν
137 1198 255 1222 Λατίνων
271 1197 411 1234 εἰρηνικήν.
441 1195 526 1223 Οὐδὲν
553 1198 705 1232 θαυμαστὸν
731 1198 758 1222 τὸ
787 1196 874 1222 λοιπὸν

68 1241 143 1271 ἔθνος
158 1245 207 1266 τῶν
222 1243 341 1267 Λατίνων
359 1243 404 1267 καὶ
433 1243 559 1278 Γραικῶν,
588 1246 634 1271 τῆς
657 1240 814 1271 Ἐκκλησίας
827 1244 874 1271 τῆς

71 1284 157 1315 αὐτῆς
177 1286 282 1322 Κύπρου
315 1284 342 1311 εκ
374 1283 504 1321 διαφόρων
532 1285 667 1321 ὁχλήσεων
695 1284 874 1321 σαλευομένης,

71 1333 182 1366 ταραχῇ
208 1331 383 1366 κυμαίνισθαι
399 1340 406 1346 ·
437 1329 581 1367 ἐξαίρηται,
608 1331 693 1360 καθώς
721 1328 874 1366 δακρίνομεν

72 1374 88 1400 ὃ
127 1373 242 1411 ἕπιφερεν
276 1376 324 1403 τήν
361 1375 493 1409 ὑπόθεσιν,
529 1384 558 1400 το
595 1373 800 1411 ἁσυμπίραστον
825 1378 875 1399 τῶν

70 1418 190 1455 ἀκρσιῶν
222 1420 282 1455 περὶ
311 1421 358 1448 τὴν
385 1422 431 1444 τοῦ
461 1418 550 1449 τέλους
576 1418 649 1450 τάξιν
676 1419 756 1444 ἕνεκεν
781 1419 875 1444 τούτου

73 1463 116 1488 ὅτι
135 1463 169 1493 ὡς
196 1463 211 1491 ἡ
242 1461 356 1500 διαφορὰ
380 1467 430 1489 τῶν
459 1464 586 1499 σωμάτων
609 1465 654 1489 καὶ
678 1463 692 1492 ἡ
729 1466 778 1489 τῶν
807 1463 876 1492 ἠθῶν
892 1457 912 1485 C

74 1509 232 1543 ἀσυμφωνία
275 1507 384 1534 εἰώθασι
423 1510 510 1543 γεννᾲν
544 1505 682 1543 διχονοίας
710 1506 734 1533 ὶν
757 1511 788 1543 τῇ
818 1507 878 1533 ανα-

75 1555 176 1588 στροφῇ
217 1555 268 1578 τῶν
307 1552 460 1588 όμοζὼντων
491 1553 541 1578 ὑπὸ
567 1551 700 1582 ποικίλαις
728 1552 878 1583 συνηθείαις

74 1599 284 1634 παρατηρήσεων
317 1601 367 1622 τῶν
402 1601 503 1632 γενεῶν.
535 1597 621 1633 Ἡμεῖς
648 1594 702 1629 οὖν,
730 1596 754 1622 οἱ
782 1595 808 1621 ἐκ
831 1600 878 1626 τῆς

74 1641 238 1677 ἐπικειμένης
254 1641 316 1677 ἡμῖν
336 1645 385 1672 τῆς
415 1641 590 1671 ἀποστολικῆς
622 1641 785 1677 λειτουργίας
811 1640 878 1676 6715i-

72 1686 151 1722 λομεν
170 1688 216 1711 καὶ
241 1686 383 1722 ὀρεγόμεθα
411 1690 464 1716 τοῖς
485 1685 507 1712 τ’
533 1684 606 1721 ἐγγὺς
639 1689 691 1715 τοῖς
719 1695 745 1711 τε
777 1686 878 1721 μακρὰν

73 1731 184 1766 φάσκειν
227 1730 341 1765 εἰρήνην,
379 1732 538 1765 ποσέχοντις
572 1729 698 1765 ἐπιμελῶς
732 1731 879 1766 θεραπεύειν

77 1778 127 1801 τοῦ
142 1776 189 1805 τὰς
208 1775 398 1811 προλεχθείσας
418 1775 574 1805 Ἐκκλησίας
598 1774 693 1812 βεϐαίᾳ
722 1775 792 1805 τάξει
812 1773 876 1800 ὁλιευ⁸

79 1820 204 1846 ούνεσθαι
237 1822 302 1856 πρὸς
338 1819 461 1853 ἀλλήλας,
494 1821 539 1845 καὶ
566 1818 693 1856 ἆμοιϐαίᾳ
725 1818 749 1844 ἐν
774 1823 882 1856 Χριστῷ

80 1864 265 1901 εὐφραινεσθαι
300 1868 330 1900 τῇ
372 1866 471 1901 εἰρήνῃ,
504 1865 661 1902 ἱκανωτέρως
688 1864 883 1901 προεμηθενσά-

81 1909 150 1945 μεθα
162 1909 209 1939 τὰς
229 1910 326 1935 τούτων
351 1907 506 1940 διαστάσεις
534 1909 640 1944 ἡσύχου
670 1907 813 1940 διατάξεως
839 1918 884 1934 κα-

81 1953 226 1987 τευνάζειν,
258 1952 354 1990 ἀρεστῇ
394 1953 529 1989 συμϐουλῇ
583 1954 599 1982 ἡ
625 1957 747 1990 κριτικῆς
774 1952 886 1983 ἐκκοπῆς

83 1999 208 2033 μαχαίρᾳ
228 1995 396 2035 διακληροῡν.

120 2044 212 2068 Τοίνυν
236 2046 286 2068 τῶν
318 2042 439 2079 οχληρῶν
470 2042 628 2078 φιλονεικιῶν
663 2043 730 2068 ἔνθεν
769 2041 886 2068 κάκεῖθεν

83 2090 143 2117 ταῖς
163 2090 212 2112 τῶν
257 2086 417 2113 λεπτοτάτων
448 2087 600 2124 ἀποφοραῖς,
639 2091 689 2113 τῶν
718 2096 746 2113 τε
772 2086 886 2123 θορύϐων

928 203 1079 232 decretum
1100 208 1204 233 contra
1216 207 1267 242 jus
1280 206 1383 240 latum,
1393 207 1590 235 ordinationis
1605 209 1754 245 assumpti

924 247 989 282 jam
1004 249 1142 277 Germani
1155 249 1195 277 ad
1211 251 1360 278 Leucosiae
1374 251 1545 283 Eeelesiam.
1561 254 1590 280 et
1603 253 1753 289 quidquid

927 299 964 318 ex
975 291 1031 320 hac
1048 293 1113 328 ejus
1128 293 1315 322 ordinatione
1352 295 1396 322 vel
1430 295 1494 330 ejus
1519 303 1611 324 causa
1640 297 1753 326 factum

926 335 1035 364 deinde
1060 337 1175 370 fuisset,
1195 346 1252 366 nos
1270 339 1519 366 constitueremus
1547 348 1612 368 esse
1625 341 1751 375 irritum,

927 388 962 408 ac
989 381 1216 416 prohiberemus
1235 390 1272 410 ne
1294 383 1454 410 Germanus
1481 383 1537 411 iste
1569 384 1671 421 aliqua
1696 385 1754 414 ulla.

928 425 1144 461 archiepiscopi
1154 427 1223 461 jura
1234 429 1383 455 exerceret
1396 427 1427 454 in
1443 427 1550 463 Cypro.

939 473 1131 510 ἐπεργάζεσθαί
1157 485 1183 500 τι
1215 475 1239 501 ἐν
1262 480 1293 512 τῇ
1316 477 1409 502 Κύποω
1441 479 1501 513 περὶ
1540 481 1591 503 τῶν
1618 477 1752 515 ἀριχιεπι-

964 571 1095 599 Tandem
1110 580 1200 607 super
1212 572 1258 600 his
1271 573 1376 600 oborto
1387 573 1516 601 tumultu
1528 574 1688 611 multisque
1700 582 1753 611 po-

929 615 991 642 sitis
1006 616 1222 651 quaestionibus
1244 617 1283 644 ab
1298 617 1333 644 iis
1348 618 1400 653 qui
1416 617 1571 653 utriusque
1593 620 1686 654 partis
1700 627 1753 655 pa.-

929 659 1087 687 trocinium
1102 661 1301 688 sustinebant:
1316 662 1461 697 quoniam
1473 670 1508 689 ex
1521 662 1593 697 ipsis
1600 663 1676 698 juris
1685 671 1753 699 pro-

928 703 1102 732 bationibus
1117 705 1147 732 in
1160 705 1285 740 longum
1297 706 1455 734 videbatur
1464 707 1682 742 protrahendas
1690 707 1752 736 fore

929 749 1138 776 controversiae
1155 749 1369 784 dissensiones,
1384 750 1479 778 dictus
1508 751 1752 788 archiepiscopus

930 793 1095 820 Germanus
1128 793 1278 821 humiliter
1314 794 1494 830 supplicavit
1512 795 1601 823 nobis
1629 803 1667 824 ne
1692 799 1752 824 tam

928 837 1026 871 longis
1039 837 1187 872 ejusmodi
1202 838 1454 874 disputationibus
1465 848 1534 868 eum
1547 840 1752 868 circumveniri

928 888 964 909 ac
971 881 1115 917 distineri,
1122 884 1234 910 attenta
1241 883 1376 910 Ecclesia
1383 884 1552 912 Grmcorum
1561 887 1750 920 paupertate:

929 933 1003 953 neve
1016 929 1056 954 tot
1069 929 1227 963 tantasque
1243 935 1378 955 morosas
1388 927 1576 956 difficultates
1586 929 1616 956 in
1624 929 1753 957 medium

929 969 1027 998 aﬁ‘erri
1037 971 1204 999 sineremus
1218 979 1224 998 :
1241 972 1431 1000 consulentes
1445 972 1534 1000 statui
1550 973 1643 1008 ipsius
1657 976 1687 1001 et
1698 981 1755 1010 pa-

929 1014 967 1048 ci,
980 1023 1102 1051 aequum
1116 1015 1259 1043 duximus
1272 1016 1398 1052 paciﬁca
1410 1017 1621 1045 constitutione
1635 1025 1672 1045 ex
1681 1025 1754 1054 apo-

931 1059 1036 1087 stolica
1049 1060 1244 1096 dispositione
1261 1059 1380 1088 salubre
1399 1060 1472 1088 inire
1497 1061 1666 1095 consilium,
1691 1069 1754 1098 quo

931 1101 1137 1129 dissidentium
1153 1103 1311 1138 quiescant
1326 1101 1418 1137 litigia
1443 1106 1471 1130 et
1492 1103 1548 1131 sub
1571 1103 1682 1131 ditione
1704 1105 1754 1132 Ec-

931 1146 1024 1174 clesiae
1036 1148 1226 1174 Romteorum
1236 1148 1327 1174 vitam
1339 1147 1453 1183 praefati
1464 1148 1556 1176 Graeci
1568 1156 1633 1176 cum
1644 1148 1753 1177 Latinis

930 1191 1042 1218 ducant
1054 1191 1221 1226 paciﬁcam.
1238 1192 1295 1218 Nec
1310 1190 1420 1219 mirum
1437 1192 1462 1219 si
1484 1193 1655 1220 Latinorum
1679 1194 1755 1221 Gra-

930 1242 1095 1271 corumque
1108 1243 1204 1270 genus
1212 1235 1346 1263 Ecclesiae
1355 1235 1448 1271 ipsius
1463 1237 1552 1272 Cypri
1576 1237 1666 1264 variis
1690 1237 1755 1272 agi-

931 1284 999 1308 tatm
1013 1281 1117 1316 turbis,
1137 1280 1332 1308 seditionibus
1353 1281 1543 1316 perturbtum
1556 1284 1671 1315 aestuet,
1686 1290 1755 1310 cum

931 1328 1091 1357 excrescat,
1107 1328 1138 1353 ut
1152 1325 1363 1360 dijudicamus.
1378 1325 1408 1352 id
1420 1325 1503 1361 quod
1528 1326 1682 1362 praebebat
1703 1334 1756 1354 an-

932 1378 998 1398 sam
1020 1370 1198 1406 dissidiique
1213 1369 1369 1397 materiam
1384 1370 1574 1405 suggerebat,
1601 1371 1757 1408 multiplex

933 1414 1074 1442 nimirum
1090 1414 1140 1442 illa
1158 1414 1233 1450 juris
1257 1413 1471 1450 alterutrinque
1487 1414 1608 1442 dicendi
1629 1415 1757 1443 dandive

932 1459 1093 1486 indiscreta
1108 1458 1232 1486 actionis
1249 1458 1384 1493 facultas,
1411 1465 1447 1486 eo
1464 1459 1547 1494 quod
1567 1461 1657 1487 etiam
1672 1459 1758 1488 varia

932 1511 1092 1539 corporum
1100 1511 1134 1531 ac
1145 1510 1262 1530 morum
1276 1502 1476 1538 discrepantia
1482 1511 1587 1539 parere
1600 1505 1758 1532 consuevit

932 1548 1055 1576 dissidia
1066 1548 1095 1576 in
1112 1547 1249 1576 familiari
1277 1548 1501 1576 conversatione
1514 1556 1619 1576 eorum
1634 1549 1687 1585 qui
1700 1549 1756 1577 sub

932 1593 1022 1621 variis
1035 1593 1222 1620 diversarum
1238 1592 1394 1620 nationum
1407 1592 1548 1620 institutis
1561 1593 1653 1621 simul
1665 1594 1757 1621 vitam

933 1638 1057 1666 ducunt.
1077 1638 1135 1665 Nos
1164 1645 1244 1672 ergo,
1272 1637 1324 1673 qui
1354 1637 1488 1672 injuncto
1525 1637 1614 1665 nobis
1639 1640 1758 1673 aposto-

933 1682 990 1710 lico
1000 1690 1124 1710 munere
1133 1690 1201 1709 cum
1212 1689 1286 1718 pace
1299 1689 1421 1718 pascere
1437 1684 1572 1710 tenemur
1579 1685 1606 1710 et
1619 1682 1757 1719 cupimus

934 1735 994 1755 non
1011 1727 1102 1754 modo
1114 1734 1165 1754 e03
1195 1727 1247 1762 qui
1272 1734 1376 1762 prope,
1402 1734 1508 1754 verum
1528 1726 1618 1754 etiam
1641 1735 1692 1755 eos
1705 1726 1758 1763 qui

934 1771 1023 1806 longe
1039 1773 1118 1803 sunt,
1131 1770 1237 1798 sollicit
1257 1770 1369 1798 mederi
1398 1770 1550 1798 studentes
1568 1771 1700 1806 prmfatis
1712 1772 1761 1798 Ec-

936 1815 1035 1843 clesiis
1046 1823 1097 1843 eas
1104 1815 1190 1843 ﬁrma
1197 1815 1405 1843 constitutione
1412 1815 1488 1843 inter
1498 1823 1528 1843 se
1538 1816 1759 1852 componendo.

937 1869 998 1897 quo
1018 1862 1123 1888 mutua
1137 1859 1167 1887 in
1190 1859 1304 1887 Christo
1322 1867 1396 1895 pace
1411 1859 1557 1893 fruantur,
1568 1860 1638 1888 satis
1654 1867 1763 1896 oppor-

939 1909 1009 1933 tune
1024 1904 1230 1932 consuluimus
1239 1904 1348 1932 harum
1361 1903 1486 1932 dissidia
1495 1904 1615 1940 placida
1622 1905 1763 1933 constitu-

939 1950 1019 1978 tione
1032 1948 1147 1983 sedare,
1173 1948 1370 1976 consistoriali
1392 1948 1535 1976 nimirum
1549 1948 1764 1978 deliberatione

940 2002 993 2022 seu
1000 1992 1151 2029 judicialis
1166 1992 1326 2020 decisionis
1339 1993 1438 2028 gladio
1449 2001 1485 2021 ea
1506 1993 1691 2022 dirimentes.

977 2040 1050 2067 Cum
1085 2038 1174 2072 igitur
1207 2045 1314 2072 graves
1358 2037 1565 2074 seditiosaeque
1602 2039 1765 2068 contentio-

940 2091 994 2112 nes
1028 2082 1185 2110 levissimis
1215 2082 1334 2117 jactatis
1374 2082 1594 2118 objectionibus
1631 2091 1683 2120 per
1720 2086 1764 2112 tu-

82 2135 134 2156 τὼν
157 2129 293 2161 διαλέξει-»ν
312 2131 345 2161 εὶς
375 2133 404 2157 τὸ
433 2131 573 2169 ἀπέραντον
599 2130 638 2157 ἀεί
665 2131 854 2167 προϐαινόντων

963 2127 1123 2156 iultuantes
1152 2126 1380 2162 disputationes,
1393 2126 1423 2154 in
1451 2127 1601 2155 inﬁnitum
1628 2128 1764 2156 vincendi

82 2176 287 2212 προστάττοντες
306 2179 337 2212 τῇ
365 2180 415 2202 τῶν
436 2177 565 2213 ἡμετέρων
588 2174 704 2212 ἀδελφῶν
734 2174 816 2212 βουλῇ
842 2177 886 2201 καὶ

81 2224 118 2256 τῷ
158 2221 314 2256 πληρώματι
354 2224 400 2251 τῆς
428 2220 604 2251 ἀποστολίκῆς
634 2219 751 2251 ἐξουσιας

82 2263 190 2291 ἐνώπιον
230 2265 287 2300 (11)
322 2266 394 2301 ήμῶν
438 2269 484 2291 τοῦ
523 2266 643 2302 ῥηθέντος
670 2267 811 2302 Γερμανοῡ,
838 2268 884 2290 τον

81 2313 133 2335 τῶν
169 2311 286 2345 Γραικῶν
324 2308 547 2346 ἁρχιεπεσκὸπου,
589 2311 634 2335 καὶ
672 2313 722 2335 τῶν
771 2307 884 2334 εὖλαϐῶν

782 2230 788 2236 ·
807 2222 885 2246 ὄντων

589 2311 634 2335 καὶ
672 2313 722 2335 τῶν

119 2407 177 2441 (10)
203 2409 258 2432 Τῶν
293 2406 424 2442 Ῥωμαῑων
451 2406 614 2436 Ἐκκλησίας.
640 2408 776 2434 Romaaos
798 2409 884 2435 vocat

84 2443 214 2478 Griecos.
225 2441 271 2469 Sic
282 2441 380 2478 primo
394 2443 490 2470 vocati
504 2446 572 2471 sunt
587 2443 607 2470 ii
621 2443 673 2478 qui
692 2442 749 2470 sub
772 2442 883 2470 ditione

83 2479 168 2505 erant
175 2477 371 2513 imperatoris
380 2479 561 2511 Graecorum,
577 2477 664 2513 cujus
672 2478 789 2513 imperii
798 2478 883 2506 sedes

83 2521 151 2550 cum
166 2512 263 2550 Cpolis
270 2515 357 2545 esset,
366 2513 406 2550 ab
415 2513 490 2550 ipsis
500 2521 579 2541 nova
590 2512 684 2541 Roma
696 2512 882 2550 nuncupata,

83 2549 202 2589 idcirco
214 2549 383 2589 Griecorum
395 2549 555 2589 imperium
563 2549 741 2589 Romaniam
749 2549 877 2589 appella-

82 2584 166 2612 bant.
184 2583 348 2612 Concilium
366 2583 563 2616 Lugdunense
579 2585 635 2612 sub
651 2583 823 2612 Innocentio
836 2585 881 2618 IV,

83 2620 123 2648 ad
130 2619 275 2647 unitatem
284 2620 423 2648 Romana
428 2621 570 2648 Ecclesia
578 2623 671 2648 totum
679 2621 840 2652 Romaniae,
849 2620 882 2647 id

82 2659 123 2683 est
138 2655 266 2688 Graeciae,
283 2656 451 2690 imperium.
463 2657 621 2684 Eosautem
628 2655 725 2691 quiilli
733 2655 882 2691 parebant

82 2691 208 2732 imperio
220 2692 356 2732 “animos
367 2691 586 2732 nuncupabant
592 2694 650 2731 uta.
661 2691 801 2732 Hpmanis
809 2691 882 2732 Lati-

82 2726 129 2754 nis
136 2726 268 2762 anliqute
280 2727 384 2762 Romae.
394 2726 526 2755 nominis
540 2727 630 2755 etiam
643 2726 804 2754 inﬂexione
817 2726 879 2754 dis-

82 2761 247 2790 cernerent.
258 2761 340 2791 Clare
349 2762 380 2790 id
388 2762 419 2791 in
428 2763 486 2792 hac
498 2763 564 2798 ipsa
574 2762 797 2797 Constitutione,
807 2763 880 2798 παρὰ

941 2172 1040 2201 studio
1051 2170 1276 2207 procendentes,
1289 2171 1318 2198 in
1334 2173 1459 2208 utraque
1474 2174 1558 2208 parte
1572 2172 1762 2207 sintobortse,

939 2218 978 2246 de
993 2218 1117 2246 fratrum
1136 2217 1307 2243 nostrorum
1321 2215 1443 2244 consilio
1453 2219 1482 2244 et
1496 2217 1680 2253 plenitudine
1693 2225 1764 2254 apo-

940 2262 1052 2291 stolicua
1072 2259 1233 2297 potestatis,
1261 2260 1428 2288 constitutis
1454 2269 1557 2290 coram
1578 2261 1666 2290 nobis
1683 2261 1763 2290 dicto

939 2309 1087 2337 Germano
1115 2304 1340 2340 archiepiscopo
1364 2307 1393 2332 et
1424 2306 1596 2334 reverendis
1621 2306 1762 2335 fratribus

936 2409 982 2432 τοῦ
1024 2408 1072 2430 τῶν
1117 2403 1270 2439 Ῥωμαίωνῃ
1291 2403 1435 2439 ἐπισκοπου
1463 2401 1614 2439 λαμϐανέτω
1646 2404 1761 2430 ἕκαστοσ

937 2437 1213 2478 Αατῖνοςλέπὶσκοπος
1244 2437 1448 2478 Πζιιιδςλᾳίξᾳιιε
1466 2437 1591 2478 Latinus
1607 2441 1760 2478 episcopus

937 2478 1035 2505 sumat
1044 2476 1251 2516 juramentym
1260 2472 1426 2516 ﬁdelitatis.
1440 2472 1478 2500 ab
1486 2472 1627 2514 episcopo
1634 2472 1762 2516 (ἐονηὶρο-

938 2521 1016 2542 rum.
1025 2507 1169 2538 nimirum
1182 2509 1220 2536 ab
1234 2508 1375 2544 episcopo
1383 2507 1552 2536 Graecorum
1561 2507 1626 2544 ejus
1639 2510 1758 2538 insulae.

939 2550 1093 2584 Romaeum
1106 2545 1208 2584 Latino
1216 2544 1342 2584 opponit
1361 2544 1433 2584 quia
1449 2544 1514 2584 eius
1528 2544 1657 2584 insulani
1669 2546 1701 2574 in
1717 2546 1760 2573 di-

937 2584 1014 2612 tione
1029 2582 1100 2610 olim
1118 2579 1243 2609 fuerant
1258 2579 1447 2616 imperatoris
1469 2579 1604 2608 Orientis.

971 2620 1026 2654 (tl)
1052 2619 1183 2644 Ὲνωπιον.
1219 2615 1306 2655 Tres.'
1328 2618 1444 2643 tantum
1476 2617 1668 2655 recensentur
1698 2615 1758 2679 epi-

971 2655 1017 2679 nni
1033 2654 1097 2679 eius
1110 2652 1225 2679 insulae.
1246 2659 1318 2679 auia
1330 2654 1455 2679 auartus
1465 2653 1602 2678 Arsiones
1615 2658 1646 2678 1n
1656 2652 1715 2679 Pan
1740 2660 1758 2679 ο

936 2651 1058 2690 εοὸρίλθ]
1064 2662 1097 2681 us
1110 2652 1225 2690 insulae,
1246 2651 1318 2690 quia
1330 2654 1455 2690 quartus
1465 2651 1602 2690 Arsiones
1615 2651 1646 2678 in
1656 2651 1758 2686 Papho

936 2687 996 2723 iam
1002 2687 1126 2721 obierat,
1135 2688 1160 2723 ej
1166 2695 1259 2723 usque
1265 2688 1352 2714 sedes
1358 2687 1494 2722 vacabat,
1499 2689 1530 2715 ut
1535 2688 1669 2714 extrema
1673 2690 1758 2722 parte

955 2727 1024 2760 ujus
1039 2722 1261 2754 Constitutiohis
1274 2724 1366 2759 patet.
