1959 3074
61 155 74 181 i
79 153 133 181 “9

706 130 933 184 Consum-no
951 129 1085 183 mm.

1675 153 1746 192 1550

60 217 101 247 οἷς
130 216 144 241 ὁ
176 216 368 253 μητροπολίτης
392 216 420 243 ἐκ
460 217 571 254 νομίμου
607 215 713 244 δικαίου
755 215 854 243 δύνατα

940 225 982 245 1m
996 219 1048 254 est,
1062 225 1135 253 erga
1146 216 1198 247 eos
1204 207 1257 255 qui
1267 227 1321 248 suo
1330 221 1400 249 sunt
1411 219 1602 258 suﬂ'raganeo
1618 225 1744 261 subjecti

60 259 249 287 δικαιοδοσίαν
275 260 392 292 ἒξασκείν
411 261 446 292 εἰς
464 263 524 292 τοὺς
549 265 596 288 τοῦ
615 263 750 299 συνερίθου
780 262 864 287 αὐτῶν

60 307 297 342 ὑποτεταγμένους,
311 304 393 342 μηδὲν
408 306 604 344 ἁρπαζέτωσαν.

98 353 131 377 Αἱ
170 349 200 377 δὲ
225 351 306 377 αἰτίαι
345 352 372 377 αἱ
411 351 556 380 ἀνήκουσαι
597 355 628 388 τῇ
656 351 862 388 ἓκκλησιαστικῇ

60 396 188 432 συλλογῇ,
203 397 225 423 εὶ
249 397 452 434 ἀποστραφὼσιν
468 396 492 422 ἐν
518 401 572 428 τοῖς
599 400 729 434 Γραικοῐς,
760 397 793 426 εἰς
819 398 863 422 τὸν

56 442 139 468 αὐτὸν
155 441 287 478 σύμφυλον
312 441 438 479 ἀρχιερέα
463 443 652 478 κρινέσθωσαν.
685 441 744 468 Ἐὰν
772 439 802 467 δὲ
827 441 863 472 εἰς

57 490 172 513 Λατῖνον
203 489 247 512 καὶ
286 488 406 524 Γραικὸν,
447 488 497 513 εἴτε
522 487 535 513 ὀ
565 488 674 524 Γραικὸς
707 485 861 522 ἰγκαλιῖται,

56 531 93 562 εἰς
119 534 164 557 τὸν
198 534 308 559 Λατῖνον
344 535 389 558 τοῦ
417 534 496 558 τόπου
535 531 659 570 ἀρχιερέα
687 531 862 568 ἀναφερέσθω-

58 586 109 603 σαν
129 581 255 615 κριτικῶς
284 575 520 614 διαχωριξόμεναι,
546 577 613 606 πλὴν
640 577 788 613 σωζομένης
816 581 862 606 τῆς

56 621 238 652 ἀποστολικῆς
259 620 386 659 καθέδρας
414 622 558 658 ὑπεροχῆς,
589 623 653 659 πρὸς
681 622 711 652 ἧς
737 620 861 657 βοήθειαν

56 668 151 697 πάντες
179 668 204 694 οἱ
232 666 375 703 θλιϐόμενοι
403 665 527 693 δύνανται
567 666 670 703 ἀμὶσως
702 666 860 703 ἐπαναστρέ-

56 721 122 748 φειν.
141 711 171 738 Εἰ
203 712 275 748 παρὰ
297 716 343 737 τοῦ
371 711 515 738 ἐπισκόπου
548 714 659 748 Γραικοῡ
692 712 798 746 γένηταί
823 720 861 740 τις

55 756 181 792 ἔγκλησις
213 758 280 782 κατὰ
299 760 345 782 τοῦ
371 758 484 783 Λατίνου
513 755 656 782 ἐπισκόπου
682 755 718 786 εἰς
743 755 772 781 οὗ
805 754 861 781 ἕνο-

53 804 116 839 ρίαν
148 802 162 828 ὁ
192 801 270 832 αὐτὸς
318 803 446 838 τυγχάνει
487 803 597 838 Γραικὸς
642 800 790 835 ἐπισκοπος,
839 801 860 826 εἴ

51 857 84 882 γε
114 849 206 884 χρεία,
242 846 355 872 ἐντεῦθεν
391 846 555 884 ἀνατρεχέτω
584 848 629 871 καὶ
657 846 722 883 πρὸς
749 847 791 871 τὸν
812 849 859 876 τῆς

51 893 204 923 Λευκοσίας
222 890 441 928 ἁρχιιπίσκοπον.

91 940 129 973 Τῇ
157 937 278 974 παρούσῃ
308 945 335 962 τε
363 935 483 966 Διατάξει
523 935 679 971 θεσπίζομεν
706 936 748 961 ἵνα
773 935 798 961 ἓν
826 939 857 971 τῇ

52 980 129 1007 πόλει
148 981 163 1010 ἡ
180 980 204 1006 ἓν
218 984 249 1018 τῇ
266 979 352 1018 ίνορία
377 984 422 1006 τοῦ
453 983 565 1007 Λατίνου
593 979 743 1017 ἀρχιερέως,
774 982 860 1016 χωρὶς

52 1031 103 1057 τῆς
136 1024 274 1062 διατριϐῆς
313 1029 360 1056 τῆς
391 1026 537 1055 ἐπισκοπῆς
563 1029 612 1050 τῶν
642 1027 758 1061 Γραικῶν
784 1025 858 1050 καθέ-

54 1068 135 1107 δρας,
150 1069 207 1106 μεθ’
223 1069 253 1095 οὗ
268 1072 296 1095 τὸ
313 1069 485 1106 ἀκροατήριον
511 1073 556 1095 τοῦ
581 1069 674 1105 ἐνόχου
702 1069 717 1098 ἢ
746 1072 791 1094 τοῦ
819 1067 859 1095 δι-

54 1117 144 1149 καίου,
173 1116 195 1140 εἶ
209 1115 257 1140 τιν’
285 1116 343 1150 ἔχει
370 1115 383 1140 ό
415 1116 526 1151 Γραικὸς
552 1113 704 1148 ἐπίσκοπος,
737 1115 765 1140 τό
794 1113 858 1139 αὐτὸ

52 1162 100 1186 καὶ
113 1159 138 1186 ἓν
155 1157 375 1196 διαγινώσκηται,
403 1161 448 1185 καὶ
474 1158 556 1195 μηδὲν
584 1158 645 1185 ἀλλο
676 1157 741 1185 εἶναι
769 1161 858 1195 κριτή-

51 1215 109 1241 ριον
129 1202 313 1234 δικαιοδοσίας
342 1203 549 1241 διατεταγμένως
576 1203 600 1229 ἐν
630 1207 684 1235 τοῖς
712 1207 856 1240 Γραικοίς·

53 1249 76 1276 εἰ
103 1252 193 1286 μήπως
219 1251 243 1275 ἓν
273 1259 324 1275 τινι
353 1248 480 1285 ἐκκλησίᾳ
518 1252 634 1286 Γραικῶν
665 1252 711 1274 τοῦ
739 1250 856 1275 τοιούτου

53 1294 174 1331 ῥηγάτου
189 1294 204 1323 ἣ
220 1292 307 1330 ἀρχιδ
310 1296 438 1330 ιακονικῇ,
454 1294 469 1322 ἦ
494 1293 557 1330 ἄλλῃ
580 1292 688 1329 ἐξουσίᾳ
713 1293 855 1329 ἐπιπεπλεγ-

52 1341 128 1375 μιῆδον
157 1339 259 1375 ἔχουσα
284 1340 442 1375 τεταγμένως
482 1340 617 1376 κριτήριον
645 1338 727 1369 ἀκοῆς
754 1337 780 1368 ἐξ
810 1337 856 1374 αρ-

52 1387 119 1419 χῆς,
137 1383 164 1415 ἐξ
191 1383 222 1409 οὗ
248 1382 299 1409 ἀπὸ
327 1387 372 1413 τῆς
399 1383 479 1413 αὐτῆς
509 1382 649 1413 ἐκκλησίας
675 1384 718 1408 τὸν
747 1383 856 1419 Γραικὸν

51 1428 208 1461 ἐπίσκοπον,
225 1430 270 1455 καὶ
288 1427 400 1454 ἐντεῦθεν
418 1429 485 1454 κατὰ
501 1427 603 1464 βαθμὸν
632 1427 656 1453 οἱ
683 1427 762 1453 αὐτοῦ
792 1427 855 1453 ὑπο-

52 1475 206 1511 τεταγμένοι
237 1474 333 1499 ὁπόταν
360 1474 457 1499 τούτων
486 1482 510 1498 τι
540 1473 626 1498 ἔσεται
650 1471 854 1508 προκαλέσουσι,

87 1522 130 1554 Τῷ
159 1518 361 1555 ἀρχιεπισκόπῳ
389 1520 475 1555 μέντοι
499 1520 544 1544 καὶ
571 1521 625 1549 τοῖς
652 1520 775 1548 Λατίνοις
801 1517 856 1543 ἔπι-

917 261 1156 297 jurisdictionem
1167 271 1316 293 exercere.

956 351 1059 379 Causae
1070 359 1137 388 quin
1149 352 1189 380 ad
1198 353 1432 383 ecclesiasticum
1446 359 1582 392 spectant
1596 358 1704 393 forum,
1718 360 1743 388 si

919 398 1177 425 controvertantur
1192 398 1267 426 inter
1281 400 1408 435 Graecos,
1425 409 1443 428 a
1458 410 1513 430 suo
1541 410 1645 431 eorum
1671 412 1743 439 gen-

918 440 960 467 tili
971 441 1143 475 judicentur
1157 443 1308 478 pontiﬁce;
1320 445 1344 472 si
1358 453 1429 474 vero
1457 446 1532 474 inter
1557 448 1693 477 Latinum
1716 453 1745 477 et

918 486 1064 518 Graecum;
1079 487 1139 514 sive
1154 488 1273 516 Gracus
1283 493 1450 524 accusetur,
1465 491 1504 519 ad
1520 493 1658 521 Latinum
1686 494 1745 522 loci

917 530 1101 566 pontiﬁicem
1109 532 1276 560 referantur
1280 533 1451 569 judicaliter
1465 536 1651 574 dirimendas,
1662 539 1744 567 salva

917 577 1018 603 tamen
1033 577 1205 612 apostolica:
1221 578 1299 606 sedis
1310 581 1520 616 praerogativa,
1537 583 1624 618 cujus
1653 591 1744 620 opem

917 620 1127 649 vexatiomnes
1141 622 1314 651 immediate
1330 628 1460 660 possunt
1473 625 1643 662 implorare.
1656 628 1688 656 Si
1703 629 1743 657 ab

916 664 1058 701 episcopo
1069 666 1170 694 Graeco
1186 667 1289 703 aliqua
1299 668 1469 697 instituatur
1477 671 1626 699 accusatio
1636 672 1742 701 adver-

917 716 970 735 sus
987 710 1123 738 Latinum
1136 711 1312 748 episcopum
1326 713 1357 740 in
1373 722 1408 741 ea
1420 714 1541 742 dimcesi
1556 716 1586 743 in
1594 724 1655 752 qua
1667 717 1742 745 Gras-

916 761 969 780 cus
982 757 1025 782 est
1044 755 1216 792 episcopus,
1229 756 1309 790 inde,
1323 765 1393 786 cum
1400 759 1561 787 necessitas
1569 761 1741 796 postulave-

916 797 962 831 rit,
978 799 1017 826 ad
1034 800 1181 828 LeucOSiaa
1196 804 1365 831 recurratur
1394 803 1666 841 archiepiscopum.

950 932 1090 961 Praesenti
1105 933 1163 962 hac
1179 935 1391 966 Constitutione
1410 937 1566 968 sancimus
1581 942 1614 969 ut
1627 939 1656 969 in
1672 941 1741 970 civi.

915 978 973 1003 tate
992 977 1038 1005 vel
1052 978 1172 1007 dicecesl
1187 979 1217 1007 in
1239 989 1301 1017 qua
1325 983 1478 1012 audientia
1502 985 1600 1013 forum
1619 987 1739 1015 actoris.

913 1020 961 1048 vel
976 1021 1018 1049 rei
1034 1024 1077 1050 est
1093 1024 1187 1052 Latini
1201 1025 1362 1060 pontiﬁcis,
1384 1030 1467 1056 extra
1493 1028 1593 1058 locum
1624 1031 1655 1058 in
1679 1039 1740 1068 quo

913 1065 1099 1112 episcopalis
1110 1068 1277 1097 Graecorum
1293 1074 1453 1100 constituta
1462 1073 1549 1102 sedes
1562 1077 1616 1109 est,
1629 1065 1740 1112 siquid

912 1109 1032 1138 Graecus
1050 1111 1143 1140 habet
1161 1112 1333 1149 episcopus,
1350 1115 1389 1143 ab
1404 1124 1465 1145 uno
1485 1118 1654 1155 eodemque
1674 1109 1739 1149 iero

913 1156 1159 1188 cognoscendum
1174 1165 1249 1191 esse,
1265 1166 1320 1186 nec
1350 1160 1434 1188 aliud
1462 1162 1629 1199 quodqiam
1644 1163 1739 1200 legiti-

913 1207 997 1226 mum
1013 1207 1076 1227 esse
1093 1200 1222 1229 tribunal
1229 1203 1306 1238 juris
1320 1203 1440 1233 dicendi
1459 1206 1580 1242 Graecis,
1595 1208 1654 1236 nisi
1664 1209 1739 1238 forte

912 1244 942 1271 in
955 1244 1056 1281 aliqua
1071 1246 1242 1274 Grmcorum
1257 1249 1389 1278 Ecclesia
1405 1250 1540 1286 ejusdem
1568 1253 1664 1290 regni,
1690 1257 1739 1283 vel

912 1289 1155 1324 archidiaconali,
1176 1291 1223 1319 vel
1236 1292 1294 1320 alia
1308 1296 1454 1330 potestate
1469 1295 1523 1324 rite
1537 1304 1557 1325 a
1590 1298 1738 1335 principio

912 1338 1085 1370 exemptum
1098 1336 1257 1365 audientiae
1268 1338 1369 1367 forum
1379 1340 1526 1378 exititerit;
1538 1350 1556 1369 a
1570 1350 1632 1379 quo
1652 1343 1691 1371 ab
1702 1352 1738 1373 ea

912 1378 1040 1407 Ecclesia
1055 1380 1095 1407 ad
1109 1381 1244 1409 Graecum
1257 1382 1444 1420 episcopum,
1459 1387 1487 1413 et
1495 1386 1566 1414 hinc
1587 1388 1737 1422 gradatim

910 1423 963 1459 qui
975 1423 1006 1450 in
1016 1424 1082 1459 ejus
1098 1427 1168 1452 sunt
1177 1425 1300 1460 ditione,
1314 1429 1554 1466 quotiescunque
1569 1431 1615 1459 his
1622 1432 1736 1468 aliquid

910 1467 1074 1503 contigerit.
1092 1477 1124 1496 se
1139 1469 1365 1505 appellaverint.

945 1512 1177 1549 Archiepiscopo
1193 1517 1222 1541 et
1234 1515 1383 1552 episcopis
1403 1518 1512 1546 Latinis
1531 1519 1570 1547 ad
1590 1521 1734 1549 canonice

51 1566 162 1594 σκόποις
182 1564 244 1599 ὑπὲρ
272 1564 444 1599 πταισμάτων
472 1563 486 1592 ἣ
515 1560 636 1593 ἀδικιῶν,
655 1565 700 1588 καὶ
725 1566 774 1588 τῶν
808 1561 854 1588 αὐ-

940 1558 1155 1592 »ειλοεοθηιίυω
1170 1559 1208 1587 de
1223 1560 1398 1590 criminibus
1407 1563 1499 1599 velinj
1505 1564 1575 1592 uriis
1583 1565 1733 1601 etjuribus

48 1612 99 1634 τῶν
119 1606 240 1643 δικαίων,
271 1612 320 1634 τῶν
350 1607 493 1636 ἐκκλησιῶν
521 1616 548 1633 τε
577 1606 661 1632 αὐτῶν
690 1606 854 1642 επιμελητέον

51 1657 195 1683 κανονικῶς
224 1652 249 1678 ἐν
286 1656 338 1682 τοῖς
366 1654 487 1689 Γραικοίς
512 1656 562 1677 τῶν
602 1650 686 1677 αὐτῶν
712 1650 808 1677 πόλεων
837 1651 852 1680 ἡ

49 1696 168 1735 ἐνοριῶν,
210 1696 234 1723 ἓν
275 1696 380 1728 ἔκείνοίς
421 1700 473 1727 τοῖς
516 1695 672 1733 συμϐάμασι
711 1698 853 1733 προσήκειν

50 1742 203 1780 βουλόμεθα
225 1745 272 1772 τὴν
297 1742 417 1774 ἐξουσίαν
437 1741 461 1768 ἐν
499 1742 535 1772 οἷς
572 1741 661 1772 αὐτοῖς
690 1740 717 1767 ἐκ
748 1738 852 1767 δικαίου

47 1791 180 1824 προσήκιι
195 1791 251 1819 τοῖς
267 1789 396 1820 Λατίνοις.

87 1843 157 1878 Πρὸς
182 1844 228 1872 τὴν
261 1841 370 1869 σύνοδον
398 1840 427 1869 δὲ
457 1846 503 1868 τοῦ
532 1843 645 1870 Λατίνου
674 1839 853 1869 ἐπισκόπουό

44 1878 176 1923 Ῥωμαῖος
195 1886 337 1918 ἐπίσκοπος
363 1887 387 1913 ἐν
410 1891 440 1924 τῇ
471 1887 551 1914 αὐτοῦ
580 1887 666 1924 ἐνορίᾳ
692 1890 736 1914 τὸν
764 1889 852 1925 Θρόνον

45 1930 129 1958 αὑτοῦ
149 1932 227 1968 ἔχων,
256 1929 326 1963 ἅπαξ
355 1935 401 1959 τοῦ
429 1930 546 1959 ἐνιαυτοῦ
573 1934 639 1967 μετὰ
663 1936 713 1958 τῶν
738 1934 851 1969 ἡγουμέ-

42 1987 96 2003 νων
122 1979 167 2003 καὶ
196 1981 245 2003 τῶν
282 1978 365 2014 ἱερέων
387 1978 478 2012 αὑτοῦ,
503 1982 553 2004 τῶν
578 1980 623 2007 τὴν
651 1976 777 2015 φροντίδα
801 1982 850 2004 τῶν

43 2021 144 2058 ψυχῶν
177 2020 301 2058 ἑχόντων,
331 2026 465 2059 κρατεῖται
502 2023 645 2054 ἐνιπηκόως
673 2025 824 2061 συντρέχειν
841 2033 847 2040 ·

42 2077 91 2093 και
106 2068 140 2093 τὰ
159 2065 287 2094 συνοδικά
316 2068 408 2094 τούτου
442 2068 609 2104 θεσπίσματα
638 2066 655 2093 ἆ
682 2070 768 2104 μέντοι
795 2071 848 2098 τοῖς

42 2117 96 2138 τῶν
116 2114 231 2148 Γραικῶν
251 2113 321 2139 ἔθεσι
336 2114 372 2148 μή
394 2111 518 2142 ἐναντίοις
537 2116 568 2149 τῇ
596 2112 720 2149 καθολικῇ
747 2115 846 2144 πίστει,

42 2160 91 2183 καὶ
105 2156 134 2183 ἐκ
155 2160 201 2187 τῆς
230 2159 345 2194 Γραικῶν
372 2157 527 2188 Ἐκκλησίας
550 2157 715 2195 ἀνεχομένοις
742 2160 778 2194 μὴ
806 2156 847 2183 ἀν-

41 2202 204 2235 τιϐαίνουσι,
232 2201 369 2238 λαμϐάνειν
393 2211 420 2228 τε
445 2205 489 2229 καὶ
515 2203 659 2239 φυλάττειν.
687 2202 741 2230 Ἰνα
765 2201 795 2229 δὲ
810 2204 845 2238 μὴ

909 1602 984 1638 ipsis
999 1610 1122 1631 suarum
1139 1604 1347 1641 Ecclesiarum,
1359 1607 1390 1634 in
1404 1608 1525 1636 casibus
1540 1608 1597 1636 illis
1606 1613 1734 1646 potesta-

909 1649 968 1675 tem
984 1647 1014 1675 in
1030 1649 1143 1676 Grmcos
1152 1657 1272 1677 suarum
1279 1650 1432 1680 civitatum
1438 1653 1485 1680 vel
1491 1653 1656 1683 diuscesum
1667 1664 1734 1684 esse

907 1691 1059 1728 volumus,
1070 1692 1102 1720 in
1114 1693 1225 1729 quibus
1240 1693 1277 1722 de
1290 1695 1357 1731 jure
1372 1697 1447 1734 ipsis
1460 1698 1570 1726 Latinis
1580 1701 1732 1729 convenit.

944 1837 987 1867 Ad
1008 1837 1160 1878 synodum
1171 1838 1266 1871 Latini
1281 1840 1440 1880 episcopus
1453 1842 1588 1874 Romans
1601 1846 1653 1882 qui
1666 1847 1730 1882 ejus

907 1884 1027 1913 dioecesi
1042 1885 1143 1914 sedem
1156 1888 1234 1914 tenet
1251 1887 1420 1924 episcopus,
1436 1897 1471 1917 ac
1481 1890 1591 1925 pariter
1604 1890 1730 1920 abbates

907 1929 1030 1965 ejusque
1045 1930 1213 1958 sacerdotes
1228 1931 1400 1960 animarum
1411 1940 1515 1961 curam
1525 1934 1671 1962 habentes
1685 1943 1730 1963 se-

905 1973 1001 2001 melin
1009 1982 1090 2002 anno
1102 1975 1238 2011 expedite
1249 1976 1403 2010 accedant,
1411 1980 1439 2005 et
1450 1978 1596 2014 synodica
1610 1980 1731 2009 decreta.

904 2026 983 2054 quas,
999 2019 1106 2046 Graecis
1120 2019 1243 2056 quidem
1263 2021 1402 2049 institutis
1415 2022 1569 2050 catholicae
1583 2023 1653 2052 ﬁdei
1667 2031 1729 2053 non

903 2063 1152 2099 repugnantibus,
1170 2066 1342 2094 etaGraecis
1363 2067 1489 2102 receptis
1502 2068 1640 2096 Ecclesiis
1665 2077 1727 2097 non

904 2107 1112 2142 adversantur,
1141 2110 1291 2146 suscipere
1315 2114 1343 2139 et
1369 2111 1528 2140 observare
1559 2116 1727 2143 teneantur.

903 2154 941 2180 Ne
956 2155 1055 2181 autem
1075 2153 1144 2182 dicti
1161 2155 1295 2192 episcopi
1315 2157 1406 2185 Graeci
1435 2166 1470 2185 ex
1483 2157 1574 2194 hujus
1589 2159 1729 2189 observa-

902 2198 981 2226 tione
997 2198 1230 2233 Constitutionis,
1244 2208 1305 2237 qua
1317 2201 1357 2229 ad
1369 2202 1555 2239 episcopales
1569 2204 1658 2232 etiam
1673 2213 1726 2242 sy-

43 2247 71 2273 οἰ
82 2247 204 2285 ῥηθέντες
215 2248 322 2283 Γραικοὶ
348 2246 486 2273 ἐπίσκοποι
513 2246 674 2284 βαρύνωντοι
703 2246 780 2285 βάρει
808 2245 848 2273 δι-

940 2244 999 2270 ιάοε
1029 2243 1200 2271 Latinorum
1226 2245 1403 2280 pontiﬁcum
1417 2247 1557 2276 accedere
1577 2252 1725 2284 coguntur

42 2291 102 2327 πλῷ
115 2291 140 2317 ἐν
156 2294 192 2326 τῷ
213 2289 229 2317 δ
232 2292 318 2317 ιῖσθαι
332 2293 433 2322 τούτοις
462 2293 589 2328 ἔρχεσθαι
616 2291 643 2318 ἐκ
658 2297 704 2324 τῆς
726 2293 848 2322 τοιαύτης

43 2334 190 2367 διατάξιως
214 2335 332 2372 ὀφιίλιιν,
371 2338 415 2362 καὶ
442 2336 478 2367 εἰς
509 2337 557 2368 τὰς
578 2336 752 2368 ἐπίσκοπικάς
774 2339 848 2363 συνό-

903 2287 1013 2324 duplici
1024 2295 1074 2322 διε
1081 2290 1185 2315 ventur
1193 2296 1292 2322 onere,
1307 2292 1465 2320 statuimus
1472 2292 1511 2320 ad
1517 2293 1721 2329 dioecesanam

903 2331 1054 2368 synodum
1066 2340 1117 2359 eos
1132 2340 1192 2360 non
1203 2340 1270 2361 esse
1290 2335 1452 2370 cogendOS.

42 2378 107 2412 δους
120 2385 171 2407 τῶν
199 2379 340 2418 ἀρχιερέων
369 2383 486 2407 Λατίνων
512 2382 620 2413 τούτους
637 2383 774 2419 ἔρχεσθαι,
799 2381 832 2412 εἰς
851 2381 898 2409 τὴν
918 2380 966 2406 τῆς
980 2375 1112 2413 ἐπαρχίας
1131 2375 1241 2403 σύνοδον
1269 2380 1395 2415 τάττομεν
1420 2380 1466 2406 οὐκ
1487 2380 1724 2418 ἀναγκαζομένους.

81 2425 122 2453 Ἐν
148 2429 205 2456 ταῖς
234 2424 406 2462 ὶπιτηρὴσισι
446 2428 534 2462 μέντοι
570 2431 620 2452 τῶν
646 2429 763 2464 Γραικῶν
788 2426 846 2453 ἑπι-

41 2472 159 2504 σκόπων,
183 2470 197 2499 ἣ
228 2474 277 2496 τῶν
303 2469 389 2501 αὐτοῖς
413 2471 633 2507 ὑποτεταγμένων,
658 2471 755 2501 ἐκείνην
782 2470 846 2508 βου-

39 2515 140 2552 λόμεθα
156 2515 226 2550 ἔχειν
241 2516 302 2544 τοὺς
332 2516 460 2546 Λατίνους
479 2514 613 2552 ἀρχιερεῖς
627 2515 651 2542 ἐν
680 2520 735 2546 ταῖς
762 2514 845 2546 ἰδίαις

39 2560 135 2587 πόλισι
148 2561 194 2585 καὶ
223 2559 334 2596 ίνορίαις
359 2561 406 2588 τὴν
432 2559 561 2592 ἐξουσίαν,
591 2559 621 2589 ἣν
648 2565 684 2596 τῷ
711 2570 843 2598 μητροπο-

39 2604 100 2641 λίτῃ
124 2604 149 2630 ἐν
164 2607 222 2635 ταῖς
251 2603 423 2640 ἐπιτηρήσεσι
451 2608 500 2630 τῶν
525 2604 604 2631 αὑτοῦ
634 2606 773 2642 συνερίθων
799 2608 844 2632 καὶ

40 2655 92 2676 τῶν
132 2649 213 2675 αὐτοῦ
250 2650 371 2678 ὑπηκόων
411 2653 606 2687 παραχωροῦσι
648 2652 682 2676 τὰ
723 2652 846 2677 κανονικὰ

42 2695 222 2731 θεσπίσματα.
553 2694 556 2698 ’

76 2742 120 2775 Τῷ
147 2738 349 2777 ἀρχιεπισκόπῳ
377 2739 466 2777 μίντον
490 2739 535 2768 καὶ
560 2741 616 2774 τοῖς
644 2742 765 2776 Λατίνοις
793 2738 847 2771 ἔπι-

43 2786 164 2819 σκόποις,
190 2784 251 2810 ὅταν
287 2786 384 2818 ταύτας
422 2787 469 2818 τὰς
496 2786 598 2825 ἄνορίας
627 2789 672 2819 τὰς
703 2792 763 2826 περὶ
786 2791 848 2821 τοὺς

937 2422 970 2448 In
982 2420 1141 2456 puniendis
1157 2429 1226 2450 vero
1238 2423 1344 2451 Gramis
1355 2425 1502 2461 episcopis
1520 2427 1567 2454 vel
1579 2426 1608 2453 in
1619 2434 1724 2456 eorum

902 2466 1013 2494 ditione
1037 2466 1213 2499 constitutis,
1230 2467 1370 2496 volumus
1383 2469 1501 2498 Latinas
1517 2470 1673 2506 pontiﬁces
1691 2473 1724 2502 in

902 2510 964 2538 suis
978 2510 1143 2538 civitatibus
1154 2513 1182 2538 et
1198 2511 1378 2541 dioecesibus
1392 2522 1459 2542 eam
1470 2514 1581 2542 habere
1594 2517 1722 2545 auctori-

895 2557 989 2583 tatem
1012 2563 1105 2591 quam
1129 2556 1325 2592 metropolitie
1348 2557 1378 2585 in
1393 2559 1552 2594 puniendis
1582 2560 1643 2587 suis
1665 2562 1726 2591 suf.

897 2599 1049 2634 fraganeis
1057 2599 1172 2636 sibique
1183 2601 1323 2636 subjectis
1334 2609 1487 2631 canonum
1495 2604 1664 2634 concedunt
1673 2607 1723 2635 de.

898 2645 990 2672 creta.

937 2742 1064 2779 Quando
1081 2743 1324 2785 archiepiscopus
1344 2750 1373 2778 et
1396 2749 1530 2788 episcopi
1554 2750 1646 2782 Latini
1669 2761 1722 2784 eas

900 2791 1042 2821 diaconos
1052 2793 1085 2822 in
1097 2793 1209 2830 quibus
1221 2793 1314 2823 Graeci
1329 2796 1496 2825 consistunt
1519 2805 1590 2826 cum
1612 2798 1722 2829 dicace-
