  <div class='ocr_page' id='page_1' title='image "/cluster/home/n/w/nwhite01/storage/ocr_20150623/140/njp.32101010942850/850.png"; bbox 0 0 1959 3074; ppageno 0'>
   <div class='ocr_carea' id='block_1_1' title="bbox 69 116 140 146">
    <p class='ocr_par' dir='ltr' id='par_1_1' title="bbox 69 116 140 146">
     <span class='ocr_line' id='line_1_1' title="bbox 69 116 140 146; baseline 0 0"><span class='ocrx_word' id='word_1_1' title='bbox 69 116 140 146; x_wconf 72' lang='lat' dir='ltr'><strong>i553</strong></span> 
     </span>
    </p>
   </div>
   <div class='ocr_carea' id='block_1_2' title="bbox 719 118 1100 150">
    <p class='ocr_par' dir='ltr' id='par_1_2' title="bbox 719 118 1100 150">
     <span class='ocr_line' id='line_1_2' title="bbox 719 118 1100 150; baseline -0.003 0"><span class='ocrx_word' id='word_1_2' title='bbox 719 118 946 150; x_wconf 79' lang='lat' dir='ltr'><strong>CONSTI’I‘UTIO</strong></span> <span class='ocrx_word' id='word_1_3' title='bbox 964 118 1100 150; x_wconf 82' lang='lat' dir='ltr'><strong>CYPRIA.</strong></span> 
     </span>
    </p>
   </div>
   <div class='ocr_carea' id='block_1_3' title="bbox 1681 120 1749 151">
    <p class='ocr_par' dir='ltr' id='par_1_3' title="bbox 1681 120 1749 151">
     <span class='ocr_line' id='line_1_3' title="bbox 1681 120 1749 151; baseline 0.029 -2"><span class='ocrx_word' id='word_1_4' title='bbox 1681 120 1749 151; x_wconf 69' lang='grc'><strong>1854</strong></span> 
     </span>
    </p>
   </div>
   <div class='ocr_carea' id='block_1_4' title="bbox 67 180 876 222">
    <p class='ocr_par' dir='ltr' id='par_1_4' title="bbox 67 180 868 222">
     <span class='ocr_line' id='line_1_4' title="bbox 67 180 868 222; baseline 0.002 -15"><span class='ocrx_word' id='word_1_5' title='bbox 67 181 112 207; x_wconf 83' lang='grc' dir='ltr'>τὸν</span> <span class='ocrx_word' id='word_1_6' title='bbox 135 183 252 207; x_wconf 83' lang='grc' dir='ltr'>τοιοῦτον</span> <span class='ocrx_word' id='word_1_7' title='bbox 274 180 483 218; x_wconf 81' lang='grc' dir='ltr'>ἁρχιεπίσκοπον</span> <span class='ocrx_word' id='word_1_8' title='bbox 521 184 650 221; x_wconf 85' lang='grc' dir='ltr'>Γερμανὸν</span> <span class='ocrx_word' id='word_1_9' title='bbox 685 185 868 222; x_wconf 72' lang='grc' dir='ltr'>περιφερεσθαι</span> 
     </span>
    </p>
   </div>
   <div class='ocr_carea' id='block_1_5' title="bbox 970 180 1749 222">
    <p class='ocr_par' dir='ltr' id='par_1_5' title="bbox 970 182 1749 221">
     <span class='ocr_line' id='line_1_5' title="bbox 970 182 1749 221; baseline 0 -9"><span class='ocrx_word' id='word_1_10' title='bbox 970 184 1136 221; x_wconf 53' lang='lat' dir='ltr'><strong>{episcopus</strong></span> <span class='ocrx_word' id='word_1_11' title='bbox 1151 184 1317 212; x_wconf 82' lang='lat' dir='ltr'><strong>Germanus</strong></span> <span class='ocrx_word' id='word_1_12' title='bbox 1326 182 1521 220; x_wconf 84' lang='lat' dir='ltr'><strong>palabundus</strong></span> <span class='ocrx_word' id='word_1_13' title='bbox 1534 182 1652 212; x_wconf 87' lang='lat' dir='ltr'><strong>oberret</strong></span> <span class='ocrx_word' id='word_1_14' title='bbox 1666 183 1749 212; x_wconf 89' lang='lat' dir='ltr'><strong>nullo</strong></span> 
     </span>
    </p>
   </div>
   <div class='ocr_carea' id='block_1_6' title="bbox 67 225 870 266">
    <p class='ocr_par' dir='ltr' id='par_1_6' title="bbox 67 225 870 266">
     <span class='ocr_line' id='line_1_6' title="bbox 67 225 870 266; baseline 0.006 -16"><span class='ocrx_word' id='word_1_15' title='bbox 67 226 105 261; x_wconf 78' lang='grc' dir='ltr'>μὴ</span> <span class='ocrx_word' id='word_1_16' title='bbox 129 225 292 261; x_wconf 59' lang='grc' dir='ltr'>ἐγνωσμένου</span> <span class='ocrx_word' id='word_1_17' title='bbox 315 229 361 253; x_wconf 80' lang='grc' dir='ltr'>τοῦ</span> <span class='ocrx_word' id='word_1_18' title='bbox 388 228 478 265; x_wconf 84' lang='grc' dir='ltr'>θρόνου</span> <span class='ocrx_word' id='word_1_19' title='bbox 508 228 599 263; x_wconf 69' lang='grc' dir='ltr'>αὐτοῦ,</span> <span class='ocrx_word' id='word_1_20' title='bbox 622 230 665 256; x_wconf 84' lang='grc' dir='ltr'>τὸν</span> <span class='ocrx_word' id='word_1_21' title='bbox 692 228 870 266; x_wconf 75' lang='grc' dir='ltr'>προλιχθέντα</span> 
     </span>
    </p>
   </div>
   <div class='ocr_carea' id='block_1_7' title="bbox 68 269 869 311">
    <p class='ocr_par' dir='ltr' id='par_1_7' title="bbox 68 269 869 311">
     <span class='ocr_line' id='line_1_7' title="bbox 68 269 869 311; baseline 0.009 -16"><span class='ocrx_word' id='word_1_22' title='bbox 68 269 213 296; x_wconf 67' lang='grc' dir='ltr'>ἐπίσκοπον</span> <span class='ocrx_word' id='word_1_23' title='bbox 236 274 282 301; x_wconf 85' lang='grc' dir='ltr'>τῆς</span> <span class='ocrx_word' id='word_1_24' title='bbox 306 275 356 297; x_wconf 82' lang='grc' dir='ltr'>τῶν</span> <span class='ocrx_word' id='word_1_25' title='bbox 382 275 498 309; x_wconf 80' lang='grc' dir='ltr'>Γραικῶν</span> <span class='ocrx_word' id='word_1_26' title='bbox 526 272 656 311; x_wconf 72' lang='grc' dir='ltr'><strong>καθέδρας</strong></span> <span class='ocrx_word' id='word_1_27' title='bbox 682 278 731 306; x_wconf 82' lang='grc' dir='ltr'>τῆς</span> <span class='ocrx_word' id='word_1_28' title='bbox 773 273 797 300; x_wconf 77' lang='grc' dir='ltr'>ἓν</span> <span class='ocrx_word' id='word_1_29' title='bbox 837 277 869 310; x_wconf 77' lang='grc' dir='ltr'>τῇ</span> 
     </span>
    </p>
   </div>
   <div class='ocr_carea' id='block_1_8' title="bbox 68 313 870 356">
    <p class='ocr_par' dir='ltr' id='par_1_8' title="bbox 68 313 870 356">
     <span class='ocr_line' id='line_1_8' title="bbox 68 313 870 356; baseline 0.005 -16"><span class='ocrx_word' id='word_1_30' title='bbox 68 313 168 351; x_wconf 81' lang='grc' dir='ltr'>Σωλείᾳ</span> <span class='ocrx_word' id='word_1_31' title='bbox 181 318 229 346; x_wconf 85' lang='grc' dir='ltr'>τῆς</span> <span class='ocrx_word' id='word_1_32' title='bbox 249 318 397 348; x_wconf 83' lang='grc' dir='ltr'>Λευκοσίας</span> <span class='ocrx_word' id='word_1_33' title='bbox 423 316 523 355; x_wconf 77' lang='grc' dir='ltr'>ἰνὸρίας</span> <span class='ocrx_word' id='word_1_34' title='bbox 546 317 597 345; x_wconf 85' lang='grc' dir='ltr'>ἀπὸ</span> <span class='ocrx_word' id='word_1_35' title='bbox 624 323 670 345; x_wconf 85' lang='grc' dir='ltr'>τοῦ</span> <span class='ocrx_word' id='word_1_36' title='bbox 698 317 798 356; x_wconf 83' lang='grc' dir='ltr'>δεσμοῦ</span> <span class='ocrx_word' id='word_1_37' title='bbox 824 322 870 345; x_wconf 83' lang='grc' dir='ltr'>τοῦ</span> 
     </span>
    </p>
   </div>
   <div class='ocr_carea' id='block_1_9' title="bbox 67 361 868 400">
    <p class='ocr_par' dir='ltr' id='par_1_9' title="bbox 67 361 868 400">
     <span class='ocr_line' id='line_1_9' title="bbox 67 361 868 400; baseline 0.005 -16"><span class='ocrx_word' id='word_1_38' title='bbox 67 361 262 396; x_wconf 73' lang='grc' dir='ltr'><strong>κεκρατημένον</strong></span> <span class='ocrx_word' id='word_1_39' title='bbox 286 365 318 397; x_wconf 71' lang='grc' dir='ltr'>τῇ</span> <span class='ocrx_word' id='word_1_40' title='bbox 353 361 497 399; x_wconf 78' lang='grc' dir='ltr'>Ἐκκλησία</span> <span class='ocrx_word' id='word_1_41' title='bbox 527 363 617 399; x_wconf 74' lang='grc' dir='ltr'>αὐτοῦ,</span> <span class='ocrx_word' id='word_1_42' title='bbox 655 363 747 400; x_wconf 83' lang='grc' dir='ltr'>λύομεν</span> <span class='ocrx_word' id='word_1_43' title='bbox 782 363 868 396; x_wconf 75' lang='grc' dir='ltr'>αὐτὸν,</span> 
     </span>
    </p>
   </div>
   <div class='ocr_carea' id='block_1_10' title="bbox 67 403 870 445">
    <p class='ocr_par' dir='ltr' id='par_1_10' title="bbox 67 403 870 445">
     <span class='ocr_line' id='line_1_10' title="bbox 67 403 870 445; baseline 0.011 -17"><span class='ocrx_word' id='word_1_44' title='bbox 67 404 136 439; x_wconf 84' lang='grc' dir='ltr'>πρὸς</span> <span class='ocrx_word' id='word_1_45' title='bbox 148 405 192 430; x_wconf 83' lang='grc' dir='ltr'><strong>τόν</strong></span> <span class='ocrx_word' id='word_1_46' title='bbox 210 403 379 432; x_wconf 77' lang='grc' dir='ltr'>ίπισκοπικόν</span> <span class='ocrx_word' id='word_1_47' title='bbox 404 407 494 444; x_wconf 78' lang='grc' dir='ltr'><strong>θρόνον</strong></span> <span class='ocrx_word' id='word_1_48' title='bbox 518 411 565 434; x_wconf 83' lang='grc' dir='ltr'>τοῦ</span> <span class='ocrx_word' id='word_1_49' title='bbox 590 408 721 445; x_wconf 79' lang='grc' dir='ltr'>Ἀρσινοῦ,</span> <span class='ocrx_word' id='word_1_50' title='bbox 752 409 796 434; x_wconf 84' lang='grc' dir='ltr'>τὸν</span> <span class='ocrx_word' id='word_1_51' title='bbox 822 411 870 438; x_wconf 79' lang='grc' dir='ltr'><strong>τῆς</strong></span> 
     </span>
    </p>
   </div>
   <div class='ocr_carea' id='block_1_11' title="bbox 69 447 871 489">
    <p class='ocr_par' dir='ltr' id='par_1_11' title="bbox 69 447 871 489">
     <span class='ocr_line' id='line_1_11' title="bbox 69 447 871 489; baseline 0.007 -16"><span class='ocrx_word' id='word_1_52' title='bbox 69 448 165 484; x_wconf 73' lang='grc' dir='ltr'>Πάφου</span> <span class='ocrx_word' id='word_1_53' title='bbox 187 447 287 486; x_wconf 80' lang='grc' dir='ltr'>ὶνορίας</span> <span class='ocrx_word' id='word_1_54' title='bbox 324 450 500 487; x_wconf 75' lang='grc' dir='ltr'>σχολάζοντα,</span> <span class='ocrx_word' id='word_1_55' title='bbox 541 457 572 489; x_wconf 83' lang='grc' dir='ltr'>τῇ</span> <span class='ocrx_word' id='word_1_56' title='bbox 610 457 658 484; x_wconf 83' lang='grc' dir='ltr'>τῆς</span> <span class='ocrx_word' id='word_1_57' title='bbox 694 452 871 484; x_wconf 76' lang='grc' dir='ltr'>ἄποστολικῆς</span> 
     </span>
    </p>
   </div>
   <div class='ocr_carea' id='block_1_12' title="bbox 68 491 871 535">
    <p class='ocr_par' dir='ltr' id='par_1_12' title="bbox 68 491 871 535">
     <span class='ocr_line' id='line_1_12' title="bbox 68 491 871 535; baseline 0.007 -16"><span class='ocrx_word' id='word_1_58' title='bbox 68 491 194 524; x_wconf 72' lang='grc' dir='ltr'>ἔξουσίας</span> <span class='ocrx_word' id='word_1_59' title='bbox 227 492 305 531; x_wconf 80' lang='grc' dir='ltr'>ἀδείᾳ</span> <span class='ocrx_word' id='word_1_60' title='bbox 335 497 380 522; x_wconf 82' lang='grc' dir='ltr'>καὶ</span> <span class='ocrx_word' id='word_1_61' title='bbox 423 500 454 533; x_wconf 80' lang='grc' dir='ltr'>τῇ</span> <span class='ocrx_word' id='word_1_62' title='bbox 498 496 580 534; x_wconf 78' lang='grc' dir='ltr'>βουλῇ</span> <span class='ocrx_word' id='word_1_63' title='bbox 621 502 671 524; x_wconf 86' lang='grc' dir='ltr'>τῶν</span> <span class='ocrx_word' id='word_1_64' title='bbox 708 497 871 535; x_wconf 70' lang='grc' dir='ltr'>προρρηθέν-</span> 
     </span>
    </p>
   </div>
   <div class='ocr_carea' id='block_1_13' title="bbox 67 536 872 579">
    <p class='ocr_par' dir='ltr' id='par_1_13' title="bbox 67 536 872 579">
     <span class='ocr_line' id='line_1_13' title="bbox 67 536 872 579; baseline 0.009 -16"><span class='ocrx_word' id='word_1_65' title='bbox 67 546 120 563; x_wconf 85' lang='grc' dir='ltr'><strong>των</strong></span> <span class='ocrx_word' id='word_1_66' title='bbox 151 536 277 574; x_wconf 73' lang='grc' dir='ltr'>ἀδελφῶν·</span> <span class='ocrx_word' id='word_1_67' title='bbox 307 542 352 567; x_wconf 79' lang='grc' dir='ltr'>καὶ</span> <span class='ocrx_word' id='word_1_68' title='bbox 377 543 550 579; x_wconf 71' lang='grc' dir='ltr'><strong>μεταφέρομεν</strong></span> <span class='ocrx_word' id='word_1_69' title='bbox 587 545 633 569; x_wconf 88' lang='grc' dir='ltr'>καὶ</span> <span class='ocrx_word' id='word_1_70' title='bbox 664 540 774 579; x_wconf 83' lang='grc' dir='ltr'>δίδομεν</span> <span class='ocrx_word' id='word_1_71' title='bbox 801 542 872 578; x_wconf 72' lang='grc' dir='ltr'>αὐτῷ</span> 
     </span>
    </p>
   </div>
   <div class='ocr_carea' id='block_1_14' title="bbox 67 579 872 624">
    <p class='ocr_par' dir='ltr' id='par_1_14' title="bbox 67 579 872 624">
     <span class='ocr_line' id='line_1_14' title="bbox 67 579 872 624; baseline 0.009 -17"><span class='ocrx_word' id='word_1_72' title='bbox 67 579 163 608; x_wconf 78' lang='grc' dir='ltr'>ἄδειαν</span> <span class='ocrx_word' id='word_1_73' title='bbox 178 586 224 610; x_wconf 84' lang='grc' dir='ltr'>τοῦ</span> <span class='ocrx_word' id='word_1_74' title='bbox 239 581 396 622; x_wconf 72' lang='grc' dir='ltr'><strong>διέρχεσθαι</strong></span> <span class='ocrx_word' id='word_1_75' title='bbox 423 585 561 624; x_wconf 78' lang='grc' dir='ltr'>ἓλουθέρως</span> <span class='ocrx_word' id='word_1_76' title='bbox 590 587 624 618; x_wconf 88' lang='grc' dir='ltr'><strong>εἰς</strong></span> <span class='ocrx_word' id='word_1_77' title='bbox 649 588 693 614; x_wconf 82' lang='grc' dir='ltr'>τὸν</span> <span class='ocrx_word' id='word_1_78' title='bbox 720 587 798 614; x_wconf 76' lang='grc' dir='ltr'>αὐτὸν</span> <span class='ocrx_word' id='word_1_79' title='bbox 811 587 872 624; x_wconf 82' lang='grc' dir='ltr'>θρό-</span> 
     </span>
    </p>
   </div>
   <div class='ocr_carea' id='block_1_15' title="bbox 67 627 871 669">
    <p class='ocr_par' dir='ltr' id='par_1_15' title="bbox 67 627 871 669">
     <span class='ocr_line' id='line_1_15' title="bbox 67 627 871 669; baseline 0.009 -17"><span class='ocrx_word' id='word_1_80' title='bbox 67 635 123 654; x_wconf 90' lang='grc' dir='ltr'>νον.</span> <span class='ocrx_word' id='word_1_81' title='bbox 149 630 192 663; x_wconf 86' lang='grc' dir='ltr'><strong>Τῷ</strong></span> <span class='ocrx_word' id='word_1_82' title='bbox 226 627 399 666; x_wconf 79' lang='grc' dir='ltr'>προρῥηθίντι</span> <span class='ocrx_word' id='word_1_83' title='bbox 434 629 463 657; x_wconf 71' lang='grc' dir='ltr'><strong>δὲ</strong></span> <span class='ocrx_word' id='word_1_84' title='bbox 501 634 622 669; x_wconf 85' lang='grc' dir='ltr'>Γερμανῷ</span> <span class='ocrx_word' id='word_1_85' title='bbox 669 631 871 668; x_wconf 71' lang='grc' dir='ltr'>ἀρχιιπισκόπῳ</span> 
     </span>
    </p>
   </div>
   <div class='ocr_carea' id='block_1_16' title="bbox 68 671 872 710">
    <p class='ocr_par' dir='ltr' id='par_1_16' title="bbox 68 671 872 710">
     <span class='ocr_line' id='line_1_16' title="bbox 68 671 872 710; baseline 0.006 -13"><span class='ocrx_word' id='word_1_86' title='bbox 68 671 117 702; x_wconf 83' lang='grc' dir='ltr'><strong>τὰς</strong></span> <span class='ocrx_word' id='word_1_87' title='bbox 136 672 272 709; x_wconf 78' lang='grc' dir='ltr'><strong>ῥηθείσας,</strong></span> <span class='ocrx_word' id='word_1_88' title='bbox 293 675 336 700; x_wconf 87' lang='grc' dir='ltr'>τὸν</span> <span class='ocrx_word' id='word_1_89' title='bbox 364 675 451 710; x_wconf 83' lang='grc' dir='ltr'>θρόνον</span> <span class='ocrx_word' id='word_1_90' title='bbox 479 678 524 703; x_wconf 81' lang='grc' dir='ltr'>καὶ</span> <span class='ocrx_word' id='word_1_91' title='bbox 544 686 591 706; x_wconf 84' lang='grc' dir='ltr'><strong>την</strong></span> <span class='ocrx_word' id='word_1_92' title='bbox 615 680 661 708; x_wconf 84' lang='grc' dir='ltr'>τῆς</span> <span class='ocrx_word' id='word_1_93' title='bbox 687 677 797 708; x_wconf 76' lang='grc' dir='ltr'>Σωλείας</span> <span class='ocrx_word' id='word_1_94' title='bbox 813 677 872 704; x_wconf 83' lang='grc' dir='ltr'><strong>Ἐκ-</strong></span> 
     </span>
    </p>
   </div>
   <div class='ocr_carea' id='block_1_17' title="bbox 71 716 874 760">
    <p class='ocr_par' dir='ltr' id='par_1_17' title="bbox 71 716 874 760">
     <span class='ocr_line' id='line_1_17' title="bbox 71 716 874 760; baseline 0.01 -18"><span class='ocrx_word' id='word_1_95' title='bbox 71 716 185 746; x_wconf 84' lang='grc' dir='ltr'>κλησίαν</span> <span class='ocrx_word' id='word_1_96' title='bbox 201 717 422 755; x_wconf 74' lang='grc' dir='ltr'>ἕνπνευματικοῖς</span> <span class='ocrx_word' id='word_1_97' title='bbox 445 723 490 747; x_wconf 85' lang='grc' dir='ltr'>καὶ</span> <span class='ocrx_word' id='word_1_98' title='bbox 516 721 540 747; x_wconf 83' lang='grc' dir='ltr'><strong>ίν</strong></span> <span class='ocrx_word' id='word_1_99' title='bbox 568 726 697 760; x_wconf 88' lang='grc' dir='ltr'>καιρικοίς</span> <span class='ocrx_word' id='word_1_100' title='bbox 725 723 793 749; x_wconf 82' lang='grc' dir='ltr'>κατὰ</span> <span class='ocrx_word' id='word_1_101' title='bbox 826 723 874 751; x_wconf 84' lang='grc' dir='ltr'>τὴν</span> 
     </span>
    </p>
   </div>
   <div class='ocr_carea' id='block_1_18' title="bbox 70 762 875 804">
    <p class='ocr_par' dir='ltr' id='par_1_18' title="bbox 70 762 875 804">
     <span class='ocr_line' id='line_1_18' title="bbox 70 762 875 804; baseline 0.007 -16"><span class='ocrx_word' id='word_1_102' title='bbox 70 762 172 788; x_wconf 84' lang='grc' dir='ltr'>τούτων</span> <span class='ocrx_word' id='word_1_103' title='bbox 199 762 297 799; x_wconf 75' lang='grc' dir='ltr'>βουλὴν</span> <span class='ocrx_word' id='word_1_104' title='bbox 329 766 374 791; x_wconf 83' lang='grc' dir='ltr'>καὶ</span> <span class='ocrx_word' id='word_1_105' title='bbox 414 764 534 797; x_wconf 76' lang='grc' dir='ltr'>ἔξουσίαν</span> <span class='ocrx_word' id='word_1_106' title='bbox 575 768 780 804; x_wconf 77' lang='grc' dir='ltr'>παρατιθίμιθα,</span> <span class='ocrx_word' id='word_1_107' title='bbox 813 762 875 804; x_wconf 74' lang='grc' dir='ltr'>παρ’</span> 
     </span>
    </p>
   </div>
   <div class='ocr_carea' id='block_1_19' title="bbox 72 806 874 848">
    <p class='ocr_par' dir='ltr' id='par_1_19' title="bbox 72 806 874 848">
     <span class='ocr_line' id='line_1_19' title="bbox 72 806 874 848; baseline 0.009 -15"><span class='ocrx_word' id='word_1_108' title='bbox 72 806 157 834; x_wconf 77' lang='grc' dir='ltr'>αὐτοῦ</span> <span class='ocrx_word' id='word_1_109' title='bbox 178 809 397 846; x_wconf 80' lang='grc' dir='ltr'>κρατηθησόμενα</span> <span class='ocrx_word' id='word_1_110' title='bbox 420 810 482 847; x_wconf 74' lang='grc' dir='ltr'>οὔτῇ</span> <span class='ocrx_word' id='word_1_111' title='bbox 507 815 539 848; x_wconf 77' lang='grc' dir='ltr'>τῇ</span> <span class='ocrx_word' id='word_1_112' title='bbox 568 815 631 848; x_wconf 73' lang='grc' dir='ltr'>τιμῇ</span> <span class='ocrx_word' id='word_1_113' title='bbox 669 812 718 845; x_wconf 78' lang='grc' dir='ltr'><strong>ἀεὶ,</strong></span> <span class='ocrx_word' id='word_1_114' title='bbox 748 815 793 839; x_wconf 86' lang='grc' dir='ltr'>καὶ</span> <span class='ocrx_word' id='word_1_115' title='bbox 838 815 874 847; x_wconf 85' lang='grc' dir='ltr'>τῷ</span> 
     </span>
    </p>
   </div>
   <div class='ocr_carea' id='block_1_20' title="bbox 925 227 1748 266">
    <p class='ocr_par' dir='ltr' id='par_1_20' title="bbox 925 227 1748 266">
     <span class='ocr_line' id='line_1_20' title="bbox 925 227 1748 266; baseline 0 -9"><span class='ocrx_word' id='word_1_116' title='bbox 925 236 982 257; x_wconf 89' lang='lat' dir='ltr'><strong>suo</strong></span> <span class='ocrx_word' id='word_1_117' title='bbox 1001 230 1141 266; x_wconf 89' lang='lat' dir='ltr'><strong>acceptus</strong></span> <span class='ocrx_word' id='word_1_118' title='bbox 1160 228 1279 262; x_wconf 86' lang='lat' dir='ltr'><strong>throno,</strong></span> <span class='ocrx_word' id='word_1_119' title='bbox 1298 228 1458 265; x_wconf 77' lang='lat' dir='ltr'><strong>praefatum</strong></span> <span class='ocrx_word' id='word_1_120' title='bbox 1474 227 1650 265; x_wconf 79' lang='lat' dir='ltr'><strong>episcopum</strong></span> <span class='ocrx_word' id='word_1_121' title='bbox 1669 229 1748 257; x_wconf 86' lang='lat' dir='ltr'><strong>sedis</strong></span> 
     </span>
    </p>
   </div>
   <div class='ocr_carea' id='block_1_21' title="bbox 925 273 1749 310">
    <p class='ocr_par' dir='ltr' id='par_1_21' title="bbox 925 273 1749 310">
     <span class='ocr_line' id='line_1_21' title="bbox 925 273 1749 310; baseline 0 -8"><span class='ocrx_word' id='word_1_122' title='bbox 925 275 1096 302; x_wconf 65' lang='lat' dir='ltr'><strong>Graecorum</strong></span> <span class='ocrx_word' id='word_1_123' title='bbox 1112 273 1207 307; x_wconf 69' lang='lat' dir='ltr'><strong>Solita,</strong></span> <span class='ocrx_word' id='word_1_124' title='bbox 1223 273 1360 302; x_wconf 73' lang='lat' dir='ltr'><strong>dinacesis</strong></span> <span class='ocrx_word' id='word_1_125' title='bbox 1376 273 1533 307; x_wconf 74' lang='lat' dir='ltr'><strong>Leucosiae,</strong></span> <span class='ocrx_word' id='word_1_126' title='bbox 1561 282 1579 302; x_wconf 89' lang='lat' dir='ltr'><strong>a</strong></span> <span class='ocrx_word' id='word_1_127' title='bbox 1603 282 1659 302; x_wconf 91' lang='lat' dir='ltr'><strong>suo</strong></span> <span class='ocrx_word' id='word_1_128' title='bbox 1687 282 1749 310; x_wconf 91' lang='lat' dir='ltr'><strong>quo</strong></span> 
     </span>
    </p>
   </div>
   <div class='ocr_carea' id='block_1_22' title="bbox 924 318 1750 355">
    <p class='ocr_par' dir='ltr' id='par_1_22' title="bbox 924 318 1750 355">
     <span class='ocr_line' id='line_1_22' title="bbox 924 318 1750 355; baseline 0 -8"><span class='ocrx_word' id='word_1_129' title='bbox 924 321 1040 347; x_wconf 89' lang='lat' dir='ltr'><strong>tenetur</strong></span> <span class='ocrx_word' id='word_1_130' title='bbox 1055 318 1190 347; x_wconf 78' lang='lat' dir='ltr'><strong>Ecclesiae</strong></span> <span class='ocrx_word' id='word_1_131' title='bbox 1209 318 1327 346; x_wconf 90' lang='lat' dir='ltr'><strong>vinculo</strong></span> <span class='ocrx_word' id='word_1_132' title='bbox 1342 318 1486 346; x_wconf 82' lang='lat' dir='ltr'><strong>solvimus</strong></span> <span class='ocrx_word' id='word_1_133' title='bbox 1497 320 1526 346; x_wconf 91' lang='lat' dir='ltr'><strong>et</strong></span> <span class='ocrx_word' id='word_1_134' title='bbox 1536 318 1576 346; x_wconf 83' lang='lat' dir='ltr'><strong>ad</strong></span> <span class='ocrx_word' id='word_1_135' title='bbox 1595 319 1750 355; x_wconf 87' lang='lat' dir='ltr'><strong>episcopa-</strong></span> 
     </span>
    </p>
   </div>
   <div class='ocr_carea' id='block_1_23' title="bbox 924 363 1749 400">
    <p class='ocr_par' dir='ltr' id='par_1_23' title="bbox 924 363 1749 400">
     <span class='ocr_line' id='line_1_23' title="bbox 924 363 1749 400; baseline 0 -8"><span class='ocrx_word' id='word_1_136' title='bbox 924 363 984 393; x_wconf 88' lang='lat' dir='ltr'><strong>lem</strong></span> <span class='ocrx_word' id='word_1_137' title='bbox 1003 363 1105 392; x_wconf 80' lang='lat' dir='ltr'><strong>sedem</strong></span> <span class='ocrx_word' id='word_1_138' title='bbox 1119 364 1269 399; x_wconf 81' lang='lat' dir='ltr'><strong>Arsinoes,</strong></span> <span class='ocrx_word' id='word_1_139' title='bbox 1284 363 1422 392; x_wconf 86' lang='lat' dir='ltr'><strong>dioecesis</strong></span> <span class='ocrx_word' id='word_1_140' title='bbox 1448 363 1550 400; x_wconf 83' lang='lat' dir='ltr'><strong>Paphi.</strong></span> <span class='ocrx_word' id='word_1_141' title='bbox 1578 366 1749 398; x_wconf 86' lang='lat' dir='ltr'><strong>vacantem,</strong></span> 
     </span>
    </p>
   </div>
   <div class='ocr_carea' id='block_1_24' title="bbox 925 408 1751 445">
    <p class='ocr_par' dir='ltr' id='par_1_24' title="bbox 925 408 1751 445">
     <span class='ocr_line' id='line_1_24' title="bbox 925 408 1751 445; baseline -0.001 -8"><span class='ocrx_word' id='word_1_142' title='bbox 925 408 1094 445; x_wconf 55' lang='lat' dir='ltr'><strong>apostolica</strong></span> <span class='ocrx_word' id='word_1_143' title='bbox 1114 409 1267 445; x_wconf 77' lang='lat' dir='ltr'><strong>potestatis</strong></span> <span class='ocrx_word' id='word_1_144' title='bbox 1296 408 1469 436; x_wconf 79' lang='lat' dir='ltr'><strong>auctoritate</strong></span> <span class='ocrx_word' id='word_1_145' title='bbox 1496 416 1531 437; x_wconf 88' lang='lat' dir='ltr'><strong>ac</strong></span> <span class='ocrx_word' id='word_1_146' title='bbox 1557 408 1751 445; x_wconf 69' lang='lat' dir='ltr'><strong>praefatorum</strong></span> 
     </span>
    </p>
   </div>
   <div class='ocr_carea' id='block_1_25' title="bbox 925 453 1752 489">
    <p class='ocr_par' dir='ltr' id='par_1_25' title="bbox 925 453 1752 489">
     <span class='ocr_line' id='line_1_25' title="bbox 925 453 1752 489; baseline -0.002 -7"><span class='ocrx_word' id='word_1_147' title='bbox 925 453 1051 482; x_wconf 79' lang='lat' dir='ltr'><strong>fratrum</strong></span> <span class='ocrx_word' id='word_1_148' title='bbox 1070 455 1240 482; x_wconf 89' lang='lat' dir='ltr'><strong>nostrorum</strong></span> <span class='ocrx_word' id='word_1_149' title='bbox 1268 453 1400 487; x_wconf 89' lang='lat' dir='ltr'><strong>consilio,</strong></span> <span class='ocrx_word' id='word_1_150' title='bbox 1416 453 1636 488; x_wconf 76' lang='lat' dir='ltr'><strong>transierimus,</strong></span> <span class='ocrx_word' id='word_1_151' title='bbox 1666 453 1752 489; x_wconf 86' lang='lat' dir='ltr'><strong>eique</strong></span> 
     </span>
    </p>
   </div>
   <div class='ocr_carea' id='block_1_26' title="bbox 924 497 1752 535">
    <p class='ocr_par' dir='ltr' id='par_1_26' title="bbox 924 497 1752 535">
     <span class='ocr_line' id='line_1_26' title="bbox 924 497 1752 535; baseline -0.002 -8"><span class='ocrx_word' id='word_1_152' title='bbox 924 500 1103 535; x_wconf 86' lang='lat' dir='ltr'><strong>potestatem</strong></span> <span class='ocrx_word' id='word_1_153' title='bbox 1116 497 1243 527; x_wconf 77' lang='lat' dir='ltr'><strong>facimus</strong></span> <span class='ocrx_word' id='word_1_154' title='bbox 1257 497 1348 526; x_wconf 87' lang='lat' dir='ltr'><strong>libere</strong></span> <span class='ocrx_word' id='word_1_155' title='bbox 1363 498 1574 534; x_wconf 81' lang='lat' dir='ltr'><strong>progrediendi</strong></span> <span class='ocrx_word' id='word_1_156' title='bbox 1600 497 1640 526; x_wconf 86' lang='lat' dir='ltr'><strong>ad</strong></span> <span class='ocrx_word' id='word_1_157' title='bbox 1666 505 1752 525; x_wconf 85' lang='lat' dir='ltr'><strong>suam</strong></span> 
     </span>
    </p>
   </div>
   <div class='ocr_carea' id='block_1_27' title="bbox 925 542 1753 579">
    <p class='ocr_par' dir='ltr' id='par_1_27' title="bbox 925 542 1753 579">
     <span class='ocr_line' id='line_1_27' title="bbox 925 542 1753 579; baseline -0.002 -7"><span class='ocrx_word' id='word_1_158' title='bbox 925 551 994 572; x_wconf 85' lang='lat' dir='ltr'><strong>eam</strong></span> <span class='ocrx_word' id='word_1_159' title='bbox 1010 543 1122 571; x_wconf 87' lang='lat' dir='ltr'><strong>sedem.</strong></span> <span class='ocrx_word' id='word_1_160' title='bbox 1140 543 1264 572; x_wconf 80' lang='lat' dir='ltr'><strong>Praefato</strong></span> <span class='ocrx_word' id='word_1_161' title='bbox 1278 550 1350 571; x_wconf 85' lang='lat' dir='ltr'><strong>vero</strong></span> <span class='ocrx_word' id='word_1_162' title='bbox 1365 543 1513 571; x_wconf 86' lang='lat' dir='ltr'><strong>Germano</strong></span> <span class='ocrx_word' id='word_1_163' title='bbox 1528 542 1753 579; x_wconf 80' lang='lat' dir='ltr'><strong>archiepiscopo</strong></span> 
     </span>
    </p>
   </div>
   <div class='ocr_carea' id='block_1_28' title="bbox 924 587 1754 625">
    <p class='ocr_par' dir='ltr' id='par_1_28' title="bbox 924 587 1754 625">
     <span class='ocr_line' id='line_1_28' title="bbox 924 587 1754 625; baseline -0.001 -9"><span class='ocrx_word' id='word_1_164' title='bbox 924 587 1102 625; x_wconf 68' lang='lat' dir='ltr'><strong>prmdictam</strong></span> <span class='ocrx_word' id='word_1_165' title='bbox 1118 587 1204 616; x_wconf 69' lang='lat' dir='ltr'><strong>Soliaa</strong></span> <span class='ocrx_word' id='word_1_166' title='bbox 1224 587 1326 615; x_wconf 85' lang='lat' dir='ltr'><strong>sedem</strong></span> <span class='ocrx_word' id='word_1_167' title='bbox 1348 589 1377 615; x_wconf 88' lang='lat' dir='ltr'><strong>et</strong></span> <span class='ocrx_word' id='word_1_168' title='bbox 1395 587 1557 615; x_wconf 85' lang='lat' dir='ltr'><strong>Ecclesiam</strong></span> <span class='ocrx_word' id='word_1_169' title='bbox 1572 587 1602 615; x_wconf 93' lang='lat' dir='ltr'><strong>in</strong></span> <span class='ocrx_word' id='word_1_170' title='bbox 1618 587 1754 623; x_wconf 87' lang='lat' dir='ltr'><strong>spiritua-</strong></span> 
     </span>
    </p>
   </div>
   <div class='ocr_carea' id='block_1_29' title="bbox 925 632 1754 669">
    <p class='ocr_par' dir='ltr' id='par_1_29' title="bbox 925 632 1754 669">
     <span class='ocr_line' id='line_1_29' title="bbox 925 632 1754 669; baseline -0.001 -8"><span class='ocrx_word' id='word_1_171' title='bbox 925 632 1005 662; x_wconf 90' lang='lat' dir='ltr'><strong>libus</strong></span> <span class='ocrx_word' id='word_1_172' title='bbox 1017 635 1046 661; x_wconf 90' lang='lat' dir='ltr'><strong>et</strong></span> <span class='ocrx_word' id='word_1_173' title='bbox 1057 632 1285 669; x_wconf 83' lang='lat' dir='ltr'><strong>temporalibus,</strong></span> <span class='ocrx_word' id='word_1_174' title='bbox 1300 640 1336 660; x_wconf 85' lang='lat' dir='ltr'><strong>ex</strong></span> <span class='ocrx_word' id='word_1_175' title='bbox 1349 632 1524 661; x_wconf 90' lang='lat' dir='ltr'><strong>eorumdem</strong></span> <span class='ocrx_word' id='word_1_176' title='bbox 1554 632 1678 660; x_wconf 89' lang='lat' dir='ltr'><strong>consilio</strong></span> <span class='ocrx_word' id='word_1_177' title='bbox 1706 640 1754 660; x_wconf 86' lang='lat' dir='ltr'><strong>ea-</strong></span> 
     </span>
    </p>
   </div>
   <div class='ocr_carea' id='block_1_30' title="bbox 927 677 1753 714">
    <p class='ocr_par' dir='ltr' id='par_1_30' title="bbox 927 677 1753 714">
     <span class='ocr_line' id='line_1_30' title="bbox 927 677 1753 714; baseline -0.001 -8"><span class='ocrx_word' id='word_1_178' title='bbox 927 678 1058 714; x_wconf 85' lang='lat' dir='ltr'><strong>demque</strong></span> <span class='ocrx_word' id='word_1_179' title='bbox 1072 680 1217 714; x_wconf 79' lang='lat' dir='ltr'><strong>potestate</strong></span> <span class='ocrx_word' id='word_1_180' title='bbox 1229 677 1400 711; x_wconf 83' lang='lat' dir='ltr'><strong>deferimus,</strong></span> <span class='ocrx_word' id='word_1_181' title='bbox 1414 677 1453 705; x_wconf 86' lang='lat' dir='ltr'><strong>ab</strong></span> <span class='ocrx_word' id='word_1_182' title='bbox 1468 677 1534 714; x_wconf 88' lang='lat' dir='ltr'><strong>ipso</strong></span> <span class='ocrx_word' id='word_1_183' title='bbox 1554 685 1673 714; x_wconf 81' lang='lat' dir='ltr'><strong>semper</strong></span> <span class='ocrx_word' id='word_1_184' title='bbox 1684 685 1753 705; x_wconf 90' lang='lat' dir='ltr'><strong>cum</strong></span> 
     </span>
    </p>
   </div>
   <div class='ocr_carea' id='block_1_31' title="bbox 929 722 1754 759">
    <p class='ocr_par' dir='ltr' id='par_1_31' title="bbox 929 722 1754 759">
     <span class='ocr_line' id='line_1_31' title="bbox 929 722 1754 759; baseline -0.002 -8"><span class='ocrx_word' id='word_1_185' title='bbox 929 730 985 751; x_wconf 83' lang='lat' dir='ltr'><strong>suo</strong></span> <span class='ocrx_word' id='word_1_186' title='bbox 990 722 1297 753; x_wconf 85' lang='lat' dir='ltr'><strong>retinendamhonore</strong></span> <span class='ocrx_word' id='word_1_187' title='bbox 1303 722 1595 759; x_wconf 85' lang='lat' dir='ltr'><strong>etarchiepiscopalis</strong></span> <span class='ocrx_word' id='word_1_188' title='bbox 1601 722 1754 757; x_wconf 82' lang='lat' dir='ltr'><strong>dignitatis</strong></span> 
     </span>
    </p>
   </div>
   <div class='ocr_carea' id='block_1_32' title="bbox 927 767 1756 804">
    <p class='ocr_par' dir='ltr' id='par_1_32' title="bbox 927 767 1756 804">
     <span class='ocr_line' id='line_1_32' title="bbox 927 767 1756 804; baseline -0.004 -7"><span class='ocrx_word' id='word_1_189' title='bbox 927 767 1051 797; x_wconf 84' lang='lat' dir='ltr'><strong>nomine</strong></span> <span class='ocrx_word' id='word_1_190' title='bbox 1065 769 1094 796; x_wconf 86' lang='lat' dir='ltr'><strong>et</strong></span> <span class='ocrx_word' id='word_1_191' title='bbox 1107 767 1271 804; x_wconf 82' lang='lat' dir='ltr'><strong>episcopali</strong></span> <span class='ocrx_word' id='word_1_192' title='bbox 1283 767 1456 796; x_wconf 80' lang='lat' dir='ltr'><strong>auctoritate</strong></span> <span class='ocrx_word' id='word_1_193' title='bbox 1469 767 1635 802; x_wconf 86' lang='lat' dir='ltr'><strong>regendam</strong></span> <span class='ocrx_word' id='word_1_194' title='bbox 1648 775 1654 799; x_wconf 87' lang='lat'><strong>;</strong></span> <span class='ocrx_word' id='word_1_195' title='bbox 1668 767 1708 795; x_wconf 89' lang='lat' dir='ltr'><strong>ita</strong></span> <span class='ocrx_word' id='word_1_196' title='bbox 1723 768 1756 794; x_wconf 87' lang='lat' dir='ltr'><strong>ut</strong></span> 
     </span>
    </p>
   </div>
   <div class='ocr_carea' id='block_1_33' title="bbox 928 812 1755 849">
    <p class='ocr_par' dir='ltr' id='par_1_33' title="bbox 928 812 1755 849">
     <span class='ocr_line' id='line_1_33' title="bbox 928 812 1755 849; baseline -0.001 -8"><span class='ocrx_word' id='word_1_197' title='bbox 928 813 961 842; x_wconf 91' lang='lat' dir='ltr'><strong>in</strong></span> <span class='ocrx_word' id='word_1_198' title='bbox 973 820 1029 841; x_wconf 86' lang='lat' dir='ltr'><strong>sua</strong></span> <span class='ocrx_word' id='word_1_199' title='bbox 1038 812 1075 841; x_wconf 86' lang='lat' dir='ltr'><strong>sit</strong></span> <span class='ocrx_word' id='word_1_200' title='bbox 1089 814 1234 849; x_wconf 76' lang='lat' dir='ltr'><strong>potestate</strong></span> <span class='ocrx_word' id='word_1_201' title='bbox 1249 814 1278 841; x_wconf 87' lang='lat' dir='ltr'><strong>et</strong></span> <span class='ocrx_word' id='word_1_202' title='bbox 1291 813 1444 842; x_wconf 87' lang='lat' dir='ltr'><strong>voluntate</strong></span> <span class='ocrx_word' id='word_1_203' title='bbox 1458 820 1513 849; x_wconf 88' lang='lat' dir='ltr'><strong>pro</strong></span> <span class='ocrx_word' id='word_1_204' title='bbox 1530 820 1586 840; x_wconf 90' lang='lat' dir='ltr'><strong>suo</strong></span> <span class='ocrx_word' id='word_1_205' title='bbox 1599 812 1684 840; x_wconf 87' lang='lat' dir='ltr'><strong>libitu</strong></span> <span class='ocrx_word' id='word_1_206' title='bbox 1708 812 1755 840; x_wconf 90' lang='lat' dir='ltr'><strong>in-</strong></span> 
     </span>
    </p>
   </div>
   <div class='ocr_carea' id='block_1_34' title="bbox 71 846 876 894">
    <p class='ocr_par' dir='ltr' id='par_1_34' title="bbox 71 851 874 893">
     <span class='ocr_line' id='line_1_34' title="bbox 71 851 874 893; baseline 0.006 -16"><span class='ocrx_word' id='word_1_207' title='bbox 71 854 123 883; x_wconf 81' lang='grc' dir='ltr'>τῆς</span> <span class='ocrx_word' id='word_1_208' title='bbox 149 851 389 889; x_wconf 79' lang='grc' dir='ltr'>ἁρχιεπισκοπικῆς</span> <span class='ocrx_word' id='word_1_209' title='bbox 426 854 501 887; x_wconf 81' lang='grc' dir='ltr'>ἀξίας</span> <span class='ocrx_word' id='word_1_210' title='bbox 545 855 652 893; x_wconf 83' lang='grc' dir='ltr'>ὀνόματι</span> <span class='ocrx_word' id='word_1_211' title='bbox 698 856 874 888; x_wconf 79' lang='grc' dir='ltr'>ἰπισκοπικῶς</span> 
     </span>
    </p>
   </div>
   <div class='ocr_carea' id='block_1_35' title="bbox 970 846 1755 894">
    <p class='ocr_par' dir='ltr' id='par_1_35' title="bbox 970 846 1755 893">
     <span class='ocr_line' id='line_1_35' title="bbox 970 846 1755 893; baseline -0.001 -7"><span class='ocrx_word' id='word_1_212' title='bbox 970 857 1028 886; x_wconf 87' lang='lat' dir='ltr'><strong>lere</strong></span> <span class='ocrx_word' id='word_1_213' title='bbox 1040 846 1211 887; x_wconf 56' lang='lat' dir='ltr'><strong>vel-dictam</strong></span> <span class='ocrx_word' id='word_1_214' title='bbox 1231 857 1317 886; x_wconf 83' lang='lat' dir='ltr'><strong>Soliae</strong></span> <span class='ocrx_word' id='word_1_215' title='bbox 1341 857 1445 885; x_wconf 87' lang='lat' dir='ltr'><strong>sedem</strong></span> <span class='ocrx_word' id='word_1_216' title='bbox 1459 846 1521 885; x_wconf 58' lang='lat' dir='ltr'><strong>_vel</strong></span> <span class='ocrx_word' id='word_1_217' title='bbox 1541 856 1650 892; x_wconf 79' lang='lat' dir='ltr'><strong>degere</strong></span> <span class='ocrx_word' id='word_1_218' title='bbox 1673 856 1755 893; x_wconf 84' lang='lat' dir='ltr'><strong>apud</strong></span> 
     </span>
    </p>
   </div>
   <div class='ocr_carea' id='block_1_36' title="bbox 71 898 875 936">
    <p class='ocr_par' dir='ltr' id='par_1_36' title="bbox 71 898 875 936">
     <span class='ocr_line' id='line_1_36' title="bbox 71 898 875 936; baseline 0.009 -14"><span class='ocrx_word' id='word_1_219' title='bbox 71 899 272 934; x_wconf 70' lang='grc' dir='ltr'><strong>ποιμαινόμενα·</strong></span> <span class='ocrx_word' id='word_1_220' title='bbox 299 898 374 931; x_wconf 79' lang='grc' dir='ltr'>οὗτος</span> <span class='ocrx_word' id='word_1_221' title='bbox 390 901 478 936; x_wconf 78' lang='grc' dir='ltr'>μέντοι</span> <span class='ocrx_word' id='word_1_222' title='bbox 504 904 550 927; x_wconf 78' lang='grc' dir='ltr'>τοῦ</span> <span class='ocrx_word' id='word_1_223' title='bbox 586 899 649 928; x_wconf 83' lang='grc' dir='ltr'>εἶναι</span> <span class='ocrx_word' id='word_1_224' title='bbox 690 901 767 928; x_wconf 79' lang='grc' dir='ltr'>αὑτὸν</span> <span class='ocrx_word' id='word_1_225' title='bbox 803 901 875 928; x_wconf 57' lang='lat' dir='ltr'><strong>(&quot;Atti-</strong></span> 
     </span>
    </p>
   </div>
   <div class='ocr_carea' id='block_1_37' title="bbox 75 941 877 984">
    <p class='ocr_par' dir='ltr' id='par_1_37' title="bbox 75 941 877 984">
     <span class='ocr_line' id='line_1_37' title="bbox 75 941 877 984; baseline 0.007 -17"><span class='ocrx_word' id='word_1_226' title='bbox 75 941 178 978; x_wconf 85' lang='grc' dir='ltr'>θερονῆ</span> <span class='ocrx_word' id='word_1_227' title='bbox 193 941 219 968; x_wconf 76' lang='grc' dir='ltr'>ἐν</span> <span class='ocrx_word' id='word_1_228' title='bbox 232 946 268 978; x_wconf 82' lang='grc' dir='ltr'>τῷ</span> <span class='ocrx_word' id='word_1_229' title='bbox 294 943 398 980; x_wconf 82' lang='grc' dir='ltr'><strong>ῥηθέντι</strong></span> <span class='ocrx_word' id='word_1_230' title='bbox 427 946 509 982; x_wconf 82' lang='grc' dir='ltr'>θρόνῳ</span> <span class='ocrx_word' id='word_1_231' title='bbox 532 950 580 977; x_wconf 84' lang='grc' dir='ltr'>τῆς</span> <span class='ocrx_word' id='word_1_232' title='bbox 611 946 730 979; x_wconf 85' lang='grc' dir='ltr'>Σωλείας,</span> <span class='ocrx_word' id='word_1_233' title='bbox 755 947 770 976; x_wconf 75' lang='grc' dir='ltr'><strong>ἦ</strong></span> <span class='ocrx_word' id='word_1_234' title='bbox 804 947 877 984; x_wconf 82' lang='grc' dir='ltr'>παρὰ</span> 
     </span>
    </p>
   </div>
   <div class='ocr_carea' id='block_1_38' title="bbox 72 985 876 1027">
    <p class='ocr_par' dir='ltr' id='par_1_38' title="bbox 72 985 876 1027">
     <span class='ocr_line' id='line_1_38' title="bbox 72 985 876 1027; baseline 0.007 -16"><span class='ocrx_word' id='word_1_235' title='bbox 72 989 107 1022; x_wconf 78' lang='grc' dir='ltr'>τῇ</span> <span class='ocrx_word' id='word_1_236' title='bbox 132 985 258 1023; x_wconf 78' lang='grc' dir='ltr'>ἐκκλησίᾳ</span> <span class='ocrx_word' id='word_1_237' title='bbox 276 991 326 1014; x_wconf 78' lang='grc' dir='ltr'>τῶν</span> <span class='ocrx_word' id='word_1_238' title='bbox 353 991 468 1026; x_wconf 80' lang='grc' dir='ltr'>Γραικῶν</span> <span class='ocrx_word' id='word_1_239' title='bbox 500 993 546 1016; x_wconf 72' lang='grc' dir='ltr'>τοῦ</span> <span class='ocrx_word' id='word_1_240' title='bbox 568 989 656 1026; x_wconf 71' lang='grc' dir='ltr'><strong>⁴Δγίου</strong></span> <span class='ocrx_word' id='word_1_241' title='bbox 681 990 801 1027; x_wconf 80' lang='grc' dir='ltr'>Βαρνάϐα</span> <span class='ocrx_word' id='word_1_242' title='bbox 829 994 876 1022; x_wconf 82' lang='grc' dir='ltr'>τῆς</span> 
     </span>
    </p>
   </div>
   <div class='ocr_carea' id='block_1_39' title="bbox 74 1032 876 1073">
    <p class='ocr_par' dir='ltr' id='par_1_39' title="bbox 74 1032 876 1073">
     <span class='ocr_line' id='line_1_39' title="bbox 74 1032 876 1073; baseline 0.006 -16"><span class='ocrx_word' id='word_1_243' title='bbox 74 1033 234 1066; x_wconf 80' lang='grc' dir='ltr'>Λευκοσίας,</span> <span class='ocrx_word' id='word_1_244' title='bbox 260 1032 291 1062; x_wconf 81' lang='grc' dir='ltr'>ἣν</span> <span class='ocrx_word' id='word_1_245' title='bbox 319 1033 356 1064; x_wconf 83' lang='grc' dir='ltr'>εἰς</span> <span class='ocrx_word' id='word_1_246' title='bbox 380 1036 424 1060; x_wconf 86' lang='grc' dir='ltr'><strong>τόν</strong></span> <span class='ocrx_word' id='word_1_247' title='bbox 448 1033 589 1062; x_wconf 76' lang='grc' dir='ltr'>ἐπίσκοπον</span> <span class='ocrx_word' id='word_1_248' title='bbox 612 1039 658 1062; x_wconf 81' lang='grc' dir='ltr'>τοῦ</span> <span class='ocrx_word' id='word_1_249' title='bbox 697 1036 778 1062; x_wconf 80' lang='grc' dir='ltr'>αὐτοῦ</span> <span class='ocrx_word' id='word_1_250' title='bbox 816 1036 876 1073; x_wconf 87' lang='grc' dir='ltr'>θρό-</span> 
     </span>
    </p>
   </div>
   <div class='ocr_carea' id='block_1_40' title="bbox 73 1079 877 1118">
    <p class='ocr_par' dir='ltr' id='par_1_40' title="bbox 73 1079 877 1118">
     <span class='ocr_line' id='line_1_40' title="bbox 73 1079 877 1118; baseline 0.006 -17"><span class='ocrx_word' id='word_1_251' title='bbox 73 1085 121 1102; x_wconf 86' lang='grc' dir='ltr'>νου</span> <span class='ocrx_word' id='word_1_252' title='bbox 160 1080 188 1102; x_wconf 70' lang='lat' dir='ltr'><strong>ix.</strong></span> <span class='ocrx_word' id='word_1_253' title='bbox 229 1080 275 1107; x_wconf 88' lang='grc' dir='ltr'>τῆς</span> <span class='ocrx_word' id='word_1_254' title='bbox 314 1079 439 1110; x_wconf 82' lang='grc' dir='ltr'>τοιαύτης</span> <span class='ocrx_word' id='word_1_255' title='bbox 480 1079 626 1117; x_wconf 71' lang='grc' dir='ltr'><strong>εὐεργεσίας</strong></span> <span class='ocrx_word' id='word_1_256' title='bbox 666 1084 714 1111; x_wconf 85' lang='grc' dir='ltr'>τῆς</span> <span class='ocrx_word' id='word_1_257' title='bbox 750 1081 877 1118; x_wconf 70' lang='grc' dir='ltr'>ἡμετέρας</span> 
     </span>
    </p>
   </div>
   <div class='ocr_carea' id='block_1_41' title="bbox 76 1119 877 1162">
    <p class='ocr_par' dir='ltr' id='par_1_41' title="bbox 76 1119 877 1162">
     <span class='ocr_line' id='line_1_41' title="bbox 76 1119 877 1162; baseline 0.005 -15"><span class='ocrx_word' id='word_1_258' title='bbox 76 1119 220 1153; x_wconf 78' lang='grc' dir='ltr'><strong>διατάξεως</strong></span> <span class='ocrx_word' id='word_1_259' title='bbox 237 1123 360 1152; x_wconf 77' lang='grc' dir='ltr'>καθήκειν</span> <span class='ocrx_word' id='word_1_260' title='bbox 391 1123 426 1155; x_wconf 78' lang='grc' dir='ltr'>εἰς</span> <span class='ocrx_word' id='word_1_261' title='bbox 451 1125 480 1151; x_wconf 86' lang='grc' dir='ltr'>τὸ</span> <span class='ocrx_word' id='word_1_262' title='bbox 510 1123 627 1157; x_wconf 64' lang='grc' dir='ltr'>διηνεκες</span> <span class='ocrx_word' id='word_1_263' title='bbox 658 1124 805 1162; x_wconf 80' lang='grc' dir='ltr'>βουλόμεθα</span> <span class='ocrx_word' id='word_1_264' title='bbox 832 1127 877 1151; x_wconf 80' lang='grc' dir='ltr'><strong>καὶ</strong></span> 
     </span>
    </p>
   </div>
   <div class='ocr_carea' id='block_1_42' title="bbox 75 1166 877 1198">
    <p class='ocr_par' dir='ltr' id='par_1_42' title="bbox 75 1166 877 1198">
     <span class='ocr_line' id='line_1_42' title="bbox 75 1166 877 1198; baseline 0.005 -6"><span class='ocrx_word' id='word_1_265' title='bbox 75 1166 146 1192; x_wconf 82' lang='grc' dir='ltr'><strong>κατὰ</strong></span> <span class='ocrx_word' id='word_1_266' title='bbox 170 1168 218 1195; x_wconf 77' lang='grc' dir='ltr'>τὴν</span> <span class='ocrx_word' id='word_1_267' title='bbox 246 1166 326 1194; x_wconf 76' lang='grc' dir='ltr'>αὑτοῦ</span> <span class='ocrx_word' id='word_1_268' title='bbox 355 1168 459 1198; x_wconf 77' lang='grc' dir='ltr'>θέλησιν</span> <span class='ocrx_word' id='word_1_269' title='bbox 484 1174 625 1198; x_wconf 74' lang='grc' dir='ltr'>κατοικεῖν.</span> <span class='ocrx_word' id='word_1_270' title='bbox 651 1170 737 1197; x_wconf 76' lang='grc' dir='ltr'>Αὐτοῦ</span> <span class='ocrx_word' id='word_1_271' title='bbox 764 1168 794 1196; x_wconf 74' lang='grc' dir='ltr'><strong>δὲ</strong></span> <span class='ocrx_word' id='word_1_272' title='bbox 829 1172 877 1196; x_wconf 74' lang='grc' dir='ltr'>τοῦ</span> 
     </span>
    </p>
   </div>
   <div class='ocr_carea' id='block_1_43' title="bbox 77 1209 877 1252">
    <p class='ocr_par' dir='ltr' id='par_1_43' title="bbox 77 1209 877 1252">
     <span class='ocr_line' id='line_1_43' title="bbox 77 1209 877 1252; baseline 0.005 -16"><span class='ocrx_word' id='word_1_273' title='bbox 77 1209 291 1247; x_wconf 79' lang='grc' dir='ltr'>ἀρχιεπισκόπου</span> <span class='ocrx_word' id='word_1_274' title='bbox 318 1213 448 1247; x_wconf 78' lang='grc' dir='ltr'>θανόντος,</span> <span class='ocrx_word' id='word_1_275' title='bbox 476 1215 501 1240; x_wconf 73' lang='grc' dir='ltr'>ἓν</span> <span class='ocrx_word' id='word_1_276' title='bbox 524 1218 558 1250; x_wconf 81' lang='grc' dir='ltr'>τῷ</span> <span class='ocrx_word' id='word_1_277' title='bbox 587 1219 633 1245; x_wconf 81' lang='grc' dir='ltr'>τῆς</span> <span class='ocrx_word' id='word_1_278' title='bbox 659 1214 766 1246; x_wconf 82' lang='grc' dir='ltr'>Σωλείας</span> <span class='ocrx_word' id='word_1_279' title='bbox 796 1215 877 1252; x_wconf 82' lang='grc' dir='ltr'>θρόνῳ</span> 
     </span>
    </p>
   </div>
   <div class='ocr_carea' id='block_1_44' title="bbox 77 1255 878 1296">
    <p class='ocr_par' dir='ltr' id='par_1_44' title="bbox 77 1255 878 1296">
     <span class='ocr_line' id='line_1_44' title="bbox 77 1255 878 1296; baseline 0.006 -15"><span class='ocrx_word' id='word_1_280' title='bbox 77 1255 170 1286; x_wconf 76' lang='grc' dir='ltr'>ὁσάκις</span> <span class='ocrx_word' id='word_1_281' title='bbox 182 1256 247 1293; x_wconf 70' lang='grc' dir='ltr'>αὐτῇ</span> <span class='ocrx_word' id='word_1_282' title='bbox 263 1258 398 1294; x_wconf 80' lang='grc' dir='ltr'>χηρεύσῃ,</span> <span class='ocrx_word' id='word_1_283' title='bbox 420 1257 518 1290; x_wconf 78' lang='grc' dir='ltr'>ἁπλοῦς</span> <span class='ocrx_word' id='word_1_284' title='bbox 542 1261 619 1295; x_wconf 81' lang='grc' dir='ltr'>μόνον</span> <span class='ocrx_word' id='word_1_285' title='bbox 647 1263 693 1286; x_wconf 84' lang='grc' dir='ltr'>τοῦ</span> <span class='ocrx_word' id='word_1_286' title='bbox 721 1263 768 1290; x_wconf 80' lang='grc' dir='ltr'>τῶς</span> <span class='ocrx_word' id='word_1_287' title='bbox 799 1262 878 1296; x_wconf 87' lang='grc' dir='ltr'>Γραι-</span> 
     </span>
    </p>
   </div>
   <div class='ocr_carea' id='block_1_45' title="bbox 77 1299 878 1340">
    <p class='ocr_par' dir='ltr' id='par_1_45' title="bbox 77 1299 878 1340">
     <span class='ocr_line' id='line_1_45' title="bbox 77 1299 878 1340; baseline 0.009 -15"><span class='ocrx_word' id='word_1_288' title='bbox 77 1303 130 1326; x_wconf 80' lang='grc' dir='ltr'>κῶν</span> <span class='ocrx_word' id='word_1_289' title='bbox 159 1299 244 1332; x_wconf 70' lang='grc' dir='ltr'>ἓθνους</span> <span class='ocrx_word' id='word_1_290' title='bbox 270 1300 412 1334; x_wconf 75' lang='grc' dir='ltr'>ἐπίσκοπος</span> <span class='ocrx_word' id='word_1_291' title='bbox 441 1305 654 1339; x_wconf 80' lang='grc' dir='ltr'>χειροτονείσθω,</span> <span class='ocrx_word' id='word_1_292' title='bbox 692 1305 720 1334; x_wconf 85' lang='grc' dir='ltr'>ὃς</span> <span class='ocrx_word' id='word_1_293' title='bbox 758 1308 795 1340; x_wconf 83' lang='grc' dir='ltr'>τῷ</span> <span class='ocrx_word' id='word_1_294' title='bbox 833 1307 878 1334; x_wconf 76' lang='grc' dir='ltr'>τῆς</span> 
     </span>
    </p>
   </div>
   <div class='ocr_carea' id='block_1_46' title="bbox 931 901 1756 938">
    <p class='ocr_par' dir='ltr' id='par_1_46' title="bbox 931 901 1756 938">
     <span class='ocr_line' id='line_1_46' title="bbox 931 901 1756 938; baseline -0.002 -7"><span class='ocrx_word' id='word_1_295' title='bbox 931 903 1100 932; x_wconf 68' lang='lat' dir='ltr'><strong>Grmcorum</strong></span> <span class='ocrx_word' id='word_1_296' title='bbox 1116 902 1272 930; x_wconf 83' lang='lat' dir='ltr'><strong>ecclesiam</strong></span> <span class='ocrx_word' id='word_1_297' title='bbox 1286 902 1313 930; x_wconf 92' lang='lat' dir='ltr'><strong>S.</strong></span> <span class='ocrx_word' id='word_1_298' title='bbox 1326 901 1472 930; x_wconf 74' lang='lat' dir='ltr'><strong>Barnabae</strong></span> <span class='ocrx_word' id='word_1_299' title='bbox 1486 902 1634 936; x_wconf 73' lang='lat' dir='ltr'><strong>Leucosaa,</strong></span> <span class='ocrx_word' id='word_1_300' title='bbox 1661 908 1756 938; x_wconf 87' lang='lat' dir='ltr'><strong>quam</strong></span> 
     </span>
    </p>
   </div>
   <div class='ocr_carea' id='block_1_47' title="bbox 931 945 1753 983">
    <p class='ocr_par' dir='ltr' id='par_1_47' title="bbox 931 945 1753 983">
     <span class='ocr_line' id='line_1_47' title="bbox 931 945 1753 983; baseline -0.002 -7"><span class='ocrx_word' id='word_1_301' title='bbox 931 945 970 977; x_wconf 81' lang='lat' dir='ltr'><strong>ad</strong></span> <span class='ocrx_word' id='word_1_302' title='bbox 982 946 1160 983; x_wconf 84' lang='lat' dir='ltr'><strong>episcopum</strong></span> <span class='ocrx_word' id='word_1_303' title='bbox 1179 946 1271 981; x_wconf 85' lang='lat' dir='ltr'><strong>hujus</strong></span> <span class='ocrx_word' id='word_1_304' title='bbox 1295 946 1375 974; x_wconf 88' lang='lat' dir='ltr'><strong>sedis</strong></span> <span class='ocrx_word' id='word_1_305' title='bbox 1401 954 1439 974; x_wconf 84' lang='lat' dir='ltr'><strong>ex</strong></span> <span class='ocrx_word' id='word_1_306' title='bbox 1466 945 1624 982; x_wconf 81' lang='lat' dir='ltr'><strong>praesentis</strong></span> <span class='ocrx_word' id='word_1_307' title='bbox 1641 948 1753 974; x_wconf 78' lang='lat' dir='ltr'><strong>nostrae</strong></span> 
     </span>
    </p>
   </div>
   <div class='ocr_carea' id='block_1_48' title="bbox 929 990 1756 1027">
    <p class='ocr_par' dir='ltr' id='par_1_48' title="bbox 929 990 1756 1027">
     <span class='ocr_line' id='line_1_48' title="bbox 929 990 1756 1027; baseline -0.002 -7"><span class='ocrx_word' id='word_1_308' title='bbox 929 991 1020 1027; x_wconf 85' lang='lat' dir='ltr'><strong>hujus</strong></span> <span class='ocrx_word' id='word_1_309' title='bbox 1032 990 1256 1021; x_wconf 81' lang='lat' dir='ltr'><strong>Constitutionis</strong></span> <span class='ocrx_word' id='word_1_310' title='bbox 1276 990 1424 1019; x_wconf 86' lang='lat' dir='ltr'><strong>beneﬁcio</strong></span> <span class='ocrx_word' id='word_1_311' title='bbox 1451 992 1596 1027; x_wconf 84' lang='lat' dir='ltr'><strong>perpetuo</strong></span> <span class='ocrx_word' id='word_1_312' title='bbox 1621 992 1756 1026; x_wconf 86' lang='lat' dir='ltr'><strong>spectare</strong></span> 
     </span>
    </p>
   </div>
   <div class='ocr_carea' id='block_1_49' title="bbox 929 1034 1757 1071">
    <p class='ocr_par' dir='ltr' id='par_1_49' title="bbox 929 1034 1757 1071">
     <span class='ocr_line' id='line_1_49' title="bbox 929 1034 1757 1071; baseline -0.002 -7"><span class='ocrx_word' id='word_1_313' title='bbox 929 1035 1082 1064; x_wconf 87' lang='lat' dir='ltr'><strong>volumus.</strong></span> <span class='ocrx_word' id='word_1_314' title='bbox 1101 1037 1139 1064; x_wconf 78' lang='lat' dir='ltr'><strong>Eo</strong></span> <span class='ocrx_word' id='word_1_315' title='bbox 1154 1037 1255 1064; x_wconf 84' lang='lat' dir='ltr'><strong>autem</strong></span> <span class='ocrx_word' id='word_1_316' title='bbox 1273 1035 1501 1071; x_wconf 82' lang='lat' dir='ltr'><strong>archiepiscopo</strong></span> <span class='ocrx_word' id='word_1_317' title='bbox 1520 1035 1671 1065; x_wconf 84' lang='lat' dir='ltr'><strong>defuncto.</strong></span> <span class='ocrx_word' id='word_1_318' title='bbox 1693 1034 1757 1062; x_wconf 89' lang='lat' dir='ltr'><strong>sine</strong></span> 
     </span>
    </p>
   </div>
   <div class='ocr_carea' id='block_1_50' title="bbox 930 1079 1758 1116">
    <p class='ocr_par' dir='ltr' id='par_1_50' title="bbox 930 1079 1758 1116">
     <span class='ocr_line' id='line_1_50' title="bbox 930 1079 1758 1116; baseline -0.004 -7"><span class='ocrx_word' id='word_1_319' title='bbox 930 1080 993 1109; x_wconf 89' lang='lat' dir='ltr'><strong>ulla</strong></span> <span class='ocrx_word' id='word_1_320' title='bbox 1008 1080 1209 1109; x_wconf 80' lang='lat' dir='ltr'><strong>controversia</strong></span> <span class='ocrx_word' id='word_1_321' title='bbox 1224 1079 1309 1110; x_wconf 81' lang='lat' dir='ltr'><strong>Soliae</strong></span> <span class='ocrx_word' id='word_1_322' title='bbox 1336 1079 1439 1108; x_wconf 89' lang='lat' dir='ltr'><strong>sedem</strong></span> <span class='ocrx_word' id='word_1_323' title='bbox 1466 1079 1583 1116; x_wconf 83' lang='lat' dir='ltr'><strong>quoties</strong></span> <span class='ocrx_word' id='word_1_324' title='bbox 1612 1087 1668 1106; x_wconf 89' lang='lat' dir='ltr'><strong>suo</strong></span> <span class='ocrx_word' id='word_1_325' title='bbox 1695 1079 1758 1106; x_wconf 81' lang='lat' dir='ltr'><strong>fue-</strong></span> 
     </span>
    </p>
   </div>
   <div class='ocr_carea' id='block_1_51' title="bbox 931 1124 1758 1161">
    <p class='ocr_par' dir='ltr' id='par_1_51' title="bbox 931 1124 1758 1161">
     <span class='ocr_line' id='line_1_51' title="bbox 931 1124 1758 1161; baseline -0.002 -8"><span class='ocrx_word' id='word_1_326' title='bbox 931 1124 968 1154; x_wconf 88' lang='lat' dir='ltr'><strong>rit</strong></span> <span class='ocrx_word' id='word_1_327' title='bbox 981 1124 1089 1154; x_wconf 88' lang='lat' dir='ltr'><strong>orbata</strong></span> <span class='ocrx_word' id='word_1_328' title='bbox 1102 1127 1232 1161; x_wconf 76' lang='lat' dir='ltr'><strong>pastore,</strong></span> <span class='ocrx_word' id='word_1_329' title='bbox 1249 1133 1286 1153; x_wconf 81' lang='lat' dir='ltr'><strong>ex</strong></span> <span class='ocrx_word' id='word_1_330' title='bbox 1309 1126 1479 1153; x_wconf 72' lang='lat' dir='ltr'><strong>Graecorum</strong></span> <span class='ocrx_word' id='word_1_331' title='bbox 1502 1124 1648 1153; x_wconf 73' lang='lat' dir='ltr'><strong>duntaxat</strong></span> <span class='ocrx_word' id='word_1_332' title='bbox 1672 1125 1758 1158; x_wconf 79' lang='lat' dir='ltr'><strong>gente</strong></span> 
     </span>
    </p>
   </div>
   <div class='ocr_carea' id='block_1_52' title="bbox 931 1167 1760 1206">
    <p class='ocr_par' dir='ltr' id='par_1_52' title="bbox 931 1167 1760 1206">
     <span class='ocr_line' id='line_1_52' title="bbox 931 1167 1760 1206; baseline -0.002 -8"><span class='ocrx_word' id='word_1_333' title='bbox 931 1169 1093 1206; x_wconf 88' lang='lat' dir='ltr'><strong>episcopus</strong></span> <span class='ocrx_word' id='word_1_334' title='bbox 1115 1169 1251 1205; x_wconf 82' lang='lat' dir='ltr'><strong>eligatur,</strong></span> <span class='ocrx_word' id='word_1_335' title='bbox 1264 1169 1317 1205; x_wconf 89' lang='lat' dir='ltr'><strong>qui</strong></span> <span class='ocrx_word' id='word_1_336' title='bbox 1330 1168 1477 1197; x_wconf 77' lang='lat' dir='ltr'><strong>Leucosiae</strong></span> <span class='ocrx_word' id='word_1_337' title='bbox 1490 1168 1643 1205; x_wconf 85' lang='lat' dir='ltr'><strong>episcopo,</strong></span> <span class='ocrx_word' id='word_1_338' title='bbox 1653 1167 1760 1196; x_wconf 87' lang='lat' dir='ltr'><strong>eodem</strong></span> 
     </span>
    </p>
   </div>
   <div class='ocr_carea' id='block_1_53' title="bbox 931 1212 1762 1251">
    <p class='ocr_par' dir='ltr' id='par_1_53' title="bbox 931 1212 1762 1251">
     <span class='ocr_line' id='line_1_53' title="bbox 931 1212 1762 1251; baseline -0.004 -8"><span class='ocrx_word' id='word_1_339' title='bbox 931 1214 1025 1243; x_wconf 91' lang='lat' dir='ltr'><strong>modo</strong></span> <span class='ocrx_word' id='word_1_340' title='bbox 1039 1222 1100 1251; x_wconf 89' lang='lat' dir='ltr'><strong>quo</strong></span> <span class='ocrx_word' id='word_1_341' title='bbox 1113 1214 1201 1243; x_wconf 86' lang='lat' dir='ltr'><strong>etalii</strong></span> <span class='ocrx_word' id='word_1_342' title='bbox 1213 1213 1347 1251; x_wconf 87' lang='lat' dir='ltr'><strong>episcopi</strong></span> <span class='ocrx_word' id='word_1_343' title='bbox 1362 1213 1454 1242; x_wconf 66' lang='lat' dir='ltr'><strong>Graeci</strong></span> <span class='ocrx_word' id='word_1_344' title='bbox 1480 1212 1590 1241; x_wconf 80' lang='lat' dir='ltr'><strong>Latinis</strong></span> <span class='ocrx_word' id='word_1_345' title='bbox 1623 1214 1762 1241; x_wconf 88' lang='lat' dir='ltr'><strong>tenentur</strong></span> 
     </span>
    </p>
   </div>
   <div class='ocr_carea' id='block_1_54' title="bbox 932 1256 1762 1295">
    <p class='ocr_par' dir='ltr' id='par_1_54' title="bbox 932 1256 1762 1295">
     <span class='ocr_line' id='line_1_54' title="bbox 932 1256 1762 1295; baseline -0.004 -8"><span class='ocrx_word' id='word_1_346' title='bbox 932 1258 1056 1287; x_wconf 81' lang='lat' dir='ltr'><strong>subesse</strong></span> <span class='ocrx_word' id='word_1_347' title='bbox 1062 1258 1221 1295; x_wconf 84' lang='lat' dir='ltr'><strong>episcopis,</strong></span> <span class='ocrx_word' id='word_1_348' title='bbox 1229 1266 1265 1287; x_wconf 85' lang='lat' dir='ltr'><strong>ex</strong></span> <span class='ocrx_word' id='word_1_349' title='bbox 1270 1257 1424 1295; x_wconf 73' lang='lat' dir='ltr'><strong>praesentis</strong></span> <span class='ocrx_word' id='word_1_350' title='bbox 1431 1259 1532 1286; x_wconf 89' lang='lat' dir='ltr'><strong>tenore</strong></span> <span class='ocrx_word' id='word_1_351' title='bbox 1539 1256 1762 1285; x_wconf 82' lang='lat' dir='ltr'><strong>Constitutionis</strong></span> 
     </span>
    </p>
   </div>
   <div class='ocr_carea' id='block_1_55' title="bbox 932 1296 1562 1341">
    <p class='ocr_par' dir='ltr' id='par_1_55' title="bbox 932 1296 1562 1341">
     <span class='ocr_line' id='line_1_55' title="bbox 932 1296 1562 1341; baseline 0 -9"><span class='ocrx_word' id='word_1_352' title='bbox 932 1303 1022 1332; x_wconf 86' lang='lat' dir='ltr'><strong>etiam</strong></span> <span class='ocrx_word' id='word_1_353' title='bbox 1039 1303 1102 1341; x_wconf 88' lang='lat' dir='ltr'><strong>ipse</strong></span> <span class='ocrx_word' id='word_1_354' title='bbox 1122 1304 1226 1332; x_wconf 88' lang='lat' dir='ltr'><strong>subsit.</strong></span> <span class='ocrx_word' id='word_1_355' title='bbox 1559 1296 1562 1302; x_wconf 81' lang='grc'><em>’</em></span> 
     </span>
    </p>
   </div>
   <div class='ocr_carea' id='block_1_56' title="bbox 78 1345 1763 1386">
    <p class='ocr_par' dir='ltr' id='par_1_56' title="bbox 78 1345 1763 1386">
     <span class='ocr_line' id='line_1_56' title="bbox 78 1345 1763 1386; baseline 0 -13"><span class='ocrx_word' id='word_1_356' title='bbox 78 1347 225 1377; x_wconf 87' lang='grc' dir='ltr'>Λευκοσίας</span> <span class='ocrx_word' id='word_1_357' title='bbox 248 1345 381 1383; x_wconf 77' lang='grc' dir='ltr'>ἐπισκόπῳ</span> <span class='ocrx_word' id='word_1_358' title='bbox 401 1351 437 1383; x_wconf 84' lang='grc' dir='ltr'>τῷ</span> <span class='ocrx_word' id='word_1_359' title='bbox 460 1348 530 1384; x_wconf 78' lang='grc' dir='ltr'>αὐτῷ</span> <span class='ocrx_word' id='word_1_360' title='bbox 561 1350 649 1386; x_wconf 81' lang='grc' dir='ltr'>τρόπω</span> <span class='ocrx_word' id='word_1_361' title='bbox 716 1351 762 1375; x_wconf 83' lang='grc' dir='ltr'>καὶ</span> <span class='ocrx_word' id='word_1_362' title='bbox 791 1349 815 1375; x_wconf 80' lang='grc' dir='ltr'>οἱ</span> <span class='ocrx_word' id='word_1_363' title='bbox 836 1347 909 1375; x_wconf 77' lang='grc' dir='ltr'>ἄλλοι</span> <span class='ocrx_word' id='word_1_364' title='bbox 928 1351 1035 1385; x_wconf 81' lang='grc' dir='ltr'>Γραικοὶ</span> <span class='ocrx_word' id='word_1_365' title='bbox 1074 1348 1210 1375; x_wconf 69' lang='grc' dir='ltr'>ἐπίσκοποι</span> <span class='ocrx_word' id='word_1_366' title='bbox 1250 1347 1396 1384; x_wconf 71' lang='grc' dir='ltr'>ὀφείλουσιν</span> <span class='ocrx_word' id='word_1_367' title='bbox 1429 1348 1584 1374; x_wconf 69' lang='grc' dir='ltr'>ὑποκεῖσθαι</span> <span class='ocrx_word' id='word_1_368' title='bbox 1617 1351 1671 1378; x_wconf 84' lang='grc' dir='ltr'>τοῖς</span> <span class='ocrx_word' id='word_1_369' title='bbox 1710 1349 1763 1374; x_wconf 74' lang='lat' dir='ltr'><strong>Aa:—</strong></span> 
     </span>
    </p>
   </div>
   <div class='ocr_carea' id='block_1_57' title="bbox 78 1390 1258 1430">
    <p class='ocr_par' dir='ltr' id='par_1_57' title="bbox 78 1390 1258 1430">
     <span class='ocr_line' id='line_1_57' title="bbox 78 1390 1258 1430; baseline 0.002 -13"><span class='ocrx_word' id='word_1_370' title='bbox 78 1390 343 1425; x_wconf 78' lang='grc' dir='ltr'>τίνοις.ἕπισκόποις,</span> <span class='ocrx_word' id='word_1_371' title='bbox 365 1393 431 1419; x_wconf 84' lang='grc' dir='ltr'>κατὰ</span> <span class='ocrx_word' id='word_1_372' title='bbox 450 1394 495 1422; x_wconf 83' lang='grc' dir='ltr'>τὴν</span> <span class='ocrx_word' id='word_1_373' title='bbox 516 1396 639 1430; x_wconf 81' lang='grc' dir='ltr'>πρόνοιαν</span> <span class='ocrx_word' id='word_1_374' title='bbox 662 1398 708 1424; x_wconf 83' lang='grc' dir='ltr'>τῆς</span> <span class='ocrx_word' id='word_1_375' title='bbox 730 1394 869 1430; x_wconf 77' lang='grc' dir='ltr'>παρούσης</span> <span class='ocrx_word' id='word_1_376' title='bbox 893 1390 1038 1425; x_wconf 77' lang='grc' dir='ltr'>διατάξεως</span> <span class='ocrx_word' id='word_1_377' title='bbox 1062 1393 1258 1422; x_wconf 74' lang='grc' dir='ltr'>ὕποταττίσθω.</span> 
     </span>
    </p>
   </div>
   <div class='ocr_carea' id='block_1_58' title="bbox 113 1435 880 1476">
    <p class='ocr_par' dir='ltr' id='par_1_58' title="bbox 113 1435 880 1476">
     <span class='ocr_line' id='line_1_58' title="bbox 113 1435 880 1476; baseline 0.003 -15"><span class='ocrx_word' id='word_1_378' title='bbox 113 1437 164 1462; x_wconf 88' lang='grc' dir='ltr'><strong>Τὸν</strong></span> <span class='ocrx_word' id='word_1_379' title='bbox 194 1435 272 1462; x_wconf 84' lang='grc' dir='ltr'>αὐτὸν</span> <span class='ocrx_word' id='word_1_380' title='bbox 314 1447 401 1474; x_wconf 85' lang='grc' dir='ltr'>μεντοι</span> <span class='ocrx_word' id='word_1_381' title='bbox 440 1440 580 1476; x_wconf 77' lang='grc' dir='ltr'>Γερμανὸν,</span> <span class='ocrx_word' id='word_1_382' title='bbox 615 1440 659 1465; x_wconf 88' lang='grc' dir='ltr'><strong>τόν</strong></span> <span class='ocrx_word' id='word_1_383' title='bbox 687 1442 737 1465; x_wconf 83' lang='grc' dir='ltr'>τῶν</span> <span class='ocrx_word' id='word_1_384' title='bbox 764 1442 880 1475; x_wconf 80' lang='grc' dir='ltr'>Γραικῶν</span> 
     </span>
    </p>
   </div>
   <div class='ocr_carea' id='block_1_59' title="bbox 78 1481 880 1520">
    <p class='ocr_par' dir='ltr' id='par_1_59' title="bbox 78 1481 880 1520">
     <span class='ocr_line' id='line_1_59' title="bbox 78 1481 880 1520; baseline 0.005 -14"><span class='ocrx_word' id='word_1_385' title='bbox 78 1481 230 1513; x_wconf 72' lang='grc' dir='ltr'>ἓπίοκοπον,</span> <span class='ocrx_word' id='word_1_386' title='bbox 260 1481 298 1512; x_wconf 86' lang='grc' dir='ltr'>οἱς</span> <span class='ocrx_word' id='word_1_387' title='bbox 334 1483 664 1520; x_wconf 74' lang='grc' dir='ltr'>μοναστήρια,ἕκκλησίας,</span> <span class='ocrx_word' id='word_1_388' title='bbox 703 1483 798 1520; x_wconf 81' lang='grc' dir='ltr'>κλῆρον</span> <span class='ocrx_word' id='word_1_389' title='bbox 836 1486 880 1510; x_wconf 77' lang='grc' dir='ltr'>καὶ</span> 
     </span>
    </p>
   </div>
   <div class='ocr_carea' id='block_1_60' title="bbox 972 1436 1763 1475">
    <p class='ocr_par' dir='ltr' id='par_1_60' title="bbox 972 1436 1763 1475">
     <span class='ocr_line' id='line_1_60' title="bbox 972 1436 1763 1475; baseline -0.004 -9"><span class='ocrx_word' id='word_1_390' title='bbox 972 1440 1072 1474; x_wconf 83' lang='lat' dir='ltr'><strong>Ipsum</strong></span> <span class='ocrx_word' id='word_1_391' title='bbox 1088 1445 1178 1475; x_wconf 83' lang='lat' dir='ltr'><strong>porro</strong></span> <span class='ocrx_word' id='word_1_392' title='bbox 1209 1438 1391 1465; x_wconf 81' lang='lat' dir='ltr'><strong>Germanum</strong></span> <span class='ocrx_word' id='word_1_393' title='bbox 1402 1437 1571 1464; x_wconf 68' lang='lat' dir='ltr'><strong>Grmcorum</strong></span> <span class='ocrx_word' id='word_1_394' title='bbox 1586 1436 1763 1472; x_wconf 88' lang='lat' dir='ltr'><strong>episcopum</strong></span> 
     </span>
    </p>
   </div>
   <div class='ocr_carea' id='block_1_61' title="bbox 936 1481 1762 1517">
    <p class='ocr_par' dir='ltr' id='par_1_61' title="bbox 936 1481 1762 1517">
     <span class='ocr_line' id='line_1_61' title="bbox 936 1481 1762 1517; baseline -0.005 -6"><span class='ocrx_word' id='word_1_395' title='bbox 936 1483 976 1511; x_wconf 88' lang='lat' dir='ltr'><strong>ad</strong></span> <span class='ocrx_word' id='word_1_396' title='bbox 991 1482 1182 1517; x_wconf 87' lang='lat' dir='ltr'><strong>monasteria,</strong></span> <span class='ocrx_word' id='word_1_397' title='bbox 1198 1481 1349 1517; x_wconf 83' lang='lat' dir='ltr'><strong>ecclesias,</strong></span> <span class='ocrx_word' id='word_1_398' title='bbox 1361 1481 1474 1510; x_wconf 89' lang='lat' dir='ltr'><strong>clerum</strong></span> <span class='ocrx_word' id='word_1_399' title='bbox 1485 1483 1512 1508; x_wconf 90' lang='lat' dir='ltr'><strong>et</strong></span> <span class='ocrx_word' id='word_1_400' title='bbox 1524 1481 1671 1517; x_wconf 91' lang='lat' dir='ltr'><strong>populum</strong></span> <span class='ocrx_word' id='word_1_401' title='bbox 1687 1481 1762 1508; x_wconf 65' lang='lat' dir='ltr'><strong>Grae-</strong></span> 
     </span>
    </p>
   </div>
   <div class='ocr_carea' id='block_1_62' title="bbox 78 1524 876 1564">
    <p class='ocr_par' dir='ltr' id='par_1_62' title="bbox 78 1524 876 1564">
     <span class='ocr_line' id='line_1_62' title="bbox 78 1524 876 1564; baseline 0.006 -14"><span class='ocrx_word' id='word_1_402' title='bbox 78 1524 139 1551; x_wconf 83' lang='grc' dir='ltr'>λαόν</span> <span class='ocrx_word' id='word_1_403' title='bbox 164 1529 215 1551; x_wconf 81' lang='grc' dir='ltr'>τῶν</span> <span class='ocrx_word' id='word_1_404' title='bbox 244 1529 361 1564; x_wconf 77' lang='grc' dir='ltr'>Γραικῶν</span> <span class='ocrx_word' id='word_1_405' title='bbox 394 1531 439 1558; x_wconf 81' lang='grc' dir='ltr'>τῆς</span> <span class='ocrx_word' id='word_1_406' title='bbox 471 1527 569 1559; x_wconf 86' lang='grc' dir='ltr'>πόλεως</span> <span class='ocrx_word' id='word_1_407' title='bbox 584 1530 729 1559; x_wconf 85' lang='grc' dir='ltr'>Λενκοσίας</span> <span class='ocrx_word' id='word_1_408' title='bbox 753 1531 798 1555; x_wconf 86' lang='grc' dir='ltr'>καὶ</span> <span class='ocrx_word' id='word_1_409' title='bbox 830 1528 876 1555; x_wconf 72' lang='lat' dir='ltr'><strong>Evo-</strong></span> 
     </span>
    </p>
   </div>
   <div class='ocr_carea' id='block_1_63' title="bbox 970 1524 1760 1564">
    <p class='ocr_par' dir='ltr' id='par_1_63' title="bbox 970 1524 1760 1560">
     <span class='ocr_line' id='line_1_63' title="bbox 970 1524 1760 1560; baseline -0.004 -5"><span class='ocrx_word' id='word_1_410' title='bbox 970 1535 1041 1555; x_wconf 55' lang='lat' dir='ltr'><strong>rrum</strong></span> <span class='ocrx_word' id='word_1_411' title='bbox 1062 1527 1211 1555; x_wconf 65' lang='lat' dir='ltr'><strong>Leucosiae</strong></span> <span class='ocrx_word' id='word_1_412' title='bbox 1231 1526 1355 1554; x_wconf 84' lang='lat' dir='ltr'><strong>civitatis</strong></span> <span class='ocrx_word' id='word_1_413' title='bbox 1383 1527 1411 1553; x_wconf 89' lang='lat' dir='ltr'><strong>et</strong></span> <span class='ocrx_word' id='word_1_414' title='bbox 1431 1524 1570 1553; x_wconf 84' lang='lat' dir='ltr'><strong>dioecesis</strong></span> <span class='ocrx_word' id='word_1_415' title='bbox 1594 1525 1760 1560; x_wconf 81' lang='lat' dir='ltr'><strong>regendum</strong></span> 
     </span>
    </p>
   </div>
   <div class='ocr_carea' id='block_1_64' title="bbox 78 1569 881 1608">
    <p class='ocr_par' dir='ltr' id='par_1_64' title="bbox 78 1569 881 1608">
     <span class='ocr_line' id='line_1_64' title="bbox 78 1569 881 1608; baseline 0.005 -12"><span class='ocrx_word' id='word_1_416' title='bbox 78 1572 139 1607; x_wconf 85' lang='grc' dir='ltr'>ρίας</span> <span class='ocrx_word' id='word_1_417' title='bbox 167 1569 316 1607; x_wconf 70' lang='grc' dir='ltr'>βουλόμεθα</span> <span class='ocrx_word' id='word_1_418' title='bbox 356 1571 426 1608; x_wconf 78' lang='grc' dir='ltr'>ἒχειν</span> <span class='ocrx_word' id='word_1_419' title='bbox 459 1571 556 1602; x_wconf 73' lang='grc' dir='ltr'>ἐκείνην</span> <span class='ocrx_word' id='word_1_420' title='bbox 593 1576 640 1603; x_wconf 80' lang='grc' dir='ltr'>τὴν</span> <span class='ocrx_word' id='word_1_421' title='bbox 675 1573 795 1605; x_wconf 77' lang='grc' dir='ltr'>ὶξουσίαν</span> <span class='ocrx_word' id='word_1_422' title='bbox 835 1576 881 1603; x_wconf 76' lang='grc' dir='ltr'>τὴν</span> 
     </span>
    </p>
   </div>
   <div class='ocr_carea' id='block_1_65' title="bbox 78 1615 881 1656">
    <p class='ocr_par' dir='ltr' id='par_1_65' title="bbox 78 1615 881 1656">
     <span class='ocr_line' id='line_1_65' title="bbox 78 1615 881 1656; baseline 0.011 -17"><span class='ocrx_word' id='word_1_423' title='bbox 78 1619 266 1651; x_wconf 71' lang='grc' dir='ltr'>προγεγονυῖαν</span> <span class='ocrx_word' id='word_1_424' title='bbox 291 1619 328 1651; x_wconf 83' lang='grc' dir='ltr'>τῷ</span> <span class='ocrx_word' id='word_1_425' title='bbox 357 1615 582 1654; x_wconf 71' lang='grc' dir='ltr'>ἐμπεπιστευμένῳ</span> <span class='ocrx_word' id='word_1_426' title='bbox 612 1619 693 1656; x_wconf 80' lang='grc' dir='ltr'>θρόνῳ</span> <span class='ocrx_word' id='word_1_427' title='bbox 733 1618 822 1652; x_wconf 69' lang='grc' dir='ltr'>αὑτοῦ,</span> <span class='ocrx_word' id='word_1_428' title='bbox 850 1619 881 1648; x_wconf 75' lang='grc' dir='ltr'>ἦν</span> 
     </span>
    </p>
   </div>
   <div class='ocr_carea' id='block_1_66' title="bbox 79 1659 881 1701">
    <p class='ocr_par' dir='ltr' id='par_1_66' title="bbox 79 1659 881 1701">
     <span class='ocr_line' id='line_1_66' title="bbox 79 1659 881 1701; baseline 0.007 -17"><span class='ocrx_word' id='word_1_429' title='bbox 79 1660 105 1685; x_wconf 87' lang='grc' dir='ltr'>οἱ</span> <span class='ocrx_word' id='word_1_430' title='bbox 127 1659 201 1685; x_wconf 54' lang='lat' dir='ltr'><strong>om.“</strong></span> <span class='ocrx_word' id='word_1_431' title='bbox 224 1664 274 1686; x_wconf 84' lang='grc' dir='ltr'>τῶν</span> <span class='ocrx_word' id='word_1_432' title='bbox 303 1663 419 1698; x_wconf 83' lang='grc' dir='ltr'>Γραικῶν</span> <span class='ocrx_word' id='word_1_433' title='bbox 447 1662 586 1689; x_wconf 80' lang='grc' dir='ltr'>ἐπίσκοποι</span> <span class='ocrx_word' id='word_1_434' title='bbox 606 1667 653 1690; x_wconf 84' lang='grc' dir='ltr'>τοῦ</span> <span class='ocrx_word' id='word_1_435' title='bbox 687 1667 736 1694; x_wconf 78' lang='grc' dir='ltr'>τῆς</span> <span class='ocrx_word' id='word_1_436' title='bbox 774 1666 881 1701; x_wconf 78' lang='grc' dir='ltr'>Κύπρου</span> 
     </span>
    </p>
   </div>
   <div class='ocr_carea' id='block_1_67' title="bbox 79 1704 881 1745">
    <p class='ocr_par' dir='ltr' id='par_1_67' title="bbox 79 1704 881 1745">
     <span class='ocr_line' id='line_1_67' title="bbox 79 1704 881 1745; baseline 0.007 -16"><span class='ocrx_word' id='word_1_437' title='bbox 79 1704 198 1742; x_wconf 78' lang='grc' dir='ltr'>ῥηγάτου</span> <span class='ocrx_word' id='word_1_438' title='bbox 215 1704 242 1730; x_wconf 77' lang='grc' dir='ltr'>ἐκ</span> <span class='ocrx_word' id='word_1_439' title='bbox 256 1709 302 1736; x_wconf 83' lang='grc' dir='ltr'>τῆς</span> <span class='ocrx_word' id='word_1_440' title='bbox 321 1707 449 1738; x_wconf 79' lang='grc' dir='ltr'>τοιαύπῆς</span> <span class='ocrx_word' id='word_1_441' title='bbox 475 1707 635 1744; x_wconf 81' lang='grc' dir='ltr'>προμηθείας</span> <span class='ocrx_word' id='word_1_442' title='bbox 656 1708 691 1739; x_wconf 83' lang='grc' dir='ltr'>εἰς</span> <span class='ocrx_word' id='word_1_443' title='bbox 720 1710 780 1740; x_wconf 80' lang='grc' dir='ltr'>τοὺς</span> <span class='ocrx_word' id='word_1_444' title='bbox 802 1711 881 1745; x_wconf 89' lang='grc' dir='ltr'>Γραι-</span> 
     </span>
    </p>
   </div>
   <div class='ocr_carea' id='block_1_68' title="bbox 80 1749 783 1790">
    <p class='ocr_par' dir='ltr' id='par_1_68' title="bbox 80 1749 783 1790">
     <span class='ocr_line' id='line_1_68' title="bbox 80 1749 783 1790; baseline 0.007 -15"><span class='ocrx_word' id='word_1_445' title='bbox 80 1750 144 1779; x_wconf 81' lang='grc' dir='ltr'>κοὺς</span> <span class='ocrx_word' id='word_1_446' title='bbox 163 1750 222 1779; x_wconf 84' lang='grc' dir='ltr'>τοὺς</span> <span class='ocrx_word' id='word_1_447' title='bbox 236 1749 325 1781; x_wconf 79' lang='grc' dir='ltr'>αὐτοῖς</span> <span class='ocrx_word' id='word_1_448' title='bbox 337 1751 558 1789; x_wconf 71' lang='grc' dir='ltr'>ὑποτεταγμένους</span> <span class='ocrx_word' id='word_1_449' title='bbox 571 1752 783 1790; x_wconf 76' lang='grc' dir='ltr'>ἑπιπράττουσιν.</span> 
     </span>
    </p>
   </div>
   <div class='ocr_carea' id='block_1_69' title="bbox 117 1793 880 1835">
    <p class='ocr_par' dir='ltr' id='par_1_69' title="bbox 117 1793 880 1835">
     <span class='ocr_line' id='line_1_69' title="bbox 117 1793 880 1835; baseline 0.003 -14"><span class='ocrx_word' id='word_1_450' title='bbox 117 1794 169 1821; x_wconf 80' lang='grc' dir='ltr'><strong>Τοῦ</strong></span> <span class='ocrx_word' id='word_1_451' title='bbox 184 1793 274 1820; x_wconf 72' lang='grc' dir='ltr'>λοιποῦ</span> <span class='ocrx_word' id='word_1_452' title='bbox 285 1794 355 1831; x_wconf 78' lang='grc' dir='ltr'>αὐτῷ</span> <span class='ocrx_word' id='word_1_453' title='bbox 381 1800 417 1831; x_wconf 80' lang='grc' dir='ltr'>τῷ</span> <span class='ocrx_word' id='word_1_454' title='bbox 444 1800 494 1822; x_wconf 85' lang='grc' dir='ltr'>τῶν</span> <span class='ocrx_word' id='word_1_455' title='bbox 525 1799 641 1833; x_wconf 78' lang='grc' dir='ltr'>Γραικῶν</span> <span class='ocrx_word' id='word_1_456' title='bbox 677 1797 880 1835; x_wconf 78' lang='grc' dir='ltr'>ἁρχιεπισκὸπῳ</span> 
     </span>
    </p>
   </div>
   <div class='ocr_carea' id='block_1_70' title="bbox 80 1838 880 1880">
    <p class='ocr_par' dir='ltr' id='par_1_70' title="bbox 80 1838 880 1880">
     <span class='ocr_line' id='line_1_70' title="bbox 80 1838 880 1880; baseline 0.006 -16"><span class='ocrx_word' id='word_1_457' title='bbox 80 1838 199 1873; x_wconf 75' lang='grc' dir='ltr'>ζῶντι,ἢ</span> <span class='ocrx_word' id='word_1_458' title='bbox 215 1841 261 1868; x_wconf 78' lang='grc' dir='ltr'>τὴν</span> <span class='ocrx_word' id='word_1_459' title='bbox 282 1842 330 1870; x_wconf 82' lang='grc' dir='ltr'>τὴς</span> <span class='ocrx_word' id='word_1_460' title='bbox 351 1839 593 1877; x_wconf 77' lang='grc' dir='ltr'>ἀρχιεπισκοπικῆς</span> <span class='ocrx_word' id='word_1_461' title='bbox 620 1841 695 1874; x_wconf 79' lang='grc' dir='ltr'>ἀξίας</span> <span class='ocrx_word' id='word_1_462' title='bbox 716 1842 880 1880; x_wconf 79' lang='grc' dir='ltr'>λειτουργίαν</span> 
     </span>
    </p>
   </div>
   <div class='ocr_carea' id='block_1_71' title="bbox 77 1883 876 1925">
    <p class='ocr_par' dir='ltr' id='par_1_71' title="bbox 77 1883 876 1925">
     <span class='ocr_line' id='line_1_71' title="bbox 77 1883 876 1925; baseline 0.004 -15"><span class='ocrx_word' id='word_1_463' title='bbox 77 1886 303 1921; x_wconf 76' lang='grc' dir='ltr'>παρακατὶχοντι,</span> <span class='ocrx_word' id='word_1_464' title='bbox 319 1885 398 1911; x_wconf 77' lang='grc' dir='ltr'>αὐτοῦ</span> <span class='ocrx_word' id='word_1_465' title='bbox 411 1883 446 1915; x_wconf 77' lang='grc' dir='ltr'><strong>δὴ</strong></span> <span class='ocrx_word' id='word_1_466' title='bbox 469 1890 515 1913; x_wconf 78' lang='grc' dir='ltr'>τοῦ</span> <span class='ocrx_word' id='word_1_467' title='bbox 540 1886 754 1925; x_wconf 76' lang='grc' dir='ltr'>ἀρχιεπισκόπου</span> <span class='ocrx_word' id='word_1_468' title='bbox 770 1890 814 1915; x_wconf 82' lang='grc' dir='ltr'>καὶ</span> <span class='ocrx_word' id='word_1_469' title='bbox 827 1892 876 1914; x_wconf 83' lang='grc' dir='ltr'>τῶν</span> 
     </span>
    </p>
   </div>
   <div class='ocr_carea' id='block_1_72' title="bbox 77 1927 879 1969">
    <p class='ocr_par' dir='ltr' id='par_1_72' title="bbox 77 1927 879 1969">
     <span class='ocr_line' id='line_1_72' title="bbox 77 1927 879 1969; baseline 0.007 -16"><span class='ocrx_word' id='word_1_470' title='bbox 77 1927 227 1954; x_wconf 67' lang='grc' dir='ltr'>ἐπισκόπων</span> <span class='ocrx_word' id='word_1_471' title='bbox 242 1932 292 1955; x_wconf 80' lang='grc' dir='ltr'><strong>τῶν</strong></span> <span class='ocrx_word' id='word_1_472' title='bbox 315 1931 432 1956; x_wconf 83' lang='grc' dir='ltr'>Λατίνων</span> <span class='ocrx_word' id='word_1_473' title='bbox 454 1930 494 1956; x_wconf 70' lang='grc' dir='ltr'><strong>ἐπὶ</strong></span> <span class='ocrx_word' id='word_1_474' title='bbox 522 1935 574 1961; x_wconf 83' lang='grc' dir='ltr'>τοῖς</span> <span class='ocrx_word' id='word_1_475' title='bbox 603 1934 725 1968; x_wconf 84' lang='grc' dir='ltr'>Γραικόῐς</span> <span class='ocrx_word' id='word_1_476' title='bbox 745 1935 805 1969; x_wconf 82' lang='grc' dir='ltr'>περὶ</span> <span class='ocrx_word' id='word_1_477' title='bbox 832 1934 879 1962; x_wconf 81' lang='grc' dir='ltr'>τὴν</span> 
     </span>
    </p>
   </div>
   <div class='ocr_carea' id='block_1_73' title="bbox 76 1971 880 2011">
    <p class='ocr_par' dir='ltr' id='par_1_73' title="bbox 76 1971 880 2011">
     <span class='ocr_line' id='line_1_73' title="bbox 76 1971 880 2011; baseline 0.007 -14"><span class='ocrx_word' id='word_1_478' title='bbox 76 1971 234 2004; x_wconf 73' lang='grc' dir='ltr'>ἱξακολούθη</span> <span class='ocrx_word' id='word_1_479' title='bbox 239 1983 280 1999; x_wconf 86' lang='grc' dir='ltr'><strong>σιν</strong></span> <span class='ocrx_word' id='word_1_480' title='bbox 341 1979 391 2000; x_wconf 84' lang='grc' dir='ltr'>τῶν</span> <span class='ocrx_word' id='word_1_481' title='bbox 452 1973 696 2011; x_wconf 74' lang='grc' dir='ltr'>ἁρχιιπισκοπικῶν</span> <span class='ocrx_word' id='word_1_482' title='bbox 772 1977 828 2009; x_wconf 80' lang='grc' dir='ltr'>ἑξου</span> <span class='ocrx_word' id='word_1_483' title='bbox 833 1979 880 2003; x_wconf 89' lang='grc' dir='ltr'><strong>σία</strong></span> 
     </span>
    </p>
   </div>
   <div class='ocr_carea' id='block_1_74' title="bbox 72 2016 876 2057">
    <p class='ocr_par' dir='ltr' id='par_1_74' title="bbox 72 2016 876 2057">
     <span class='ocr_line' id='line_1_74' title="bbox 72 2016 876 2057; baseline 0.006 -14"><span class='ocrx_word' id='word_1_484' title='bbox 72 2020 121 2044; x_wconf 78' lang='grc' dir='ltr'><em>τοὺ</em></span> <span class='ocrx_word' id='word_1_485' title='bbox 151 2016 277 2044; x_wconf 70' lang='grc' dir='ltr'>ἀνακινεῖν</span> <span class='ocrx_word' id='word_1_486' title='bbox 305 2020 349 2048; x_wconf 69' lang='grc' dir='ltr'>τήν</span> <span class='ocrx_word' id='word_1_487' title='bbox 376 2023 424 2051; x_wconf 87' lang='grc' dir='ltr'>τῆς</span> <span class='ocrx_word' id='word_1_488' title='bbox 455 2018 585 2051; x_wconf 70' lang='grc' dir='ltr'>διενέξεως</span> <span class='ocrx_word' id='word_1_489' title='bbox 622 2020 685 2050; x_wconf 80' lang='grc' dir='ltr'>ὓλην</span> <span class='ocrx_word' id='word_1_490' title='bbox 718 2021 876 2057; x_wconf 73' lang='grc' dir='ltr'>ἀφελκέσθω.</span> 
     </span>
    </p>
   </div>
   <div class='ocr_carea' id='block_1_75' title="bbox 113 2063 878 2101">
    <p class='ocr_par' dir='ltr' id='par_1_75' title="bbox 113 2063 878 2101">
     <span class='ocr_line' id='line_1_75' title="bbox 113 2063 878 2101; baseline 0.007 -13"><span class='ocrx_word' id='word_1_491' title='bbox 113 2063 245 2098; x_wconf 74' lang='grc' dir='ltr'>Τάττομεν</span> <span class='ocrx_word' id='word_1_492' title='bbox 280 2066 365 2090; x_wconf 80' lang='grc' dir='ltr'>τοίνυν</span> <span class='ocrx_word' id='word_1_493' title='bbox 404 2066 449 2090; x_wconf 85' lang='grc' dir='ltr'>καὶ</span> <span class='ocrx_word' id='word_1_494' title='bbox 482 2065 639 2101; x_wconf 81' lang='grc' dir='ltr'>θεσπίζομεν</span> <span class='ocrx_word' id='word_1_495' title='bbox 674 2069 765 2092; x_wconf 82' lang='grc' dir='ltr'>τοῦτον</span> <span class='ocrx_word' id='word_1_496' title='bbox 801 2066 878 2093; x_wconf 69' lang='grc' dir='ltr'>αὐτὸν</span> 
     </span>
    </p>
   </div>
   <div class='ocr_carea' id='block_1_76' title="bbox 76 2107 877 2147">
    <p class='ocr_par' dir='ltr' id='par_1_76' title="bbox 76 2107 877 2147">
     <span class='ocr_line' id='line_1_76' title="bbox 76 2107 877 2147; baseline 0.004 -14"><span class='ocrx_word' id='word_1_497' title='bbox 76 2107 287 2146; x_wconf 73' lang='grc' dir='ltr'>ἁρχιςπίσκοπον</span> <span class='ocrx_word' id='word_1_498' title='bbox 311 2112 361 2134; x_wconf 79' lang='grc' dir='ltr'>τῶν</span> <span class='ocrx_word' id='word_1_499' title='bbox 394 2111 510 2146; x_wconf 81' lang='grc' dir='ltr'>Γραικῶν</span> <span class='ocrx_word' id='word_1_500' title='bbox 534 2112 672 2146; x_wconf 81' lang='grc' dir='ltr'>Γερμανόν,</span> <span class='ocrx_word' id='word_1_501' title='bbox 701 2111 746 2141; x_wconf 80' lang='grc' dir='ltr'>ἕως</span> <span class='ocrx_word' id='word_1_502' title='bbox 775 2110 805 2136; x_wconf 85' lang='grc' dir='ltr'>ἂν</span> <span class='ocrx_word' id='word_1_503' title='bbox 832 2111 877 2147; x_wconf 72' lang='grc' dir='ltr'><strong>ζῇ,</strong></span> 
     </span>
    </p>
   </div>
   <div class='ocr_carea' id='block_1_77' title="bbox 76 2153 877 2191">
    <p class='ocr_par' dir='ltr' id='par_1_77' title="bbox 76 2153 877 2191">
     <span class='ocr_line' id='line_1_77' title="bbox 76 2153 877 2191; baseline 0.005 -13"><span class='ocrx_word' id='word_1_504' title='bbox 76 2153 106 2180; x_wconf 72' lang='grc' dir='ltr'>ἐκ</span> <span class='ocrx_word' id='word_1_505' title='bbox 135 2156 181 2182; x_wconf 88' lang='grc' dir='ltr'>τῆς</span> <span class='ocrx_word' id='word_1_506' title='bbox 206 2153 388 2183; x_wconf 74' lang='grc' dir='ltr'>καταστάσεως</span> <span class='ocrx_word' id='word_1_507' title='bbox 423 2157 470 2184; x_wconf 83' lang='grc' dir='ltr'>τῆς</span> <span class='ocrx_word' id='word_1_508' title='bbox 502 2155 624 2184; x_wconf 79' lang='grc' dir='ltr'>τοιαύτης</span> <span class='ocrx_word' id='word_1_509' title='bbox 661 2153 792 2191; x_wconf 78' lang='grc' dir='ltr'>διαταγῆς</span> <span class='ocrx_word' id='word_1_510' title='bbox 819 2153 877 2182; x_wconf 72' lang='grc' dir='ltr'>ἄνευ</span> 
     </span>
    </p>
   </div>
   <div class='ocr_carea' id='block_1_78' title="bbox 78 2196 878 2236">
    <p class='ocr_par' dir='ltr' id='par_1_78' title="bbox 78 2196 878 2236">
     <span class='ocr_line' id='line_1_78' title="bbox 78 2196 878 2236; baseline 0.004 -13"><span class='ocrx_word' id='word_1_511' title='bbox 78 2196 226 2233; x_wconf 74' lang='grc' dir='ltr'>ἀντιλογίας</span> <span class='ocrx_word' id='word_1_512' title='bbox 248 2202 298 2224; x_wconf 82' lang='grc' dir='ltr'>τῶν</span> <span class='ocrx_word' id='word_1_513' title='bbox 323 2201 437 2224; x_wconf 86' lang='grc' dir='ltr'>Λατινων</span> <span class='ocrx_word' id='word_1_514' title='bbox 463 2197 605 2236; x_wconf 79' lang='grc' dir='ltr'>ἀρχιερέων</span> <span class='ocrx_word' id='word_1_515' title='bbox 638 2199 784 2236; x_wconf 78' lang='grc' dir='ltr'>ἐλευθέροις,</span> <span class='ocrx_word' id='word_1_516' title='bbox 818 2200 878 2226; x_wconf 86' lang='grc' dir='ltr'>ὃταν</span> 
     </span>
    </p>
   </div>
   <div class='ocr_carea' id='block_1_79' title="bbox 77 2244 879 2281">
    <p class='ocr_par' dir='ltr' id='par_1_79' title="bbox 77 2244 879 2281">
     <span class='ocr_line' id='line_1_79' title="bbox 77 2244 879 2281; baseline 0.004 -13"><span class='ocrx_word' id='word_1_517' title='bbox 77 2244 166 2279; x_wconf 75' lang='grc' dir='ltr'>μέντοι</span> <span class='ocrx_word' id='word_1_518' title='bbox 192 2246 331 2273; x_wconf 85' lang='grc' dir='ltr'>κανονικώς</span> <span class='ocrx_word' id='word_1_519' title='bbox 369 2244 429 2273; x_wconf 76' lang='grc' dir='ltr'>τοὺς</span> <span class='ocrx_word' id='word_1_520' title='bbox 461 2245 588 2281; x_wconf 77' lang='grc' dir='ltr'>Γραικοὺς</span> <span class='ocrx_word' id='word_1_521' title='bbox 624 2247 684 2275; x_wconf 79' lang='grc' dir='ltr'>τοὺς</span> <span class='ocrx_word' id='word_1_522' title='bbox 713 2244 879 2281; x_wconf 79' lang='grc' dir='ltr'>ἑκ).εχθέντας</span> 
     </span>
    </p>
   </div>
   <div class='ocr_carea' id='block_1_80' title="bbox 77 2287 878 2324">
    <p class='ocr_par' dir='ltr' id='par_1_80' title="bbox 77 2287 878 2324">
     <span class='ocr_line' id='line_1_80' title="bbox 77 2287 878 2324; baseline 0.005 -12"><span class='ocrx_word' id='word_1_523' title='bbox 77 2291 110 2323; x_wconf 76' lang='grc' dir='ltr'>τῇ</span> <span class='ocrx_word' id='word_1_524' title='bbox 138 2287 235 2324; x_wconf 75' lang='grc' dir='ltr'>Κύπρῳ</span> <span class='ocrx_word' id='word_1_525' title='bbox 258 2287 366 2319; x_wconf 78' lang='grc' dir='ltr'>καθεξῆς</span> <span class='ocrx_word' id='word_1_526' title='bbox 388 2290 600 2324; x_wconf 79' lang='grc' dir='ltr'>χειροτονητέους</span> <span class='ocrx_word' id='word_1_527' title='bbox 639 2288 673 2319; x_wconf 86' lang='grc' dir='ltr'>εἰς</span> <span class='ocrx_word' id='word_1_528' title='bbox 708 2288 878 2324; x_wconf 82' lang='grc' dir='ltr'>ἐπισκόπους,</span> 
     </span>
    </p>
   </div>
   <div class='ocr_carea' id='block_1_81' title="bbox 77 2330 879 2372">
    <p class='ocr_par' dir='ltr' id='par_1_81' title="bbox 77 2330 879 2372">
     <span class='ocr_line' id='line_1_81' title="bbox 77 2330 879 2372; baseline 0.002 -13"><span class='ocrx_word' id='word_1_529' title='bbox 77 2334 125 2359; x_wconf 78' lang='grc' dir='ltr'>καὶ</span> <span class='ocrx_word' id='word_1_530' title='bbox 148 2330 198 2357; x_wconf 80' lang='grc' dir='ltr'>ἀπὸ</span> <span class='ocrx_word' id='word_1_531' title='bbox 222 2335 272 2358; x_wconf 78' lang='grc' dir='ltr'>τῶν</span> <span class='ocrx_word' id='word_1_532' title='bbox 301 2334 418 2358; x_wconf 79' lang='grc' dir='ltr'>Λατίνων</span> <span class='ocrx_word' id='word_1_533' title='bbox 452 2331 604 2370; x_wconf 73' lang='grc' dir='ltr'>ἀρχιερέων,</span> <span class='ocrx_word' id='word_1_534' title='bbox 628 2333 661 2363; x_wconf 79' lang='grc' dir='ltr'>εἰς</span> <span class='ocrx_word' id='word_1_535' title='bbox 687 2332 720 2359; x_wconf 81' lang='grc' dir='ltr'>ὧν</span> <span class='ocrx_word' id='word_1_536' title='bbox 739 2338 879 2372; x_wconf 85' lang='grc' dir='ltr'>παροικίας</span> 
     </span>
    </p>
   </div>
   <div class='ocr_carea' id='block_1_82' title="bbox 78 2375 877 2416">
    <p class='ocr_par' dir='ltr' id='par_1_82' title="bbox 78 2375 877 2416">
     <span class='ocr_line' id='line_1_82' title="bbox 78 2375 877 2416; baseline 0.003 -13"><span class='ocrx_word' id='word_1_537' title='bbox 78 2376 161 2408; x_wconf 82' lang='grc' dir='ltr'>εἰσὶν,</span> <span class='ocrx_word' id='word_1_538' title='bbox 210 2375 491 2413; x_wconf 70' lang='grc' dir='ltr'>έπισφραγιξομένους,</span> <span class='ocrx_word' id='word_1_539' title='bbox 538 2376 615 2414; x_wconf 73' lang='grc' dir='ltr'>ἀδείᾳ</span> <span class='ocrx_word' id='word_1_540' title='bbox 649 2378 877 2416; x_wconf 73' lang='grc' dir='ltr'>μητροπολιτικῇ,</span> 
     </span>
    </p>
   </div>
   <div class='ocr_carea' id='block_1_83' title="bbox 76 2421 878 2461">
    <p class='ocr_par' dir='ltr' id='par_1_83' title="bbox 76 2421 878 2461">
     <span class='ocr_line' id='line_1_83' title="bbox 76 2421 878 2461; baseline 0.005 -15"><span class='ocrx_word' id='word_1_541' title='bbox 76 2422 142 2459; x_wconf 81' lang='grc' dir='ltr'>πρὸς</span> <span class='ocrx_word' id='word_1_542' title='bbox 168 2422 213 2451; x_wconf 84' lang='grc' dir='ltr'>τὰς</span> <span class='ocrx_word' id='word_1_543' title='bbox 244 2421 314 2458; x_wconf 75' lang='grc' dir='ltr'>ἱερὰς</span> <span class='ocrx_word' id='word_1_544' title='bbox 348 2421 433 2452; x_wconf 77' lang='grc' dir='ltr'>τάξεις</span> <span class='ocrx_word' id='word_1_545' title='bbox 469 2421 718 2460; x_wconf 74' lang='grc' dir='ltr'>προϐιϐαξομένους,</span> <span class='ocrx_word' id='word_1_546' title='bbox 755 2433 878 2461; x_wconf 83' lang='grc' dir='ltr'>χειροτο-</span> 
     </span>
    </p>
   </div>
   <div class='ocr_carea' id='block_1_84' title="bbox 76 2464 878 2505">
    <p class='ocr_par' dir='ltr' id='par_1_84' title="bbox 76 2464 878 2505">
     <span class='ocr_line' id='line_1_84' title="bbox 76 2464 878 2505; baseline 0.004 -14"><span class='ocrx_word' id='word_1_547' title='bbox 76 2467 158 2492; x_wconf 75' lang='grc' dir='ltr'>νείτωι</span> <span class='ocrx_word' id='word_1_548' title='bbox 188 2467 249 2496; x_wconf 75' lang='grc' dir='ltr'>τοὺς</span> <span class='ocrx_word' id='word_1_549' title='bbox 275 2464 304 2492; x_wconf 64' lang='grc' dir='ltr'><strong>δὲ</strong></span> <span class='ocrx_word' id='word_1_550' title='bbox 329 2465 418 2496; x_wconf 73' lang='grc' dir='ltr'>ἄλλους</span> <span class='ocrx_word' id='word_1_551' title='bbox 450 2470 496 2492; x_wconf 75' lang='grc' dir='ltr'>τοῦ</span> <span class='ocrx_word' id='word_1_552' title='bbox 526 2467 606 2492; x_wconf 70' lang='grc' dir='ltr'>αὐτοῦ</span> <span class='ocrx_word' id='word_1_553' title='bbox 642 2468 760 2504; x_wconf 77' lang='grc' dir='ltr'>ῥηγάτοῦ</span> <span class='ocrx_word' id='word_1_554' title='bbox 802 2471 878 2505; x_wconf 86' lang='grc' dir='ltr'>Γραι-</span> 
     </span>
    </p>
   </div>
   <div class='ocr_carea' id='block_1_85' title="bbox 75 2509 878 2548">
    <p class='ocr_par' dir='ltr' id='par_1_85' title="bbox 75 2509 878 2548">
     <span class='ocr_line' id='line_1_85' title="bbox 75 2509 878 2548; baseline 0.004 -12"><span class='ocrx_word' id='word_1_555' title='bbox 75 2512 141 2541; x_wconf 84' lang='grc' dir='ltr'>κοὺς</span> <span class='ocrx_word' id='word_1_556' title='bbox 169 2509 326 2541; x_wconf 72' lang='grc' dir='ltr'>ἐπισκόπους</span> <span class='ocrx_word' id='word_1_557' title='bbox 351 2511 512 2546; x_wconf 78' lang='grc' dir='ltr'>συγκαλείτω</span> <span class='ocrx_word' id='word_1_558' title='bbox 533 2513 597 2548; x_wconf 80' lang='grc' dir='ltr'>πρὸς</span> <span class='ocrx_word' id='word_1_559' title='bbox 630 2514 659 2538; x_wconf 82' lang='grc' dir='ltr'>τὸ</span> <span class='ocrx_word' id='word_1_560' title='bbox 685 2516 731 2543; x_wconf 82' lang='grc' dir='ltr'>τῆς</span> <span class='ocrx_word' id='word_1_561' title='bbox 756 2514 878 2543; x_wconf 73' lang='grc' dir='ltr'>τοιαύτης</span> 
     </span>
    </p>
   </div>
   <div class='ocr_carea' id='block_1_86' title="bbox 76 2555 878 2593">
    <p class='ocr_par' dir='ltr' id='par_1_86' title="bbox 76 2555 878 2593">
     <span class='ocr_line' id='line_1_86' title="bbox 76 2555 878 2593; baseline 0.004 -12"><span class='ocrx_word' id='word_1_562' title='bbox 76 2557 241 2592; x_wconf 80' lang='grc' dir='ltr'>χειροτονίας</span> <span class='ocrx_word' id='word_1_563' title='bbox 279 2557 421 2593; x_wconf 77' lang='grc' dir='ltr'>μυστήριον</span> <span class='ocrx_word' id='word_1_564' title='bbox 455 2555 544 2583; x_wconf 83' lang='grc' dir='ltr'>τελεῖν·</span> <span class='ocrx_word' id='word_1_565' title='bbox 592 2559 637 2583; x_wconf 85' lang='grc' dir='ltr'>καὶ</span> <span class='ocrx_word' id='word_1_566' title='bbox 673 2559 731 2593; x_wconf 68' lang='lat' dir='ltr'><strong>rupi.</strong></span> <span class='ocrx_word' id='word_1_567' title='bbox 782 2560 878 2589; x_wconf 79' lang='grc' dir='ltr'>πάντας</span> 
     </span>
    </p>
   </div>
   <div class='ocr_carea' id='block_1_87' title="bbox 77 2600 879 2639">
    <p class='ocr_par' dir='ltr' id='par_1_87' title="bbox 77 2600 879 2639">
     <span class='ocr_line' id='line_1_87' title="bbox 77 2600 879 2639; baseline 0.004 -13"><span class='ocrx_word' id='word_1_568' title='bbox 77 2602 137 2630; x_wconf 75' lang='grc' dir='ltr'>τοὺς</span> <span class='ocrx_word' id='word_1_569' title='bbox 157 2602 284 2637; x_wconf 83' lang='grc' dir='ltr'>Γραικοὺς</span> <span class='ocrx_word' id='word_1_570' title='bbox 304 2604 349 2626; x_wconf 73' lang='grc' dir='ltr'>τοῦ</span> <span class='ocrx_word' id='word_1_571' title='bbox 379 2600 460 2627; x_wconf 71' lang='grc' dir='ltr'>αὐτοῦ</span> <span class='ocrx_word' id='word_1_572' title='bbox 491 2601 609 2638; x_wconf 78' lang='grc' dir='ltr'>ρηγάτοῡ</span> <span class='ocrx_word' id='word_1_573' title='bbox 641 2602 672 2637; x_wconf 69' lang='grc' dir='ltr'><strong>τῇ</strong></span> <span class='ocrx_word' id='word_1_574' title='bbox 712 2601 775 2638; x_wconf 73' lang='grc' dir='ltr'><strong>αὕτῇ</strong></span> <span class='ocrx_word' id='word_1_575' title='bbox 801 2601 879 2639; x_wconf 78' lang='grc' dir='ltr'>ἀδείᾳ</span> 
     </span>
    </p>
   </div>
   <div class='ocr_carea' id='block_1_88' title="bbox 78 2643 878 2683">
    <p class='ocr_par' dir='ltr' id='par_1_88' title="bbox 78 2643 878 2683">
     <span class='ocr_line' id='line_1_88' title="bbox 78 2643 878 2683; baseline 0.003 -12"><span class='ocrx_word' id='word_1_576' title='bbox 78 2643 227 2680; x_wconf 75' lang='grc' dir='ltr'>ἁπονιμίτω</span> <span class='ocrx_word' id='word_1_577' title='bbox 251 2647 298 2673; x_wconf 82' lang='grc' dir='ltr'>τὴν</span> <span class='ocrx_word' id='word_1_578' title='bbox 338 2649 386 2675; x_wconf 76' lang='grc' dir='ltr'>τῆς</span> <span class='ocrx_word' id='word_1_579' title='bbox 426 2645 582 2681; x_wconf 71' lang='grc' dir='ltr'>ἐπισκέψεως</span> <span class='ocrx_word' id='word_1_580' title='bbox 620 2645 784 2683; x_wconf 80' lang='grc' dir='ltr'>λιιτουργίαν</span> <span class='ocrx_word' id='word_1_581' title='bbox 818 2648 878 2673; x_wconf 84' lang='grc' dir='ltr'>ὃταν</span> 
     </span>
    </p>
   </div>
   <div class='ocr_carea' id='block_1_89' title="bbox 79 2687 879 2726">
    <p class='ocr_par' dir='ltr' id='par_1_89' title="bbox 79 2687 879 2726">
     <span class='ocr_line' id='line_1_89' title="bbox 79 2687 879 2726; baseline 0.003 -10"><span class='ocrx_word' id='word_1_582' title='bbox 79 2689 109 2716; x_wconf 72' lang='grc' dir='ltr'>ἑκ</span> <span class='ocrx_word' id='word_1_583' title='bbox 122 2693 168 2715; x_wconf 76' lang='grc' dir='ltr'>τοῦ</span> <span class='ocrx_word' id='word_1_584' title='bbox 193 2687 299 2716; x_wconf 81' lang='grc' dir='ltr'>δικαίου</span> <span class='ocrx_word' id='word_1_585' title='bbox 324 2689 500 2726; x_wconf 67' lang='grc' dir='ltr'>ἐπινεμηθιὶη·</span> <span class='ocrx_word' id='word_1_586' title='bbox 534 2693 580 2716; x_wconf 83' lang='grc' dir='ltr'>καὶ</span> <span class='ocrx_word' id='word_1_587' title='bbox 609 2690 634 2716; x_wconf 77' lang='grc' dir='ltr'>ἐν</span> <span class='ocrx_word' id='word_1_588' title='bbox 663 2694 721 2721; x_wconf 84' lang='grc' dir='ltr'>ταῖς</span> <span class='ocrx_word' id='word_1_589' title='bbox 744 2692 879 2723; x_wconf 80' lang='grc' dir='ltr'>τοιαύταις</span> 
     </span>
    </p>
   </div>
   <div class='ocr_carea' id='block_1_90' title="bbox 80 2733 879 2771">
    <p class='ocr_par' dir='ltr' id='par_1_90' title="bbox 80 2733 879 2771">
     <span class='ocr_line' id='line_1_90' title="bbox 80 2733 879 2771; baseline 0.003 -11"><span class='ocrx_word' id='word_1_590' title='bbox 80 2734 245 2768; x_wconf 76' lang='grc' dir='ltr'>ἕπίσκοπαῖς,</span> <span class='ocrx_word' id='word_1_591' title='bbox 286 2734 301 2763; x_wconf 81' lang='grc' dir='ltr'><strong>ἣ</strong></span> <span class='ocrx_word' id='word_1_592' title='bbox 350 2733 374 2760; x_wconf 82' lang='grc' dir='ltr'>ἐν</span> <span class='ocrx_word' id='word_1_593' title='bbox 418 2734 505 2765; x_wconf 76' lang='grc' dir='ltr'>αὐτοῖς</span> <span class='ocrx_word' id='word_1_594' title='bbox 550 2736 676 2764; x_wconf 76' lang='grc' dir='ltr'>ἀνήκουσι</span> <span class='ocrx_word' id='word_1_595' title='bbox 715 2735 782 2771; x_wconf 82' lang='grc' dir='ltr'>λόγῳ</span> <span class='ocrx_word' id='word_1_596' title='bbox 825 2735 879 2762; x_wconf 77' lang='grc' dir='ltr'>ἑπι-</span> 
     </span>
    </p>
   </div>
   <div class='ocr_carea' id='block_1_91' title="bbox 82 2778 877 2819">
    <p class='ocr_par' dir='ltr' id='par_1_91' title="bbox 82 2778 877 2819">
     <span class='ocr_line' id='line_1_91' title="bbox 82 2778 877 2819; baseline 0.003 -15"><span class='ocrx_word' id='word_1_597' title='bbox 82 2782 192 2814; x_wconf 69' lang='grc' dir='ltr'>σκοπῆς)</span> <span class='ocrx_word' id='word_1_598' title='bbox 216 2778 247 2808; x_wconf 72' lang='grc' dir='ltr'>ἦν</span> <span class='ocrx_word' id='word_1_599' title='bbox 273 2778 495 2815; x_wconf 75' lang='grc' dir='ltr'>μητροπολιτικὴν</span> <span class='ocrx_word' id='word_1_600' title='bbox 514 2780 539 2806; x_wconf 84' lang='grc' dir='ltr'>οἰ</span> <span class='ocrx_word' id='word_1_601' title='bbox 574 2780 637 2806; x_wconf 80' lang='grc' dir='ltr'>θεῖοι</span> <span class='ocrx_word' id='word_1_602' title='bbox 661 2781 763 2811; x_wconf 81' lang='grc' dir='ltr'>κανόνες</span> <span class='ocrx_word' id='word_1_603' title='bbox 793 2789 877 2819; x_wconf 75' lang='grc' dir='ltr'>παρα-</span> 
     </span>
    </p>
   </div>
   <div class='ocr_carea' id='block_1_92' title="bbox 592 2559 731 2593">
    <p class='ocr_par' dir='ltr' id='par_1_92' title="bbox 592 2559 731 2593">
     <span class='ocr_line' id='line_1_92' title="bbox 592 2559 731 2593; baseline 0.007 -11"><span class='ocrx_word' id='word_1_604' title='bbox 592 2559 637 2583; x_wconf 85' lang='grc' dir='ltr'>καὶ</span> <span class='ocrx_word' id='word_1_605' title='bbox 673 2559 731 2593; x_wconf 68' lang='lat' dir='ltr'><strong>rupi.</strong></span> 
     </span>
    </p>
   </div>
   <div class='ocr_carea' id='block_1_93' title="bbox 936 1569 1762 1610">
    <p class='ocr_par' dir='ltr' id='par_1_93' title="bbox 936 1569 1762 1610">
     <span class='ocr_line' id='line_1_93' title="bbox 936 1569 1762 1610; baseline -0.006 -9"><span class='ocrx_word' id='word_1_606' title='bbox 936 1580 1160 1610; x_wconf 87' lang='lat' dir='ltr'><strong>promovemus,</strong></span> <span class='ocrx_word' id='word_1_607' title='bbox 1175 1579 1212 1600; x_wconf 88' lang='lat' dir='ltr'><strong>ea</strong></span> <span class='ocrx_word' id='word_1_608' title='bbox 1223 1572 1368 1608; x_wconf 85' lang='lat' dir='ltr'><strong>potestate</strong></span> <span class='ocrx_word' id='word_1_609' title='bbox 1379 1570 1537 1607; x_wconf 67' lang='lat' dir='ltr'><strong>praeditum</strong></span> <span class='ocrx_word' id='word_1_610' title='bbox 1550 1570 1578 1597; x_wconf 91' lang='lat' dir='ltr'><strong>in</strong></span> <span class='ocrx_word' id='word_1_611' title='bbox 1590 1569 1762 1597; x_wconf 83' lang='lat' dir='ltr'><strong>concredita</strong></span> 
     </span>
    </p>
   </div>
   <div class='ocr_carea' id='block_1_94' title="bbox 937 1614 1762 1652">
    <p class='ocr_par' dir='ltr' id='par_1_94' title="bbox 937 1614 1762 1652">
     <span class='ocr_line' id='line_1_94' title="bbox 937 1614 1762 1652; baseline -0.005 -7"><span class='ocrx_word' id='word_1_612' title='bbox 937 1617 993 1646; x_wconf 90' lang='lat' dir='ltr'><strong>sibi</strong></span> <span class='ocrx_word' id='word_1_613' title='bbox 1004 1617 1086 1651; x_wconf 89' lang='lat' dir='ltr'><strong>sede,</strong></span> <span class='ocrx_word' id='word_1_614' title='bbox 1102 1624 1195 1652; x_wconf 85' lang='lat' dir='ltr'><strong>quam</strong></span> <span class='ocrx_word' id='word_1_615' title='bbox 1202 1615 1425 1644; x_wconf 66' lang='lat' dir='ltr'><strong>alliGreecorum</strong></span> <span class='ocrx_word' id='word_1_616' title='bbox 1433 1614 1567 1651; x_wconf 84' lang='lat' dir='ltr'><strong>episcopi</strong></span> <span class='ocrx_word' id='word_1_617' title='bbox 1584 1614 1667 1649; x_wconf 81' lang='lat' dir='ltr'><strong>regni</strong></span> <span class='ocrx_word' id='word_1_618' title='bbox 1675 1614 1762 1650; x_wconf 85' lang='lat' dir='ltr'><strong>Cypri</strong></span> 
     </span>
    </p>
   </div>
   <div class='ocr_carea' id='block_1_95' title="bbox 936 1659 1762 1698">
    <p class='ocr_par' dir='ltr' id='par_1_95' title="bbox 936 1659 1762 1698">
     <span class='ocr_line' id='line_1_95' title="bbox 936 1659 1762 1698; baseline -0.005 -8"><span class='ocrx_word' id='word_1_619' title='bbox 936 1670 972 1691; x_wconf 83' lang='lat' dir='ltr'><strong>ex</strong></span> <span class='ocrx_word' id='word_1_620' title='bbox 987 1661 1137 1698; x_wconf 84' lang='lat' dir='ltr'><strong>ejusmodi</strong></span> <span class='ocrx_word' id='word_1_621' title='bbox 1173 1661 1344 1698; x_wconf 86' lang='lat' dir='ltr'><strong>provisione</strong></span> <span class='ocrx_word' id='word_1_622' title='bbox 1367 1660 1398 1689; x_wconf 91' lang='lat' dir='ltr'><strong>in</strong></span> <span class='ocrx_word' id='word_1_623' title='bbox 1423 1659 1541 1688; x_wconf 80' lang='lat' dir='ltr'><strong>Graecos</strong></span> <span class='ocrx_word' id='word_1_624' title='bbox 1573 1659 1631 1687; x_wconf 89' lang='lat' dir='ltr'><strong>sub</strong></span> <span class='ocrx_word' id='word_1_625' title='bbox 1657 1666 1762 1687; x_wconf 87' lang='lat' dir='ltr'><strong>eorum</strong></span> 
     </span>
    </p>
   </div>
   <div class='ocr_carea' id='block_1_96' title="bbox 935 1704 1395 1735">
    <p class='ocr_par' dir='ltr' id='par_1_96' title="bbox 935 1704 1395 1735">
     <span class='ocr_line' id='line_1_96' title="bbox 935 1704 1395 1735; baseline -0.004 0"><span class='ocrx_word' id='word_1_626' title='bbox 935 1706 1047 1735; x_wconf 91' lang='lat' dir='ltr'><strong>ditione</strong></span> <span class='ocrx_word' id='word_1_627' title='bbox 1061 1706 1239 1735; x_wconf 87' lang='lat' dir='ltr'><strong>constitutos</strong></span> <span class='ocrx_word' id='word_1_628' title='bbox 1250 1704 1395 1734; x_wconf 88' lang='lat' dir='ltr'><strong>obtinent.</strong></span> 
     </span>
    </p>
   </div>
   <div class='ocr_carea' id='block_1_97' title="bbox 971 1793 1762 1831">
    <p class='ocr_par' dir='ltr' id='par_1_97' title="bbox 971 1793 1762 1831">
     <span class='ocr_line' id='line_1_97' title="bbox 971 1793 1762 1831; baseline -0.005 -6"><span class='ocrx_word' id='word_1_629' title='bbox 971 1798 1011 1825; x_wconf 91' lang='grc' dir='ltr'><strong>Εο</strong></span> <span class='ocrx_word' id='word_1_630' title='bbox 1044 1796 1166 1825; x_wconf 87' lang='lat' dir='ltr'><strong>tandem</strong></span> <span class='ocrx_word' id='word_1_631' title='bbox 1199 1796 1371 1823; x_wconf 80' lang='lat' dir='ltr'><strong>Graecorum</strong></span> <span class='ocrx_word' id='word_1_632' title='bbox 1389 1793 1618 1831; x_wconf 82' lang='lat' dir='ltr'><strong>archiepiscopo</strong></span> <span class='ocrx_word' id='word_1_633' title='bbox 1634 1793 1762 1827; x_wconf 82' lang='lat' dir='ltr'><strong>vivente,</strong></span> 
     </span>
    </p>
   </div>
   <div class='ocr_carea' id='block_1_98' title="bbox 934 1839 1761 1878">
    <p class='ocr_par' dir='ltr' id='par_1_98' title="bbox 934 1839 1761 1878">
     <span class='ocr_line' id='line_1_98' title="bbox 934 1839 1761 1878; baseline -0.006 -7"><span class='ocrx_word' id='word_1_634' title='bbox 934 1842 996 1871; x_wconf 87' lang='lat' dir='ltr'><strong>sive</strong></span> <span class='ocrx_word' id='word_1_635' title='bbox 1015 1840 1277 1878; x_wconf 86' lang='lat' dir='ltr'><strong>archiepiscopalis</strong></span> <span class='ocrx_word' id='word_1_636' title='bbox 1296 1840 1448 1876; x_wconf 83' lang='lat' dir='ltr'><strong>dignitatis</strong></span> <span class='ocrx_word' id='word_1_637' title='bbox 1468 1847 1592 1868; x_wconf 87' lang='lat' dir='ltr'><strong>munere</strong></span> <span class='ocrx_word' id='word_1_638' title='bbox 1610 1839 1761 1874; x_wconf 84' lang='lat' dir='ltr'><strong>fungente,</strong></span> 
     </span>
    </p>
   </div>
   <div class='ocr_carea' id='block_1_99' title="bbox 934 1884 1761 1924">
    <p class='ocr_par' dir='ltr' id='par_1_99' title="bbox 934 1884 1761 1924">
     <span class='ocr_line' id='line_1_99' title="bbox 934 1884 1761 1924; baseline -0.007 -8"><span class='ocrx_word' id='word_1_639' title='bbox 934 1888 991 1924; x_wconf 89' lang='lat' dir='ltr'><strong>ipsi</strong></span> <span class='ocrx_word' id='word_1_640' title='bbox 1005 1886 1359 1924; x_wconf 87' lang='lat' dir='ltr'><strong>quidemarchiepiscopo</strong></span> <span class='ocrx_word' id='word_1_641' title='bbox 1366 1887 1394 1913; x_wconf 88' lang='lat' dir='ltr'><strong>et</strong></span> <span class='ocrx_word' id='word_1_642' title='bbox 1408 1884 1559 1920; x_wconf 87' lang='lat' dir='ltr'><strong>episcopis</strong></span> <span class='ocrx_word' id='word_1_643' title='bbox 1579 1884 1761 1918; x_wconf 82' lang='lat' dir='ltr'><strong>Latinorum,</strong></span> 
     </span>
    </p>
   </div>
   <div class='ocr_carea' id='block_1_100' title="bbox 933 1928 1760 1964">
    <p class='ocr_par' dir='ltr' id='par_1_100' title="bbox 933 1928 1760 1964">
     <span class='ocr_line' id='line_1_100' title="bbox 933 1928 1760 1964; baseline -0.006 -3"><span class='ocrx_word' id='word_1_644' title='bbox 933 1935 966 1961; x_wconf 89' lang='lat' dir='ltr'><strong>ut</strong></span> <span class='ocrx_word' id='word_1_645' title='bbox 983 1929 1554 1964; x_wconf 80' lang='lat' dir='ltr'><strong>exciendimateriadissidiitollatur,de</strong></span> <span class='ocrx_word' id='word_1_646' title='bbox 1563 1928 1760 1964; x_wconf 85' lang='lat' dir='ltr'><strong>archiepisco-</strong></span> 
     </span>
    </p>
   </div>
   <div class='ocr_carea' id='block_1_101' title="bbox 933 1973 1760 2014">
    <p class='ocr_par' dir='ltr' id='par_1_101' title="bbox 933 1973 1760 2014">
     <span class='ocr_line' id='line_1_101' title="bbox 933 1973 1760 2014; baseline -0.005 -9"><span class='ocrx_word' id='word_1_647' title='bbox 933 1974 1402 2014; x_wconf 87' lang='lat' dir='ltr'><strong>palibusconsequendisjuribus</strong></span> <span class='ocrx_word' id='word_1_648' title='bbox 1419 1981 1512 2011; x_wconf 86' lang='lat' dir='ltr'><strong>supra</strong></span> <span class='ocrx_word' id='word_1_649' title='bbox 1526 1975 1642 2002; x_wconf 73' lang='lat' dir='ltr'><strong>Graecos</strong></span> <span class='ocrx_word' id='word_1_650' title='bbox 1659 1973 1760 2002; x_wconf 82' lang='lat' dir='ltr'><strong>ablata</strong></span> 
     </span>
    </p>
   </div>
   <div class='ocr_carea' id='block_1_102' title="bbox 934 2022 1127 2059">
    <p class='ocr_par' dir='ltr' id='par_1_102' title="bbox 934 2022 1127 2059">
     <span class='ocr_line' id='line_1_102' title="bbox 934 2022 1127 2059; baseline -0.016 -8"><span class='ocrx_word' id='word_1_651' title='bbox 934 2022 970 2051; x_wconf 86' lang='lat' dir='ltr'><strong>sit</strong></span> <span class='ocrx_word' id='word_1_652' title='bbox 985 2023 1127 2059; x_wconf 87' lang='lat' dir='ltr'><strong>potestas.</strong></span> 
     </span>
    </p>
   </div>
   <div class='ocr_carea' id='block_1_103' title="bbox 968 2063 1760 2102">
    <p class='ocr_par' dir='ltr' id='par_1_103' title="bbox 968 2063 1760 2102">
     <span class='ocr_line' id='line_1_103' title="bbox 968 2063 1760 2102; baseline -0.006 -8"><span class='ocrx_word' id='word_1_653' title='bbox 968 2066 1159 2102; x_wconf 73' lang='lat' dir='ltr'><strong>Praecipimus</strong></span> <span class='ocrx_word' id='word_1_654' title='bbox 1169 2065 1258 2100; x_wconf 78' lang='lat' dir='ltr'><strong>igitur</strong></span> <span class='ocrx_word' id='word_1_655' title='bbox 1277 2067 1305 2093; x_wconf 91' lang='lat' dir='ltr'><strong>et</strong></span> <span class='ocrx_word' id='word_1_656' title='bbox 1319 2064 1502 2092; x_wconf 85' lang='lat' dir='ltr'><strong>mandamus</strong></span> <span class='ocrx_word' id='word_1_657' title='bbox 1515 2065 1547 2091; x_wconf 90' lang='lat' dir='ltr'><strong>ut</strong></span> <span class='ocrx_word' id='word_1_658' title='bbox 1567 2063 1630 2099; x_wconf 88' lang='lat' dir='ltr'><strong>ipse</strong></span> <span class='ocrx_word' id='word_1_659' title='bbox 1646 2063 1760 2090; x_wconf 61' lang='grc' dir='ltr'>ϐιωσο-</span> 
     </span>
    </p>
   </div>
   <div class='ocr_carea' id='block_1_104' title="bbox 932 2107 1758 2146">
    <p class='ocr_par' dir='ltr' id='par_1_104' title="bbox 932 2107 1758 2146">
     <span class='ocr_line' id='line_1_104' title="bbox 932 2107 1758 2146; baseline -0.007 -6"><span class='ocrx_word' id='word_1_660' title='bbox 932 2120 1000 2140; x_wconf 89' lang='lat' dir='ltr'><strong>rum</strong></span> <span class='ocrx_word' id='word_1_661' title='bbox 1034 2110 1277 2146; x_wconf 85' lang='lat' dir='ltr'><strong>archiepiscopus</strong></span> <span class='ocrx_word' id='word_1_662' title='bbox 1314 2110 1491 2142; x_wconf 86' lang='lat' dir='ltr'><strong>Germanus,</strong></span> <span class='ocrx_word' id='word_1_663' title='bbox 1511 2107 1615 2145; x_wconf 86' lang='lat' dir='ltr'><strong>quoad</strong></span> <span class='ocrx_word' id='word_1_664' title='bbox 1646 2107 1758 2142; x_wconf 83' lang='lat' dir='ltr'><strong>vixerit,</strong></span> 
     </span>
    </p>
   </div>
   <div class='ocr_carea' id='block_1_105' title="bbox 932 2151 1759 2191">
    <p class='ocr_par' dir='ltr' id='par_1_105' title="bbox 932 2151 1759 2191">
     <span class='ocr_line' id='line_1_105' title="bbox 932 2151 1759 2191; baseline -0.007 -7"><span class='ocrx_word' id='word_1_665' title='bbox 932 2164 968 2184; x_wconf 83' lang='lat' dir='ltr'><strong>ex</strong></span> <span class='ocrx_word' id='word_1_666' title='bbox 981 2155 1071 2190; x_wconf 87' lang='lat' dir='ltr'><strong>hujus</strong></span> <span class='ocrx_word' id='word_1_667' title='bbox 1085 2154 1282 2191; x_wconf 86' lang='lat' dir='ltr'><strong>dispositione</strong></span> <span class='ocrx_word' id='word_1_668' title='bbox 1298 2152 1530 2187; x_wconf 87' lang='lat' dir='ltr'><strong>Constitutionis,</strong></span> <span class='ocrx_word' id='word_1_669' title='bbox 1555 2152 1618 2180; x_wconf 90' lang='lat' dir='ltr'><strong>sine</strong></span> <span class='ocrx_word' id='word_1_670' title='bbox 1645 2151 1759 2179; x_wconf 88' lang='lat' dir='ltr'><strong>Latino-</strong></span> 
     </span>
    </p>
   </div>
   <div class='ocr_carea' id='block_1_106' title="bbox 894 2196 1759 2239">
    <p class='ocr_par' dir='ltr' id='par_1_106' title="bbox 894 2196 1759 2239">
     <span class='ocr_line' id='line_1_106' title="bbox 894 2196 1759 2239; baseline -0.006 -11"><span class='ocrx_word' id='word_1_671' title='bbox 894 2209 1000 2239; x_wconf 77' lang='lat' dir='ltr'><strong>Drum</strong></span> <span class='ocrx_word' id='word_1_672' title='bbox 1034 2198 1236 2228; x_wconf 89' lang='lat' dir='ltr'><strong>controversia</strong></span> <span class='ocrx_word' id='word_1_673' title='bbox 1267 2199 1489 2235; x_wconf 88' lang='lat' dir='ltr'><strong>episcoporum,</strong></span> <span class='ocrx_word' id='word_1_674' title='bbox 1520 2196 1759 2233; x_wconf 86' lang='lat' dir='ltr'><strong>quotiescunque</strong></span> 
     </span>
    </p>
   </div>
   <div class='ocr_carea' id='block_1_107' title="bbox 933 2241 1759 2281">
    <p class='ocr_par' dir='ltr' id='par_1_107' title="bbox 933 2241 1759 2281">
     <span class='ocr_line' id='line_1_107' title="bbox 933 2241 1759 2281; baseline -0.007 -7"><span class='ocrx_word' id='word_1_675' title='bbox 933 2246 1026 2274; x_wconf 63' lang='lat' dir='ltr'><strong>Graeci</strong></span> <span class='ocrx_word' id='word_1_676' title='bbox 1038 2246 1068 2273; x_wconf 88' lang='lat' dir='ltr'><strong>iu</strong></span> <span class='ocrx_word' id='word_1_677' title='bbox 1085 2246 1181 2281; x_wconf 87' lang='lat' dir='ltr'><strong>Cypro</strong></span> <span class='ocrx_word' id='word_1_678' title='bbox 1197 2244 1340 2272; x_wconf 86' lang='lat' dir='ltr'><strong>canonice</strong></span> <span class='ocrx_word' id='word_1_679' title='bbox 1353 2243 1461 2271; x_wconf 81' lang='lat' dir='ltr'><strong>fuerint</strong></span> <span class='ocrx_word' id='word_1_680' title='bbox 1481 2241 1586 2276; x_wconf 77' lang='lat' dir='ltr'><strong>effecti,</strong></span> <span class='ocrx_word' id='word_1_681' title='bbox 1600 2244 1634 2269; x_wconf 90' lang='lat' dir='ltr'><strong>ut</strong></span> <span class='ocrx_word' id='word_1_682' title='bbox 1654 2244 1759 2277; x_wconf 87' lang='lat' dir='ltr'><strong>postea</strong></span> 
     </span>
    </p>
   </div>
   <div class='ocr_carea' id='block_1_108' title="bbox 933 2285 1757 2326">
    <p class='ocr_par' dir='ltr' id='par_1_108' title="bbox 933 2285 1757 2326">
     <span class='ocr_line' id='line_1_108' title="bbox 933 2285 1757 2326; baseline -0.007 -7"><span class='ocrx_word' id='word_1_683' title='bbox 933 2291 1108 2319; x_wconf 89' lang='lat' dir='ltr'><strong>ordinentur</strong></span> <span class='ocrx_word' id='word_1_684' title='bbox 1118 2288 1261 2326; x_wconf 89' lang='lat' dir='ltr'><strong>episcopi,</strong></span> <span class='ocrx_word' id='word_1_685' title='bbox 1283 2291 1312 2316; x_wconf 86' lang='lat' dir='ltr'><strong>et</strong></span> <span class='ocrx_word' id='word_1_686' title='bbox 1337 2296 1355 2316; x_wconf 77' lang='grc' dir='ltr'><strong>ιι</strong></span> <span class='ocrx_word' id='word_1_687' title='bbox 1384 2287 1493 2315; x_wconf 83' lang='lat' dir='ltr'><strong>Latinis</strong></span> <span class='ocrx_word' id='word_1_688' title='bbox 1518 2286 1711 2324; x_wconf 85' lang='lat' dir='ltr'><strong>pontiﬁcibus</strong></span> <span class='ocrx_word' id='word_1_689' title='bbox 1728 2285 1757 2313; x_wconf 94' lang='lat' dir='ltr'><strong>in</strong></span> 
     </span>
    </p>
   </div>
   <div class='ocr_carea' id='block_1_109' title="bbox 933 2330 1757 2372">
    <p class='ocr_par' dir='ltr' id='par_1_109' title="bbox 933 2330 1757 2372">
     <span class='ocr_line' id='line_1_109' title="bbox 933 2330 1757 2372; baseline -0.007 -9"><span class='ocrx_word' id='word_1_690' title='bbox 933 2343 1062 2372; x_wconf 89' lang='lat' dir='ltr'><strong>quorum</strong></span> <span class='ocrx_word' id='word_1_691' title='bbox 1077 2336 1145 2362; x_wconf 88' lang='lat' dir='ltr'><strong>sunt</strong></span> <span class='ocrx_word' id='word_1_692' title='bbox 1170 2333 1350 2362; x_wconf 69' lang='lat' dir='ltr'><strong>dioecesibus</strong></span> <span class='ocrx_word' id='word_1_693' title='bbox 1375 2332 1554 2366; x_wconf 88' lang='lat' dir='ltr'><strong>consignati,</strong></span> <span class='ocrx_word' id='word_1_694' title='bbox 1583 2330 1757 2359; x_wconf 82' lang='lat' dir='ltr'><strong>auctoritate</strong></span> 
     </span>
    </p>
   </div>
   <div class='ocr_carea' id='block_1_110' title="bbox 933 2375 1756 2416">
    <p class='ocr_par' dir='ltr' id='par_1_110' title="bbox 933 2375 1756 2416">
     <span class='ocr_line' id='line_1_110' title="bbox 933 2375 1756 2416; baseline -0.01 -7"><span class='ocrx_word' id='word_1_695' title='bbox 933 2380 1149 2416; x_wconf 86' lang='lat' dir='ltr'><strong>metropolitica</strong></span> <span class='ocrx_word' id='word_1_696' title='bbox 1165 2379 1204 2408; x_wconf 91' lang='lat' dir='ltr'><strong>ad</strong></span> <span class='ocrx_word' id='word_1_697' title='bbox 1214 2386 1315 2406; x_wconf 90' lang='lat' dir='ltr'><strong>sacros</strong></span> <span class='ocrx_word' id='word_1_698' title='bbox 1328 2377 1449 2405; x_wconf 85' lang='lat' dir='ltr'><strong>ordines</strong></span> <span class='ocrx_word' id='word_1_699' title='bbox 1476 2375 1684 2412; x_wconf 84' lang='lat' dir='ltr'><strong>promovendi,</strong></span> <span class='ocrx_word' id='word_1_700' title='bbox 1705 2382 1756 2402; x_wconf 89' lang='lat' dir='ltr'><strong>eos</strong></span> 
     </span>
    </p>
   </div>
   <div class='ocr_carea' id='block_1_111' title="bbox 932 2419 1757 2458">
    <p class='ocr_par' dir='ltr' id='par_1_111' title="bbox 932 2419 1757 2458">
     <span class='ocr_line' id='line_1_111' title="bbox 932 2419 1757 2458; baseline -0.01 -5"><span class='ocrx_word' id='word_1_701' title='bbox 932 2424 1024 2452; x_wconf 87' lang='lat' dir='ltr'><strong>libere</strong></span> <span class='ocrx_word' id='word_1_702' title='bbox 1037 2426 1189 2453; x_wconf 85' lang='lat' dir='ltr'><strong>consecret</strong></span> <span class='ocrx_word' id='word_1_703' title='bbox 1205 2433 1211 2458; x_wconf 89' lang='lat'><strong>;</strong></span> <span class='ocrx_word' id='word_1_704' title='bbox 1228 2422 1302 2451; x_wconf 84' lang='lat' dir='ltr'><strong>alios</strong></span> <span class='ocrx_word' id='word_1_705' title='bbox 1316 2429 1388 2450; x_wconf 87' lang='lat' dir='ltr'><strong>vero</strong></span> <span class='ocrx_word' id='word_1_706' title='bbox 1412 2420 1547 2456; x_wconf 87' lang='lat' dir='ltr'><strong>ejusdem</strong></span> <span class='ocrx_word' id='word_1_707' title='bbox 1568 2419 1652 2454; x_wconf 81' lang='lat' dir='ltr'><strong>regni</strong></span> <span class='ocrx_word' id='word_1_708' title='bbox 1674 2420 1757 2446; x_wconf 74' lang='lat' dir='ltr'><strong>Grea-</strong></span> 
     </span>
    </p>
   </div>
   <div class='ocr_carea' id='block_1_112' title="bbox 932 2464 1758 2506">
    <p class='ocr_par' dir='ltr' id='par_1_112' title="bbox 932 2464 1758 2506">
     <span class='ocr_line' id='line_1_112' title="bbox 932 2464 1758 2506; baseline -0.01 -8"><span class='ocrx_word' id='word_1_709' title='bbox 932 2477 1038 2497; x_wconf 91' lang='lat' dir='ltr'><strong>corum</strong></span> <span class='ocrx_word' id='word_1_710' title='bbox 1053 2470 1210 2506; x_wconf 89' lang='lat' dir='ltr'><strong>episcopos</strong></span> <span class='ocrx_word' id='word_1_711' title='bbox 1221 2468 1260 2496; x_wconf 92' lang='lat' dir='ltr'><strong>ad</strong></span> <span class='ocrx_word' id='word_1_712' title='bbox 1275 2466 1422 2504; x_wconf 85' lang='lat' dir='ltr'><strong>ejusmodi</strong></span> <span class='ocrx_word' id='word_1_713' title='bbox 1449 2464 1645 2493; x_wconf 87' lang='lat' dir='ltr'><strong>ordinationis</strong></span> <span class='ocrx_word' id='word_1_714' title='bbox 1661 2471 1758 2491; x_wconf 18' lang='lat' dir='ltr'><strong>sacra;</strong></span> 
     </span>
    </p>
   </div>
   <div class='ocr_carea' id='block_1_113' title="bbox 933 2509 1758 2550">
    <p class='ocr_par' dir='ltr' id='par_1_113' title="bbox 933 2509 1758 2550">
     <span class='ocr_line' id='line_1_113' title="bbox 933 2509 1758 2550; baseline -0.011 -7"><span class='ocrx_word' id='word_1_715' title='bbox 933 2516 1068 2542; x_wconf 90' lang='lat' dir='ltr'><strong>mentum</strong></span> <span class='ocrx_word' id='word_1_716' title='bbox 1081 2513 1297 2550; x_wconf 87' lang='lat' dir='ltr'><strong>perﬁciendum</strong></span> <span class='ocrx_word' id='word_1_717' title='bbox 1304 2512 1438 2544; x_wconf 84' lang='lat' dir='ltr'><strong>advocet,</strong></span> <span class='ocrx_word' id='word_1_718' title='bbox 1451 2510 1514 2538; x_wconf 89' lang='lat' dir='ltr'><strong>etin</strong></span> <span class='ocrx_word' id='word_1_719' title='bbox 1525 2509 1643 2537; x_wconf 76' lang='lat' dir='ltr'><strong>Graecos</strong></span> <span class='ocrx_word' id='word_1_720' title='bbox 1652 2515 1758 2536; x_wconf 90' lang='lat' dir='ltr'><strong>omnes</strong></span> 
     </span>
    </p>
   </div>
   <div class='ocr_carea' id='block_1_114' title="bbox 932 2552 1758 2594">
    <p class='ocr_par' dir='ltr' id='par_1_114' title="bbox 932 2552 1758 2594">
     <span class='ocr_line' id='line_1_114' title="bbox 932 2552 1758 2594; baseline -0.01 -7"><span class='ocrx_word' id='word_1_721' title='bbox 932 2559 1068 2594; x_wconf 86' lang='lat' dir='ltr'><strong>ejusdem</strong></span> <span class='ocrx_word' id='word_1_722' title='bbox 1076 2558 1271 2593; x_wconf 85' lang='lat' dir='ltr'><strong>regnieadem</strong></span> <span class='ocrx_word' id='word_1_723' title='bbox 1280 2556 1452 2586; x_wconf 83' lang='lat' dir='ltr'><strong>auctOritate</strong></span> <span class='ocrx_word' id='word_1_724' title='bbox 1461 2552 1638 2582; x_wconf 89' lang='lat' dir='ltr'><strong>visitationis</strong></span> <span class='ocrx_word' id='word_1_725' title='bbox 1645 2560 1758 2580; x_wconf 87' lang='lat' dir='ltr'><strong>munus</strong></span> 
     </span>
    </p>
   </div>
   <div class='ocr_carea' id='block_1_115' title="bbox 933 2597 1758 2639">
    <p class='ocr_par' dir='ltr' id='par_1_115' title="bbox 933 2597 1758 2639">
     <span class='ocr_line' id='line_1_115' title="bbox 933 2597 1758 2639; baseline -0.011 -7"><span class='ocrx_word' id='word_1_726' title='bbox 933 2604 1068 2631; x_wconf 71' lang='lat' dir='ltr'><strong>exerceat</strong></span> <span class='ocrx_word' id='word_1_727' title='bbox 1085 2603 1201 2639; x_wconf 89' lang='lat' dir='ltr'><strong>quoties</strong></span> <span class='ocrx_word' id='word_1_728' title='bbox 1213 2603 1250 2631; x_wconf 91' lang='lat' dir='ltr'><strong>de</strong></span> <span class='ocrx_word' id='word_1_729' title='bbox 1261 2603 1327 2638; x_wconf 90' lang='lat' dir='ltr'><strong>jure</strong></span> <span class='ocrx_word' id='word_1_730' title='bbox 1342 2598 1541 2629; x_wconf 78' lang='lat' dir='ltr'><strong>exercendum</strong></span> <span class='ocrx_word' id='word_1_731' title='bbox 1569 2597 1644 2632; x_wconf 82' lang='lat' dir='ltr'><strong>erit;</strong></span> <span class='ocrx_word' id='word_1_732' title='bbox 1674 2599 1702 2625; x_wconf 89' lang='lat' dir='ltr'><strong>et</strong></span> <span class='ocrx_word' id='word_1_733' title='bbox 1727 2597 1758 2624; x_wconf 89' lang='lat' dir='ltr'><strong>in</strong></span> 
     </span>
    </p>
   </div>
   <div class='ocr_carea' id='block_1_116' title="bbox 932 2641 1758 2683">
    <p class='ocr_par' dir='ltr' id='par_1_116' title="bbox 932 2641 1758 2683">
     <span class='ocr_line' id='line_1_116' title="bbox 932 2641 1758 2683; baseline -0.007 -8"><span class='ocrx_word' id='word_1_734' title='bbox 932 2647 1004 2676; x_wconf 84' lang='lat' dir='ltr'><strong>istos</strong></span> <span class='ocrx_word' id='word_1_735' title='bbox 1016 2647 1207 2683; x_wconf 84' lang='lat' dir='ltr'><strong>episcopatus</strong></span> <span class='ocrx_word' id='word_1_736' title='bbox 1220 2647 1266 2675; x_wconf 89' lang='lat' dir='ltr'><strong>vel</strong></span> <span class='ocrx_word' id='word_1_737' title='bbox 1279 2647 1310 2674; x_wconf 89' lang='lat' dir='ltr'><strong>in</strong></span> <span class='ocrx_word' id='word_1_738' title='bbox 1325 2653 1376 2674; x_wconf 91' lang='lat' dir='ltr'><strong>eos</strong></span> <span class='ocrx_word' id='word_1_739' title='bbox 1388 2643 1559 2682; x_wconf 86' lang='lat' dir='ltr'><strong>quiratione</strong></span> <span class='ocrx_word' id='word_1_740' title='bbox 1566 2641 1758 2678; x_wconf 85' lang='lat' dir='ltr'><strong>episcopatus</strong></span> 
     </span>
    </p>
   </div>
   <div class='ocr_carea' id='block_1_117' title="bbox 921 2685 1759 2728">
    <p class='ocr_par' dir='ltr' id='par_1_117' title="bbox 921 2685 1759 2728">
     <span class='ocr_line' id='line_1_117' title="bbox 921 2685 1759 2728; baseline -0.01 -8"><span class='ocrx_word' id='word_1_741' title='bbox 921 2692 963 2720; x_wconf 19' lang='lat' dir='ltr'><strong>ein</strong></span> <span class='ocrx_word' id='word_1_742' title='bbox 977 2692 1042 2727; x_wconf 89' lang='lat' dir='ltr'><strong>ejus</strong></span> <span class='ocrx_word' id='word_1_743' title='bbox 1057 2695 1127 2720; x_wconf 91' lang='lat' dir='ltr'><strong>sunt</strong></span> <span class='ocrx_word' id='word_1_744' title='bbox 1145 2692 1268 2726; x_wconf 89' lang='lat' dir='ltr'><strong>ditione,</strong></span> <span class='ocrx_word' id='word_1_745' title='bbox 1287 2699 1382 2728; x_wconf 85' lang='lat' dir='ltr'><strong>quam</strong></span> <span class='ocrx_word' id='word_1_746' title='bbox 1400 2686 1649 2724; x_wconf 78' lang='lat' dir='ltr'><strong>metropoliticam</strong></span> <span class='ocrx_word' id='word_1_747' title='bbox 1665 2685 1759 2714; x_wconf 88' lang='lat' dir='ltr'><strong>divini</strong></span> 
     </span>
    </p>
   </div>
   <div class='ocr_carea' id='block_1_118' title="bbox 934 2732 1759 2772">
    <p class='ocr_par' dir='ltr' id='par_1_118' title="bbox 934 2732 1759 2772">
     <span class='ocr_line' id='line_1_118' title="bbox 934 2732 1759 2772; baseline -0.01 -7"><span class='ocrx_word' id='word_1_748' title='bbox 934 2737 1055 2765; x_wconf 84' lang='lat' dir='ltr'><strong>tradunt</strong></span> <span class='ocrx_word' id='word_1_749' title='bbox 1061 2735 1374 2772; x_wconf 84' lang='lat' dir='ltr'><strong>canones,plenariam</strong></span> <span class='ocrx_word' id='word_1_750' title='bbox 1379 2733 1564 2764; x_wconf 86' lang='lat' dir='ltr'><strong>eamhabeat</strong></span> <span class='ocrx_word' id='word_1_751' title='bbox 1573 2732 1759 2768; x_wconf 83' lang='lat' dir='ltr'><strong>potestatem,</strong></span> 
     </span>
    </p>
   </div>
   <div class='ocr_carea' id='block_1_119' title="bbox 930 2774 1760 2818">
    <p class='ocr_par' dir='ltr' id='par_1_119' title="bbox 930 2774 1760 2818">
     <span class='ocr_line' id='line_1_119' title="bbox 930 2774 1760 2818; baseline -0.008 -8"><span class='ocrx_word' id='word_1_752' title='bbox 930 2789 1044 2818; x_wconf 85' lang='lat' dir='ltr'><strong>eosque</strong></span> <span class='ocrx_word' id='word_1_753' title='bbox 1055 2781 1086 2810; x_wconf 87' lang='lat' dir='ltr'><strong>in</strong></span> <span class='ocrx_word' id='word_1_754' title='bbox 1101 2781 1159 2810; x_wconf 76' lang='lat' dir='ltr'><strong>vita</strong></span> <span class='ocrx_word' id='word_1_755' title='bbox 1178 2780 1273 2816; x_wconf 82' lang='lat' dir='ltr'><strong>ipsius</strong></span> <span class='ocrx_word' id='word_1_756' title='bbox 1283 2778 1483 2816; x_wconf 78' lang='lat' dir='ltr'><strong>arhiepiscopi</strong></span> <span class='ocrx_word' id='word_1_757' title='bbox 1493 2778 1577 2813; x_wconf 77' lang='lat' dir='ltr'><strong>regat</strong></span> <span class='ocrx_word' id='word_1_758' title='bbox 1590 2784 1597 2804; x_wconf 86' lang='lat'><strong>:</strong></span> <span class='ocrx_word' id='word_1_759' title='bbox 1610 2774 1760 2812; x_wconf 83' lang='lat' dir='ltr'><strong>siquidem</strong></span> 
     </span>
    </p>
   </div>
  </div>
