1959 3074
56 114 141 145 1541

723 110 963 143 CONSTITUTIO
979 114 1104 145 CYPBIA

1680 122 1691 149 Ι
1697 120 1749 150 542

50 182 124 210 σίας
141 179 355 216 ἁρχιεπισκόπου
373 178 399 204 ἐν
413 182 445 214 τῇ
458 178 522 214 αὐτῇ
550 181 619 214 νήσῳ
648 179 706 208 ἣτις
736 176 792 203 ἐστὶ
821 179 869 212 μία

957 176 1037 205 aetati
1052 181 1260 214 procuratores
1270 179 1382 215 pariter
1395 187 1463 208 cum
1480 180 1545 208 aliis
1558 181 1707 217 petierunt
1718 185 1749 210 ut

50 222 194 260 ἐπαρχία,
211 223 266 250 οὒτ’
281 221 396 252 ἠδύνατο
421 222 476 248 οὒτ’
504 222 592 258 ὤφειλε
617 223 768 248 τάττεσθαι.
792 221 867 247 Ὅθεν

55 270 137 304 μετὰ
155 278 206 294 των
235 267 316 294 οἶλλων
346 266 454 297 ἐζήτουν
473 268 497 293 οὶ
523 267 705 303 προλεχθέντες
733 265 868 302 ἐπίτροποι

51 313 96 337 ἶν’
131 313 144 338 ὁ
163 314 253 348 ’γέγονε
277 314 411 348 πρόκριμα
434 314 493 347 περὶ
517 314 561 340 τὴν
589 315 634 337 τοῦ
663 309 868 348 προδιαληφθέν-

50 366 104 386 τος
135 359 267 393 Γερμανοῦ
292 356 317 382 ἐν
339 360 371 392 τῇ
402 360 450 386 τῆς
473 359 620 386 Λευκοσίας
644 355 770 390 ἐκκλησίᾳ
790 355 869 380 κατοξ-

50 410 170 435 στασιν,
184 403 264 428 καὶεί
282 411 307 427 τι
330 400 357 426 ix
379 402 483 435 τούτου,
513 401 528 430 ἣ
556 401 637 427 ἕνεκεν
666 402 760 426 τούτου
785 409 870 436 παρη-

48 446 214 478 κολούθηκε,
237 444 416 476 διατάξασθαι
437 446 508 481 ἡμᾶς
537 447 571 481 μὴ
599 447 669 480 ἔχειν
711 446 740 469 τὸ
781 447 866 479 κῦρος·

50 497 106 520 καὶ
130 494 249 520 κωλῦσαι
275 495 346 530 ἡμᾶς
377 495 420 520 τὸν
450 497 567 520 τοιοῦτον
604 495 732 530 Γερμανὸν
779 495 825 518 τοῦ
864 493 900 527 μὴ

54 552 200 569 σκοπικων
214 541 333 569 δικαίων.

94 591 418 627 Τελευταίον,-ὀχλὴο·εως
445 590 487 617 ἐπὶ
519 593 621 621 τούτοις
650 592 794 626 γεγονυίας,
822 591 868 614 καὶ

49 635 160 662 πολλῶν
188 637 255 662 ἔνθεν
288 636 405 661 κάκείθεν
432 640 571 671 γεγονυιῶν
606 636 698 661 θέσεων
722 635 792 671 παρά
818 637 867 659 τῶν

52 679 176 717 ἐκατέρῳ
204 685 379 717 παραστῆσαι
406 681 580 716 πεταγμένων·
625 680 678 705 ἐπεὶ
714 677 741 710 ἐξ
784 678 868 704 αὐτῶν

53 729 112 750 τῶν
144 723 301 756 ἀποδείξεων
328 728 373 750 τοῦ
398 722 504 750 δικαίου
535 722 619 750 ἐδόκει
647 723 801 749 ἐκτετάσθαι
833 721 869 753 εἰς

52 773 147 804 μῆκος
163 770 210 799 τὰς
222 772 269 799 τῆς
289 768 426 804 ὀχλήσεως
449 767 596 804 διχονοίας,
622 769 634 794 ὀ
661 768 749 805 ῥηθεὶς
777 767 868 804 ἀρχιε-

54 815 194 843 πίσκοπος
209 815 350 849 Γερμανοὺς
380 813 442 849 ἡμῖν
471 814 637 839 καθικέτευσε
663 816 798 845 ταπεινῶς,
821 815 867 836 τοῦ

50 859 93 893 μὴ
129 859 271 888 τοσαύταις
296 857 483 893 μακρολογίαις
514 857 691 894 περιέλκεσθαι
727 860 758 893 τῇ
794 865 867 882 πτω-

53 904 125 937 χείᾳ
158 907 205 932 τῆς
233 906 282 927 τὼν
312 905 428 938 Γραικῶν
464 901 620 932 Ἐκκλησίας
647 904 692 927 καὶ
725 902 868 932 τοσαύταις

56 950 122 978 ταῖς
137 945 494 984 δυσκολίαιςπροσφέρεσθαι
525 958 531 963 ·
559 946 710 983 βουλόμενοι
738 948 785 975 τὴν
818 956 868 972 κα-

56 993 194 1018 τάστασιν
236 992 320 1023 αὐτῆς
367 990 412 1018 κᾶἱ
441 991 556 1028 εἰρήνην,
583 991 714 1027 ὀφείλομεν
751 991 865 1027 εἰρηνικῇ

58 1035 186 1067 διατάξει
241 1035 413 1066 ἀποπολικῆς
470 1038 655 1066 καταστάσεως
707 1037 868 1073 προμήθειαν

59 1079 180 1116 ἐπάγειν,
219 1078 255 1106 δι’
284 1081 314 1111 ἧς
357 1083 572 1116 κατασιγὴσουσι
591 1085 641 1106 τῶν
665 1080 811 1116 ὀχλούντων
844 1080 868 1105 οἱ

57 1125 185 1161 λογισμοὶ
222 1127 266 1151 καὶ
295 1126 345 1151 ὑπὸ
371 1126 489 1161 ὑποταγῇ
524 1129 571 1154 τῆς
599 1125 732 1161 Ῥωμαίων
761 1123 866 1153 Ἐκκλη-

60 1171 125 1199 σίας
142 1169 198 1204 (10)
214 1171 239 1195 οὶ
253 1169 439 1206 προρῥηθέντες
470 1172 577 1206 Γραικοὶ
602 1171 670 1200 ζωὴν
696 1169 790 1200 σῖξουσι
805 1170 870 1204 μετὰ

59 1217 111 1239 τῶν
130 1216 249 1240 Λατίνων
265 1214 406 1251 εἰρηνικήν.
436 1212 520 1240 Οὐδὲν
548 1215 700 1249 θαυμαστὸν
725 1215 753 1239 τὸ
781 1213 868 1239 λοιπὸν

60 1259 138 1288 ἔθνος
152 1262 202 1284 τῶν
218 1260 335 1284 Λατίνων
353 1260 398 1284 καὶ
428 1261 554 1296 Γραικῶν,
583 1262 629 1288 τῆς
652 1258 808 1288 Ἐκκλησὶας
822 1261 869 1288 τῆς

62 1301 151 1333 αὐτῆς
171 1303 277 1339 Κᾶπρου
309 1301 336 1328 ἐκ
368 1300 498 1339 διαφόρων
527 1302 661 1338 ὀχλήσεων
689 1302 868 1338 σαλευομένης,

63 1350 176 1384 ταραχῇ
202 1348 377 1383 κυμαίνεσθαι
393 1358 400 1364 τ
431 1347 576 1384 ἐξαίρῃ-ται,
603 1348 687 1378 καθώς
715 1345 869 1383 δακρίνομεν

64 1390 79 1416 ὃ
120 1390 236 1428 ἆπιφερεν
270 1393 317 1420 τὴν
355 1392 487 1426 ὑπόθεσιν,
523 1401 552 1417 το
590 1391 794 1429 ἁσυμπέραστον
819 1396 869 1417 τῶν

62 1435 184 1472 ἀκρσιῶν
216 1438 277 1472 περὶ
305 1438 352 1465 τὴν
379 1439 425 1462 τοῦ
456 1435 545 1466 τέλους
570 1435 644 1467 τάξιν
671 1436 750 1462 ἕνεκεν
776 1437 869 1462 τούτου

64 1480 108 1506 ὅτι
129 1480 163 1510 ὡς
191 1480 206 1508 ἡ
236 1478 349 1516 διαφορὰ
374 1484 424 1506 τῶν
453 1482 580 1516 σωμάτων
603 1483 648 1506 καὶ
672 1481 687 1509 ἡ
723 1484 773 1506 τῶν
801 1480 870 1509 ἠθῶν

66 1526 226 1560 ἀσυμφωνία
269 1524 378 1551 εἰώθασι
417 1528 504 1561 γεννᾷ-ν
538 1523 676 1561 διχονοίας
704 1524 728 1550 ἐν
751 1529 782 1560 τῇ
812 1524 872 1550 ἁνα-

67 1572 170 1605 στροφῇ
211 1573 262 1595 τῶν
301 1569 454 1605 ὀμοζὼντων
485 1570 535 1596 ὑπό
561 1569 694 1599 ποικίλαις
722 1570 872 1600 συνηθείαις

66 1616 278 1651 παρατηρήσεων
311 1618 360 1640 τῶν
396 1619 497 1649 γενεῶν,
529 1614 614 1650 Ἦμεῖς
642 1612 696 1646 οὖν,
724 1613 747 1639 οἳ
776 1613 802 1639 ἐκ
825 1618 872 1644 τῆς

67 1658 233 1694 ἐπικειμένης
248 1659 310 1694 ἡμῖν
330 1662 378 1690 τῆς
409 1657 584 1689 ἀποοτολικῆς
617 1658 779 1694 λειτουργίας
805 1658 872 1693 ὀφεί-

66 1703 144 1738 λομεν
164 1705 209 1728 καὶ
235 1703 377 1739 ὀρεγόμεθα
405 1707 458 1734 τοῖς
479 1703 501 1728 τ’
526 1701 600 1738 ἐγγὺς
633 1706 685 1732 τοῖς
713 1712 739 1729 τε
771 1704 872 1738 μακρὰν

67 1748 178 1782 φάσκειν
221 1746 335 1782 εἰρήνην,
373 1749 532 1783 ποσέχοντις
565 1747 692 1783 ἐπιμελῶς
726 1748 873 1784 θεραπεύειν

71 1795 121 1818 τοῦ
136 1793 183 1822 τὰς
202 1791 391 1828 προλεχθείσας
412 1792 567 1822 Ἐκκλησίας
592 1791 687 1829 βεϐαίᾳ
716 1792 786 1823 τάξει
806 1790 870 1818 διευ-

73 1837 199 1862 causam
230 1839 296 1873 πρὸς
332 1836 454 1870 ἀλλήλας,
487 1839 532 1863 καὶ
559 1836 687 1873 ἆμοιϐαίᾳ
719 1835 743 1862 ἐν
767 1840 876 1874 Χριστῷ

74 1881 259 1918 εὖφραινεσθαι
294 1885 323 1917 τῇ
366 1884 465 1919 εἰρήνῃ,
498 1882 654 1918 ἱκανωτέρως
681 1881 877 1918 προεμηθευσά-

75 1926 144 1962 μεθα
156 1926 203 1956 τὰς
223 1927 319 1952 τούτων
345 1924 500 1957 διαστάσεις
528 1927 634 1962 ἡσύχου
664 1924 806 1957 διατάξεως
832 1936 878 1952 κα-

75 1970 220 2003 τευνάζειν,
252 1969 348 2007 ἁρεστῇ
387 1970 522 2006 συμϐουλῇ
577 1971 592 2000 ἦ
618 1975 740 2007 κριτικῆς
767 1969 880 2000 ἐκκοπῆς

77 2016 203 2050 μαχαίρᾳ
221 2012 390 2052 διακληροῡν.

114 2061 206 2085 Τοίνυν
230 2063 280 2085 τῶν
312 2059 433 2097 οχληρῶν
464 2059 622 2095 φιλονεικιῶν
656 2060 724 2085 ἔνθῦι
763 2058 879 2085 κάκεῖθεν

78 2107 136 2134 ταῖς
157 2107 206 2129 τῶν
250 2103 411 2130 λεπτοτάτων
442 2105 593 2141 ἀποφοραῖς,
633 2108 683 2130 τῶν
711 2114 739 2130 τε
765 2103 880 2140 θορύϐων

923 221 1074 250 decretum
1095 226 1199 251 contra
1211 224 1261 260 jus
1275 224 1378 258 latum,
1388 225 1584 254 ordinationis
1600 227 1749 264 assumpti

919 265 984 300 jam
999 267 1136 295 Germani
1150 268 1190 295 ad
1205 269 1355 296 Leucosiae
1369 269 1540 301 Ecclesiam,
1555 272 1584 297 et
1597 271 1747 307 quidquid

922 317 958 336 ex
970 309 1026 338 hac
1043 311 1108 345 ejus
1123 312 1310 340 ordinatione
1347 313 1391 340 vel
1424 313 1489 348 ejus
1514 322 1606 342 causa
1635 315 1747 344 factum

921 353 1030 382 deinde
1054 355 1169 388 fuisset,
1190 364 1246 384 nos
1265 357 1514 385 constitueremus
1542 366 1607 386 esse
1620 359 1746 393 irritum,

922 406 957 426 ac
983 399 1210 434 prohiberemus
1230 408 1267 428 ne
1287 402 1449 429 Germanus
1476 402 1531 430 iste
1564 403 1666 439 aliqua
1690 403 1749 432 ulla

923 443 1138 479 archiepiscopi
1149 445 1218 479 jura
1228 447 1377 472 exerceret
1391 445 1422 472 in
1438 446 1545 481 Cypro.

934 491 1125 528 ὶπεργάζεσθαί
1151 503 1178 519 τι
1209 492 1233 519 ἐν
1311 495 1404 520 Κύποω
1436 497 1496 530 περὶ
1535 499 1586 521 τῶν
1613 495 1747 533 ἀριχιεπι-

959 589 1090 616 Tandem
1105 598 1195 625 super
1206 590 1252 618 his
1265 591 1371 619 oborto
1382 591 1511 619 tumultu
1523 592 1684 629 multisque
1695 601 1748 629 po-

924 633 985 660 sitis
1000 634 1216 669 quaestionibus
1239 635 1278 662 ab
1293 635 1328 662 iis
1342 636 1394 672 qui
1411 636 1566 671 utriusque
1589 638 1681 673 partis
1696 645 1748 674 pa-

923 677 1082 705 trocinium
1097 679 1296 706 sustinebant:
1310 680 1456 716 quoniam
1468 688 1504 707 ex
1516 680 1588 716 ipsis
1595 681 1671 716 juris
1680 689 1748 718 pro-

922 720 1096 749 bationibus
1112 723 1142 750 in
1155 723 1279 758 longum
1291 724 1450 752 videbatur
1459 725 1677 760 protrahendas
1685 725 1747 754 fore

924 767 1132 794 controversiae
1150 767 1364 803 dissensiones,
1378 768 1474 796 dictus
1503 769 1747 806 archiepiscopus

924 811 1089 838 Germanus
1122 811 1273 839 humiliter
1309 812 1489 848 supplicavit
1507 814 1596 842 nobis
1624 822 1662 842 ne
1687 817 1747 842 tam

922 854 1020 889 longis
1033 855 1182 890 ejusmodi
1196 856 1449 892 disputationibus
1460 866 1529 886 eum
1541 858 1747 887 circumveniri

923 906 958 926 ac
966 899 1110 934 distineri,
1117 903 1229 928 attenta
1235 901 1371 928 Ecclesiae
1378 902 1547 930 Graecorum
1556 905 1745 939 paupertate:

923 951 997 971 neve
1010 947 1051 972 tot
1063 947 1222 981 tantasque
1238 953 1372 973 morosus
1382 945 1571 974 difﬁcultates
1580 947 1611 974 in
1618 947 1747 975 medium

924 988 1021 1016 afferri
1032 988 1198 1017 sineremus
1212 998 1219 1017 :
1236 989 1425 1018 consulentes
1440 990 1529 1018 statui
1545 991 1638 1027 ipsius
1652 994 1681 1019 et
1693 999 1750 1028 pa-

924 1032 961 1066 ci,
974 1041 1096 1068 aequum
1111 1033 1253 1061 duximus
1266 1034 1393 1069 paciﬁca
1405 1035 1616 1063 constitutione
1630 1042 1666 1063 ex
1676 1043 1749 1072 apo-

925 1077 1031 1105 stolica
1044 1078 1239 1114 dispositione
1255 1077 1374 1106 salubre
1393 1078 1467 1106 inire
1492 1079 1660 1113 consilium,
1686 1087 1748 1116 quo

925 1119 1131 1147 dissidentium
1148 1121 1305 1156 quiescant
1320 1119 1413 1155 litigia
1437 1123 1465 1148 et
1486 1121 1542 1149 sub
1566 1121 1677 1150 ditione
1699 1123 1749 1150 Ec.

925 1164 1019 1192 clesiae
1030 1165 1220 1192 Romeeorum
1231 1166 1322 1193 vitam
1333 1165 1447 1200 prmfati
1459 1166 1550 1194 Graeci
1562 1174 1627 1194 cum
1639 1166 1748 1195 Latinis

924 1208 1037 1236 ducant
1049 1209 1215 1244 paciﬁcam.
1231 1210 1289 1236 Nec
1304 1209 1414 1237 mirum
1432 1210 1456 1237 si
1478 1211 1649 1238 Latinorum
1674 1211 1749 1239 Grc-

924 1260 1089 1289 corumque
1103 1260 1197 1288 genus
1207 1253 1442 1289 Ecclesiseipsius
1458 1255 1547 1290 Cypri
1571 1255 1661 1283 variis
1684 1255 1750 1291 agi—

925 1301 993 1326 tatae
1007 1298 1112 1334 turbis,
1131 1298 1326 1326 seditionibus
1348 1299 1537 1334 perturbtum
1550 1302 1664 1333 aestuet,
1680 1308 1750 1328 cum

925 1345 1085 1375 excrescat,
1101 1346 1132 1371 ut
1146 1342 1357 1378 dijudicamus,
1372 1343 1402 1370 id
1414 1344 1498 1379 quod
1522 1344 1676 1380 prmbebat
1697 1352 1751 1372 an-

925 1395 992 1415 sam
1013 1387 1192 1424 dissidiique
1207 1387 1363 1415 materiam
1378 1388 1568 1423 suggerebat,
1595 1389 1751 1426 multiplex

926 1431 1069 1460 nimirum
1084 1431 1135 1459 illa
1152 1432 1227 1467 juris
1251 1431 1465 1468 alterutrinque
1482 1433 1602 1461 dicendi
1623 1433 1751 1462 dandive

886 1475 906 1502 C
926 1477 1087 1504 indiscreta
1102 1476 1226 1504 actionis
1244 1476 1378 1511 facultas,
1405 1484 1441 1504 eo
1458 1477 1542 1512 quod
1561 1479 1651 1506 etiam
1666 1477 1752 1506 varia

926 1529 1087 1557 corporum
1094 1529 1128 1549 ac
1138 1528 1257 1548 morum
1270 1520 1470 1557 discrepantia
1476 1529 1581 1557 parere
1594 1523 1752 1550 consuevit

926 1566 1049 1594 dissidia
1060 1566 1089 1593 in
1105 1565 1243 1594 familiari
1271 1566 1495 1594 conversatione
1508 1574 1613 1594 eorum
1628 1567 1680 1603 qui
1694 1567 1750 1595 sub

926 1611 1016 1638 variis
1028 1610 1216 1638 diversarum
1232 1610 1387 1638 nationum
1401 1610 1542 1638 institutis
1556 1611 1647 1639 simul
1659 1612 1750 1640 vitam

927 1655 1051 1683 ducunt.
1072 1656 1129 1682 Nos
1157 1662 1238 1690 ergo,
1266 1655 1318 1691 qui
1348 1654 1482 1690 injuncto
1520 1655 1608 1683 nobis
1633 1659 1752 1692 apostm

927 1700 983 1728 lico
994 1708 1119 1727 munere
1127 1708 1195 1727 cum
1206 1707 1280 1736 pace
1293 1707 1415 1735 pascere
1431 1702 1566 1728 tenemur
1573 1703 1600 1728 et
1612 1701 1751 1737 cupimus

928 1753 988 1773 non
1005 1745 1095 1772 modo
1107 1752 1158 1772 e05
1189 1745 1241 1780 qui
1265 1752 1370 1780 prope,
1395 1752 1502 1772 verum
1522 1745 1612 1772 etiam
1635 1753 1686 1773 eos
1699 1744 1752 1781 qui

928 1789 1017 1824 longe
1033 1791 1112 1821 sunt,
1125 1788 1231 1816 sollicit
1251 1788 1363 1816 mederi
1391 1788 1544 1816 studentes
1562 1788 1694 1824 praefatis
1704 1790 1756 1817 Ec-

930 1833 1028 1861 clesiis
1040 1841 1091 1861 eas
1097 1832 1184 1861 ﬁrma
1191 1833 1398 1861 constitutione
1405 1833 1481 1861 inter
1491 1841 1522 1861 se
1531 1834 1753 1870 componendo.

931 1886 992 1914 quo
1013 1880 1117 1905 mutua
1131 1877 1161 1905 in
1183 1877 1297 1905 Christo
1315 1885 1389 1913 pace
1404 1877 1550 1911 fruantur,
1562 1878 1632 1906 satis
1648 1885 1757 1914 oppor-

933 1926 1003 1951 tune
1018 1921 1223 1950 consuluimus
1233 1922 1342 1949 harum
1354 1921 1479 1950 dissidia
1489 1922 1608 1958 placida
1616 1923 1757 1951 constitu-

932 1968 1013 1995 tione
1026 1965 1142 2000 sedare,
1167 1966 1363 1994 consistoriali
1385 1966 1528 1994 nimirum
1543 1967 1758 1996 deliberatione

934 2020 986 2039 seu
994 2010 1145 2047 judicialis
1160 2010 1319 2038 decisionis
1332 2011 1432 2046 gladio
1443 2019 1478 2038 ea
1500 2011 1684 2040 dirimentes.

971 2058 1044 2085 Cum
1078 2055 1167 2090 igitur
1200 2063 1307 2090 graves
1351 2055 1559 2092 seditiosaeque
1596 2057 1759 2086 contentio-

934 2109 988 2130 nes
1021 2099 1178 2128 levissimis
1209 2100 1327 2134 jactatis
1367 2100 1588 2136 objectionibus
1624 2109 1677 2137 per
1713 2104 1757 2130 tu-

77 2152 129 2174 τῶν
151 2145 286 2178 διαλέξεων
306 2148 339 2178 εἰς
369 2150 398 2174 τὸ
427 2148 566 2186 ἀπέραντον
593 2147 632 2174 ἀεί
658 2148 848 2185 προϐαινόντων

957 2145 1117 2174 iultuantes
1145 2143 1373 2180 disputationes,
1387 2144 1416 2172 in
1444 2145 1594 2173 inﬁnitum
1621 2146 1758 2174 vincendi

77 2193 280 2229 προστάττοντες
299 2197 331 2229 τῇ
359 2197 408 2219 τῶν
430 2194 559 2230 ἡμετέρων
582 2191 698 2229 ἀδελφῶν
727 2192 809 2229 βουλῇ
836 2195 879 2219 καὶ

76 2241 112 2272 τῷ
152 2238 307 2274 πληρώματι
348 2242 393 2268 τῆς
421 2237 597 2268 ἀποστολὶκῆς
627 2236 745 2269 ἐξουσιας

77 2280 184 2308 ἐνώπιον
224 2282 281 2317 (11)
315 2283 388 2318 ἡμῶν
431 2286 477 2309 τοῦ
516 2283 637 2320 ῥηθέντος
663 2285 804 2319 Γερμανοῡ,
831 2285 877 2308 τοῦ

76 2329 127 2352 τῶν
163 2328 279 2362 Γραικῶν
318 2325 540 2363 ἀρχιεπεσκόπου,
583 2329 627 2352 καὶ
665 2330 716 2352 τῶν
764 2325 877 2352 εὐλαϐῶν

775 2248 782 2254 ·
801 2239 878 2263 ὄντων

583 2329 627 2352 καὶ
665 2330 716 2352 τῶν

113 2424 171 2458 (10)
197 2426 252 2449 Τῶν
286 2423 418 2459 Ῥωμαῖων
444 2423 607 2454 Ἐκκλησίας.
633 2425 769 2452 Romaeos
791 2426 877 2452 vocat

78 2459 207 2496 Graecos.
218 2458 265 2486 Sic
275 2459 374 2496 primo
388 2460 484 2488 vocati
497 2464 565 2488 sunt
580 2460 600 2488 ii
615 2460 672 2496 qui
685 2459 742 2487 sub
765 2459 876 2488 ditione

77 2494 364 2531 erantpimperatoris
373 2496 554 2531 Graecorum,
570 2494 657 2531 cujus
666 2495 783 2531 imperii
791 2496 876 2523 sedes

77 2502 162 2522 erant
176 2502 364 2557 imperatoris
373 2502 554 2528 uraecorum,
570 2503 657 2531 cujus
666 2502 783 2531 imperii
791 2502 874 2523 sedes

77 2538 144 2567 cum
159 2529 219 2567 Cpo
231 2530 256 2558 is
264 2532 350 2563 esset,
360 2530 400 2567 ab
409 2531 483 2567 ipsis
493 2539 572 2559 nova
583 2532 679 2567 Roma
689 2534 874 2567 nuncupata,

77 2565 196 2607 idcirco.
207 2566 376 2607 Grte‘corum
388 2565 548 2607 imperium
557 2566 734 2607 Romaniam
743 2565 870 2607 appella-

76 2601 159 2629 bant.
177 2600 341 2629 Concilium
359 2600 556 2634 Lugdunense
572 2602 629 2630 sub
644 2600 816 2630 Innocentio
829 2603 874 2635 IV,

77 2638 117 2665 ad
123 2636 268 2664 unitatem
278 2637 416 2665 Romanae
422 2638 563 2666 Ecclesiae
571 2641 664 2665 totum
672 2639 833 2670 Romaniz,
843 2638 875 2665 id

75 2676 116 2700 est
131 2672 259 2709 θνρινσίῐε,
276 2673 444 2707 imperium.
456 2672 718 2709 Eosautemquiilli
726 2673 875 2709 parebant

76 2707 201 2749 imperio
214 2709 349 2749 Rompeos
361 2709 579 2749 nuncupabant
585 2707 643 2748 uta
654 2707 794 2749 Rpmanis
802 2709 875 2749 Lati-

77 2743 122 2771 nis
130 2743 260 2779 antiquae
276 2745 377 2772 Romee
387 2743 519 2773 nominis
533 2745 623 2773 etiam
636 2744 796 2772 inﬂexione
809 2743 872 2771 dis-

77 2781 240 2807 cernerent.
251 2779 333 2808 Clare
342 2779 412 2809 idin
421 2780 479 2809 hac
491 2781 556 2816 ipsa
567 2779 790 2814 Constitutione,
800 2780 873 2815 παρὰ

935 2190 1033 2218 studio
1045 2188 1270 2225 procendentes,
1282 2188 1311 2215 in
1327 2191 1453 2225 utraque
1467 2192 1551 2226 parte
1566 2190 1755 2225 sintobortm,

933 2236 971 2264 de
986 2235 1110 2263 fratrum
1130 2235 1301 2261 ucstrorum
1314 2233 1437 2262 consilio
1447 2238 1475 2263 et
1490 2235 1674 2271 plenitudine
1687 2243 1758 2272 apo-

933 2280 1045 2309 stolicus
1065 2278 1227 2315 potestatis,
1255 2277 1421 2306 constitutis
1448 2287 1551 2307 coram
1572 2279 1660 2308 nobis
1677 2279 1756 2308 dicto

933 2327 1081 2354 Germano
1108 2322 1333 2358 archiepiscopo
1357 2325 1386 2350 et
1418 2324 1589 2352 reverendis
1614 2324 1755 2353 fratribus

930 2427 975 2450 τοὺ
1017 2426 1065 2448 τῶν
1110 2421 1263 2456 Ῥωμαίωνη
1284 2420 1428 2456 ἐπισκοπου
1457 2419 1607 2456 λαμϐανέτω
1640 2423 1755 2448 ἕκαστοσ-

930 2462 1042 2488 Αατῖνος
1057 2455 1206 2487 ἐπίσκοπος·
1237 2455 1442 2492 Unusquisque
1459 2455 1585 2492 Latinus
1601 2459 1753 2492 episcopus

930 2496 1027 2522 sumat
1037 2494 1245 2534 juramenlym
1254 2490 1419 2534 ﬁdelitatis.
1433 2490 1471 2519 ab
1479 2490 1620 2532 episcopo
1627 2490 1756 2534 {tom-rgo-

931 2539 1009 2560 rum.
1019 2525 1162 2556 nimirum
1175 2526 1213 2554 ab
1227 2526 1368 2562 episcopo
1377 2525 1546 2554 Graecorum
1554 2525 1620 2562 ejus
1633 2528 1751 2556 insulis.

932 2568 1086 2602 Romaeum
1099 2563 1201 2602 Latino
1209 2561 1336 2602 opponit
1353 2561 1426 2602 quia
1443 2562 1507 2602 ejus
1522 2561 1650 2602 insulani
1663 2564 1694 2592 in
1710 2564 1754 2592 di-

931 2602 1007 2630 tione
1022 2599 1094 2628 olim
1111 2597 1237 2627 fuerant
1251 2597 1440 2634 imperatoris
1461 2597 1597 2626 Orientis.

965 2637 1019 2672 (11)
1045 2636 1176 2662 Ἐνωπιον.
1211 2635 1289 2673 Tres.
1322 2636 1438 2661 tantum
1469 2636 1661 2673 recensentur
1691 2634 1752 2697 egi-

965 2673 1010 2697 nni
1026 2672 1090 2697 eius
1103 2670 1219 2697 insulse.
1239 2677 1311 2697 auia
1323 2672 1448 2697 quartus
1458 2671 1596 2696 Arsiones
1608 2676 1639 2696 1n
1650 2671 1709 2697 Pan
1733 2678 1752 2697 ο

929 2670 1090 2708 εθὸρὶᾐιιε
1103 2670 1219 2708 insulse,
1239 2670 1311 2708 quia
1323 2672 1448 2708 quartus
1458 2670 1596 2708 Arsiones
1608 2670 1639 2696 in
1650 2670 1752 2704 Papho

929 2705 989 2741 iani
995 2705 1120 2740 obierat,
1128 2706 1153 2741 ej
1158 2713 1252 2741 usque
1258 2705 1345 2732 sedes
1352 2705 1487 2740 vacabat,
1491 2707 1523 2733 ut
1528 2706 1662 2732 extrema
1667 2708 1751 2740 parte

948 2744 1017 2778 ujus
1031 2740 1254 2772 Constitutionis
1268 2742 1359 2776 patet.
