1959 3074
43 135 56 161 i
64 133 129 161 5“

707 135 935 166 CONSTITUTIO

1676 140 1748 179 i556

43 196 90 226 οἷς
126 196 141 221 ὁ
176 197 368 233 μητροπολίτης
393 197 421 224 ἐκ
462 199 572 235 νομίμου
608 197 714 226 δικαίου
757 198 844 226 δύνατι

936 209 984 229 um
997 203 1049 238 est,
1064 209 1136 237 erga
1148 192 1258 240 eosqui
1268 205 1322 233 suo
1331 207 1401 235 sunt
1412 208 1603 245 suﬂraganeo
1619 212 1745 248 subjecti

44 238 250 268 δικαιοδοσίαν
276 241 393 273 ἓξασκεῐν
412 242 448 273 εἰς
466 245 525 274 τοὺς
550 247 597 270 τοῦ
616 246 751 282 συνιρίθου
782 245 865 271 αὐτῶν

44 287 298 323 ὑποτεταγμένους,
311 285 394 324 μηδὶν
408 287 605 325 ἁρπαζέτωσαν.

88 330 127 357 Ai
170 330 200 358 δὲ
225 332 307 358 αἰτίαι
345 333 372 358 αἱ
411 332 557 362 ἀνήκουσαι
598 337 628 370 τῇ
656 333 862 370 ἐκκλησιαστικῇ

45 375 188 412 συλλογῇ,
204 377 226 403 εἰ
248 377 452 415 ἀποοτραφῶσιν
468 378 492 404 ἐν
518 382 573 410 τοῖς
599 382 730 416 Γραικοῖς,
760 379 794 409 εἰς
820 381 864 405 τὸν

42 421 136 448 αὑτὸν
154 422 287 458 σύμφυλον
312 421 438 460 ἀρχιερέα
463 425 652 460 κρινέσθωσαν.
685 424 745 450 Ἐὰν
772 423 802 450 δὲ
828 424 863 455 εἱς

44 469 171 492 Λατῖνον
203 469 248 493 καὶ
286 469 406 504 Γραικὸν,
446 469 496 494 εἴτε
522 469 534 494 6
564 470 674 506 Γραικὸς
707 468 861 504 ἐγκαλεῖται,

44 511 84 542 εἰς
114 514 162 537 τὸν
198 515 308 539 Λατῖνον
343 517 389 539 τοῦ
416 515 496 539 τόπου
534 513 659 552 ἀρχιερέα
687 513 862 551 ἀναφερέσθω-

46 566 102 582 σαν
125 562 254 594 κριτικῶς
283 555 520 595 διαχωριζόμεναι,
546 559 612 588 πλὴν
640 559 788 596 σωζομένης
816 563 862 590 τῆς

44 601 238 632 ἁποστολικῆς
258 601 385 640 καθέδρας
414 604 558 640 ὑπεροχῆς,
587 606 652 641 πρὸς
680 604 710 634 ἧς
737 603 860 640 βοήθειαν

46 648 149 678 πάντες
178 649 203 673 οἱ.
231 646 374 684 θλιϐόμενοι
403 646 526 674 δύνανται
567 648 670 685 ἀμὶσως
702 649 860 686 ἐπαναστρέ-

46 701 118 727 φειν,
137 691 169 718 Εἰ
202 693 273 728 παρὰ
296 696 343 718 τοῦ
370 692 513 719 ἐπισκόπου
547 696 658 730 Γραικοῡ
691 695 797 729 γένηταί
823 704 860 723 τις

44 735 180 772 ἔγκλησις
212 738 279 763 κατὰ
298 741 344 763 τοῦ
369 739 482 764 Λατίνου
511 737 654 764 ἐπισκόπου
680 738 716 769 εἰς
742 738 771 764 οὗ
803 737 859 764 ἔνο-

43 783 111 818 ρίαν
146 782 160 807 ὁ
191 782 269 813 αὐτὸς
317 784 444 818 τυγχάνει
486 785 596 819 Γραικὸς
641 782 788 818 ἔπισκοπος,
837 784 860 809 εἴ

41 836 76 862 γε
108 828 204 864 χρεία,
241 826 353 853 ὲιτεῦθεν
389 826 554 865 ἁνατρεχέτω
582 830 627 853 καὶ
655 829 720 865 πρὸς
748 830 789 853 τὸν
810 832 857 859 τῆς

42 874 202 904 Λευκοσίας
220 871 439 908 ἀρχιεπίσκοπον.

83 919 125 952 Τῇ
155 918 276 954 παρούσῃ
305 927 332 943 τε
361 916 480 948 Διατάξει
521 918 677 954 θεσπίζομεν
704 918 745 943 ἶνα
771 917 795 944 ἐν
824 922 854 954 τῇ

42 960 124 987 πόλει
144 961 160 990 ἣ
179 960 247 998 ἐντῇ
264 959 349 999 ἰνορία
374 965 420 988 τοῦ
451 964 563 989 Λατίνου
590 961 741 999 ἀρχιερέως,
771 965 857 999 χωρὶς

43 1010 98 1036 τῆς
133 1004 272 1042 διατριϐῆς
310 1010 357 1037 τῆς
389 1008 534 1037 ἑπισκοπῆς
560 1011 610 1032 τῶν
640 1009 755 1043 Γραικῶν
782 1008 856 1033 καθέ-

45 1048 131 1087 δρας,
147 1049 204 1087 μεθ’
220 1050 250 1076 οὗ
265 1052 293 1076 τὸ
310 1050 483 1088 ἀκροατήριον
508 1055 553 1077 τοῦ
579 1050 671 1087 ἐνόχου
700 1052 714 1080 ἣ
743 1055 788 1077 τού
816 1050 856 1078 δι-

45 1097 141 1129 καίου,
170 1096 192 1120 εἶ
206 1095 255 1121 τιν’
283 1096 340 1131 ἔχει
367 1097 380 1122 ὁ
412 1097 523 1133 Γραικὸς
549 1095 701 1130 ἐπίσκοπος,
733 1098 762 1122 τό
791 1096 855 1122 αὐτὸ

45 1142 94 1166 καὶ
108 1139 134 1166 ἓν
151 1137 372 1176 διαγινώσκηται,
400 1143 444 1167 καὶ
471 1139 553 1178 μηδὲν
581 1140 641 1167 ἄλλο
672 1140 737 1167 εἶναι
766 1143 855 1178 κριτή-

44 1195 104 1221 ριον
125 1182 310 1215 δικαιοδοσίας
338 1183 546 1222 διατεταγμένους
573 1185 597 1211 ἔν
626 1190 680 1217 τοῖς
709 1190 852 1223 Γραικοίς·

46 1229 69 1255 εἰ
97 1231 189 1266 μήπως
216 1231 240 1256 'n
269 1240 320 1256 τινι
349 1230 476 1266 ἐκκλησίᾳ
514 1233 630 1268 Γραικῶν
661 1235 707 1257 τοῦ
735 1233 853 1258 τοιούτου

47 1274 170 1310 ῥηγάτου
186 1275 201 1303 ἣ
217 1273 434 1311 ἀρχιδιακονικῇ,
450 1276 465 1304 ἢ
491 1275 553 1312 ἄλλῃ
577 1274 683 1311 ὶξουσίᾳ
709 1275 851 1312 ἐκπιπλεγ-

47 1320 124 1354 μένον
153 1319 256 1355 ἲχουσα
280 1321 438 1356 τεταγμένως
478 1322 613 1357 κριτήριον
641 1320 723 1351 ἀκοῆς
750 1320 777 1351 ἐξ
806 1321 851 1357 ἀρ-

47 1367 114 1399 χῆς,
133 1363 160 1395 ἐξ
188 1363 218 1390 οὗ
245 1363 295 1391 ἀπὸ
323 1368 369 1394 τῆς
395 1365 474 1395 αὐτῆς
505 1364 645 1395 ἐκκλησίας
671 1366 714 1390 τὸν
743 1367 852 1401 Γραικὸν

46 1408 204 1442 ἐπίσκοπον,
221 1411 266 1435 καὶ
284 1408 396 1435 ἕντιῠθεν
413 1410 481 1435 κατὰ
496 1408 599 1446 βαθμὸν
628 1409 652 1435 οἱ
678 1409 757 1435 αὐτοῦ
787 1411 851 1436 ὑπο-

48 1455 202 1490 τεταγμένοι
234 1454 329 1480 ὁπόταν
356 1456 453 1480 τούτων
482 1464 506 1480 τι
536 1455 622 1480 ῖσεται
646 1454 849 1490 προκαλέσουσι,

81 1502 126 1533 Τῷ
155 1498 356 1535 ἀρχιεπισκόπῳ
385 1501 471 1535 μέντοι
494 1502 539 1526 καὶ
567 1503 621 1531 τοῖς
648 1502 770 1531 Λατίνοις
796 1499 850 1527 ἔπι-

918 245 1157 281 jurisdictionem
1168 256 1318 279 exercere.

956 335 1060 364 Causae
1070 344 1137 372 quae
1150 337 1189 365 ad
1199 338 1433 369 ecclesiasticum
1446 346 1582 378 spectant
1597 345 1705 382 forum,
1719 348 1744 376 si

920 382 1177 410 controvertantur
1193 383 1267 412 inter
1282 385 1408 421 Graecos,
1425 395 1443 414 a
1459 395 1513 416 suo
1542 397 1645 418 eorum
1671 399 1743 427 gen-

919 423 1143 458 tilijudicentur
1158 428 1344 463 pontiﬁce;si
1358 439 1429 460 vero
1457 432 1532 461 inter
1556 423 1693 464 Latinum
1716 440 1745 465 et

918 469 1064 503 Graecum;
1079 471 1139 498 sive
1154 473 1272 501 Gracus
1283 478 1450 510 accusetur,
1465 478 1504 506 ad
1519 479 1658 508 Latinum
1686 481 1745 509 loci

917 514 1101 549 poutiﬁicem
1109 517 1276 546 referantur
1280 519 1451 554 judicaliter
1465 522 1651 561 dirimendas,
1661 526 1744 555 salva

917 560 1018 587 tamen
1033 561 1204 596 ap05tolicte
1220 563 1299 591 sedis
1310 566 1520 602 praerogativa,
1536 569 1623 604 cujus
1652 579 1743 607 opem

916 604 1012 632 vexati
1021 613 1127 633 omnes
1141 606 1314 637 immediate
1330 614 1459 646 possunt
1473 612 1642 649 implorare.
1655 604 1687 643 Si
1703 616 1742 644 ab

916 648 1057 684 episcopo
1068 650 1170 678 Graeco
1185 652 1288 689 aliqua
1298 653 1468 683 instituatur
1476 658 1625 686 accusatio
1635 659 1741 688 adver-

917 699 969 719 sus
985 693 1122 722 Latinum
1135 695 1310 733 episcopum
1325 698 1356 726 in
1371 707 1406 727 ea
1419 700 1540 729 dimcesi
1555 702 1584 730 in
1593 711 1654 739 qua
1665 705 1741 732 Gra-

914 744 968 764 cus
981 740 1024 766 est
1043 739 1215 776 episcopus,
1228 741 1308 775 inde,
1322 745 1559 774 cumnecessitas
1568 748 1740 783 postulave-

914 781 961 815 rit,
977 782 1015 810 ad
1032 783 1180 812 Leucosiae
1194 789 1364 816 recurratur
1392 781 1665 828 archiepiscopum.

948 915 1088 945 Praesenti
1103 918 1161 946 hac
1176 920 1389 951 Constitutione
1408 924 1564 955 sancimus
1578 929 1612 956 ut
1624 926 1654 956 in
1670 928 1739 958 civi—

911 962 971 987 tate
990 961 1035 989 vel
1050 962 1170 992 dioecesi
1184 964 1216 992 in
1236 973 1298 1002 qua
1323 968 1475 998 audientis.
1499 970 1597 999 forum
1617 974 1736 1002 actoris.

910 1004 958 1032 vel
973 1005 1016 1033 rei
1031 1008 1075 1034 est
1090 1008 1184 1036 Latini
1198 1010 1360 1045 pontiﬁcis,
1381 1016 1465 1042 extra
1491 1015 1590 1044 locum
1621 1017 1653 1045 in
1676 1027 1737 1055 quo

910 1049 1091 1086 episcopalis
1107 1052 1274 1082 Graecorum
1290 1059 1450 1086 constituta
1459 1059 1546 1088 sedes
1559 1064 1613 1096 est,
1626 1049 1737 1099 siquid

909 1093 1029 1122 Graecus
1047 1095 1140 1124 habet
1158 1097 1330 1134 episcopus,
1347 1101 1386 1129 ab
1401 1110 1463 1131 uno
1482 1093 1652 1141 eodemque
1672 1093 1736 1136 ioro

910 1140 1156 1172 cognoscendum
1171 1149 1246 1176 esse,
1262 1151 1317 1172 nec
1346 1146 1431 1174 aliud
1458 1140 1625 1185 quodqiam
1641 1150 1736 1187 legiti-

909 1190 994 1210 mum
1009 1191 1072 1211 esse
1089 1185 1218 1214 tribunal
1226 1187 1302 1222 juris
1317 1189 1437 1219 dicendi
1455 1192 1576 1229 Graecis,
1592 1194 1650 1223 nisi
1661 1185 1735 1225 forte

908 1227 938 1255 in
951 1228 1053 1264 aliqua
1067 1231 1238 1259 Graecorum
1253 1234 1385 1263 Ecclesia
1401 1236 1536 1272 ejusdem
1565 1227 1660 1277 regni,
1686 1244 1735 1270 vel

908 1273 1151 1308 archidiaconsli,
1172 1276 1220 1304 vel
1232 1277 1290 1305 alia
1304 1282 1450 1315 potestate
1465 1282 1518 1310 rite
1534 1290 1552 1311 a
1586 1273 1734 1322 principio

907 1322 1081 1354 exemptum
1094 1321 1253 1350 audientiae
1264 1324 1365 1352 forum
1375 1326 1521 1364 exititerit;
1533 1336 1552 1356 a
1566 1337 1628 1366 quo
1647 1321 1734 1360 abiea

908 1362 1036 1392 Ecclesia
1051 1364 1091 1391 ad
1105 1365 1239 1394 Grmcum
1253 1367 1439 1405 episcopum,
1455 1374 1482 1399 et
1491 1362 1561 1400 hinc
1575 1362 1733 1409 _gradatim

905 1407 958 1442 qui
971 1407 1001 1434 in
1012 1408 1077 1443 ejus
1094 1412 1163 1437 sunt
1173 1410 1295 1455 ditione,
1309 1414 1550 1452 quotiescunque
1564 1407 1732 1455 hisaliquid

905 1451 1070 1486 contigerit.
1087 1461 1119 1481 se
1135 1454 1360 1490 appellaverint.

940 1496 1172 1534 Archiepiscopo
1188 1502 1217 1526 et
1229 1500 1378 1537 episcopis
1399 1504 1507 1532 Latinis
1527 1506 1565 1533 ad
1585 1508 1730 1536 canonice

47 1545 158 1574 σκόποις
177 1543 240 1580 ὑπὲρ
267 1545 438 1580 πταισμάτων
467 1544 481 1573 ἦ
510 1542 631 1575 ἀδικιῶν,
649 1547 694 1571 καὶ
721 1549 769 1570 τῶν
803 1544 844 1571 αύ-

936 1542 1150 1575 μεηοεοοηάιιω
1165 1543 1203 1572 de
1217 1545 1393 1575 criminibus
1402 1549 1494 1585 velinj
1500 1550 1570 1578 uriis
1578 1553 1606 1578 et
1608 1551 1728 1588 juribus

44 1592 94 1613 τῶν
115 1585 235 1623 δικαίων,
266 1592 315 1614 τῶν
345 1588 488 1618 ἐκκλησιῶν
516 1598 543 1615 τε
572 1588 656 1614 αὐτῶν
685 1588 848 1625 επιμελητέον

48 1637 190 1663 κανονικῶς
219 1632 244 1658 ἐν
281 1636 333 1663 τοῖς
362 1635 482 1670 Γραικοίς
508 1638 557 1659 τῶν
597 1633 681 1659 αὐτῶν
707 1633 802 1660 πόλεων
832 1634 846 1663 ἦ

47 1676 162 1715 ἐνοριῶν,
205 1676 228 1703 ἓν
270 1676 374 1709 ἔκείνοίς
416 1682 468 1708 τοῖς
510 1678 667 1716 συμϐάμασι
706 1681 848 1716 προσήκειν

48 1722 198 1760 βουλόμεθα
220 1725 267 1752 τὴν
292 1722 411 1754 ἐξουσίαν
431 1722 455 1749 ὶν
493 1724 530 1754 οἷς
567 1723 655 1755 αὐτοῖς
684 1723 712 1749 ἐκ
742 1721 846 1750 δικαίου

44 1770 174 1804 προσήκει
189 1771 246 1800 τοῖς
259 1769 390 1801 Λατίνοις.

84 1822 151 1858 Πρὸς
176 1824 222 1852 τὴν
255 1821 364 1850 σύνοδον
392 1821 421 1850 δὲ
451 1827 496 1850 τοῦ
525 1826 638 1852 Λατίνου
667 1822 846 1852 ἐπισκοπουὸ

43 1858 170 1903 Ῥωμαῖος
188 1866 330 1899 ἐπίσκοπος
357 1867 381 1894 ἐν
404 1873 433 1906 τῇ
465 1869 544 1896 αὐτοῦ
574 1869 659 1907 ἐνορίᾳ
686 1872 729 1896 τὸν
757 1871 846 1908 θρόνον

44 1910 124 1938 αὐτοῦ
143 1911 220 1948 ἔχων,
249 1909 320 1944 ἅπαξ
349 1917 395 1939 τοῦ
422 1911 540 1941 ἕνιαντοῦ
566 1916 632 1949 μετὰ
656 1919 706 1941 τῶν
731 1917 844 1952 ἡγουμέ-

42 1966 91 1982 νων
117 1959 161 1983 καὶ
189 1961 238 1983 τῶν
275 1958 358 1994 ίιρέων
380 1959 471 1994 αὑτοῦ,
496 1963 545 1986 τῶν
571 1962 617 1989 τὴν
644 1959 770 1998 φροντίδα
793 1966 843 1987 τῶν

43 2001 139 2038 ψυχῶν
170 2000 294 2038 ἐχόντων,
325 2007 458 2039 κρατεῖται
495 2004 638 2036 summa;
665 2008 817 2043 συντρέχειν
834 2017 840 2023 ·

42 2056 88 2072 και
102 2047 133 2072 τὰ
153 2045 280 2074 συνοδικά
309 2049 401 2077 τούτου
435 2049 601 2085 θεσπίσματα
630 2048 648 2076 ἃ
674 2052 761 2086 μέντοι
787 2054 841 2081 τοῖς

43 2096 92 2118 τῶν
111 2094 224 2128 Γραικῶν
244 2093 314 2119 ἔθεσι
329 2095 365 2129 μὴ
386 2092 511 2124 ἐναντίοις
530 2098 561 2131 τῇ
588 2094 712 2131 καθολικῇ
740 2098 838 2128 πίστει,

43 2139 87 2163 καὶ
102 2136 128 2162 ἄδι
148 2140 193 2167 τῆς
222 2139 337 2174 Γραικῶν
365 2137 519 2169 Ἐκκλησίας
542 2139 707 2176 ἀνιχομένοις
734 2143 770 2177 μὴ
798 2140 839 2166 ἀν-

43 2181 196 2215 τιϐαίνουσι,
224 2181 361 2219 λαμϐάνειν
386 2192 412 2209 τι
437 2186 481 2210 καὶ
507 2184 651 2220 φυλάττειν.
679 2185 733 2212 Ἵνα
757 2184 786 2212 δὲ
801 2187 837 2222 μὴ

903 1586 978 1622 ipsis
994 1594 1117 1615 suarum
1133 1589 1342 1627 Ecclesiarum,
1354 1592 1385 1620 in
1399 1594 1520 1622 casibus
1534 1595 1591 1623 illis
1600 1586 1729 1633 potesta-

903 1633 962 1658 tem
979 1631 1009 1658 in
1024 1633 1137 1660 Graecos
1146 1642 1266 1662 suarum
1274 1635 1426 1666 civitatum
1433 1639 1480 1667 vel
1485 1631 1651 1669 diuecesum
1661 1650 1728 1671 esse

902 1675 1053 1711 volumus,
1064 1676 1095 1704 in
1109 1677 1220 1713 quibus
1234 1679 1272 1707 de
1285 1680 1351 1716 jure
1366 1682 1441 1719 ipsis
1454 1684 1564 1713 Latinis
1575 1688 1726 1716 convenit.

938 1821 981 1851 Ad
1001 1821 1153 1862 synodum
1165 1823 1259 1855 Latini
1274 1826 1433 1866 episcdpus
1447 1828 1582 1860 Romanus
1594 1833 1646 1869 qui
1659 1833 1724 1869 ejus

900 1868 1021 1897 dicecesi
1035 1870 1137 1898 sedem
1149 1873 1228 1899 tenet
1244 1873 1413 1909 episcopus,
1429 1882 1465 1903 ac
1475 1876 1584 1911 pariter
1598 1868 1723 1907 abbates

900 1913 1023 1949 ejusque
1038 1914 1206 1943 sacerdotes
1221 1917 1393 1945 animarum
1404 1926 1508 1948 curam
1518 1920 1664 1949 habentes
1679 1931 1724 1951 se-

898 1957 994 1984 melin
1002 1965 1083 1986 anno
1095 1960 1230 1995 expedite
1242 1961 1396 1995 accedant,
1404 1966 1432 1991 et
1443 1964 1589 2000 synodica
1603 1967 1724 1996 decreta

897 2009 976 2037 quas,
991 2002 1098 2030 Graecis
1113 2004 1235 2040 quidem
1256 2006 1395 2034 institutis
1408 2009 1562 2037 catholicas
1576 2010 1645 2038 ﬁdei
1660 2019 1722 2040 non

896 2048 1144 2083 repugnantibus,
1163 2051 1335 2079 etaGraecis
1355 2053 1482 2088 receptis
1495 2054 1632 2083 Ecclesiis
1658 2064 1720 2085 non

896 2091 1105 2127 adversantur,
1133 2095 1283 2130 suscipere
1307 2099 1335 2124 et
1362 2097 1520 2126 observare
1552 2102 1720 2131 teneantur.

894 2139 934 2164 Ne
948 2139 1047 2165 autem
1068 2137 1136 2166 dicti
1153 2139 1287 2177 episcopi
1307 2142 1398 2170 Graeci
1427 2152 1463 2171 ex
1475 2143 1566 2180 hujus
1581 2145 1721 2176 observa-

894 2182 973 2210 tione
989 2183 1222 2217 Constitutionis,
1236 2193 1297 2221 qua
1309 2187 1349 2215 ad
1360 2188 1547 2226 episcopales
1561 2191 1650 2220 etiam
1665 2201 1718 2229 sy—

44 2226 70 2252 οἰ
80 2226 196 2264 ῥηθέντες
207 2228 313 2263 Γραικοὶ
340 2226 478 2254 ἕπία-ιιοποι
505 2227 666 2266 βαρύνωνται
695 2229 772 2268 βάρει
799 2228 840 2256 δι-

936 2228 991 2254 dos
1020 2227 1191 2256 Latinorum
1218 2231 1395 2265 pontiﬁcum
1408 2233 1549 2263 accedere
1568 2226 1717 2271 coguntur

44 2271 99 2306 πλῷ
111 2270 133 2296 ἐν
148 2274 183 2306 τῷ
204 2268 309 2298 δεῖσθαι
324 2273 425 2304 τούτοις
453 2273 580 2309 ῖρχεσϐαι
607 2273 635 2300 ἐκ
650 2279 696 2305 τῆς
717 2277 840 2305 τοιαύτης

45 2314 180 2347 διατάξεως
205 2315 323 2352 ὀφείλειν,
362 2319 406 2342 καὶ
433 2316 469 2348 εἰς
500 2319 548 2349 τὰς
570 2318 743 2351 ἐπίσκοπικάς
765 2322 840 2346 συνὸ-

894 2271 1005 2308 duplici
1016 2279 1066 2307 gra
1073 2276 1176 2300 ventur
1184 2281 1283 2307 onere,
1298 2277 1457 2306 statuimus
1463 2278 1503 2306 ad
1509 2279 1713 2310 dicecesanam

895 2316 1047 2352 synodum
1058 2325 1108 2344 eos
1123 2325 1184 2345 non
1195 2325 1261 2346 esse
1281 2321 1444 2355 cogendos.

45 2357 104 2392 δους
116 2364 162 2386 τῶν
190 2359 332 2398 ἀρχιιρέων
360 2364 477 2388 Λατίνων
503 2364 612 2395 τούτους
628 2365 765 2401 ἔρχεσθαι,
790 2364 824 2395 εἰς
842 2365 890 2392 τὴν
909 2364 957 2391 τῆς
972 2359 1103 2398 ἐπαρχίας
1123 2361 1232 2388 σύνοδον
1261 2364 1386 2400 τάττομεν
1411 2366 1458 2391 οὐκ
1478 2365 1715 2405 ἀναγκαζομένους.

80 2404 118 2432 Ἐν
141 2408 196 2436 ταῖς
224 2404 398 2443 ἐπιτηρήσισι
437 2409 525 2443 μέντοι
561 2412 611 2434 τῶν
638 2411 753 2446 Γραικῶν
779 2409 837 2436 ἑπι-

45 2452 151 2484 σκόπων,
173 2450 188 2478 ἣ
218 2454 268 2476 τῶν
293 2449 380 2482 ούτοῖς
404 2452 624 2489 ὑποτεταγμένων,
649 2453 746 2483 ἐκείνην
772 2453 836 2491 βου-

43 2494 134 2530 λόμεθα
148 2495 217 2530 ἔχειν
232 2496 293 2524 τοὺς
323 2497 451 2527 Λατίνους
470 2495 603 2534 ἀρχιερεῖς
618 2497 642 2523 ἐν
670 2502 726 2529 ταῖς
752 2497 836 2530 ἰδίαις

42 2539 185 2566 πόλεσικαὶ
213 2538 324 2576 ἕνορίαις
349 2542 396 2569 τὴν
422 2540 551 2574 ἐξουσίαν,
581 2541 611 2571 ἣν
638 2547 674 2578 τῷ
702 2553 832 2580 μητροπο-

43 2583 99 2620 λίτῃ
120 2583 142 2609 ἐν
155 2586 212 2615 ταῖς
241 2583 413 2621 ἐπιτηρήσισι
441 2589 491 2612 τῶν
515 2585 594 2613 αὐτοῦ
624 2588 763 2624 συνερίθων
789 2591 834 2614 καὶ

43 2633 92 2655 τῶν
126 2628 202 2655 αὐτοῦ
240 2630 362 2658 ὑπηκόων
401 2635 595 2668 παραχωροῦσι
638 2633 672 2658 τὰ
713 2635 835 2660 κανονικὰ

45 2675 212 2710 θεσπίσματα,
542 2676 546 2680 ’

77 2721 116 2754 Τῷ
139 2717 339 2757 ἀρχιιπισκόπῳ
366 2719 456 2758 μέντον
479 2722 525 2749 καὶ
550 2724 605 2756 τοῖς
633 2725 755 2758 Λατίνοις
782 2722 836 2754 ἑπι-

47 2765 154 2799 σκόποις,
179 2765 240 2791 ὅταν
277 2766 374 2798 ταύταις
411 2768 458 2798 τὰς
485 2767 587 2806 ἑπρίας
616 2771 661 2801 τὰς
693 2774 752 2809 περὶ
775 2774 837 2804 τοὺς

929 2406 961 2432 In
974 2405 1132 2441 puniendis
1147 2415 1218 2435 vero
1229 2409 1336 2436 Graecis
1346 2409 1493 2446 episcopis
1511 2413 1558 2439 vel
1570 2412 1599 2440 in
1610 2421 1716 2443 eorum

893 2449 1004 2477 ditione
1028 2451 1204 2484 constitutis,
1221 2452 1361 2482 volumus
1374 2454 1491 2483 Latinos
1508 2457 1664 2492 pontiﬁces
1683 2460 1715 2488 in

893 2494 954 2521 suis
969 2494 1134 2523 civitatibus
1145 2499 1173 2524 et
1189 2497 1369 2527 dicecesibus
1383 2507 1450 2528 eam
1461 2500 1572 2528 habere
1585 2504 1713 2533 auctori-

886 2541 979 2566 tatem
1003 2547 1095 2575 quam
1120 2542 1316 2578 metropolitee
1338 2544 1369 2571 in
1383 2545 1543 2580 puniendis
1573 2546 1634 2574 suis
1656 2549 1716 2578 sui.

887 2583 1040 2618 fraganeis
1047 2584 1163 2621 sibique
1174 2587 1314 2622 subjectis
1325 2596 1478 2617 canonum
1485 2591 1655 2621 concedunt
1664 2593 1713 2622 de.

888 2629 980 2655 creta.

927 2726 1054 2763 Quando
1070 2728 1314 2771 archiepiscopus
1334 2737 1363 2764 et
1385 2734 1520 2775 episcopi
1543 2737 1636 2770 Latini
1659 2749 1712 2771 eas

889 2774 1032 2805 diaconos
1041 2777 1074 2806 in
1087 2778 1198 2814 quibus
1211 2779 1304 2808 (ἱκανοί
1318 2774 1499 2812 οοιιείειιιιι(
1509 2792 1580 2814 cum
1602 2785 1712 2817 dioece-
