1959 3074
28 98 123 128 1553

714 101 940 133 εοΝετιτυπο
959 101 1094 133 CYPRIA.

1675 104 1744 134 i854

27 162 88 188 τὸν
117 164 249 189 τοιοῦτον
269 162 479 200 ἁρχιεπίσκοπον
517 166 645 204 Γερμανὸν
680 168 863 205 περιφιρισθαι

963 166 1130 204 iepiscopus
1145 167 1311 196 Germanus
1320 165 1515 204 palabundus
1528 165 1646 196 oberret
1660 167 1742 196 nullo

30 208 79 242 μή
112 206 288 243 ἃγνωσμὲνου
310 212 356 235 τοῦ
383 210 473 247 θρόνου
503 210 594 246 αὐτοῦ,
617 212 660 238 τὸν
687 211 864 248 προλεχθέντα

31 250 208 278 ἐπίσκοπον
232 256 278 283 τῆς
301 257 351 280 τῶν
377 257 493 291 Γραικῶν
521 254 651 294 καθέδρας
677 261 726 288 τῆς
767 255 792 283 ἓν
832 260 863 293 τῇ

32 295 159 332 Σωλιίᾳ
174 300 225 328 τῆς
245 300 392 330 Λςυκοσίας
418 299 518 337 ἰνόρίας
542 300 593 328 ἀπὸ
619 305 665 328 τοῦ
692 299 793 338 δεσμοῦ
818 304 864 328 τοῦ

32 343 257 378 κεκρατημένον
281 347 313 379 τῇ
348 343 492 382 Ἐκκλησία
522 345 613 381 αὐτοῦ,
650 345 741 382 λύομεν
776 345 863 378 αὑτὸν,

34 387 122 421 πρὸς
136 387 187 412 τὸν
205 385 374 414 ἔπισκοπικόν
399 390 489 426 θρόνον
513 394 560 417 τοῦ
585 391 716 428 Ἀρσινοῦ,
746 392 790 417 τὸν
816 394 865 421 τῆς

38 431 155 466 Πάφου
181 429 282 468 ἕνορίας
319 433 494 470 σχολάζοντα,
535 439 567 472 τῇ
605 440 653 466 τῆς
689 434 865 466 ἃποστολικῆς

39 473 188 506 ἐξουσίας
221 474 299 513 ἀδείᾳ
330 480 375 504 καὶ
417 482 449 515 τῇ
493 479 575 516 βονλῇ
616 484 666 506 τῶν
702 480 865 518 προρρηθέν-

38 528 105 545 των
140 517 272 557 ἀδελφῶν
302 524 347 548 καὶ
371 526 545 562 μεταφέρομεν
582 527 628 551 καὶ
659 517 773 562 δίδομεν
796 525 866 561 αὐτῷ

41 562 153 590 ἄδειαν
170 568 218 592 τοῦ
234 563 391 604 διέρχεσθαι
417 567 555 606 ἓλουθίρως
585 569 618 600 εὶς
643 571 687 596 τὸν
715 570 792 596 αὐτὸν
805 570 866 608 θρό-

42 618 108 636 νον.
138 612 186 644 Τῷ
221 610 393 648 προρῥηθίντι
428 611 458 640 δι
494 617 616 652 Γερμανῷ
663 614 865 651 ἀρχιεπισκόπῳ

45 653 103 683 τὰς
123 653 266 691 ῥηθείσας,
287 657 330 682 τὸν
357 657 445 692 θρόνον
473 661 518 685 καὶ
537 668 585 688 την
609 663 655 690 τῆς
681 659 791 691 Σωλιίας
808 660 866 687 Ἐκ-

49 698 180 728 κ).ησίαν
195 699 415 737 ἕνπνευματικοῖς
438 705 484 729 καὶ
510 703 534 730 ἓν
561 708 691 742 καιρικοῖς
719 706 787 732 κατὰ
820 706 867 734 τήν

51 745 165 770 τούτων
193 744 291 781 βουλὴν
323 749 368 773 καὶ
407 747 528 779 ἐξουσίαν
569 751 773 786 παρατιθέμεθα,
807 745 868 787 παρ’

53 788 147 816 αὐτοῦ
170 791 390 828 κρατηθησόμενα
413 792 476 829 οὔτῇ
501 797 532 830 τῇ
562 798 624 831 τιμῇ
663 794 712 828 ἀεὶ,
742 797 786 822 καὶ
832 798 868 830 τῷ

919 219 976 240 suo
995 213 1135 248 acceptus
1153 211 1273 246 throno,
1292 211 1451 248 praefatum
1468 211 1644 249 episcopum
1663 212 1742 241 sedis

919 257 1090 285 Graecorum
1105 256 1201 291 Soliie,
1217 256 1354 285 dioecesis
1369 257 1527 290 Leucosiae,
1555 265 1573 286 ο,
1597 265 1652 286 suo
1681 265 1742 294 quo

918 303 1034 330 tenetur
1049 301 1185 330 Ecclesiae
1203 301 1321 330 vinculo
1336 301 1480 330 solvimus
1491 303 1520 330 et
1530 302 1570 330 ad
1589 302 1744 338 episcopa-

918 346 978 375 lem
997 346 1099 375 sedem
1112 347 1263 382 Arsinoes,
1278 346 1415 375 diceeesis
1441 346 1544 383 Paphi.
1571 350 1742 382 vacantem,

919 391 1088 428 apostolica
1107 392 1261 428 potestatis
1290 391 1463 420 auctoritate
1490 400 1525 420 ac
1551 392 1745 428 praefatorum

919 436 1045 465 fratrum
1063 438 1234 465 nostrorum
1262 436 1394 470 consilio,
1409 436 1630 472 transierimus,
1659 437 1746 473 eique

919 482 1097 518 potestatem
1110 481 1237 510 facimus
1250 481 1342 509 libere
1356 481 1568 517 progrediendi
1594 481 1633 510 ad
1659 489 1746 510 suam

919 533 987 554 eam
1003 526 1116 554 sedem.
1134 525 1258 555 Prsefato
1271 533 1344 553 vero
1359 526 1507 554 Germano
1521 526 1746 563 archiepiscopo

918 570 1096 608 predictam
1111 570 1197 599 Soliaa
1217 570 1319 598 sedem
1342 572 1370 599 et
1388 570 1550 598 Ecclesiam
1566 571 1596 599 in
1611 571 1747 607 spiritua-

920 615 999 645 libus
1011 617 1039 644 et
1051 615 1278 652 temporalibus,
1293 623 1329 644 ex
1343 616 1518 645 eorumdem
1548 616 1672 644 consilio
1699 624 1748 644 ea-

921 661 1051 697 demque
1066 663 1210 697 potestate
1222 661 1393 694 deferimus,
1408 660 1447 689 ab
1461 661 1527 697 ipso
1547 669 1666 697 semper
1677 669 1746 689 cum

922 705 1171 734 suoretinendam
1176 706 1290 736 honore
1296 705 1747 742 etarchiepiscopalisdignitatis

921 751 1044 780 nomine
1059 753 1088 780 et
1101 751 1264 787 episcopali
1276 750 1449 779 auctoritate
1463 750 1628 786 regendam
1641 758 1647 783 ;
1661 750 1702 779 ita
1716 752 1749 778 ut

922 796 954 833 in
967 795 1068 824 suasit
1083 797 1228 833 potestate
1243 798 1271 825 et
1284 796 1437 825 voluntate
1452 804 1507 833 pro
1523 803 1579 824 suo
1592 796 1678 824 libitu
1702 796 1748 824 in-

54 836 110 865 τῆς
140 833 383 871 ἇρχιεπισκοπικῆς
419 837 494 870 ἀξίας
539 838 645 875 ὀνόματι
691 829 868 871 ἂπισκοπικῶνς

963 840 1021 869 lere
1033 829 1204 870 vel‘dictam
1225 840 1311 870 Soliae
1335 840 1439 868 sedem
1453 829 1514 869 ’νει
1534 840 1643 876 degere
1666 840 1748 876 apud

54 880 266 916 ποιμαινόμενα·
293 881 367 913 οὗτος
384 883 471 918 μέντοι
498 887 543 910 τοῦ
579 882 643 911 εἶναι
684 884 761 911 αὐτὸν
796 883 868 911 ἱλεύ-

59 924 171 960 θερονῆ
187 923 212 950 ἐν
226 928 262 960 τῷ
288 925 391 962 ῥηθέντι
421 928 502 964 θρόνῳ
526 933 574 960 τῆς
605 928 723 962 Σωλιίας,
749 930 764 959 ἦ
798 930 871 966 παρὰ

57 971 95 1004 τῇ
121 967 252 1005 ἐκκλησίᾳ
270 973 320 996 τῶν
346 973 462 1008 Γραικῶν
493 976 539 998 τοῦ
562 972 649 1009 Ἀγίου
675 972 795 1010 Βαρνάϐα
822 977 869 1004 τῆς

60 1016 228 1048 Λινκοσίας,
254 1014 285 1044 ἣν
313 1015 350 1046 εἰς
373 1018 417 1042 τὸν
441 1016 582 1044 ὶπίσκοπον
606 1022 652 1045 τοῦ
690 1018 771 1045 αὑτοῦ
809 1019 870 1055 θρό-

60 1068 110 1084 νου
152 1062 181 1084 ix
222 1062 268 1090 τῆς
307 1062 432 1092 τοιαύτης
473 1062 619 1099 εὐεργεσίας
659 1067 707 1094 τῆς
743 1063 870 1100 ἡμετέρας

63 1101 213 1136 διατάξεως
230 1105 353 1134 καθήκειν
385 1105 419 1137 εἰς
445 1107 473 1133 τὸ
503 1105 620 1139 διηνεκὶς
651 1107 798 1144 βουλόμεθα
825 1109 870 1134 καὶ

64 1148 138 1174 κατὰ
163 1150 212 1178 τήν
240 1148 319 1175 αὐτοῦ
349 1150 452 1180 θέλησιν
477 1156 618 1180 κατοικεῖν.
644 1152 730 1179 Αὑτοῦ
757 1151 787 1179 δὲ
823 1155 869 1178 τοῦ

66 1191 284 1229 ἀρχιεπισκὸπου
311 1195 441 1229 θανόντος,
469 1197 494 1223 ἓν
517 1200 552 1232 τῷ
580 1201 626 1228 τῆς
652 1197 760 1228 Σωλείας
789 1198 870 1234 θρόνῳ

66 1237 162 1268 ὁσάκις
175 1237 241 1275 αὐτῇ
256 1240 392 1276 χηρεύσῃ,
414 1240 511 1273 ἁπλοῦς
536 1243 613 1278 μόνον
640 1246 686 1268 τοῦ
713 1245 762 1272 τῶς
791 1245 871 1278 Γραι-

67 1285 123 1308 κῶν
151 1281 238 1314 seu»;
264 1282 405 1316 ίπίοκοπος
434 1287 647 1321 χειροτονείσθω,
685 1287 713 1317 ὃς
751 1290 788 1322 τῷ
826 1289 871 1316 τῆς

925 886 1094 914 Graecorum
1109 885 1266 914 ecclesiam
1279 885 1307 914 S.
1320 885 1465 914 Barnabas
1480 886 1628 919 Leucosse,
1654 892 1749 921 quam

923 927 964 960 ad
975 930 1154 966 episcopum
1173 930 1264 965 hujus
1289 929 1369 958 sedis
1395 937 1432 958 ex
1459 929 1618 966 praesentis
1634 932 1747 958 nostrae

923 974 1014 1010 hujus
1026 974 1249 1004 Constitutionis
1270 974 1418 1002 beneﬁcio
1444 976 1590 1011 perpetuo
1615 976 1750 1010 spectare

923 1018 1076 1047 volumus.
1094 1019 1132 1047 Eo
1147 1020 1248 1047 autem
1266 1018 1494 1055 archiepiscopo
1513 1018 1664 1049 defuncto,
1686 1018 1750 1046 sine

924 1063 986 1092 ulla
1001 1063 1203 1092 controversia
1217 1063 1302 1093 Solina
1329 1062 1432 1091 sedem
1459 1063 1576 1099 quoties
1606 1071 1661 1090 suo
1688 1062 1750 1090 {ue-

924 1107 961 1136 rit
975 1107 1082 1137 orbata
1096 1110 1225 1144 pastore,
1242 1115 1279 1136 ex
1302 1109 1473 1136 Graecorum
1495 1107 1641 1136 duntaxat
1665 1108 1751 1142 gente

924 1152 1086 1189 episcopus
1108 1152 1245 1188 eligatur,
1258 1152 1310 1189 qui
1323 1151 1470 1181 Leucosiae
1483 1151 1636 1188 episcopo,
1646 1151 1753 1180 eodem

924 1196 1018 1226 modo
1031 1205 1094 1234 quo
1106 1199 1135 1226 et
1145 1197 1194 1226 alii
1207 1197 1340 1234 episcopi
1355 1196 1447 1225 Graeci
1473 1196 1583 1225 Latinis
1616 1198 1755 1224 tenentur

926 1241 1049 1270 subesse
1055 1241 1215 1278 episcopis,
1222 1240 1417 1278 exprmsentis
1424 1242 1525 1270 tenore
1532 1239 1754 1269 Constitutionis

925 1286 1015 1315 etiam
1032 1286 1095 1323 ipse
1115 1287 1219 1315 subsit.
1552 1280 1557 1286 ⁷

69 1329 219 1359 Λευκοσίας
241 1327 374 1365 ἐπισκόπῳ
394 1333 431 1365 τῷ
454 1330 524 1367 αὐτῷ
554 1333 642 1368 τρόπω
709 1333 754 1358 καὶ
784 1331 808 1358 οἱ
829 1330 902 1357 ἄλλοι
921 1333 1028 1368 Γραικοὶ
1066 1331 1204 1358 ἐπίσκοποι
1243 1331 1389 1367 ὀφείλουσιν
1422 1331 1577 1358 ὑποκεῖσθαι
1609 1334 1664 1362 τοῖς
1702 1333 1756 1357 Λα-

68 1374 152 1403 ⁴τίνοις
165 1372 337 1407 ,ἐπισκόποιῇ
358 1375 425 1401 κατὰ
444 1377 488 1404 τὴν
509 1378 632 1413 πρόνοιαν
655 1380 701 1407 τῆς
723 1376 861 1413 παρούσης
886 1373 1030 1408 διατάξεως
1055 1375 1251 1405 ὐποταττέσθω,

107 1419 157 1444 Τὸν
187 1417 265 1444 αὐτὸν
308 1429 395 1456 μεντοι
434 1423 573 1458 Γερμανὸν,
609 1423 652 1448 τὸν
680 1425 730 1448 τῶν
757 1425 873 1458 Γραικῶν

71 1463 223 1495 ίπίσκοπον,
253 1463 291 1494 οἱς
327 1465 657 1503 μοναστήρια,ἆκκλησίας,
696 1466 790 1503 κλῆρον
828 1469 873 1493 καὶ

965 1422 1065 1457 Ipsum
1081 1428 1171 1457 porro
1202 1421 1382 1448 Germanum
1395 1421 1564 1448 Graecorum
1579 1420 1755 1455 episcopum

929 1465 968 1494 ad
983 1465 1174 1500 monasteria,
1190 1464 1342 1500 ecclesias,
1354 1464 1467 1493 clerum
1478 1466 1505 1492 et
1517 1464 1664 1500 populum
1679 1465 1755 1491 Grie-

71 1506 134 1532 λαόν
158 1511 208 1533 τῶν
237 1511 354 1546 Γραικῶν
387 1514 433 1540 τῆς
465 1509 562 1542 πόλεως
578 1513 722 1542 Λευκοσίας
745 1514 791 1538 καὶ
823 1510 870 1538 ὶνο-

963 1518 1034 1538 ιωω
1054 1510 1204 1538 Leucosiae
1223 1509 1348 1537 civitatis
1376 1510 1404 1537 et
1424 1508 1562 1536 dioecesis
1586 1508 1752 1543 regendum

72 1554 133 1589 ρίας
161 1551 310 1589 βουλόμεθα
349 1554 419 1590 ἔχειν
453 1554 549 1585 εκείνην
586 1558 633 1586 τὴν
668 1555 788 1587 ἰξουσίαν
827 1558 873 1586 τὴν

74 1600 259 1632 προγεγονυῖαν
284 1602 320 1633 τῷ
349 1598 576 1637 ἐμπεπιστευμένῳ
605 1601 686 1639 θρόνῳ
726 1601 815 1634 αὑτοῦ,
843 1602 874 1631 ἦν

75 1642 100 1667 οἱ
123 1640 194 1667 ἄλλοι
217 1645 266 1668 τῶν
296 1645 412 1680 Γραικῶν
440 1644 578 1671 ἐπίσκοποι
600 1649 646 1672 τοὺ
681 1649 729 1677 τῆς
767 1648 873 1684 Κύπρου

76 1685 191 1723 ρηγάτου
208 1686 235 1712 ἐκ
249 1691 295 1718 τῆς
314 1689 442 1720 τοιαύπῆς
468 1690 628 1726 προμηθείας
649 1690 684 1722 εἰς
712 1692 773 1722 τοὺς
794 1693 873 1727 Γραι-

78 1732 140 1760 κοὺς
158 1732 215 1761 τοὺς
229 1731 318 1763 αὐτοῖς
330 1733 551 1771 ὑποτεταγμένους
564 1734 776 1772 ἐπιπράττουσιν.

113 1775 163 1802 Τοῦ
177 1775 267 1802 λοιποῦ
278 1776 348 1812 αὐτῷ
374 1782 410 1813 τῷ
437 1783 486 1804 τῶν
518 1781 634 1815 Γραικῶν
669 1779 872 1818 ἀρχιεπισκόπῳ

79 1819 165 1855 ζῶντι,
177 1820 192 1850 ἢ
208 1823 254 1850 τὴν
275 1823 324 1852 τὴς
343 1821 586 1859 ἁρχιιπισκοπικῆς
612 1823 688 1856 ἀξίας
709 1825 872 1863 λειτουργίαν

77 1868 296 1902 παρακατέχοντι,
312 1867 391 1894 αὐτοῦ
404 1866 438 1897 δὴ
462 1872 507 1895 τοῦ
532 1868 746 1907 ἀρχιιπιο-κὸπου
761 1873 806 1897 καὶ
819 1874 868 1897 τῶν

77 1908 220 1936 ἐπισκόπων
235 1914 284 1937 τῶν
307 1913 424 1938 Λατίνων
447 1912 486 1939 ἐπὶ
514 1917 567 1944 τοῖς
596 1916 717 1950 Γραικόῖς
738 1917 797 1951 περὶ
824 1916 871 1943 τὴν

77 1953 272 1985 ἑξακολούθησιν
334 1961 384 1982 τῶν
444 1956 687 1994 ἁρχιεπισκοπικῶν
764 1959 871 1991 ἐξουσία

74 2002 118 2024 τον
146 1998 269 2026 ἀνακινῶν
298 2002 341 2030 τήν
369 2005 417 2032 τῆς
447 1999 577 2034 διενέξεως
614 2003 677 2032 ὕλην
710 2003 868 2039 ἀφελκέσθω.

112 2045 238 2080 Τάττομεν
273 2048 357 2072 τοίνυν
396 2048 441 2072 καὶ
474 2048 631 2084 θισπίζομεν
666 2052 757 2075 τοῦτον
793 2049 869 2074 αὐτὸν

78 2088 280 2127 ἁρχιςπίσκοπον
303 2094 353 2116 τῶν
386 2094 502 2128 Γραικῶν
526 2094 664 2130 Γερμανὸν,
693 2093 738 2123 ἕως
767 2092 797 2118 ἂν
823 2093 868 2129 ζῇ,

79 2134 105 2160 ἐκ
132 2137 174 2164 τῆς
198 2136 380 2165 καταστάσεως
415 2140 462 2167 τῆς
494 2138 615 2167 τοιαύτης
653 2135 784 2173 διαταγῆς
810 2135 869 2164 ἄνευ

81 2177 219 2215 ἀντιλογίας
241 2183 290 2205 τῶν
315 2183 430 2206 Λατινων
455 2179 596 2219 ἀρχιερέων
630 2181 776 2219 ἐλευθέρως,
810 2182 870 2208 ὃταν

81 2225 160 2260 μέντοι
185 2228 323 2255 κανονικώς
361 2226 421 2255 τοὺς
453 2228 579 2263 Γραικοὺς
615 2229 675 2258 τοὺς
704 2227 870 2264 ἐκλεχθέντας

82 2271 110 2304 τῇ
136 2269 227 2305 Κύπρῳ
250 2269 359 2300 καθεξῆς
380 2273 591 2306 χειροτονητέους
630 2271 665 2302 εἰς
699 2271 869 2307 ἐπισκόπους,

82 2315 123 2339 καὶ
144 2312 191 2339 ἀπὸ
214 2317 264 2339 τῶν
293 2316 409 2340 Λατίνων
443 2314 596 2353 ἀρχιερέων,
620 2316 652 2346 εἰς
679 2315 711 2342 ὧν
731 2320 871 2355 παροικίας

83 2357 156 2390 εἰσιν,
201 2357 483 2396 ἱπισφραγιζομένους,
530 2358 607 2397 αδείᾳ
641 2361 868 2399 μητροπολιτικῇ,

82 2403 139 2440 πρὸς
162 2403 205 2433 τὰς
236 2403 305 2439 ἱερὰς
340 2402 424 2435 τάξεις
461 2404 709 2442 προϐιϐαζομένους,
746 2416 869 2444 χειροτο-

81 2449 153 2473 νείτω·
181 2449 240 2478 τοὺς
267 2446 296 2473 δὲ
320 2447 410 2478 ἄλλους
441 2452 487 2474 τοῦ
517 2449 597 2475 αὐτοῦ
634 2450 750 2487 ῥηγάτοῡ
793 2454 869 2488 Γραι-

82 2493 138 2523 κοὺς
163 2491 318 2523 ἐπισκόπους
343 2493 503 2528 συγκαλείτω
524 2495 588 2530 πρὸς
621 2497 650 2521 τὸ
677 2499 722 2526 τῆς
748 2497 869 2527 τοιαύτης

82 2539 233 2574 χειροτονίας
271 2539 413 2575 μυστήριον
447 2537 536 2565 τελεῖν·
583 2542 628 2566 καὶ
664 2543 722 2576 περὶ
773 2543 869 2572 πάντας

83 2583 135 2612 τοὺς
153 2583 275 2619 Γραικοὺς
295 2586 340 2608 τοῦ
371 2582 451 2609 αὑτοῦ
482 2584 600 2620 ῥηγάτοῡ
632 2585 663 2620 τῇ
703 2585 766 2621 αὐτῇ
792 2584 870 2622 ἀδείᾳ

84 2625 219 2662 ὰπονιμέτω
243 2629 289 2656 τὴν
329 2631 377 2657 τῆς
417 2627 573 2663 ἐπισκέψεως
611 2628 775 2666 λειτουργίαν
809 2631 870 2656 ὅταν

85 2670 111 2697 ἑκ
122 2674 162 2697 τοῦ
185 2669 290 2698 δικαίου
316 2671 491 2708 ἁπινεμηθιίη·
525 2675 570 2699 καὶ
599 2673 624 2699 ἐν
655 2677 712 2704 ταῖς
735 2675 870 2705 τοιαύταις

86 2715 237 2750 έπίσκοπαῖς,
277 2716 292 2745 ἢ
341 2715 365 2742 ἐν
409 2716 496 2747 αὐτοῖς
540 2719 667 2746 ἀνήκουσι
705 2718 773 2754 λόγῳ
817 2717 870 2744 ἑπι-

88 2763 184 2796 munis,
207 2761 238 2790 ἣν
264 2760 486 2798 μητροπολετικὴν
505 2763 530 2788 οἱ.
564 2763 628 2788 θεῖοι
652 2763 754 2794 κανόνες
784 2772 868 2801 παρα-

929 1562 1153 1592 promovemus,
1168 1562 1205 1583 ea
1216 1555 1361 1591 potestate
1372 1553 1530 1590 praeditum
1542 1553 1571 1581 in
1583 1552 1755 1581 concredita

929 1599 985 1628 sibi
997 1599 1078 1634 sede,
1094 1607 1187 1635 quam
1195 1598 1418 1627 alliGraecorum
1426 1597 1560 1634 episcopi
1576 1598 1755 1634 regniCypri

929 1653 964 1673 ex
979 1644 1130 1680 ejusmodi
1166 1643 1336 1681 provisione
1359 1643 1390 1672 in
1416 1643 1533 1671 Graecos
1566 1642 1624 1671 sub
1649 1650 1753 1671 eorum

928 1689 1039 1718 ditione
1054 1689 1231 1718 constitutos
1243 1687 1388 1717 obtinent.

964 1780 1004 1808 Eo
1037 1778 1158 1807 tandem
1192 1778 1363 1806 Graecorum
1381 1776 1610 1814 archiepiscopo
1626 1777 1754 1810 vivente,

927 1825 988 1854 sive
1007 1823 1269 1861 archiepiscopalis
1288 1823 1440 1858 dignitatis
1460 1830 1584 1851 munere
1603 1822 1753 1857 fungente,

926 1870 983 1906 ipsi
997 1870 1120 1906 quidem
1127 1869 1386 1905 archiepiscopoet
1400 1867 1551 1904 episcopis
1571 1867 1753 1901 Latinorum,

926 1917 958 1943 ut
975 1914 1108 1943 exciendi
1116 1913 1363 1943 materiadissidii
1370 1912 1502 1948 tollatur,
1509 1912 1546 1940 de
1555 1911 1752 1948 archiepisco-

925 1957 1394 1997 palibusconsequendisjuribus
1411 1965 1504 1994 supra
1519 1958 1635 1985 Graecos
1651 1955 1752 1985 ablata

925 2005 962 2033 sit
976 2006 1119 2041 potestas.

960 2048 1250 2085 Prcecipimusigitur
1269 2050 1297 2076 et
1311 2047 1494 2075 mandamus
1507 2049 1539 2074 ut
1559 2046 1622 2082 ipse
1638 2047 1752 2073 Grieco-

924 2102 992 2122 rum
1025 2093 1269 2129 archiepiscopus
1306 2093 1483 2125 Germanus,
1503 2090 1606 2128 quoad
1638 2090 1749 2125 vixerit,

924 2146 960 2166 ex
973 2138 1063 2173 hujus
1077 2137 1274 2173 dispositione
1289 2135 1522 2171 Constitutionis,
1547 2135 1609 2163 sine
1637 2135 1751 2162 Latino-

885 2191 992 2221 Drum
1026 2182 1228 2210 controversia
1260 2181 1480 2218 episcoporum,
1511 2179 1751 2216 quotiescunque

925 2227 1017 2256 Graeci
1029 2227 1060 2255 in
1076 2228 1173 2264 Cypro
1189 2227 1332 2254 canonice
1345 2226 1452 2254 fuerint
1473 2225 1578 2259 effecti,
1592 2227 1625 2252 ut
1646 2226 1751 2260 postea

925 2271 1252 2308 ordinenturepiscopi,
1275 2274 1304 2300 et
1328 2280 1347 2299 a
1376 2271 1484 2299 Latinis
1510 2270 1703 2307 pontificibus
1719 2269 1748 2296 in

924 2325 1054 2355 quorum
1068 2319 1136 2344 sunt
1161 2316 1342 2344 dioecesibus
1366 2315 1546 2350 consignati,
1575 2314 1749 2342 auctoritate

925 2362 1140 2398 metropolitica
1156 2361 1195 2389 ad
1206 2369 1307 2389 sacros
1320 2360 1440 2388 ordines
1468 2358 1675 2396 promovendi,
1696 2365 1748 2385 eos

923 2407 1015 2435 libere
1028 2409 1180 2435 consecret
1196 2415 1202 2439 ;
1219 2405 1293 2433 alios
1307 2413 1379 2433 vero
1403 2404 1539 2440 ejusdem
1559 2403 1643 2437 regni
1666 2403 1748 2429 Grae-

924 2460 1029 2480 corum
1044 2452 1201 2488 episcopos
1212 2450 1251 2478 ad
1266 2449 1415 2486 ejusmodi
1441 2447 1636 2477 ordinationis
1652 2454 1737 2474 sacra

924 2499 1060 2525 mentum
1072 2495 1288 2532 perﬁciendum
1295 2495 1430 2528 advocet,
1442 2493 1505 2521 etin
1516 2491 1635 2519 Graecos
1643 2498 1748 2519 omnes

924 2541 1059 2577 ejusdem
1067 2540 1262 2576 regnieadem
1270 2539 1443 2568 auctoritate
1453 2535 1629 2565 visitationis
1636 2543 1749 2563 munus

924 2587 1060 2614 exerceat
1076 2585 1192 2622 quoties
1204 2585 1241 2613 de
1252 2585 1318 2620 jure
1333 2581 1532 2612 exercendum
1561 2580 1635 2615 erit;
1666 2582 1693 2608 et
1719 2580 1749 2607 in

923 2631 995 2660 istos
1007 2630 1198 2666 episcopatus
1211 2629 1257 2658 vel
1270 2629 1301 2657 in
1316 2636 1367 2656 eos
1379 2625 1550 2664 quiratione
1557 2624 1749 2661 episcopatus

912 2675 955 2704 -in
968 2675 1032 2711 ejus
1048 2678 1118 2703 sunt
1136 2674 1259 2709 ditione,
1278 2681 1372 2710 quam
1391 2669 1640 2706 metropoliticam
1657 2667 1750 2696 divini

925 2720 1046 2748 tradunt
1052 2719 1365 2756 canones,plenariam
1370 2725 1438 2746 eam
1443 2715 1555 2745 habent
1563 2715 1737 2750 potestatem
1742 2735 1750 2748 ,

921 2772 1036 2801 eosque
1046 2764 1077 2793 in
1092 2764 1151 2794 vita
1169 2764 1265 2800 ipsius
1274 2760 1474 2799 arhiepiscopi
1483 2761 1567 2795 regat
1581 2767 1588 2787 :
1601 2757 1751 2795 siquidem
