1959 3074
41 132 117 159 1565

560 129 648 159 SIXTI
670 129 838 163 IVJBULLA
857 127 904 155 AD
925 126 1024 156 CYPRI
1042 129 1243 160 EPISCOPOS.

1681 133 1695 162 1
1700 137 1751 164 566

35 193 130 221 velin
148 191 282 220 futurum
292 191 347 220 erit
359 191 390 220 in
400 190 516 220 civitate
531 194 560 220 et
586 191 699 221 diocesi
727 191 874 221 Nicosien—
890 191 914 217 Α
928 190 959 218 in
974 192 1061 227 cujus
1073 193 1183 222 diosesi
1195 194 1291 230 fuerit,
1308 194 1354 222 vel
1372 201 1426 230 per
1446 194 1582 230 ejusdem
1605 195 1750 225 vicarium

40 237 146 272 sibus,
161 239 214 265 aut
225 237 256 264 in
270 236 328 265 alia
340 236 442 273 aliqua
456 236 574 266 civitate
585 238 639 265 seu
658 237 771 265 diocesi
789 236 874 271 regni

36 283 69 310 Ci
75 283 135 318 pri,
149 282 206 310 sub
220 289 294 310 cura
308 282 435 310 aliorum
449 281 709 317 suifraganeorum
723 284 874 317 metropoo

36 327 129 355 litani
154 326 370 362 archiepiscopi
401 327 579 355 Nicosiensis
605 329 633 354 et
661 327 875 363 episcoporum

37 372 219 399 Latinorum
241 371 413 399 immediate
432 379 485 399 seu
516 371 646 399 mediate
668 370 876 407 existentibus,

36 415 178 444 tribunal
184 415 298 452 aliquid
304 417 355 444 aut
365 415 498 452 aliquam
502 416 741 451 jurisdictionem
755 415 877 443 conten-

35 460 155 488 tioaam
170 459 281 488 habere
296 460 343 488 vel
356 468 501 496 exercere,
513 461 570 488 nisi
580 461 655 488 inter
668 468 750 493 suos,
763 460 794 487 in
810 459 876 486 loco

36 512 99 531 suo
114 504 168 540 qui
181 506 307 532 vocatur
317 504 406 537 Solia,
424 512 442 532 a
452 512 513 540 quo
526 505 615 532 etiam
629 504 789 540 episcopus
809 503 878 531 Gre-

36 548 169 584 cusipse
175 556 287 576 nomen
293 549 384 576 sumit
390 551 418 576 et
429 548 558 576 tribunal
570 556 623 576 seu
635 548 874 584 jurisdictionem

35 592 259 629 episcopalem,
273 595 429 629 tamquam
452 592 660 628 suﬁ'raganeus
684 601 718 620 ac
744 592 874 620 vicarius

38 638 140 666 Latini
150 637 288 674 presulis,
303 638 379 666 inter
394 646 466 666 suos
482 639 590 667 Grecos
609 646 756 670 exercere,
771 645 873 665 secun-

36 682 118 710 dum
134 682 317 718 apostolicus
336 681 552 718 ordinationes,
575 681 823 710 consuetudinem
845 683 874 709 et

39 729 168 760 statuta,
184 729 217 754 ut
231 726 348 760 dicitur,
369 729 415 755 est
423 727 571 764 provisus.

79 773 115 799 Et
124 771 269 805 similiter,
283 771 313 799 in
326 771 393 800 loco
406 772 535 807 Arsinoy
549 774 576 800 et
602 772 762 806 similibus,
791 775 874 801 extra

40 816 191 849 civitates,
202 815 233 843 in
244 815 329 843 dictis
348 815 422 844 locis
440 824 494 852 per
508 816 642 851 singulas
664 817 798 845 dioceses
820 817 873 845 ha-

928 235 1129 272 episcopalem
1154 239 1193 266 ad
1206 239 1260 266 hoc
1283 238 1465 273 ordinatum,
1478 240 1654 275 precedente
1669 241 1752 270 bona

928 280 965 308 de
977 281 1037 309 vita
1047 283 1111 317 ejus
1121 285 1149 310 et
1163 283 1370 311 confessorum
1385 290 1438 310 seu
1470 283 1693 319 predicatorum
1708 286 1751 314 fa-

928 332 988 358 a,
1005 325 1160 361 diligenter
1175 328 1356 361 examinata,
1367 330 1396 355 et
1408 327 1495 355 claris
1505 327 1694 358 documentis
1704 338 1752 358 ca-

929 364 1056 397 tholicus
1070 373 1098 398 et
1110 370 1248 406 ydoneus
1265 374 1399 407 repertus
1418 374 1448 400 et
1463 371 1634 400 solemniter
1644 381 1751 410 appro-

928 413 1016 442 batus
1031 414 1127 449 fuerit,
1144 418 1172 444 et
1182 416 1221 444 ab
1236 416 1302 452 ipso
1317 416 1480 444 diocesano
1494 417 1541 444 vcl
1556 417 1621 453 ejus
1640 418 1751 447 vicario

927 458 1075 487 licentiam
1084 459 1191 488 eodem
1202 468 1282 488 anno
1288 469 1347 496 quo
1354 460 1442 488 debet
1447 461 1603 497 predicare
1610 465 1638 490 et
1657 463 1751 491 conﬁ-

929 505 1023 531 tentes
1038 504 1142 532 audire
1155 513 1207 532 seu
1223 504 1380 533 absolvere
1395 505 1565 533 solemniter
1578 510 1606 534 et
1628 507 1659 534 in
1675 507 1750 535 scri-

928 548 986 583 ptis
999 547 1168 577 obtinuerit.

963 593 1109 629 Quodque
1124 594 1178 622 etsi
1192 594 1244 630 qui
1257 594 1462 623 confessiones
1478 594 1592 629 audire,
1608 599 1636 623 et
1650 597 1752 625 simili-

926 636 1003 664 tersi
1018 637 1069 673 qui
1081 638 1163 666 Greci
1174 638 1221 666 vel
1236 638 1285 667 alii
1309 639 1442 675 episcopi
1470 638 1502 666 in
1526 639 1697 668 civitatibus
1722 644 1751 668 et

925 680 1098 709 diocesibus
1110 682 1166 710 sub
1177 683 1394 719 archiepiscopi
1403 683 1582 710 Nicosiensis
1595 692 1647 711 seu
1662 684 1752 712 alicu-

924 724 975 760 jus
981 734 995 752 s
1000 725 1240 760 uﬂ'raganeorum
1248 735 1373 755 suorum
1379 727 1587 763 episcoporum
1595 728 1752 763 dictiregni

926 769 1003 805 Cipri
1017 777 1090 798 cura
1109 773 1137 798 et
1150 771 1332 807 protectione
1348 771 1477 799 mediate
1507 771 1554 800 vel
1579 772 1752 800 immediate

926 812 1083 842 existentes
1098 815 1355 852 qualitercumque
1366 817 1395 843 et
1405 816 1674 853 quandocumque,
1700 825 1752 844 ex-

40 860 117 888 bere
135 868 188 888 seu
203 862 314 894 tenere,
325 862 354 888 et
363 860 453 888 etiam
467 860 580 889 eisdem
592 863 621 888 et
630 861 872 897 quibuscumque

963 858 1018 894 ptis
1033 858 1107 886 locis
1119 859 1204 895 Solie,
1218 860 1345 896 Arsinoy
1359 861 1381 895 ³,
1407 860 1557 894 Lephcare
1585 862 1607 892 ³,
1633 864 1662 889 et
1686 862 1753 889 Car-

41 904 112 933 aliis
127 904 319 940 presentibus
331 907 359 933 et
370 904 477 933 tuturis
487 906 647 936 Grecorum
658 914 711 934 seu
731 909 870 934 Armene-

41 957 115 977 rum
121 951 150 977 et
155 949 282 977 aliorum
288 949 504 986 cujuscumque
511 950 588 978 eccle
592 950 632 978 sie
639 950 873 978 Christianorum

42 994 197 1030 episcopis
208 994 264 1021 sub
275 994 361 1030 penis
373 994 485 1022 eisdem
500 1002 559 1031 que
581 996 618 1023 de
643 997 740 1024 cetero
764 1004 873 1024 causas

42 1038 284 1067 matrimoniales
295 1041 323 1067 et
333 1038 408 1067 alias
422 1047 632 1076 quascumque
642 1040 810 1076 spiritueles
820 1048 873 1068 au-

43 1083 109 1111 dire
122 1086 151 1111 et
160 1083 415 1120 qualitercumque
425 1083 565 1119 difﬁnire,
581 1092 633 1112 seu
644 1087 680 1112 de
699 1084 757 1112 illis
769 1085 871 1121 aliquo

43 1129 140 1157 modo
156 1137 188 1156 se
202 1129 405 1162 intromittere,
421 1128 469 1156 vel
486 1129 707 1164 juridictionem
737 1137 874 1158 exercere

43 1171 90 1199 vel
104 1172 364 1208 qualitercumque
377 1172 408 1200 in
423 1175 452 1200 et
465 1180 556 1208 super
574 1173 773 1201 matrimoniis
802 1182 873 1201 con-

44 1216 146 1244 tractis
160 1214 205 1244 vel
218 1215 429 1244 contrahendis
442 1215 709 1252 dispensationem,
725 1226 778 1245 seu
800 1226 872 1254 qua-

42 1261 243 1297 litercumque
249 1260 383 1289 divorcia
389 1262 495 1295 facere,
504 1269 557 1289 seu
562 1261 639 1290 tbori
650 1263 872 1298 separationem

43 1307 192 1341 prestare,
205 1313 259 1333 seu
273 1304 391 1341 aliquos
406 1306 446 1333 ad
460 1305 662 1334 sacerdotium
677 1306 724 1334 vel
742 1307 781 1334 ad
797 1307 872 1334 alios

43 1357 245 1386 quoscunque
273 1358 374 1378 sacros
399 1350 530 1384 ordines,
559 1351 616 1379 nisi
646 1352 788 1387 penitus‘
820 1360 873 1403 per

42 1394 196 1432 prefatum
208 1394 406 1423 diocesanum
418 1395 554 1423 Latinum
575 1396 637 1424 sive
653 1396 717 1431 ejus
729 1394 871 1424 vicarium

43 1440 204 1474 diligenter
210 1440 396 1468 examinatos
401 1442 430 1468 et
435 1439 618 1476 approbatos
626 1448 680 1477 pro
696 1440 833 1477 idoneisq
837 1449 872 1468 ue

41 1493 98 1521 per
110 1484 234 1512 eosdem
246 1485 416 1512 solemniter
428 1487 457 1513 et
469 1484 500 1513 in
511 1485 629 1521 scriptis
659 1488 846 1521 presentatos
864 1495 870 1514 :

41 1529 180 1565 aliquem
208 1537 397 1565 promovere,
422 1537 519 1565 neque
543 1530 702 1566 pecuniam
737 1530 870 1566 aliquam

40 1577 209 1610 propterea
223 1574 363 1610 recipere,
380 1573 427 1601 vel
454 1573 668 1610 qualicumque
698 1577 806 1610 petere,
838 1582 872 1603 ac

42 1619 104 1646 sub
119 1618 232 1646 eisdem
254 1618 340 1654 penis
365 1622 393 1646 et
413 1619 564 1652 censuris;
593 1626 691 1654 neque
717 1619 754 1646 de
774 1623 872 1647 cetero

41 1663 160 1700 populo
175 1663 254 1690 clam
272 1671 326 1690 seu
340 1663 442 1699 palam
456 1662 553 1698 legere
569 1671 621 1690 seu
638 1663 802 1699 predicare,
820 1672 873 1692 seu

42 1708 172 1743 alicujus
183 1707 388 1736 confessiones
402 1707 573 1742 audire,seu
585 1708 622 1736 de
631 1709 759 1744 peccatis
767 1716 872 1736 eorum

42 1751 221 1781 conﬁtentes
234 1752 352 1788 aliquos
367 1752 486 1780 Latinos
500 1752 548 1779 vel
559 1752 676 1786 Grecos,
693 1761 747 1780 seu
769 1754 872 1780 Arme-

42 1805 101 1825 nos
117 1800 169 1825 aut
179 1796 339 1830 Jacobitas,
354 1796 402 1824 vel
411 1795 532 1824 alterius
559 1797 774 1833 cujuscumque
802 1797 873 1826 ritus

44 1850 100 1869 seu
110 1841 243 1874 ecclesie,
265 1840 419 1869 absolvere
447 1841 478 1868 in
507 1841 592 1869 dictis
622 1841 791 1869 civitatibus
818 1850 872 1869 seu

43 1886 219 1914 diocesibus
234 1885 304 1913 dicti
318 1885 404 1921 regni
416 1887 505 1922 Cypri
518 1886 621 1922 possit,
638 1894 690 1914 seu
720 1889 873 1922 presumat

44 1931 155 1967 quovis
169 1929 272 1965 modo,
292 1930 349 1958 nisi
363 1929 412 1958 ille
430 1929 495 1958 talis
511 1930 595 1966 prius
608 1939 662 1966 per
676 1930 872 1959 diocesanum

83 2019 91 2036 ¹
108 2020 152 2046 Au
165 2019 215 2046 Ms.

81 2055 92 2072 ¹
109 2053 257 2090 D‘Anville
279 2053 365 2090 place
381 2053 538 2085 l’Arsmoé.
555 2062 615 2090 que
643 2054 702 2082 l’on
718 2055 774 2083 sait
789 2056 873 2084 avoir

81 2061 92 2072 ι
109 2061 131 2082 υ
142 2061 255 2082 Αιλνωθ
279 2061 365 2116 place
381 2061 538 2085 L‘Arsmoe.
555 2062 615 2090 que
643 2061 702 2082 l'on
718 2061 774 2083 san
789 2063 872 2084 avon-

43 2090 135 2118 existé
159 2089 236 2118 dans
251 2089 308 2117 l'ie
332 2089 370 2116 de
405 2089 532 2125 Chypre,
555 2091 572 2117 a
604 2090 672 2121 Poli.
698 2090 806 2125 village
829 2091 872 2119 du

43 2125 160 2153 district
169 2125 206 2152 de
224 2125 415 2160 Chrysocho;
432 2125 458 2152 le
482 2127 510 2152 P.
539 2125 690 2159 Lusignan
708 2128 737 2153 et
757 2126 872 2155 l’archi-

44 2160 195 2189 mandrite
205 2161 361 2197 cbypriote
377 2160 544 2196 Kyprianos
570 2161 683 2197 croient
708 2169 767 2197 que
798 2166 872 2191 cette

44 2169 195 2189 manante
205 2169 242 2188 cn
267 2169 361 2196 prime
377 2169 544 2196 nyprianos
570 2169 683 2189 crorem
708 2169 767 2197 que
798 2169 871 2191 cette

43 2196 190 2225 ancienne
206 2169 273 2224 vill'e
297 2199 341 2224 est
362 2199 462 2231 Arsos,
490 2197 588 2231 bourg
605 2196 682 2224 dans
710 2197 871 2226 l’intérieur

251 2019 322 2046 enis.

926 902 1004 938 pasii
1015 903 1036 934 ⁸,
1045 903 1082 931 de
1092 904 1202 939 quibus
1212 904 1336 940 quidem
1348 903 1421 932 locis
1436 904 1570 941 episcopi
1594 905 1677 933 Greci
1698 913 1753 933 no—

927 953 996 974 men
1009 950 1175 983 sumerunt,
1189 942 1217 976 et
1229 948 1341 976 ibidem
1355 947 1431 976 inter
1443 956 1515 977 suos
1540 950 1647 977 Grecos
1663 949 1753 978 tribu-

927 990 986 1023 nal,
999 993 1030 1019 ut
1043 991 1160 1026 dicitur,
1176 995 1302 1028 possunt
1314 995 1342 1021 et
1358 992 1463 1026 solent,
1476 993 1591 1029 aliquid
1607 994 1691 1030 quod
1712 994 1753 1022 ad

926 1034 1059 1063 ofﬁcium
1073 1044 1126 1064 seu
1141 1037 1376 1071 iurisdictionem
1387 1037 1599 1073 episcoporum
1610 1037 1688 1066 clam
1699 1046 1753 1067 seu

927 1079 1029 1115 palam
1045 1088 1192 1115 exercere;
1217 1083 1245 1109 et
1258 1089 1348 1117 super
1361 1081 1633 1110 matrimonialibus
1646 1084 1674 1110 et
1688 1082 1753 1110 aliis

928 1124 1130 1159 spiritualibus
1146 1126 1244 1153 causis
1254 1125 1359 1153 audire
1371 1133 1424 1153 seu
1439 1133 1631 1161 cognoscere,
1645 1126 1690 1154 vel
1713 1127 1753 1155 ad

929 1176 1032 1196 sacros
1042 1169 1162 1197 ordines
1175 1170 1239 1197 sine
1249 1170 1366 1198 licentia
1376 1169 1528 1198 diocesani
1542 1171 1636 1198 Latini
1651 1179 1753 1207 quem-

928 1213 1009 1249 piam
1021 1221 1208 1248 promovere,
1226 1214 1269 1241 vel
1281 1214 1395 1250 aliquid
1409 1214 1440 1242 in
1456 1214 1605 1242 similibus
1630 1217 1659 1243 et
1687 1215 1754 1243 aliis

928 1257 1070 1285 connexis
1085 1259 1112 1285 et
1127 1257 1366 1294 dependentibus
1385 1257 1424 1286 ab
1439 1257 1551 1286 eisdem
1579 1258 1677 1286 facere
1700 1266 1753 1287 seu

928 1304 1104 1337 attemptare
1128 1302 1175 1330 vel
1195 1302 1279 1330 aliter
1303 1310 1334 1330 se
1348 1302 1543 1331 intromittere
1560 1310 1754 1339 presumpse-

927 1346 995 1377 rint,
1013 1346 1078 1381 ipso
1085 1346 1162 1374 {acto
1169 1347 1488 1375 excommunicationis
1500 1354 1575 1383 pene
1591 1348 1754 1376 sententias

927 1390 1090 1424 incurrant,
1111 1393 1140 1418 et
1153 1398 1207 1426 pro
1223 1391 1490 1419 excommunicatis
1512 1391 1705 1427 publicentur
1726 1395 1756 1421 et

927 1434 1083 1469 evitentur,
1099 1433 1196 1462 donec
1215 1435 1413 1463 absolutionis
1428 1435 1608 1463 beneﬁcium
1628 1433 1667 1463 ab
1678 1438 1755 1471 Apo-

928 1477 1032 1506 stolica
1053 1478 1128 1507 Sede
1147 1478 1321 1511 habuerint;
1348 1481 1375 1506 et
1398 1478 1574 1513 hujusmodi
1604 1478 1753 1507 absolutio

927 1522 1152 1559 archiepiscopo
1173 1523 1335 1550 Nicosiensi
1355 1523 1407 1559 qui
1437 1531 1492 1558 pro
1509 1525 1644 1559 tempore
1667 1522 1754 1551 fuerit

927 1566 975 1595 vel
994 1566 1059 1602 ejus
1077 1566 1189 1595 vicario
1212 1567 1335 1602 speciali
1363 1567 1533 1595 comitatur.
1557 1568 1752 1595 Decernentes

927 1620 964 1640 ex
976 1619 1056 1639 nunc
1066 1611 1182 1639 irritum
1196 1615 1224 1640 et
1239 1612 1327 1639 inane
1342 1612 1366 1639 si
1383 1620 1468 1639 secus
1495 1619 1585 1648 super
1608 1611 1665 1640 hiis
1698 1619 1752 1647 per

927 1664 1136 1692 quoscumque
1154 1656 1262 1692 quavis
1278 1656 1452 1684 auctoritate
1467 1656 1592 1684 scienter
1607 1656 1652 1684 vel
1668 1656 1751 1691 igno-

926 1702 1028 1728 ranter
1058 1700 1234 1735 contingerit
1260 1700 1440 1737 attemptari,
1470 1708 1531 1729 non
1561 1700 1752 1729 obstantibus

927 1745 1196 1780 constitutionibus,
1207 1748 1260 1773 etc.
1278 1745 1353 1773 Nulli
1368 1752 1450 1781 ergo,
1471 1747 1526 1773 etc.

964 1789 1069 1817 Datum
1083 1790 1183 1823 Rome,
1193 1790 1274 1826 apud
1290 1790 1432 1818 Sanctum
1446 1789 1576 1824 Petrum,
1604 1798 1684 1818 anno
1709 1790 1753 1818 ln-

927 1833 1111 1862 carnationis
1126 1835 1278 1862 Dominice
1297 1834 1455 1862 millesimo
1472 1835 1661 1869 CCCCLXX“,
1673 1842 1751 1871 pon—

928 1878 1055 1906 tiﬁcatus
1070 1878 1161 1906 nostri
1173 1887 1253 1907 anno
1268 1879 1376 1915 primo.

926 2019 965 2047 de
976 2019 1034 2046 l’ile
1058 2021 1076 2046 s
1094 2019 1158 2047 l'est
1178 2019 1368 2055 derPaphos,
1388 2027 1428 2047 au
1455 2019 1510 2048 bas
1537 2019 1580 2047 du
1605 2019 1750 2048 Troodos.

928 2056 980 2099 Les
987 2055 1117 2099 eveq‘ues
1126 2062 1210 2099 grecs
1217 2054 1254 2082 de
1262 2055 1391 2091 Paphos,
1403 2055 1590 2091 prenaientle
1603 2055 1622 2083 ti
1627 2058 1667 2083 tre
1689 2055 1750 2082 d'e-

926 2090 1213 2166 jéﬂtgikiﬁsaﬁg'
1224 2125 1251 2153 le
1270 2127 1392 2160 Mazoto,
1407 2127 1476 2162 pres
1492 2126 1534 2154 du
1548 2129 1634 2154 mont
1649 2126 1749 2155 Sainte

927 2162 1052 2225 Cliollxisa
1063 2197 1228 2232 Karpasso,
1241 2197 1318 2225 dans
1331 2197 1358 2224 le
1371 2198 1501 2233 Karpas.
