4106 6296
188 164 3546 217 W

932 337 1688 488 NICETZE
1804 337 2873 487 ΟΗΟΝΙΑΤᾹΕ

1484 662 1671 758 ΕΧ
1736 661 2120 761 LIBRO
2186 666 2328 762 VI

776 931 1511 1057 THESAURI
1583 931 2533 1059 ORTHODOXXE
2593 937 2996 1061 FIDEI

1245 1145 1467 1218 (Greece
1497 1143 1663 1218 apud
1681 1143 1922 1215 Maium,
1945 1146 2134 1219 Spicil
2153 1148 2322 1206 Rom.
2343 1151 2391 1205 t.
2422 1150 2539 1221 IV.)

739 1408 869 1482 Περὶ
891 1400 1217 1459 Μακεδονίου
1230 1447 1244 1460 .

247 1533 309 1590 α’.
339 1532 617 1587 Ἐντεῦθεν
650 1527 716 1585 δέ
774 1534 870 1589 τήν
899 1534 1016 1604 περὶ
1059 1533 1149 1582 τὸν
1197 1531 1640 1603 πνευματομάχον
1692 1536 1804 1583 Μα-

184 1620 407 1677 κεδόνιον
464 1630 544 1693 τῷ
601 1620 751 1693 λόγῳ
795 1616 982 1672 δοῦναι
1018 1621 1328 1695 προθέμενος
1386 1618 1584 1693 ἀρχὴν,
1636 1618 1798 1691 ἀναγ-

186 1720 324 1765 καῖον
377 1716 473 1763 καὶ
538 1717 740 1777 ταῦτα,
792 1704 1263 1783 προδιηγήσασθαι
1319 1712 1517 1782 οἴομαι,
1566 1711 1635 1771 ὡς
1670 1707 1806 1779 ἶοῖξὶα

184 1809 275 1854 τοῦ
302 1802 638 1855 ἐπίστασθαι
695 1805 809 1861 τοῖς
858 1797 1176 1873 φιλίστορσι,
1212 1794 1351 1872 μηδὲ
1406 1805 1516 1860 τοῖς
1565 1799 1804 1873 ῥηθησο-

86 1854 89 1919 Ῐ
187 1895 355 1963 μένοις
398 1889 595 1943 ἐπίπαν
643 1887 919 1959 ἂσυναφῆ.
992 1854 1192 1962 Ὀιγοὶρ
1254 1907 1337 1940 τοι
1402 1886 1566 1940 πολλὰ
1627 1886 1806 1941 καὶέν

187 1922 355 1963 μινυις
398 1922 595 1943 ut...”
643 1922 919 1959 υιυυυνιγιι.
1011 1922 1052 1939 υ
1098 1922 1192 1962 μιν
1263 1922 1337 1940 we
1405 1922 1566 1940 μυιιηυι
1629 1922 1718 1941 ιυιι
1755 1922 1805 1939 υ

76 1922 89 2301 Ι
182 1988 293 2041 τοῖς
320 1980 620 2055 ἔμπροσθεν
661 1974 919 2039 δηλωθεὶς
963 1976 1138 2048 λόγοις
1194 1976 1444 2039 Εὐσέϐιος
1480 1978 1506 2029 6
1562 1984 1805 2050 Νικομη-

185 2065 357 2135 δείας,
423 2070 602 2120 πάντα
642 2070 839 2140 τρόπον
880 2072 987 2126 τοῖς
1034 2062 1339 2141 ὀρθοδόξοις
1402 2063 1801 2138 ἁντιτιθέμενος,

184 2164 398 2231 πρῶτον
456 2158 551 2228 μὲν
618 2153 1007 2216 ἐπεϐούλευσεν,
1049 2156 1119 2217 ὡς
1186 2153 1485 2228 εἰρήκαμεν,
1527 2154 1804 2225 Εύσταθίῳ

180 2255 261 2299 τῶ
318 2246 674 2301 Ἀντιογείας.
726 2247 819 2296 καὶ
872 2241 1075 2296 καθεῖλε
1147 2250 1332 2295 τοῦτον
1390 2244 1447 2296 ἐκ
1525 2240 1800 2301 διαϐολῆς·

185 2065 357 2135 δείας,
423 2070 602 2120 πάντα
642 2070 839 2140 τρόπον
880 2072 987 2126 τοῖς
1034 2062 1339 2141 ὀρθοδόξοις
1402 2063 1801 2138 ἁντιτιθέμενος,

184 2164 398 2231 πρῶτον
456 2158 551 2228 μὲν
618 2153 1007 2216 ἐπεϐούλευσεν,
1049 2156 1119 2217 ὡς
1186 2153 1485 2228 εἰρήκαμεν,
1527 2154 1804 2225 Εύσταθίῳ

180 2255 261 2318 τῷ
318 2246 674 2317 Ἀντιοχείας,
726 2247 819 2296 καὶ
872 2241 1075 2296 καθεῖλε
1147 2250 1332 2295 τοῦτον
1390 2244 1447 2296 ἐκ
1525 2240 1800 2304 διαϐολῆς·

178 2331 539 2407 Ἀλεξάνδρου
580 2329 641 2385 δέ
695 2338 790 2385 τοῦ
839 2338 933 2393 τῆς
1008 2328 1400 2405 Ἀλεξανδρείας
1455 2334 1587 2404 μετά
1640 2339 1805 2404 μῆνας

176 2430 337 2478 πέντε
376 2433 474 2485 τῆς
513 2422 562 2475 ἐν
624 2426 827 2494 Νικαιᾳ
892 2417 1117 2474 συνόδου
1182 2425 1313 2490 πρὸς
1368 2425 1498 2476 Θεὸν
1563 2418 1802 2495 ἐκδημή-

180 2534 399 2586 σαντος,
449 2508 726 2575 διεδέξατο
790 2514 859 2563 τὰ
922 2507 1177 2585 προέδριά
1222 2510 1563 2574 Ἀθανασιος.
1635 2511 1801 2565 Ἐπει-

178 2605 431 2676 ρεὶθησαν
491 2596 581 2654 οὖν
622 2602 648 2652 6
708 2607 801 2652 τοῦ
867 2598 1119 2653 Εύσεϐίου
1177 2603 1344 2674 χορὸς
1398 2597 1472 2653 δι’
1522 2600 1803 2653 ἐπιστολῶν

176 2694 378 2746 κείθειν
437 2690 595 2744 αὐτὸν
631 2689 692 2743 ἶν’
751 2687 803 2751 ἐς
851 2709 1123 2742 κοινωνιαν
1164 2686 1384 2753 δέξηται
1422 2693 1512 2743 τόν
1558 2689 1793 2763 ”Αρειον·

179 2786 251 2843 ὼς
282 2778 340 2835 δ’
373 2780 473 2833 οὐκ
514 2776 613 2842 εἶξε
661 2785 781 2840 ταῖς
830 2778 1222 2854 παρακλήσεσι,
1263 2775 1466 2832 τοιόνδε
1510 2798 1561 2831 τι
1609 2780 1800 2851 μηχά-

172 2879 397 2926 νὶινται.
478 2867 720 2929 Μελίτιος
787 2867 816 2919 6
892 2873 988 2930 τῇς
1047 2869 1233 2921 Λύκων
1302 2866 1597 2935 ἐπίσκοπος,
1650 2869 1704 2921 ὅν
1756 2866 1804 2921 ἐν

177 2965 389 3032 Νικαίᾳ
427 2960 700 3031 κατέκρινε
741 2953 982 3027 σύνοδος,
1025 2957 1276 3010 εκλείπων
1323 2958 1410 3008 τὸν
1451 2955 1589 3029 βίον,
1625 2955 1803 3010 Ἰωάν-

167 3068 263 3106 νην
303 3051 432 3101 τινὰ
459 3054 562 3100 τῶν
592 3045 736 3117 αύτῷ
793 3046 1031 3104 συνήθων
1101 3043 1212 3097 ἀνθ’
1280 3044 1464 3098 ἑαυτοῦ
1546 3049 1801 3104 κατέστη-

169 3157 260 3190 σεν
306 3132 604 3190 ἐπίσκοπον
660 3136 810 3209 παρὰ
861 3137 921 3186 τὸ
983 3130 1161 3207 δόγμα
1200 3140 1300 3193 τῶν
1324 3132 1373 3186 ἐν
1394 3140 1612 3207 Νικαίᾳ.
1669 3139 1801 3198 Τοὺς

74 3208 79 3298 ξ
181 3229 377 3278 τοίνυν
396 3227 465 3277 τὰ
484 3225 718 3279 Ἰωάννου
754 3229 1067 3298 φρονοῦντας
1106 3221 1405 3285 ὑπελθόντες
1453 3224 1502 3274 οἰ
1546 3227 1666 3295 περὶ
1694 3223 1801 3276 Εὐ·-

72 3284 77 3367 ηΙ
165 3314 368 3382 σέϐων,
412 3316 625 3366 ἔπεισαν
679 3312 1001 3366 Ἀθανασίου
1030 3327 1416 3384 κατηγορῃσαι·
1448 3315 1537 3364 καὶ
1575 3316 1801 3384 κατηγὸ-

72 3440 79 3483 ι
160 3421 341 3476 ρησαν
366 3405 439 3465 ὡς
457 3402 520 3455 οὐ
560 3407 847 3463 κανονικῶς
866 3397 1261 3475 ἐχειροτονήθη,
1311 3403 1402 3453 καὶ
1440 3402 1508 3462 ὡς
1537 3404 1797 3471 χιτωνίων

168 3491 333 3544 λινῶν
395 3497 555 3566 φόρον
594 3490 913 3563 Αἰγυπτίοις
943 3488 1176 3560 ἐπέϐαλε,
1207 3493 1298 3541 καὶ
1347 3492 1556 3561 γύναιον
1585 3491 1796 3565 ἕρθειρε,

165 3586 257 3634 καὶ
310 3589 390 3653 τῷ
444 3587 728 3655 κρατοῦντι
792 3576 1159 3642 ἐπιϐουλεύων,
1210 3576 1501 3651 Φιλουμένῳ
1556 3583 1658 3631 τινὶ
1698 3587 1799 3631 τῶν

163 3668 472 3742 βασιλικῶν
550 3671 878 3743 θεραπόντων
961 3666 1157 3739 ἔπεμψε
1263 3666 1496 3742 λάρνακα
1576 3672 1793 3743 χρυίου,

162 3765 253 3813 καὶ
310 3765 409 3819 τήν
493 3758 549 3822 ἐξ
600 3757 870 3830 Αἰγύπτου
939 3760 1296 3829 σιτοπομπίαν
1390 3755 1633 3824 ἐκώλυσε,
1705 3762 1794 3810 καὶ

163 3847 448 3922 ’Δρσενίου
507 3851 648 3911 τινός
702 3846 926 3920 ἐκτεμὼν
990 3850 1087 3904 τὸν
1124 3852 1286 3919 χεῖρα
1335 3851 1577 3918 γοητείας
1633 3849 1794 3899 ἕνεκεν

167 3934 340 4009 εἶχεν.

72 4030 79 4083 1
238 4025 315 4098 β.
372 4029 472 4080 Διά
516 4034 685 4079 ταῦτα
738 4028 915 4078 τοίνυν
969 4023 1018 4076 ἐν
1090 4029 1380 4100 Καισαρείᾳ
1427 4031 1523 4087 τῆς
1590 4023 1791 4077 Παλαι-

72 4108 81 4188 ξ
171 4121 362 4178 στίνης
413 4112 692 4169 σύνοδονό
733 4112 988 4186 βασιλεὺς
1048 4110 1398 4188 ἀθροισθῆναι
1457 4112 1786 4186 προσέταξεν.

73 4180 81 4276 Ῐ
166 4202 493 4259 Ἀθανασίου
534 4200 594 4258 δε
631 4180 1074 4276 ἀναϐαλλομένου,
1116 4180 1212 4257 διὰ
1262 4205 1350 4255 τόν
1398 4180 1645 4256 Εὐσέϐιον
1700 4205 1790 4256 τὸν

168 4294 455 4368 Παμφίλου
509 4289 640 4367 τῇδε
696 4291 1088 4345 ἐπισκοποῦντα
1141 4291 1283 4365 φίλον
1348 4289 1479 4344 εἶναι
1543 4295 1633 4343 καὶ
1698 4310 1787 4343 ου-

78 4377 83 4471 i
168 4388 355 4456 ηργόν
449 4380 685 4454 Εύσεϐίῳ
732 4389 806 4453 τῷ
858 4377 1236 4455 Νικομηδείας,
1305 4380 1462 4436 πάλιν
1544 4381 1594 4432 οἰ
1639 4379 1789 4433 Μελι-

78 4467 85 4559 ἲ
170 4479 345 4527 rma}.
388 4477 769 4547 κατηγόρησαν
820 4470 979 4524 αὑτοῦ
1029 4473 1094 4532 ὡς
1139 4473 1397 4544 μυστικόν
1437 4473 1687 4543 ποτήριον
1738 4467 1786 4522 ἐν

80 4564 87 4635 i‘
173 4569 245 4632 τῷ
269 4567 530 4637 Μαρεὼτη
566 4561 866 4637 συνέτριψε,
905 4564 997 4613 καὶ
1046 4558 1386 4613 ἐπισκοπικόν
1425 4558 1631 4612 καθεῖλε
1661 4560 1786 4634 θρό-

82 4648 91 4725 [
171 4670 273 4719 νον,
355 4657 446 4706 καὶ
529 4652 678 4725 ἕτερά
725 4670 848 4704 τινα
912 4650 1197 4725 εἰργάσατο
1257 4657 1358 4701 τῶν
1407 4647 1783 4723 ἀπειρημένων.

84 4706 99 4801 ξ
174 4706 435 4819 επέτρεψε
520 4706 695 4794 τοίνυν
774 4740 804 4792 6
897 4706 1148 4812 βασιλεὺς
1202 4736 1252 4790 ἐν
1333 4740 1483 4813 Τύρῳ
1530 4706 1787 4811 ιγενέσθαι

176 4828 415 4899 σύνοδον,
458 4835 551 4884 καὶ
607 4831 892 4903 γενομένης
955 4827 1133 4898 αὐτῆς,
1189 4826 1504 4887 Ἀθανάσιος
1578 4824 1787 4884 ἐνίκησε

176 4939 306 4975 κατα
340 4924 554 4995 κράτος.
610 4921 678 4973 Οἱ
738 4914 801 4972 δ⁸ε
839 4924 937 4980 τῆς
992 4915 1236 4978 ἀληθείας
1272 4914 1455 4989 ἐχθροὶ
1504 4915 1781 4968 ἐπίσκοποι

183 5010 360 5079 μᾶλλον
414 5010 576 5065 αὑτοῦ
624 5006 1083 5080 κατεψηφίσαντοο
1127 5002 1240 5059 εἶτα
1293 5009 1383 5058 καὶ
1441 5003 1511 5066 εἰς
1536 5007 1623 5056 τὸν
1672 5011 1784 5057 Μα-

187 5106 361 5169 ρεώτην
433 5099 698 5175 ἐπεμψαν,
784 5102 972 5170 χώραν
1060 5097 1179 5148 τινὰ
1221 5102 1317 5157 τῆς
1392 5089 1783 5166 Ἀλεξανδρείας

189 5185 427 5266 ὶπὼνυμον
502 5192 748 5263 Μαρείας
818 5194 921 5246 τῆς
980 5183 1181 5258 λίμνης’
1260 5179 1395 5241 ἦσαν
1445 5178 1505 5236 δὲ
1544 5184 1593 5234 οἱ
1655 5201 1784 5255 πεμ-

190 5280 359 5347 parnt;
410 5286 634 5355 Θέογνις
684 5278 713 5329 ὁ
786 5277 1039 5336 Νικαίας,
1092 5276 1183 5326 καὶ
1228 5273 1403 5345 Μάρις
1441 5272 1468 5323 6
1504 5267 1783 5328 Χαλκηδό-

186 5388 265 5433 νος,
295 5371 566 5450 Θεόδωρος
614 5367 892 5444 Περίνθου
944 5368 1062 5423 ἦτοι
1108 5361 1407 5437 Ἡρακλείας
1479 5362 1783 5450 Νάρκισσος

182 5447 489 5540 Νερωνιάδος,
548 5459 782 5519 Οὐάλης
833 5456 1107 5529 Μοὺρσης,
1170 5452 1470 5541 Ούρσάκιος
1514 5447 1782 5524 Σιγγηδό-

216 5555 466 5625 Ριειιοι.
513 5555 635 5614 Gn.
696 5548 872 5607 CXL.

75 2304 85 2663 9

78 2676 83 2705 1

78 2902 81 2913 1

76 2972 85 3175 1

1722 5970 1804 6069 6

2496 1409 2587 1466 De
2620 1408 2997 1469 Macedonio.

1986 1532 2041 1588 1.
2073 1530 2205 1586 Jam
2244 1530 2319 1587 de
2347 1532 2719 1604 Macedonio,
2744 1535 2997 1608 Spiritus
3025 1537 3216 1595 sancti
3243 1537 3569 1613 impugna-

1909 1619 2405 1688 tore,sermonem
2422 1620 2682 1694 incipere
2700 1627 3405 1696 statuens,necessarium
3423 1634 3570 1703 puto

1909 1706 2036 1763 haec
2062 1708 2229 1779 prius
2248 1708 2600 1779 edisserere,
2620 1714 2912 1785 tanquam
2926 1713 3112 1786 digna
3131 1732 3269 1790 quae
3287 1718 3366 1774 ab
3382 1718 3567 1777 histo-

1909 1794 2534 1867 riciscognoscantur,
2558 1816 2755 1874 neque
2767 1803 3018 1861 omnino
3036 1804 3114 1862 ab
3135 1805 3207 1861 iis
3219 1822 3356 1879 quae
3368 1805 3572 1867 dicen-

1911 1888 2006 1941 tur
2059 1884 2463 1945 abhorrentia.
2530 1890 2642 1955 Qui
2696 1890 2858 1948 enim
2887 1892 2948 1949 in
2997 1894 3299 1966 prioribus
3348 1897 3570 1970 saepius

1912 1973 2211 2031 exhibitus
2228 1981 2317 2031 est
2332 1976 2620 2035 Eusebius
2639 1979 2998 2039 Nicomediae
3025 1983 3370 2057 episcopus,
3402 1986 3570 2043 omni

1910 2061 2099 2120 modo
2146 2063 2499 2121 orthodoxis
2537 2069 2852 2140 oppositus
2890 2070 3088 2142 primo
3130 2073 3380 2144 quidem
3422 2072 3567 2132 insi-

1912 2151 2112 2208 diatus
2133 2158 2242 2219 est,
2286 2158 2350 2210 ut
2379 2153 2660 2223 diximus,
2716 2157 3025 2215 Eustathio
3079 2161 3468 2235 Antiocheno,
3509 2168 3569 2222 et

1912 2256 2051 2296 eum
2083 2241 2402 2299 calumniis
2433 2243 2762 2317 depressit;
2814 2242 3157 2307 Alexandro
3188 2256 3390 2309 autem
3419 2253 3562 2312 Ale-

1910 2331 2181 2388 xandriae
2201 2334 2491 2406 episcopo
2517 2336 2731 2407 quinto
2760 2342 2899 2413 post
2921 2339 3225 2399 Nicenam
3257 2344 3566 2416 synodum

1912 2436 2120 2477 mense
2158 2422 2239 2478 ad
2264 2421 2452 2479 Deum
2483 2424 2769 2496 profecto,
2801 2427 3063 2500 primam
3107 2431 3313 2487 sedem
3338 2435 3570 2508 accepit

1909 2511 2290 2569 Athanasius.
2314 2515 2925 2575 Tentaveruntautem
2952 2519 3192 2576 Eusebii
3217 2523 3463 2580 asseclae
3480 2524 3566 2582 illi

1911 2600 2277 2670 persuadere
2316 2602 2599 2659 utArium
2640 2603 2701 2661 in
2735 2607 3561 2684 communionemacciperet;

1911 2703 2050 2745 cum
2063 2694 2265 2746 autem
2278 2690 2516 2748 illorum
2531 2693 2810 2765 precibus
2831 2712 2957 2753 non
2972 2688 3308 2771 annuisset,
3334 2702 3565 2776 aliquid

1911 2776 2027 2834 tale
2040 2778 2364 2836 machinati
2378 2785 2536 2837 sunt.
2560 2782 2729 2839 Meliti
2739 2800 2807 2839 us
2820 2785 3138 2858 Lyciorum
3154 2789 3322 2846 urbis
3332 2792 3567 2865 episco-

1911 2881 2048 2939 pus,
2067 2883 2249 2940 quem
2272 2869 2510 2927 Nicaena
2523 2872 2796 2944 synodus
2826 2874 3143 2934 damnavit
3170 2879 3358 2938 vitam
3388 2882 3563 2939 relin-

1910 2972 2124 3028 quens,
2151 2958 2446 3017 Joannem
2467 2962 2800 3033 quemdam
2820 2981 2890 3020 ex
2910 2966 3033 3021 suis
3043 2966 3438 3026 familiaribus
3450 2987 3561 3042 pro

1909 3062 1973 3102 se
1990 3046 2346 3121 episcopum
2369 3051 2677 3108 constituit
2693 3058 2904 3109 contra
2920 3055 3171 3111 Nicaenae
3204 3058 3422 3128 synodi
3459 3060 3561 3118 de-

1907 3139 2158 3192 cretum.
2186 3138 2299 3191 Eos
2320 3136 2502 3206 igitur
2517 3138 2620 3210 qui
2641 3153 2751 3210 pro
2774 3141 3005 3198 Joanne
3027 3140 3286 3212 stabant,
3306 3145 3561 3207 circum-

1903 3224 2209 3282 venientes
2230 3226 2570 3297 Eusebiani,
2591 3227 2664 3284 iis
2684 3237 3115 3302 persuaserunt
3133 3238 3197 3289 ut
3208 3245 3562 3298 accusarent

1903 3314 2319 3385 Athanasium,
2337 3320 2395 3373 et
2412 3332 2623 3374 revera
2642 3335 2780 3375 eum
2797 3327 3414 3398 accusaveruntquod
3433 3345 3558 3389 non

1904 3404 2194 3460 canonice
2218 3405 2531 3462 ordinatus
2557 3413 2733 3478 esset,
2754 3410 2924 3483 quod
2945 3413 3239 3486 Aigyptiis
3257 3414 3557 3478 linearum

1903 3492 2247 3552 tunicarum
2277 3495 2566 3553 tributum
2595 3498 3001 3571 imposuisset,
3032 3505 3199 3578 quod
3228 3509 3557 3568 muliercu-

1902 3581 2027 3638 lam
2066 3584 2451 3661 corrupisset,
2475 3586 2640 3659 quod
2671 3588 2750 3645 ad
2780 3589 3194 3654 Philomenum
3224 3598 3558 3671 quemdam

1902 3686 1976 3727 ex
2012 3671 2193 3742 regiis
2228 3673 2438 3744 servis,
2503 3675 2851 3748 imperatori
2894 3680 3306 3758 insidiaturus,
3350 3704 3556 3753 arcam

1901 3774 2052 3817 auro
2076 3760 2355 3818 refertam
2383 3762 2665 3832 misisset,
2688 3766 2854 3838 quod
2890 3767 3176 3830 frumenti
3199 3791 3272 3832 ex
3292 3777 3557 3849 Egypto

1900 3849 2421 3907 transmissionem
2448 3852 2877 3925 impedivissct,
2908 3862 2967 3914 et
2985 3862 3214 3919 Arsenii
3235 3864 3557 3935 cujusdam

1899 3952 2154 3995 manum
2175 3940 2426 4013 magicis
2458 3941 2691 3999 artibus
2716 3946 3092 4008 resecuisset.

1970 4031 2024 4085 2.
2059 4030 2472 4095 Quamobrem
2509 4034 2843 4090 Caesaream
2868 4036 3200 4097 Palaestinae
3234 4044 3557 4104 convenire

1898 4117 2216 4174 concilium
2252 4119 2432 4190 jussit
2459 4119 2807 4193 imperator.
2837 4127 2985 4183 Cum
3034 4134 3233 4187 autem
3264 4134 3560 4191 renuisset

1898 4207 2192 4270 Athenius
2212 4224 2284 4264 eo
2306 4209 2471 4282 quod
2503 4209 2796 4269 Eusebius
2821 4218 3119 4290 Pamphili
3154 4220 3337 4293 hujus
3388 4223 3556 4282 urbis

1828 4280 1869 4336 Ο
1897 4295 2222 4370 episcopus
2244 4280 2478 4354 amicus
2503 4303 2563 4356 et
2586 4300 2832 4372 adjutor
2855 4280 3009 4362 esset
3031 4280 3267 4365 Eusebii
3288 4280 3552 4369 Nicome'

1897 4383 2038 4455 diae,
2091 4401 2300 4442 rursus
2358 4386 2649 4445 Meletiani
2704 4406 2847 4448 eum
2904 4405 3340 4456 accusaverunt
3390 4401 3557 4474 quod

1893 4474 2226 4547 mysticum
2255 4474 2501 4532 calicem
2530 4480 2801 4536 Mareotre
2831 4484 3200 4543 contrivisset
3228 4488 3555 4563 sedemque

1894 4564 2304 4637 episcopalem
2325 4566 2627 4623 evertisset
2656 4574 2712 4625 et
2739 4572 3099 4631 nonnullula
3136 4576 3256 4634 alia
3288 4576 3555 4639 facinora

1893 4652 2255 4710 admisisset.
2284 4656 2593 4713 Concessit
2610 4657 2792 4728 igitur
2811 4661 3138 4735 imperator
3167 4668 3474 4738 synodum
3493 4670 3557 4727 in

1892 4743 2044 4800 urbe
2070 4745 2224 4816 Tyro
2253 4743 2403 4813 ﬁeri,
2441 4749 2499 4802 et
2519 4762 2591 4803 ea
2630 4756 3017 4824 congregata,
3052 4755 3369 4813 victoriam
3406 4774 3556 4832 prae-

1894 4832 2327 4890 stantissimam
2345 4834 2544 4892 retulit
2557 4836 2938 4909 Athanasius;
2957 4841 3389 4904 inimiciautem
3409 4849 3557 4906 veri-

1892 4921 2031 4978 tatis
2063 4922 2337 4995 episcopi
2358 4939 2430 4980 eo
2457 4924 2655 4996 magis
2671 4942 2812 4983 eum
2834 4926 3223 5001 damnavere;
3249 4949 3320 4991 ac
3336 4935 3556 4995 deinde

1891 5013 2216 5068 Mareotam
2238 5010 2547 5080 miserunt,
2592 5015 2655 5071 in
2701 5018 3039 5088 quamdam
3067 5020 3440 5081 Alexandriae
3466 5042 3557 5083 re-

1892 5099 2134 5169 gionem
2159 5115 2296 5172 quas
2338 5116 2518 5157 suum
2547 5117 2771 5160 nomen
2803 5121 2840 5161 a
2868 5108 3063 5165 Marea
3108 5109 3330 5181 palude
3363 5112 3553 5172 duxit.

1893 5192 2073 5247 Erant
2095 5195 2300 5246 autem
2315 5190 2420 5263 qui
2443 5191 2613 5248 missi
2634 5199 2774 5251 sunt
2807 5196 3102 5267 Theognis
3125 5201 3351 5269 Nicaeae,
3383 5204 3555 5260 Maris

1903 5278 2325 5349 Chalcedonis,
2365 5278 2714 5338 Theodorus
2764 5284 3021 5340 Perinthi
3079 5303 3184 5343 seu
3238 5290 3551 5359 Heracleas,

1893 5366 2209 5424 Narcissus
2232 5367 2605 5432 Neroniadis,
2656 5370 2828 5428 Vales
2856 5374 3086 5444 Mursae,
3130 5374 3403 5432 Ursacius
3429 5378 3556 5433 Sin-

1888 5455 2168 5531 gedonis,
2195 5455 2576 5514 Macedonius
2598 5460 2980 5533 Mopsuestse;
3006 5462 3111 5534 qui
3131 5467 3456 5535 postquam
3475 5464 3552 5521 de

3204 5552 3229 5604 1

1832 1563 1879 1614 Α

1814 5971 1987 6073 55

1994 5968 2168 6071 39
