4106 6296
579 249 644 310 11
1920 237 2194 300 NICETIE
2237 239 2608 301 CHONIATE
3870 258 3938 312 η

577 389 752 432 sacro
778 372 963 430 calice
1008 368 1410 444 inquisierunt
1438 371 1493 427 et
1546 369 1621 425 de
1653 367 2012 442 episcopalis
2069 368 2221 424 sedis

2338 389 2445 439 νος,
2471 368 2797 433 Μακεδόνιος
2844 369 3234 443 Μοψουεστίας,
3267 375 3316 424 οἰ
3365 379 3455 426 καὶ
3501 375 3823 441 ζητήσαντες
3871 381 3940 432 τὰ

575 463 908 532 eversione,
938 477 1077 518 vera
1105 459 1352 534 quidem
1381 460 1910 533 praetermiserunt,
1944 459 2100 515 falsa
2126 475 2230 514 au-

574 559 698 613 tem
727 553 846 627 ipsi
870 549 1181 623 imaginati
1213 554 1374 618 sunt,
1405 549 1955 622 deposueruntque,
1989 554 2054 604 ut
2099 564 2226 604 cre-

573 643 822 707 debant,
856 639 1274 704 Athanasium.
1309 638 1439 710 ejus
1489 638 1624 694 loco
1662 637 1862 710 ipsum
1908 637 2226 694 Arsenium

575 733 960 807 accipientes.
993 731 1168 802 cujus
1195 745 1451 786 manum
1489 733 1868 801 amputatam
1898 743 2028 784 esse
2071 726 2227 784 dice-

572 823 758 892 bant;
780 822 887 896 qui
915 821 1083 894 prius
1111 819 1560 876 Meletianorum
1606 817 2046 890 superstitionis
2067 818 2223 889 epis-

573 928 764 986 copus
786 915 932 969 tunc
956 909 1298 984 apudipsos
1324 911 1387 964 ut
1407 907 1864 982 llypseletorum
1883 907 2048 964 urbis
2073 906 2224 979 epis-

575 1017 766 1077 copus
794 1004 1004 1059 contra
1039 997 1439 1056 Athanasium
1469 995 1845 1070 subscripsit.

643 1185 699 1240 3.
740 1182 969 1237 Interea
1020 1193 1161 1235 vero
1212 1175 1476 1250 perfecto
1517 1173 1941 1249 Hierosolymis
1998 1174 2222 1246 templo

570 1285 762 1344 prope
792 1285 933 1326 eum
964 1265 1210 1324 calvarii
1255 1265 1455 1322 locum
1485 1265 1592 1338 qui
1619 1280 1915 1336 magnum
1964 1263 2222 1320 testimo-

569 1359 741 1417 nium
769 1361 1041 1421 vocatur,
1070 1355 1252 1428 jussit
1280 1354 1607 1427 imperator
1627 1353 1944 1426 episcOpos
1964 1352 2069 1424 qui
2089 1353 2222 1424 Tyri

568 1447 824 1506 aderant
848 1444 1326 1517 Hierosolymam
1346 1441 1543 1499 venire
1563 1446 1620 1498 et
1637 1442 1754 1498 hoc
1770 1441 2064 1513 templum
2086 1456 2223 1497 con-

568 1551 824 1593 secrare.
855 1537 1016 1592 Tunc
1036 1538 1237 1590 autem
1259 1531 1640 1588 occasionem
1659 1531 2027 1586 invenientes
2057 1530 2220 1587 Aria-

568 1641 790 1684 norum
814 1624 1078 1682 fautores
1116 1625 1497 1679 tentaverunt
1543 1623 1609 1677 ut
1650 1619 2074 1692 Hierosolymis
2126 1636 2220 1692 sy-

2336 465 2580 532 περὶτῆς
2622 469 2715 513 τοῦ
2778 469 3039 532 μυστικοῦ
3088 466 3346 537 ποτηρίου
3382 464 3678 539 συντριϐῆς,
3711 473 3797 520 καὶ
3845 477 3937 529 τῆς

2335 551 2683 624 καθαιρέσεως
2726 559 2816 602 τού
2877 549 3221 603 ἐπίσκοπικού
3277 553 3480 624 θρόνου,
3535 557 3601 606 τὰ
3646 559 3735 627 μὲν
3767 556 3933 616 ἀληθῆ

2335 638 2615 712 παρῆλθον,
2682 639 2973 692 ἐπλάσαντο
3026 637 3084 692 δὲ
3138 645 3226 692 καὶ
3283 641 3431 694 αὑτοὶ
3482 645 3549 694 τά
3603 641 3801 714 ψευδῆ,
3848 652 3939 698 καὶ

2333 729 2736 804 καθῄρησαν,ως
2800 728 3062 802 ἐνόμισαν,
3139 731 3470 800 Ἀθάνασιον,
3525 729 3796 806 δεξάμενοι
3847 741 3940 788 καὶ.

2335 817 2489 870 αὑτὸν
2550 818 2834 891 Ἀρσένιον,
2889 819 2949 871 οὗ
3001 819 3179 890 ἔλεγον
3242 818 3548 892 ἐκκεκόφθαι
3610 829 3705 881 τῆν
3755 832 3935 898 χείρω

2333 908 2408 973 ὃς,
2463 912 2712 983 πρότερον
2761 916 2856 970 τῆς
2903 907 3222 960 Μελιτιανῶν
3294 911 3575 984 θρησκείας
3657 910 3940 974 ἐπίσκοπος

2332 1000 2420 1067 ὧν,
2451 1005 2742 1054 τηνικαῦτα
2784 997 2908 1070 παρ’
2959 998 3133 1060 αὑτοῖς
3175 1001 3239 1058 ὡς
3282 1007 3378 1060 τῆς
3415 999 3770 1070 ’Υψηλετητῶν
3830 1001 3940 1055 ἐπί-

2335 1106 2529 1148 σκοπος
2567 1087 2757 1148 πόλεως
2786 1086 3054 1161 ὑπέγραψε
3079 1090 3216 1140 κατά
3237 1087 3574 1144 Ἀθανασίου.

2401 1176 2468 1248 γ’.
2522 1177 2603 1230 Ἐν
2651 1179 2816 1248 τούτῳ
2859 1173 2911 1229 δ’
2957 1176 3355 1250 ἐξεργασθέντος
3403 1186 3494 1230 τοῦ
3548 1178 3599 1231 ἐν
3655 1179 3912 1253 Ἱεροσολύ

2330 1285 2444 1338 μοις
2519 1273 2644 1318 ναοῦ
2699 1271 2816 1342 περὶ
2895 1270 2982 1318 τὸν
3039 1275 3131 1319 τοῦ
3184 1273 3396 1342 κρανίου
3459 1277 3637 1342 χῶρον
3690 1271 3744 1331 ὅς
3799 1276 3941 1343 μέγα

2330 1358 2778 1430 προσαγορεύεται
2858 1359 3162 1429 μαρτύριον,
3243 1356 3498 1410 ἐκέλευσεν
3573 1360 3598 1410 ὁ
3684 1358 3942 1431 βασιλεὺς

2329 1448 2446 1505 τοὺς
2504 1443 2551 1496 ἐν
2629 1447 2778 1520 Τύρῳ
2843 1445 3257 1518 συνειλεγμενους
3334 1445 3653 1510 ἐπισκόπους
3710 1449 3942 1502 καταλα-

2330 1533 2435 1586 ϐεῖν
2479 1538 2541 1593 τὴ
2602 1533 2956 1607 Ἱεροσόλυμα,

2327 1627 2468 1678 ναόν.
2529 1629 2832 1680 Τηνικαὺτα
2881 1619 2938 1675 δὲ
2984 1626 3164 1696 καιρὸν
3214 1625 3440 1698 εὑρόντες
3495 1627 3543 1677 οὶ
3598 1624 3939 1702 ἀρειανόφρο-

3035 1541 3124 1587 καὶ
3181 1539 3268 1587 τὸν
3323 1545 3557 1590 τοιοῦτον
3613 1540 3940 1612 καθιερῶσαι

567 1715 768 1772 nodus
786 1714 955 1771 ﬁeret
991 1717 1050 1770 et
1079 1711 1429 1770 communio
1465 1709 1602 1766 Ario
1644 1713 1701 1766 et
1737 1709 1954 1766 Euzoio
2007 1725 2215 1766 conce-

2331 1731 2404 1774 νες
2445 1709 2783 1764 ἐσπούδασαν
2828 1711 2876 1764 ἐν
2926 1712 3301 1786 Ἰεροσολύμοις
3389 1717 3632 1786 γενέσθαι
3687 1713 3938 1786 σύνοδον,

567 1804 829 1862 deretur.
861 1801 1218 1876 Imperatori
1259 1801 1441 1870 igitur
1473 1799 1622 1856 illud
1673 1815 1780 1872 per
1817 1799 2006 1870 ipsius
2055 1815 2218 1855 soro-

565 1907 696 1951 rem
741 1891 1156 1950 Constantiam
1202 1888 1658 1964 quemdamque
1725 1888 1910 1960 hujus
1951 1886 2217 1943 mulieris

563 1981 928 2039 familiarem
975 1979 1402 2055 presbyterum
1436 1978 1717 2036 arianum
1767 1992 2122 2050 persuasere
2161 1980 2218 2032 et

563 2086 851 2130 curavere
907 2075 974 2128 ut
1018 2069 1224 2126 Arium
1285 2068 1694 2140 Euzoiumque
1768 2066 2011 2136 videret,
2057 2081 2216 2136 quos

561 2165 890 2235 postquam
919 2159 1068 2217 vidit
1098 2158 1450 2231 censuitque
1463 2157 1586 2214 fere
1616 2162 1682 2213 ut
1709 2157 1982 2213 Nicaenos
2010 2156 2216 2212 Patres

562 2250 826 2318 credere,
841 2266 944 2308 eos
965 2249 1045 2306 ad
1069 2249 1387 2322 episcopos
1410 2246 1836 2319 Hierosolymis
1885 2261 2217 2316 congrega-

561 2343 654 2397 tos
683 2339 863 2410 misit,
895 2337 1166 2396 scribens
1195 2341 1260 2393 ut
1298 2337 1374 2394 de
1419 2335 1535 2392 illis
1578 2335 1910 2406 benignum
1965 2333 2216 2391 ferretur

563 2427 947 2499 suffragium,
1004 2427 1056 2483 si
1083 2431 1242 2484 recte
1270 2425 1514 2482 credere
1544 2425 1904 2481 viderentur.
1939 2423 2216 2480 Occasio-

555 2532 698 2575 nem
717 2517 901 2588 igitur
925 2515 1274 2590 arripientes
1299 2514 1502 2571 Ariani
1531 2529 1634 2571 eos
1681 2517 2058 2586 exceperunt,
2101 2513 2214 2568 im-

554 2606 941 2681 peratorique
979 2609 1036 2662 et
1069 2604 1361 2662 universis
1419 2603 1721 2677 episcopis
1775 2602 2064 2675 scripsere
2111 2617 2214 2658 eos

555 2695 926 2753 orthodoxos
958 2709 1110 2752 esse.

625 2787 679 2842 4.
716 2784 819 2842 His
847 2784 931 2842 ita
963 2784 1133 2851 actis,
1167 2781 1532 2840 Athanasius
1568 2785 1722 2855 Tyro
1749 2780 2005 2853 jfugiens
2036 2783 2210 2836 Cons-

555 2873 980 2948 tantinopolim
1005 2875 1204 2942 venit;
1229 2872 1401 2943 cujus
1422 2871 1703 2944 precibus
1731 2885 2007 2926 annuens
2030 2869 2216 2941 impe-

555 2967 720 3022 rator
739 2963 994 3020 dicentis
1019 2978 1082 3019 se
1103 2977 1226 3020 non
1247 2961 1406 3034 juste
1425 2960 1782 3017 damnatum
1801 2974 1950 3026 esse,
1975 2957 2216 3031 scripsit

555 3054 856 3146 episcopis
877 3057 1020 3112 tunc
1049 3053 1184 3127 Tyri
1227 3051 1605 3146 congregatis
1658 3051 1828 3146 utad
1860 3050 2079 3123 ipsum
2117 3048 2217 3146 de-
2251 3091 2288 3146 Ο

556 3144 932 3213 scenderent,
954 3147 1021 3201 ut
1040 3159 1245 3202 coram
1267 3141 1404 3216 ipso
1427 3140 1740 3198 Anathasii
1778 3156 1963 3216 causa
1995 3137 2218 3196 exami-

556 3237 824 3291 naretur.
865 3235 1196 3306 Postquam
1252 3231 1433 3303 igitur
1479 3230 1874 3299 advenerunt,
1926 3227 2216 3284 Eusebius

556 3321 918 3380 Nicomediae
953 3319 1361 3378 contendebat
1408 3319 1637 3391 justam
1702 3319 1765 3375 in
1822 3318 2217 3375 Athanasium

557 3409 746 3469 latam
774 3425 905 3467 esse
934 3409 1289 3466 sententiam
1318 3426 1332 3477 ;
1370 3412 1548 3464 testes
1583 3407 1855 3480 praestitit
1887 3407 2215 3477 Theognim

561 3504 620 3558 et
643 3499 894 3557 Marium
918 3502 976 3556 et
994 3497 1372 3555 Theodorum
1396 3500 1453 3552 et
1481 3495 1785 3553 Valentem
1809 3499 1866 3552 et
1886 3497 2218 3552 Ursacium.

560 3593 894 3663 Imperator
933 3592 1136 3646 autem
1180 3587 1306 3644 sive
1362 3585 1629 3644 crederet
1665 3602 1811 3643 vera
1868 3603 2005 3659 quae
2063 3587 2220 3642 dice-

560 3677 804 3749 bantur,
865 3678 992 3734 sive
1081 3675 1424 3734 consentire
1497 3675 1909 3748 suspicaretur
1993 3675 2222 3748 episco-

562 3783 678 3843 pos
725 3772 792 3825 ut
820 3783 852 3826 e
901 3766 1104 3823 medio
1136 3765 1437 3823 tolleretur
1477 3764 1867 3831 Athanasius,
1908 3764 2224 3821 mandavit

563 3860 632 3914 ut
651 3857 704 3915 is
723 3855 1022 3915 Treverim
1049 3854 1465 3920 abduceretur,
1494 3870 1630 3926 quae
1669 3857 1757 3910 est
1785 3853 1930 3909 urbs
1953 3852 2224 3910 occiden-

563 3946 777 4005 talium
806 3946 1148 4015 Gallorum;
1173 3944 1595 4016 abductusque
1621 3947 1708 4000 est
1727 3943 2090 3999 Athanasius
2117 3942 2226 3999 ibi-

566 4052 686 4111 que
711 4036 933 4094 mansit
961 4051 1153 4108 usque
1175 4033 1254 4090 ad
1275 4037 1530 4090 mortem
1562 4032 1950 4089 Constantini.

642 4129 698 4182 5.
727 4125 900 4180 Arius
929 4128 1130 4180 autem
1156 4126 1293 4195 post
1316 4122 1592 4179 habitam
1649 4120 2078 4194 Hierosolymis
2130 4139 2226 4195 sy-

569 4212 805 4273 nodum
841 4212 904 4268 in
942 4214 1266 4284 Egyptum
1304 4209 1486 4267 venit.
1530 4213 1677 4267 Cum
1732 4209 1834 4266 illo
1871 4214 2072 4266 autem
2101 4227 2227 4268 non

572 4299 1061 4361 communicante
1091 4297 1634 4356 Alexandrinorum
1675 4297 1953 4366 Ecclesia,
1986 4315 2226 4357 rursum

573 4388 1155 4464 Constantinopolim
1179 4387 1374 4445 rediit.
1408 4391 1599 4460 Atque
1621 4387 1703 4444 ita
1722 4387 2061 4460 adimpletae
2087 4392 2228 4446 sunt

574 4481 768 4540 sancti
787 4478 1110 4537 Alexandri
1141 4493 1370 4551 preces.
1389 4476 1662 4534 Posthaec
1685 4481 1886 4534 autem
1908 4478 2225 4536 manifeste

573 4573 888 4645 casperth
913 4569 1202 4626 innovare
1234 4567 1560 4624 Eusebiani
1589 4566 1746 4624 circa
1801 4569 2226 4641 episcoporum

572 4663 780 4721 Nicaeae
805 4661 1307 4732 congregatarum
1321 4656 1756 4730 expositionem
1773 4663 1825 4714 et
1845 4659 2066 4731 scripto
2087 4675 2227 4716 con-

575 4748 970 4808 substantiale
999 4749 1265 4820 rejicere.
1323 4746 1635 4820 Synodum
1678 4747 1860 4818 igitur
1905 4749 2229 4806 Constanti.

569 4840 842 4916 nopolim
868 4838 1190 4896 convenire
1213 4842 1521 4907 curarunt,
1539 4837 2073 4911 deposueruntque
2098 4839 2228 4895 etin

573 4930 818 4988 exilium
881 4927 1034 4986 mitti
1081 4926 1441 4984 studuerunt
1493 4925 2022 4983 consubstantialis
2077 4943 2228 5001 prae-

571 5037 773 5089 cones,
819 5017 1166 5090 Asclepium
1230 5018 1394 5073 Gazae
1453 5017 1825 5089 episcopum,
1889 5017 2226 5074 Climatium

568 5108 880 5173 Antaradi,
904 5107 1157 5163 alterum
1182 5106 1526 5162 Climatium
1575 5105 1745 5174 Palti,
1800 5106 2226 5177 Ephrationem

569 5198 781 5256 Baiani
809 5198 1036 5270 Cyrum
1069 5198 1338 5267 Berroeas,
1370 5195 1771 5252 Domnionem
1817 5196 2035 5266 Sirmii,
2079 5197 2227 5254 Ella-

568 5302 755 5345 neum
773 5285 1046 5359 Tripolis,
1067 5285 1271 5341 Arium
1293 5284 1607 5341 Petrarum
1628 5283 1922 5354 Paleonae,
1959 5291 2016 5342 et
2061 5288 2226 5343 Aste-

565 5377 726 5435 rium
737 5379 1044 5433 Petrarum
1056 5372 1665 5447 Arabiae,0]ympium
1684 5374 1834 5445 Aini,
1849 5374 2224 5432 Theodulum

564 5464 999 5540 Trajanopolis,
1019 5463 1393 5521 Vincentium
1409 5465 1652 5536 Capuae,
1676 5463 1998 5536 Ephratam
2015 5465 2223 5539 Agrip-

561 5552 1660 5633 pinaa,EutropiumAdrianopolis,cui
1673 5553 1965 5612 successit
1979 5555 2216 5626 Lucius,

2325 1806 2416 1854 καὶ
2440 1806 2708 1863 κοινωνίας
2747 1797 3067 1874 μεταδοῦναι
3095 1803 3280 1877 Ἀρείῳ
3320 1807 3410 1855 καὶ
3464 1803 3678 1876 Εύζωίῳ
3721 1809 3943 1858 πείσαν-

2324 1910 2404 1952 τες
2445 1895 2617 1943 τοίνυν
2675 1893 2760 1942 τὸν
2817 1889 3043 1963 βασιλεα
3109 1888 3204 1943 διὰ
3274 1900 3370 1955 τῆς
3455 1893 3637 1946 ἑαυτοῦ
3705 1890 3942 1966 ἀδελφῆς

2329 1985 2692 2043 Κωνσταντίας
2766 1987 2856 2033 καί
2928 1989 3020 2033 τού
3070 1987 3529 2056 προσῳκειωμένου
3595 1985 3758 2056 ταύτῃ
3810 2003 3914 2058 πρε

2327 2069 2576 2144 σϐυτέρου
2663 2068 2922 2145 ἀρειανοῦ,
2973 2074 3369 2144 παρεσκεύασαν
3420 2072 3576 2124 αὑτὸν
3641 2075 3942 2126 θεάσασθαι

2326 2158 2532 2233 Ἀρειον
2563 2162 2652 2211 καὶ
2679 2159 2928 2227 Εύζώἱον,
2991 2159 3080 2220 οὑς
3139 2155 3265 2211 ἰδὼν
3316 2165 3406 2212 καὶ
3457 2160 3726 2213 ὑπολαϐὼν
3756 2182 3943 2236 παρα-

2324 2247 2561 2310 πλησίως
2591 2255 2700 2310 τοῖς
2733 2246 2780 2299 ἐν
2832 2253 3028 2320 Νικαίᾳ
3073 2245 3335 2315 δοξάζειν,
3396 2249 3592 2322 ἔπεμψε
3639 2253 3764 2324 πρὸς
3815 2255 3942 2314 τούς

2326 2335 2376 2389 ἐν
2451 2335 2826 2410 Ἱεροσολύμοις
2893 2337 3252 2404 συνελθόντας,
3307 2337 3520 2410 γράψας
3575 2339 3943 2415 φιλάνθρωπον

2324 2425 2401 2479 ἐπ’
2433 2425 2613 2487 αὑτοῖς
2659 2425 2932 2498 ἐνεχθῆναι
2990 2425 3184 2499 ψῆφον,
3241 2426 3283 2478 εἰ
3332 2426 3496 2500 ὀρθῶς
3527 2435 3720 2500 φανεῖεν
3780 2425 3946 2492 δόξά-

2326 2516 2520 2578 ζοντες·
2554 2524 2742 2590 καιροῦ
2773 2521 2944 2568 τοίνυν
2987 2512 3305 2590 δραξάμενοι
3330 2519 3378 2569 οἱ
3410 2517 3662 2592 Ἀρειανοὶ
3724 2515 3942 2582 ἐδέξαν-

2324 2625 2381 2658 το
2430 2608 2667 2673 τούτους,
2713 2610 2802 2657 καὶ
2850 2609 2991 2676 αὑτῷ
3051 2604 3263 2678 βασιλεί
3308 2610 3400 2658 καὶ
3447 2615 3558 2669 τοίς
3614 2610 3940 2680 ἁπανταχοῦ

2324 2695 2630 2757 ἐπισκόποις
2695 2695 2928 2768 ἔγραψαν
2987 2692 3301 2768 ὃρθοδόξους
3382 2698 3641 2770 ὑπάρχειν
3713 2699 3939 2763 αὐτούς.

3477 2786 3788 2849 Ἀθανασιος
3876 2788 3941 2842 ἐκ

2324 2877 2494 2949 Τύρου
2535 2878 2710 2946 φυγὼν
2754 2879 2826 2934 εὶς
2887 2875 3425 2927 Κωνσταντινούπολιν
3483 2872 3655 2934 ἦλθεν
3726 2873 3784 2929 οὗ
3839 2887 3942 2942 τῆς

2397 2782 2462 2840 δ’.
2533 2787 2738 2840 Τούτων
2805 2784 2938 2837 οὑτω
3013 2789 3397 2859 πραττομένων,

2327 2961 2557 3026 δεήσεως
2609 2962 2839 3026 ἀκούσας
2888 2965 2912 3016 ό
2970 2962 3218 3036 βασιλεὺς
3266 2969 3338 3037 μὴ
3399 2961 3615 3027 δικαίως
3682 2969 3941 3040 κριθῆναι

2324 3053 2582 3126 λέγοντος,
2638 3052 2832 3127 ἔγραψε
2886 3060 2996 3115 τοῖς
3061 3052 3108 3105 ἐν
3164 3057 3312 3127 Τύρῳ
3365 3057 3790 3128 συναθροισθεῖσι
3839 3064 3941 3118 τίχ’

2324 3150 2544 3196 νικαῡτα
2598 3142 2904 3196 καταλαϐεῖν
2951 3146 3078 3218 πρὸς
3117 3143 3294 3214 αὑτὸν,
3338 3147 3424 3211 ,ὡς
3485 3146 3546 3196 οἷν
3620 3144 3683 3198 ἐπ
3747 3146 3940 3217 ὄψεσιν

2326 3232 2487 3284 αὑτοῦ
2539 3227 2889 3305 δοκιμασθείη
2944 3234 3011 3284 τὰ
3052 3235 3219 3284 ’κατὰ
3295 3232 3630 3290 Ἀθανασίου.
3693 3236 3944 3291 Καταλα.

2327 3320 2518 3374 ϐόντων
2563 3318 2652 3372 οὖν
2683 3320 2873 3390 αὑτῶν,
2933 3319 3175 3381 Εὐσέϐιος
3221 3323 3246 3372 ό
3294 3320 3659 3395 Νικομηδείας
3714 3323 3942 3400 ἰσχυρί-

2329 3409 2442 3471 ζετο
2501 3406 2714 3462 δικαίαν
2767 3415 2862 3468 τὴν
2919 3409 3001 3462 ἐπὶ
3059 3410 3370 3464 Ἀθανάσιον
3419 3414 3661 3483 γενέσθαι
3734 3412 3942 3486 ψῆφον,

2327 3501 2596 3574 μάρτυρας
2621 3507 2826 3573 παρῆγε
2857 3503 3072 3570 Θέογνιν
3131 3505 3223 3552 καὶ
3280 3502 3451 3576 Μάριν
3508 3506 3596 3554 καὶ
3659 3500 3943 3577 Θεόδωρον

2329 3592 2419 3638 καὶ
2469 3587 2734 3639 Ούάλεντα
2779 3592 2868 3639 καὶ
2925 3587 3243 3660 Ούρσάκιον.
3297 3587 3356 3641 Ὀ
3428 3586 3486 3642 δὲ
3531 3589 3778 3662 βασιλεὺς
3833 3595 3946 3648 εἴτε

2332 3674 2496 3735 ἀληθῆ
2543 3679 2834 3738 πιστεύσας
2903 3673 3031 3729 εἶναι
3086 3679 3152 3730 τά
3189 3677 3454 3752 λεγομενα,
3505 3682 3604 3732 εἴτε
3631 3681 3946 3752 ὁμονοήσειν

2332 3768 2630 3828 ὑπονοήσας
2660 3770 2779 3829 τούς
2804 3770 3144 3836 ἐπισκόπους,
3167 3768 3230 3819 ἶν’
3263 3766 3496 3822 ἐκποδὼν
3537 3774 3737 3842 γένοιτο
3783 3771 3950 3828 Ἀθα-

2331 3858 2526 3926 νάσιος,
2564 3861 2874 3931 προσέταττε
2931 3856 3295 3930 ἀπηνεχθῆναι
3350 3866 3532 3912 τοῦτον
3579 3860 3651 3922 εἰς
3696 3860 3945 3934 Τρίϐεριν

2332 3953 2432 3996 τῶν
2478 3948 2608 4020 πρὸς
2661 3942 2816 3998 δύσιν
2862 3945 3124 4016 Γαλατῶν,
3181 3951 3273 4000 καὶ
3303 3949 3327 4000 ὁ
3355 3950 3444 4021 μὲν
3481 3947 3722 4021 ἀπήχθη,
3753 3955 3844 4004 καὶ
3874 3949 3945 4012 ἦν

2333 4036 2437 4087 ε’κεί
2464 4034 2559 4097 ἕως
2578 4043 2671 4096 τῆς
2713 4041 3100 4088 Κωνσταντίνου
3132 4036 3393 4101 τελευτῆς,

2405 4124 2459 4182 ε’.
2524 4123 2582 4178 '0
2633 4121 2693 4178 δέ
2739 4125 2944 4199 Ἀρειος
3001 4129 3132 4199 μετὰ
3189 4131 3274 4187 τὴν
3337 4127 3384 4180 ἐν
3431 4126 3802 4202 Ἰεροσολύμοις
3846 4133 3949 4184 σύ-

2333 4209 2504 4281 νοδον,
2538 4215 2658 4273 ἧκεν
2689 4213 2755 4276 εἰς
2803 4219 3087 4287 Αἴγυπτονο
3147 4220 3219 4289 μὴ
3279 4220 3627 4280 κοινωνούσης
3682 4215 3740 4272 δὲ
3792 4219 3947 4294 αὐτῷ

2331 4311 2427 4366 τῆς
2447 4300 2823 4380 Ἀλεξανδρέων
2858 4304 3192 4372 Ἐκκλησίας,
3220 4307 3373 4360 πᾶλιν
3405 4305 3617 4366 ἀνηλθεν
3672 4308 3743 4372 εἰς
3797 4316 3950 4363 Κων-

2337 4394 2778 4448 σταντινούπολιν*
2839 4399 2927 4448 καὶ
2980 4397 3144 4459 οὑτως
3199 4399 3346 4472 ἔργον
3403 4397 3593 4471 ἐγένετο
3640 4407 3733 4462 τῆς
3797 4401 3950 4456 Ἀλεο

2336 4481 2560 4561 ξάνδρου
2590 4492 2680 4538 τοῦ
2713 4486 2850 4558 ἱεροῦ
2879 4494 3210 4558 προσευχῆς.
3251 4489 3396 4541 Μετά
3451 4484 3510 4540 δὲ
3556 4509 3724 4542 ταντα
3752 4508 3949 4544 νεωτε-

2335 4573 2497 4648 ρίζειν
2551 4582 2776 4648 φανερῶς
2826 4575 2874 4626 οἱ
2923 4580 3042 4650 περί
3094 4574 3343 4629 Εύσέϐιον
3391 4576 3614 4650 ἤρξαντο
3670 4583 3789 4652 περὶ
3843 4583 3948 4641 τὴν

2337 4665 2537 4716 ἔκθεσιν
2567 4671 2667 4715 τῶν
2711 4663 2758 4716 ἐν
2788 4668 2986 4736 Νικαίᾳ
3040 4664 3478 4737 συνεληλυθότων,
3539 4671 3628 4719 καὶ
3678 4667 3948 4724 εκϐαλλειν

2338 4751 2602 4828 ἐγγράφως
2684 4755 2742 4805 τὸ
2785 4754 3078 4826 όμοούσιον·
3142 4751 3360 4808 σύνοδον
3419 4751 3504 4808 οὖν
3593 4754 3951 4830 ἀθροισθῆναι

2337 4843 2833 4915 παρασκευάσαντες
2932 4841 2980 4894 ἐν
3073 4843 3613 4897 Κωνσταντινουπὸλει
3700 4848 3950 4902 καθείλον

2338 4951 2427 4983 και
2476 4933 2776 5004 πεμφθῆναι
2814 4933 2946 5005 πρὸς
2999 4933 3278 5008 ὑπερορίαν
3349 4936 3608 4988 ἔσπευσαν
3665 4939 3786 4998 τοὺς
3847 4947 3951 4993 τοῦ

2337 5021 2618 5094 ὁμοουσίου
2689 5027 2942 5096 κήρυκας,
3014 5023 3315 5082 Ἀσκληπᾶν
3387 5023 3660 5078 ἐπίοκοπον
3744 5027 3952 5102 Γάζης,

2335 5116 2426 5163 καὶ
2480 5111 2760 5184 Κλιμάτιον
2835 5109 3178 5194 Ἀνῖαράδου,
3235 5115 3402 5188 ἕτερον
3477 5115 3757 5188 Κλιμάτιον
3813 5119 3956 5174 Πολ-

2333 5221 2448 5270 του,
2499 5200 2820 5275 Ἐφρατίωνα
2894 5201 3172 5265 Βαλανέων,
3245 5210 3410 5279 Κῦρον
3466 5204 3748 5279 βεῤῥοίας,
3801 5212 3956 5282 Δομ-

2332 5295 2488 5342 νίωνα
2548 5296 2783 5362 Σίρμίου,
2823 5290 3077 5345 Ἑλλάνεον
3121 5293 3434 5368 Τριπόλεως,
3487 5293 3686 5367 Ἀρειον
3733 5302 3955 5372 Πετρῶν

2333 5388 2428 5441 τῆς
2481 5379 2786 5452 Παλαιόνης,
2863 5385 2951 5434 καὶ
3013 5380 3280 5455 Ἀστέριον
3355 5390 3558 5458 Πετρῶν
3636 5391 3735 5445 τῆς
3791 5385 3957 5461 Ἀρα-

2334 5466 2472 5534 ϐίας,
2513 5468 2798 5543 Ὀλύμπιον
2857 5473 3033 5539 Αἰνου,
3102 5468 3392 5526 Θεόδουλον
3457 5474 3956 5553 Τραῐοινουπόλεοιιις⁸

2333 5560 2618 5612 Βινκέντιον
2714 5560 2950 5628 Καπύης,
3040 5560 3298 5638 Ἐφράταν
3392 5561 3764 5640 ’Δγριππίνῆς,
3849 5568 3961 5622 Εὐ-
