4106 6296
223 178 267 233 l3
1594 186 1942 246 THESAURI
1981 186 2110 242 LIB.
2151 189 2237 243 v1.
3531 192 3598 246 14

237 310 386 383 τρόπων
432 307 998 386 Α’δριανουπόλεως,
1041 316 1102 368 οὗ
1140 312 1424 387 διάδοχος,
1457 318 1703 384 Λούκιος,
1745 317 1836 366 καὶ

1964 315 2006 368 at
2067 311 2366 385 imprimis
2427 313 2765 373 Marcellum
2843 315 3097 385 Ancyrae
3166 313 3596 386 deposuerunt.

253 396 487 487 ἒτὶρτᾶσι
548 405 649 454 τὸν
716 403 1004 476 εἰρημένον
1060 404 1355 479 Μάρκελλον
1417 413 1514 467 τῆς
1579 404 1836 476 Ἀγκύρας

263 493 560 566 ιαθῂρησανα
627 493 927 565 ὑπερῳυῶς
971 495 1072 568 γὰρ
1130 492 1466 565 ἐχαλέπαινον
1524 493 1702 564 αὐτῷ,
1756 492 1842 544 οἶα

272 587 363 656 μήτε
408 581 451 634 ἐν
499 590 565 654 τῇ
616 585 765 634 κατὰ
816 587 1061 641 Φοινίκην
1114 578 1318 654 συνόδῳ
1361 589 1470 646 τοῖς
1521 583 1609 636 ὑπ’
1672 581 1840 634 αὐτῶν

270 674 487 744 ὁρισθεῐσι
538 675 681 724 κατὰ
732 671 1058 725 Ἀθανασίου
1114 675 1420 746 συνθεμένῳ,
1471 678 1604 746 μήτε
1650 678 1755 733 τοῖς
1793 670 1841 723 ἐν

267 751 602 837 Ἱεροσολύμοις
642 761 732 814 ἐπὶ
785 762 996 835 Ἀρείῳ,
1024 767 1154 834 μήτε
1202 770 1296 824 τῆς
1343 764 1699 838 καθιερώσεως
1750 767 1842 814 τοῦ

263 852 458 926 μεγάλου
519 856 818 926 μαρτυρίου
887 855 1209 925 μετασχόντι
1277 849 1352 904 δι’
1418 851 1688 926 ἀποφυγήν
1751 859 1844 912 τῆς

261 946 375 1016 πρὸς
435 941 619 1002 αὐτούς
684 944 961 1003 κοινωνίας
995 962 1007 974 ·
1075 944 1162 994 καὶ
1223 949 1394 995 ταῦτα
1465 945 1555 1015 μὲν
1618 942 1695 994 ἔτι
1752 947 1843 994 τοῦ

260 1030 468 1103 μεγάλου
497 1033 768 1103 περιόντος
800 1035 1214 1084 Κωνσταντίνου.

323 1118 382 1184 ς’.
423 1118 844 1181 Τελευτήσαντος
903 1115 961 1171 δι
1030 1115 1221 1172 ἐκείνου
1248 1161 1260 1181 ,
1319 1124 1408 1172 καὶ
1462 1127 1552 1179 τῆς
1601 1117 1699 1171 ἀνὰ
1751 1121 1846 1176 την

249 1210 309 1263 έω
381 1207 657 1281 βασιλείας
726 1208 799 1269 εἰς
866 1210 1220 1261 Κωνστάντιον
1285 1211 1649 1283 περιστάσης,
1719 1209 1846 1280 ἔσχε

242 1297 431 1370 μᾶλλον
480 1294 724 1350 ἐπίδοσιν
761 1300 827 1350 τὰ
873 1304 975 1349 τῶν
1023 1297 1331 1372 Ἀρειανῶν·
1385 1299 1410 1350 ὁ
1457 1300 1558 1371 γὰρ
1596 1317 1676 1350 τοι
1719 1315 1846 1370 πρε-

245 1386 498 1462 σϐύτερος
563 1383 751 1446 ἐκεῖνος
816 1384 871 1437 ὃν
945 1383 1312 1461 ἀρειανόφρονα
1377 1390 1500 1438 ὄντα
1567 1392 1846 1439 Κωνσταν-

236 1482 362 1546 τίνῳ
406 1478 725 1532 συνέστησεν
771 1476 801 1533 ἡ
848 1473 1011 1527 αὐτοῦ
1067 1471 1288 1547 ἀδελφὴ,
1327 1479 1505 1547 γέγονε
1561 1495 1652 1526 και
1701 1481 1848 1528 Κων-

235 1569 472 1636 σταντίῳ
540 1568 928 1637 κεχαρισμένος
1002 1562 1085 1616 οἶα
1144 1566 1239 1625 τὰς
1301 1571 1391 1616 τοῦ
1460 1567 1848 1617 Κωνσταντίνου

1949 401 2129 457 Valde
2159 403 2320 459 enim
2356 402 2434 459 illi
2468 403 2965 474 indignabantur,
3008 405 3212 475 utpote
3257 403 3364 476 qui
3402 419 3601 477 neque

1946 490 2009 546 in
2040 492 2277 563 synodo
2319 492 2483 565 apud
2513 493 2819 550 Phoenices
2861 491 3072 549 habita
3107 492 3181 549 iis
3211 508 3349 565 qua:
3392 498 3604 550 contra

1948 581 2345 637 Athanasium
2397 582 2644 639 decretae
2693 586 2833 638 sunt
2887 580 3225 652 adhaeserit,
3274 597 3472 654 neque
3527 582 3600 638 iis

1949 685 2086 742 qua:
2117 671 2542 743 Hierosolymis
2572 671 2647 727 de
2677 671 2835 739 Ario,
2863 686 3060 743 neque
3091 671 3299 741 magni
3340 672 3606 728 testimo-

1949 758 2034 814 nii
2098 760 2535 817 consecrationi
2597 776 2660 816 se
2702 758 3055 826 admoverit,
3103 765 3346 833 propter
3391 776 3603 818 eorum

1951 849 2398 906 communionis
2443 849 2926 906 detestationem.
2958 850 3025 905 Et
3068 849 3197 906 haec
3240 850 3490 923 quidem
3517 851 3606 908 vi-

1950 942 2126 995 vente
2155 938 2356 995 adhuc
2387 939 2773 997 Constantino
2801 942 3038 1010 Magno.

2025 1119 2079 1174 6.
2120 1116 2222 1173 illo
2265 1121 2467 1175 autem
2515 1121 2792 1188 mortuo,
2839 1120 2897 1174 et
2943 1117 3165 1174 Orienti
3215 1117 3470 1191 imperio
3526 1119 3606 1177 ad

1955 1206 2370 1263 Constantium
2419 1208 2803 1278 deveniente,
2852 1223 2949 1264 res
3001 1208 3360 1264 Arianorum
3414 1209 3606 1266 incre-

1955 1300 2225 1352 mentum
2251 1311 2556 1370 accepere.
2587 1297 2685 1354 ille
2714 1296 2878 1354 enim
2919 1296 3235 1368 presbyter
3281 1313 3466 1370 quem
3489 1297 3608 1354 Arii

1954 1388 2153 1457 partes
2197 1390 2498 1442 tenentem
2529 1387 2920 1444 Constantino
2957 1386 3152 1458 ipsius
3198 1402 3369 1443 soror
3413 1387 3610 1444 conci-

1953 1473 2224 1542 liaverat,
2255 1475 2365 1531 fuit
2401 1479 2458 1532 et
2488 1476 2830 1533 Constantio
2879 1477 3120 1544 charus,
3155 1479 3357 1548 utpote
3383 1476 3489 1550 qui
3524 1475 3610 1532 illi

1958 1564 2329 1621 Constantini
2388 1568 2822 1622 testamentum
2883 1565 3175 1623 detulerit.
3238 1565 3381 1622 Inde
3432 1565 3614 1636 igitur

232 1652 513 1716 διαθήκας
575 1650 860 1714 ἀποδώσας
923 1654 1104 1724 αύτῳ·
1175 1655 1408 1716 συνήθης
1469 1649 1556 1706 οὖν
1623 1652 1849 1706 ἐντεῦθεν

1964 1653 2323 1726 imperatrici
2351 1654 2664 1712 familiaris
2696 1654 2888 1712 factus
2919 1658 2974 1710 et
3003 1654 3298 1710 eunuchis
3327 1654 3473 1726 regii
3504 1671 3612 1712 cu-

227 1750 323 1796 καὶ
373 1751 439 1816 τῇ
495 1738 750 1815 βασιλίδι
796 1745 1061 1815 γενόμενος
1103 1742 1194 1794 καὶ
1239 1750 1348 1804 τοῖς
1395 1741 1444 1795 ἓν
1495 1739 1715 1814 δυνάμει
1764 1743 1852 1794 θα-

224 1832 566 1906 λαμηπόλοις
642 1831 917 1903 εὐνούχοις
941 1875 955 1898 ,
1031 1831 1097 1882 ὧν
1170 1830 1419 1894 Εὐσέϐιος
1488 1833 1514 1884 ό
1587 1829 1852 1892 ἐπαινέτης

230 1924 444 1997 Ἀρείου
494 1926 858 1995 προειστήκει,
897 1917 1105 1995 σφόδρα
1149 1928 1444 1996 συνεκρότει
1495 1922 1617 1984 τούς
1647 1923 1851 1997 Ἀρεία-

225 2016 374 2074 νούς.
407 2013 493 2066 Ἐν
545 2014 714 2082 τούτῳ
756 2007 817 2063 δὲ
849 2011 1158 2074 Ἀθανάσιος
1207 2010 1261 2063 ἐκ
1299 2020 1400 2064 τῶν
1450 2010 1674 2064 Γαλλιῶν
1726 2012 1854 2065 ἐπα-

226 2103 422 2160 νῆλθεν
491 2101 564 2162 εἰς
626 2096 1022 2174 Ἀλεξάνδρειαν
1051 2139 1065 2162 ,
1121 2099 1490 2175 ἐπιτρέψαντος
1556 2100 1695 2172 αὐτῷ
1759 2105 1852 2159 τὴν

226 2187 495 2258 κάθοδον,
549 2194 640 2242 καὶ
688 2191 982 2262 γράμματα
1036 2185 1213 2251 δόντος
1262 2193 1390 2264 πρὸς
1436 2194 1553 2252 τοὺς
1609 2189 1851 2252 Ἀλεξαν-

1956 1742 2140 1800 biculi
2161 1744 2614 1815 potentissimis,
2641 1743 2858 1817 quibus
2882 1747 3138 1816 praeerat
3161 1744 3472 1813 Eusebius,
3495 1745 3618 1802 Arii

1958 1831 2174 1903 fautor,
2208 1832 2458 1890 Arianos
2501 1832 2764 1890 fovebat.
2805 1836 3034 1890 Interea
3071 1849 3214 1890 vero
3247 1833 3614 1891 Athanasius

1960 1936 2027 1977 ex
2057 1920 2256 1977 Galliis
2294 1921 2725 1978 Alexandriam
2770 1921 3055 1988 redierat,
3087 1922 3348 1978 reditum
3377 1923 3460 1979 illi
3488 1939 3619 1996 per-

1960 2010 2225 2066 mittente
2272 2009 2613 2083 litterasque
2663 2011 2740 2067 ad
2768 2011 3204 2068 Alexandrinos
3244 2011 3427 2068 dante
3473 2016 3620 2069 Con-

1961 2099 2224 2155 stantino
2247 2099 2617 2156 Constantini
2637 2099 2832 2170 Magni
2850 2099 2994 2168 ﬁlio,
3013 2100 3120 2172 qui
3143 2099 3224 2157 ad
3245 2100 3620 2159 occidentem

1961 2187 2162 2244 Galliae
2187 2187 2546 2260 imperabat.

227 2277 378 2355 δρεῐς
453 2283 854 2334 Κωνσταντίνου
920 2285 1014 2332 τοῦ
1071 2280 1344 2352 ὁμωνύμου
1393 2288 1466 2351 τῷ
1532 2279 1738 2353 μεγάλῳ
1798 2281 2170 2350 Κωνσταντίνῳ
2219 2273 2417 2342 παιδὸς
2467 2277 2668 2346 αὐτοῦ,
2722 2277 2776 2343 ὃς
2838 2297 2976 2352 ηρχε
3047 2285 3146 2332 τῶν
3209 2281 3342 2356 πρὸς
3407 2279 3622 2354 ἑσπέρον

225 2371 488 2423 Γαλατῶν
497 2413 510 2424 .

302 2461 338 2521 ζ
356 2503 373 2517 .
422 2461 580 2513 Κατὰ
620 2455 682 2511 δε
724 2465 907 2512 τοῦτον
945 2461 1033 2510 τόν
1062 2461 1251 2532 χρόνον
1288 2457 1538 2512 Εὐσεϐίου
1576 2464 1668 2512 τοῦ
1710 2465 1855 2530 Παμ-

225 2549 386 2620 φίλου
432 2552 523 2601 τόν
581 2547 700 2620 βίον
752 2546 1015 2616 λιπόντος,
1062 2543 1330 2610 διεδέξατο
1376 2553 1470 2607 την
1515 2546 1563 2600 ἐν
1607 2556 1668 2620 τῇ
1733 2554 1858 2601 Και-

228 2643 432 2712 σαρείᾳ
497 2645 594 2698 τῆς
655 2635 1011 2696 Παλαιστίνης
1066 2635 1355 2696 ἐπισκοπὴν
1412 2637 1650 2698 Ἀκάκιος
1682 2658 1694 2670 ·
1762 2637 1855 2690 οὐκ

226 2728 300 2788 εἰς
353 2730 575 2801 μακρὰν
632 2722 692 2779 δὲ
745 2731 834 2779 καὶ
885 2733 1272 2790 Κωνσταντῖνος
1317 2729 1342 2779 ὁ
1389 2725 1659 2801 βασιλεὺς,
1702 2726 1853 2780 πόλε-
1898 2786 1899 2789 η

2037 2463 2092 2512 7.
2134 2460 2254 2513 Hoc
2282 2460 2484 2514 autem
2521 2460 2789 2531 tempore
2833 2457 3092 2515 Eusebio
3122 2459 3416 2531 Pamphili
3440 2475 3472 2516 e
3501 2458 3626 2519 vita

1964 2545 2252 2618 profecto,
2270 2549 2552 2604 Caesareae
2572 2547 2633 2603 in
2652 2547 2966 2604 Palaestina
2981 2548 3402 2622 episcopatum
3421 2565 3626 2607 susce-

1964 2634 2051 2707 pit
2080 2635 2348 2692 Aeacius.
2383 2639 2500 2693 Nec
2527 2636 2712 2707 longo
2734 2641 2868 2710 post
2897 2641 3169 2710 tempore
3196 2638 3625 2697 Constantinus

1963 2723 2293 2796 imperator
2317 2725 2422 2796 qui
2467 2726 2712 2798 proprio
2741 2726 2908 2783 fratri
2939 2728 3245 2784 Constanti
3282 2727 3511 2784 bellum
3537 2728 3625 2785 in-

223 2838 326 2889 μον
382 2822 676 2890 επαγαγὼν
725 2826 799 2888 τῷ
851 2812 974 2888 ἰδίῳ
1030 2813 1233 2890 ἀδελφῷ
1288 2823 1609 2890 Κώνσταντι,
1669 2823 1851 2872 κτείνε-

1964 2812 2223 2882 dixerat,
2274 2813 2562 2886 Aquileiae
2615 2815 2694 2871 ab
2751 2815 2882 2886 ejus
2938 2816 3196 2873 ducibus
3247 2817 3617 2875 interﬁcitur.

225 2928 320 2960 ται
377 2911 533 2983 παρά
586 2915 687 2959 τῶν
735 2906 931 2959 ἐκείνου
986 2915 1294 2980 στρατηγῶν
1338 2905 1386 2959 ἐν
1439 2907 1676 2981 Ἀκυλίᾳ.
1727 2912 1853 2961 Τότε

222 2994 288 3050 δὲ
333 3001 427 3050 καὶ
487 2992 838 3068 Ἀλεξάνδρου
901 3003 995 3048 τοῦ
1048 2997 1636 3058 Κωνσταντινουπόλεως
1686 2995 1852 3050 τελευ-

223 3091 542 3155 τησαντος,
597 3081 1003 3158 προεϐλήθησαν
1055 3086 1201 3157 παρὰ
1260 3087 1350 3157 μὲν
1411 3094 1510 3137 τῶν
1578 3085 1850 3159 Ἀρειανῶν

226 3171 591 3241 Μακεδόνιος,
637 3176 780 3246 παρά
825 3169 884 3226 δὲ
938 3181 1039 3225 τῶν
1083 3171 1379 3247 ὀρθοδόξων
1438 3175 1660 3239 Παῦλος,
1710 3177 1854 3249 παρά

223 3269 447 3336 γνώμην
497 3269 597 3316 τοῦ
652 3257 1018 3334 Νικομηδείας
1070 3261 1356 3316 ἐπισκόπου
1418 3262 1704 3326 Εὐσεϐίου,
1763 3269 1852 3317 καὶ

231 3350 522 3429 Θεοδώρου
609 3360 704 3404 τοῦ
756 3355 851 3411 τήν
907 3351 960 3405 ἐν
1028 3353 1210 3425 Θρᾴκῄ
1267 3351 1604 3426 Ἠρακλείας,
1659 3354 1732 3414 οἷς
1783 3355 1854 3415 ὡς

233 3447 466 3510 γείτοσιν
524 3443 554 3500 ἡ
629 3446 930 3514 χειροτονία
997 3437 1248 3516 διέφερεν.
1314 3443 1432 3495 Ἐπὶ
1492 3445 1701 3504 τούτοις
1764 3438 1852 3494 οὖν

233 3530 513 3605 ὀργισθεὶς
565 3532 970 3599 Κωνστάντιος,
1023 3533 1369 3604 παραγέγονεν
1413 3530 1486 3594 εἰς
1533 3531 1850 3596 Βυζάντιον,

234 3620 298 3677 ξν
350 3624 454 3694 γὰρ
515 3615 797 3691 ἀπόδημος
848 3615 1130 3688 τηνικάδε,
1179 3624 1269 3672 καὶ
1327 3617 1546 3674 σύνοδον
1599 3622 1849 3685 καθίσας,

233 3706 544 3783 παρέδωκεν
604 3706 841 3780 Εὐσεϐίῳ
902 3716 976 3778 τῷ
1027 3705 1389 3781 Νικομηδείας
1440 3712 1527 3762 τόν
1578 3716 1851 3764 Κωνσταν-

237 3799 584 3859 τινουπόλεως
660 3799 837 3871 θρόνον
863 3839 876 3864 ,
949 3793 1191 3872 δευτέραν
1253 3800 1447 3856 ταύτην
1524 3801 1853 3872 μετατεθέντι

237 3889 561 3957 μετάθεσιν·
625 3884 711 3938 ἰπὶ
756 3887 944 3939 τούτου
1011 3887 1473 3961 συνηθροίσθησαν
1531 3887 1597 3948 εἰς
1647 3887 1852 3942 Ἀντιό-

241 3994 396 4045 χειαν
449 3977 546 4032 τὴν
605 3972 836 4046 μεγάλην
890 3975 1189 4032 ἐνενήκοντα
1236 3979 1326 4028 καὶ
1370 3973 1498 4027 ἐπτὰ
1554 3975 1848 4044 ἐπίσκοποι,

1961 2905 2123 2958 Tunc
2186 2907 2390 2960 autem
2456 2908 2514 2960 et
2567 2903 2907 2961 Alexandro
2960 2906 3620 2978 Constantinopolitano

1960 2995 2220 3062 mortuo,
2254 2992 2421 3048 electi
2451 2998 2589 3050 sunt
2618 2993 2696 3049 ab
2724 2994 2957 3050 Arianis
2985 2994 3390 3062 Macedonius,
3421 2995 3500 3051 ab
3529 3011 3622 3052 or-

1961 3079 2244 3137 thodoxis
2271 3096 2414 3136 vero
2441 3082 2682 3150 Paulus,
2711 3085 2920 3138 contra
2965 3087 3229 3138 mentem
3258 3082 3619 3140 Nicomediae

1961 3169 2234 3242 episcopi
2263 3169 2520 3235 Eusebii,
2553 3174 2610 3226 et
2638 3169 2931 3226 Theodori
2954 3169 3248 3227 Heracleae
3280 3170 3342 3227 in
3368 3172 3622 3231 Thracia

1961 3257 2248 3330 episcopi,
2281 3258 2358 3315 ad
2385 3274 2538 3331 quos
2564 3263 2628 3314 ut
2669 3258 2900 3316 vicinos
2930 3259 3266 3333 pertinebat
3295 3261 3616 3321 ordinatio.

1962 3347 2102 3404 ldeo
2156 3347 2343 3404 iratus
2393 3349 2775 3405 Constantius
2830 3349 3177 3422 Byzantium
3233 3351 3398 3407 venit
3452 3353 3618 3423 (tunc

1962 3437 2124 3493 enim
2151 3436 2378 3508 aberat)
2406 3455 2419 3506 ;
2452 3441 2510 3493 et
2539 3438 2775 3509 synodo
2806 3443 3138 3495 convocata
3168 3439 3424 3497 Eusebio
3450 3441 3618 3498 Nico-

1961 3527 2232 3583 medensi
2272 3527 3003 3600 Constantinopolitanum
3043 3527 3330 3586 thronum
3369 3530 3618 3588 tradidit

1961 3618 2065 3689 qui
2089 3616 2246 3672 hanc
2278 3615 2609 3672 secundam
2639 3616 3090 3674 translationem
3113 3619 3362 3691 accepit.
3386 3619 3616 3678 Interea

1960 3705 2336 3762 Antiochiam
2363 3721 2655 3776 magnam
2680 3722 3014 3764 convenere
3034 3709 3365 3778 nonaginta
3385 3714 3616 3782 septem

1961 3794 2248 3868 episcopi,
2285 3801 2697 3852 convenerunt
2727 3801 2934 3852 autem
2965 3800 3030 3852 ut
3056 3803 3324 3854 recenter
3351 3799 3612 3856 aediﬁca-

1960 3889 2086 3941 tam
2117 3882 2432 3940 ecclesiam
2460 3884 2891 3954 consecraturi,
2913 3900 3101 3956 quam
3128 3884 3428 3942 aediﬁcare
3459 3885 3616 3944 ince-

1960 3977 2132 4046 perat
2169 3973 2626 4039 Constantinus;
2661 3973 2858 4044 reipsa
2888 3987 3052 4040 vero,
3085 3977 3150 4031 ut
3195 3977 3441 4031 eventus
3480 3990 3617 4049 pro-

243 4063 310 4114 ὧν
365 4064 469 4116 εἰσι
512 4067 607 4116 καὶ
655 4062 703 4114 οἱ
751 4066 1020 4136 φερόμενοι
1072 4066 1313 4126 κανόνες·
1368 4063 1731 4136 ἡθροισθησαν
1791 4062 1849 4118 δὲ

1964 4062 2149 4131 bavit,
2175 4062 2416 4118 Nicaena
2441 4061 2680 4118 decreta
2711 4061 3017 4118 mutaturi.

243 4155 505 4226 προ-φάσει
558 4154 650 4224 μὲν
699 4149 784 4204 ἐπὶ
836 4153 1148 4224 καθιερώσει
1204 4159 1295 4214 τῆς
1350 4151 1454 4206 ἐκεῖ
1505 4156 1908 4228 νεουργηθείσης
1955 4150 2234 4213 ἐκκλησίας
2285 4150 2346 4208 ἢν
2400 4151 2594 4222 ἤρξατο
2684 4153 2775 4222 μὲν
2838 4147 3133 4224 οἰκοδομεῖν
3190 4159 3616 4226 Κωνσταντίνος,

246 4240 588 4316 ἐξειργάσατο
629 4236 690 4293 δὲ
731 4242 1124 4303 Κωνστάντιοςο
1165 4243 1236 4305 ὡς
1275 4239 1334 4296 δὲ
1371 4245 1426 4296 τό
1468 4241 1665 4296 ἀποϐὰν
1705 4241 1893 4307 ἔδειξεν
1933 4241 2018 4296 ἰπὶ
2056 4244 2401 4314 μεταποιήσει
2439 4247 2538 4291 τῶν
2569 4237 2617 4291 ἐν
2656 4244 2857 4313 Νικαίᾳ
2895 4237 3176 4304 δοξάντων.

315 4329 384 4388 η’.
439 4332 688 4404 Ἡγοῦντο
760 4325 820 4383 δὲ
886 4338 979 4392 τῆς
1048 4327 1273 4386 συνόδου
1346 4334 1543 4393 ταύτης
1606 4332 1856 4394 Εὐσέϐιος

254 4419 841 4481 Κυνσταντινουπόλεως
894 4421 922 4472 ὁ
980 4417 1081 4472 ἀπὸ
1129 4418 1486 4494 Νικομηδείας
1537 4424 1852 4495 μετατεθεὶς,

254 4508 488 4575 ’Δκακιος
553 4513 875 4584 Καισαρείας
939 4516 1036 4570 τῆς
1091 4512 1228 4563 κατὰ
1295 4510 1669 4582 Παλαιστίνην,
1740 4519 1854 4564 Πα-

255 4600 473 4671 τρόᾳιλος
533 4596 947 4664 Σκυθοπόλεως,
1001 4593 1272 4672 Θεόδωρος
1325 4600 1634 4671 Πειρίνθου,
1691 4594 1856 4651 Εὐδό-

253 4687 351 4752 ξιος
404 4693 812 4767 Γερμανικείας,
876 4688 1129 4748 Διαύσιος
1187 4692 1503 4762 Καισαρείας
1559 4683 1854 4742 Καππαδο-

249 4783 376 4845 κίας,
427 4786 515 4834 καὶ
575 4784 845 4854 Γεώργιος
905 4771 1222 4838 Λαοδικείας
1275 4786 1370 4840 τῆς
1427 4779 1572 4851 παρὰ
1625 4779 1852 4850 Σύρουςο

252 4870 474 4944 Ηάξιμος
527 4867 588 4925 δὲ
640 4870 667 4923 ὁ
721 4868 866 4942 μετά
911 4866 1185 4939 Μακάριόν
1229 4865 1595 4942 Ἰεροσολύμων
1647 4865 1856 4920 ἐπίσκο-

248 4979 330 5025 πος
372 4969 592 5036 γεγονὼς
622 4953 894 5019 ἐπίτηδες
939 4955 1197 5029 ἁπο-φυγε
1238 4960 1433 5016 ταύτην
1470 4961 1564 5015 τὴν
1612 4953 1853 5027 σύνοδον,

246 5053 628 5130 μεταμελόμενος
686 5050 898 5105 καθότι
958 5043 1248 5109 ἀπατηθεὶς
1309 5045 1504 5118 ἐγένετο
1573 5046 1855 5120 σύμψηφος

242 5151 327 5207 τοῖς
377 5146 693 5202 Ἀθανάσιον
768 5135 1102 5192 καθελοῦσιν
1153 5138 1201 5188 ἓν
1255 5137 1426 5211 Τύρῳ.
1487 5135 1608 5189 ’Υπό
1660 5138 1855 5188 τούτων

232 5231 303 5288 οὖν
344 5247 438 5293 τῶν
480 5238 534 5293 ἐν
587 5229 937 5304 Ἀντιοχείᾳ
980 5223 1394 5282 συνεληλυθότων
1442 5227 1570 5299 πρὸς
1617 5233 1680 5298 τῇ
1736 5222 1855 5278 δια-

224 5340 390 5408 σζσςνξῆ
434 5339 528 5387 τοῦ
590 5325 910 5399 δόγματος
956 5312 1275 5368 Ἀθανασίου
1323 5313 1856 5386 καταψηφισαμένων,

208 5366 1006 5501 πρἑὲθῖηπᾊλεὲἓνὸρειας
1063 5404 1338 5466 ἐπίσκοπος
1401 5402 1649 5467 Εὐσέϐιος
1714 5404 1740 5457 ὁ
1807 5400 1860 5465 ἐξ

2037 4333 2088 4386 8.
2133 4328 2442 4386 Ducebant
2493 4333 2694 4385 autem
2748 4328 2907 4386 hanc
2971 4330 3278 4402 synodum
3326 4333 3617 4391 Eusebius

1965 4417 2664 4490 Constantinopolitanus
2716 4419 2824 4491 qui
2887 4418 3235 4477 Nicomedia
3293 4423 3618 4480 translatus

1962 4507 2177 4572 fuerat,
2206 4506 2455 4564 Aeacius
2482 4508 2764 4564 Caesareae
2802 4507 2862 4563 in
2894 4508 3211 4578 Palestina,
3242 4511 3619 4584 Patrophilus

1968 4596 2368 4670 Scythopolis,
2411 4595 2754 4653 Theodorus
2797 4596 3075 4670 Perinthi,
3124 4598 3429 4656 Eudoxius
3482 4603 3618 4658 Ger-

1963 4685 2262 4755 maniciae,
2324 4685 2598 4741 Diausius
2654 4688 2940 4743 Caesareae
2992 4687 3053 4742 in
3107 4687 3510 4760 Cappadocia,
3561 4694 3619 4748 et

1965 4773 2253 4845 Georgius
2278 4773 2587 4830 Laodiceae
2615 4775 2778 4847 apud
2803 4777 3009 4847 Syros.
3038 4777 3329 4832 Maximus
3349 4778 3455 4850 qui
3480 4784 3620 4851 post

1964 4864 2283 4924 Macarium
2314 4863 2744 4935 Hierosolymae
2776 4864 3098 4937 episcopus
3147 4864 3340 4922 factus
3370 4872 3518 4939 erat,
3545 4869 3619 4927 de

1962 4953 2259 5012 industria
2291 4953 2596 5025 synodum
2638 4953 2963 5020 vitaverat;
2995 4970 3134 5010 eum
3161 4955 3324 5012 enim
3364 4957 3621 5028 poenite-

1964 5044 2070 5101 bat
2099 5043 2263 5116 quod
2294 5042 2580 5114 deceptus
2613 5041 2969 5111 suffragium
3000 5043 3231 5100 tulisset
3259 5060 3398 5100 cum
3424 5045 3494 5101 iis
3515 5045 3622 5118 qui

1963 5133 2096 5206 Tyri
2138 5130 2534 5188 Anathasium
2577 5130 3011 5202 deposuerant.
3041 5131 3130 5186 Ab
3174 5131 3246 5187 iis
3290 5134 3396 5205 qui
3442 5134 3623 5204 igitur

1965 5222 2291 5280 Antiochiae
2314 5221 2830 5278 conversabantur
2855 5225 2908 5277 et
2930 5225 3146 5293 praeter
3171 5221 3473 5291 dogmatis
3493 5240 3623 5296 per-

1963 5312 2303 5370 versioncm
2351 5310 2744 5367 Athanasium
2785 5310 3364 5381 condemnaverant,
3401 5311 3622 5368 electus

1965 5405 2058 5459 est
2121 5398 2499 5459 Alexandriae
2568 5399 2890 5474 episcopus
2958 5398 3288 5468 Eusebius,
3356 5399 3620 5467 Edessa,
