4106 6296
223 193 274 248 t1
1623 197 1972 258 THESAURI
2000 197 2138 257 LIB.
2167 200 2239 255 VI
3542 201 3609 259 18

295 317 377 376 ιοέ.
441 319 534 375 Ἐν
581 320 769 394 τούτῳ
828 318 891 377 δὲ
924 325 1016 382 τὴν
1067 321 1290 398 Ῥώμην,
1349 325 1420 389 ὡς
1478 326 1685 400 ἔφαμεν,
1750 345 1853 378 κα·
1885 327 1932 381 Α

248 408 424 464 Mox
478 410 823 473 ’Δθανάσιος
882 417 971 466 καὶ
1024 413 1245 482 Παῦλος,
1294 414 1425 468 άλλά
1473 421 1568 470 καὶ
1616 414 1837 489 Μάρκελ-

255 500 324 564 λος
370 502 396 554 6
450 501 751 575 ’Δγκύρας,
814 507 909 555 καὶ
975 502 1275 567 Ἀσκληπᾶς
1335 507 1361 558 6
1422 507 1635 574 Γάζης,
1693 507 1749 558 ὃν
1802 506 1852 558 οἰ

262 591 512 665 Ἀριιανοὶ,
581 588 936 655 διαϐαλόντες
989 594 1058 654 ὡς
1117 595 1498 671 θυσιαστήριον
1552 597 1849 669 καταστρέ-

256 679 427 751 ψαντα,
472 679 739 749 καθεῖλον,
794 685 890 733 καὶ
931 679 1037 735 ἀντ’
1094 682 1253 736 αὐτοῦ
1308 687 1581 738 Κεντιανόν
1637 684 1849 757 ἐχειρο-

256 774 461 828 τόνησαν
493 787 507 800 ·
576 773 715 844 πρὸς
767 765 830 822 δὲ
886 774 980 824 καὶ
1024 774 1250 836 Λούκιος
1295 774 1322 826 ὁ
1374 769 1848 849 Ἀὃριανουπόλεως

253 856 322 911 ἔπ’
359 858 500 931 ἄλλῳ
557 863 664 911 τινὶ
715 862 1124 933 κατηγορηθείς.
1154 860 1214 914 '0
1263 857 1323 915 δὲ
1378 861 1577 936 Ῥώμης
1637 860 1847 914 ἐπίσκο-

253 966 340 1010 πος
373 946 605 1017 Ἰούλιος,
657 948 1009 1021 ὁμονοοῦντας
1057 951 1267 1012 τούτους
1325 951 1486 1026 εὑρὼν
1536 958 1601 1024 τῇ
1653 948 1701 1003 ἐν
1742 956 1847 1003 Νι-

249 1041 370 1109 καίᾳ
423 1034 653 1108 συνόδῷ,
723 1037 796 1098 εἰς
858 1042 1125 1091 κοινωνίαν
1188 1045 1516 1116 προσήκατο,
1588 1044 1678 1092 καὶ
1738 1045 1848 1101 τοῖς

245 1124 339 1178 ἀνά
378 1130 474 1184 τήν
511 1125 613 1180 Ἕω
659 1131 825 1180 πᾶσιν
896 1125 1202 1190 ἐπισκόποις
1266 1128 1490 1202 ἔγραψεν
1553 1125 1845 1181 ἀποδοῦναι

238 1218 327 1285 μέν
374 1216 561 1275 αὐτοῖς
624 1217 742 1276 τοὺς
810 1211 980 1277 ἰδίους
1045 1218 1278 1289 θρόνους,
1346 1216 1553 1289 πέμψαι
1610 1213 1670 1270 δέ
1704 1237 1844 1279 τινας

238 1302 306 1365 εἰς
350 1304 525 1378 ῥητήν
587 1305 786 1379 ἡμέραν
842 1308 963 1366 τοὺς
1023 1302 1316 1378 ἕλέγξοντας
1374 1307 1565 1368 αύτούς
1619 1302 1844 1369 δικαίως

233 1390 664 1466 ἐκϐεϐλημένους.
729 1396 947 1455 Τούτοις
1009 1394 1359 1470 θαρρήσάντες
1421 1402 1532 1457 τοῖς
1592 1397 1840 1470 γράμμα-

232 1501 312 1534 σιν
378 1485 429 1535 οἱ
493 1481 630 1558 ἀμφὶ
684 1485 773 1536 τὸν
822 1482 1154 1553 Ἀθανάσιον,
1219 1486 1439 1548 ἕκαστος
1498 1487 1586 1538 τὸν
1653 1484 1840 1537 ἑαυτοῦ

226 1568 484 1624 κατέλαϐε
543 1572 743 1644 θρόνον.
804 1572 872 1624 Οἱ
939 1568 998 1624 δὲ
1052 1574 1142 1634 τὰς
1197 1571 1476 1636 ἐπιστολὰς
1545 1569 1835 1646 δεξάμενοι,

2036 327 2118 379 ii.
2153 326 2381 383 Interea
2409 328 2613 384 autem
2664 326 2940 395 Romam,
2985 327 3052 383 ut
3105 323 3388 393 diximus,
3431 339 3610 382 vene-

1959 418 2097 470 rant
2112 414 2478 472 Athanasius
2495 421 2552 474 et
2565 415 2925 488 Paulus,sed
2941 418 2999 472 et
3012 414 3317 473 Marcellus
3333 418 3608 488 Ancyrae,

1959 507 2017 561 et
2041 503 2349 577 Asclepius
2378 507 2545 562 Gazae
2573 521 2757 579 quem
2781 505 2984 561 Ariani
3013 505 3442 577 deposuerant,
3459 504 3609 562 falso

1958 608 2100 649 eum
2138 593 2525 653 criminantes
2566 595 2733 668 quod
2762 610 2932 652 aram
2963 594 3283 665 evertisset,
3329 598 3389 651 et
3434 593 3609 665 cujus

1954 680 2089 739 loco
2120 683 2471 740 Centianum
2500 684 2959 755 ordin‘averant;
2995 699 3067 740 ac
3094 688 3310 757 praeter
3341 682 3472 739 illos
3504 684 3611 739 Lu-

1955 773 2084 830 cius
2112 772 2533 847 Adrianopolis
2576 775 2695 832 alio
2738 775 2985 831 crimine
3021 778 3362 832 accusatus.
3402 776 3607 830 Romae

1953 876 2096 917 vero
2137 862 2455 935 episcopus
2485 862 2675 918 Julius
2719 878 2822 918 eos
2864 861 3007 917 ﬁdei
3048 862 3303 918 Nicaeum
3352 876 3607 917 consen-

1954 950 2167 1006 tientes
2192 950 2505 1007 inveniens
2529 951 2590 1009 in
2613 967 2790 1008 suam
2821 943 3315 1008 communionem
3336 951 3601 1021 admisit,

1954 1042 2135 1111 atque
2173 1039 2458 1095 omnibus
2516 1041 2768 1097 Orientis
2806 1040 3105 1113 episcopis
3144 1039 3382 1111 scripsit
3417 1043 3483 1095 ut
3530 1041 3603 1097 iis

1951 1128 2228 1201 proprias
2258 1128 2432 1185 sedes
2459 1130 2793 1201 redderent,
2825 1130 3247 1202 mitterentque
3296 1129 3457 1185 dicta
3504 1129 3603 1187 die

1950 1217 2174 1291 quieos
2200 1217 2531 1289 probarent
2549 1219 2708 1290 juste
2740 1219 3049 1291 depositos
3080 1233 3232 1274 esse.
3268 1218 3367 1273 His
3392 1217 3601 1275 litteris

1951 1304 2325 1362 confidentes
2353 1307 2667 1363 Athanasii
2697 1307 2962 1365 fautores
2996 1310 3352 1380 receperunt
3380 1305 3601 1391 singuli

1947 1395 2227 1469 proprias
2258 1395 2453 1452 sedes.
2496 1395 2605 1457 Qui
2629 1400 2835 1452 autem
2872 1395 2981 1453 has
3023 1396 3247 1451 litteras
3290 1409 3597 1467 accepere,

1948 1499 2105 1554 aegre
2130 1485 2420 1552 tulerunt;
2450 1485 2993 1558 convenientesque
3014 1484 3413 1551 Antiochiam,
3443 1484 3596 1540 Julio

1945 1573 2394 1646 responderunt
2432 1589 2556 1631 non
2609 1579 2885 1647 oportere
2926 1574 3005 1631 ab
3034 1574 3134 1630 illo
3174 1572 3298 1643 regi
3346 1573 3596 1630 Orientis

222 1658 477 1731 χαλεπῶς
522 1663 748 1732 ἤνεγκαν
779 1675 792 1688 ·
848 1665 941 1714 καὶ
997 1660 1340 1734 συλλεγέντες,
1382 1663 1449 1724 εἰς
1485 1662 1833 1734 Ἀντιόχειαν,

1949 1661 2289 1735 episcopos,
2322 1663 2370 1717 si
2402 1678 2558 1735 quos
2590 1679 2664 1718 ex
2700 1663 2963 1720 ecclesiis
3006 1663 3227 1719 vellent
3253 1661 3548 1735 expellere
3576 1680 3590 1731 ;

225 1749 430 1821 Ἰουλίῳ
496 1753 593 1822 μὲν
670 1747 1002 1824 ἀντέγραψαν
1068 1753 1132 1812 ὡς
1198 1751 1258 1804 ού
1323 1748 1408 1804 δεῖ
1466 1752 1837 1813 κανονίζεσθαι

223 1838 352 1911 παρ’
381 1837 553 1890 αὑτοῦ
600 1841 724 1900 τοὺς
762 1847 855 1900 τῆς
903 1839 1174 1903 ’Δνοτολῆς
1231 1839 1566 1909 ἐπισκόπους,
1610 1841 1654 1894 εἰ
1705 1839 1839 1914 βού-

223 1927 396 1980 λοιντό
457 1945 610 1990 τινας
676 1925 956 1991 ἐξελαύνειν
1031 1937 1129 1981 τῶν
1185 1928 1504 2001 ἐκκλησιῶν,
1560 1932 1641 1983 ὅτι
1697 1926 1838 2002 μηδὲ

223 2019 275 2069 οἱ
314 2025 415 2080 τῆς
453 2016 744 2080 Ἀνατολῆς
768 2018 1023 2089 ἀντεῖπον,
1059 2020 1141 2072 ὅτε
1190 2021 1429 2073 Ναυάτον
1491 2019 1749 2083 ἐξήλασαν
1789 2021 1838 2073 οἱ

223 2114 317 2167 τῆς
407 2110 643 2168 Δύσεως.
732 2109 1093 2182 Κωνστάντιον
1169 2105 1229 2161 δὲ
1288 2114 1629 2185 παρώτρυναν
1702 2110 1839 2162 κατά

222 2196 549 2249 ’Δθανασίου
589 2200 683 2249 καὶ
749 2196 962 2249 Παύλου
994 2218 1007 2230 ·
1061 2201 1150 2250 καὶ
1202 2196 1258 2260 ὃς
1311 2197 1533 2273 ἔγραψεν
1573 2196 1663 2251 ἀπ’
1727 2196 1836 2251 Ἀν-

220 2290 461 2358 τιοχείας
513 2293 592 2357 τῷ
657 2284 881 2360 ἐπάρχῳ
942 2289 1529 2352 Κωνσταντινουπόλεως
1597 2286 1835 2359 Φιλίππῳ

222 2374 429 2427 Παῦλον
494 2378 593 2447 μὲν
668 2374 909 2438 ἐξελάσαι
966 2383 1029 2435 τῆ
1041 2397 1062 2439 ς
1127 2376 1320 2438 πόλεως
1393 2375 1701 2450 Μακεδονίῳ
1777 2373 1839 2431 δὲ

218 2461 565 2534 παραδοῦναι
602 2469 701 2523 τὴν
766 2463 1051 2523 ἐκκλησίαν
1078 2482 1090 2496 ’
1132 2468 1159 2517 ό
1216 2469 1306 2539 μὲν
1372 2463 1459 2520 οὖν
1510 2466 1707 2527 Παῦλος
1757 2465 1837 2518 εύ-

218 2555 314 2615 θύς
352 2552 627 2617 ὶξηλαθη·
686 2554 941 2617 Φίλιππος
974 2550 1023 2607 δ’
1080 2553 1162 2609 ἐπὶ
1209 2560 1302 2614 τὴν
1355 2555 1637 2614 ἐκκλησίαν
1691 2559 1838 2613 ἠπεί-

214 2661 357 2715 ⁴γετό,
422 2644 709 2718 σύνθρονον
748 2643 835 2696 ἐπὶ
887 2650 984 2696 τοῦ
1033 2643 1303 2718 ὀχήματος
1370 2647 1505 2717 ἔχων
1551 2647 1637 2697 τὸν
1666 2651 1838 2697 Μακε-

218 2727 395 2785 δόνιον
424 2753 442 2765 ’
475 2738 763 2806 παρείπετο
796 2729 857 2785 δὲ
902 2735 1105 2795 τούτοῖς
1154 2739 1244 2787 καὶ
1301 2739 1420 2807 χεὶρ
1480 2736 1832 2808 στρατιωτικὴ

218 2819 453 2895 ξιφήρης
507 2840 523 2854 ⁸
595 2820 828 2882 πλήθους
887 2818 949 2876 δὲ
1014 2821 1200 2876 πολλοῦ
1255 2827 1524 2896 παρόντος,
1597 2826 1688 2875 καὶ
1765 2828 1836 2892 τῷ

217 2908 444 2985 ἐπάρχῳ
474 2915 573 2963 καὶ
627 2919 703 2984 τῷ
758 2908 1074 2984 Μακεδονίῳ
1129 2909 1368 2987 παρόδου
1406 2917 1477 2986 μὴ
1536 2914 1833 2984 γινομένης,

1946 1752 2089 1825 quia
2118 1768 2316 1825 neque
2380 1753 2630 1810 Orientis
2667 1753 2935 1826 episcopi
2969 1753 3308 1821 restiterint,
3345 1752 3594 1826 quando

1944 1844 2239 1897 Novatum
2251 1841 2530 1914 expulere
2546 1842 2882 1899 Occidentis
2892 1842 3173 1915 episcopi.
3184 1841 3594 1899 Constantium

1945 1934 2147 1986 autem
2202 1931 2612 1987 excitaverunt
2650 1931 2714 1987 in
2753 1932 3153 1989 Athanasium
3202 1936 3258 1988 et
3293 1930 3588 1999 Paulum;

1944 2020 2119 2093 isque
2158 2020 2479 2077 Antiochia
2503 2021 2744 2095 scripsit
2768 2023 2848 2078 ad
2877 2020 3428 2094 Constantinopolis
3448 2037 3591 2092 prm-

1943 2109 2167 2166 fectum
2196 2109 2561 2183 Philippum,
2611 2114 2679 2167 ut
2709 2109 2964 2166 Paulum
3018 2110 3265 2183 quidem
3322 2125 3393 2165 ex
3440 2109 3590 2167 urbe

1943 2198 2208 2271 pelleret,
2265 2199 2621 2257 Macedonio
2677 2204 2880 2258 autem
2934 2200 3194 2257 traderet
3246 2198 3590 2256 ecclesiam.

1949 2288 2163 2346 Paulus
2204 2288 2386 2360 igitur
2410 2289 2613 2348 statim
2641 2290 2930 2364 expulsus
2958 2293 3063 2346 est.
3096 2288 3405 2362 Philippus
3447 2304 3591 2346 vero

1943 2375 2025 2433 ad
2054 2377 2367 2434 ecclesiam
2395 2385 2633 2435 evectus
2672 2384 2780 2443 est,
2832 2378 3260 2436 consedentem
3304 2378 3367 2434 in
3411 2393 3592 2435 curru

1943 2466 2356 2534 Macedonium
2401 2468 2671 2536 habens;
2723 2484 2877 2542 quos
2909 2468 3272 2541 sequebatur
3312 2467 3587 2524 militaris

1944 2571 2164 2612 manus
2192 2557 2406 2626 gladiis
2424 2563 2678 2614 armata.
2710 2548 2859 2615 Cum
2890 2562 3094 2614 autem
3115 2557 3328 2627 ingens
3350 2557 3592 2614 adesset

1943 2645 2264 2703 multitudo
2292 2662 2490 2720 neque
2520 2647 2803 2721 praefecto
2833 2652 2892 2704 et
2919 2647 3270 2705 Macedonio
3297 2647 3407 2704 iter
3442 2663 3592 2720 pree-

1941 2733 2176 2796 berent.
2198 2734 2581 2791 crediderunt
2601 2736 2820 2792 milites
2832 2735 2983 2792 velle
3010 2735 3254 2792 turbam
3283 2735 3589 2804 resistere;

1943 2822 2290 2896 multosque
2316 2823 2533 2894 gladiis
2564 2824 3007 2893 interfecerunt,
3051 2824 3221 2882 multi
3252 2828 3455 2881 autem
3495 2824 3596 2881 alii

1943 2912 2022 2969 ab
2054 2911 2183 2968 aliis
2226 2914 2561 2971 conculcati
2600 2918 2759 2971 sunt.
2789 2914 2998 2974 Mortui
3049 2918 3209 2982 sunt,
3241 2918 3309 2969 ut
3353 2914 3593 2979 dicitur,

218 2999 478 3053 νει-ἔλαϐον
529 3002 583 3053 οἱ
633 3009 960 3073 στρατιῶται
1015 3005 1138 3062 τοὺς
1183 3001 1378 3074 ὄχλους
1433 3000 1786 3054 ἀνθίστασθαι
1817 3015 1831 3028 ⁶

1949 3000 2121 3074 quasi
2164 3002 2279 3059 tria
2327 3002 2514 3059 millia
2553 3008 2796 3059 centum
2845 3008 2902 3059 et
2951 3001 3413 3097 quinquaginta.
3472 3002 3597 3058 Tali

217 3094 310 3141 καὶ
353 3089 544 3142 λοιπόν
598 3088 823 3151 πολλοὺς
858 3091 951 3163 μὶν
1009 3090 1155 3143 αὐτοὶ
1205 3099 1311 3152 τοῖς
1363 3090 1564 3164 ξίφεσιν
1619 3088 1834 3155 ἀνεῖλον,

215 3176 399 3231 πολλοὶ
457 3174 521 3231 δὲ
593 3182 684 3231 καὶ
755 3179 844 3231 ὑπ’
911 3177 1140 3237 ἀλλήλων
1194 3181 1629 3238 συνεπατήθησαν
1678 3199 1692 3211 ·
1747 3180 1838 3229 καὶ

1944 3089 2124 3160 igitur
2153 3106 2445 3146 successu
2473 3090 2856 3147 Macedonius
2894 3106 2931 3147 a
2970 3087 3254 3162 praefecto
3281 3088 3344 3145 in
3369 3088 3598 3162 episco-

1945 3177 2067 3251 pali
2096 3179 2237 3235 sede
2266 3179 2624 3235 constitutus
2653 3182 2757 3235 est.

216 3266 500 3338 ἀπέθανον,
548 3270 624 3331 ὡς
667 3268 896 3342 λέγεται,
949 3275 1069 3343 περὶ
1125 3275 1248 3332 τοὺς
1306 3270 1487 3324 ἑκατὸν
1542 3275 1633 3322 καὶ
1682 3273 2002 3333 πεντήκοντα
2055 3272 2146 3321 καὶ
2200 3267 2557 3341 τρισχιλίους.
2610 3267 2728 3321 Ἐπὶ
2793 3268 3048 3330 τοιούτοις
3111 3271 3202 3342 μὶν
3256 3267 3344 3322 οὖν
3411 3288 3597 3342 κατορ-

222 3356 435 3427 θώμασι
464 3353 799 3419 Μακεδόνιος
819 3360 967 3433 παρὰ
990 3364 1086 3410 τοῦ
1106 3357 1345 3433 ἐπάρχου
1376 3358 1728 3433 ἐνεθρονίσθη.

297 3444 401 3517 ιβ’.
477 3445 793 3508 Ἀθανάσιος
858 3442 1069 3505 δὲτὴν
1135 3446 1411 3506 ἐπιϐουλὴν
1473 3449 1836 3500 Κωνσταντίου

225 3527 431 3601 δείσας,
476 3537 685 3607 θανάτῳ
723 3538 827 3610 γὰρ
899 3539 1120 3609 ζημιοῦν
1183 3536 1338 3589 αὐτόν
1394 3537 1693 3603 ἠπείλησεν,
1766 3535 1839 3598 εἰς

222 3627 319 3681 τὶν
365 3624 572 3697 Ῥώμην
618 3623 869 3697 ἀφίκετο·
936 3630 1027 3678 καὶ
1085 3625 1282 3686 Παῦλος
1339 3626 1409 3688 εἰς
1466 3630 1560 3685 τὴν
1627 3634 1837 3679 Θεσσα-

224 3710 434 3770 λονίκην
488 3715 822 3785 ἀπενεχθεὶς,
893 3715 1007 3767 ὅθεν
1058 3719 1147 3767 καὶ
1195 3717 1315 3777 τοὺς
1372 3718 1652 3788 προγόνους
1695 3716 1837 3786 ἔχειν

224 3796 447 3872 ἶλίγετο,
502 3806 596 3854 καὶ
633 3807 724 3860 τὴν
902 3800 1006 3855 Ἐω
1062 3806 1264 3875 φεύγειν
1312 3802 1626 3876 ἐπιτραπεὶς,
1670 3802 1836 3854 Ἰλλυ-

224 3898 376 3960 pati;
434 3886 499 3943 δε
538 3896 632 3943 καὶ
669 3898 768 3954 τῆς
815 3891 1050 3944 ἐπέκεινα
1093 3900 1195 3964 γῆς
1236 3891 1514 3945 ἐπιϐαίνειν
1566 3891 1625 3944 ού
1674 3891 1837 3944 κωλυ-

230 3980 353 4045 θεὶς,
412 3982 658 4053 ἀπαίρειν
699 3980 770 4044 εἰς
822 3983 1072 4054 Κόρινθον
1121 3985 1538 4057 προεφασίσατο,
1588 3986 1678 4033 καὶ
1741 3984 1836 4038 τὴν

225 4064 425 4139 Ῥώμην
487 4068 766 4141 κατείληφε
832 4073 925 4121 καὶ
991 4068 1146 4130 αύτός
1170 4111 1182 4124 .
1239 4066 1684 4132 Ἀναδιδάξαντος
1746 4065 1834 4121 οὖν

234 4154 447 4208 Ἰουλίου
518 4160 607 4209 τὸν
675 4156 907 4231 βασιλέα
963 4163 1276 4211 Κώνσταντα
1343 4161 1409 4210 τὰ
1470 4164 1588 4231 περὶ
1644 4158 1832 4226 αὐτῶν,

233 4244 452 4316 ἔγραψεν
520 4244 714 4307 ἐκεῖνος
786 4254 860 4317 τῷ
928 4243 1141 4318 βασιλεῖ
1218 4251 1562 4319 Κωνσταντίῳ
1630 4246 1836 4319 πέμψαι

234 4337 372 4397 τινὰς
435 4343 539 4387 τῶν
616 4333 920 4387 ἕπισκόπων
998 4333 1486 4409 ἀπολογησομένους
1553 4341 1673 4412 περὶ
1743 4344 1836 4397 τῆς

237 4428 424 4476 τούτων
491 4427 866 4499 καθαιρέσεως.
929 4426 1301 4499 Ἐπέμφθησάν
1378 4423 1465 4479 οὖν
1526 4429 1837 4501 Νάρκισσος

237 4513 679 4585 Εἰρηιουπόλεως,
742 4512 1017 4588 Θεόδωρος
1094 4518 1121 4568 6
1194 4515 1517 4592 Ἡρακλείας,
1578 4519 1752 4590 Μάρις
1807 4520 1833 4569 ὁ

240 4602 589 4674 Χαλκηδόνος,
645 4608 735 4656 καὶ
781 4606 1046 4679 Μάρκοςὸ
1091 4603 1455 4680 Ἃρεθούσης·
1509 4607 1559 4659 οἰ
1604 4610 1698 4663 τήν
1744 4608 1834 4678 μὲν

236 4687 281 4741 ἓν
334 4692 635 4766 ’Δντιοχείᾳ
705 4693 837 4768 παρ’
913 4696 1083 4745 αὐτῶν
1160 4693 1453 4747 ἐκτεθεῖσαν
1528 4693 1834 4769 ἀπέκρυψαν

236 4785 419 4851 πίστιν,
462 4784 645 4857 ἑτέραν
686 4779 737 4835 όν
777 4781 1071 4834 ἐκάττυσαν
1115 4780 1427 4856 ἀπάδουσαν
1483 4783 1613 4846 ὅλως
1666 4791 1726 4856 τῇ
1783 4783 1833 4836 ἐν

234 4874 414 4945 δικαία
441 4889 457 4905 ·
501 4878 594 4926 καὶ
647 4874 856 4930 ταύτην
898 4878 973 4941 τῷ
1026 4869 1240 4944 βασιλεῖ
1291 4877 1564 4926 Κὼσταντι
1607 4869 1835 4926 δεδωκό-

237 4976 320 5027 τες,
360 4967 450 5016 καὶ
511 4967 639 5039 περὶ
692 4961 769 5013 ὧν
815 4957 1087 5012 ἐϐούλοντο
1150 4958 1317 5033 μηδὲν
1367 4959 1667 5033 ἀνύσαντες,
1715 4965 1836 5016 ὑπέ-

238 5052 437 5125 σξοιψαν
463 5055 767 5129 ἄπρακτοι.
818 5052 970 5102 Μετά
1016 5045 1075 5101 δε
1124 5057 1298 5123 τριετῆ
1348 5054 1539 5124 χρόνον
1587 5051 1761 5126 ἑτέραν
1787 5052 1836 5104 οἱ

234 5148 311 5203 τῆς
353 5142 447 5198 ἐω
496 5141 874 5205 συντάξαντες
944 5141 1146 5208 πίστιν,
1201 5141 1261 5199 ἦν
1327 5143 1421 5192 καὶ
1469 5145 1836 5214 μακρόστιχον

232 5228 399 5285 Mum
443 5234 772 5308 ὠνόμασαν,
826 5224 1067 5297 ἔπεμψαν
1108 5232 1216 5288 τοῖς
1260 5224 1358 5279 ἀνὰ
1404 5229 1497 5286 τήν
1550 5232 1708 5281 Δύσιν
1759 5225 1834 5281 δι’

223 5320 447 5388 εὗδοξίου
510 5331 616 5379 τοῦ
714 5320 1102 5392 Γερμανικιίας
1169 5322 1260 5369 καὶ
1337 5314 1666 5371 Μακεδονίου
1741 5326 1834 5371 τοῦ

217 5413 579 5488 κερκίς-τίεις,
634 5410 694 5465 ἦν
760 5407 797 5480 ᾖ
869 5407 1082 5477 μνήμην
1136 5408 1225 5479 μὲν
1282 5406 1467 5468 οὐσίας
1512 5407 1608 5460 ούκ
1653 5407 1833 5467 ἐποιή-

210 5522 338 5562 m
374 5514 537 5581 θεοῦ,
591 5492 972 5570 ἀπεκήρυξαν
1022 5490 1080 5547 δὲ
1128 5498 1247 5558 τοὺς
1298 5493 1351 5559 ἐξ
1400 5497 1495 5550 οὐκ
1554 5501 1712 5552 ὄντων
1750 5497 1836 5551 λέ-

2018 3446 2105 3501 12.
2138 3445 2502 3504 Athanasius
2525 3449 2729 3504 autem
2762 3447 3093 3504 Constantii
3124 3447 3374 3504 insidias
3395 3446 3599 3504 formi-

1946 3535 2100 3591 dans
2114 3535 2189 3607 (ei
2202 3535 2360 3591 enim
2376 3541 2633 3593 mortem
2647 3537 2912 3593 minatus
2926 3541 3074 3605 erat)
3092 3540 3344 3593 Romam
3361 3536 3599 3595 abiit.Et

1947 3624 2163 3698 Paulus
2192 3625 2686 3682 Thessalonicam
2734 3625 2988 3697 delatus,
3031 3626 3193 3683 unde
3224 3627 3433 3699 proavi
3481 3625 3596 3682 orti

1945 3713 2321 3785 dicebantur,
2343 3730 2483 3770 cum
2510 3715 2809 3772 Orientem
2847 3715 3227 3788 relinquendi
3246 3715 3595 3787 permissio-

1943 3818 2085 3859 nem
2110 3803 2460 3876 accepisset,
2499 3819 2698 3877 neque
2738 3804 3039 3877 Illyricum
3069 3809 3125 3861 et
3153 3821 3289 3877 quae
3324 3804 3480 3860 ultra
3509 3808 3598 3860 est

1944 3893 2252 3963 regionem
2288 3898 2487 3965 petere
2516 3894 2955 3967 prohiberetur,
2983 3894 3332 3951 Corinthum
3364 3908 3426 3948 se
3455 3908 3594 3965 pro-

1945 3983 2129 4039 ﬁcisci
2170 3985 2505 4051 nrmtexuit,
2538 3986 2917 4056 Romamque
2968 3987 3027 4039 et
3065 3984 3194 4056 ipse
3227 3982 3413 4040 venit.
3446 3984 3594 4041 Cum

1947 4077 2147 4128 autem
2169 4072 2356 4129 Julius
2391 4073 2724 4129 monuisset
2745 4073 3171 4145 imperatorem
3201 4076 3593 4131 Constantem

1943 4161 2018 4218 de
2048 4178 2257 4218 eorum
2285 4161 2648 4233 conditione,
2675 4163 2910 4236 scripsit
2936 4162 3032 4219 ille
3061 4164 3141 4220 ad
3165 4164 3592 4237 imperatorem

1945 4249 2362 4307 Constantium
2393 4255 2460 4307 ut
2484 4252 2808 4324 episcopos
2841 4253 3095 4310 mitteret
3123 4254 3228 4325 qui
3254 4268 3465 4309 eorum
3490 4252 3592 4308 de-

1943 4338 2307 4411 positionem
2337 4340 2742 4397 defenderent.
2771 4341 2933 4397 Missi
2978 4347 3117 4398 sunt
3143 4342 3322 4411 igitur
3352 4342 3590 4398 Narcis-

1946 4444 2049 4483 sus
2072 4428 2423 4499 Irenopolis,
2439 4430 2786 4486 Theodorus
2815 4430 3129 4497 Heracleae,
3152 4430 3323 4487 Maris
3346 4430 3588 4489 Chalce-

1942 4518 2118 4575 donis
2148 4522 2206 4574 et
2233 4521 2461 4575 Marcus
2498 4522 2844 4588 Arethusae;
2877 4521 2982 4592 qui
3011 4521 3258 4595 quidem
3305 4537 3341 4577 a
3375 4521 3588 4594 seipsis

1945 4607 2267 4664 Antiochiae
2287 4609 2625 4680 expositam
2638 4610 2821 4666 ﬁdem
2833 4609 3179 4679 celavere,al
3188 4614 3371 4666 teram
3385 4614 3590 4667 autem

1943 4701 2290 4752 struxerunt
2303 4698 2553 4755 omnino
2582 4699 2834 4755 Nicaente
2849 4702 3589 4773 repugnantem.Eamque

1943 4791 2268 4858 postquam
2312 4787 2660 4859 imperatori
2704 4788 3007 4845 Constanti
3060 4789 3357 4845 tradidere
3390 4804 3590 4862 neque

1943 4875 2280 4947 quidquam
2298 4889 2507 4931 eorum
2520 4892 2655 4948 quae
2668 4875 2946 4933 volebant
2956 4877 3594 4949 perfecissent,reversi

1945 4969 2085 5021 sunt
2113 4963 2263 5020 nihil
2282 4965 2532 5036 operati.
2556 4967 2697 5022 Post
2733 4970 2935 5023 autem
2965 4970 3081 5023 tres
3112 4968 3591 5038 annos,0rientis

1944 5052 2214 5125 episcopi
2251 5051 2501 5109 alteram
2531 5059 3005 5127 composuerunt
3034 5055 3221 5111 ﬁdem
3264 5071 3452 5128 quam
3493 5077 3591 5129 μα·-

1944 5147 2232 5216 κρὸστιχον
2263 5144 2461 5195 ἔκθεσιν
2506 5143 2694 5216 (longi
2723 5145 2953 5201 ordinis
2982 5145 3445 5219 expositionem)
3484 5162 3592 5202 no-

1944 5232 2273 5299 minavere,
2299 5247 2556 5304 eamque
2576 5234 2654 5289 ad
2676 5233 3012 5291 Occidentis
3037 5235 3358 5307 episcopos
3377 5234 3591 5290 misere

1945 5336 2051 5393 per
2080 5320 2418 5377 Eudoxium
2448 5323 2836 5379 Germaniciae
2888 5329 2944 5379 et
2984 5324 3395 5381 Macedonium
3436 5327 3593 5393 Mop-

1946 5410 2200 5477 suestiae;
2214 5410 2278 5465 in
2294 5425 2415 5482 qua
2434 5412 2679 5482 quidem
2693 5411 2924 5469 nullam
2941 5411 3016 5468 de
3029 5412 3129 5468 Dei
3146 5412 3406 5468 essentia
3420 5424 3591 5466 men-

1945 5499 2175 5558 tionem
2205 5498 2529 5568 faciebant,
2573 5501 3182 5559 excommunicabant
3225 5504 3428 5555 autem
3483 5509 3589 5550 eos
