4106 6296
584 289 656 346 49
1937 277 2217 338 NICETZE
2258 275 2592 339 CHONITE
3869 287 3930 347 20

587 415 695 489 qui
725 412 1008 472 dicebant
1029 412 1237 470 Filium
1283 411 1385 471 Dei
1422 427 1555 470 esse
1585 412 1661 469 de
1700 411 1911 476 nihilo,
1951 424 2022 466 ac
2063 406 2244 463 fuisse

2354 425 2546 478 γοντας
2595 409 2684 462 τὸν
2739 409 2856 463 Υίὸν
2894 415 2988 463 τοῦ
3028 412 3174 476 Θεοῦ,
3209 411 3297 461 καὶ
3331 409 3410 461 ὅτι
3459 409 3522 468 ἧν
3565 411 3649 464 ὅτε
3671 411 3764 464 ούκ
3816 411 3872 470 ἦν
3915 434 3928 448 ·

588 511 830 579 tempus
852 504 1102 578 quando
1126 519 1249 561 non
1268 507 1427 572 erat;
1453 507 1742 577 praeterea
1767 506 1824 559 et
1848 499 2244 565 Sabellianos,

592 612 749 669 quos
807 595 1130 651 nominant
1185 594 1439 650 Romani
1498 593 1998 666 Patropassimos,
2040 591 2247 661 utpote

592 689 830 743 Patrem
857 701 992 740 cum
1028 684 1168 740 Filio
1196 687 1254 740 et
1291 682 1510 756 Spiritu
1541 687 1750 739 sancto
1786 678 2244 744 confundentes,

595 779 653 834 et
680 791 844 831 nunc
863 773 1111 847 quidem
1142 789 1282 828 eum
1310 775 1559 844 Patrem,
1603 788 1766 828 nunc
1802 771 2034 840 Filium,
2084 782 2248 824 nunc

599 865 883 938 Spiritum
916 867 1194 919 sanctum
1223 861 1622 934 appellantes.
1654 860 1994 918 Promiscue
2016 857 2174 914 enim
2193 859 2248 913 et

595 954 916 1010 indiscrete
955 955 1226 1008 Romana
1279 950 1488 1021 lingua
1535 951 1752 1008 dicitur
1795 949 2042 1022 passim.
2099 951 2247 1005 Cum

597 1048 802 1100 autem
847 1043 1005 1098 hanc
1066 1039 1254 1095 ﬁdem
1319 1055 1444 1096 non
1521 1040 1892 1115 recepissent
1967 1037 2250 1095 Occiden-

596 1132 766 1204 tales,
794 1131 898 1187 sed
930 1131 1195 1186 dicerent
1223 1129 1336 1185 sibi
1367 1129 1642 1187 sufﬁcere
1673 1130 1913 1186 Nicaena
1937 1128 2246 1198 dogmata,

599 1220 933 1294 scripsitad
971 1220 1216 1276 fratrem
1249 1222 1544 1276 Constans
1575 1220 1687 1276 sibi
1713 1220 1942 1292 justum
1971 1218 2155 1275 videri
2187 1220 2252 1273 ut

596 1309 906 1370 Athanasii
949 1309 1287 1367 fautoribus
1335 1310 1622 1382 propriae".
1649 1309 1822 1366 sedes
1869 1307 2251 1366 restitueren-

596 1405 718 1463 tur.

671 1493 762 1547 13.
831 1487 1130 1555 Quoniam
1184 1491 1389 1544 autem
1444 1486 1593 1544 nihil
1644 1487 1976 1561 perfectum
2032 1487 2246 1556 fuerat,

599 1580 840 1638 duobus
871 1576 1342 1650 imperatoribus
1359 1576 1585 1650 placuit
1601 1577 1922 1634 concilium
1938 1576 2246 1634 Sardicam

599 1668 1018 1728 convocari.Et
1047 1671 1460 1724 convenerunt
1499 1683 1572 1724 ex
1611 1667 1980 1724 Theodoreto
2005 1665 2248 1722 ducenti

2353 500 2483 569 πρὸς
2513 493 2573 551 δὲ
2599 502 2690 551 καὶ
2726 502 2850 561 τοὺς
2891 497 3277 566 Σαϐελλιανούς,
3328 498 3413 560 οὓς
3458 498 3775 572 ὀνομάζουσι
3817 501 3932 555 Ῥω-

2354 593 2502 659 μαῖοι
2547 593 3042 662 πατροπασσίμους,
3104 590 3172 650 ὡς
3229 590 3316 640 τόν
3369 592 3572 661 Πατέρα
3626 595 3934 663 συγχέοντας

2356 676 2424 736 εἰς
2461 679 2580 730 Υἰόν
2618 683 2708 730 καὶ
2750 680 2808 730 τό
2848 685 3073 750 Πνεῦμα,
3109 681 3197 730 καὶ
3240 679 3360 730 ποτε
3401 681 3491 750 μέν
3536 679 3691 731 αὐτόν
3721 684 3931 755 Πατέρα,

2355 768 2478 819 ποτε
2525 763 2584 820 δὲ
2610 769 2749 836 Υἱὸν,
2790 769 2915 821 ποτε
2946 765 3006 821 δὲ
3063 773 3273 839 Πνεῦμα
3328 766 3714 840 ὀνομαζόντας·
3756 771 3931 843 τὸγὰρ

2354 852 2536 928 χύδην
2584 861 2673 909 καὶ
2728 855 3051 933 ἀδιακρίτως
3098 859 3368 930 πάσσιμον
3420 859 3449 916 ἡ
3495 863 3754 931 Ῥωμαῖκὴ
3809 858 3934 930 λέγει

2357 951 2517 1018 φωνή.
2578 949 2782 1006 Ταύτην
2841 944 2901 1000 δὲ
2967 951 3061 1005 τὴν
3118 950 3298 998 πίστιν
3364 949 3436 1018 μὴ
3515 944 3934 1021 παραδεξαμένων

2357 1043 2456 1086 τῶν
2513 1040 2760 1101 Δυτικῶν,
2809 1034 2915 1088 ἀλλ’
2961 1035 3205 1089 εέπόντων
3255 1034 3530 1110 ἀρκεῖσθαι
3585 1043 3694 1098 τοῖς
3750 1039 3798 1089 ἓν
3849 1043 3937 1089 Νι-

2358 1128 2486 1197 καία
2533 1122 2771 1192 δόξασιν,
2824 1125 3018 1199 ἔγραψε
3069 1126 3195 1199 πρός
3241 1128 3328 1178 τόν
3377 1123 3595 1198 ἀδελφὸν
3644 1127 3669 1178 ό
3710 1131 3937 1186 Κώνστας

2360 1213 2514 1277 ἀξιῶν
2561 1212 2886 1276 ἀποδοθῆναι
2923 1222 3028 1278 τοῖς
3074 1219 3192 1290 περὶ
3223 1215 3533 1269 Ἀθανάσιον
3572 1219 3694 1278 τούς
3730 1214 3939 1278 οἰκείους

2361 1305 2588 1379 θρόνους.

2432 1481 2522 1555 ιγ’.
2549 1481 2633 1544 Ὠς
2677 1479 2737 1536 δὲ
2783 1479 2934 1536 οὐδὲν
2987 1481 3167 1542 ἧνῦετο
3207 1482 3376 1551 πλέον,
3432 1479 3580 1548 ἔδοξε
3634 1484 3810 1557 γνὼμη
3849 1491 3942 1536 τῶν

2359 1567 2456 1624 δύο
2514 1570 2772 1646 βασιλέων
2813 1573 3159 1647 ἀθροισθῆναι
3217 1569 3439 1626 σύνοδον
3489 1575 3537 1626 ἓν
3595 1569 3826 1647 Σαρδικῆ
3881 1580 3938 1646 τῇ

2355 1661 2538 1714 πόλει⁶
2580 1668 2670 1715 καὶ
2718 1664 3080 1737 ἠθροίσθησαν
3127 1664 3265 1715 κατά
3319 1665 3410 1735 μὲν
3461 1659 3798 1739 Θεοδώρητον
3836 1681 3943 1715 πεν-

598 1766 656 1817 et
708 1757 1150 1832 quinquaginta
1198 1757 1498 1830 episcopi;
1544 1772 1618 1813 ex
1663 1761 1902 1816 Socrate
1951 1761 2154 1813 autem
2193 1758 2244 1813 et

2356 1756 2582 1811 τήκοντα
2605 1757 2694 1805 καὶ
2738 1749 3006 1806 διακόσιοι
3049 1752 3349 1819 ἐπίσκοποι,
3380 1755 3515 1805 κατὰ
3572 1750 3632 1805 δὲ
3673 1753 3941 1827 Σωκράτην

600 1851 953 1918 Sozomeno,
1007 1863 1078 1903 ex
1135 1845 1609 1903 occidentalibus
1659 1846 1933 1920 partibus
1973 1845 2094 1902 fere
2133 1849 2246 1901 tre-

598 1938 772 2008 centi,
817 1954 886 1992 ex
917 1935 1308 1993 orientalibus
1341 1939 1543 1991 autem
1576 1952 1681 1992 sex
1724 1939 1782 1992 et
1818 1935 2203 2008 septuaginta
2231 1952 2244 2004 ;

596 2043 860 2100 quorum
915 2027 977 2082 in
1011 2041 1265 2082 numero
1295 2028 1466 2082 erant
1503 2025 1782 2092 Sabinus,
1841 2024 2133 2081 Heracleae
2185 2024 2246 2080 in

594 2117 841 2174 Thracia
889 2115 1461 2172 Macedonianorum
1499 2115 1843 2188 episcopus,
1882 2118 1940 2170 et
1975 2114 2247 2186 Ischyras

594 2206 1003 2280 quiMareotiaa
1017 2206 1438 2278 episcopatum
1465 2204 1543 2261 ab
1564 2204 1875 2262 Athanasii
1891 2204 2247 2260 adversariis

594 2294 1346 2368 acceperat.Occidentales
1361 2293 1607 2367 quidem
1625 2293 1933 2350 Sardicam
1955 2308 2247 2349 convene-

592 2388 754 2454 runt,
779 2383 1096 2441 orientales
1131 2398 1294 2448 vero,
1329 2399 1469 2438 cum
1525 2382 1987 2455 Philippopolim
2043 2397 2247 2455 perve-

593 2477 846 2539 nissent,
875 2473 946 2528 iis
974 2478 1186 2529 notum
1233 2471 1502 2529 fecerunt
1550 2488 1612 2528 se
1641 2487 1782 2528 cum
1833 2471 1904 2527 iis
1948 2487 2071 2528 non
2097 2470 2246 2528 velle

597 2563 888 2636 colloqui,
917 2562 1032 2617 nisi
1062 2578 1099 2618 a
1129 2562 1401 2618 sessione
1438 2565 1495 2618 et
1538 2561 1968 2618 communione
2007 2560 2246 2633 expule-

589 2652 710 2709 rint
738 2650 1047 2708 Athanasii
1073 2649 1338 2706 fautores
1368 2654 1434 2706 ut
1459 2649 1786 2722 depositus.
1810 2649 1924 2705 Illis
1951 2653 2153 2706 autem
2183 2648 2246 2705 id

589 2757 715 2800 non
747 2740 1100 2812 ferentibus,
1135 2740 1173 2796 ii
1201 2739 1521 2796 concilium
1550 2739 1818 2796 habuere
1849 2741 1910 2795 in
1935 2739 2068 2812 ipsa
2096 2738 2244 2796 urbe

589 2829 1016 2903 Philippopoli,
1068 2833 1125 2886 et
1169 2829 1599 2902 deposuerunt,
1630 2845 1741 2901 pro
1783 2828 1971 2895 libito,
2019 2828 2244 2885 Julium

589 2923 952 2986 Romanum,
977 2935 1048 2974 eo
1069 2918 1237 2992 quod
1261 2918 1492 2991 primus
1524 2935 1662 2975 cum
1682 2918 2008 2976 Athanasio
2039 2923 2094 2974 et
2114 2919 2244 2989 ejus

586 3009 927 3067 fautoribus
957 3007 1485 3078 communicasset,
1517 3007 1763 3064 Hosium
1792 3007 2242 3064 Cordubensem

2355 1845 2444 1894 καὶ
2500 1842 2790 1914 Σωζόμενον
2844 1841 2898 1893 ἐκ
2948 1844 3037 1914 μὲν
3107 1849 3205 1894 τῶν
3273 1841 3521 1915 ἐσπερίων
3592 1851 3760 1917 μερῶν
3832 1843 3944 1915 περὶ

2353 1934 2474 1993 τούς
2524 1935 2878 2006 τριακοσίους,
2914 1929 2968 1983 ἐκ
3033 1927 3092 1983 δὲ
3147 1938 3246 1983 τῶν
3291 1931 3425 2001 ἑῴων
3474 1931 3527 1995 ἐξ
3581 1934 3667 1982 καὶ
3724 1927 3943 2002 ἐϐδομή-

2355 2037 2542 2074 κοντα·
2593 2018 2670 2084 οἷς
2717 2022 3084 2095 συνηριθμεῖτο
3122 2026 3212 2073 και
3245 2019 3510 2083 Σαϐῖνοςό
3549 2027 3647 2072 τῶν
3696 2019 3749 2073 ἐν
3790 2020 3943 2094 Ἦρα-

2354 2109 2499 2184 κλείᾳ
2559 2118 2653 2172 τῆς
2729 2113 2943 2184 Θράκης
3008 2107 3406 2164 Μακεδονιανῶν
3486 2109 3788 2179 ἐπίσκοπος,
3861 2112 3944 2162 καὶ

2357 2201 2612 2274 Ἰσχύρας
2666 2199 2960 2274 ἐπιτραπεὶς
3019 2204 3112 2258 τὴν
3169 2207 3260 2252 τοῦ
3314 2206 3597 2273 Μαρεώτου
3659 2197 3945 2257 ἐπισκοπὴν

2355 2292 2499 2365 παρὰ
2545 2297 2642 2342 τῶν
2716 2288 3147 2361 ἀπεχθανομένων
3211 2296 3284 2358 τῷ
3354 2289 3670 2360 Ἀθανασίῳ.
3747 2293 3847 2341 Καὶ
3902 2288 3947 2339 οἱ

2355 2382 2444 2452 μὲν
2477 2382 2685 2432 Δυτικοὶ
2723 2378 2838 2430 κατ’
2884 2378 3045 2437 αὐτὴν
3103 2383 3195 2437 τὴν
3241 2375 3504 2454 Σαρδίκην
3553 2376 3845 2436 συνῆλθον·
3904 2377 3948 2428 οἱ

2357 2465 2417 2521 δὲ
2488 2467 2826 2539 Ἀνατολικοὶ,
2894 2467 3272 2530 καταλαϐόντες
3345 2473 3439 2526 τὴν
3519 2465 3944 2534 Φιλιππούπολιν,

2355 2554 2627 2616 ἐδήλωσαν
2691 2557 2870 2620 αὐτοῖς
2922 2559 2990 2620 ὡς
3047 2557 3142 2610 ούκ
3206 2557 3366 2619 ἄλλως
3423 2557 3495 2618 εἰς
3553 2555 3738 2628 λόγους
3796 2555 3946 2608 ἐλθεῖν

2355 2646 2533 2709 αὐτοῖς
2585 2645 2866 2714 ἐθέλουσιν,
2932 2646 2975 2699 εἰ
3022 2651 3093 2719 μὴ
3143 2650 3258 2708 τούς
3317 2651 3434 2721 περὶ
3466 2646 3780 2699 Ἀθανάσιον
3837 2643 3950 2697 ἀπε-

2352 2736 2578 2789 λάσουσι
2625 2743 2718 2789 τοῦ
2763 2733 3037 2811 συνεδρίου
3080 2739 3170 2788 καὶ
3229 2744 3323 2797 τῆς
3370 2739 3632 2796 κοινωνίας
3671 2737 3744 2797 ὡς
3793 2735 3948 2792 καθη-

2353 2830 2625 2900 ρημένους.
2675 2833 2786 2880 Τῶν
2819 2823 2878 2878 δὲ
2907 2830 2978 2899 μὴ
3033 2824 3376 2898 ἀνεχομένων,
3420 2827 3603 2878 ἐκεῖνοι
3652 2821 3947 2897 συνήδρευ-

2357 2935 2450 2968 σαν
2483 2914 2721 2976 ἀλληλοις
2768 2914 2816 2967 ἐν
2847 2914 2976 2989 αὕτη
3036 2923 3099 2988 τῇ
3150 2913 3575 2980 Φιλιππουπόλει,
3635 2919 3727 2967 καὶ
3782 2915 3947 2965 καθεῖ-

2351 3004 2457 3073 λον,
2530 3007 2595 3066 ὡς
2673 3003 2938 3077 ἐνόμισαν,
3017 3003 3229 3058 Ἰούλιον
3285 3007 3375 3076 μὲν
3441 3011 3536 3065 τῆς
3591 3003 3815 3077 Ῥώμης,
3883 3003 3947 3062 ὡς

589 3104 834 3175 propter
864 3099 1146 3156 eamdem
1172 3113 1450 3166 causam,
1483 3101 1541 3155 et
1583 3098 1727 3170 quia
1774 3097 2006 3154 amicus
2050 3096 2244 3153 fuerat

2354 3093 2583 3167 ἄρξαντα
2625 3101 2721 3156 τῆς
2771 3095 2900 3167 πρὸς
2953 3092 3263 3147 Ἀθανάσιον
3310 3096 3401 3144 καὶ
3446 3095 3570 3154 τούς
3621 3090 3749 3165 ἀμφ’
3801 3091 3946 3142 αὐτὸν

591 3190 822 3248 Paulini
865 3195 921 3245 et
943 3188 1235 3245 Eustathii
1267 3188 1372 3260 qui
1401 3187 1779 3244 Antiochiam
1800 3191 2097 3256 rexerant,
2131 3190 2246 3244 Ma-

587 3279 889 3336 ximinum
930 3278 1360 3349 Trevirensem,
1419 3281 1625 3350 utpote
1672 3277 1777 3350 qui
1825 3277 2061 3350 primus
2104 3293 2243 3333 cum

590 3366 773 3425 Paulo
822 3366 1348 3432 communicasset,
1399 3369 1791 3436 Protogenem
1850 3367 2108 3423 Sardicae
2172 3381 2244 3422 eo

591 3455 758 3529 quod
790 3453 1130 3512 Marcellum
1160 3453 1508 3510 defenderet
1543 3469 1728 3527 quem
1758 3453 1926 3528 prius
1956 3454 2245 3510 condem-

592 3547 863 3611 naverat,
896 3542 1298 3600 Gaudentium
1333 3547 1400 3599 ut
1427 3542 1596 3599 aliter
1625 3547 1907 3615 agentem
1950 3559 2019 3600 ac
2052 3542 2246 3616 Cyria-

595 3651 701 3690 cus
731 3633 828 3690 cui
854 3635 1246 3703 successerat,
1279 3635 1336 3689 et
1381 3635 1446 3688 ut
1489 3631 1730 3705 plurimi
1778 3616 2096 3689 faciente'm
2144 3648 2246 3688 eos

597 3739 752 3797 quos
779 3723 1203 3797 deposuerant.

670 3993 758 4049 14.
785 3991 944 4050 Hosii
962 3992 1164 4050 autem
1183 3989 1449 4048 fautores
1468 3992 1796 4064 postquam
1819 3992 2248 4056 convenerant,

597 4083 946 4139 innocentes
972 4082 1435 4138 declaraverunt
1478 4079 1871 4136 Athanasium
1909 4079 2155 4152 quidem
2184 4082 2250 4135 ut

597 4171 816 4242 injuste
848 4170 927 4226 ab
956 4171 1027 4226 iis
1056 4171 1162 4243 qui
1181 4173 1401 4241 Tyrum
1426 4170 1734 4240 congressi
1761 4172 2244 4238 erantvexatum,

598 4261 941 4317 Marcellum
965 4275 1109 4316 vero
1139 4263 1204 4316 ut
1232 4260 1481 4316 minime
1502 4264 1867 4317 annuentem
1893 4274 1956 4315 se
1988 4260 2246 4329 cogitare

599 4368 734 4424 quae
748 4351 902 4407 falso
917 4349 1669 4421 arguebanturManifestzr.
1687 4350 1846 4406 enim
1860 4349 2249 4422 erant,inquit

2351 3188 2638 3255 κοινωνίας,
2669 3181 2853 3236 ⁴¹Οσιον
2898 3179 2958 3236 δὲ
3004 3185 3090 3235 τὸν
3150 3178 3456 3256 Κορδούϐης
3505 3179 3597 3234 διά
3642 3201 3697 3234 τε
3736 3185 3825 3240 τὴν
3865 3178 3949 3232 αύ-

2351 3277 2446 3331 τὴν
2478 3272 2669 3341 αἰτίαν,
2713 3277 2802 3326 καὶ
2854 3274 2935 3325 ὅτι
2983 3270 3127 3344 φίλος
3183 3270 3376 3343 ἐγένετο
3421 3270 3659 3342 Παυλίνῳ
3709 3276 3803 3323 καὶ
3850 3267 3948 3321 Εὗ-

2357 3366 2554 3437 σταθίῳ
2607 3370 2715 3426 τοῖς
2773 3364 3127 3436 ἡγησαμένοις
3173 3369 3267 3425 τῆς
3319 3362 3670 3434 Ἀντιοχείας,
3727 3358 3952 3431 Μαξιμῖ·

2351 3472 2436 3505 νον
2495 3449 2554 3506 δὲ
2600 3452 2883 3528 Τριϐἐρεως
2940 3455 3006 3513 ὡς
3054 3460 3256 3527 πρῶτον
3305 3450 3491 3524 Παύλῳ
3538 3455 3950 3515 κοινωνήσαντα,

2355 3546 2692 3616 Πρωτογένην
2768 3539 2827 3594 δὲ
2892 3549 2988 3603 τῆς
3059 3537 3328 3616 Σαρδικῆς
3396 3542 3466 3603 ὡς
3541 3539 3954 3614 ὑπερμαχοῦντα

2353 3631 2654 3704 Μαρκέλλου
2709 3637 2800 3683 τοῦ
2867 3635 3114 3704 πρότερον
3181 3630 3266 3682 ύπ⁹
3314 3629 3474 3682 αὐτοῦ
3519 3627 3952 3702 καταψηφισθέν-

2354 3741 2460 3792 τος,
2523 3717 2830 3774 Γαυδέντιον
2879 3716 2938 3774 δὲ
2993 3722 3063 3782 ὡς
3115 3721 3392 3774 ὑπεναντία
3435 3716 3815 3780 σπουδάζοντα
3857 3724 3953 3771 Κυ-

2354 3819 2522 3884 ριακῷ
2573 3813 2627 3863 ὃν
2680 3807 2969 3879 διεδέξατο,
3019 3816 3110 3864 καὶ
3165 3815 3284 3875 τοὺς
3332 3810 3454 3887 παρ’
3504 3809 3675 3862 αὐτῶν
3719 3811 3956 3883 καθῃρη-

2355 3905 2536 3974 μένους
2561 3905 2679 3974 περὶ
2709 3900 2895 3954 πολλοῦ
2923 3903 3245 3975 ποιούμενον.

2431 3988 2523 4047 ιδ’.
2554 3993 2618 4044 Οἱ
2650 3988 2710 4044 δέ
2734 4011 2794 4064 γε
2831 3990 2964 4065 ἀμφὶ
3005 3995 3092 4044 τὸν
3128 3991 3333 4059 Ὃσιον,
3380 3988 3724 4059 συνελθόντες,
3758 3989 3959 4046 ἀθὼους

2357 4079 2618 4154 ἀπέφηναν
2686 4081 2993 4135 Ἀθανάσιον
3066 4084 3155 4155 μὲν
3228 4083 3297 4143 ὡς
3370 4075 3570 4142 ἀδίκως
3653 4077 3953 4132 ἐπιϐουλευ-

2360 4171 2509 4224 θέντα
2563 4173 2708 4244 παρὰ
2763 4179 2863 4224 τῶν
2923 4171 2970 4223 ἐν
3023 4172 3178 4244 Τύρῴ
3238 4169 3600 4235 συνελθόντων,
3655 4166 3958 4243 Μάρκελλον

2358 4256 2416 4313 δὲ
2479 4257 2564 4314 οἶα
2619 4265 2689 4333 μὴ
2759 4261 2894 4313 οὕτω
2946 4260 3160 4332 λέγοντα
3210 4267 3407 4334 φρονεῖν
3474 4261 3540 4320 ὡς
3591 4253 3895 4310 διεϐάλλετο
3941 4267 3956 4284 ⁸

2357 4348 2594 4425 ἐφωράθη
2634 4352 2758 4425 γὰρ,
2819 4351 3047 4422 φησὶνό
3110 4345 3474 4423 Θεοδὼρητος,
3539 4355 3634 4399 τῶν
3691 4352 3815 4421 περὶ
3876 4348 3960 4397 τὸν

597 4440 1024 4508 Theodoretus,
1081 4439 1256 4496 malae
1315 4439 1790 4495 Eusebianorum
1857 4444 2037 4496 artes.
2103 4441 2244 4505 Quae

2358 4439 2656 4498 Εὐσέϐιονὴ
2719 4444 3038 4512 κακοτεχνία
3069 4455 3082 4468 ⁸
3134 4438 3211 4491 ὃτι
3270 4437 3304 4489 ἃ
3357 4438 3525 4498 ζητῶν
3573 4440 3598 4488 ὀ
3655 4434 3962 4510 Μάρκελλος

599 4531 782 4587 emim
812 4529 1118 4587 Marcellus
1145 4535 1212 4584 ut
1241 4529 1492 4602 quaesita
1521 4529 1771 4597 dixerat,
1805 4546 1875 4586 ea
1905 4533 1969 4585 ut
1995 4529 2072 4585 ab
2115 4529 2244 4601 ipso

597 4625 766 4677 extra
795 4620 1263 4677 controversiam
1285 4619 1481 4693 posita
1505 4619 2051 4676 calumniabantur.
2095 4621 2244 4676 Cum

596 4715 799 4767 autem
826 4726 897 4767 ea
920 4709 980 4766 in
1021 4709 1257 4783 synodo
1307 4709 1565 4766 Serdicae
1602 4708 1808 4765 habita
1834 4709 1986 4765 lecta
2024 4712 2242 4777 essent,

594 4804 756 4858 recta
781 4801 1027 4857 inventa
1056 4804 1147 4856 est
1197 4799 1380 4870 hujus
1422 4798 1688 4855 hominis
1741 4799 1914 4856 ﬁdes.
1973 4801 2243 4856 Socrates

595 4897 798 4950 autem
846 4890 988 4947 diClt
1032 4889 1374 4948 Marcellum
1427 4892 1494 4945 ut
1545 4889 2115 4946 condemnationem
2158 4903 2246 4945 re-

595 4980 861 5055 pelleret,
889 4980 1267 5053 persuasisse
1295 4979 1594 5052 episcopis
1627 4979 1884 5036 Sardicae
1917 4994 2243 5049 congrega-

592 5075 668 5129 tis
697 5085 799 5126 eos
825 5070 928 5142 qui
944 5069 1144 5143 ipsum
1171 5069 1581 5142 deposuerant
1607 5083 1730 5124 non
1751 5068 2079 5139 intelligere
2105 5084 2241 5140 quae

592 5161 935 5234 scripserat,
969 5165 1149 5233 atque
1178 5158 1314 5215 ideo
1364 5175 1426 5215 se
1475 5157 1917 5216 Samosatensis
1975 5159 2242 5231 episcopi

592 5251 968 5325 suspiciones
1011 5249 1354 5306 incurrisse.
1406 5248 1751 5306 Patriarcha
1795 5263 1939 5305 vero
1994 5248 2238 5304 Photius

588 5341 964 5400 narrationes
987 5339 1303 5397 conferens
1323 5340 1580 5397 Socratis
1602 5355 1672 5396 ac
1695 5337 2070 5407 Theodoreti,
2097 5338 2239 5396 dicit

589 5431 977 5491 Sardicenses
1003 5431 1322 5503 episcopos
1362 5444 1501 5487 vere
1530 5429 1814 5501 deceptos
1844 5444 2018 5494 esse;
2066 5443 2235 5482 cum-

583 5538 704 5597 que
732 5537 858 5578 non
883 5519 1036 5579 bene
1065 5519 1491 5576 intellexissent
1525 5517 1780 5574 Marcelli
1811 5517 2050 5590 scripta,
2077 5517 2234 5574 male

582 5627 722 5670 eum
745 5610 1140 5684 justiﬁcasse;
1172 5608 1310 5666 inde
1339 5606 1646 5665 neminem
1690 5605 1992 5678 accepisse
2021 5620 2231 5662 eorum

2358 4530 2549 4605 εἴρηκε,
2644 4537 2812 4582 ταῦτα
2911 4532 2976 4590 ὡς
3072 4527 3445 4600 ὡμολογημένα
3548 4523 3960 4584 διαϐεϐλήκασι.

2355 4622 2560 4671 Τούτων
2617 4615 2667 4672 δ’
2734 4619 2820 4671 ἐπὶ
2884 4627 2974 4680 τῆς
3033 4613 3258 4670 συνόδου
3321 4624 3416 4678 τῆς
3487 4616 3620 4668 κατά
3688 4613 3961 4688 Σαρδικὴν

2358 4707 2808 4780 ἀναγνωσθέντων,
2854 4709 2980 4783 ὀρθὴ
3035 4713 3127 4759 τοῦ
3178 4703 3366 4781 ἀνδρὸς
3421 4707 3450 4765 ἡ
3512 4709 3695 4767 πίστις
3748 4707 3960 4778 εὑρέθη.

2356 4804 2632 4873 Σωκράτης
2701 4793 2760 4849 δέ
2821 4816 2977 4869 φησιν
3049 4797 3129 4848 ὅτι
3181 4794 3511 4848 ἀναπαλαίων
3565 4795 3589 4846 ὁ
3654 4792 3965 4869 Μάρκελλος

2356 4891 2448 4945 τὴν
2487 4882 2781 4944 καταδίκην
2839 4887 3032 4948 ἔπεισε,
3068 4887 3189 4948 τοὺς
3244 4883 3292 4936 ἐν
3345 4880 3576 4959 Σαρδικῇ
3636 4887 3710 4955 μὴ
3766 4884 3962 4942 νοῆσαι

2353 4979 2474 5038 τούς
2509 4975 2820 5036 καθελόντας
2860 4974 3035 5040 αὐτόν,
3102 4973 3136 5025 ἃ
3182 4977 3408 5047 γέγραφε
3441 4988 3454 5002 ⁸
3503 4977 3593 5024 καὶ
3645 4969 3745 5024 διὰ
3803 4979 3962 5024 τοῦτο

2354 5069 2447 5124 τὴν
2491 5067 2734 5117 ὑπόνοιαν
2790 5071 2881 5116 τοῦ
2936 5067 3274 5135 Σαμοσατέως
3305 5059 3586 5116 λαϐεῖν.Ὀ
3644 5057 3706 5112 δὲ
3765 5080 3936 5135 πατρι

2353 5157 2530 5228 άρχης
2588 5158 2799 5221 Φώτιος,
2844 5152 3040 5226 σχόλια
3077 5152 3328 5226 παραθεὶς
3391 5158 3482 5203 τοῦ
3541 5169 3594 5202 τε
3647 5152 3964 5220 Σωκράτους

2349 5249 2441 5296 καὶ
2480 5250 2572 5295 τοῦ
2604 5240 2970 5318 Θεοδωρήτου,
3015 5246 3173 5314 φησὶν
3231 5240 3311 5293 ὃτι
3372 5239 3422 5292 ἐν
3473 5235 3706 5312 Σαρδικῇ
3763 5238 3963 5311 μᾶλλον

2350 5335 2700 5392 ἠπατήθησαν
2737 5348 2749 5360 '
2813 5336 2903 5384 καὶ
2959 5335 3031 5404 μή
3083 5335 3363 5392 νοήσαντες
3419 5327 3641 5402 ἀκριϐῶς
3695 5331 3759 5380 τὸ
3811 5336 3964 5405 Μαρ-

2347 5422 2524 5477 κέλλου
2580 5425 2922 5497 σύγγραμμα,
2981 5428 3154 5482 κακῶς
3212 5419 3370 5472 αὐτόν
3417 5414 3782 5471 ἐδικαίωσαν·
3844 5421 3961 5471 ὅθεν

2345 5511 2518 5576 οὐδεὶς
2561 5509 2882 5588 παρεδέξατο
2928 5514 3022 5569 τὴν
3078 5513 3197 5585 περὶ
3245 5512 3431 5563 τούτου
3485 5512 3657 5582 κρίσιν
3726 5507 3908 5561 αὐτῶν
3942 5529 3957 5543 ο

2344 5602 2453 5657 ἀλλ’
2513 5604 2653 5658 ἔστιν
2685 5601 2779 5666 ἔξω
2802 5610 2892 5663 τῆς
2943 5600 3256 5664 Ἐκκλησίας
3286 5603 3311 5653 ό
3350 5597 3664 5674 Μάρκελλος.
3726 5595 3958 5653 Ἢθώω-
