4106 6296
194 219 250 276 Ἃ
1610 222 1959 283 THESAURI
1996 225 2128 284 LIB.
2166 227 2261 287 VI.
3546 234 3620 295 22

219 366 297 401 σαν
338 343 398 402 δε
426 349 485 402 οἱ
535 347 593 402 ἓν
624 346 897 424 Σαρδικῇ
934 353 1019 403 καὶ
1063 347 1362 410 Ἀσκληπᾶν
1402 352 1489 414 τόν
1525 350 1720 419 Γάζης,
1778 352 1840 414 ὡς

2000 366 2032 407 e
2060 349 2163 409 illo
2192 354 2589 426 sententiam;
2623 353 2729 412 sed
2756 355 2927 413 extra
2951 351 3282 414 Ecclesiam
3307 369 3446 415 esse
3472 357 3620 417 Mar-

227 437 457 494 Εὐσεϐίου
509 447 613 493 τοῦ
658 438 963 513 Παμφίλου
1011 443 1097 492 καὶ
1142 439 1340 493 πολλῶν
1386 439 1551 494 ἄλλων
1601 441 1847 514 ὑπομνὼ-

1997 439 2194 497 ellum.
2227 445 2580 501 Innocentes
2602 445 2806 502 autem
2827 443 3209 502 declaravere
3234 444 3618 505 Sardicenses

240 551 356 605 ματα
408 528 795 607 ἐπιφερόμενον
858 526 1168 583 δικαιοῦντα
1222 530 1377 585 αὐτόν
1419 552 1433 566 ο
1492 533 1570 584 ἔτι
1632 528 1691 584 δὲ
1753 535 1845 584 καὶ

1997 528 2219 603 piscOpi
2265 532 2609 607 Asclepium
2662 536 2850 605 Gazze,
2886 536 2953 590 ut
3003 532 3084 590 ab
3127 533 3392 592 Eusebio
3446 537 3618 593 Pam-

242 623 444 675 Λούκιον
509 624 602 674 τόν
673 615 1182 695 Ἀδριανουπόλεως,
1248 623 1319 683 ὡς
1376 629 1477 674 τῶν
1540 624 1847 696 κατηγόρων

1995 619 2103 677 bili
2122 622 2447 697 multisque
2461 624 2591 681 aliis
2604 624 2946 682 testimonia
2958 623 3306 683 aﬂ‘erentem
3322 640 3460 700 quae
3474 640 3616 685 eum

241 710 389 763 αὐτοῦ
438 716 577 783 φυγῇ
623 711 993 783 χρησαμένων
1022 727 1033 739 ·
1069 708 1303 763 καθεῖλον
1352 706 1412 763 δὲ
1467 716 1720 785 Γεώργιον
1758 711 1845 762 τὸν

1999 709 2394 783 efendebant;
2443 713 2644 771 adhuc
2673 718 2731 771 et
2778 714 3024 770 Lucium
3046 713 3488 788 Adrianopolis,
3515 730 3617 773 cu-

244 797 650 875 Ἀλεξανδρείας,
720 800 993 853 Βασίλειον
1058 799 1315 874 ’Δγκύράς
1373 802 1461 853 τόν
1528 799 1640 853 ἀντὶ
1694 806 1844 875 Μαρ-

1994 816 2052 855 JS
2103 806 2486 859 accusatores
2518 803 2917 875 aufugerunt;
2949 803 3363 878 deposuerunt
3411 808 3615 864 autem

238 889 430 959 κεἿλου,
494 892 771 943 Κεντιαθόν
830 890 1013 952 Γάζης
1061 892 1147 942 τόν
1200 888 1315 943 ἀντὶ
1365 889 1661 959 Ἀσκληπᾶ,
1711 892 1845 944 Θεό-

1995 892 2238 962 orgium
2267 893 2661 964 Alexandriae,
2718 893 3007 952 Basilium
3057 899 3328 969 Ancyrae,
3359 895 3616 954 Marcelli

239 975 405 1055 δωρον
430 978 757 1052 Ἡρακλείας,
788 981 1097 1055 Νάρκισσον
1133 979 1568 1053 Εἰρηνουπόλεως,
1604 980 1843 1037 Ἀκάκιον

1993 980 2386 1053 dversarium,
2418 984 2773 1041 Centianum
2803 985 2971 1041 Gazae
3008 984 3116 1058 qui
3143 983 3483 1059 Asclepium
3511 1000 3613 1043 ur-

238 1073 550 1144 Καισαρείας
580 1077 677 1131 τῆς
705 1068 1035 1128 Παλαιστίνη
1047 1090 1087 1138 ς,
1110 1073 1443 1142 Μηνὸφαντον
1467 1069 1679 1144 Ἐφέσου
1688 1069 1844 1145 ,Οὖρ-

1994 1070 2152 1140 ebat,
2219 1073 2598 1130 Theodorum
2645 1073 2971 1143 Heracleae,
3013 1072 3357 1131 Narcissum
3416 1075 3615 1133 lreno-

231 1161 415 1211 σάκιον
444 1156 793 1231 Σιγίηδόνος,
827 1158 1093 1212 Οὐάλεντα
1114 1162 1381 1235 Μούρσης,
1412 1165 1666 1234 Γεὼργιον
1697 1164 1842 1214 Λαο-

1996 1159 2129 1225 olis,
2154 1162 2439 1218 Acacium
2473 1165 2757 1221 Caesareas
2789 1163 2852 1220 in
2875 1162 3215 1231 Palaestina,
3245 1163 3612 1238 Menophan-

226 1242 450 1311 δικείας,
479 1251 657 1300 καίτοι
686 1252 760 1321 μὴ
816 1252 1054 1325 παρόντα
1089 1247 1139 1301 ἐν
1166 1257 1228 1322 τῇ
1265 1245 1470 1321 συνόδῳ
1494 1252 1659 1323 ταύτῃ
1694 1270 1707 1284 ι
1751 1253 1842 1303 καὶ

1989 1266 2082 1306 um
2111 1250 2350 1323 Ephesi,
2393 1253 2703 1311 Ursacium
2735 1251 3100 1324 Singidonis,
3123 1251 3432 1310 Valentem
3457 1255 3610 1312 Μαῖα

220 1337 380 1399 οὗτος
403 1340 548 1391 κατὰ
583 1341 674 1391 τὸν
705 1343 869 1411 μέγαν
890 1339 946 1391 Ἀ
957 1340 1198 1392 θανάσιον
1236 1344 1326 1393 καὶ
1353 1347 1446 1392 τοῦ
1472 1339 1839 1414 πρεσϐυτερίου

1990 1354 2054 1407 aa,
2086 1340 2406 1411 Georgium
2454 1341 2782 1410 Laodiceae,
2814 1356 3173 1415 quanquam
3200 1339 3330 1415 ipse
3364 1339 3444 1399 ab
3493 1341 3611 1399 hac

215 1429 555 1502 zaGaspaOs‘t;
583 1428 686 1480 ὑπὸ
707 1434 799 1481 τοῦ
820 1433 1086 1503 μακαρίου
1115 1425 1452 1502 Ἀλεξάνδρου
1481 1425 1553 1483 δι’
1587 1428 1836 1487 ἀσωτίαν.

1985 1428 2187 1502 ynodo
2216 1431 2461 1503 aberat;
2486 1435 2543 1489 et
2569 1431 2641 1500 is,
2660 1430 2835 1503 juxta
2872 1445 3169 1502 magnum
3189 1429 3606 1503 Athanasium,

218 1522 325 1571 Καὶ
350 1524 525 1570 ταῦτα
661 1524 900 1571 τοιοῦτον
931 1520 1061 1590 ἔσχε
1090 1521 1174 1571 τόν
1194 1522 1401 1593 τρόπον.

1987 1536 2025 1576 x
2046 1520 2384 1577 sacerdotio
2404 1525 2650 1594 propter
2677 1520 2980 1578 luxuriam
3010 1535 3049 1578 a
3068 1519 3249 1578 beato
3268 1518 3608 1583 Alexandro

1949 1606 2261 1681 depositus
2290 1609 2503 1667 fuerat.
2529 1612 2595 1668 Et
2633 1609 2765 1667 haec
2791 1609 3038 1685 quidem
3059 1609 3178 1667 hoc
3204 1607 3391 1667 modo
3420 1625 3483 1667 se
3500 1608 3609 1669 ha-

2073 1716 2155 1754 re.

1870 1706 1907 1762 Ε

286 1784 370 1840 ιε’.
428 1786 497 1838 Οἱ
538 1781 601 1838 δέ
626 1789 748 1859 περὶ
786 1784 1100 1839 Ἀθανάσιον
1150 1785 1304 1840 πάλιν
1343 1790 1435 1846 τὴν
1471 1786 1671 1862 Ῥώμην
1708 1807 1840 1841 κατ-

1997 1714 2462 1845 ute;.eAthanasii
2491 1791 2695 1846 autem
2722 1787 2987 1847 fautores
3015 1790 3220 1846 Romae
3249 1788 3521 1861 aderant,
3548 1792 3608 1849 et

210 1879 386 1947 ἔσχον
416 1893 430 1909 ·
492 1878 587 1927 καὶ
644 1876 670 1926 6
711 1882 814 1926 τῶν
870 1875 1122 1950 ἐσπερίων
1164 1875 1413 1949 βασιλεὺς
1467 1882 1735 1946 Κώνστας,
1773 1880 1831 1931 τὰ

1986 1877 2284 1935 μοοὶἀθηιίε
2314 1877 2642 1953 imperator
2673 1881 2989 1947 Constans,
3030 1895 3171 1937 cum
3199 1894 3272 1937 ea
3298 1894 3437 1953 qum
3467 1881 3607 1938 Sar-

214 1961 267 2015 ἑν
327 1960 571 2037 Σαρδικῇ
650 1968 902 2037 γενόμενα
974 1966 1172 2037 μαθὼν,
1235 1965 1429 2039 ἔγραψε
1492 1975 1562 2038 τῷ
1629 1965 1835 2039 βασιλεῖ

1982 1968 2097 2024 Licae
2116 1967 2274 2025 facta
2297 1968 2533 2025 fuerant
2553 1968 2875 2041 didicisset,
2905 1969 2984 2027 ad
3002 1969 3430 2043 imperatorem
3450 1969 3603 2029 Con-

218 2057 576 2124 Κωνσταντίῳ
650 2059 757 2115 τοῖς
828 2059 949 2129 περὶ
1003 2056 1309 2108 Ἀθανάσιον
1382 2053 1672 2111 ἀποδοῦναι
1745 2063 1839 2124 τὰς

1983 2057 2232 2113 tantium
2294 2057 2530 2131 scripsit
2577 2061 2643 2114 ut
2697 2057 3007 2116 Athanasii
3067 2056 3406 2115 fautoribus
3460 2074 3604 2117 suas

216 2138 366 2202 ἰδίας
410 2140 723 2204 ἐκκλησίας.
780 2142 871 2205 Ὠς
928 2140 979 2195 δ’
1037 2141 1350 2213 ἀνεϐάλλετο,
1404 2145 1556 2199 πάλιν
1615 2149 1837 2224 ἔγραψεν

1981 2145 2225 2202 cclesias
2248 2145 2544 2203 redderet.
2569 2147 2715 2203 Cum
2745 2150 2950 2204 autem
2978 2146 3076 2204 hic
3111 2146 3600 2222 procrastinaret,

210 2231 245 2287 ᾖ
307 2227 578 2302 δέχεσθαι
628 2233 871 2301 τούτους,
903 2232 935 2290 ἣ
981 2235 1109 2305 πρὸς
1157 2232 1377 2306 πόλεμον
1423 2239 1831 2310 παρασκευάσα-

1984 2251 2184 2292 ursum
2206 2235 2259 2292 ei
2289 2235 2522 2308 scripsit
2547 2240 2612 2293 ut
2631 2240 2735 2294 aut
2761 2236 2893 2294 illos
2914 2237 3358 2294 restitueretaut
3375 2235 3455 2294 ad
3478 2235 3605 2295 bel-

214 2321 363 2372 σθαι.
434 2326 561 2382 Τοῖς
617 2317 717 2372 ἀνὰ
763 2324 860 2380 τὴν
936 2321 1000 2373 ἓω
1064 2326 1235 2374 τοίνυν
1298 2321 1609 2387 ἐπισκόποις
1681 2334 1834 2380 τοῦτο

1982 2340 2068 2380 1m
2122 2340 2188 2381 se
2238 2328 2576 2399 appararet.
2633 2324 2808 2393 Quod
2859 2324 3253 2383 orientalibus
3304 2325 3603 2400 episcopis

210 2411 583 2472 Κωνστάντιος
644 2411 1046 2482 κοινωσάμενος,
1102 2415 1192 2463 καὶ
1254 2416 1474 2484 νομίσας
1524 2415 1704 2477 εὔηθες
1762 2413 1831 2469 ιῖ-

1980 2418 2155 2471 ηοῐιιω
2203 2413 2431 2471 faciens
2495 2415 2878 2473 Constantius
2922 2414 3296 2488 credensque
3350 2413 3601 2473 stultum

208 2517 297 2550 ναι
354 2494 454 2552 διὰ
519 2501 720 2558 ταύτην
778 2499 954 2552 αἰτίαν
1010 2499 1250 2573 ἐμφύλιον
1307 2502 1572 2577 αἱρεῖσθαι
1624 2505 1829 2577 μάχην,

1982 2518 2074 2559 sse
2127 2502 2209 2560 ob
2258 2503 2418 2561 hanc
2474 2519 2728 2565 causam
2771 2504 3107 2562 fraternum
3147 2503 3376 2562 bellum
3414 2504 3603 2563 susci-

207 2592 360 2660 τρισὶ
405 2591 725 2664 γράμμασιν
781 2588 1093 2643 Ἀθανάσιον
1150 2590 1525 2665 μετεκαλέσατο
1580 2597 1669 2647 καὶ
1712 2597 1828 2658 τοὺς

1981 2607 2087 2663 ire,
2127 2592 2317 2649 tribus
2367 2592 2578 2650 litteris
2634 2594 3032 2652 Athanasium
3073 2594 3327 2668 ejusque
3370 2593 3602 2653 amicos

210 2681 311 2730 σὺν
372 2679 519 2749 αὐτῷ
562 2696 577 2710 ο
656 2678 941 2732 κατελαϐον
1015 2676 1101 2732 οὖν
1164 2683 1283 2742 τοὺς
1355 2680 1547 2734 ἑαυτῶν
1622 2685 1831 2758 θρόνους

1984 2681 2264 2739 evocavit.
2318 2684 2690 2756 Receperunt
2729 2683 2911 2755 igitur
2963 2698 3111 2740 suas
3162 2683 3337 2742 sedes
3381 2682 3605 2742 Paulus

210 2768 419 2829 Παῦλος
480 2769 508 2820 6
587 2769 1198 2842 Κωνσταντινουπόλεως,
1266 2770 1558 2846 Μάρκελλος
1630 2774 1657 2825 6
1715 2773 1831 2846 Ἀγ-

1983 2771 2514 2845 onstantinopolis,
2535 2772 2847 2831 Marcellus
2871 2776 3149 2847 Ancyra,
3178 2771 3467 2847 Asclepas
3495 2773 3604 2833 Ga-

208 2860 398 2930 κύρας,
463 2857 770 2920 ’Δσκληπᾶς
817 2859 844 2910 6
886 2859 1075 2927 Γάζης,
1122 2865 1214 2913 καὶ
1263 2863 1483 2924 Λούκιος
1530 2862 1557 2914 6
1610 2857 1829 2938 Ἀδρια-

1982 2877 2043 2931 se,
2057 2864 2115 2917 et
2136 2861 2349 2918 Lucius
2369 2861 2809 2936 Adrianopolis.
2844 2864 2993 2921 Cum
3012 2866 3218 2921 autem
3237 2863 3603 2921 Athanasius

208 2951 500 3012 νονπόλεως
527 2969 543 2982 ³
579 2951 902 3015 Ἀθανάσιος
927 2948 980 3005 δ’
1007 2951 1080 3015 εἰς
1116 2951 1444 3026 Ἀντιόχειαν
1500 2962 1594 3028 τῇν
1641 2960 1829 3030 Συρίας

1983 2949 2320 3007 .ntiochiam
2371 2952 2555 3025 Syria:
2592 2951 2868 3010 rediisset
2909 2951 3018 3010 ubi
3066 2952 3425 3010 versabatur
3453 2953 3604 3011 Con-

210 3037 538 3113 ἆτιγικόμενος,
600 3041 725 3093 ’ἔνθα
770 3036 1003 3115 διέτριϐε
1057 3044 1437 3105 Κωνστάντιος,
1483 3046 1628 3097 εὔνου
1673 3040 1831 3103 δῆθεν

1983 3039 2216 3110 tantius,
2257 3039 2622 3098 benevolum
2673 3058 2814 3099 eum
2858 3044 3139 3116 expertus
3166 3044 3257 3098 est
3282 3057 3297 3097 :
3325 3055 3402 3098 ex
3436 3040 3604 3100 Aria-

205 3128 369 3181 αὑτοῦ
409 3128 665 3202 ἐπειράθη
694 3146 709 3160 ·
768 3138 871 3182 τῶν
905 3129 1179 3203 Ἀρειανῶν
1233 3127 1293 3184 δὲ
1345 3133 1691 3205 ὑποθεμένων,
1736 3136 1826 3207 ἔφη

1977 3145 2158 3186 orum
2204 3134 2408 3187 autem
2433 3129 2704 3202 consilio,
2746 3130 2829 3187 illi
2871 3129 3127 3202 subjecit
3163 3129 3549 3189 Constantius
3582 3147 3598 3190 :

200 3221 335 3292 πρὸς
378 3218 544 3272 αὐτόν
592 3219 619 3270 6
679 3220 1041 3281 Κωνστάντιος
1071 3236 1085 3249 ·
1150 3219 1304 3283 ’Λξιῶ
1368 3219 1424 3273 ἐκ
1470 3221 1667 3274 πολλῶν
1724 3231 1821 3275 τῶν

1983 3222 2172 3274 istum
2209 3233 2426 3275 censeo
2472 3234 2544 3275 ex
2585 3218 2790 3276 multis
2818 3235 2954 3293 quas
2984 3218 3099 3276 sub
3139 3222 3195 3277 te
3225 3222 3368 3277 sunt
3418 3219 3604 3278 eccle-

203 3306 307 3358 ὑπὸ
363 3309 424 3360 σε
454 3307 784 3366 Ἐκκλησιῶν
839 3312 968 3380 μίαν
1014 3309 1155 3380 ἔχειν
1212 3308 1264 3360 ἐν
1292 3305 1659 3385 Ἀλεξανδρείᾳ
1708 3330 1824 3374 τους

1982 3308 2042 3364 iis
2067 3311 2131 3364 ut
2169 3322 2354 3364 unam
2392 3307 2660 3366 habeant
2686 3307 3066 3366 Alexandriae
3093 3308 3202 3383 qui
3219 3312 3420 3367 tecum
3439 3325 3603 3369 com-

201 3404 463 3449 κοοωνείν
544 3416 633 3449 σοι
704 3401 1174 3472 παραιτουμένους.
1240 3396 1298 3450 Ὀ
1373 3394 1451 3465 δὲ,
1529 3398 1822 3470 ὑπολαϐὼν,

1981 3397 2246 3455 mnicare
2271 3396 2552 3456 nolunt.E
2570 3403 2780 3456 contra
2806 3403 3007 3457 autem
3031 3398 3167 3457 ille:
3201 3397 3490 3470 Similem,
3513 3399 3602 3458 in-

206 3485 614 3559 Παραπλησίαν,
701 3487 820 3559 ἔφη,
897 3487 1063 3560 χάριν
1137 3486 1265 3539 αἰτῶ
1336 3485 1505 3559 κάγὼ,
1579 3487 1823 3562 βασιλεῦ,

1982 3487 2087 3558 uit,
2117 3503 2154 3546 a
2183 3492 2260 3553 te,
2290 3488 2640 3562 imperator,
2668 3488 2932 3562 efflagito
2962 3488 3241 3563 gratiam,
3282 3505 3506 3565 nempe
3534 3493 3602 3551 ut

203 3576 338 3628 ὥστε
390 3581 520 3648 μίαν
582 3577 729 3647 ἔχειν
780 3574 1067 3633 ἐκκλησίαν
1123 3574 1173 3627 ἐν
1225 3575 1521 3651 Ἀντιοχείᾳ
1559 3581 1682 3640 τοὺς
1727 3587 1824 3632 τῶν

1980 3592 2126 3635 nam
2171 3577 2499 3636 Antiochiae
2554 3579 2825 3637 habeant
2878 3579 3201 3638 ecclesiam
3228 3579 3337 3654 qui
3363 3580 3599 3639 hetero-

204 3655 641 3738 ἕτεροδοξούντων
732 3668 827 3723 τὴν
923 3668 1193 3716 κουωνίαν
1280 3667 1560 3737 φεύγοντας
1600 3680 1615 3696 '
1702 3668 1824 3743 ὅπερ

1978 3682 2235 3724 oxorum
2269 3668 2763 3726 communionem
2791 3670 3050 3742 fugiunt.
3079 3669 3254 3738 Quod
3285 3669 3599 3729 audientes

204 3748 524 3815 ἐπιθύσαντες
590 3756 642 3806 οἱ
701 3753 965 3827 Ἀρειανοὶ
1019 3755 1163 3828 παρὰ
1208 3760 1302 3807 τοῦ
1364 3753 1645 3828 βασιλεως,
1702 3754 1825 3818 ἐζή-

1983 3757 2156 3827 riani,
2194 3758 2342 3815 nihil
2371 3759 2635 3833 amplius
2667 3760 3053 3834 quaesierunt.
3085 3759 3230 3818 Inde
3253 3759 3433 3832 igitur
3460 3772 3599 3832 pro-

206 3859 369 3899 πσαν
432 3841 589 3896 πλέον
637 3839 811 3899 οὐδέν.
877 3842 1096 3896 Ἐκεῖθεν
1167 3846 1333 3896 τοίνυν
1384 3845 1697 3908 Ἀθανάσιος
1745 3844 1826 3910 ἓξ-

1977 3852 2123 3904 :ctus
2151 3850 2515 3907 Athanasius
2541 3849 3025 3925 Hierolosymam
3069 3850 3378 3924 pervenit;
3424 3849 3598 3921 cujus

207 3937 467 4003 ορμήσας,
526 3933 597 3985 τὰ
647 3932 991 4009 Ἰεροσόλυμα
1038 3932 1314 3987 κατέλαϐεν
1347 3951 1360 3964 °
1416 3934 1484 3986 ὧν
1537 3936 1563 3987 6
1608 3934 1826 3989 ἐπίσκο-

1973 3936 2097 3994 .rbis
2128 3939 2448 4012 episcOpus
2465 3940 2958 4013 Maximus,locali
2983 3938 3220 4013 synodo
3240 3940 3594 4008 convocata,

211 4038 304 4081 πος
346 4021 612 4095 Μάξιμος,
666 4019 890 4075 σύνοδον
955 4027 1176 4080 τοπικὴν
1240 4020 1559 4089 ἐπιτελεσας,
1619 4023 1823 4079 ἐκοινῶ-

1974 4042 2075 4084 um
2124 4026 2226 4085 illo
2279 4029 2772 4086 communicavit.
2806 4031 3001 4102 Atque
3033 4028 3119 4086 ita
3165 4042 3309 4085 cum
3341 4025 3595 4085 Alexan-

208 4128 355 4195 νπσιν
382 4110 523 4181 αὐτῷ
553 4125 572 4141 ⁸
613 4116 705 4164 καὶ
755 4112 923 4173 οὕτως
968 4111 1040 4173 εἰς
1069 4109 1463 4185 Ἀλεξάνδρειαν
1520 4111 1827 4187 ἀφικόμενος

1971 4116 2128 4173 .riam
2156 4117 2431 4174 rediisset
2461 4117 2844 4190 Athanasius,
2878 4132 3095 4176 omnes
3117 4132 3222 4177 eos
3241 4116 3349 4192 qui
3367 4116 3592 4179 Ariana

232 4202 541 4270 Δθκνάσιος,
572 4205 690 4262 τοὺς
736 4203 803 4255 τὰ
832 4203 1042 4277 Ἀρείου
1094 4209 1400 4275 φρονοῦντας
1453 4203 1688 4267 ἅπαντας
1728 4224 1824 4258 κα-

1453 4203 1688 4267 ἅπαντας
1728 4224 1824 4258 κα·
1933 4205 2225 4278 dogmata
2252 4206 2708 4280 proﬁtebantur,
2734 4206 3038 4283 deposuit.

217 4288 389 4343 Θείλεν.

287 4399 362 4443 ις.
415 4379 498 4433 Ἐν
546 4382 717 4451 τούτῷ
756 4377 817 4434 δὲ
869 4384 1120 4443 Κώνστας
1168 4381 1193 4433 6
1238 4387 1333 4443 τῆς
1364 4381 1625 4459 Ἐσπέρας
1669 4383 1827 4457 βασι·
1855 4408 1900 4466 D

2007 4389 2092 4443 16.
2135 4388 2364 4443 Interea
2394 4401 2537 4444 vero
2566 4387 2861 4445 Constans
2889 4387 2997 4460 qui
3034 4385 3099 4444 in
3140 4385 3460 4446 Occidente
3495 4401 3586 4447 re-

218 4463 364 4520 ).er
409 4470 512 4522 ὑπό
566 4475 891 4542 Μαγνεντίου
950 4472 1089 4522 κατὰ
1129 4476 1391 4530 πσκευήν
1436 4470 1683 4547 ἀνῃρέθη,
1736 4479 1827 4528 καὶ

1963 4475 2182 4544 :nabat,
2222 4491 2260 4532 a
2301 4476 2642 4548 Magnentio
2674 4491 2782 4550 per
2817 4475 3067 4535 insidias
3092 4476 3436 4553 interfectus
3474 4481 3584 4551 est,

224 4561 574 4622 Κωνστάντιος
641 4559 982 4634 αὐτοκράτωρ
1053 4564 1225 4631 γέγονε
1296 4569 1385 4621 τῆς
1450 4559 1630 4635 ἀρχῆς
1694 4562 1824 4616 ἁπά-

1963 4568 1993 4621 «,t
2020 4567 2212 4622 factus
2247 4569 2338 4622 est
2365 4565 2750 4624 Constantius
2770 4566 2934 4623 orbis
2955 4566 3213 4623 universi
3234 4566 3584 4641 imperator.

226 4664 350 4708 ατς·
411 4649 465 4711 ὃς
520 4653 633 4721 καὶ,
704 4657 813 4711 τοῖς
862 4648 1152 4722 Ἀρειανοῖς
1200 4651 1520 4723 πειθόμενος,
1580 4654 1826 4727 τὰ.προ-

1964 4654 2051 4721 )ui
2086 4654 2165 4710 ab
2189 4653 2421 4711 Arianis
2446 4655 2729 4712 seductus
2755 4670 3158 4729 quacumque
3185 4658 3324 4714 ante
3344 4656 3585 4715 decreta

222 4731 499 4811 δεδογμένα
589 4740 765 4792 πάντα
854 4737 1199 4812 μετέστρεψεν
1282 4739 1354 4802 εἰς
1442 4744 1502 4793 τό
1578 4742 1822 4795 ἓναντίον·

1962 4747 2106 4800 :rant
2132 4742 2193 4799 in
2224 4744 2591 4802 contrarium
2638 4745 2910 4804 mutavit.
2964 4744 3184 4803 Paulus
3212 4745 3392 4818 igitur
3432 4746 3583 4805 Con-

225 4828 400 4891 ῐιαῡλος
453 4834 628 4883 τοίνυν
683 4830 712 4881 ὁ
762 4828 1355 4890 Κωνσταντινουπόλεως
1408 4829 1475 4891 εἰς
1525 4834 1824 4884 Κουκουσόν

1966 4831 2354 4905 tantinopolis
2403 4833 2467 4890 in
2496 4832 2712 4892 urbem
2755 4834 3051 4892 Armenias
3081 4836 3382 4893 Cucusum
3409 4850 3584 4895 exsu-

222 4923 302 4978 τῆς
343 4917 606 4996 ’Δρμενίας
650 4917 945 4993 ἕξορισθεὶς
1001 4915 1221 4992 ἀνῃρέθη
1272 4916 1480 4992 βρόχῳ,
1537 4924 1626 4973 καὶ
1670 4919 1823 4974 πάλιν

1964 4926 2088 4978 atus
2114 4921 2334 4994 laqueo
2374 4923 2720 4981 interfectus
2748 4927 2858 4993 est,
2900 4928 2957 4982 et
2975 4940 3184 4982 rursus
3210 4924 3371 4983 hanc
3400 4925 3585 4984 eccle-

222 5010 302 5063 τὶν
367 5008 649 5068 ἰκκλησίαν
727 5008 975 5078 κατέσχε
1062 5003 1387 5070 Μακεδόνιος
1428 5024 1441 5039 ⁸
1519 5009 1821 5083 Μαρκέλλου

1956 5010 2084 5068 siam
2113 5010 2327 5069 habuit
2354 5012 2754 5087 Macedonius,
2782 5013 3054 5072 Marcello
3074 5017 3281 5073 autem
3304 5013 3577 5089 expulso,

227 5090 266 5146 δ’
321 5098 668 5173 ἐκϐληθέντος,
754 5096 1021 5170 ἐγκρατὴς
1087 5091 1233 5157 αὖθις
1297 5095 1494 5169 ἐγένετο
1549 5107 1646 5162 τῆς
1709 5098 1821 5153 ἐπι-

1968 5101 2288 5174 piscopatu
2341 5118 2585 5160 rursum
2639 5103 2840 5177 potius
2896 5107 2987 5161 est
3043 5103 3317 5162 Basilius.
3371 5104 3585 5163 Lucius

227 5199 391 5254 σκοπῆς
416 5196 698 5253 Βασίλειος
732 5203 749 5218 ·
786 5186 1027 5244 Λούκιος
1075 5179 1132 5238 δὲ
1165 5181 1372 5260 σιδήρῳ
1421 5182 1635 5260 δέσμιος
1676 5187 1725 5241 ἒν
1756 5197 1817 5262 τῇ

1961 5205 2087 5247 erro
2115 5191 2351 5248 vinctus
2379 5192 2441 5249 in
2470 5208 2707 5250 carcere
2734 5193 2927 5266 periit.
2967 5193 3328 5251 Athanasius
3357 5197 3582 5264 autem,

219 5278 359 5355 εἱρκτῇ
411 5279 682 5359 διεφθάρη
722 5300 735 5312 ·
804 5273 1127 5335 Ἀθανάσιος
1176 5270 1236 5327 δὲ
1280 5274 1573 5339 κελευσθεὶς
1619 5276 1819 5355 ἀναιρε-

1962 5294 2114 5351 [uem
2134 5278 2385 5338 interﬁci
2409 5283 2689 5354 jusserat,
2702 5282 2804 5339 vix
2833 5282 3086 5355 aufugit.
3107 5283 3411 5341 Profectus
3439 5297 3583 5340 vero

213 5369 349 5441 θξναι,
410 5374 567 5449 μόλις
640 5367 938 5441 διέφυγεν.
1006 5360 1412 5437 Ἐκστρατεύσας
1480 5362 1539 5419 δὲ
1589 5365 1673 5420 ἰπὶ
1726 5372 1822 5428 τὴν

1962 5385 1997 5425 n
2047 5369 2304 5442 lllyriam
2339 5371 2721 5430 Constantius
2751 5377 2962 5430 contra
3011 5373 3451 5431 Brettanionem
3494 5386 3583 5427 re-

205 5458 429 5531 ἰλξνρίδα
510 5460 920 5520 κωνστοξντιος
993 5454 1126 5505 κατὰ
1199 5458 1569 5529 Βρεττανὶωνος
1636 5476 1825 5530 τυραν-

1966 5474 2125 5523 :num
2155 5459 2557 5531 aﬂ‘ectantem,
2593 5461 2877 5519 Sirmium
2905 5461 3068 5519 venit
3104 5461 3210 5518 ubi
3258 5460 3469 5518 habita
3495 5461 3587 5515 est

196 5525 429 5632 πήξαντος,
480 5558 613 5617 ἧκεν
679 5549 766 5612 εἰς
820 5545 892 5597 τὸ
957 5544 1184 5614 Σίρμιον,
1241 5545 1362 5598 ἔνθα
1417 5540 1485 5603 δὴ
1544 5553 1640 5608 τῆς
1690 5548 1817 5600 κατὰ

1962 5525 2145 5607 ὲοηῑιιθ,
2173 5549 2493 5608 Photinum
2544 5525 2839 5624 synodus.
2891 5551 3121 5609 Interea
3147 5565 3187 5607 ο.
3222 5548 3345 5606 suis
3371 5542 3583 5613 legatis
