4106 6296
552 272 620 327 23
1887 253 2156 317 meum
2196 251 2564 316 CHONIATE
3849 277 3922 334 ρι

555 391 899 452 interfectus
922 393 1014 448 est
1036 390 1141 464 qui
1157 392 1362 448 Romae
1389 389 1794 462 imperaverat
1817 380 2200 454 Magnentius,

2321 386 2571 436 Φωτεινοῦ
2610 382 2837 440 συνόδου
2889 389 3181 460 γεγονυίας,
3215 389 3264 442 ἓν
3292 396 3364 460 τῷ
3408 393 3601 464 μεταξύ
3655 399 3917 474 καθῃρέθη

558 489 614 542 et
659 489 953 557 tyrannus
979 481 1146 549 alter,
1189 480 1464 537 Silvanus
1498 479 1764 536 nomine.
1791 481 2005 547 Magna
2031 475 2210 545 igitur

557 573 870 631 securitate
900 571 961 627 in
990 575 1254 628 veterem
1284 573 1535 626 Romam
1585 568 1887 640 profectus
1937 568 2022 622 est
2059 567 2207 622 Con-

559 663 817 722 stantius
839 661 1139 734 jussitquc
1161 659 1464 733 synodum
1491 657 1804 716 Mediolani
1829 655 1976 712 ﬁeri.

635 941 721 993 I7.
775 937 1023 1003 Interea,
1054 934 1120 988 ut
1147 933 1355 987 narrat
1403 931 1788 996 Sozomenus,
1821 943 1961 985 cum
2008 926 2205 983 Antio-

559 1026 757 1082 chiam
789 1022 1211 1080 convenissent
1236 1020 1544 1076 Narcissus
1570 1017 1917 1090 Irenopolis,
1946 1020 2004 1073 et
2029 1016 2209 1071 Theo-

539 1115 742 1172 ‘dorus
764 1109 1451 1180 Heracleae,etEugenius
1483 1109 1586 1180 qui
1613 1105 1939 1178 Theognidi
1969 1105 2207 1162 Nicaeno

557 1207 926 1263 successerat
971 1207 1027 1259 et
1069 1200 1439 1274 Petrophilus
1485 1198 1884 1271 Scythopolis,
1935 1201 1991 1252 et
2019 1200 2210 1254 Meno-

558 1296 822 1369 phantus
871 1291 1090 1366 Ephesi
1138 1295 1195 1347 et
1245 1289 1344 1346 alii
1383 1305 1572 1362 prope
1622 1289 1883 1357 triginta,
1918 1285 2210 1342 universis

557 1385 854 1459 episcopis
910 1387 1121 1439 contra
1172 1379 1570 1436 Athanasium
1618 1378 1930 1448 scripsere.
1981 1378 2209 1454 Conve-

554 1478 778 1531 nerunt
848 1477 1050 1527 autem
1115 1468 1515 1526 Mediolanum
1589 1467 1768 1539 pauci
1823 1465 2072 1538 quidem
2137 1482 2210 1522 ex

559 1565 814 1629 Oriente,
877 1561 1006 1617 aliis
1067 1557 1555 1633 praetexentibus,
1610 1561 1676 1612 ut
1729 1555 2047 1612 verisimile
2095 1560 2206 1621 est,

559 1655 923 1710 senectutem
953 1653 1056 1707 aut
1082 1648 1363 1704 morbum
1387 1651 1491 1704 aut
1509 1645 1732 1702 itineris
1756 1645 2205 1711 difficultatem;

2317 473 2461 543 παρὰ
2489 483 2588 525 τῶν
2615 475 2776 528 αὐτοῦ
2813 485 3119 551 στρατηγῶν
3142 479 3167 529 ό
3198 485 3527 552 τυραννήσας
3556 483 3757 557 Ῥώμης
3776 495 3923 560 Μαγ-

2317 564 2522 634 νέντιος,
2555 570 2644 618 καὶ
2676 569 2844 640 ἕτερος
2894 571 3138 644 τύραννος
3172 569 3212 640 ᾧ
3264 569 3502 634 mam;
3545 577 3706 647 ὄνομα
3729 593 3742 607 ’
3784 582 3921 633 κατὰ

2317 651 2508 711 πολλὴν
2557 660 2728 707 τοίνυν
2759 654 2939 710 ἄδειαν
2971 656 3054 710 ἐπὶ
3102 663 3197 716 τήν
3245 660 3602 736 πρεσϐυτέραν
3639 664 3845 738 Ῥώμην
3893 670 3920 721 ό

2318 744 2674 806 Κωνστοίντιος
2699 747 2832 821 ὁρμή
2844 767 2957 818 σας,
2983 747 3240 802 ἐκέλευσεν
3270 748 3319 802 ἐν
3349 748 3654 826 Μεδιολάνῳ
3679 759 3920 828 γενέσθαι

2319 829 2559 889 σύνοδον.

2391 921 2478 982 ιζ.
2533 925 2612 978 Ἐν
2668 928 2857 999 τούτῳ,
2914 928 3052 980 καθά
3102 947 3261 1000 φησιν
3315 929 3628 1003 Σωξόμενοςθ
3687 934 3758 997 είς
3799 937 3918 990 Ἀν’

2315 1014 2551 1082 τιόχειαν
2618 1016 2940 1077 συνελθόντες
3011 1019 3314 1092 Νάρκισσος
3384 1021 3408 1072 6
3471 1021 3909 1097 Εἰρηνουπόλεως,

2317 1105 2406 1152 καὶ
2459 1100 2731 1178 Θεόδωρος
2783 1104 3112 1180 Ἡρακλείας,
3169 1113 3260 1160 καὶ
3299 1108 3535 1180 Εύγένιος
3583 1113 3608 1163 6
3649 1109 3920 1186 διάδοχος

2317 1188 2599 1262 Θεόγνιδος
2663 1202 2754 1246 τοῦ
2819 1199 3061 1264 Νικαίας,
3118 1201 3207 1248 καὶ
3270 1199 3591 1271 Πατρόφιλος
3659 1205 3924 1257 Σκυθοπό-

2317 1278 2460 1348 λεως,
2514 1287 2603 1334 καὶ
2658 1287 2995 1356 Μηνόφαντος
3050 1287 3075 1338 6
3146 1285 3382 1358 Ἐφέσου,
3436 1293 3525 1340 καὶ
3577 1289 3722 1343 ἄλλοι
3784 1290 3922 1366 ἀμφὶ

2318 1370 2616 1443 τριάκοντα,
2670 1373 2900 1445 ἔγραψαν
2946 1382 3052 1435 τοῖς
3098 1384 3376 1447 πανταχοῦ
3433 1376 3734 1441 ἐπισκόποις
3783 1386 3926 1434 κατά

2321 1454 2632 1513 Ἀθανασίου
2668 1479 2679 1490 ·
2748 1463 3000 1522 συνῆλθον
3052 1461 3110 1516 δὲ
3153 1464 3220 1525 εἰς
3269 1469 3327 1517 τὸ
3376 1464 3695 1522 Μεδιόλανον
3750 1470 3935 1544 ὀλίγοι-

2318 1547 2407 1616 μὲν
2447 1545 2501 1597 ἐκ
2555 1557 2648 1610 τῆς
2706 1549 2827 1621 Ἕω,
2875 1559 2974 1604 τῶν
3025 1552 3210 1620 ἄλλων,
3262 1555 3330 1615 ὡς
3379 1555 3535 1623 εἰκός,
3585 1576 3925 1631 προφασισα-

2316 1638 2477 1704 μένων
2529 1645 2693 1712 γῆρας
2740 1640 2769 1698 ᾖ
2830 1645 2978 1692 νόσον
3020 1641 3047 1698 ή
3101 1637 3405 1716 ὁδοιπορίαν
3448 1649 3652 1720 μακράν
3683 1663 3694 1676 ⁸
3753 1650 3809 1700 ἑκ
3858 1646 3925 1702 δὲ

558 1759 632 1800 ex
675 1740 992 1798 Occidente
1021 1743 1223 1796 autem
1253 1736 1597 1808 congregati
1637 1741 1776 1791 sunt
1806 1735 1961 1792 ultra
1984 1739 2200 1791 trecen-

2315 1733 2412 1777 τῶν
2476 1725 2755 1800 Ἐσπερίων
2821 1730 2946 1802 ὑπὲρ
3011 1733 3130 1792 τούς
3189 1738 3540 1803 τριακοσίους.
3614 1735 3924 1799 Ἀξιούντων

555 1838 670 1890 tos.
726 1829 1124 1888 Orientalibus
1182 1827 1361 1898 igitur
1413 1827 1667 1896 dignum
1724 1825 2204 1882 existimantibus

557 1936 944 1978 communem
993 1918 1131 1975 ferri
1159 1921 1366 1974 contra
1399 1915 1790 1972 Athanasium
1824 1915 2201 1985 sententiam,

553 2011 894 2067 restiterunt
920 2007 1168 2081 quidam
1201 2022 1272 2062 ex
1302 2003 1773 2062 occidentalibus
1805 2004 1911 2076 qui
1940 2005 2075 2060 etin
2107 2021 2206 2060 ex-

554 2100 750 2156 silium
803 2097 973 2155 missi
1021 2101 1180 2166 sunt,
1227 2099 1292 2152 ut
1337 2093 1602 2151 Liberius
1657 2096 1876 2160 Romae,
1919 2094 2204 2150 Paulinus

551 2189 814 2247 Treveris
848 2187 909 2244 in
957 2187 1177 2255 Galliis,
1211 2185 1533 2258 Dionysius
1583 2183 1750 2239 Albae
1780 2185 1843 2239 in
1873 2183 2058 2252 Italia,
2094 2188 2202 2240 Eu-

545 2280 754 2336 sebius
775 2277 1160 2334 Vercellensis
1189 2275 1250 2332 in
1291 2277 1547 2347 Liguria,
1580 2276 1810 2332 Lucifer
1832 2274 2201 2330 Carallarum

549 2371 614 2426 in
671 2368 966 2436 Sardinia,
1005 2371 1064 2424 et
1109 2366 1363 2424 Hilarius
1421 2365 1810 2422 Pictaviensis
1843 2365 1904 2420 in
1936 2364 2204 2421 secunda

549 2457 892 2531 Aquitania.

618 2548 707 2604 18.
760 2546 966 2603 Soluta
1011 2548 1213 2601 autem
1258 2543 1479 2602 infecta
1505 2560 1569 2601 re
1599 2544 1854 2617 synodo,
1897 2543 2201 2600 Eudoxius

548 2635 937 2694 Germanicim
967 2651 1107 2690 cum
1146 2633 1450 2690 didicisset
1500 2637 1808 2690 mortuum
1847 2649 1980 2689 esse
2021 2637 2202 2689 Leon-

545 2726 696 2783 tium
727 2724 1052 2782 Antiochia:
1077 2723 1138 2780 in
1171 2724 1360 2797 Syria,
1385 2723 1712 2797 postulavit
1737 2723 1814 2780 ab
1840 2723 2200 2796 imperatore

545 2819 610 2871 ut
645 2814 838 2872 redire
885 2818 1092 2887 posset
1121 2815 1312 2869 Roma
1359 2814 1815 2879 Germaniciam,
1848 2828 1981 2885 quae
2009 2813 2200 2886 ipsius

542 2905 804 2961 reditum
833 2903 1134 2976 cupiebat.
1166 2902 1339 2968 Quod
1368 2919 1507 2958 cum
1553 2903 1930 2966 obtinuisset,
1959 2902 2200 2958 sortitus

543 2997 634 3051 est
679 2992 1076 3060 Antiochiam,
1110 2995 1167 3048 et
1190 2991 1552 3049 Arianorum
1594 2991 1814 3063 favore,
1864 2992 2197 3064 praesertim

2315 1815 2403 1868 οὖν
2427 1823 2528 1867 τῶν
2560 1815 2874 1870 ἀνατολικῶν
2904 1824 3078 1878 κοινήν
3110 1818 3414 1896 ἐκφέρεσθαι
3442 1826 3574 1876 κατὰ
3597 1825 3922 1881 Ἀθανασίου

2312 1903 2507 1976 ψῆφον,
2561 1903 2884 1964 ἀντέστησαν
2933 1928 3061 1970 τινες
3116 1918 3218 1961 τῶν
3258 1909 3508 1985 ἐσπερίων
3558 1916 3606 1965 οἰ
3653 1919 3740 1966 καὶ
3783 1920 3923 1990 πρὸς

2315 1996 2590 2068 ὑπερορίαν
2619 1997 2976 2068 ἐπέμφθησαν,
3029 1999 3134 2052 οἷον
3181 1999 3422 2074 Λιϐἐριος
3461 2000 3730 2076 όῬὼμης,
3773 2013 3920 2059 Παυ-

2312 2085 2442 2146 λῖνος
2473 2087 2498 2137 6
2541 2085 2824 2160 Τριϐἐρεως
2856 2096 2951 2149 τῆς
2979 2087 3026 2140 ἐν
3072 2089 3329 2154 Γαλλίαις,
3365 2095 3630 2155 Διονύσιος
3659 2096 3684 2146 6
3713 2094 3917 2159 ’Λλϐης

2312 2183 2407 2236 τῆς
2445 2177 2492 2226 ἐν
2525 2175 2739 2245 Ἰταλίᾳ,
2782 2177 3076 2239 Εὗσέϐιοςό
3118 2179 3399 2254 Βερκέλλων
3453 2190 3548 2243 τῆς
3601 2188 3915 2257 Λιγουρίας,

2312 2268 2572 2337 Λουκίφερ
2620 2265 2646 2315 6
2705 2265 2978 2339 Καράλλων
3031 2274 3121 2327 τῆς
3151 2263 3464 2340 Σαρδανίας,
3499 2275 3589 2323 καὶ
3627 2271 3842 2346 Ἰλοίριος
3891 2277 3919 2328 6

2314 2353 2582 2406 Πικτάϐων
2613 2356 2642 2414 ἣ
2672 2358 2924 2427 Ποτάμων
2954 2364 3050 2417 τῆς
3081 2353 3326 2430 δευτέρας
3349 2359 3696 2422 ’Λκυῑτανίας.

2385 2530 2469 2590 ιη’.
2503 2532 2800 2606 ’Δπράκτου
2861 2531 2921 2586 δὲ
2975 2543 3068 2596 τῆς
3129 2534 3356 2589 συνόδου
3407 2539 3603 2601 ταύτης
3651 2536 3923 2594 διαλυθεί-

2312 2641 2426 2688 σης,
2498 2619 2752 2685 Εύδόξιος
2825 2625 2850 2676 6
2927 2630 3292 2698 Γερμανικείας
3365 2627 3673 2688 τελευτῆσαι
3736 2633 3924 2702 μαθὼν

2310 2714 2549 2762 Λεόντιον
2598 2714 2685 2763 τὸν
2736 2714 3064 2784 Ἀντιοχείας
3114 2724 3205 2775 τῆς
3253 2718 3391 2768 κατὰ
3447 2721 3655 2792 Συρίαν,
3719 2715 3920 2778 ἐδεήθη

2308 2806 2400 2850 τοῦ
2471 2797 2732 2871 βασιλέως
2806 2799 3093 2855 ἐπανελθεῖν
3161 2801 3262 2856 ἀπὸ
3325 2804 3524 2877 Ῥώμης
3579 2805 3646 2867 εἰς
3713 2813 3924 2882 Γερμα-

2306 2892 2520 2956 νικείαν,
2563 2891 2627 2949 ὡς
2679 2892 2993 2963 χρῃζούσης
3037 2891 3196 2944 αὐτοῦ
3241 2901 3336 2955 τῆς
3374 2897 3620 2958 τοιαύτης
3676 2895 3874 2959 πόλεως
3905 2915 3918 2929 ·

2308 2975 2603 3052 ἐπιτραπεὶς
2677 2975 2765 3031 οὖν
2839 2987 3014 3048 τοῦτο,
3083 2981 3342 3053 κατελαχε
3416 2988 3510 3041 τὴν
3561 2984 3918 3060 Ἀντιόχειαν,

541 3098 682 3140 vero
705 3082 1013 3153 regiorum
1044 3081 1483 3144 cunuchorum,
1521 3080 1635 3137 sibi
1663 3081 1844 3152 hujus
1870 3063 2050 3137 urbis
2079 3081 2197 3153 epi-

2311 3071 2397 3118 καὶ
2442 3063 2649 3139 σπουδῇ
2702 3077 2800 3120 τῶν
2833 3068 3125 3140 Ἀρειανῶν,
3180 3071 3414 3143 μάλιστα
3445 3069 3504 3124 δὲ
3557 3081 3656 3124 τῶν
3708 3071 3922 3127 ϐασιλιο

539 3165 859 3244 scopatum
907 3173 1218 3226 assecutus
1251 3173 1360 3226 est.
1407 3172 1693 3226 Caeterum
1733 3169 1907 3225 rediit
1934 3169 2012 3225 ad
2052 3169 2198 3225 Aetii

540 3261 880 3317 doctrinam
940 3259 1292 3314 dissimilem
1354 3259 1508 3314 Patri
1569 3258 1781 3314 Filium
1857 3257 2194 3326 docentem,

539 3366 666 3406 una
696 3365 834 3404 cum
867 3347 1065 3403 Acacii
1115 3351 1422 3418 Caesareae,
1457 3350 1513 3402 et
1542 3346 1742 3403 Uranii
1772 3347 1907 3418 Cyri
1933 3346 2198 3420 episcopi

541 3437 900 3496 fautoribus.
950 3436 1234 3506 Georgius
1261 3441 1465 3492 autem
1495 3435 1802 3491 Laodiceae
1833 3435 1908 3492 de
1932 3436 2048 3492 hac
2088 3439 2196 3492 Eu—

541 3528 704 3585 doxii
755 3525 1144 3583 innovatione
1176 3525 1410 3581 monuit
1450 3523 1731 3580 Basilium
1775 3527 2041 3597 Ancyrae,
2087 3529 2199 3582 Ma-

539 3619 864 3675 cedonium
888 3615 1280 3688 Mopsuestiae,
1303 3620 1359 3671 et
1387 3619 1782 3688 Necropmum
1805 3615 2193 3684 Nicomediae;

539 3709 666 3782 qui,
713 3706 1018 3763 Eustathio
1073 3704 1356 3774 Sebastae,
1409 3707 1466 3760 et
1513 3703 1744 3760 Eleusio
1777 3704 1962 3776 Cyzici
2005 3705 2197 3775 juncti

533 3795 892 3869 imperatori
943 3794 1106 3866 quod
1142 3791 1464 3848 accidisset
1506 3791 1881 3860 indicavere;
1913 3797 2193 3863 rogantes

538 3890 608 3943 ut
630 3903 702 3942 ea
728 3885 880 3941 ﬁdes
909 3881 1261 3957 praevaleret
1312 3897 1448 3955 quae
1479 3881 1620 3938 dicit
1651 3881 1859 3937 Filium
1894 3897 2019 3937 non
2056 3898 2196 3938 con-

543 3973 1024 4042 substantialem,
1050 3971 1156 4027 sed
1182 3971 1436 4028 similem
1459 3974 1676 4027 natura
1708 3971 1878 4042 Patri,
1916 3971 2042 4028 sive
2072 3987 2196 4028 non

534 4061 1141 4124 consubstantialem;
1166 4063 1224 4117 et
1243 4064 1307 4116 ut
1332 4060 1372 4116 ii
1388 4060 1492 4132 qui
1514 4059 2084 4116 consubstantialem
2111 4059 2197 4114 di-

539 4158 765 4222 cerent,
788 4151 1254 4224 deponerentur.
1281 4149 1377 4205 His
1405 4149 1684 4221 precibus
1708 4164 1982 4204 annuens
2014 4149 2197 4221 impe-

542 4247 725 4306 rator,
759 4256 914 4313 quas
959 4238 1278 4311 caeteroqui
1310 4237 1387 4294 ab
1436 4237 1565 4294 aliis
1596 4237 1894 4310 episcopis
1923 4237 2199 4293 laudatas

543 4330 898 4404 reperiebat,
930 4344 1151 4400 nempe
1181 4345 1218 4384 a
1249 4327 1487 4383 Valente
1517 4329 1743 4394 Mursae,
1787 4326 2027 4383 Ursacio
2057 4327 2199 4396 Sigi-

2309 3165 2407 3208 κῶν
2465 3157 2748 3229 εὐνούχων,
2788 3164 3153 3234 περιεποίησεν
3213 3161 3374 3233 ἑαυτῷ
3429 3167 3524 3222 τὴν
3579 3161 3762 3216 ἐνθάδε
3805 3163 3922 3218 ἐπι-

2309 3251 2511 3305 σκοπήν
2544 3269 2556 3280 ·
2621 3252 2710 3301 καὶ
2762 3248 2938 3301 λοιπὸν
2987 3248 3198 3322 ἔπανήει
3241 3254 3298 3303 τό
3349 3251 3548 3305 Ἀετίου
3591 3249 3767 3325 δόγμα
3824 3258 3920 3307 τόν

2307 3338 2424 3389 Υὶὸν
2458 3335 2696 3410 ἀνόμοιον
2727 3345 2798 3408 τῷ
2830 3343 3001 3411 Πατρὶ
3035 3336 3276 3412 δοξάζον,
3309 3340 3419 3412 οἶμα
3475 3348 3586 3404 τοῖς
3625 3344 3920 3415 ὁμόφροσιν

2309 3424 2533 3497 Ἀκακίῳ
2600 3434 2672 3496 τῷ
2742 3432 3056 3501 Καισαρείας
3129 3433 3219 3481 καὶ
3283 3430 3521 3503 Ούρανίῳ
3583 3439 3655 3502 τῷ
3717 3433 3918 3504 Τύρου.

2634 3512 2668 3567 δ
2672 3519 2694 3568 ὲ
2767 3517 2792 3567 6
2871 3513 3184 3578 Λαοδικείας

2649 3601 2908 3666 Εύδοξίου
3005 3612 3395 3681 νεωτεροποιίας
3495 3608 3742 3680 Βασιλείῳ
3841 3619 3919 3682 τῷ

2306 3690 2588 3766 Ἀγκύρας,
2658 3696 2748 3744 καὶ
2824 3694 3133 3766 Μακεδονίῳ
3209 3703 3280 3765 τῷ
3353 3695 3745 3767 Μοψουεστίας,
3821 3705 3919 3752 καὶ

2303 3785 2604 3854 Νεκροποίῳ
2657 3788 2728 3850 τῷ
2775 3778 3136 3854 Νικομηδείας
3176 3800 3188 3813 ·
3238 3786 3307 3851 οἳ,
3364 3784 3741 3858 προσλαϐόντες
3803 3787 3916 3839 Εὑ-

2307 3871 2520 3922 στάθιον
2559 3872 2645 3921 τὸν
2702 3869 3012 3932 Σεϐαστείας
3049 3877 3140 3924 καὶ
3199 3873 3462 3926 Ἐλεύσιον
3505 3878 3592 3926 τὸν
3653 3876 3914 3948 Κυζίκου,

2308 3519 2560 3587 Γεώργιος

2308 3606 2521 3661 τοιαύτη
2534 3626 2555 3666 ς

3277 3517 3536 3572 ἐπέστειλε
3623 3525 3743 3593 περὶ
3818 3531 3921 3586 τῆς

3005 3612 3395 3681 νεωτεροποιίας

2305 3967 2376 4029 τῷ
2432 3957 2643 4030 βασιλεῖ
2685 3962 2742 4010 τὸ
2801 3963 3011 4032 γεγονός
3064 3957 3354 4028 ἐδήλωσαν,
3417 3963 3679 4025 αἰτοῦντες
3716 3961 3918 4023 ἐκείνην

2306 4055 2508 4122 κρατεῖν
2555 4051 2649 4106 τήν
2700 4052 2879 4101 πίστιν
2932 4051 2960 4108 ἦ
3002 4049 3137 4122 λέγει
3166 4055 3252 4103 τὸν
3285 4054 3401 4104 Υἱόν
3455 4052 3560 4124 οὐχ
3609 4053 3913 4125 όμοούσιον,

2307 4137 2416 4190 ἀλλ’
2473 4139 2648 4210 ὅμοιον
2678 4147 2750 4209 τῷ
2778 4143 2946 4212 Πατρὶ
2981 4141 3096 4192 κατ’
3135 4141 3318 4194 οὐσίαν
3365 4145 3465 4194 εἴτε
3504 4141 3869 4214 ἀνομοιούσιον
3898 4159 3914 4174 ⁸

2308 4229 2424 4287 τοὺς
2471 4224 2528 4280 δὲ
2578 4227 2820 4300 λέγοντας
2870 4231 3147 4300 όμοούσιον
3199 4233 3589 4302 καθαιρεῖσθαι,
3634 4231 3919 4304 Δεξάμενος

2311 4312 2370 4367 δε
2420 4319 2514 4374 τήν
2555 4319 2761 4373 αἴτησιν
2801 4321 2995 4369 τούτων
3036 4319 3060 4369 6
3093 4318 3360 4391 βασιλεὺς,
3401 4324 3491 4371 καὶ
3532 4321 3687 4392 εὑρὼν
3715 4323 3918 4380 ταύτην

546 4421 741 4491 donis,
772 4420 1072 4475 Germano
1118 4417 1333 4485 Sirmii,
1366 4415 1663 4472 Auxentio
1710 4413 2039 4479 Mediolani,
2093 4417 2200 4470 De-

2315 4409 2782 4478 συνεπαινουμένην
2849 4411 2936 4458 καὶ
3002 4407 3124 4478 παρ’
3195 4409 3376 4483 ετέρων
3439 4406 3750 4478 ἐπισκόπων,
3809 4407 3920 4463 οἷον

546 4508 816 4582 mophilo
851 4512 1098 4564 Berruaae
1117 4506 1177 4562 in
1201 4506 1469 4570 Thracia,
1489 4505 1749 4560 decrevit
1778 4503 2201 4582 celebrandam

546 4581 680 4658 esse
710 4598 918 4654 Nicaeae
948 4595 1274 4669 synodum.
1299 4594 1733 4652 Recusantibus
1764 4597 1965 4649 autem
1997 4593 2068 4648 iis
2097 4581 2204 4666 qui

543 4690 972 4763 imperatorem
993 4684 1551 4752 circumdabant,eo
1567 4683 1728 4756 quod
1747 4683 1889 4738 olim
1906 4682 1966 4738 in
1985 4683 2200 4738 eadem

545 4779 696 4836 urbe
757 4777 832 4834 de
893 4775 1168 4832 doctrina
1225 4773 1583 4846 quaestiones
1632 4773 1866 4842 agitatae
1923 4771 2195 4841 fuissent,

543 4867 772 4941 placuit
815 4865 980 4921 illam
1025 4862 1384 4919 Nicomediae
1433 4861 1584 4917 ﬁeri.
1617 4863 1763 4919 Cum
1795 4865 1999 4916 autem
2029 4865 2196 4918 terra:

537 4962 747 5015 motus
777 4971 913 5013 eam
955 4953 1332 5019 vastavisset,
1381 4968 1623 5009 rursum
1661 4950 1965 5006 decretum
1997 4955 2085 5005 est
2133 4955 2198 5008 ut

543 5050 750 5106 Nicaeae
779 5047 946 5103 ﬁeret
971 5047 1263 5118 synodus.
1311 5047 1640 5117 Imperator
1689 5047 1890 5100 autem
1940 5042 2195 5100 mutavit

545 5139 921 5209 sententiam,
981 5143 1038 5196 et
1092 5136 1370 5195 Seleuciae
1425 5135 1486 5190 in
1544 5134 1770 5191 Isauria
1819 5149 1953 5189 eam
2005 5132 2194 5190 voluit

541 5231 914 5304 congregari.

609 5397 696 5452 19.
712 5393 1171 5450 Considerantes
1191 5389 1389 5446 autem
1412 5387 1451 5444 ii
1471 5387 1577 5461 qui
1604 5386 1856 5442 Eudoxii
1885 5389 2085 5458 partes
2108 5389 2188 5444 te—

533 5485 758 5543 nebant
774 5484 900 5541 fore
929 5485 995 5537 ut
1022 5495 1142 5536 non
1169 5483 1413 5552 possent
1441 5476 1726 5534 omnibus
1747 5477 2043 5549 episcopis
2064 5492 2185 5534 una

530 5574 906 5648 congregatis
926 5569 1291 5645 persuadere
1320 5573 1387 5626 ut
1405 5567 1695 5626 dissimile
1717 5569 2071 5641 acciperent,
2090 5584 2183 5641 sy-

2314 4493 2597 4556 Οὖάλεντος
2651 4498 2925 4568 Μούρσης,
2993 4496 3293 4560 Οὖρσακίου
3364 4493 3662 4568 Σιγηδόνος,
3723 4504 3919 4571 Γερμι-

2311 4587 2421 4636 νίου
2475 4589 2704 4657 Σιρμίου,
2756 4585 3032 4647 Αύξεντίου
3071 4583 3423 4648 Μεδιολάνων,
3468 4586 3764 4659 Δημοφίλου
3796 4588 3918 4663 Βερ-

2307 4672 2450 4745 ῥοίας
2478 4680 2572 4734 τῆς
2622 4675 2858 4745 Θρᾴκης,
2908 4676 3097 4747 ἔκρινεν
3138 4671 3429 4726 ἐπιτελέσαι
3470 4670 3690 4726 σύνοδον
3729 4673 3777 4726 ἐν
3816 4683 3920 4728 Νι-

2308 4766 2452 4833 καίᾳ.
2509 4765 2986 4835 Παραιτησαμένων
3027 4758 3085 4814 δὲ
3119 4771 3218 4814 τῶν
3265 4761 3397 4836 ἀμφὶ
3451 4761 3789 4835 τὸνβασιλέα
3820 4761 3921 4818 διὰ

2305 4854 2364 4903 τὸ
2400 4855 2489 4904 καὶ
2517 4851 2678 4904 παλαι
2721 4849 2902 4904 ἐνθάδε
2930 4855 3024 4910 τήν
3058 4858 3177 4924 περὶ
3218 4859 3307 4903 τοῦ
3349 4850 3613 4924 δόγματος
3643 4852 3918 4926 σύμϐῆναι

2308 4941 2552 5006 ζήτησιν,
2581 4938 2725 5004 ἔδοξε
2756 4945 2950 5000 ταύτην
2989 4943 3037 4992 ἑν
3088 4938 3425 5014 Νικομηδείᾳ
3469 4944 3710 5013 γενέσθαι
3734 4960 3746 4971 ο
3802 4963 3917 4996 σει-

2306 5039 2442 5104 σμοῦ
2501 5027 2561 5083 δὲ
2617 5030 2745 5104 αὐτῇ
2808 5028 3180 5102 ἐνσκήψαντος,
3224 5030 3376 5083 πάλιν
3434 5030 3612 5104 ἐκρίθη
3661 5034 3911 5103 γενέσθαι

2303 5125 2398 5179 τήν
2432 5115 2649 5172 σύνοδον
2681 5119 2728 5171 ἐν
2753 5124 2950 5191 Νικαίᾳ
2973 5136 2984 5148 ·
3021 5117 3561 5192 μεταϐουλευσάμενος
3612 5115 3662 5172 δ’
3694 5122 3718 5172 6
3752 5119 3920 5193 βασι⁸

2302 5208 2432 5279 λεύς,
2462 5207 2511 5260 ἐν
2543 5208 2805 5281 Σελευκείᾳ
2825 5213 2930 5272 ίτῆς
2958 5209 3218 5284 Ἰσαυρίας
3251 5209 3414 5267 αὐτήν
3446 5209 3695 5268 ἠθελησεν
3735 5209 3919 5286 ἁθροι-

2302 5301 2517 5358 σθῆναι,

2371 5387 2456 5443 ιθ’.
2490 5389 2840 5460 Λογισιὶμενοι
2872 5384 2932 5441 δε
2980 5390 3029 5441 οἱ
3076 5391 3193 5462 περὶ
3249 5383 3500 5451 Εύδόξιον
3543 5389 3627 5455 ὡς,
3670 5387 3915 5445 ἁπάντων

2295 5478 2425 5549 ὁμοῦ
2491 5486 2588 5530 τῶν
2655 5476 2950 5530 ἐπισκόπων
3007 5475 3415 5552 ἀθροιζομένων,
3461 5476 3556 5529 ούκ
3605 5476 3664 5528 ἂν
3722 5479 3916 5543 αύτούς

2294 5564 2562 5626 δυνηθεῖεν
2614 5573 2793 5621 πεῖσαι
2849 5571 2908 5619 τὸ
2975 5565 3216 5640 ἀνόμοιον
3272 5562 3699 5641 παραδέξασθαι,
3765 5589 3915 5643 μερι-
