4106 6296
190 260 243 316 ιε
1541 264 1891 324 THESAURI
1928 265 2058 323 LIB.
2097 268 2190 325 VI.
3514 271 3587 329 26

209 389 396 454 σθείσης
429 386 498 444 δ¹ε
549 398 659 456 τῆς
711 387 959 447 συνόδου
997 392 1117 468 ῥᾷον
1142 396 1388 447 πείσουσι
1448 396 1571 456 τοὺς
1596 390 1818 462 ὀλίγους,

1937 391 2102 448 nodo
2129 397 2330 453 autem
2355 394 2680 454 dissociata
2707 394 2940 453 facilius
2964 396 3089 453 fore
3117 399 3183 453 ut
3207 395 3417 469 paucis
3444 411 3584 470 per-

214 484 628 555 παρεσκεύασαν,
667 487 1120 559 συμπραττόντων
1170 483 1349 547 αὐτοῖς
1398 491 1494 536 τῶν
1543 481 1824 553 εὐνούχων,

223 566 299 625 δύο
317 573 569 642 γενέσθαι
604 573 712 634 τὰς
754 567 1035 641 συνόδους,
1064 579 1163 624 τῶν
1204 574 1295 645 μὲν
1326 570 1573 643 ἐσπερίων
1618 570 1830 623 ἑπισκότ

226 679 314 712 των
350 659 402 713 ἓν
438 659 714 733 Ἀριμίνου
754 668 859 724 τῆς
902 660 1144 730 Ἰταλίας,
1174 668 1275 713 τῶν
1305 657 1365 714 δὲ
1396 660 1529 732 ἑῴων
1568 658 1617 713 ἦν
1645 659 1826 713 Σελευ-

227 754 325 823 κείᾳ
348 758 447 811 τῆς
476 750 768 824 ’Ῑσαυρίας
792 771 806 784 ·
855 754 947 803 καὶ
991 751 1074 804 ἵνα
1112 752 1179 803 τὰ
1212 750 1377 804 πολλὰ
1420 752 1704 823 συντέμνω,
1732 754 1827 801 τοῦ

231 847 309 902 τῆς
328 845 599 914 μακαρίας
626 840 832 903 λήξεως
858 839 1064 894 Παύλου
1090 843 1175 893 τόν
1203 848 1294 902 τῆς
1333 839 1605 913 ὁμολογίας
1634 842 1824 911 στέφα-

225 949 299 982 νον
338 928 626 1002 εἰληςθότος,
699 927 1065 1000 ἂντεισοὲγεται
1113 926 1457 997 Μακεδόνιος,
1497 931 1562 989 ὡς
1624 929 1685 979 ἄν
1744 947 1827 990 τις

229 1020 337 1092 circ
364 1023 551 1081 σκότος
586 1019 790 1093 ἡμέρας
837 1014 1121 1091 διάδοχον·
1160 1018 1258 1071 Ἦν
1308 1015 1369 1072 δὲ
1404 1020 1469 1071 τὰ
1516 1020 1606 1091 μὲν
1642 1025 1826 1092 πρῶτα

227 1112 606 1182 συμφερόμενος
633 1115 747 1170 τοῖς
793 1113 915 1183 περὶ
946 1106 1188 1162 Ἀκοίκιον
1235 1110 1323 1161 τὸν
1380 1112 1694 1181 Καισαρείας
1728 1115 1825 1169 τῆς

225 1196 602 1260 Παλαιστίνης,
631 1201 724 1249 καὶ
754 1200 873 1249 οὔτε
923 1198 1221 1270 όμοιούσιον
1261 1205 1334 1269 τῷ
1362 1201 1529 1271 Πατρὶ
1574 1196 1711 1268 ἔλεγε
1737 1198 1823 1248 τόν

216 1288 359 1355 Υἰόν,
426 1285 537 1339 ἀλλ’
567 1286 785 1359 ὅμοιον·
846 1289 977 1360 μετὰ
1036 1283 1095 1340 δέ
1153 1291 1212 1340 τό
1274 1288 1649 1362 καθαιρεθῆναι
1692 1288 1823 1360 πρὸς

214 1374 419 1428 ἐκείνων
444 1374 913 1448 ἀποχρησαμένων
1031 1377 1147 1429 κατ’
1181 1376 1341 1429 αὐτοῦ
1373 1375 1500 1450 ὀργῇ
1533 1382 1624 1427 τοῦ
1654 1373 1821 1447 βασι-

212 1465 339 1526 λέως
385 1472 777 1533 Κωνσταντίου,
825 1466 900 1527 οἷς
946 1469 1033 1518 τόν
1077 1469 1254 1540 νεκρόν
1294 1472 1388 1519 τοῦ
1439 1469 1632 1540 πατρὸς
1661 1465 1822 1518 αὐτοῦ

213 1560 617 1608 Κωνσταντίνου
680 1562 773 1608 τοῦ
836 1555 1078 1627 Μεγάλου
1151 1560 1464 1631 παρεκίνησε
1496 1597 1510 1622 ,
1568 1560 1658 1607 καὶ
1720 1562 1821 1607 τῶν

213 1642 442 1697 ἐντεῦθεν
483 1653 699 1717 σφαγῶν
725 1643 947 1718 ἀνεφάνη
989 1648 1169 1716 αῖτιος,
1199 1650 1317 1719 περὶ
1354 1641 1414 1698 δὲ
1440 1646 1632 1697 τούτων
1661 1644 1820 1697 εἰπεῖν

1939 482 2282 552 suaderent,
2309 490 2672 541 curaverunt
2697 501 2769 543 ex
2792 485 3212 543 cunuchorum
3232 486 3584 543 auctoritate

1934 574 2000 627 ut
2027 571 2164 629 duae
2194 573 2410 646 synodi
2426 574 2654 644 ﬁerent,
2672 574 3137 633 occidentalium
3153 576 3583 649 episcoporum

1934 659 2203 719 Ariminii
2229 663 2292 720 in
2318 663 2504 733 Italia,
2534 664 2912 722 orientalium
2953 670 3157 723 autem
3209 665 3490 723 Seleuciae
3520 667 3581 723 in

1934 751 2179 808 Isauria.
2209 756 2401 826 Atque
2439 759 2505 810 ut
2532 754 2884 811 brevissime
2905 755 3121 822 dicam,
3153 754 3346 812 beata:
3376 754 3583 811 condio

1932 840 2111 897 tionis
2142 842 2328 899 Paulo
2354 843 2755 901 confessionis
2797 859 3084 902 coronam
3114 845 3336 917 adepto
3366 844 3584 902 sufﬁci-

1931 933 2031 986 tur
2059 932 2464 1002 Macedonius,
2490 936 2558 990 ut
2601 934 2683 989 ita
2731 933 2948 1001 dicam,
2989 934 3163 1006 quasi
3200 938 3337 1007 post
3382 933 3582 991 lucem

1931 1018 2208 1075 tenebrae.
2243 1023 2378 1077 Erat
2407 1026 2611 1077 autem
2659 1021 2924 1095 primum
2974 1021 3175 1078 Acacii
3209 1023 3491 1080 Caesarea:
3517 1021 3580 1078 in

1933 1108 2253 1165 Palaestina
2281 1109 2524 1167 asseclis
2554 1111 2930 1167 consentiens
2955 1126 3153 1184 neque
3188 1111 3398 1167 Filium
3428 1110 3583 1168 Patri

1930 1196 1994 1253 in
2023 1196 2358 1255 substantia
2389 1199 2644 1257 similem
2676 1216 2812 1256 esse
2840 1199 3097 1267 dicebat,
3122 1199 3228 1255 sed
3250 1204 3485 1257 tantum
3507 1200 3582 1256 si-

1930 1286 2169 1354 milem;
2214 1294 2541 1361 postquam
2584 1293 2786 1345 autem
2820 1288 3129 1362 depositus
3149 1294 3239 1345 est
3267 1288 3346 1345 ab
3374 1288 3446 1345 iis
3476 1288 3582 1361 qui

1932 1377 2272 1433 Constantis
2323 1378 2700 1450 imperatoris
2755 1378 2846 1434 ira
2897 1378 3305 1434 abrtnhnntur
3347 1377 3409 1433 in
3439 1393 3582 1434 eum

1929 1464 2299 1536 indignantis
2347 1482 2418 1522 eo
2467 1467 2636 1540 quod
2680 1468 3048 1523 Constantini
3100 1467 3285 1539 patris
3323 1467 3583 1524 cadaver

1928 1553 2061 1611 loco
2089 1561 2361 1612 moverat
2385 1562 2442 1614 et
2459 1557 2714 1613 recentis
2744 1556 2927 1613 cedis
2942 1572 3129 1613 causa
3152 1557 3349 1612 fuerat
3366 1556 3463 1629 (de
3488 1555 3580 1612 his

1928 1642 2191 1701 diximus
2220 1649 2434 1717 antea),
2465 1645 2820 1718 aliquandiu
2852 1662 3037 1719 prope
3080 1645 3260 1719 Pylas
3284 1644 3579 1717 Bithyniae

213 1734 460 1806 ἕφθημεν,
495 1729 727 1808 διέτριϐε
754 1736 846 1807 μὲν
887 1736 959 1796 ε’ίς
992 1754 1044 1787 τι
1073 1739 1192 1808 περὶ
1236 1733 1410 1796 Πύλας
1450 1742 1546 1797 τῆς
1585 1735 1818 1794 Βιθυνίας

1929 1733 2129 1791 locum
2171 1740 2582 1792 commoratus
2637 1740 2750 1807 est,
2800 1735 2905 1791 ubi
2936 1740 2993 1792 et
3038 1739 3314 1791 mortuus
3339 1739 3448 1790 est.
3488 1733 3580 1790 Ad

214 1828 436 1897 χωρίον,
468 1824 593 1876 ἔνθα
618 1829 707 1875 καὶ
746 1822 1073 1882 ἐτελεύτησε*
1102 1820 1328 1907 πρόςβε
1363 1827 1487 1885 τοὺς
1514 1831 1607 1876 τοῦ
1647 1823 1819 1897 ἑτέρου

215 1915 402 1984 μέρους
454 1917 577 1971 ἤτοι
632 1915 752 1973 τοὺς
810 1911 1158 1987 Ἡμιαρείους,
1217 1918 1352 1985 φημὶ
1418 1910 1477 1966 δι
1528 1916 1650 1975 τοὺς
1688 1911 1821 1986 ἀμφὶ

218 2007 471 2076 Γεωργισν
516 2005 610 2054 τὸν
659 1999 981 2065 Λαοδικείας
1036 2007 1124 2055 καὶ
1176 2002 1438 2055 Βασίλειον
1493 2006 1578 2055 τόν
1636 2003 1821 2074 Ἀγκύ-

213 2110 329 2163 ρας,
373 2090 636 2156 ἀπέκλινε,
683 2095 775 2144 καὶ
820 2094 912 2145 τὸν
947 2094 1065 2145 Υὶόν
1102 2092 1214 2145 κατ’
1243 2091 1431 2154 αὐτοὺς
1477 2088 1822 2165 ἑδογμάτιξεν

216 2182 544 2252 ὁμοιούσιον.

282 2373 349 2434 κ’.
381 2377 753 2452 Αἱρεσιοίρχης
792 2373 853 2429 δέ
893 2375 1245 2450 φιλοτιμηθεὶς
1287 2376 1660 2453 ἀναρρηθῆναι,
1706 2398 1820 2431 και-

213 2469 413 2539 νοτερόν
452 2486 507 2518 τι
551 2469 966 2539 προσεπενόησε,
1025 2470 1115 2520 καὶ
1169 2464 1516 2542 σφοδρότερον
1573 2466 1820 2526 ἓλύττησε

213 2558 343 2608 κατὰ
398 2562 493 2608 τοῦ
560 2555 716 2627 ἁγίου
774 2558 1105 2628 Πνεύματος·
1168 2564 1322 2610 τοῦτο
1372 2560 1472 2633 γὰρ
1520 2562 1610 2610 καὶ
1663 2559 1713 2610 οἱ
1759 2560 1817 2611 τὸ

214 2645 515 2717 όμοιούσιον
542 2645 858 2717 εἰσάγοντες,
902 2649 995 2698 καὶ
1037 2648 1086 2698 οἱ
1122 2649 1181 2698 τό
1212 2648 1387 2719 ὅμοιον
1424 2645 1692 2723 ληροῦντες
1727 2656 1818 2709 τῆς

214 2733 392 2795 οὐσίας
445 2739 649 2807 χωρὶς,
699 2739 791 2787 καὶ
844 2731 1016 2796 ἁπλῶς
1061 2737 1109 2787 οἱ
1155 2733 1257 2789 ἀπὸ
1302 2734 1575 2811 Ἀρειανῶν
1636 2739 1819 2799 πάντες

212 2828 415 2896 κτίσμα
450 2827 545 2896 μὲν
572 2822 746 2896 ἔλεγον
784 2828 995 2876 καὶτοῦ
1024 2826 1146 2878 Υὶοῦ
1192 2822 1618 2899 καταδεέστερον,
1654 2827 1812 2899 ὅμως,

216 2908 267 2964 δ’
295 2909 380 2964 οὖν
410 2920 475 2986 τῇ
506 2912 640 2985 ἁγίᾳ
665 2909 841 2987 Τριοὲδ
847 2933 865 2964 ι
904 2914 1287 2987 συνηρίθμουν·
1335 2913 1484 2975 οὗτος
1514 2910 1573 2968 δὲ
1602 2916 1628 2966 6
1657 2917 1815 2968 κατα-

214 3020 366 3076 ρατος
392 3002 468 3065 εἰς
491 3005 589 3061 τὴν
627 2999 861 3077 Τριοίδος
890 3001 1018 3055 αὐτό
1049 3002 1310 3075 θεολογίαν
1343 3002 1813 3076 συναναλαμϐάνειν

1928 1838 2031 1880 eos
2060 1838 2197 1880 vero
2219 1824 2322 1896 qui
2340 1824 2587 1880 alteram
2611 1829 2843 1896 partem
2863 1824 3327 1889 constituebant,
3352 1823 3582 1880 Semia‘

1927 1913 2130 1969 rianos
2159 1928 2398 1986 nempe,
2445 1913 2685 1983 Georgii
2744 1913 3074 1983 Laodiceaa,
3103 1911 3299 1969 Basilii
3330 1915 3580 1985 Ancyrae

1927 2002 2190 2059 fautores
2214 2002 2552 2073 declinavit,
2584 2008 2639 2059 et
2672 2003 2904 2071 Filium,
2934 2003 3089 2059 sicut
3111 2006 3168 2059 et
3190 2001 3326 2079 ipsi,
3348 2002 3410 2058 in
3440 2000 3580 2058 sub-

1931 2092 2150 2148 stantia
2177 2091 2331 2149 Patri
2356 2091 2612 2148 similem
2637 2107 2769 2148 esse
2793 2091 3021 2151 docuit.

1998 2380 2091 2434 20.
2150 2378 2554 2436 Haeresiarcha
2610 2385 2809 2437 autem
2865 2379 3193 2437 renuntiari
3251 2381 3578 2453 peroptans

1926 2482 2153 2524 novum
2176 2469 2404 2542 aliquid
2431 2471 2807 2541 excogitavit,
2831 2474 2887 2526 et
2913 2470 2976 2527 in
2996 2468 3325 2544 quamdam
3356 2467 3578 2524 violen-

1926 2556 2136 2614 tiorem
2168 2557 2399 2614 rabiem
2431 2564 2642 2616 contra
2696 2559 2981 2633 Spiritum
3031 2563 3308 2616 sanctum
3346 2557 3574 2614 incidit.

1927 2644 2098 2702 Illum
2125 2648 2286 2703 enim
2315 2652 2372 2704 et
2400 2648 2505 2721 qui
2529 2648 2735 2705 Filium
2758 2648 3096 2705 substantia
3117 2647 3372 2704 similem
3390 2647 3577 2703 ﬁnxe-

1922 2740 2061 2792 rant
2097 2741 2155 2794 et
2207 2737 2313 2811 qui
2368 2739 2623 2795 similem
2665 2754 2795 2797 esse
2850 2739 3109 2797 dicendo
3156 2739 3576 2809 deliraverant,

1923 2832 2167 2899 excepta
2193 2827 2551 2896 substantia,
2585 2833 2772 2903 utque
2798 2844 2922 2886 uno
2951 2829 3138 2886 verbo
3158 2828 3379 2894 dicam,
3402 2831 3577 2901 quot-

1923 2921 2070 2990 quot
2098 2917 2351 2974 Arianas
2367 2924 2566 2991 partes
2596 2920 2900 2989 tenebant,
2928 2925 3264 2978 creaturam
3287 2919 3575 2992 Spiritum

1923 3004 2225 3078 dicebant,
2294 3007 2556 3081 Filioque
2617 3009 2952 3076 minorem,
3019 3008 3188 3065 illum
3247 3012 3448 3064 tamen
3512 3007 3575 3061 in

218 3088 476 3159 Ξέκλινεν,
508 3093 729 3164 ἄμοιρον
754 3088 886 3144 εἶναι
914 3090 1073 3163 λέγων
1103 3100 1202 3144 τῶν
1226 3094 1470 3145 τοιούτων
1502 3092 1811 3167 πρεσϐείων,

1929 3106 2135 3152 sancta
2162 3097 2440 3153 Trinitate
2493 3098 3036 3165 connumerabant,
3069 3097 3163 3153 ille
3211 3101 3412 3152 autem
3451 3108 3576 3151 sce-

219 3174 456 3232 διάκονόν
486 3199 543 3233 τε
562 3185 655 3233 καὶ
681 3182 951 3254 ὑπηρέτην
970 3179 1158 3252 καλῶν,
1185 3185 1275 3234 καὶ
1315 3184 1417 3234 ὅσα
1446 3186 1561 3258 περὶ
1592 3181 1814 3255 ἀγγέλων

215 3269 472 3341 τιςλάγων
502 3270 601 3321 οὐκ
638 3268 700 3321 ἂν
729 3268 960 3345 ἁμάρτοι
984 3291 998 3303 υ
1025 3271 1137 3323 ὅθεν
1173 3270 1328 3334 αὑτός
1374 3290 1430 3324 τε
1457 3276 1546 3324 καὶ
1590 3273 1620 3330 ἠ
1654 3272 1816 3325 αὐτοῦ

220 3362 481 3434 συμμορία
533 3361 979 3431 πνευματομάχοι
1016 3362 1160 3434 παρὰ
1197 3369 1296 3412 τῶν
1338 3356 1629 3435 ὄρθοδόξων
1669 3360 1816 3421 ἐκλή-

222 3446 402 3504 θησαν.
469 3447 724 3510 Ηῧξησαν
786 3445 846 3500 δι
914 3446 1145 3521 μάλιστα
1206 3453 1300 3508 τὴν
1364 3450 1563 3521 αἰρεσιν
1622 3453 1815 3510 ταύτην

218 3539 549 3611 Μαραθώνιος
596 3538 622 3589 6
678 3533 1069 3610 Νικομηδείας,
1125 3535 1208 3610 ἀφ’
1258 3538 1345 3591 οὖν
1401 3543 1491 3591 καὶ
1548 3542 1816 3614 Μαραθω-

217 3631 372 3678 veraci
399 3630 531 3702 πρός
559 3646 713 3678 τινων
765 3628 818 3678 οἱ
872 3623 1254 3680 Μακεδονιανοὶ
1292 3628 1694 3700 ὠνομάσθησαν,
1726 3634 1817 3683 καὶ

218 3712 471 3775 Tir-66w;
516 3717 544 3767 6
588 3715 850 3776 Κυζίκου.
908 3714 1193 3768 Ἰουλιανοῦ
1260 3712 1320 3770 δὲ
1385 3715 1814 3790 βασιλεύσαντος,

219 3800 393 3868 ἀδείας
428 3814 493 3879 τῇ
554 3809 924 3859 Κωνοταντίου
978 3804 1184 3879 τελευτῇ
1243 3805 1516 3881 λαϐόμενοι
1571 3812 1621 3862 οἱ
1657 3829 1815 3862 πνευ-

217 3896 520 3967 ματομοίχοι
555 3939 570 3965 ,
627 3895 696 3948 ὧν
755 3892 818 3953 ἦν
870 3894 1138 3958 Βασίλειος
1180 3897 1208 3948 6
1255 3894 1528 3973 ’Δγκύρας,
1579 3898 1818 3960 Σιλϐανός

220 3982 245 4033 6
294 3989 548 4059 Ταρσοῦ,
606 3983 905 4046 Εὖστάθιος
970 3985 995 4035 6
1061 3984 1406 4053 Σεϐαστείας,
1470 3986 1731 4049 Ἐλεύσιος
1790 3989 1816 4040 6

222 4072 469 4142 Κυζίκου,
534 4078 858 4135 Παυσίνικος
910 4074 938 4124 6
991 4073 1189 4143 Ζὴλων,
1259 4080 1500 4139 Λεόντιος
1543 4078 1570 4131 ό
1621 4079 1818 4150 Κωμά-

221 4180 328 4227 Wa,
358 4162 751 4236 Καλλίστρατος
783 4164 809 4215 6
856 4161 1300 4232 Καλλιουπόλεως,
1330 4165 1576 4238 Θεόφιλος
1616 4168 1641 4218 6
1678 4172 1818 4220 Κασ-

222 4250 460 4319 ταϐοἱὶων,
524 4256 815 4328 Σωφρόνιος
852 4253 879 4304 6
935 4252 1428 4325 Πομπηῑουπόλεως,
1468 4260 1557 4308 καὶ
1596 4258 1645 4308 οἱ
1690 4259 1817 4310 τού-

224 4357 312 4390 των
354 4343 651 4416 ὁμόφρονες,
698 4342 774 4404 εἰς
814 4337 957 4394 ἴδιον
1004 4344 1256 4416 σύστημα
1305 4340 1669 4419 διεκρίθησαν,
1725 4351 1817 4398 καὶ

1922 3184 2107 3240 lestus
2155 3183 2217 3239 in
2247 3184 2475 3241 Triadis
2517 3185 2816 3258 theologia
2867 3200 3007 3241 eum
3065 3182 3576 3257 comprehendere

1923 3273 2138 3337 renuit,
2173 3272 2304 3328 talis
2331 3272 2637 3343 dignitatis
2664 3289 2788 3331 non
2809 3274 3162 3347 participem
3184 3289 3316 3331 esse
3345 3273 3572 3345 dicens,

1923 3361 2391 3434 ministrumque
2416 3367 2474 3419 et
2494 3379 2736 3418 servum
2760 3379 2899 3419 eum
2921 3379 3170 3432 vocans,
3191 3363 3383 3436 iisque
3404 3367 3576 3419 utens

1922 3450 2274 3508 nominibus
2294 3451 2516 3524 quibus
2544 3468 2619 3508 ne
2650 3453 2848 3524 angeli
2877 3452 3125 3526 quidem
3153 3466 3579 3523 nuncuparen—
3632 3484 3637 3491 η

1923 3543 2035 3596 tur.
2053 3539 2220 3597 Unde
2236 3540 2362 3613 ipse
2388 3546 2446 3598 et
2465 3543 2596 3612 ejus
2617 3542 2882 3599 consocii
2896 3542 3144 3615 Spiritus
3157 3541 3348 3598 sancti
3368 3540 3575 3597 adver-

1927 3629 2068 3685 sarii
2087 3629 2164 3685 ab
2186 3630 2537 3686 orthodoxis
2565 3630 2850 3704 appellati
2870 3635 3026 3687 sunt.
3055 3634 3350 3688 Auxerunt
3374 3634 3576 3686 autem

1923 3717 2082 3774 hanc
2124 3718 2401 3774 haeresim
2452 3721 2857 3776 Marathonius
2896 3720 3275 3790 Nicomediae,
3307 3735 3341 3775 a
3371 3734 3495 3791 quo
3521 3721 3579 3774 et

1924 3808 2353 3865 Marathoniani
2385 3825 2422 3865 a
2472 3810 2779 3866 nonnullis
2819 3810 3229 3868 Macedoniani
3284 3808 3582 3865 nominati

1925 3896 2447 3965 sunt,etE1eusius
2491 3900 2703 3972 Cyzici.
2733 3898 2971 3955 Juliano
2994 3905 3197 3956 autem
3221 3899 3578 3969 imperante,

1925 3986 2303 4042 securitatem
2333 4003 2406 4043 ex
2435 3989 2763 4044 Constantii
2782 3992 2975 4043 morte
3001 3987 3201 4059 adepti
3222 3990 3578 4058 pneumato-

1925 4074 2145 4145 machi,
2171 4089 2242 4130 ex
2265 4091 2528 4148 quorum
2549 4091 2803 4133 numero
2825 4080 2997 4132 erant
3026 4074 3278 4132 Basilius
3304 4079 3577 4147 Ancyrae,

1928 4162 2205 4219 Silvanus
2231 4165 2415 4233 Tarsi,
2447 4165 2790 4221 Eustathius
2819 4164 3124 4234 Sebastiaa,
3174 4164 3440 4221 Eleusius
3470 4167 3583 4238 Cy-

1926 4252 2056 4321 zici,
2100 4253 2449 4309 Pausinicus
2480 4253 2773 4322 Zelarum,
2809 4256 3086 4312 Leontius
3116 4256 3418 4322 Comanae,
3449 4254 3580 4311 Cal-

1925 4340 2195 4398 listratus
2246 4341 2611 4416 Calliopolis,
2668 4345 3029 4417 Theophilus
3092 4344 3412 4413 Castabali,
3474 4346 3578 4402 So-

226 4427 591 4484 Μαχεδονιανοὶ
678 4430 959 4483 καλεῖσθαι
1037 4440 1260 4506 φανερῶς
1344 4433 1563 4508 ἤρξαντο
1597 4478 1611 4503 ,
1697 4454 1816 4487 συν-

1929 4430 2220 4503 phronius
2282 4432 2745 4506 Pompeiopolis,
2802 4449 3134 4508 eorumque
3201 4432 3462 4504 asseclas,
3500 4433 3580 4489 ‘in

229 4514 370 4583 ὁδους
421 4526 478 4574 τέ
539 4541 685 4582 τινας
744 4523 1120 4594 ποιησάμενοι,
1180 4525 1304 4584 τοὺς
1378 4520 1509 4596 ἀμφὶ
1576 4523 1819 4577 ’Λκάκιον

233 4605 559 4686 ἀπαήρνξαν.

290 4786 381 4843 ια’.
424 4788 686 4843 Ἰοϐιανοῦ
756 4784 819 4841 δε
884 4794 979 4848 τῆς
1038 4785 1312 4860 βασιλείας
1362 4786 1816 4862 ἐπιϐατεύσαντος,

231 4870 411 4943 βιελίον
447 4878 589 4951 αὐτῷ
638 4875 875 4937 δεήσεως
923 4872 1144 4945 ἔδωκαν,
1202 4876 1456 4940 ἀξιοῦντες
1510 4878 1818 4941 ἐξωθεῖσθαι

228 4972 316 5014 τῶν
368 4966 653 5027 ἐκκλησιῶν
716 4970 845 5029 τοὺς
910 4968 971 5016 τό
1037 4963 1276 5038 ἀνόμοιον
1351 4964 1767 5040 ὃογματίζοντας
1798 5013 1815 5040 ,

228 5050 600 5130 ἐπεισάγεσθαι
662 5054 727 5110 δέ
786 5056 1008 5116 ἑαυτοὺς
1048 5057 1112 5117 ὡς
1158 5060 1219 5109 τὸ
1283 5058 1563 5130 ὁμοούσιον
1625 5061 1818 5133 κηρύτ-

228 5159 395 5208 τοντας.
450 5147 508 5202 Ὀ
572 5144 638 5201 δὲ
708 5143 970 5223 βασιλεὺς
1035 5142 1412 5220 ἀναποκρίτους
1471 5148 1655 5208 αὐτοὺς
1720 5147 1816 5201 ἀπ-

422 5278 436 5302 ,
490 5241 652 5312 μόνον
722 5241 890 5288 τοῦτο
949 5230 1430 5307 ἐπιφθεγξάμενος,
1487 5242 1660 5309 μισεῖν
1724 5240 1816 5310 μὶν

225 5322 515 5398 ξιλονιικίαν,
585 5326 815 5401 ἀγαπᾷν
883 5318 947 5374 δι
1011 5327 1129 5385 τοὺς
1172 5331 1235 5397 τῇ
1295 5326 1509 5398 ὁμονοίᾳ
1564 5329 1814 5401 προστρέ-

221 5430 399 5482 χοντας.
436 5424 753 5479 Τηνικαῡτα
806 5409 872 5467 δὲ
921 5412 949 5464 ὁ
998 5411 1272 5484 φιλόνεικος
1322 5418 1512 5487 τρόπος
1554 5422 1657 5467 τῶν
1696 5420 1815 5489 περὶ

219 5498 421 5563 ’Διάκιον
468 5508 829 5582 ἐξηλέγχετο,
878 5505 973 5553 καὶ
1020 5503 1083 5562 ὡς
1149 5505 1328 5562 εἴησαν
1387 5504 1466 5556 ἀεὶ
1510 5507 1642 5578 πρὸς
1696 5508 1813 5566 τοὺς

213 5606 483 5670 κρατοῦντας
544 5597 967 5655 ἀποκλίνοντες.
1034 5590 1353 5657 Συνελθόντες
1416 5596 1519 5670 γὰρ
1586 5592 1636 5646 ἄν
1698 5593 1811 5649 Ἀν-

1927 4516 2241 4591 quoddam
2274 4522 2585 4593 proprium
2610 4522 2928 4593 collegium
2949 4523 3186 4579 discreti
3213 4526 3370 4593 sunt,
3391 4526 3447 4578 et
3466 4524 3582 4579 Ma-

1928 4607 2246 4665 cedoniani
2269 4610 2472 4666 vocari
2502 4611 2821 4669 manifeste
2843 4617 3170 4686 coeperunt.
3193 4611 3582 4684 synodosque

1927 4697 2232 4767 facientes,
2259 4699 2457 4756 Acacii
2483 4698 2744 4757 fautores
2774 4701 3391 4758 excommunicavere.

1995 4791 2082 4844 2t.
2107 4788 2362 4845 Joviano
2389 4790 2469 4845 ad
2493 4790 2722 4862 regiam
2743 4790 3096 4862 dignitatem
3116 4796 3341 4861 evecto,
3358 4789 3581 4847 librum

1925 4875 2005 4933 illi
2033 4879 2405 4949 rogatorium
2436 4878 2750 4948 dederunt,
2783 4880 3162 4953 postulantes
3192 4886 3257 4936 ut
3284 4880 3364 4937 ab
3402 4880 3584 4937 eccle-

1926 4966 2028 5023 siis
2069 4974 2415 5025 arcerentur
2444 4969 2549 5042 qui
2574 4969 2786 5026 Filium
2812 4986 2935 5027 non
2958 4970 3214 5027 similem
3253 4986 3382 5028 esse
3407 4969 3584 5027 doce-

1926 5056 2095 5129 bant,
2129 5056 2244 5129 ipsi
2273 5073 2417 5115 vero
2447 5057 2988 5128 introducerentur,
3014 5064 3079 5117 ut
3098 5058 3582 5117 consubstantia-

1922 5144 2043 5202 lem
2069 5145 2537 5219 proclamantes.
2568 5148 2903 5221 Imperator
2949 5153 3150 5206 autem
3189 5148 3584 5221 illos‘absque

1925 5236 2219 5292 sententia
2257 5236 2507 5306 dimisit,
2561 5236 2713 5293 illud
2759 5242 2997 5295 tantum
3030 5238 3285 5306 addens,
3336 5254 3399 5293 se
3427 5237 3585 5293 rixa-

1922 5339 2057 5379 rum
2082 5323 2337 5396 cupidos
2367 5325 2591 5393 odisse,
2623 5326 2867 5398 diligere
2893 5343 3033 5384 vero
3054 5342 3155 5383 eos
3185 5327 3290 5400 qui
3328 5325 3408 5383 ad
3444 5340 3583 5381 con-

1922 5413 2191 5469 cordiam
2222 5419 2634 5488 properarent.
2656 5419 2806 5473 Tum
2828 5416 3096 5474 rixarum
3123 5415 3389 5473 studium
3411 5415 3580 5485 apud

1922 5502 2125 5559 Acacii
2176 5502 2437 5561 fautores
2492 5506 3066 5578 reprehendebatur,
3134 5504 3434 5575 simulque
3490 5501 3578 5555 eis

1920 5591 2019 5664 obj
2029 5591 2364 5663 urgabatur
2390 5594 2559 5668 quod
2580 5610 2820 5667 semper
2840 5595 2919 5653 ad
2937 5592 3300 5667 potentiores
3320 5586 3580 5645 declina-
