4106 6296
523 203 595 257 27
1831 198 2101 257 NICETE
2139 197 2180 254 C

2291 199 2510 256 ΝῙΑΤΕ
3812 203 3882 257 28

524 329 677 383 rent.
706 325 1138 384 Convenientes
1159 325 1320 384 enim
1351 325 1707 385 Antochiam
1731 327 1938 400 Syriae,
1964 326 2025 383 in
2057 325 2172 383 col-

2291 327 2492 396 τιοχείᾳ
2548 331 2644 386 τῆς
2700 325 2921 398 Συρίας,
2971 322 3044 386 εἰς
3109 321 3294 394 λόγους
3359 325 3602 398 ἔρχονται
3653 323 3881 398 Μελετίῳ

524 415 799 488 loquium
831 431 970 472 cum
993 415 1220 474 Meletio
1249 432 1487 484 venere,
1521 417 1626 490 qui
1665 414 2175 473 consubstantiale

527 505 805 562 docebat.
836 509 1029 580 Atque
1058 506 1140 564 ita
1178 512 1448 578 egerunt,
1475 510 1798 580 postquam
1827 522 1966 563 eum
1989 506 2177 562 hono-

525 599 726 652 ratum
750 595 952 652 videre
975 595 1054 652 ab
1079 596 1438 668 imperatore
1479 596 1564 652 ibi
1594 601 1736 652 tunc
1761 596 2046 669 temporis
2077 595 2176 652 de-

527 687 725 754 gente.
757 684 1265 756 Communiigitur
1285 686 1577 741 sententia
1602 685 1922 742 concilium
1946 689 2177 758 septem

527 777 586 829 et
625 773 835 844 viginti
886 773 1308 846 episcoporum
1369 789 1796 844 convocavere,
1856 774 2177 846 libelloque

528 863 885 936 composito,
931 863 1442 920 consubstantiale
1481 864 1737 921 confessi
1768 870 1943 930 sunt;
1988 868 2045 920 et
2082 863 2176 920 Ni-

528 967 760 1009 caenam
785 952 968 1008 ﬁdem
996 953 1424 1009 conﬁrmantes
1464 952 1631 1010 illum
1669 953 2014 1027 imperatori
2054 957 2176 1009 tra-

527 1042 750 1099 didere.
785 1042 1240 1099 Przeeranthuic
1280 1043 1515 1115 synodo
1546 1043 1802 1100 Meletius
1830 1043 2174 1109 Antiochiae,

527 1129 814 1187 Eusebius
846 1132 1198 1202 Samosataz,
1251 1132 1503 1188 Aeacius
1561 1134 1864 1200 Caesarem,
1904 1132 2178 1205 Pelagius

529 1221 836 1279 Laodiceae
856 1221 918 1278 in
947 1221 1132 1294 Syria,
1165 1221 1529 1278 Athanasius
1554 1223 1835 1294 Ancyrae.

598 1314 686 1366 22.
722 1309 832 1367 Ubi
861 1315 1066 1368 autem
1097 1310 1542 1368 Valentinianus
1567 1316 1624 1368 et
1653 1312 1863 1368 Valens
1883 1311 2181 1384 imperare

527 1403 860 1472 coeperunt,
892 1414 1106 1455 omnes
1130 1400 1540 1457 Macedoniani
1562 1401 1930 1472 deputarunt
1959 1416 2069 1473 pro
2116 1416 2179 1456 se

525 1487 792 1558 legatum
819 1487 898 1544 ad
937 1487 1420 1545 Valentinianum
1445 1492 1746 1561 Hypatum
1783 1489 2041 1546 Perinthi
2062 1489 2180 1562 epi-

529 1593 809 1650 scopum,
859 1581 1144 1649 rogantes
1195 1582 1263 1634 ut
1319 1578 1434 1634 sibi
1483 1578 1684 1636 liceret
1748 1578 2064 1635 convenire
2101 1579 2182 1635 ad

2285 412 2620 488 πρεσϐεύοντι
2645 417 2704 466 τό
2735 415 3012 486 ὁμοούσιον
3034 429 3046 442 ·
3090 420 3243 464 τοῦτο
3295 409 3354 466 δὲ
3394 412 3664 484 ἐποίησαν,
3699 411 3876 472 ἐπειδὴ

2285 507 2569 574 τιμώμενον
2618 504 2717 556 ὐπὸ
2775 510 2866 556 τοῦ
2911 501 3170 576 βασιλέως
3219 501 3386 574 ἑώρων
3435 501 3542 556 ἐκεῖ
3592 507 3705 556 τότε
3767 500 3882 556 διά-

2283 610 2462 662 γοντος
2487 612 2498 624 ·
2532 600 2674 665 κοινῇ
2709 588 2796 645 οὖν
2825 597 3005 666 γνώμῃ
3041 587 3261 644 σύνοδον
3293 590 3627 665 ἀθροίσαντες
3675 591 3883 648 ἐπισκό-

2284 700 2392 732 πων
2423 679 2553 733 ίπτά
2581 685 2668 734 καὶ
2716 684 2903 750 εἴκοσι,
2945 680 3148 754 βιϐλίον
3200 682 3568 748 συντάττουσι,
3600 682 3884 755 καθομολο-

2284 776 2443 841 γοῡσι
2471 789 2525 823 τε
2547 774 2604 824 τὸ
2635 772 2912 844 ὁμοούσιον
2935 792 2946 805 ·
2988 776 3078 823 καὶ
3114 777 3202 830 τὴν
3242 770 3290 824 ἐν
3327 776 3522 844 Νικαία
3558 790 3883 844 κυρώσαντες

2284 863 2485 928 πίστιν,
2527 868 2599 931 τῷ
2641 859 2855 934 βασιλεῖ
2894 869 3047 914 τοῦτο
3096 857 3398 914 δεδώκασι·
3437 864 3659 933 ἡγοῦντο
3699 857 3757 914 δε
3787 869 3885 923 τῆς

2289 946 2514 1002 συνόδου
2554 954 2745 1014 τούτης
2774 950 3017 1012 Μελέτιος
3055 951 3402 1023 Ἀντιοχείας,
3435 950 3683 1013 Εὐσέϐιος
3713 958 3885 1024 Σαμο-

2290 1040 2480 1105 σάτων,
2506 1038 2748 1102 Ἀκάκιος
2792 1043 3132 1113 Καισαρείας,
3170 1039 3421 1112 Πιλάγιος
3447 1036 3767 1102 Λαοδικείας
3789 1047 3888 1102 τῆς

2285 1131 2422 1181 κατά
2451 1133 2659 1204 Συρίαν,
2693 1127 2997 1190 ’Δθανάσιος
3018 1129 3297 1202 Ἀγκύρας.

2357 1306 2466 1380 κβ“.
2514 1307 2657 1381 Ἀμα
2714 1304 2773 1361 δε
2840 1317 2913 1380 τῷ
2978 1307 3296 1380 βασιλεῦσαι
3361 1306 3730 1360 Οὐαλεντιανόν
3796 1312 3893 1362 καὶ

2290 1396 2567 1465 Οὐάλεντα,
2614 1400 2796 1458 πάντες
2852 1399 2901 1449 οἱ
2957 1393 3337 1451 Μακεδονιανοὶ
3367 1396 3708 1471 προεϐάλοντο
3760 1397 3893 1474 ὑπὲρ

2289 1485 2482 1538 ἑαυτῶν
2512 1485 2740 1562 πρέσϐυν
2793 1489 2918 1560 πρὸς
2962 1487 3333 1539 Οὐαλεντιανόν
3362 1489 3601 1540 Ὑπάτιον
3641 1490 3727 1539 τόν
3773 1493 3897 1540 Πειο

2288 1578 2465 1650 ρίνθου
2497 1574 2799 1644 ἐπίσκοπον,
2830 1575 3090 1638 ἀξιοῦντες
3129 1575 3479 1649 ἐπιτραπῆναι
3525 1575 3782 1628 συνελθεῖν
3804 1575 3896 1629 ἐπὶ

528 1666 947 1737 corrigendam
977 1667 1336 1724 doctrinam.
1390 1669 1716 1742 Respondit
1742 1675 1943 1726 autem
1973 1669 2182 1726 Valen-

2292 1661 2572 1740 διορθώσει
2622 1672 2713 1718 τοῦ
2771 1661 3054 1737 δόγματος.
3102 1664 3160 1716 Ὀ
3211 1661 3270 1718 δε
3327 1663 3700 1727 Οὐαλεντιανός
3749 1666 3845 1737 ἔφη
3879 1684 3893 1699 ·

527 1755 792 1812 tinianus
825 1778 854 1806 ‹‹
885 1755 1018 1813 Mihi
1044 1772 1168 1813 non
1198 1757 1334 1815 licet
1384 1758 1446 1815 in
1498 1759 1705 1832 populi
1748 1759 1958 1815 ordine
1985 1758 2180 1831 posito

527 1844 673 1902 talia
691 1845 914 1916 agitare
939 1862 953 1914 ;
991 1846 1330 1904 sacerdotes
1361 1863 1500 1904 vero
1527 1847 1748 1920 quibus
1777 1847 1851 1904 de
1880 1847 1975 1904 his
1996 1851 2179 1904 rebus

529 1949 675 1992 cura
699 1938 808 2001 est,
841 1950 947 2007 per
978 1935 1208 2007 seipsos
1236 1951 1602 2010 quocunque
1625 1937 1942 2007 voluerint,
1971 1953 2183 1993 conve-

527 2023 717 2080 niant.
761 2024 970 2080 Statim
1007 2023 1186 2094 igitur
1236 2025 1319 2082 illi
1373 2027 1773 2098 Lampsacum
1821 2042 2180 2099 convenere,

527 2112 804 2186 duosque
855 2129 1097 2170 menses
1135 2113 1626 2171 deliberationem
1677 2115 1965 2179 habuere.
1999 2120 2056 2171 et
2083 2115 2184 2171 de-

527 2205 844 2259 creverunt
873 2202 1036 2259 irrita
1065 2218 1198 2258 esse
1227 2219 1364 2275 qua:
1390 2205 1716 2260 Antiochia:
1743 2204 1820 2260 ab
1847 2204 1994 2276 ipsis
2023 2204 2183 2261 facta

527 2292 766 2348 fuerant
795 2297 850 2346 et
881 2291 1094 2348 melius
1145 2309 1274 2349 esse
1307 2293 1517 2349 Filium
1550 2294 1702 2350 Patri
1745 2294 2081 2350 substantia
2107 2294 2182 2350 si-

527 2380 730 2437 milem
776 2395 905 2436 esse
961 2381 1216 2454 opinari.
1277 2382 1375 2437 His
1431 2382 1714 2450 deﬁnitis,
1781 2382 2054 2440 redeunti
2109 2399 2183 2440 ex

526 2468 777 2526 Thracia
819 2468 1046 2526 Valenti
1096 2470 1259 2541 (cum
1314 2469 1494 2527 fratre
1547 2470 1709 2527 enim
1755 2475 2008 2528 Romam
2048 2487 2182 2544 pro-

524 2557 827 2614 ﬁciscente
873 2557 1252 2631 aliquantum
1298 2559 1526 2616 itineris
1569 2559 1832 2632 fecerat),
1884 2560 2181 2616 Heracleae

526 2651 940 2704 occurrerunt.
982 2647 1090 2713 Qui
1117 2647 1366 2720 quidem
1395 2648 1465 2703 iis
1495 2647 1684 2704 suasit
1705 2663 1780 2703 ne
1805 2647 1884 2704 ab
1913 2648 2180 2707 Eudoxio

527 2735 933 2793 dissentirent.
987 2735 1086 2792 Hic
1131 2739 1335 2792 autem
1387 2737 1734 2793 Macedonio
1786 2741 2180 2806 successerat,

527 2825 940 2899 Eunomioque
969 2830 1030 2882 et
1053 2826 1183 2898 ejus
1213 2825 1548 2882 fautoribus
1577 2826 2012 2884 consentiebat.
2033 2821 2182 2886 Cum

526 2917 728 2972 autem
750 2915 1110 2983 renuissent,
1134 2930 1240 2971 eos
1271 2915 1333 2970 in
1355 2915 1630 2972 exsilium
1655 2916 1738 2972 ire
1759 2916 1950 2986 jussit.
1974 2919 2184 2972 Postea

2293 1757 2437 1827 Ἐμοὶ
2463 1755 2521 1808 οὐ
2556 1757 2700 1827 θέμις
2738 1758 2870 1827 μετά
2898 1753 3023 1808 λαοῦ
3049 1760 3341 1828 τεταγμένῳ
3386 1759 3453 1808 τὰ
3486 1763 3703 1808 τοιαῦτα
3731 1754 3895 1807 πολυ-

2289 1853 2602 1921 πραγμονεῖν
2624 1866 2636 1878 ο
2667 1847 2714 1896 οἱ
2748 1841 2808 1898 δι
2839 1847 2984 1920 ἱερεῖς
3014 1846 3089 1907 οἷς
3117 1848 3310 1898 τούτων
3329 1844 3490 1917 μέλει,
3523 1847 3644 1911 καθ,
3672 1844 3895 1907 ἑαυτοὺς

2289 1936 2389 1993 ὅπη
2424 1933 2703 2008 βούλονται
2735 1939 3046 1988 συνίτωσαν.
3078 1935 3242 1996 Εὐθὺς
3272 1931 3358 1986 οὖν
3407 1934 3588 1988 ἐκεῖνοι
3634 1933 3893 1992 συνῆλθον

2289 2024 2361 2086 εἰς
2390 2023 2705 2097 Λαμψακόν,
2737 2028 2827 2076 κκὶ
2872 2021 2968 2077 δύο
3022 2023 3427 2096 βουλευσάμενοι
3476 2031 3662 2096 μῆνας,
3701 2023 3896 2097 ἐψηφί-

2291 2133 2446 2167 σαντο
2482 2115 2654 2187 ἄκυρα
2679 2111 2808 2166 εἶναι
2833 2116 2895 2166 τά
2917 2113 2966 2166 ἐν
2995 2113 3294 2186 Ἀντιοχείᾳ
3313 2133 3439 2189 παρ,
3464 2114 3632 2166 αὐτῶν
3658 2134 3896 2186 πεπραγο

2289 2208 2435 2277 μένα,
2464 2209 2554 2256 καὶ
2573 2211 2776 2279 κρατεῖν
2807 2207 2864 2255 τὸ
2892 2208 3067 2276 (ᾗαοιον
3095 2199 3336 2266 δοξάζειν
3364 2212 3436 2274 τῷ
3464 2209 3631 2278 Πατρὶ
3660 2207 3745 2256 τόν
3768 2206 3896 2256 rae»

2289 2295 2404 2346 κατ’
2426 2293 2608 2346 οὐσίαν
2637 2315 2648 2327 ·
2691 2301 2856 2346 ταῦτα
2877 2295 3146 2368 ὁρίσαντες
3177 2292 3432 2345 ἐπανιόντι
3465 2302 3535 2365 τῷ
3558 2293 3809 2346 Οὐάλεντι
3831 2293 3894 2346 ἐκ

2289 2391 2384 2445 τῆς
2437 2386 2648 2459 Θρᾴκης
2710 2379 2794 2455 (ἧν
2835 2385 2937 2456 γὰρ
2998 2379 3362 2455 ἀποδημοῦντι
3415 2391 3486 2454 τῷ
3546 2379 3749 2455 ἀδελφῷ
3817 2383 3896 2446 εἰς

2286 2472 2486 2546 Ῥώμην
2516 2477 2681 2546 μέχρι
2709 2475 2848 2534 τινὸς
2899 2471 3280 2543 συναπελθὼν),
3309 2471 3356 2524 ἐν
3384 2470 3660 2546 Ἡρακλείᾳ
3714 2476 3900 2547 περιέ-

2287 2581 2472 2634 τυχον.
2503 2561 2562 2614 Ὀ
2621 2559 2680 2614 δε
2723 2561 2992 2635 ἐπέτρεψεν
3037 2561 3216 2623 αὐτοῖς
3255 2564 3324 2620 μὴ
3378 2557 3720 2636 διαφέρεσθαι
3763 2564 3898 2636 πρὸς

2288 2648 2568 2715 Εὐδόξιον·
2627 2647 2688 2709 ἦν
2734 2647 2792 2703 δὲ
2843 2651 2988 2711 οὗτος
3031 2646 3405 2723 διαδεξάμενος
3441 2646 3760 2704 Μακεδόνων
3800 2654 3900 2704 καὶ

2292 2744 2539 2814 σύμφρων
2560 2741 2796 2813 Εὐνομίῳ
2821 2744 2911 2792 καὶ
2942 2746 3050 2802 τοῖς
3074 2742 3210 2792 κατά
3238 2747 3438 2794 τοῦτον.
3464 2739 3604 2793 Ἐπεὶ
3630 2736 3688 2792 δὲ
3717 2737 3898 2792 ἀντει-

2287 2850 2403 2897 πον,
2446 2829 2700 2884 ἐκέλευσεν
2759 2830 2944 2892 αὐτούς
2999 2831 3440 2905 ὑπερορισθῆναι·
3499 2834 3771 2903 μετέπειτα
3830 2826 3899 2883 δὲ

2291 2919 2501 2992 ἀγαγὼν
2551 2919 2811 2973 Ἐλεύσιον
2884 2918 3118 2980 ἐϐιάζετο
3179 2925 3434 2972 κοινωνεῖν
3502 2915 3737 2990 Εὐδοξίῳ
3796 2927 3896 2981 τῆς

523 3019 668 3062 vero
700 3003 1005 3060 Eleusium
1030 3004 1289 3074 reduxit,
1315 3005 1631 3078 coegitque
1656 3009 1722 3061 ut
1741 3021 1880 3061 eum
1914 3005 2179 3061 Eudoxio

2291 3015 2536 3072 πίστεως.
2564 3009 2622 3061 Ὀ
2669 3006 2728 3062 δε
2770 3011 2827 3061 τὸ
2874 3013 2965 3082 μέν
3006 3017 3208 3083 πρῶτον
3237 3009 3539 3062 άντέτεινεν·
3569 3002 3679 3062 εἶτα
3707 3010 3900 3081 ὑπερο-

524 3093 587 3150 in
643 3093 763 3150 ﬁde
828 3094 1209 3151 consentiret.
1271 3098 1353 3150 Ac
1406 3094 1702 3168 principio
1769 3094 1865 3150 ille
1928 3094 2179 3164 restitit;

525 3182 744 3238 deinde
764 3197 906 3238 vero
931 3183 1207 3239 exsilium
1232 3187 1289 3239 et
1313 3182 1733 3256 expulsionem
1759 3182 2181 3253 reformidans,

525 3270 693 3344 quod
714 3272 923 3342 jussus
952 3277 1095 3344 erat,
1130 3271 1301 3340 fecit;
1341 3278 1402 3329 at
1441 3273 1640 3330 statim
1695 3289 1836 3329 eum
1883 3274 2180 3345 paenituit.

527 3360 805 3433 Cyzicum
831 3360 991 3416 enim
1017 3360 1256 3416 rediens
1286 3367 1600 3434 peccatum
1629 3377 1807 3417 suum
1839 3362 1900 3417 in
1927 3361 2184 3418 ecclesia

527 3449 836 3506 confessus
867 3453 974 3519 est,
1009 3466 1272 3523 suosque
1319 3451 1590 3508 hortatus
1621 3454 1712 3507 est
1758 3455 1825 3507 ut
1856 3450 1968 3507 sibi
1998 3451 2183 3508 alium

527 3539 881 3613 episcopum
921 3539 1226 3611 eligerent,
1282 3556 1352 3596 eo
1406 3541 1571 3613 quod
1629 3541 1759 3613 ipse
1824 3542 2182 3599 necessitate

526 3628 877 3700 compulsus
924 3629 1232 3702 propriam
1262 3629 1600 3686 doctrinam
1659 3629 1989 3688 abnuisset.
2019 3630 2181 3703 Cyzi-

527 3717 656 3775 ceni
693 3721 896 3775 autem
925 3733 1037 3774 suo
1066 3734 1213 3790 erga
1241 3734 1382 3775 eum
1413 3735 1619 3774 amore
1649 3718 1790 3774 victi
1820 3718 1976 3774 illius
2005 3720 2184 3776 haere-

527 3807 640 3864 sim
667 3822 794 3864 non
823 3807 1140 3876 admisere,
1173 3823 1455 3865 mansere
1487 3823 1629 3864 vero
1655 3811 1867 3880 postea
1893 3808 2006 3864 sub
2028 3808 2184 3864 illius

525 3896 1002 3967 gubernatione;
1032 3913 1158 3972 quo
1204 3897 1433 3967 audito,
1473 3896 1778 3953 Eudoxius
1819 3897 2184 3955 Eunomium

526 3985 586 4043 in
610 3987 801 4061 Cyzici
831 3988 1250 4061 episcopatum
1277 3986 1594 4060 proposuit

595 4081 684 4133 23.
714 4077 957 4149 Expulsi
1015 4081 1156 4134 sunt
1202 4076 1280 4133 ab
1313 4076 1583 4133 Eudoxio
1635 4074 2185 4148 Constantinopolis

526 4165 811 4238 episcopo
836 4168 893 4220 et
920 4165 1164 4221 Valente
1187 4164 1552 4238 imperatore
1578 4180 1701 4221 non
1724 4163 1910 4221 modo
1923 4164 2029 4237 qui
2047 4178 2187 4220 con-

527 4253 989 4310 substantialem
1037 4253 1246 4311 Filium
1294 4255 1753 4328 proﬁtebantur,
1797 4253 1904 4310 sed
1957 4253 2087 4323 jam
2129 4256 2186 4308 et

528 4343 648 4418 ipsi
668 4343 1115 4410 Macedoniani;
1149 4344 1250 4417 qui
1281 4344 1564 4416 injuriam
1606 4359 1730 4399 non
1767 4343 2044 4407 ferentes,
2073 4345 2186 4398 sta-

523 4438 766 4492 tuerunt
794 4433 873 4489 ad
903 4432 1284 4506 imperatoris
1309 4435 1552 4492 fratrem
1578 4439 1634 4490 et
1659 4433 1738 4489 ad
1761 4431 2062 4488 Liberium
2079 4435 2187 4488 Ro-

525 4537 642 4580 mae
662 4521 1014 4594 episcopum
1055 4521 1402 4592 confugere,
1435 4536 1647 4578 eorum
1688 4520 1874 4575 ﬁdem
1904 4519 2186 4592 amplecti

525 4627 713 4685 quam
726 4627 864 4666 cum
876 4609 1146 4668 Eudoxio
1161 4609 1613 4668 communicare
1634 4608 2042 4680 praeferentes.
2065 4608 2185 4665 Mit-

526 4704 657 4759 tunt
668 4700 844 4771 igitur
855 4700 1228 4756 Eustathium
1245 4699 1527 4757 Sebastim
1541 4702 1599 4754 et
1610 4698 1921 4753 Silvanum
1934 4698 2112 4768 Tarsi,
2130 4703 2188 4754 et

523 4789 916 4862 Theophilum
938 4788 1240 4845 Castabali
1272 4789 1332 4844 in
1355 4787 1586 4855 Cilicia;
1619 4786 1725 4860 qui
1749 4790 2073 4859 postquam
2099 4786 2182 4842 Li-

523 4877 758 4937 berium
779 4877 1000 4948 adiere,
1030 4876 1238 4932 Arium
1273 4875 1761 4932 condemnantet
1787 4875 2053 4932 similiter
2082 4891 2186 4932 eos

525 4968 630 5041 qui
665 4966 796 5023 Ario
827 4964 1284 5022 consentiebant
1325 4965 1577 5037 ejusque
1620 4963 1960 5020 doctrinam
2006 4964 2186 5022 doce-

523 5058 691 5124 bant,
719 5055 995 5126 rejiciunt
1021 5057 1225 5111 autem
1254 5069 1502 5110 omnem
1539 5053 1803 5110 haresin
1841 5053 1980 5110 ﬁdei
2012 5054 2188 5110 Nicas-

525 5162 619 5202 nas
673 5144 1080 5212 contrariam;
1123 5147 1181 5200 et
1227 5141 1742 5200 consubstantiale
1801 5142 2189 5200 solummodo

523 5232 845 5306 recipiunt,
878 5232 938 5289 in
971 5248 1042 5289 eo
1090 5248 1276 5289 sensu
1304 5231 1470 5305 quod
1521 5231 1654 5288 hac
1697 5246 1814 5288 vox
1848 5231 2190 5288 substantia

527 5322 785 5379 similem
823 5321 1212 5393 signiﬁcaret.
1262 5322 1428 5378 Hanc
1484 5336 1696 5378 eorum
1745 5320 2189 5378 confessionem

525 5412 810 5485 scriptam
871 5411 1168 5485 accipiens
1223 5411 1491 5469 Liberius
1526 5455 1539 5479 ,
1590 5427 1732 5468 cum
1784 5410 1897 5468 illis
1937 5427 2186 5469 causam

525 5502 646 5576 egit
654 5522 672 5576 ,-
695 5501 1022 5576 litterisque
1058 5501 1138 5560 ab
1172 5501 1272 5561 illo
1307 5501 1598 5575 acceptis,
1638 5501 1700 5558 in
1735 5500 1994 5560 Siciliam
2024 5501 2191 5558 navi-

2290 3104 2409 3176 ρίας
2447 3103 2611 3171 φυγὴν
2658 3102 2748 3150 καὶ
2789 3095 3046 3172 δήμευσιν
3096 3095 3384 3168 δειλιάσας,
3438 3101 3495 3150 τὸ
3551 3099 3900 3174 προσταχθὲν

2293 3188 2472 3242 ἐποίει·
2501 3193 2590 3240 καὶ
2617 3188 2764 3249 εὐθὺς
2777 3187 3098 3260 μετεμελετο,
3125 3185 3407 3240 ἐπανελθὼν
3425 3189 3524 3262 γὰρ
3548 3187 3620 3249 εἰς
3642 3187 3898 3262 Κύζικον,

2292 3283 2386 3336 τὴν
2431 3277 2686 3351 ἀμαρτίαν
2717 3276 2797 3330 ἐπὶ
2835 3285 2926 3338 τῆς
2973 3275 3253 3339 ἐκκλησίας
3292 3276 3574 3348 ἐξήγγειλε,
3601 3282 3692 3329 καὶ
3723 3280 3902 3340 ζητεῖν

2294 3367 2494 3430 ἑαυτοῖς
2517 3369 2682 3443 ἕτερον
2714 3370 2995 3419 ἐπίσκοπον
3027 3368 3288 3441 ἐπέτρεπε,
3320 3362 3462 3419 διότι
3491 3366 3648 3428 αὐτὸς
3689 3363 3898 3442 ἀνάγκη

2293 3460 2352 3510 τὸ
2383 3457 2568 3510 οἰκεῖον
2613 3457 2880 3531 ἠρνήσατο
2939 3452 3134 3528 δόγμα.
3192 3455 3479 3517 Κυζικηνοὶ
3521 3453 3601 3523 δε,
3659 3462 3721 3528 τῇ
3774 3462 3903 3532 περὶ

2292 3554 2473 3599 τοῦτον
2532 3545 2874 3620 φιλοστοργίᾳ
2940 3547 3320 3619 κρατούμενοι,
3388 3555 3484 3608 τῆς
3552 3547 3644 3617 μὲν
3700 3545 3901 3608 οἰκείας

2295 3637 2542 3710 αἱρέσεως
2593 3635 2651 3688 οὐ
2708 3637 3047 3707 μετετίθεντο,
3107 3638 3278 3708 ἔμενον
3327 3633 3387 3689 δὲ
3433 3636 3573 3708 ὅμως
3633 3634 3718 3687 ὑπ’
3751 3635 3901 3707 αὐτῷ

2293 3729 2595 3798 ταττόμενοι
2615 3745 2628 3758 σ
2661 3726 2782 3799 ὅπερ
2814 3726 2992 3797 μαθὼν
3024 3721 3278 3789 Εὐδόξιος
3314 3724 3618 3800 προεϐάλετο
3643 3724 3902 3797 Εὐνόμιον

2295 3815 2361 3877 εἰς
2397 3819 2489 3874 τὴν
2523 3813 2754 3875 Κυζίκου
2785 3813 3098 3873 ἐπισκοπὴν.

2365 4064 2465 4138 κγ’.
2498 4063 2806 4118 Ἥλαύνοντο
2859 4061 2918 4118 δὲ
2954 4066 3097 4138 παρά
3161 4061 3418 4128 Εὐδοξίου
3476 4071 3568 4118 τοῦ
3622 4071 3902 4118 Κώνσταν-

2294 4175 2434 4209 τινου
2475 4155 2663 4216 πόλεως
2694 4153 2981 4208 ἐπισκόπου
3028 4159 3116 4207 καὶ
3167 4154 3451 4216 Οὐάλεντος
3503 4162 3592 4208 τοῦ
3639 4153 3908 4228 βασιλέως

2295 4245 2400 4316 οὐχ
2443 4247 2492 4297 οἱ
2543 4248 2628 4298 τόν
2673 4245 2948 4317 ὁμοούσιον
2992 4242 3352 4319 πρεσϐεύοντες
3403 4249 3579 4316 μόνον,
3639 4242 3747 4296 ἀλλ’
3785 4241 3900 4304 ἤδη

2295 4340 2385 4387 καὶ
2415 4338 2565 4387 αὐτοὶ
2618 4336 2666 4387 οἱ
2717 4331 3134 4388 Μακεδονιανοί·
3169 4333 3217 4386 οἳ
3265 4339 3374 4403 καὶ,
3407 4339 3478 4407 μὴ
3531 4337 3763 4406 φέροντες
3803 4339 3902 4394 τὴν

2296 4423 2559 4498 ἐπήρειαν,
2594 4421 2702 4476 δεῖν
2741 4426 2968 4496 ἔγνωσαν
3025 4430 3342 4496 καταφυγεῖν
3373 4422 3456 4475 ἐπὶ
3507 4426 3593 4475 τόν
3642 4430 3733 4474 τοῦ
3793 4422 3903 4496 βα-

2298 4513 2476 4576 σιλέως
2533 4509 2772 4585 ἀδελφόν,
2831 4517 2920 4565 καὶ¹
2975 4511 3057 4564 ἐπὶ
3117 4511 3356 4587 Λιϐἐριον
3413 4514 3498 4564 τὸν
3529 4511 3729 4584 Ῥώμης
3783 4510 3874 4566 ἐπί

2303 4622 2516 4669 σκοπόν,
2577 4601 2912 4666 ἀσπάζεσθαι
2981 4601 3171 4674 μᾶλλον
3241 4601 3467 4675 ὀλόμενοι
3528 4606 3620 4660 τὴν
3695 4600 3905 4654 ἐκείνων

2296 4698 2473 4747 πίστιν
2528 4692 2556 4750 ἦ
2617 4699 2874 4744 κοινωνεῖν
2921 4698 3032 4753 τοῖς
3094 4695 3212 4766 περὶ
3264 4687 3548 4754 Εὐδόξιον·
3599 4694 3902 4762 πέμπουσιν

2295 4783 2383 4835 οὖν
2448 4781 2738 4836 Εὐστάθιον
2795 4783 2882 4832 τόν
2937 4779 3278 4845 Σεϐαστείας,
3339 4785 3430 4834 καὶ
3500 4779 3742 4832 Σιλϐανόν
3809 4787 3902 4835 τόν

2295 4875 2527 4948 Ταρσοῦ,
2564 4876 2654 4923 καὶ
2685 4869 2931 4943 Θεόφιλον
2961 4873 3047 4922 τόν
3099 4868 3450 4922 Κασταϐάλων
3497 4877 3592 4931 τῆς
3625 4869 3867 4934 Κιλικίας
3889 4893 3904 4908 ο

2297 4960 2345 5014 οἱ
2401 4966 2539 5025 καὶ,
2596 4962 2727 5033 πρὸς
2788 4958 3020 5033 Λιϐέριον
3086 4963 3492 5035 παραγεγονότες
3520 5001 3538 5029 ,
3603 4967 3901 5032 καταγινώ-

2301 5070 2493 5104 σκουσι
2549 5052 2638 5122 μεν
2685 5049 2886 5124 Ἀρείου
2936 5052 3162 5101 καὶτῶν
3213 5050 3399 5121 ὁμοίως
3459 5048 3597 5120 αὐτῷ
3654 5053 3910 5122 φρονούν-

2297 5160 2396 5193 των
2471 5143 2561 5192 καὶ
2629 5134 3027 5191 διδασκόντων’
3099 5136 3526 5213 ἀποκηρύττουσι
3594 5133 3652 5190 δε
3727 5145 3909 5192 πᾶσαν

2297 5231 2498 5304 αἵρεσιν
2574 5227 2962 5300 ἐναντιουμένην
3036 5234 3098 5300 τῇ
3169 5232 3342 5280 πίστει
3411 5234 3507 5288 τῆς
3572 5225 3621 5278 ἐν
3705 5234 3912 5302 Νικαίᾳ

2302 5315 2562 5372 συνόδου·
2617 5321 2802 5370 καὶτὸ
2843 5317 3123 5390 ὀμοούσιον
3177 5321 3330 5390 μόνον
3389 5313 3662 5388 δέχονται,
3709 5319 3782 5379 ὡς
3834 5327 3909 5390 τῷ

2300 5410 2460 5481 ὁμοίῳ
2508 5407 2620 5461 κατ’
2662 5406 2844 5460 οὐσίαν
2891 5410 3078 5459 ταυτὸν
3147 5413 3420 5479 σημαῖνον.
3479 5407 3685 5463 Ταύτην
3737 5407 3909 5460 αὐτῶν

2299 5503 2393 5556 τὴν
2461 5496 2734 5570 ὁμολογίαν
2799 5499 3052 5570 ἔγγραφον
3109 5494 3274 5548 λαϐὼν
3337 5496 3361 5546 ὁ
3427 5493 3666 5568 Λιϐέριος
3701 5538 3715 5563 ,
3764 5494 3908 5550 ἐκοι-
