4106 6296
230 215 285 269 29
1597 227 1942 285 THESAURI
1992 229 2122 285 LIB.
2162 228 2251 286 v1.
3535 233 3606 288 30

237 344 444 427 νὼνησιν
494 339 704 406 αὐτοῖς’
768 349 869 401 καὶ
924 349 1209 424 γράμματα
1243 352 1369 426 παρ’
1394 352 1556 407 αὐτοῦ
1585 350 1823 414 λαϐόντες

1957 357 2284 422 gaverunt;
2314 354 2674 427 synodoque
2713 352 2799 411 ibi
2834 357 3226 425 congregata,
3254 353 3468 410 eadem
3505 353 3606 410 de-

239 426 474 481 ἔπλευσαν
524 430 600 494 εἰς
639 433 908 488 Σικελίαν
969 435 1194 493 συνόδου
1251 437 1310 494 δὲ
1360 441 1510 496 κόικεί
1557 444 1847 514 συναχθεί-

243 536 348 605 σης,
391 523 484 572 καὶ
532 523 602 574 τὰ
657 523 799 576 αύτὰ
846 525 1223 601 ψηφισαμένων
1247 537 1348 584 τῶν
1369 529 1500 605 τῇδε
1525 532 1845 603 ἐπισκόπων,

244 604 539 666 ἐπανῆλθον.

303 711 410 770 κδ’.
439 717 572 771 Κατ’
602 717 763 772 ἐκεῖνο
804 717 866 773 δὲ
894 730 1082 796 καιροῦ
1123 722 1340 780 σύνοδον
1373 725 1599 800 ἀγόντων
1625 728 1674 781 ἐν
1701 731 1846 782 Τυά-

245 822 334 865 νοις
357 805 622 860 Εύσεϐίου
644 816 737 861 τοῦ
763 817 1080 886 Καισαρείας
1101 813 1503 885 Καππαδοκίας,
1530 817 1844 872 Ἀθανασίου

247 893 523 967 ’Δγκύρας,
564 897 826 970 Πελαγίου
866 899 1187 968 Λαοδικείας
1228 915 1324 970 τῆς
1370 911 1580 982 Συρίας,
1612 914 1847 972 Ζήνωνος

250 986 430 1054 Τύρου,
450 985 662 1039 Παύλου
679 987 928 1061 Ἐμέσης,
952 991 1196 1068 Ὀτρηίου
1218 995 1476 1055 Μελιτηνῆ
1487 1017 1528 1067 ς,
1553 1002 1843 1073 Γρηγορίου

245 1073 566 1145 Ναζιανζοῦ,
600 1081 689 1129 καὶ
730 1078 930 1132 πολλῶν
960 1081 1142 1151 ἄλλων,
1183 1083 1349 1154 οἳξκαὶ
1378 1085 1426 1138 ἐν
1457 1085 1756 1159 Ἀντιοχείᾳ
1784 1091 1842 1140 τὸ

245 1163 521 1234 ὁμοούσιον
578 1165 907 1240 ἐψηφίσαντο
952 1169 1037 1224 ἐπὶ
1095 1180 1188 1234 τῆς
1228 1173 1481 1228 Ἰοϐιανοῦ
1544 1174 1837 1249 βασιλείας,

241 1250 540 1324 ἀνεγνώσθη
589 1257 657 1308 τὰ
686 1257 928 1333 Λιϐερίου
967 1266 1058 1314 καὶ
1086 1270 1185 1314 τῶν
1215 1263 1311 1316 ἀνὰ
1346 1269 1440 1323 τὴν
1481 1261 1636 1319 δύσιν
1663 1287 1842 1340 γραμ-

238 1359 394 1412 ματα·
429 1347 522 1395 καὶ
552 1355 865 1420 περιχαρεῖς
902 1347 988 1402 ἐπὶ
1028 1353 1230 1415 τούτοις
1270 1358 1551 1428 γενόμενοι,
1611 1356 1840 1429 ἔγραψαν

239 1434 433 1494 πάσαις
465 1440 579 1495 ταῖς
607 1439 745 1488 κατὰ
773 1441 868 1496 τὴν
901 1439 1083 1493 Ἀσίαν
1106 1440 1446 1507 Ἐκκλησίαις
1471 1443 1700 1518 ἐντυχεῖν
1730 1455 1841 1510 τοῖς

235 1523 491 1612 τοιούτοις
538 1526 838 1612 γράμμασι,
897 1533 988 1582 καὶ
1040 1532 1114 1583 ἔτι
1167 1529 1292 1606 ἦρος
1336 1538 1490 1605 ὄντος,
1535 1535 1606 1598 εἰς
1633 1540 1838 1612 Ταρσὸν

237 1610 524 1670 συνελθεῖν,
593 1611 735 1672 Ἦδη
792 1613 852 1669 δὲ
905 1623 1261 1674 συνίστασθαι
1313 1623 1603 1696 μελλούσης
1648 1610 1739 1687 τῆς
1791 1626 1838 1679 ἐν

1956 447 2270 499 creverunt
2318 459 2388 500 ac
2429 443 2612 516 hujus
2659 442 2873 500 insulae
2925 439 3229 518 episcopi,
3279 447 3337 501 et
3383 443 3608 502 reversi

1956 535 2116 588 sunt.

2025 733 2116 788 24.
2160 733 2279 787 Hoc
2305 733 2506 788 autem
2537 734 2810 806 tempore
2839 734 3025 806 Tyani
3047 733 3352 808 synodum
3379 735 3604 807 agenti-

1951 817 2068 875 bus
2098 819 2352 876 Eusebio
2384 820 2663 878 Caesareae
2710 822 2772 878 in
2817 824 3218 896 Cappadocia,
3271 824 3600 880 Athanasio

1953 914 2226 983 Ancyrae,
2250 909 2486 980 Pelagio
2520 911 2821 969 Laodiceae
2855 913 2916 968 in
2968 914 3156 985 Syria,
3190 917 3421 970 Zenone
3443 914 3597 986 Tyri,

1952 999 2136 1056 Paulo
2191 1003 2437 1068 Emesze,
2481 1001 2642 1058 Otrio
2670 1002 2970 1072 Meletinae,
3004 1004 3285 1074 Gregorio
3325 1003 3603 1060 Nazianzi

1951 1094 2008 1145 et
2032 1089 2234 1145 multis
2265 1090 2418 1160 aliis,
2441 1091 2543 1164 qui
2572 1095 2628 1148 et
2664 1092 2988 1149 Antiochiae
3020 1093 3599 1151 consubstantialem

1952 1180 2161 1238 Filium
2193 1181 2601 1249 decreverant,
2619 1184 2872 1239 Joviano
2893 1184 3249 1256 imperante,
3269 1183 3435 1240 lectae
3461 1188 3602 1242 sunt

1949 1270 2163 1326 Liberii
2179 1275 2236 1327 et
2250 1272 2712 1328 occidentalium
2731 1272 3190 1339 litterae.Quibus
3209 1272 3498 1343 laetantes,
3520 1273 3599 1330 ad

1947 1374 2161 1416 omnes
2184 1360 2336 1417 Asiae
2356 1361 2649 1418 Ecclesias
2665 1362 3034 1434 scripserunt
3053 1371 3116 1418 ut
3133 1363 3222 1418 his
3241 1362 3444 1418 litteris
3461 1377 3600 1419 con-

1948 1451 2287 1517 cordarent,
2311 1457 2388 1522 et,
2422 1452 2568 1509 dum
2605 1454 2810 1510 adhuc
2838 1470 2940 1510 ver
2972 1459 3147 1520 esset,
3182 1456 3424 1510 Tarsum
3457 1469 3598 1509 con-

1946 1540 2395 1598 venirent.Cum
2429 1547 2632 1599 autem
2649 1543 2772 1615 jam
2805 1543 2868 1599 in
2894 1559 2964 1599 eo
2982 1546 3178 1600 essent
3197 1545 3262 1598 ut
3292 1540 3597 1614 synodum

1946 1629 2109 1686 Tarsi
2139 1631 2432 1688 haberent
2462 1632 2751 1705 episcopi,
2783 1637 3046 1705 quatuor
3087 1637 3143 1689 et
3170 1630 3414 1703 triginta
3440 1629 3597 1688 asia-

230 1705 424 1774 Ταρσῷ
504 1700 754 1768 συνόδου,
830 1711 1108 1779 τριάκοντα
1155 1714 1246 1764 καὶ
1290 1715 1540 1789 τέσσαρες
1605 1715 1831 1770 Ἀσιανοῖ

1948 1721 2046 1777 tici
2105 1721 2374 1795 episcopi
2431 1700 2757 1778 Antiochia:
2797 1700 2858 1778 in
2897 1723 3070 1780 Caria
3119 1700 3467 1791 congregati
3515 1719 3597 1776 ad

231 1787 536 1863 ἐπίσκοποι,
610 1794 933 1857 συνελθόντες
990 1797 1038 1851 ἐν
1099 1799 1399 1876 Ἀντιοχείᾳ
1461 1813 1559 1866 τῆς
1615 1811 1838 1880 Καρίας,

230 1884 324 1936 τήν
384 1883 477 1952 μὶν
539 1881 624 1936 ἐπὶ
689 1892 752 1956 τῇ
812 1887 1028 1962 ὁμονοίᾳ
1083 1898 1181 1942 τῶν
1239 1891 1559 1952 Ἐκκλησιῶν
1597 1893 1838 1954 σπουδὴν

230 1972 470 2038 amoma,
495 1981 828 2046 παρῃτοῦντο
855 1973 917 2030 δὲ
935 1981 996 2030 τό
1036 1987 1126 2033 τοῦ
1149 1971 1450 2052 ὁμοουσίού·
1488 1983 1694 2046 Οὐάλης
1727 1982 1784 2038 δὲ
1810 1986 1836 2037 ὁ

228 2059 477 2121 Βασιλεύς
520 2060 782 2126 Εύδοξίου
824 2064 1035 2140 σπουδῇ
1063 2074 1156 2128 τήν
1188 2070 1236 2123 ἐν
1279 2072 1490 2146 Κιλικίᾳ
1519 2072 1835 2148 προσδοκω-

223 2153 383 2221 μένην
426 2149 653 2206 σύνοδον
699 2154 900 2209 ἔλυσεν·
953 2160 1002 2210 οἱ
1046 2155 1104 2212 δὲ
1142 2159 1523 2216 Μακεδονιανοὶ
1551 2161 1833 2240 ἀδιάφορον

222 2241 314 2302 ἓως
332 2245 477 2304 τινός
495 2248 698 2316 χρόνου
729 2251 825 2303 τὴν
853 2253 1124 2301 κοινωνίαν
1145 2249 1408 2305 ἐποιοῦντο
1433 2251 1528 2306 ἀνὰ
1558 2253 1834 2317 ἐκκλησίας

218 2332 313 2390 τὰς
341 2329 392 2382 ἐν
433 2331 636 2406 ἑκάστῃ
668 2335 834 2403 πόλει,
865 2335 1105 2400 ἀλλήλοις
1133 2360 1187 2393 τε
1209 2339 1597 2417 ἐπιμιγνύμενοι
1617 2350 1706 2398 καὶ
1725 2355 1831 2408 τοῖς

219 2418 273 2481 ἐξ
299 2419 482 2495 ἀρχῆς
509 2423 866 2496 πρεσϐεύουσι
896 2430 954 2480 τὸ
985 2429 1283 2501 ὁμοούσιον.

288 2529 384 2587 κε’,
433 2531 584 2584 Ἐπεὶ
638 2528 698 2585 δὲ
763 2533 1052 2599 Οὐάλεντος
1105 2538 1834 2616 τελευτήσαντος⁹Γρατιανός

217 2615 572 2691 ἐνομοθέτησε
636 2623 768 2694 μετὰ
822 2621 1006 2688 ἁδείας
1079 2625 1326 2690 ἑκάστους
1402 2615 1704 2703 θρησκεύειν
1770 2635 1836 2694 ὡς

218 2705 510 2778 βούλονται
567 2710 659 2763 καί
723 2710 1108 2784 ἐκκλησιάζειν,
1175 2717 1307 2777 πλὴν
1372 2725 1685 2793 Μανιχαίων
1745 2725 1836 2775 καὶ

217 2806 317 2848 τῶν
367 2804 435 2858 τὴ
510 2806 766 2854 Φωτεινού
823 2809 916 2857 καὶ
971 2805 1228 2879 Εύνομίου
1282 2812 1619 2883 φρονούντων,
1683 2809 1835 2863 πάλιν

218 2889 271 2938 οἱ
321 2887 534 2951 πλείους
591 2886 953 2964 ἒδογμάτισαν
1000 2893 1337 2969 ἐκτρέπεσθαι
1365 2902 1459 2957 τὴν
1506 2907 1597 2952 τοῦ
1646 2901 1836 2973 ὁμοου-

221 2981 340 3029 σίου
393 2984 591 3050 φωνήν.
650 2979 709 3032 '0
751 2979 809 3034 δὲ
848 2982 1097 3047 Βασιλεύς
1147 2982 1428 3048 Θεοδόσιος
1467 2989 1492 3040 ὁ
1535 2993 1707 3062 Μέγας
1745 2996 1838 3043 τοῦ

1949 1811 2347 1867 Ecclesiarum
2375 1812 2768 1868 concordiam
2809 1812 3089 1868 ardorem
3110 1810 3454 1880 laudavere,
3490 1809 3596 1865 sed

1948 1902 2203 1972 rejecere
2227 1901 2760 1958 consubstantiale.
2794 1907 3125 1974 Imperator
3145 1904 3347 1957 autem
3378 1899 3594 1955 Valens

1946 1991 2194 2046 Eudoxii
2227 1991 2774 2046 machinationibus
2802 1989 3106 2062 synodum
3141 2005 3276 2061 quas
3305 1988 3366 2044 in
3397 1987 3596 2044 Cilicia

1943 2078 2069 2135 ﬁeri
2099 2079 2379 2146 debebat,
2419 2079 2709 2135 dissolvit.
2738 2077 3146 2135 Macedoniam
3187 2092 3327 2133 vero
3366 2075 3592 2131 indiﬂ‘e-

1943 2176 2142 2225 renter
2175 2186 2315 2226 cum
2349 2169 2477 2225 aliis
2523 2169 2583 2224 in
2627 2168 3003 2238 singularum
3035 2166 3276 2222 urbium
3330 2163 3594 2221 ecclesiis

1942 2259 2324 2332 aliquantum
2375 2259 2663 2331 temporis
2714 2256 3271 2319 communicabant,
3304 2254 3404 2311 alii
3457 2254 3591 2311 aliis

1941 2348 2189 2405 immisti
2222 2350 2416 2421 iisque
2455 2348 2562 2422 qui
2606 2347 2684 2405 ab
2713 2346 2883 2404 initio
2914 2343 3428 2403 consubstantiale
3458 2358 3593 2418 pro-

1942 2440 2085 2497 fessi
2129 2444 2319 2498 erant.

2015 2553 2104 2606 25.
2131 2548 2466 2620 Postquam
2489 2549 2713 2617 autem,
2737 2545 2978 2604 Valente
3001 2548 3262 2613 mortuo,
3279 2543 3596 2601 Gratianus

1942 2637 2140 2708 legem
2169 2637 2303 2694 tulit
2330 2653 2402 2692 ex
2429 2652 2552 2709 qua
2579 2651 2784 2693 secure
2813 2635 3070 2708 quisque
3089 2637 3155 2690 ut
3183 2633 3371 2705 vellet,
3409 2635 3596 2688 Deum

1945 2727 2163 2784 coleret
2181 2733 2238 2784 et
2259 2727 2736 2794 concionaretur,
2762 2725 3024 2799 exceptis
3045 2722 3382 2782 Manichaeis
3399 2722 3597 2795 iisque

1945 2817 2050 2890 qui
2099 2817 2345 2875 Photino
2387 2822 2443 2874 et
2482 2816 2775 2873 Eunomio
2824 2814 3305 2880 consentiebant,
3351 2827 3597 2868 rursum

1945 2906 2216 2980 plerique
2285 2907 2622 2964 docuerunt
2679 2904 3135 2978 exstirpandam
3197 2917 3327 2958 esse
3382 2915 3596 2957 vocem

1949 2995 2530 3054 Consubstantialis.
2578 2997 2908 3068 Imperator
2963 2996 3166 3048 autem
3222 2989 3594 3046 Theodosius

215 3068 507 3140 ὁμοουσίου
543 3069 896 3135 πουδαστὴς
944 3074 1031 3136 ὧν,
1097 3073 1316 3129 σύνοδον
1368 3076 1664 3131 ἐπισκόπων
1709 3081 1831 3151 ὁμοῆ

1947 3089 2220 3157 Magnus,
2267 3084 2805 3143 Consubstantialis
2853 3083 3069 3151 fautor,
3105 3078 3408 3154 synodum
3439 3076 3596 3150 epis-

215 3155 385 3221 δόξων
460 3159 634 3232 ἐαυτῷ
711 3162 1021 3217 συνεκάλεσε
1074 3164 1406 3238 βεϐαιώσεως
1445 3168 1590 3221 ἕνεκα
1633 3177 1745 3221 ’τῶν
1787 3168 1836 3220 ἐν

211 3255 419 3322 δικαία
469 3246 756 3313 δοξάντων·
808 3252 1082 3306 ὑπολαϐὼν
1137 3252 1194 3308 δὲ
1263 3253 1525 3310 δύνασθαι
1584 3258 1834 3322 συντάξαι

211 3343 277 3406 τῇ
317 3338 552 3390 καθόλου
602 3339 893 3410 Ἐκκλησία
959 3347 1074 3405 τοὺς
1119 3344 1464 3418 καλουμένους
1510 3343 1834 3401 Μακεδονια-

212 3430 344 3487 νοός,
429 3428 744 3483 συνεκάλεσε
818 3437 909 3485 καὶ
993 3436 1220 3496 τούτους
1301 3435 1552 3494 συνῆλθον
1620 3432 1707 3488 οὖν
1782 3435 1831 3489 ἐν

214 3519 769 3574 Κωνσταντινουπόλει
841 3521 899 3574 ἐκ
955 3531 1055 3575 τῶν
1127 3525 1404 3598 ὁμοούσιον
1465 3530 1558 3585 τὴν
1623 3522 1832 3600 Τρίάδα

213 3600 545 3668 δοξαζόντων
606 3609 739 3683 ἀμφὶ
779 3610 961 3665 ἑκατόν
1007 3617 1096 3666 καὶ
1152 3619 1488 3683 πεντήκοντα,
1548 3613 1596 3667 ἐν
1649 3612 1722 3676 οἷς
1767 3617 1829 3674 ἧν

211 3701 510 3772 Γρηγόριος
571 3701 597 3752 ό
661 3701 940 3775 Θεολόγος,
1000 3705 1026 3756 ό
1100 3707 1320 3769 Νύσσης
1378 3708 1666 3782 Γρηγὸριος
1729 3708 1824 3778 (1),

213 3783 570 3862 Ἀμῖιλόχιός
617 3809 670 3843 τε
734 3797 825 3844 καὶ
879 3794 1042 3868 ἕτεροι
1103 3803 1200 3846 τῶν
1258 3793 1528 3867 ἐπισήμων
1573 3800 1687 3850 τότε
1727 3803 1832 3849 Πα-

211 3879 393 3949 τέρων,
462 3879 512 3930 οἱ
583 3875 650 3939 δὴ
727 3883 916 3944 πάντες
991 3881 1192 3936 ἐδέοντο
1265 3893 1366 3937 τῶν
1431 3883 1830 3938 Μακεδονιανῶν

216 3963 499 4036 ἐπιγνῶναι
571 3972 627 4020 τὸ
693 3969 996 4043 ὀμοούσιον,
1074 3971 1550 4047 ἀναμιμνήσκοντες
1641 3975 1833 4036 αύτούς

213 4061 311 4117 τῆς
348 4057 632 4128 πρεσϐείας
671 4064 762 4112 καὶ
803 4060 1082 4133 ὁμολογίας
1124 4062 1183 4121 ἣν
1224 4065 1392 4116 ἔθεντο
1430 4067 1561 4136 πρὸς
1589 4063 1830 4137 Λιϐέριον

215 4146 300 4195 τόν
346 4145 555 4218 Ῥώμης
618 4143 713 4200 διὰ
746 4149 1042 4203 Εύσταθίου
1081 4157 1170 4204 καὶ
1219 4150 1463 4204 Σιλϐανού
1522 4158 1611 4205 καὶ
1641 4157 1833 4225 Θεοφὺ-⁸

217 4230 328 4288 λον.
390 4237 458 4287 Οἱ
521 4232 583 4290 δὲ
618 4234 884 4310 μηδέποτε
925 4241 1202 4312 όμοούσιον
1252 4249 1324 4313 τῷ
1383 4246 1548 4316 Πατρὶ
1586 4245 1671 4294 τὸν
1711 4245 1828 4295 Υἰον

223 4321 511 4395 ἀναφανδόν
584 4323 824 4390 δοξάζειν
896 4330 1134 4397 εἰπόντες,
1203 4330 1247 4383 εἰ
1306 4336 1396 4384 καὶ
1453 4330 1656 4383 ἐναντία
1717 4339 1829 4394 ταῖς

1945 3191 2237 3249 coporum
2270 3174 2382 3230 sibi
2413 3172 2916 3230 consentientium
2943 3167 3316 3238 convocavit,
3349 3166 3428 3222 ad
3450 3180 3591 3222 con-

1942 3265 2248 3322 ﬁrmanda
2277 3279 2349 3321 ea
2384 3279 2518 3336 quae
2557 3263 2765 3320 Nicaeae
2808 3261 3049 3318 decreta
3076 3264 3274 3326 erant;
3304 3254 3593 3330 possibile

1942 3363 2144 3415 autem
2177 3356 2300 3412 fore
2331 3360 2556 3428 putans
2581 3352 2889 3410 catholicas
2917 3349 3188 3407 Ecclesiae
3213 3345 3593 3405 Macedonia-

1940 3463 2053 3504 nos
2091 3462 2419 3520 apponere,
2453 3460 2557 3502 eos
2596 3459 2841 3518 quoque
2886 3439 3260 3499 convocavit.
3289 3440 3594 3495 Convene-

1937 3542 2079 3594 runt
2107 3537 2286 3607 igitur
2330 3532 2909 3606 Constantinopolim
2953 3547 3026 3588 ex
3077 3530 3146 3586 iis
3183 3527 3290 3601 qui
3331 3525 3591 3583 consub-

1941 3626 2280 3684 stantialem
2323 3624 2668 3682 Trinitatem
2730 3621 3172 3679 conﬁtebantur
3219 3621 3464 3674 centum
3535 3616 3592 3670 et

1939 3715 2383 3790 quinquaginta
2420 3714 2684 3778 circiter,
2734 3712 2795 3768 in
2841 3710 3064 3784 quibus
3107 3712 3235 3765 erat
3274 3703 3589 3776 Gregorius

1939 3805 2299 3876 Theologus,
2345 3809 2403 3860 et
2451 3801 2769 3873 Gregorius
2808 3803 3132 3872 Nyssenus,
3174 3791 3589 3867 Amphilochi-

1938 3910 2129 3968 usque
2160 3898 2217 3949 et
2248 3892 2346 3950 alii
2367 3909 2439 3950 ex
2470 3890 2847 3949 celeberimis
2878 3888 3060 3958 hujus
3089 3883 3375 3956 temporis
3406 3879 3586 3937 Patri-

1938 3982 2194 4056 bus,qui
2215 3982 2463 4055 quidem
2499 3995 2711 4037 omnes
2742 3995 2777 4035 a
2818 3972 3259 4036 Macedonianis
3283 3971 3504 4045 petiere
3525 3971 3591 4026 ut

1940 4071 2452 4129 consubstantiale
2497 4071 2930 4139 agnoscerent,
2995 4066 3056 4122 in
3102 4062 3460 4121 memoriam
3513 4060 3588 4117 iis

1937 4165 2286 4218 revocantes
2335 4159 2698 4230 legationem
2742 4162 2799 4213 et
2841 4154 3285 4214 confessionem
3325 4166 3478 4225 quas
3508 4149 3589 4206 ad

1941 4250 2237 4307 Liberium
2270 4252 2469 4305 Romae
2509 4263 2617 4321 per
2660 4245 3040 4303 Eustathium
3088 4247 3145 4300 et
3195 4241 3501 4300 Silvanum
3531 4242 3590 4296 et

1936 4337 2329 4410 Theophilum
2378 4338 2687 4393 miserant.
2755 4335 2841 4392 Illi
2887 4338 3089 4390 autem
3147 4349 3209 4388 se
3266 4344 3583 4402 nunquam

223 4418 344 4486 πρὸς
389 4415 636 4490 Λιϐἐριον
695 4418 995 4492 ὁμολογίαις
1059 4417 1285 4493 ἐροῦσιν,
1328 4419 1726 4492 ἀπηλλάγησαν·
1778 4424 1827 4474 οἱ

1943 4428 2093 4484 Patri
2143 4425 2722 4483 consubstantialem
2777 4440 2909 4481 esse
2963 4422 3171 4479 Filium
3219 4423 3423 4493 aperte
3478 4418 3584 4476 do-

228 4496 280 4554 δε
322 4514 411 4558 τοῦ
469 4505 645 4580 ἐτέρου
707 4512 895 4582 μέρους
972 4507 1315 4581 ἐπιμείναντες
1371 4515 1461 4562 καὶ
1516 4514 1573 4562 τὸ
1618 4518 1828 4584 Πνεῦμα

231 4610 279 4643 το
339 4596 502 4668 ἅγιον,
567 4598 757 4673 Κύριον
806 4603 900 4650 καὶ
953 4598 1207 4659 ζωοποιόν
1245 4604 1335 4652 καὶ
1387 4601 1444 4652 ἐκ
1487 4609 1578 4654 τοῦ
1618 4607 1830 4677 Πατρός

231 4681 606 4760 ἐκπορευόμενον
692 4692 784 4740 καὶ
877 4695 954 4760 τῷ
1030 4693 1198 4764 Πατρὶ
1265 4696 1822 4765 συμπροσκυνούμενον

232 4779 306 4825 καὶ
342 4773 787 4852 συνδοξαζόμενον
838 4773 1277 4850 δογματίσαντες,
1343 4783 1408 4841 ὡς
1473 4786 1562 4834 καὶ
1628 4781 1676 4834 ἐν
1748 4792 1820 4855 τῷ

234 4862 331 4934 θείῳ
383 4868 622 4941 συμϐόλῳ
692 4871 952 4940 ἶγκειται,
1010 4873 1098 4920 καὶ
1145 4873 1231 4920 τόν
1283 4867 1604 4924 Μακεδόνιον
1660 4875 1819 4926 καθυ-

234 4953 498 5024 «Euhan;
541 4958 867 5031 ἀναθέματι,
927 4958 1178 5018 ὡσαύτως
1234 4963 1323 5012 καὶ
1363 4963 1484 5022 τοὺς
1521 4964 1580 5014 τό
1612 4963 1819 5034 ὁμοιού-

231 5059 315 5097 σιον
356 5053 436 5102 καὶ
483 5051 672 5124 ὅμοιον
734 5047 828 5101 ἐπὶ
873 5052 971 5097 τοῦ
1020 5050 1144 5098 Υίού
1176 5043 1515 5117 δοξάζοντας,
1557 5055 1646 5103 καὶ
1684 5053 1816 5123 μετά

219 5141 286 5193 τήν
340 5139 385 5192 ἰν
438 5144 646 5215 Nuceria:
691 5131 961 5202 σύνοδον,
1033 5133 1276 5208 δευτέραν
1353 5141 1544 5196 ταύτην
1625 5139 1808 5201 εὐσεϐῆ

211 5235 582 5310 σνστησυῇαενοι,
663 5228 813 5284 ἀλλὰ
887 5227 983 5276 καὶ
1071 5229 1288 5288 κανόνας
1359 5225 1622 5300 ἐκθέμενοι
1690 5247 1780 5282 πε(

222 5438 288 5510 (ι)
322 5436 448 5497 Hac
473 5434 778 5510 tentasse
811 5415 1555 5510 εξοοεξξῐοηεδε-,βνθερνίιιεε
1583 5426 1806 5507 Nysse-

158 5495 248 5568 ηαξ
269 5495 518 5590 scripsit
560 5502 728 5562 illos
769 5496 1092 5554 adversus
1114 5495 1320 5550 Arium
1359 5495 1796 5555 Macedoniam-

1934 4518 2129 4574 cuisse
2159 4517 2444 4586 dicentes,
2494 4515 2601 4571 etsi
2649 4512 3018 4570 contrarium
3069 4511 3131 4566 in
3171 4525 3282 4568 sua
3311 4509 3388 4566 ad
3425 4507 3586 4565 Libe-

1932 4607 2087 4661 rium
2129 4605 2508 4661 confessione
2565 4604 2842 4669 dixerint,
2883 4600 3114 4657 dimissi
3167 4605 3326 4655 sunt.
3380 4597 3582 4655 Caeteri

1930 4711 2072 4750 vero
2102 4694 2364 4767 partium
2399 4693 2654 4749 aliarum
2698 4694 3140 4758 remanserunt,
3165 4693 3222 4745 et
3255 4691 3581 4761 postquam

1928 4784 2315 4840 decreverunt
2348 4782 2630 4855 Spiritum
2657 4787 2932 4837 sanctum
2971 4778 3290 4836 Dominum
3338 4791 3470 4832 esse
3499 4775 3580 4831 vi-

1931 4872 2271 4929 viﬁcantem
2294 4876 2349 4927 et
2376 4887 2447 4927 ex
2469 4874 2638 4927 Patre
2663 4869 2989 4942 procedere
3011 4874 3067 4924 et
3091 4883 3230 4924 cum
3248 4869 3417 4921 Patre
3437 4863 3582 4920 ado-

1925 4962 2045 5018 rari
2076 4967 2133 5018 et
2162 4960 2482 5032 gloriﬁcari
2512 4964 2578 5016 ut
2613 4959 2675 5016 in
2713 4959 2918 5015 divino
2974 4955 3254 5030 symbolo
3293 4954 3582 5026 scriptum

1925 5055 2036 5120 est,
2064 5049 2602 5122 Macedoniumque
2624 5064 2850 5120 eosque
2876 5048 2979 5121 qui
3005 5047 3213 5104 Filium
3243 5042 3581 5100 substantia

1923 5140 2182 5197 similem
2222 5139 2314 5195 vel
2345 5138 2694 5210 simpliciter
2724 5137 2978 5194 similem
3005 5136 3307 5192 docebant
3335 5130 3578 5190 anathe-

1921 5235 2084 5286 mate
2120 5233 2570 5304 percusserunt,
2612 5243 2869 5300 eamque
2914 5225 3245 5283 secundam
3285 5222 3450 5294 piam
3482 5235 3580 5291 sy-

1917 5439 2036 5498 que
2078 5426 2576 5498 tractatustguos
2602 5436 2830 5498 egoex
2867 5421 3152 5498 va_t_i_cano
3181 5415 3387 5474 codice
3411 5412 3575 5474 edidi

1916 5493 1979 5558 in
2002 5494 2375 5555 Collectionis
2399 5493 2699 5556 Vaticanae
2725 5497 2890 5552 tomo
2917 5493 3058 5552 Vill.
