4106 6296
484 289 547 344 31
1814 276 2076 336 meum
2118 271 2485 332 GHONIATE
3793 281 3864 338 32

484 411 718 468 nodum
754 425 890 468 esse
936 411 1075 482 post
1112 406 1417 465 Nicaenam
1467 406 1927 471 constituerunt,
1961 415 2144 458 cano-

2267 393 2522 474 διαφόρων
2565 400 3016 462 ἐκκλησιαπικῶν
3075 403 3414 476 ζητημάτων,
3483 403 3858 458 ἐϐουλεύσαντο

483 515 714 573 nesque
731 500 806 555 de
818 498 1070 556 diversis
1091 495 1509 553 ecclesiasticis
1527 492 1964 568 qumstionibus
1979 505 2141 547 com-

485 605 764 663 posuere,
792 577 1288 646 deliberationem
1319 585 1682 652 habuerunt,
1705 599 1887 656 quem
1908 581 1970 637 in
2000 579 2142 636 sede

489 679 1153 752 Constantinopolitana
1192 680 1536 732 statuerent.
1582 674 1911 747 Imperator
1939 676 2138 728 autem

489 769 595 845 qui
625 770 978 840 Gregorium
1002 765 1374 835 Theologum
1393 764 1794 821 admiratione
1818 776 2142 836 proseque-

488 860 691 924 batur,
721 859 838 914 hoc
869 858 1223 931 episcopatu
1246 872 1382 911 eum
1409 853 1666 926 dignum
1686 868 1816 908 esse
1837 850 2099 908 decrevit
2121 854 2135 905 ;

491 952 931 1005 consenserunt
968 945 1149 1016 hujus
1178 942 1398 1016 synodi
1433 941 1722 1016 plerique.
1766 945 1896 1014 Ipse
1938 944 2141 995 autem

489 1037 827 1107 intelligens
850 1034 1176 1092 nonnullos
1191 1033 1484 1091 obsistere
1508 1030 1958 1106 praesertimque
1971 1031 2143 1101 Egy-

490 1125 670 1199 ptios,
727 1123 1034 1196 aliquanto
1085 1127 1225 1194 post
1271 1120 1588 1178 recusavit.
1653 1118 1908 1175 Diodoro
1961 1117 2142 1186 igitur

490 1220 655 1281 teste,
679 1213 982 1271 Nectarius
1001 1211 1324 1282 Tarsensis,
1348 1210 1623 1266 nondum
1657 1207 2021 1280 baptizatus,
2044 1205 2144 1261 eli-

426 1298 433 1300 “
489 1306 645 1377 gitur
676 1309 732 1360 et
760 1304 1118 1377 baptizatur,
1142 1300 1616 1374 baptismalique
1642 1299 1842 1354 adhuc
1874 1301 2033 1352 veste
2059 1295 2146 1351 in-

487 1396 670 1452 dutus
695 1391 1394 1464 Constantinopolitanus
1424 1391 1746 1461 episcopus
1773 1386 2106 1464 ordinatur.

560 1489 650 1540 26.
691 1486 830 1539 Post
875 1483 1006 1537 haec
1055 1486 1257 1537 autem
1294 1479 1720 1536 convenientes
1753 1474 2062 1534 Nectarius
2087 1477 2146 1530 et

491 1574 591 1632 alii
612 1574 917 1629 Nicaanam
946 1570 1128 1627 ﬁdem
1151 1571 1587 1626 conﬁrmarunt
1608 1571 1666 1624 et
1685 1581 1928 1623 omnem
1959 1565 2146 1620 haere-

492 1665 605 1721 sim
628 1663 1322 1728 excommunicaverunt,
1365 1659 1878 1730 decreveruntque
1935 1670 2146 1711 omnes

2255 492 2356 540 τίνι
2405 486 2515 543 δέοι
2567 497 2662 550 τὴν
2727 492 3018 552 ἐπισκοπὴν
3087 494 3690 556 Κωνσταντινουπόλεως
3752 495 3860 548 ἐπι-

2255 577 2464 650 τρέψαι.
2518 580 2575 633 Ὀ
2625 579 2684 635 δὲ
2729 582 3003 655 βασιλεὺς,
3064 583 3345 655 θαυμάζων
3409 587 3497 636 τόν
3573 589 3860 660 Γρηγόριον

2254 670 2342 720 τὸν
2395 668 2668 742 Θεολόγον,
2727 680 2824 734 τῆς
2876 671 3162 734 ἐπισκοπῆς
3200 672 3342 734 ἀξιον
3400 672 3682 746 ἐψηφίζετο
3738 676 3861 726 ταύ-

2255 777 2368 820 της·
2414 765 2665 832 συνῄνουν
2713 757 2772 814 δὲ
2827 767 2916 814 καὶ
2961 765 3058 823 τὴς
3087 757 3313 815 συνόδου
3362 764 3412 814 οἱ
3442 761 3690 826 πλείονες.
3721 763 3858 816 Ἀλλ’

2257 845 2428 916 αύτὸς,
2505 849 2807 923 αἰσθόμενός
2871 871 3015 914 τινας
3085 851 3366 924 ἀνταίρειν,

2255 955 2376 999 τους

3455 857 3544 904 καὶ
3625 853 3862 923 μάλιστα

2479 936 2567 990 ἀπ’
2643 939 2936 1011 Αἰγύπτου,
3010 946 3356 1014 παρῃτήσατο
3437 944 3568 1013 μετὰ
3652 946 3857 1017 καιρόν

2258 1023 2522 1100 Διοδώρου
2604 1033 2774 1082 τοίνυν
2829 1036 3094 1106 μαρτυρίᾳ
3159 1033 3441 1106 Νεκτάριος
3510 1031 3865 1103 συγκλητικὸς

2259 1117 2284 1167 ὁ
2348 1121 2581 1193 Ταρσεύς
2641 1117 2875 1192 ἀμύητος
2935 1119 3320 1192 ὢνψηφίζεται
3369 1123 3457 1172 καὶ
3509 1128 3740 1194 μυεῖται,
3771 1125 3865 1174 καὶ

2257 1210 2351 1264 τὴν
2406 1212 2670 1278 μυστικὴν
2723 1211 2798 1261 ἔτι
2845 1209 3042 1268 ἐσθῆτα
3089 1210 3431 1282 ἠμφιεσμένος
3483 1219 3866 1286 χειροτονεῖται

2262 1298 2851 1360 Κωνσταντινουπόλεως
2880 1299 3179 1360 ἐπίσκοπος.

2329 1385 2432 1450 κατ’.
2492 1391 2636 1441 Μετὰ
2688 1385 2748 1442 δὲ
2793 1396 2962 1441 ταῦτα
3006 1388 3333 1451 συνελθόντες
3362 1392 3650 1464 Νεκτάριος
3679 1394 3769 1442 καὶ
3813 1390 3867 1442 οἱ

2259 1474 2422 1543 ἄλλοι,
2477 1480 2568 1534 τὴν
2636 1477 2684 1530 ἐν
2744 1484 2942 1552 Νικαίᾳ
2979 1483 3156 1530 πίστιν
3211 1477 3499 1554 ἐκύρωσαν,
3542 1479 3632 1530 καί
3686 1485 3868 1532 πᾶσαν

2260 1567 2459 1641 αἰρεσιν
2515 1566 2859 1642 ἀπεκήρυξαν,
2910 1572 3000 1621 καὶ
3051 1564 3368 1621 διοικεῖσθαι
3437 1571 3527 1629 τὰς
3583 1575 3866 1640 πανταχοῦ

2261 1651 2502 1718 διέταξαν
2550 1655 2857 1718 Ἐκκλησίας
2912 1659 3047 1710 κατὰ
3103 1661 3220 1718 τοὺς
3275 1657 3437 1710 πάλαι
3483 1662 3722 1722 κανόνας,
3768 1662 3866 1711 καὶ

495 1753 777 1810 ecclesias
808 1751 1326 1808 administrandas
1353 1765 1485 1805 esse
1509 1749 1682 1819 juxta
1713 1752 1938 1803 veteres
1963 1759 2141 1800 cano-

2267 1743 2378 1805 τούς
2433 1745 2752 1807 ἐπισκόπους
2808 1745 2891 1798 ἐπὶ
2956 1755 3054 1798 τῶν
3115 1743 3263 1798 ἰδίων
3306 1751 3468 1820 μένειν
3515 1746 3864 1814 Ἐκκλησιῶν,

495 1859 624 1910 nes,
652 1847 710 1898 et
735 1842 1054 1914 episcopos
1084 1841 1145 1896 in
1176 1839 1432 1912 propriis
1471 1836 1737 1894 ecclesiis
1771 1850 2014 1892 manere
2048 1833 2146 1888 de—

493 1933 672 1990 bere:
714 1947 911 2004 neque
954 1930 1032 1987 ad
1086 1935 1362 1986 externas
1414 1927 1738 2000 procedere
1782 1941 1977 1998 neque
2022 1939 2146 1980 non

493 2026 739 2078 vocatos
779 2037 843 2076 se
887 2019 1216 2095 peregrinis
1265 2017 1751 2075 ordinationibus
1791 2015 2052 2086 injicere,
2082 2016 2147 2068 ut

494 2111 660 2184 prius
715 2109 920 2175 ﬁebat,
964 2115 1021 2166 et
1068 2108 1288 2182 saepius
1348 2106 1681 2173 accidebat,
1729 2104 1887 2163 male
1939 2101 2147 2159 habita

494 2198 790 2258 catholica
819 2197 1117 2265 Ecclesia;
1138 2214 1212 2255 ea
1231 2201 1434 2254 autem
1456 2213 1590 2268 quae
1613 2195 1952 2252 acciderent
1980 2190 2147 2265 apud

495 2289 972 2360 uniuscujusque
995 2288 1256 2344 nationis
1287 2286 1610 2343 concilium
1643 2281 2143 2347 administranda,

495 2383 561 2435 ut
610 2379 836 2450 optime
874 2377 1004 2433 ﬁeri
1059 2381 1286 2449 posset.
1337 2378 1476 2432 Post
1516 2378 1719 2431 Romae
1768 2373 2142 2446 episcopum,

495 2466 942 2540 praesidentiam
962 2465 1186 2521 habere
1202 2463 1748 2536 Constantinopolis
1767 2463 2142 2536 episcopum,

2258 1838 2348 1885 καὶ
2395 1838 2466 1906 μὴ
2536 1841 2653 1896 ταῖς
2691 1836 2980 1909 ὑπερορίοις
3027 1835 3343 1910 προϐαίνειν,
3412 1841 3543 1908 μήτε
3605 1835 3870 1897 ἀκλήτους

2257 1927 2605 1998 χειροτονίαις
2682 1923 2977 1997 ἀλλοτρίαις
3051 1925 3260 1986 ἑαυτοὺς
3336 1924 3640 1992 ἐπιϐάλλειν,
3725 1927 3871 1977 καθά

2260 2016 2524 2087 πρότερον,
2582 2015 2645 2072 ὼς
2697 2015 2856 2085 ἔτυχε
2919 2012 3165 2076 πολλάκις
3229 2019 3318 2066 καὶ
3387 2013 3595 2085 συνέϐη,
3664 2011 3869 2066 διωκο-

2259 2104 2416 2174 μένης
2464 2109 2554 2160 τῆς
2602 2101 2825 2154 καθόλου
2869 2101 3197 2163 Ἐκκλησίας·
3240 2104 3306 2154 τὰ
3358 2099 3418 2156 δὲ
3462 2103 3584 2176 παρ’
3639 2103 3871 2160 ἑκάστην

2263 2188 2617 2262 συμϐαίνοντα
2663 2194 2756 2248 τὴν
2808 2197 2899 2242 τοῦ
2938 2192 3114 2253 ἔθνους
3167 2187 3408 2261 σύνοδον,
3469 2193 3534 2252 ὡς
3572 2191 3631 2242 ἂν
3670 2193 3877 2266 ἄριστα

2262 2283 2463 2351 φανείη,
2542 2275 2781 2332 διοικεῖν⁸
2867 2282 3000 2352 μετὰ
3065 2277 3125 2333 δὲ
3177 2285 3264 2333 τόν
3317 2280 3540 2353 Ῥώμης,
3589 2284 3674 2334 τὸν
3729 2287 3878 2334 Κων-

2264 2369 2732 2431 στᾶντινουπόλέως
2808 2368 3089 2423 ἐπισκοπον
3142 2373 3209 2423 τὰ
3263 2370 3513 2446 πρεσϐεῖα
3577 2373 3738 2443 ἔχειν,
3805 2374 3878 2433 ὡς

2261 2463 2349 2513 τόν
2396 2461 2570 2534 θρόνον
2638 2460 3050 2513 ἐπισκοπεύοντα
3114 2469 3203 2521 τῆς
3276 2465 3390 2524 νέας
3454 2461 3673 2534 Ῥώμης
3764 2460 3877 2514 ἐϐε-

497 2555 725 2628 quippe
756 2555 860 2627 qui
881 2571 1056 2611 novae
1086 2557 1289 2633 Romae
1315 2554 1599 2610 thronum
1631 2555 1973 2625 occuparet.
2005 2549 2155 2605 Con-

501 2644 1010 2716 ﬁrmaveruntque
1034 2655 1278 2700 rursum
1309 2646 1608 2700 Nicmnam
1637 2642 1841 2709 ﬁdem,
1876 2643 1933 2696 et
1977 2637 2158 2713 patri-

2265 2549 2499 2603 ϐαίωσάν
2560 2569 2613 2602 τε
2669 2547 2817 2610 αὖθις
2869 2555 2962 2608 τὴν
3022 2550 3072 2603 ἐν
3138 2555 3337 2621 Νικαίᾳ
3373 2556 3574 2616 πίστιν,
3616 2555 3706 2604 καὶ
3765 2572 3879 2604 πα-

2266 2642 2527 2715 τριάρχας
2581 2644 2911 2698 κατέστησαν
2979 2636 3372 2713 διανειμάμενοι
3440 2643 3534 2702 τὰς
3590 2641 3876 2714 ἐπαρχίας·

509 2733 724 2790 archas
766 2733 1202 2790 constituerunt
1228 2733 1650 2790 distribuentes
1688 2729 2047 2805 provincias,
2077 2728 2161 2784 ita

513 2827 579 2878 ut
635 2823 954 2894 episcopos
1012 2823 1168 2878 ultra
1222 2840 1396 2878 suam
1427 2823 1734 2878 dioecesim
1768 2821 1846 2876 ad
1885 2826 2160 2875 externas

517 2912 802 2969 ecclesias
831 2928 955 2968 non
985 2913 1356 2970 accederent.
1392 2913 1640 2968 Sortitur
1670 2927 1807 2968 vero
1835 2911 2163 2982 imperato-

515 3002 667 3058 riam
700 3002 912 3058 urbem
943 3007 1000 3059 et
1047 3002 1361 3059 Thraciam
1408 3000 1748 3066 Nectarius;
1799 2998 2162 3074 patriarcha-

2268 2731 2399 2782 ὥστε
2454 2732 2576 2791 τοὺς
2639 2731 2764 2803 ὑπὲρ
2826 2725 3090 2788 διοίκησιν
3144 2730 3457 2791 ἐπισκόπους
3520 2738 3633 2792 ταῖς
3681 2732 3878 2805 ὑπερο-

2267 2823 2400 2893 ρίοις
2467 2818 2803 2882 Ἐκκλησίαις
2866 2823 2938 2892 μὴ
2997 2817 3310 2893 προϐαίνειν.
3349 2818 3642 2895 Κληροῦται
3682 2816 3879 2879 δὲτὴν

2268 2909 2358 2981 μὲν
2412 2904 2673 2980 βασιλίδα
2712 2908 2860 2961 πόλιν
2913 2912 3002 2961 καὶ
3053 2913 3147 2967 τὴν
3179 2911 3391 2984 Θράκην
3433 2911 3736 2983 Νεκτάριος·
3779 2915 3878 2968 τὴν

2272 2995 2331 3050 δὲ
2387 3005 2482 3060 τῆς
2530 3004 2783 3060 Ποντικῆς
2833 2993 3142 3060 διοικήσεως
3187 3003 3548 3072 πατριαρχίαν
3603 2995 3878 3062 Ἐλλάδιος

517 3095 644 3147 tum
674 3096 878 3149 autem
898 3091 1158 3148 Ponticae
1179 3091 1507 3147 dioeceseos
1533 3089 1838 3146 Helladius
1857 3091 2155 3156 Caesareae,

2270 3088 2306 3170 ξ
2343 3091 2679 3161 Καισαρείας,
2731 3091 2818 3139 καὶ
2849 3091 3134 3162 Γρηγόριος
3173 3089 3198 3139 ό
3245 3091 3484 3156 Νύσσης,
3515 3092 3605 3140 καὶ
3632 3088 3880 3162 Ὀτρήῑος

516 3184 574 3236 et
601 3182 917 3250 Gregorius
937 3184 1165 3252 Nyssae,
1189 3186 1245 3236 et
1267 3181 1496 3237 Otreius
1518 3179 1817 3244 Melitenae,
1843 3177 2163 3233 Asiaticam

516 3269 846 3326 sortiuntur
869 3270 1324 3343 Amphilochius
1354 3270 1534 3326 lconii
1561 3274 1618 3325 et
1655 3268 1928 3341 Optimus
1967 3266 2164 3322 Antio-

519 3357 669 3414 chia
721 3358 784 3414 in
824 3359 1061 3427 Pisidia,
1113 3360 1348 3432 Egypti
1385 3375 1529 3415 vero
1559 3359 1834 3428 regiones
1859 3355 2166 3412 Timotheo

520 3445 896 3502 Alexandriae
929 3446 1270 3503 commissae
1324 3451 1480 3502 sunt.
1538 3446 1925 3503 Orientalium
1967 3448 2169 3500 autem

520 3535 910 3591 ecclesiarum
969 3535 1548 3592 administrationem
1577 3535 1812 3605 Pelagio
1842 3533 2168 3598 Laodiceae,

521 3631 579 3681 et
612 3624 868 3680 Diodoro
896 3625 1059 3681 Tarsi
1109 3626 1430 3694 tradidere,
1468 3625 1633 3682 salva
1665 3625 2052 3681 Antiochense
2083 3637 2175 3677 ec-

523 3713 720 3770 clesiae
759 3713 1067 3783 dignitate,
1099 3731 1285 3787 quam
1333 3714 1575 3787 Meletio,
1606 3714 1708 3787 qui
1739 3714 1965 3780 aderat,
1995 3711 2176 3768 dede-

523 3818 608 3858 re.
639 3802 916 3860 Deﬁnivit
945 3808 1147 3860 autem
1189 3805 1460 3876 synodus
1490 3805 1808 3877 provinciae
1840 3802 2097 3875 synodo,
2125 3795 2176 3852 si

526 3907 680 3963 opus
711 3897 890 3962 esset,
919 3909 992 3950 ea
1029 3909 1166 3966 qua:
1193 3910 1300 3964 per
1340 3894 1606 3965 singulas
1638 3893 1980 3966 provincias
2030 3906 2172 3947 con-

528 3981 842 4052 tingerent,
869 3983 1136 4038 curanda
1163 3999 1312 4038 esse.
1338 3985 1610 4039 Examini
1631 3999 1875 4056 quoque
1902 3980 2175 4052 subjecta

526 4075 664 4125 sunt
691 4086 829 4142 quae
860 4071 938 4126 ad
966 4071 1289 4128 Maximum
1320 4072 1692 4146 spectabant,
1715 4088 1898 4146 quem
1927 4071 2174 4126 Alexan-

526 4159 771 4215 drinum
802 4175 1042 4233 genere,
1070 4162 1472 4234 cynicumque
1511 4163 1740 4218 ratione
1773 4160 2009 4217 vivendi
2038 4159 2168 4232 phi-

524 4248 876 4320 losophum,
901 4251 1209 4307 ardentem
1232 4268 1374 4308 vero
1397 4253 1645 4309 Nicaenae
1667 4252 1954 4309 doctrinae
1978 4252 2172 4307 fauto-

527 4352 656 4392 rem
687 4335 844 4392 clam
873 4339 1130 4412 {Egyptii
1167 4345 1294 4396 tum
1343 4342 1690 4411 congregati
1723 4341 2170 4406 ordinaverant,

2271 3177 2296 3228 ὁ
2359 3175 2666 3238 Μελιτηνῆς·
2721 3179 2814 3234 τὴν
2868 3176 3115 3234 ’Λσιανὴν
3157 3173 3217 3230 δὲ
3271 3176 3630 3249 λαγχάνουσιν
3687 3176 3879 3250 Ἀμφι-

2268 3265 2455 3336 λόγιος
2515 3267 2540 3316 ὁ
2594 3267 2832 3334 Ἰκονίου,
2889 3264 2978 3317 καί
3026 3265 3289 3339 Ὀπτιμος
3347 3268 3372 3318 ὁ
3412 3266 3740 3338 Ἀντιοχείας
3778 3274 3880 3330 τῆς

2269 3356 2406 3406 κατά
2471 3350 2741 3406 Πισιδιαν·
2801 3356 2866 3407 τὰ
2931 3351 2989 3406 δὲ
3031 3359 3166 3407 κατά
3207 3359 3300 3413 τὴν
3340 3357 3601 3425 Αἴγυπτον
3642 3357 3879 3428 Γιμοθέῳ

2272 3451 2344 3514 τῷ
2395 3441 2811 3517 ’Δὶ-εξανδρείας,
2867 3447 3251 3517 προσενεμήθη·
3312 3452 3410 3496 τῶν
3469 3440 3528 3497 δὲ
3592 3446 3727 3496 κατὰ
3778 3450 3879 3505 τὴν

2271 3531 2526 3591 ἀνατολὴν
2587 3531 2910 3592 Ἐκκλησιών
2965 3529 3232 3590 διοίκησιν
3290 3531 3570 3608 ἐπέτρεψαν
3640 3532 3882 3606 Πελαγίῳ

2273 3629 2345 3692 τῷ
2403 3617 2740 3686 Λαοδικείας,
2801 3626 2891 3673 καὶ
2929 3618 3171 3697 Διοδώρῳ
3209 3629 3280 3692 τῷ
3329 3629 3559 3696 Ταρσοῦ,
3623 3621 3883 3695 φυλάξαν-

2275 3731 2356 3774 τες
2429 3714 2496 3762 τὰ
2559 3710 2809 3784 πρεσϐεῖα
2873 3720 2968 3773 τῆς
3029 3712 3339 3774 Ἐκκλησίας
3384 3721 3482 3764 τῶν
3532 3712 3881 3783 Ἀντιοχέων,

2279 3801 2407 3874 άπερ
2453 3798 2642 3852 ἔδοσαν
2681 3807 2752 3871 τῷ
2800 3799 3028 3873 Μελετίῳ
3070 3805 3308 3876 παρόντι.
3344 3800 3533 3876 Ὠρισε
3594 3798 3653 3854 δὲ
3717 3802 3882 3871 ὥστε,

2279 3892 2324 3943 εἰ
2360 3895 2520 3964 χρεία
2584 3889 2814 3956 καλέσοι,
2880 3892 2947 3941 τὰ
3000 3889 3116 3942 καθ’
3167 3891 3389 3949 ἑκάστην
3446 3890 3707 3965 ἐπαρχίαν
3779 3897 3882 3951 τὴν

2277 3989 2371 4042 τῆς
2420 3979 2682 4054 ἐπαρχίας
2734 3976 2954 4032 σύνοδον
3009 3975 3249 4035 διοικεῖν.
3294 3981 3554 4043 Ἐζητήθη
3597 3977 3655 4032 δὲ
3692 3985 3885 4034 καὶτὰ

2278 4072 2414 4122 κατά
2470 4069 2729 4142 Μάξιμον,
2775 4069 2828 4121 ὃν
2862 4065 3206 4144 Ἀλεξανδρέα
3251 4073 3310 4122 τὸ
3348 4073 3489 4141 γένος
3534 4071 3677 4135 ὄντα,
3724 4089 3884 4123 κυνι-

2278 4179 2369 4242 Ξον
2417 4179 2470 4210 τε
2512 4158 2787 4231 φιλόσοφον
2839 4162 2898 4210 τό
2949 4155 3296 4232 ἐπιτήδευμα,
3342 4155 3631 4212 σπουδαῖον
3672 4156 3730 4212 δὲ
3758 4166 3885 4235 περὶ

2279 4251 2336 4300 τὸ
2391 4243 2568 4318 δόγμα
2621 4255 2718 4308 τῆς
2773 4247 2822 4299 ἐν
2879 4251 3074 4319 Νικαίᾳ
3134 4244 3380 4314 συνόδου,
3449 4245 3721 4317 κλέψαντες
3782 4252 3884 4306 τὴν

2279 4341 2607 4410 χειροτονίαν
2682 4338 2730 4388 οἱ
2803 4340 2917 4389 τότε
3001 4337 3055 4399 ἐξ
3125 4336 3390 4408 Αἰγύπτου
3458 4335 3882 4403 συνεληλυθότες,

529 4424 1003 4496 episcopumque
1081 4429 1626 4501 Constantinopolis
1697 4429 2125 4484 constituerant

2282 4425 2561 4479 ἐπίσκοπον
2595 4425 3181 4486 Κωνσταντινουπόλεως
3203 4429 3556 4493 κατέστησαν,
3578 4428 3652 4476 ἔτι
3683 4431 3886 4499 Γρηγο-

533 4513 815 4582 Gregorio
840 4515 1141 4586 Theologo
1171 4516 1327 4573 hanc
1360 4519 1565 4574 sedem
1597 4518 1795 4572 adhuc
1817 4523 2073 4573 tenente.
2107 4517 2176 4570 Et

532 4600 841 4657 decretum
881 4607 970 4659 est
1006 4619 1322 4678 nunquam
1366 4606 1534 4662 illum
1573 4607 1758 4662 fuisse
1797 4606 2171 4678 episcopum,

534 4706 730 4763 neque
754 4707 882 4748 esse
905 4733 916 4758 ,
939 4708 1134 4766 neque
1167 4695 1411 4752 clericos
1442 4697 1520 4752 ab
1543 4696 1674 4768 ipso
1704 4695 2036 4764 ordinatos,
2071 4694 2178 4750 sed

531 4797 778 4838 manere
804 4782 966 4839 irrita
995 4799 1130 4857 quae
1161 4785 1237 4840 de
1261 4784 1364 4841 illo
1388 4791 1444 4842 et
1464 4785 1543 4842 ab
1573 4784 1672 4841 illo
1699 4785 1856 4842 facta
1885 4785 2138 4842 fuerant.

2280 4519 2399 4590 ρίου
2441 4522 2530 4567 τοῦ
2578 4515 2836 4587 Θεολόγου
2877 4519 2964 4567 τόν
3006 4517 3181 4587 θρόνον
3224 4523 3405 4567 τοῦτον
3457 4510 3744 4576 διέποντος·
3789 4519 3888 4568 καὶ

2283 4607 2486 4705 {apio-6n
2536 4609 2667 4678 μήτε
2711 4607 3021 4677 γεγενῆσθαι
3057 4612 3238 4657 τοῦτον
3268 4610 3392 4677 μήτε
3434 4605 3563 4655 εἶναι
3595 4602 3884 4656 ἐπίσκοπον

2284 4691 2415 4768 μήτε
2443 4695 2726 4770 κληρικούς
2753 4698 2871 4756 τοὺς
2904 4694 3026 4769 παρ’
3059 4695 3219 4746 αὐτού
3240 4695 3717 4768 χειροτονηθέντας,
3749 4691 3886 4756 ἀλλᾷ

2285 4789 2449 4857 μένειν
2470 4786 2640 4858 ἄκυρα
2677 4787 2742 4836 τὰ
2772 4784 2850 4837 ἐπ’
2883 4784 3021 4857 αύτῷ
3052 4787 3142 4836 καὶ
3176 4784 3298 4858 παρ’
3330 4783 3490 4835 αὐτοῦ
3519 4788 3883 4857 πεπραγμένα.
