  <div class='ocr_page' id='page_1' title='image "/cluster/home/n/w/nwhite01/storage/ocr_20150623/140/mdp.39015022213980/024.png"; bbox 0 0 4106 6296; ppageno 0'>
   <div class='ocr_carea' id='block_1_1' title="bbox 82 103 154 270">
    <p class='ocr_par' dir='ltr' id='par_1_1' title="bbox 82 103 154 270">
     <span class='ocr_line' id='line_1_1' title="bbox 82 103 142 166; baseline 0 0"><span class='ocrx_word' id='word_1_1' title='bbox 82 103 142 166; x_wconf 38' lang='grc' dir='ltr'>,ι-</span> 
     </span>
     <span class='ocr_line' id='line_1_2' title="bbox 94 178 154 217; baseline 0 -25"><span class='ocrx_word' id='word_1_2' title='bbox 94 178 154 217; x_wconf 49' lang='grc' dir='ltr'>...η</span> 
     </span>
     <span class='ocr_line' id='line_1_3' title="bbox 82 226 144 270; baseline 0 -2"><span class='ocrx_word' id='word_1_3' title='bbox 82 226 144 270; x_wconf 71' lang='grc' dir='ltr'>ιι</span> 
     </span>
    </p>
   </div>
   <div class='ocr_carea' id='block_1_2' title="bbox 78 1618 110 1658">
    <p class='ocr_par' dir='ltr' id='par_1_2' title="bbox 78 1618 110 1658">
     <span class='ocr_line' id='line_1_4' title="bbox 78 1618 110 1658; baseline 0 0"><span class='ocrx_word' id='word_1_4' title='bbox 78 1618 110 1658; x_wconf 60' lang='grc'><em>9</em></span> 
     </span>
    </p>
   </div>
   <div class='ocr_carea' id='block_1_3' title="bbox 70 1677 80 1712">
    <p class='ocr_par' dir='ltr' id='par_1_3' title="bbox 70 1677 80 1712">
     <span class='ocr_line' id='line_1_5' title="bbox 70 1677 80 1712; baseline 0 0"><span class='ocrx_word' id='word_1_5' title='bbox 70 1677 80 1712; x_wconf 81' lang='grc' dir='ltr'><strong>Ι</strong></span> 
     </span>
    </p>
   </div>
   <div class='ocr_carea' id='block_1_4' title="bbox 130 4777 150 4810">
    <p class='ocr_par' dir='ltr' id='par_1_4' title="bbox 130 4777 150 4810">
     <span class='ocr_line' id='line_1_6' title="bbox 130 4777 150 4810; baseline 0 0"><span class='ocrx_word' id='word_1_6' title='bbox 130 4777 150 4810; x_wconf 67' lang='grc' dir='ltr'><strong>Ρ</strong></span> 
     </span>
    </p>
   </div>
   <div class='ocr_carea' id='block_1_5' title="bbox 279 143 2305 202">
    <p class='ocr_par' dir='ltr' id='par_1_5' title="bbox 279 143 2305 202">
     <span class='ocr_line' id='line_1_7' title="bbox 279 143 2305 202; baseline 0.001 -3"><span class='ocrx_word' id='word_1_7' title='bbox 279 143 326 199; x_wconf 79' lang='lat'>33</span> <span class='ocrx_word' id='word_1_8' title='bbox 1591 144 1935 202; x_wconf 81' lang='lat' dir='ltr'>THESAURI</span> <span class='ocrx_word' id='word_1_9' title='bbox 1990 144 2120 201; x_wconf 86' lang='lat' dir='ltr'>LIB.</span> <span class='ocrx_word' id='word_1_10' title='bbox 2167 147 2305 202; x_wconf 87' lang='lat' dir='ltr'><strong>VIII.</strong></span> 
     </span>
    </p>
   </div>
   <div class='ocr_carea' id='block_1_6' title="bbox 3560 155 3631 210">
    <p class='ocr_par' dir='ltr' id='par_1_6' title="bbox 3560 155 3631 210">
     <span class='ocr_line' id='line_1_8' title="bbox 3560 155 3631 210; baseline 0.028 -2"><span class='ocrx_word' id='word_1_11' title='bbox 3560 155 3631 210; x_wconf 72' lang='grc'><strong>34</strong></span> 
     </span>
    </p>
   </div>
   <div class='ocr_carea' id='block_1_7' title="bbox 279 269 3615 296">
    <p class='ocr_par' dir='ltr' id='par_1_7' title="bbox 279 269 3615 296">
     <span class='ocr_line' id='line_1_9' title="bbox 279 269 3615 296; baseline 0.001 -12"><span class='ocrx_word' id='word_1_12' title='bbox 279 269 3615 296; x_wconf 53' lang='lat' dir='ltr'>W</span> 
     </span>
    </p>
   </div>
   <div class='ocr_carea' id='block_1_8' title="bbox 924 531 1883 688">
    <p class='ocr_par' dir='ltr' id='par_1_8' title="bbox 924 531 1883 686">
     <span class='ocr_line' id='line_1_10' title="bbox 924 531 1883 686; baseline 0.001 -3"><span class='ocrx_word' id='word_1_13' title='bbox 924 531 1729 686; x_wconf 58' lang='lat' dir='ltr'>NIGETXE</span> <span class='ocrx_word' id='word_1_14' title='bbox 1878 585 1883 641; x_wconf 79' lang='grc' dir='ltr'>ι</span> 
     </span>
    </p>
   </div>
   <div class='ocr_carea' id='block_1_9' title="bbox 1996 531 2988 688">
    <p class='ocr_par' dir='ltr' id='par_1_9' title="bbox 1996 535 2988 688">
     <span class='ocr_line' id='line_1_11' title="bbox 1996 535 2988 688; baseline 0.001 -2"><span class='ocrx_word' id='word_1_15' title='bbox 1996 535 2988 688; x_wconf 65' lang='grc' dir='ltr'>ΗΟΝΙΑΤλἘ</span> 
     </span>
    </p>
   </div>
   <div class='ocr_carea' id='block_1_10' title="bbox 1485 829 2424 926">
    <p class='ocr_par' dir='ltr' id='par_1_10' title="bbox 1485 829 2424 926">
     <span class='ocr_line' id='line_1_12' title="bbox 1485 829 2424 926; baseline 0 -2"><span class='ocrx_word' id='word_1_16' title='bbox 1485 830 1673 926; x_wconf 90' lang='grc' dir='ltr'>ΕΧ</span> <span class='ocrx_word' id='word_1_17' title='bbox 1736 829 2118 926; x_wconf 84' lang='lat' dir='ltr'><strong>LIBRO</strong></span> <span class='ocrx_word' id='word_1_18' title='bbox 2185 829 2424 925; x_wconf 87' lang='lat' dir='ltr'><strong>VIII</strong></span> 
     </span>
    </p>
   </div>
   <div class='ocr_carea' id='block_1_11' title="bbox 805 1058 3104 1174">
    <p class='ocr_par' dir='ltr' id='par_1_11' title="bbox 805 1058 3104 1174">
     <span class='ocr_line' id='line_1_13' title="bbox 805 1058 3104 1174; baseline 0.001 -4"><span class='ocrx_word' id='word_1_19' title='bbox 805 1058 1533 1174; x_wconf 81' lang='lat' dir='ltr'>THESAURI</span> <span class='ocrx_word' id='word_1_20' title='bbox 1663 1062 2592 1172; x_wconf 72' lang='lat' dir='ltr'>ORTHODOX/E</span> <span class='ocrx_word' id='word_1_21' title='bbox 2717 1065 3104 1173; x_wconf 91' lang='lat' dir='ltr'><strong>FIDEI</strong></span> 
     </span>
    </p>
   </div>
   <div class='ocr_carea' id='block_1_12' title="bbox 836 1446 1297 1520">
    <p class='ocr_par' dir='ltr' id='par_1_12' title="bbox 836 1446 1297 1520">
     <span class='ocr_line' id='line_1_14' title="bbox 836 1446 1297 1520; baseline 0 -23"><span class='ocrx_word' id='word_1_22' title='bbox 836 1446 964 1519; x_wconf 85' lang='grc' dir='ltr'>Περὶ</span> <span class='ocrx_word' id='word_1_23' title='bbox 987 1449 1297 1520; x_wconf 87' lang='grc' dir='ltr'>Νεστορίου.</span> 
     </span>
    </p>
   </div>
   <div class='ocr_carea' id='block_1_13' title="bbox 313 1567 1876 1644">
    <p class='ocr_par' dir='ltr' id='par_1_13' title="bbox 313 1567 1876 1644">
     <span class='ocr_line' id='line_1_15' title="bbox 313 1567 1876 1644; baseline 0.004 -24"><span class='ocrx_word' id='word_1_24' title='bbox 313 1567 372 1627; x_wconf 87' lang='grc' dir='ltr'>α’.</span> <span class='ocrx_word' id='word_1_25' title='bbox 403 1573 716 1644; x_wconf 83' lang='grc' dir='ltr'>Νεστόριος</span> <span class='ocrx_word' id='word_1_26' title='bbox 748 1571 970 1644; x_wconf 81' lang='grc' dir='ltr'>ὥρμητο</span> <span class='ocrx_word' id='word_1_27' title='bbox 994 1573 1084 1642; x_wconf 68' lang='grc' dir='ltr'>μὲν</span> <span class='ocrx_word' id='word_1_28' title='bbox 1129 1569 1177 1622; x_wconf 77' lang='grc' dir='ltr'>ἐν</span> <span class='ocrx_word' id='word_1_29' title='bbox 1209 1574 1564 1644; x_wconf 84' lang='grc' dir='ltr'>Γερμανικέων</span> <span class='ocrx_word' id='word_1_30' title='bbox 1603 1569 1876 1642; x_wconf 77' lang='grc' dir='ltr'>πολίχνης,</span> 
     </span>
    </p>
   </div>
   <div class='ocr_carea' id='block_1_14' title="bbox 258 1657 1877 1735">
    <p class='ocr_par' dir='ltr' id='par_1_14' title="bbox 258 1657 1877 1735">
     <span class='ocr_line' id='line_1_16' title="bbox 258 1657 1877 1735; baseline 0.001 -24"><span class='ocrx_word' id='word_1_31' title='bbox 258 1658 338 1711; x_wconf 68' lang='grc' dir='ltr'>ὁῦκ</span> <span class='ocrx_word' id='word_1_32' title='bbox 372 1657 499 1712; x_wconf 86' lang='grc' dir='ltr'>οἶδα</span> <span class='ocrx_word' id='word_1_33' title='bbox 536 1666 814 1722; x_wconf 82' lang='grc' dir='ltr'>ποταποῖς</span> <span class='ocrx_word' id='word_1_34' title='bbox 856 1662 916 1712; x_wconf 86' lang='grc' dir='ltr'>τό</span> <span class='ocrx_word' id='word_1_35' title='bbox 972 1659 1026 1722; x_wconf 82' lang='grc' dir='ltr'><strong>ἐξ</strong></span> <span class='ocrx_word' id='word_1_36' title='bbox 1053 1658 1226 1734; x_wconf 68' lang='grc' dir='ltr'>ἀρχῆς</span> <span class='ocrx_word' id='word_1_37' title='bbox 1264 1659 1669 1735; x_wconf 78' lang='grc' dir='ltr'>ἐκτεθραμμένος</span> <span class='ocrx_word' id='word_1_38' title='bbox 1699 1659 1877 1718; x_wconf 82' lang='grc' dir='ltr'>ἐπιτη-</span> 
     </span>
    </p>
   </div>
   <div class='ocr_carea' id='block_1_15' title="bbox 261 1744 1873 1824">
    <p class='ocr_par' dir='ltr' id='par_1_15' title="bbox 261 1744 1873 1824">
     <span class='ocr_line' id='line_1_17' title="bbox 261 1744 1873 1824; baseline 0.002 -25"><span class='ocrx_word' id='word_1_39' title='bbox 261 1744 526 1821; x_wconf 76' lang='grc' dir='ltr'>δεύμασιν,</span> <span class='ocrx_word' id='word_1_40' title='bbox 566 1748 741 1806; x_wconf 81' lang='grc' dir='ltr'>ἄλλην</span> <span class='ocrx_word' id='word_1_41' title='bbox 783 1745 844 1801; x_wconf 71' lang='grc' dir='ltr'>δὲ</span> <span class='ocrx_word' id='word_1_42' title='bbox 879 1747 934 1811; x_wconf 83' lang='grc' dir='ltr'><strong>ἐξ</strong></span> <span class='ocrx_word' id='word_1_43' title='bbox 962 1749 1122 1812; x_wconf 80' lang='grc' dir='ltr'>ἄλλης</span> <span class='ocrx_word' id='word_1_44' title='bbox 1151 1749 1374 1823; x_wconf 80' lang='grc' dir='ltr'>ἀμείϐων</span> <span class='ocrx_word' id='word_1_45' title='bbox 1405 1757 1608 1824; x_wconf 84' lang='grc' dir='ltr'>χώραν,</span> <span class='ocrx_word' id='word_1_46' title='bbox 1641 1751 1873 1822; x_wconf 76' lang='grc' dir='ltr'>καθάπερ</span> 
     </span>
    </p>
   </div>
   <div class='ocr_carea' id='block_1_16' title="bbox 257 1837 1873 1914">
    <p class='ocr_par' dir='ltr' id='par_1_16' title="bbox 257 1837 1873 1914">
     <span class='ocr_line' id='line_1_18' title="bbox 257 1837 1873 1914; baseline 0 -24"><span class='ocrx_word' id='word_1_47' title='bbox 257 1841 584 1908; x_wconf 67' lang='grc' dir='ltr'>Αἰγυπτιακὴ</span> <span class='ocrx_word' id='word_1_48' title='bbox 632 1858 720 1902; x_wconf 89' lang='grc' dir='ltr'>τις</span> <span class='ocrx_word' id='word_1_49' title='bbox 769 1837 991 1911; x_wconf 80' lang='grc' dir='ltr'>μάστιξ,</span> <span class='ocrx_word' id='word_1_50' title='bbox 1033 1839 1095 1912; x_wconf 75' lang='grc' dir='ltr'>τῇ</span> <span class='ocrx_word' id='word_1_51' title='bbox 1154 1839 1352 1914; x_wconf 70' lang='grc' dir='ltr'>μεγάλῃ</span> <span class='ocrx_word' id='word_1_52' title='bbox 1407 1849 1504 1893; x_wconf 87' lang='grc' dir='ltr'>τῶν</span> <span class='ocrx_word' id='word_1_53' title='bbox 1563 1839 1873 1911; x_wconf 77' lang='grc' dir='ltr'>Ἀντιοχέων</span> 
     </span>
    </p>
   </div>
   <div class='ocr_carea' id='block_1_17' title="bbox 256 1923 1874 2002">
    <p class='ocr_par' dir='ltr' id='par_1_17' title="bbox 256 1923 1874 2002">
     <span class='ocr_line' id='line_1_19' title="bbox 256 1923 1874 2002; baseline 0.002 -25"><span class='ocrx_word' id='word_1_54' title='bbox 256 1923 499 1999; x_wconf 65' lang='grc' dir='ltr'>ἐνέσκηψε</span> <span class='ocrx_word' id='word_1_55' title='bbox 560 1927 742 1983; x_wconf 82' lang='grc' dir='ltr'>πόλει.</span> <span class='ocrx_word' id='word_1_56' title='bbox 793 1927 879 1980; x_wconf 89' lang='grc' dir='ltr'>Ἐν</span> <span class='ocrx_word' id='word_1_57' title='bbox 925 1929 1091 2001; x_wconf 76' lang='grc' dir='ltr'>ταύτῃ</span> <span class='ocrx_word' id='word_1_58' title='bbox 1133 1928 1298 2000; x_wconf 76' lang='grc' dir='ltr'>λόγων</span> <span class='ocrx_word' id='word_1_59' title='bbox 1330 1928 1622 2002; x_wconf 82' lang='grc' dir='ltr'>ἐλευθερίων</span> <span class='ocrx_word' id='word_1_60' title='bbox 1650 1933 1874 2001; x_wconf 81' lang='grc' dir='ltr'>μετρίως</span> 
     </span>
    </p>
   </div>
   <div class='ocr_carea' id='block_1_18' title="bbox 251 2015 1872 2090">
    <p class='ocr_par' dir='ltr' id='par_1_18' title="bbox 251 2015 1872 2090">
     <span class='ocr_line' id='line_1_20' title="bbox 251 2015 1872 2090; baseline 0.002 -24"><span class='ocrx_word' id='word_1_61' title='bbox 251 2021 622 2086; x_wconf 81' lang='grc' dir='ltr'>μετεσχηκώς,</span> <span class='ocrx_word' id='word_1_62' title='bbox 689 2020 862 2087; x_wconf 74' lang='grc' dir='ltr'>φωνήν</span> <span class='ocrx_word' id='word_1_63' title='bbox 917 2035 973 2069; x_wconf 90' lang='grc' dir='ltr'>τε</span> <span class='ocrx_word' id='word_1_64' title='bbox 1010 2017 1087 2069; x_wconf 78' lang='grc' dir='ltr'>ὅτι</span> <span class='ocrx_word' id='word_1_65' title='bbox 1138 2015 1420 2076; x_wconf 76' lang='grc' dir='ltr'>καλλίστην</span> <span class='ocrx_word' id='word_1_66' title='bbox 1472 2022 1562 2070; x_wconf 85' lang='grc' dir='ltr'>καὶ</span> <span class='ocrx_word' id='word_1_67' title='bbox 1617 2022 1872 2090; x_wconf 71' lang='grc' dir='ltr'>μεγίστην</span> 
     </span>
    </p>
   </div>
   <div class='ocr_carea' id='block_1_19' title="bbox 253 2101 1868 2182">
    <p class='ocr_par' dir='ltr' id='par_1_19' title="bbox 253 2101 1868 2182">
     <span class='ocr_line' id='line_1_21' title="bbox 253 2101 1868 2182; baseline 0.002 -27"><span class='ocrx_word' id='word_1_68' title='bbox 253 2101 517 2174; x_wconf 72' lang='grc' dir='ltr'>ἀσκήσας,</span> <span class='ocrx_word' id='word_1_69' title='bbox 558 2105 626 2177; x_wconf 65' lang='grc' dir='ltr'>τῇ</span> <span class='ocrx_word' id='word_1_70' title='bbox 664 2103 956 2176; x_wconf 78' lang='grc' dir='ltr'>Ἐκκλησία</span> <span class='ocrx_word' id='word_1_71' title='bbox 992 2113 1084 2157; x_wconf 85' lang='grc' dir='ltr'>τοῦ</span> <span class='ocrx_word' id='word_1_72' title='bbox 1138 2113 1273 2159; x_wconf 83' lang='grc' dir='ltr'>Θεοῦ</span> <span class='ocrx_word' id='word_1_73' title='bbox 1305 2115 1536 2182; x_wconf 85' lang='grc' dir='ltr'>προσιῶν</span> <span class='ocrx_word' id='word_1_74' title='bbox 1567 2106 1868 2181; x_wconf 78' lang='grc' dir='ltr'>εἰσεφθάρη,</span> 
     </span>
    </p>
   </div>
   <div class='ocr_carea' id='block_1_20' title="bbox 248 2193 1869 2271">
    <p class='ocr_par' dir='ltr' id='par_1_20' title="bbox 248 2193 1869 2271">
     <span class='ocr_line' id='line_1_22' title="bbox 248 2193 1869 2271; baseline 0.002 -27"><span class='ocrx_word' id='word_1_75' title='bbox 248 2197 336 2245; x_wconf 69' lang='grc' dir='ltr'>καὶ</span> <span class='ocrx_word' id='word_1_76' title='bbox 365 2203 440 2264; x_wconf 78' lang='grc' dir='ltr'>τῷ</span> <span class='ocrx_word' id='word_1_77' title='bbox 469 2194 756 2265; x_wconf 70' lang='grc' dir='ltr'>καταλόγῳ</span> <span class='ocrx_word' id='word_1_78' title='bbox 787 2201 886 2244; x_wconf 85' lang='grc' dir='ltr'>τῶν</span> <span class='ocrx_word' id='word_1_79' title='bbox 910 2193 1274 2270; x_wconf 87' lang='grc' dir='ltr'>πρεσϐυτέρων</span> <span class='ocrx_word' id='word_1_80' title='bbox 1303 2195 1596 2271; x_wconf 76' lang='grc' dir='ltr'>ἐναρίθμιος</span> <span class='ocrx_word' id='word_1_81' title='bbox 1623 2200 1869 2267; x_wconf 71' lang='grc' dir='ltr'>γεγονὼς,</span> 
     </span>
    </p>
   </div>
   <div class='ocr_carea' id='block_1_21' title="bbox 245 2278 1871 2357">
    <p class='ocr_par' dir='ltr' id='par_1_21' title="bbox 245 2278 1871 2357">
     <span class='ocr_line' id='line_1_23' title="bbox 245 2278 1871 2357; baseline 0.001 -23"><span class='ocrx_word' id='word_1_82' title='bbox 245 2287 334 2334; x_wconf 82' lang='grc' dir='ltr'>τόν</span> <span class='ocrx_word' id='word_1_83' title='bbox 365 2302 427 2336; x_wconf 86' lang='grc' dir='ltr'>τε</span> <span class='ocrx_word' id='word_1_84' title='bbox 467 2289 566 2336; x_wconf 78' lang='grc' dir='ltr'>τοῦ</span> <span class='ocrx_word' id='word_1_85' title='bbox 597 2289 737 2336; x_wconf 79' lang='grc' dir='ltr'>Θεοῦ</span> <span class='ocrx_word' id='word_1_86' title='bbox 767 2280 892 2334; x_wconf 79' lang='grc' dir='ltr'>λαόν</span> <span class='ocrx_word' id='word_1_87' title='bbox 925 2278 1202 2336; x_wconf 78' lang='grc' dir='ltr'>διδάσκειν</span> <span class='ocrx_word' id='word_1_88' title='bbox 1230 2288 1650 2357; x_wconf 76' lang='grc' dir='ltr'>πεπιστευμένος,</span> <span class='ocrx_word' id='word_1_89' title='bbox 1683 2281 1871 2347; x_wconf 82' lang='grc' dir='ltr'>ἔδειξεν</span> 
     </span>
    </p>
   </div>
   <div class='ocr_carea' id='block_1_22' title="bbox 246 2369 1870 2445">
    <p class='ocr_par' dir='ltr' id='par_1_22' title="bbox 246 2369 1870 2445">
     <span class='ocr_line' id='line_1_24' title="bbox 246 2369 1870 2445; baseline 0 -22"><span class='ocrx_word' id='word_1_90' title='bbox 246 2371 400 2432; x_wconf 69' lang='grc' dir='ltr'>εὐθὺς</span> <span class='ocrx_word' id='word_1_91' title='bbox 434 2369 484 2423; x_wconf 76' lang='grc' dir='ltr'>ἓν</span> <span class='ocrx_word' id='word_1_92' title='bbox 513 2374 823 2445; x_wconf 82' lang='grc' dir='ltr'>προοιμίοις</span> <span class='ocrx_word' id='word_1_93' title='bbox 843 2371 946 2432; x_wconf 85' lang='grc' dir='ltr'>οἶος</span> <span class='ocrx_word' id='word_1_94' title='bbox 965 2370 1110 2445; x_wconf 87' lang='grc' dir='ltr'>παρά</span> <span class='ocrx_word' id='word_1_95' title='bbox 1128 2373 1298 2424; x_wconf 81' lang='grc' dir='ltr'>πάντα</span> <span class='ocrx_word' id='word_1_96' title='bbox 1316 2376 1403 2425; x_wconf 89' lang='grc' dir='ltr'>τὸν</span> <span class='ocrx_word' id='word_1_97' title='bbox 1427 2371 1544 2445; x_wconf 85' lang='grc' dir='ltr'>βίον</span> <span class='ocrx_word' id='word_1_98' title='bbox 1573 2377 1690 2445; x_wconf 74' lang='grc' dir='ltr'>γενὴ</span> <span class='ocrx_word' id='word_1_99' title='bbox 1702 2389 1870 2424; x_wconf 77' lang='grc' dir='ltr'>σεταιο</span> 
     </span>
    </p>
   </div>
   <div class='ocr_carea' id='block_1_23' title="bbox 241 2459 1871 2536">
    <p class='ocr_par' dir='ltr' id='par_1_23' title="bbox 241 2459 1871 2536">
     <span class='ocr_line' id='line_1_25' title="bbox 241 2459 1871 2536; baseline 0.001 -26"><span class='ocrx_word' id='word_1_100' title='bbox 241 2459 300 2511; x_wconf 66' lang='grc' dir='ltr'>οὐ</span> <span class='ocrx_word' id='word_1_101' title='bbox 329 2463 440 2532; x_wconf 71' lang='grc' dir='ltr'>γὰρ</span> <span class='ocrx_word' id='word_1_102' title='bbox 467 2464 561 2512; x_wconf 87' lang='grc' dir='ltr'>τόν</span> <span class='ocrx_word' id='word_1_103' title='bbox 595 2459 778 2531; x_wconf 76' lang='grc' dir='ltr'>εὐγενῆ</span> <span class='ocrx_word' id='word_1_104' title='bbox 824 2464 915 2513; x_wconf 82' lang='grc' dir='ltr'>καὶ</span> <span class='ocrx_word' id='word_1_105' title='bbox 958 2463 1191 2532; x_wconf 68' lang='grc' dir='ltr'>γόνιμον,</span> <span class='ocrx_word' id='word_1_106' title='bbox 1237 2465 1326 2513; x_wconf 82' lang='grc' dir='ltr'>καὶ</span> <span class='ocrx_word' id='word_1_107' title='bbox 1354 2469 1659 2536; x_wconf 67' lang='grc' dir='ltr'>⁹γεωργῆσαι</span> <span class='ocrx_word' id='word_1_108' title='bbox 1686 2459 1871 2532; x_wconf 73' lang='grc' dir='ltr'>ψυχὰς</span> 
     </span>
    </p>
   </div>
   <div class='ocr_carea' id='block_1_24' title="bbox 239 2545 1869 2624">
    <p class='ocr_par' dir='ltr' id='par_1_24' title="bbox 239 2545 1869 2624">
     <span class='ocr_line' id='line_1_26' title="bbox 239 2545 1869 2624; baseline 0.001 -25"><span class='ocrx_word' id='word_1_109' title='bbox 239 2547 540 2624; x_wconf 70' lang='grc' dir='ltr'>ἀνθρώπων</span> <span class='ocrx_word' id='word_1_110' title='bbox 583 2545 874 2620; x_wconf 75' lang='grc' dir='ltr'>δυνάμενον</span> <span class='ocrx_word' id='word_1_111' title='bbox 923 2547 1154 2610; x_wconf 74' lang='grc' dir='ltr'>ἐζήλωσε</span> <span class='ocrx_word' id='word_1_112' title='bbox 1194 2558 1516 2624; x_wconf 73' lang='grc' dir='ltr'>χαρακτῆρα</span> <span class='ocrx_word' id='word_1_113' title='bbox 1553 2558 1654 2602; x_wconf 86' lang='grc' dir='ltr'>τῶν</span> <span class='ocrx_word' id='word_1_114' title='bbox 1682 2549 1869 2622; x_wconf 75' lang='grc' dir='ltr'>λόγων,</span> 
     </span>
    </p>
   </div>
   <div class='ocr_carea' id='block_1_25' title="bbox 249 2634 1875 2713">
    <p class='ocr_par' dir='ltr' id='par_1_25' title="bbox 249 2634 1875 2713">
     <span class='ocr_line' id='line_1_27' title="bbox 249 2634 1875 2713; baseline 0.001 -25"><span class='ocrx_word' id='word_1_115' title='bbox 249 2637 381 2690; x_wconf 73' lang='grc' dir='ltr'>α)λὰ</span> <span class='ocrx_word' id='word_1_116' title='bbox 407 2642 551 2712; x_wconf 85' lang='grc' dir='ltr'>πρός</span> <span class='ocrx_word' id='word_1_117' title='bbox 582 2641 644 2690; x_wconf 88' lang='grc' dir='ltr'>τὸ</span> <span class='ocrx_word' id='word_1_118' title='bbox 679 2634 1006 2712; x_wconf 79' lang='grc' dir='ltr'>δημοτερπὲς</span> <span class='ocrx_word' id='word_1_119' title='bbox 1045 2635 1342 2704; x_wconf 78' lang='grc' dir='ltr'>ἀποκλίνας,</span> <span class='ocrx_word' id='word_1_120' title='bbox 1383 2644 1473 2692; x_wconf 82' lang='grc' dir='ltr'>καὶ</span> <span class='ocrx_word' id='word_1_121' title='bbox 1503 2647 1605 2691; x_wconf 87' lang='grc' dir='ltr'>τῶν</span> <span class='ocrx_word' id='word_1_122' title='bbox 1645 2639 1716 2701; x_wconf 86' lang='grc' dir='ltr'>εἰς</span> <span class='ocrx_word' id='word_1_123' title='bbox 1747 2637 1875 2713; x_wconf 80' lang='grc' dir='ltr'>ἀέρα</span> 
     </span>
    </p>
   </div>
   <div class='ocr_carea' id='block_1_26' title="bbox 237 2727 1873 2803">
    <p class='ocr_par' dir='ltr' id='par_1_26' title="bbox 237 2727 1873 2803">
     <span class='ocr_line' id='line_1_28' title="bbox 237 2727 1873 2803; baseline 0.001 -23"><span class='ocrx_word' id='word_1_124' title='bbox 237 2727 513 2801; x_wconf 82' lang='grc' dir='ltr'>λυομένων</span> <span class='ocrx_word' id='word_1_125' title='bbox 542 2731 746 2801; x_wconf 86' lang='grc' dir='ltr'>κρότων</span> <span class='ocrx_word' id='word_1_126' title='bbox 779 2729 1038 2803; x_wconf 78' lang='grc' dir='ltr'>θηρευτὴς</span> <span class='ocrx_word' id='word_1_127' title='bbox 1067 2728 1218 2781; x_wconf 80' lang='grc' dir='ltr'>εἶκαὶ</span> <span class='ocrx_word' id='word_1_128' title='bbox 1241 2749 1318 2790; x_wconf 90' lang='grc' dir='ltr'>τις</span> <span class='ocrx_word' id='word_1_129' title='bbox 1338 2728 1489 2790; x_wconf 80' lang='grc' dir='ltr'>ἄλλος</span> <span class='ocrx_word' id='word_1_130' title='bbox 1512 2733 1792 2802; x_wconf 71' lang='grc' dir='ltr'>γενόμενος,</span> <span class='ocrx_word' id='word_1_131' title='bbox 1813 2732 1873 2781; x_wconf 90' lang='grc' dir='ltr'>τό</span> 
     </span>
    </p>
   </div>
   <div class='ocr_carea' id='block_1_27' title="bbox 240 2814 1874 2892">
    <p class='ocr_par' dir='ltr' id='par_1_27' title="bbox 240 2814 1874 2892">
     <span class='ocr_line' id='line_1_29' title="bbox 240 2814 1874 2892; baseline 0.001 -22"><span class='ocrx_word' id='word_1_132' title='bbox 240 2814 590 2891; x_wconf 70' lang='grc' dir='ltr'>συρφετῶδες</span> <span class='ocrx_word' id='word_1_133' title='bbox 629 2817 722 2870; x_wconf 81' lang='grc' dir='ltr'>καί</span> <span class='ocrx_word' id='word_1_134' title='bbox 775 2815 1113 2890; x_wconf 78' lang='grc' dir='ltr'>ἀστάθμητον</span> <span class='ocrx_word' id='word_1_135' title='bbox 1141 2817 1336 2881; x_wconf 77' lang='grc' dir='ltr'>πλῆθος</span> <span class='ocrx_word' id='word_1_136' title='bbox 1379 2821 1507 2892; x_wconf 87' lang='grc' dir='ltr'>πρὸς</span> <span class='ocrx_word' id='word_1_137' title='bbox 1554 2821 1641 2871; x_wconf 90' lang='grc' dir='ltr'>τόν</span> <span class='ocrx_word' id='word_1_138' title='bbox 1687 2819 1874 2872; x_wconf 85' lang='grc' dir='ltr'>οἰκεῖον</span> 
     </span>
    </p>
   </div>
   <div class='ocr_carea' id='block_1_28' title="bbox 239 2906 1874 2983">
    <p class='ocr_par' dir='ltr' id='par_1_28' title="bbox 239 2906 1874 2983">
     <span class='ocr_line' id='line_1_30' title="bbox 239 2906 1874 2983; baseline 0 -24"><span class='ocrx_word' id='word_1_139' title='bbox 239 2907 602 2971; x_wconf 74' lang='grc' dir='ltr'>ἐξεκαλέσατο</span> <span class='ocrx_word' id='word_1_140' title='bbox 672 2908 856 2974; x_wconf 86' lang='grc' dir='ltr'>πόθον,</span> <span class='ocrx_word' id='word_1_141' title='bbox 931 2909 1080 2979; x_wconf 75' lang='grc' dir='ltr'>φαιόν</span> <span class='ocrx_word' id='word_1_142' title='bbox 1165 2906 1590 2983; x_wconf 74' lang='grc' dir='ltr'>περιϐεϐλημένος</span> <span class='ocrx_word' id='word_1_143' title='bbox 1647 2909 1874 2981; x_wconf 78' lang='grc' dir='ltr'>ἱμάτιον,</span> 
     </span>
    </p>
   </div>
   <div class='ocr_carea' id='block_1_29' title="bbox 239 2993 1874 3071">
    <p class='ocr_par' dir='ltr' id='par_1_29' title="bbox 239 2993 1874 3071">
     <span class='ocr_line' id='line_1_31' title="bbox 239 2993 1874 3071; baseline 0.001 -23"><span class='ocrx_word' id='word_1_144' title='bbox 239 2995 596 3069; x_wconf 73' lang='grc' dir='ltr'>ἑστυγνακὼς</span> <span class='ocrx_word' id='word_1_145' title='bbox 617 2993 882 3070; x_wconf 77' lang='grc' dir='ltr'>βαδίζων,</span> <span class='ocrx_word' id='word_1_146' title='bbox 901 2999 1027 3058; x_wconf 82' lang='grc' dir='ltr'>τοὺς</span> <span class='ocrx_word' id='word_1_147' title='bbox 1047 2995 1322 3071; x_wconf 73' lang='grc' dir='ltr'>ἀγοραίους</span> <span class='ocrx_word' id='word_1_148' title='bbox 1337 2996 1580 3049; x_wconf 73' lang='grc' dir='ltr'>ἐκκλίνων</span> <span class='ocrx_word' id='word_1_149' title='bbox 1603 2998 1825 3071; x_wconf 84' lang='grc' dir='ltr'>θορύϐου</span> <span class='ocrx_word' id='word_1_150' title='bbox 1835 3019 1874 3069; x_wconf 76' lang='grc' dir='ltr'>ς,</span> 
     </span>
    </p>
   </div>
   <div class='ocr_carea' id='block_1_30' title="bbox 243 3081 1880 3162">
    <p class='ocr_par' dir='ltr' id='par_1_30' title="bbox 243 3081 1880 3162">
     <span class='ocr_line' id='line_1_32' title="bbox 243 3081 1880 3162; baseline 0.001 -26"><span class='ocrx_word' id='word_1_151' title='bbox 243 3086 544 3160; x_wconf 72' lang='grc' dir='ltr'>ὠχρότητι</span> <span class='ocrx_word' id='word_1_152' title='bbox 578 3091 827 3158; x_wconf 81' lang='grc' dir='ltr'>σώματος</span> <span class='ocrx_word' id='word_1_153' title='bbox 864 3088 924 3137; x_wconf 87' lang='grc' dir='ltr'>τό</span> <span class='ocrx_word' id='word_1_154' title='bbox 955 3081 1128 3138; x_wconf 86' lang='grc' dir='ltr'>δοκεῖν</span> <span class='ocrx_word' id='word_1_155' title='bbox 1167 3085 1514 3162; x_wconf 74' lang='grc' dir='ltr'>έγκρατευτὴς</span> <span class='ocrx_word' id='word_1_156' title='bbox 1542 3087 1671 3139; x_wconf 81' lang='grc' dir='ltr'>εἶναι</span> <span class='ocrx_word' id='word_1_157' title='bbox 1713 3088 1880 3162; x_wconf 80' lang='grc' dir='ltr'>θηρώ-</span> 
     </span>
    </p>
   </div>
   <div class='ocr_carea' id='block_1_31' title="bbox 239 3172 1880 3248">
    <p class='ocr_par' dir='ltr' id='par_1_31' title="bbox 239 3172 1880 3248">
     <span class='ocr_line' id='line_1_33' title="bbox 239 3172 1880 3248; baseline 0 -20"><span class='ocrx_word' id='word_1_158' title='bbox 239 3193 428 3247; x_wconf 81' lang='grc' dir='ltr'>μενος,</span> <span class='ocrx_word' id='word_1_159' title='bbox 474 3178 619 3228; x_wconf 85' lang='grc' dir='ltr'>οἶκοι</span> <span class='ocrx_word' id='word_1_160' title='bbox 668 3177 738 3227; x_wconf 81' lang='grc' dir='ltr'>τὰ</span> <span class='ocrx_word' id='word_1_161' title='bbox 771 3173 940 3227; x_wconf 80' lang='grc' dir='ltr'>πολλὰ</span> <span class='ocrx_word' id='word_1_162' title='bbox 978 3172 1202 3246; x_wconf 84' lang='grc' dir='ltr'>βιϐλίοις</span> <span class='ocrx_word' id='word_1_163' title='bbox 1231 3179 1594 3248; x_wconf 82' lang='grc' dir='ltr'>προσανέχων,</span> <span class='ocrx_word' id='word_1_164' title='bbox 1633 3179 1725 3227; x_wconf 82' lang='grc' dir='ltr'>καὶ</span> <span class='ocrx_word' id='word_1_165' title='bbox 1762 3176 1880 3228; x_wconf 87' lang='grc' dir='ltr'>καθ’</span> 
     </span>
    </p>
   </div>
   <div class='ocr_carea' id='block_1_32' title="bbox 241 3263 1882 3337">
    <p class='ocr_par' dir='ltr' id='par_1_32' title="bbox 241 3263 1882 3337">
     <span class='ocr_line' id='line_1_34' title="bbox 241 3263 1882 3337; baseline 0.001 -22"><span class='ocrx_word' id='word_1_166' title='bbox 241 3264 510 3336; x_wconf 68' lang='grc' dir='ltr'>ἡσυχίαν</span> <span class='ocrx_word' id='word_1_167' title='bbox 573 3263 744 3336; x_wconf 79' lang='grc' dir='ltr'>ἑαυτῷ</span> <span class='ocrx_word' id='word_1_168' title='bbox 795 3267 1183 3335; x_wconf 71' lang='grc' dir='ltr'>συγγινόμενος,</span> <span class='ocrx_word' id='word_1_169' title='bbox 1228 3266 1484 3327; x_wconf 83' lang='grc' dir='ltr'>τοιούτοις</span> <span class='ocrx_word' id='word_1_170' title='bbox 1517 3269 1763 3337; x_wconf 81' lang='grc' dir='ltr'>σχήμασι</span> <span class='ocrx_word' id='word_1_171' title='bbox 1792 3268 1882 3316; x_wconf 81' lang='grc' dir='ltr'>καὶ</span> 
     </span>
    </p>
   </div>
   <div class='ocr_carea' id='block_1_33' title="bbox 238 3349 1884 3429">
    <p class='ocr_par' dir='ltr' id='par_1_33' title="bbox 238 3349 1884 3429">
     <span class='ocr_line' id='line_1_35' title="bbox 238 3349 1884 3429; baseline 0.002 -26"><span class='ocrx_word' id='word_1_172' title='bbox 238 3351 550 3427; x_wconf 70' lang='grc' dir='ltr'>πλάσμασι</span> <span class='ocrx_word' id='word_1_173' title='bbox 630 3357 755 3414; x_wconf 80' lang='grc' dir='ltr'>τοὺς</span> <span class='ocrx_word' id='word_1_174' title='bbox 814 3351 1040 3413; x_wconf 74' lang='grc' dir='ltr'>πολλοὺς</span> <span class='ocrx_word' id='word_1_175' title='bbox 1121 3349 1396 3421; x_wconf 81' lang='grc' dir='ltr'>δελεάζων,</span> <span class='ocrx_word' id='word_1_176' title='bbox 1473 3357 1636 3428; x_wconf 84' lang='grc' dir='ltr'>μέχρι</span> <span class='ocrx_word' id='word_1_177' title='bbox 1708 3352 1884 3429; x_wconf 79' lang='grc' dir='ltr'>πόῤῥω</span> 
     </span>
    </p>
   </div>
   <div class='ocr_carea' id='block_1_34' title="bbox 243 3438 1884 3519">
    <p class='ocr_par' dir='ltr' id='par_1_34' title="bbox 243 3438 1884 3519">
     <span class='ocr_line' id='line_1_36' title="bbox 243 3438 1884 3519; baseline 0.001 -25"><span class='ocrx_word' id='word_1_178' title='bbox 243 3443 497 3515; x_wconf 73' lang='grc' dir='ltr'>προῆλθε</span> <span class='ocrx_word' id='word_1_179' title='bbox 546 3450 649 3505; x_wconf 75' lang='grc' dir='ltr'>τῆς</span> <span class='ocrx_word' id='word_1_180' title='bbox 701 3441 936 3512; x_wconf 82' lang='grc' dir='ltr'>ἡλικίας,</span> <span class='ocrx_word' id='word_1_181' title='bbox 996 3445 1055 3494; x_wconf 87' lang='grc' dir='ltr'>τὸ</span> <span class='ocrx_word' id='word_1_182' title='bbox 1088 3438 1258 3496; x_wconf 85' lang='grc' dir='ltr'>δοκεῖν</span> <span class='ocrx_word' id='word_1_183' title='bbox 1283 3446 1598 3518; x_wconf 75' lang='grc' dir='ltr'>Χριστιανός</span> <span class='ocrx_word' id='word_1_184' title='bbox 1623 3441 1754 3496; x_wconf 78' lang='grc' dir='ltr'>εἶναι</span> <span class='ocrx_word' id='word_1_185' title='bbox 1783 3446 1884 3519; x_wconf 88' lang='grc' dir='ltr'>πρὸ</span> 
     </span>
    </p>
   </div>
   <div class='ocr_carea' id='block_1_35' title="bbox 245 3528 1884 3608">
    <p class='ocr_par' dir='ltr' id='par_1_35' title="bbox 245 3528 1884 3608">
     <span class='ocr_line' id='line_1_37' title="bbox 245 3528 1884 3608; baseline 0.001 -25"><span class='ocrx_word' id='word_1_186' title='bbox 245 3540 348 3584; x_wconf 72' lang='grc' dir='ltr'>τοῦ</span> <span class='ocrx_word' id='word_1_187' title='bbox 373 3539 518 3585; x_wconf 83' lang='grc' dir='ltr'>εἶναι</span> <span class='ocrx_word' id='word_1_188' title='bbox 539 3528 775 3603; x_wconf 81' lang='grc' dir='ltr'>διώκων,</span> <span class='ocrx_word' id='word_1_189' title='bbox 797 3535 886 3584; x_wconf 86' lang='grc' dir='ltr'>καὶ</span> <span class='ocrx_word' id='word_1_190' title='bbox 905 3538 1003 3593; x_wconf 80' lang='grc' dir='ltr'>τῆς</span> <span class='ocrx_word' id='word_1_191' title='bbox 1027 3538 1119 3584; x_wconf 82' lang='grc' dir='ltr'>τοῦ</span> <span class='ocrx_word' id='word_1_192' title='bbox 1143 3539 1380 3608; x_wconf 84' lang='grc' dir='ltr'>Χριστοῦ</span> <span class='ocrx_word' id='word_1_193' title='bbox 1403 3529 1563 3596; x_wconf 83' lang='grc' dir='ltr'>δόξης</span> <span class='ocrx_word' id='word_1_194' title='bbox 1580 3536 1673 3592; x_wconf 78' lang='grc' dir='ltr'>τὴν</span> <span class='ocrx_word' id='word_1_195' title='bbox 1701 3531 1884 3586; x_wconf 78' lang='grc' dir='ltr'>ἑαυτοῦ</span> 
     </span>
    </p>
   </div>
   <div class='ocr_carea' id='block_1_36' title="bbox 244 3630 566 3694">
    <p class='ocr_par' dir='ltr' id='par_1_36' title="bbox 244 3630 566 3694">
     <span class='ocr_line' id='line_1_38' title="bbox 244 3630 566 3694; baseline 0 -22"><span class='ocrx_word' id='word_1_196' title='bbox 244 3630 566 3694; x_wconf 78' lang='grc' dir='ltr'>προτιμῶν.</span> 
     </span>
    </p>
   </div>
   <div class='ocr_carea' id='block_1_37' title="bbox 330 3740 1886 3819">
    <p class='ocr_par' dir='ltr' id='par_1_37' title="bbox 330 3740 1886 3819">
     <span class='ocr_line' id='line_1_39' title="bbox 330 3740 1886 3819; baseline -0.001 -19"><span class='ocrx_word' id='word_1_197' title='bbox 330 3743 405 3817; x_wconf 73' lang='grc' dir='ltr'>β’.</span> <span class='ocrx_word' id='word_1_198' title='bbox 436 3745 590 3799; x_wconf 80' lang='grc' dir='ltr'>Ἐπεὶ</span> <span class='ocrx_word' id='word_1_199' title='bbox 640 3740 698 3798; x_wconf 73' lang='grc' dir='ltr'>δε</span> <span class='ocrx_word' id='word_1_200' title='bbox 727 3746 866 3798; x_wconf 84' lang='grc' dir='ltr'>κατὰ</span> <span class='ocrx_word' id='word_1_201' title='bbox 916 3746 977 3796; x_wconf 88' lang='grc' dir='ltr'>τό</span> <span class='ocrx_word' id='word_1_202' title='bbox 1033 3743 1298 3819; x_wconf 78' lang='grc' dir='ltr'>εἰρημένον</span> <span class='ocrx_word' id='word_1_203' title='bbox 1339 3752 1411 3816; x_wconf 84' lang='grc' dir='ltr'>τῷ</span> <span class='ocrx_word' id='word_1_204' title='bbox 1443 3749 1702 3819; x_wconf 80' lang='grc' dir='ltr'>Δεσπότῃ,</span> <span class='ocrx_word' id='word_1_205' title='bbox 1735 3741 1886 3799; x_wconf 65' lang='grc' dir='ltr'>οὐδὲν</span> 
     </span>
    </p>
   </div>
   <div class='ocr_carea' id='block_1_38' title="bbox 248 3829 1884 3908">
    <p class='ocr_par' dir='ltr' id='par_1_38' title="bbox 248 3829 1884 3908">
     <span class='ocr_line' id='line_1_40' title="bbox 248 3829 1884 3908; baseline 0 -21"><span class='ocrx_word' id='word_1_206' title='bbox 248 3836 500 3905; x_wconf 75' lang='grc' dir='ltr'>κρυπτὸν</span> <span class='ocrx_word' id='word_1_207' title='bbox 544 3833 574 3885; x_wconf 86' lang='grc' dir='ltr'><strong>ὃ</strong></span> <span class='ocrx_word' id='word_1_208' title='bbox 620 3831 679 3885; x_wconf 78' lang='grc' dir='ltr'>ού</span> <span class='ocrx_word' id='word_1_209' title='bbox 707 3834 1099 3904; x_wconf 72' lang='grc' dir='ltr'>γνωσθήσεται,</span> <span class='ocrx_word' id='word_1_210' title='bbox 1146 3829 1272 3885; x_wconf 74' lang='grc' dir='ltr'>οὐδὲ</span> <span class='ocrx_word' id='word_1_211' title='bbox 1319 3835 1616 3908; x_wconf 76' lang='grc' dir='ltr'>ἀπόκρυφον</span> <span class='ocrx_word' id='word_1_212' title='bbox 1669 3833 1695 3886; x_wconf 85' lang='grc' dir='ltr'><strong>ὃ</strong></span> <span class='ocrx_word' id='word_1_213' title='bbox 1722 3834 1782 3887; x_wconf 82' lang='grc' dir='ltr'>ού</span> <span class='ocrx_word' id='word_1_214' title='bbox 1812 3837 1884 3907; x_wconf 78' lang='grc' dir='ltr'>μὴ</span> 
     </span>
    </p>
   </div>
   <div class='ocr_carea' id='block_1_39' title="bbox 1908 1445 1957 1498">
    <p class='ocr_par' dir='ltr' id='par_1_39' title="bbox 1908 1445 1957 1498">
     <span class='ocr_line' id='line_1_41' title="bbox 1908 1445 1957 1498; baseline 0 0"><span class='ocrx_word' id='word_1_215' title='bbox 1908 1445 1957 1498; x_wconf 79' lang='grc' dir='ltr'><strong>Α</strong></span> 
     </span>
    </p>
   </div>
   <div class='ocr_carea' id='block_1_40' title="bbox 2617 1444 3014 1502">
    <p class='ocr_par' dir='ltr' id='par_1_40' title="bbox 2617 1444 3014 1502">
     <span class='ocr_line' id='line_1_42' title="bbox 2617 1444 3014 1502; baseline 0.003 -3"><span class='ocrx_word' id='word_1_216' title='bbox 2617 1444 2699 1500; x_wconf 83' lang='lat' dir='ltr'>De</span> <span class='ocrx_word' id='word_1_217' title='bbox 2723 1444 3014 1502; x_wconf 72' lang='lat' dir='ltr'>Nestor-io.</span> 
     </span>
    </p>
   </div>
   <div class='ocr_carea' id='block_1_41' title="bbox 2061 1566 3633 1644">
    <p class='ocr_par' dir='ltr' id='par_1_41' title="bbox 2061 1566 3633 1644">
     <span class='ocr_line' id='line_1_43' title="bbox 2061 1566 3633 1644; baseline 0.004 -22"><span class='ocrx_word' id='word_1_218' title='bbox 2061 1571 2111 1622; x_wconf 82' lang='grc'>1.</span> <span class='ocrx_word' id='word_1_219' title='bbox 2152 1566 2458 1623; x_wconf 88' lang='lat' dir='ltr'>Nestorius</span> <span class='ocrx_word' id='word_1_220' title='bbox 2498 1571 2664 1624; x_wconf 86' lang='lat' dir='ltr'>ortus</span> <span class='ocrx_word' id='word_1_221' title='bbox 2689 1573 2828 1625; x_wconf 77' lang='lat' dir='ltr'>erat</span> <span class='ocrx_word' id='word_1_222' title='bbox 2877 1584 2948 1624; x_wconf 83' lang='lat' dir='ltr'>ex</span> <span class='ocrx_word' id='word_1_223' title='bbox 3001 1569 3332 1626; x_wconf 73' lang='lat' dir='ltr'>Germaniae</span> <span class='ocrx_word' id='word_1_224' title='bbox 3383 1571 3633 1644; x_wconf 91' lang='lat' dir='ltr'>oppido,</span> 
     </span>
    </p>
   </div>
   <div class='ocr_carea' id='block_1_42' title="bbox 1984 1656 3637 1731">
    <p class='ocr_par' dir='ltr' id='par_1_42' title="bbox 1984 1656 3637 1731">
     <span class='ocr_line' id='line_1_44' title="bbox 1984 1656 3637 1731; baseline 0.004 -20"><span class='ocrx_word' id='word_1_225' title='bbox 1984 1656 2187 1712; x_wconf 91' lang='lat' dir='ltr'>nescio</span> <span class='ocrx_word' id='word_1_226' title='bbox 2217 1657 2440 1730; x_wconf 85' lang='lat' dir='ltr'>quibus</span> <span class='ocrx_word' id='word_1_227' title='bbox 2484 1656 2563 1713; x_wconf 91' lang='lat' dir='ltr'>ab</span> <span class='ocrx_word' id='word_1_228' title='bbox 2619 1657 2787 1714; x_wconf 90' lang='lat' dir='ltr'>initio</span> <span class='ocrx_word' id='word_1_229' title='bbox 2839 1658 3175 1731; x_wconf 86' lang='lat' dir='ltr'>disciplinis</span> <span class='ocrx_word' id='word_1_230' title='bbox 3231 1660 3637 1729; x_wconf 91' lang='lat' dir='ltr'>eruditus;de</span> 
     </span>
    </p>
   </div>
   <div class='ocr_carea' id='block_1_43' title="bbox 1981 1743 3640 1821">
    <p class='ocr_par' dir='ltr' id='par_1_43' title="bbox 1981 1743 3640 1821">
     <span class='ocr_line' id='line_1_45' title="bbox 1981 1743 3640 1821; baseline 0.002 -19"><span class='ocrx_word' id='word_1_231' title='bbox 1981 1743 2116 1803; x_wconf 88' lang='lat' dir='ltr'>loco</span> <span class='ocrx_word' id='word_1_232' title='bbox 2140 1751 2340 1802; x_wconf 90' lang='lat' dir='ltr'>autem</span> <span class='ocrx_word' id='word_1_233' title='bbox 2364 1746 2423 1802; x_wconf 92' lang='lat' dir='ltr'>in</span> <span class='ocrx_word' id='word_1_234' title='bbox 2448 1745 2650 1802; x_wconf 92' lang='lat' dir='ltr'>locum</span> <span class='ocrx_word' id='word_1_235' title='bbox 2679 1748 2967 1816; x_wconf 84' lang='lat' dir='ltr'>migrans,</span> <span class='ocrx_word' id='word_1_236' title='bbox 3004 1753 3296 1820; x_wconf 88' lang='lat' dir='ltr'>tanquam</span> <span class='ocrx_word' id='word_1_237' title='bbox 3325 1749 3640 1821; x_wconf 88' lang='lat' dir='ltr'>quoddam</span> 
     </span>
    </p>
   </div>
   <div class='ocr_carea' id='block_1_44' title="bbox 1981 1834 3644 1908">
    <p class='ocr_par' dir='ltr' id='par_1_44' title="bbox 1981 1834 3644 1908">
     <span class='ocr_line' id='line_1_46' title="bbox 1981 1834 3644 1908; baseline 0.004 -18"><span class='ocrx_word' id='word_1_238' title='bbox 1981 1834 2400 1908; x_wconf 71' lang='lat' dir='ltr'>Egyptiacum</span> <span class='ocrx_word' id='word_1_239' title='bbox 2430 1834 2761 1905; x_wconf 82' lang='lat' dir='ltr'>ﬂagellum,</span> <span class='ocrx_word' id='word_1_240' title='bbox 2808 1835 2871 1892; x_wconf 92' lang='lat' dir='ltr'>in</span> <span class='ocrx_word' id='word_1_241' title='bbox 2920 1853 3208 1906; x_wconf 83' lang='lat' dir='ltr'>magnam</span> <span class='ocrx_word' id='word_1_242' title='bbox 3243 1839 3644 1896; x_wconf 81' lang='lat' dir='ltr'>Antiocheno-</span> 
     </span>
    </p>
   </div>
   <div class='ocr_carea' id='block_1_45' title="bbox 1979 1923 3641 1986">
    <p class='ocr_par' dir='ltr' id='par_1_45' title="bbox 1979 1923 3641 1986">
     <span class='ocr_line' id='line_1_47' title="bbox 1979 1923 3641 1986; baseline 0.004 -7"><span class='ocrx_word' id='word_1_243' title='bbox 1979 1938 2118 1979; x_wconf 91' lang='lat' dir='ltr'>rum</span> <span class='ocrx_word' id='word_1_244' title='bbox 2137 1923 2351 1979; x_wconf 85' lang='lat' dir='ltr'><strong>urbem</strong></span> <span class='ocrx_word' id='word_1_245' title='bbox 2380 1923 2568 1980; x_wconf 81' lang='lat' dir='ltr'>irruit.</span> <span class='ocrx_word' id='word_1_246' title='bbox 2591 1923 2675 1980; x_wconf 92' lang='lat' dir='ltr'>lbi</span> <span class='ocrx_word' id='word_1_247' title='bbox 2703 1924 3085 1981; x_wconf 85' lang='lat' dir='ltr'>mediocriter</span> <span class='ocrx_word' id='word_1_248' title='bbox 3103 1925 3407 1983; x_wconf 89' lang='lat' dir='ltr'>bonarum</span> <span class='ocrx_word' id='word_1_249' title='bbox 3421 1927 3641 1986; x_wconf 82' lang='lat' dir='ltr'>artium</span> 
     </span>
    </p>
   </div>
   <div class='ocr_carea' id='block_1_46' title="bbox 1980 2010 3639 2085">
    <p class='ocr_par' dir='ltr' id='par_1_46' title="bbox 1980 2010 3639 2085">
     <span class='ocr_line' id='line_1_48' title="bbox 1980 2010 3639 2085; baseline 0.004 -18"><span class='ocrx_word' id='word_1_250' title='bbox 1980 2012 2284 2084; x_wconf 79' lang='lat' dir='ltr'>particeps</span> <span class='ocrx_word' id='word_1_251' title='bbox 2342 2010 2607 2080; x_wconf 83' lang='lat' dir='ltr'>effectus,</span> <span class='ocrx_word' id='word_1_252' title='bbox 2654 2027 2991 2085; x_wconf 88' lang='lat' dir='ltr'>vocemque</span> <span class='ocrx_word' id='word_1_253' title='bbox 3041 2013 3511 2085; x_wconf 87' lang='lat' dir='ltr'>pulcherrimam</span> <span class='ocrx_word' id='word_1_254' title='bbox 3567 2032 3639 2072; x_wconf 90' lang='lat' dir='ltr'>ac</span> 
     </span>
    </p>
   </div>
   <div class='ocr_carea' id='block_1_47' title="bbox 1980 2099 3638 2173">
    <p class='ocr_par' dir='ltr' id='par_1_47' title="bbox 1980 2099 3638 2173">
     <span class='ocr_line' id='line_1_49' title="bbox 1980 2099 3638 2173; baseline 0.002 -16"><span class='ocrx_word' id='word_1_255' title='bbox 1980 2099 2275 2173; x_wconf 88' lang='lat' dir='ltr'>optimam</span> <span class='ocrx_word' id='word_1_256' title='bbox 2319 2100 2600 2156; x_wconf 83' lang='lat' dir='ltr'>exercitio</span> <span class='ocrx_word' id='word_1_257' title='bbox 2645 2099 2922 2172; x_wconf 87' lang='lat' dir='ltr'>adeptus,</span> <span class='ocrx_word' id='word_1_258' title='bbox 2955 2102 3016 2157; x_wconf 90' lang='lat' dir='ltr'>in</span> <span class='ocrx_word' id='word_1_259' title='bbox 3057 2102 3160 2158; x_wconf 88' lang='lat' dir='ltr'>Dei</span> <span class='ocrx_word' id='word_1_260' title='bbox 3208 2103 3532 2160; x_wconf 90' lang='lat' dir='ltr'>Ecclesiam</span> <span class='ocrx_word' id='word_1_261' title='bbox 3562 2105 3638 2161; x_wconf 90' lang='lat' dir='ltr'>ir-</span> 
     </span>
    </p>
   </div>
   <div class='ocr_carea' id='block_1_48' title="bbox 1976 2188 3644 2265">
    <p class='ocr_par' dir='ltr' id='par_1_48' title="bbox 1976 2188 3644 2265">
     <span class='ocr_line' id='line_1_50' title="bbox 1976 2188 3644 2265; baseline 0.003 -20"><span class='ocrx_word' id='word_1_262' title='bbox 1976 2189 2165 2260; x_wconf 91' lang='lat' dir='ltr'>repsit</span> <span class='ocrx_word' id='word_1_263' title='bbox 2199 2193 2257 2244; x_wconf 93' lang='lat' dir='ltr'>et</span> <span class='ocrx_word' id='word_1_264' title='bbox 2295 2188 2571 2260; x_wconf 81' lang='lat' dir='ltr'>catalogo</span> <span class='ocrx_word' id='word_1_265' title='bbox 2609 2189 3102 2262; x_wconf 83' lang='lat' dir='ltr'>presbyterorum</span> <span class='ocrx_word' id='word_1_266' title='bbox 3127 2191 3490 2265; x_wconf 88' lang='lat' dir='ltr'>adscriptus,</span> <span class='ocrx_word' id='word_1_267' title='bbox 3514 2193 3644 2250; x_wconf 90' lang='lat' dir='ltr'>Dei-</span> 
     </span>
    </p>
   </div>
   <div class='ocr_carea' id='block_1_49' title="bbox 1980 2277 3639 2351">
    <p class='ocr_par' dir='ltr' id='par_1_49' title="bbox 1980 2277 3639 2351">
     <span class='ocr_line' id='line_1_51' title="bbox 1980 2277 3639 2351; baseline 0.004 -18"><span class='ocrx_word' id='word_1_268' title='bbox 1980 2293 2100 2351; x_wconf 90' lang='lat' dir='ltr'>que</span> <span class='ocrx_word' id='word_1_269' title='bbox 2125 2277 2425 2350; x_wconf 89' lang='lat' dir='ltr'>populum</span> <span class='ocrx_word' id='word_1_270' title='bbox 2468 2277 2728 2334; x_wconf 89' lang='lat' dir='ltr'>docendi</span> <span class='ocrx_word' id='word_1_271' title='bbox 2766 2295 2977 2336; x_wconf 86' lang='lat' dir='ltr'>curam</span> <span class='ocrx_word' id='word_1_272' title='bbox 3022 2281 3300 2350; x_wconf 81' lang='lat' dir='ltr'>sortitus,</span> <span class='ocrx_word' id='word_1_273' title='bbox 3346 2281 3425 2338; x_wconf 84' lang='lat' dir='ltr'>ab</span> <span class='ocrx_word' id='word_1_274' title='bbox 3471 2281 3639 2340; x_wconf 87' lang='lat' dir='ltr'>initio</span> 
     </span>
    </p>
   </div>
   <div class='ocr_carea' id='block_1_50' title="bbox 1982 2365 3634 2440">
    <p class='ocr_par' dir='ltr' id='par_1_50' title="bbox 1982 2365 3634 2440">
     <span class='ocr_line' id='line_1_52' title="bbox 1982 2365 3634 2440; baseline 0.003 -18"><span class='ocrx_word' id='word_1_275' title='bbox 1982 2365 2254 2422; x_wconf 82' lang='lat' dir='ltr'>exhibuit</span> <span class='ocrx_word' id='word_1_276' title='bbox 2300 2366 2498 2440; x_wconf 88' lang='lat' dir='ltr'>qualis</span> <span class='ocrx_word' id='word_1_277' title='bbox 2543 2383 2654 2439; x_wconf 91' lang='lat' dir='ltr'>per</span> <span class='ocrx_word' id='word_1_278' title='bbox 2706 2372 2894 2424; x_wconf 86' lang='lat' dir='ltr'>totam</span> <span class='ocrx_word' id='word_1_279' title='bbox 2946 2368 3134 2426; x_wconf 88' lang='lat' dir='ltr'>vitam</span> <span class='ocrx_word' id='word_1_280' title='bbox 3191 2370 3428 2426; x_wconf 86' lang='lat' dir='ltr'>futurus</span> <span class='ocrx_word' id='word_1_281' title='bbox 3456 2374 3634 2429; x_wconf 90' lang='lat' dir='ltr'>esset.</span> 
     </span>
    </p>
   </div>
   <div class='ocr_carea' id='block_1_51' title="bbox 1984 2454 3636 2525">
    <p class='ocr_par' dir='ltr' id='par_1_51' title="bbox 1984 2454 3636 2525">
     <span class='ocr_line' id='line_1_53' title="bbox 1984 2454 3636 2525; baseline 0.004 -15"><span class='ocrx_word' id='word_1_282' title='bbox 1984 2455 2114 2511; x_wconf 89' lang='lat' dir='ltr'>Non</span> <span class='ocrx_word' id='word_1_283' title='bbox 2141 2454 2302 2511; x_wconf 90' lang='lat' dir='ltr'>enim</span> <span class='ocrx_word' id='word_1_284' title='bbox 2330 2455 2714 2525; x_wconf 89' lang='lat' dir='ltr'>ingeniosum</span> <span class='ocrx_word' id='word_1_285' title='bbox 2745 2462 2801 2512; x_wconf 90' lang='lat' dir='ltr'>et</span> <span class='ocrx_word' id='word_1_286' title='bbox 2830 2457 3097 2514; x_wconf 89' lang='lat' dir='ltr'>nobilem</span> <span class='ocrx_word' id='word_1_287' title='bbox 3131 2462 3187 2515; x_wconf 91' lang='lat' dir='ltr'>et</span> <span class='ocrx_word' id='word_1_288' title='bbox 3217 2459 3434 2515; x_wconf 90' lang='lat' dir='ltr'>animis</span> <span class='ocrx_word' id='word_1_289' title='bbox 3464 2475 3636 2516; x_wconf 86' lang='lat' dir='ltr'>exco-</span> 
     </span>
    </p>
   </div>
   <div class='ocr_carea' id='block_1_52' title="bbox 1984 2543 3636 2617">
    <p class='ocr_par' dir='ltr' id='par_1_52' title="bbox 1984 2543 3636 2617">
     <span class='ocr_line' id='line_1_54' title="bbox 1984 2543 3636 2617; baseline 0.004 -19"><span class='ocrx_word' id='word_1_290' title='bbox 1984 2543 2177 2600; x_wconf 90' lang='lat' dir='ltr'>lendis</span> <span class='ocrx_word' id='word_1_291' title='bbox 2208 2549 2420 2616; x_wconf 91' lang='lat' dir='ltr'>aptum</span> <span class='ocrx_word' id='word_1_292' title='bbox 2462 2550 2721 2601; x_wconf 85' lang='lat' dir='ltr'>sectatus</span> <span class='ocrx_word' id='word_1_293' title='bbox 2752 2549 2841 2602; x_wconf 87' lang='lat' dir='ltr'>est</span> <span class='ocrx_word' id='word_1_294' title='bbox 2877 2547 3219 2603; x_wconf 90' lang='lat' dir='ltr'>orationum</span> <span class='ocrx_word' id='word_1_295' title='bbox 3247 2553 3636 2617; x_wconf 88' lang='lat' dir='ltr'>caracterem,</span> 
     </span>
    </p>
   </div>
   <div class='ocr_carea' id='block_1_53' title="bbox 1986 2632 3644 2710">
    <p class='ocr_par' dir='ltr' id='par_1_53' title="bbox 1986 2632 3644 2710">
     <span class='ocr_line' id='line_1_55' title="bbox 1986 2632 3644 2710; baseline 0.004 -23"><span class='ocrx_word' id='word_1_296' title='bbox 1986 2632 2094 2689; x_wconf 89' lang='lat' dir='ltr'>sed</span> <span class='ocrx_word' id='word_1_297' title='bbox 2119 2633 2198 2689; x_wconf 90' lang='lat' dir='ltr'>ad</span> <span class='ocrx_word' id='word_1_298' title='bbox 2225 2633 2433 2705; x_wconf 90' lang='lat' dir='ltr'>populi</span> <span class='ocrx_word' id='word_1_299' title='bbox 2454 2632 2865 2690; x_wconf 86' lang='lat' dir='ltr'>adulationem</span> <span class='ocrx_word' id='word_1_300' title='bbox 2897 2636 3180 2707; x_wconf 88' lang='lat' dir='ltr'>proclivis</span> <span class='ocrx_word' id='word_1_301' title='bbox 3196 2637 3644 2710; x_wconf 90' lang='lat' dir='ltr'>plausuumque</span> 
     </span>
    </p>
   </div>
   <div class='ocr_carea' id='block_1_54' title="bbox 1909 2712 3646 2797">
    <p class='ocr_par' dir='ltr' id='par_1_54' title="bbox 1909 2712 3646 2797">
     <span class='ocr_line' id='line_1_56' title="bbox 1909 2712 3646 2797; baseline 0.004 -21"><span class='ocrx_word' id='word_1_302' title='bbox 1909 2712 1950 2766; x_wconf 87' lang='grc' dir='ltr'><strong>Β</strong></span> <span class='ocrx_word' id='word_1_303' title='bbox 1981 2721 2044 2777; x_wconf 93' lang='lat' dir='ltr'>in</span> <span class='ocrx_word' id='word_1_304' title='bbox 2084 2737 2286 2778; x_wconf 90' lang='lat' dir='ltr'>aerem</span> <span class='ocrx_word' id='word_1_305' title='bbox 2334 2722 2769 2794; x_wconf 88' lang='lat' dir='ltr'>dissipatorum</span> <span class='ocrx_word' id='word_1_306' title='bbox 2815 2726 2880 2780; x_wconf 91' lang='lat' dir='ltr'>ut</span> <span class='ocrx_word' id='word_1_307' title='bbox 2925 2724 3030 2797; x_wconf 89' lang='lat' dir='ltr'>qui</span> <span class='ocrx_word' id='word_1_308' title='bbox 3068 2725 3335 2782; x_wconf 84' lang='lat' dir='ltr'>maxime</span> <span class='ocrx_word' id='word_1_309' title='bbox 3389 2732 3646 2797; x_wconf 85' lang='lat' dir='ltr'>amator,</span> 
     </span>
    </p>
   </div>
   <div class='ocr_carea' id='block_1_55' title="bbox 1981 2809 3649 2884">
    <p class='ocr_par' dir='ltr' id='par_1_55' title="bbox 1981 2809 3649 2884">
     <span class='ocr_line' id='line_1_57' title="bbox 1981 2809 3649 2884; baseline 0.005 -21"><span class='ocrx_word' id='word_1_310' title='bbox 1981 2809 2160 2866; x_wconf 83' lang='lat' dir='ltr'>vilem</span> <span class='ocrx_word' id='word_1_311' title='bbox 2188 2816 2246 2867; x_wconf 93' lang='lat' dir='ltr'>et</span> <span class='ocrx_word' id='word_1_312' title='bbox 2265 2811 2606 2867; x_wconf 89' lang='lat' dir='ltr'>instabilem</span> <span class='ocrx_word' id='word_1_313' title='bbox 2647 2811 3026 2884; x_wconf 89' lang='lat' dir='ltr'>plebeculam</span> <span class='ocrx_word' id='word_1_314' title='bbox 3059 2830 3169 2870; x_wconf 93' lang='lat' dir='ltr'>suo</span> <span class='ocrx_word' id='word_1_315' title='bbox 3207 2814 3505 2871; x_wconf 92' lang='lat' dir='ltr'>desiderio</span> <span class='ocrx_word' id='word_1_316' title='bbox 3530 2814 3649 2871; x_wconf 89' lang='lat' dir='ltr'>im-</span> 
     </span>
    </p>
   </div>
   <div class='ocr_carea' id='block_1_56' title="bbox 1984 2897 3653 2973">
    <p class='ocr_par' dir='ltr' id='par_1_56' title="bbox 1984 2897 3653 2973">
     <span class='ocr_line' id='line_1_58' title="bbox 1984 2897 3653 2973; baseline 0.003 -19"><span class='ocrx_word' id='word_1_317' title='bbox 1984 2897 2231 2967; x_wconf 90' lang='lat' dir='ltr'>buebat,</span> <span class='ocrx_word' id='word_1_318' title='bbox 2258 2898 2434 2956; x_wconf 90' lang='lat' dir='ltr'>fusco</span> <span class='ocrx_word' id='word_1_319' title='bbox 2465 2899 2717 2956; x_wconf 89' lang='lat' dir='ltr'>indutus</span> <span class='ocrx_word' id='word_1_320' title='bbox 2750 2900 2956 2973; x_wconf 90' lang='lat' dir='ltr'>pallio,</span> <span class='ocrx_word' id='word_1_321' title='bbox 2983 2903 3165 2958; x_wconf 88' lang='lat' dir='ltr'>tristis</span> <span class='ocrx_word' id='word_1_322' title='bbox 3196 2903 3506 2967; x_wconf 87' lang='lat' dir='ltr'>incedens,</span> <span class='ocrx_word' id='word_1_323' title='bbox 3538 2903 3653 2959; x_wconf 91' lang='lat' dir='ltr'>fori</span> 
     </span>
    </p>
   </div>
   <div class='ocr_carea' id='block_1_57' title="bbox 1987 2989 3657 3064">
    <p class='ocr_par' dir='ltr' id='par_1_57' title="bbox 1987 2989 3657 3064">
     <span class='ocr_line' id='line_1_59' title="bbox 1987 2989 3657 3064; baseline 0 -17"><span class='ocrx_word' id='word_1_324' title='bbox 1987 2989 2310 3048; x_wconf 89' lang='lat' dir='ltr'>tumultum</span> <span class='ocrx_word' id='word_1_325' title='bbox 2338 2991 2592 3059; x_wconf 89' lang='lat' dir='ltr'>evitans,</span> <span class='ocrx_word' id='word_1_326' title='bbox 2625 2991 2895 3062; x_wconf 89' lang='lat' dir='ltr'>corporis</span> <span class='ocrx_word' id='word_1_327' title='bbox 2932 2991 3165 3063; x_wconf 89' lang='lat' dir='ltr'>pallore</span> <span class='ocrx_word' id='word_1_328' title='bbox 3203 2995 3548 3064; x_wconf 90' lang='lat' dir='ltr'>temperans</span> <span class='ocrx_word' id='word_1_329' title='bbox 3574 2991 3657 3048; x_wconf 88' lang='lat' dir='ltr'>vi-</span> 
     </span>
    </p>
   </div>
   <div class='ocr_carea' id='block_1_58' title="bbox 1989 3077 3654 3151">
    <p class='ocr_par' dir='ltr' id='par_1_58' title="bbox 1989 3077 3654 3151">
     <span class='ocr_line' id='line_1_60' title="bbox 1989 3077 3654 3151; baseline 0.001 -16"><span class='ocrx_word' id='word_1_330' title='bbox 1989 3078 2117 3135; x_wconf 91' lang='lat' dir='ltr'>deri</span> <span class='ocrx_word' id='word_1_331' title='bbox 2144 3077 2416 3150; x_wconf 90' lang='lat' dir='ltr'>cupiens,</span> <span class='ocrx_word' id='word_1_332' title='bbox 2464 3078 2630 3134; x_wconf 92' lang='lat' dir='ltr'>domi</span> <span class='ocrx_word' id='word_1_333' title='bbox 2672 3078 3033 3151; x_wconf 89' lang='lat' dir='ltr'>plerumque</span> <span class='ocrx_word' id='word_1_334' title='bbox 3075 3080 3244 3136; x_wconf 86' lang='lat' dir='ltr'>libris</span> <span class='ocrx_word' id='word_1_335' title='bbox 3293 3081 3654 3138; x_wconf 89' lang='lat' dir='ltr'>incumbens</span> 
     </span>
    </p>
   </div>
   <div class='ocr_carea' id='block_1_59' title="bbox 1990 3167 3652 3240">
    <p class='ocr_par' dir='ltr' id='par_1_59' title="bbox 1990 3167 3652 3240">
     <span class='ocr_line' id='line_1_61' title="bbox 1990 3167 3652 3240; baseline 0.002 -16"><span class='ocrx_word' id='word_1_336' title='bbox 1990 3171 2048 3224; x_wconf 91' lang='lat' dir='ltr'>et</span> <span class='ocrx_word' id='word_1_337' title='bbox 2069 3183 2177 3240; x_wconf 90' lang='lat' dir='ltr'>per</span> <span class='ocrx_word' id='word_1_338' title='bbox 2204 3167 2396 3223; x_wconf 90' lang='lat' dir='ltr'>otium</span> <span class='ocrx_word' id='word_1_339' title='bbox 2418 3182 2624 3222; x_wconf 87' lang='lat' dir='ltr'>secum</span> <span class='ocrx_word' id='word_1_340' title='bbox 2655 3182 3049 3233; x_wconf 87' lang='lat' dir='ltr'>conversans,</span> <span class='ocrx_word' id='word_1_341' title='bbox 3082 3168 3184 3225; x_wconf 89' lang='lat' dir='ltr'>tali</span> <span class='ocrx_word' id='word_1_342' title='bbox 3211 3169 3425 3227; x_wconf 90' lang='lat' dir='ltr'>habitu</span> <span class='ocrx_word' id='word_1_343' title='bbox 3456 3174 3512 3226; x_wconf 92' lang='lat' dir='ltr'>et</span> <span class='ocrx_word' id='word_1_344' title='bbox 3536 3170 3652 3228; x_wconf 88' lang='lat' dir='ltr'>for-</span> 
     </span>
    </p>
   </div>
   <div class='ocr_carea' id='block_1_60' title="bbox 1991 3255 3654 3330">
    <p class='ocr_par' dir='ltr' id='par_1_60' title="bbox 1991 3255 3654 3330">
     <span class='ocr_line' id='line_1_62' title="bbox 1991 3255 3654 3330; baseline 0.004 -19"><span class='ocrx_word' id='word_1_345' title='bbox 1991 3272 2095 3312; x_wconf 90' lang='lat' dir='ltr'>ma</span> <span class='ocrx_word' id='word_1_346' title='bbox 2145 3255 2597 3312; x_wconf 89' lang='lat' dir='ltr'>multitudinem</span> <span class='ocrx_word' id='word_1_347' title='bbox 2646 3261 2923 3330; x_wconf 88' lang='lat' dir='ltr'>captans,</span> <span class='ocrx_word' id='word_1_348' title='bbox 2977 3258 3058 3314; x_wconf 91' lang='lat' dir='ltr'>ad</span> <span class='ocrx_word' id='word_1_349' title='bbox 3109 3258 3363 3316; x_wconf 88' lang='lat' dir='ltr'>multam</span> <span class='ocrx_word' id='word_1_350' title='bbox 3415 3265 3654 3318; x_wconf 64' lang='lat' dir='ltr'>aetatem</span> 
     </span>
    </p>
   </div>
   <div class='ocr_carea' id='block_1_61' title="bbox 1991 3343 3655 3422">
    <p class='ocr_par' dir='ltr' id='par_1_61' title="bbox 1991 3343 3655 3422">
     <span class='ocr_line' id='line_1_63' title="bbox 1991 3343 3655 3422; baseline 0.003 -22"><span class='ocrx_word' id='word_1_351' title='bbox 1991 3343 2311 3417; x_wconf 89' lang='lat' dir='ltr'>processit,</span> <span class='ocrx_word' id='word_1_352' title='bbox 2362 3343 2730 3401; x_wconf 86' lang='lat' dir='ltr'>Christianus</span> <span class='ocrx_word' id='word_1_353' title='bbox 2786 3344 2976 3402; x_wconf 88' lang='lat' dir='ltr'>videri</span> <span class='ocrx_word' id='word_1_354' title='bbox 3017 3346 3218 3418; x_wconf 90' lang='lat' dir='ltr'>potius</span> <span class='ocrx_word' id='word_1_355' title='bbox 3270 3364 3456 3422; x_wconf 89' lang='lat' dir='ltr'>quam</span> <span class='ocrx_word' id='word_1_356' title='bbox 3520 3364 3655 3405; x_wconf 90' lang='lat' dir='ltr'>esse</span> 
     </span>
    </p>
   </div>
   <div class='ocr_carea' id='block_1_62' title="bbox 1992 3433 3650 3509">
    <p class='ocr_par' dir='ltr' id='par_1_62' title="bbox 1992 3433 3650 3509">
     <span class='ocr_line' id='line_1_64' title="bbox 1992 3433 3650 3509; baseline 0.004 -20"><span class='ocrx_word' id='word_1_357' title='bbox 1992 3437 2344 3508; x_wconf 89' lang='lat' dir='ltr'>peroptans,</span> <span class='ocrx_word' id='word_1_358' title='bbox 2367 3437 2426 3490; x_wconf 88' lang='lat' dir='ltr'>et</span> <span class='ocrx_word' id='word_1_359' title='bbox 2451 3433 2662 3492; x_wconf 88' lang='lat' dir='ltr'>Christi</span> <span class='ocrx_word' id='word_1_360' title='bbox 2689 3433 2896 3505; x_wconf 72' lang='lat' dir='ltr'>gloria:</span> <span class='ocrx_word' id='word_1_361' title='bbox 2927 3435 3238 3509; x_wconf 89' lang='lat' dir='ltr'>propriam</span> <span class='ocrx_word' id='word_1_362' title='bbox 3265 3437 3518 3509; x_wconf 81' lang='lat' dir='ltr'>gloriam</span> <span class='ocrx_word' id='word_1_363' title='bbox 3541 3453 3650 3496; x_wconf 84' lang='lat' dir='ltr'>an-</span> 
     </span>
    </p>
   </div>
   <div class='ocr_carea' id='block_1_63' title="bbox 1997 3527 2308 3596">
    <p class='ocr_par' dir='ltr' id='par_1_63' title="bbox 1997 3527 2308 3596">
     <span class='ocr_line' id='line_1_65' title="bbox 1997 3527 2308 3596; baseline -0.006 -16"><span class='ocrx_word' id='word_1_364' title='bbox 1997 3527 2308 3596; x_wconf 90' lang='lat' dir='ltr'>teponens.</span> 
     </span>
    </p>
   </div>
   <div class='ocr_carea' id='block_1_64' title="bbox 2068 3754 3658 3826">
    <p class='ocr_par' dir='ltr' id='par_1_64' title="bbox 2068 3754 3658 3826">
     <span class='ocr_line' id='line_1_66' title="bbox 2068 3754 3658 3826; baseline 0.003 -17"><span class='ocrx_word' id='word_1_365' title='bbox 2068 3757 2124 3811; x_wconf 85' lang='lat'>2.</span> <span class='ocrx_word' id='word_1_366' title='bbox 2166 3755 2312 3810; x_wconf 88' lang='lat' dir='ltr'>Cum</span> <span class='ocrx_word' id='word_1_367' title='bbox 2343 3757 2568 3822; x_wconf 85' lang='lat' dir='ltr'>autem,</span> <span class='ocrx_word' id='word_1_368' title='bbox 2610 3758 2677 3811; x_wconf 90' lang='lat' dir='ltr'>ut</span> <span class='ocrx_word' id='word_1_369' title='bbox 2718 3770 2756 3812; x_wconf 89' lang='lat' dir='ltr'>a</span> <span class='ocrx_word' id='word_1_370' title='bbox 2792 3755 3050 3812; x_wconf 91' lang='lat' dir='ltr'>Domino</span> <span class='ocrx_word' id='word_1_371' title='bbox 3093 3754 3321 3813; x_wconf 89' lang='lat' dir='ltr'>dictum</span> <span class='ocrx_word' id='word_1_372' title='bbox 3356 3759 3465 3826; x_wconf 87' lang='lat' dir='ltr'>est,</span> <span class='ocrx_word' id='word_1_373' title='bbox 3503 3757 3658 3814; x_wconf 84' lang='lat' dir='ltr'>nihil</span> 
     </span>
    </p>
   </div>
   <div class='ocr_carea' id='block_1_65' title="bbox 1999 3843 3655 3914">
    <p class='ocr_par' dir='ltr' id='par_1_65' title="bbox 1999 3843 3655 3914">
     <span class='ocr_line' id='line_1_67' title="bbox 1999 3843 3655 3914; baseline 0.003 -18"><span class='ocrx_word' id='word_1_374' title='bbox 1999 3843 2073 3898; x_wconf 89' lang='lat' dir='ltr'>sit</span> <span class='ocrx_word' id='word_1_375' title='bbox 2103 3847 2402 3898; x_wconf 89' lang='lat' dir='ltr'>secretum</span> <span class='ocrx_word' id='word_1_376' title='bbox 2441 3843 2608 3914; x_wconf 91' lang='lat' dir='ltr'>quod</span> <span class='ocrx_word' id='word_1_377' title='bbox 2661 3857 2785 3899; x_wconf 93' lang='lat' dir='ltr'>non</span> <span class='ocrx_word' id='word_1_378' title='bbox 2843 3843 3084 3914; x_wconf 83' lang='lat' dir='ltr'>sciatur,</span> <span class='ocrx_word' id='word_1_379' title='bbox 3127 3843 3276 3899; x_wconf 88' lang='lat' dir='ltr'>nihil</span> <span class='ocrx_word' id='word_1_380' title='bbox 3326 3844 3655 3901; x_wconf 90' lang='lat' dir='ltr'>obscurum</span> 
     </span>
    </p>
   </div>
   <div class='ocr_carea' id='block_1_66' title="bbox 253 3920 1883 4006">
    <p class='ocr_par' dir='ltr' id='par_1_66' title="bbox 253 3920 1883 3996">
     <span class='ocr_line' id='line_1_68' title="bbox 253 3920 1883 3996; baseline 0.001 -23"><span class='ocrx_word' id='word_1_381' title='bbox 253 3922 336 3983; x_wconf 82' lang='grc' dir='ltr'>είς</span> <span class='ocrx_word' id='word_1_382' title='bbox 391 3926 623 3996; x_wconf 63' lang='grc' dir='ltr'>φανερόν</span> <span class='ocrx_word' id='word_1_383' title='bbox 669 3922 815 3995; x_wconf 61' lang='grc' dir='ltr'>ἢθη,</span> <span class='ocrx_word' id='word_1_384' title='bbox 855 3926 947 3974; x_wconf 81' lang='grc' dir='ltr'>καὶ</span> <span class='ocrx_word' id='word_1_385' title='bbox 1004 3923 1072 3973; x_wconf 81' lang='grc' dir='ltr'>τὰ</span> <span class='ocrx_word' id='word_1_386' title='bbox 1131 3921 1266 3974; x_wconf 80' lang='grc' dir='ltr'>καλὰ</span> <span class='ocrx_word' id='word_1_387' title='bbox 1312 3924 1439 3995; x_wconf 73' lang='grc' dir='ltr'>ἔργα</span> <span class='ocrx_word' id='word_1_388' title='bbox 1479 3920 1724 3996; x_wconf 79' lang='grc' dir='ltr'>πρόδηλοί</span> <span class='ocrx_word' id='word_1_389' title='bbox 1753 3921 1883 3993; x_wconf 86' lang='grc' dir='ltr'>ἐστι,</span> 
     </span>
    </p>
   </div>
   <div class='ocr_carea' id='block_1_67' title="bbox 1996 3920 3654 4006">
    <p class='ocr_par' dir='ltr' id='par_1_67' title="bbox 1999 3931 3654 4005">
     <span class='ocr_line' id='line_1_69' title="bbox 1999 3931 3654 4005; baseline 0.002 -17"><span class='ocrx_word' id='word_1_390' title='bbox 1999 3931 2168 4005; x_wconf 92' lang='lat' dir='ltr'>quod</span> <span class='ocrx_word' id='word_1_391' title='bbox 2197 3947 2321 3988; x_wconf 91' lang='lat' dir='ltr'>non</span> <span class='ocrx_word' id='word_1_392' title='bbox 2351 3931 2665 4000; x_wconf 86' lang='lat' dir='ltr'>reveletur,</span> <span class='ocrx_word' id='word_1_393' title='bbox 2691 3935 2747 3987; x_wconf 87' lang='lat' dir='ltr'>et</span> <span class='ocrx_word' id='word_1_394' title='bbox 2771 3931 2935 3988; x_wconf 86' lang='lat' dir='ltr'>bona</span> <span class='ocrx_word' id='word_1_395' title='bbox 2965 3947 3152 4004; x_wconf 90' lang='lat' dir='ltr'>opera</span> <span class='ocrx_word' id='word_1_396' title='bbox 3176 3933 3500 3990; x_wconf 87' lang='lat' dir='ltr'>manifesta</span> <span class='ocrx_word' id='word_1_397' title='bbox 3535 3935 3654 3991; x_wconf 89' lang='lat' dir='ltr'>sint</span> 
     </span>
    </p>
   </div>
   <div class='ocr_carea' id='block_1_68' title="bbox 254 4009 1890 4083">
    <p class='ocr_par' dir='ltr' id='par_1_68' title="bbox 254 4009 1890 4083">
     <span class='ocr_line' id='line_1_70' title="bbox 254 4009 1890 4083; baseline 0.002 -21"><span class='ocrx_word' id='word_1_398' title='bbox 254 4016 356 4063; x_wconf 72' lang='grc' dir='ltr'>καὶ</span> <span class='ocrx_word' id='word_1_399' title='bbox 426 4015 500 4064; x_wconf 79' lang='grc' dir='ltr'>τὰ</span> <span class='ocrx_word' id='word_1_400' title='bbox 577 4011 738 4072; x_wconf 74' lang='grc' dir='ltr'>ἄλλως</span> <span class='ocrx_word' id='word_1_401' title='bbox 800 4014 998 4083; x_wconf 79' lang='grc' dir='ltr'>ἔχοντα</span> <span class='ocrx_word' id='word_1_402' title='bbox 1039 4010 1296 4083; x_wconf 85' lang='grc' dir='ltr'>κρυϐῆναι</span> <span class='ocrx_word' id='word_1_403' title='bbox 1349 4012 1408 4064; x_wconf 84' lang='grc' dir='ltr'>ού</span> <span class='ocrx_word' id='word_1_404' title='bbox 1472 4009 1712 4078; x_wconf 86' lang='grc' dir='ltr'>δύναται,</span> <span class='ocrx_word' id='word_1_405' title='bbox 1756 4016 1890 4066; x_wconf 75' lang='grc' dir='ltr'>κατά</span> 
     </span>
    </p>
   </div>
   <div class='ocr_carea' id='block_1_69' title="bbox 257 4101 1888 4176">
    <p class='ocr_par' dir='ltr' id='par_1_69' title="bbox 257 4101 1888 4176">
     <span class='ocr_line' id='line_1_71' title="bbox 257 4101 1888 4176; baseline 0.001 -24"><span class='ocrx_word' id='word_1_406' title='bbox 257 4105 359 4159; x_wconf 65' lang='grc' dir='ltr'>τήν</span> <span class='ocrx_word' id='word_1_407' title='bbox 395 4101 806 4173; x_wconf 73' lang='grc' dir='ltr'>ἀνεξιχνίαστον</span> <span class='ocrx_word' id='word_1_408' title='bbox 857 4109 960 4153; x_wconf 85' lang='grc' dir='ltr'>τῶν</span> <span class='ocrx_word' id='word_1_409' title='bbox 996 4107 1088 4154; x_wconf 82' lang='grc' dir='ltr'>τοῦ</span> <span class='ocrx_word' id='word_1_410' title='bbox 1136 4105 1264 4154; x_wconf 83' lang='grc' dir='ltr'>Θεοῦ</span> <span class='ocrx_word' id='word_1_411' title='bbox 1321 4120 1588 4176; x_wconf 86' lang='grc' dir='ltr'>κριματων</span> <span class='ocrx_word' id='word_1_412' title='bbox 1632 4101 1888 4173; x_wconf 76' lang='grc' dir='ltr'>ἄϐυσσον,</span> 
     </span>
    </p>
   </div>
   <div class='ocr_carea' id='block_1_70' title="bbox 262 4189 1892 4265">
    <p class='ocr_par' dir='ltr' id='par_1_70' title="bbox 262 4189 1892 4265">
     <span class='ocr_line' id='line_1_72' title="bbox 262 4189 1892 4265; baseline 0.002 -24"><span class='ocrx_word' id='word_1_413' title='bbox 262 4195 362 4243; x_wconf 77' lang='grc' dir='ltr'>καὶ</span> <span class='ocrx_word' id='word_1_414' title='bbox 417 4197 717 4265; x_wconf 83' lang='grc' dir='ltr'>Νεστόριος</span> <span class='ocrx_word' id='word_1_415' title='bbox 774 4190 936 4263; x_wconf 73' lang='grc' dir='ltr'>ψήφῳ</span> <span class='ocrx_word' id='word_1_416' title='bbox 981 4197 1082 4242; x_wconf 88' lang='grc' dir='ltr'>τῶν</span> <span class='ocrx_word' id='word_1_417' title='bbox 1125 4195 1245 4264; x_wconf 79' lang='grc' dir='ltr'>περὶ</span> <span class='ocrx_word' id='word_1_418' title='bbox 1274 4192 1341 4243; x_wconf 80' lang='grc' dir='ltr'>τὰ</span> <span class='ocrx_word' id='word_1_419' title='bbox 1384 4189 1632 4264; x_wconf 82' lang='grc' dir='ltr'>βασίλεια</span> <span class='ocrx_word' id='word_1_420' title='bbox 1654 4196 1746 4246; x_wconf 84' lang='grc' dir='ltr'>καὶ</span> <span class='ocrx_word' id='word_1_421' title='bbox 1771 4195 1892 4254; x_wconf 84' lang='grc' dir='ltr'>τοὺς</span> 
     </span>
    </p>
   </div>
   <div class='ocr_carea' id='block_1_71' title="bbox 269 4280 1894 4355">
    <p class='ocr_par' dir='ltr' id='par_1_71' title="bbox 269 4280 1894 4355">
     <span class='ocr_line' id='line_1_73' title="bbox 269 4280 1894 4355; baseline 0.001 -23"><span class='ocrx_word' id='word_1_422' title='bbox 269 4281 518 4354; x_wconf 76' lang='grc' dir='ltr'>θρόνους,</span> <span class='ocrx_word' id='word_1_423' title='bbox 586 4286 679 4332; x_wconf 83' lang='grc' dir='ltr'>καὶ</span> <span class='ocrx_word' id='word_1_424' title='bbox 744 4280 906 4333; x_wconf 69' lang='grc' dir='ltr'>αὐτοῦ</span> <span class='ocrx_word' id='word_1_425' title='bbox 963 4287 1254 4338; x_wconf 83' lang='grc' dir='ltr'>τηνικαῦτα</span> <span class='ocrx_word' id='word_1_426' title='bbox 1306 4287 1402 4343; x_wconf 83' lang='grc' dir='ltr'>τῆς</span> <span class='ocrx_word' id='word_1_427' title='bbox 1465 4281 1766 4355; x_wconf 80' lang='grc' dir='ltr'>οἰκουμένης</span> <span class='ocrx_word' id='word_1_428' title='bbox 1827 4283 1894 4334; x_wconf 76' lang='grc' dir='ltr'>τὰ</span> 
     </span>
    </p>
   </div>
   <div class='ocr_carea' id='block_1_72' title="bbox 999 4370 1893 4431">
    <p class='ocr_par' dir='ltr' id='par_1_72' title="bbox 999 4370 1893 4431">
     <span class='ocr_line' id='line_1_74' title="bbox 999 4370 1893 4431; baseline 0 -9"><span class='ocrx_word' id='word_1_429' title='bbox 999 4378 1091 4431; x_wconf 83' lang='grc' dir='ltr'>τῆς</span> <span class='ocrx_word' id='word_1_430' title='bbox 1149 4371 1287 4422; x_wconf 79' lang='grc' dir='ltr'>κατὰ</span> <span class='ocrx_word' id='word_1_431' title='bbox 1353 4370 1893 4424; x_wconf 80' lang='grc' dir='ltr'>Κωνσταντινούπολιν</span> 
     </span>
    </p>
   </div>
   <div class='ocr_carea' id='block_1_73' title="bbox 274 4456 1894 4537">
    <p class='ocr_par' dir='ltr' id='par_1_73' title="bbox 274 4456 1894 4537">
     <span class='ocr_line' id='line_1_75' title="bbox 274 4456 1894 4537; baseline 0.001 -25"><span class='ocrx_word' id='word_1_432' title='bbox 274 4469 376 4512; x_wconf 69' lang='grc' dir='ltr'>τῶν</span> <span class='ocrx_word' id='word_1_433' title='bbox 435 4456 735 4537; x_wconf 81' lang='grc' dir='ltr'>ὀρθοδόξων</span> <span class='ocrx_word' id='word_1_434' title='bbox 792 4458 1082 4522; x_wconf 78' lang='grc' dir='ltr'>καθολικῆς</span> <span class='ocrx_word' id='word_1_435' title='bbox 1143 4458 1455 4520; x_wconf 82' lang='grc' dir='ltr'>Ἐκκλησίας</span> <span class='ocrx_word' id='word_1_436' title='bbox 1510 4465 1604 4520; x_wconf 79' lang='grc' dir='ltr'>τήν</span> <span class='ocrx_word' id='word_1_437' title='bbox 1661 4480 1894 4534; x_wconf 85' lang='grc' dir='ltr'>προστα-</span> 
     </span>
    </p>
   </div>
   <div class='ocr_carea' id='block_1_74' title="bbox 285 4545 1893 4623">
    <p class='ocr_par' dir='ltr' id='par_1_74' title="bbox 285 4545 1893 4623">
     <span class='ocr_line' id='line_1_76' title="bbox 285 4545 1893 4623; baseline 0 -22"><span class='ocrx_word' id='word_1_438' title='bbox 285 4555 401 4602; x_wconf 67' lang='grc' dir='ltr'>σίαν</span> <span class='ocrx_word' id='word_1_439' title='bbox 455 4553 785 4618; x_wconf 79' lang='grc' dir='ltr'>πιστεύεται,</span> <span class='ocrx_word' id='word_1_440' title='bbox 838 4546 994 4602; x_wconf 79' lang='grc' dir='ltr'>ουδὲν</span> <span class='ocrx_word' id='word_1_441' title='bbox 1044 4545 1103 4601; x_wconf 69' lang='grc' dir='ltr'>δὲ</span> <span class='ocrx_word' id='word_1_442' title='bbox 1154 4549 1309 4622; x_wconf 69' lang='grc' dir='ltr'>ἦττον</span> <span class='ocrx_word' id='word_1_443' title='bbox 1339 4554 1430 4602; x_wconf 85' lang='grc' dir='ltr'>καὶ</span> <span class='ocrx_word' id='word_1_444' title='bbox 1469 4557 1560 4623; x_wconf 72' lang='grc' dir='ltr'>τῇς</span> <span class='ocrx_word' id='word_1_445' title='bbox 1589 4549 1893 4623; x_wconf 79' lang='grc' dir='ltr'>οἰκουμένης</span> 
     </span>
    </p>
   </div>
   <div class='ocr_carea' id='block_1_75' title="bbox 286 4636 1896 4710">
    <p class='ocr_par' dir='ltr' id='par_1_75' title="bbox 286 4636 1896 4710">
     <span class='ocr_line' id='line_1_77' title="bbox 286 4636 1896 4710; baseline 0 -18"><span class='ocrx_word' id='word_1_446' title='bbox 286 4638 511 4704; x_wconf 68' lang='grc' dir='ltr'>ἁπάσης.</span> <span class='ocrx_word' id='word_1_447' title='bbox 579 4640 668 4703; x_wconf 83' lang='grc' dir='ltr'>Ὡς</span> <span class='ocrx_word' id='word_1_448' title='bbox 725 4636 788 4692; x_wconf 71' lang='grc' dir='ltr'>δὲ</span> <span class='ocrx_word' id='word_1_449' title='bbox 846 4642 936 4691; x_wconf 85' lang='grc' dir='ltr'>τὸν</span> <span class='ocrx_word' id='word_1_450' title='bbox 1030 4641 1279 4710; x_wconf 75' lang='grc' dir='ltr'>μέγιστον</span> <span class='ocrx_word' id='word_1_451' title='bbox 1373 4636 1560 4692; x_wconf 85' lang='grc' dir='ltr'>ἐκεῖνον</span> <span class='ocrx_word' id='word_1_452' title='bbox 1647 4639 1896 4693; x_wconf 79' lang='grc' dir='ltr'>κατέλαϐε</span> 
     </span>
    </p>
   </div>
   <div class='ocr_carea' id='block_1_76' title="bbox 292 4724 1898 4804">
    <p class='ocr_par' dir='ltr' id='par_1_76' title="bbox 292 4724 1898 4804">
     <span class='ocr_line' id='line_1_78' title="bbox 292 4724 1898 4804; baseline 0 -24"><span class='ocrx_word' id='word_1_453' title='bbox 292 4729 479 4801; x_wconf 74' lang='grc' dir='ltr'>θρόνον,</span> <span class='ocrx_word' id='word_1_454' title='bbox 521 4733 762 4804; x_wconf 58' lang='grc' dir='ltr'>καθάπερ</span> <span class='ocrx_word' id='word_1_455' title='bbox 812 4731 933 4781; x_wconf 77' lang='grc' dir='ltr'>τινὰ</span> <span class='ocrx_word' id='word_1_456' title='bbox 983 4724 1272 4802; x_wconf 85' lang='grc' dir='ltr'>τυραννίδα</span> <span class='ocrx_word' id='word_1_457' title='bbox 1337 4735 1429 4788; x_wconf 84' lang='grc' dir='ltr'>τῆς</span> <span class='ocrx_word' id='word_1_458' title='bbox 1495 4727 1898 4803; x_wconf 79' lang='grc' dir='ltr'>ἀρχιερωσύνης</span> 
     </span>
    </p>
   </div>
   <div class='ocr_carea' id='block_1_77' title="bbox 291 4815 1896 4894">
    <p class='ocr_par' dir='ltr' id='par_1_77' title="bbox 291 4815 1896 4894">
     <span class='ocr_line' id='line_1_79' title="bbox 291 4815 1896 4894; baseline -0.004 -18"><span class='ocrx_word' id='word_1_459' title='bbox 291 4824 379 4876; x_wconf 63' lang='grc' dir='ltr'>τὴν</span> <span class='ocrx_word' id='word_1_460' title='bbox 407 4824 734 4894; x_wconf 83' lang='grc' dir='ltr'>προστασίαν</span> <span class='ocrx_word' id='word_1_461' title='bbox 763 4818 1039 4894; x_wconf 78' lang='grc' dir='ltr'>ἀρπάσας,</span> <span class='ocrx_word' id='word_1_462' title='bbox 1071 4815 1242 4869; x_wconf 80' lang='grc' dir='ltr'>οὐκέτι</span> <span class='ocrx_word' id='word_1_463' title='bbox 1267 4820 1509 4890; x_wconf 77' lang='grc' dir='ltr'>κατέχειν</span> <span class='ocrx_word' id='word_1_464' title='bbox 1539 4819 1588 4870; x_wconf 77' lang='grc' dir='ltr'>ἓν</span> <span class='ocrx_word' id='word_1_465' title='bbox 1609 4817 1772 4890; x_wconf 78' lang='grc' dir='ltr'>ἑαυτῷ</span> <span class='ocrx_word' id='word_1_466' title='bbox 1801 4822 1896 4876; x_wconf 78' lang='grc' dir='ltr'>τὴν</span> 
     </span>
    </p>
   </div>
   <div class='ocr_carea' id='block_1_78' title="bbox 295 4901 1899 4974">
    <p class='ocr_par' dir='ltr' id='par_1_78' title="bbox 295 4901 1899 4974">
     <span class='ocr_line' id='line_1_80' title="bbox 295 4901 1899 4974; baseline 0.001 -16"><span class='ocrx_word' id='word_1_467' title='bbox 295 4905 444 4963; x_wconf 67' lang='grc' dir='ltr'>ὧδίνα</span> <span class='ocrx_word' id='word_1_468' title='bbox 464 4921 555 4974; x_wconf 75' lang='grc' dir='ltr'>τῆς</span> <span class='ocrx_word' id='word_1_469' title='bbox 597 4909 858 4970; x_wconf 77' lang='grc' dir='ltr'>ἀσεϐείας</span> <span class='ocrx_word' id='word_1_470' title='bbox 910 4904 1019 4966; x_wconf 84' lang='grc' dir='ltr'>οἶός</span> <span class='ocrx_word' id='word_1_471' title='bbox 1057 4905 1104 4958; x_wconf 82' lang='grc' dir='ltr'>τ’</span> <span class='ocrx_word' id='word_1_472' title='bbox 1139 4901 1219 4974; x_wconf 78' lang='grc' dir='ltr'>ἧν,</span> <span class='ocrx_word' id='word_1_473' title='bbox 1253 4904 1360 4958; x_wconf 78' lang='grc' dir='ltr'>ἀλλ’</span> <span class='ocrx_word' id='word_1_474' title='bbox 1401 4903 1501 4959; x_wconf 80' lang='grc' dir='ltr'>ἀπὸ</span> <span class='ocrx_word' id='word_1_475' title='bbox 1533 4915 1628 4971; x_wconf 80' lang='grc' dir='ltr'>τῆς</span> <span class='ocrx_word' id='word_1_476' title='bbox 1655 4905 1899 4971; x_wconf 84' lang='grc' dir='ltr'>ἐξουσίας</span> 
     </span>
    </p>
   </div>
   <div class='ocr_carea' id='block_1_79' title="bbox 296 4992 1901 5076">
    <p class='ocr_par' dir='ltr' id='par_1_79' title="bbox 296 4992 1901 5076">
     <span class='ocr_line' id='line_1_81' title="bbox 296 4992 1901 5076; baseline 0.002 -29"><span class='ocrx_word' id='word_1_477' title='bbox 296 5001 572 5072; x_wconf 68' lang='grc' dir='ltr'>προσλαϐὼν</span> <span class='ocrx_word' id='word_1_478' title='bbox 598 5000 789 5076; x_wconf 78' lang='grc' dir='ltr'>ἀμαθῆ</span> <span class='ocrx_word' id='word_1_479' title='bbox 823 4992 1164 5071; x_wconf 73' lang='grc' dir='ltr'>παρρησίαν,</span> <span class='ocrx_word' id='word_1_480' title='bbox 1196 4994 1268 5057; x_wconf 82' lang='grc' dir='ltr'>εἰς</span> <span class='ocrx_word' id='word_1_481' title='bbox 1286 4997 1442 5068; x_wconf 87' lang='grc' dir='ltr'>μέσον</span> <span class='ocrx_word' id='word_1_482' title='bbox 1464 4997 1580 5069; x_wconf 71' lang='grc' dir='ltr'>ἄγει</span> <span class='ocrx_word' id='word_1_483' title='bbox 1609 5001 1700 5049; x_wconf 84' lang='grc' dir='ltr'>καὶ</span> <span class='ocrx_word' id='word_1_484' title='bbox 1720 5001 1901 5072; x_wconf 88' lang='grc' dir='ltr'>προτί·</span> 
     </span>
    </p>
   </div>
   <div class='ocr_carea' id='block_1_80' title="bbox 291 5082 1900 5161">
    <p class='ocr_par' dir='ltr' id='par_1_80' title="bbox 291 5082 1900 5161">
     <span class='ocr_line' id='line_1_82' title="bbox 291 5082 1900 5161; baseline 0.002 -25"><span class='ocrx_word' id='word_1_485' title='bbox 291 5089 420 5148; x_wconf 69' lang='grc' dir='ltr'>θπσο</span> <span class='ocrx_word' id='word_1_486' title='bbox 445 5095 664 5161; x_wconf 62' lang='grc' dir='ltr'>ἀπασιν,</span> <span class='ocrx_word' id='word_1_487' title='bbox 703 5089 770 5149; x_wconf 77' lang='grc' dir='ltr'>ἣν</span> <span class='ocrx_word' id='word_1_488' title='bbox 813 5085 991 5140; x_wconf 71' lang='grc' dir='ltr'>πάλαι</span> <span class='ocrx_word' id='word_1_489' title='bbox 1033 5082 1275 5136; x_wconf 83' lang='grc' dir='ltr'>συνέλαϐε</span> <span class='ocrx_word' id='word_1_490' title='bbox 1303 5087 1438 5138; x_wconf 80' lang='grc' dir='ltr'>κατὰ</span> <span class='ocrx_word' id='word_1_491' title='bbox 1461 5092 1553 5138; x_wconf 85' lang='grc' dir='ltr'>τοῦ</span> <span class='ocrx_word' id='word_1_492' title='bbox 1581 5091 1900 5158; x_wconf 71' lang='grc' dir='ltr'>Μονογενοῦς</span> 
     </span>
    </p>
   </div>
   <div class='ocr_carea' id='block_1_81' title="bbox 274 4367 910 4445">
    <p class='ocr_par' dir='ltr' id='par_1_81' title="bbox 274 4367 910 4445">
     <span class='ocr_line' id='line_1_83' title="bbox 274 4367 910 4445; baseline 0.002 -23"><span class='ocrx_word' id='word_1_493' title='bbox 274 4380 530 4445; x_wconf 72' lang='grc' dir='ltr'>σκῆπτρα</span> <span class='ocrx_word' id='word_1_494' title='bbox 620 4367 910 4435; x_wconf 85' lang='grc' dir='ltr'>διέποντος,</span> 
     </span>
    </p>
   </div>
   <div class='ocr_carea' id='block_1_82' title="bbox 2002 4019 3658 4093">
    <p class='ocr_par' dir='ltr' id='par_1_82' title="bbox 2002 4019 3658 4093">
     <span class='ocr_line' id='line_1_84' title="bbox 2002 4019 3658 4093; baseline 0.002 -17"><span class='ocrx_word' id='word_1_495' title='bbox 2002 4024 2059 4076; x_wconf 89' lang='lat' dir='ltr'>et</span> <span class='ocrx_word' id='word_1_496' title='bbox 2084 4019 2245 4076; x_wconf 85' lang='lat' dir='ltr'>mala</span> <span class='ocrx_word' id='word_1_497' title='bbox 2289 4025 2594 4092; x_wconf 88' lang='lat' dir='ltr'>nequeant</span> <span class='ocrx_word' id='word_1_498' title='bbox 2620 4020 2932 4088; x_wconf 88' lang='lat' dir='ltr'>occultari,</span> <span class='ocrx_word' id='word_1_499' title='bbox 2957 4020 3131 4090; x_wconf 81' lang='lat' dir='ltr'>juxta</span> <span class='ocrx_word' id='word_1_500' title='bbox 3173 4021 3658 4093; x_wconf 83' lang='lat' dir='ltr'>investigabilcm</span> 
     </span>
    </p>
   </div>
   <div class='ocr_carea' id='block_1_83' title="bbox 1996 4107 3656 4180">
    <p class='ocr_par' dir='ltr' id='par_1_83' title="bbox 1996 4107 3656 4180">
     <span class='ocr_line' id='line_1_85' title="bbox 1996 4107 3656 4180; baseline 0.002 -17"><span class='ocrx_word' id='word_1_501' title='bbox 1996 4107 2366 4180; x_wconf 87' lang='lat' dir='ltr'>judiciorum</span> <span class='ocrx_word' id='word_1_502' title='bbox 2408 4107 2510 4163; x_wconf 91' lang='lat' dir='ltr'>Dei</span> <span class='ocrx_word' id='word_1_503' title='bbox 2537 4107 2850 4180; x_wconf 87' lang='lat' dir='ltr'>abyssum,</span> <span class='ocrx_word' id='word_1_504' title='bbox 2878 4111 2936 4164; x_wconf 92' lang='lat' dir='ltr'>et</span> <span class='ocrx_word' id='word_1_505' title='bbox 2962 4108 3268 4166; x_wconf 88' lang='lat' dir='ltr'>Nestorius</span> <span class='ocrx_word' id='word_1_506' title='bbox 3297 4126 3508 4167; x_wconf 91' lang='lat' dir='ltr'>eorum</span> <span class='ocrx_word' id='word_1_507' title='bbox 3535 4110 3656 4167; x_wconf 80' lang='lat' dir='ltr'>suf-</span> 
     </span>
    </p>
   </div>
   <div class='ocr_carea' id='block_1_84' title="bbox 2000 4195 3661 4272">
    <p class='ocr_par' dir='ltr' id='par_1_84' title="bbox 2000 4195 3661 4272">
     <span class='ocr_line' id='line_1_86' title="bbox 2000 4195 3661 4272; baseline 0.001 -18"><span class='ocrx_word' id='word_1_508' title='bbox 2000 4197 2194 4267; x_wconf 86' lang='lat' dir='ltr'>fragio</span> <span class='ocrx_word' id='word_1_509' title='bbox 2219 4195 2325 4269; x_wconf 91' lang='lat' dir='ltr'>qui</span> <span class='ocrx_word' id='word_1_510' title='bbox 2343 4195 2522 4267; x_wconf 81' lang='lat' dir='ltr'>regiis</span> <span class='ocrx_word' id='word_1_511' title='bbox 2551 4199 2609 4252; x_wconf 90' lang='lat' dir='ltr'>et</span> <span class='ocrx_word' id='word_1_512' title='bbox 2637 4195 2867 4252; x_wconf 89' lang='lat' dir='ltr'>thronis</span> <span class='ocrx_word' id='word_1_513' title='bbox 2899 4196 3169 4254; x_wconf 89' lang='lat' dir='ltr'>assident</span> <span class='ocrx_word' id='word_1_514' title='bbox 3209 4202 3266 4255; x_wconf 93' lang='lat' dir='ltr'>et</span> <span class='ocrx_word' id='word_1_515' title='bbox 3307 4198 3497 4271; x_wconf 87' lang='lat' dir='ltr'>ipsius</span> <span class='ocrx_word' id='word_1_516' title='bbox 3554 4199 3661 4272; x_wconf 90' lang='lat' dir='ltr'>qui</span> 
     </span>
    </p>
   </div>
   <div class='ocr_carea' id='block_1_85' title="bbox 2002 4284 3656 4359">
    <p class='ocr_par' dir='ltr' id='par_1_85' title="bbox 2002 4284 3656 4359">
     <span class='ocr_line' id='line_1_87' title="bbox 2002 4284 3656 4359; baseline 0.001 -17"><span class='ocrx_word' id='word_1_517' title='bbox 2002 4289 2131 4342; x_wconf 90' lang='lat' dir='ltr'>tum</span> <span class='ocrx_word' id='word_1_518' title='bbox 2163 4284 2448 4357; x_wconf 90' lang='lat' dir='ltr'>temporis</span> <span class='ocrx_word' id='word_1_519' title='bbox 2477 4284 2646 4340; x_wconf 88' lang='lat' dir='ltr'>orbis</span> <span class='ocrx_word' id='word_1_520' title='bbox 2687 4284 2953 4341; x_wconf 87' lang='lat' dir='ltr'>universi</span> <span class='ocrx_word' id='word_1_521' title='bbox 2992 4290 3230 4359; x_wconf 86' lang='lat' dir='ltr'>sceptra</span> <span class='ocrx_word' id='word_1_522' title='bbox 3269 4287 3528 4355; x_wconf 89' lang='lat' dir='ltr'>tenebat,</span> <span class='ocrx_word' id='word_1_523' title='bbox 3562 4302 3656 4344; x_wconf 86' lang='lat' dir='ltr'>or-</span> 
     </span>
    </p>
   </div>
   <div class='ocr_carea' id='block_1_86' title="bbox 2000 4374 3654 4448">
    <p class='ocr_par' dir='ltr' id='par_1_86' title="bbox 2000 4374 3654 4448">
     <span class='ocr_line' id='line_1_88' title="bbox 2000 4374 3654 4448; baseline 0.001 -17"><span class='ocrx_word' id='word_1_524' title='bbox 2000 4374 2407 4432; x_wconf 82' lang='lat' dir='ltr'>thodoxorum</span> <span class='ocrx_word' id='word_1_525' title='bbox 2431 4374 2739 4431; x_wconf 66' lang='lat' dir='ltr'>catholicas</span> <span class='ocrx_word' id='word_1_526' title='bbox 2754 4375 3430 4448; x_wconf 68' lang='lat' dir='ltr'>Constantinopolitanae</span> <span class='ocrx_word' id='word_1_527' title='bbox 3459 4377 3654 4433; x_wconf 88' lang='lat' dir='ltr'>Eccle-</span> 
     </span>
    </p>
   </div>
   <div class='ocr_carea' id='block_1_87' title="bbox 2006 4462 3655 4536">
    <p class='ocr_par' dir='ltr' id='par_1_87' title="bbox 2006 4462 3655 4536">
     <span class='ocr_line' id='line_1_89' title="bbox 2006 4462 3655 4536; baseline 0.002 -16"><span class='ocrx_word' id='word_1_528' title='bbox 2006 4464 2111 4520; x_wconf 71' lang='lat' dir='ltr'>siae</span> <span class='ocrx_word' id='word_1_529' title='bbox 2135 4462 2478 4536; x_wconf 68' lang='lat' dir='ltr'>praeﬁcitur,</span> <span class='ocrx_word' id='word_1_530' title='bbox 2505 4479 2617 4521; x_wconf 93' lang='lat' dir='ltr'>nec</span> <span class='ocrx_word' id='word_1_531' title='bbox 2661 4463 2862 4521; x_wconf 89' lang='lat' dir='ltr'>minus</span> <span class='ocrx_word' id='word_1_532' title='bbox 2917 4479 3106 4536; x_wconf 87' lang='lat' dir='ltr'>quam</span> <span class='ocrx_word' id='word_1_533' title='bbox 3144 4465 3428 4523; x_wconf 84' lang='lat' dir='ltr'>universo</span> <span class='ocrx_word' id='word_1_534' title='bbox 3473 4469 3655 4523; x_wconf 89' lang='lat' dir='ltr'>terra-</span> 
     </span>
    </p>
   </div>
   <div class='ocr_carea' id='block_1_88' title="bbox 2003 4552 3659 4612">
    <p class='ocr_par' dir='ltr' id='par_1_88' title="bbox 2003 4552 3659 4612">
     <span class='ocr_line' id='line_1_90' title="bbox 2003 4552 3659 4612; baseline 0.001 -2"><span class='ocrx_word' id='word_1_535' title='bbox 2003 4569 2140 4610; x_wconf 90' lang='lat' dir='ltr'>rum</span> <span class='ocrx_word' id='word_1_536' title='bbox 2171 4553 2323 4610; x_wconf 92' lang='lat' dir='ltr'>orbi.</span> <span class='ocrx_word' id='word_1_537' title='bbox 2369 4552 2479 4609; x_wconf 89' lang='lat' dir='ltr'>Ubi</span> <span class='ocrx_word' id='word_1_538' title='bbox 2517 4556 2721 4610; x_wconf 89' lang='lat' dir='ltr'>autem</span> <span class='ocrx_word' id='word_1_539' title='bbox 2758 4552 2822 4608; x_wconf 90' lang='lat' dir='ltr'>in</span> <span class='ocrx_word' id='word_1_540' title='bbox 2869 4553 3206 4611; x_wconf 82' lang='lat' dir='ltr'>maximam</span> <span class='ocrx_word' id='word_1_541' title='bbox 3235 4554 3402 4611; x_wconf 87' lang='lat' dir='ltr'>illam</span> <span class='ocrx_word' id='word_1_542' title='bbox 3451 4555 3659 4612; x_wconf 91' lang='lat' dir='ltr'>sedem</span> 
     </span>
    </p>
   </div>
   <div class='ocr_carea' id='block_1_89' title="bbox 2004 4641 3656 4717">
    <p class='ocr_par' dir='ltr' id='par_1_89' title="bbox 2004 4641 3656 4717">
     <span class='ocr_line' id='line_1_91' title="bbox 2004 4641 3656 4717; baseline 0.001 -18"><span class='ocrx_word' id='word_1_543' title='bbox 2004 4641 2280 4700; x_wconf 87' lang='lat' dir='ltr'>ascendit</span> <span class='ocrx_word' id='word_1_544' title='bbox 2297 4641 2618 4716; x_wconf 90' lang='lat' dir='ltr'>rapuitque</span> <span class='ocrx_word' id='word_1_545' title='bbox 2645 4641 3097 4714; x_wconf 62' lang='lat' dir='ltr'>prasidentiam</span> <span class='ocrx_word' id='word_1_546' title='bbox 3127 4647 3422 4716; x_wconf 88' lang='lat' dir='ltr'>tanquam</span> <span class='ocrx_word' id='word_1_547' title='bbox 3449 4649 3656 4717; x_wconf 88' lang='lat' dir='ltr'>tyran-</span> 
     </span>
    </p>
   </div>
   <div class='ocr_carea' id='block_1_90' title="bbox 2004 4729 3663 4803">
    <p class='ocr_par' dir='ltr' id='par_1_90' title="bbox 2004 4729 3663 4803">
     <span class='ocr_line' id='line_1_92' title="bbox 2004 4729 3663 4803; baseline 0.002 -17"><span class='ocrx_word' id='word_1_548' title='bbox 2004 4729 2212 4787; x_wconf 90' lang='lat' dir='ltr'>nidem</span> <span class='ocrx_word' id='word_1_549' title='bbox 2241 4729 2576 4802; x_wconf 88' lang='lat' dir='ltr'>quamdam</span> <span class='ocrx_word' id='word_1_550' title='bbox 2597 4730 3006 4803; x_wconf 87' lang='lat' dir='ltr'>episcopatus,</span> <span class='ocrx_word' id='word_1_551' title='bbox 3027 4746 3150 4787; x_wconf 91' lang='lat' dir='ltr'>non</span> <span class='ocrx_word' id='word_1_552' title='bbox 3166 4731 3299 4803; x_wconf 87' lang='lat' dir='ltr'>jam</span> <span class='ocrx_word' id='word_1_553' title='bbox 3324 4734 3387 4788; x_wconf 91' lang='lat' dir='ltr'>in</span> <span class='ocrx_word' id='word_1_554' title='bbox 3415 4748 3479 4788; x_wconf 88' lang='lat' dir='ltr'>se</span> <span class='ocrx_word' id='word_1_555' title='bbox 3502 4733 3663 4790; x_wconf 89' lang='lat' dir='ltr'>cohi-</span> 
     </span>
    </p>
   </div>
   <div class='ocr_carea' id='block_1_91' title="bbox 2004 4818 3664 4894">
    <p class='ocr_par' dir='ltr' id='par_1_91' title="bbox 2004 4818 3664 4894">
     <span class='ocr_line' id='line_1_93' title="bbox 2004 4818 3664 4894; baseline 0.002 -17"><span class='ocrx_word' id='word_1_556' title='bbox 2004 4820 2148 4878; x_wconf 91' lang='lat' dir='ltr'>bere</span> <span class='ocrx_word' id='word_1_557' title='bbox 2181 4818 2368 4876; x_wconf 88' lang='lat' dir='ltr'>valuit</span> <span class='ocrx_word' id='word_1_558' title='bbox 2394 4819 2718 4893; x_wconf 90' lang='lat' dir='ltr'>impietatis</span> <span class='ocrx_word' id='word_1_559' title='bbox 2739 4824 3004 4894; x_wconf 90' lang='lat' dir='ltr'>partum,</span> <span class='ocrx_word' id='word_1_560' title='bbox 3033 4821 3139 4876; x_wconf 92' lang='lat' dir='ltr'>sed</span> <span class='ocrx_word' id='word_1_561' title='bbox 3161 4837 3236 4879; x_wconf 84' lang='lat' dir='ltr'>ex</span> <span class='ocrx_word' id='word_1_562' title='bbox 3265 4837 3377 4878; x_wconf 91' lang='lat' dir='ltr'>sua</span> <span class='ocrx_word' id='word_1_563' title='bbox 3394 4823 3664 4894; x_wconf 88' lang='lat' dir='ltr'>potentia</span> 
     </span>
    </p>
   </div>
   <div class='ocr_carea' id='block_1_92' title="bbox 2005 4908 3663 4981">
    <p class='ocr_par' dir='ltr' id='par_1_92' title="bbox 2005 4908 3663 4981">
     <span class='ocr_line' id='line_1_94' title="bbox 2005 4908 3663 4981; baseline 0.002 -17"><span class='ocrx_word' id='word_1_564' title='bbox 2005 4908 2344 4965; x_wconf 88' lang='lat' dir='ltr'>inauditam</span> <span class='ocrx_word' id='word_1_565' title='bbox 2374 4908 2723 4981; x_wconf 89' lang='lat' dir='ltr'>concipiens</span> <span class='ocrx_word' id='word_1_566' title='bbox 2751 4908 3097 4978; x_wconf 86' lang='lat' dir='ltr'>audaciam,</span> <span class='ocrx_word' id='word_1_567' title='bbox 3129 4910 3191 4966; x_wconf 92' lang='lat' dir='ltr'>in</span> <span class='ocrx_word' id='word_1_568' title='bbox 3239 4911 3511 4968; x_wconf 89' lang='lat' dir='ltr'>medium</span> <span class='ocrx_word' id='word_1_569' title='bbox 3555 4912 3663 4968; x_wconf 91' lang='lat' dir='ltr'>ad-</span> 
     </span>
    </p>
   </div>
   <div class='ocr_carea' id='block_1_93' title="bbox 2006 4996 3664 5072">
    <p class='ocr_par' dir='ltr' id='par_1_93' title="bbox 2006 4996 3664 5072">
     <span class='ocr_line' id='line_1_95' title="bbox 2006 4996 3664 5072; baseline 0.001 -18"><span class='ocrx_word' id='word_1_570' title='bbox 2006 4997 2174 5054; x_wconf 92' lang='lat' dir='ltr'>ducit</span> <span class='ocrx_word' id='word_1_571' title='bbox 2192 4996 2550 5070; x_wconf 71' lang='lat' dir='ltr'>praafertque</span> <span class='ocrx_word' id='word_1_572' title='bbox 2573 4997 2804 5054; x_wconf 89' lang='lat' dir='ltr'>cunctis</span> <span class='ocrx_word' id='word_1_573' title='bbox 2827 5013 3015 5070; x_wconf 88' lang='lat' dir='ltr'>quam</span> <span class='ocrx_word' id='word_1_574' title='bbox 3032 4998 3164 5070; x_wconf 88' lang='lat' dir='ltr'>jam</span> <span class='ocrx_word' id='word_1_575' title='bbox 3191 4998 3664 5072; x_wconf 65' lang='lat' dir='ltr'>dudum-imagi-</span> 
     </span>
    </p>
   </div>
   <div class='ocr_carea' id='block_1_94' title="bbox 2008 5086 3665 5160">
    <p class='ocr_par' dir='ltr' id='par_1_94' title="bbox 2008 5086 3665 5160">
     <span class='ocr_line' id='line_1_96' title="bbox 2008 5086 3665 5160; baseline 0.001 -16"><span class='ocrx_word' id='word_1_576' title='bbox 2008 5091 2188 5144; x_wconf 87' lang='lat' dir='ltr'>natus</span> <span class='ocrx_word' id='word_1_577' title='bbox 2213 5087 2452 5144; x_wconf 88' lang='lat' dir='ltr'>essetin</span> <span class='ocrx_word' id='word_1_578' title='bbox 2473 5087 2852 5158; x_wconf 87' lang='lat' dir='ltr'>unigenitum</span> <span class='ocrx_word' id='word_1_579' title='bbox 2867 5086 3334 5160; x_wconf 88' lang='lat' dir='ltr'>blasphemiam,</span> <span class='ocrx_word' id='word_1_580' title='bbox 3352 5093 3409 5146; x_wconf 93' lang='lat' dir='ltr'>et</span> <span class='ocrx_word' id='word_1_581' title='bbox 3434 5088 3665 5146; x_wconf 92' lang='lat' dir='ltr'>bellum</span> 
     </span>
    </p>
   </div>
   <div class='ocr_carea' id='block_1_95' title="bbox 277 5173 1883 5262">
    <p class='ocr_par' dir='ltr' id='par_1_95' title="bbox 277 5173 1883 5262">
     <span class='ocr_line' id='line_1_97' title="bbox 277 5173 1883 5262; baseline -0.006 -27"><span class='ocrx_word' id='word_1_582' title='bbox 277 5179 619 5262; x_wconf 60' lang='grc' dir='ltr'>βλασρημίαν,</span> <span class='ocrx_word' id='word_1_583' title='bbox 655 5185 758 5236; x_wconf 76' lang='grc' dir='ltr'>καὶ</span> <span class='ocrx_word' id='word_1_584' title='bbox 785 5175 1031 5246; x_wconf 85' lang='grc' dir='ltr'>πόλεμον</span> <span class='ocrx_word' id='word_1_585' title='bbox 1062 5173 1303 5249; x_wconf 74' lang='grc' dir='ltr'>ἄντικρυς</span> <span class='ocrx_word' id='word_1_586' title='bbox 1332 5176 1468 5228; x_wconf 80' lang='grc' dir='ltr'>κατὰ</span> <span class='ocrx_word' id='word_1_587' title='bbox 1490 5183 1591 5227; x_wconf 89' lang='grc' dir='ltr'>τῶν</span> <span class='ocrx_word' id='word_1_588' title='bbox 1623 5173 1883 5229; x_wconf 71' lang='grc' dir='ltr'>ἀποστολιι</span> 
     </span>
    </p>
   </div>
   <div class='ocr_carea' id='block_1_96' title="bbox 1996 5173 3666 5262">
    <p class='ocr_par' dir='ltr' id='par_1_96' title="bbox 2009 5174 3666 5250">
     <span class='ocr_line' id='line_1_98' title="bbox 2009 5174 3666 5250; baseline 0 -17"><span class='ocrx_word' id='word_1_589' title='bbox 2009 5175 2214 5250; x_wconf 86' lang='lat' dir='ltr'>palam</span> <span class='ocrx_word' id='word_1_590' title='bbox 2258 5175 2550 5233; x_wconf 83' lang='lat' dir='ltr'>adversus</span> <span class='ocrx_word' id='word_1_591' title='bbox 2596 5174 2928 5248; x_wconf 87' lang='lat' dir='ltr'>apostolica</span> <span class='ocrx_word' id='word_1_592' title='bbox 2952 5175 3244 5248; x_wconf 83' lang='lat' dir='ltr'>dogmata</span> <span class='ocrx_word' id='word_1_593' title='bbox 3274 5177 3521 5234; x_wconf 88' lang='lat' dir='ltr'>suscitat</span> <span class='ocrx_word' id='word_1_594' title='bbox 3548 5195 3566 5247; x_wconf 86' lang='lat'>;</span> <span class='ocrx_word' id='word_1_595' title='bbox 3608 5179 3666 5233; x_wconf 91' lang='lat' dir='ltr'>et</span> 
     </span>
    </p>
   </div>
   <div class='ocr_carea' id='block_1_97' title="bbox 261 5261 1900 5345">
    <p class='ocr_par' dir='ltr' id='par_1_97' title="bbox 261 5261 1900 5345">
     <span class='ocr_line' id='line_1_99' title="bbox 261 5261 1900 5345; baseline -0.013 -8"><span class='ocrx_word' id='word_1_596' title='bbox 261 5284 349 5331; x_wconf 63' lang='grc' dir='ltr'>ἰὼ</span> <span class='ocrx_word' id='word_1_597' title='bbox 380 5261 607 5335; x_wconf 72' lang='grc' dir='ltr'>αἱρεῖται</span> <span class='ocrx_word' id='word_1_598' title='bbox 655 5269 1013 5345; x_wconf 69' lang='grc' dir='ltr'>δογματωνο</span> <span class='ocrx_word' id='word_1_599' title='bbox 1061 5266 1150 5314; x_wconf 83' lang='grc' dir='ltr'>καὶ</span> <span class='ocrx_word' id='word_1_600' title='bbox 1179 5269 1278 5313; x_wconf 87' lang='grc' dir='ltr'>τῶν</span> <span class='ocrx_word' id='word_1_601' title='bbox 1326 5262 1485 5336; x_wconf 66' lang='grc' dir='ltr'>ἁγίων</span> <span class='ocrx_word' id='word_1_602' title='bbox 1516 5267 1779 5338; x_wconf 86' lang='grc' dir='ltr'>Πατίρων,</span> <span class='ocrx_word' id='word_1_603' title='bbox 1813 5261 1900 5337; x_wconf 73' lang='grc' dir='ltr'>ἀφ’</span> 
     </span>
    </p>
   </div>
   <div class='ocr_carea' id='block_1_98' title="bbox 425 5336 437 5358">
    <p class='ocr_par' dir='ltr' id='par_1_98' title="bbox 425 5336 437 5358">
     <span class='ocr_line' id='line_1_100' title="bbox 425 5336 437 5358; baseline 0 0"><span class='ocrx_word' id='word_1_604' title='bbox 425 5336 437 5358; x_wconf 69' lang='grc' dir='ltr'>δ</span> 
     </span>
    </p>
   </div>
   <div class='ocr_carea' id='block_1_99' title="bbox 243 5349 1903 5448">
    <p class='ocr_par' dir='ltr' id='par_1_99' title="bbox 243 5349 1903 5448">
     <span class='ocr_line' id='line_1_101' title="bbox 243 5349 1903 5448; baseline -0.014 -21"><span class='ocrx_word' id='word_1_605' title='bbox 243 5373 301 5426; x_wconf 66' lang='grc' dir='ltr'>εὖ</span> <span class='ocrx_word' id='word_1_606' title='bbox 319 5349 627 5448; x_wconf 56' lang='grc' dir='ltr'>κατηγγΰη</span> <span class='ocrx_word' id='word_1_607' title='bbox 676 5366 743 5420; x_wconf 82' lang='grc' dir='ltr'>τό</span> <span class='ocrx_word' id='word_1_608' title='bbox 791 5349 1141 5425; x_wconf 66' lang='grc' dir='ltr'>Εὐαγγελιον</span> <span class='ocrx_word' id='word_1_609' title='bbox 1169 5357 1260 5414; x_wconf 79' lang='grc' dir='ltr'>τῆς</span> <span class='ocrx_word' id='word_1_610' title='bbox 1290 5360 1389 5405; x_wconf 80' lang='grc' dir='ltr'>τῶν</span> <span class='ocrx_word' id='word_1_611' title='bbox 1416 5350 1708 5427; x_wconf 81' lang='grc' dir='ltr'>ὁρθοδὸξων</span> <span class='ocrx_word' id='word_1_612' title='bbox 1738 5354 1903 5411; x_wconf 85' lang='grc' dir='ltr'>καθη-</span> 
     </span>
    </p>
   </div>
   <div class='ocr_carea' id='block_1_100' title="bbox 225 5437 1900 5543">
    <p class='ocr_par' dir='ltr' id='par_1_100' title="bbox 225 5437 1900 5543">
     <span class='ocr_line' id='line_1_102' title="bbox 225 5437 1900 5543; baseline 0 -46"><span class='ocrx_word' id='word_1_613' title='bbox 225 5437 528 5543; x_wconf 42' lang='lat' dir='ltr'>“nm-VL;</span> <span class='ocrx_word' id='word_1_614' title='bbox 570 5464 872 5520; x_wconf 71' lang='grc' dir='ltr'>πίστεως,</span> <span class='ocrx_word' id='word_1_615' title='bbox 930 5437 1199 5495; x_wconf 71' lang='grc' dir='ltr'>έκϐαλλειν</span> <span class='ocrx_word' id='word_1_616' title='bbox 1241 5447 1483 5519; x_wconf 84' lang='grc' dir='ltr'>πειρᾶται</span> <span class='ocrx_word' id='word_1_617' title='bbox 1524 5446 1649 5510; x_wconf 81' lang='grc' dir='ltr'>τοὺς</span> <span class='ocrx_word' id='word_1_618' title='bbox 1689 5441 1900 5518; x_wconf 71' lang='grc' dir='ltr'>λόγους,</span> 
     </span>
    </p>
   </div>
   <div class='ocr_carea' id='block_1_101' title="bbox 2011 5265 3666 5337">
    <p class='ocr_par' dir='ltr' id='par_1_101' title="bbox 2011 5265 3666 5337">
     <span class='ocr_line' id='line_1_103' title="bbox 2011 5265 3666 5337; baseline -0.001 -16"><span class='ocrx_word' id='word_1_619' title='bbox 2011 5268 2356 5323; x_wconf 88' lang='lat' dir='ltr'>sanctorum</span> <span class='ocrx_word' id='word_1_620' title='bbox 2383 5265 2652 5333; x_wconf 89' lang='lat' dir='ltr'>Patrum,</span> <span class='ocrx_word' id='word_1_621' title='bbox 2674 5279 2746 5320; x_wconf 83' lang='lat' dir='ltr'>ex</span> <span class='ocrx_word' id='word_1_622' title='bbox 2774 5280 2898 5337; x_wconf 91' lang='lat' dir='ltr'>quo</span> <span class='ocrx_word' id='word_1_623' title='bbox 2925 5265 3349 5322; x_wconf 89' lang='lat' dir='ltr'>annuntiatum</span> <span class='ocrx_word' id='word_1_624' title='bbox 3369 5271 3459 5322; x_wconf 89' lang='lat' dir='ltr'>est</span> <span class='ocrx_word' id='word_1_625' title='bbox 3483 5267 3666 5320; x_wconf 89' lang='lat' dir='ltr'>Evan-</span> 
     </span>
    </p>
   </div>
   <div class='ocr_carea' id='block_1_102' title="bbox 2010 5353 3662 5429">
    <p class='ocr_par' dir='ltr' id='par_1_102' title="bbox 2010 5353 3662 5429">
     <span class='ocr_line' id='line_1_104' title="bbox 2010 5353 3662 5429; baseline -0.004 -16"><span class='ocrx_word' id='word_1_626' title='bbox 2010 5355 2233 5429; x_wconf 87' lang='lat' dir='ltr'>gelium</span> <span class='ocrx_word' id='word_1_627' title='bbox 2255 5353 2736 5412; x_wconf 83' lang='lat' dir='ltr'>orthodoxorum</span> <span class='ocrx_word' id='word_1_628' title='bbox 2751 5353 2979 5411; x_wconf 90' lang='lat' dir='ltr'>ducum</span> <span class='ocrx_word' id='word_1_629' title='bbox 3005 5354 3468 5427; x_wconf 84' lang='lat' dir='ltr'>ﬁdei,expellere</span> <span class='ocrx_word' id='word_1_630' title='bbox 3486 5366 3662 5408; x_wconf 86' lang='lat' dir='ltr'>cona-</span> 
     </span>
    </p>
   </div>
   <div class='ocr_carea' id='block_1_103' title="bbox 2009 5437 3664 5518">
    <p class='ocr_par' dir='ltr' id='par_1_103' title="bbox 2009 5437 3664 5518">
     <span class='ocr_line' id='line_1_105' title="bbox 2009 5437 3664 5518; baseline -0.008 -13"><span class='ocrx_word' id='word_1_631' title='bbox 2009 5447 2108 5505; x_wconf 85' lang='lat' dir='ltr'>tur</span> <span class='ocrx_word' id='word_1_632' title='bbox 2143 5459 2339 5516; x_wconf 82' lang='lat' dir='ltr'>voces,</span> <span class='ocrx_word' id='word_1_633' title='bbox 2366 5442 2620 5504; x_wconf 85' lang='lat' dir='ltr'>turbans</span> <span class='ocrx_word' id='word_1_634' title='bbox 2643 5441 2894 5518; x_wconf 87' lang='lat' dir='ltr'>quidem</span> <span class='ocrx_word' id='word_1_635' title='bbox 2939 5442 3121 5515; x_wconf 80' lang='lat' dir='ltr'>regiae</span> <span class='ocrx_word' id='word_1_636' title='bbox 3169 5442 3425 5501; x_wconf 82' lang='lat' dir='ltr'>civitatis</span> <span class='ocrx_word' id='word_1_637' title='bbox 3467 5437 3664 5496; x_wconf 86' lang='lat' dir='ltr'>Eccle-</span> 
     </span>
    </p>
   </div>
  </div>
