4106 6296
523 219 594 274 35
1865 202 2131 259 meum
2171 197 2550 258 CHONIATJE
3811 203 3878 257 36

525 353 698 405 siam,
727 337 974 393 turbans
998 338 1056 390 et
1074 333 1285 390 orbem
1323 331 1694 388 universum.
1727 331 1928 399 Neque
1961 342 1997 381 a
2026 323 2172 380 divi-

2300 326 2551 398 ταράττων
2605 325 2695 396 μεν
2733 329 2828 384 τῆς
2865 317 3139 382 Βασιλίδος
3175 319 3371 384 πόλεως
3406 324 3499 380 τὴν
3548 322 3880 395 Ἐκκλησίαν,

523 444 604 484 no
629 425 813 484 Paulo
845 425 1145 481 clamante
1167 437 1533 478 conversus:
1570 420 1684 488 Qui
1714 434 1810 475 vos
1837 416 2062 477 turbat,
2083 416 2176 486 ju-

524 517 750 573 dicium
792 515 970 584 feret,
1003 514 1341 584 quicunque
1362 511 1439 566 sit
1467 523 1490 581 ,'
1520 507 1626 564 sed
1671 522 1852 579 super
1899 503 2178 560 candela-

525 605 706 662 brum
727 604 942 660 divinae
970 603 1395 675 episcoporum
1425 598 1723 654 cathedras
1765 612 1889 652 non
1915 593 2176 652 veritatis

523 695 754 759 lumen,
787 693 893 751 sed
922 691 1245 764 impietatis
1274 687 1552 746 tenebras
1582 687 1771 761 ponit.

603 965 654 1018 3.
679 961 765 1018 Fit
795 964 997 1018 autem
1027 958 1105 1015 illi
1153 958 1416 1031 primum
1443 955 1848 1014 innovationis
1875 957 2180 1010 tentamen

538 1065 664 1108 non
711 1053 987 1122 oportere
1036 1047 1482 1103 sanctissimam
1530 1045 1830 1115 Virginem
1861 1042 1962 1098 Dei
2008 1040 2183 1098 Verbi

532 1139 869 1198 secundum
899 1151 1145 1193 carnem
1177 1141 1435 1192 matrem
1469 1135 1570 1190 Dei
1601 1138 1857 1190 matrem
1888 1129 2181 1198 conﬁteri,

531 1229 638 1286 sed
681 1232 912 1284 tantum
951 1225 1180 1295 Christi,
1223 1225 1370 1280 dum
1411 1228 1620 1280 contra
1665 1220 2048 1278 vetustissimi
2085 1222 2182 1275 Ec-

529 1316 725 1373 clesiae
755 1331 1092 1388 praecones,
1125 1313 1461 1370 secundum
1493 1311 1890 1383 apostolicam
1916 1309 2184 1365 traditio-

528 1423 692 1472 nem,
723 1405 825 1460 Dei
856 1408 1102 1461 Matrem
1133 1419 1265 1460 eam
1285 1401 1724 1459 nominandam
1746 1416 1876 1456 esse
1905 1399 2189 1456 docerent

2284 416 2551 485 ταράττων
2584 409 2644 464 δε
2673 417 2763 464 καὶ
2801 416 2894 470 τὴν
2915 411 3218 483 οἰκουμένην
3239 411 3471 464 ἅπασανο
3497 409 3621 466 οῦδὲ
3655 418 3746 466 τοῦ
3769 417 3885 468 θεσ-

2284 505 2471 554 πεσίου
2552 500 2758 554 Παύλου
2827 505 3141 573 κεκραγότος
3205 502 3650 575 ἐπιστρεφόμενος.
3708 503 3766 556 Ὀ
3825 501 3886 557 δὲ

2286 592 2569 664 ταράσσων
2631 591 2765 663 ὑμᾶς
2823 588 3087 662 βαστάσει
3146 592 3206 642 τό
3263 598 3445 663 κρῖμα,
3505 593 3646 654 ὅστις
3702 611 3763 645 αν

2286 675 2392 729 ἀλλ’
2434 677 2519 730 ἐπὶ
2543 683 2636 736 τὴν
2660 678 2880 752 λυχνίαν
2917 687 3007 731 τοῦ
3041 680 3176 732 θείου
3206 687 3305 732 τῶν
3338 678 3620 755 ἀρχιερέων
3651 680 3886 755 βήματος

2287 766 2346 817 ού
2383 770 2471 818 τόν
2518 766 2712 839 λύχνον
2767 776 2862 829 τῆς
2919 767 3182 836 άληθείας,
3217 766 3346 820 ἀλλά
3383 769 3536 842 ζόφον
3576 772 3759 829 τίθησι
3797 781 3890 834 τῆς

2289 853 2549 918 ἀσεϐείας.

2358 945 2432 1016 γ’.
2510 951 2709 999 Γίνεται
2787 942 2847 999 δὲ
2912 946 3053 1017 αύτῷ
3127 954 3327 1020 πρῶτον
3401 955 3498 1011 τῆς
3556 955 3894 1024 καινοτομίας

2291 1031 2586 1107 ἐγχείρημα
2634 1038 2692 1088 τό
2747 1040 2819 1108 μὴ
2869 1032 2977 1088 δεῖν
3015 1039 3110 1094 τὴν
3150 1035 3304 1107 ἁγίαν
3345 1038 3602 1110 Παρθένον
3647 1044 3742 1098 την
3800 1047 3895 1093 τοῦ

2293 1129 2427 1174 Θεοῦ
2468 1127 2641 1194 Λόγου
2703 1126 2840 1176 κατά
2900 1126 3073 1199 σάρκα
3135 1128 3338 1198 μητέρα
3388 1131 3640 1179 Θεοτόκον
3702 1129 3895 1200 ὁμολο-

2290 1218 2399 1282 γεῖν
2438 1218 2795 1286 Χριστοτόκον
2845 1210 2903 1266 δὲ
2969 1218 3142 1286 μόνον,
3184 1223 3284 1266 τῶν
3322 1214 3484 1267 πάλαι
3520 1221 3610 1269 καὶ
3646 1226 3746 1270 τῶν
3793 1238 3898 1294 προ

2292 1299 2450 1352 παλαι
2504 1309 2596 1362 τῆς
2639 1302 2946 1364 Ἐκκλησίας
3003 1306 3263 1378 κηρύκων,
3314 1307 3448 1356 κατὰ
3495 1311 3588 1364 τὴν
3664 1305 3898 1361 ἀποστο-

2293 1387 2444 1447 λικὴν
2473 1387 2793 1463 παράδοσιν,
2835 1396 3086 1444 Θεοτόκον
3128 1389 3454 1456 δοξαζόντων
3498 1393 3767 1468 ὀνομάζειν
3806 1403 3901 1450 καὶ

543 1499 598 1552 et
629 1493 866 1550 Domini
905 1496 1148 1550 Matrem
1179 1490 1570 1548 credendam.
1608 1491 1731 1560 Age
1761 1504 1922 1556 vero,
1954 1493 2011 1544 et
2035 1488 2190 1544 blas-

2300 1497 2559 1532 πιστευειν
2603 1484 2695 1538 τὴν
2735 1488 2826 1532 τοῦ
2882 1486 3075 1556 Κυρίου
3133 1486 3368 1554 Μητέρα.
3415 1487 3535 1559 Φέρε
3589 1505 3680 1557 μοι
3717 1485 3900 1540 λοιπὸν

537 1583 827 1655 phemam
858 1582 1016 1636 hanc
1053 1579 1378 1636 verborum
1412 1584 1600 1636 artem
1640 1577 1865 1636 nemini
1898 1578 2065 1650 prius
2085 1593 2188 1634 no-

2300 1571 2386 1618 καὶ
2442 1572 2536 1626 τὴν
2591 1567 2903 1642 βλάσφημον
2962 1569 3300 1642 τεχνολογίαν
3354 1577 3754 1648 παρατηρησον,
3803 1575 3901 1628 ού·-

531 1651 656 1729 tam
688 1671 969 1751 observa:
1003 1692 1030 1719 «
1056 1669 1270 1725 Christi
1299 1669 1640 1740 appellatio,
1674 1667 1888 1740 inquit,
1910 1667 2062 1724 duas
2085 1682 2191 1724 na-

2300 1651 2409 1708 δενὶ
2458 1661 2703 1732 πρότερον
2760 1657 3101 1731 ἐγνωσμένην.
3156 1658 3213 1713 Ἡ
3261 1668 3351 1713 τοῦ
3407 1669 3641 1738 Χριστοῦ
3695 1683 3905 1738 προση-

533 1765 698 1817 turas
747 1744 1068 1829 signiﬁcat,
1112 1759 1407 1830 Unigeniti
1445 1773 1665 1831 nempe
1713 1758 2084 1816 divinitatem
2133 1762 2192 1815 et

2300 1749 2469 1820 γορία,
2528 1751 2678 1818 φησὶ,
2728 1756 2825 1800 τῶν
2891 1744 2986 1800 δύο
3055 1751 3256 1820 φύσεων
3322 1757 3640 1824 σημαντικὴ,
3693 1762 3787 1815 τῆς
3846 1773 3907 1808 τε

533 1849 976 1905 humanitatem
1002 1867 1014 1918 ;
1048 1849 1163 1904 Dei
1187 1853 1387 1904 autem
1411 1849 1681 1918 sejuncta
1705 1863 1823 1903 vox
1852 1847 2190 1920 simplicem

2301 1835 2542 1897 θεότητος
2607 1843 2698 1888 τοῦ
2768 1843 3085 1908 Μονογενοῦς
3153 1843 3242 1891 καὶ
3315 1847 3410 1901 τῆς
3478 1839 3902 1915 ἀνθρωπότητος”

535 1943 594 1995 et
627 1937 1072 2010 incorporalem
1106 1937 1205 1993 Dei
1248 1936 1423 1994 Verbi
1471 1936 1870 1993 substantiam
1919 1919 2188 2009 prabet;

2300 1925 2331 1982 ἠ
2374 1919 2433 1976 δέ
2470 1931 2560 1976 τοῦ
2619 1932 2752 1978 Θεοῦ
2806 1924 3076 1989 ἀπολύτως
3121 1925 3367 2000 λεγομένη
3433 1934 3570 2002 φωνὴ
3612 1935 3703 1990 τὴν
3734 1931 3907 1992 ἁπλῆν

533 2043 656 2084 vox
685 2033 887 2084 autem
919 2027 1091 2084 homo
1123 2026 1315 2083 solam
1363 2027 1697 2082 humanam
1736 2025 1997 2083 ostendit
2015 2030 2190 2082 natu-

2300 2016 2390 2064 καὶ
2457 2011 2734 2086 ἀσώματον
2796 2023 2888 2067 τοῦ
2941 2023 3075 2068 Θεοῦ
3123 2021 3298 2089 Λόγου
3337 2022 3662 2094 παρίστησιν
3695 2021 3904 2074 ούσίοιν·

534 2132 668 2173 ram
702 2134 714 2171 :
744 2116 881 2172 ideo
911 2115 1128 2172 Christi
1170 2115 1540 2186 genitricem,
1582 2115 1798 2188 inquit,
1835 2130 1957 2171 non
1988 2121 2192 2172 autem

2300 2103 2329 2160 ἠ
2392 2098 2452 2155 δε
2499 2111 2591 2155 τοῦ
2643 2103 2910 2174 ἄνθρωπος
2967 2109 3126 2178 μόνην
3182 2111 3278 2165 τὴν
3318 2105 3638 2181 ἀνθρωπείαν
3693 2107 3910 2164 ύποδεί-

537 2206 659 2269 Dei,
701 2206 1002 2276 Virginem
1035 2205 1306 2262 conﬁteri
1335 2221 1583 2260 necesse
1617 2209 1726 2271 est,
1770 2220 1847 2260 ne
1895 2205 2044 2261 forte
2089 2221 2191 2262 no.

2300 2210 2454 2243 κνυσι
2511 2194 2686 2263 φύσιν·
2755 2189 2849 2247 διὰ
2899 2202 3050 2247 τοῦτο
3114 2200 3488 2268 Χριστοτόκον,
3546 2203 3725 2271 φησὶν,
3796 2198 3910 2252 ἀλλ’

533 2295 626 2350 bis
655 2295 891 2352 accidat
925 2300 990 2351 ut
1021 2295 1122 2350 Dei
1167 2294 1425 2350 Verbum
1465 2293 1829 2366 principium
1870 2293 2192 2350 exsistendi

2300 2279 2360 2332 ού
2436 2285 2687 2334 Θεοτόκον
2739 2286 2834 2341 τὴν
2916 2284 3173 2358 Παρθένον
3256 2283 3520 2357 ὁμολογεῖν
3600 2285 3909 2360 ἀναγκαῖον,

552 2399 626 2440 ex
649 2389 857 2441 sancta
887 2383 1120 2454 Virgine
1159 2383 1487 2456 acceperit;
1517 2387 1698 2456 atque
1723 2384 1806 2440 ita
1833 2383 2000 2456 prius
2025 2383 2192 2454 geni-

2300 2373 2503 2441 μὴποτε
2551 2368 2784 2445 λάθωμεν
2841 2371 3017 2448 ἀρχην
3075 2381 3169 2426 τοῦ
3221 2373 3352 2427 εἶναι
3387 2374 3611 2446 λέγοντες
3644 2381 3731 2430 τόν
3771 2380 3910 2430 Θεὸν

543 2476 671 2529 tam
703 2489 837 2530 esse
876 2477 1133 2529 matrem
1159 2488 1349 2545 quam
1393 2472 1490 2528 ille
1519 2472 1624 2545 qui
1667 2488 1740 2529 ex
1775 2488 1847 2530 ea
1873 2477 2052 2530 natus
2084 2477 2190 2540 est,

2302 2463 2472 2530 Λόγον
2529 2457 2583 2511 ἐκ
2631 2460 2927 2548 τῆς.ἀγίας
2987 2463 3232 2536 εἰληφότα
3261 2466 3542 2540 Παρθένου·
3610 2471 3701 2518 καὶ
3765 2468 3910 2520 οὕτω

540 2561 815 2619 conﬁteri
839 2576 1150 2631 cogamur.
1191 2583 1211 2612 ι

2300 2552 2702 2625 προγενεστέραν
2802 2556 2889 2610 τὴν
2964 2556 3166 2626 μητέρα
3237 2561 3330 2606 τοῦ
3425 2556 3750 2626 γέννηθέντος
3852 2555 3911 2620 ἐξ

2301 2635 2494 2708 αὐτῆς,
2598 2640 2734 2691 κατά
2805 2643 2864 2692 τό
2941 2639 3250 2714 ἀκόλουθον,
3329 2642 3594 2716 ὁμολογεῖν
3670 2643 3910 2718 βιασθῶ-

2301 2746 2411 2799 μεν.

613 2830 667 2886 Ir.
710 2832 788 2887 Ne
821 2832 1022 2887 autem
1053 2829 1368 2887 videamur
1405 2829 1579 2887 vanis
1625 2831 1860 2902 injuriis
1887 2831 1972 2888 sic
2004 2832 2192 2890 homi-

2374 2812 2440 2871 δ’.
2489 2815 2602 2870 Ἰνα
2654 2814 2713 2871 δὲ
2777 2822 2846 2891 μὴ
2915 2815 3144 2892 δόξωμεν
3197 2816 3489 2894 λοιδορίαις
3527 2829 3694 2884 κεναῖς
3738 2830 3919 2878 ταῦτα

543 2935 683 2976 nem
708 2918 1010 2992 persequi.
1040 2935 1179 2975 eum
1209 2919 1409 2992 ipsum
1448 2936 1555 2992 per
1583 2937 1654 2977 ea
1683 2937 1819 2994 quae
1849 2922 2020 2994 dixit,
2060 2939 2192 2996 pro-

2300 2911 2390 2957 τοῦ
2436 2902 2627 2980 ἀνδρὸς
2675 2915 3005 2981 κατηγορεῖν,
3058 2909 3212 2961 αὐτόν
3279 2907 3466 2962 ἐκεῖνον
3519 2912 3597 2972 οἷς
3648 2908 3755 2964 εἷπε
3816 2919 3918 2975 τῆς

537 3010 684 3084 prim
711 2991 1038 3082 impietatis
1061 2991 1272 3065 testem
1292 2991 1602 3065 faciemus.
1627 2991 1758 3067 Suis
1780 3012 1935 3068 enim
1969 2991 2192 3084 cogita-

2301 2993 2494 3057 οἰκείας
2570 2991 2876 3058 δυσσεϐείας
2932 3002 3227 3070 ποιήσομαι
3282 3001 3544 3075 μάρτυρα.
3619 3007 3730 3052 Τῶν
3809 3004 3916 3080 γὰρ

538 3081 815 3156 tionibus,
832 3113 1080 3155 omnem
1126 3097 1600 3171 apostolicarum
1629 3081 2192 3158 doctrinarum—me-

2303 3082 2660 3138 ἀποστολικῶν
2701 3081 3045 3159 διδαγμάτων
3107 3092 3196 3140 καί
3251 3091 3441 3150 παντὸς
3491 3088 3645 3161 ἁγίου
3698 3094 3917 3163 μνήμην

535 3187 797 3244 moriam
850 3191 1261 3258 transgressus
1305 3191 1362 3243 et
1408 3187 1730 3258 cujuslibet
1763 3190 1973 3257 sancti,
2015 3190 2076 3246 in
2103 3206 2194 3247 or-

536 3275 947 3332 thodoxorum
974 3275 1230 3332 ecclesia
1255 3275 1475 3332 multas
1489 3275 1828 3334 istiusmodi
1856 3279 2192 3352 proclama-

537 3364 623 3420 vit
651 3379 831 3420 voces
864 3383 877 3420 :
905 3385 933 3414 ι(
956 3367 1085 3420 Non
1109 3364 1356 3436 peperit,
1403 3380 1439 3421 o
1483 3365 1729 3437 optime,
1772 3369 1960 3423 Deum
1989 3369 2190 3436 Maria,

540 3451 649 3508 sed
701 3451 1012 3509 hominem
1066 3453 1298 3525 peperit
1340 3452 1667 3511 divinitatis
1701 3454 2191 3514 instrumentum.

538 3544 606 3598 Et
647 3541 708 3597 in
762 3540 895 3598 aliis
943 3558 1186 3597 rursum
1227 3543 1560 3612 nugatoriis
1609 3544 2193 3617 irreprehensibilem

540 3633 782 3702 Matrem
829 3631 1100 3700 gentium
1129 3631 1243 3686 diis
1302 3632 1623 3691 assimilat.
1677 3633 1999 3692 Judaicam
2031 3637 2193 3692 enim

543 3719 900 3776 sententiam
931 3719 1269 3792 amplexus,
1293 3736 1417 3778 non
1451 3721 1644 3778 Verbo
1677 3738 1922 3780 carnem
1967 3725 2191 3781 factum

543 3825 676 3866 esse
701 3808 975 3866 absolute
1004 3807 1262 3876 dicebat,
1293 3809 1400 3866 sed
1428 3809 1492 3866 in
1519 3810 1794 3884 quodam
1830 3812 2076 3869 homine
2104 3813 2195 3870 in-

541 3898 871 3967 habitasse,
898 3903 962 3955 ut
990 3897 1054 3954 in
1081 3898 1286 3972 aliquo
1325 3899 1761 3972 prophetarum
1791 3906 1849 3958 et
1894 3902 2006 3958 sibi
2033 3903 2196 3959 hunc

544 3989 860 4063 proprium
886 3987 1176 4061 peculiari
1205 4004 1412 4046 amore
1433 3989 1671 4057 fecisse;
1703 3995 1761 4048 et
1785 4007 1922 4049 esse
1949 3993 2197 4065 quidem

543 4079 726 4136 alium
775 4077 1011 4144 Filium,
1047 4077 1231 4134 alium
1267 4093 1410 4135 vero
1440 4079 1581 4148 dici,
1604 4095 1801 4153 neque
1829 4096 1959 4136 esse
1989 4081 2196 4152 genui-

543 4183 691 4225 num
717 4165 954 4234 Filium,
1000 4165 1106 4222 sed
1154 4166 1507 4240 adoptivum
1549 4169 1655 4241 qui
1698 4169 1815 4226 hoc
1842 4170 2089 4226 nomine
2113 4170 2200 4226 di-

544 4255 804 4323 cebatur,
837 4255 1045 4311 Jesum
1072 4255 1391 4313 Christum.
1439 4257 1582 4313 Inde
1609 4257 1838 4315 dictum
1881 4275 2015 4316 esse
2044 4259 2200 4316 duos

543 4361 678 4404 esse
708 4343 905 4416 Filios,
936 4360 1134 4418 neque
1156 4361 1347 4403 unum
1378 4351 1635 4404 tantum.
1661 4351 1867 4421 Itaque
1918 4349 2199 4421 synodali

2301 3191 2398 3246 τῆς
2445 3181 2631 3236 ἑαυτοῦ
2673 3179 2912 3246 διανοίας
2967 3185 3303 3259 ύπερορίσας,
3362 3185 3410 3239 έν
3449 3194 3511 3260 τῇ
3545 3195 3646 3239 τῶν
3681 3185 3914 3262 ὁρθοδό-

2303 3271 2401 3334 ξων
2493 3271 2750 3347 ἐκκλησίᾳ
2820 3273 3006 3335 πολλὰς
3079 3277 3327 3338 τοιαύτας
3405 3275 3644 3339 ἑξεϐόησε
3715 3281 3908 3350 φωνάς·

2305 3383 2333 3410 ιι
2388 3361 2499 3414 Ούκ
2555 3364 2739 3433 ἔτεκεν,
2787 3360 2826 3414 ὦ
2867 3361 3128 3436 βέλτιστε,
3189 3369 3370 3439 Μαρία
3409 3367 3550 3437 Θεὸν,
3604 3363 3710 3418 ἀλλ’
3742 3368 3912 3420 ἔτεκεν

2301 3451 2570 3526 ἄνθρωπον
2627 3454 2864 3513 θεότητος
2911 3457 3150 3528 ὄργανον.
3190 3472 3220 3506 ›
3264 3458 3365 3507 Καὶ
3429 3454 3479 3506 ἐν
3528 3454 3723 3528 ἑτέροις
3749 3455 3911 3509 πάλιν

2303 3539 2586 3612 φληνάφοις
2649 3539 2958 3612 ἀνέγκλητον
3009 3545 3211 3616 μητέρα
3272 3541 3522 3600 Ἑλλήνων
3576 3545 3705 3604 θεοῖς
3769 3543 3912 3598 ἐπει-

2304 3630 2499 3699 σάγων.
2583 3625 2873 3682 Ἰουδαϊκὸν
2924 3632 3024 3705 γὰρ
3097 3627 3473 3704 ἀναδεξάμενος
3527 3636 3785 3705 φρόνημα,
3845 3635 3912 3688 οῦ

2301 3719 2387 3768 τὸν
2446 3721 2616 3790 Λόγον
2667 3736 2840 3792 σαρκα
2887 3717 3152 3794 ἀτρέπτως
3211 3723 3528 3792 γεγενῆσθαι
3566 3720 3750 3792 ἔλεγεν,
3799 3719 3919 3772 ἀλλ’

2305 3809 2368 3874 εἳ,
2430 3825 2548 3864 τινα
2585 3808 2853 3882 ἄνθρωπον
2908 3808 3195 3877 ἐνοικῆσαι,
3265 3812 3328 3871 ὡς
3385 3809 3451 3871 εἰς
3491 3811 3577 3863 ἕνα
3633 3818 3731 3861 τῶν
3771 3829 3916 3882 προ-

2305 3904 2499 3969 φητῶν,
2553 3901 2643 3950 καὶ
2693 3892 3069 3951 ἰδιοποιείσθαι
3116 3904 3298 3952 τοῦτον
3344 3897 3584 3973 ἐξαιρέτῳ
3617 3897 3912 3970 ἀγαπήσει·

2305 3989 2396 4038 καὶ
2441 3986 2570 4038 εἶναι
2613 3988 2703 4059 μεν
2743 3985 2894 4040 ἄλλον
2951 3991 3083 4052 υίόν,
3131 3987 3280 4039 ἄλλον
3321 3983 3380 4040 δὲ
3416 3986 3656 4060 λέγεσθαι
3685 3990 3798 4060 μὲν,
3840 3993 3917 4060 μὴ

2308 4072 2438 4128 εἶναι
2495 4071 2555 4128 δε
2608 4081 2848 4149 γνήσιον,
2899 4078 3041 4130 θετόν
3092 4072 3151 4130 δὲ
3211 4077 3323 4130 υἱόν
3361 4080 3448 4129 τόν
3499 4076 3766 4149 λεγόμενον
3809 4077 3919 4135 Ἰη-

2311 4171 2433 4218 σοῦν
2514 4169 2763 4238 Χριστόνο
2836 4165 3061 4219 ἐντεῦθεν
3120 4161 3218 4218 δύο
3291 4169 3459 4236 Υίούς,
3514 4170 3604 4218 καὶ
3667 4170 3739 4238 μὴ
3799 4166 3916 4237 ἕνα,

2306 4253 2550 4326 λέγεσθαι
2605 4263 2757 4313 εῖναι.
2799 4253 2951 4308 Ὀθεν
3007 4263 3099 4316 τῆς
3159 4254 3556 4330 ἀρχιερωσύνης
3609 4253 3918 4309 ἐκϐάλλεται

2307 4344 2466 4418 ψηφῳ
2521 4342 2827 4418 [συνοδικῇ]
2873 4349 2963 4398 καὶ
3031 4343 3294 4418 βασιλικῷ
3359 4346 3596 4418 νεύμάτι·
3657 4348 3749 4396 καὶ
3812 4349 3916 4404 τὴν

547 4434 834 4507 suffragio
856 4438 913 4490 et
934 4435 1098 4507 regia
1131 4435 1433 4493 voluntate
1465 4437 1818 4509 episcopatu
1844 4437 2192 4510 expellitur;

2306 4433 2499 4488 ’Ὁασιν
2573 4431 2988 4496 καταδικασθεὶς
3068 4433 3224 4486 οἰκεῖν
3280 4442 3373 4494 τῆς
3445 4432 3733 4506 μελλούσης
3806 4442 3916 4486 τῶν

548 4529 606 4583 et
635 4523 836 4581 Oasim
856 4522 1194 4582 inhabitare
1211 4525 1436 4597 jussus,
1479 4525 1690 4582 futurae
1721 4525 2046 4598 impiorum
2075 4543 2198 4600 pce-

546 4630 642 4672 naa
659 4612 1021 4686 praeludium
1047 4614 1298 4687 accepit,
1335 4629 1446 4671 sua
1483 4614 1732 4687 propria
1759 4610 2064 4672 dementia
2096 4616 2198 4674 ab-

551 4706 830 4775 sumptus
842 4706 899 4758 et
915 4701 977 4758 in
999 4719 1060 4758 se
1073 4702 1413 4775 adimplens
1427 4701 1574 4759 illud
1585 4703 1850 4775 Apostoli
1862 4704 2194 4762 oraculum:

552 4791 956 4862 Quorumdam
980 4792 1288 4849 hominum
1318 4793 1514 4862 σαίρω
1533 4794 1844 4863 manifeste
1867 4795 2098 4850 ducunt
2117 4795 2200 4852 ad

549 4882 1016 4939 damnationem.
1035 4881 1350 4939 Suscitavit
1375 4881 1535 4937 enim
1561 4881 1621 4938 in
1645 4881 1818 4938 illum
1853 4884 2008 4940 Deus
2033 4884 2199 4957 spiri-

549 4975 680 5028 tum
706 4970 905 5044 Cyrilli
933 4970 1306 5028 Alexandriae
1339 4971 1693 5042 patriarchae
1718 4989 1732 5042 ;
1763 4973 1870 5044 qui
1895 4972 1975 5029 ad
1997 4973 2200 5046 ipsum

551 5061 887 5118 Nestorium
925 5059 1177 5132 scripsit,
1211 5075 1352 5116 eum
1395 5059 1456 5116 in
1499 5060 1975 5118 orthodoxorum
2013 5063 2200 5120 ﬁdem

547 5150 862 5225 impellens
885 5154 944 5207 et
969 5151 1216 5207 hortans
1243 5155 1310 5206 ut
1335 5151 1438 5206 Dei
1477 5153 1718 5208 Matrem
1751 5153 2200 5211 sanctissimam

548 5241 794 5301 Mariam
822 5240 1166 5298 nominaret
1192 5255 1262 5296 ac
1291 5239 1582 5297 crederet.
1607 5243 1751 5298 Cum
1778 5248 1979 5300 autem
2007 5247 2198 5317 preci-

547 5332 665 5388 bus
702 5346 826 5387 non
847 5329 1103 5394 cederet,
1133 5329 1384 5386 alteram
1415 5346 1624 5386 rursus
1658 5331 1818 5389 misit
1847 5333 2195 5406 epistolam;

548 5421 992 5481 conrtadicente
1021 5423 1226 5478 autem
1245 5419 1370 5493 illo,
1386 5425 1753 5481 convocatur
1779 5427 1991 5497 postea
2011 5425 2198 5499 Ephe-

2307 4522 2505 4577 ἀσεϐῶν
2569 4523 2831 4584 κολάσεως
2903 4519 3114 4586 ἐδέξατο
3170 4524 3236 4575 τά
3321 4528 3591 4599 προοίμια,
3678 4525 3920 4596 παρανά-

2303 4613 2452 4687 λωμα
2506 4622 2601 4676 τῆς
2683 4613 2878 4674 οἰκείας
2971 4610 3360 4687 φρενοϐλαϐείας
3439 4616 3726 4686 γενόμενος,
3820 4617 3922 4668 καὶ

2306 4704 2381 4776 ἐφ’
2431 4703 2596 4774 ἐαυτῷ
2655 4701 2942 4776 πληρώσας
2997 4705 3055 4755 τὸ
3099 4701 3446 4755 ἀποστολικόν
3495 4701 3653 4754 ἐκεῖνο
3709 4705 3914 4776 Λόγιον,

2306 4795 2388 4848 ὅτι
2442 4801 2604 4847 Τινῶν
2654 4791 2936 4867 ἀνθρώπων
3010 4793 3065 4844 αἰ
3125 4793 3379 4864 άμαρτίαι
3436 4787 3696 4864 πρόδηλοί
3783 4790 3915 4859 εἰσι,

2305 4887 2639 4960 προάγουσαι
2706 4882 2777 4944 εἰς
2829 4887 3028 4956 κρίσιν.
3093 4881 3356 4956 Ἐξήγειρε
3397 4884 3498 4954 γὰρ
3544 4883 3569 4934 ὁ
3619 4883 3750 4944 Θεός
3796 4883 3921 4936 κατ’

2309 4976 2468 5030 αὐτοῦ
2523 4976 2584 5027 τὸ
2640 4980 2844 5044 πνεῦμα
2915 4970 3169 5047 Κυρίλλου
3245 4972 3582 5045 πατριάρχου
3669 4970 3920 5034 Ἀλεξαν-

2311 5063 2508 5140 δρείας,
2559 5067 2646 5116 καὶ
2692 5063 2880 5137 γράφει
2930 5065 3059 5136 πρὸς
3113 5060 3269 5114 αύτόν
3330 5061 3633 5133 Νεστόριον,
3683 5059 3754 5123 εἰς
3819 5065 3922 5120 τὴν

2309 5151 2589 5228 ὁρθόδοξον
2630 5151 2925 5226 ἐμϐιϐάζων
2962 5155 3161 5218 πίστιν,
3203 5155 3292 5202 καὶ
3349 5155 3600 5203 Θεοτόκον
3632 5153 3725 5208 τὴν
3757 5148 3919 5222 ἁγίαν

2306 5249 2518 5318 Μαρίαν
2573 5240 2885 5316 παρακαλῶν
2945 5239 3214 5313 ὀνομάζειν
3280 5257 3334 5291 τε
3399 5244 3489 5292 καὶ
3546 5245 3764 5312 φρονεῖν.
3824 5239 3920 5304 Ὠς

2310 5331 2370 5388 δε
2415 5333 2508 5386 ούκ
2576 5328 2835 5399 ἐνεδίδου,
2891 5331 3040 5406 ἔτερα
3105 5329 3255 5382 πάλιν
3322 5327 3516 5401 ἔπεμψε
3595 5331 3916 5401 γράμματα·

2307 5423 2654 5497 ἀντιλέγοντος
2707 5417 2766 5476 δε
2821 5419 3004 5490 αὐτοῦ,
3063 5423 3154 5472 καὶ
3201 5421 3334 5495 πρὸς
3383 5417 3552 5472 ταῦτά
3606 5413 3833 5482 σύνοδος
3864 5419 3916 5474 ἐν
