4106 6296
212 158 267 212 3'1
1601 160 1950 220 THESAURI
1991 162 2124 218 LIB.
2171 163 2258 219 IX.
2943 209 2946 212 .
3543 167 3612 222 38

234 288 400 358 ’ἱγίσῳ
501 295 935 362 συγκροτεῖται,

247 380 503 452 Νιστόριος
529 380 690 450 παρὰ
732 385 834 431 τοῦ
889 375 1125 450 ἐπάρχου
1153 385 1251 441 τῆς
1303 378 1491 441 πόλεως
1541 383 1633 431 καὶ
1673 377 1854 451 ἑτέρων

257 466 459 525 πολλῶν.

322 557 369 612 ι’.
403 553 694 618 Θεοδόσιος
746 553 810 609 δὲ
862 558 890 608 ό
937 560 1046 619 νέος
1073 559 1163 620 τὰς
1211 560 1360 620 ἡνίας
1396 562 1509 611 τότε
1559 565 1650 619 τῆς
1691 555 1854 630 βασι-

262 645 384 709 λείας
444 646 776 720 ἐνεχείρισε-ο
821 661 836 674 ⁶
911 651 998 699 καὶ
1062 644 1380 722 προήδρευεν
1451 647 1500 700 ἐν
1560 650 1724 718 ταύτῃ
1788 653 1851 718 τῇ

260 742 398 811 τρίτῃ
473 733 682 808 συνόδῳ
765 735 1013 810 Κύριλλος
1076 734 1486 811 Ἀλεξανδρείας,
1558 736 1857 798 Κελεστῖνος

261 825 445 898 Ῥώμης
534 825 634 897 (1),
728 824 1070 888 Ἰουϐενάλιος
1157 826 1546 903 Ἰεροσολύμων,
1620 825 1858 888 Ἀκάκιος

259 915 564 977 Μελιτηνῆς.
643 918 747 967 Καὶ
830 916 1156 987 καθαιρεῖται
1207 918 1298 989 μὲν
1383 919 1684 989 Νεστόριος,
1761 936 1857 968 κυ-

258 1013 462 1081 ροῦνται
493 1000 552 1056 δε
596 1009 689 1056 καὶ
735 1003 792 1056 αἱ
830 1008 1224 1080 προγενέστεραι
1264 1001 1362 1058 δύο
1403 1001 1636 1076 σύνοδοι,
1670 1003 1858 1058 τέλειόν

253 1114 307 1147 τε
371 1094 526 1146 αὐτόν
586 1097 681 1145 καὶ
744 1094 833 1146 ἕνα
885 1095 1003 1147 Υἱόν
1063 1093 1112 1146 ἓν
1179 1096 1408 1162 θεότητι,
1456 1099 1548 1146 καὶ
1584 1093 1770 1147 τελειον
1811 1094 1859 1147 ἐν

257 1182 625 1256 ἀνθρωπότητι
682 1181 1020 1254 ὁμολογοῦσι,
1069 1187 1160 1236 καὶ
1198 1184 1285 1236 ἕνα
1311 1188 1401 1236 καὶ
1429 1183 1488 1236 οὗ
1537 1179 1632 1236 δύο
1684 1185 1859 1252 Υίοὺς,

254 1275 323 1335 ὡς
353 1269 512 1332 διξλοί
559 1274 585 1324 ό
637 1271 761 1344 παρ’
807 1271 975 1324 αὐτῶν
1021 1271 1327 1346 ἐκφωνηθεὶς
1377 1275 1532 1348 ὄρος·
1583 1277 1674 1326 καὶ
1703 1273 1861 1334 οὕτως

253 1363 282 1420 ἡ
327 1357 548 1423 σύνοδος
609 1359 910 1432 ἀπολύεται,
973 1360 1206 1415 Ἰωάννου
1261 1359 1323 1415 δε
1381 1369 1474 1415 τοῦ
1522 1371 1617 1426 τῆς
1660 1363 1860 1416 Ἀντιο-

251 1457 427 1523 χείας,
493 1454 586 1502 καὶ
673 1446 1022 1524 Θεοδωρήτου
1099 1453 1272 1526 Κύρου
1339 1449 1724 1524 ἀνθισταμένων
1789 1461 1862 1524 τῷ

252 1545 502 1613 μακαρίῳ
560 1538 819 1614 Κυριλλῳ,
872 1542 1008 1592 κατὰ
1043 1543 1304 1614 πρόφασιν
1342 1548 1435 1594 τοῦ
1479 1537 1652 1594 δοκεῖν
1697 1546 1865 1614 χωρὶς

1032 292 1120 341 καὶ
1199 291 1603 364 παραπέμπεται
1690 286 1856 342 ἐκεῖσε

1985 303 2102 343 tum
2132 288 2403 360 synodus
2459 291 2516 344 et
2551 286 2632 345 ad
2677 287 3045 344 veniendum
3094 287 3382 346 invitatur
3405 292 3612 347 Nesto-

1959 378 2086 434 rius
2115 377 2194 434 ab
2225 377 2480 434 civitatis
2512 377 2934 451 achiepiscopo
2977 381 3036 435 et
3063 377 3266 434 multis
3294 379 3448 436 aliis.

2037 560 2086 611 5.
2120 556 2488 613 Theodosius
2513 571 2656 612 vero
2671 556 2877 627 junior
2921 561 3071 614 tunc
3092 557 3382 629 temporis
3428 558 3616 630 impe-

1962 645 2032 702 rii
2069 645 2335 703 habenas
2363 645 2646 709 tenebat;
2696 650 2752 701 et
2781 646 2920 702 huic
2969 646 3203 718 synodo
3247 647 3620 720 praefuerunt

1965 734 2221 807 Cyr-illus
2253 735 2647 805 Alexandriae,
2682 734 3032 792 Coelestinus
3061 738 3284 808 Romae,
3307 736 3616 795 Juvenalis

1966 824 2413 897 Hierosolyma,
2437 824 2688 881 Aeacius
2712 823 3013 880 Melitenae.
3041 827 3106 882 Et
3134 824 3458 898 deponitur
3485 826 3619 900 qui-

1965 913 2102 970 dem
2137 913 2460 983 Nestorius,
2493 913 2930 970 conﬁrmantur
2958 912 3095 968 duae
3116 913 3345 986 priores
3376 916 3618 988 synodi,

1964 1002 2419 1077 perfectumque
2447 1002 2649 1076 ipsum
2679 1007 2736 1058 et
2765 1017 2956 1057 unum
2985 1002 3192 1059 Filium
3223 1002 3286 1059 in
3314 1003 3619 1064 divinitate

1966 1097 2024 1150 et
2055 1092 2383 1166 perfectum
2404 1092 2464 1149 in
2493 1091 2867 1148 humanitate
2920 1091 3298 1163 conﬁtentur,
3333 1099 3390 1150 et
3429 1111 3620 1154 unum

1966 1197 2165 1256 neque
2191 1197 2333 1237 vero
2363 1181 2520 1237 duos
2543 1180 2717 1237 Filios
2745 1196 2900 1248 esse,
2928 1184 2994 1237 ut
3016 1181 3362 1240 manifestat
3391 1183 3622 1256 procla-

1967 1275 2135 1327 mata
2163 1269 2241 1326 ab
2269 1268 2384 1325 illis
2413 1267 2703 1327 deﬁnitio.
2722 1273 2915 1342 Atque
2940 1268 3022 1325 ita
3052 1269 3298 1327 solvitur
3326 1273 3619 1344 synodus.

1967 1362 2228 1417 Joannes
2285 1374 2428 1414 vero
2485 1357 2836 1425 Antiochiae,
2890 1362 2948 1415 et
3016 1358 3423 1417 Theodoretus
3487 1362 3626 1434 Cyri

1969 1449 2149 1505 beato
2189 1447 2404 1520 Cyrillo
2457 1447 2803 1503 resistentes
2850 1446 2965 1502 sub
3008 1463 3078 1504 eo
3131 1454 3423 1520 praetextu
3456 1450 3626 1523 quod

1971 1537 2099 1594 sine
2128 1536 2275 1609 ipsis
2317 1535 2694 1609 proclamata
2739 1540 2895 1592 esset
2922 1535 3210 1605 deﬁnitio,
3243 1537 3391 1594 dum
3423 1543 3627 1596 tamen

253 1631 430 1682 αὐτῶν
482 1628 844 1701 ἑκφωνηθῆναι
887 1632 974 1681 τόν
1021 1630 1159 1702 ὅρον,
1201 1633 1375 1682 καίτοι
1411 1649 1472 1701 γε
1509 1637 1601 1683 τοῦ
1636 1628 1858 1703 μεγάλου

1985 1642 2235 1697 magnus
2285 1625 2537 1698 Cyrillus
2575 1641 2679 1681 eos
2719 1641 2828 1696 per
2864 1625 3087 1682 multos
3127 1626 3257 1683 dies
3287 1633 3628 1701 exspectas-

257 1718 519 1795 Κυρίλλου
578 1717 664 1771 ἐπὶ
706 1717 904 1779 πολλὰς
967 1720 1164 1793 ἡμέρας
1229 1715 1570 1792 ἐκδεξαμένου
1649 1718 1857 1790 αὐτοὺς,

250 1817 315 1881 τῇ
362 1805 428 1861 δὲ
463 1807 687 1880 ἀληθεία
730 1806 1009 1882 ἐριστικῶς
1035 1810 1162 1880 πρὸς
1214 1807 1369 1860 αὐτόν
1420 1813 1511 1860 καὶ
1560 1807 1656 1860 οὐκ
1699 1807 1862 1881 ὀρθῶς

253 1896 628 1971 διακειμίνων,
689 1896 988 1970 μετέϐαινον
1043 1902 1135 1949 καὶ
1184 1896 1334 1950 αὐτοὶ
1381 1895 1684 1970 ἀσύμφωνοι
1733 1901 1863 1973 πρὸς

250 1993 321 2042 τὰ
366 1986 512 2056 ἴδια,
553 1986 720 2040 πολλὰ
765 1987 958 2060 μεταξὺ
1015 1986 1410 2062 θορυϐήσαντεςι
1463 1990 1528 2048 ὡς
1583 1992 1673 2040 καὶ
1731 1995 1864 2040 Θεο-

252 2075 498 2150 δὼρήτον
538 2079 675 2129 κατὰ
716 2085 818 2128 τῶν
864 2072 1078 2129 δώδεκα
1105 2075 1390 2148 κεφαλαίων
1440 2076 1689 2150 Κυρίλλου
1720 2078 1866 2149 ἕτερα

254 2164 471 2222 δωδεκα
522 2166 776 2229 συντάξαι
820 2164 1103 2238 κεφαλαια⁸
1145 2170 1235 2218 καὶ
1271 2165 1426 2218 πάλιν
1474 2165 1628 2218 αὐτόν
1682 2165 1868 2240 Κύριλ-

248 2257 336 2310 λον
399 2260 536 2330 πρὸς
608 2262 783 2308 ταῦτα
845 2255 1302 2327 ἀπολογήσασθαι,
1361 2259 1452 2308 καὶ
1512 2251 1728 2316 δεόντως
1802 2257 1868 2308 τὰ

248 2343 371 2400 ἴδια
429 2353 709 2405 συστῆσαι
774 2343 1048 2417 κεφάλαια.
1126 2340 1416 2398 Θεοδοσίου
1489 2341 1548 2397 δε
1608 2342 1869 2416 βασιλέως

252 2443 421 2489 ταῦτα
462 2433 839 2505 ἑπεγνωκότος,
893 2437 984 2485 καὶ
1044 2435 1338 2496 κινηθέντος
1389 2437 1480 2486 καὶ
1530 2433 1648 2486 καθ’
1688 2431 1867 2486 ἐκατέ-

254 2545 350 2599 ρων
375 2527 490 2598 μὲν,
531 2523 776 2598 μάλιστα
831 2518 893 2575 δὲ
947 2523 1084 2574 κατὰ
1132 2521 1384 2596 Κυρίλλου
1424 2529 1515 2575 τοῦ
1569 2520 1618 2574 ἕν
1675 2521 1868 2594 ἁγίοις,

253 2618 509 2686 πέμπεται
565 2611 800 2664 ἐνταῦθα
847 2609 1094 2671 Ἀκάκιος
1139 2611 1165 2662 ό
1231 2610 1521 2672 Μελιτηνῆς
1573 2608 1701 2684 ἀνὴρ
1758 2612 1869 2664 θεο-

260 2701 409 2766 σεϐὴς
471 2706 567 2755 καὶ
633 2701 837 2773 λόγιος,
909 2699 985 2761 εἰς
1045 2700 1204 2775 ἄκρον
1261 2698 1521 2762 ἐληλακὼς
1587 2699 1869 2768 εὐλαϐείας,

255 2795 440 2846 καὶτὰ
486 2799 592 2853 τῆς
651 2785 892 2844 συνόδου
949 2787 1217 2861 ἐμφανίζει
1273 2797 1346 2859 τῷ
1378 2787 1606 2861 βασιλεῖ,
1658 2792 1872 2842 καὶτὸν

253 2886 429 2936 τούτου
489 2879 849 2934 καταστέλλει
909 2879 1091 2950 θυμόν·
1140 2881 1231 2930 καὶ
1285 2879 1350 2930 τὰ
1401 2876 1755 2951 ἐκφωνηθέντα
1812 2880 1872 2931 τὸ

245 2980 394 3047 κῦρος
436 2970 796 3045 λαμϐάνουσι
835 2983 849 2997 ⁸
908 2971 1001 3019 καὶ
1033 2965 1281 3041 Κύριὶλος
1306 2985 1378 3028 εις
1406 2971 1500 3026 τὴν
1534 2964 1674 3021 ἰδίαν
1712 2965 1875 3021 ἀπαί-

240 3081 308 3116 οει
334 3063 510 3117 πόλιν
544 3065 645 3115 καὶ
670 3059 871 3113 ἕνωσιν
897 3057 946 3110 οἱ
977 3052 1251 3119 διεστῶτες
1281 3052 1551 3131 δέχονται.

291 3247 312 3312 (
321 3247 370 3320 t)
416 3247 783 3312 Perversus
817 3236 998 3294 ordo.

1975 1721 2082 1784 set,
2114 1715 2316 1788 reipsa
2342 1730 2486 1771 vero
2527 1714 2895 1770 contentiose
2942 1730 3055 1771 nec
3083 1720 3241 1773 recte
3269 1732 3414 1787 erga
3456 1717 3629 1778 illum

1975 1821 2040 1860 se
2068 1803 2382 1874 habentes,
2426 1802 2704 1860 abierunt
2730 1806 2789 1860 et
2843 1803 2962 1875 ipsi
2989 1803 3298 1862 discordes
3354 1806 3433 1863 ad
3491 1822 3629 1879 pro-

1972 1894 2137 1968 prios
2170 1909 2408 1959 sensus,
2441 1893 2700 1948 multum
2740 1892 2972 1949 interea
3006 1893 3334 1951 tumultum
3363 1896 3630 1952 excitan-

1973 1987 2093 2054 tes;
2145 1983 2227 2039 ita
2255 1987 2320 2039 ut
2363 1982 2768 2038 Theodoretus
2807 1988 3017 2040 contra
3060 1983 3383 2040 duodecim
3435 1985 3631 2057 Cyrilli

1975 2072 2174 2145 capita
2195 2071 2314 2127 alia
2341 2071 2668 2127 duodecim
2707 2071 2906 2144 capita
2935 2073 3362 2143 composuerit,
3397 2077 3454 2130 et
3498 2089 3630 2130 rur-

1976 2178 2080 2218 sus
2125 2161 2255 2234 ipse
2299 2160 2552 2232 Cyrillus
2583 2160 2662 2217 ad
2690 2176 2762 2218 ea
2807 2177 2872 2217 se
2905 2159 3256 2230 defenderit,
3291 2162 3634 2220 commode-

1975 2267 2094 2325 que
2123 2249 2370 2324 propria
2416 2249 2726 2307 stabilierit
2769 2250 2986 2323 capita.
3047 2251 3374 2324 Postquam
3427 2258 3634 2311 autem

1975 2342 2304 2415 imperator
2327 2341 2403 2397 de
2441 2340 2537 2397 his
2589 2341 2855 2397 monitus
2885 2344 2995 2410 est,
3025 2341 3089 2398 in
3131 2357 3258 2410 eos,
3298 2343 3634 2415 praesertim

1977 2447 2121 2488 vero
2149 2431 2212 2488 in
2243 2435 2521 2488 sanctum
2561 2429 2845 2503 Cyrillum
2890 2430 3078 2487 iratus
3107 2435 3216 2489 est.
3258 2432 3635 2505 Quapropter

1979 2521 2059 2578 ad
2084 2536 2224 2577 eum
2264 2519 2487 2576 missus
2510 2524 2618 2590 est,
2648 2519 2899 2577 Aeacius
2929 2519 3232 2587 Melitenae,
3264 2520 3355 2576 vir
3384 2522 3518 2593 pius
3562 2537 3634 2579 ac

1981 2611 2212 2678 doctus,
2259 2609 2319 2665 in
2366 2625 2672 2665 summam
2721 2613 3037 2682 provectus
3077 2609 3485 2682 prudentiam,
3531 2609 3639 2683 qui

1984 2701 2119 2754 acta
2148 2697 2365 2770 synodi
2390 2697 2517 2768 regi
2544 2696 2873 2753 declaravit
2900 2697 3153 2770 ejusque
3173 2697 3448 2754 animum
3477 2713 3641 2755 com-

1983 2787 2226 2860 posuit;
2285 2789 2343 2843 et
2392 2802 2531 2859 quae
2574 2785 2950 2858 proclamata
2991 2785 3245 2853 fuerant,
3295 2786 3419 2843 vim
3473 2803 3642 2844 acce-

1984 2893 2145 2951 pere.
2174 2877 2426 2950 Cyrillus
2454 2893 2597 2934 vero
2621 2877 2682 2933 in
2730 2877 3042 2950 propriam
3072 2875 3247 2933 rediit
3294 2877 3597 2936 civitatem
3622 2895 3635 2947 ;

1986 2971 2044 3025 et
2070 2967 2177 3040 qui
2204 2966 2636 3026 discordabant
2663 2967 2956 3024 unitatem
2984 2980 3283 3038 recepere.

238 3416 3638 3446 W

833 3570 1734 3738 NIGETZE
1849 3569 3084 3735 CHONIATXE

1554 3827 1742 3923 EX
1798 3826 2180 3923 LIBRO
2241 3828 2389 3923 IX

673 4011 1558 4143 THESAURI
1650 4009 2748 4135 ORTHODOXZE
2834 4009 3257 4135 FIDEI

861 4371 986 4444 Περὶ
1034 4367 1320 4439 Εὖτυχοῦς.

319 4486 503 4543 α’,Ἒν
564 4487 651 4552 τῷ
704 4479 890 4551 χρόνῳ
961 4477 1059 4536 τὴς
1115 4471 1392 4546 βασιλείας
1457 4465 1748 4523 Θεοδοσίου
1800 4475 1894 4523 τοῦ

259 4579 367 4627 νέου
397 4572 463 4632 ἧν
494 4591 587 4633 τις
633 4568 785 4622 κατὰ
832 4568 927 4623 τὴν
960 4557 1222 4636 βασιλίδα
1249 4559 1396 4614 πόλιν
1439 4554 1893 4634 ἀρχιμανδρίτης,

266 4661 660 4734 ὀνομαζόμενος
871 4651 1142 4723 Εὖτυχής,
1201 4650 1484 4721 ἡγούμενος
1541 4643 1600 4699 δὲ
1636 4665 1896 4720 μοναστη-

274 4731 404 4824 ρίου,
443 4731 715 4824 δ’πρώην
785 4745 880 4817 μεν
934 4741 1035 4792 ὑπό
1088 4742 1173 4792 τὸν
1229 4739 1345 4812 ὅρον
1391 4739 1482 4790 τοῦ
1533 4732 1760 4808 ἑϐδόμου
1811 4731 1897 4806 ἦν,

278 4822 360 4892 καὶ
389 4822 498 4903 γτῆς
559 4822 1172 4893 Κωνσταντινουπόλεως
1215 4826 1309 4890 ἔξω
1361 4822 1602 4895 διέκειτο,
1651 4825 1767 4894 καὶξ
1806 4831 1898 4878 τοῦ

282 4927 390 4981 Ἰὼϐ
434 4929 732 5001 ἐπελέγετο,
786 4928 882 4974 νῦν
941 4914 1002 4970 δὲ
1042 4916 1184 4979 ἐντός
1233 4914 1392 4977 αὐτῆς
1447 4915 1652 4988 ὁρᾶται,
1685 4917 1776 4966 καὶ
1827 4919 1900 4984 τῷ

284 5025 367 5069 τοῦ
415 5000 594 5090 ἁγίου
627 5016 866 5070 Μωκίου
920 5025 1018 5078 νεῳ
1073 5011 1366 5078 συνομορεῐο
1409 5007 1500 5056 καὶ
1551 5011 1802 5076 τιμῶνται
1851 5000 1901 5054 ἐν

283 5107 410 5168 αὐτῷ
472 5117 731 5167 Φαῦστος
809 5102 911 5152 καὶ
992 5094 1281 5168 Δαλμάτιος
1331 5096 1426 5147 σὺν
1495 5093 1761 5164 Ἱσαακίῳ,
1833 5093 1902 5154 ὡς

284 5167 546 5274 δεξαμένης
605 5196 662 5261 ἐς
726 5193 969 5264 ὕστερον
1043 5183 1345 5257 πλατυσμὸν
1409 5191 1505 5245 τῆς
1567 5188 1902 5236 Κωνσταντι-

275 5269 539 5356 rear—63.59;
567 5288 734 5366 παρὰ
764 5287 872 5337 τοῦ
940 5275 1104 5329 αὑτοῦ
1143 5271 1457 5344 Θεοδοσίου,
1483 5271 1566 5345 ὑφ’
1599 5269 1658 5326 οὖ
1705 5275 1795 5325 καὶ
1841 5272 1908 5325 τὰ

265 5393 485 5461 χερσαῖα
510 5358 685 5458 nix-aa
754 5378 871 5434 τῆς
909 5365 1079 5427 αὐτῆς
1129 5384 1284 5438 φασιν
1331 5362 1524 5426 πόλεως
1573 5358 1648 5418 δι’
1703 5363 1907 5437 ἡμερῶν

2594 4361 2682 4420 De
2714 4362 3067 4434 Eutychete.

2074 4472 2121 4524 l.
2164 4468 2470 4538 Regnante
2507 4467 2842 4526 Theodosio
2885 4470 3143 4542 juniore,
3175 4471 3238 4528 in
3289 4471 3440 4530 urbe
3486 4473 3656 4543 regia

1998 4557 2353 4615 versabatur
2380 4556 2634 4629 quidam
2687 4558 3181 4626 archimandrita,
3211 4561 3508 4634 Eutyches
3553 4577 3661 4618 no-

2001 4647 2183 4718 mine,
2209 4645 2573 4702 monasterio
2605 4651 2805 4703 autem
2839 4647 3178 4720 praefectus,
3209 4649 3379 4721 quod
3406 4650 3656 4722 quidem

2001 4735 2168 4810 prius
2198 4735 2260 4791 in
2291 4735 2526 4806 septimi
2551 4735 2775 4793 ﬁnibus
2806 4741 2934 4793 erat
2959 4742 3014 4793 et
3044 4740 3212 4793 extra
3239 4739 3661 4796 Constantino-

2002 4825 2190 4899 polim
2206 4825 2448 4896 jacebat
2467 4828 2522 4882 et
2550 4825 2625 4882 de
2652 4825 2786 4882 Jobi
2821 4826 3068 4883 nomine
3095 4825 3444 4885 dicebatur:
3495 4845 3660 4886 nunc

2005 4919 2207 4972 autem
2235 4913 2393 4971 intra
2449 4914 2666 4972 urbem
2722 4915 2956 4972 videtur
2984 4918 3042 4972 et
3071 4916 3265 4972 sancti
3302 4917 3468 4974 Mocii
3501 4922 3659 4975 tem—

2005 5003 2109 5076 plo
2139 5003 2376 5060 conﬁne
2402 5007 2529 5069 est;
2585 5008 2642 5061 et
2687 5003 3062 5060 honorantur
3090 5003 3153 5060 in
3201 5020 3272 5062 eo
3320 5007 3576 5063 Faustus
3603 5009 3663 5063 et

2007 5092 2340 5149 Dalmatius
2395 5109 2535 5149 cum
2590 5093 2820 5149 Isaaeo.
2878 5093 3119 5166 Recepit
3147 5093 3305 5151 enim
3337 5099 3550 5168 postea
3582 5096 3662 5154 ab

2006 5183 2142 5254 ipso
2188 5181 2522 5239 Theodosio
2549 5181 2961 5239 extensionem
3014 5182 3581 5256 Constantinopolis,
3627 5200 3666 5242 a

2013 5286 2158 5343 quo,
2191 5274 2258 5327 ut
2286 5270 2472 5338 aiunt,
2502 5270 2803 5327 terrestria
2830 5269 2998 5327 urbis
3043 5268 3225 5342 hujus
3255 5271 3481 5328 moenia
3508 5271 3666 5327 intra

2014 5359 2144 5419 dies
2172 5359 2488 5432 sexaginta
2511 5363 2708 5418 erecta
2738 5361 2894 5418 sunt.
2926 5362 3018 5416 An
3059 5373 3205 5417 vera
3230 5359 3305 5416 sit
3339 5359 3468 5417 haec
3497 5356 3666 5416 fama
