4106 6296
504 253 573 307 39
1835 241 2106 296 ΝΙΟΕΤᾹΞ
2153 235 2527 293 ΟΗΟΝΙΔΤᾹΞ
3797 239 3874 292 40

504 391 630 432 non
656 375 930 430 accurate
957 371 1102 427 scio.
1126 368 1444 441 Improbus
1474 367 1652 438 igitur
1681 365 1977 438 Eutyches
2000 362 2142 419 blas-

2271 359 2607 435 ἀνεγερθῆναι
2663 357 2932 422 ἐξήκοντα·
2993 360 3037 411 εἰ
3112 356 3170 412 δὲ
3226 363 3318 411 καὶ
3371 357 3570 420 ἀληθὴς
3626 360 3652 410 ό
3725 358 3877 431 λόγος

504 465 803 536 phemans
851 461 1091 518 dicebat
1138 475 1202 516 se
1228 458 1377 515 scire
1409 457 1730 514 Dominum
1757 459 2035 512 nostrum
2066 456 2142 510 ιθ.

2268 449 2440 519 οὗτος,
2499 447 2726 523 ἀκριϐῶς
2781 450 2875 501 ei}:
2931 452 3109 522 ἵσημι.
3171 448 3335 508 Οὗτος
3400 444 3487 500 οὖν
3551 449 3577 500 ό
3647 443 3880 512 δείλαιος

506 534 644 611 sum
685 554 980 610 Christum
1011 567 1081 608 ex
1113 549 1355 607 duabus
1382 548 1718 605 constitisse
1762 547 1993 604 naturis
2021 548 2142 602 ante

2269 537 2516 610 Εύτυχὴς
2592 537 2920 612 βλασφημῶν
3006 538 3172 610 ἔλεγεν
3252 534 3444 590 εἰδέναι
3521 539 3608 590 τόν
3685 541 3880 613 Κύριον

504 645 818 711 unionem,
849 658 922 699 ex
953 642 1133 698 unica
1180 656 1324 697 vero
1361 642 1496 712 post
1524 639 1846 706 unionem;
1892 641 1949 693 et
1987 651 2142 692 sane

2268 629 2416 700 ἡμῶν
2447 627 2653 686 Ἰησοῦν
2700 632 2930 703 Χριστόν
2978 625 3035 680 ἐκ
3084 624 3182 680 δύο
3219 629 3310 700 μὲν
3368 629 3568 699 φύσεων
3626 630 3727 699 πρὸ
3777 637 3880 690 τῆς

505 734 806 791 tissimam
835 731 1085 805 quidem
1109 730 1408 800 Virginem
1452 725 2024 784 consubstantialem
2049 740 2142 781 no-

2269 717 2516 786 ἐνώσεως,
2574 723 2700 789 μιᾶς
2763 714 2822 770 δὲ
2887 737 3018 790 μετα
3075 722 3170 774 την
3235 718 3435 770 ἕνωσιν·
3487 721 3578 768 καὶ
3629 721 3724 775 τὴν
3781 719 3878 788 μὲν

502 823 596 880 bis
617 838 778 891 esse;
801 801 906 895 qui
934 825 1134 877 autem
1158 835 1230 875 ex
1251 834 1325 874 ea
1352 833 1597 874 carnem
1625 820 1951 889 receperat,
1972 818 2142 872 Deun

2269 806 2425 876 ἁγίαν
2479 812 2732 860 Θεοτόκον
2789 808 3064 879 όμοούσιον
3108 807 3233 879 ἡμῖν
3281 806 3653 880 ὑπάρχουσαν,
3684 808 3772 858 τὸν
3814 801 3879 858 δέ

503 911 773 968 Verbum
795 894 919 966 non
948 906 1123 965 nobis
1143 922 1276 962 esse
1311 905 1906 963 consubstantialem.
1933 904 2142 975 Corpus

2270 894 2325 958 ἐξ
2382 897 2546 958 αὐτῆς
2605 899 2938 970 σαρκωθέντα
2995 899 3124 950 Θεὸν
3188 899 3356 967 Λόγον
3427 894 3531 967 ούχ
3593 895 3876 967 ὁμοούσιον

505 1001 688 1067 enim,
744 1000 956 1072 inquit,
1007 995 1222 1052 Christi
1275 1011 1498 1068 corpus
1545 995 1702 1062 dico,
1733 1011 1857 1051 non
1902 994 2032 1066 jam
2071 1009 2136 1049 es

2270 987 2416 1058 ἡμῖν,
2464 994 2619 1059 Σῶμα
2653 989 2776 1060 γὰρ,
2828 991 2982 1059 φησὶ,
3011 986 3144 1058 λέγω
3181 989 3240 1038 τό
3269 993 3362 1038 τοῦ
3410 992 3645 1058 Χριστοῦ
3695 994 3876 1058 σῶμα,

502 1105 725 1163 corpus
765 1087 1051 1144 hominis.
1079 1086 1243 1142 Illius
1289 1087 1522 1142 amicus
1551 1090 1608 1142 et
1633 1085 1948 1142 familiaris
1977 1087 2142 1138 Euse-

2271 1075 2446 1128 οὐκέτι
2485 1073 2544 1129 δε
2596 1081 2684 1129 καὶ
2763 1085 2916 1148 σῶμα
2984 1075 3279 1149 ἀνθρώπου.
3328 1075 3502 1146 Τούτῳ
3561 1075 3703 1146 φίλος
3778 1080 3877 1128 καὶ

500 1179 640 1237 bius
672 1177 939 1250 Doryleae
967 1177 1286 1249 episcOpus
1328 1176 1551 1248 saepius
1578 1174 2047 1231 illumhortatus
2073 1188 2142 1229 es

2269 1171 2528 1240 γνώριμος
2586 1169 2652 1217 ὧν
2685 1165 2932 1228 Εύσέϐιος
2989 1167 3014 1218 ὁ
3058 1165 3342 1241 Δορυλαίου
3401 1164 3698 1231 ἐπίσκοπος,
3739 1165 3878 1218 πολ-

502 1273 569 1325 ut
595 1268 738 1325 talia
757 1267 1047 1337 dogmata
1066 1269 1243 1322 rectae
1265 1264 1408 1322 ﬁdei
1430 1265 1733 1322 contraria
1757 1278 1879 1320 non
1904 1262 2126 1319 diceret

2269 1255 2417 1319 λάκις
2483 1261 2742 1330 παρῄνεσε
2803 1261 2875 1328 μὴ
2954 1263 3173 1309 τοιαῦτα
3248 1254 3408 1328 λέγειν
3471 1253 3713 1329 ἀλλότρια
3775 1263 3879 1318 τῆς

501 1373 640 1414 cum
691 1361 894 1413 autem
952 1355 1122 1411 illum
1175 1352 1618 1410 immutabilem
1681 1355 1969 1417 cerneret,
2038 1349 2142 1406 Fla

2270 1346 2431 1418 ὀρθῆς
2459 1342 2706 1418 δόγματα
2731 1350 2976 1406 πίστεως·
3011 1347 3144 1420 όρῶν
3187 1341 3246 1398 δὲ
3283 1343 3611 1417 ἀμεταθέτως
3653 1347 3877 1416 ἔχοντα,

497 1447 682 1504 viano
736 1448 882 1501 tunc
911 1443 1200 1516 temporis
1231 1441 1782 1514 Constantinopolis
1805 1439 2142 1513 patriarcha

2270 1433 2538 1506 Φλαϐιανῷ
2627 1434 2976 1508 προσήγγειλε
3070 1437 3128 1487 τὸ
3192 1441 3483 1494 τηνικαῦτα
3559 1437 3875 1509 πατριάρχῃ

499 1533 898 1592 denuntiavit.

2273 1531 2384 1578 Κων
2393 1524 2832 1578 σταντινουπόλεω
2841 1546 2862 1586 ς
2875 1567 2888 1580 .

570 1628 626 1680 2.
655 1623 765 1689 Qui
797 1638 934 1678 cum
957 1620 1263 1693 Eutychen
1294 1620 1372 1675 ad
1395 1636 1457 1675 se
1484 1622 1780 1688 vocasset,
1803 1623 2005 1675 etrem
2037 1635 2142 1675 una

2341 1612 2410 1686 β’.
2465 1615 2542 1666 Οὗ
2595 1613 3078 1688 μετακαλεσαμένου
3131 1616 3218 1665 τὸν
3271 1612 3534 1684 Εύτυχέα,
3596 1617 3686 1664 καὶ
3737 1615 3879 1685 μετά

501 1730 642 1771 cum
673 1713 754 1768 ibi
780 1715 1056 1768 versante
1082 1710 1505 1782 episcoporum
1539 1709 1776 1781 synodo
1818 1709 2142 1765 examinas-

2268 1712 2364 1764 τῆς
2415 1700 2746 1776 ἐνδημούσης
2797 1712 2897 1755 τῶν
2939 1702 3236 1756 ἐπισκόπων
3269 1698 3494 1754 συνόδου
3545 1704 3604 1754 τό
3648 1707 3878 1775 πρᾶγμα

501 1805 613 1869 set,
667 1798 962 1872 Eutyches
1013 1814 1074 1852 se
1133 1797 1605 1853 condemnatum
1656 1796 1887 1865 videns,
1915 1797 2142 1854 cuidam

2271 1793 2610 1858 ζητήσαντος,
2667 1789 2794 1846 ἰδὼν
2868 1792 3112 1864 Εὑτυχὴς
3165 1795 3596 1866 κατακρινόμενον
3663 1790 3874 1857 ἑαυτὸν,

500 1893 691 1948 Nomo
711 1887 978 1956 nomine,
997 1893 1055 1943 et
1073 1891 1218 1943 tunc
1248 1885 1534 1958 temporis
1560 1886 1792 1942 consuli
1817 1891 1875 1943 et
1904 1887 2142 1959 Chrysa

2266 1886 2438 1953 Νόμον
2491 1884 2608 1933 τινά
2657 1880 2968 1953 καλούμενον
3015 1884 3105 1932 καὶ
3159 1881 3354 1932 ὕπατον
3398 1883 3520 1932 ὄντα
3562 1878 3672 1931 κατ’
3705 1877 3874 1932 ἐκεῖνο

499 1979 624 2052 pho
657 1977 1024 2034 cubiculario
1053 1980 1456 2045 cognomento
1484 1975 1725 2047 Zymbaa
1753 1976 1868 2048 ipsi
1893 1991 2142 2032 consen-

2267 1978 2474 2043 καιροῦ,
2505 1973 2636 2043 πρὸς
2695 1966 2753 2022 δὲ
2807 1975 2898 2022 καὶ
2955 1971 3261 2044 Χρυσάφιον
3314 1967 3740 2042 κουϐικουλάριον
3777 1972 3875 2021 τὸν

500 2067 786 2126 tientibus
815 2066 1115 2139 persuasit
1142 2071 1208 2121 ut
1237 2066 1663 2138 imperatorem
1695 2066 1770 2122 de
1797 2067 1868 2122 iis
1909 2082 2048 2138 quae
2077 2066 2142 2123 ac'

2268 2057 2478 2118 ἐπίκλην
2518 2058 2795 2132 Τζούμϐαν
2834 2061 2899 2119 ὡς
2957 2058 3261 2133 ὁμόφρονας,
3294 2060 3464 2110 ἔπεισε
3525 2065 3597 2128 τῷ
3657 2057 3881 2130 βασιλεῖ

497 2159 700 2232 ipsum
754 2157 1130 2229 spectabant,
1165 2156 1476 2212 certiorem
1517 2155 1799 2222 facerent,
1847 2172 1884 2211 a
1912 2155 2160 2228 patriar-

497 2248 613 2304 cha
638 2246 796 2302 male
819 2246 1030 2303 haberi
1058 2245 1258 2301 virum
1279 2245 1448 2317 pium
1479 2249 1536 2300 et
1546 2245 1802 2315 justum.
1821 2245 1951 2310 Quo
1978 2244 2154 2317 facto,

499 2335 828 2393 Florentius
847 2333 1133 2406 patricius
1162 2349 1199 2389 a
1227 2333 1580 2389 consulibus
1613 2337 1666 2388 et
1692 2333 2156 2406 proconsulibus

495 2425 717 2481 missus
745 2428 834 2479 est
853 2438 1126 2478 sessurus
1158 2422 1219 2477 in
1254 2421 1513 2477 Flaviani
1542 2421 1777 2494 synodo
1803 2423 2156 2494 Eutychem-

495 2529 615 2586 que
665 2510 888 2582 injuria
943 2511 1148 2567 vexari
1206 2525 1331 2565 non
1392 2511 1817 2582 permissurus.
1881 2511 2156 2568 Secundo

495 2602 675 2673 igitur
700 2604 924 2656 statuto
953 2599 1252 2668 examine,
1284 2601 1482 2669 magis
1531 2601 1713 2656 etiam
1761 2615 1948 2673 quam
1989 2602 2155 2674 prius

495 2690 673 2748 malae
702 2689 990 2746 doctrinae
1020 2690 1332 2745 convictus
1381 2693 1468 2744 est
1510 2689 1805 2761 Eutyches
1853 2695 1910 2745 et
1957 2705 2154 2746 sacer-

494 2779 662 2836 dotio
700 2779 1016 2851 depositus
1039 2782 1148 2834 est.
1212 2778 1326 2834 Sed
1370 2781 1594 2833 Nomus
1621 2783 1676 2834 et
1719 2778 2149 2850 Chrysaphius,

494 2868 608 2924 levi
643 2867 1023 2940 imperatoris
1054 2866 1260 2922 animo
1307 2866 1531 2934 abusis,
1572 2882 1710 2922 eum
1753 2867 2058 2924 adduxere
2087 2874 2142 2924 ut

2261 2870 2409 2919 έπεσε
2455 2873 2550 2927 τῆς
2600 2867 2900 2938 ἱερωσύνης.
2954 2862 3086 2914 Ἀλλ’
3144 2864 3192 2915 οἱ
3237 2867 3356 2936 περὶ
3393 2865 3480 2915 τόν
3535 2866 3707 2936 Νόμον
3766 2867 3867 2916 καὶ

494 2956 802 3030 synodum
825 2955 1065 3027 juberet
1093 2952 1220 3012 ﬁeri
1266 2954 1477 3026 Ephesi
1512 2957 1568 3010 et
1604 2954 1864 3025 judicari
1905 2957 2142 3012 sanctis-

2259 2959 2347 3008 τὸν
2428 2957 2754 3029 Χρυσάφιον,
2816 2953 3250 3026 ἀποχρησάμενοι
3315 2960 3376 3024 τῇ
3446 2959 3538 3004 τοῦ
3601 2951 3868 3024 βασιλέως

493 3046 713 3102 simum
764 3045 1113 3102 Flavianum
1173 3061 1309 3100 cum
1365 3043 1631 3116 Eutyche
1667 3045 2142 3118 deposito,judi‘-

2258 3049 2564 3118 κουφότητι,
2605 3043 2845 3096 κελεῦσαι
2889 3044 3287 3116 παρεσκεύασαν
3327 3041 3482 3094 αὐτὸν
3558 3039 3605 3092 ἐν
3659 3040 3867 3114 Ἐφέσῳ

492 3139 665 3192 cante
698 3134 981 3190 Dioscoro
1016 3132 1388 3189 Alexandriae
1419 3149 1559 3189 cum
1605 3133 1869 3206 Eutyche
1903 3150 2142 3192 consen-

2257 3137 2494 3208 γενέσθαι
2544 3129 2782 3196 σύνοδον,
2832 3136 2922 3184 καὶ
2951 3133 3197 3205 κριθῆναι
3246 3133 3333 3182 τὸν
3386 3129 3674 3202 ἁγιώτατον
3729 3129 3868 3184 Φλα-

490 3224 688 3290 tiente,
719 3227 1013 3296 praesente
1052 3225 1110 3278 et
1159 3225 1446 3279 Barsumo
1489 3222 1844 3296 presbytero
1874 3228 1932 3281 et
1959 3225 2142 3281 archi-

2259 3223 2432 3277 ϐιανὸν
2477 3223 2586 3296 μετ’
2644 3223 2919 3294 Εύτυχοῦς
2973 3228 3063 3273 τοῦ
3111 3222 3497 3295 καθῃρημένου,
3551 3216 3867 3283 δικάζοντος

493 3312 798 3368 mandrita
831 3311 1152 3382 cujusdam
1183 3311 1240 3367 in
1275 3312 1510 3368 Oriente
1556 3313 1920 3382 monasterii,
1943 3314 2047 3387 qui
2086 3318 2142 3372 ut

2259 3318 2544 3388 Διοσκόρου
2591 3319 2683 3364 τοῦ
2730 3307 3120 3385 Ἀλεξανδρείας
3185 3306 3443 3382 ὁμοδόξου
3491 3317 3564 3380 τῷ
3603 3309 3862 3380 Εύτυχεῖ,

491 3401 860 3460 orthodoxus
916 3400 1255 3456 habebatur
1293 3401 1531 3472 vitaque
1588 3401 2142 3474 irreprehensibilis,

2256 3408 2507 3478 παρόντος
2564 3398 2624 3454 δὲ
2674 3405 2764 3453 καὶ
2807 3405 3092 3473 Βαρσουμᾶ
3144 3397 3498 3471 πρεσϐυτέρου
3552 3402 3641 3450 καὶ
3687 3397 3865 3470 ἀρχι-

493 3506 632 3546 cum
660 3494 862 3546 tamen
894 3488 1046 3545 alius
1073 3493 1226 3544 esset
1257 3489 1549 3560 Eutyches
1595 3490 1800 3562 quoad
1824 3491 2099 3549 haeresim
2131 3510 2142 3561 ;

2256 3489 2546 3566 μανδρίτου
2596 3494 2736 3552 τινός
2797 3497 2897 3541 τῶν
2955 3491 3092 3540 κατὰ
3144 3493 3233 3546 τὴν
3301 3487 3404 3541 Ἕω
3475 3493 3862 3560 μοναστηρίου,

490 3595 756 3653 praeesse
781 3583 984 3635 autem
1007 3577 1243 3649 synodo
1267 3578 1619 3634 Dioscorum
1647 3578 2142 3649 Alexandriae,.lu-

2257 3578 2540 3654 ὀρθοδόξου
2596 3581 2686 3652 μὲν
2754 3581 3130 3650 ύπονοουμένου
3204 3581 3294 3629 καὶ
3356 3575 3699 3635 ἀνεπιλήπτου
3769 3581 3862 3630 τόν

487 3667 763 3725 venalem
788 3666 1234 3739 Hierosolymae,
1266 3665 1643 3724 Thalassium
1672 3671 1938 3741 Caesares,
1964 3675 2142 3728 Euse-

2257 3669 2396 3744 βίον,
2446 3669 2601 3722 ἄλλου
2657 3665 2716 3720 δὲ
2753 3672 2847 3726 τὴν
2905 3669 3104 3740 αἰρεσιν
3172 3665 3440 3738 Εύτυχοῦς
3497 3667 3858 3738 ὑπάρχοντος*

484 3757 658 3814 bium
713 3761 965 3829 Ancyrae
1017 3756 1080 3810 in
1135 3755 1382 3825 Galatia,
1438 3755 1724 3813 Basilium
1775 3758 2054 3817 Seleuciae
2083 3762 2142 3818 in

2254 3757 2658 3836 προεδρεύοντας
2687 3759 2778 3830 μὲν
2807 3755 2937 3809 εἶναι
2987 3765 3081 3818 τῆς
3144 3753 3368 3808 συνόδου
3435 3759 3717 3828 Διόσκορον
3766 3775 3860 3808 τον

488 3846 739 3908 Isauria,
775 3845 1149 3902 Eustathium
1180 3845 1372 3916 Beryti
1401 3863 1412 3900 :
1466 3862 1833 3920 omnemque
1886 3852 2142 3906 auctori-

2254 3843 2662 3922 Ἀλεξανδρειας,
2721 3843 3056 3899 Ἰουϐενάλιον
3130 3846 3216 3895 τὸν
3294 3841 3681 3916 Ἱεροσολύμων,
3744 3850 3859 3896 Θα-

486 3939 669 3992 tatem
692 3939 748 3990 et
768 3933 1246 3991 dominationem
1270 3933 1620 3990 Dioscorum
1654 3935 1904 4006 habere;
1930 3940 2142 3997 adesse

2254 3938 2469 3991 λάσσιον
2511 3939 2598 3989 τόν
2654 3937 2988 4008 Καισαρείας,
3034 3931 3283 3985 Εύσέϐιον
3337 3935 3423 3984 τόν
3460 3932 3712 4007 Ἀγκύρας
3757 3941 3862 3995 τῆς

486 4028 543 4081 et
581 4024 932 4081 Flavianum
982 4023 1548 4096 Constantinopolis,
1581 4029 1634 4080 et
1662 4026 1985 4084 Eusebium
2035 4031 2142 4086 Do-

2254 4027 2525 4097 Γαλατίας,
2581 4024 2844 4078 Βασίλειον
2901 4025 2986 4075 τόν
3045 4022 3339 4083 Σελευκείας
3386 4029 3482 4082 τῆς
3563 4019 3856 4094 Ἰσαυρίας,

483 4113 687 4186 ryleaz,
719 4112 870 4168 nihil
913 4127 1015 4168 eos
1065 4126 1242 4181 agere
1287 4117 1492 4168 tamen
1524 4117 1628 4170 aut
1673 4112 1890 4184 dicere,
1925 4120 1989 4174 ut
2016 4133 2140 4174 non

2254 4117 2539 4171 Εύστάθιον
2599 4117 2687 4167 τὸν
2737 4119 3013 4186 Βηρυτοῦ’
3082 4116 3176 4169 τὴν
3235 4106 3296 4163 δε
3347 4116 3522 4162 πᾶσαν
3578 4109 3857 4163 αύθεντίαν

481 4203 777 4260 habentes
812 4201 1220 4272 judicantium
1265 4201 1541 4260 ordinem
1581 4204 1687 4261 sed
1725 4205 1981 4262 aliorum
2013 4225 2142 4264 exs-

2254 4211 2338 4261 καὶ
2392 4210 2680 4280 κυριότητα
2720 4207 2809 4256 τὸν
2849 4205 3127 4275 Διόσκορον
3167 4202 3328 4272 ἔχειν’
3382 4205 3620 4272 παρεῖναι
3666 4194 3726 4250 δὲ
3760 4205 3860 4253 καὶ

480 4296 788 4366 pectantes
829 4290 1133 4360 suffragia,
1176 4292 1488 4364 quoniam,
1530 4295 1744 4368 inquit,
1784 4312 1857 4352 ea
1893 4313 2029 4370 quae
2059 4299 2138 4355 ab

2254 4295 2530 4350 Φλαϐίανόν
2614 4296 2700 4346 τόν
2778 4289 3385 4353 Κωνσταντινουπόλεως,
3441 4293 3530 4340 καὶ
3601 4287 3858 4342 Εύσέϐιον

481 4383 554 4438 iis
583 4380 792 4437 decisa
820 4383 978 4448 sunt,
1011 4396 1172 4436 nunc
1196 4381 1563 4452 judicantur.

2254 4392 2334 4442 τόν
2387 4384 2689 4459 Δορυλαίου,
2746 4383 3047 4455 ἡσυχάζειν
3102 4384 3277 4453 μέντοι
3323 4383 3414 4430 καὶ
3453 4377 3614 4448 λέγειν
3656 4374 3854 4449 μηδὲν,

481 4473 544 4532 ὡς
595 4474 666 4542 μὴ
723 4466 988 4522 δικαστῶν
1042 4469 1322 4541 ἐπέχοντας
1368 4471 1536 4540 τάξιν,
1581 4469 1706 4524 ἀλλά
1751 4477 1843 4531 τὴν
1887 4483 1985 4527 τῶν
2044 4479 2208 4532 ἄλλῶν
2255 4473 2634 4550 ἐκδεχομένους
2690 4472 2884 4546 ψῆφον,
2934 4465 3114 4528 ἐπειδὴ
3181 4470 3248 4520 τά
3299 4465 3419 4542 παρ’
3473 4465 3642 4519 αὐτῶν
3692 4485 3858 4539 φησι,

478 4561 754 4634 κεκριμένα
779 4566 868 4610 νῦν
900 4554 934 4610 δ
938 4559 1264 4630 οκιμάζεται.

551 4652 603 4704 3.
651 4646 897 4720 Synodo
916 4648 1099 4719 igitur
1121 4653 1508 4719 congregata,
1551 4649 1856 4720 ingressus
1884 4657 1974 4710 est
2011 4654 2135 4713 Fla-

476 4735 694 4794 vianus
755 4740 1047 4809 tanquam
1109 4753 1266 4809 reus,
1301 4743 1358 4794 et
1406 4739 1557 4794 sedit
1597 4739 1885 4811 quintus;
1930 4744 2138 4802 vicarii

479 4831 684 4884 autem
724 4826 955 4882 Leoniis
1022 4827 1390 4883 sanctissimi
1436 4831 1638 4884 Romae
1711 4829 1910 4902 Papae,
1943 4833 2135 4891 Julius

477 4916 802 4989 episcopus
843 4920 899 4972 et
952 4915 1208 4974 Hilarius
1262 4916 1575 4985 diaconus,
1631 4919 1948 4991 epistolam
2002 4925 2132 4995 ejus

477 5004 886 5075 dogmaticam
918 5006 996 5062 ad
1018 5004 1324 5077 synodum
1345 5005 1635 5062 directam
1659 5007 2047 5081 proferentcs,
2071 5017 2138 5071 ut

477 5109 548 5152 ea
562 5094 857 5165 legeretur
877 5095 1118 5167 petiere;
1141 5094 1459 5150 Dioscorus
1479 5094 1541 5150 id
1565 5095 1756 5154 noluit
1783 5101 2131 5160 concedere.

475 5183 737 5256 Eutyche
767 5199 948 5256 porro
976 5183 1338 5252 introducto,
1365 5199 1506 5239 eum
1539 5185 1854 5244 Dioscorus
1884 5189 2134 5248 interro-

475 5273 638 5344 gavit
681 5289 831 5328 num
876 5272 1113 5345 synodo
1143 5271 1396 5327 Nicaanae
1437 5276 1494 5328 et
1531 5273 1767 5346 synodo
1819 5279 2130 5351 Ephesius:

473 5362 846 5429 adhaereret;
879 5361 983 5433 qui
1016 5361 1119 5416 ubi
1164 5361 1477 5431 respondit
1517 5379 1579 5418 se
1625 5363 1950 5436 adhaerere,
1982 5371 2131 5427 nihil

475 5451 738 5524 amplius
767 5449 887 5520 egit
911 5449 986 5505 de
1018 5449 1252 5514 heresi,
1283 5449 1383 5504 sed
1416 5450 1499 5506 ita
1528 5450 1762 5509 locutus
1811 5461 1936 5514 est:
1971 5462 2128 5525 Quo-

472 5540 641 5600 niam
659 5538 956 5612 Eutyches
979 5537 1122 5596 dicit
1143 5552 1204 5596 se
1225 5537 1476 5597 Nicaeus:
1492 5541 1870 5615 etEphesinae
1888 5549 2128 5621 synodo

2266 2242 2528 2315 τριάρχου
2575 2239 2817 2312 λέγοντας
2870 2235 3040 2312 ἄνδρα
3084 2238 3295 2299 θεοσεϐῆ
3357 2244 3448 2291 καὶ
3504 2235 3742 2291 δίκαιον·
3805 2240 3875 2292 οὗ

2265 2335 2556 2402 γεγονότος,
2654 2328 2914 2402 ἐπετράπη
3011 2327 3321 2402 Φλωρέντιος
3414 2331 3688 2404 πατρίκιος
3763 2326 3876 2381 ἀπὸ

2266 2421 2472 2472 ὑπάτων
2528 2438 2584 2471 τε
2635 2424 2724 2471 καὶ
2782 2417 3027 2492 ἐπάρχων
3084 2414 3431 2492 συνεδρεῦσαι
3476 2425 3535 2475 τῆ
3575 2419 3708 2470 κατά
3738 2417 3878 2470 Φλα-

2265 2508 2439 2561 ϐιανόν
2481 2505 2708 2579 συνόδῳ,
2757 2512 2848 2560 καὶ
2903 2511 2973 2579 μὴ
3029 2503 3283 2580 περιιδεῖν
3325 2502 3664 2579 ἀδικούμενον
3705 2508 3878 2558 Εύτυ-

2262 2603 2386 2671 χέα.
2438 2602 2717 2658 Ζητήσεως
2775 2603 3052 2671 τοιγαροῦν
3100 2593 3370 2668 προϐάσης
3421 2592 3685 2671 δευτέρας,
3725 2595 3873 2668 μᾶλ-

2261 2687 2345 2740 λον
2399 2689 2429 2746 ἢ
2485 2692 2732 2762 πρότερον
2795 2685 3039 2757 Εὐτυχης
3099 2684 3336 2756 ἠλέγχθη
3390 2680 3709 2751 κακοδοξῶν,
3769 2689 3870 2738 καὶ

2263 2777 2417 2829 αὐτόν
2503 2776 2812 2851 Φλωρέντιον
2887 2773 3134 2847 ἐσχηκὼς
3198 2773 3706 2846 καταψηφιζόμενον,
3773 2772 3869 2837 ἐξ-

2311 4654 2379 4728 γ’.
2445 4661 2548 4715 Τῆς
2634 4647 2860 4705 συνόδου
2936 4651 3106 4700 τοίνυν
3169 4644 3566 4720 ἀθροισθείσης,
3640 4643 3863 4703 εἰσῆλθε

2244 4744 2530 4804 Φλαϐιανός
2591 4744 2659 4804 ὡς
2715 4741 3053 4813 κατάκριτος,
3117 4740 3207 4789 καὶ
3279 4734 3533 4792 ἑκαθέσθη
3592 4737 3853 4805 πέμπτος.

2244 4836 2311 4888 Οἱ
2359 4831 2418 4888 δὲ
2447 4835 2802 4907 τοποτηρηταὶ
2847 4832 3061 4889 Λέοντος
3090 4832 3182 4878 τοῦ
3226 4825 3522 4896 ἀγιωτάτου
3552 4825 3704 4876 πάπα
3731 4830 3856 4876 Pd)—

2242 4943 2368 4997 μης,
2415 4922 2631 4984 Ἰούλιος
2690 4919 2976 4980 ἐπίσκοπος
3016 4920 3108 4968 καὶ
3153 4913 3369 4988 Ἱλάριος
3420 4909 3677 4983 διάκονος,
3735 4911 3858 4966 ἐπι-

2246 5012 2430 5071 στολὴν
2504 5011 2664 5064 αὐτοῦ
2719 5005 3050 5080 δογματικήν
3125 5012 3187 5078 τῇ
3246 4999 3452 5075 συνόδῳ
3522 5003 3856 5075 πεμφθεῖσαν

2242 5107 2602 5178 προφέροντες,
2649 5099 2832 5162 ἠξίουν
2892 5095 3291 5168 ἀναγνωσθῆναι
3333 5095 3571 5149 ταύτην·
3632 5089 3744 5142 ἀλλ’
3801 5095 3860 5145 οἱ

2243 5200 2358 5268 περὶ
2407 5197 2686 5264 Διόσκορον
2737 5188 2796 5240 ού
2851 5190 3252 5260 συνεχώρησαν.
3295 5181 3572 5254 Εύτυχοῦς
3611 5175 3664 5232 δ’
3709 5179 3865 5233 sic“-

2239 5284 2479 5355 χθέντος,
2531 5279 2556 5333 ό
2620 5283 2902 5352 Διόσκορος
2967 5278 3120 5348 ἤρετο
3186 5279 3368 5324 τοῦτον
3434 5270 3477 5322 εἰ
3547 5269 3859 5323 συντίθεται

2238 5379 2301 5444 τῇ
2349 5370 2398 5424 ἐν
2427 5373 2624 5442 Νικαίᾳ
2665 5363 2871 5438 συνόδῳ
2910 5369 3000 5416 καὶ
3034 5371 3096 5435 τῇ
3148 5361 3196 5414 ἓν
3252 5361 3446 5434 Ἐφέσῳ
3497 5361 3590 5410 σύν
3638 5359 3846 5432 ταύτῃ,

2236 5467 2340 5515 Τοῦ
2403 5459 2462 5515 δὲ
2520 5460 2750 5519 εἰπόντος
2825 5453 3184 5519 συντίθεσθαι,
3250 5454 3368 5522 περὶ
3433 5455 3528 5510 τῆς
3595 5449 3860 5520 αἱρέσεως

2236 5546 2387 5605 οὐδὲν
2463 5549 2962 5625 ἕπολυπραγμόνησε
3057 5539 3229 5609 πλέον,
3335 5536 3463 5590 ἀλλά
3559 5532 3595 5589 δ
3601 5535 3856 5596 celebras

2266 2155 2525 2222 γνωρίσαι
2569 2152 2633 2202 τά
2683 2149 2796 2202 κατ’
2853 2149 3033 2218 αὐτόν,
3077 2145 3381 2202 ἀδικεῖσθαι
3432 2149 3574 2222 ποιρά
3625 2156 3715 2200 τοῦ
3759 2169 3876 2202 ποι-
3927 2165 3930 2168 ’
