4106 6296
581 220 648 277 1,3
1923 206 2188 262 NICETE
2228 201 2600 264 caesum

578 342 880 400 thodoxus
901 337 1142 408 agnitus
1163 338 1275 403 est;
1303 349 1562 406 cumque
1584 333 1660 389 ab
1679 349 1748 388 eo
1767 332 1993 388 litteras
2013 327 2091 385 ad
2116 328 2224 382 im-

2346 327 2679 401 Θεοδώρητος
2731 335 2756 385 ό
2815 338 3019 406 Κύρου·

576 434 919 505 peratorem
968 423 1371 480 Theodosium
1437 421 1754 484 retulisset,
1817 421 2232 505 episcopatum

578 503 838 590 recepit;
883 515 1091 586 jussus
1130 515 1216 568 est
1247 515 1449 566 autem
1497 509 1636 564 huic
1669 509 1777 563 soli
1825 522 2066 563 vacare.
2109 503 2232 559 Sub

577 607 876 666 Marciono
918 617 1060 657 vero
1109 615 1316 674 preces
1367 598 1583 653 obtulit
1625 614 1726 652 eos
1771 611 2069 652 accusans
2128 592 2231 664 qui

578 713 705 755 non
731 699 889 750 recte
918 707 1058 748 eum
1096 694 1162 746 ut
1201 686 1636 745 heteredoxum
1667 684 2228 742 excommunicave-

580 790 735 843 rant.

3875 215 3944 269 44

3085 335 3233 394 οὗτος
3289 336 3410 406 γάρ,
3472 336 3540 396 ὡς
3597 341 3944 409 Νεστοριανός

2342 417 2668 492 λογιζόμενος
2735 420 2828 474 διὰ
2891 427 2949 474 τὸ
3007 424 3210 495 γράψαι
3264 426 3400 475 κατά
3465 432 3562 474 τῶν
3633 429 3724 476 τοῦ
3792 426 3946 497 ἁγίου

2346 507 2596 578 Κυρίλλου
2649 511 2719 583 ιβ’
2775 511 3080 584 κεφαλαίων,
3130 514 3394 585 καθῃρέθη
3440 517 3583 587 παρά
3636 520 3944 589 Διοσκόρουο

2342 598 2636 669 προσελθών
2687 597 2746 652 δὲ
2801 607 2979 653 Λέοντι
3011 612 3082 672 τῶ
3112 604 3261 673 πάπᾳ
3283 600 3504 673 Ῥώμης,
3547 608 3636 654 καὶ
3668 609 3760 661 την
3803 601 3948 655 ἰδίαν

2342 683 2659 756 ἀπαγγείλας
2705 695 2908 759 πίστιν,
2957 689 3254 761 ἐπεγνώσθη
3305 688 3602 763 ὀρθόδοξος’
3651 697 3740 743 καὶ
3769 695 3946 765 γράμ-

2342 792 2486 841 ματα
2514 781 2860 849 κομισάμενος
2890 777 3081 831 ἐκείνου
3115 782 3244 851 πρὸς
3268 781 3351 829 τόν
3382 779 3602 830 Βασιλέα
3629 777 3943 849 Θεοδόσιον,

580 875 805 950 βασιλέα
851 867 1155 939 Θεοδόσιον,
1209 866 1429 920 ἀπέλαϐε
1468 871 1561 925 τὴν
1606 865 1898 922 ἐτισκοπήν·
1965 861 2226 914 ἐκελεύσθε
2273 855 2329 910 δὲ
2385 863 2514 935 μόνῃ
2579 869 2744 938 ταύτῃ
2794 867 3096 939 σχολάζειν.
3157 867 3239 920 ἐπὶ
3291 863 3348 919 δέ
3391 875 3694 940 Μαρκιανοῡ
3737 867 3947 930 δεήσεις

581 948 868 1018 έπιδέδωκε
895 967 1200 1034 κατηγορῶν
1230 965 1330 1008 τῶν
1353 957 1446 1009 οὐκ
1477 955 1696 1026 εὐλόγως
1731 953 1885 1006 αὑτὸν
1913 948 2350 1022 ἀποκηρυξάντων
2381 952 2447 1011 ὡς
2477 951 2795 1028 ἐτερόδοξον.

653 1060 708 1110 5.
739 1049 1030 1108 Omnibus
1074 1047 1270 1117 igitur,
1317 1051 1381 1102 ut
1422 1045 1645 1101 dictum
1680 1047 1788 1113 est,
1831 1038 2225 1110 congregatis,

580 1139 837 1200 Romani
883 1153 1057 1211 papas
1105 1135 1330 1203 vicarii,
1365 1133 1828 1206 praeloquentes,
1869 1131 2234 1185 censuerunt

581 1229 818 1304 synodo
869 1242 992 1282 non
1041 1224 1349 1280 considere
1393 1221 1614 1278 debere
1665 1221 2034 1276 Dioscorum.
2083 1218 2232 1271 Cum

579 1326 782 1379 autem
813 1314 1073 1390 praefecti
1103 1313 1390 1368 dixissent
1415 1326 1537 1366 non
1563 1315 1836 1382 oportere
1859 1307 2049 1374 illum,
2073 1309 2233 1359 ante-

579 1425 767 1483 quam
793 1402 1318 1468 condemnaretur,
1342 1417 1377 1455 a
1399 1400 1663 1454 sessione
1686 1396 1920 1468 expelli,
1944 1394 2235 1450 Eusebius

581 1495 845 1568 Dorylese
873 1492 1043 1547 illum
1069 1495 1460 1545 accusaturus
1481 1487 1766 1556 assurgit;
1787 1491 1965 1555 atque
1987 1483 2067 1538 ita
2088 1497 2236 1554 pra:-

580 1579 1130 1655 fectisjubentibus,
1144 1578 1201 1632 in
1216 1576 1415 1632 medio
1430 1575 1782 1631 constitutus
1795 1579 1882 1628 est
1898 1573 2228 1627 Dioscorus.

584 1679 651 1732 Et
696 1671 1002 1741 ﬂagitante
1051 1665 1308 1722 Eusebio
1355 1669 1422 1720 ut
1470 1680 1580 1720 sua
1625 1668 1834 1718 contra
1883 1661 2234 1716 Dioscorum

2412 1039 2469 1097 ε’.
2524 1046 2732 1094 Πάντων
2779 1041 2887 1108 οὖν,
2939 1046 3005 1104 ὡς
3058 1047 3281 1118 εἴρηται,
3341 1048 3839 1121 συναθροισθέντων,
3899 1051 3952 1100 οἱ

2341 1137 2697 1205 τοποτηρηταὶ
2732 1134 2952 1206 Ῥώμης,
3000 1134 3422 1206 προλογίσαντες,
3471 1136 3648 1197 ἠξίουν
3694 1141 3765 1209 μὴ
3802 1157 3949 1189 συνεο

2345 1214 2566 1292 δριάσαι
2631 1229 2691 1292 τῇ
2757 1219 2962 1294 συνόδῳ
3024 1229 3320 1298 Διόσκορον.
3381 1231 3490 1276 Τῶν
3554 1221 3612 1277 δὲ
3675 1224 3950 1298 ἀρχόντων

2345 1308 2586 1359 εἰπόντων
2632 1313 2696 1369 ῶς
2728 1310 2786 1361 οὗ
2837 1308 2920 1363 δεῖ
2962 1311 3112 1363 αὐτὸν
3153 1316 3251 1385 πρό
3301 1309 3597 1373 καταδίκης
3643 1311 3953 1374 ἐξωθεῖσθαι

2343 1403 2436 1446 τοῦ
2494 1394 2793 1472 συνεδρίου,
2849 1399 3089 1460 Εὐσέϐιος
3143 1402 3167 1451 ὁ
3227 1401 3508 1473 Δορυλαίου
3568 1408 3953 1476 κατηγορήσων

2345 1485 2505 1537 αὐτοῦ
2566 1485 2776 1545 ἀνέστη·
2843 1494 2932 1540 καὶ
2990 1490 3124 1540 οὕτω
3188 1489 3534 1542 κελευσάντων
3590 1499 3688 1541 τῶν
3753 1489 3953 1565 ἀρχόν-

2350 1593 2463 1642 των,
2517 1573 2771 1633 ἐκαθέσθη
2819 1583 3093 1652 Διόσκορος
3147 1578 3196 1630 ἐν
3249 1588 3321 1649 τῷ
3371 1583 3534 1650 μέσῳ.
3567 1585 3657 1631 καὶ
3703 1588 3794 1631 τοῦ
3851 1581 3950 1634 Εὖ-

2347 1662 2521 1714 σεϐίου
2597 1664 2907 1726 αἰτήσαντος
2973 1665 3372 1740 ἀναγνωσθῇναι
3444 1673 3538 1724 τὴν
3599 1668 3722 1741 παρ’
3785 1669 3954 1721 αὐτοῦ

579 1763 785 1840 petitio
807 1759 931 1830 regi
952 1758 1166 1814 tradita
1187 1757 1500 1828 legeretur,
1520 1752 1781 1828 praefecti
1794 1755 2160 1840 censuerunt
2174 1749 2232 1804 il-

2346 1749 2589 1805 δοθεῖσαν
2635 1763 2708 1824 τῷ
2749 1753 2962 1827 βασιλεί
3014 1759 3148 1808 κατά
3178 1762 3461 1832 Διοσκόρου
3507 1753 3710 1823 δέησιν,
3754 1759 3802 1809 οἱ
3856 1759 3955 1831 οῐρ-

579 1839 709 1912 lum
749 1852 810 1906 in
848 1847 1048 1904 medio
1086 1843 1494 1910 statuendum,
1529 1843 1996 1915 petitionemque
2034 1839 2235 1907 legen-

581 1941 763 2008 dam;
795 1954 931 2011 quaa
953 1934 1294 2008 exponebat
1322 1932 1628 2006 quomodo
1668 1945 1788 1986 non
1821 1929 2109 1984 canonice
2134 1929 2234 1981 de-

580 2029 883 2108 posuisset
913 2025 1262 2082 Flavianum
1307 2022 1627 2077 Dioscorus
1665 2025 1723 2075 et
1751 2023 2000 2108 caeteros
2029 2017 2234 2108 ortho-

580 2105 794 2184 doxos,
820 2116 1198 2170 innocentem
1220 2115 1421 2167 autem
1443 2108 1868 2165 declaravisset
1889 2105 2235 2161 haereticum

583 2205 932 2279 Eutycbem.
948 2200 1172 2257 Deinde
1188 2201 1449 2255 recitatae
1462 2202 1600 2253 sunt
1619 2211 1757 2270 quas
1779 2195 1857 2251 ab
1875 2196 2234 2266 imperatore

581 2292 916 2353 Theodosio
943 2289 1021 2346 ad
1066 2288 1422 2343 Dioscorum
1465 2285 1663 2341 missae
1706 2284 1962 2351 fuerant,
2007 2282 2230 2337 litterae.

582 2387 651 2441 Et
679 2397 820 2438 cum
852 2377 1219 2434 mentionem
1257 2375 1539 2445 facerent,
1579 2373 1655 2429 de
1696 2371 2088 2438 Theodorcto,
2122 2375 2237 2425 sta-

582 2475 820 2529 tuentes
848 2467 962 2539 ipsi
983 2480 1106 2521 non
1137 2463 1217 2520 ad
1249 2465 1582 2518 secundam
1610 2461 1827 2533 Ephesi
1849 2459 2118 2516 habitam
2141 2473 2236 2529 sy-

585 2558 818 2616 nodum
845 2552 1113 2610 eundum
1133 2551 1416 2617 esse,nisi
1436 2550 1719 2606 omnibus
1740 2546 2236 2604 convenientibus

585 2644 882 2722 episcopis
915 2642 1190 2715 placeret,
1218 2640 1497 2696 dixerunt
1523 2638 1820 2712 praefecti:
1863 2636 2238 2707 Ingrediatur

587 2745 647 2795 et
667 2733 1072 2793 Theodoretus
1093 2745 1484 2786 consessurus
1503 2744 1642 2784 cum
1666 2730 1921 2799 synodo,
1943 2725 2238 2798 quoniam

585 2823 843 2884 restituit
869 2820 950 2876 illi
972 2819 1391 2892 episcopatum
1420 2817 1833 2872 sanctissimus
1868 2818 1999 2870 Leo.

663 3009 717 3060 6.
749 2997 1247 3074 Repugnantibus
1291 3000 1491 3052 autem
1525 2995 1808 3050 Dioscoro
1855 2999 1911 3049 et
1957 2995 2085 3065 ejus
2117 2992 2240 3047 fau-

591 3092 846 3157 toribus,
875 3087 1162 3163 praesides
1193 3086 1346 3142 inter
1376 3101 1436 3140 se
1467 3084 1742 3141 collocuti
1784 3089 1923 3139 sunt
1965 3082 2244 3155 permise-
2269 3085 2309 3150 ο

589 3186 850 3253 runtque
898 3182 964 3234 ut
1009 3175 1422 3245 ingrederetur
1457 3179 1692 3231 tantum
1725 3179 1789 3231 ut
1835 3177 2151 3229 accusator
2189 3175 2247 3226 et

591 3273 952 3328 statueretur
977 3269 1039 3322 in
1066 3265 1290 3323 medio.
1335 3270 1660 3321 Accusatus
1685 3264 1864 3334 igitur
1887 3269 1978 3318 est
2007 3262 2244 3317 Diosco-

590 3376 696 3418 rus
724 3375 761 3414 a
786 3356 1039 3412 Romani
1081 3370 1259 3428 papae
1289 3354 1548 3423 vicariis,
1581 3359 1637 3408 et
1676 3353 1930 3408 Eusebio
1980 3351 2242 3423 Doryleae

590 3449 900 3521 episcopo,
918 3441 1087 3517 quod
1113 3443 1478 3498 sanctissimi
1498 3457 1672 3515 papae
1700 3442 1906 3498 Leonis
1927 3440 2244 3513 epistolam

590 3551 716 3594 non
734 3532 1152 3604 legisset,cum
1177 3530 1393 3603 septies
1414 3547 1547 3586 eam
1566 3546 1628 3586 se
1643 3531 1932 3586 lecturum
1951 3531 2241 3601 jurasset.

592 3627 660 3681 Et
687 3621 827 3679 inde
858 3621 1204 3688 damnatur,
1235 3623 1301 3675 ut
1328 3621 1451 3691 perj
1464 3635 1643 3685 urus;
1685 3624 1742 3674 et
1767 3619 1933 3692 quod
1965 3624 2241 3675 sanctum

591 3711 948 3769 Flavianum
973 3708 1172 3764 statim
1205 3713 1267 3764 ut
1294 3707 1653 3765 damnatum
1691 3707 2005 3777 retulisset,
2044 3721 2244 3779 neque

591 3806 658 3859 ut
685 3815 749 3858 se
791 3799 1139 3856 defenderet
1164 3797 1550 3869 permisisset,
1584 3797 1690 3853 sed
1719 3813 1841 3854 non
1870 3798 2030 3854 dicta
2059 3811 2245 3852 causa

589 3907 733 3950 eum
753 3887 1156 3962 deposuisset.
1182 3885 1501 3943 Dioscorus
1520 3901 1663 3942 vero
1683 3885 1758 3942 de
1778 3886 1872 3943 his
1896 3885 2242 3958 apologiam

588 3984 899 4053 praestans,
921 3976 1102 4033 dixit:
1131 3978 1259 4032 Non
1281 3975 1429 4031 mihi
1447 3973 1556 4032 soli
1569 3975 1864 4047 judicium
1884 3975 2120 4048 reliquit
2136 3977 2243 4030 im-

587 4072 847 4140 perator,
900 4065 1006 4120 sed
1044 4071 1101 4121 et
1140 4063 1406 4121 Juvenali
1436 4071 1494 4121 et
1535 4065 1843 4121 Thalassio
1893 4069 1950 4122 et
1991 4068 2238 4136 caeteris,

587 4161 928 4227 nostraeque
959 4153 1261 4210 sententias
1286 4153 1566 4210 universa
1604 4155 1876 4227 synodus
1901 4157 2230 4214 consensit.

587 4242 916 4302 Orientales
945 4257 1088 4298 vero
1115 4243 1381 4314 episcopi
1403 4243 1819 4300 exclamavere
1845 4261 1858 4299 :
1885 4247 2068 4301 Nemo
2098 4261 2239 4301 con-

585 4333 792 4404 sensit,
823 4331 915 4387 vis
942 4329 1213 4388 adhibita
1232 4335 1341 4402 est,
1365 4330 1804 4404 depositionem
1831 4333 2005 4389 nobis
2027 4333 2238 4390 minati

2343 1859 2528 1911 χοντες
2569 1842 2891 1915 προσέταξαν
2935 1846 3102 1896 «ore»
3144 1848 3233 1917 μεν
3274 1845 3322 1898 ἐν
3364 1854 3435 1916 τῷ
3481 1850 3624 1917 μέσῳ
3682 1848 3952 1918 καθεσθῇ-

2343 1950 2449 1998 ναι,
2491 1936 2584 1989 τήν
2629 1928 2813 1990 δὲησιν
2864 1929 2922 1984 δε
2973 1932 3388 2006 ἀναγνωσθῇναι·
3441 1936 3504 1995 ἧς
3557 1931 3953 2006 διαλαμϐανούο

2347 2039 2444 2080 σης
2507 2023 2572 2080 ὡς
2625 2021 2686 2072 οὗ
2739 2032 3020 2084 κανονικῶς
3072 2024 3273 2076 καθεῖλε
3325 2029 3606 2096 Διόσκορος
3661 2024 3951 2078 Φλαϐιανὸν

2343 2115 2433 2162 καὶ
2479 2113 2599 2170 τους
2637 2110 2844 2172 λοιποὺς
2887 2109 3220 2184 ὁρθοδοξους,
3272 2114 3488 2171 ηθώωσε
3527 2109 3585 2164 δέ
3629 2117 3714 2164 τὸν
3746 2113 3951 2186 αἱρετι-

2343 2201 2432 2250 κὸν
2489 2200 2748 2271 Εὐτυχέα,
2809 2200 3026 2264 καθεξῆς
3079 2200 3374 2272 ἀνεγνώσθη
3421 2206 3511 2254 καὶ
3562 2206 3618 2253 τό
3656 2205 3796 2275 ποιρά
3851 2211 3949 2254 τοῦ

2346 2285 2602 2358 βασιλέως
2635 2285 2924 2341 Θεοδόσιον
2955 2291 3178 2362 πεμφθὲν
3210 2295 3340 2364 πρὸς
3369 2295 3646 2363 Διόσκορον
3684 2294 3938 2366 γράμμα·

2343 2381 2433 2427 καὶ
2473 2376 2580 2429 ἐπεὶ
2610 2382 2734 2452 πρὸς
2783 2386 2887 2438 τοῖς
2917 2378 3086 2438 ἄλλοις
3132 2379 3384 2450 ἐμέμνητο
3427 2384 3514 2432 καὶ
3571 2377 3947 2454 Θεοδωρὴτον,

2346 2460 2698 2536 διαλαμϐάνον
2728 2470 2800 2538 μὴ
2847 2466 3006 2518 ἐλθεῖν
3047 2467 3201 2518 αὐτὸν
3232 2467 3303 2528 εἰς
3331 2471 3420 2525 τὴν
3463 2467 3510 2519 ἐν
3542 2468 3736 2540 Ἐφέσω
3766 2463 3949 2521 δευτέ-

2344 2572 2437 2626 ραν
2471 2550 2710 2621 σύνοδον,
2761 2553 2843 2606 ἐὰν
2872 2560 2943 2626 μὴ
2997 2562 3131 2608 πᾶσι
3163 2552 3289 2629 ὃοξη
3338 2564 3446 2617 τοῖς
3485 2557 3840 2622 συνελθοῦσιν,
3897 2561 3953 2610 οἱ

2347 2645 2601 2715 ἄρχοντες
2629 2640 2790 2711 εἷπον,
2824 2643 3014 2696 Εἰσίτω
3042 2649 3129 2696 καὶ
3152 2642 3493 2720 Θεοδώρητος
3523 2651 3851 2703 κοινωνήσων
3881 2655 3951 2719 τῇ

2350 2727 2576 2802 συνόδῳ,
2629 2729 2734 2783 ἐπεὶ
2775 2735 2857 2782 καὶ
2900 2730 3322 2790 ἀποκατέστησεν
3352 2733 3490 2784 αὑτῶ
3523 2738 3610 2790 τὴν
3655 2732 3958 2792 ἐπισκοπὴν

2348 2821 2373 2870 ό
2405 2819 2693 2891 ἁγιωτατος
2736 2825 2895 2872 Λέων·
2944 2825 3034 2873 καὶ
3072 2823 3097 2872 ὁ
3151 2824 3403 2884 θειότατος
3435 2821 3686 2894 βασιλεὺς
3709 2829 3961 2896 παρεῖναι

2347 2917 2527 2960 τοῦτον
2557 2908 2661 2961 ἐκέ)
2671 2928 2836 2967 ευσεν.

2429 2997 2489 3059 ς’.
2525 2999 2891 3070 Ἐνισταμένου
2947 2996 3006 3052 δὲ
3056 3004 3336 3072 Διοσκόρου
3383 3005 3471 3053 καὶ
3510 3009 3608 3052 τῶν
3651 3004 3744 3052 σὺν
3783 3000 3958 3071 αὐτῷ,

2355 3088 2403 3138 οἱ
2432 3088 2686 3159 ἄρχοντες
2726 3084 3037 3146 διελάλησαν
3079 3088 3320 3142 εἰσελθεῖν
3349 3093 3471 3150 τέως
3513 3089 3667 3142 αὑτὸν
3711 3088 3757 3140 ἐν
3805 3089 3961 3152 τάξει

2354 3181 2669 3249 κατηγόρου,
2704 3181 2794 3228 καὶ
2838 3178 3158 3235 καθεσθῆναι
3198 3178 3268 3239 εἰς
3297 3181 3356 3230 τὸ
3386 3182 3561 3250 μέσον.
3597 3183 3960 3248 Κατηγορεῖτο

2354 3270 2524 3316 τοίνυν
2551 3267 2576 3317 ὅ
2607 3271 2886 3338 Διόσκορος
2920 3269 3063 3338 παρά
3098 3287 3151 3318 τε
3176 3277 3274 3318 τῶν
3305 3276 3395 3319 του
3424 3267 3625 3338 Ῥώμης
3652 3286 3961 3339 τοποτηρη-

2353 3364 2470 3425 τῶν,
2505 3361 2594 3406 καὶ
2619 3354 2866 3407 Εύσεϐίου
2892 3364 2982 3406 τοῦ
3022 3355 3309 3407 ἐπίσκοπον
3355 3355 3656 3430 Δορνλαίου,
3702 3358 3802 3420 ὅτι,
3852 3360 3962 3414 τὴν

2352 3443 2630 3502 ἐπιστολήν
2673 3451 2765 3496 τοῦ
2813 3444 3100 3514 ἁγιωτάτου
3143 3447 3293 3496 πάπα
3342 3449 3558 3506 Λέοντος
3599 3445 3808 3505 ἑπτάκις
3864 3444 3964 3497 ἐτι-ί

2349 3535 2554 3586 πάντων
2605 3535 2805 3606 ὀμόσας
2828 3532 3218 3605 ἀναγινώσκειν,
3257 3533 3351 3586 οὐκ
3381 3532 3571 3606 ἀνέγνω
3591 3554 3604 3567 ·
3654 3539 3743 3586 καὶ
3772 3539 3964 3586 ἐντεῦ-

2353 3625 2432 3674 θεν
2463 3627 2686 3696 κρίνεται
2708 3625 2778 3683 ὡς
2806 3620 3061 3695 ἔπιορκος·
3093 3627 3182 3674 καὶ
3207 3626 3288 3674 ὅτι
3318 3628 3404 3674 τὸν
3435 3622 3482 3674 ἐν
3510 3621 3676 3693 ἁγίοις
3714 3622 3961 3676 ψλαϐία-

2349 3716 2455 3777 νόν,
2505 3715 2574 3772 ὡς
2616 3713 2929 3784 κατάκριτον
2970 3713 3121 3773 εὐθὺς
3163 3711 3434 3783 εἰσήγαγε,
3474 3717 3562 3764 καὶ
3599 3709 3719 3764 οὐδ’
3757 3711 3962 3765 ἀπολο-

2349 3805 2474 3870 γίας
2525 3800 2744 3862 ἠξίωσεν
2793 3800 2900 3852 ἀλλ’
2950 3798 3164 3875 ἀκρίτως
3211 3803 3346 3853 οὕτω
3383 3801 3613 3854 καθεῖλεν
3653 3801 3829 3858 αὐτόν,
3888 3803 3962 3855 Ὀ

2353 3885 2412 3941 δὲ
2452 3894 2730 3964 Δίόσκορος
2779 3889 3190 3962 ἀπολογούμενος
3227 3889 3310 3942 ἐπὶ
3348 3893 3552 3950 τούτοις
3594 3889 3778 3962 ἔλεγεν·
3838 3892 3963 3945 Οὐκ

2350 3979 2464 4052 ἐμοὶ
2494 3986 2631 4053 μόνῳ
2661 3985 2752 4040 τήν
2796 3987 2970 4055 κρίσιν
3013 3985 3039 4032 ὀ
3081 3979 3325 4053 βασιλεὺς
3369 3978 3659 4054 ἐπέτρεψεν,
3700 3980 3831 4033 ἀλλὰ
3862 3990 3966 4037 καὶ

2350 4067 2670 4141 Ἰουϐεναλίῳ
2707 4075 2798 4122 καὶ
2850 4069 3138 4140 Θαλασσιῳ
3185 4073 3274 4120 καὶ
3320 4076 3430 4130 τοῖς
3473 4068 3693 4134 λοιποῖς,
3734 4075 3825 4123 καὶ
3869 4071 3965 4126 ἐπὶ

2347 4165 2452 4217 τοῖς
2482 4162 2802 4232 κεκριμένοις
2829 4164 2976 4210 πᾶσα
3008 4162 3282 4230 συνῄνεσεν
3311 4159 3341 4214 ἡ
3378 4153 3620 4218 συνοδος·
3655 4160 3704 4209 οἱ
3735 4155 3796 4211 δε
3827 4158 3964 4211 ἀνα-

2344 4245 2538 4298 τολικοὶ
2586 4247 2862 4300 ἐπίσκοποι
2911 4245 3209 4310 ἐξϐόεησαν·
3265 4245 3340 4298 Οὐ
3392 4251 3474 4307 τὶς
3527 4254 3798 4318 συνῇνεσε,
3851 4248 3967 4320 βικ

2345 4334 2554 4404 ἐγένετο,
2608 4335 2910 4409 καθάίρεσις
2956 4339 3080 4408 ἡμῖν
3127 4333 3405 4401 ἠπειλὴθη,
3450 4343 3764 4409 στρατιῶται
3813 4343 3966 4408 μετὰ

584 4425 743 4483 sunt,
775 4420 954 4476 nobis
977 4419 1285 4476 instabant
1311 4436 1452 4476 cum
1498 4420 1727 4476 baculis
1757 4427 1814 4478 et
1843 4421 2057 4493 gladiis
2087 4423 2232 4480 mili-

2346 4424 2551 4497 βάκλων
2605 4430 2693 4477 καὶ
2754 4428 2909 4496 ξιφῶν
2957 4423 3246 4496 ἐφίσταντο,
3307 4427 3396 4474 καὶ
3433 4425 3561 4494 μετά
3604 4422 3818 4494 πληγῶν
3883 4431 3965 4490 εἱς

581 4513 689 4580 tes,
730 4513 787 4566 et
814 4509 1032 4564 ictibus
1077 4507 1267 4581 pressi
1309 4509 1372 4564 in
1405 4508 1614 4566 charta
1659 4524 1783 4565 non
1826 4511 2049 4583 scripta
2096 4512 2236 4569 sub-

581 4599 954 4671 scripsimus.

647 4688 705 4742 7.
723 4687 871 4742 Cum
892 4685 1141 4743 Basilius
1165 4685 1442 4742 Seleuciae
1455 4687 1867 4744 vehementius
1882 4689 2230 4748 Dioscorum

575 4776 1061 4849 reprehenderet,
1091 4782 1148 4832 et
1176 4781 1332 4832 recte
1357 4781 1568 4833 contra
1599 4778 1926 4850 Eutychem
1957 4780 2230 4851 opinare-

571 4872 684 4936 tur,
718 4864 888 4921 illum
927 4865 1451 4935 interrogaverunt
1479 4867 1802 4938 praesides:
1834 4884 2025 4940 quare
2063 4885 2226 4925 nunc

567 4958 726 5011 recte
753 4953 1036 5026 opinans,
1063 4954 1422 5026 depositioni
1467 4955 1728 5012 Flaviani
1771 4957 2224 5027 subscripsisti?

564 5042 665 5100 llle
695 5048 897 5100 autem
932 5043 1054 5099 vim
1100 5059 1133 5098 a
1182 5044 1462 5101 Dioscoro
1501 5045 1835 5102 adhibitam
1880 5046 2217 5118 praetendit.

560 5134 712 5189 Cum
743 5136 946 5188 autem
961 5132 1058 5188 hic
1074 5131 1348 5188 dixisset:
1376 5135 1505 5189 Non
1526 5133 1846 5205 oportebat
1866 5140 1923 5190 te
1939 5134 2216 5193 homines

556 5219 949 5277 reformidare
996 5221 1079 5277 ita
1120 5225 1188 5277 ut
1223 5221 1757 5294 reprehensionem
1785 5222 2120 5280 incurreres
2157 5229 2215 5283 et

555 5308 842 5379 caderes;
891 5310 1240 5382 respondit:
1294 5311 1352 5368 Si
1399 5314 1538 5367 ante
1575 5311 1864 5383 praesides
1891 5313 2204 5384 stetissem,

546 5402 915 5470 protestatus
945 5415 1139 5456 essem
1165 5416 1178 5466 ;
1211 5404 1327 5456 ate
1357 5404 1560 5456 autem
1581 5399 1906 5471 judicatus,
1938 5406 2004 5457 ut
2031 5418 2067 5459 a
2095 5419 2204 5475 pa-

541 5488 961 5562 trejusto,non
988 5504 1181 5546 ausus
1211 5504 1369 5558 sum,
1393 5489 1590 5546 Filius
1603 5490 1782 5554 enim,
1805 5490 2021 5564 inquit,
2042 5509 2081 5552 a
2092 5509 2203 5564 pa-

627 5717 654 5732 ς

2343 4517 2570 4587 ἄγραφον
2616 4517 2823 4588 χάρτην
2864 4513 3260 4588 ὑπεγράψαμεν.

2416 4692 2473 4754 ς’.
2537 4691 2807 4744 Βασίλείου
2839 4687 2899 4743 δε
2948 4698 3040 4742 τοῦ
3080 4690 3372 4751 Σελευκειας
3404 4687 3751 4765 σφοδρότερον
3793 4691 3960 4765 ἐλέγ-

2336 4802 2522 4854 χοντος
2569 4787 2868 4855 Διόσκορον,
2914 4785 3004 4832 καὶ
3051 4779 3212 4853 ὀρθῶς
3253 4783 3387 4831 κατά
3423 4780 3692 4852 Εὐτυχοῠς
3738 4778 3956 4854 δογμα-

2335 4872 2580 4942 τίζοντος,
2639 4874 2917 4946 ἠρώτησαν
2966 4869 3122 4921 αὐτὸν
3171 4871 3220 4921 οἱ
3265 4871 3535 4944 ἄρχοντες·
3579 4871 3673 4921 Διά
3722 4875 3795 4941 τί,
3855 4882 3961 4925 νῦν

2335 4963 2502 5038 ὀρθῶς
2575 4957 2832 5032 δοξάζων,
2909 4959 3214 5035 ὐπέγραψας
3285 4963 3403 5012 τότε
3477 4966 3541 5030 τῇ
3619 4960 3962 5035 καθαιρέσοίι

2331 5051 2668 5119 Φλαϐιανοῡ;
2739 5050 2797 5103 Ὀ
2855 5046 2915 5101 δὲ
2979 5053 3074 5107 τὴν
3141 5048 3197 5100 ἐκ
3272 5053 3558 5121 Διοσκόρου
3623 5049 3959 5117 προεϐάλετο

2331 5142 2474 5216 βίαν,
2532 5143 2754 5196 Ἐκείνου
2805 5135 2864 5192 δὲ
2907 5139 3158 5206 εἰπόντος,
3213 5137 3324 5190 Οὐκ
3372 5133 3480 5190 ἔδει
3528 5156 3587 5189 σε
3631 5136 3960 5212 ἀνθρώπους

2325 5223 2640 5298 ἔντραπῆναι
2706 5220 2776 5283 εἰς
2849 5220 3180 5290 κατάγνωσιν
3241 5223 3331 5271 καὶ
3407 5217 3477 5280 εἰς
3543 5224 3743 5270 πτῶσίν
3813 5240 3956 5293 σου,

2323 5313 2644 5388 ἀπεκρίνετοο
2712 5310 2774 5362 Εἰ
2835 5312 2966 5383 πρὸς
3021 5308 3286 5379 ἄρχοντας
3363 5307 3530 5378 εἶχον,
3587 5309 3958 5384 ἐμαρτύρησα

2320 5405 2402 5460 ἄν.
2463 5404 2607 5478 παρὰ
2665 5407 2760 5453 σοῦ
2808 5395 2886 5463 δὲ,
2927 5416 3244 5474 κρινόμενος,
3294 5400 3354 5462 ὡ,
3401 5398 3544 5470 παρὰ
3590 5401 3793 5470 πατρὸς
3843 5397 3956 5454 δι-

2317 5497 2493 5563 καίου,
2542 5491 2637 5544 οὐκ
2667 5491 2936 5562 ἐχρώμην⁸
2979 5493 3112 5551 Παῖς
3151 5505 3277 5561 γαρ,
3323 5490 3475 5558 φησί,
3533 5490 3696 5559 πατρὶ
3743 5483 3962 5550 δίκαιοι
