4106 6296
642 228 713 284 47

1958 220 2228 279 ΝΙΟΕΤᾸΞ
2274 218 2691 279 ΟΗΒΟΝΙΑΤΕ

3936 226 4013 281 48

636 352 859 408 cantur
887 346 1162 422 acephali
1191 361 1317 406 non
1343 349 1698 421 receperunt
1722 346 2025 404 enotieum
2045 343 2262 402 Zenoni
2272 359 2283 399 ε

2409 343 2597 407 αὐτοὺς
2655 345 2921 408 σώζεσθαι
2966 344 3015 399 ἓν
3079 352 3296 421 Χριστῷ
3351 348 3444 406 τὴν
3496 345 3736 406 ἀλήθειαν
3781 355 3873 410 τῆς
3913 348 4015 401 ὄιν-

594 500 597 503 ,
645 439 1045 512 imperatoris,
1102 438 1249 511 quia
1294 437 1355 494 in
1407 437 1507 493 illo
1571 452 1695 493 non
1762 434 2301 494 anathematizatur

648 527 1152 586 Chalcedonensis
1198 526 1492 599 synodus.
1531 525 1815 599 Acephali
1860 530 2063 582 autem
2106 522 2297 581 vneati

647 621 807 682 sunt,
839 633 911 673 eo
940 615 1106 690 quod
1130 631 1254 672 non
1273 615 1566 671 haberent
1594 615 1933 688 episcopos.
1950 612 2113 670 Unde
2135 610 2301 685 apud

648 707 814 777 ipsos
864 704 1280 761 deﬁcientibus
1325 702 1642 777 episcopis,
1685 718 1809 759 non
1846 702 2077 759 faciunt
2103 700 2300 772 bapti-

653 811 787 851 sma
810 796 987 866 juxta
1027 792 1501 851 ecclesiasticum
1545 808 1864 860 canonem,
1915 791 2019 847 sed
2073 794 2297 846 sanctae

652 883 1003 957 Epiphaniae
1031 883 1178 939 festo
1203 898 1396 955 aquas
1420 882 1727 951 hauriunt,
1753 896 1974 954 easque
1990 893 2298 936 reservan-

650 977 737 1029 tes
768 974 830 1029 in
855 973 925 1028 iis
943 971 1276 1044 baptizant;
1302 971 1407 1027 sed
1436 986 1634 1045 neque
1654 970 2031 1027 collationem
2050 968 2294 1025 faciunt:

649 1062 1141 1119 communionem
1178 1076 1321 1117 vero
1350 1060 1641 1118 habentes
1671 1076 1745 1117 ex
1774 1059 2041 1133 pristinis
2070 1062 2299 1130 tempo-

644 1153 814 1208 ribus
834 1150 1215 1215 custoditam,
1235 1165 1307 1206 ex
1336 1165 1409 1207 ea
1432 1165 1540 1222 per
1564 1149 1781 1205 festum
1807 1148 2049 1205 Pascha:
2079 1147 2297 1204 tenuis-

646 1242 832 1299 simas
860 1245 1058 1315 partes
1089 1238 1584 1297 convenientibus
1621 1237 1965 1312 porrigunt.

2411 435 2669 508 θρωπίνης
2725 438 2945 507 φύσεως
3006 437 3055 489 οἱ
3109 432 3168 488 δὲ
3232 435 3537 509 καλούμενοι
3596 437 3868 511 Ἀκέφαλοι
3913 439 4017 491 οὐκ

2409 520 2650 588 ἐδέξαντο
2714 528 2773 578 τὸ
2839 526 3075 578 ἑνωτικόν
3126 533 3217 579 τοῦ
3274 524 3535 599 βασιλέως
3590 533 3841 599 Ζήνωνος,
3915 524 4018 582 διὰ

2408 618 2467 667 τό
2506 619 2579 687 μὴ
2649 614 3127 689 ἁναθεματισθῆναι
3183 614 3232 668 ἓν
3280 617 3420 687 αὐτῷ
3458 622 3552 674 τήν
3596 616 3643 670 ἐν
3700 615 4016 678 Χαλκηδόνι

2412 700 2650 758 σύνοδον.
2702 704 2974 776 Ἀκέφαλοι
3031 701 3091 757 δε
3132 704 3429 763 ἐκλήθησαν
3486 705 3541 758 ἐκ
3595 706 3689 758 τοῦ
3748 712 3820 780 μὴ
3863 710 4014 779 ἔχειν

2409 790 2740 854 ἐπισκόπους·
2787 795 2917 866 ὅθεν,
2965 792 3296 847 ἐκλειπόντων
3326 803 3425 847 τῶν
3457 794 3577 869 παρ’
3614 796 3788 857 αὐτοῖς
3833 799 4013 872 ἱερέων

2408 878 2531 935 οὐδὲ
2598 881 2879 955 βάπτισμα
2942 891 3156 936 ποιοῦσι
3220 886 3357 937 κατά
3414 887 3501 936 τόν
3567 884 4013 943 ἐκκλησιαστικὸν

2404 976 2614 1037 κανόνα,
2648 970 2754 1023 ἀλλ’
2794 971 2843 1024 ἓν
2891 981 2952 1045 τῇ
3004 972 3151 1046 ἑορτῇ
3180 981 3279 1025 τῶν
3305 973 3466 1045 ὐφίων
3497 979 3790 1047 Θεοφανίων
3824 975 4013 1051 ἀρύον-

2405 1080 2493 1113 ται
2555 1058 2746 1127 ὕδατα,
2800 1065 2889 1114 καὶ
2944 1069 3112 1115 ταῦτα
3166 1060 3521 1135 φυλάττοντες,
3558 1062 3918 1136 βαπτίζουσιν
3962 1065 4013 1118 ἐν

2406 1151 2602 1213 αὐτοῖς·
2645 1150 2757 1203 ἀλλ’
2813 1148 2937 1204 οὐδὲ
2976 1148 3345 1226 προηομιὸἡν
3386 1160 3646 1206 ποιοῦσιν·
3704 1156 3917 1226 ἔχοντες
3952 1152 4013 1208 δι

2404 1245 2673 1293 κοινωνίαν
2729 1240 2784 1292 ἐκ
2840 1240 3159 1314 παλαιτέρων
3210 1244 3415 1316 χρόνων
3470 1241 3887 1315 πεφυλαγμένην,
3958 1244 4016 1309 ἐξ

2404 1330 2570 1391 αὐτῆς
2593 1331 2726 1382 κατὰ
2770 1334 2864 1389 τήν
2908 1329 3090 1402 ἑορτὴν
3120 1337 3213 1383 τοῦ
3243 1332 3446 1402 Πάσχα
3477 1334 3832 1406 σμικροτάτας
3858 1339 4013 1408 μερί-

2404 1415 2499 1481 δας
2527 1428 2636 1481 τοῖς
2660 1427 2900 1472 συνιοῦσι
2931 1416 3199 1473 διδόασιν.

717 1525 801 1582 l0.
844 1518 955 1579 Alii
999 1520 1344 1593 Julianistaa,
1402 1525 1505 1579 aut
1563 1520 1806 1579 Cainitre
1858 1519 2142 1577 dicuntur
2187 1518 2283 1592 qui

2475 1526 2530 1581 ι’.
2564 1525 2743 1580 ’Ἄλλοι
2799 1525 3192 1596 Ἰουλιανισταὶ,
3240 1530 3400 1600 ἤγουν
3462 1533 3731 1582 Γαῖανίται
3755 1572 3769 1598 ,
3835 1528 4016 1603 λέγον-

641 1611 876 1668 Domini
904 1609 1117 1669 Christi
1143 1626 1366 1683 corpus
1397 1614 1663 1667 creatum
1689 1608 1938 1683 quidem
1959 1609 2169 1665 dicunt
2192 1608 2283 1663 in-

2400 1633 2508 1685 ται,
2540 1616 2724 1678 οἵτινες
2753 1618 2812 1667 τό
2864 1623 3015 1689 σῶμα
3066 1622 3159 1668 τοῦ
3215 1621 3477 1670 Δεσπότου
3518 1626 3749 1693 Χριστοῦ
3787 1617 4014 1691 λέγουσι

638 1700 999 1775 eorruptible
1037 1704 1238 1757 autem
1286 1716 1359 1756 ex
1406 1699 1541 1773 ipsa
1583 1698 2017 1773 incorruptibili
2055 1713 2283 1754 assum-

2398 1709 2610 1758 κτιστόν
2657 1708 2768 1778 μὲν,
2827 1704 3087 1781 ἄφθαρτον
3162 1701 3221 1758 δὲ
3277 1704 3330 1769 ἐξ
3389 1706 3553 1770 αὐτῆς
3612 1716 3707 1770 τῆς
3770 1706 4012 1783 ἀφθόρου

635 1790 861 1864 plione.
914 1789 1023 1846 Alii
1071 1793 1273 1846 autem
1321 1787 1529 1845 dicunt
1584 1805 1656 1846 ex
1712 1788 1814 1845 illa
1869 1787 2287 1861 assumptione

632 1895 756 1937 non
777 1879 963 1937 modo
1009 1878 1456 1952 incorruptibile
1502 1894 1649 1946 esse,
1683 1877 1791 1933 sed
1820 1881 1877 1934 et
1912 1878 2243 1933 increatum
2271 1895 2285 1945 ;

631 1969 869 2042 utrique
918 1968 1248 2024 Julianistas
1323 1967 1608 2041 appellati
1686 1971 1827 2024 sunt
1898 1981 1972 2023 ex
2044 1965 2286 2021 Juliano

629 2060 900 2133 quodam
953 2059 1409 2117 Halicarnasseo
1455 2058 1639 2131 hujus
1677 2057 1964 2115 doctrinas
1991 2062 2235 2113 auctore
2268 2073 2282 2125 ;

628 2150 867 2206 Cuinitas
893 2165 930 2206 a
955 2148 1138 2207 Caino
1181 2163 1392 2205 eorum
1428 2162 1592 2221 papa
1623 2147 1994 2203 Alexandria:
2021 2145 2200 2215 facto,
2229 2148 2288 2202 et

623 2239 840 2295 Juliani
888 2252 1241 2295 successore
1287 2237 1542 2309 ejusque
1593 2236 1952 2306 dogmatum
2002 2235 2281 2303 fautore;

622 2342 779 2398 quos
835 2326 928 2383 sui
974 2325 1304 2384 adversarii
1340 2324 1799 2382 Phantasiastas
1844 2330 1903 2381 et
1927 2323 2283 2382 Manichaeos

620 2420 860 2473 vocant.
915 2415 983 2471 Hi
1032 2430 1174 2472 vero
1230 2414 1609 2471 adversarios
1654 2429 1800 2471 suos
1855 2412 2281 2469 Phtartolatras

622 2503 1048 2578 (corruptionis
1100 2503 1383 2575 cultores)
1435 2507 1492 2560 et
1551 2502 1918 2560 Ctenolatras
1965 2500 2279 2572 (interfecti

623 2592 904 2665 cultores)
936 2592 1289 2661 nominant;
1316 2592 1620 2650 Severiani
1645 2596 1702 2649 et
1728 2595 2032 2663 Agnoetae,
2061 2590 2165 2664 qui
2194 2590 2282 2647 di-

624 2687 769 2739 cunt
807 2685 995 2739 Deum
1039 2681 1299 2738 Verbum
1330 2681 1538 2738 omnia
1565 2696 1836 2751 noscere,
1866 2681 2095 2738 unitam
2139 2683 2287 2738 vero

622 2771 736 2845 ipsi
795 2771 1192 2846 personaliter
1245 2770 1685 2828 humanitatem
1722 2769 1914 2827 multa
1957 2770 2276 2840 ignorare;

621 2861 723 2935 qui
744 2861 993 2935 quidem
1024 2876 1097 2917 ex
1128 2876 1240 2918 sua
1276 2860 1551 2917 doctrina
1575 2863 1856 2931 Agnoetae
1888 2859 1967 2916 ab
1994 2859 2276 2915 adversa-

2395 2884 2577 2918 στασιν
2644 2867 3024 2940 ἀνθρωπότητα
3094 2864 3260 2917 πολλὰ
3344 2863 3561 2936 ἀγνοεῖν·
3639 2867 3827 2925 οἵτινες

620 2952 722 3008 riis
747 2951 1042 3008 nominati
1062 2955 1230 3019 sunt;
1259 2954 1399 3006 sunt
1419 2955 1620 3006 autem
1646 2953 1703 3005 et
1725 2949 2043 3017 Severiani,
2068 2950 2278 3006 Conto-

2395 2962 2478 3008 τοῦ
2545 2950 2807 3028 δόγματος
2905 2954 3182 3025 Ἀγνοῆται
3266 2952 3649 3027 ὠνομάσθησαν
3723 2954 3827 3006 ὑπό
3895 2962 4012 3007 τῶν

620 3039 910 3109 babditas,
960 3040 1064 3113 qui
1107 3039 1316 3096 dicunt
1363 3054 1553 3096 unum
1612 3041 1799 3095 Deum
1828 3054 2083 3095 numero
2123 3054 2274 3107 esse,

2395 3042 2625 3097 ἐναντίων
2691 3043 2888 3104 αὐτοῖς·
2957 3043 3117 3116 ἕτεροι
3194 3038 3253 3096 δὲ
3313 3041 3606 3116 Σιϐηρῖται,
3646 3044 3826 3096 οἱκαὶ
3868 3050 4013 3097 Κον-

622 3146 745 3187 non
776 3137 981 3188 autem
1000 3145 1105 3203 per
1128 3128 1335 3186 omnia
1357 3127 1535 3185 simili
1556 3127 1896 3201 aequalitate
1916 3133 1974 3185 et
1992 3128 2277 3185 eumdem

624 3221 863 3275 Patrem
890 3222 949 3275 et
980 3218 1191 3275 Filium
1234 3221 1291 3274 et
1333 3217 1625 3291 Spiritum
1663 3220 1940 3273 sanctum
1987 3217 2275 3286 dicentes,

622 3308 729 3379 qui
767 3305 1222 3364 Contobabditie
1249 3305 1546 3363 nominati
1575 3310 1717 3362 sunt
1754 3321 1791 3362 a
1820 3305 1945 3361 suis
1990 3305 2278 3362 adversa-

626 3396 751 3465 riis,
767 3394 913 3468 quia
931 3394 993 3449 in
1018 3394 1089 3450 iis
1108 3392 1654 3466 ConstantinOpolis
1674 3393 1947 3467 partibus
1969 3409 2109 3467 quae
2133 3397 2279 3452 Con-

627 3484 940 3541 tobabdon
981 3481 1296 3539 dicebatur
1342 3480 1766 3539 detestandum
1798 3482 2113 3555 quoddam
2144 3499 2282 3540 con-

627 3574 794 3630 clave
815 3570 1124 3628 habebant
1146 3586 1341 3644 eoque
1376 3570 1417 3626 ii
1445 3571 1549 3644 qui
1576 3569 1715 3627 talia
1744 3571 2099 3635 sentiebant,
2133 3572 2281 3628 sole-

625 3661 776 3719 bant
794 3660 1131 3719 convenire.
1157 3659 1268 3726 Qui
1288 3674 1429 3716 vero
1449 3658 1805 3715 dicebantur
1826 3660 2282 3717 Contobabditm

630 3758 685 3807 et
715 3750 819 3824 qui
859 3749 1235 3806 vocabantur
1276 3755 1578 3818 Agnoetae,
1627 3748 1799 3820 prius
1834 3749 2080 3821 quidem
2108 3766 2283 3807 voca-

628 3840 851 3897 bantur
898 3837 1299 3896 Theodosiani
1346 3842 1411 3893 ut
1458 3836 1856 3893 Theodosium
1908 3838 2282 3894 Alexandriae

630 3931 982 4003 episcopum
1012 3928 1386 4001 recipientes.
1425 3926 1821 3984 Anathemate
1851 3933 2051 3984 autem
2077 3927 2154 3984 ab
2180 3927 2280 3984 illo

629 4020 924 4093 percussi,
939 4021 1222 4088 Agnoette
1247 4016 1493 4091 quidem
1509 4022 1751 4089 propter
1770 4018 2123 4087 ignorantiae
2144 4018 2284 4074 dor-

632 4109 872 4175 trinam,
905 4107 1483 4179 Contobabditaeque
1513 4122 1583 4162 eo
1613 4106 1778 4179 quod
1804 4122 1926 4162 non
1952 4107 2287 4179 recipereLt

2399 1793 2721 1866 συλλήψεως·
2775 1797 2937 1869 ἕτεροι
2989 1798 3039 1846 οί
3102 1794 3327 1866 λέγοντες
3386 1798 3444 1848 τό
3514 1804 3667 1869 σῶμα
3703 1804 3794 1849 τοῦ
3823 1805 4011 1871 Χρισ-

2395 1890 2486 1935 τοῦ
2537 1884 2594 1936 οὗ
2647 1887 2799 1956 μόνον
2852 1884 3111 1957 ἄφθαρτον
3159 1882 3212 1947 ἐξ
3257 1883 3423 1945 αὐτῆς
3480 1884 3799 1956 συλλήψεως.
3873 1884 4013 1939 ἀλλὰ

2394 1978 2485 2026 καὶ
2539 1974 2807 2026 οἴκτιστον·
2868 1974 3102 2047 ἓκάτεροι
3154 1968 3213 2025 δὲ
3274 1972 3643 2027 Ἰουλιανισταὶ
3699 1972 4010 2033 ἐκληθησαν

2396 2062 2497 2116 ἀπὸ
2574 2061 2856 2116 Ἰουλιανοῦ
2935 2082 3073 2124 τινος
3155 2061 3561 2138 Ἀλικαρνασέως
3649 2063 4011 2136 κατάρξαντος

2393 2159 2485 2205 τοῦ
2521 2148 2789 2225 δόγματος
2818 2151 3010 2204 αὐτῶνο
3060 2156 3329 2204 Γαῖανῖται
3381 2148 3440 2205 δὲ
3484 2151 3584 2205 ἀπὸ
3634 2159 3857 2206 Γαῖανοῦ
3907 2163 4009 2208 τοῦ

2392 2247 2665 2316 γενομένου
2725 2244 2892 2295 αὐτῶν
2950 2243 3099 2295 πάπα
3142 2239 3191 2294 ἐν
3239 2238 3623 2317 Ἀλεξανδρείᾳ,
3665 2247 3755 2296 καὶ
3804 2239 4011 2298 διαδε-

2394 2329 2613 2403 ξαμένου
2684 2329 2981 2398 Ἰουλιανόν,
3038 2333 3129 2382 καὶ
3170 2331 3238 2382 τὰ
3294 2326 3536 2403 δόγματα
3579 2331 3755 2385 αῦτόὐ·
3813 2331 3905 2395 οὓς
3959 2336 4012 2387 οἱ

2391 2419 2612 2472 ἐναντίοι
2669 2418 2837 2472 αὐτῶν
2894 2420 3295 2480 Φαντασιαστὰς
3358 2424 3449 2472 καὶ
3512 2422 3854 2491 Μανιχαίους
3910 2439 4014 2474 κοι-

2389 2508 2559 2562 λοῦσι·
2619 2514 2710 2561 καὶ
2760 2508 2905 2561 οὗτοι
2958 2504 3018 2561 δὲ
3075 2511 3191 2569 τοὺς
3240 2506 3499 2570 ἐναντίους
3552 2506 3719 2559 αὐτῶν
3760 2509 4009 2583 φθαρτο-

2388 2597 2581 2673 λάτρας
2632 2602 2723 2650 καὶ
2782 2596 3134 2672 κτηνολάτρας
3190 2595 3530 2670 ὀνομάζουσι·
3594 2595 3871 2672 Σεϐηρῖται
3944 2595 4012 2651 δὲ

2388 2689 2438 2740 οἱ
2483 2691 2574 2740 καὶ
2622 2686 2923 2759 Ἀγνοῆται,
2982 2687 3031 2739 οἱ
3075 2686 3303 2758 λέγοντες
3354 2688 3445 2759 μὲν
3500 2688 3588 2739 τόν
3633 2689 3763 2740 Θεόν
3821 2690 4010 2759 Λόγον

2386 2778 2557 2830 πάντα
2609 2782 2906 2848 γινώσκειν,
2959 2779 3053 2834 τὴν
3107 2770 3166 2828 δί
3221 2777 3485 2848 ἡνωμένην
3524 2775 3664 2846 αὐτῷ
3703 2774 3821 2827 καθ’
3863 2776 4011 2830 ὑπό-

3890 2870 4008 2919 ἀπό

2387 3130 2721 3201 τοϐαϐὃῖται,
2775 3134 2824 3185 οἱ
2877 3131 3106 3204 λέγοντες
3150 3132 3238 3185 ἕνα
3285 3136 3414 3186 Θεὸν
3465 3130 3595 3185 εἶναι
3636 3139 3708 3204 τῷ
3761 3130 4013 3206 ἀριθμῷ,

2388 3228 2478 3275 καὶ
2525 3222 2653 3294 οὐχὶ
2708 3229 2770 3295 τῇ
2819 3218 3201 3294 ἀπαραλλάκτῳ
3257 3221 3479 3294 ἰσότητι,
3541 3226 3632 3275 καὶ
3684 3224 3768 3274 τόν
3838 3223 4017 3276 αὐτόν

2391 3316 2598 3387 Πατέρα
2643 3310 2735 3363 καὶ
2786 3312 2904 3365 Υίόν
2952 3315 3042 3363 καὶ
3097 3310 3246 3382 άγιον
3306 3317 3515 3385 Πνεῦμα
3567 3314 3874 3384 φάσκοντες,
3931 3315 4019 3366 οἶ-

2389 3420 2517 3463 τινες
2581 3395 2998 3454 Κοντοϐαϐδίται
3063 3399 3449 3472 ὠνομάσθησαν
3519 3402 3619 3453 ὑπὸ
3682 3408 3780 3452 τῶν
3847 3399 4019 3454 ἐναν-

2389 3495 2511 3543 τίων
2552 3490 2740 3558 αῦτῶν,
2783 3485 2877 3541 διὰ
2921 3492 2977 3541 τό
3019 3487 3068 3541 ἐν
3124 3496 3235 3551 τοῖς
3284 3488 3575 3562 λεγομένοις
3625 3486 4020 3545 Κοντοϐάϐὃου

2391 3577 2439 3632 ἓν
2508 3576 3045 3632 Κωνσταντινουπόλει
3110 3579 3251 3649 ἔχειν
3315 3596 3368 3631 τι
3430 3581 3666 3653 μυσαρὸν
3729 3587 4022 3641 συνακτή-

2390 3686 2523 3742 ριον,
2589 3665 2738 3719 κάκεῖ
2805 3667 3126 3738 συνάγεσθαι
3190 3669 3306 3727 τοὺς
3370 3670 3436 3719 τὰ
3482 3674 3697 3720 τοιαῦτα
3743 3678 4019 3741 φρονοῦν-

2391 3775 2500 3817 τας.
2558 3754 2719 3808 Οὗτοι
2777 3752 2835 3808 δὲ
2884 3755 2934 3807 οἰ
2986 3754 3247 3829 λεγόμενοι
3303 3751 3736 3823 Κοντοϐαϐὃῑται,
3794 3758 3846 3809 οἰ
3916 3764 4024 3811 καὶ

2391 3845 2699 3918 καλούμενὸι
2757 3844 3056 3917 ’Λγνοῆται,
3126 3853 3329 3919 πρῶτον
3384 3848 3475 3917 μὲν
3527 3844 3801 3897 ἐκαλοῦντο
3862 3856 4022 3901 Θεο-

2393 3930 2673 4004 δοσιανοὶ,
2737 3937 2806 3997 ὡς
2872 3930 3158 3987 Θεοδόσιον
3236 3930 3515 4007 δεχόμενοι
3579 3938 3664 3987 τόν
3724 3939 4025 4009 γενόμενον

2392 4027 2568 4078 πάπαν
2644 4020 3053 4098 Ἀλεξανδρείας
3151 4021 3638 4096 ἀναθεματισθέντες
3721 4020 3781 4077 δὲ
3876 4043 4055 4103 παρη

2394 4113 2553 4166 αὐτοῦ
2583 4114 2633 4165 οἱ
2657 4110 2745 4185 μὲν
2806 4111 3086 4183 Ἀγνοῆται
3133 4107 3228 4164 δ’ιά
3277 4114 3336 4163 τό
3364 4108 3539 4183 δόγμα
3566 4120 3656 4172 τῆς
3683 4109 3923 4184 ἀγνοίας,
3967 4118 4053 4179 οἱ]

631 4197 706 4253 de
732 4200 934 4252 sancta
977 4195 1255 4252 Trinitate
1285 4195 1621 4252 doctrinam
1653 4194 1730 4251 ab
1770 4195 1900 4268 ipso
1930 4197 2279 4268 repositam,

2395 4200 2452 4255 δὲ
2498 4198 2914 4256 Κοντοϐαϐὃίται
2963 4196 3058 4254 διὰ
3110 4204 3169 4253 τό
3216 4204 3289 4273 μὴ
3338 4197 3593 4263 δέξασθαι
3638 4205 3725 4253 τόν
3754 4207 3880 4275 περὶ
3910 4192 4053 4271 τήςλ

632 4286 915 4358 deinceps
934 4300 1058 4341 non
1081 4285 1210 4355 jam
1234 4284 1631 4341 Theodosiani
1660 4290 1953 4341 vocantur
1975 4302 2010 4342 a
2033 4286 2158 4342 suis
2179 4285 2283 4342 ad-

2395 4292 2546 4364 ἁγίκς
2596 4287 2823 4366 Τριάὸος
2873 4295 3041 4362 Λόγον
3093 4293 3180 4342 τόν
3227 4288 3314 4342 ὑπ’
3372 4288 3531 4342 αὐτόν
3564 4289 3852 4361 ἐκτεθέντα,
3895 4291 4051 4349 λοιςς

632 4375 933 4443 versariis,
966 4388 1039 4430 ex
1088 4390 1211 4446 quo
1258 4389 1382 4429 non
1428 4373 1721 4446 recipiunt
1764 4374 2185 4443 Theodosium,
2218 4380 2283 4433 ut

2395 4385 2487 4434 πόν
2540 4379 2712 4434 οὐκέτι
2756 4375 3100 4433 Θιοὸοσιανοι
3156 4378 3433 4432 καλοῦνται
3489 4380 3589 4431 ὑπό
3611 4388 3709 4431 τῶν
3753 4375 4049 4441 ἐναντίωνΞ

632 4463 857 4520 dictum
889 4466 993 4517 est.
1041 4461 1155 4519 Sed
1185 4461 1282 4518 alii
1306 4476 1378 4518 ex
1408 4461 1681 4518 doctrina
1713 4479 1823 4519 sua
1853 4467 2154 4533 Agnoetae,
2183 4463 2280 4521 alii

632 4570 703 4610 eo
732 4552 866 4608 loco
906 4549 1376 4609 Contobabclitae.
1410 4552 1478 4606 Et
1514 4551 1887 4608 concordant
1933 4552 2180 4624 quidem
2221 4553 2282 4608 in

633 4642 757 4698 suis
788 4640 863 4698 de
894 4644 1059 4697 Patre
1086 4644 1143 4695 et
1170 4639 1311 4696 Filio
1332 4644 1387 4696 et
1427 4638 1646 4712 Spiritu
1676 4646 1884 4697 sancto
1912 4657 2187 4698 sermone
2220 4647 2284 4699 ut

633 4747 819 4787 unam
859 4730 1194 4786 doctrinam
1238 4733 1527 4799 tenentes,
1571 4730 1917 4802 discrepant
1967 4747 2131 4801 vero,
2175 4747 2282 4805 per

628 4818 982 4891 ignorantiae
1014 4819 1375 4876 doctrinam.
1398 4820 2122 4893 Severumquerecipiunt
2142 4807 2279 4877 utri-

628 4926 769 4982 que,
801 4908 1126 4966 Antiochiae
1152 4907 1378 4964 factum
1406 4910 1785 4984 episcopum,
1821 4914 2193 4984 quapropter
2222 4916 2278 4968 et

629 4999 899 5059 Severitee
924 4998 1218 5057 nominati
1245 5003 1404 5057 sunt.

2394 4470 2580 4536 αὐτῶν,
2637 4465 2818 4528 ἐπειδὴ
2878 4469 2936 4521 οῦ
2984 4465 3231 4541 δέχονται
3280 4469 3355 4520 ἔτι
3403 4464 3709 4533 Θεοδόσιον,
3752 4470 3823 4531 ὡς
3848 4472 4047 4548 εἴρῃ-ξ

2392 4579 2501 4631 ται,
2547 4558 2653 4611 ἀλλ’
2703 4559 2753 4612 οἰ
2806 4561 2895 4631 μιν
2958 4557 3012 4610 ἔκ
3076 4565 3169 4611 τοῦ
3218 4554 3481 4631 δόγματος
3528 4558 3827 4630 Ἀγνοῆται,
3857 4561 3915 4613 οἱ
3960 4552 4045 4629 δέ

2393 4647 2446 4701 ἐκ
2493 4656 2585 4701 τοῦ
2633 4654 2815 4717 τόπου,
2868 4643 3301 4702 Κοντοϐαϐὃίταιν
3360 4652 3450 4700 καὶ
3514 4655 3859 4720 συμφωνοῦσι

2394 4698 2446 4701 “ή“
2503 4698 2575 4701 ⁷-⁷
2642 4698 2815 4717 ⁷⁷⁷ν⁷ή1
2870 4698 2932 4702 ”⁷“
2979 4698 3051 4700 V"
3092 4698 3275 4699 777777”
3364 4698 3447 4700 77H
3524 4698 3531 4699 ί
3582 4698 3641 4720 [ὁ
3740 4698 3747 4699 7
3809 4698 3858 4701 ⁷*
3913 4698 4037 4724 Γ-’ν

2391 4736 2622 4807 ἀλλήλοι;
2691 4738 2923 4812 ἑκάτεροι
2988 4738 3058 4798 εἰς
3110 4740 3192 4789 τὸν
3246 4740 3365 4810 περὶ
3397 4741 3602 4811 Πατρός
3628 4740 3720 4789 καὶ
3745 4739 3877 4791 Υίοῦ
3914 4698 4043 4859 κοιῆ

2392 4827 2542 4859 ίιωίλ..
2596 4830 2889 4859 η....’.,.η...,.,
2931 4825 3080 4859 3.1.”-..
3146 4823 3212 4859 οἳ..
3270 4822 3319 4859 σὲ..
3377 4821 3549 4859 ἑλληη,
3596 4828 3801 4859 ξηαπ-..-
3870 4825 3994 4859 ἃ-..

2392 4827 2542 4899 ἁγίου
2594 4830 2889 4899 Ιινεὺματος
2931 4825 3102 4898 λόγον,
3145 4823 3212 4888 ὠς
3269 4822 3319 4878 ἓν
3377 4821 3551 4899 δόγμα
3594 4828 3823 4897 ἔχοντες,
3869 4825 4040 4895 δια-η

2388 4923 2616 4987 φωνοῦσι
2652 4909 2710 4968 δὲ
2740 4919 2811 4977 εὶς
2839 4917 2895 4967 τό
2926 4917 3044 4988 περὶ
3086 4923 3182 4975 τῆς
3213 4912 3425 4985 ἀγνοίας
3458 4910 3654 4988 δόγμαο
3684 4911 3918 4990 Σεϐῆρον
3960 4898 4040 4987 δή

2387 5001 2637 5076 δέχονται
2724 5000 2783 5058 δὲ
2868 5004 3101 5078 ἑκάτεροι
3175 5006 3263 5056 τόν
3335 5007 3601 5077 γενόμενον
3664 4996 4038 5079 Ἀντιοχείαέ

2385 5092 2687 5148 ἐπίσκοπον·
2721 5090 2808 5147 διὸ
2840 5098 2930 5147 καὶ
2960 5091 3233 5168 Σεϐηρίται
3264 5093 3662 5166 ἁνομάσθησαν.
4032 5088 4035 5187 ‘

697 5198 781 5256 tt.
820 5196 932 5257 Alii
977 5198 1271 5272 Severitae,
1313 5196 1712 5257 Theodosiani
1768 5202 1826 5256 et
1871 5198 2269 5270 Paulianistze,

619 5290 724 5364 qui
746 5289 1061 5362 praedictos
1082 5290 1362 5347 Severum
1384 5294 1441 5345 et
1465 5287 1953 5344 Theodosianum
1971 5290 2273 5363 accipiunt

621 5386 841 5437 etcum
884 5378 994 5436 illis
1032 5379 1285 5435 Paulum
1333 5377 1627 5435 Melanum
1671 5378 2033 5447 cognomine
2067 5379 2170 5453 qui
2209 5380 2271 5437 in

617 5486 729 5527 sua
766 5469 841 5526 de
882 5472 1048 5526 Patre
1094 5474 1152 5526 et
1200 5468 1341 5525 Filio
1373 5472 1431 5524 et
1478 5465 1698 5539 Spiritu
1742 5475 1950 5525 sancto
1994 5466 2268 5529 doctrina

613 5578 752 5618 cum
774 5559 1225 5619 Contobabditis
1248 5556 1675 5626 consentirent,
1699 5556 2041 5633 discrepant
2062 5565 2264 5621 autem

2458 5200 2527 5254 ια’
2592 5196 2771 5256 ’Ἄλλοι
2826 5200 3122 5277 Σεϐηρῖται,
3199 5201 3250 5254 οἱ
3329 5203 3419 5253 καὶ
3481 5196 3828 5254 Θεοδοσιανοὶ
3909 5196 4034 5291 διυᾴ

2382 5291 2784 5363 Παυλιανισταὶ,
2828 5293 2878 5345 οἱ
2935 5289 3214 5365 δεχόμενοι
3267 5288 3490 5366 Σεϐῆρον
3547 5294 3637 5342 καὶ
3696 5286 4032 5366 Θεοδόσιος

2380 5385 2500 5444 τοὺς
2527 5381 2846 5456 εἰρημένους,
2900 5386 2990 5434 καὶ
3042 5384 3135 5433 σὺν
3187 5379 3360 5443 αὐτοῖς
3417 5378 3616 5433 Παῦλον
3653 5380 3739 5431 τὸν
3769 5377 4031 5448 irini-ni

2378 5473 2627 5542 Μελανόν,
2697 5474 2882 5533 οἵτινες
2936 5470 2984 5523 ἐν
3034 5474 3126 5545 μὲν
3179 5478 3251 5543 τῷ
3307 5473 3426 5545 περὶ
3480 5470 3686 5542 Πατρός
3722 5473 3817 5522 καὶ
3860 5470 4030 5535 Υἰοὲ

2375 5567 2466 5616 καὶ
2539 5561 2697 5637 ἅγιον
2780 5562 3079 5634 Πνεῦματος
3159 5557 3390 5635 δόγματι
3464 5563 3810 5631 συμφωνοῦσι
3873 5564 4028 5639 τοῖέ

4018 5766 4023 5853 J

4014 5962 4019 6059 ἔ
