4106 6296
589 315 656 369 Si
1923 309 2194 364 NICETE
2242 307 2612 366 CHONIATE
3887 315 3962 366 52

587 433 974 492 Alexandrini
998 433 1374 504 grammatici
1405 447 1590 506 opera
1619 433 1994 506 recipientes,
2023 447 2244 502 cogno-

2367 437 2570 506 χόμενοι
2598 436 2662 486 τὰ
2693 435 3052 506 συγγοξμματα
3089 433 3327 486 Ἰωάννου
3359 430 3734 508 Ἀλεξανδρέως
3771 455 3962 509 γραμ-

589 525 752 581 mine
775 523 1105 594 Philoponi,
1139 525 1196 578 in
1225 523 1472 592 gentiles
1505 525 1725 596 scripta
1763 541 1898 579 cum
1929 523 2058 579 aliis
2091 524 2246 594 ejus-

589 616 728 672 dem
757 613 992 686 scriptis
1011 613 1337 687 ipsumque
1367 613 1614 668 demum
1649 615 2000 684 rejecerunt.
2032 619 2088 667 et
2117 613 2247 682 ejus

591 719 798 777 opera.
845 703 1172 758 Praedictus
1215 703 1376 758 enim
1419 704 1856 774 grammaticus
1898 705 2157 757 Joannes
2187 702 2247 756 in

595 793 720 849 suis
760 792 835 848 ad
863 795 1100 848 Graecos
1127 790 1294 846 libris
1324 797 1380 846 et
1401 791 1458 846 in
1492 791 1624 846 aliis
1653 791 1776 845 suis
1806 791 2040 860 scriptis
2067 790 2248 845 docu-

595 887 722 938 erat
745 883 873 936 hinc
894 880 1097 936 omnia
1124 894 1381 952 corpora
1409 879 1718 934 sensibilia
1747 879 2082 934 secundum
2113 893 2248 933 ma-

594 971 808 1026 teriam
829 973 886 1026 et
916 969 1174 1024 formam
1201 984 1274 1024 ex
1307 967 1490 1023 nihilo
1517 967 1594 1022 ad
1625 968 2030 1023 exsistentiam
2065 983 2100 1022 a
2131 968 2250 1021 Deo

595 1059 814 1116 educta
864 1073 1014 1122 esse,
1063 1055 1596 1128 corruptibiliaque
1647 1057 1776 1112 haec
1833 1073 1964 1111 esse
2011 1056 2168 1110 facta
2197 1061 2254 1110 et

595 1148 848 1205 materia
876 1149 932 1202 et
977 1145 1173 1202 forma
1211 1145 1538 1217 corrumpi,
1582 1161 1652 1202 ac
1687 1161 1794 1217 pro
1823 1146 1918 1200 his
1957 1135 2082 1200 'alia
2126 1161 2250 1200 cor-

593 1253 746 1310 pora
784 1235 878 1292 his
926 1233 1264 1290 visibilibus
1300 1233 1549 1290 meliora
1586 1239 1644 1290 et
1687 1233 2160 1305 incorruptibilia
2199 1237 2257 1288 et

597 1331 820 1382 eterna
841 1341 878 1382 a
901 1328 1018 1381 Deo
1045 1324 1306 1380 creanda
1340 1339 1469 1379 esse
1495 1343 1508 1391 ;
1541 1323 2254 1393 consummationemque

595 1415 838 1473 dicebat
883 1413 1136 1469 visibilis
1191 1413 1401 1469 mundi
1450 1413 1766 1469 transitum
1825 1429 1956 1468 esse
2009 1419 2064 1468 et
2113 1414 2257 1470 novi

597 1503 813 1560 mundi
844 1503 1324 1572 generationem;
1347 1502 1847 1556 resurrectionem
1881 1507 2080 1556 autem
2105 1516 2272 1580 mor-_

596 1599 840 1648 tuorum
897 1590 1226 1646 deﬁniebat
1286 1607 1416 1646 esse
1471 1590 1858 1645 rationalium
1912 1590 2255 1645 animarum

601 1697 740 1737 cum
791 1679 1164 1752 corruptibili
1239 1695 1490 1752 corpore
1541 1679 1818 1734 unionem
1873 1677 2254 1734 indissolubi-

596 1771 736 1826 lem.

673 1898 757 1950 14.
801 1895 1010 1950 Conon
1059 1893 1236 1964 igitur
1279 1897 1333 1950 et
1383 1894 1512 1964 ejus
1543 1893 1830 1954 fautores,
1863 1897 1928 1947 ut
1967 1891 2252 1956 diximus,

597 1983 763 2057 prius
793 1981 1150 2053 accipientes
1190 1983 1408 2054 scripta
1451 1983 1511 2038 in
1562 1983 1784 2055 quibus
1825 1983 1954 2037 haec
2001 1979 2257 2036 docebat

597 2077 654 2130 et
677 2073 876 2145 ipsum
909 2071 1301 2144 Philoponum
1328 2072 1744 2143 vit-cutemque
1760 2075 1815 2126 et
1845 2077 1980 2143 post
2001 2077 2255 2126 mortem

595 2162 1032 2226 beatiﬁcantes,
1063 2161 1306 2216 tandem
1341 2161 1540 2232 ipsum
1573 2159 1738 2216 illum
1779 2165 1834 2215 et
1872 2161 2003 2229 ejus
2037 2159 2256 2230 scripta

596 2251 931 2322 rejecerunt
976 2267 990 2317 ;
1042 2265 1474 2321 sermonesque
1523 2251 1776 2321 scriptos
1825 2249 2142 2303 ediderunt
2196 2249 2256 2302 in

597 2339 821 2414 quibus
849 2339 1059 2396 dicunt
1089 2357 1346 2412 corpora
1383 2339 1513 2395 haec
1556 2339 1866 2395 sensibilia
1896 2355 1966 2394 ac
2004 2337 2258 2393 visibilia

599 2427 801 2502 quoad
846 2429 1164 2484 materiam
1205 2443 1326 2482 non
1366 2427 1698 2499 corrumpi,
1733 2428 1834 2482 sed
1883 2443 2126 2482 manere
2163 2441 2259 2481 ea-

600 2517 738 2572 dem
762 2521 820 2573 et
841 2516 1098 2572 visibilia
1127 2521 1418 2590 perpetuo
1467 2531 1662 2588 neque
1715 2523 2017 2588 corrupta.
2054 2513 2256 2588 quoad

597 2605 858 2661 formam
901 2609 1102 2661 autem
1146 2605 1344 2661 solum
1385 2605 1692 2677 corrumpi
1725 2611 1781 2661 et
1823 2621 2035 2660 rursus
2077 2603 2258 2659 refor-

599 2695 773 2758 mari,
797 2695 1010 2750 eadem
1044 2695 1296 2751 materia
1325 2695 1630 2750 meliorem
1657 2695 1912 2750 formam
1940 2693 2257 2766 recipiente

597 2783 1108 2856 incorruptibilem
1127 2801 1141 2851 ;
1163 2783 1608 2852 generationem
1631 2783 1792 2838 enim
1819 2783 2068 2838 visibilis
2089 2798 2260 2837 mun-

595 2873 657 2928 di
705 2873 910 2945 quoad
962 2873 1274 2929 materiam
1316 2875 1372 2928 et
1421 2871 1676 2928 formam
1709 2871 1999 2927 exstitisse
2029 2871 2257 2926 dicunt,

593 2961 755 3018 illius
782 2967 982 3018 autem
1005 2959 1788 3034 corruptionem,transitum
1811 2959 2256 3032 nempe,quoad

597 3049 792 3108 solam
817 3050 1098 3107 formam.
1141 3051 1444 3108 Materiam
1471 3049 1652 3116 enim,
1697 3053 1760 3104 ut
1795 3047 2078 3110 diximus.
2106 3065 2258 3104 sem-

597 3128 704 3212 per
721 3155 1082 3213 permanere
1109 3138 1475 3195 conﬁtentur
1504 3138 1783 3194 eamdem
1816 3155 1828 3206 ;
1869 3137 2258 3193 resurrectio-

597 3241 738 3284 nem
784 3235 988 3284 autem
1041 3233 1420 3284 mortuorum
1465 3227 1761 3283 definiunt
1815 3241 1944 3282 esse
1995 3227 2260 3299 corporis

598 3317 781 3387 hujus
810 3331 948 3372 cum
979 3315 1258 3373 rationali
1292 3317 1497 3372 anima
1518 3315 1842 3371 secundam
1867 3316 2151 3371 unionem
2181 3315 2262 3370 in-

600 3403 1035 3460 dissolubilcm.

675 3547 762 3604 15.
799 3547 910 3604 Alii
959 3547 1263 3616 Severitae,
1311 3563 1532 3618 nempe
1574 3547 1972 3604 Theodosiani
1999 3591 2012 3616 ,
2053 3547 2156 3620 qui
2208 3551 2264 3604 et

602 3635 1036 3710 Philoponiaci,
1063 3636 1166 3708 qui
1206 3635 1566 3707 accipientes
1601 3637 1884 3692 Severum
1917 3642 1974 3690 et
2000 3635 2263 3691 Theodo-

605 3729 762 3786 sium
795 3733 860 3782 ut
887 3727 1226 3798 episcopos,
1259 3725 1562 3796 accipiunt
1590 3725 1768 3780 etiam
1811 3731 1874 3780 ut
1907 3725 2262 3794 magistrum

603 3815 1008 3888 Philoponum
1075 3815 1370 3870 Joannem
1429 3819 1484 3870 et
1531 3815 1662 3884 ejus
1711 3814 1954 3885 scripta,
2003 3829 2264 3886 eumque

605 3913 942 3978 sequuntur
979 3919 1100 3962 non
1133 3903 1319 3960 modo
1377 3903 1436 3960 in
1475 3903 1664 3975 ipsius
1701 3903 1776 3958 de
1813 3903 2089 3959 Trinitatc
2133 3919 2265 3958 sen-

603 3997 826 4064 tentiis,
880 3994 986 4050 sed
1044 3995 1224 4050 etiam
1279 3994 1338 4048 in
1387 3993 1516 4064 ejus
1567 3991 1840 4047 doctrina
1887 3991 1962 4046 de
2021 3992 2266 4046 visibilis

605 4083 820 4140 mundi
854 4083 1380 4138 consummatione
1411 4087 1466 4138 et
1499 4080 1749 4136 visibilis
1775 4097 1846 4136 ac
1877 4081 2052 4136 futuri
2087 4095 2263 4150 gene-

546 4161 548 4164 ’
605 4171 836 4228 ratione
870 4175 925 4226 et
954 4175 1330 4226 mortuorum
1367 4170 1820 4226 resurrectione.
1847 4169 1888 4224 li
1909 4185 2050 4224 vero
2071 4185 2266 4240 neque

608 4259 993 4322 Damianum,
1021 4273 1216 4330 neque
1239 4257 1490 4314 Paulum
1515 4273 1708 4330 neque
1729 4256 2002 4312 ultimum
2025 4259 2265 4314 Petrum

2355 531 2598 592 ματικοῦ,
2627 531 2718 574 τοῦ
2740 523 2955 580 ἐπίκλην
2981 523 3284 590 Φιλοπόνου,
3307 524 3376 572 τὰ
3397 523 3514 573 καθ’
3541 521 3786 580 Ἐλλήνων
3815 525 3964 594 αὐτῷ

2355 617 2688 683 γεγραμμένα
2745 615 2872 684 μετὰ
2925 617 3014 662 καὶ
3069 611 3231 662 ἄλλων
3289 611 3449 662 αὐτοῦ
3503 615 3964 682 συγγραμμάτων,

2357 700 2511 752 αὐτόν
2547 720 2598 753 τε
2629 703 2854 771 ἔσχατον
2887 699 3218 768 ἀπεϐάλοντο,
3252 703 3340 750 καὶ
3369 703 3433 750 τα
3461 703 3646 751 τούτου
3681 705 3966 774 συγγράμ-

2357 808 2530 860 ματα·
2583 791 2608 840 ὁ
2649 792 2749 862 γαρ
2783 789 3044 862 εἰρημένος
3083 792 3448 861 γραμματικὸς
3496 787 3733 850 Ἰωάννης
3765 787 3814 840 ἐν
3855 797 3968 850 τοῖς

2357 881 2488 950 πρὸς
2525 882 2648 938 τοὺς
2688 877 2932 937 Έλληνας
2972 875 3194 948 βιϐλίοις
3237 883 3326 928 καὶ
3357 875 3402 927 ἐν
3442 883 3550 938 τοῖς
3593 878 3762 938 ἄλλοις
3797 879 3966 929 αὐτου

2361 969 2772 1038 συγγράμμασιν
2805 966 3034 1037 ἐπήγαγε
3063 969 3128 1017 τὰ
3169 971 3386 1037 σώματα
3431 968 3493 1017 τὰ
3531 966 3762 1022 αἰσθητὰ
3792 975 3970 1018 ταυτα

2359 1059 2530 1106 πάντα
2571 1060 2661 1107 καὶ
2709 1059 2771 1108 τὰ
2815 1057 3045 1127 ὁρώμενα
3077 1056 3210 1106 κατά
3249 1073 3302 1106 τε
3330 1055 3455 1111 ὕλην
3483 1060 3573 1106 καὶ
3611 1053 3749 1116 εἶδος
3782 1055 3838 1106 ἐκ
3867 1065 3968 1107 τοῦ

2362 1149 2432 1215 μή
2465 1145 2608 1204 ὄντος
2638 1144 2706 1206 εἰς
2739 1147 2796 1196 τὸ
2827 1141 2954 1196 εἶναι
2981 1146 3324 1216 παραχϐἡναι
3349 1146 3446 1195 ὑπὸ
3471 1153 3562 1194 του
3587 1147 3970 1216 Θεοῦ,φθαρτα

2363 1252 2416 1285 τε
2437 1241 2602 1284 ταῦτα
2622 1235 2862 1304 γενέσθαι
2883 1238 2972 1284 καὶ
2997 1235 3296 1304 φθείρεσθαι
3317 1234 3450 1284 κατά
3471 1253 3524 1284 τε
3545 1232 3670 1289 ὕλην
3691 1239 3780 1284 καὶ
3805 1231 3970 1300 εἶδος,

2363 1327 2454 1373 καὶ
2513 1320 2626 1373 ἀντὶ
2675 1324 2866 1373 τούτων
2920 1323 3068 1393 ἔτερα
3117 1327 3334 1392 σώματα
3373 1327 3590 1394 κρείττω
3629 1325 3826 1372 τούτων
3865 1331 3975 1372 τῶν

2366 1411 2631 1482 ὁρωμένων
2690 1411 2930 1481 ἄφθαρτα
2971 1414 3060 1461 καὶ
3089 1411 3272 1460 αἰωνια
3301 1411 3400 1460 ὑπὸ
3429 1419 3519 1460 τοῦ
3548 1417 3678 1461 Θεοῦ
3711 1407 3979 1484 δημιουρ-

2363 1501 2574 1569 γεῑσϐαι
2616 1515 2628 1528 ³
2682 1499 2969 1550 συντέλειαν
3015 1518 3068 1550 τε
3125 1502 3216 1569 ἔφη
3275 1506 3365 1549 τοῦ
3419 1500 3676 1570 ὁρωμένου
3737 1505 3976 1570 κόσμου,

2365 1591 2526 1656 ἤγουν
2543 1588 2847 1661 παρέλευσιν
2868 1592 2956 1638 καὶ
2983 1595 3160 1637 καινοῦ
3191 1593 3390 1657 κόσμου
3411 1591 3610 1656 γένεσιν
3633 1607 3643 1618 -
3677 1585 3978 1638 ἀνάστασιν

2366 1672 2424 1728 δὲ
2449 1695 2636 1750 νεκρων
2671 1679 2900 1750 ὡρίσατο
2933 1675 3062 1728 εἶναι
3107 1681 3198 1732 τὴν
3235 1684 3332 1726 τῶν
3362 1675 3580 1746 λογικῶν
3617 1676 3809 1747 ψυχῶν
3843 1683 3980 1750 πρός

2285 1780 2328 1834 Β
2367 1774 2518 1838 σῶμα
2550 1769 2775 1838 φθαρτὸν
2807 1767 2986 1818 ἕνωσιν
3021 1762 3320 1819 ἀδιάλυτον.

2437 1887 2529 1942 ιδ’.
2573 1895 2743 1943 Κόνων
2797 1887 2854 1942 δὲ
2891 1895 2979 1942 καὶ
3034 1889 3082 1942 οἱ
3131 1895 3224 1942 σὺν
3259 1891 3418 1960 αὐτῷ,
3471 1893 3537 1952 ὡς
3577 1894 3802 1962 εἴπομεν,
3831 1893 3976 1965 ττρὸ-

2363 1999 2506 2052 τερον
2562 1975 2838 2050 δεχόμενοι
2887 1983 2952 2030 τὰ
2993 1981 3385 2052 συγγράμματα
3415 1979 3461 2030 ἐν
3493 1981 3568 2040 οἷς
3609 1988 3773 2031 ταῦτα
3843 1977 3976 2032 ἐδο-

2364 2071 2608 2140 γμάτισε.
2665 2073 2753 2120 καὶ
2817 2067 2970 2119 αὐτὸν
3037 2073 3122 2119 τὸν
3186 2067 3461 2120 Φιλόπονον
3521 2069 3690 2128 ζῶντά
3756 2088 3812 2120 τε
3876 2075 3976 2122 καὶ

2365 2161 2494 2230 μετὰ
2558 2157 2794 2213 τελευτὴν
2861 2157 3256 2228 μακαρίζοντες,
3345 2157 3628 2208 τελευταῖον
3693 2159 3848 2208 αὐτόν
3921 2179 3980 2211 τε

2366 2245 2552 2298 ἐκεῖνον
2607 2251 2696 2298 καὶ
2737 2249 2799 2298 τὰ
2855 2249 3246 2318 συγγράμματα
3285 2245 3442 2296 αὑτοῦ
3475 2245 3784 2298 ἁπεϐάλοντο
3819 2264 3831 2274 ·
3885 2247 3978 2298 λό-

2365 2353 2489 2407 γους
2531 2335 2816 2408 ἐγγράφους
2865 2331 3231 2394 ἐκδεδωκότες,
3288 2333 3336 2386 ἐν
3387 2331 3462 2396 οἷς
3493 2335 3734 2406 λέγουσιν
3779 2337 3862 2387 ὃτι
3911 2340 3982 2388 τα

2369 2431 2588 2492 σώματα
2655 2427 2718 2476 τὰ
2779 2424 3008 2480 αἰσθητὰ
3063 2433 3229 2475 ταῦτα
3279 2430 3368 2475 καὶ
3417 2426 3650 2498 ὁρώμενα
3696 2427 3834 2476 κατὰ
3881 2431 3982 2496 μὲν

2365 2517 2460 2571 τὴν
2525 2513 2650 2570 ὕλην
2713 2513 2771 2564 οὗ
2823 2515 3102 2586 φθείρεται,
3144 2511 3271 2564 ἀλλά
3321 2517 3534 2584 μένουσι
3575 2517 3647 2567 ,τὰ
3699 2514 3832 2564 αὐτὰ
3881 2513 3984 2564 καὶ

2368 2603 2599 2674 ὁρώμενα
2640 2602 2804 2653 εἰσαεὶ
2848 2607 2938 2652 καὶ
2987 2606 3056 2672 μὴ
3102 2603 3427 2673 φθειρόμενα,
3468 2605 3602 2652 κατὰ
3641 2598 3698 2654 δὲ
3737 2605 3794 2652 τὸ
3827 2600 3984 2664 εἶδος

2367 2695 2518 2763 μόνον
2581 2693 2858 2763 φθείρεται,
2916 2695 3004 2740 καὶ
3041 2691 3190 2740 πάλιν
3249 2689 3653 2762 ἀναμορφοῦται,
3719 2699 3811 2752 τῆς
3869 2692 3980 2742 αὒ-

2365 2789 2459 2842 τῆς
2484 2780 2610 2841 ὕλης
2648 2787 2878 2852 κρεῖττον
2928 2777 3067 2840 εἶδος
3109 2777 3401 2852 δεχομένης
3430 2781 3687 2853 ἄφθαρτον
3713 2797 3723 2809 ·
3765 2785 3979 2850 γένεσιν

2366 2873 2455 2941 μὲν
2485 2871 2586 2943 γὰρ
2629 2877 2718 2920 τοῦ
2773 2869 3027 2940 ὁρωμένου
3075 2873 3276 2940 κόσμου
3309 2869 3520 2940 λέγουσι
3565 2872 3699 2920 κατά
3739 2887 3790 2920 τε
3840 2870 3978 2928 ὓλην

2369 2961 2458 3009 καὶ
2507 2955 2663 3024 εἶδος,
2709 2959 2900 3031 φθορὰν
2946 2954 3004 3010 δὲ
3050 2957 3230 3020 αὐτοῦ,
3264 2961 3426 3028 ἤγουν
3463 2957 3784 3031 παρέλευσιν,
3831 2965 3980 3011 κατὰ

2367 3052 2518 3119 μόνον
2546 3050 2602 3098 τό
2635 3043 2774 3107 εἶδος
2813 3063 2826 3076 ·

2367 3155 2467 3188 νειν
2528 3135 2842 3208 ὁμολογοῦσι
2895 3139 2987 3192 τὴν
3047 3136 3208 3192 αὐτὴν
3242 3152 3254 3164 ·

2873 3051 2968 3104 τὴν
2996 3049 3096 3119 γὰρ
3130 3047 3272 3114 ὕλην,
3308 3049 3376 3106 ὡς
3407 3050 3626 3118 εἴπομεν,
3663 3045 3739 3098 ἀεὶ
3772 3043 3976 3114 διαμέ-

3317 3134 3602 3188 ἰινςέστασιν
3659 3131 3717 3187 δὲ
3773 3147 3978 3207 νεκρῶν

2368 3227 2631 3298 ὁρίζονται
2671 3221 2799 3276 εἶναι
2863 3228 2957 3280 τὴν
3003 3231 3096 3274 τοῦ
3156 3231 3398 3295 σωματος
3449 3227 3632 3276 τούτου
3685 3228 3813 3298 πρὸς
3875 3231 3980 3282 τὴν

2367 3312 2581 3384 λογικὴν
2605 3312 2792 3384 ψυχὴν
2819 3309 3064 3384 δευτέραν
3095 3313 3274 3364 ἕνωσιν
3303 3309 3604 3366 ἀδιάλυτον.

2446 3543 2518 3598 ιε’.
2566 3543 2745 3597 ’Ἄλλοι
2806 3543 3100 3616 Σεῧηρίται,
3158 3547 3318 3614 ἤγουν
3371 3539 3734 3606 Θεοδοσιανοὶ,
3785 3545 3836 3596 οἱ
3879 3551 3980 3597 καὶ

2371 3633 2755 3700 Φιλοπονιακοὶ,
2806 3635 2856 3684 οἱ
2901 3638 2989 3684 καὶ
3031 3630 3310 3704 δεχόμενοι
3339 3637 3424 3682 τὸν
3457 3631 3672 3704 Σεϐῆρον
3713 3637 3796 3682 atati
3846 3641 3980 3686 Θεο-

2373 3719 2552 3774 δόσιον
2585 3721 2923 3786 ἐπισκόπους,
2966 3719 3243 3794 δεχόμενοι
3297 3719 3355 3774 δὲ
3409 3723 3474 3781 εἰς
3526 3717 3852 3772 διδάσκαλον
3885 3731 3982 3776 καὶ

2371 3814 2458 3862 τὸν
2487 3810 2758 3863 Φιλόπονον
2789 3811 3029 3868 Ἰωάννην
3085 3816 3176 3862 atati.
3219 3813 3284 3862 τὰ
3321 3814 3504 3862 τούτου
3551 3812 3978 3883 συγγράμματα.

2373 3903 2462 3950 καὶ
2528 3897 2917 3960 ἀκολουθοῦντες
2984 3900 3122 3970 αὐτῷ
3189 3899 3245 3951 οὐ
3329 3905 3480 3972 μόνον
3555 3899 3602 3950 ἐν
3669 3906 3778 3960 τοῖς
3853 3906 3982 3972 περὶ

2373 3984 2601 4061 Τριάὸος
2638 3987 2828 4058 λόγοις.
2885 3986 3011 4038 αλλὰ
3049 3993 3138 4039 καὶ
3177 3987 3225 4038 ἐν
3257 3995 3362 4048 τοῖς
3403 3991 3518 4060 περὶ
3551 3986 3838 4046 συντελείας
3879 3997 3982 4040 τοῦ

2374 4079 2630 4150 ὁρωμένου
2674 4083 2874 4148 κόσμου
2915 4082 3004 4128 καὶ
3051 4081 3294 4148 γενέσεως
3339 4085 3432 4128 τοῦ
3476 4096 3528 4128 τε
3581 4077 3840 4150 ὁρωμένου
3881 4083 3982 4130 καὶ

2371 4173 2461 4218 του
2535 4165 2818 4236 μέλλοντος,
2875 4171 2962 4216 καὶ
3017 4175 3204 4238 νεκρῶν
3266 4163 3622 4224 αναστωσεως.
3691 4165 3854 4216 Οὗτοι
3913 4163 3984 4218 δε

2373 4255 2490 4306 οὔτε
2538 4259 2813 4322 Δαμιανόν,
2864 4257 2979 4306 οὔτε
3033 4254 3255 4314 Παῦλον,
3295 4257 3412 4306 οὔτε
3459 4273 3546 4305 τον
3604 4256 3834 4324 ἔσχατον
3879 4259 3984 4306 Πέ-

606 4347 927 4420 accipiunt.
971 4349 1239 4418 Cumque
1291 4347 1453 4418 prius
1512 4349 1814 4402 Cononem
1871 4346 2257 4418 accepissent,

2373 4363 2490 4418 τρον
2523 4339 2776 4413 δέχονται
2803 4359 2815 4372 ·
2858 4348 3100 4416 πρότερον
3141 4339 3198 4394 δὲ
3230 4339 3508 4414 δεχόμενοι
3551 4347 3775 4410 Κόνωνα,
3807 4341 3982 4394 ὕστε-

607 4435 825 4495 deinde
861 4451 1001 4491 eum
1049 4433 1400 4505 rejecerunt,
1439 4449 1509 4489 eo
1560 4435 1726 4506 quod
1779 4435 1909 4506 ipse
1965 4433 2261 4490 Joannem

605 4521 1006 4596 Philoponum
1040 4527 1096 4579 et
1134 4523 1265 4594 ejus
1311 4523 1532 4594 scripta
1574 4521 1906 4592 rcjecisset;
1941 4527 1995 4578 et
2030 4523 2091 4577 in
2132 4523 2258 4578 suis

607 4615 682 4671 de
711 4613 990 4669 Trinitate
1019 4611 1323 4668 sententiis
1355 4627 1490 4666 cum
1525 4613 1830 4666 Cononitis
1857 4613 2256 4676 consentiunt.

609 4709 665 4758 et
705 4701 1004 4758 Tritheitze
1048 4701 1438 4755 nominantur
1470 4699 1545 4754 ab
1573 4699 1996 4769 Angelianistis
2033 4705 2089 4755 et
2121 4704 2261 4755 Pau-

611 4791 866 4848 Iianistis
894 4809 905 4845 :
935 4805 1088 4858 quos
1116 4795 1170 4844 et
1203 4789 1312 4862 ipsi
1355 4787 1674 4844 nominant
1707 4804 1866 4843 nunc
1894 4789 2136 4858 quidem
2165 4791 2262 4843 Sa-

613 4880 1004 4942 bellianistas,
1051 4895 1214 4934 nunc
1274 4893 1418 4934 vero
1485 4877 1830 4934 Tetraditas.
1886 4879 1964 4932 De
2019 4877 2263 4932 visibilis

610 4967 1354 5024 mundiconsummatione
1373 4971 1428 5022 et
1447 4971 1820 5022 mortuorum
1835 4967 2264 5022 resurrectione

607 5057 926 5114 manifeste
957 5057 1024 5112 iis
1069 5061 1477 5130 opponuntur.
1523 5055 1640 5128 Ipsi
1682 5055 1928 5126 quidem
1965 5055 2262 5110 Cononitaa

607 5145 1072 5218 Philoponiacos
1119 5149 1339 5200 vocant
1377 5143 1746 5198 Sadducaaos
1791 5147 1844 5197 et
1877 5142 2260 5197 Simonianos

607 5241 665 5292 et
696 5239 928 5292 Graecos
958 5241 1014 5291 et
1043 5233 1486 5290 Valentinianos
1536 5239 1592 5288 et
1635 5231 2033 5294 Marcionitas,
2063 5237 2118 5287 et
2149 5235 2261 5288 Ma—

605 5325 872 5380 nichteos
920 5329 974 5379 et
1025 5325 1528 5392 Hermogenistas.
1573 5325 1638 5376 Et
1682 5319 2086 5391 Philoponiaci
2133 5322 2258 5376 haec

601 5415 851 5470 nomina
878 5413 1182 5468 Cononitis
1205 5415 1434 5484 aptant,
1452 5425 1522 5465 eo
1541 5409 1706 5482 quod
1737 5409 1940 5464 dicant
1963 5409 2256 5464 sensibilis

601 5503 784 5576 hujus
799 5502 1006 5558 mundi
1025 5501 1336 5558 materiam
1353 5497 1863 5570 incorruptibilem
1879 5515 2252 5570 permanere.

601 5591 904 5670 Gononitte
942 5605 1085 5648 vero
1134 5587 1350 5650 iisdem
1395 5585 1743 5644 nominibus
1781 5586 2246 5662 Philoponiacos

2370 4453 2459 4506 ρον
2504 4431 2658 4484 αὐτὸν
2709 4430 3038 4500 ἀπεϐαλοντο,
3107 4429 3199 4483 διὰ
3259 4434 3316 4482 τὸ
3361 4429 3741 4482 ἀποϐάλλεσθαι
3781 4428 3984 4482 ἐκεῖνον

2369 4523 2608 4578 Ἰωάννην
2651 4523 2734 4572 τὸν
2780 4519 3053 4572 Φιλοπονον
3107 4521 3290 4572 καὶτὰ
3329 4522 3514 4571 τούτου
3559 4521 3980 4590 συγγράμματα·

2367 4615 2456 4662 καὶ
2510 4609 2556 4660 ἐν
2610 4611 2698 4680 μὲν
2739 4617 2847 4669 τοῖς
2885 4613 3003 4680 περὶ
3042 4603 3270 4680 Τριαδος
3315 4607 3487 4678 λόγοις
3533 4604 3826 4678 συνᾴδουσι
3870 4619 3984 4670 τοῖς

2373 4703 2683 4759 Κονωνίταις
2733 4713 2746 4728 ³
2817 4701 2904 4748 καὶ
2966 4699 3229 4769 Τριοεῖται
3296 4695 3638 4768 ὀνομάζονται
3704 4697 3800 4747 ὑπὸ
3871 4707 3984 4748 τών

2371 4786 2801 4858 Ἀγγελιανιστὼν
2861 4788 2968 4840 lita
3025 4787 3179 4840 ϐοά.)
3225 4791 3312 4836 καὶ
3375 4783 3763 4837 Πανλιανιστων
3801 4801 3814 4812 ·
3861 4783 3984 4836 ὀνο-

2371 4875 2605 4948 μάζουσι
2655 4869 2712 4926 δὲ
2763 4879 2852 4925 καὶ
2900 4875 3050 4925 αὐτοὶ
3093 4876 3314 4934 ἐκείνους
3353 4877 3471 4925 ποτε
3518 4875 3606 4945 μὲν
3648 4871 3984 4924 Σαϐελλιανι-

2375 4967 2520 5030 στας,
2565 4967 2686 5015 ποτε
2719 4960 2774 5015 δε
2805 4959 3120 5034 Τετραδίτας
3149 4985 3160 4996 ·
3218 4963 3264 5014 ἐν
3306 4959 3364 5014 δὲ
3407 4971 3478 5032 τῷ
3523 4967 3638 5034 περὶ
3684 4963 3986 5026 συντελείας

2371 5060 2462 5104 τοῦ
2519 5053 2777 5124 ὁρωμένου
2821 5057 3021 5123 κόσμου
3069 5057 3156 5104 καὶ
3203 5061 3388 5124 νεκρῶν
3439 5049 3774 5110 ἀναστάσεως
3823 5050 3984 5102 ἐναν-

2371 5148 2604 5192 τιοῦνται
2658 5149 2880 5214 φανερῶς
2932 5141 3129 5202 αὐτοῖς.
3183 5145 3282 5192 Καὶ
3337 5135 3476 5191 οὗτοι
3524 5143 3613 5211 μὲν
3657 5142 3705 5191 οἱ
3757 5147 3986 5193 Κονωνίο

2369 5249 2456 5281 ται
2519 5233 2638 5290 τοὺς
2701 5229 3100 5291 Φιλοπονιακοὺς
3167 5229 3398 5288 ἅπαντας
3462 5229 3676 5280 καλοῦσι
3735 5225 3954 5282 Σαδδου

2368 5325 2564 5386 καίους,
2615 5323 2704 5370 καὶ
2763 5323 3125 5390 Σιμωνιανοὺς,
3159 5323 3248 5370 καὶ
3303 5317 3570 5380 Ἕλληνας,
3625 5323 3714 5369 καὶ
3753 5318 3986 5370 Οὐαλεν-

2365 5411 2642 5474 τινιανοὺς,
2711 5413 2800 5460 καὶ
2843 5409 3266 5480 Μαρκιωνιστὰς,
3319 5411 3408 5458 καὶ
3467 5411 3818 5477 Μανιχκὶους,
3884 5415 3986 5462 καὶ

2361 5499 2794 5570 Ἐρμογενιαστὰς
2861 5493 3236 5558 ἀποκαλοῦντες
3271 5511 3285 5524 ⁸
3337 5501 3426 5547 καὶ
3491 5497 3538 5546 οἱ
3599 5499 3688 5566 μὲν
3747 5493 3986 5550 Φιλοπο-

2358 5589 2530 5640 νιακοὶ
2567 5587 2633 5638 τὰ
2669 5583 2898 5658 ὀνόματα
2925 5592 3094 5637 ταῦτα
3130 5593 3238 5648 τοῖς
3281 5589 3591 5645 Κονωνίταις
3629 5585 3984 5658 προσάπτου-
