4106 6296
218 251 260 305 53
1617 248 1964 312 THESAURI
1993 247 2125 304 LIB.
2160 249 2227 307 IX
3527 264 3597 318 54

205 390 252 439 σι,
276 369 342 426 θ’ιά
369 377 427 426 τό
466 374 669 446 λέγειν
720 377 959 438 αὐτοὺς
990 382 1090 436 τὴν
1124 377 1248 435 ὕλην
1277 385 1368 431 τοῦ
1399 379 1657 437 αἰσθητοῦ
1706 379 1825 430 τού-

1940 375 2247 449 appellant
2259 393 2331 433 eo
2343 380 2508 451 quod
2520 380 2736 437 horum
2751 395 3074 454 corporum
3094 383 3596 447 resurrectionem

1333 468 1382 521 οἱ
1431 464 1489 520 δὲ

187 554 230 603 τὰ
284 550 400 604 αὐτὰ
469 553 770 627 ὀνόματα
842 563 965 607 τῶν
1018 554 1399 609 Φιλοπονιακῶν
1450 564 1827 631 κατηγοροῦσι,

195 480 256 513 τόν
276 468 453 536 κόσμου
484 459 822 537 διαμένειν
872 465 1224 525 ἀτελεύτητον
1268 481 1283 498 ’
1333 468 1382 521 οἱ
1431 464 1489 520 δὲ
1553 473 1834 521 Κονωνίται

182 635 246 692 διὰ
266 646 310 693 τό
333 647 403 714 μή
451 642 661 713 λέγειν
721 644 959 705 αὐτοὺς
1018 652 1121 695 τῶν
1171 647 1423 717 σωμάτων
1466 648 1662 697 τούτων
1703 646 1832 697 ἀνεὶ-

177 749 333 786 στισιν.
385 736 537 807 Πρός
605 736 873 796 τούτοις
942 730 1004 786 δὲ
1053 733 1300 809 ἑκάτεροι,
1345 735 1486 787 οἵτε
1524 733 1833 788 Φιλοπονια-

174 826 235 872 καὶ
269 826 343 873 καὶ
406 821 465 873 οἱ
534 828 929 888 Kays-nitas,
992 823 1386 896 Ὠριγενιαστὰς
1427 822 1677 885 ἀλλήλους
1716 823 1833 876 ὀνο-

175 913 421 981 μάζουσινο
475 912 831 985 εὑρηκότες
891 914 1004 985 γὰρ
1048 914 1098 964 οἱ
1150 910 1513 965 Φιλοπονιακοὶ
1558 915 1643 965 τόν
1695 912 1809 987 Ὠρι

173 1004 294 1071 γένυν
315 1000 543 1072 λέγοντα
588 1003 691 1053 ὅτι
750 1002 914 1059 αὕτη
960 1002 991 1058 η
1044 1001 1138 1059 ὕλη
1186 998 1234 1053 ἕν
1285 1009 1358 1072 τῷ
1401 1000 1636 1074 μελλοντι
1685 1001 1833 1053 αἰῶνι

177 1086 571 1161 ἀναμορφοῦται,
636 1095 756 1142 καὶ
831 1085 938 1142 διὰ
989 1095 1146 1141 τοῦτο
1197 1096 1297 1140 τῶν
1348 1088 1518 1141 αὐτῶν
1576 1090 1832 1160 σωμάτων

177 1183 339 1248 γίνεται
411 1179 449 1236 ἡ
546 1176 945 1238 ἀνάστασις,
1015 1176 1260 1233 ἐκάλεσαν
1343 1180 1463 1237 τοὺς
1547 1181 1832 1238 Κονωνίτας

180 1267 604 1341 Ὠριγινιαστοὶςσ
667 1268 859 1320 πάλιν
903 1265 967 1320 δὲ
1004 1269 1054 1319 οἱ
1106 1273 1410 1330 Κονωνῐται,
1452 1268 1685 1344 εὑρόντες
1743 1271 1829 1320 τόν

186 1360 423 1434 Ὠριγένην
476 1358 736 1429 λέγοντα
813 1356 991 1409 ἄλλων
1046 1358 1299 1428 σωμάτων
1369 1354 1679 1425 ἀνάστασιν,
1733 1377 1830 1409 πα-

546 1176 907 1238 ἆνάστασις
928 1219 945 1238 .

1937 479 2062 521 non
2107 466 2528 527 conﬁteantur.
2581 473 2871 526 Praeterea
2914 469 3153 543 utrique
3206 474 3263 527 et
3318 472 3594 546 Philopo‘

1937 554 2098 612 niaci
2139 560 2196 610 et
2230 557 2524 615 Coconitae
2568 559 2931 629 Origenistas
2976 574 3038 615 se
3087 559 3344 616 invicem
3391 563 3595 636 appel-

1936 642 2082 699 lant.
2115 646 2260 701 Cum
2283 647 2443 702 enim
2466 649 2828 721 reperissent
2851 648 3256 722 Philoponiaci
3274 650 3591 720 Origenem

1939 732 2159 788 dixisse
2181 734 2378 806 ipsam
2392 736 2709 793 materiam
2722 737 2783 793 in
2796 736 2997 793 futuro
3018 738 3233 795 saeculo
3254 738 3589 808 reformari,

1938 838 2010 878 ac
2031 830 2349 896 propterea
2374 826 2730 884 earumdem
2770 836 3090 899 corporum
3135 826 3262 884 ﬁeri
3297 843 3590 887 resurrec-

1937 910 2185 979 tionem,
2218 914 2539 972 Cononitas
2569 930 2862 973 vocavere
2902 915 3287 986 Origenistas.
3325 919 3588 975 Rursum

1939 1014 2079 1055 cum
2111 1002 2417 1058 Cononitas
2438 1004 2800 1075 reperissent
2828 1004 3144 1075 Origenem
3174 1003 3432 1062 aliorum
3457 1021 3586 1063 cor-

1935 1103 2155 1163 porum
2198 1093 2701 1151 resurrectionem
2750 1093 2972 1150 dixisse
3014 1094 3388 1163 (inconstans
3424 1095 3587 1161 enim

1937 1182 2068 1235 erat
2094 1179 2186 1234 vir
2207 1179 2349 1252 ille),
2378 1182 2851 1241 nominaverunt
2878 1181 3338 1255 Pbiloponiacos
3379 1183 3587 1254 Orige-

1936 1268 2146 1326 nistas.
2177 1270 2495 1342 Accipiunt
2530 1280 2735 1329 autem
2773 1278 2840 1344 ut
2876 1272 3228 1347 episcopum
3257 1272 3586 1346 quemdam

1935 1359 2181 1415 nomine
2204 1359 2520 1431 Origenem
2550 1375 2621 1417 ac
2641 1360 2826 1417 libros
2848 1360 2927 1417 ab
2953 1360 3054 1417 illo
3075 1360 3287 1417 editos.

190 1446 535 1522 λίμεολοςγήρ
562 1449 593 1499 ὁ
622 1446 803 1520 ἀνὴρ,
853 1446 1136 1517 ὠνόμασαν
1170 1449 1291 1507 τοῦς
1320 1446 1720 1507 Φιλοπονιακοῦς
1759 1445 2171 1518 Ὠριγενιαστὰς.
2222 1453 2477 1520 Δέχονται
2527 1446 2586 1502 δὲ
2628 1451 2679 1503 οἱ
2725 1449 3089 1504 Φιλοπονιακοὶ
3135 1448 3422 1504 ἐπίσκοπόν
3467 1470 3588 1504 τινα

199 1538 438 1610 Ὠριγένην
472 1537 725 1609 ὀνόματι
766 1540 870 1588 καὶ
893 1538 1017 1598 τοὺς
1035 1534 1219 1605 λόγους
1245 1539 1359 1595 τοὺς
1384 1536 1475 1587 ὑπ’
1503 1535 1663 1587 αὐτοῦ
1694 1531 2016 1597 ἐκδοθέντας.

260 1626 563 1691 ις’.”Δλλοι
601 1624 936 1699 Σεϐηρίται,
992 1628 1154 1694 ἤγουν
1209 1619 1574 1692 Θεοδοσιανοὶ,
1628 1624 1678 1675 οἱ
1732 1627 1823 1674 καὶ
1854 1624 1895 1678 Β

206 1715 445 1782 Negitat,
517 1716 731 1775 οἰτινες
778 1711 1007 1787 Σεϐῆρον
1064 1715 1154 1764 καὶ
1204 1707 1489 1764 Θεοδόσιον
1545 1707 1825 1784 δεχόμενοι

206 1811 281 1857 ιιι
331 1812 595 1877 Στέφανον
671 1806 771 1855 τόν
832 1805 1092 1873 σοφιστὴν
1164 1803 1249 1853 τόν
1318 1799 1530 1858 ἐπίκλην
1576 1799 1765 1853 Νίοϐον
1805 1813 1821 1829 °

209 1894 333 1946 οὗτοι
366 1890 426 1947 δε
481 1891 535 1945 ἐν
753 1897 870 1953 τοῖς
905 1895 1025 1963 περὶ
1080 1896 1169 1942 τοῦ
1208 1893 1408 1963 Πατρός
1450 1894 1540 1942 καὶ
1576 1898 1669 1942 τοῦ
1698 1891 1825 1943 Υἱοῦ

208 1988 287 2035 ni.
341 1991 433 2034 τοῦ
499 1982 672 2053 ἁγίου
735 1983 1042 2052 Πνεῦματος
1102 1978 1274 2050 λόγοις
1327 1986 1665 2051 συμφωνοῦσι
1714 1984 1824 2040 τοῖς

213 2067 665 2131 ιοντοεαϐδίταις
713 2072 809 2120 καὶ
862 2075 975 2129 τοίς
1016 2068 1346 2138 Ἀγνοήταις,
1378 2066 1427 2119 ἓν
1473 2063 1533 2119 δὲ
1580 2075 1683 2127 τοίς
1730 2065 1823 2119 λό-

204 2180 308 2230 γοις
341 2168 457 2221 τοῖς
516 2164 652 2230 περὶ
694 2166 792 2220 τῆς
831 2156 1128 2229 οἰκονομίας
1175 2153 1526 2228 διαφωνοῦσιν
1563 2155 1622 2208 οὐ
1670 2159 1822 2227 μόνον

354 2254 613 2310 τούτους,
660 2244 795 2298 ἀλλὰ
831 2250 921 2297 καὶ
975 2248 1107 2318 πρὸς
1148 2248 1270 2307 τοὺς
1316 2243 1499 2305 ἄλλους
1540 2243 1774 2304 ἅπαντας
1806 2261 1818 2273 ·

197 2341 372 2399 πάντες
412 2341 522 2411 γὰρ
578 2333 687 2389 δύο
719 2337 904 2408 φύσεις
944 2333 1026 2387 ἐπὶ
1054 2340 1148 2386 τοῦ
1185 2336 1321 2386 κατὰ
1348 2337 1582 2405 Χριστόν
1619 2353 1823 2407 μυστη-

193 2431 303 2499 ρίου
334 2428 474 2499 μετὰ
513 2431 619 2483 τὴν
657 2426 844 2476 ἕνωσιν
884 2419 1059 2475 οὐδενὶ
1100 2421 1234 2493 λόγῳ
1273 2421 1551 2494 ἀνέχονται
1598 2421 1754 2475 εἰπεῖν
1799 2437 1812 2451 ⁸

192 2519 277 2571 rt":
332 2520 522 2589 μέντοι
584 2509 853 2585 διαφορὰν
911 2519 1012 2564 τῶν
1078 2513 1280 2584 φύσεων
1350 2510 1666 2583 ὁμολογοῦσι
1731 2515 1822 2563 καὶ

192 2607 315 2674 μετὰ
366 2609 469 2662 τὴν
522 2600 762 2657 ἕνωσιν·
827 2600 975 2653 οὗτοι
1024 2594 1105 2661 δὲ,
1164 2596 1262 2652 δύο
1315 2602 1496 2671 φύσεις
1542 2602 1673 2673 μετὰ
1728 2604 1823 2658 τὴν

189 2692 373 2745 ἕνωσιν
420 2694 852 2765 παραιτούμενοι
900 2688 1189 2762 ὁμολογεῖν,
1249 2684 1373 2741 οὐδὲ
1423 2692 1516 2746 τὴν
1537 2684 1822 2760 ’διαφορὰν

184 2789 287 2831 τῶν
356 2784 576 2853 φύσεων
626 2782 765 2853 μετὰ
821 2781 919 2836 τὴν
985 2778 1167 2831 ἕνωσιν
1226 2776 1494 2837 σώζεσθαι
1542 2775 1823 2851 βούλονται

181 2867 377 2939 εγω,

256 2959 326 3020 ιζ
356 2963 500 3011 Τίνα
552 2960 648 3031 μὲν
699 2952 792 3008 οὖν
840 2956 1038 3008 τούτων
1077 2956 1143 3006 τὰ
1191 2958 1493 3027 σχίσματα,
1543 2958 1633 3007 καὶ
1678 2959 1822 3008 πόσα
1851 2970 1894 3027 C

166 3051 474 3118 τυγχάνει,
542 3052 639 3099 καὶ
702 3050 843 3106 τίνες
896 3045 1096 3096 τούτων
1143 3043 1441 3116 ὀνομασίαι,
1504 3048 1594 3096 καὶ
1649 3048 1702 3096 τί
1760 3047 1820 3096 τό

162 3134 423 3188 ἑκάστου
484 3141 806 3207 σχίσματος
876 3127 1057 3204 δόγμα
1115 3140 1213 3184 τῶν
1259 3131 1470 3193 ἑαυτοὺς
1530 3131 1821 3185 καλούντων

163 3219 662 3296 θιακρινομένους,
719 3218 814 3274 διὰ
866 3228 969 3273 τῶν
1033 3219 1311 3295 εἰρημένων
1375 3224 1642 3294 συντόμως
1691 3218 1822 3279 ἐδη-

154 3310 438 3382 λώσαμεν
463 3326 480 3341 '
538 3310 689 3363 οὗτοι
748 3306 809 3362 δέ
849 3310 1036 3369 πάντες
1083 3311 1148 3360 τὰ
1184 3305 1578 3382 ἐπιτηδεύματα
1614 3307 1820 3384 Ἀρείου

153 3418 216 3451 τε
296 3406 408 3452 καὶ
472 3409 575 3452 τῶν
629 3401 830 3451 ἐκείνου
898 3399 1148 3470 μαθητῶν
1217 3396 1564 3467 ζηλώσαντες,
1631 3400 1823 3472 ὁμοίως

151 3485 409 3550 ἐκείνοις
477 3489 575 3551 ἔξω
622 3495 725 3539 τῶν
774 3486 1230 3545 ἑκκλησιαστικῶν
1271 3485 1484 3549 ἑαυτοὺς
1539 3486 1822 3562 περιϐόλων

148 3574 462 3634 ἐποίησαν
506 3598 520 3609 υ
578 3578 811 3628 κάκεῖνοι
868 3576 973 3648 γὰρ
1041 3578 1236 3648 μυρίας
1306 3577 1556 3647 μηχανὰς
1616 3572 1821 3629 ἐπεδεί-

148 3666 363 3726 ξτιτύ,
433 3666 707 3728 ἱξωθῆσαι
759 3671 859 3725 τῆς
922 3660 1238 3724 Ἐκκλησίας
1289 3659 1680 3724 σπουδάσαντες
1729 3667 1821 3723 τὴν

170 3754 336 3823 ἁγίαν
408 3760 515 3807 καὶ
580 3754 954 3826 οἰκουμενικήν
1031 3750 1080 3803 ἐν
1145 3757 1345 3825 Νικαία
1420 3749 1677 3806 σύνοδον·
1732 3759 1823 3807 καὶ

170 3836 323 3896 οὗτοι
381 3842 460 3897 δὲ
529 3846 717 3915 ὁμοίως
772 3841 1138 3913 πολυτρόπους
1184 3846 1509 3915 μαγγανείας
1547 3846 1636 3895 καὶ
1672 3841 1822 3914 λογο-

172 3938 398 4004 mia;
464 3929 833 3989 ἐπετήδευσαν
890 3928 1132 3993 ἐξελάσαι
1185 3937 1280 3991 τῆς
1334 3928 1642 3992 Ἐκκλησίας
1686 3951 1821 4006 προ-

177 4021 527 4094 θυμούμενοι
592 4026 690 4078 τὴν
740 4019 1109 4090 οἱκουμενικὴν
1163 4024 1253 4071 καὶ
1293 4017 1448 4089 ἁγίαν
1498 4016 1547 4070 ἓν
1612 4018 1820 4077 Χαλκη-

178 4103 293 4162 δόνι
341 4106 617 4164 σὺνῡδον.
652 4105 794 4161 Ἀλλ’
845 4108 969 4180 ὅπερ
1028 4109 1163 4159 κατὰ
1211 4115 1309 4159 τῶν
1356 4106 1519 4176 ἁγίων
1578 4111 1820 4182 Πατέρων

178 4195 609 4265 εεονλλεῦσωτο,
664 4196 739 4258 εἰς
788 4194 982 4257 αὐτοὺς
1027 4195 1057 4252 ἡ
1117 4196 1227 4248 θεία
1264 4198 1578 4269 περιέστησε
1621 4194 1816 4268 ψῆφος,

176 4283 272 4344 Eu
316 4308 439 4340 που
503 4295 608 4340 τῶν
665 4283 1121 4342 ἐκκλησιαστικῶν
1176 4282 1368 4344 αὐτοὺς
1430 4288 1821 4343 καταστήσασα
1850 4318 1894 4373 D

176 4375 497 4448 περιϐόλων
558 4396 571 4408 ·
646 4374 914 4432 ἠκόνησαν
982 4374 1085 4445 γὰρ
1156 4376 1247 4430 τὴν
1328 4371 1571 4444 γλῶτταν,
1627 4373 1819 4440 αὐτῶν,

178 4467 321 4516 κατὰ
382 4468 455 4517 τὸ
509 4464 896 4536 γεγραμμένον,
956 4462 1085 4512 ὡσεὶ
1122 4462 1279 4533 ὄφεως
1312 4481 1326 4494 °
1381 4452 1624 4513 ἐνέτειναν
1670 4460 1819 4524 τόξον

181 4552 363 4604 αὐτῶν
416 4559 661 4626 πρᾶγμα
697 4553 885 4622 πικρὸν
934 4555 1029 4600 τοῦ
1072 4548 1454 4611 κατατοξεῦσαι
1502 4547 1550 4600 ἓν
1580 4547 1817 4623 ἀποκρύ-

180 4660 299 4708 762;
360 4644 623 4714 ἄμωμον,
694 4637 1058 4713 ἐκραταίωσαν
1111 4636 1289 4699 αὐτοῖς
1352 4636 1501 4709 λόγον
1569 4641 1815 4712 πονηρόν,

190 4722 544 4800 διηγήσαντο
594 4735 694 4781 τοῦ
752 4726 959 4800 κρύψαι
1002 4722 1242 4795 παγίδαο
1287 4721 1454 4791 εἶπαν,
1493 4729 1582 4786 Τίς
1633 4725 1818 4797 ὄψεται

195 4818 420 4887 tim-3;;
503 4818 862 4892 ἐξηρώησαν
922 4813 1163 4885 ἀνομίαςς
1230 4813 1457 4876 ἐξέλιπον
1520 4813 1818 4889 ἐξερευνῶν-

201 4922 273 4968 τες
298 4909 663 4972 ἐξερευνήσας
685 4924 700 4937 ·
747 4904 881 4957 ἀλλὰ
927 4904 1070 4954 κατὰ
1120 4906 1207 4955 τόν
1262 4904 1394 4956 θεῖον
1449 4901 1614 4974 λόγον,
1670 4903 1820 4965 Βέλος

203 4974 389 5050 una”.
426 5000 764 5070 ἐγενήθησαν
807 4995 870 5047 αἱ
911 4991 1118 5061 πληγαὶ
1157 4991 1347 5056 αὐτῶν,
1398 4996 1486 5043 καὶ
1540 4989 1818 5054 ἐξησθένη-

200 5101 287 5137 σε»
322 5086 407 5140 ἔπ’
460 5089 651 5149 αὐτοὺς
693 5086 755 5137 αἱ
801 5081 1066 5155 γλῶσσαι
1117 5079 1321 5131 αὐτῶν·
1354 5083 1445 5131 καὶ
1495 5075 1817 5151 διεσχίσθη-

196 5193 309 5237 συ,
344 5185 436 5230 καὶ
494 5178 554 5231 οὐ
603 5176 997 5243 κατενύγησαν
1021 5184 1036 5196 ·
1071 5167 1337 5241 ηὐφράνθη
1374 5164 1432 5221 δὲ
1468 5169 1498 5226 ἡ
1539 5176 1632 5221 τοῦ
1682 5177 1819 5222 Θεοῦ

200 5263 488 5336 ἰιιλιςτίιειν
540 5272 637 5326 τήν
690 5272 804 5318 τῶν
850 5258 1031 5329 ἁγίων
1078 5260 1317 5330 Πατὲρωυ
1381 5252 1656 5314 ἐκδίκησιν
1698 5259 1819 5310 θεω-

210 5359 397 5423 μπσα
434 5376 449 5389 .
476 5364 565 5413 καί
596 5354 807 5430 ὑψώθη
846 5348 878 5399 ό
916 5345 1056 5403 Θεὸς
1080 5350 1171 5406 τῆς
1208 5342 1472 5413 ἀληθείας,
1510 5353 1608 5397 τῶν
1638 5345 1818 5403 ἐκκλη-

250 5558 420 5622 Ipsa].
456 5575 630 5623 um,
671 5555 738 5620 3,
784 5549 857 5603 9,
994 5537 1019 5570 ²
1043 5510 1192 5595 Psal.
1217 5552 1413 5607 xniv,
1447 5510 1530 5629 i6:

2015 1627 2095 1680 l6.
2145 1624 2254 1681 Alii
2308 1626 2604 1693 Severius,
2648 1641 2871 1701 nempe
2917 1624 3336 1694 Theodosiani,
3383 1627 3488 1700 qui
3528 1626 3587 1684 et

1934 1711 2205 1778 Niobitm,
2235 1713 2343 1786 qui
2370 1715 2655 1771 Severum
2685 1718 2743 1772 et
2767 1715 3170 1773 Theodosium
3203 1715 3580 1789 recipientes,

1931 1801 2229 1873 recipiunt
2264 1801 2446 1859 etiam
2487 1803 2860 1877 Stephanum
2910 1804 3275 1878 Sophistam,
3322 1803 3584 1865 Niobum

1933 1890 2292 1960 cognomine
2325 1909 2339 1947 :
2390 1890 2432 1951 ii
2467 1907 2609 1949 vero
2647 1892 2710 1948 in
2759 1892 2884 1949 suis
2925 1893 3002 1949 de
3041 1895 3209 1953 Patre
3238 1897 3297 1950 et
3338 1892 3485 1949 Filio
3527 1896 3586 1950 et

1935 1978 2152 2052 Spiritu
2177 1983 2389 2036 sancto
2419 1980 2728 2038 sententiis
2760 1981 3134 2039 concordant
3178 1997 3320 2038 cum
3363 1982 3582 2038 Conto-

1930 2067 2197 2124 babditis
2228 2073 2284 2125 et
2308 2069 2617 2139 Agnoetis,
2646 2069 2709 2127 in
2741 2085 2854 2127 sua
2874 2073 3077 2128 autem
3106 2071 3182 2128 de
3204 2068 3583 2127 Providentia.

1931 2156 2208 2213 doctrina
2234 2148 2745 2215 dissentiunt'non
2769 2158 2957 2217 modo
2986 2158 3065 2216 ab
3112 2158 3246 2232 illis,
3280 2157 3386 2216 sed
3415 2161 3474 2216 et
3501 2157 3581 2223 ab

1932 2244 2063 2300 aliis
2093 2245 2379 2303 omnibus
2400 2262 2414 2313 ;
2442 2262 2657 2303 omnes
2677 2247 2840 2305 enim
2860 2247 3014 2306 duas
3033 2253 3284 2306 naturas
3309 2247 3373 2305 in
3417 2245 3578 2304 Chri-

1932 2333 2006 2390 sti
2060 2333 2346 2406 mysterio
2376 2339 2518 2407 post
2556 2336 2845 2395 unionem
2907 2336 3074 2394 nulla
3115 2336 3349 2395 ratione
3381 2335 3581 2393 dicere

1930 2421 2178 2489 volunt;
2205 2422 2648 2480 distinctionem
2677 2429 2880 2482 tamen
2908 2429 3264 2483 naturarum
3294 2423 3581 2483 conﬁten-

1930 2514 2026 2565 tur
2056 2515 2112 2567 et
2140 2516 2276 2583 post
2305 2512 2687 2579 unionem;ii
2712 2518 2915 2573 autem
2955 2512 3111 2573 duas
3152 2518 3402 2572 naturas
3438 2515 3580 2588 post

1930 2599 2218 2655 unionem
2269 2600 2540 2659 conﬁteri
2579 2601 2874 2673 nolentes,
2915 2618 3113 2676 neque
3177 2601 3579 2665 differentiam.

1929 2692 2283 2745 naturarum
2308 2694 2448 2763 post
2476 2693 2767 2748 unionem
2797 2692 3021 2751 servari
3049 2691 3247 2749 dicere
3276 2691 3507 2755 volunt.

2006 2958 2089 3010 17.
2123 2954 2412 3017 Quaenam
2454 2957 2575 3014 sint
2624 2957 2806 3028 igitur
2847 2973 3059 3016 eorum
3111 2961 3288 3015 sectae
3334 2960 3392 3014 et
3433 2960 3582 3031 quot

1929 3045 2324 3117 reperiantur,
2353 3051 2410 3103 et
2443 3063 2581 3120 quae
2622 3062 2833 3103 eorum
2873 3047 3240 3118 cognomina
3278 3051 3335 3104 et
3379 3045 3582 3121 quod-

1929 3149 2075 3190 nam
2122 3134 2600 3207 uniuscujusque
2642 3134 2871 3207 dogma
2917 3150 3127 3193 eorum
3180 3135 3287 3209 qui
3345 3133 3579 3213 seipsos

1929 3222 2346 3294 discrepantes
2387 3224 2724 3292 nominant,
2772 3223 2844 3285 iis
2868 3222 3130 3280 breviter
3152 3223 3326 3280 dictis
3354 3221 3582 3282 indica-

1929 3310 2149 3366 vimus.
2172 3310 2254 3366 llli
2275 3315 2478 3368 autem
2496 3326 2708 3368 omnes
2733 3311 2853 3368 Arii
2869 3313 2921 3384 ej
2932 3328 3125 3386 usque
3145 3311 3581 3389 discipulorum

1929 3398 2201 3455 instituta
2229 3399 2603 3470 aemulantes,
2626 3400 3151 3473 quemadmodum
3180 3405 3239 3459 et
3259 3401 3319 3466 ii,
3347 3401 3581 3474 seipsos

1930 3491 2096 3543 extra
2125 3487 2599 3545 ecclesiasticum
2634 3488 2835 3547 sinum
2862 3489 3078 3547 fecere.
3112 3494 3303 3562 Atque
3335 3488 3419 3546 illi
3447 3504 3582 3547 sex-

1929 3581 2104 3633 centa
2126 3577 2451 3634 machinati
2470 3581 2609 3634 sunt
2633 3582 2700 3634 ut
2719 3595 2792 3635 ex
2817 3578 3068 3637 ecclesia
3091 3579 3378 3652 repellere
3404 3593 3583 3635 cona-

1928 3670 2136 3721 rentur
2170 3670 2445 3723 sanctam
2486 3670 2544 3723 et
2573 3666 3013 3724 mcumenicam
3048 3668 3351 3724 Nicaanam
3391 3683 3580 3741 syno-

1929 3753 2098 3819 dum;
2117 3754 2226 3810 etii
2244 3753 2511 3812 similiter
2526 3756 2884 3830 multiplices
2900 3757 3230 3831 praestigias
3247 3755 3583 3826 etlogoma-

1929 3843 2097 3899 chias
2119 3844 2450 3901 adhibuere
2477 3850 2545 3903 ut
2559 3847 2637 3903 ab
2654 3846 2908 3904 ecclesia
2929 3847 3209 3904 ardenter
3226 3843 3584 3918 repellerent

1930 3933 2367 3990 mcumenicam
2402 3939 2457 3990 et
2491 3939 2768 3991 sanctam
2812 3934 3367 3992 Chalcedonensem
3399 3948 3583 4006 syno-

1928 4020 2217 4077 dum.Sed
2240 4022 2406 4094 quod
2424 4022 2486 4078 in
2507 4028 2748 4079 sanctos
2770 4022 2974 4079 Patres
2994 4021 3323 4079 machinati
3350 4021 3581 4091 sunt,in

1927 4108 2061 4164 illos
2082 4108 2288 4165 divina
2305 4111 2597 4167 convertit
2622 4112 2940 4179 sententia,
2960 4126 3065 4168 eos
3082 4115 3251 4168 extra
3268 4110 3582 4169 ecclesias-

1927 4198 2113 4254 ticum
2134 4213 2353 4271 gyrum
2382 4199 2773 4256 constituens.
2800 4204 3103 4258 Acuerunt
3122 4199 3284 4257 enim
3306 4199 3580 4270 linguam

1927 4302 2125 4353 suam,
2159 4291 2221 4342 ut
2240 4286 2470 4344 dictum
2496 4292 2604 4360 est,
2640 4288 2793 4347 sicut
2820 4289 3150 4365 serpentis;
3189 4287 3581 4346 intenderunt

1925 4389 2138 4431 arcum
2168 4390 2369 4445 suum,
2401 4391 2529 4432 rem
2556 4392 2853 4446 amaram,
2887 4381 2953 4434 ut
2977 4377 3327 4448 sagittarent
3351 4376 3414 4433 in
3442 4375 3580 4434 abs-

1926 4462 2184 4520 conditis
2232 4464 2821 4536 irreprehensibilem
2874 4466 3420 4524 corroboraverunt
3460 4465 3577 4523 sibi

1924 4551 2177 4608 verbum
2201 4551 2450 4623 malum,
2465 4558 2864 4612 narraverunt
2880 4560 2948 4611 ut
2977 4553 3420 4611 absconderent
3440 4557 3578 4610 ten-

1924 4638 2215 4704 diculam,
2254 4639 2571 4698 dixerunt:
2624 4643 2768 4709 Quis
2814 4643 3066 4716 aspiciet
3110 4658 3259 4711 nos;
3308 4658 3579 4716 perscru-

1925 4729 2032 4787 tati
2083 4734 2223 4786 sunt
2292 4730 2656 4802 iniquitates,
2710 4731 3062 4789 defecerunt
3126 4736 3577 4805 perscrutantes

1924 4817 2466 4891 perscrutationes;
2501 4820 2608 4877 sed
2634 4822 2809 4892 juxta
2854 4820 3132 4878 divinum
3185 4836 3572 4878 sermonem:

1932 4930 1954 4958 ι
1996 4907 2201 4962 Telum
2252 4907 2569 4965 infantium
2618 4909 2794 4966 factm
2834 4915 2977 4967 sunt
3020 4910 3218 4982 plagas
3263 4925 3475 4967 eorum
3519 4914 3581 4967 et

1925 4996 2249 5053 inﬁrmata:
2280 5003 2423 5053 sunt
2468 5003 2677 5055 contra
2710 5014 2816 5055 eos
2845 4999 3068 5070 linguas
3105 5001 3389 5065 eorum’;
3423 5021 3453 5052 ιι
3492 4999 3580 5059 di-

1925 5085 2039 5142 visi
2098 5091 2239 5141 sunt
2283 5092 2342 5143 et
2382 5103 2504 5144 non
2555 5092 2696 5145 sunt
2749 5089 3100 5161 compuncti
3123 5092 3168 5142 3.
3213 5091 3443 5151 Laetam.
3486 5093 3581 5147 est

1929 5177 2133 5231 autem
2166 5174 2268 5229 Dei
2303 5175 2589 5244 Ecclesia,
2636 5177 2786 5233 dum
2830 5182 3182 5235 sanctorum
3218 5181 3464 5234 Patrum
3491 5176 3581 5232 ul-

1926 5261 2149 5317 tionem
2196 5264 2723 5337 contemplaretur.
2777 5268 2845 5322 Et
2882 5266 3250 5336 gloriﬁcatus
3288 5270 3377 5322 est
3423 5268 3581 5321 Deus

1926 5349 2192 5409 veritatis
2216 5393 2230 5425 ,
2253 5351 2403 5430 dum
2435 5352 2838 5433 ecclesiastica
2866 5354 3158 5433 dogmata
3184 5355 3580 5417 incommutag
