4106 6296
590 359 657 413 55
1935 349 2204 409 NICETiE

2337 347 2613 406 ΟΝῙΑΤΕ
3885 350 3958 404 56

588 479 773 538 bilem
803 477 1142 550 acciperent
1169 475 1512 534 ﬁrmitatem
1556 491 1627 534 ac
1657 477 2039 534 soliditatem.
2087 477 2208 533 San

2354 481 2642 526 σιαστικῶν
2676 469 2956 546 δογμάτων
2983 472 3184 548 αρῥαγῆ
3247 471 3507 526 λαϐόντων
3565 469 3850 544 βιϐαίωσίν
3899 491 3959 527 τε

589 572 686 626 cta
705 567 885 639 igitur
917 571 975 624 et
1003 567 1376 624 meumenica
1404 565 1778 624 Chalcedone
1807 566 2018 624 habita
2061 581 2210 637 syno

2349 567 2438 615 καὶ
2465 567 2783 634 παγιότητα.
2825 561 2880 616 Ἦ
2941 562 3065 636 ἁγία
3100 559 3148 616 δ’
3185 557 3272 614 οὖν
3322 567 3410 615 καὶ
3458 561 3787 621 οἰκοναενικὴ
3833 564 3957 614 σύν-

589 657 706 714 dus
729 655 985 713 breviter
1006 672 1216 714 eorum
1247 656 1520 712 meminit
1549 672 1686 730 quae
1716 656 1876 712 dicta
1903 660 2044 712 sunt
2064 655 2142 712 ab
2169 653 2210 710 ii

2349 649 2472 717 οὸος
2497 653 2526 710 ἡ
2563 651 2610 704 ἐν
2657 648 2960 710 Χαλκηδόνι
3001 658 3248 707 συστᾶσα
3287 647 3380 704 διὰ
3429 649 3674 725 βραχέων
3715 649 3953 722 ἐμνήσθη

592 745 696 820 qui
717 761 904 802 unam
923 745 984 802 in
1019 746 1246 801 Christo
1269 749 1550 802 naturam
1576 745 1976 817 compositam
2001 744 2213 800 docent

2350 749 2449 793 τῶν
2477 740 2756 813 λεγομένων
2821 743 2921 792 ὑπὸ
2970 749 3067 793 τῶν
3107 745 3229 813 μίαν
3273 740 3355 793 ἐπὶ
3413 747 3646 812 Χριστοῦ
3699 736 3957 802 δοξαζον-

592 837 741 892 Eam
771 850 970 908 porro,
1005 839 1070 890 ut
1118 850 1189 892 ex
1233 834 1439 890 multis
1477 851 1674 908 pauca
1703 835 1925 894 dicam.
1977 839 2213 889 mentea

2351 849 2449 884 των
2517 833 2670 903 φύσίν
2721 832 2961 885 σύνθετον
2993 845 3006 861 ⁸
3067 831 3169 886 εἰσὶ
3220 827 3296 898 δὲ,
3339 831 3405 894 ὡς
3463 829 3517 881 ἐκ
3563 829 3758 884 πολλῶν
3801 829 3959 901 ὀλίγα

593 923 879 980 exhibent
917 938 1051 994 quae
1103 922 1164 978 in
1215 921 1444 996 proprii
1501 921 1800 993 dogmatis
1831 921 2214 978 defensione!)

2355 918 2535 987 εἰπεῖν,
2591 922 2838 981 τοιαύτης
2887 919 3075 980 ἐννοίας
3123 917 3366 992 ἐχόμενα,
3417 919 3544 994 οἷπερ
3597 917 3666 980 εὶς
3719 937 3957 990 συνηγο-

591 1012 774 1086 impie
799 1017 1164 1086 proponunt.

2352 1012 2470 1082 ρίαν
2509 1015 2602 1061 τού
2633 1009 2824 1062 οἰκείου
2856 1005 3116 1081 δόγματος
3149 1007 3342 1068 ἀσεϐῶς
3371 1009 3697 1084 προτιθέασι.

595 1153 904 1225 Expositio
930 1155 1366 1210 nonnullorum
1417 1155 1682 1224 capitum
1720 1169 1758 1212 a
1805 1152 2216 1224 Monophysili

2355 1152 2599 1214 Ἐχθεσις
2649 1161 2799 1205 τινῶν
2853 1152 3139 1225 κεφαλαίων
3185 1152 3608 1226 προϐαλλομένων
3655 1155 3800 1227 παρὰ
3851 1160 3957 1206 τῶν

1188 1244 1655 1313 propositorum.

2955 1250 3344 1315 MOVO?UO’£TIB‘J.

671 1353 756 1406 t8.
798 1351 1004 1406 Utrum
1055 1365 1128 1406 ex
1176 1349 1436 1404 duarum
1489 1349 1549 1404 in
1607 1348 1835 1404 Christo
1891 1353 2247 1404 naturarum

2429 1349 2517 1408 ιη’.
2569 1355 2788 1424 Πότερον
2847 1350 2901 1403 ἐκ
2939 1360 3026 1412 τῆς
3079 1359 3176 1402 τῶν
3237 1349 3321 1403 ἐπὶ
3377 1359 3610 1425 Χριστοῦ
3668 1349 3957 1424 λεγομένων

595 1439 819 1495 unione
849 1437 1072 1494 factum
1099 1437 1432 1509 estaliquid
1464 1453 1678 1504 unum,
1707 1437 1955 1493 annon?
1982 1437 2036 1492 Si
2068 1437 2214 1506 igitu

2359 1435 2455 1492 δύο
2488 1443 2688 1512 φύσεων
2729 1439 2952 1500 ἐνωσεως
2983 1445 3157 1512 γέγονε
3195 1459 3247 1493 τι
3287 1439 3356 1510 ἓν,
3403 1441 3430 1498 ᾖ
3485 1444 3582 1504 ού’;
3623 1439 3684 1493 ΙΞί
3725 1445 3814 1511 μεν
3864 1441 3957 1492 οὖν

595 1543 722 1584 non
753 1525 830 1582 sit
853 1525 1078 1582 factum
1101 1525 1331 1598 aliquid
1365 1542 1577 1594 unum,
1606 1525 1918 1598 quomodo
1950 1531 2006 1582 et
2043 1525 2214 1581 unita

2357 1533 2428 1600 μὴ
2479 1533 2658 1600 γέγονέ
2712 1549 2764 1582 τι
2815 1528 2870 1592 ἐξ
2923 1531 3088 1582 αύτών
3143 1528 3212 1596 ἓν,
3265 1537 3374 1591 πῶς
3417 1533 3508 1580 καὶ
3549 1531 3785 1586 ἡνῶσθαι
3825 1529 3957 1592 ὅλως

596 1615 779 1671 fuisse
821 1629 925 1670 eas
971 1615 1284 1671 dicemus?
1317 1615 1468 1680 Quid
1519 1615 1678 1670 enim
1733 1621 1822 1670 est
1881 1614 2045 1670 aliud
2093 1615 2217 1669 unii'

2359 1617 2517 1678 αὐτας
2557 1616 2794 1691 ἐρούμεη
2835 1623 2899 1672 Τί
2949 1621 3049 1693 γὰρ
3109 1618 3232 1670 ἄλλο
3282 1617 3393 1670 ἐστὶ
3425 1621 3482 1672 τὸ
3529 1620 3766 1676 ἡνῶσθαι
3815 1620 3844 1676 ἡ
3893 1622 3955 1670 τὸ

597 1719 787 1777 quam
819 1717 1007 1758 unum
1038 1703 1166 1759 ﬁeri
1187 1703 1215 1760 ?
1245 1706 1370 1759 Non
1394 1703 1556 1760 enim
1587 1719 1693 1776 per
1719 1705 2218 1760 illuminntioncm

2357 1706 2404 1759 ἓν
2431 1711 2728 1778 γεγονέναις
2761 1703 2885 1760 οὐδὲ
2927 1711 3027 1782 γαρ
3069 1709 3181 1759 κατ’
3245 1707 3517 1779 ἔλλαμψιν,
3573 1711 3637 1768 ὡς
3691 1707 3774 1760 ἐπὶ
3827 1727 3963 1780 προ·-

599 1797 664 1848 ut
694 1791 768 1848 de
812 1792 1139 1864 prophetis,
1179 1791 1464 1848 unionem
1510 1793 1887 1850 conﬁtemur.
1938 1794 1992 1848 Si
2047 1797 2220 1847 auten

2359 1803 2548 1867 φπτών,
2593 1795 2938 1867 ὁμολογοῦμεν
2996 1801 3090 1854 τὴν
3151 1797 3364 1849 ἕνωσιν·
3401 1797 3444 1850 εἰ
3491 1793 3542 1848 δ’
3597 1795 3651 1847 ἐκ
3697 1805 3788 1856 τῆς
3837 1796 3963 1849 ἐνὼ-

599 1896 672 1940 ex
687 1881 722 1936 d
735 1897 946 1938 uarum
961 1885 1314 1938 naturarum
1329 1881 1547 1938 unione
1579 1897 1766 1937 unum
1785 1879 2011 1954 aliquid
2025 1881 2220 1936 factuu

2359 1903 2484 1944 σεως
2545 1893 2642 1936 τῶν
2698 1881 2794 1938 δύο
2861 1889 3060 1956 φύσεων
3117 1887 3164 1937 ἓν
3223 1905 3274 1937 τι
3323 1889 3520 1957 γέγονε,
3573 1887 3626 1937 τί
3667 1905 3789 1938 ποτε
3851 1887 3963 1958 ἄρα

600 1973 710 2038 est,
742 1969 888 2040 quid
934 1969 1111 2042 igitur
1153 1975 1242 2026 est
1285 1969 1450 2027 aliud
1477 1972 1717 2027 unum?
1769 1973 1970 2027 Utrum
2023 1985 2221 2026 nomci

2355 1977 2507 2027 τοῦτο
2567 1972 2677 2026 ἐστι
2739 1978 2794 2025 τὸ
2855 1973 2946 2042 ἓν;
3013 1979 3230 2050 Ιῐὸτερον
3290 1979 3449 2047 ὄνομα
3508 1979 3660 2047 μόνον
3700 1975 3874 2046 ψιλὸν,
3925 1977 3955 2035 ἦ

595 2075 930 2126 vanum,an
949 2058 1082 2116 res?
1103 2059 1160 2118 Si
1185 2059 1364 2130 igitur
1385 2075 1608 2116 nomen
1626 2060 1818 2117 solum
1829 2059 2010 2116 modo
2023 2076 2216 2114 vanuu

2358 2069 2605 2136 πρᾶγμα;
2650 2063 2708 2116 Εἰ
2747 2066 2834 2135 μὲν
2865 2060 2952 2115 οὖν
2985 2067 3144 2136 ὄνομα
3190 2084 3342 2137 μονον
3389 2063 3539 2137 ψιλὸν
3581 2067 3656 2122 εἴη
3707 2067 3963 2139 πραγμα-

597 2153 752 2206 esset
771 2149 897 2208 sine
915 2165 998 2216 re,
1013 2165 1135 2206 non
1149 2154 1350 2206 essent
1371 2149 1821 2215 uuittenaturze;
1851 2148 2218 2222 quemadmo

2359 2172 2442 2212 τος
2475 2157 2663 2224 χωρὶς,
2695 2153 2788 2204 ούκ
2819 2155 2878 2204 οἷν
2918 2149 3012 2206 εἶεν
3059 2155 3112 2205 αἱ
3145 2157 3324 2227 φύσεις
3373 2155 3628 2226 ἡνωμέναι
3662 2169 3674 2184 '
3719 2157 3787 2215 ὡς
3831 2151 3963 2208 οὐδὲ

597 2238 746 2296 dum
766 2243 825 2295 et
854 2238 1124 2295 sidereus
1154 2239 1324 2296 canis
1357 2242 1414 2295 et
1441 2239 1756 2308 terrestris,
1787 2254 1895 2312 per
1921 2237 2116 2294 solum
2147 2253 2218 2293 no

2359 2244 2385 2294 ὀ
2419 2241 2648 2316 ἀστρῴος
2696 2247 2831 2294 κύων
2881 2247 2969 2295 καὶ
3009 2245 3034 2295 ὁ
3090 2251 3358 2318 χερσαῖος,
3401 2245 3536 2296 κατὰ
3597 2243 3749 2315 ψιλὸν
3799 2249 3963 2316 μόνον

597 2343 741 2384 men
762 2327 1051 2384 unitatem
1075 2327 1394 2396 habentes,
1437 2341 1563 2383 non
1593 2326 1742 2382 uniti
1773 2331 1910 2383 sunt
1941 2342 2048 2399 per
2077 2329 2218 2382 natu

2359 2339 2588 2404 τοῦνομα
2627 2334 2684 2384 τὸ
2741 2331 2788 2384 ἓν
2837 2335 3061 2403 ἔχοντες,
3116 2333 3366 2404 ἡνωμένοι
3431 2335 3565 2385 κατὰ
3628 2335 3720 2396 τὰς
3774 2336 3965 2404 φύσεις

595 2432 720 2485 ras,
743 2431 941 2490 neque
971 2415 1147 2472 realis
1171 2415 1357 2472 homo
1370 2419 1427 2472 et
1454 2415 1558 2490 qui
1573 2414 1895 2488 inscriptus
1926 2419 2046 2472 est:
2073 2415 2121 2471 si
2145 2414 2216 2486 igi

2361 2423 2740 2494 τυγχάνουσιν,
2799 2419 2914 2474 οὐδ’
2965 2425 2989 2473 ὁ
3051 2419 3289 2484 ἀληθινὸς
3342 2423 3736 2496 ἄνθρωποςκαὶ
3787 2424 3814 2474 ὁ
3875 2443 3967 2495 7⁵’

599 2508 694 2561 tur
715 2507 945 2560 naturai
972 2505 1034 2560 in
1063 2509 1364 2578 quantum
1390 2509 1530 2561 sunt
1575 2505 1883 2574 uniuntur,
1933 2510 1988 2560 et
2013 2504 2149 2560 ideo
2179 2519 2220 2559 e1

2359 2515 2650 2584 γραμμένος
2692 2527 2704 2542 ⁶
2739 2511 2924 2564 ούκούν
2965 2511 3007 2565 εἰ
3055 2515 3110 2564 αἱ
3149 2515 3330 2584 φύσεις
3375 2514 3505 2564 καθὸ
3545 2515 3603 2564 τὸ
3635 2509 3761 2565 εἶναι
3799 2515 3967 2584 ἔχου-

599 2607 812 2650 earum
829 2593 1074 2658 unione,
1091 2607 1310 2666 nempe
1327 2592 1784 2666 compositione,
1803 2608 1994 2648 unum
2023 2592 2220 2663 aliquh

2365 2619 2446 2656 σιν
2473 2602 2768 2668 ἡνωθησαν,
2800 2605 2889 2652 καὶ
2930 2597 3022 2653 διὰ
3077 2601 3229 2654 τοῦτο
3266 2600 3320 2653 ἐκ
3359 2610 3454 2664 τῆς
3494 2601 3718 2664 ἐνὼσεως
3759 2601 3962 2670 αὐτῶν,

594 2682 770 2739 facta:
789 2685 950 2752 sunt,
969 2697 1091 2738 non
1113 2681 1173 2738 id
1200 2685 1288 2738 est
1315 2697 1544 2738 vanum
1571 2681 1928 2748 nomen,sed
1954 2681 2215 2738 res.Sian

2361 2693 2522 2760 ἤγουν
2593 2691 2900 2756 συνθέσεως,
2971 2691 3020 2742 ἓν
3081 2709 3129 2742 τι
3193 2693 3427 2762 γέγονεν,
3481 2691 3574 2742 οὐκ
3633 2693 3740 2766 ἄρα
3801 2690 3962 2762 ψιλὸν

595 2777 716 2829 tem
746 2787 862 2840 res,
887 2777 1090 2828 utrum
1115 2771 1176 2828 id
1207 2777 1424 2828 natura
1447 2774 1555 2842 est,
1585 2785 1806 2844 nempe
1834 2771 2214 2838 essentia,ess

2362 2781 2521 2850 ὄνομα
2572 2787 2725 2831 τούτο
2787 2777 2947 2845 ἐστιν,
2997 2777 3124 2830 ἀλλά
3169 2786 3426 2853 πρᾶγμα·
3489 2780 3532 2833 εἰ
3597 2777 3656 2833 δὲ
3711 2785 3961 2855 πρᾶγμα,

595 2859 826 2934 aliquid
855 2875 930 2917 ex
959 2859 1308 2918 substantiae
1351 2859 1806 2917 accidentibus?
1837 2861 2017 2930 Igitur
2055 2860 2104 2916 si
2145 2875 2216 2933 pe

2365 2873 2574 2944 πότερον
2605 2873 2761 2942 φύσις
2791 2872 2904 2922 ἐστὶ
2959 2877 3134 2938 τοῦτο,
3185 2875 3344 2942 ἤγουν
3382 2871 3558 2936 ούσία,
3620 2871 3648 2930 ἡ
3699 2879 3798 2923 τῶν
3837 2878 3965 2945 περὶ

595 2951 796 3025 ipsum
825 2963 958 3006 esse
988 2955 1218 3007 natura)
1247 2949 1428 3006 unitas
1463 2955 1625 3018 sunt,
1661 2955 1720 3006 et
1759 2950 1896 3006 ideo
1930 2965 2120 3006 unum
2151 2949 2216 3006 ali

2360 2963 2452 3017 τὴν
2507 2958 2689 3012 οὐσίαν
2729 2978 2780 3010 τι
2831 2957 3274 3030 συμϐεϐηκότων;
3337 2959 3537 3012 Ούκούν
3578 2959 3620 3012 εἰ
3662 2958 3774 3012 κατ’
3831 2959 3963 3013 αὐτὸ

592 3039 742 3115 quid
786 3055 858 3096 ex
903 3053 1112 3096 earum
1151 3040 1374 3096 unione
1421 3037 1743 3114 perﬁcitur,
1797 3055 1992 3112 neque
2025 3057 2213 3096 vanu:

2361 3052 2420 3100 τὸ
2448 3043 2573 3100 εἶναι
2615 3051 2794 3120 φύσεις
2843 3049 3140 3115 ἡνώθησαν,
3172 3053 3261 3101 καὶ
3311 3045 3405 3100 διὰ
3447 3057 3597 3101 τούτο
3627 3053 3686 3100 τὸ
3735 3047 3783 3101 ἓν
3813 3053 3872 3102 τὸ
3903 3049 3965 3102 ἐκ

593 3143 821 3186 nomen
853 3132 960 3196 est,
993 3145 1190 3202 neque
1231 3128 1578 3185 substantiae
1621 3127 1938 3202 quoddam
1970 3129 2214 3187 acciden

2360 3145 2452 3199 τῆς
2515 3135 2740 3198 ἐνώσεως
2805 3135 2973 3189 ἀύτῶν
3026 3135 3358 3191 ἁποτελεσθὲν
3425 3141 3542 3190 ούτε
3607 3136 3758 3209 ψιλόν
3815 3138 3961 3191 ἐστιν

598 3223 654 3276 et
684 3233 1086 3292 consequens,
1118 3217 1610 3276 concludendum
1651 3221 1740 3274 est
1787 3217 1937 3274 illud
1985 3233 2114 3275 esse
2163 3235 2219 3275 es

2367 3230 2542 3298 ὄνομα,
2577 3229 2690 3278 οὔτε
2733 3225 3060 3298 συμϐεϐηκός
3117 3246 3166 3279 τι
3213 3233 3302 3280 καὶ
3353 3227 3804 3301 παρακολούθημα
3851 3217 3988 3300 31213-3P

593 3307 849 3364 sentiam
903 3311 1006 3364 aut
1052 3311 1334 3364 naturam
1384 3323 1398 3363 :
1466 3308 1872 3379 supponimus
1932 3323 2094 3364 nunc
2145 3326 2214 3381 pe

2365 3334 2507 3382 σεως,
2565 3314 2796 3367 λείπεται
2849 3313 2902 3378 ἐξ
2967 3313 3216 3386 ἀνάγκης,
3276 3316 3462 3368 οὐσίαν
3507 3313 3636 3368 εἶναι
3677 3323 3850 3388 τοῦτο,
3923 3319 3957 3378 ἢ

593 3405 914 3468 utramque
960 3411 1173 3452 vocem
1211 3396 1373 3452 idem
1406 3395 1752 3466 signiﬁcari,
1785 3413 1892 3468 per
1922 3399 2214 3454 essentia:

2363 3407 2518 3476 φύσιν
2579 3425 2590 3438 ο
2658 3406 2854 3458 κείσθω
2888 3407 2989 3476 γάρ
3041 3425 3128 3455 νυν
3176 3401 3231 3458 di.
3260 3403 3500 3480 ἐκατέρου
3531 3408 3716 3457 ταυτὸν
3757 3411 3963 3478 σημαί-

592 3499 816 3558 nempe
834 3488 891 3541 et
906 3489 1206 3541 naturam.
1228 3485 1284 3542 Si
1304 3484 1485 3555 igitur
1513 3501 1700 3541 unum
1724 3484 1872 3540 illud
1897 3501 1970 3542 ex
1990 3486 2213 3544 duarur

2360 3495 2560 3562 νεσθαι,
2605 3489 2698 3546 διὰ
2739 3503 2836 3556 τῆς
2865 3493 3070 3562 ούσίας,
3113 3499 3266 3566 φημὶ,
3307 3499 3398 3547 καὶ
3427 3503 3521 3556 τῆς
3548 3497 3740 3566 φύσεως
3765 3512 3778 3522 ·
3811 3493 3856 3546 εἰ
3895 3491 3960 3548 δὲ

591 3579 950 3633 naturarum
997 3573 1328 3646 perfectum
1381 3573 1604 3630 unione
1634 3579 1850 3630 natura
1879 3581 1987 3648 est,
2030 3577 2212 3632 scilice

2361 3583 2418 3632 τὸ
2477 3579 2524 3633 ἓν
2572 3585 2631 3634 τὸ
2679 3581 2730 3635 ἐκ
2789 3591 2883 3644 τῆς
2927 3581 3153 3644 ἑνωσεως
3199 3591 3298 3634 τῶν
3345 3579 3442 3636 δύο
3489 3587 3686 3654 φύσεων
3717 3581 3962 3636 ἀποτετε-

592 3663 873 3732 essentia,
923 3669 1078 3720 recte
1120 3679 1262 3734 ergo
1303 3677 1492 3720 unam
1524 3677 1659 3720 esse
1689 3669 1968 3720 naturain
2014 3665 2213 3722 Domin

2359 3669 2597 3742 λεσμένον
2637 3673 2790 3744 φύσις
2848 3673 3008 3736 ἐστὶν,
3049 3675 3211 3743 ἤγονν
3255 3671 3432 3742 οὐσία,
3474 3679 3640 3733 καλῶς
3686 3672 3789 3746 ἄρα
3827 3676 3959 3744 μίαν

593 3752 810 3810 Christi
841 3757 979 3826 post
1011 3753 1298 3810 unionem
1321 3753 1702 3822 confitemur,
1734 3769 2092 3826 quanquam
2123 3771 2214 3811 n01

2359 3755 2490 3812 εἶναι
2544 3764 2636 3818 τὴν
2699 3763 2854 3832 φύσιν
2917 3769 3008 3812 τού
3066 3764 3325 3813 Δεσπότον
3382 3767 3616 3833 Χριστοῦ
3676 3762 3806 3833 μετὰ
3861 3766 3961 3819 τὴν

591 3842 952 3916 simplicem,
996 3841 1100 3898 sed
1133 3841 1538 3916 compositam
1589 3857 1725 3898 eam
1789 3857 1920 3898 esse
1964 3843 2212 3899 dicimus

2358 3847 2542 3900 ἕνωσιν
2593 3849 2959 3922 ὁμολογοῦμεν,
2996 3849 3038 3901 εἰ
3076 3854 3165 3901 καὶ
3225 3855 3296 3922 μὴ
3348 3849 3532 3920 ἁπλῆν,
3601 3847 3728 3901 ἀλλὰ
3769 3851 3961 3904 σύνθε-

591 3935 820 3990 Nomen
841 3933 1004 3989 enim
1032 3933 1296 3988 Christus
1313 3947 1435 3988 non
1466 3936 1662 4004 potest
1685 3931 1997 4004 utriusque
2018 3937 2212 3988 natura

2357 3955 2441 3988 τον
2475 3935 2601 3990 εἶναι
2629 3941 2824 3996 ταύτην
2883 3943 3043 4010 φαμέν
3087 3957 3099 3969 ·
3131 3943 3189 3990 τὸ
3247 3941 3348 4012 γὰρ
3393 3942 3620 4014 Χριστὸς
3663 3942 3824 4010 ὄνομα
3853 3947 3961 3990 τῶν

590 4021 985 4078 indicativum
1017 4037 1168 4079 esse.
1194 4020 1250 4078 Si
1269 4022 1430 4076 enim
1453 4035 1574 4076 non
1605 4025 1764 4076 esset
1793 4020 2020 4092 aliquid
2035 4037 2211 4076 unum

2358 4029 2554 4097 φύσεων
2613 4026 2912 4102 ἀμφοτέρων
2963 4024 3092 4079 εἶναι
3133 4025 3421 4085 δηλωτικον
3472 4027 3529 4079 ού
3589 4024 3812 4080 δύναται
3841 4043 3854 4057 ·
3915 4029 3963 4082 εἰ

591 4109 858 4182 quodex
909 4110 1170 4166 duarum
1221 4114 1580 4166 naturarum
1639 4107 1866 4164 unione
1917 4109 2212 4182 perﬁcitur

2355 4135 2453 4187 γορ
2503 4120 2574 4188 μὴ
2609 4119 2686 4174 εἰη
2731 4137 2782 4170 τι
2829 4117 2875 4170 ἓν
2907 4119 2962 4168 τὸ
3007 4115 3060 4168 ἐκ
3107 4125 3199 4176 τῆς
3239 4117 3460 4176 ἐνώσεως
3491 4125 3588 4168 τῶν
3622 4113 3719 4168 δύο
3751 4119 3959 4188 φύσεων

589 4197 965 4270 impossibile
997 4205 1151 4254 esset
1179 4200 1304 4254 sive
1338 4199 1414 4254 de
1444 4197 1650 4254 anima
1683 4202 1740 4253 et
1769 4214 2020 4272 corpore
2053 4215 2210 4256 unum

2357 4204 2830 4279 ἀποτετελεσμένον,
2898 4202 3154 4258 ἀδύνατον
3203 4207 3231 4264 ἡ
3277 4205 3358 4258 ἐπὶ
3419 4205 3602 4277 ψυχῆς
3653 4209 3742 4257 καὶ
3775 4211 3959 4278 σωμα-

589 4287 854 4347 hominis
896 4303 1118 4344 nomen
1159 4287 1471 4361 appellari,
1506 4287 1628 4342 sive
1661 4286 1736 4345 de
1775 4287 1984 4343 Christi
2028 4289 2210 4345 divini

2354 4313 2442 4356 τος
2490 4294 2537 4347 ἓν
2582 4297 2636 4348 τὸ
2667 4303 2757 4347 τοῦ
2801 4293 3073 4368 ἀνθρώπου
3127 4295 3538 4370 κατηγορεῖσθαι
3578 4298 3755 4366 ὄνομα,
3791 4292 3820 4352 ἦ
3871 4291 3961 4348 ἐπὶ

587 4381 707 4436 tate
733 4381 790 4434 et
811 4376 1207 4448 humanitate,
1231 4377 1344 4434 nisi
1369 4393 1442 4434 ex
1481 4377 1552 4432 iis
1597 4391 1788 4434 unum
1819 4376 1968 4451 quid
2017 4377 2208 4436 factum

2353 4392 2450 4444 τῆς
2516 4391 2607 4437 τού
2669 4391 2900 4456 Χριστοῦ
2979 4385 3220 4446 θεότητος
3281 4404 3335 4437 τε
3383 4387 3472 4435 καὶ
3530 4382 3955 4456 ἀνθρωπότητος,

590 4467 687 4540 sit,
717 4467 931 4527 Christi
959 4483 1184 4526 nomen
1205 4467 1442 4542 utrique
1469 4465 1622 4522 dari.

2353 4469 2574 4544 μηδενὸς
2603 4469 2655 4537 εξ
2681 4473 2847 4524 αύτῶν
2877 4475 2984 4535 ἐνὸς
3004 4476 3294 4546 γενομένου,
3328 4477 3418 4530 τὴν
3451 4479 3682 4546 Χριστοῦ
3707 4471 3961 4544 λέγεσθαι

2277 4537 2320 4590 D
2353 4567 2710 4637 προσηγορίαν
2739 4562 2817 4615 ἐπ’
2846 4561 3058 4635 ἀμφοῖν.

853 4666 998 4724 Alia
1024 4663 1595 4737 Monophysitarum
1624 4663 1971 4734 propositio.

2623 4669 2828 4744 Ἕτερον
2859 4668 3137 4744 πρόϐλημα
3157 4676 3253 4721 τῶν
3277 4665 3668 4740 Μονοςννσιτῶν.

661 4772 746 4828 19.
779 4772 838 4830 Si
861 4773 1076 4830 Christi
1101 4775 1331 4830 naturas
1355 4770 1537 4828 unita).
1567 4768 1705 4826 dum
1753 4773 1896 4826 sunt
1924 4770 2040 4838 vel,
2073 4773 2242 4844 quod

2425 4777 2508 4834 ιϐ’.
2549 4781 2702 4850 Εἴπερ
2755 4779 2809 4830 αί
2859 4785 2950 4829 τοῦ
3005 4785 3240 4850 Χριστοῦ
3285 4779 3465 4848 φύσεις
3519 4776 3790 4828 meum
3851 4775 3959 4831 δύο

585 4861 748 4918 idem
775 4861 1264 4933 sonat,essentiae
1283 4859 1581 4933 (essentia:
1609 4859 1770 4915 enim
1789 4865 1928 4916 sunt
1949 4860 2155 4918 divina
2185 4880 2206 4920 e

2349 4869 2699 4938 τνθχοξνονσι,
2763 4871 2946 4918 ταυτὸν
3005 4863 3064 4918 δὲ
3119 4865 3276 4918 εἰπεῖν
3342 4867 3539 4932 ούσίαι,
3594 4865 3776 4917 οὐσίαι
3845 4869 3957 4940 γὰρ

585 4951 857 5008 humana
871 4951 1378 5024 proculdubio,ex
1392 4949 1978 5020 quibusnaturarum
1993 4950 2206 5023 duplici

2349 4953 2610 5014 δήπουθεν
2649 4959 2678 5016 ἡ
2731 4976 2782 5009 τε
2829 4957 2981 5009 θεία⁶
3029 4960 3117 5006 καὶ
3175 4956 3204 5012 ἡ
3271 4953 3606 5028 ἀνθρώπειος,
3663 4954 3737 5026 ἐρ’
3779 4955 3848 5006 ὧν
3890 4961 3955 5010 τὸ

583 5040 722 5096 tatis
734 5055 956 5096 nomen
973 5041 1488 5109 inferunt),utrum
1507 5037 1652 5094 alter
1664 5053 1850 5110 quam
1865 5039 1915 5108 ej
1928 5056 1994 5094 us
2010 5047 2204 5098 natur:

2345 5053 2440 5108 τῆς
2507 5043 2706 5107 δυάδος
2761 5054 2860 5098 των
2915 5049 3124 5117 ¹φύσεων
3187 5048 3429 5115 φέρουσιν
3479 5045 3661 5115 ὄνομα,
3729 5049 3957 5117 πότερον

585 5129 974 5198 Christusest,
996 5145 1071 5184 an
1092 5131 1250 5185 idem
1273 5145 1342 5185 ac
1365 5129 1494 5198 ejus
1522 5129 1788 5184 naturae?
1809 5129 1864 5184 Si
1889 5128 2067 5200 igitur
2088 5132 2202 5188 alte

2345 5137 2512 5209 ἔτερος
2569 5137 2824 5206 τυγχάνει
2875 5145 2974 5186 τῶν
3037 5133 3217 5186 ἑαυτοῦ
3277 5136 3477 5204 φύσεων
3545 5135 3570 5185 ό
3621 5137 3872 5205 Χριστὸς,
3921 5136 3953 5194 ἢ

582 5223 672 5275 est
698 5234 768 5274 ac
793 5219 924 5290 ejus
958 5225 1188 5274 natura:
1219 5217 1505 5282 Christus.
1541 5216 1676 5288 quis
1709 5222 1819 5282 est,
1853 5223 1914 5274 ut
1939 5218 2084 5275 alter
2105 5239 2196 5276 ess

2343 5229 2529 5276 ταυτὸν
2579 5225 2690 5276 ἐστι
2727 5231 2837 5284 ταῖς
2875 5223 3034 5276 αὐτού
3080 5225 3336 5295 φύσεσινζ
3374 5222 3432 5274 Εἰ
3482 5225 3574 5294 μεν
3637 5218 3724 5273 οὖν
3779 5223 3957 5298 ἕτερος

579 5307 814 5380 possit?
843 5307 957 5364 Sed
1009 5307 1154 5363 nihil
1193 5307 1446 5362 alterum
1479 5311 1568 5363 est
1599 5323 1670 5362 ac
1699 5311 1830 5377 ejus
1866 5315 2076 5364 natura
2131 5327 2200 5366 au

2343 5311 2455 5364 ἐστι
2512 5321 2610 5365 τῶν
2665 5313 2822 5364 αὑτοῦ
2874 5315 3071 5384 φύσεων
3139 5313 3163 5362 ὁ
3204 5313 3461 5384 Χριστὸς,
3503 5315 3580 5372 τίς
3642 5311 3731 5378 ὢν,
3775 5311 3955 5384 ἕτερος

578 5397 858 5453 essentia.
895 5397 950 5454 Si
973 5398 1124 5452 enim
1153 5397 1416 5452 hominis
1447 5402 1690 5462 natura,
1713 5399 2038 5453 essentiam
2071 5399 2199 5456 dico

2341 5403 2508 5454 αὐτῶν
2571 5405 2862 5473 τνγχλνεη
2913 5401 3045 5452 Ἀλλ’
3094 5397 3245 5452 οὐδὲν
3297 5408 3397 5452 τῶν
3453 5401 3606 5450 ὄντων
3649 5408 3746 5462 τῆς
3785 5401 3955 5454 αὑτοῦ

574 5486 633 5540 in
667 5503 738 5540 eo
770 5485 1038 5542 consistit
1073 5485 1236 5558 quod
1261 5491 1348 5542 est
1375 5485 1600 5542 animal
1643 5487 1936 5542 rationale
1977 5489 2190 5543 mortal

2341 5493 2536 5562 φύσεως
2593 5491 2622 5548 ἡ
2692 5490 2871 5550 οὐσίας
2919 5491 3085 5561 ἕτερον
3137 5487 3277 5540 ἐστιν
3314 5509 3325 5520 ·
3375 5487 3417 5540 εἰ
3467 5489 3566 5559 γὰρ
3623 5489 3652 5544 ἡ
3704 5497 3796 5540 τού
3865 5489 3957 5542 αν-

572 5575 971 5658 (deﬁnitiones
985 5577 1144 5631 enim
1159 5593 1358 5632 rerum
1376 5592 1580 5630 earum
1605 5577 1896 5632 essentias
1915 5577 2193 5648 indicant;

2341 5582 2547 5653 θρωπον
2612 5583 2786 5652 φύσις,
2847 5582 2964 5636 ἦτοι
3003 5579 3179 5641 ούσία,
3239 5581 3296 5628 τὸ
3337 5577 3468 5636 ζῶον
3508 5575 3714 5647 λογικὸν
3759 5579 3951 5636 θνητὸν

569 5665 620 5720 si
649 5665 834 5723 homo
858 5665 1006 5739 quid
1027 5665 1334 5722 diversum
1349 5665 1424 5722 sit
1453 5681 1490 5722 ο.
1513 5681 1623 5721 sua
1637 5667 1920 5734 essentia,
1945 5683 2064 5722 non
2088 5683 2190 5738 pro

2338 5668 2496 5739 ἐστιν,
2549 5671 2597 5722 οι
2644 5667 2744 5742 γὰρ
2795 5669 3008 5742 ὁρισμοὶ
3066 5675 3166 5720 τῶν
3226 5667 3551 5744 πραγμάτων
3607 5673 3702 5727 τῆς
3751 5669 3949 5733 οὐσίας
