4106 6296
199 314 251 366 57
1609 317 1965 378 THESAURI
2004 319 2135 376 LIB.
2175 316 2266 377 1x.
3550 323 3616 401 se

195 435 325 489 αὐτῶν
373 436 495 491 εἱσι
540 435 911 512 δηλωτικοὶ,
958 444 1124 520 ἕτερον
1172 440 1234 498 δὲ
1285 447 1360 504 ι’ίη
1393 446 1420 497 6
1452 445 1720 519 ἄνθρωπος
1757 453 1848 508 τῆς

1961 443 2103 501 inde
2131 448 2291 502 esset
2319 444 2546 502 animal
2581 444 2877 503 rationale
2920 445 3190 502 mortale.
3233 445 3427 503 Homo
3467 444 3617 502 nihil

194 527 348 590 οὐσίας
380 527 595 601 αὐτοῦ,
638 532 843 607 ἔτερος
882 533 949 585 ἄν
982 536 1058 592 εἴη
1098 541 1191 588 τοῦ
1223 534 1358 596 ζώου
1388 534 1600 607 λογικοῦ
1642 537 1853 594 θνητοῦ.

190 618 537 693 Ὂᾶνϐρωττος
588 617 778 674 οὐδὲν
810 621 947 676 ἄλλο
978 622 1117 677 ἐστὶν
1165 626 1195 684 ἦ
1244 625 1374 686 ζῶον
1411 624 1615 697 λογικὸν
1649 626 1850 684 θνητὸνο

195 707 357 760 οὐκοῦν
410 707 461 761 εἰ
502 713 612 762 καὶ
679 710 711 761 6
786 715 1030 785 Χριστὸς
1072 721 1170 766 τῶν
1213 710 1374 767 αὖτοῦ
1426 716 1646 787 φύσεῳν,
1694 718 1853 786 ἤγουν

200 796 400 862 οὐσιῶν,
440 796 718 872 ὑπάρχει
765 800 973 877 ἔτερος,
1012 805 1068 855 τὸ
1100 799 1159 856 δὲ
1206 800 1336 856 εἶναι
1364 802 1566 875 ἑκάστῳ
1605 805 1736 856 κατὰ
1766 807 1852 861 τὴν

206 889 346 959 φύσιν
384 891 519 946 ἦτοι
567 888 786 942 οὐσίαν
839 890 1009 943 αὐτοῦ
1051 889 1212 963 ἔστιν,
1253 895 1321 955 ὡς
1370 889 1657 964 ἐδείξαμεν,
1704 896 1853 955 αὐτὸς

210 979 307 1051 ἄρα
328 976 520 1031 ἑαυτοῦ
547 979 578 1030 6
608 982 869 1053 Χριστὸς
890 981 1057 1055 ἔτερος
1076 983 1244 1053 ἔσται,
1270 986 1391 1056 ὅπερ
1422 985 1550 1057 πρὸς
1578 991 1648 1054 τῷ
1670 981 1850 1055 ἁταπῳ

216 1071 299 1119 καὶ
336 1071 395 1120 τὸ
436 1067 657 1138 γελοῖον
706 1071 854 1141 ἔχει’
898 1069 994 1123 οὐκ
1036 1072 1141 1145 ἄρα
1172 1070 1343 1146 ἕτερός
1388 1070 1528 1124 ἐστιν
1558 1073 1585 1124 6
1624 1076 1852 1146 Χριστὸς

223 1164 312 1208 τῶν
368 1156 561 1211 ἑαυτοῦ
626 1160 869 1230 φύσεωνο
928 1159 974 1212 εἰ
1030 1156 1089 1213 δὲ
1141 1165 1212 1233 μὴ
1258 1161 1448 1236 ἕτερος,
1504 1165 1690 1215 ταυτὸν
1746 1163 1851 1236 ἄρα

226 1248 449 1317 Χριστὸν
508 1266 568 1300 τε
620 1247 795 1300 εἰπεῖν
848 1252 942 1300 καὶ
981 1250 1075 1310 τὰς
1121 1248 1280 1302 αὐτοῦ
1315 1252 1511 1322 φύσεις·
1541 1248 1646 1302 ἐπεὶ
1685 1254 1775 1302 καὶ
1801 1252 1849 1303 οἱ

234 1338 472 1390 τάναντία
499 1338 656 1410 ὑμεῖς
684 1337 927 1409 λέγοντες
946 1347 1047 1392 τῶν
1071 1336 1168 1392 δύο
1189 1342 1385 1413 φύσεων
1409 1338 1698 1399 δηλωτικὸν
1720 1337 1850 1393 εἶναί

235 1444 353 1498 φατε
393 1430 450 1479 τὸ
501 1432 751 1500 Χριστος
798 1432 967 1500 ὄνομα
1009 1428 1051 1481 εἰ
1088 1425 1148 1482 δὲ
1186 1433 1373 1482 ταυτὸν
1401 1431 1426 1482 6
1466 1434 1698 1505 Χριστὸς
1738 1438 1850 1491 ταῖς

240 1516 385 1568 αὑτοῦ
415 1519 669 1587 φύσεσιν,
693 1520 765 1578 ὡς
784 1517 1057 1592 ἄνθρωπος
1084 1526 1143 1589 τῇ
1170 1516 1440 1593 ἀνθρώπου
1464 1521 1617 1592 φύσει
1638 1522 1849 1587 ταυτὸν,

238 1609 472 1659 τουτέστι
515 1614 594 1676 τῷ
645 1606 768 1678 ζώῳ
813 1605 1012 1679 λογικῷ
1044 1609 1232 1679 θνητῷ,
1274 1604 1370 1660 δύο
1403 1604 1463 1662 δὲ
1490 1611 1851 1680 τυγχάνουσιν

241 1696 294 1746 αἱ
330 1702 420 1747 τοῦ
460 1702 714 1768 Χριστοῦ
759 1698 941 1768 φύσεις
991 1700 1082 1748 καὶ
1130 1696 1189 1748 οὗ
1232 1700 1349 1769 μία,
1399 1693 1496 1751 δύο
1534 1700 1639 1773 ἄρα
1677 1702 1765 1751 καὶ
1801 1700 1852 1751 οἱ

1964 532 2130 589 aliud
2159 537 2248 590 est
2270 549 2457 606 quam
2488 534 2715 590 animal
2735 533 3022 591 rationale
3052 533 3305 591 mortale
3331 532 3414 601 ;si
3437 533 3617 604 igitur

1964 621 2230 678 Christus
2256 622 2405 680 alter
2449 627 2538 679 est
2579 639 2652 679 ac
2699 623 2830 694 ejus
2860 628 3109 684 naturai,
3142 622 3432 680 essentias
3456 622 3613 690 dico,

1963 715 2019 767 et
2043 726 2177 768 esse
2205 712 2286 768 rei
2317 711 2560 769 cuilibet
2589 727 2696 784 per
2721 726 2863 767 suas
2884 716 3151 778 naturas,
3180 727 3394 784 nempe
3420 727 3617 767 essen-

1961 800 2077 857 tias
2112 801 2306 872 inest,
2349 806 2413 858 ut
2446 801 2820 859 ostendimus
2843 845 2856 870 ,
2887 801 3020 874 ipse
3056 817 3094 858 a
3123 817 3185 857 se
3214 802 3482 858 diversus
3507 802 3618 858 erit

1962 889 2247 958 Christus,
2283 891 2448 964 quod
2470 890 2752 947 stolidum
2774 894 2831 946 et
2848 890 3171 947 ridiculum
3193 897 3307 947 est.
3345 894 3476 947 Non
3502 890 3615 947 dif-

1959 978 2070 1034 fert
2112 980 2291 1053 igitur
2321 981 2588 1037 Christus
2637 995 2676 1037 a
2722 980 2846 1037 suis
2883 979 3136 1048 naturis,
3169 980 3215 1035 si
3269 996 3452 1053 porro
3489 995 3616 1039 non

1958 1067 2177 1137 differt,
2209 1069 2370 1126 idem
2391 1069 2572 1140 igitur
2597 1072 2687 1124 est
2714 1069 2911 1125 dicere
2934 1067 3237 1125 Christum
3270 1073 3328 1125 et
3355 1070 3487 1140 ejus
3509 1084 3613 1126 na-

1958 1159 2121 1214 turas
2147 1177 2159 1227 ;
2195 1174 2333 1214 cum
2353 1163 2411 1214 et
2438 1174 2547 1214 vos
2575 1158 2680 1231 qui
2705 1157 2883 1213 nobis
2907 1157 3207 1214 contraria
3244 1157 3438 1213 dicitis
3467 1158 3616 1216 dua-

1957 1262 2092 1302 rum
2138 1262 2272 1303 essc
2312 1250 2668 1305 naturarum
2711 1246 3102 1303 indicativum
3134 1246 3350 1304 Christi
3389 1261 3614 1303 nomen

1956 1334 2285 1392 fateamini.
2314 1337 2370 1393 Si
2391 1340 2593 1393 autem
2625 1335 2888 1392 Christus
2908 1335 3068 1391 idem
3085 1336 3159 1391 sit
3181 1351 3320 1390 cum
3351 1335 3482 1404 ejus
3508 1351 3617 1391 na-

1959 1426 2126 1496 turis,
2162 1430 2224 1482 ut
2263 1426 2448 1482 homo
2478 1426 2638 1482 idem
2682 1429 2773 1481 est
2810 1441 2948 1481 cum
2978 1424 3241 1481 hominis
3285 1430 3521 1492 natura,
3551 1424 3614 1481 id

1959 1520 2047 1571 est
2070 1515 2319 1571 animali
2349 1514 2621 1572 rationali
2663 1513 2920 1580 mortali,
2948 1515 3208 1587 duaeque
3241 1514 3360 1570 sint
3402 1513 3613 1570 Christi

1958 1610 2189 1660 naturae
2215 1619 2325 1660 nec
2351 1619 2474 1659 una
2504 1609 2759 1671 tantum,
2786 1602 2910 1659 duo
2940 1603 3121 1673 igitur
3169 1602 3384 1659 Christi
3415 1606 3611 1668 erunt,

1959 1698 2026 1750 ut
2052 1693 2319 1750 Nestorio
2350 1693 2604 1761 videtur,
2631 1708 2827 1765 neque
2868 1708 3024 1748 unus
3058 1693 3396 1749 secundum
3428 1691 3617 1765 Scrip-

240 1787 462 1853 Χριστοὶ
512 1787 755 1847 ἔσονται,
788 1787 961 1845 καθὼς
990 1790 1260 1858 Νεστορίῴ
1299 1783 1464 1856 δοκεῖ,
1511 1793 1599 1840 καὶ
1643 1788 1748 1860 οὐχ
1779 1789 1848 1853 εἷς

1961 1787 2142 1840 turas.
2186 1783 2241 1839 Si
2272 1783 2450 1852 igitur
2477 1782 2815 1839 secundum
2850 1783 3161 1839 veritatem
3201 1781 3472 1838 Christus
3509 1796 3616 1837 no-

239 1876 371 1925 κατὰ
409 1878 506 1936 τὰς
538 1876 777 1948 Γραγάς.
824 1874 885 1927 Εἰ
915 1872 1003 1927 οὖν
1031 1872 1097 1937 ιῖς
1127 1878 1262 1927 κατά
1293 1874 1535 1935 ἀληθειαν
1564 1879 1590 1929 6
1622 1882 1850 1952 Χριστὸς

242 1961 451 2033 ὀνόματί
494 1982 553 2016 τε
607 1969 701 2016 καὶ
746 1965 1048 2037 πράγματι,
1103 1970 1192 2017 καὶ
1237 1964 1349 2017 κατ’
1409 1963 1597 2019 οὐδένα
1659 1971 1849 2043 τρόπον

242 2050 323 2104 ἐπὶ
348 2060 439 2114 τῆς
469 2057 570 2106 τοῦ
594 2057 797 2126 Κυρίου
824 2051 1256 2126 ἕνανθρωπήσεως
1284 2051 1382 2107 δύο
1401 2054 1564 2126 λέγειν
1592 2060 1849 2130 Χριστοὺς

244 2137 533 2212 ἐνδέχεται,
566 2144 764 2193 ταυτὸν
792 2137 852 2194 δί
876 2142 903 2193 6
943 2145 1177 2214 Χριστὸς
1204 2151 1266 2216 τῇ
1301 2143 1462 2196 αὐτοῦ
1492 2146 1664 2217 φύσει,
1686 2148 1849 2216 ἤγουν

244 2229 416 2302 οὖσίᾳ,
448 2229 561 2284 ἐπει
591 2234 685 2283 καὶ
715 2238 818 2283 τῶν
849 2234 1007 2283 ὄντων
1029 2232 1264 2300 ἕκαστον,
1297 2237 1396 2305 μία
1435 2230 1676 2293 δηλονότι
1703 2238 1789 2288 καὶ
1814 2237 1845 2294 ἡ

243 2325 330 2372 τοῦ
356 2327 599 2396 Χριστοῦ
630 2322 792 2393 φύσις
820 2318 875 2385 ἐξ
903 2318 1133 2393 ἀνάγκης
1156 2323 1322 2377 ἔσται.

599 2517 809 2590 Ἕτερον
847 2514 1130 2592 πρόϐλημα
1166 2526 1265 2572 τῶν
1309 2519 1493 2576 αὐτῶν.

308 2658 374 2715 κ’.
393 2659 600 2734 Ὠσπερ
642 2659 687 2714 εἰ
714 2664 808 2713 καὶ
836 2659 1064 2722 πλείονες
1092 2659 1141 2714 ἐν
1170 2670 1243 2733 τῷ
1272 2660 1404 2734 ἡλίῳ
1434 2670 1666 2735 φυσικῶν
1695 2659 1851 2718 δυνά-

242 2767 373 2819 μεων
402 2751 723 2824 θεωροῦνται
744 2746 1023 2824 διαφοραὶ,
1058 2751 1164 2803 οἷον
1190 2755 1305 2826 φέρι
1329 2751 1488 2805 εἰπεῖν
1517 2755 1576 2805 τὸ
1608 2772 1827 2825 φωτιστι

240 2841 328 2889 κὸν
349 2838 513 2891 οτᾶτοὺ
536 2843 631 2891 καὶ
659 2842 719 2892 τὸ
752 2840 1118 2913 θερμαντικὸν,
1148 2840 1220 2893 ἔτι
1245 2837 1305 2893 δέ
1331 2844 1391 2894 τὸ
1421 2850 1583 2914 τριχῆ
1619 2839 1654 2895 δ
1660 2862 1849 2895 ιαστα-

241 2930 345 2998 τόν,
374 2931 459 2980 καί
489 2931 548 2980 τὸ
572 2932 870 3001 σφαιρικὸν,
902 2930 996 2982 καί
1033 2929 1428 3005 κυκλοφορικὴν,
1460 2936 1550 2984 καὶ
1580 2934 1624 2984 εἰ
1654 2951 1704 2985 τι
1723 2950 1847 3003 τυγ-

242 3019 396 3087 χάνει
444 3024 680 3071 τοιοῦτον
720 3017 866 3084 ἄλλο,
907 3018 1006 3070 οὐκ
1045 3015 1154 3077 ἤδη
1211 3023 1301 3071 καί
1349 3019 1584 3082 πλείονας
1631 3023 1722 3082 τὰς
1758 3028 1850 3073 τοῦ

242 3105 392 3163 illan
430 3109 611 3178 φύσεις
634 3106 799 3180 λέγειν
829 3106 1057 3180 ἀνάγκη·
1106 3104 1257 3162 οὐδὲν
1294 3111 1396 3183 γὰρ
1427 3110 1547 3163 καθ’
1578 3109 1729 3163 ἑαυτὸ
1754 3119 1852 3163 τῶν

242 3198 491 3247 τοιούτων
524 3195 672 3254 ἡλίου
695 3199 851 3269 φύσιν
877 3195 1182 3270 ἐργάζεται,
1205 3195 1334 3249 ἀλλὰ
1362 3201 1419 3251 τὸ
1441 3197 1497 3251 ἐκ
1519 3200 1723 3252 πάντων
1744 3199 1855 3273 ἅμα

241 3293 343 3337 τῶν
374 3286 655 3359 εἰρημένων
686 3290 978 3361 σύγκριμα,
1013 3287 1062 3341 ἓν
1092 3292 1181 3341 καὶ
1218 3288 1427 3342 πλείονα
1453 3292 1735 3362 τυγχάνον,
1768 3292 1855 3345 ἕνα

243 3380 330 3427 τὸν
357 3376 502 3435 ileon
522 3381 614 3428 καὶ
640 3380 763 3449 μίαν
782 3377 945 3430 αὐτοῦ
966 3382 1058 3436 τὴν
1084 3380 1237 3450 φύσιν
1277 3376 1570 3451 ἕργάζεται·
1604 3380 1739 3432 οὕτω
1763 3385 1853 3433 καὶ

246 3464 329 3517 ἐπί
376 3472 470 3519 τοῦ
519 3467 850 3541 θεανθρώπου
889 3473 1151 3540 Χριστοῦ.
1184 3466 1278 3519 κᾶν
1323 3470 1378 3519 αἱ
1407 3476 1499 3530 τῆς
1542 3469 1778 3530 θεότητος
1803 3468 1850 3521 ἓν

247 3555 387 3626 αὐτῷ
441 3559 537 3607 καὶ
562 3555 961 3629 ἁνθρωπότητος
993 3558 1285 3631 θεωρῶνται
1320 3553 1589 3631 διαφοραὶ,
1626 3558 1719 3610 οὐκ
1744 3561 1854 3611 ανέσ

247 3644 423 3706 ξονται
448 3640 549 3697 δύο
572 3644 737 3716 λέγειν
768 3645 930 3698 αὐτοῦ
958 3647 1058 3707 τὰς
1096 3647 1277 3717 φύσεις
1313 3648 1362 3698 οἱ
1386 3652 1575 3721 κρίνειν
1605 3647 1848 3720 ἁμηγέπη

242 3735 352 3801 (ita
382 3733 617 3790 codices
648 3734 784 3805 duo)
812 3738 907 3792 τὴν
931 3743 1034 3787 τῶν
1064 3736 1343 3807 πραγάτων
1375 3738 1539 3809 ορθὼς
1578 3739 1732 3798 φύσιν
1760 3733 1852 3790 δυ-

238 3826 470 3895 νάμενοι·
515 3819 671 3875 οὐδὲν
698 3827 798 3895 γὰρ
830 3822 1032 3877 ἐκείνων
1062 3824 1179 3876 καθ’
1210 3824 1361 3876 ἑαυτό
1394 3829 1622 3899 Χριστὸς
1659 3824 1719 3877 ἂν
1747 3829 1848 3893 εἴη,

238 3918 357 3966 οὔτε
376 3917 436 3965 τὸ
466 3914 604 3965 θεῖον
630 3912 792 3965 αὑτοῦ
822 3933 975 3985 φημι,
1010 3916 1130 3965 οὔτε
1157 3916 1214 3965 τὸ
1245 3912 1583 3986 ἀνθρώπινον·
1628 3914 1755 3968 ἀλλὰ
1791 3919 1849 3968 τὸ

238 4002 290 4066 ἐξ
316 4002 514 4075 ἀμφοῖν
541 4005 831 4077 σύγκριμα,
855 4002 903 4055 ἓν
930 3999 1195 4061 δήπουθεν
1214 4006 1498 4074 τυγχάνον,
1526 4009 1616 4057 καὶ
1641 4004 1700 4057 οὗ
1729 4000 1847 4077 δύο,

234 4101 323 4145 καὶ
352 4092 405 4146 ἐν
434 4088 617 4145 οὐδενὶ
651 4100 750 4143 τῶν
790 4096 946 4144 ὄντων
1009 4091 1404 4166 ἕνθεωροὺμενον
1445 4092 1616 4168 ἑτέρῳ,
1649 4093 1736 4146 ἕνα
1763 4097 1849 4146 τὸν

234 4186 486 4255 Χριστὸν,
540 4186 632 4234 καὶ
671 4186 795 4254 μίαν
834 4180 995 4234 αὐτοῦ
1024 4184 1121 4239 τὴν
1153 4184 1308 4254 φύσιν
1339 4180 1604 4255 ὁμολογεῖν
1635 4184 1770 4256 ἡμᾶς
1794 4180 1849 4236 ἐκ

233 4276 375 4331 mia:
389 4293 412 4335 ς
441 4271 685 4343 ἀνάγκης
713 4269 1130 4346 παρασκευάζει.

773 4484 982 4560 Ἕτερον
1012 4484 1316 4560 πρόϐλημα.

297 4637 400 4692 ια’.
434 4635 494 4690 Εἰ
541 4636 571 4694 ἡ
621 4629 762 4695 δυὰς
798 4640 898 4693 τῆς
935 4630 989 4684 ἐκ
1030 4626 1257 4703 μονάδος
1286 4633 1494 4705 πρώτης
1525 4628 1850 4703 διασκέψεως

232 4725 339 4779 ἐστι
372 4723 670 4791 animati",
723 4724 752 4783 ὁ
787 4718 852 4774 δὲ
891 4716 1162 4795 διαίρεσις
1190 4718 1544 4792 ἀντικειμένως
1572 4722 1686 4791 ἔχει
1724 4723 1850 4795 πρὸς

227 4822 313 4873 τήν
349 4818 553 4881 ἕνωσιν,
598 4810 699 4868 διὰ
727 4818 888 4864 τοῦτο
918 4810 1035 4883 ἅμα
1063 4811 1122 4860 τὸ
1153 4807 1279 4860 αὐτὸ
1312 4810 1444 4860 κατὰ
1469 4812 1526 4861 τὸ
1557 4809 1681 4861 αὑτὸ
1719 4811 1848 4867 ἡνῶ-

231 4908 345 4959 σθαί
379 4927 432 4960 τε
468 4910 562 4958 καὶ
605 4900 919 4978 διῃρῆσθαι
967 4897 1270 4970 ἀμήχανον,
1301 4893 1524 4969 οὐδεμία
1553 4901 1655 4970 ἀρα
1694 4895 1842 4965 δύας,

227 4997 343 5049 1296
406 5016 518 5049 εστι
578 4990 743 5059 δνας,
815 4989 962 5042 κατὰ
1028 4992 1185 5038 τοῦτο
1261 4985 1512 5057 λέγοιτ’ἆν
1586 4986 1841 5053 ἡνῶσθαι,

228 5081 500 5159 διῃρῆσθαι
546 5082 609 5139 δὲ
636 5081 866 5157 μᾶλλον·
898 5080 998 5130 καὶ
1050 5073 1134 5126 ἐπὶ
1164 5083 1254 5127 τοῦ
1302 5082 1538 5149 Χριστοῦ
1576 5079 1766 5145 τοίνυν,
1803 5075 1845 5127 εἰ

226 5171 307 5228 δύο
331 5177 452 5230 risi»
477 5178 533 5229 αἱ
556 5179 752 5229 τούτου
777 5170 1000 5246 φῦσεις,
1020 5168 1115 5216 καὶ
1141 5163 1266 5236 οὗχὶ
1291 5169 1408 5237 μίαν
1430 5170 1579 5217 πάσα
1605 5160 1664 5216 δε
1686 5160 1839 5229 δυὰς,

222 5268 329 5319 καθά
367 5263 493 5330 δυάς
519 5264 656 5334 ἔστι,
701 5260 888 5335 διχάς
932 5274 1024 5317 ¹τις
1066 5248 1201 5304 οὖσα
1227 5250 1481 5328 διῄρηται
1510 5252 1624 5305 κατ’
1661 5251 1840 5321 ἐκεῖνο,

222 5357 428 5430 υτόὐχ
468 5361 685 5422 ἥνωται,
730 5357 832 5406 καὶ
863 5348 928 5402 αἱ
965 5349 1066 5397 τοῦ
1106 5350 1340 5415 Χριστοῦ
1373 5342 1475 5416 ἄρα
1516 5338 1612 5393 δύο
1662 5345 1845 5430 φύσεις

222 5448 313 5496 κατ’
503 5453 561 5502 τὸ
602 5444 742 5502 εἶναι
796 5439 913 5496 δύο
969 5434 1159 5505 φύσεις
1197 5433 1565 5502 τυγχάνουσαι
1593 5435 1683 5483 καὶ
1715 5429 1843 5500 οὐχὶ

226 5539 313 5607 uie.
336 5540 439 5591 κατ’
466 5539 591 5593 ωλτά
624 5544 789 5591 τοῦτο
827 5522 1186 5600 διῃρημέναι
1211 5519 1269 5570 ἀν
1303 5518 1417 5584 εἶεν,
1447 5523 1537 5571 καὶ
1566 5519 1671 5591 οὔχ
1701 5520 1842 5576 ἡνω-

222 5631 352 5701 πιαι,
382 5636 462 5686 καὶ
490 5632 794 5707 Neo-rapiat:
824 5622 899 5675 τὸ
940 5608 1139 5681 δόγμα
1170 5611 1454 5681 “Mf/370‘"

1959 1873 2119 1928 mine
2144 1876 2202 1928 et
2242 1887 2305 1928 re
2346 1888 2504 1927 unus
2546 1877 2653 1942 est,
2683 1887 2881 1944 neque
2908 1871 3029 1928 ullo
3058 1874 3244 1928 modo
3274 1871 3350 1928 de
3378 1870 3614 1928 Domini

1958 1961 2374 2017 Incarnatione
2400 1960 2557 2017 duos
2582 1960 2844 2016 Christos
2864 1960 3062 2016 dicere
3087 1959 3177 2016 fas
3202 1965 3310 2029 est,
3326 1959 3489 2015 idem
3505 1974 3613 2015 au-

1958 2053 2075 2104 tem
2104 2054 2193 2104 est
2215 2047 2482 2105 Christus
2513 2064 2650 2103 cum
2679 2048 2810 2117 ejus
2828 2051 3066 2118 natura,
3094 2062 3313 2120 nempe
3332 2046 3612 2112 essentia.

1957 2136 2477 2210 quemadmodum
2507 2140 2564 2193 et
2591 2135 2847 2193 aliorum
2877 2136 3172 2205 omnium,
3199 2150 3325 2193 una
3359 2135 3467 2192 erit
3502 2150 3612 2192 ne-

1960 2226 2222 2285 cessario
2253 2231 2310 2285 et
2330 2226 2634 2285 evidenter
2663 2225 2878 2285 Christi
2904 2232 3141 2284 natura.

2353 2514 2495 2572 Alia
2518 2513 2857 2572 earumdem
2873 2513 3226 2585 propositio.

2033 2663 2122 2717 20.
2156 2659 2684 2727 Quemadmodum
2708 2659 2987 2733 quamvis
3009 2658 3212 2733 plures
3229 2658 3290 2715 in
3322 2658 3448 2715 sole
3468 2658 3620 2732 phy-

1963 2750 2100 2807 sicae
2122 2751 2275 2806 vires
2303 2749 2559 2806 diversae
2589 2748 3168 2817 animadvertantur,
3200 2752 3266 2805 ut
3290 2747 3454 2805 verbi
3485 2763 3621 2819 gra-

1963 2839 2065 2906 tia,
2107 2839 2315 2896 lumen
2370 2843 2429 2895 et
2482 2838 2668 2908 calor,
2701 2843 2815 2896 tres
2854 2838 3286 2907 dimensiones,
3320 2836 3621 2910 sphaerica

1961 2927 2179 2999 forma,
2219 2932 2422 2985 motus
2466 2927 2775 2985 circularis
2824 2932 2882 2983 et
2926 2926 3047 2983 alia
3072 2925 3429 2998 hujusmodi
3465 2942 3479 2993 ;
3509 2941 3621 2981 nec

1961 3022 2167 3076 tamen
2190 3016 2328 3074 ideo
2349 3032 2598 3073 necesse
2622 3017 2696 3073 sit
2720 3020 2786 3072 ut
2805 3015 3009 3089 plures
3048 3031 3180 3071 esse
3211 3013 3353 3071 solis
3373 3018 3621 3070 naturas

1960 3105 2194 3163 dicatur
2222 3104 2391 3173 (nihil
2438 3105 2599 3161 enim
2642 3119 2750 3176 per
2790 3120 2855 3160 se
2891 3104 3111 3160 horum
3149 3102 3291 3159 solis
3338 3106 3618 3159 naturam

1961 3195 2285 3262 constituit,
2321 3194 2427 3250 sed
2469 3209 2542 3249 ex
2580 3193 2675 3249 his
2726 3193 3009 3250 omnibus
3055 3191 3403 3262 coagulum,
3452 3191 3620 3264 quod

1962 3283 2145 3341 simul
2177 3298 2370 3341 unum
2399 3286 2458 3340 et
2509 3282 2686 3355 plura
2723 3285 2830 3350 est,
2877 3297 3070 3339 unum
3110 3279 3300 3338 solem
3335 3285 3392 3338 et
3427 3295 3619 3338 unam

1961 3374 2093 3445 ejus
2124 3377 2406 3429 naturam
2432 3371 2794 3438 constituit);
2826 3370 2908 3428 ita
2936 3377 2994 3427 et
3022 3371 3098 3427 de
3120 3370 3346 3427 Christo
3369 3372 3488 3427 Deo
3508 3369 3621 3426 ho-

1963 3465 2144 3533 mine,
2176 3462 2288 3519 etsi
2319 3461 2877 3519 animadvertantur
2904 3461 3069 3533 apud
3116 3476 3255 3516 eum
3296 3459 3622 3516 divinitatis

1962 3558 2020 3611 et
2064 3552 2456 3609 humanitatis
2512 3550 2886 3620 differentite,
2922 3566 3045 3607 non
3102 3549 3415 3606 audebunt
3462 3548 3619 3605 duas

1962 3644 2094 3714 ejus
2124 3645 2373 3699 naturas
2400 3640 2622 3710 dicere,
2664 3640 2769 3713 qui
2798 3638 3259 3712 quodammodo
3280 3653 3485 3695 rerum
3513 3652 3621 3694 na-

1961 3736 2159 3790 turam
2189 3734 2349 3787 recte
2390 3730 2692 3786 aestimare
2724 3732 2981 3802 possunt
3004 3728 3172 3796 (nihil
3203 3728 3368 3785 enim
3397 3728 3619 3783 horum

1961 3837 2069 3896 per
2098 3837 2161 3877 se
2193 3821 2462 3878 Christus
2490 3824 2683 3886 esset,
2710 3834 2909 3892 neque
2936 3820 3066 3890 ejus
3093 3817 3398 3887 divinitas,
3423 3831 3623 3889 neque

1960 3913 2091 3984 ejus
2141 3911 2561 3980 humanitas);
2611 3909 2717 3965 sed
2775 3925 2849 3965 ex
2897 3907 3201 3964 ambabus
3253 3904 3577 3975 coagulum
3606 3949 3620 3975 ,

1958 4018 2150 4059 unum
2177 3999 2418 4068 scilicet,
2440 4015 2552 4055 nec
2572 3999 2693 4055 duo
2722 4013 2834 4053 nec
2862 3998 2923 4053 in
2948 3997 3069 4053 ullo
3102 3995 3218 4052 alio
3240 3994 3625 4051 animadver-

1960 4107 2116 4159 sum,
2150 4106 2340 4146 unum
2376 4088 2677 4145 Christum
2698 4090 2755 4143 et
2786 4101 2972 4144 unam
3003 4086 3133 4158 ejus
3161 4098 3444 4143 naturam
3474 4097 3620 4141 con-

1958 4181 2110 4238 ﬁteri
2139 4178 2387 4237 omnino
2427 4178 2605 4249 cogit.

2542 4480 2686 4538 Alia
2716 4478 3025 4550 expositio.

2029 4629 2119 4681 2t.
2153 4624 2211 4682 Si
2241 4624 2393 4697 dyas
2419 4621 2915 4680 considerationis
2944 4622 3084 4694 post
3127 4617 3460 4676 monadem
3501 4618 3623 4691 pri~

1958 4717 2124 4771 mam
2150 4712 2475 4769 iudicaliva
2497 4713 2592 4781 sit,
2618 4710 2831 4767 divisio
2853 4714 3057 4767 autem
3080 4708 3292 4765 unitati
3328 4708 3401 4764 sit
3429 4722 3620 4781 oppo-

1957 4804 2091 4868 sita.
2118 4803 2197 4858 ob
2236 4801 2297 4858 id
2342 4803 2541 4874 ipsum
2581 4799 2760 4856 simul
2813 4799 2974 4856 uniri
3007 4802 3065 4855 ct
3103 4797 3295 4855 dividi
3330 4797 3493 4853 idem
3526 4811 3623 4852 se-

1956 4892 2224 4949 cundum
2266 4907 2327 4947 se
2371 4889 2736 4962 impossibile
2773 4894 2883 4945 est.
2926 4887 3100 4945 Nulla
3140 4887 3321 4956 igitur
3346 4886 3527 4958 dyas,
3558 4885 3618 4941 in

1953 4988 2249 5056 quantum
2277 4986 2365 5037 est
2396 4980 2575 5052 dyas,
2608 4978 2942 5035 secundum
2975 4977 3035 5034 id
3067 4981 3266 5050 potest
3296 4975 3413 5031 dici
3442 4974 3618 5031 uniri:

1954 5073 2058 5127 sed
2088 5070 2287 5143 potius
2317 5068 2525 5125 dividi.
2558 5071 2621 5123 Et
2650 5066 2725 5122 de
2767 5065 2996 5122 Christo
3022 5065 3200 5136 igitur
3226 5065 3275 5119 si
3311 5063 3448 5119 duae
3474 5066 3613 5118 sunt

1953 5161 2080 5231 ejus
2112 5164 2362 5227 naturae,
2390 5171 2585 5228 neque
2615 5171 2758 5223 una,
2777 5154 2975 5211 omnis
3004 5158 3209 5211 autem
3231 5152 3407 5225 dyas,
3435 5154 3617 5223 prout

1951 5255 2042 5306 est
2066 5248 2242 5321 dyas,
2265 5247 2485 5320 duplex
2511 5244 2824 5308 exsistens,
2849 5243 3180 5300 secundum
3205 5242 3265 5298 id
3296 5239 3603 5305 dividitur,

1950 5355 2061 5395 nec
2094 5338 2314 5405 unitur,
2343 5334 2549 5390 Christi
2571 5334 2749 5404 igitur
2772 5333 2908 5388 duae
2931 5331 3242 5400 naturae,si
3262 5326 3600 5384 secundum

1951 5443 2078 5483 csse
2110 5428 2309 5499 ipsum
2350 5424 2487 5479 duae
2525 5424 2641 5479 sint
2676 5428 2731 5478 ct
2774 5437 2895 5476 non
2938 5436 3061 5476 una
3114 5424 3363 5487 tantum,
3397 5426 3612 5470 secun-

1949 5517 2096 5572 dum
2126 5515 2187 5571 id
2217 5515 2418 5587 ipsum
2449 5519 2649 5574 essent
2674 5511 2880 5566 divisae
2913 5524 3108 5582 neque
3139 5507 3338 5574 unitm,
3369 5506 3426 5558 et
3461 5502 3601 5553 Nes-

1949 5605 2084 5662 torii
2114 5603 2389 5661 doctrina
2412 5600 2736 5657 inducitur.
