4106 6296
495 305 564 358 59
1839 299 2110 355 NICETE
2148 295 2520 354 CHONIATE
3786 297 3857 351 60

1063 426 1206 484 Alia
1225 426 1574 496 propositio.

564 555 659 610 22.
699 555 767 610 Et
795 553 870 610 de
909 553 1208 609 continuis
1253 567 1412 624 saepe
1459 567 1781 608 numerum
1818 548 2143 614 efferimus,

494 647 578 714 ut,
613 643 779 698 verbi
813 643 1004 712 gratia
1024 642 1266 698 duobus
1295 641 1512 697 cubitis
1532 639 1780 708 longum
1808 656 1936 696 esse
1956 635 2146 711 quod-

495 733 639 790 dam
689 731 923 804 lignum
969 733 1245 787 dicimus.
1291 731 1402 787 Sed
1442 733 1711 804 potentia
1744 735 1978 786 tantum
2023 729 2144 782 duo

494 837 688 876 unum
729 837 856 876 esse
887 820 1162 884 dicimus,
1191 836 1312 875 non
1343 835 1442 886 re;
1485 835 1556 875 eo
1585 819 1752 892 quod
1787 817 2143 873 divisionem

497 909 698 965 subire
731 913 996 982 potestet
1023 908 1146 964 duo
1175 909 1325 974 ﬁeri,
1357 908 1590 979 lignum
1611 907 1758 964 illud
1781 905 2024 963 duobus
2048 921 2144 960 cu-

495 999 634 1056 bitis
659 1015 792 1055 esse
814 999 1094 1055 dicimus.

1061 1126 1207 1182 Alia
1227 1125 1573 1194 propositio.

565 1253 656 1306 23.
698 1250 754 1305 Si
785 1249 1054 1307 Christus
1091 1265 1250 1305 unus
1300 1253 1388 1306 est
1436 1251 1679 1306 nomine
1727 1252 1784 1304 et
1825 1265 1907 1316 re,
1949 1247 2146 1303 omnis

496 1343 698 1394 autem
741 1337 1006 1394 deﬁnitio
1060 1354 1244 1394 unam
1301 1343 1579 1395 naturam
1627 1338 1881 1404 indicat,
1916 1335 2028 1391 nisi
2074 1335 2146 1390 sit

497 1427 786 1496 ambigua
811 1445 824 1495 ;
849 1427 1056 1482 Christi
1080 1443 1370 1483 numerus
1398 1428 1576 1496 igitur
1603 1427 1777 1482 unius
1807 1431 2036 1481 natura:
2056 1429 2147 1479 est

494 1517 856 1572 indicativus
882 1533 894 1581 ;
923 1516 968 1569 si
1003 1521 1204 1572 autem
1241 1517 1574 1571 secundum
1613 1531 1724 1571 nos
1769 1515 1904 1571 dua;
1937 1513 2145 1569 Christi

495 1609 726 1659 naturae
765 1603 918 1658 duas
947 1603 1173 1658 habent
1201 1603 1580 1659 deﬁnitiones
1611 1618 1732 1658 non
1777 1602 1938 1658 idem
1968 1602 2148 1672 signi-

496 1693 764 1756 ﬁcantes,
799 1697 856 1747 et
882 1691 1148 1748 Christus
1177 1693 1374 1760 igitur,
1408 1709 1543 1748 cum
1567 1709 1724 1747 unus
1757 1693 1851 1760 sit,
1874 1691 2028 1746 duas
2047 1690 2147 1745 de-

495 1781 798 1837 ﬁnitiones
814 1797 936 1837 non
958 1781 1116 1836 idem
1146 1783 1548 1852 signiﬁcantes
1570 1781 1844 1838 habebit.
1869 1781 1920 1837 Si
1946 1783 2146 1836 autem
2179 1769 2218 1824 Β

497 1870 560 1926 id
590 1870 960 1942 impossibile
984 1875 1076 1926 est
1105 1873 1326 1936 (omnis
1353 1873 1514 1927 enim
1540 1871 1625 1926 rei
1645 1871 1824 1926 unius
1845 1869 2145 1926 existentis

497 1961 683 2016 unica
713 1965 806 2016 est
835 1961 1148 2031 deﬁnitio),
1181 1977 1302 2016 non
1337 1961 1517 2030 igitur
1553 1962 1708 2018 duas
1737 1959 1983 2016 habebit
2007 1959 2148 2014 deﬁ-

497 2049 754 2104 nitiones
783 2050 1074 2105 Christus.
1110 2051 1164 2106 Si
1195 2051 1278 2106 ita
1302 2055 1412 2118 est,
1441 2065 1636 2121 neque
1658 2049 1794 2105 dum
1827 2053 1996 2104 erunt
2019 2049 2150 2118 ejus

495 2143 722 2194 naturae
749 2157 762 2206 ;
795 2139 1043 2208 singulm
1065 2139 1223 2194 enim
1246 2139 1620 2195 deﬁnitiones
1653 2153 1838 2194 unam
1869 2142 2150 2194 naturam

498 2227 858 2298 signiﬁcant,
895 2229 1019 2285 sive
1047 2229 1352 2300 simplices
1384 2229 1505 2284 sive
1528 2228 1896 2300 compositae.

1247 2369 1397 2424 Alia.

571 2495 660 2547 24.
704 2492 759 2547 Si
789 2507 1012 2548 nomen
1041 2493 1307 2548 Christus
1339 2507 1458 2548 non
1495 2492 1842 2548 substantiae
1875 2491 2150 2547 indicati-

497 2597 644 2635 vum
677 2584 788 2648 est,
844 2580 948 2634 sed
993 2581 1310 2650 cujusdam
1356 2587 1583 2636 naturae
1635 2581 2031 2636 accidentium
2080 2597 2150 2635 ex

499 2669 726 2724 unione
757 2675 1048 2733 crtorum,
1081 2675 1435 2724 naturarum
1471 2685 1606 2742 quae
1628 2669 1763 2724 dum
1793 2670 1964 2725 factae
1989 2675 2144 2740 sunt,

497 2757 889 2815 indicativum
930 2763 1037 2813 est.
1069 2761 1188 2814 Hoc
1223 2763 1422 2814 autem
1455 2759 1602 2814 nihil
1643 2759 1808 2814 aliud
1847 2763 1934 2814 est
1963 2775 2146 2830 quam

499 2851 854 2902 naturarum
897 2847 1176 2903 relativus
1207 2847 1470 2904 habitus.
1515 2851 1654 2903 Duae
1685 2854 1884 2904 autem
1920 2853 2148 2904 natura

499 2936 594 2990 vel
624 2935 804 2991 unitas
834 2943 1146 2992 remanent
1176 2938 1234 2993 in
1276 2937 1544 3004 Christo;
1583 2937 1920 2994 secundum
1971 2939 2151 3006 igitur

499 3041 722 3081 vanum
771 3023 1154 3082 solummodo
1200 3026 1476 3082 habitum
1525 3032 1874 3082 naturarum
1908 3027 2149 3083 alterius

501 3129 638 3169 eum
667 3113 852 3169 altera
889 3114 1046 3171 facta
1077 3119 1164 3170 est
1201 3117 1385 3184 unio;
1421 3121 1484 3171 ut
1511 3115 1726 3171 dicitur
1767 3116 1842 3171 de
1882 3116 2064 3172 choro
2093 3119 2151 3172 et

499 3201 704 3267 domo,
733 3207 789 3258 et
819 3203 964 3259 urbe
997 3210 1054 3260 et
1081 3204 1382 3276 lapidibus
1417 3211 1474 3260 et
1509 3205 1685 3276 lignis
1724 3205 1944 3278 quibus
1975 3221 2148 3261 cons-

501 3295 586 3346 tat
605 3290 943 3362 aediﬁcium,
965 3293 1484 3365 quemadmodum
1506 3300 1564 3350 et
1589 3295 1888 3351 Nestorius
1910 3294 2149 3350 docuis-

501 3395 564 3434 se
591 3379 899 3452 reperitur.

1247 3507 1412 3562 Alia.

572 3632 664 3684 25.
707 3628 762 3684 Si
789 3644 927 3700 quae
955 3628 1242 3685 uniuntur
1271 3645 1458 3686 unum
1491 3631 1660 3694 ﬁunt,
1685 3647 1822 3704 quae
1851 3647 1973 3688 non
2000 3633 2152 3690 ﬁunt

503 3731 696 3772 unum
728 3717 978 3773 omnino
1025 3733 1149 3773 non
1203 3719 1530 3786 uniuntur;
1579 3721 1624 3774 si
1653 3720 1834 3788 igitur
1868 3721 2002 3776 dum
2042 3737 2150 3776 nec

502 3821 627 3862 una
657 3811 798 3861 sunt
831 3805 1034 3862 Christi
1069 3812 1318 3874 naturas,
1343 3807 1497 3880 dyas
1541 3813 1764 3874 autem,
1795 3825 1932 3864 cum
1962 3810 2153 3882 dupli-

501 3894 650 3952 eitas
677 3895 770 3963 sit,
803 3895 1115 3951 divisionis
1157 3895 1480 3952 indicativa
1509 3903 1616 3966 est,
1659 3899 1730 3965 si,
1773 3913 1910 3970 qua
1957 3897 2153 3955 divisa

502 3988 662 4048 sunt,
691 3999 812 4038 non
846 3987 988 4038 sunt
1019 3983 1206 4052 unita,
1233 3999 1353 4040 non
1379 3986 1560 4054 igitur
1579 3986 1759 4042 unitas
1783 3991 1924 4042 sunt
1945 3987 2152 4042 Christi

503 4075 760 4138 naturae;
793 4072 839 4126 si
870 4072 1070 4142 igitur.
1093 4089 1164 4127 eo
1191 4073 1356 4145 quod
1385 4089 1509 4130 non
1538 4075 1814 4130 immistee
1843 4075 1979 4139 sint,
1999 4074 2154 4130 duas

504 4174 638 4214 esse
681 4159 892 4214 Christi
921 4165 1170 4215 naturas
1203 4167 1466 4230 censent,
1498 4179 1745 4218 necesse
1775 4170 1882 4229 est,
1914 4168 2154 4236 propter

503 4247 813 4314 unionem,
846 4254 910 4304 ut
937 4265 1122 4304 unam
1159 4251 1288 4320 ejus
1317 4258 1595 4308 naturam
1627 4253 1848 4309 dicant.

1243 4375 1408 4432 Alia.

575 4498 665 4550 26.
709 4497 833 4551 Non
865 4501 1011 4568 quot
1033 4497 1447 4570 cujuscunque
1469 4499 1710 4555 reisunt
1736 4502 2150 4582 proprietates,
2182 4507 2224 4560 D

503 4588 588 4641 tot
615 4590 672 4640 et
709 4585 891 4656 hujus
923 4591 1065 4642 sunt
1109 4593 1356 4642 naturae.
1401 4589 1500 4644 Vel
1547 4589 1709 4644 enim
1759 4589 1906 4644 nihil
1943 4605 2151 4644 eorum

502 4691 639 4747 quae
662 4677 970 4748 propriam
997 4675 1222 4732 habent
1242 4678 1670 4744 exsistentiam,
1706 4679 1884 4734 unius
1912 4681 2018 4735 erit
2047 4696 2150 4734 na-

504 4770 670 4828 turae,
705 4781 842 4820 eum
877 4765 1079 4838 plures
1120 4768 1514 4839 proprietates
1545 4767 1884 4823 differentes
1915 4770 1972 4824 in
1999 4785 2156 4824 uno-

502 4869 744 4925 quoque
766 4855 1351 4921 animadvertantur;
1377 4856 1480 4910 sed
1504 4871 1714 4911 eorum
1731 4859 2002 4912 omnium
2019 4873 2154 4928 quae

503 4945 882 5012 suppositum
941 4945 1308 4998 constituunt
1361 4944 1720 5014 coagulum,
1782 4949 2000 5000 natura
2047 4950 2151 5000 est-

503 5029 663 5099 lgnis
689 5032 846 5086 enim
871 5031 1072 5088 lumen
1114 5039 1170 5088 et
1198 5033 1403 5088 levitas
1430 5034 1826 5106 proprietates
1857 5041 2014 5104 sunt,
2051 5033 2154 5090 sed

505 5135 628 5176 non
657 5119 860 5176 lumen
893 5127 995 5176 aut
1021 5121 1321 5176 levitatem
1357 5124 1511 5187 ignis
1545 5139 1672 5177 esse
1703 5128 1982 5178 naturam
2013 5123 2156 5178 dici-

505 5225 661 5270 mus.
687 5213 748 5264 ut
785 5213 840 5264 et
871 5212 1024 5264 aeris
1059 5212 1447 5282 proprietates
1485 5215 1622 5265 sunt
1655 5211 1869 5266 caloris
1891 5213 2152 5268 carentia

505 5304 560 5354 et
589 5299 931 5370 personatio
957 5318 970 5364 ;
1019 5305 1085 5354 ut
1113 5304 1168 5354 et
1209 5299 1462 5354 aliorum
1496 5300 1928 5356 elementorum
1959 5303 2156 5358 videre

507 5393 596 5444 est
643 5388 791 5442 alias
843 5387 1261 5458 proprietates.
1306 5387 1416 5444 Sed
1453 5405 1632 5444 nemo
1673 5389 1918 5445 audebit
1959 5391 2156 5448 dicere

507 5477 710 5532 multis
735 5476 1214 5548 unumquodque
1239 5478 1469 5532 naturis
1497 5494 1623 5532 esse
1648 5494 1717 5533 eo
1746 5479 1910 5550 quod
1941 5480 2158 5535 multas

505 5565 728 5636 habeat
755 5565 1148 5638 proprietates
1170 5583 1188 5636 ;
1228 5565 1274 5621 si
1300 5569 1358 5622 et
1385 5565 1460 5622 de
1501 5567 1731 5624 Christo
1761 5567 2069 5626 divinitate
2101 5573 2158 5626 et

2177 421 2226 474 Α

2787 421 2990 496 Ἕτερον
3019 421 3318 498 πρόϐλημα.

2327 545 2432 618 κβ.
2487 551 2588 598 Καὶ
2639 549 2721 598 ἐπὶ
2777 554 2878 598 τῶν
2925 553 3159 618 συνεχῶν
3201 544 3446 604 πολλάκις
3503 549 3716 617 φέρομεν
3765 548 3856 596 τὸν

2255 636 2476 709 ἀριθμὸν
2524 633 2622 689 δύο
2669 641 2786 711 φέρε
2823 635 2978 688 εἰπεῖν
3027 641 3242 706 πήχεων
3285 639 3344 686 τὸ
3399 635 3546 697 ξύλον
3606 635 3852 704 λέγοντες·

2255 726 2384 778 ἀλλὰ
2429 722 2648 797 δυνάμει
2694 722 2792 776 δύο
2849 727 3008 797 φαμὲν
3057 723 3184 776 εἶναι
3231 727 3290 776 τὸ
3341 723 3410 792 ἓν,
3452 723 3546 774 06x
3592 721 3844 797 ἐνεργείᾳ.

2253 823 2326 886 τῷ
2376 811 2435 867 δὲ
2483 811 2744 867 δύνασθαι
2789 819 2952 886 τομὴν
2991 815 3278 886 ὑπομένειν,
3321 819 3411 864 καὶ
3455 809 3554 864 δύο
3589 814 3854 883 γενέσθαι,

2253 907 2418 976 ταύτῃ
2455 907 2612 976 φαμὲν
2645 904 2768 956 αὐτὸ
2809 901 2906 956 δύο
2931 911 3081 955 τινῶν
3111 908 3326 974 πήχεων
3355 903 3501 966 εἶναι,

2783 1115 2989 1188 Ἕτερον
3018 1111 3317 1188 πρόϐλημα.

2327 1245 2422 1316 κγ’·
2461 1244 2520 1296 Εἰ
2549 1244 2574 1296 6
2601 1245 2830 1316 Χριστὸς
2857 1238 2928 1302 εἷς
2951 1239 3090 1294 ἐστιν
3117 1240 3332 1312 ὀνόματί
3359 1258 3414 1291 τε
3443 1241 3532 1290 καί
3557 1238 3856 1308 πράγματι,

2255 1341 2356 1394 πᾶς
2401 1330 2462 1384 δὲ
2513 1334 2731 1403 ὁρισμὸς
2797 1327 2868 1390 εἷς
2923 1330 3012 1396 ὠν,
3061 1328 3104 1380 εἰ
3159 1333 3229 1400 μὴ
3300 1328 3567 1399 ὁμώνυμος
3605 1327 3706 1390 εἴη,
3733 1329 3858 1394 μιᾶς

2257 1427 2454 1496 φύσεως
2477 1419 2769 1482 δηλωτικος
2795 1419 2927 1471 ἐστι’
2957 1423 3045 1470 καὶ
3067 1419 3092 1469 6
3113 1425 3204 1470 τοῦ
3231 1423 3466 1489 Χριστοῦ
3487 1416 3590 1488 ἄρα
3610 1413 3856 1485 ἀριθμὸς.

2255 1519 2381 1584 μιᾶς
2399 1521 2496 1572 τῆς
2517 1510 2675 1562 αὐτοῦ
2702 1512 2903 1580 φύσεως
2925 1504 3215 1565 ὃηλωτικός
3241 1505 3398 1558 ἐστιν.
3425 1504 3484 1557 Ei
3509 1501 3568 1556 δὲ
3598 1502 3860 1573 καθ’ὑμᾶς

2255 1602 2311 1654 αἱ
2347 1609 2440 1652 τοῦ
2479 1605 2714 1672 Χριστοῦ
2746 1594 2842 1650 δύο
2874 1600 3049 1668 φύσεις
3081 1591 3178 1646 δύο
3224 1597 3443 1666 ἔχουσιν
3482 1593 3752 1666 ὁρισμοὺς,
3795 1590 3856 1642 οῦ

2255 1693 2414 1743 ταυτό
2465 1686 2766 1746 δηλοῦντας,
2827 1690 2914 1736 καὶ
2957 1686 2984 1736 6
3032 1687 3259 1755 Χριστὸς
3315 1684 3437 1756 ἄρα,
3487 1680 3553 1742 εἷς
3605 1681 3692 1739 ὢν,
3753 1676 3859 1731 6‘60

2257 1782 2504 1854 ὁρισμούς
2525 1779 2623 1840 ἕξει
2652 1776 2712 1829 o6
2737 1778 2896 1828 ταυτὸ
2921 1772 3226 1836 δηλοῦντας·
3253 1773 3295 1826 εἰ
3334 1769 3394 1824 δέ
3417 1780 3569 1824 τοῦτο
3597 1767 3858 1822 ἁδυνατον

2259 1865 2462 1942 (totum;
2483 1870 2584 1940 ’γὰρ
2605 1867 2914 1938 πράγματος
2937 1863 3046 1926 ἐνὸς
3067 1867 3210 1924 ὄντος
3237 1864 3308 1922 εἷς
3335 1860 3445 1914 ἐστι
3472 1864 3561 1912 καὶ
3581 1861 3771 1933 ὀρισμὸ
3782 1859 3858 1930 ς),

2257 1959 2352 2012 06x
2387 1959 2492 2030 ἄρα
2518 1954 2614 2008 δύο
2644 1955 2743 2017 ἕξει
2776 1960 2866 2006 καὶ
2905 1954 3156 2027 ὁρισμοὺς
3187 1954 3210 2004 6
3235 1955 3479 2022 Χριστός·
3514 1949 3557 2000 εί
3587 1944 3644 2000 δὲ
3673 1955 3857 2016 τοῦτο,

2258 2045 2382 2102 οὐδὲ
2413 2043 2510 2099 δύο
2541 2049 2746 2098 ἔσονται
2776 2043 2934 2095 αὐτοῦ
2966 2043 3020 2094 αἱ
3043 2044 3240 2112 φύσεις
3271 2041 3485 2100 ἕκαστος
3512 2040 3614 2109 γὰρ
3636 2039 3861 2108 ὁρισμὸς

2259 2144 2379 2211 μιᾶς
2419 2138 2618 2208 φύσεως
2644 2131 2756 2184 ἐστι
2787 2129 3094 2198 δηλωτικὸς,
3119 2132 3216 2180 εἴτε
3236 2127 3448 2194 ἁπλοῦς,
3467 2131 3568 2180 εἴτε
3589 2127 3859 2185 σύνθετος.

2945 2369 3169 2436 Ἕτερον.

2331 2489 2440 2546 x6".
2483 2491 2542 2544 Εἰ
2586 2494 2644 2541 τὸ
2701 2490 2933 2560 Χριστὸς
2990 2489 3150 2557 ὄνομα
3205 2484 3298 2536 06x
3343 2482 3515 2542 οῦτίας
3546 2477 3868 2541 δηλωτικὸν,

2262 2581 2388 2634 ἀλλὰ
2423 2589 2520 2633 τῶν
2551 2583 2670 2652 περὶ
2712 2582 2806 2635 τὴν
2853 2575 3035 2628 οὐσίαν
3068 2577 3207 2634 τινὸς
3244 2581 3344 2625 τῶν
3381 2570 3436 2623 ἐκ
3473 2579 3568 2630 τῆς
3607 2569 3862 2631 ἐνὼσεως,

2257 2679 2358 2722 τῶν
2408 2665 2506 2721 δύο
2546 2671 2745 2740 φύσεων
2783 2671 3062 2736 γενομένων
3121 2659 3409 2719 δηλωτικόν
3441 2663 3572 2711 ἐστι·
3613 2663 3765 2709 τοῦτο
3799 2653 3866 2708 δὲ

2259 2756 2409 2812 οὐὸὶν
2435 2758 2556 2810 ἄλλο
2581 2756 2721 2808 ἐστὶν
2747 2755 2776 2814 ἢ
2806 2757 2836 2813 ἡ
2873 2762 2970 2806 τῶν
3001 2756 3198 2826 φύσεων
3227 2754 3358 2824 πρὸς
3389 2747 3610 2808 ἀλλήλας
3638 2749 3858 2816 σχέσις·

2261 2847 2358 2902 δύο
2391 2845 2448 2900 δὲ
2487 2853 2668 2918 φύσεις
2705 2850 2796 2896 καὶ
2839 2842 3108 2895 ἐνωθεϋαι
3148 2845 3496 2914 μεμενήκασιν
3535 2835 3581 2888 ἓν
3611 2841 3858 2906 Χριστῷ·

2257 2939 2390 2990 κατὰ
2411 2941 2569 3008 μόνην
2601 2936 2702 3007 ἄρα
2733 2936 2922 3004 σχέσιν
2947 2930 3105 3000 ψιλὴν
3126 2931 3157 2986 ἡ
3190 2936 3288 2980 τῶν
3321 2929 3518 2998 φύσεων
3543 2927 3666 2997 πρὸς
3697 2920 3860 2978 ἀλλή-

2254 3027 2342 3086 λοις
2407 3029 2610 3097 γέγονεν
2667 3025 2862 3082 ἓνωσις·
2917 3023 2982 3080 ως
3040 3019 3122 3070 ἐπὶ
3160 3024 3348 3090 χοροῦ,
3391 3020 3480 3066 καὶ
3527 3014 3715 3076 οἰκίας,
3761 3015 3860 3062 καὶ

2257 3118 2468 3180 πόλεως,
2511 3120 2599 3166 καὶ
2623 3113 2800 3174 λίθων,
2825 3115 2912 3162 καὶ
2933 3109 3093 3173 ξύλων
3133 3108 3181 3159 ἐν
3204 3105 3280 3168 οἷς
3309 3110 3366 3158 τὸ
3393 3100 3860 3175 οἰκοδομούμενον,

2259 3208 2428 3267 καθὼς
2457 3210 2547 3257 καὶ
2573 3207 2851 3276 Νεστὸριος
2883 3195 3211 3271 δογματίζων
3251 3197 3568 3270 εὑρίσκεται.

2988 3499 3212 3572 Ἕτερον.

2330 3631 2416 3682 κε’.
2481 3629 2542 3684 Εἰ
2585 3631 2650 3680 τὰ
2693 3629 2927 3697 ἡνωμένα
2963 3623 3010 3676 ἓν
3057 3627 3278 3694 γίνεται,
3320 3623 3388 3671 τὰ
3429 3623 3498 3692 μὴ
3531 3620 3778 3688 γενόμενα
3809 3615 3866 3668 ’ἐν

2260 3720 2366 3791 οὔχ
2428 3722 2621 3778 ἥνωται
2687 3716 2740 3778 ἐξ
2796 3713 3040 3784 ἀνάγκης·
3087 3711 3131 3764 εἰ
3190 3711 3276 3762 οὖν
3335 3706 3432 3761 6‘60
3484 3711 3575 3759 καὶ
3641 3704 3698 3756 06
3762 3709 3868 3776 μία

2258 3811 2616 3880 τυγχάνουσιν
2647 3807 2702 3857 αἱ
2731 3811 2821 3856 τοῦ
2861 3809 3095 3875 Χριστοῦ
3123 3803 3318 3873 φύσεις,
3349 3801 3377 3856 ἡ
3418 3795 3476 3849 δὲ
3515 3791 3668 3860 δυὰς,
3693 3790 3866 3864 διχάς

2260 3919 2314 3951 τε
2353 3894 2507 3960 οὖσα,
2542 3893 2849 3969 διαιρέσεως
2890 3890 3004 3942 ἐστι
3036 3887 3324 3952 δηλωτικὴ,
3371 3889 3434 3938 τὰ
3475 3881 3533 3936 δὲ
3565 3880 3867 3956 διῃρημένοι

2264 3989 2370 4060 οὐχ
2410 3989 2621 4050 ἥνωται,
2675 3984 2768 4036 06x
2797 3984 2900 4053 οῐρα
2929 3983 3186 4051 ἡνωμέναι
3229 3978 3359 4029 εἰσὶν
3405 3975 3460 4026 αἰ
3497 3981 3588 4026 τοῦ
3619 3980 3864 4044 Χριστοῦ

2263 4080 2462 4149 φύσεις
2508 4075 2551 4126 εἰ
2587 4078 2758 4125 τοίνυν
2791 4067 2884 4123 διὰ
2911 4073 2966 4122 τὸ
2999 4068 3306 4140 ἀσύγχυτον
3340 4062 3435 4116 δύο
3476 4061 3604 4114 εἶναι
3633 4064 3727 4122 τὰς
3766 4069 3864 4112 τοῦ

2261 4171 2494 4237 Χριστοῦ
2527 4166 2706 4235 φύσεις
2751 4164 2929 4232 φύσεις
2966 4157 3219 4220 ἀξιοῦσιν,
3271 4153 3396 4206 ἀλλὰ
3428 4149 3520 4205 διὰ
3543 4155 3636 4209 τὴν
3675 4150 3865 4202 ἕνωσιν

2261 4258 2384 4326 μίαν
2411 4252 2570 4304 αὐτοῦ
2595 4255 2686 4308 τὴν
2713 4253 2865 4322 φύσιν
2895 4247 3057 4317 λέγειν
3089 4244 3602 4316 ἀναγκασθήσονται.

2951 4370 3180 4444 ”Ετερον.

2329 4501 2417 4562 κς’.
2470 4500 2590 4571 Οὐχ
2638 4501 2760 4550 ὅσαι
2809 4497 3113 4570 πραγμάτος
3157 4494 3378 4546 ἑκάστου
3429 4488 3686 4551 ἰδιότητες
3735 4509 3868 4542 τοσ-

2262 4598 2415 4642 αῦται
2453 4593 2540 4640 καὶ
2594 4591 2774 4659 φύσεις
2809 4588 2992 4638 τούτου
3025 4583 3150 4635 εἰσίν
3181 4599 3192 4612 ’
3239 4583 3268 4640 ἡ
3312 4583 3413 4655 γὰρ
3455 4579 3514 4631 ἂν
3553 4576 3704 4630 οὐδὲν
3761 4588 3867 4631 τῶν

2261 4683 2486 4750 ἑχόντων
2541 4674 2680 4729 ἰδίαν
2725 4674 2942 4748 ὕπαρξιν
2999 4679 3124 4745 μιᾶς
3163 4674 3309 4724 ἔσται
3357 4671 3576 4742 φύσεως,
3616 4667 3868 4720 πλειονων

2265 4763 2541 4824 ἰδιοτήτων
2607 4769 2721 4822 ἦτοι
2771 4760 3032 4834 διαφορῶν
3101 4759 3148 4811 ἐν
3216 4759 3418 4829 ἑκάστῳ
3474 4759 3862 4830 θεωρουμένων,

2265 4854 2392 4907 ἀλλὰ
2453 4859 2509 4906 τὸ
2568 4853 2621 4904 ἐκ
2677 4855 2882 4904 πάντων
2934 4853 3198 4922 σύγκριμα
3235 4857 3334 4899 τῶν
3395 4845 3866 4919 συμπληροῦντων,

2263 4949 2321 4998 τὸ
2362 4946 2693 5015 ὑποκείμενον
2743 4944 2896 5014 φύσις
2946 4937 3074 4990 ἐστί·
3116 4941 3275 5011 πυρὸς
3321 4939 3409 5008 μὲν
3449 4939 3548 5009 ’γὰρ
3597 4938 3655 4985 τὸ
3697 4953 3869 5005 φωτι-

2266 5037 2462 5086 στικὸν.
2513 5037 2600 5082 καὶ
2657 5033 2714 5083 τὸ
2746 5037 2932 5100 κοῦφον
2985 5025 3123 5079 ἴδιον
3152 5044 3164 5054 ·
3228 5025 3334 5077 ἀλλ’
3384 5024 3442 5076 06
3491 5027 3646 5096 φύσιν
3699 5027 3870 5096 πυρὸς

2263 5127 2320 5174 τὸ
2362 5123 2695 5194 φωτιστικὸν,
2730 5119 2759 5178 ἦ
2807 5123 2864 5170 τὸ
2913 5123 3100 5188 κοῦφον
3158 5113 3285 5167 εἶναί
3315 5130 3496 5186 φαμεν
3543 5114 3715 5185 ὥσπερ
3775 5115 3872 5165 καὶ

2265 5209 2412 5285 ἀέρος
2471 5207 2723 5268 ἰδιότητες
2774 5211 2828 5260 τὲ
2891 5205 3322 5280 ἀχρωμάτιστον,
3389 5207 3446 5256 τὸ
3519 5197 3734 5272 διηχές
3795 5205 3870 5264 ὡς

2263 5306 2353 5354 καὶ
2419 5301 2502 5351 ἐπὶ
2572 5307 2671 5350 τῶν
2734 5296 2894 5348 ἄλλων
2961 5301 3232 5368 στοιχείων
3291 5296 3429 5345 ἐστιν
3493 5287 3622 5342 ἰδεῖν
3691 5291 3873 5364 ἐτέρας

2269 5389 2556 5448 ἰδιότητας·
2609 5385 2718 5438 ἀλλ’
2755 5383 2927 5446 οὐδεὶς
2967 5386 3216 5458 τολμήσει
3261 5379 3354 5435 διὰ
3391 5386 3447 5434 τὸ
3503 5379 3691 5440 πολλὰς
3751 5383 3870 5432 ἐκοι-

2269 5499 2388 5532 στον
2429 5480 2622 5529 τούτων
2672 5473 2938 5535 ἰδιότητας
2977 5477 3138 5546 ἔχειν,
3177 5474 3307 5525 οὕτω
3336 5477 3442 5523 καὶη
3465 5469 3663 5522 πολλῶν
3705 5469 3868 5521 εἰπεῖν

2269 5565 2398 5622 εἶναι
2455 5570 2654 5638 φύσεων
2689 5587 2701 5598 ·
2755 5569 2890 5618 οὕτω
2955 5569 3126 5616 τοίνυν
3189 5567 3278 5614 καὶ
3335 5559 3418 5612 ἐπὶ
3469 5567 3561 5613 τοῦ
3625 5566 3868 5630 Χριστοῦ
