4106 6296
187 351 229 405 ιι
1327 332 1336 338 ”
1580 349 1831 408 THESAI

1971 351 2103 408 LIB.
2142 353 2235 408 IX.
3523 363 3593 416 62

189 484 495 539 συνεστῶτος
562 476 633 530 ἔκ
712 481 976 542 θεότητος
1019 484 1107 533 καὶ
1178 479 1597 555 ἀνθρωπότητος,
1640 476 1683 531 εἰ
1742 479 1830 549 μὲν

1944 473 2314 535 humanitate
2352 485 2681 550 constante,
2722 485 2771 539 si
2815 483 3080 542 dicerent
3109 483 3265 541 duas
3302 499 3437 542 esse
3461 484 3593 557 ejus

186 562 347 634 λέγοιεν
403 563 518 619 δύο
598 571 717 630 τὰς
780 570 952 621 αὐτοῦ
1022 571 1239 641 φύσεις,
1280 573 1310 628 ἤ
1352 567 1400 621 ἓν
1458 565 1555 621 δύο
1614 571 1831 640 φύσεσιν

189 652 312 705 αὐτόν
357 657 746 730 θεωρεῖσθαι,
793 659 975 733 ὥσπερ
1026 664 1113 710 καὶ
1159 662 1214 711 τό
1258 658 1371 711 ὃλον
1418 658 1467 711 ἐν
1506 665 1613 720 τοῖς
1653 663 1832 731 μέρεσι

194 743 493 815 θεωρεῖσθαι
533 746 802 819 λέγομεν,
850 748 880 805 ἦ
925 752 1013 799 καὶ
1051 745 1244 800 τοσάδε
1300 744 1429 800 εἶναι
1471 750 1534 799 τὰ
1590 755 1681 799 τοῦ
1741 747 1830 799 λό-

195 851 274 901 γον
323 839 491 908 μέρη,
546 839 615 887 τὸ
684 837 739 888 ἓν
801 840 863 888 τό
929 835 984 887 ἐκ
1030 845 1121 899 τῆς
1175 839 1378 889 πάντων
1435 837 1661 899 ἑνώσεως
1707 835 1832 888 ἀπο-

200 922 552 996 τετελεσμένον
604 931 991 995 γινώσκοντες,
1021 929 1089 988 ὡς
1143 927 1186 979 εἰ
1251 931 1339 979 καὶ
1384 931 1446 979 τό
1507 931 1750 999 τρίγωνον
1784 925 1831 978 ἐν

206 1017 363 1083 τρισὶν
404 1013 653 1076 εὐθείαις
710 1016 1007 1087 ὑφεστάναι
1048 1015 1187 1087 λέγοι
1238 1037 1338 1081 τις,
1373 1016 1533 1069 αὐτοῦ
1588 1025 1680 1069 τοῦ
1717 1036 1831 1090 τρι-

214 1106 364 1170 γώνον
397 1107 703 1174 σχήματος
766 1103 879 1166 ἐνὸς
916 1109 1053 1165 ὄντος
1096 1112 1185 1157 τοῦ
1238 1103 1294 1156 ἐκ
1339 1113 1437 1167 τῆς
1481 1114 1832 1178 συναφῆςτῶν

221 1198 364 1263 τριῶν
426 1190 648 1243 εὐθειῶν
710 1191 1197 1266 ἆποτετελεσμένου,
1251 1199 1339 1246 καὶ
1390 1197 1465 1247 ἔτι
1521 1200 1613 1253 τὴν
1666 1195 1832 1247 οἰκίαν

224 1279 450 1342 ὶνλίθοις
480 1280 621 1334 εἶναι
680 1288 775 1335 καὶ
832 1284 1024 1350 ξύλοις,
1058 1284 1165 1346 ἐνὸς
1202 1286 1355 1338 πάλιν
1386 1293 1477 1338 τοῦ
1527 1294 1616 1347 τῆς
1663 1287 1832 1350 οἰκίας

228 1366 391 1431 εἴδους
447 1372 816 1445 ὑπάρχοντος,
867 1372 988 1447 ὅπερ
1041 1372 1095 1425 ἐκ
1150 1384 1240 1435 τῆς
1297 1373 1496 1428 ἐκείνων
1549 1378 1831 1438 συνθέσεως

227 1462 440 1529 γέγονεν,
472 1458 609 1522 ἴσως
666 1463 729 1512 οἶν
771 1481 848 1522 τις
903 1468 1275 1535 συγχωρήσειε
1322 1472 1394 1535 τῷ
1441 1464 1573 1536 λόγῳ
1605 1483 1616 1495 ·
1652 1466 1691 1517 εἰ
1729 1469 1831 1540 γὰρ

231 1551 289 1598 τα
309 1546 358 1609 ἐξ
384 1548 451 1598 ὧν
492 1551 520 1600 6
554 1554 790 1623 Χριστός
831 1546 951 1613 δύο,
998 1554 1109 1603 ἶσον
1166 1555 1225 1603 ἄν
1281 1555 1358 1610 εἴη
1413 1558 1468 1605 τό
1524 1573 1578 1606 τε
1626 1553 1681 1606 ἐκ
1735 1551 1832 1608 δύο

234 1639 422 1706 φύσεων
474 1641 565 1689 τὸν
628 1643 860 1712 Χριστόν
922 1637 1047 1692 εἶναι
1104 1641 1304 1712 λέγειν,
1352 1646 1442 1695 καὶ
1493 1646 1550 1694 τό
1613 1642 1662 1695 ἐν
1735 1641 1832 1697 δύο

232 1728 436 1795 φύσεσι,
485 1731 580 1779 καὶ
632 1731 690 1779 τὸ
738 1733 986 1800 τρίγωνον
1019 1727 1066 1781 ἐν
1118 1735 1287 1804 τρισὶν
1355 1732 1568 1792 εὐθείαις
1602 1776 1617 1801 ,
1649 1739 1739 1786 καὶ
1778 1733 1832 1786 ἐκ

231 1822 400 1887 τριῶν,
459 1820 553 1866 καὶ
607 1819 665 1868 τό
722 1816 901 1869 λοιπόν
954 1827 1053 1869 τῶν
1109 1820 1386 1892 εἰρημένων
1447 1822 1700 1891 ἕκαστον,
1764 1825 1832 1887 ὡς

230 1909 345 1977 περὶ
397 1910 563 1977 μόνην
593 1911 689 1964 τήν
726 1905 883 1972 λέξιν,
906 1912 998 1959 καὶ
1045 1913 1117 1980 μὴ
1157 1914 1274 1984 περὶ
1322 1914 1380 1962 τὸ
1425 1909 1478 1962 ἐκ
1529 1921 1625 1973 τῆς
1652 1912 1831 1976 λέξεως

231 1995 502 2065 νοούμενον
531 2039 544 2063 ,
587 1999 682 2053 τὴν
739 1993 998 2071 διαφορὰν
1038 1994 1164 2050 εἶναι
1196 2015 1208 2028 ’
1246 2001 1314 2059 ὡς
1345 1998 1527 2062 ἐξεῖναι
1574 2007 1698 2073 μίαν
1737 2006 1830 2059 τὴν

233 2089 321 2133 τοῦ
388 2086 640 2136 συνθέτου
687 2089 843 2156 φύσιν
895 2085 1090 2157 λέγειν,
1141 2086 1189 2139 ἐν
1238 2086 1335 2141 δύο
1385 2097 1493 2150 ταῖς
1544 2090 1730 2153 ἁπλαῖς
1772 2095 1830 2144 τὸ

234 2168 357 2223 εἶναι
417 2175 691 2243 ἔχουσαν,
737 2173 914 2248 ὥσπερ
954 2175 1001 2226 ἐν
1057 2184 1164 2239 τοῖς
1217 2181 1398 2252 μέρεσι
1454 2179 1659 2243 πολλοῖς
1711 2178 1832 2233 οὖσι

229 2264 349 2330 μίαν
392 2267 488 2319 τὴν
542 2263 768 2320 ὀλςτπτα
819 2261 952 2316 εἷναί
1004 2285 1165 2337 φαμεν
1193 2308 1205 2320 .
1248 2267 1305 2319 Εἰ
1336 2264 1395 2320 δὲ
1424 2265 1675 2340 μηδαμοῦ
1706 2275 1831 2342 μίαν

228 2358 317 2401 τοῦ
378 2349 499 2402 ὅλου
551 2371 646 2409 την
694 2354 852 2422 φύσιν
912 2355 1149 2406 σύνθετον
1217 2351 1459 2412 δηλονότι
1524 2363 1653 2428 φασὶ
1688 2402 1699 2416 ,
1741 2364 1832 2411 καὶ

230 2440 372 2508 sed;
420 2445 516 2496 τήν
565 2438 615 2491 ἕν
664 2436 763 2493 δύο
812 2452 982 2511 φωνὴν
1029 2444 1414 2516 ύποπτεύσομεν
1468 2443 1784 2499 δικαιότατα
1815 2466 1828 2481 ·

227 2532 313 2579 ιαὶ
364 2526 485 2580 οὕτε
541 2525 638 2580 διὰ
692 2533 752 2580 16
810 2529 897 2582 ἕνα
945 2528 1073 2582 εἶναι
1124 2535 1210 2583 τόν
1260 2538 1487 2605 Χριστόν
1541 2534 1833 2610 ἀρνούμεθα

228 2619 288 2667 τὰ
316 2615 368 2679 ἐξ
387 2614 457 2667 ὧν
496 2621 555 2669 16
600 2619 649 2670 ἕν
702 2626 860 2670 τοῦτο
919 2624 1248 2683 συνέστηκεν,
1282 2621 1390 2674 οὒτ’
1447 2619 1512 2674 αὖ
1559 2624 1713 2676 πάλιν
1741 2622 1833 2678 διὰ

226 2709 281 2755 τό
322 2703 420 2757 δύο
444 2707 725 2780 γνωρίζειν
776 2710 868 2768 τὰς
926 2708 991 2768 εἰς
1051 2708 1231 2762 ἕνωσιν
1266 2711 1607 2773 συνελθούσας
1633 2717 1831 2784 φύσεις-

226 2798 283 2845 τὸ
330 2796 379 2847 ἓν
426 2799 486 2847 16
535 2794 590 2847 ἐκ
639 2799 836 2848 τούτων
876 2795 1210 2851 ἀποτελεσθεν
1258 2800 1361 2871 οὐχ
1408 2801 1829 2874 ὁμολογήσομεν·

230 2882 349 2956 ὅπερ
376 2887 478 2936 είτε
523 2887 681 2955 φύσιν
718 2891 846 2957 μίαν
884 2885 1054 2938 καλεῖν
1110 2907 1212 2940 τινι
1265 2888 1422 2960 φίλον,
1450 2894 1551 2942 εἶτε
1599 2892 1829 2943 ὑποστα-

234 2990 331 3031 σιν,
366 2976 465 3025 εἶτε
534 2978 767 3046 Χριστόν
821 2976 928 3041 ἕνα,
970 2974 1027 3027 ού
1082 2973 1470 3050 διαφερόμεθαο
1498 2976 1576 3031 δι’
1606 2982 1830 3033 εκάστον

229 3064 326 3133 γὰρ
360 3060 410 3124 ἐξ
432 3061 667 3133 ἀνάγκης
697 3069 790 3115 καὶ
819 3066 887 3115 τὰ
912 3063 1067 3133 λοιπὰ
1093 3071 1473 3139 συνεισάγεται.

1940 569 2208 633 naturas,
2243 569 2331 624 vel
2360 585 2497 625 eum
2520 570 2577 626 in
2610 571 2849 629 duabus
2879 574 3106 629 naturis
3142 573 3352 640 videri,
3384 588 3594 646 quem-

1941 652 2272 710 admodum
2301 661 2354 714 et
2409 664 2596 715 totum
2650 660 2710 715 in
2761 662 3034 732 partibus
3082 662 3265 718 videri
3313 662 3590 732 dicimus,

1944 741 2032 796 vel
2099 749 2182 798 tot
2246 759 2374 801 esse
2458 749 2626 803 Verbi
2702 755 2925 821 partes,
2984 751 3273 807 unitatem
3336 767 3402 807 ex
3464 767 3589 807 om-

1941 831 2109 887 nium
2141 834 2359 890 unione
2379 837 2700 908 perfectam
2723 844 3140 909 agnoscentes,
3165 845 3230 896 ut
3258 846 3315 896 et
3341 841 3389 896 si
3415 841 3593 897 trian-

1941 919 2148 989 gulum
2179 923 2366 978 tribus
2395 929 2568 981 rectis
2606 927 2777 983 lineis
2799 934 3073 984 constare
3107 929 3324 1003 aliquis
3348 929 3589 998 diceret,

1942 1008 2133 1078 ipsius
2164 1012 2597 1082 triaugulicum
2631 1031 2753 1071 una
2784 1017 2859 1073 sit
2884 1017 3082 1073 forma
3104 1033 3176 1073 ex
3195 1019 3371 1074 trium
3410 1019 3592 1075 linea-

1940 1112 2074 1152 rum
2106 1106 2399 1157 rectarum
2444 1104 2865 1173 coniunctione
2881 1106 3232 1175 constituta;
3256 1112 3313 1162 et
3343 1107 3591 1163 domum

1939 1185 2244 1258 lapidibus
2271 1197 2327 1245 et
2356 1191 2520 1261 ligno
2550 1194 2849 1259 constitui,
2879 1211 3017 1251 cum
3065 1211 3185 1252 una
3228 1211 3473 1268 quoque
3519 1197 3595 1252 sit

1941 1274 2161 1331 domus
2188 1281 2416 1349 species
2437 1298 2572 1353 quin
2600 1297 2666 1337 ex
2700 1298 2909 1339 eorum
2931 1284 3367 1356 compositione
3384 1284 3594 1341 effecta

1942 1370 2050 1424 est.
2082 1366 2323 1423 forsitan
2351 1371 2487 1425 huic
2516 1371 2731 1426 rationi
2780 1373 3238 1431 consentiretur.
3255 1374 3310 1429 Si
3337 1374 3494 1429 enim
3522 1388 3594 1429 ea

1941 1466 2013 1506 ex
2034 1455 2254 1525 quibus
2299 1458 2564 1514 Christus
2596 1466 2684 1516 est
2720 1461 2843 1516 duo
2873 1467 3030 1529 sunt,
3064 1462 3123 1516 in
3176 1461 3336 1517 idem
3367 1461 3594 1517 recide-

1941 1549 2028 1598 ret
2053 1544 2246 1599 dicere
2278 1548 2573 1603 Christum
2619 1566 2688 1604 ex
2728 1548 2968 1605 duabus
3006 1551 3237 1606 naturis
3264 1566 3416 1618 esse,
3447 1556 3505 1606 et
3532 1550 3592 1606 in

1940 1631 2176 1688 duabus
2211 1637 2456 1706 naturis,
2490 1644 2547 1692 et
2577 1638 2943 1708 triangulum
2981 1641 3040 1694 in
3076 1639 3264 1694 tribus
3312 1639 3507 1707 rectis,
3538 1643 3596 1694 et

1941 1722 2244 1792 extribus,
2274 1730 2329 1780 et
2358 1732 2570 1781 caetera
2612 1742 2749 1799 quae
2797 1727 3082 1794 diximus,
3103 1727 3185 1783 ita
3218 1733 3281 1783 ut
3324 1728 3400 1783 sit
3424 1727 3594 1784 diffe-

1864 1824 1903 1876 B
1939 1811 2128 1866 rentia
2173 1812 2233 1867 in
2278 1816 2405 1870 sola
2443 1814 2722 1881 dictione,
2750 1832 2875 1872 non
2912 1821 3114 1872 autem
3144 1818 3205 1872 in
3237 1818 3328 1872 his
3353 1833 3490 1889 quas
3520 1830 3595 1873 ex

1941 1898 2199 1955 dictione
2258 1903 2630 1971 cogitamus;
2675 1905 2756 1961 ita
2804 1911 2870 1961 ut
2928 1905 3103 1962 liceat
3153 1905 3350 1961 dicere
3407 1920 3592 1961 unam

1942 1990 2258 2060 compositi
2303 1998 2605 2059 naturam,
2638 1993 2698 2048 in
2739 1993 2982 2050 duabus
3029 1994 3404 2066 simplicibus
3429 1994 3591 2050 exsi-

1941 2081 2218 2145 stentem,
2244 2081 2765 2149 quemadmodum
2796 2082 2857 2136 in
2889 2082 3088 2137 multis
3111 2082 3380 2154 partibus
3402 2098 3594 2137 unum

1941 2170 2131 2221 toturn
2166 2184 2293 2222 esse
2318 2168 2592 2226 dicimus.
2624 2172 2679 2226 Si
2706 2186 2848 2226 vero
2887 2186 3074 2226 unam
3106 2170 3282 2225 totius
3312 2176 3592 2226 naturam

1942 2255 2340 2324 compositam
2400 2255 2597 2312 dicere
2652 2258 2902 2313 omnino
2942 2257 3151 2320 nolint,
3209 2273 3321 2313 nos
3381 2258 3594 2313 merito

1941 2355 2184 2413 quoque
2215 2358 2424 2399 vocem
2456 2344 2514 2399 in
2546 2344 2787 2401 duabus
2822 2345 3282 2418 suspicabimur.
3306 2348 3372 2401 Et
3396 2360 3595 2417 neque

1942 2444 2013 2483 eo
2033 2432 2199 2501 quod
2218 2447 2373 2486 unus
2394 2436 2485 2488 est
2506 2435 3094 2505 Christus,negamus
3119 2449 3193 2490 ea
3211 2434 3434 2506 quibus
3450 2432 3590 2488 illud

1943 2533 2154 2576 unum.
2177 2526 2427 2581 constat.
2459 2538 2653 2594 neque
2684 2539 2754 2578 eo
2784 2524 2949 2596 quod
2976 2524 3130 2579 duas
3184 2524 3594 2593 agnoscimus,

1942 2615 2189 2664 naturas
2212 2609 2271 2664 in
2300 2626 2486 2666 unum
2515 2613 3039 2681 convenientes,ex
3064 2613 3134 2668 iis
3160 2606 3350 2668 unum
3367 2609 3594 2682 aliquid

1942 2698 2272 2768 perfectum
2328 2715 2457 2756 esse
2511 2717 2631 2757 non
2713 2703 3134 2758 conﬁtebimur
3182 2718 3196 2770 ;
3258 2699 3424 2773 quod
3471 2699 3596 2755 sive

1941 2787 2077 2857 quis
2108 2804 2292 2845 unam
2325 2796 2603 2847 naturam
2631 2806 2846 2848 vocare
2874 2791 3033 2863 velit,
3050 2795 3174 2847 sive
3194 2791 3591 2864 hypostasim,

1943 2875 2066 2929 sive
2092 2893 2279 2934 unum
2324 2880 2639 2946 Christum,
2665 2897 2786 2937 non
2819 2881 3252 2937 contendemus
3284 2895 3428 2952 :per
3474 2879 3590 2935 sin-

1942 2964 2082 3033 gula
2114 2967 2272 3022 enim
2304 2974 2361 3023 et
2392 2969 2622 3042 reliqua
2654 2970 3059 3027 adducuntur.

234 3166 564 3241 ’Δντίρῥησις
593 3174 712 3240 μία,
754 3165 873 3221 οὐδ’
906 3168 1173 3229 ἀποτάδην
1224 3177 1313 3226 καὶ
1361 3175 1493 3231 αὕτη
1543 3174 1827 3241 ίκτεθεῖσα,

1944 3162 2256 3231 Responsio
2281 3167 2483 3232 unica,
2505 3182 2693 3241 neque
2722 3167 2966 3241 longius
2982 3166 3184 3222 eadem
3223 3165 3485 3241 exposita
3507 3161 3589 3219 ad

295 3258 422 3312 προς
498 3243 595 3300 τὰς
690 3244 1157 3316 καταστρωθείσας
1234 3244 1424 3298 ἄνωθεν
1504 3243 1658 3309 δόξας
1729 3254 1830 3298 τῶν

296 3316 505 3383 Meroen
514 3320 673 3363 σιτῶν
682 3354 695 3365 .

295 3415 398 3476 κζ’.
434 3424 667 3470 Τοιαῦτα
717 3421 811 3491 μὶν
868 3416 976 3485 οὖν,
1031 3422 1102 3481 ὡς
1155 3419 1212 3473 ἐκ
1267 3421 1513 3496 βραχεων
1553 3421 1656 3485 ἔςτὶ
1701 3432 1830 3495 γνῶ-

228 3522 351 3571 ναι,
383 3510 430 3558 οἱ
457 3514 583 3578 μίαν
614 3507 702 3560 ἰπὶ
748 3517 985 3582 Χριστοῦ
1037 3513 1191 3581 φύσιν
1249 3508 1559 3574 δοξάζοντες
1611 3511 1832 3586 ἑπισφα-

230 3592 321 3653 λῶς
382 3598 416 3648 εἰ
470 3616 531 3647 αν
588 3602 681 3649 καὶ
736 3602 796 3649 1'6
862 3598 975 3649 ὃλον
1042 3596 1353 3662 ἀνενδέκτως
1393 3607 1587 3672 φασιν,
1618 3600 1671 3653 ἐκ
1733 3612 1831 3654 τῶν

230 3680 560 3756 ἀνθρωπίνων
608 3692 700 3737 καὶ
750 3688 873 3739 καθ’
931 3689 1063 3757 ἡμᾶς
1106 3687 1527 3761 ἐπιχειρημάτων
1584 3696 1832 3761 συνισ·ᾷν

230 3779 532 3845 πειρώμενοι
580 3780 649 3826 τα
705 3778 964 3849 θεοπρεπῆ
997 3793 1009 3805 ⁸
1043 3776 1068 3827 6
1096 3773 1155 3829 δε
1191 3783 1281 3829 καί
1330 3784 1576 3850 πρότερον
1626 3783 1830 3852 εἴρηκα,

228 3869 381 3913 τοῦτο
430 3868 522 3915 καὶ
586 3872 677 3915 νύν
726 3883 863 3935 φημι
895 3904 908 3921 .
941 3867 1009 3924 ὡς
1048 3861 1301 3939 διῄρηται
1344 3868 1374 3924 ἡ
1407 3876 1498 3918 τοὺ
1562 3868 1833 3938 Εὖτυχοῡς

227 3955 315 4001 καὶ
383 3957 670 4025 Διοσκόρου
739 3949 873 4015 δόξα
939 3958 1022 4004 καὶ
1098 3964 1197 4005 τῶν
1261 3961 1565 4026 συμφρόνων
1632 3956 1830 4023 αὐτοῖς,

228 4036 350 4091 οηὶιῒε
410 4060 505 4111 μια
560 4048 644 4102 τίς
696 4040 814 4093 ἐστι
871 4046 963 4093 καὶ
1011 4044 1302 4113 σύντροχος
1334 4058 1347 4072 ·
1382 4044 1533 4103 αὐτὸς
1589 4046 1679 4116 μεν
1729 4050 1829 4119 γὰρ

228 4128 476 4198 εὐτυχὴς
504 4148 596 4181 του
640 4135 884 4201 σώματος
918 4130 1117 4203 ἠρνήθη
1174 4137 1270 4188 τὴν
1317 4132 1636 4205 πρόσληψιν,
1666 4131 1832 4204 μηδὲν

226 4214 385 4286 λέγων
449 4217 768 4291 ἀνθρώπειον
812 4223 903 4270 τὸν
947 4222 1073 4271 Θεὸν
1130 4224 1298 4291 Λόγον
1346 4219 1400 4272 ἑκ
1443 4230 1538 4283 τῆς
1570 4224 1830 4293 Παρθένου

227 4304 438 4372 λαϐεῖν,
488 4305 621 4358 ἄλλα
676 4308 829 4359 αὐτόν
886 4305 1149 4380 ἀτρέπτως
1199 4313 1459 4382 τραπέντα
1523 4314 1612 4361 καὶ
1661 4313 1834 4383 σάρκα

225 4412 492 4464 τενομενον
522 4401 620 4452 τὴν
690 4393 929 4469 πάροδον
1003 4401 1161 4467 μόνην
1236 4394 1331 4450 διὰ
1402 4407 1493 4459 τῆς
1568 4401 1831 4472 Παρθένου

228 4485 561 4540 ποιήσασθαι
603 4502 616 4513 ·

228 4581 601 4643 προαπαγῆναι
681 4579 774 4631 τὴν
859 4572 1214 4645 ἀπερίγραφον
1302 4581 1392 4627 καὶ
1471 4575 1833 4650 ἁπεριόριστον

227 4666 314 4711 καὶ
346 4659 628 4734 αχώρητον
680 4664 903 4719 θεότητα
934 4671 1024 4713 τού
1070 4670 1395 4734 Μανογενοὺς
1427 4707 1440 4729 ,
1472 4671 1562 4717 καὶ
1614 4668 1829 4729 ταύτην,

227 4756 297 4816 τῷ
347 4752 493 4821 τάφῳ
546 4748 948 4822 παραδοθεῖσαν
979 4794 992 4816 ,
1057 4757 1403 4823 τετυχηκέναι
1449 4761 1540 4815 τῆς
1607 4751 1832 4805 ἀναστά-

230 4855 354 4899 σεως
383 4860 398 4871 '
447 4840 752 4910 ἰλιγγιάσας
807 4842 913 4913 γὰρ
967 4844 1094 4912 πρὸς
1142 4847 1236 4899 τὴν
1288 4850 1388 4893 τῶν
1430 4840 1667 4894 ἐναντίων
1716 4845 1833 4895 σύν-

228 4924 391 4989 οδον,
451 4935 546 4981 καὶ
608 4935 681 5001 μὴ
752 4927 1129 5001 ἁποθαῤῥήσας
1188 4935 1319 5003 πρὸς
1378 4936 1472 4989 τὴν
1533 4935 1830 5003 συνάφειαν.

226 5018 624 5088 προεληλυθέναι
671 5023 761 5071 τόν
812 5025 985 5087 Λόγον
1039 5016 1137 5070 ἀπό
1187 5025 1469 5089 γεννήσεως
1517 5015 1835 5091 ἐδογμάτισε

225 5110 309 5157 καὶ
349 5112 424 5180 μὴ
478 5107 533 5160 έν
582 5107 808 5179 ἀληθείᾳ
860 5115 1016 5177 σῶμα
1068 5105 1417 5172 ἐνδεδύσθαι,
1468 5107 1596 5161 ἀλλὰ
1642 5110 1832 5179 φαντά-

230 5212 311 5247 σιι
351 5203 445 5255 τήν
494 5198 803 5270 οἰκονομίαν
861 5198 933 5255 ὡς
987 5193 1205 5248 ίντεῦθεν
1246 5195 1610 5268 πλασματώδη
1668 5199 1837 5249 πάντα

226 5288 283 5335 τὰ
307 5289 583 5359 σωματικὰ
639 5284 973 5357 ἐλέγχεσθαι
1019 5292 1106 5335 τοῦ
1151 5293 1301 5342 Θεοῦ,
1339 5290 1434 5342 τὴν
1491 5284 1543 5337 ἐκ
1597 5294 1685 5347 τῆς
1733 5305 1832 5357 μη-

227 5384 397 5445 τραῆς
446 5380 681 5450 γαστρὸς
721 5372 1042 5449 προέλευσιν
1066 5414 1079 5438 ,
1117 5378 1211 5431 τὴν
1269 5377 1641 5447 σπαργάνωσιν
1677 5417 1692 5444 ,
1743 5375 1835 5425 καὶ

2010 3243 2350 3292 constratas
2382 3252 2569 3307 supra
2605 3239 3165 3308 Monophysitarum
3187 3237 3517 3306 opiniones.

2009 3418 2100 3470 2‘7.
2144 3414 2304 3471 Talia
2339 3415 2520 3482 igitur
2548 3421 2703 3483 sunt,
2736 3422 2801 3472 ut
2843 3432 2915 3473 ex
2964 3416 3174 3490 paucis
3232 3415 3430 3471 videre
3476 3417 3585 3478 est,

1939 3520 2076 3575 quae
2102 3520 2283 3559 unam
2308 3504 2363 3559 in
2398 3505 2629 3561 Christo
2654 3511 2933 3563 naturam
2961 3521 3089 3561 esse
3109 3507 3415 3569 docentes,
3436 3502 3589 3575 peri-

1941 3592 2142 3646 culose
2190 3592 2368 3647 nimis
2397 3598 2456 3648 et
2499 3593 2947 3650 intolerabiliter
2987 3593 3237 3649 omnino
3266 3591 3492 3656 dicunt,
3515 3605 3588 3644 ex

1941 3680 2221 3737 humanis
2252 3689 2308 3737 et
2332 3684 2709 3738 terrestribus
2756 3683 3179 3754 experimentis
3231 3681 3590 3738 constituere

1943 3776 2236 3825 tentantes
2264 3771 2464 3827 divina
2492 3789 2505 3826 :
2538 3773 2702 3844 quod
2749 3772 2915 3843 prius
2971 3771 3113 3841 dixi,
3155 3786 3319 3826 nunc
3351 3776 3406 3824 et
3429 3770 3586 3839 dico,

1942 3874 2159 3931 nempe
2180 3861 2432 3916 divisam
2453 3876 2580 3917 esse
2604 3862 2877 3933 Eutychis
2894 3866 2951 3916 et
2968 3860 3225 3918 Dioscori
3241 3859 3588 3932 opinionem

1943 3956 2243 4004 eteorum
2303 3951 2403 4021 qui
2462 3952 2532 4006 iis
2588 3953 2990 4013 consentiunt,
3021 3964 3216 4021 neque
3274 3962 3396 4003 una
3420 3955 3509 4003 est
3533 3951 3590 4005 et

1942 4051 2325 4094 concurrens.
2370 4042 2501 4111 ipse
2548 4040 2794 4111 quidem
2846 4038 3138 4108 Eutyches
3184 4037 3452 4107 corporis
3493 4052 3587 4093 as-

1943 4130 2347 4201 sumptionem
2371 4128 2871 4195 negabat,dicens
2888 4126 3033 4182 nihil
3052 4127 3302 4182 humani
3318 4126 3589 4182 divinum

1941 4221 2206 4275 Verbum
2229 4236 2299 4275 ex
2324 4219 2552 4286 Virgine
2574 4218 2896 4289 accepisse,
2926 4217 3033 4272 sed
3075 4216 3223 4272 illud
3243 4216 3587 4271 immutabi‘

1939 4309 2071 4364 liter
2100 4313 2395 4365 mutatum
2428 4312 2485 4362 et
2514 4322 2757 4362 carnem
2783 4305 3004 4363 factum
3036 4306 3234 4362 solum
3275 4304 3588 4362 transitum

1939 4414 2050 4471 per
2069 4397 2376 4468 Virginem
2397 4397 2608 4452 fecisse
2635 4414 2649 4463 ;
2682 4400 2738 4452 et
2757 4396 2917 4451 cruci
2934 4394 3179 4452 affixam
3210 4411 3364 4463 esse,
3387 4400 3444 4449 et
3461 4393 3586 4450 alli-

668 4490 759 4536 καὶ
833 4493 906 4553 τῷ
985 4492 1193 4557 σταυρῷ
1265 4487 1671 4561 προσηλωθῆναι
1743 4492 1831 4540 καὶ

1944 4493 2144 4559 gatam
2158 4485 2811 4557 esseincircumscripta
2823 4502 2878 4541 rn
2899 4491 2956 4539 et
2972 4484 3270 4540 inﬁnitam
3294 4483 3419 4539 etin
3434 4498 3590 4538 com-

1946 4577 2307 4648 prehensam
2328 4575 2696 4630 divinitatem
2714 4572 3027 4642 Unigeniti.
3040 4588 3298 4644 eamque
3315 4571 3589 4643 sepulcro

1942 4665 2221 4720 traditam
2259 4665 2755 4718 resurrectionem
2787 4662 3071 4733 adeptam
3111 4677 3266 4717 esse.
3300 4660 3589 4729 Vertigine

1942 4754 2018 4809 ad
2042 4752 2479 4808 contrariorum
2499 4751 2655 4806 viam
2678 4751 3119 4822 pulsus.neque
3142 4749 3199 4804 in
3220 4765 3428 4805 eorum
3451 4763 3590 4803 con-

1936 4840 2891 4913 junctionecontidens,prodiisse
2904 4838 3159 4894 Verbum
3173 4838 3405 4909 absque
3418 4851 3593 4906 gene-

1941 4931 2170 4987 ratione
2183 4929 2295 4984 doc
2305 4929 2510 5000 uitneq
2522 4945 2592 4983 ue
2614 4929 2672 4983 in
2697 4928 2935 4983 veritate
2948 4943 3167 4997 corpus
3181 4927 3470 4991 induisse,
3486 4923 3590 4979 sed

1945 5017 2523 5075 sicrerumordiuem
2539 5017 2909 5087 disposuise
2926 5011 3593 5084 utindeomniaqua'ad

1943 5124 2163 5179 corpus
2197 5107 2448 5162 attinent
2476 5104 2677 5159 fictitia
2708 5120 2836 5158 esse
2856 5103 3181 5158 creduntur
3218 5100 3317 5157 Dei
3341 5116 3490 5167 esse,
3519 5115 3593 5155 ex

1944 5197 2152 5252 matris
2175 5198 2375 5249 ventre
2405 5208 2736 5261 egressum.
2767 5190 3173 5247 mamillarum
3186 5195 3505 5253 tumorem,
3537 5193 3596 5243 et

1944 5300 2187 5340 omnem
2233 5281 2626 5355 providentiae
2664 5279 2958 5344 ordinem,
2992 5284 3048 5333 et
3084 5279 3260 5349 quasi
3311 5276 3593 5331 umbram

1944 5374 2391 5443 imaginemque
2413 5376 2628 5424 nostrae
2653 5372 2879 5423 naturas
2893 5366 3005 5423 sibi
3025 5365 3284 5421 univisse
3301 5362 3589 5417 Verbum.

227 5462 380 5526 ex)“
422 5475 514 5523 τῇ,
565 5467 691 5524 ὃλην
747 5469 855 5524 τῆς
919 5459 1211 5533 οἰκονομίας
1257 5460 1539 5536 περίοδον,
1580 5467 1666 5515 καὶ
1718 5463 1825 5515 οἷον
1858 5464 2008 5514 σκιὰν
2029 5467 2120 5514 καὶ
2153 5457 2364 5513 εἰὸωλον
2418 5466 2510 5518 τῆς
2556 5458 2810 5529 ἡμετέρας
2839 5458 3037 5528 φύσεως
3067 5454 3229 5522 εαυτῴ
3260 5451 3592 5526 προσενῶσα⁶

229 5560 395 5601 τοι»Αὰ

286 5573 303 5600 ,
388 5560 395 5567 ,

286 5560 581 5705 ιιέηοοῖοδὶ
615 5645 1016 5715 Μονογυσίται
1044 5637 1305 5712 λεγόμενοι
1328 5683 1344 5712 ,
1378 5639 1552 5713 ὣσπερ
1580 5639 1828 5711 Εὗτυχής

2006 5643 2097 5698 28.
2138 5636 2248 5705 Qui
2289 5650 2434 5691 vero
2484 5632 2912 5706 Monophysitte
2964 5629 3266 5692 dicuntur,
3296 5614 3590 5725 quemad-
