4106 6296
511 311 577 366 63
1872 301 2151 360 NICETJE
2186 299 2566 358 CHONIAL‘E
3807 313 3874 370 64

503 431 758 489 modum
795 427 1096 500 Eutyches
1127 425 1506 500 supposititio
1521 427 1686 484 vultu
1716 430 1773 484 et
1809 427 2147 484 iictitioVer-

2265 423 2620 497 ὑποϐολιμαίῳ
2671 431 2962 500 προστὼπῳ
3011 433 3100 483 καὶ
3149 426 3488 502 φασματῶὃει
3547 435 3634 486 τὸν
3705 441 3874 508 Λόγον

506 523 658 578 bum
681 518 1158 577 incarnationem
1182 517 1496 576 simulasse
1519 517 1740 582 docuit,
1767 518 1850 573 sic
1875 522 1930 573 et
1953 516 2032 571 illi
2051 516 2147 570 aliz

2272 515 2654 588 ὑποκρίνασθαι
2683 521 2776 576 τὴν
2811 521 3075 590 σάρκωσιν
3115 515 3476 590 ἐὸογμάτιζεν,
3511 522 3643 574 οὕτω
3686 520 3752 583 δὴ
3786 531 3876 579 καὶ

509 611 611 668 via
637 609 1049 684 procedentes,
1082 622 1270 662 unam
1299 611 1581 662 naturam
1612 606 1686 662 de
1715 606 1947 663 Christo
1969 605 2165 660 dicere

509 699 644 754 ausi
675 703 833 754 sunt.
867 699 1056 752 Unam
1075 693 1320 766 quidem
1341 699 1548 766 etpost
1577 695 1860 750 unionem
1883 707 2164 766 perman-

511 789 662 844 sisse
685 801 1010 859 personam
1040 783 1266 852 dicunt,
1295 798 1416 838 non
1447 789 1652 839 autem
1675 799 1783 838 con
1787 783 2031 854 junctus
2063 797 2164 836 na-

509 881 674 934 turas
703 875 890 948 puras
926 879 984 930 et
1009 873 1358 930 inconfusus
1411 873 1474 928 in
1534 873 1658 928 suis
1699 872 2164 945 proprietatibus

512 969 872 1030 servantem,
888 963 994 1020 sed
1017 967 1154 1036 post
1181 962 1468 1018 unionem
1491 961 1705 1018 ambas
1725 978 1912 1017 unum
1937 961 2164 1032 aliquid

509 1054 700 1112 factas
742 1069 893 1122 esse,
916 1053 1198 1108 confusas
1223 1051 1281 1106 in
1323 1067 1434 1107 sua
1483 1051 1868 1107 immistione.
1905 1054 1967 1107 lit
1999 1049 2162 1106 aliud

511 1160 834 1201 commune
849 1160 920 1199 ex
940 1143 1216 1198 mistione
1240 1142 1614 1215 apparuisse,
1637 1141 2160 1214 quemadmodum

509 1239 568 1290 et
589 1249 844 1305 corpora
896 1248 970 1288 ex
1015 1235 1276 1303 quatuor
1323 1230 1628 1286 elementis
1675 1229 2162 1287 commistionem

512 1321 920 1388 sortita,aliud
945 1320 1240 1394 quiddam
1269 1324 1404 1391 post
1431 1319 1770 1374 mistionem
1799 1323 2158 1390 suntﬁeque

511 1411 704 1466 ferum
749 1426 944 1481 neque
994 1413 1266 1464 nostrum
1307 1424 1526 1480 corpus
1581 1415 1682 1463 aut
1731 1407 1884 1478 ignis
1931 1413 2034 1462 aut
2061 1423 2162 1462 aer

511 1505 613 1556 aut
641 1499 868 1572 aliquid
901 1515 974 1554 ex
1004 1498 1309 1554 elementis
1337 1514 1490 1569 pura
1521 1503 1695 1564 sunt;
1738 1497 1842 1553 sed
1859 1513 1928 1552 ex
1951 1513 2160 1552 eorum

511 1587 786 1643 mistione
827 1586 1084 1642 formata
1130 1591 1286 1654 sunt,
1320 1591 1374 1640 et
1405 1591 1537 1658 post
1564 1586 1904 1641 niistiouem
1931 1585 2158 1657 aliquid

512 1676 676 1732 aliud
699 1677 908 1731 eil‘ecta
928 1679 1084 1731 sunt.
1120 1675 1220 1730 liic
1251 1679 1452 1730 autem
1475 1691 1597 1730 non
1629 1692 1722 1730 res
1747 1677 1828 1730 ita
1851 1691 1912 1730 se
1943 1674 2148 1730 habet.

512 1765 626 1822 Sed
659 1771 982 1836 postquam
1003 1763 1206 1820 divina
1229 1763 1677 1836 forma,nempe
1699 1769 1916 1820 natura
1943 1764 1999 1818 in
2033 1779 2147 1820 una

2266 1763 2334 1811 T6
2361 1756 2419 1811 ὃε
2458 1760 2562 1831 οὐχ
2586 1761 2748 1824 οὑτως
2800 1763 2923 1832 ἕχον
2967 1761 3107 1815 ἐστίν
3143 1781 3155 1794 ·

507 1869 576 1908 ex
617 1855 740 1909 suis
784 1853 1062 1925 personis
1107 1852 1384 1908 humanm
1437 1859 1666 1909 natura:
1715 1855 1958 1923 integrae
2011 1869 2158 1908 con-

501 1939 714 2008 juncta
735 1943 840 2007 est,
871 1952 992 1992 non
1023 1937 1186 1993 aliud
1213 1936 1506 2010 quiddam
1537 1938 1695 1993 facta
1725 1942 1812 1993 est
1843 1953 1914 1992 ex
1943 1937 2156 1992 ineffa-

504 2027 607 2082 bili
634 2027 748 2082 hac
773 2026 1048 2083 mistione
1079 2030 1134 2082 et
1163 2026 1407 2096 unione,
1439 2027 1546 2083 sed
1575 2031 1714 2102 post
1747 2027 2028 2084 unionem
2049 2041 2154 2084 na-

503 2119 650 2174 turae
679 2115 1012 2174 inconfusus
1045 2121 1419 2190 permanent.

573 2299 660 2351 29.
704 2298 774 2353 Ut
801 2300 1004 2354 autem
1035 2295 1113 2352 ad
1143 2295 1486 2368 exemplum
1513 2295 1826 2368 quoddam
1847 2300 2156 2352 vertamus

501 2383 1056 2454 oculos,hominem
1090 2384 1472 2440 individuum
1503 2385 2034 2457 supponamus;in
2059 2401 2156 2442 cu-

498 2472 746 2545 jusdam
769 2488 1091 2545 personam
1113 2487 1438 2546 pervenere
1459 2474 1588 2545 ejus
1609 2489 1830 2546 corpus
1851 2479 1908 2530 et
1928 2474 2152 2543 anima;

502 2563 608 2618 sed
633 2577 758 2620 non
769 2562 934 2620 aliud
955 2562 1248 2646 quiddam
1269 2563 1425 2619 ultra
1446 2568 1534 2620 est
1551 2563 1925 2636 particularis
1945 2563 2150 2620 homo.

2273 599 2438 670 οὖτοι,
2472 608 2564 661 τὴν
2621 603 2848 657 ἐναντίαν
2887 607 3028 678 αὐτῷ
3069 613 3400 680 τραπόμενοι,
3431 615 3556 682 μίαν
3597 615 3750 684 φύσιν
3791 613 3874 668 ἐπὶ

2273 700 2508 765 Χριστοῦ
2565 693 2914 766 τετο).μηκασι
2976 695 3138 767 λέγειν
3171 713 3183 724 ·
3217 698 3264 750 ἓν
3307 701 3396 769 μὲν
3458 702 3558 774 γαρ
3613 707 3702 754 καὶ
3741 723 3875 774 μετα

2271 786 2365 839 την
2428 780 2607 834 ἕνωσίν
2672 789 3010 857 μεμενηκέναι
3067 791 3193 858 φασὶ
3249 793 3544 860 πρόσωπον,
3600 791 3656 842 οὗ
3706 797 3874 856 σῶζον

2275 867 2334 923 δὲ
2365 871 2456 932 τὰς
2506 872 2909 936 συνεληλυθυίας
2961 879 3136 948 φύσεις
3187 879 3424 951 καθαρὰς
3465 883 3554 930 καὶ
3618 878 3874 952 ἀσυγχύ-

2271 979 2392 1022 τους
2430 959 2477 1012 ἐν
2517 968 2627 1023 τοῖς
2657 959 2814 1025 ἰδίοις
2874 960 3177 1036 ἰδιώμασιν,
3215 963 3341 1018 ἀλλά
3401 969 3530 1038 μετὰ
3568 973 3660 1026 τὴν
3691 969 3874 1022 ἕνωσιν

2273 1046 2560 1124 ἀμφοτέρας
2607 1052 2654 1104 ἓν
2699 1071 2748 1104 τι
2799 1057 3076 1124 γεγονέναι,
3128 1056 3486 1125 συγχυθείσας
3531 1055 3578 1108 ἐν
3629 1066 3690 1130 τῇ
3748 1058 3874 1131 παρ’

2273 1136 2487 1198 ἀλλήλας
2559 1137 2840 1214 ἀνακράσει
2886 1155 2900 1170 ⁸
2959 1147 3132 1196 καίτοι
3197 1163 3366 1196 κοινον
3433 1143 3596 1217 ἓτερον
3663 1145 3718 1198 ἐκ
3780 1155 3875 1199 τοῦ

2270 1231 2532 1299 μίγματος
2586 1238 2825 1300 φανῆναι,
2891 1231 3062 1306 ὥσπερ
3121 1237 3212 1284 καί
3269 1235 3334 1285 τα
3389 1239 3606 1306 σώματα
3669 1235 3724 1288 ἐκ
3772 1245 3874 1288 τῶν

2269 1319 2536 1390 τεσσάρων
2605 1323 2882 1389 στοιχείων
2954 1319 3206 1392 εἰληχότα
3252 1327 3344 1380 την
3407 1329 3592 1396 κρᾶσιν
3645 1323 3766 1376 ἀλλο
3820 1345 3876 1377 τι

2269 1404 2392 1476 παρ’
2451 1403 2616 1456 ἐκεῖνα
2675 1409 2929 1478 τυγχάνει
2977 1426 2988 1437 ·
3040 1412 3156 1460 οὔτε
3209 1415 3310 1481 μὴν
3368 1413 3394 1462 6
3455 1409 3694 1485 σίδηρος,
3756 1417 3876 1466 οὔτε

2269 1497 2328 1545 τὸ
2357 1495 2603 1567 ἡμέτερον
2654 1504 2846 1568 σῶμα,
2887 1500 2916 1554 ἦ
2959 1505 3062 1570 πῦρ
3121 1497 3232 1550 ἐστι
3272 1502 3499 1573 καθαρὸν
3533 1543 3546 1568 ,
3598 1505 3626 1560 ἦ
3687 1499 3812 1574 ἀὴρ,
3839 1507 3870 1561 ἤ

2268 1587 2320 1634 τὶ
2394 1591 2491 1634 τῶν
2551 1582 2712 1634 ἄλλων

2791 1589 3070 1655 στοιχείων
3123 1628 3140 1651 ,
3207 1585 3315 1638 ἀλλ’
3377 1587 3428 1650 ἐξ
3503 1589 3705 1642 ἐκείνων
3777 1594 3874 1661 μὲν

2271 1673 2557 1744 συνεκράθη
2591 1713 2608 1735 ,
2651 1671 2770 1724 ἄλλο
2817 1669 2876 1725 δὲ
2927 1693 2978 1724 τι
3012 1676 3143 1746 μετὰ
3206 1679 3297 1733 την
3340 1679 3631 1751 σύγκρασιν
3669 1683 3872 1749 γέγονε.

3199 1762 3325 1816 ἀλλα
3363 1774 3458 1828 τῆς
3488 1768 3620 1828 Θείας
3667 1776 3874 1840 μορφῆς

2268 1852 2384 1908 ἤτοι
2417 1852 2612 1920 ερύσεως
2666 1849 2714 1902 ἐν
2765 1857 2863 1921 μιᾷ
2906 1859 3004 1903 τῶν
3065 1853 3228 1915 αὐτῆς
3280 1855 3616 1908 ὐποστάσεων
3653 1864 3714 1928 τῇ
3779 1855 3870 1908 ἀν-

2269 1939 2497 2013 θρωπίνη
2551 1939 2710 2011 οὐσίᾳ
2771 1938 3095 2015 ατομωθείση
3159 1943 3576 2011 συνεληλυθυίας,
3613 1945 3705 1996 οὐκ
3745 1945 3870 2000 ἄλλο

2266 2047 2316 2080 τι
2361 2031 2558 2098 γέγονεν
2621 2027 2720 2082 ἀπὸ
2767 2038 2860 2088 τῆν
2910 2029 3136 2105 ἀρρήτου
3192 2036 3390 2094 ταύτης
3443 2034 3623 2104 μίξεως
3675 2054 3728 2087 τε
3776 2042 3870 2089 καὶ

2264 2117 2538 2190 κράσεως,
2580 2115 2706 2170 ἀλλὰ
2741 2121 2874 2192 μετὰ
2921 2125 3014 2178 τὴν
3061 2121 3240 2174 ἕνωσιν
3299 2124 3354 2174 αἰ
3384 2125 3558 2195 φύσεις
3605 2127 3662 2176 τὸ
3702 2121 3872 2198 ἀσύγ-

2263 2226 2428 2278 χυτον
2459 2209 2694 2278 ἔχουσιν.

2333 2311 2429 2368 κθ’.
2469 2311 2578 2368 Ἵνα
2635 2311 2694 2368 δε
2758 2320 2847 2370 καὶ
2903 2319 3033 2392 πρὸς
3074 2319 3134 2371 τὸ
3185 2315 3527 2392 παράδειγμα
3567 2319 3870 2393 βλέψωμεν,

2266 2403 2291 2456 6
2329 2404 2650 2456 καθέκαστον
2692 2406 2990 2459 ὑποκείσθω
3055 2407 3342 2481 ἅνθρωπος,
3373 2407 3442 2468 εἰς
3488 2408 3686 2471 οὗτινος
3733 2411 3871 2462 ὑπό-

2265 2512 2452 2545 στασιν
2493 2502 2646 2567 σῶμα
2689 2490 2960 2554 διελήλυθε
2988 2501 3077 2548 καὶ
3118 2495 3272 2568 ψυχή
3311 2515 3324 2528 θ

2260 2585 2405 2656 παρὰ
2432 2591 2595 2636 ταῦτα
2635 2586 2660 2636 6
2691 2589 2902 2659 μερικός
2951 2587 3236 2650 ἄνθρωπος.
3273 2587 3410 2645 Πλὴν
3463 2591 3626 2662 μέχρι
3673 2591 3868 2642 τούτου

3379 2496 3475 2516 “.‘.’
3559 2498 3571 2514 Ἰ
3667 2497 3734 2516 ης

3367 2511 3472 2548 αλλ’
3515 2511 3609 2550 ουκ
3652 2511 3774 2550 ἄλλο
3817 2519 3872 2552 τι

497 2653 820 2724 Hucusque
849 2652 1032 2709 modo
1081 2656 1194 2708 stet
1221 2651 1586 2724 exemplum.
1615 2653 1672 2708 Si
1702 2653 1862 2708 enim
1907 2652 2153 2710 ulterius

497 2742 980 2817 progrediamur,
1005 2743 1264 2800 multam
1303 2742 1680 2798 inveniemus
1709 2741 2138 2800 differentiam.

497 2835 578 2888 De
631 2831 973 2904 particulari
1029 2831 1189 2887 enim
1237 2831 1502 2902 homine,
1529 2831 1766 2904 proprie
1825 2849 2045 2904 corpus
2095 2839 2152 2890 et

491 2922 700 2979 anima
719 2921 1224 2993 dicuntur-,neque
1245 2922 1450 2978 anima
1475 2938 1692 2995 corpus
1725 2922 2146 2996 appellaretur,

2259 2940 2288 2996 ἡ
2321 2940 2476 3012 ψυχὴ
2507 2941 2761 3012 λέγονται,
2789 2947 2879 2994 καὶ
2927 2943 3038 2995 οὔθ’
3065 2944 3094 3001 ἡ
3137 2942 3290 3015 ψυχὴ
3341 2951 3496 3016 σῶμα
3531 2946 3593 2996 ἄν
3640 2944 3860 3004 κληθείη

489 3028 686 3086 neque
717 3028 936 3084 corpus
981 3012 1184 3068 anima
1235 3011 1664 3068 nominaretur.
1700 3015 1778 3068 De
1819 3014 1918 3068 Dei
1947 3017 2147 3070 autem

2258 3031 2399 3096 ποτε,
2433 3032 2550 3082 οὔτε
2596 3033 2655 3081 τὸ
2711 3038 2864 3103 σῶμα
2926 3031 3082 3103 ψυχὴ
3141 3035 3586 3108 προσαγορευθείη
3623 3051 3636 3064 ·
3671 3033 3756 3088 ἐπὶ
3797 3032 3864 3090 δὲ

485 3101 638 3158 inter
688 3117 800 3158 nos
824 3104 1384 3173 persona,etl)eum
1427 3107 1636 3158 secure
1663 3101 2001 3158 diceremus
2030 3101 2143 3158 ho-

2258 3126 2349 3180 της
2390 3125 2479 3171 τοῦ
2521 3125 2654 3171 Θεοῦ
2715 3120 2835 3173 καθ’
2877 3121 3012 3194 ἡμᾶς
3059 3122 3414 3188 ὑποστάσεως,
3454 3127 3543 3175 καὶ
3589 3126 3676 3176 τὸν
3726 3127 3862 3178 Θεὸν

487 3191 738 3258 minem,
761 3195 818 3246 et
843 3190 1156 3246 hominem
1199 3191 1656 3259 Deum,mutatis
1681 3191 1948 3246 vicissim
1978 3196 2034 3248 et
2063 3192 2146 3246 vi-

488 3279 688 3334 cissim
711 3278 864 3334 datis
899 3278 1266 3347 nominibus,
1291 3277 1624 3334 secundum
1655 3279 2020 3335 ineffabilem
2051 3295 2148 3336 co-

487 3367 861 3423 haerentiam.
891 3369 956 3422 Et
979 3366 1428 3436 particularium
1460 3367 1777 3424 hominum
1803 3369 2145 3424 communis

490 3458 580 3510 est
603 3455 860 3526 species;
883 3455 1042 3510 unde
1059 3455 1394 3510 secundum
1419 3455 1577 3511 hanc
1601 3455 2144 3512 individualitatem

486 3559 598 3616 per
626 3545 832 3600 omnia
877 3543 1102 3600 similes
1140 3543 1440 3600 dicuntur.
1467 3545 1822 3614 Singulatim
1843 3546 2004 3602 enim
2034 3546 2144 3601 lio-

488 3633 706 3702 mines,
739 3631 1140 3688 caracteribus
1165 3631 1525 3700 diﬂ‘erentes,
1542 3633 1994 3690 similitudinem
2019 3650 2146 3690 om-

490 3719 806 3777 nimodam
821 3721 1152 3777 secundum
1167 3721 1430 3792 speciem
1451 3722 1692 3778 habent.
1711 3722 1928 3779 Divinas
1941 3729 2144 3779 autem

491 3811 648 3867 illius
677 3815 1030 3868 naturarum
1065 3811 1428 3883 hypostasis,
1463 3827 1584 3867 non
1607 3816 1699 3868 est
1721 3811 1948 3885 aliquid
1975 3829 2142 3869 com-

481 3915 670 3960 mune
687 3916 904 3957 nomen
927 3901 1191 3956 Christus
1211 3899 1600 3973 appellatum,
1617 3901 2142 3974 quemadmodum

486 3989 566 4044 de
595 3990 774 4046 nobis
827 3989 1192 4046 vocabulum
1243 3989 1450 4058 homo,
1477 3990 1622 4062 quia
1651 4005 1774 4046 non
1805 3995 1942 4046 sunt
1971 3989 2144 4046 multi

488 4077 722 4143 Christi,
751 4079 854 4134 sed
883 4094 1035 4134 unus
1067 4079 1251 4135 Patris
1289 4079 1584 4135 terminus
1607 4083 1663 4136 et
1693 4079 1951 4136 Verbum
1973 4078 2142 4153 quod

485 4165 796 4222 divinitate
829 4167 996 4223 unxit
1017 4167 1475 4224 humanitatem.

563 4277 651 4330 30.
693 4273 755 4329 Si
781 4275 914 4347 quis
929 4279 1132 4330 autem
1158 4289 1296 4331 cum
1329 4276 1590 4349 Eutyche
1621 4275 2001 4333 consentiens
2035 4291 2142 4333 oc-

2318 4273 2380 4329 λ’.
2421 4275 2482 4328 Εἰ
2519 4272 2580 4328 δέ
2623 4295 2704 4338 τις
2753 4279 2818 4329 τὰ
2854 4277 3125 4349 Εὐτυχοῦς
3169 4288 3362 4353 φρονῶν
3416 4279 3705 4339 ἀπαντήσει
3759 4286 3858 4336 καὶ

482 4362 736 4420 currerit
763 4367 821 4418 et
849 4361 1132 4432 objecerit
1161 4363 1470 4420 hominem
1493 4364 1736 4420 duabus
1763 4367 1990 4421 naturis
2003 4379 2138 4420 con-

2258 4363 2584 4437 προϐαλείται
2665 4367 2729 4426 ὡς
2795 4367 2822 4416 6
2901 4367 3172 4439 ἄνθρωπος
3243 4366 3297 4420 ἐκ
3369 4365 3466 4422 δύο
3537 4374 3858 4424 συνίσταται

486 4455 663 4518 stare,
687 4451 850 4506 hunc
880 4454 1079 4507 autem
1111 4467 1148 4508 a
1174 4453 1294 4508 Deo
1319 4457 1700 4525 assumptum
1731 4469 1882 4518 esse,
1909 4453 2014 4520 qui
2054 4453 2136 4508 al-

2258 4454 2468 4523 ρύσεων,
2499 4460 2680 4506 τοῦτον
2713 4449 2772 4506 δὲ
2817 4455 2843 4505 6
2897 4457 3028 4516 Θεὸς
3069 4455 3439 4530 προσελάϐετο,
3491 4456 3636 4530 ἑτέρα
3693 4462 3858 4530 φύσις

2265 2679 2440 2730 στήτω
2497 2675 2621 2746 ημῖν
2687 2677 2746 2727 τὸ
2807 2672 3148 2748 παράδειγμα
3184 2697 3196 2710 ·
3231 2683 3544 2753 προσωτέρω
3589 2681 3690 2754 γὰρ
3741 2701 3869 2752 χω-

2257 2768 2486 2835 ροῦντες,
2532 2761 2722 2820 πολλὴν
2783 2768 2876 2820 τὴν
2935 2760 3190 2836 διαφορὰν
3257 2767 3540 2839 εὑρήσομεν
3581 2785 3595 2798 '
3637 2765 3722 2819 ἐπὶ
3767 2770 3866 2840 μὲν

2259 2853 2356 2924 γὰρ
2385 2859 2476 2902 τοῦ
2529 2859 2746 2924 μερικοῡ
2787 2851 3080 2928 ἀνθρώπου,
3115 2850 3426 2915 ἰδιαζόντως
3471 2859 3530 2907 τὸ
3587 2863 3742 2928 σῶμα
3769 2863 3868 2910 καὶ

2258 3205 2577 3281 θαρρούντως
2633 3207 2694 3259 ἂν
2751 3211 2979 3280 εἴποιμεν
3027 3211 3314 3284 ἄνθρωπον,
3367 3216 3456 3264 καὶ
3512 3214 3598 3264 τὸν
3657 3212 3864 3286 ἀνορω-

2254 3315 2348 3348 πον
2395 3300 2522 3349 Θεὸν
2567 3335 2580 3359 ,
2643 3300 3086 3374 μεταχωρούντων
3155 3297 3392 3362 αλλήλοις
3437 3309 3536 3352 τῶν
3589 3300 3860 3374 ὀνομάτων

2253 3390 2343 3437 καὶ
2400 3382 2845 3458 ἀντιδιδομένων,
2905 3390 3038 3440 κατὰ
3101 3393 3194 3444 τὴν
3259 3389 3481 3464 ἄρρητον
3553 3393 3850 3463 συμφυίαν.

2257 3477 2357 3526 Καὶ
2412 3483 2511 3526 τῶν
2578 3477 2668 3547 μὲν
2729 3483 2950 3549 μερικῶν
3013 3475 3295 3549 ἀνθρώπων
3371 3477 3483 3532 ἐστὶ
3559 3483 3617 3530 τὸ
3683 3479 3858 3532 κοινὸν

2255 3559 2394 3624 εἶδος
2440 3581 2455 3596 ο
2514 3560 2599 3616 διὸ
2661 3563 3048 3637 ἀπαράλλακτοι
3112 3585 3248 3619 κατα
3301 3575 3449 3620 τοῦτο
3513 3571 3572 3620 τὸ
3641 3573 3858 3642 μερικὸν

2251 3651 2488 3722 λέγονται
2514 3668 2527 3682 ’
2553 3654 2602 3704 οἰ
2647 3655 2744 3726 γὰρ
2794 3655 2928 3705 κατὰ
2965 3659 3118 3727 μέρος
3169 3657 3466 3728 ἄνθρωποι,
3507 3663 3616 3718 τοῖς
3668 3677 3858 3732 χαρα-

2251 3749 2445 3816 κτῆρσι
2495 3738 2852 3807 διεστηκότες,
2907 3748 3001 3802 τὴν
3049 3743 3439 3819 ἀπαραλλαξίαν
3487 3749 3622 3798 κατὰ
3657 3751 3716 3799 τὸ
3779 3749 3858 3800 εἶ-

2257 3826 2341 3890 δος
2380 3833 2605 3902 ἔχουσι’
2634 3839 2727 3891 τῆς
2777 3827 2836 3884 δὲ
2875 3833 3013 3894 θείας
3075 3831 3266 3894 ἐκείνης
3307 3842 3406 3886 τῶν
3467 3837 3665 3906 φύσεων
3720 3837 3858 3888 ὑπο-

2253 3921 2487 3982 στάσεως
2527 3919 2619 3972 οὗκ
2675 3923 2786 3972 ἔστι
2821 3941 2874 3973 τι
2915 3927 3083 3974 κοινὸν
3123 3927 3283 3995 ὄνομα
3329 3928 3562 3998 Χριστὸς
3591 3925 3856 3997 ὅνομαζὸο

2250 4027 2418 4079 μενον,
2451 4011 2623 4081 ὧσπερ
2679 4008 2756 4082 ἐφ’
2809 4011 2956 4082 ἡμῶν
2995 4012 3282 4086 ἄνθρωπος,
3337 4015 3416 4065 ὅτι
3467 4010 3606 4086 μηδὲ
3669 4013 3854 4068 πολλοὶ

2249 4098 2408 4158 οὖτῶς
2459 4101 2704 4171 Χριστοὶ,
2735 4097 2840 4150 ἀλλ’
2879 4099 2950 4162 εἷς
2997 4101 3023 4151 6
3075 4108 3167 4152 τοῦ
3215 4104 3412 4176 Ματρὸς
3453 4103 3568 4176 ὅρος
3605 4106 3695 4155 καὶ
3738 4107 3854 4157 Λό-

2247 4204 2336 4257 γος
2355 4194 2417 4258 τῇ
2453 4187 2658 4244 θεότητι
2695 4191 2897 4262 χρίσας
2924 4191 3016 4246 την
3048 4187 3438 4262 ἁνθρωπὸτητα.

485 4543 610 4596 tera
638 4538 794 4596 ultra
817 4539 1124 4596 hominem
1145 4545 1362 4598 natura
1387 4547 1500 4610 est,
1522 4541 1604 4598 ita
1623 4545 1686 4598 ut
1715 4557 1786 4598 ex
1813 4541 2002 4598 tribus
2031 4557 2140 4597 na-

483 4629 632 4686 turis
651 4627 1029 4685 etl‘ormatum
1068 4645 1202 4686 esse
1229 4630 1526 4686 Christum
1571 4631 1812 4686 credere
1842 4635 2132 4702 oporteat,

484 4716 720 4772 duabus
743 4717 988 4789 quidem
1006 4718 1502 4787 liominis,anima
1523 4733 1742 4792 nempe
1767 4735 1838 4774 ac
1859 4735 2133 4792 corpore,

481 4821 604 4862 una
632 4810 833 4862 autem
887 4807 1151 4879 propria,
1195 4808 1310 4863 hoc
1354 4807 1436 4863 illi
1477 4807 1942 4880 responderetur
1971 4808 2138 4864 unita

479 4910 611 4950 esse
625 4895 826 4967 aliqua
841 4911 914 4951 ex
935 4895 1233 4952 continuis
1257 4896 1506 4964 dici,sed
1519 4911 1641 4953 non
1657 4913 1726 4953 ex
1749 4897 2130 4954 distantibus.

479 4985 594 5040 Cur
622 4985 780 5039 enim
829 4985 956 5056 ipse
1005 4999 1130 5040 non
1185 4985 1336 5041 dicis
1387 4987 1700 5042 hominem
1747 5003 1819 5042 ex
1865 4987 2134 5059 quinque

476 5072 781 5145 componi,
813 5073 904 5128 vel
953 5073 1120 5145 quod
1177 5075 1378 5130 verius
1407 5080 1580 5142 esset,
1605 5091 1678 5130 ex
1731 5079 1980 5148 septem,
2009 5093 2134 5134 una

474 5161 719 5235 quidem
744 5161 1237 5234 anima,quatuor
1265 5169 1468 5220 autem
1499 5165 1768 5237 corporis
1799 5165 2130 5235 elementis,

475 5257 532 5306 et
559 5249 760 5306 adhuc
787 5250 1038 5305 materia
1071 5255 1130 5306 et
1175 5251 1390 5322 forma,
1413 5269 1550 5326 quae
1579 5253 1818 5323 longius
1854 5257 2032 5312 sunt?
2065 5257 2134 5310 Et

471 5355 586 5396 nos
639 5339 814 5408 igitur
853 5339 1150 5395 Christum
1201 5341 1442 5398 duabus
1481 5344 1710 5400 naturis
1743 5349 2015 5401 constare
2045 5344 2132 5400 di-

477 5433 698 5492 centes.
733 5432 1028 5500 tanquam
1050 5445 1234 5486 unam
1273 5437 1552 5489 naturam
1574 5433 1882 5490 hominem
1917 5435 2132 5506 accipi-

482 5535 640 5585 mus,
674 5517 752 5574 ad
784 5518 1137 5576 continuum
1164 5523 1537 5580 attendentes
1559 5539 1754 5598 neque
1777 5526 1854 5582 ad
1885 5529 2132 5582 naturas

487 5607 708 5682 quibus
735 5607 832 5666 ille
857 5612 1119 5668 constat.

2245 4543 2389 4611 ποιρὰ
2459 4550 2638 4595 τοῦτον
2713 4546 2994 4616 τυγχάνων
3030 4586 3044 4610 ,
3097 4545 3232 4599 ὥστε
3299 4545 3354 4598 ἐκ
3413 4555 3568 4622 τριῶν
3647 4551 3858 4620 φύσεων

2250 4627 2490 4693 δοξάζειν
2520 4637 2691 4704 χρεὼν
2749 4637 2834 4685 τὸν
2885 4637 3136 4709 Χριστὸν,
3189 4632 3286 4688 δύο
3351 4639 3440 4708 μεν
3497 4645 3598 4689 τῶν
3626 4645 3718 4689 του
3761 4636 3856 4690 ἆν-

2250 4721 2476 4792 θρώπου,
2529 4721 2716 4793 ψυχῆς
2789 4721 2918 4794 λέγω
2979 4729 3070 4776 καὶ
3137 4729 3398 4796 σώματος,
3453 4732 3574 4798 μιᾶς
3625 4721 3686 4779 δὲ
3757 4735 3858 4791 τῆς

2248 4809 2440 4872 οἰκείας
2483 4808 2641 4863 ἐκεῖνο
2691 4814 2819 4884 πρὸς
2877 4811 3026 4864 αὐτὸν
3078 4811 3298 4884 λέγοιτο,
3345 4815 3424 4866 ὁτι
3481 4818 3548 4866 τὰ
3605 4814 3859 4889 ἑνούμενα

2245 4897 2298 4950 ἐκ
2343 4907 2441 4950 τῶν
2497 4907 2775 4974 προσεχῶν
2839 4897 3082 4953 ἐνοῦσθαι
3139 4901 3384 4974 λέγεται,
3420 4901 3520 4955 ἀλλ’
3573 4903 3705 4974 ουχὶ
3751 4913 3859 4958 τῶν

2247 4987 2420 5062 πόρρω
2454 5007 2466 5020 ·
2504 4984 2596 5040 δια
2637 4993 2687 5040 τί
2737 4989 2839 5062 γὰρ
2871 4990 3030 5051 αὐτὸς
3071 4995 3141 5063 μὴ
3175 4995 3262 5043 τὸν
3309 4993 3578 5067 ἄνθρωπον
3611 4991 3666 5045 ἐκ
3703 4999 3858 5049 πέντε

2245 5074 2380 5147 λέγει
2412 5079 2741 5148 συγκεῖσθαι,
2767 5080 2797 5136 ἤ
2839 5081 2897 5130 τό
2925 5098 2986 5149 γε
3030 5077 3368 5154 ἀληθέστερον
3419 5077 3468 5142 ἐξ
3525 5079 3680 5146 ἑπτὰ,
3727 5089 3860 5155 μιᾶς

2245 5168 2336 5237 μὲν
2367 5171 2459 5227 τᾶς
2487 5165 2694 5238 ψυχῆς,
2725 5167 2994 5240 τεσσάρων
3043 5165 3101 5220 δὲ
3155 5177 3252 5221 τῶν
3305 5173 3584 5241 στοιχείων
3615 5177 3706 5223 τοῦ
3749 5179 3860 5226 σω-

2245 5274 2428 5326 ματος,
2484 5259 2574 5306 καὶ
2637 5257 2712 5306 ἔτι
2767 5255 2892 5316 ὑλης
2939 5261 3029 5308 καὶ
3079 5253 3268 5324 εἴδους,
3329 5267 3427 5309 τῶν
3493 5257 3858 5336 πορῥωτέρως

2251 5349 2349 5396 Καὶ
2381 5345 2528 5416 ἡμεῖς
2559 5351 2683 5416 γοῦν
2739 5349 2826 5398 τὸν
2885 5351 3114 5420 Χριστὸν
3145 5346 3199 5399 ἐκ
3253 5345 3349 5400 δύο
3389 5351 3588 5420 φύσεων
3641 5345 3860 5421 δογμα-

2241 5437 2490 5498 τίζοντες,
2525 5435 2594 5494 ὡς
2661 5438 2784 5506 μίαν
2840 5437 2994 5505 φύσιν
3047 5439 3132 5489 τὸν
3182 5437 3450 5510 ἄνθρωπον
3503 5437 3862 5510 προσλαμϐά-

2240 5541 2407 5592 νομεν,
2473 5526 2602 5596 πρὸς
2673 5527 2730 5575 τὸ
2779 5528 3040 5597 προσεχὲς
3095 5525 3398 5600 ἀφορῶντες,
3455 5531 3538 5578 καὶ
3601 5527 3666 5580 οὐ
3722 5531 3858 5602 πρόδ

2241 5614 2336 5675 τὰς
2375 5614 2574 5684 φύσεις,
2603 5611 2654 5676 ἐξ
2693 5613 2760 5668 ὧν
2795 5613 2985 5682 ἐκεῖνος
3015 5619 3352 5675 συνέστηκεν.
