4106 6296
242 218 301 275 55
1636 213 1986 276 THESAUBI
2023 216 2156 279 LIB.
2195 214 2300 281 IX.
3582 244 3652 303 66

310 341 408 399 λα’.
447 340 514 397 Εἰ
553 338 619 396 δὶ
662 346 764 397 καὶ
794 344 935 418 πρὸς
964 345 1158 405 ταύτην
1194 345 1359 418 λυττᾷ
1383 349 1476 407 τὴν
1506 344 1760 410 ἕπίλυσιν,
1792 345 1870 396 καί

2064 345 2123 400 31
2139 384 2152 397 .
2182 347 2251 403 Et
2278 346 2328 404 si
2353 347 2433 405 ad
2456 348 2616 408 hanc
2648 350 3014 414 solutionem
3032 357 3202 417 rabie
3223 364 3646 440 excandescat,

257 433 420 507 ἑτέραν
449 434 855 509 προσθήσομεν
882 454 896 468 ·
930 436 1004 497 ὡς
1032 436 1058 488 6
1088 436 1359 512 ἄνθρωπος
1413 438 1443 496 ἣ
1495 439 1704 511 μσρικός
1743 432 1883 488 ἐστιν

260 524 286 582 ἡ
340 523 601 577 καθόλουο
657 525 818 597 ἡμεῖς
861 520 925 578 δέ
975 545 1136 598 φαμεν
1189 529 1279 579 τὸν
1330 525 1552 580 καθόλου
1590 527 1879 600 ἄνθρωπον,

261 617 522 667 τουτέστιν
589 611 930 688 ἀνθρωπείαν
976 617 1150 688 φύσιν,
1206 616 1463 689 εἰληφέναι
1525 619 1614 669 τόν
1670 617 1880 687 Κύριον,

262 707 369 765 ἣτις
393 701 465 762 δὴ
499 707 598 756 καὶ
629 701 925 765 ἁσύνθετός
976 702 1112 773 ἔστι,
1142 709 1234 759 καὶ
1264 701 1359 759 διὰ
1412 712 1566 759 τοῦτο
1592 709 1689 778 μία
1726 707 1883 777 φύσις

262 792 482 863 λέγεται.
534 794 688 847 Ἐπεὶ
742 801 874 865 γοῦν
931 802 1116 848 τοῦτον
1177 800 1346 849 κοινόν
1410 804 1505 859 τῆς
1561 793 1883 870 ἀνθρωπίνης

264 885 464 954 φύσεως
491 881 653 955 ’λόγον
687 881 954 955 ἀνέλαϐεν,
994 882 1273 957 ἀτομώσας
1306 884 1356 938 ἓν
1382 894 1454 958 τῷ
1481 884 1876 959 προσλήμματι,

264 967 358 1023 διὰ
386 979 546 1025 τοῦτο
576 971 634 1025 ἐκ
666 968 769 1025 δύο
794 974 1108 1026 συνεστάναι
1144 977 1230 1027 τὸν
1271 977 1462 1049 Κύριον
1493 971 1880 1048 δογματίζομιν

265 1063 463 1133 φύσις-ιν
486 1078 501 1091 '
537 1060 591 1115 ἓν
621 1057 684 1114 δὲ
712 1066 999 1136 πρόσωπον
1032 1067 1121 1116 καὶ
1151 1065 1279 1136 μετὰ
1306 1069 1400 1123 τὴν
1438 1065 1620 1117 ἕνωσιν
1647 1062 1874 1136 λέγομεν,

266 1149 292 1202 6
328 1146 397 1208 δὴ
451 1155 547 1203 καὶ
608 1155 744 1212 Θεὸς
781 1149 899 1203 ἐστι
956 1156 1049 1204 καὶ
1108 1154 1381 1229 ἄνθρωπος
1425 1152 1612 1215 τέλειος
1649 1149 1744 1205 διὰ
1784 1156 1877 1211 τὴν

264 1241 784 1315 καινοπρεπεστάτην
814 1236 1089 1294 ἀντίδοσιν
1113 1257 1127 1271 ⁸
1175 1246 1247 1315 μὴ
1278 1244 1381 1317 γὰρ
1432 1245 1527 1304 τὰς
1561 1244 1743 1315 φύσεις
1770 1260 1876 1294 πα-

265 1328 589 1404 ραχαράξας
616 1331 686 1382 τὰ
713 1327 769 1393 ἐξ
800 1330 869 1382 ὧν
902 1328 951 1382 ἐν
984 1326 1064 1393 οἷς
1099 1331 1227 1407 οἷπερ
1257 1335 1449 1405 πέφυκε
1488 1331 1668 1393 σώζων
1698 1329 1834 1384 ἔστιν
1860 1351 1873 1365 ·

264 1420 321 1470 ἴοι
354 1437 409 1471 τε
428 1422 536 1495 γὰρ
569 1415 675 1473 δύο
700 1420 965 1493 ὑφέστηκε
1005 1423 1225 1488 σύσῑων,
1256 1426 1346 1474 καὶ
1388 1420 1440 1474 ἓν
1491 1424 1707 1483 ταύταις
1763 1427 1878 1484 ταῖς

266 1510 453 1579 φύσεσι
485 1512 706 1581 πέφυκε,
738 1507 931 1581 μᾶλλον
981 1505 1041 1562 δὲ
1093 1506 1242 1563 ούὸὶν
1280 1509 1447 1586 ἓτερον
1498 1513 1643 1584 παρά
1686 1513 1877 1571 ταύτας

265 1594 422 1664 ἐστὶν,
458 1595 592 1649 ἀλλά
616 1604 773 1651 τοῦτο
804 1597 931 1651 αύτό
961 1596 1098 1666 ἐστι,
1134 1594 1231 1652 δύο
1260 1601 1458 1672 φύσεις,
1512 1602 1637 1660 Θεὸς
1687 1598 1878 1662 τέλειος

1990 435 2050 488 et
2079 433 2266 492 aliam
2295 437 2694 510 adducemus,
2723 458 2946 517 nempe
2965 444 3277 508 hominem
3299 467 3435 511 esse
3464 456 3558 513 vel
3586 433 3650 517 in

1990 521 2325 595 individuo,
2366 528 2464 585 vel
2509 529 2570 586 in
2619 531 2926 592 universo.
2970 539 3089 593 Nos
3140 545 3343 598 autem
3390 543 3651 604 dicimus

1988 608 2302 669 hominem
2330 614 2393 671 in
2421 617 2727 689 universo,
2755 620 2818 683 id
2866 627 2956 679 est
3005 624 3340 687 humanam
3363 636 3648 691 naturam

1990 699 2313 760 Dominum
2343 706 2768 781 assumpsisse,
2801 724 2940 782 qum
2970 717 3125 771 certe
3157 719 3214 773 et
3239 717 3648 794 incomposita

1990 793 2078 847 est
2096 795 2152 847 et
2171 791 2306 850 ideo
2329 810 2451 853 una
2471 801 2693 854 natura
2715 798 2953 857 dicitur.
2970 804 3269 868 Quoniam
3289 791 3470 882 igitur
3488 812 3647 870 hanc

1989 894 2378 941 communem
2408 884 2694 944 humanae
2714 893 2945 947 naturae
2966 894 3260 954 rationem
3289 902 3643 975 assumpsit,

1987 983 2121 1025 eam
2149 986 2273 1028 non
2290 972 2567 1032 dividens
2586 976 2648 1032 in
2666 977 2768 1035 illa
2787 982 3229 1055 assumptione,
3248 987 3384 1046 ideo
3402 972 3644 1049 duabus

1986 1060 2216 1117 naturis
2245 1069 2522 1121 constare
2553 1066 2850 1125 Christum
2867 1069 3180 1133 docemus.
3213 1077 3406 1136 Unam
3431 1086 3636 1139 autem

1986 1163 2312 1220 personam
2342 1158 2400 1208 et
2426 1159 2564 1226 post
2590 1156 2878 1214 unionem
2905 1159 3184 1232 dicimus,
3216 1181 3353 1238 quze
3394 1168 3644 1241 quidem

1985 1242 2074 1293 est
2102 1238 2257 1296 Deus
2283 1245 2340 1297 et
2358 1241 2543 1300 homo
2565 1245 2864 1317 perfectus
2885 1248 2964 1305 ob
2985 1249 3144 1308 hanc
3159 1238 3463 1313 insolitam
3481 1274 3618 1316 com

1985 1327 2358 1386 munionem.
2385 1333 2529 1389 Cum
2550 1338 2753 1391 autem
2773 1351 2896 1393 non
2928 1337 3355 1402 adulteraverit
3371 1350 3639 1417 naturas,

1984 1430 2054 1471 ea
2074 1431 2145 1472 ex
2162 1417 2386 1489 quibus
2410 1424 2467 1477 et
2485 1421 2548 1478 in
2571 1422 2793 1495 quibus
2819 1429 3031 1499 etquis
3053 1434 3144 1487 est
3163 1438 3379 1490 servat.
3394 1436 3642 1495 Duabus

1983 1503 2141 1560 enim
2174 1507 2405 1563 naturis
2437 1511 2838 1580 constituitur,
2862 1520 2920 1573 et
2939 1521 3028 1574 est
3055 1517 3118 1575 in
3140 1518 3236 1577 his
3266 1523 3497 1579 naturis
3516 1525 3642 1583 imo

1982 1607 2126 1650 vero
2155 1595 2305 1652 nihil
2331 1597 2498 1654 aliud
2524 1605 2618 1657 est
2644 1606 2810 1660 extra
2839 1620 2962 1673 eas,
2995 1607 3101 1664 sed
3130 1607 3247 1666 hoc
3294 1610 3500 1684 ipsum
3529 1619 3636 1681 est,

264 1691 353 1738 καὶ
376 1686 657 1760 ἅνθρωπος
686 1685 906 1748 τελιιοςο
939 1687 999 1740 ού
1037 1690 1136 1760 γὰρ
1190 1691 1236 1742 si
1264 1707 1316 1741 τι
1352 1687 1405 1752 ἐξ
1456 1684 1524 1739 ὧν
1555 1688 1689 1754 ἐστι,
1720 1696 1870 1742 τοῦτο

1982 1681 2120 1738 dum
2149 1687 2404 1756 naturai,
2439 1690 2595 1745 Deus
2619 1690 2919 1762 perfectus
2940 1660 3643 1773 ὲιίιὶῦιῌξρὲἷῖὲῖεἶᾶεἶὲἓ

263 1768 330 1833 δὴ
360 1774 499 1827 αὐτὰ
549 1777 815 1848 τυγχάνει
844 1778 912 1829 τὰ
964 1775 1019 1839 ἕξ
1061 1777 1128 1828 ὧν
1166 1774 1306 1830 ἐστιν
1331 1799 1343 1810 ·
1375 1776 1429 1829 ἐκ
1458 1781 1616 1851 πυρός
1644 1779 1745 1852 γὰρ
1784 1782 1874 1855 καί.

260 1866 361 1934 γῆς
381 1863 602 1939 οὐρανός
640 1868 777 1917 κατά
818 1864 1068 1918 Πλάτωνα
1099 1870 1409 1925 συνέστηκεν
1429 1886 1441 1900 ·
1476 1865 1585 1918 ἀλλ’
1614 1866 1719 1938 οὐχ
1743 1867 1872 1941 άπερ

262 1951 451 2021 ἐκεῖνα,
486 1954 514 2005 6
563 1953 789 2027 οὐρανός
843 1958 1101 2027 πέφυκεν·
1152 1956 1178 2007 6
1236 1951 1295 2007 δὲ
1335 1958 1565 2026 Χριστὸς
1595 1953 1647 2018 ἐξ
1676 1956 1744 2007 ὧν
1773 1974 1873 2008 συ-

256 2045 529 2111 νέστηκεν,
554 2044 725 2095 ἐκεῖνα
754 2046 1036 2116 τυγχάνει,
1065 2043 1160 2096 οὐκ
1196 2043 1318 2096 ἄλλο
1347 2064 1400 2097 τι
1444 2046 1750 2106 ποιησάσης
1778 2052 1875 2106 τῆς

258 2130 471 2203 μίξεως.
502 2132 599 2185 Ἐκ
630 2129 729 2185 δύο
758 2140 886 2205 γοῦν
917 2136 1119 2206 φύσεων
1149 2134 1175 2185 6
1205 2136 1437 2207 Χριστὸς
1466 2138 1556 2186 καὶ
1578 2133 1628 2186 ἐν
1658 2136 1874 2197 ταύταις

256 2227 379 2283 ταῖς
424 2223 671 2293 φύσεσιν.
705 2221 862 2275 Ἀλλὰ
926 2226 1019 2275 καὶ
1074 2221 1159 2275 ἐπὶ
1198 2218 1645 2296 παραδείγματος,
1674 2224 1744 2285 εἷς
1780 2227 1871 2297 μέν

256 2306 398 2362 ἐστιν
427 2309 455 2363 6
482 2309 652 2377 ἣλιος,
683 2313 866 2383 φύσεις
892 2307 954 2364 δὲ
985 2309 1036 2363 ἐν
1062 2310 1201 2382 αὐτῷ
1228 2307 1343 2383 δύο,
1374 2312 1403 2371 ἠ
1447 2314 1537 2384 μὲν
1563 2319 1654 2365 τοῦ
1686 2316 1870 2384 φωτός,

254 2400 286 2457 ἦ
337 2394 397 2452 δί
438 2407 535 2452 τοῦ
581 2398 807 2457 ἡλιακοῦ
858 2405 1125 2473 σώματος·
1174 2404 1265 2453 καὶ
1294 2401 1321 2452 6
1367 2404 1599 2475 Χριστὸς
1628 2402 1700 2463 εἰς
1737 2400 1868 2473 ἐστι,

254 2490 437 2559 φύσεις
493 2486 557 2542 δὲ
594 2485 717 2559 δύο,
766 2490 798 2547 ἡ
840 2492 934 2563 μὲν
992 2491 1119 2563 ὑπὲρ
1174 2491 1333 2563 ἡμᾶς,
1374 2492 1405 2549 ἡ
1442 2487 1501 2544 δὲ
1528 2492 1790 2565 ἡμετέρα·
1824 2490 1874 2544 ἓν

257 2580 363 2651 γὰρ
388 2586 465 2650 τῷ
496 2578 642 2651 αύτῴ
666 2583 759 2632 καὶ
797 2578 872 2632 ἐνὶ
904 2581 1123 2652 ὀνόματι
1148 2579 1397 2653 ἑκατέρων
1427 2588 1526 2632 τῶν
1550 2582 1872 2655 πραγμάτων

262 2672 512 2739 πμασὶα
539 2664 834 2738 δείκνυται,
879 2669 1121 2730 θεότητος
1149 2667 1278 2740 λέγω
1306 2673 1396 2721 καὶ
1435 2667 1833 2743 ἀνθρωπότητος
1855 2685 1869 2701 ⁸

258 2753 347 2810 διὸ
376 2762 467 2810 καὶ
497 2759 774 2831 ἅνθρωπος
801 2757 1011 2829 λέγεται
1039 2758 1065 2810 6
1102 2761 1348 2834 Χριστός,
1379 2762 1468 2811 καὶ
1505 2763 1635 2822 Θεὸς
1672 2759 1872 2833 λέγεται

255 2846 284 2897 6
315 2851 547 2920 Χριστός
568 2863 583 2876 ·
616 2845 824 2920 ’Δμίλει
860 2851 951 2900 καὶ
978 2853 1071 2899 τοῦ
1103 2851 1345 2920 σώματος
1371 2851 1701 2921 τυππομένου
1727 2851 1873 2924 παρὰ

260 2943 356 2987 τοῦ
388 2937 677 3010 ὑπηρέτου,
706 2938 773 2997 ὡς
803 2935 956 2998 αὐτὸς
982 2937 1208 3008 πάσχων
1238 2934 1396 3009 ἔλεγε,
1443 2941 1507 2990 Τί
1534 2938 1599 3010 μὶ
1629 2933 1868 3013 δαίρεις;

1983 1771 2130 1842 quid
2178 1773 2339 1830 enim
2384 1790 2456 1831 ex
2513 1778 2737 1850 quibus
2790 1785 2898 1849 est,
2939 1799 3064 1840 non
3095 1790 3185 1844 est
3221 1771 3292 1845 ea
3319 1805 3391 1846 ex
3415 1791 3641 1864 quibus

1982 1863 2110 1926 est;
2139 1860 2276 1931 igue
2307 1863 2467 1921 enim
2495 1870 2552 1921 et
2593 1871 2747 1925 terra
2776 1870 2996 1928 caelum
3022 1879 3276 1947 constat,
3304 1860 3477 1949 juxta
3507 1880 3641 1939 Pla-

1985 1951 2189 2005 tonem
2216 1968 2228 2018 ;
2253 1951 2359 2007 sed
2384 1968 2509 2008 non
2538 1956 2705 2027 quod
2734 1973 2805 2015 ea
2826 1964 2981 2027 sunt,
3007 1962 3225 2020 caelum
3249 1971 3360 2022 est.
3380 1969 3640 2027 Christus

1983 2052 2123 2093 vero
2149 2043 2238 2094 est
2258 2038 2359 2095 illa
2383 2041 2604 2113 quibus
2618 2050 2871 2117 constat,
2885 2047 3034 2105 nihil
3045 2050 3209 2108 aliud
3224 2056 3641 2115 commistione

1987 2124 2280 2184 efficiente
2300 2146 2313 2197 ;
2337 2144 2409 2185 ex
2439 2130 2676 2188 duabus
2707 2134 2887 2204 igitur
2924 2139 3156 2196 naturis
3200 2142 3471 2202 Christus
3499 2151 3556 2203 et
3579 2148 3643 2204 in

1979 2213 2075 2270 his
2117 2215 2358 2273 duabus
2414 2221 2664 2278 naturis.
2699 2222 2815 2280 Sed
2867 2229 2925 2283 et
2953 2229 3208 2302 exempli
3238 2234 3448 2304 gratia,
3481 2251 3643 2293 unus

1980 2304 2225 2377 quidem
2257 2312 2348 2364 est
2378 2308 2487 2378 sol,
2519 2315 2751 2369 naturae
2799 2318 3003 2373 autem
3051 2334 3188 2391 qua
3214 2321 3274 2377 in
3311 2322 3415 2380 illo
3471 2329 3630 2396 sunt,

1979 2393 2136 2463 duae,
2150 2394 2397 2453 luminis
2417 2400 2664 2472 quidem
2677 2407 2734 2459 et
2749 2403 2959 2462 solaris
2975 2410 3269 2481 corporis.
3289 2414 3354 2469 Et
3371 2393 3641 2473 Christus

1981 2499 2140 2543 unus
2173 2491 2282 2556 est,
2315 2493 2542 2546 naturae
2584 2497 2787 2550 autem
2818 2494 2974 2565 duae,
3004 2513 3127 2557 una
3153 2501 3401 2574 quidem
3454 2522 3641 2579 supra

1980 2588 2116 2642 nos,
2151 2580 2205 2632 et
2233 2582 2460 2635 nostra.
2507 2582 2571 2636 In
2620 2581 2838 2640 eodem
2887 2586 3048 2643 enim
3097 2593 3155 2646 et
3206 2607 3329 2648 uno
3366 2595 3635 2667 nomine,

1980 2663 2298 2737 utriusque
2352 2667 2439 2723 rei
2495 2668 2854 2740 signiﬁcatio
2902 2677 3253 2744 ostenditur,
3309 2663 3636 2741 divinitatis

1980 2750 2117 2809 dico
2141 2758 2198 2810 et
2218 2753 2635 2845 humanitatis.
2664 2759 2805 2818 Ideo
2826 2766 2883 2819 et
2901 2763 3086 2823 homo
3107 2766 3321 2826 dicitur
3343 2771 3631 2845 Christus,

1981 2845 2038 2897 et
2102 2845 2257 2899 Deus
2298 2843 2514 2902 dicitur
2566 2847 2852 2907 Christus.
2910 2853 3203 2913 Nimirum
3260 2862 3317 2915 et
3380 2843 3630 2934 quando

1980 2943 2200 3003 corpus
2247 2932 2377 3004 ejus
2433 2950 2471 2992 a
2519 2951 2694 2994 servo
2742 2939 3110 3012 verberatur,
3164 2932 3453 3020 tanquam
3503 2950 3634 3024 ipse

255 3031 348 3078 καὶ
401 3025 679 3097 ἄψαυστος
732 3026 800 3077 ὡν
836 3030 934 3084 τὴν
976 3027 1151 3098 φύσιν,
1197 3026 1332 3099 ὅμως
1369 3025 1526 3097 ἔλεγε,
1575 3029 1673 3079 Τόν
1711 3032 1868 3081 νῶτόν

1981 3034 2198 3092 passus
2225 3021 2466 3081 dicebat
2496 3042 2509 3081 :
2545 3047 2572 3076 ‹‹
2601 3027 2756 3093 Quid
2786 3044 2883 3086 me
2915 3032 3126 3089 caedis’
3147 3034 3175 3089 ?
3202 3056 3231 3084 »
3267 3014 3330 3092 [ξι
3360 3053 3498 3094 cum
3526 3014 3638 3097 ha—

254 3132 360 3186 μου
389 3110 568 3167 ἔδωκα
588 3114 665 3177 εἰς
693 3114 964 3187 μάστιγας
984 3130 998 3143 ⁸
1031 3111 1066 3165 ἃ
1092 3116 1193 3188 γὰρ
1222 3116 1283 3166 τὸ
1319 3112 1636 3186 ἀνθρώπινον
1666 3116 1871 3189 ἔπασχε

254 3210 350 3255 τοῦ
392 3208 592 3275 Λόγου,
657 3209 826 3255 ταῦτα
879 3206 1048 3256 συνὼν
1101 3201 1237 3274 αύτῷ
1291 3202 1317 3254 6
1369 3206 1539 3274 Λόγος
1582 3202 1650 3265 εἰς
1691 3203 1871 3258 ἑαυτὸν

259 3287 466 3366 ἀνέφερε
487 3305 506 3323 ⁶
550 3286 649 3344 διὰ
681 3299 835 3344 τοῦτο
864 3296 958 3345 καὶ
990 3291 1017 3343 6
1047 3289 1207 3359 ἣλιος,
1248 3290 1378 3366 ὀρῶν
1407 3294 1496 3343 τόν
1544 3287 1871 3368 δημιουργόν

258 3379 420 3433 αὐτοῦ
443 3379 494 3433 ἐν
514 3389 589 3453 τῷ
607 3379 934 3454 ὑϐριζομένῳ
959 3384 1165 3453 σώματι
1185 3379 1516 3453 ἀνεχόμενον,
1540 3383 1634 3444 τὰς
1658 3380 1869 3446 ἀκτῖνας

260 3468 571 3541 συνέστειλε,
604 3475 696 3523 καὶ
725 3468 968 3523 ίσκότισε
994 3473 1090 3528 τὴν
1108 3469 1228 3541 γῆν.

481 3651 583 3701 Καὶ
614 3649 641 3700 ό
672 3646 919 3722 Θεολόγος
949 3649 1238 3722 Γρηγόριος
1281 3649 1416 3700 οὕτω
1445 3660 1576 3721 φησι
1598 3663 1612 3679 ο
1645 3654 1809 3702 Τοῦτο
1833 3649 1864 3708 ἡ

260 3738 546 3790 κενωθεῖσα
573 3738 767 3809 θεότης,
802 3746 956 3791 τοῦτο
1010 3738 1041 3795 ἡ
1080 3735 1479 3812 προσληφθεῖσα
1519 3736 1670 3811 σὰρξ,
1712 3738 1772 3791 ού
1800 3746 1864 3811 τῇ

261 3831 387 3901 πρὸς
421 3831 514 3881 τὸν
538 3831 663 3881 Θεὸν
692 3833 859 3900 Λόγον
889 3828 1070 3881 ἑνὼσει
1097 3829 1234 3879 κατὰ
1270 3831 1364 3886 τὴν
1419 3824 1705 3902 ἀνάκρασιν
1737 3847 1866 3901 συγ-

259 3917 511 3988 χυθξίσα,
538 3921 633 3969 καὶ
663 3917 735 3980 εἰς
761 3922 887 3989 μίαν
918 3915 1106 3969 οὐσίαν
1154 3913 1635 3983 ἀποτελευτῆσασα,
1678 3916 1737 3969 ού
1766 3919 1866 3992 γὰρ

262 4009 459 4079 φνριιόν
489 4007 521 4067 ἦ
570 4005 836 4080 ἀνάχυσιν
880 4008 911 4059 6
964 4010 1135 4078 Λόγος
1170 4009 1298 4081 πρὸς
1353 4010 1447 4065 την
1490 4005 1870 4082 ἁνθρωπότητα

263 4095 463 4163 ἔπαθεν,
516 4096 546 4156 ἦ
602 4099 932 4169 μετάστασιν
988 4098 1084 4153 την
1132 4094 1201 4156 si;
1265 4096 1386 4168 ὅπερ
1426 4094 1520 4147 ούκ
1574 4090 1656 4163 ἦν,
1716 4094 1864 4166 ἀλλὰ,

265 4191 541 4248 σῑηνώσας
579 4184 633 4238 ἓν
676 4187 825 4258 ἡμῖν,
857 4183 919 4238 οὗ
958 4185 1152 4257 μεθῆκε
1199 4187 1257 4236 τό
1302 4180 1471 4236 ἴδιον·
1525 4188 1778 4257 μεμένηκε
1809 4183 1869 4239 δὲ

265 4276 382 4348 ὅπερ
410 4272 494 4345 ἣν,
522 4279 613 4328 καὶ
651 4274 771 4327 καθ’
801 4276 986 4328 ἕνωσιν
1032 4276 1256 4345 φυσικὴν
1284 4280 1476 4325 νοεῖται
1515 4276 1584 4335 ὡς
1622 4274 1787 4350 ἕτερον
1819 4273 1867 4328 ἓν

1979 3112 2117 3165 tura
2138 3110 2301 3182 tangi
2322 3127 2445 3169 non
2474 3119 2698 3186 posset,
2743 3117 2981 3176 dicebat
3020 3124 3221 3179 tamen
3254 3139 3267 3178 :
3316 3146 3343 3176 «
3378 3127 3634 3184 Dorsum

1977 3212 2181 3254 meum
2219 3198 2358 3255 dedi
2404 3203 2930 3274 percutientibus‘.
2969 3230 2998 3259 υ
3045 3210 3188 3276 Quae
3232 3212 3393 3271 enim
3422 3215 3635 3275 huma-

1980 3284 2138 3342 nitas
2166 3287 2341 3345 Verbi
2369 3290 2729 3362 patiebatur,
2761 3295 2892 3352 haec
2945 3313 3084 3355 cum
3126 3315 3199 3358 ea
3242 3304 3636 3376 conjunctum

1979 3375 2242 3433 Verbum
2260 3376 2323 3434 in
2345 3394 2410 3437 se
2429 3379 2746 3440 referebat.
2769 3384 2995 3444 Idcirco
3025 3389 3133 3460 sol,
3174 3375 3427 3450 cernens
3456 3411 3636 3454 suum

1979 3465 2318 3524 Creatorem
2370 3468 2433 3526 in
2482 3485 2733 3544 corpore
2762 3472 2920 3531 male
2978 3477 3182 3536 habito
3213 3483 3634 3555 sustinentem,

1975 3553 2179 3611 radios
2204 3557 2464 3615 coercuit
2483 3565 2542 3616 et
2571 3565 2792 3619 terram
2821 3564 3081 3624 tenebris
3111 3572 3390 3642 contegit.

2049 3646 2138 3700 32.
2187 3646 2253 3702 Et
2289 3648 2609 3719 Gregorius
2658 3651 2997 3725 Theologus
3047 3657 3132 3715 sic
3175 3659 3478 3733 loquitur:
3511 3664 3633 3721 Hoc

1976 3732 2215 3805 privata
2245 3735 2558 3807 Divinitas,
2591 3739 2740 3798 illud
2793 3751 3112 3819 assumpta
3155 3732 3315 3821 caro,
3366 3767 3491 3809 non
3529 3768 3638 3827 per

1978 3838 2153 3880 suam
2183 3841 2325 3882 cum
2357 3829 2475 3885 Deo
2506 3830 2695 3888 Verbo
2738 3835 3026 3892 unionem
3074 3840 3464 3911 permistione
3494 3859 3634 3901 con-

1976 3910 2132 3981 fusa,
2161 3916 2218 3970 et
2255 3914 2317 3971 in
2374 3931 2564 3973 unam
2622 3919 3029 3979 substantiam
3077 3910 3432 3994 terminata;
3487 3933 3632 3997 (non

1978 4001 2140 4059 enim
2188 4003 2531 4063 mistionem
2586 4013 2689 4066 aut
2730 4011 3146 4071 confusionem
3203 4017 3460 4075 Verbum
3491 4036 3632 4078 cum

1976 4089 2354 4150 humanitate
2384 4110 2603 4167 passus
2650 4103 2761 4165 est,
2821 4105 2924 4157 aut
2960 4101 3021 4158 in
3052 4102 3114 4159 id
3157 4106 3322 4178 quod
3351 4123 3476 4165 non
3506 4114 3635 4170 erat

1978 4182 2459 4249 conversionem,
2482 4184 2585 4241 sed
2616 4185 2901 4246 habitans
2935 4192 2995 4246 in
3019 4192 3218 4264 nobis,
3249 4210 3373 4253 non
3392 4197 3633 4272 reliquit

1975 4269 2145 4342 quod
2174 4270 2285 4326 sibi
2330 4273 2647 4346 proprium
2684 4281 2831 4334 erat.
2864 4281 3193 4340 Permansit
3230 4290 3431 4344 autem
3463 4269 3633 4361 quod

266 4363 447 4437 ἑτέρῳ·
496 4368 772 4417 τουτέστιν
820 4365 851 4422 ἡ
912 4364 1028 4415 θεία
1078 4364 1234 4434 φύσις
1281 4359 1329 4413 ἐν
1377 4358 1758 4437 ἀνθρωπότητι,
1796 4368 1868 4437 μὴ

1981 4364 2123 4424 erat,
2153 4364 2212 4416 et
2239 4361 2576 4419 secundum
2606 4366 2944 4424 naturalem
2977 4372 3264 4429 unionem
3297 4358 3633 4449 concipitur

266 4457 501 4508 παθοῦσα
526 4462 722 4529 κρᾶσιν
761 4454 950 4507 ὁποίαν
988 4454 1020 4511 ἡ
1074 4460 1175 4505 τῶν
1218 4453 1387 4526 ὑγρῶν
1418 4453 1633 4514 ἓνωσις¹
1675 4453 1719 4506 εἰ
1762 4457 1865 4528 γὰρ

267 4549 529 4618 κέκρανται
567 4547 625 4597 αἱ
650 4546 857 4618 φύσεις,
922 4542 991 4602 εἰς
1046 4545 1169 4613 μίαν
1225 4539 1367 4614 μίξιν
1396 4540 1716 4614 ἑτεροούσιαὶ
1744 4560 1868 4616 τυγ-

268 4635 547 4702 χάνουσαι,
615 4629 738 4685 οὐδ’
806 4632 1036 4703 ὁποτέρα
1094 4629 1338 4695 σώζεται,
1409 4626 1517 4680 ἀλλ’
1579 4627 1866 4703 ἀμφότεραι

272 4725 614 4794 συγχυθεῖσαι
667 4721 1087 4795 ἠφανίσθησαν·
1139 4722 1227 4769 καὶ
1279 4720 1397 4770 οὔτε
1449 4721 1726 4793 χωρισμόν
1775 4717 1863 4772 ἀπ’

269 4808 471 4871 ἀλλήλων
496 4856 517 4886 ,
583 4815 707 4866 οὔτε
778 4807 1050 4882 διαίρεσιν
1115 4803 1457 4879 ἐπιδέχονται
1519 4811 1855 4880 amputat-am.

265 4905 537 4964 οῃ-μλθησαν
569 4900 633 4957 δνε
695 4898 921 4976 ἀρῥήτῳ
970 4901 1061 4948 καὶ
1122 4893 1371 4969 ἁφράστῳ
1419 4895 1576 4967 λόγῳ,
1617 4900 1709 4949 καί
1762 4904 1864 4949 τῶν

267 4988 407 5046 διπλῶ,
434 4994 681 5068 ἑκάτερον
728 4990 786 5043 έν
819 4996 897 5058 τῷ
953 4985 1179 5057 metu,»
1216 4988 1304 5038 τόν
1348 4993 1444 5047 τῆς
1494 4981 1632 5046 ἰδίας
1662 4988 1864 5057 φύσεως

263 5086 387 5149 σώζει
411 5085 562 5160 λόγον
587 5098 605 5115 ⁸
634 5081 759 5137 ἐπεὶ
789 5080 891 5131 καὶ
922 5074 995 5126 ὧν
1035 5074 1061 5126 6
1084 5072 1230 5147 λόγος
1267 5073 1372 5147 οὐχ
1399 5070 1470 5137 εἷς
1510 5076 1706 5126 τούτων
1736 5070 1862 5127 οὐδὲ

251 5173 438 5249 ἦγύσις
462 5180 585 5250 μία,
622 5173 774 5250 πρὸς
828 5160 994 5219 οὖδέν
1044 5162 1142 5215 ὕπὸ
1179 5171 1268 5225 τῆς
1313 5167 1444 5239 πρὸς
1496 5162 1693 5222 ἄλληλα
1733 5182 1861 5216 συν-

241 5234 433 5345 οςοὲαῆς-
456 5234 585 5324 ἐπὶ]
609 5234 875 5321 ἑνοισεως
936 5257 1241 5327 μειουμένης
1279 5254 1443 5310 αὐτῶν
1502 5259 1599 5318 τῆς
1628 5259 1859 5328 φυσικῆς

269 5491 288 5527 ⁸
318 5492 494 5553 Joan.
522 5498 684 5555 xvu,
727 5477 841 5532 23.
934 5467 959 5504 ‘
999 5463 1110 5524 Isa.
1136 5481 1189 5537 L,
1213 5471 1264 5526 6.

1977 4450 2043 4502 ut
2067 4446 2320 4505 alterum
2370 4449 2433 4506 in
2483 4451 2705 4521 altero;
2734 4453 2797 4511 id
2835 4462 2928 4514 est
2955 4457 3162 4517 divina
3190 4446 3494 4521 naturain
3522 4466 3632 4522 hu-

1975 4537 2288 4608 manitate,
2310 4554 2433 4595 non
2454 4542 2910 4613 permistionem
2942 4548 3246 4607 sustinens
3283 4552 3525 4624 qualem
3554 4554 3629 4611 li-

1975 4624 2301 4698 quidorum
2332 4629 2500 4688 unio.
2533 4631 2590 4687 Si
2611 4633 2771 4689 enim
2799 4637 3101 4707 permistae
3133 4645 3330 4699 essent
3375 4648 3626 4718 natura,

1976 4712 2037 4770 in
2067 4730 2190 4771 una
2232 4716 2484 4775 mistura
2527 4721 2922 4781 dissimilibus
2970 4727 3321 4787 substantiis
3361 4733 3634 4804 versatis,

1975 4807 2188 4860 neutra
2213 4812 2504 4878 servatur,
2554 4809 2662 4866 sed
2692 4811 2889 4870 ambae
2929 4816 3194 4875 confusu:
3233 4828 3628 4882 evanuerunt.

1975 4891 2045 4947 Et
2070 4907 2269 4967 neque
2317 4898 2714 4969 separa‘tionis
2765 4916 2964 4975 neque
3014 4904 3331 4965 divisionis
3369 4925 3628 4983 capaces

1975 4984 2116 5037 sunt
2145 4983 2463 5055 permistze.
2499 4987 2685 5044 Unitte
2717 4994 2856 5047 sunt
2890 4990 3182 5051 ineffabili
3230 5001 3288 5053 et
3337 4997 3631 5058 indicibili

1971 5069 2223 5141 ratione,
2246 5075 2304 5128 et
2329 5072 2693 5146 simplicium
2709 5082 3033 5154 utrumque
3053 5081 3115 5138 in
3137 5085 3470 5159 composito
3486 5103 3631 5160 pro-

1973 5158 2118 5231 priae
2142 5165 2375 5219 naturae
2395 5163 2692 5222 rationem
2730 5173 2956 5238 servat;
3006 5186 3267 5244 quorum
3312 5175 3473 5231 enim
3492 5158 3628 5233 non

1970 5252 2059 5306 est
2087 5264 2210 5308 una
2250 5251 2427 5321 ratio,
2476 5268 2687 5312 eorum
2735 5273 2859 5315 non
2905 5252 2993 5316 est
3041 5275 3167 5319 una
3197 5268 3437 5333 natura,
3474 5263 3625 5320 nihil
