4106 6296
487 221 558 282 o7
1831 211 2100 272 NlCET/E
2142 205 2506 270 caculam
3749 161 3848 260 ὀε

490 349 828 412 imminuta,
871 361 980 420 per
1028 346 1280 402 aliorum
1321 361 1460 401 cum
1508 343 1638 399 aliis
1691 353 2050 398 concursum
2085 342 2140 393 et

2265 339 2596 399 τελειότητοςο
2629 341 2696 397 ὡς
2750 341 2892 388 ἔστιν
2939 331 3066 386 ἰδεῖν
3113 337 3203 384 καὶ
3267 331 3352 383 ἐπὶ
3377 340 3468 390 τῆς
3499 331 3726 392 ἐνὼσεως
3753 339 3847 382 τοῦ

491 439 799 502 unionem,
845 451 1054 491 eorum
1099 435 1356 490 naturali
1400 433 1800 506 perfectione;
1847 437 1910 484 ut
1939 429 2140 484 videre

489 533 576 584 est
621 527 696 582 de
731 525 950 580 unione
999 525 1153 579 aeris
1199 529 1256 579 et
1307 523 1575 577 luminis.
1625 521 1932 576 Manifesta
1980 517 2140 571 enim

491 617 768 686 utrinque
800 613 1128 685 permansit
1167 612 1453 668 naturalis
1483 611 1839 682 proprietas,
1871 607 2011 660 nihil
2037 619 2144 676 per

492 705 776 760 unionem
811 703 979 758 laesa.
1005 705 1204 773 Neque
1221 702 1378 756 enim
1403 700 1606 754 lumen
1633 697 1862 767 aliquid
1897 713 2018 750 sum
2043 711 2144 749 na-

493 800 638 850 turm
669 794 870 849 amisit
895 808 1034 847 cum
1061 806 1196 846 aere
1251 789 1629 861 permistum,
1677 803 1874 858 neque
1905 800 2144 840 rursum

493 899 598 938 aer
623 885 682 938 in
719 881 960 954 prOpria
991 879 1338 934 substantias
1369 894 1494 932 suae
1545 877 1776 932 ratione
1807 874 2141 947 quidquam

493 988 714 1044 passus
746 977 854 1032 est,
895 985 966 1025 eo
993 969 1158 1040 quod
1185 969 1392 1023 lumen
1443 966 1755 1037 acceperit.
1791 964 1954 1020 Unde
1981 968 2036 1017 et
2064 961 2150 1016 di-

493 1062 684 1117 cimus
713 1075 960 1131 passum
975 1073 1105 1113 esse
1133 1055 1580 1111 Emmanuelem
1603 1055 1658 1108 in
1684 1070 1755 1108 ea
1771 1059 1986 1110 natura
2009 1066 2147 1122 quae

413 1213 426 1224 _
497 1150 622 1221 pati
651 1151 986 1220 poterat,et
1015 1146 1421 1217 permansisse
1459 1142 1892 1215 impassibilem
1931 1141 1992 1195 in
2042 1140 2148 1194 im-

491 1237 762 1310 passibili
799 1235 1130 1291 Divinitatis
1165 1234 1505 1289 substantia
1531 1251 1542 1296 ;
1569 1233 1713 1304 quia
1733 1232 1892 1286 aliud
1907 1235 1964 1284 et
1985 1227 2149 1283 aliud

492 1333 629 1382 sunt
658 1341 730 1380 ea
759 1341 833 1381 ex
863 1325 1083 1396 quibus
1109 1324 1408 1386 Christus;
1441 1329 1497 1376 et
1519 1322 1740 1392 patitur
1775 1319 2016 1390 quidem
2043 1318 2146 1371 hu-

491 1431 670 1471 mane
685 1421 924 1485 propter
938 1427 1206 1478 caroem,
1225 1412 1282 1464 in
1303 1416 1598 1481 quantum
1615 1415 1702 1462 est
1722 1409 1926 1474 homo;
1947 1406 2147 1460 divine

2251 427 2397 502 ἀέρος
2427 433 2514 480 καὶ
2539 435 2630 479 τοῦ
2663 431 2828 498 φωτός
2851 444 2862 455 ·
2897 423 3172 494 εἰλικρινὴς
3191 423 3292 492 γὰρ
3323 423 3352 478 ἡ
3384 421 3621 492 ἐκατέρου
3649 424 3844 490 φυσική

2251 522 2526 588 μεμένηκεν
2571 513 2792 574 ἰδιότης,
2835 510 3000 586 μηδὲν
3031 513 3129 562 ὑπό
3179 519 3274 571 τῆς
3322 510 3542 568 ἐνώσεως
3573 528 3848 582 παρατρω-

2253 610 2433 658 θεῖσα“
2483 609 2598 656 οὕτε
2655 608 2754 677 γὰρ
2811 607 2866 654 τό
2927 611 3030 672 φὼς
3076 599 3375 670 ἀπήμϐλυνέ
3423 618 3474 648 τι
3529 607 3620 658 τῆς
3663 597 3850 648 ἑαυτοῦ

2253 698 2448 765 φύσεως
2474 703 2544 762 τῷ
2593 692 2702 764 ἀέρι
2729 694 2940 762 μιχθὲν.
2971 693 3082 740 οὔτε
3126 687 3276 740 πάλιν
3319 691 3343 738 ό
3373 687 3470 759 ἀὴρ
3503 686 3568 746 εἱς
3599 689 3684 736 τόν
3711 683 3768 736 ’ίδ
3775 705 3850 736 ιον

2253 793 2346 844 τῆς
2400 783 2587 841 οὐσίας
2657 782 2872 832 πέπονθε
2925 779 3094 848 λόγον⁷
3137 779 3267 828 καθὸ
3311 775 3409 847 ἀὴρ
3479 774 3590 826 ἐστι
3629 777 3686 826 τὸ
3743 783 3850 844 φώς

2257 869 2564 942 δεξάμενος·
2601 871 2710 920 ὅθεν
2753 873 2843 919 καὶ
2873 869 3033 938 φαμεν
3063 867 3242 917 παθεῖν
3281 867 3367 915 τόν
3408 861 3738 934 Ἐμμανουήλ
3775 869 3854 930 τῷ

2253 965 2500 1031 πεφυκότι
2549 960 2872 1014 πεπονθέναι,
2933 961 3022 1006 καὶ
3060 955 3398 1026 μεμενηκέναι
3429 951 3601 1008 ἀπαθῆ
3637 959 3707 1018 τῷ
3737 956 3860 1000 κατ’

2255 1049 2438 1100 οὐσίαν
2453 1046 2640 1098 ἀπαθεῖ
2671 1054 2730 1102 τῆ
2745 1067 2764 1106 ς
2785 1047 3042 1103 θεότητος·
3065 1045 3142 1094 ὅτι
3165 1041 3286 1092 ἄλλο
3303 1045 3392 1092 καὶ
3413 1039 3534 1090 ἀλλο
3557 1041 3620 1090 τὰ
3645 1037 3698 1100 ἐξ
3727 1036 3796 1090 ὧν
3831 1039 3858 1089 ό

2255 1141 2524 1210 Χριστὸς·
2591 1139 2680 1186 καὶ
2719 1137 2922 1203 πάσχει
2980 1135 3066 1203 μεν
3125 1130 3457 1202 ἀνθρωπίνως
3513 1133 3688 1200 σαρκὶ,
3721 1129 3860 1178 καθὸ

2255 1227 2519 1299 ἄνθρωπος
2539 1242 2550 1254 ·
2588 1223 2793 1284 ἀπαθὴς
2825 1220 2884 1273 δέ
2914 1221 3025 1272 ἐστι
3053 1222 3252 1282 θεῖκώς,
3285 1221 3354 1278 ὡς
3385 1223 3536 1278 Θεός,
3564 1216 3674 1266 Οὐκ
3705 1213 3862 1276 ἀΰ).ος

2258 1312 2316 1366 δέ
2360 1314 2471 1365 ἐστι
2501 1318 2590 1364 καὶ
2621 1312 2789 1372 ἄλλος,
2835 1314 2903 1372 ως
2951 1307 3196 1367 ὴϐοᾶλετο
3241 1312 3540 1379 Νεστοριος,
3593 1306 3725 1356 οὕτω
3757 1304 3859 1361 λη-

2255 1413 2354 1474 ρῶν
2380 1420 2390 1431 ·
2427 1405 2452 1454 ό
2483 1408 2572 1474 μὲν
2621 1403 2801 1452 παθεῖν
2849 1403 3084 1469 πεφυκὼς
3113 1399 3316 1464 ἔπαθεν,
3349 1397 3374 1446 ὁ
3423 1391 3482 1446 δὲ
3521 1393 3728 1453 ἀπαθὴς
3758 1393 3860 1444 οὐκ

491 1509 692 1560 autem
720 1507 809 1556 est
829 1499 1312 1571 impassibilis.ut
1329 1503 1502 1552 Deus.
1525 1501 1646 1552 Non
1667 1497 1820 1550 alius
1837 1503 2036 1549 autem
2061 1499 2149 1548 est

2265 1494 2437 1544 ἔπαθεν
2469 1493 2532 1550 ὡς
2561 1497 2658 1543 Θεό
2669 1511 2710 1551 ς.

493 1597 551 1647 et
575 1591 744 1660 alius,
777 1595 841 1644 ut
877 1589 1118 1643 volebat
1155 1587 1475 1650 Nestorius,
1501 1586 1813 1656 hucusque
1843 1583 2143 1638 delirans:

491 1679 596 1752 qui
625 1679 704 1735 ad
733 1677 1085 1750 patiendum
1115 1680 1286 1731 natus
1315 1681 1461 1742 erat,
1489 1691 1706 1746 passus
1728 1679 1851 1741 est;
1893 1673 1995 1744 qui
2025 1669 2415 1742 impassibilis
2447 1673 2590 1738 erat,
2621 1681 2742 1721 non
2775 1679 2996 1736 passus
3019 1667 3124 1726 est,
3151 1665 3215 1716 ut
3241 1663 3414 1716 Deus.

1265 1839 3861 1870 _____________________..__—_————-———

1219 2047 1978 2192 NIGETXE
2079 2036 3140 2189 CHONlAT/E

1989 2321 2074 2373 EX
2113 2317 2317 2372 LIBRO
2363 2317 2402 2369 X

1031 2496 1778 2618 THESAURI
1860 2492 2806 2616 OllTHODOXi’E
2887 2487 3323 2606 FlDEl.

507 2973 594 3028 De
617 2971 828 3042 quinta
855 2969 1103 3040 synodo,
1137 2982 1268 3039 qum
1299 2975 1574 3037 quartam
1608 2966 1902 3036 synodum
1933 2967 2151 3034 con/ir-

2265 2971 2388 3038 Περι
2413 2972 2507 3023 τῆς
2531 2967 2772 3034 πέμπτης
2806 2955 3051 3024 συνόδου,
3083 2959 3198 3017 ἥτις
3227 2959 3319 3012 τὴν
3357 2954 3604 3026 τετάρτην
3639 2947 3868 3003 σύνοδον

576 3061 763 3116 mavit
791 3065 844 3114 et
875 3057 1187 3127 stabilivit,
1217 3062 1542 3112 convocata
1563 3055 1672 3110 sub
1699 3056 1944 3124 imperio
1975 3055 2154 3110 Justi-

577 3150 768 3205 niani.

583 3279 633 3329 l.
675 3274 754 3328 De
775 3273 869 3328 his
889 3288 1023 3344 qua
1055 3276 1383 3327 evenerunt
1411 3272 1612 3327 statim
1649 3275 1785 3342 post
1807 3271 2070 3326 Dioscori
2099 3275 2155 3326 et

509 3361 792 3432 Eutychis
824 3360 1264 3432 depositionem
1302 3365 1359 3415 et
1393 3365 1530 3431 post
1571 3359 1788 3414 lectam
1819 3361 1880 3414 in
1919 3360 2154 3431 synodo

507 3456 564 3508 et
594 3448 874 3505 traditam
897 3449 1254 3503 sanctissimi
1283 3463 1456 3520 papae
1486 3448 1736 3503 Romani
1783 3449 1988 3504 Leonis
2036 3449 2156 3521 epi-

508 3539 752 3596 stolam.
799 3535 1303 3594 Chalcedonensis
1351 3553 1522 3592 sacra
1578 3543 1636 3592 et
1689 3537 1894 3592 divina
1939 3545 2156 3610 quarta

507 3627 782 3698 synodus
831 3625 1081 3681 sancivit
1119 3641 1185 3680 se
1238 3625 1321 3680 ita
1357 3625 1598 3680 credere
1641 3631 1698 3681 et
1751 3626 2020 3682 conﬁteri
2049 3631 2155 3682 Do-

507 3715 740 3772 minum
794 3719 1066 3770 nostrum
1119 3715 1320 3768 Jesum
1361 3713 1664 3770 Christum
1721 3715 1782 3769 in
1846 3715 2156 3780 Divinitate

507 3803 840 3876 perfectum
865 3807 924 3859 et
951 3801 1013 3858 in
1049 3801 1424 3858 humanitate
1453 3803 1804 3874 perfectum,
1827 3803 1887 3859 in
1918 3804 2157 3859 duabus

507 3894 735 3950 naturis
759 3892 1067 3960 cognitum
1101 3891 1415 3946 inconfuse
1467 3897 1528 3947 et
1580 3891 1853 3960 indivise,
1887 3899 1942 3948 et
1966 3909 2158 3948 unum

507 3981 792 4039 eumdem
841 3981 1052 4036 Filium
1097 3979 1368 4036 conﬁteri
1399 3987 1462 4036 ut
1491 3987 1628 4036 ante
1657 3981 2154 4047 incarnationem,

507 4071 592 4126 sic
644 4075 782 4142 post
839 4070 1333 4125 incarnationem.
1405 4073 1762 4126 Naturarum
1825 4070 2159 4126 differentia

507 4158 754 4214 minime
784 4161 922 4228 post
948 4158 1232 4212 unionem
1257 4157 1516 4226 sublata,
1551 4163 1786 4214 servata
1825 4163 2028 4214 autem
2055 4175 2157 4230 po-

508 4247 626 4302 tius
651 4251 707 4300 et
752 4250 1142 4300 concurrente
1188 4246 1247 4300 in
1297 4261 1480 4301 unam
1523 4263 1846 4318 personam
1878 4253 1934 4302 et
1973 4264 2157 4302 unam

508 4333 916 4407 hypostasim;
973 4331 1133 4388 unde
1183 4336 1424 4388 Patrum
1483 4317 1905 4408 unusquisque
1971 4336 2159 4392 multa
2192 4317 2235 4370 D

507 4422 734 4494 precati
753 4421 1098 4492 imperatori
1121 4422 1414 4478 Marciano
1439 4422 1500 4478 in
1517 4425 1792 4495 proprias
1813 4425 2156 4496 provincias

505 4509 759 4568 rediere.

580 4603 637 4656 2.
669 4596 883 4655 Classis
922 4601 1126 4653 autem
1171 4614 1308 4669 quas
1355 4597 1714 4658 Alexandria
1743 4603 2156 4658 Constantino-

511 4687 700 4762 polim
729 4685 1134 4742 descendebat
1165 4702 1304 4742 eum
1337 4687 1618 4743 Dioscoro
1640 4689 1820 4759 hujus
1847 4691 2010 4746 urbis
2029 4691 2159 4762 epi-

511 4791 698 4848 scopo
719 4781 776 4831 et
794 4775 1242 4846 chorepiscopis
1273 4776 1374 4847 qui
1397 4776 1511 4832 sub
1541 4778 1670 4848 ejus
1693 4783 1980 4849 potestate
1993 4783 2164 4834 erant

513 4865 803 4922 seditione
857 4864 1052 4920 excita
1104 4864 1326 4920 multas
1368 4873 1652 4937 operatur
1689 4868 1886 4923 caedes
1949 4885 2161 4924 eorum

511 4953 618 5026 qui
667 4953 761 5010 sui
817 4951 1086 5025 episcopi
1141 4953 1403 5010 Dioscori
1436 4953 1798 5028 depositioni
1841 4961 1900 5012 et
1953 4957 2161 5012 exsilio

511 5045 963 5110 consenserant,
993 5042 1116 5098 suis
1171 5041 1406 5098 actibus
1437 5045 1808 5118 conﬁrmans
1848 5045 2161 5100 violentio-

511 5146 640 5187 rem
671 5131 808 5202 igne
835 5147 964 5186 esse
985 5131 1267 5188 navalem
1289 5131 1782 5188 inobedientiam.
1814 5134 1928 5190 Sed
1957 5140 2014 5189 et
2057 5133 2164 5190 Pa-

513 5219 816 5276 laestinasis
855 5220 1152 5292 episcopis
1190 5221 1702 5294 Constantinopoli
1740 5222 2164 5280 commoranti-

511 5310 654 5378 bus,
677 5309 959 5365 monachi
989 5309 1238 5382 quidam
1269 5310 1672 5366 Theodosium
1698 5311 2029 5383 quemdam
2059 5327 2163 5368 au-

514 5403 742 5456 ctorem
774 5399 980 5464 secuti,
1003 5397 1276 5455 Ecclesiae
1297 5416 1516 5472 corpus
1539 5402 1808 5455 scindere
1832 5406 2160 5472 cceperunt,

516 5495 573 5545 et
601 5487 1023 5545 indivisibilem
1053 5490 1183 5560 ejus
1214 5489 1480 5545 tunicam
1523 5489 1893 5561 diffringere,
1925 5495 1981 5546 et
2008 5490 2164 5563 epis-

2333 3053 2622 3124 ἐπεκύρωσε
2684 3054 2770 3101 καὶ
2827 3050 3088 3120 ἐκράτυνε,
3154 3043 3576 3116 συγκροτηθείσα
3627 3038 3709 3090 ἐπὶ
3765 3046 3870 3100 τῆς

2337 3141 2612 3216 βασιλείας
2646 3141 3037 3192 Ἰουστινιανοῡ.

2335 3267 2398 3318 α’.
2431 3270 2555 3338 Περὶ
2588 3272 2687 3316 τὼν
2722 3261 3026 3333 συμϐάντων
3057 3259 3189 3330 μετὰ
3225 3259 3314 3312 τὴν
3341 3255 3644 3324 καθαίρεσιν
3671 3249 3874 3302 αὐτίκα

2263 3365 2354 3409 τοῦ
2387 3359 2668 3428 Διοσκόρω.)
2727 3357 2816 3402 καὶ
2874 3349 3149 3419 Εὐτυχούς
3196 3349 3284 3396 καὶ
3332 3347 3423 3401 τήν
3491 3341 3574 3393 ἐπὶ
3633 3335 3869 3391 συνόδου

2267 3445 2555 3516 ἀνάγνωσιν
2579 3447 2667 3493 καὶ
2687 3435 2985 3514 παράδοσιν
3017 3444 3106 3494 τῆς
3145 3431 3423 3490 ἐπιστολῆς
3447 3437 3538 3482 τοῦ
3565 3429 3868 3500 ἁγιωτάτων

2264 3536 2413 3586 πάπα
2439 3533 2640 3603 Ῥώμης
2693 3535 2924 3586 Λέοντος.
2957 3525 3015 3576 Ἠ
3061 3526 3148 3595 μὲν
3189 3517 3273 3573 οὖν
3315 3518 3361 3571 ἐν
3415 3513 3716 3572 Χαλκηδόνι
3749 3517 3874 3588 ἱερὰ

2263 3627 2354 3674 καὶ
2385 3625 2497 3674 θεία
2548 3621 2767 3691 τετάρτη
2819 3611 3041 3674 σύνοδος
3091 3613 3376 3682 κεκύρωκεν
3433 3607 3568 3658 οὕτω
3619 3601 3870 3666 δοξάζειν

2265 3716 2354 3764 καὶ
2401 3709 2665 3781 ὁμολογεῖν
2721 3709 2807 3758 τόν
2867 3706 3056 3774 Κύριον
3104 3702 3249 3767 ἡμῶν
3296 3697 3501 3753 Ἰησοῦν
3543 3694 3768 3767 Χριστὸν
3815 3690 3872 3744 ἐν

2269 3803 2472 3856 θεότητι
2525 3797 2708 3850 τέλειον
2758 3799 2848 3844 καὶ
2899 3791 2946 3843 ἐν
2998 3789 3359 3860 ἀνθρωπότητι
3410 3783 3618 3849 τέλειον,
3649 3779 3698 3832 ἐν
3763 3775 3875 3831 δύο

2267 3893 2455 3960 φύσεσι
2476 3885 2852 3958 γνωριζόμενον
2895 3879 3215 3950 ἀσυγχύτως
3253 3877 3342 3926 καὶ
3397 3869 3726 3944 ἀδιαιρέτως,
3771 3873 3876 3920 καὶ

2267 3979 2460 4030 ἔνατόν
2489 3976 2640 4028 αὐτόν
2682 3975 2792 4024 υἱόν
2833 3969 3097 4042 ὁμολογεῖν
3147 3969 3210 4025 ὡς
3257 3967 3357 4038 πρό
3394 3969 3489 4022 τῆς
3545 3960 3876 4029 ἑνανθρωπ-ἠ-

2269 4085 2392 4126 σεως
2443 4071 2531 4117 καὶ
2571 4067 2696 4136 μετα
2739 4067 2832 4118 τήν
2882 4059 3270 4129 ένανθρὼπησιν
3301 4073 3312 4085 ’
3363 4059 3456 4112 τῆς
3515 4057 3613 4099 τῶν
3662 4048 3876 4117 φύσεων

2268 4155 2520 4229 διαφορᾶς
2551 4149 2798 4222 οὐδαμῶς
2827 4147 3150 4220 ἀνῃρημένης
3181 4144 3312 4214 μετὰ
3337 4145 3429 4196 τὴν
3459 4139 3656 4206 ἕνωσιν,
3691 4133 3877 4193 σωζο-

2267 4251 2423 4318 μένης
2454 4241 2513 4296 δε
2540 4241 2728 4316 μᾶλλον
2760 4243 2848 4290 καὶ
2881 4235 3276 4308 συντρεχούσης
3307 4229 3377 4289 εἰς
3403 4227 3450 4279 ἐν
3475 4229 3750 4296 πρόσωπον
3772 4227 3876 4275 καὶ

2267 4341 2390 4409 μίαν
2421 4335 2714 4386 ὑπόστασιν
2736 4351 2748 4362 ’
2782 4330 2892 4380 ὅθεν
2923 4331 3014 4376 καὶ
3043 4332 3142 4373 τὼν
3184 4324 3421 4392 Πατέρων
3455 4317 3671 4374 ἕκαστος
3699 4311 3877 4364 πολλὰ

2265 4432 2356 4477 τοῦ
2387 4421 2646 4495 βασιλέως
2675 4415 3073 4492 ὑπερενξάμενοι
3099 4413 3423 4484 Μαρκιανοῦ,
3457 4405 3528 4466 εἰς
3555 4405 3642 4462 τὰς
3674 4404 3876 4463 οικείας

2267 4513 2525 4586 ἐπαρχίας
2557 4509 2865 4580 ἀπέτρεχόν.

2341 4599 2410 4673 β’.
2443 4599 2514 4653 Τὸ
2561 4595 2620 4650 δὲ
2669 4597 2722 4649 ἐκ
2761 4603 2856 4654 τῆς
2895 4583 3282 4659 Ἀλεξανδρείας
3318 4584 3558 4635 ναυτικόν
3589 4579 3613 4631 ὁ
3643 4585 3876 4652 κατῆρεν

2268 4690 2336 4752 εἰς
2406 4681 2947 4742 Κωνσταντιτοὺπολιν
2998 4680 3108 4750 ἅμα
3173 4676 3438 4744 Διοσκόρῷ
3496 4677 3566 4740 τῷ
3623 4675 3716 4727 τῆς
3771 4671 3876 4718 πό-

2267 4781 2390 4841 λεως
2445 4781 2644 4838 ταύτης
2707 4775 2977 4840 ἐπισκοπῳ
3037 4772 3126 4818 καὶ
3177 4772 3282 4824 τοῖς
3333 4764 3432 4814 ὑπὸ
3493 4763 3580 4816 τὴν
3647 4757 3878 4830 ἐπικρά-

2269 4888 2407 4921 τειαν
2467 4866 2627 4918 αὐτόν
2685 4865 3108 4935 χωρεπισκόποις
3164 4853 3459 4906 στασιάσαν
3513 4845 3726 4904 πολλοὺς
3793 4844 3882 4918 έρ-

2269 4957 2488 5028 γάξεται
2535 4959 2718 5027 φόνους
2763 4960 2862 5002 τῶν
2917 4955 2977 5019 τῇ
3026 4947 3328 5015 καθαιρέσει
3383 4941 3472 4989 καὶ
3525 4935 3694 5008 ἐξορίᾳ
3745 4953 3882 4984 συν-

2271 5047 2580 5098 αινεσάντων
2624 5049 2716 5094 τοῦ
2775 5043 2944 5114 ἱερέως
2996 5042 3134 5106 σφῶν
3173 5038 3266 5082 τοῦ
3321 5029 3625 5099 Διοσκόρου,
3660 5041 3713 5073 εκ
3769 5029 3882 5072 τῶν

2271 5137 2432 5209 ἔργων
2499 5133 2657 5184 αὑτοῦ
2701 5131 3040 5198 πιστούμενοι
3099 5119 3518 5194 δραστικωτέραν
3585 5107 3715 5163 εἶναι
3777 5129 3888 5162 πυ-

2271 5227 2357 5298 ρός
2399 5218 2748 5274 ἀπαιδευσίαν
2813 5221 2904 5276 τὴν
2961 5215 3231 5266 ναυτικήν.
3294 5204 3449 5258 Ἀλλὰ
3519 5205 3608 5252 καὶ
3663 5207 3764 5250 τῶν
3817 5217 3882 5251 εχ

2273 5311 2624 5369 Παλαιστίνης
2700 5310 2867 5378 ἱερέων
2935 5295 3366 5372 ἐνδιατρίϐόντων
3431 5293 3506 5342 ἔτι
3579 5295 3642 5360 τῇ
3723 5291 3882 5338 Κων-

2277 5397 2695 5453 σταντινουπό).ει
2729 5437 2742 5462 ,
2801 5397 2930 5452 τινες
2983 5399 3082 5440 των
3139 5391 3384 5459 μοναχών
3415 5425 3428 5448 ,
3479 5381 3686 5450 ἔχοντές
3755 5394 3886 5428 τινα

2273 5485 2558 5542 Θεοδόσιον
2623 5485 2846 5557 ἔξαρχον
2913 5480 3101 5545 αὐτῶν,
3143 5474 3366 5550 ἤρξαντο
3403 5472 3462 5520 τὸ
3517 5473 3614 5527 τῆς
3653 5463 3882 5523 Enim-
