4106 6296
234 174 286 227 69

1617 166 1962 229 THESAUPJ
2000 173 2135 231 LIB.
2182 168 2246 230 Χ.

3546 163 3618 230 70

248 305 338 358 σίας
386 304 544 368 σῶμα
597 292 872 368 διαστᾷν,
947 304 1036 352 καὶ
1088 300 1272 351 ἄλυτον
1340 301 1502 360 αὐτῆς
1541 306 1745 369 χιτῶνα
1776 293 1856 349 δι-

1974 312 2180 367 scopos
2209 297 2314 368 qui
2363 297 2601 368 synodo
2652 297 2974 354 adfuerant
3011 299 3514 356 anathematizare
3563 303 3622 356 et

252 385 546 457 atem-am,
595 389 695 435 καὶ
765 389 897 446 τοὺς
978 387 1028 438 ἐν
1111 395 1171 458 τῇ
1261 383 1464 456 συνόδῳ
1539 389 1856 444 ἐπισκόπους

258 474 647 545 ἀναθεματίζειν,
709 480 806 524 καὶ
869 473 1077 548 ἐτέρους
1127 485 1441 547 χειροτονεῖν
1499 474 1605 525 ἀντ’
1663 474 1848 525 αὐτῶν·

260 565 536 635 φημίζοντες
597 565 671 623 ὡς
738 565 770 620 ἡ
858 561 1085 626 σύνοδος
1145 565 1373 639 ἐκύρωσε
1437 570 1526 615 καὶ
1568 563 1855 616 ἀνεκαίνισε

257 657 302 703 τό
339 657 624 716 Νεστοοίου
687 649 893 723 δόγμα,
951 656 1208 726 προφάσει
1268 662 1362 713 τῆς
1437 649 1624 712 δυῑκῆς
1691 660 1855 724 φωνῆς

1381 744 1492 794 ὅθεν
1576 739 1854 792 κατέλαϐον

253 836 406 882 πᾶσαν
461 835 561 887 τήν
630 829 994 887 Παλαιστίνην
1045 836 1130 882 καὶ
1183 833 1472 901 Αἴγυπτον,
1535 835 1625 881 καὶ
1693 832 1758 880 τὰ
1805 827 1853 880 ἐν

258 750 336 792 τῶν
371 744 571 812 1φύσεων
641 749 798 793 τοῦτο
876 747 1306 814 τερατευόμενοι·

358 917 534 990 ἐρήμῳ
583 924 938 993 μοναστὴρια·
996 923 1087 970 καὶ
1127 923 1193 971 τὰ
1241 919 1460 972 πλεῖστα
1515 922 1708 971 τούτων
1757 937 1855 970 παι

255 1011 481 1080 ρέπεισαν
513 1011 586 1078 μή
632 1004 896 1079 δέχεσθαι
938 1009 1004 1060 τὰ
1045 1011 1339 1082 κυρωθέντα
1375 1009 1519 1082 παρὰ
1550 1012 1641 1067 της
1677 1009 1856 1079 τετάρ-

253 1116 340 1156 της
369 1092 617 1150 συνόδου.

316 1260 385 1309 γ.
441 1239 699 1310 Διελαμπε
753 1235 813 1290 δὲ
871 1246 981 1300 τοῖς
1030 1239 1194 1292 ἐκεῖσε
1258 1244 1369 1292 τότε
1426 1244 1632 1312 μέρεσιν
1697 1241 1722 1290 ό
1771 1238 1856 1290 ἐπ-

256 1330 440 1399 ώνυμος
506 1326 586 1378 ἐπ’
643 1327 797 1398 αρετῇ
853 1335 1034 1401 Πατὴρ
1094 1331 1238 1400 ἡμῶν
1303 1329 1589 1400 Εὗθύμιος,
1645 1328 1695 1388 ὃς
1767 1332 1854 1379 καὶ

253 1425 338 1476 τῆς
393 1413 718 1477 κακοδοξίας
777 1425 879 1467 τῶν
955 1417 1208 1469 πλείστών
1285 1416 1484 1475 ἀπέστη
1562 1421 1691 1490 μετά
1764 1422 1854 1468 καὶ

253 1513 345 1556 τῶν
394 1509 489 1556 σὺν
536 1505 678 1575 αὐτῷ
744 1514 1010 1576 μοναχών·
1068 1502 1341 1578 δεξάμενος
1388 1509 1486 1580 γὰρ
1542 1510 1628 1558 τὸν
1689 1505 1736 1557 ἐν

255 1589 454 1664 συνόδῳ
538 1592 898 1664 ἓκφωνηθέντα
971 1596 1111 1667 ὅρον,
1185 1602 1424 1666 συνεῖχεν
1506 1595 1690 1655 αὐτοὺς
1764 1599 1855 1647 καὶ

249 1687 498 1742 παντοίως
560 1681 824 1756 ἐπεχείρει
877 1685 1072 1735 πείθειν
1146 1686 1210 1744 ὡς
1283 1687 1488 1757 ἔννομον
1541 1687 1572 1742 ἡ
1639 1681 1856 1744 σύνοδος

250 1776 334 1822 καὶ
364 1771 523 1845 ὀρθὴν
567 1773 856 1828 ἐποιήσατο
912 1777 1008 1829 τὴν
1065 1781 1163 1824 τῶν
1221 1770 1318 1825 δύο
1376 1777 1576 1845 φύσεων
1628 1772 1854 1845 ἐκφωνη-

249 1879 351 1927 σιν,
398 1864 490 1912 καὶ
547 1860 764 1920 πολλοὺς
823 1859 1072 1933 ἀπηλειφε
1135 1867 1224 1914 καὶ
1289 1863 1671 1936 παρεσκεύαζεν
1719 1864 1855 1914 οὕτω

250 1957 464 2020 ορονείν.
513 1949 600 2009 Ὠς
657 1945 717 2000 δὲ
793 1952 852 2000 τό
933 1955 1093 2002 κακόν
1150 1951 1298 2003 πλέον
1365 1951 1650 2024 ἐπενέμετο,
1711 1957 1856 2026 χειρὶ

246 2045 302 2094 τε
314 2057 338 2097 ς
411 2035 712 2109 βασιλίσση
723 2057 744 2098 ς
817 2034 1074 2098 Εὑδοκίας

248 2124 410 2177 ἐκεῖσε
465 2130 587 2197 περὶ
645 2130 766 2187 τοὺς
825 2124 1009 2196 ἁγίους
1049 2133 1239 2188 τόπους
1293 2124 1695 2200 διατριϐούσηςν
1741 2147 1860 2179 aw-

1168 2039 1402 2109 μάλιστα
1484 2044 1856 2113 κρατυνόμενον

245 2215 530 2286 ταξάμενος
585 2220 678 2266 καὶ
734 2216 1086 2287 παραγγείλας
1159 2224 1268 2277 τοῖς
1346 2217 1530 2269 ἑαυτοῦ
1607 2225 1859 2290 μοναχοῖς

245 2311 314 2373 μὴ
356 2311 681 2361 κοινωνῆσαι
736 2312 798 2376 τῇ
858 2302 1151 2376 κακοδοξίᾳ
1224 2301 1532 2374 Θεοδοσίου,
1586 2304 1861 2378 ἀπεδήμη-

249 2411 332 2444 σεν
364 2393 414 2444 ἐν
459 2400 525 2464 τῇ
573 2392 773 2466 ἐρήμῳ.
832 2394 958 2446 Μετ’
1015 2396 1074 2446 οὐ
1116 2395 1244 2447 πολὺ
1276 2391 1336 2446 δὲ
1373 2400 1724 2470 γνωρίσαντος
1773 2397 1864 2448 αὐ-

250 2489 340 2532 τοῦ
398 2489 459 2553 τῇ
523 2477 760 2554 Eudoxio;
819 2487 912 2540 τὴν
961 2486 1341 2558 φανερωθεῖσαν
1412 2487 1554 2557 αὐτῷ
1611 2485 1666 2538 ἐκ
1727 2493 1862 2539 Θεοῦ

247 2573 576 2641 μετάστασιν
645 2571 811 2633 αὐτῆς
884 2572 939 2624 ἐκ
1023 2582 1112 2625 τοῦ
1188 2582 1460 2650 σώματος,
1539 2577 1730 2638 ἐκείνης
1810 2597 1864 2630 τε

245 2659 538 2731 mnam;
592 2656 690 2711 διὰ
754 2662 820 2712 τὰ
883 2660 1157 2732 συμϐάντα
1217 2664 1264 2716 ἐν
1318 2665 1487 2740 Ῥώμῃ
1559 2664 1704 2719 δεινὰ
1763 2676 1863 2718 τῶν

451 2757 721 2819 συγγενῶν
766 2747 932 2802 ἐκεῖσε
979 2751 1528 2826 αἰχμαλωτισθέντων,
1572 2761 1660 2808 καὶ
1699 2764 1866 2807 ταῦτα

245 2836 484 2906 ὴοντός
535 2838 700 2889 αὐτοῦ
763 2834 857 2889 διὰ
918 2844 1013 2897 τὴν
1075 2843 1319 2914 αἱρέσεως
1389 2850 1653 2896 κοινωνίαν
1717 2844 1864 2896 ἐπεν-

245 2926 470 2994 εχθῆναι
541 2925 676 2997 αὐτῇ
737 2929 873 2978 κατὰ
923 2930 1063 2980 θείαν
1125 2940 1495 3005 συγχώρησιν,
1553 2936 1762 2990 κάκείνη
1813 2952 1866 2985 τε

1963 384 2112 440 alios
2162 401 2272 456 pro
2320 385 2431 440 illis
2487 385 2812 455 ordinare;
2876 387 3260 458 divulgantes
3311 390 3620 460 synodum

1963 474 2354 528 confirmasse
2378 480 2433 529 et
2462 491 2782 530 renovasse
2814 476 3063 531 Nestorii
3101 476 3460 546 doctrinam,
3511 475 3618 532 du-

1964 562 2131 633 plicis
2183 567 2533 618 naturarum
2588 565 2753 618 vocis
2805 570 3093 634 praatextu
3150 566 3266 620 hoc
3313 565 3614 634 ﬁngente;

1965 650 2123 706 unde
2154 651 2477 707 astrinxere
2511 657 2698 708 totam
2726 652 3100 709 Palaestinam
3131 659 3187 709 et
3231 656 3530 726 Egyptum
3562 659 3620 709 et

1961 755 2098 811 quia
2128 740 2188 794 in
2219 739 2456 796 deserto
2472 749 2636 796 erant
2659 742 3054 809 monasteria;
3081 748 3138 798 et
3158 742 3458 815 plerisque
3485 758 3616 815 per-

1964 834 2281 884 suaserunt
2311 845 2383 884 ne
2416 833 2747 903 reciperent
2778 846 2850 886 ea
2889 847 3026 903 quae
3056 847 3092 888 a
3127 837 3342 904 quarta
3374 833 3616 904 synodo

1964 917 2194 972 sancita
2224 924 2414 975 erant.

2036 1246 2088 1298 3.
2129 1240 2316 1296 Illuxit
2362 1246 2566 1296 autem
2618 1242 2742 1296 suis
2795 1240 3068 1313 partibus
3125 1241 3212 1296 vir
3258 1241 3364 1313 qui
3405 1256 3473 1296 ex
3508 1256 3619 1297 sua

1964 1331 2177 1386 virtute
2218 1331 2678 1398 cognominatus
2727 1336 2816 1384 est
2866 1331 3242 1400 Euthymius,
3291 1331 3464 1386 Pater
3504 1345 3619 1384 no-

1965 1424 2098 1489 ster,
2130 1419 2231 1490 qui
2263 1424 2318 1473 et
2361 1435 2433 1473 ex
2481 1418 2594 1473 hac
2633 1417 2793 1473 mala
2840 1417 3110 1473 doctrina
3159 1433 3294 1473 cum
3342 1420 3466 1473 suis
3494 1434 3624 1473 mo-

1963 1507 2172 1563 nachis
2217 1506 2555 1563 declinavit.
2606 1511 2927 1579 Postquam
2977 1507 3138 1561 enim
3171 1508 3400 1579 accepit
3427 1506 3625 1562 decla-

1963 1603 2158 1653 ratam
2217 1613 2254 1652 a
2311 1596 2547 1667 synodo
2596 1595 3029 1661 definitionem,
3080 1611 3185 1650 eos
3235 1593 3626 1666 congregavit

1964 1693 2022 1740 et
2051 1685 2217 1740 omni
2249 1685 2433 1740 modo
2462 1684 2577 1740 illis
2617 1685 2978 1754 persuadere
3016 1686 3261 1741 tentavit
3312 1685 3624 1758 synodum

1962 1774 2294 1846 legitimam
2343 1781 2400 1830 et
2442 1780 2667 1830 rectam
2705 1775 2863 1830 hanc
2908 1773 3322 1830 deﬁnitionem
3355 1791 3625 1847 pronun-

1963 1865 2161 1933 tiasse,
2217 1869 2273 1919 et
2329 1863 2551 1918 multos
2611 1863 2989 1934 praemunivit
3041 1863 3394 1935 induxitque
3425 1871 3490 1920 ut
3538 1866 3624 1923 sic

1965 1951 2296 2008 crederent.
2338 1952 2484 2005 Cum
2524 1957 2726 2005 autem
2763 1949 2910 2005 illud
2950 1949 3176 2005 malum
3206 1952 3622 2016 invalesceret,

1966 2042 2045 2096 ab
2066 2041 2442 2111 imperatrice
2465 2039 2732 2094 Eudoxia
2752 2039 3085 2110 praesertim
3103 2040 3458 2096 roboratum
3483 2047 3626 2098 tunc

1967 2130 2252 2201 temporis
2281 2128 2397 2183 illic
2427 2143 2614 2199 prope
2643 2127 2777 2182 loca
2821 2135 3034 2182 sancta
3083 2127 3361 2197 degente,
3396 2145 3627 2201 praece-

1968 2220 2053 2291 pit
2082 2219 2206 2273 suis
2233 2217 2546 2273 monachis
2577 2232 2802 2289 eosque
2851 2215 3123 2272 hortatus
3176 2222 3265 2271 est
3323 2232 3396 2273 ne
3450 2218 3627 2275 malae

1968 2308 2285 2364 Theodosii
2309 2306 2597 2362 doctrinae
2620 2307 3158 2373 communicarent,
3177 2307 3543 2380 recessitque
3567 2308 3626 2363 in

1970 2398 2297 2453 desertum.
2341 2396 2522 2452 Paulo
2551 2399 2687 2468 post
2715 2401 2916 2450 autem
2955 2412 3093 2450 cum
3135 2396 3416 2452 Eudoxim
3445 2414 3518 2453 ex
3539 2397 3626 2453 di-

1970 2487 2113 2542 vina
2159 2486 2518 2541 revelatione
2571 2485 2759 2556 ipsius
2804 2485 3222 2554 migrationem
3253 2502 3326 2542 eo
3353 2501 3625 2559 corpore,

1972 2575 2138 2631 brevi
2160 2574 2423 2631 futuram
2455 2574 2838 2643 declarasset,
2868 2573 3089 2646 illaque
3108 2575 3340 2631 tristitia
3362 2575 3629 2632 afﬁcere-

1973 2670 2069 2719 tur
2090 2669 2334 2736 propter
2381 2663 2860 2736 propinquorum
2909 2663 3069 2719 mala
3098 2664 3201 2735 qui
3241 2667 3442 2720 Romae
3471 2664 3628 2721 bello

1973 2753 2129 2823 capti
2160 2757 2349 2821 erant,
2376 2752 2719 2822 diceretque
2749 2767 2821 2807 ea
2850 2756 3095 2823 propter
3121 2752 3252 2822 ejus
3283 2768 3421 2807 cum
3446 2753 3635 2809 haere-

1975 2843 2104 2898 ticis
2145 2841 2658 2908 communionem,
2701 2841 2820 2895 Deo
2868 2841 3266 2912 permittente.
3313 2841 3629 2911 accidisse,

1973 2931 2193 3003 illaque
2232 2947 2306 2986 ex
2340 2931 2452 2984 hac
2508 2929 2721 2985 haeresi
2777 2929 3025 2996 abstitit,
3082 2933 3140 2984 et
3169 2929 3249 2984 ad
3273 2929 3564 2998 dogmata
3593 2945 3632 2986 a

246 3021 336 3073 ﬁt;
384 3017 638 3074 τοιαύτης
678 3013 880 3074 ἀπέστη
938 3019 1200 3089 αἱρέσεως,
1251 3026 1339 3072 καὶ
1395 3030 1505 3084 τοῖς
1555 3025 1865 3096 κυρωθεῐσιν

1977 2994 2211 3092 synodo
2242 3018 2600 3073 conﬁrmata
2644 3018 2835 3080 rediit,
2877 3022 2935 3072 et
2983 2994 3300 3072 Theodosii
3342 2994 3632 3086 dogmata

248 3102 346 3152 ὑπὸ
387 3112 484 3164 τῆς
545 3100 779 3156 συνόδου
832 3104 1143 3176 ἐστοίχησε,
1181 3113 1273 3160 καὶ
1325 3112 1392 3161 τὰ
1450 3119 1542 3162 τοῦ
1580 3108 1865 3163 Θεοδοσίου

249 3189 592 3264 ἐνεθεμοὶτισε
633 3189 900 3265 δόγματα,
934 3201 1061 3266 μίαν
1092 3199 1246 3268 φύσιν
1275 3205 1368 3249 τοῦ
1412 3205 1586 3270 Λόγου
1634 3204 1723 3251 καὶ
1773 3208 1866 3260 τῆς

252 3285 451 3351 σαρκός
505 3277 944 3354 δογματίζοντος,
1014 3290 1104 3337 καὶ
1162 3291 1255 3344 τὴν
1314 3286 1360 3338 ἐν
1409 3285 1710 3344 Χαλκηδόνι
1750 3291 1870 3341 σύν-

251 3365 375 3420 οδον
434 3369 923 3442 ἑξοστρακίζοντός·
969 3378 1062 3425 καὶ
1112 3374 1290 3427 πολλοὶ
1333 3385 1431 3428 τῶν
1489 3376 1872 3450 ἁποσχριστῶν

254 3458 386 3529 τᾶτᾷ
421 3457 794 3529 ἐκοινώνησαν,
843 3465 932 3513 καὶ
980 3466 1046 3514 τὰ
1095 3472 1186 3524 τῆς
1217 3462 1527 3537 όρθοδοξίας
1557 3467 1868 3524 ἠσπάσαντο

256 3541 523 3618 δόγματα.

323 3685 393 3739 ἆ’.
438 3693 696 3762 Ταράχου
741 3690 800 3746 δε
869 3695 1020 3747 πάλιν
1077 3697 1137 3748 οὗ
1188 3704 1280 3749 τοῦ
1332 3703 1589 3770 τυχόντος
1628 3703 1720 3756 την
1757 3700 1871 3751 Ἐκ·
1911 3755 1922 3762 _

251 3775 476 3833 κλησίαν
515 3785 856 3851 κατέχοντος,
913 3786 1058 3837 Λέων
1213 3789 1271 3837 τὸ
1333 3785 1593 3860 ἐπώνυμον
1669 3786 1871 3840 Μακέλ-

251 3863 362 3934 λης,
397 3871 533 3937 μετὰ
583 3875 885 3943 Μαρκιανόν
938 3871 1184 3944 βασιλεὺς
1250 3874 1660 3950 ἀνακηρυχθεὶς,
1727 3874 1870 3927 ἐϐού-

250 3951 359 4006 λετο
400 3959 495 4027 μὲν
531 3961 626 4008 καὶ
673 3959 825 4020 αὐτὸς
871 3959 1091 4014 σύνοδον
1155 3973 1520 4038 συγκροτῆσαι
1582 3969 1702 4037 περὶ
1756 3967 1872 4016 τού-

249 4060 368 4093 τωο
411 4049 572 4114 γνοὺς
623 4043 683 4100 δὲ
721 4050 791 4110 ὣς
841 4049 902 4102 οὐ
954 4055 1056 4124 πρὸ
1111 4051 1300 4104 πολλοῦ
1357 4055 1386 4111 ἡ
1449 4051 1497 4104 ἐν
1565 4049 1871 4110 Χαλκηδόνι

255 4135 634 4204 συνήθροιστο,
678 4141 768 4189 καὶ
826 4143 898 4210 μὴ
961 4139 1115 4192 θέλων
1177 4138 1324 4201 αὖθις
1384 4146 1501 4202 τοὺς
1550 4142 1870 4204 ἐπισκόπους

253 4229 365 4282 ταῖς
413 4232 651 4294 συχναῖς
708 4223 1034 4299 ἀποδημίαις
1103 4234 1194 4282 καὶ
1261 4229 1640 4302 μεταϐιϐάσεσι
1712 4250 1871 4282 κατα-

257 4315 592 4381 τρ-ὑχεσθαι,
643 4322 748 4375 τοῖς
804 4316 921 4368 καθ’
975 4317 1200 4376 ἑκάστην
1255 4318 1518 4391 ἐπαὰχίαν
1566 4318 1873 4381 ἐπισκόποις
1906 4344 1948 4396 D

263 4399 516 4460 κελεύσεις
605 4399 874 4456 ἀπέστειλε
903 4447 916 4470 ,
1011 4401 1254 4467 δηλώσας
1325 4404 1404 4460 δι’
1467 4409 1655 4478 αὐτῶν,
1723 4416 1871 4460 ποῖον

262 4487 448 4554 ἔχουσι
503 4493 748 4562 φρόνημα
803 4498 922 4567 περὶ
969 4502 1067 4556 τῆς
1117 4495 1175 4547 ἐκ
1235 4494 1540 4554 Χαλκηδόνι
1598 4498 1872 4557 συστάσης

263 4573 513 4643 συνόδου,
554 4586 902 4651 παραστῆσαί
959 4579 1138 4634 οἰδιὰ
1191 4588 1410 4655 τάχουςο
1455 4585 1516 4637 οὗ
1579 4590 1868 4657 γεγονότος,

261 4662 454 4726 πλείους
491 4667 523 4725 ἡ
562 4667 738 4739 χίλιοι
779 4668 1062 4722 ἐπίσκοποι
1115 4673 1422 4746 ὑπέγραψαν
1465 4681 1557 4727 καὶ
1607 4679 1703 4732 τὴν
1751 4678 1871 4726 σύν-

263 4748 374 4805 οδον
423 4754 800 4831 ἐπεκύρωσαν.
857 4766 966 4812 Τοῦ
1021 4756 1080 4812 δε
1132 4766 1353 4824 Λέοντος
1406 4767 1494 4815 τὸν
1561 4762 1679 4835 βίον
1753 4781 1871 4835 μετ,

267 4841 553 4916 ἑλὶαχότος,
597 4853 845 4910 Ζήνωνός
885 4867 943 4901 τε
995 4854 1085 4902 καὶ
1133 4851 1482 4904 Ἀναστασίου
1539 4852 1648 4924 μετ’
1697 4851 1869 4922 ὀλίγον

272 4927 695 5008 βασιλευσάντων,
760 4937 1072 5013 παρῥήσίαν
1136 4949 1228 4992 τοῦ
1293 4941 1457 5012 λέγειν
1515 4943 1668 5002 αὖθις
1735 4943 1871 4992 κατὰ

267 5027 342 5082 τῖς
383 5024 598 5083 συνόδου
645 5032 702 5084 οἱ
747 5026 834 5082 δι’
889 5025 1129 5089 ἐναντίας
1172 5027 1471 5102 ἐλάμϐανον,
1530 5033 1620 5081 καὶ
1671 5032 1727 5081 τό
1767 5037 1866 5081 τῶν

267 5104 537 5173 ’Ῐαωϐιτῶν
627 5140 728 5173 και
835 5111 1209 5170 Θεοδοσιανῶν
1297 5117 1536 5191 ἐκώμασε
1618 5110 1863 5185 πλῆθος,

253 5205 349 5270 μίαν
384 5214 529 5284 φύσιν
581 5219 683 5266 τοῦ
750 5208 957 5277 Λόγου
1011 5207 1100 5256 καὶ
1146 5213 1236 5268 τῆς
1294 5212 1489 5282 σαρκὸς
1552 5205 1862 5281 πρεσϐευόν-

249 5302 330 5366 τεῐν,
363 5311 444 5358 καὶ
498 5308 600 5365 τὴν
646 5291 914 5356 σύνοδον
967 5289 1467 5366 ἀναθεματιζόντων.
1517 5295 1586 5349 Οἰ
1623 5292 1673 5347 δ’
1711 5295 1864 5347 αὐτοὶ

234 5383 458 5468 integra
514 5401 617 5450 καὶ
685 5395 796 5446 τὸν
847 5389 1026 5454 τόμον
1088 5381 1362 5458 ἀνατρέψαι
1420 5393 1512 5438 τοῦ
1580 5384 1628 5436 ἐν
1691 5383 1864 5456 ἁγίοις

222 5487 396 5554 Λέοντος
453 5493 622 5545 πάπα
695 5483 968 5550 Ῥώμης
1036 5469 1139 5524 ἀλλ’
1193 5475 1436 5547 Εὐλόγιος
1493 5477 1519 5528 ὁ
1586 5473 1636 5545 ἐν
1691 5474 1864 5546 ἁγίοις

1975 3107 2519 3173 anathematizavit,
2571 3106 2678 3177 qui
2715 3106 2953 3160 unicam
2997 3105 3170 3162 Verbi
3213 3109 3270 3160 et
3297 3105 3496 3161 carnis
3524 3120 3632 3164 na-

1977 3203 2170 3252 turam
2197 3195 2454 3251 docebat
2495 3200 2553 3250 et
2579 3194 3132 3250 Chalcedonensem
3165 3194 3471 3266 synodum
3493 3209 3632 3266 pro-

1977 3285 2314 3354 scribebat;
2351 3289 2409 3341 et
2437 3284 2606 3340 multi
2652 3300 2725 3339 ex
2762 3284 3160 3339 schismaticis
3202 3283 3320 3356 ipsi
3365 3284 3633 3341 adhtese-

1979 3383 2136 3443 runt,
2163 3379 2221 3431 et
2248 3373 2723 3430 orthodoxorum
2748 3372 3038 3442 dogmata
3069 3372 3332 3445 amplexi
3362 3379 3522 3430 sunt.

2049 3698 2103 3752 4.
2143 3694 2406 3751 Turbata
2430 3698 2632 3750 autem
2661 3691 2837 3748 valde
2856 3691 3116 3748 Ecclesia
3135 3708 3374 3748 rursum
3404 3695 3518 3749 Leo
3539 3692 3636 3748 cui

1981 3798 2320 3853 cognomen
2366 3781 2656 3847 Macelles,
2706 3785 2842 3852 post
2898 3780 3261 3836 Marcianum
3304 3779 3634 3850 imperator

1980 3871 2224 3939 electus,
2279 3869 2523 3926 volebat
2571 3868 2817 3940 quidem
2861 3868 2989 3938 ipse
3042 3866 3347 3937 synodum
3404 3867 3479 3922 de
3542 3867 3638 3923 his

1979 3974 2334 4016 convocare.
2359 3959 2505 4015 Cum
2530 3962 2730 4012 autem
2757 3954 3064 4009 didicisset
3089 3953 3636 4012 Chalsedonensem

1979 4066 2104 4105 non
2132 4049 2324 4104 multo
2353 4052 2490 4102 ante
2530 4044 2800 4100 habitam
2851 4058 3002 4105 esse,
3048 4042 3351 4115 nolletque
3392 4060 3637 4101 rursum

1981 4138 2298 4210 episcopos
2354 4134 2653 4190 continuis
2705 4131 3015 4187 itineribus
3045 4136 3103 4188 et
3140 4132 3635 4190 translationibus

1978 4242 2217 4292 vexare,
2249 4222 2622 4293 singularum
2653 4220 3101 4293 provinciarum
3149 4221 3446 4293 episcopis
3475 4223 3638 4279 misit

1980 4312 2293 4380 mandata,
2337 4310 2558 4382 quibus
2587 4307 2931 4381 postulabat
2959 4313 3026 4364 ut
3053 4323 3228 4364 suam
3275 4308 3350 4364 de
3399 4309 3640 4365 Chalce-

1979 4402 2236 4460 donensi
2289 4409 2527 4471 synodo
2575 4397 2931 4474 sententiam
2983 4397 3099 4452 sibi
3134 4414 3319 4470 quam
3352 4398 3637 4455 citissime

1979 4497 2254 4550 notatum
2285 4489 2566 4544 facerent.
2599 4487 2825 4552 Quibus
2864 4487 3120 4558 acceptis
3151 4486 3476 4554 mandatis,
3507 4487 3637 4560 plu-

1978 4599 2075 4640 res
2103 4596 2289 4654 quam
2319 4577 2478 4633 mille
2508 4577 2774 4649 episcopi
2822 4575 3276 4648 rescripserunt,
3308 4577 3638 4649 synodum-

1978 4687 2098 4744 que
2137 4668 2589 4725 conﬁrmarunt.
2633 4668 2956 4737 Postquam
3000 4670 3201 4720 autem
3237 4670 3510 4721 mortuus
3550 4670 3641 4724 est

1980 4763 2114 4822 Leo,
2163 4761 2442 4827 Zenoque
2492 4759 2548 4810 et
2596 4753 2952 4809 Anastasius
3000 4753 3181 4824 paulo
3211 4758 3347 4824 post
3374 4770 3633 4824 regnum

1978 4848 2180 4920 adepti
2209 4851 2366 4910 sunt,
2395 4858 2606 4900 rursus
2627 4846 2834 4897 contra
2865 4841 3170 4913 synodum
3204 4841 3528 4899 adversarii
3554 4843 3638 4900 lo-

1976 4937 2081 5008 qui
2111 4935 2241 4991 ausi
2272 4937 2410 4988 sunt
2433 4934 2492 4987 et
2515 4930 2923 4986 Jacobitarum
2960 4929 3638 5004 Theodosianorumque

1975 5023 2368 5080 commissata
2396 5024 2486 5075 est
2515 5017 2854 5080 multitudo,
2886 5032 3196 5089 unamque
3223 5018 3397 5074 Verbi
3420 5024 3477 5075 et
3506 5036 3633 5076 car-

1975 5115 2068 5169 nis
2090 5119 2370 5168 naturam
2391 5107 2805 5180 praedicabant
2823 5107 3250 5179 synodumque
3282 5109 3635 5168 anathema-

1973 5202 2255 5260 tizabant.
2308 5197 2497 5254 Iidem
2541 5212 2725 5270 porro
2784 5195 3162 5252 conabantur
3211 5198 3403 5252 sancti
3456 5213 3632 5270 papae

1973 5290 2226 5348 Romani
2280 5287 2490 5344 Leonis
2547 5292 2782 5342 tomum
2833 5289 3112 5340 evertere.
3163 5285 3278 5341 Sed
3341 5287 3632 5355 Eulogius

1973 5388 2206 5436 tomum
2227 5378 2389 5434 hunc
2417 5373 2755 5447 explicavit,
2794 5371 3054 5429 ostendit
3085 5387 3223 5427 eum
3271 5378 3431 5428 recta
3469 5373 3626 5428 ince-

1971 5471 2114 5527 dere
2157 5467 2428 5538 nihilque
2473 5464 2792 5535 obliquum
2854 5466 2914 5518 et
2976 5461 3058 5517 ab
3113 5461 3450 5521 orthodoxa
3501 5469 3622 5524 ﬁde
