4106 6296
547 213 614 270 71
1895 197 2162 263 ΝῘΟΕΤΛΕ

2305 196 2566 262 )ΝῙΑΤΑΞΞ
3847 211 3924 271 72

547 337 812 395 alienum
840 335 940 393 illo
970 332 1174 390 inferri
1205 332 1490 390 omnibus
1527 331 1786 388 dilucide
1817 329 2193 388 monstravit.

2311 333 2396 381 τὸν
2425 348 2480 382 τε
2507 331 2660 388 τόμον
2699 327 2995 400 ἐξηγήσατο
3024 329 3139 402 (1)“,
3189 333 3280 382 καὶ
3329 330 3499 394 καλῶς
3545 332 3686 405 ἔχειν
3737 343 3920 388 τοῦτον

547 429 824 483 Attamen
851 431 907 482 et
931 426 1016 481 sic
1045 423 1268 479 diutius
1293 423 1353 478 in
1392 421 1760 478 oblivionem
1791 421 1997 477 incidit
2025 435 2202 493 syno-

548 515 682 587 dus,
731 520 785 572 et
825 513 1247 586 unusquisque
1293 511 1458 583 quod
1511 509 1625 566 sibi
1667 510 2010 582 jucundum
2049 511 2205 565 esset

543 604 910 678 principium
962 601 1232 674 arripuit,
1291 604 1348 656 et
1389 600 1682 672 quoniam
1738 599 1957 670 singuli
1986 598 2064 654 ad
2089 597 2202 653 sibi

546 698 854 767 acceptam
877 692 1059 748 ﬁdem
1075 689 1523 759 confugiebant,
1543 703 1766 758 magna
1786 688 2200 744 haereticorum

545 789 604 841 et
627 782 1152 840 schismaticorum
1184 779 1504 836 multitudo
1534 778 1808 836 recrevit.
1846 777 2202 834 Anastasius

543 873 744 944 igitur,
765 887 1005 942 magnae
1053 868 1379 926 Antiochiae
1419 867 1666 924 antistes
1695 883 1805 940 pro
1837 866 2074 939 synodo
2113 865 2202 921 in-

545 963 705 1034 stitit,
757 968 814 1019 et
858 959 1231 1030 dogmaticos
1275 973 1540 1014 canones
1605 957 1824 1029 scripto
1881 955 2196 1028 deposuit;

541 1053 862 1126 ipsamque
904 1049 1208 1123 synodum
1243 1048 1396 1104 bene
1443 1046 1650 1102 omnia
1681 1045 2028 1102 deﬁnivisse
2058 1059 2198 1100 con-

541 1142 750 1208 tendit,
803 1145 861 1197 et
905 1140 1086 1213 plena
1139 1154 1268 1194 esse
1316 1137 1534 1210 pietate
1583 1136 1714 1208 ejus
1768 1134 2060 1205 dogmata
2100 1132 2198 1190 de-

541 1234 859 1288 monstrat.

542 1319 712 1397 πλήρη
775 1317 1059 1379 θεοσεϐείας
1113 1314 1242 1370 εἶναι
1290 1319 1354 1369 τά
1403 1319 1592 1376 ταύτης
1647 1317 1929 1372 συνίστησι
1978 1308 2240 1384 δόγματα.

612 1469 664 1519 ξε.
707 1465 985 1519 Fautores
1009 1463 1208 1516 autem
1237 1458 1379 1526 Caii,
1407 1462 1463 1514 et
1491 1456 1774 1518 Dioscori,
1807 1459 1864 1512 et
1888 1453 2093 1512 Jacobi
2125 1469 2195 1510 ac
2231 1458 2270 1511 B

541 1556 757 1626 postea
789 1549 1004 1618 Severi,
1047 1553 1103 1604 et
1147 1546 1394 1604 Joannis
1427 1546 1737 1618 I’hiloponi
1761 1545 1866 1618 qui
1897 1549 1952 1600 et
1975 1544 2197 1616 scripta

540 1640 732 1697 multa
778 1639 853 1694 de
901 1639 1016 1694 hac
1061 1636 1278 1694 haeresi
1328 1635 1516 1692 edidit
1564 1633 1962 1690 intolerabilia
2015 1649 2194 1704 regre-

541 1745 659 1803 que
701 1727 1068 1798 reﬂ‘ellcuda,
1121 1726 1364 1783 unicam
1403 1725 1652 1798 quidem
1699 1731 1998 1790 naturam,
2042 1723 2196 1778 duas

538 1834 682 1876 vero
703 1819 1058 1891 hypostases
1088 1816 1442 1888 impiissime
1472 1816 1821 1871 docuerunt.
1853 1816 1918 1870 In
1949 1813 2196 1886 quibus-

541 1908 683 1964 dam
715 1913 918 1964 tamen
971 1922 1220 1964 suorum
1257 1905 1547 1962 librorum
1591 1903 1738 1960 locis
1784 1909 1841 1958 et
1881 1903 1994 1976 ipsi
2039 1903 2194 1959 duas

539 2002 786 2054 naturas
832 1995 1214 2060 conﬁtentur,
1264 1994 1368 2050 sed
1411 1993 1765 2050 addendum
1817 1998 1926 2060 est,
1980 2009 2055 2049 ne
2097 1991 2196 2048 tali

538 2089 832 2143 sermonis
861 2085 1236 2159 oppositione
1263 2083 1639 2156 decipiamur
1676 2088 1734 2139 et
1771 2099 2060 2154 erremus,
2093 2097 2196 2138 eos

535 2176 755 2249 partim
785 2175 1000 2232 eadem
1031 2191 1102 2231 ac
1134 2191 1246 2230 nos
1284 2173 1540 2246 opinari,
1571 2173 1739 2246 quod
1770 2171 2042 2244 plerique
2073 2187 2196 2228 non

535 2269 812 2322 accurate
843 2263 1412 2329 animadverterunt,
1447 2267 1502 2318 et
1549 2261 1689 2317 inde
1735 2262 1796 2316 in
1845 2276 2055 2316 eorum
2087 2260 2196 2316 im-

537 2354 817 2426 pietatem
864 2353 1093 2408 inducti
1140 2356 1297 2408 sunt.
1346 2350 1644 2416 Quidnam
1693 2350 1874 2420 igitur
1931 2349 2194 2406 docent?

538 2441 792 2508 Quando
831 2441 892 2497 in
939 2441 1171 2497 Christo
1199 2440 1622 2496 convenientes
1645 2444 1912 2508 naturas,
1945 2439 2194 2494 alteram

536 2530 616 2586 ab
642 2529 824 2586 altera
841 2534 1141 2602 separant,
1175 2529 1328 2586 duas
1359 2545 1492 2584 esse
1535 2543 1640 2584 eas
1670 2528 2016 2583 necessario
2055 2543 2194 2584 con-

535 2619 812 2688 ﬁtentur;
841 2619 1087 2692 quando
1115 2623 1316 2674 autem
1343 2621 1662 2690 utramque
1685 2616 1744 2672 in
1769 2616 1974 2672 Christi
2005 2616 2194 2673 incar-

533 2707 776 2765 natione
805 2707 1038 2778 uniunt,
1071 2712 1211 2764 tunc
1235 2723 1359 2764 non
1387 2706 1541 2762 duas
1585 2705 1931 2762 inconfusas
1979 2722 2193 2763 conve-

2312 415 2569 487 ἀπέδειξε,
2613 423 2703 471 καὶ
2745 415 2910 492 μηδὲν
2969 419 3176 472 σκολιὸν
3224 424 3313 473 καὶ
3367 429 3460 483 τῆς
3511 419 3794 498 ὁρθοδόξον
3835 430 3922 478 πί-

2314 525 2471 569 στεως
2504 506 2720 580 ἀπέχον,
2771 511 2936 580 τούτῳ
2985 507 3296 583 ἐμφέρεσθαι
3338 505 3682 582 διετρανωσεν
3724 515 3918 570 ἅπασι.

2313 603 2450 654 Πλὴν
2475 601 2564 648 καὶ
2595 597 2752 658 οὕτως
2793 599 2822 656 ἦ
2856 615 2909 649 τε
2960 595 3176 659 σύνοδος
3233 597 3316 651 ἐπὶ
3363 599 3489 651 πολύ
3536 599 3921 673 ἀμνημόνευτος

2311 688 2490 757 ἔμεινε,
2523 691 2612 738 καὶ
2632 691 2730 746 πᾶς
2760 706 2838 748 τις
2865 690 2958 745 τὴν
2989 686 3162 759 ἐκείνῳ
3191 689 3396 760 θνμηρη
3427 686 3685 742 ἐπεσπᾶτο
3718 691 3918 765 ἀρχὴν,

2309 779 2398 826 καὶ
2431 771 2524 826 διὰ
2551 779 2608 826 τὸ
2646 778 2714 837 ὡς
2744 775 2901 828 εἰπεῖν
2931 776 3148 828 ἕκαστον
3177 781 3309 850 πρὸς
3338 782 3428 836 τὴν
3457 774 3718 832 δοκοῦσαν
3751 780 3920 852 ἐαυτῷ

2309 867 2488 916 πίστιν
2529 863 2859 938 ἀποτρέχειν,
2890 865 3090 928 πλῆθος
3129 867 3211 918 ὅτι
3250 865 3380 918 πολύ
3422 868 3690 939 αἱρετικῶν
3723 868 3916 942 ἀνεφύη

2310 957 2399 1006 καὶ
2428 951 2792 1025 ἀποσχιστῶν.
2839 954 3183 1016 Ἀναστασιος
3213 959 3300 1028 μεν
3343 957 3428 1007 οὖν
3479 959 3503 1008 ὁ
3544 966 3640 1018 τῆς
3685 959 3922 1031 μεγάλης

2310 1042 2634 1114 Ἀντιοχείας
2663 1039 2920 1118 πρόεδρος
2951 1045 3076 1119 ὑπὲρ
3109 1053 3200 1104 τῆς
3237 1041 3462 1098 συνόδου
3509 1044 3797 1118 ἐνίσταται,
3827 1053 3922 1101 καὶ

2311 1127 2661 1204 δογματικοὺς
2719 1139 2930 1194 κανόνας
2993 1133 3262 1207 ἐγγράφοις
3326 1133 3598 1188 ἐκτίθεται·
3661 1137 3826 1196 αὐτην
3863 1157 3922 1190 τε

2307 1225 2402 1280 τὴν
2453 1219 2672 1276 σύνοδον
2717 1223 2880 1285 καλῶς
2937 1222 3018 1276 ἐπὶ
3068 1231 3228 1278 πᾶσιν
3261 1227 3438 1300 ὁρίσαι
3477 1230 3792 1303 παρίστησι,
3833 1245 3922 1294 καί

2377 1453 2430 1514 ε’.
2473 1459 2538 1509 Οἱ
2597 1453 2656 1508 δὲ
2713 1462 2831 1530 περὶ
2887 1459 3059 1525 Γαῖον,
3115 1462 3205 1510 καὶ
3264 1463 3564 1534 Διὸσκορον,
3604 1466 3694 1513 καὶ
3737 1461 3922 1515 Ἰάκω-

2305 1543 2410 1610 ϐον,
2467 1550 2556 1598 καὶ
2621 1546 2835 1622 ὕστερον
2907 1551 2994 1599 τὸν
3048 1547 3289 1620 Σεεῆρον,
3339 1555 3428 1601 καὶ
3489 1554 3572 1602 τὸν
3641 1551 3922 1606 Φιλὸπονον

2305 1633 2562 1705 Ἰωάννην,
2607 1639 2692 1687 τὸν
2753 1639 2842 1688 καὶ
2913 1639 3303 1710 συγγράμματα
3368 1637 3710 1710 ἐξενηνοχότα
3777 1640 3924 1694 πλεῖ-

2307 1743 2406 1776 στα
2451 1729 2570 1798 περὶ
2625 1733 2716 1784 τῆς
2787 1729 3036 1786 τοιαύτης
3090 1729 3333 1801 αἱρέσεως
3393 1725 3779 1800 ὃνσφορὼτατα
3825 1736 3920 1783 καὶ

2307 1810 2745 1885 ὃνσέλεγκταῌ),
2785 1820 2908 1887 μίαν
2953 1819 3042 1888 μὲν
3103 1819 3278 1888 φύσιν,
3335 1813 3432 1869 δύο
3487 1815 3544 1870 δὲ
3597 1819 3920 1881 ὑποστάσεις

2307 1901 2630 1955 ἀσεϐέστατα
2680 1899 3055 1976 ἐδογμάτισαν·
3107 1905 3237 1964 πλὴν
3296 1905 3510 1979 ἐνιαχοῦ
3563 1917 3660 1960 τῶν
3711 1909 3918 1962 οἰκείων

2309 1991 2543 2065 βιϐλίων,
2605 1989 2701 2045 δύο
2738 2013 2824 2046 και
2874 1995 3022 2046 αύτοὶ
3063 1998 3244 2066 φύσεις
3289 1994 3714 2068 ἀνομολογοῡσιν.
3760 1998 3920 2052 Ἀ).λά

2304 2086 2612 2154 προσεκτέον
2680 2083 2814 2134 ὥστε
2869 2087 2940 2155 μὴ
3011 2083 3273 2142 κλαπῆναι
3343 2083 3442 2136 ἀπὸ
3508 2094 3600 2146 τῆς
3665 2089 3920 2150 τοιαύτης

2305 2169 2704 2243 ἐναντιολογίας,
2757 2168 2898 2244 μηδὲ
2955 2170 3311 2242 ἀπατηθῆναι,
3381 2175 3462 2226 ὅτι
3528 2173 3576 2226 ἐν
3629 2179 3769 2248 μέρει
3824 2182 3920 2229 καὶ

2305 2260 2454 2313 αὐτοὶ
2491 2262 2556 2312 τὰ
2619 2263 2738 2332 ἡμῖν
2787 2257 3042 2313 δοκοῦντα
3091 2257 3439 2332 δοξάζουσιν,
3493 2265 3614 2338 ὅπερ
3657 2265 3922 2318 οὶπολλοὶ

2303 2353 2374 2421 μὴ
2441 2348 2770 2421 ἀκριϐοῦντες
2834 2349 3084 2421 ᾠήθησαν
3152 2369 3208 2402 τε
3271 2355 3362 2402 καὶ
3418 2356 3607 2424 τρόπον
3665 2355 3782 2405 τινὰ
3845 2354 3924 2416 εἰς

2303 2444 2398 2496 τὴν
2475 2437 2711 2491 ἀσέϐειαν
2792 2438 2960 2490 αὐτῶν
3025 2437 3422 2510 ἀπηνέχθησαν.
3491 2445 3554 2492 Τί
3622 2441 3740 2494 ποτ’
3827 2439 3922 2494 οὖν

2305 2526 2415 2580 ἐστι
2470 2531 2525 2580 τὸ
2571 2527 2694 2602 παρ’
2751 2528 2917 2579 αὐτῶν
2980 2524 3383 2600 ὃοξαζόμενον;
3451 2528 3611 2582 Ὀταν
3667 2533 3755 2602 μὲν
3823 2534 3923 2592 τας

2305 2616 2651 2682 συνελθούσας
2713 2625 2784 2687 τῷ
2853 2624 2966 2687 Θεῷ
3029 2620 3210 2690 φύσεις
3275 2617 3390 2670 καθ’
3459 2618 3640 2679 ἑαυτὰς
3683 2617 3918 2678 ἑκάστην

2304 2703 2660 2774 διαστήσωσι,
2715 2702 2812 2758 δύο
2871 2709 3063 2766 ταύτας
3144 2706 3548 2780 ἀνομολογοῦσιν
3605 2706 3916 2780 ἀναγκαζό-

537 2797 770 2853 nientes
797 2800 1054 2869 ponunt,
1089 2796 1196 2852 sed
1229 2812 1416 2852 unam
1446 2801 1722 2852 naturam
1757 2795 2180 2868 compositam.

2305 2815 2461 2869 μενοι·
2521 2797 2642 2848 ὅταν
2711 2791 2770 2847 ὁδε
2837 2793 3128 2869 ἀμφοτέρας
3193 2798 3454 2848 ἐνωσωσιν
3516 2797 3588 2859 εἰς
3652 2802 3745 2854 την
3813 2807 3914 2851 τού

534 2885 714 2942 Nobis
737 2901 923 2942 unam
951 2885 1334 2958 hypostasim
1382 2885 1782 2957 compositam
1824 2885 2190 2942 nominanti-

533 2975 670 3046 bus,
700 2974 782 3031 illi
811 2990 996 3032 unam
1019 2975 1422 3048 compositam
1459 2979 1738 3030 naturam
1769 2979 2104 3046 opponunt,
2136 2979 2192 3032 et

535 3063 622 3120 sic
649 3063 904 3120 verbum
925 3063 1186 3121 ludibrio
1211 3064 1456 3120 habent.
1493 3063 1644 3128 Quia
1667 3061 2190 3135 quemadmodum

531 3153 716 3210 homo
755 3153 1026 3210 animam
1057 3159 1114 3211 et
1143 3170 1361 3226 corpus
1401 3153 1605 3220 habet,
1639 3158 1695 3209 et
1728 3151 1914 3209 altera
1941 3152 2188 3225 quidem

533 3243 772 3308 animae,
787 3243 974 3300 altera
993 3245 1202 3302 autem
1227 3242 1495 3315 corporis
1517 3247 1752 3312 natura,
1769 3242 1958 3314 siquis
1979 3258 2191 3298 unam-

531 3347 838 3403 quamque
857 3347 964 3403 per
995 3348 1056 3387 se
1081 3331 1402 3400 intueatur,
1431 3337 1757 3404 postquam
1783 3335 1985 3387 autem
2011 3332 2188 3388 unitaa

533 3423 695 3488 sunt,
721 3418 1032 3475 hominem
1068 3419 1332 3476 efﬁciunt
1357 3419 1600 3476 unicam
1633 3424 1913 3475 naturam
1945 3436 2189 3492 compo-

533 3509 709 3564 sitam
739 3507 1105 3576 habentem‘;
1149 3509 1231 3564 sic
1257 3509 1435 3566 etiam
1465 3508 1760 3564 Christum
1791 3514 2005 3580 putant
2033 3508 2188 3565 dua-

530 3596 648 3654 bus
687 3597 916 3652 naturis
959 3601 1268 3664 constare;
1316 3602 1451 3670 post
1492 3597 1780 3653 unionem
1819 3613 1960 3654 vero
2001 3613 2188 3654 unam

531 3701 661 3742 esse
697 3688 978 3742 naturam
1009 3686 1433 3758 compositam.

2298 2890 2473 2956 Λόγου
2507 2887 2791 2958 σάρκωσιν,
2833 2889 2946 2936 τότε
2985 2884 3043 2936 ού
3095 2882 3190 2938 δύο
3236 2883 3573 2958 ἀσυγχύτους
3617 2887 3710 2948 τάς
3769 2905 3911 2939 συν-

2301 2973 2551 3034 ελθούσας
2589 2975 2840 3039 τιθέασιν,
2875 2972 3002 3026 ἀλλά
3047 2979 3171 3046 μίαν
3229 2976 3383 3046 φύσιν
3444 2977 3699 3028 σύνθετον·
3753 2977 3911 3048 ἡμῶν

2297 3066 2399 3138 γὰρ
2462 3068 2585 3135 μίαν
2627 3064 2919 3116 ὑπόστασιν
2988 3065 3228 3115 σύνθετον
3287 3063 3660 3136 ὀνομαζόντων,
3719 3063 3914 3119 ἐκεῖνοι

2299 3158 2422 3225 μίαν
2455 3154 2695 3204 σύνθετον
2735 3155 2888 3224 φύσιν
2934 3149 3274 3220 ἀντιτιθέασι,
3342 3158 3431 3205 καὶ
3486 3150 3916 3228 παραδειγματί-

2301 3242 2482 3302 ζουσιν
2548 3242 2682 3294 ούτω
2751 3244 2836 3292 τὸν
2901 3240 3068 3312 λόγον·
3137 3244 3235 3308 ὅτι,
3313 3244 3486 3316 ὥσπερ
3550 3244 3575 3294 ὁ
3633 3244 3914 3317 ἅνθρωπος

2298 3331 2484 3402 ψυχὴν
2543 3333 2653 3402 ἔχει
2708 3335 2798 3382 καὶ
2856 3339 3028 3404 σῶμα,
3077 3336 3168 3383 καὶ
3215 3330 3340 3389 οἱλλη
3381 3334 3472 3404 μὲν
3504 3335 3660 3404 φύσις
3695 3333 3908 3406 ψυχῆς,

2299 3419 2425 3478 illi:
2483 3417 2540 3472 δὲ
2610 3425 2887 3492 σώματος,
2965 3423 3009 3472 εἴ
3081 3439 3162 3481 τις
3221 3420 3339 3472 καθ’
3419 3420 3607 3478 ἑαυτὴν
3679 3419 3914 3481 ἑκάστην

2302 3511 2534 3584 θεωροίη·
2587 3505 2796 3562 ἐπειδὰν
2856 3506 2915 3562 δὲ
2970 3509 3305 3578 συνέλθωσιν,
3356 3511 3624 3583 ἄνθρωπον
3689 3519 3913 3564 ποιοῦσι

2300 3602 2453 3672 φύσιν
2487 3599 2677 3670 έχοντα
2705 3603 2826 3671 μίαν
2881 3601 3139 3650 σύνθετον·
3174 3595 3298 3651 οὐδὲ
3326 3600 3424 3672 γὰρ
3479 3595 3564 3651 δεῖ
3605 3599 3767 3670 λέγειν
3817 3603 3912 3652 τὸν

2299 3690 2589 3762 ἄνθρωπον,
2624 3693 2776 3759 φασὶ,
2810 3684 2906 3739 δύο
2947 3690 3150 3759 φύσεις,
3179 3685 3306 3740 ἀλλά
3334 3692 3454 3760 μίαν
3485 3689 3743 3740 σύνθετον·
3769 3691 3912 3742 οὕτω

533 3771 600 3834 δὴ
635 3779 722 3827 καὶ
751 3777 838 3826 τὸν
869 3777 1100 3850 Χριστὸν
1139 3777 1334 3828 οἴονται
1365 3775 1421 3827 ἐκ
1452 3771 1549 3828 δύο
1587 3778 1677 3848 μὲν
1711 3780 2080 3834 συνεστηκέναι
2110 3779 2331 3850 φύσεων,
2364 3779 2494 3849 μετά
2517 3773 2575 3828 δὲ
2605 3777 2783 3829 ἕνωσιν
2814 3781 2937 3849 μίαν
2967 3775 3094 3828 εἶναι
3121 3779 3273 3848 φύσιν
3303 3777 3566 3834 σύνθετον.

601 3920 653 3974 6.
695 3918 920 3976 Idcirco
949 3923 1008 3976 et
1038 3935 1296 3991 magnus
1327 3918 1390 3976 iu
1411 3917 1714 3988 theologia
1763 3918 2081 3991 Gregorius
2111 3934 2187 3976 ea:

530 4009 762 4080 quibus,
797 4015 852 4066 et
883 4011 946 4068 in
969 4011 1182 4082 quibus
1206 4009 1350 4066 dicit
1374 4013 1601 4082 etquae,
1620 4009 1694 4065 de
1711 4009 1930 4066 divinis
1959 4009 2186 4068 naturis

2367 3919 2440 3985 ς’.
2475 3921 2567 3972 Διά
2606 3928 2772 3971 ταῦτα
2817 3924 2907 3972 καὶ
2955 3921 2980 3972 ὁ
3035 3923 3192 3993 μέγας
3229 3917 3277 3971 ἐν
3329 3920 3564 3994 θεολογίᾳ
3617 3925 3913 3996 Γρηγὸριος

2255 4009 2348 4073 ,ἐξ
2377 4007 2466 4079 ὧν,
2498 4007 2664 4062 καὶέν
2710 4010 2806 4075 οἷς,
2859 4013 3007 4080 φησὶ,
3066 4013 3156 4061 καὶ
3213 4009 3362 4084 οἷπερ,
3425 4015 3544 4084 περὶ
3597 4019 3695 4063 τῶν
3755 4011 3912 4063 θείων

532 4114 875 4156 sermonem
895 4100 1145 4157 habens.
1173 4100 1322 4157 Illud
1344 4101 1526 4170 enim,
1553 4100 1858 4172 exquibus
1879 4099 2188 4172 posuit,'ut

2305 4093 2634 4170 δογματίζων
2693 4099 2910 4170 φύσεων·
2975 4101 3033 4148 τὸ
3092 4100 3181 4166 μὲν
3233 4101 3334 4172 γὰρ
3367 4096 3420 4159 ἐξ
3457 4099 3524 4148 ὧν
3562 4099 3774 4166 τέθεικε,
3822 4099 3917 4152 ἶνα

529 4201 604 4242 ex
633 4186 934 4244 divinitate
955 4190 1242 4247 unitatem
1263 4189 1538 4259 doceret;
1573 4189 1718 4246 illud
1749 4194 1950 4246 autem
1975 4191 2037 4246 in
2061 4191 2188 4262 qui-

534 4275 660 4344 bus,
691 4281 759 4332 ut
789 4282 1036 4334 naturas
1079 4282 1359 4346 servaret,
1393 4280 1574 4336 etiam
1606 4283 1745 4351 post
1771 4279 2056 4336 unionem
2085 4301 2100 4345 ;
2133 4283 2190 4335 ct

531 4379 608 4420 ne
637 4380 739 4422 eas
759 4381 868 4436 per
906 4381 1040 4422 eam
1071 4367 1383 4440 utriusque
1409 4368 1698 4424 unionem
1743 4368 2138 4426 confunderet
2171 4384 2184 4436 ;

530 4451 678 4509 illud
697 4458 921 4521 autem,
951 4470 1100 4527 qum,
1131 4471 1207 4511 ne
1231 4455 1368 4528 quis
1401 4460 1567 4529 putet
1597 4456 1780 4513 alium
1806 4457 2030 4514 factum
2059 4472 2188 4514 esse

533 4541 834 4598 Christum
851 4548 1350 4614 postnaturarum
1363 4545 1762 4602 unionem.Ex
1779 4546 2189 4602 examinanda

532 4635 620 4686 est
649 4629 930 4687 doctrinae
986 4637 1269 4690 accurata
1305 4633 1616 4705 expositio.
1668 4637 1748 4689 Ex
1789 4639 2050 4708 quatuor
2077 4635 2192 4690 ele-

533 4719 750 4776 mentis
771 4735 906 4777 esse
935 4726 1208 4778 nostrum
1234 4737 1454 4794 corpus
1492 4723 1552 4778 in
1597 4723 1892 4794 confesso,
1914 4729 2002 4780 est
2029 4724 2188 4795 igne,

535 4823 691 4879 aere,
721 4825 902 4882 aqua,
935 4814 1111 4881 terra,
1143 4816 1200 4868 et
1241 4811 1304 4868 in
1331 4811 1426 4868 his
1465 4811 1771 4869 elementis
1819 4813 2192 4872 constitutio-

603 5078 1335 5156 (I)_Ij3ulogii__fragmenta
1375 5080 1566 5156 multa
1613 5080 1832 5156 legesis
1871 5080 2038 5156 apud
2080 5099 2192 5140 nos

535 5149 680 5234 Coll.
705 5149 904 5234 γρ.ιῷ
939 5152 1060 5234 Yll,
1095 5149 1372 5234 itemque
1401 5153 1883 5234 aliqua_Classic“.
1907 5149 2022 5234 AA.
2057 5160 2096 5211 t.
2129 5157 2188 5212 Χ.

535 5221 763 5293 Eulogii
810 5223 1083 5293 ejusdem
1137 5221 1448 5281 homiliam
1483 5221 1546 5281 in
1593 5227 1812 5282 Ramos
1843 5226 2191 5282 Palmarum

535 5291 758 5369 Habuit
785 5291 1140 5369 Holstenius,
1171 5301 1318 5369 teste
1346 5295 1480 5369 ipso
1506 5297 1568 5352 in
1595 5296 1877 5369 epistolis,
1903 5313 1962 5369 p.
1991 5301 2115 5354 209.

607 5365 681 5434 (‘2)
724 5367 804 5441 De
834 5365 1136 5441 his_Jo_an.
1172 5365 1484 5441 Philoponi
1514 5365 1820 5441 operibus,
1851 5365 1987 5441 quae
2029 5385 2181 5427 mss.

534 5434 596 5492 in
615 5437 901 5494 manibus
939 5437 1262 5508 habemus,
1314 5434 1455 5494 alibi
1499 5434 1611 5496 nos
1661 5434 1918 5495 locuturi
1957 5457 2189 5496 sumus.

532 5509 714 5566 Porro
743 5523 882 5582 quae
901 5508 962 5566 in
989 5509 1380 5583 sequentibus
1409 5511 1695 5585 (itemque
1715 5511 1935 5585 partim
1959 5511 2020 5568 in
2041 5527 2192 5585 prae-

2295 4193 2389 4246 τὴν
2438 4185 2494 4239 ἐκ
2561 4189 2799 4249 θεότητος
2851 4182 3152 4258 ὃογματίσῃ
3208 4188 3406 4238 ἕνωσιν·
3459 4189 3516 4239 τὸ
3576 4183 3634 4240 δὲ
3699 4184 3747 4238 ἐν
3801 4189 3911 4254 οἷς,

2299 4278 2382 4328 ἱνα
2427 4281 2636 4350 τηρήσῃ
2706 4278 2794 4336 τὰς
2845 4277 3020 4347 φύσεις
3081 4279 3170 4328 καὶ
3223 4277 3352 4347 μετά
3414 4279 3505 4334 τὴν
3557 4275 3753 4328 ἕνωσιν·
3813 4281 3916 4330 καὶ

2297 4371 2368 4437 μὴ
2401 4371 2605 4439 συγχέῃ
2657 4367 2852 4426 ταύτας
2910 4360 3004 4416 ὃιά
3053 4366 3110 4416 τὸ
3165 4363 3411 4422 ἑνωθῆναι
3443 4363 3700 4424 ἀλλήλαις·
3742 4366 3804 4415 τὸ
3847 4361 3916 4418 δὲ

2297 4455 2448 4528 οἷπερ,
2504 4456 2586 4506 ἵνα
2615 4457 2684 4527 μὴ
2719 4453 2872 4526 οἰηθῇ
2917 4472 2998 4514 τις
3045 4455 3126 4504 ὃτι
3170 4453 3316 4514 ἀλλος
3357 4456 3558 4525 γέγονεν
3605 4454 3630 4504 ὁ
3671 4457 3918 4528 Χριστὸς

2298 4546 2428 4617 μετά
2487 4548 2582 4602 τὴν
2630 4551 2729 4596 τῶν
2797 4547 2996 4615 φύσεων
3039 4542 3239 4596 ἕνωσιν.
3303 4548 3402 4596 Καὶ
3465 4547 3748 4600 σκοπητέον
3811 4549 3918 4603 τὴν

2299 4633 2558 4707 ἀκρίϐειαν
2611 4639 2702 4686 τοῦ
2755 4629 3036 4705 δόγματος·
3087 4635 3141 4684 ἐκ
3195 4635 3462 4708 τεσσάρων
3517 4633 3820 4704 στοιχείων]
3847 4638 3916 4687 τὸ

2299 4724 2545 4795 ἡμέτερον
2613 4729 2765 4790 σῶμα
2821 4721 3235 4794 ἀνωμολόγηται,
3295 4725 3474 4798 πυρὸς,
3535 4721 3702 4796 ἀέρος,
3759 4719 3916 4776 ὕδα-

2299 4831 2407 4882 τος,
2460 4821 2580 4884 γῆς,
2631 4816 2722 4865 καὶ
2769 4809 2817 4863 ἐν
2855 4814 3062 4872 τούτοις
3101 4817 3207 4872 τοῖς
3247 4815 3531 4884 στοιχείοις
3577 4815 3672 4870 τὴν
3705 4813 3918 4865 σύστα-

2301 5078 2925 5159 cedentibusilfticetas
2953 5081 3157 5136 noster
3176 5076 3252 5159 de
3275 5080 3358 5159 tot
3379 5077 3555 5134 sectis
3571 5076 3918 5159 Menophi-

2302 5153 2550 5208 sitarum
2581 5149 2803 5223 scribit,
2835 5167 2909 5207 ea
2931 5165 3096 5223 saepe
3119 5150 3200 5206 ad
3223 5149 3476 5206 verbum
3505 5149 3790 5223 exscribit
3815 5149 3922 5223 bii-

2302 5224 2598 5296 cephorus
2625 5222 2901 5296 Callistus
2931 5220 3042 5280 lib:
3064 5223 3322 5296 Πωλίεὸ
3353 5225 3410 5276 et
3426 5237 3608 5296 seqq.
3639 5221 3744 5293 qui
3767 5220 3924 5296 plus

2301 5291 2542 5350 centum
2564 5298 2701 5366 post
2731 5294 2992 5366 Nicetam
3025 5291 3544 5366 annis’historiam
3566 5291 3743 5348 suam
3767 5291 3924 5366 alie-

2299 5367 2393 5422 nis
2425 5363 2654 5422 exuviis
2674 5365 2839 5438 anxit
2869 5370 3047 5438 atque
3069 5363 3394 5422 exornavit.
3419 5366 3621 5436 Itaque
3641 5377 3756 5421 nos
3775 5363 3926 5436 ple-

2299 5453 2490 5510 raque
2519 5437 2862 5496 omisimus.
