4106 6296
211 196 257 250 73
1587 191 1842 249 THESAI

1980 193 2109 252 LIB.
2149 200 2217 248 Χ.
3503 196 3574 251 74

214 336 269 370 σιν
294 321 383 390 ἔχει
410 317 647 377 σώζεται
676 324 820 388 γοῦν
855 317 916 370 ἐν
952 325 1031 389 τῷ
1060 323 1261 390 σώματι
1289 321 1378 368 καὶ
1406 319 1488 383 τὸ,
1522 315 1574 379 ἐξ
1603 317 1691 386 ὧν,
1724 316 1813 370 καὶ

1953 333 2068 375 tem
2096 316 2299 376 habet.
2328 318 2608 376 Servatur
2636 331 2780 389 ergo
2822 316 2885 375 in
2929 331 3179 391 corpore
3216 320 3276 376 et
3322 317 3473 376 illud
3500 333 3577 376 ea:

212 412 271 471 τὸ,
294 406 330 459 ἐν
355 408 444 469 οἷς,
467 406 530 458 ού
566 412 674 479 μὴν
703 410 797 471 τὸ,
828 406 979 482 οἷπερ
1007 428 1020 440 ·
1050 408 1179 479 μετὰ
1202 411 1293 464 τὴν
1314 406 1493 457 ἕνωσιν
1525 414 1624 458 τῶν
1670 426 1815 459 στοι-

213 502 331 569 χείων
354 499 407 548 τὸ
434 498 709 570 ἡμέτερον
749 504 927 568 σῶμα
957 499 1081 548 οὔτε
1107 497 1347 567 καθαρῶς
1394 493 1507 546 ἐστι
1537 503 1664 569 πῦρ,
1702 498 1818 547 οὔτε

216 586 452 660 ιΐιικρινῶς
482 584 619 661 ἀὴρ,
650 589 782 638 οὔτε
817 584 1105 646 ἀνόθευτος
1133 592 1224 656 γῆ,
1275 583 1378 636 ἀλλ’
1413 583 1577 659 ἕτερόν
1598 604 1647 636 τι
1677 586 1822 659 παρὰ

215 680 266 728 τὰ
285 684 519 750 τέσσαρα.
556 680 671 728 Καὶ
704 672 884 735 δῆλον
918 674 1025 727 ἀπὸ
1078 683 1169 735 τῆς
1213 674 1513 736 αἰσθήσεως
1548 696 1561 707 ·
1603 675 1821 727 ἕκαστον

216 768 295 838 γὰρ
315 773 403 817 τῶν
432 773 609 838 μερῶν
633 772 737 817 τοῦ
767 767 1036 840 ἡμετέρου
1073 769 1311 836 σώματος
1350 763 1473 815 ἄλλο
1503 783 1555 815 τι
1586 766 1730 839 παρὰ
1759 765 1824 816 τὰ

217 857 429 926 στοιχεῖά
456 854 607 907 ἐστιν
639 877 652 888 ·
691 853 783 907 ἐπὶ
814 851 879 907 δὲ
904 862 1005 915 τῆς
1038 856 1176 914 θείας
1203 853 1430 914 ἑνώσεως
1472 853 1565 905 οὐκ
1612 852 1735 906 ἄλλο
1772 872 1824 906 τι

217 946 328 1015 μετὰ
358 949 448 1002 τήν
483 940 814 1016 συνδρομὴν
866 950 970 994 τῶν
1018 938 1118 994 δύο
1169 943 1364 1014 φύσεων
1412 945 1616 1013 γέγονεν
1650 962 1665 975 ·
1718 940 1825 994 ἀλλ’

218 1034 328 1085 ach-0
374 1036 526 1086 τοῦτό
582 1030 704 1086 ἐστι
766 1033 795 1084 ὁ
852 1033 1113 1107 Χριστὸς,
1166 1035 1253 1083 καὶ
1301 1034 1432 1093 Θεὸς
1484 1036 1574 1083 καὶ
1631 1031 1826 1105 ἄνθρω-

220 1143 322 1185 πος.

284 1264 343 1326 ξ.
377 1265 437 1318 Ἠ
469 1260 531 1318 δὲ
580 1266 813 1322 τοιαύτη
877 1263 1086 1339 αἵρεσις
1112 1265 1282 1335 γέγονε
1330 1265 1473 1337 παρὰ
1530 1265 1624 1326 τὰς
1675 1262 1831 1325 ἆλλας

225 1356 381 1428 ὥσπερ
412 1352 798 1428 ἀκριϐεστέρα,
854 1349 949 1404 διὰ
996 1355 1056 1404 τὸ
1105 1360 1254 1424 σχεῖν
1301 1354 1591 1425 προστάτας
1636 1349 1834 1425 ἄνδρας

229 1447 401 1515 σοφούς
435 1466 447 1476 ·
481 1446 508 1495 ὁ
540 1446 649 1519 ’γάρ
678 1463 766 1495 τοι
804 1444 1052 1502 Ἰωάννης
1083 1442 1107 1493 ὀ
1141 1440 1416 1503 Φιλόπονος
1462 1441 1835 1514 ὀνομαζόμενος

228 1536 349 1585 κατὰ
372 1537 459 1605 μίεν
492 1537 589 1590 τὴν
628 1529 780 1584 ἰδέαν
823 1538 915 1583 τοῦ
942 1531 1103 1602 λόγου
1135 1531 1192 1582 ού
1224 1539 1321 1582 τῶν
1352 1533 1486 1583 πάνυ
1535 1530 1839 1603 ἐπαινουμέ-

228 1643 314 1673 νων
339 1621 470 1688 ἐστὶ,
509 1621 797 1693 φιλόσοφος
826 1617 885 1673 δὲ
918 1618 1280 1692 ἀκριϐέστερος
1307 1624 1398 1671 καὶ
1429 1624 1548 1693 περὶ
1590 1623 1684 1682 τὰς
1708 1619 1838 1671 ἁπο-

234 1707 404 1774 δεὶξεις
438 1713 892 1783 θαυμασιώτατος
926 1731 939 1743 ·
970 1709 1026 1770 ὃς
1058 1706 1126 1767 δὴ
1160 1711 1257 1761 ὑπὸ
1297 1714 1509 1781 Σεργίου
1556 1717 1647 1762 τοῦ
1698 1728 1838 1766 τηνι-

232 1810 386 1854 καῦτα
403 1804 755 1874 πατριάρχου
779 1798 1367 1860 Κωνσταντινουπόλεως
1384 1799 1729 1873 παρακληθεὶς
1746 1804 1840 1857 τὴν

234 1896 463 1948 τοιαυτήν
491 1891 544 1943 ἐν
566 1892 860 1964 γράμμασι
918 1890 1301 1946 συστήσασθαι
1333 1890 1553 1962 αἰρεσιν,
1584 1890 1840 1961 συνεγρά-

236 1980 358 2050 -ᾇατο
384 1980 541 2050 λόγον
592 1976 920 2047 δεινότατον,
950 1977 1264 2050 ἐπιγράψας
1318 1977 1457 2048 αύτῷ
1489 1982 1769 2035 Διαιτητὴν
1811 1976 1837 2035 ἲ)

238 2077 350 2144 Περὶ
376 2070 632 2131 ἑνώσεως,
656 2076 749 2121 καὶ
780 2067 827 2120 ἐν
852 2065 984 2121 δέκα
1013 2067 1310 2140 κεφαλαίοις
1351 2072 1444 2125 τὴν
1474 2075 1648 2120 πᾶσαν
1679 2071 1843 2139 τομήν

238 2168 318 2220 τῆς
338 2162 591 2234 αἱρέσεως
620 2158 927 2231 ἐξυφήνατο,
960 2164 1141 2210 πᾶσαν
1180 2162 1401 2218 κινήσας
1430 2160 1559 2231 πρὸς
1579 2165 1733 2209 τοῦτο
1756 2177 1842 2229 φι-

237 2249 492 2321 λοσοφίαν,
524 2254 620 2301 καὶ
669 2254 848 2301 πᾶσαν
900 2244 1175 2310 ἀπόδειξιν
1223 2246 1726 2320 ἐξακριϐωσάμενος.
1769 2246 1844 2298 Ού

244 2341 407 2410 μέντοι
435 2342 527 2389 καὶ
562 2341 689 2399 τοὺς
718 2337 965 2410 ἐλέγχους
990 2333 1186 2409 διεδρα
1208 2338 1352 2410 παρά
1400 2344 1496 2386 τῶν
1531 2339 1662 2408 μετὰ
1681 2342 1847 2387 ταῦτα

240 2426 411 2497 λογίων
441 2433 535 2479 καὶ
571 2435 938 2499 πνευματικῶν
970 2435 1044 2497 τῷ
1076 2429 1182 2478 ὄντι
1228 2421 1427 2499 ἀνδρῶν
1461 2446 1473 2458 ο
1531 2425 1712 2477 πολλοὶ
1757 2427 1846 2497 μὲν

240 2522 330 2591 γὰρ
354 2518 500 2571 ἄλλοι
529 2525 640 2577 τοῖς
709 2513 1157 2589 ὃογματισθεῖσιν
1213 2513 1384 2586 ἐκείνῳ
1438 2513 1715 2581 ἀντέθεντο,
1749 2517 1848 2587 μά-

174 2652 183 2662 .
240 2605 384 2657 λιστα
409 2605 468 2659 δὲ
504 2611 756 2668 Λεόντιος
783 2626 865 2667 τις
888 2608 1126 2679 μοναχὸς
1153 2602 1199 2655 ἐν
1224 2606 1508 2677 τριάκοντα
1549 2603 1849 2675 κεφαλαίοις

243 2693 520 2768 imperim;
554 2701 653 2753 τὴν
698 2697 926 2769 αἳρεσιν,
978 2694 1073 2745 καί
1101 2697 1193 2751 τὴν
1245 2692 1361 2745 καθ’
1393 2694 1531 2764 ἡμᾶς
1588 2692 1848 2745 εὐσέϐειαν

242 2787 614 2856 κρατυνάμενος
640 2806 653 2818 ·
688 2790 779 2837 καὶ
810 2786 836 2835 ὁ
868 2786 1309 2855 θαυμασιώτατος
1341 2777 1399 2833 δὲ
1424 2786 1669 2856 Γεώργιος
1696 2783 1720 2832 ὁ
1752 2788 1849 2833 Πι-

246 2869 391 2933 σίὸης
409 2874 706 2935 ἡλικιώτης
734 2873 803 2924 ὢν
829 2881 904 2942 τῷ
932 2870 1218 2940 Φιλοπονῳ,
1255 2873 1345 2921 καὶ
1376 2870 1548 2943 ὥσπερ
1604 2869 1771 2921 εἰώθει
1801 2867 1848 2919 ἒν

244 2964 437 3036 μέτροις
470 2961 743 3035 ἰαμϐικοῖς
794 2964 926 3034 πρὸς
955 2965 1054 3019 τὴν
1094 2959 1291 3033 αἰρεσιν
1344 2956 1573 3025 ἀντιϐὰς,
1624 2956 1733 3010 εἶτα
1778 2953 1846 3015 δὴ

246 3054 326 3101 καὶ
352 3047 575 3105 παιδιὰν
610 3048 828 3125 σπουδῇ
862 3052 1136 3126 κερωνὺς,
1169 3050 1302 3101 οὕτω
1331 3051 1437 3109 πῶς
1467 3066 1597 3120 φησι

374 3332 586 3404 Ψὴψιζε
612 3332 802 3383 θᾶττον
830 3333 925 3389 τὴν
957 3332 1086 3402 μίαν
1111 3347 1167 3382 τε
1192 3334 1281 3383 καὶ
1309 3334 1451 3404 μίαν.

377 3421 440 3473 Εἰ
464 3423 563 3494 γὰρ
600 3424 729 3492 μίαν
758 3437 814 3471 τε
841 3422 934 3470 καὶ
964 3421 1092 3490 μίαν
1122 3417 1281 3490 λέγεις
1307 3424 1452 3492 μίαν.

378 3510 543 3573 Γέλως
570 3514 628 3562 τὸ
654 3508 844 3581 λεχθὲν
874 3512 1083 3580 ’γίνεται
1112 3512 1203 3560 καὶ
1224 3505 1478 3570 παιδίοις.

302 3723 370 3781 τ’.
418 3724 560 3781 Αὕτη
593 3720 654 3776 δὲ
676 3724 705 3781 ἡ
741 3740 1017 3795 σύγχυσις
1036 3724 1127 3774 καὶ
1143 3723 1173 3779 ἡ
1205 3723 1393 3785 στάσις
1418 3731 1513 3785 τῆς
1535 3722 1850 3787 Ἐκκλησίας

231 3809 347 3864 οὐδ’
372 3812 506 3876 ὅλως
532 3812 783 3883 -ίιπέληγε,
815 3816 908 3863 καὶ
950 3813 999 3863 οἱ
1027 3810 1146 3863 λαοὶ
1174 3814 1299 3887 πρὸς
1328 3816 1423 3870 τὴν
1474 3808 1727 3885 κιγκλίδα
1754 3819 1846 3865 τοῦ

230 3901 632 3976 ευσιαστῃρίου
664 3903 933 3973 ἱστάμενοι
964 3904 1138 3953 παίειν
1171 3900 1412 3959 ἠπείλουν
1432 3905 1549 3962 τοὺς
1581 3903 1728 3976 ἱερεῖς
1757 3906 1847 3956 καὶ

228 3988 745 4063 ἐτίμωςέξωθήσειν
783 3997 878 4041 τοῦ
906 3987 1172 4061 βήματος,
1219 3989 1263 4042 εἰ
1309 3995 1484 4062 μνείαν
1534 3995 1847 4050 ποιήσαιντο

223 4088 319 4141 τῆς
358 4079 416 4132 ἐν
478 4076 781 4151 χαλκηὸὀνι
827 4075 1079 4146 συνόδου,
1137 4083 1228 4131 καὶ
1278 4083 1618 4156 καταγραφὴν
1656 4078 1704 4131 ἐν
1741 4088 1848 4142 τοῖς

222 4164 535 4241 διπτύχοις
565 4172 656 4220 καὶ
682 4166 973 4239 ἓκφὼνησιν
1003 4176 1105 4220 τῶν
1148 4170 1422 4241 ἓκθεμένων
1468 4168 1629 4229 αὐτὴν
1677 4174 1846 4222 Πατέ-

216 4275 325 4328 ρων
362 4278 377 4291 ο
420 4262 517 4310 καὶ
546 4264 715 4310 ταῦτα
756 4256 1074 4332 ἐπεκράτουν
1119 4261 1283 4331 μέχρι
1333 4265 1427 4320 τῆς
1475 4256 1846 4311 Ἰουστινιανοῦ

218 4344 596 4421 ἐναρῥήσεως,
654 4346 825 4399 Αὐτοῦ
873 4343 934 4399 δὲ
965 4348 1033 4398 τὰ
1082 4352 1176 4408 τῆς
1206 4345 1474 4419 βασιλείας
1519 4345 1847 4419 ἀνειληφότος

219 4444 511 4512 σκῆπτρα,
543 4438 595 4489 οἱ
636 4445 734 4498 τῆς
774 4439 1026 4510 αἱρέσεως
1067 4437 1262 4496 ταύτης
1306 4439 1602 4508 προστάται
1631 4438 1731 4491 ὅσα
1759 4444 1848 4491 καὶ

214 4523 504 4593 κνώδαλα,
536 4527 610 4587 εἰς
657 4528 944 4600 χηραμοὺς
996 4529 1087 4577 καὶ
1143 4521 1458 4587 καταδύσεις
1511 4529 1604 4589 τὰς
1657 4527 1847 4580 ἑαυτῶν

212 4615 401 4666 ﬁmo
432 4612 718 4690 διατριϐάς
752 4635 766 4649 ·
800 4610 1028 4676 σύνοδος
1068 4615 1169 4689 γὰρ
1214 4613 1263 4665 ἐν
1314 4615 1848 4669 Κωνσταντινουπόλει

217 4712 613 4778 συγκροτεῖται
641 4703 751 4777 ρξε’
782 4703 944 4775 ἁγίων
976 4706 1240 4777 Πατέρων,
1274 4702 1322 4756 ἐν
1365 4702 1442 4766 οἷς
1480 4701 1541 4763 ἧν
1589 4707 1849 4777 Εὐτύχιος

216 4792 858 4861 Κωνσταντινουπὸλεως,
896 4792 1140 4865 Βιγύλιος
1176 4792 1343 4865 Ῥώμη
1358 4814 1396 4861 ς,
1434 4793 1850 4867 ³-Ᾱπολλινάριος,

220 4879 655 4959 Ἀλεξανδρείας,
698 4887 788 4934 καὶ
832 4883 1018 4956 ἕτεροι,
1068 4885 1158 4933 καὶ
1203 4890 1456 4956 κυροῦται
1485 4885 1515 4941 ἡ
1568 4881 1616 4933 ἐν
1642 4882 1852 4941 Χαλκη-

228 4966 345 5023 δονι
380 4969 628 5043 σύνοδος,
653 4980 755 5025 τῶν
778 4972 951 5024 αὐτῶν
1005 4967 1285 5043 δογμάτων
1320 4977 1410 5024 καὶ
1438 4974 1486 5024 ἐν
1520 4971 1650 5045 αὐτῇ
1685 4974 1851 5045 ἐκφω-

228 5063 515 5133 πθὶντων,
539 5066 633 5115 καὶ
658 5068 754 5115 τοῦ
796 5059 1072 5135 συμϐόλου
1113 5069 1209 5124 τῆς
1245 5066 1466 5122 πίστεως
1501 5063 1693 5134 ὁμοίως
1721 5063 1853 5114 ὑπα-

235 5154 589 5222 γοριυθέντος.
622 5152 743 5206 Ἔτι
770 5170 834 5223 γε
854 5154 964 5224 μὴν
994 5150 1119 5202 καθ’
1147 5150 1386 5226 ἑκατέραν
1410 5152 1564 5223 φύσιν
1590 5149 1853 5208 θελητικόν

237 5254 292 5289 τε
316 5246 407 5293 καὶ
438 5240 766 5319 ἰνιργητικόν
815 5243 905 5293 τὸν
958 5240 1149 5314 Κύριον
1191 5241 1338 5312 ἡμῶν
1387 5239 1593 5299 Ἰησοῦν
1620 5241 1853 5313 Χριστὸν

251 5332 335 5387 τὶς
366 5333 510 5401 ἡμῶν
542 5332 689 5386 ἕνεκα
728 5332 1019 5402 σωτηρίας
1057 5327 1312 5401 ὑπάρχειν
1346 5330 1634 5403 ὁρίσαντες,
1677 5326 1854 5381 ἀναθε-

258 5417 518 5482 ματίζονσι
539 5426 602 5478 τὰ
628 5421 707 5498 ιβ’
733 5415 1087 5491 Θεοδωρίτου
1106 5417 1375 5490 κεφάλαια,
1392 5422 1482 5471 καὶ
1502 5422 1596 5478 τὴν
1615 5424 1707 5471 τοῦ
1736 5415 1856 5471 Ἴϐα

264 5500 522 5583 ἕεις-πλὴν,
560 5519 657 5574 τήν
685 5515 827 5589 πρὸς
870 5507 1060 5579 Μάριν
1098 5514 1482 5582 συγγραφεῖσαν
1507 5510 1595 5561 τὸν
1626 5510 1852 5582 Πέρσην,

440 5623 680 5688 Ριτῃοι.
727 5622 845 5681 GR.
890 5614 1059 5673 CXL-

1927 408 2160 480 quz‘bus,
2191 412 2249 465 et
2275 408 2422 464 illud
2450 409 2513 465 in
2542 410 2777 481 quibus,
2806 423 2933 465 non
2970 412 3178 466 tamen
3213 408 3365 467 illud
3421 424 3577 482 quae.

1928 502 2068 554 Post
2095 499 2528 555 elementorum
2558 499 2846 555 unionem
2877 503 3156 555 nostrum
3189 515 3409 573 corpus
3451 515 3580 558 non

1929 603 2076 661 pure
2106 592 2194 646 est
2222 590 2394 661 ignis,
2465 605 2665 663 neque
2716 605 2854 646 vere
2909 604 3030 656 aer,
3093 605 3291 663 neque
3333 606 3479 647 vera
3522 593 3583 648 et

1927 677 2196 748 legitima
2219 682 2389 751 terra,
2421 679 2529 734 sed
2558 678 2789 751 aliquid
2837 679 3003 735 aliud
3059 679 3217 737 ultra
3260 680 3578 751 elementa,

1931 768 2097 840 quod
2126 768 2514 825 manifestum
2568 772 2661 825 est
2717 784 2790 824 ex
2843 769 3142 825 sensibus.
3191 772 3581 843 Unaquaeque

1932 857 2090 913 enim
2118 858 2310 914 nostri
2341 858 2610 930 corporis
2637 873 2776 931 pars
2797 857 2963 914 aliud
2988 862 3076 915 est
3098 874 3288 930 quam
3318 859 3582 916 elemen-

1933 952 1994 1004 ta
2028 966 2041 1015 ;
2069 948 2129 1003 in
2159 948 2365 1007 divina
2393 948 2615 1006 unione
2640 948 2784 1005 nihil
2817 948 2981 1006 aliud
3011 948 3292 1006 eﬁectum
3334 955 3423 1008 est
3449 952 3588 1024 post

1934 1035 2195 1092 duarum
2215 1040 2569 1093 naturarum
2599 1052 2964 1095 concursum
2984 1055 2998 1108 ;
3026 1037 3129 1095 sed
3149 1037 3265 1095 hoc
3281 1038 3590 1114 ipsumlest

1936 1124 2202 1181 Christus
2232 1128 2289 1181 et
2321 1127 2477 1187 Deus
2508 1128 2566 1182 et
2592 1125 2801 1182 homo.

2009 1272 2062 1324 7.
2120 1267 2276 1324 Talis
2321 1272 2523 1325 autem
2574 1268 2822 1325 haeresis
2877 1268 3034 1326 facta
3079 1271 3166 1326 est
3218 1268 3350 1326 aliis
3410 1270 3592 1344 quasi

1940 1358 2274 1414 accuratior
2336 1374 2405 1414 eo
2470 1358 2635 1432 quod
2700 1354 2997 1415 homines
3042 1358 3342 1431 sapientes
3407 1359 3592 1416 duces

1940 1445 2171 1501 habuit.
2238 1447 2502 1502 Joannes
2554 1446 2715 1502 enim
2792 1446 3162 1519 Philoponus
3230 1447 3594 1516 cognomine

1942 1551 2066 1590 non
2087 1534 2331 1607 quidem
2364 1535 2443 1591 ob
2475 1535 2568 1590 sui
2600 1536 2897 1591 sermonis
2948 1536 3211 1608 speciem
3260 1536 3412 1592 inter
3440 1535 3595 1593 insi—

1868 1677 1910 1733 B
1947 1624 2266 1695 gnissimos
2320 1630 2697 1690 numeratus,
2761 1625 2867 1682 sed
2914 1625 3298 1682 doctissimus
3324 1626 3595 1699 philoso-

1948 1715 2108 1787 phus
2141 1718 2196 1770 et
2248 1715 2308 1770 in
2339 1714 2963 1771 demonstrationibus
3008 1715 3381 1772 admirabilis
3439 1720 3598 1774 certe

1951 1806 2076 1870 est;
2109 1803 2213 1874 qui
2243 1804 2491 1876 quidem
2518 1820 2555 1861 a
2585 1804 2786 1874 Sergio
2812 1808 2957 1859 tunc
2984 1804 3270 1876 temporis
3305 1805 3598 1861 Constan-

1949 1891 2232 1963 tinopolis
2261 1892 2606 1964 patriarcha
2634 1892 2917 1948 invitatus
2943 1898 3007 1948 ut
3054 1893 3269 1965 scripto
3320 1893 3601 1951 haeresim

1952 1986 2358 2052 componeret,
2439 1981 2662 2037 librum
2744 1982 3128 2038 solertissime
3212 1983 3592 2056 conscripsit,

1952 2087 2135 2144 quem
2161 2072 2466 2127 Diaetetem
2498 2088 2605 2127 seu
2630 2072 2703 2127 de
2723 2073 2943 2128 unione
2972 2071 3295 2145 inscripsit,
3328 2079 3385 2129 et
3411 2073 3473 2128 in
3503 2073 3603 2128 de-

1954 2177 2083 2217 cem
2111 2160 2409 2233 capitibus
2439 2177 2650 2217 omnes
2677 2161 2926 2217 haeresis
2954 2162 3247 2218 sectiones
3275 2163 3600 2226 contexuit,

1954 2265 2198 2306 omnem
2228 2249 2307 2305 ad
2334 2249 2450 2305 hoc
2480 2251 2715 2321 agitans
2742 2249 3216 2322 philosophiam,
3239 2266 3606 2324 omnemque

1956 2337 2252 2394 adhibens
2274 2338 2875 2396 demonstrationem.
2908 2342 3037 2395 Non
3069 2344 3271 2397 tamen
3319 2340 3603 2412 objectio-

1955 2443 2064 2483 nes
2093 2427 2302 2483 vitavit
2329 2428 2646 2484 hominum
2684 2428 3000 2485 doctorum
3043 2434 3100 2485 et
3149 2445 3287 2486 vere
3328 2430 3608 2502 spiritua-

1953 2516 2122 2572 lium.
2156 2516 2323 2572 Multi
2353 2516 2515 2572 enim
2555 2517 2655 2573 alii
2698 2518 2829 2589 ejus
2887 2518 3275 2588 dogmatibus
3329 2520 3608 2576 adversa-

1954 2605 2196 2676 bantur,
2231 2606 2561 2677 praesertim
2621 2620 2761 2663 vero
2817 2608 3097 2663 Leontius
3149 2609 3488 2665 monachus
3544 2608 3609 2664 in

1961 2696 2198 2766 triginta
2247 2696 2544 2768 capitibus
2573 2697 2854 2753 haeresim
2904 2698 3249 2769 confutavit,
3313 2703 3609 2755 nostram-

1958 2801 2074 2856 que
2105 2785 2265 2857 piam
2295 2785 2632 2841 doctrinam
2684 2785 2988 2858 defendit;
3021 2792 3076 2843 et
3134 2792 3302 2843 tanta
3353 2787 3613 2845 admira-

1958 2873 2117 2929 tione
2144 2873 2367 2944 dignus
2399 2874 2683 2944 Georgius
2720 2875 2968 2941 Pisides,
3000 2875 3106 2948 qui
3136 2877 3351 2932 eadem
3383 2892 3455 2932 ac
3484 2877 3612 2932 Phi-

1957 2963 2219 3036 loponus
2251 2966 2428 3020 aetate
2459 2967 2603 3034 erat,
2638 2966 2704 3020 ut
2760 2964 3007 3029 solebat,
3065 2964 3271 3020 metris
3327 2964 3611 3021 iambicis

1881 3033 1922 3090 Ο
1958 3033 2240 3109 haeresim
2269 3068 2551 3124 agressus
2590 3033 2712 3119 est,
2766 3068 2837 3110 ac
2882 3052 3101 3109 deinde
3137 3053 3347 3125 jocum
3393 3053 3613 3111 rationi

1958 3143 2332 3211 immiscens,
2368 3142 2453 3198 sic
2476 3141 2741 3214 loquitur
2772 3159 2786 3199 :

2097 3322 2328 3379 Saltem
2357 3336 2658 3393 unamque
2683 3325 2737 3378 et
2767 3335 2954 3378 unum
2982 3321 3146 3379 doce.

2099 3412 2161 3467 Si
2189 3411 2341 3467 enim
2376 3425 2677 3482 unamque
2700 3415 2755 3467 et
2782 3424 2959 3466 unam
2992 3410 3140 3466 dicis
3170 3424 3379 3478 unam,

2098 3501 2211 3557 Hae
2242 3514 2407 3557 voces
2438 3501 2626 3557 risum
2655 3501 2751 3557 vel
2768 3500 2976 3570 pueris
3001 3500 3342 3574 movebunt,
3374 3503 3484 3559 etc.

1957 3615 2025 3666 ut
2054 3608 2221 3679 apud
2254 3608 2659 3678 Nicephorum
2688 3609 2792 3665 lib.
2819 3608 3056 3677 XVIII,
3086 3612 3177 3667 48.

2029 3720 2080 3773 8.
2111 3718 2243 3772 Haec
2273 3719 2475 3772 autem
2505 3715 2779 3772 confusio
2817 3719 2876 3772 et
2922 3715 3302 3774 conturbatio
3333 3716 3608 3774 Ecclesia

1955 3823 2080 3864 non
2145 3806 2395 3863 omnino
2461 3805 2732 3877 cessavit,
2827 3805 3158 3877 populique
3232 3805 3308 3862 ad
3399 3805 3606 3864 valvas

1957 3895 2282 3953 sanctuarii
2337 3898 2560 3951 stantes
2606 3894 2759 3949 ictus
2819 3893 3231 3949 sacerdotibus
3278 3894 3610 3953 commina-

1954 3987 2177 4043 hantur
2205 3989 2262 4042 et
2290 4000 2322 4040 e
2348 3983 2645 4040 cathedris
2676 3982 3182 4052 deturbationem,
3215 3983 3267 4039 si
3286 3983 3610 4043 Chalcedo-

1956 4091 2206 4132 nensem
2233 4072 2536 4146 synodum
2568 4076 3136 4140 commemorarent,
3191 4076 3248 4129 et
3290 4073 3341 4129 si
3388 4073 3607 4131 inscri-

1954 4166 2166 4222 berent
2220 4164 2283 4218 in
2333 4160 2636 4234 diptychis
2694 4166 2751 4218 et
2806 4162 3192 4219 nominarent
3246 4166 3448 4221 Patres
3501 4164 3611 4238 qui

1953 4255 2139 4326 hujus
2171 4251 2391 4326 synodi
2436 4250 2623 4306 ﬁdem
2654 4256 3078 4323 exposuerant.
3131 4255 3197 4309 Et
3252 4254 3379 4311 haec
3428 4253 3609 4312 inva-

1955 4344 2213 4409 luerunt,
2245 4356 2438 4413 usque
2468 4342 2548 4396 ad
2580 4340 2894 4398 Iustiniani
2922 4340 3252 4398 decretum.
3286 4343 3392 4400 Ubi
3446 4342 3609 4401 enim

1956 4433 2049 4490 ille
2078 4431 2248 4502 regni
2274 4433 2577 4503 sceptrum
2600 4429 2887 4502 suscepit,
2914 4429 3099 4502 hujus
3123 4431 3369 4488 haeresis
3398 4432 3604 4502 duces,

1957 4527 2249 4594 tanquam
2298 4519 2456 4589 ferae,
2488 4519 2549 4575 in
2600 4519 2875 4576 cavernis
2925 4523 2981 4576 et
3013 4518 3278 4576 latibulis
3307 4537 3484 4581 suam
3510 4537 3609 4579 se-

1958 4613 2099 4668 dem
2129 4614 2478 4667 statuerant.
2512 4609 2794 4680 Synodus
2822 4608 2984 4665 enim
3022 4612 3610 4685 Constantinopolim

1959 4703 2326 4758 convocatur
2389 4702 2632 4755 centum
2678 4698 2949 4771 quinque
3005 4704 3064 4755 et
3128 4701 3443 4770 sexaginta
3504 4702 3611 4758 Pa-

1960 4796 2141 4856 trum,
2171 4790 2232 4844 in
2254 4788 2475 4861 quibus
2505 4792 2632 4844 erat
2654 4787 2977 4860 Eutychius
3036 4787 3608 4862 Constantinopolis,

1958 4878 2242 4949 Virgilius
2272 4880 2494 4944 Romae,
2524 4875 2902 4948 Apollinariis
2952 4876 3330 4935 Alexandriae
3380 4882 3437 4935 et
3487 4877 3609 4945 alii,

1963 4972 2021 5026 et
2075 4966 2466 5024 conﬁrmatur
2519 4964 3020 5022 Chalcedonensis
3078 4967 3347 5040 synodus
3394 4967 3612 5024 iisdem

1960 5056 2349 5128 dogmatibus
2375 5070 2617 5111 rursum
2647 5053 3056 5126 proclamatis,
3089 5056 3303 5113 etﬁdei
3331 5055 3612 5130 symbolo

1963 5146 2230 5204 similiter
2253 5145 2544 5219 exposito.
2575 5143 2786 5200 Adhuc
2813 5149 3015 5201 tamen
3043 5160 3155 5218 pro
3203 5150 3459 5219 utraque
3504 5159 3612 5203 na-

1960 5243 2096 5297 tura
2124 5237 2491 5294 voluntatem
2519 5238 2576 5291 et
2604 5235 3018 5308 operationem
3042 5234 3268 5295 habere
3290 5236 3615 5294 Dominum

1960 5332 2237 5384 nostrum
2287 5328 2488 5383 Jesum
2535 5324 2858 5396 Christum,
2917 5324 3124 5382 salutis
3172 5329 3390 5383 nostrae
3427 5337 3618 5380 causa

1962 5415 2341 5485 deﬁnierunt,
2425 5413 3205 5486 anathematizaveruntque
3289 5409 3615 5470 duodecim

1961 5504 2316 5565 Theodoreti
2369 5502 2588 5577 capita,
2628 5507 2684 5561 et
2740 5502 2857 5561 tbae
2912 5499 3236 5574 epistolam
3284 5499 3365 5558 ad
3409 5494 3614 5557 Marim

3155 5609 3188 5662 3
