4106 6296
569 219 638 272 75
1908 218 2174 273 NICETzE

2298 217 2584 275 LONIATE
3855 228 3919 284 76

567 342 812 400 Persam
856 344 1280 417 conscriptam,
1324 347 1382 399 et
1442 340 1972 413 Origenisbpera,
2019 341 2182 398 adhu

2330 347 2420 394 καὶ
2450 346 2515 395 τὰ
2545 343 2842 416 Ὠριγένους
2871 349 3286 422 συγγράμματα,
3321 350 3396 400 ἔτι
3427 345 3485 402 δε
3524 346 3792 425 Θεόδωρον
3821 359 3922 406 Μο-

565 448 708 489 vero
732 433 1111 490 Theodorum
1134 430 1531 505 Mopsuestiae,
1559 434 1617 487 et
1640 429 1725 486 sic
1754 428 1834 486 ad
1862 431 2107 503 propria
2135 446 2186 487 re

2091 447 2107 487 ι
2135 446 2222 487 re-
2330 432 2619 505 ψουεστίας
2648 456 2658 467 ·
2688 439 2777 487 καὶ
2806 435 2971 498 οὕτως
2999 435 3083 490 ἐπὶ
3111 439 3179 489 τὰ
3208 437 3373 490 οἰκεῖα
3400 438 3712 510 μετέϐαινον.

568 521 826 579 dierunt.

640 635 693 686 9.
726 630 909 686 Paulo
938 633 1074 702 post
1096 633 1300 686 autem
1346 625 1685 700 Acephalus
1739 628 1991 683 Severus
2022 626 2221 682 Eccle-

2403 629 2462 685 θ’.
2494 631 2616 683 Μετ’
2646 630 2705 683 ού
2731 631 2860 683 πολὺ
2911 628 2970 685 δὲ
2999 633 3151 685 πάλιν
3197 635 3222 685 ὁ
3268 633 3518 708 ἀκέφαλος
3571 636 3787 712 Σεϐῆρος
3832 643 3923 697 τὴν

571 718 724 776 siam
750 719 995 775 turbare
1034 718 1301 786 tentavit,
1325 733 1512 774 unam
1542 733 1671 772 esse
1707 719 1987 772 naturam
2050 715 2192 771 Verb

2330 717 2647 776 Ἐκκλησίαν
2676 727 2839 791 κυκᾷν
2869 719 3158 792 ἐπεϐάλετο,
3184 728 3308 795 μίαν
3340 728 3492 795 φύσιν
3520 733 3611 777 τοῦ
3634 731 3804 798 Λόγου
3836 733 3923 779 καὶ

569 813 628 865 et
646 808 843 865 carnis
873 808 1116 864 docens.
1151 811 1352 879 Neque
1379 806 1521 862 satis
1550 805 1632 861 illi
1661 805 1789 873 fuit,
1822 805 1927 860 sed
1950 809 2006 862 et
2034 804 2187 860 libro

2327 815 2421 869 τῆς
2454 812 2650 881 σαρκὸς
2676 804 3013 881 δογματίζων
3037 832 3049 844 ·
3080 817 3169 863 καὶ
3198 809 3329 884 μηδ’
3361 811 3410 864 ἐν
3437 816 3604 885 τούτῳ
3632 817 3921 888 ἱστάμενος,

567 897 832 970 protulit,
864 900 922 953 et
945 897 1194 969 scriptas
1225 895 1743 968 interpretationes
1776 894 2139 966 composuit,
2166 910 2188 949 ε

2328 894 2457 948 ἀλλὰ
2486 902 2575 949 καὶ
2624 895 2839 969 βίϐλους
2872 902 3156 974 προφέρων,
3212 906 3303 954 καὶ
3360 901 3631 977 ἑρμηνείας
3667 908 3922 977 γραφικὰς

567 1002 888 1060 perperam
956 985 1293 1058 Scripturas
1358 984 1654 1057 exposuit.
1728 983 1861 1039 Fuit
1916 987 2119 1039 autem
2186 1020 2188 1031 ι

2330 988 2609 1052 συντιθεὶς,
2641 992 2730 1038 καὶ
2786 988 3231 1062 παρεξηγούμενος
3277 993 3369 1052 τὰς
3410 995 3631 1066 Γραφάς.
3670 993 3804 1051 Πλὴν
3834 999 3924 1047 καὶ

567 1078 779 1133 Menna
800 1074 1176 1130 sanctissimo
1206 1071 1718 1144 Constantinopoli
1764 1071 2054 1144 episcopo
2080 1084 2188 1126 con

2329 1074 2479 1135 οὗτος
2512 1077 2612 1127 ὑπὸ
2642 1083 2796 1134 Μηνᾶ
2825 1085 2915 1128 τοῦ
2947 1077 3241 1148 ἁγιωτάτου
3286 1082 3621 1153 πατριάρχου
3653 1088 3922 1134 Κωνσταν-

568 1164 907 1231 damnatus,
941 1163 1192 1235 ejusque
1223 1176 1409 1235 opera
1439 1160 1728 1217 oblivioni
1757 1160 1995 1224 tradita,
2052 1158 2189 1214 auxi

2327 1164 2661 1224 τινουπό).εως
2691 1171 3076 1241 κατακρίνεται,
3108 1173 3197 1220 καὶ
3225 1171 3291 1220 τὰ
3316 1172 3500 1221 τούτου
3533 1167 3771 1243 δόγματα
3796 1170 3920 1244 ἀφα-

563 1253 850 1312 liantibus
878 1256 1149 1324 Agapeto
1205 1254 1426 1319 Romae,
1477 1254 1644 1307 Petro
1695 1249 2112 1321 Hierosolyma:
2167 1264 2184 1304 ε

2327 1261 2498 1324 νισμῷ
2589 1252 2997 1329 παραδίδονται,
3085 1264 3541 1330 συνεπαμυνόντων
3625 1260 3924 1331 Ἀγαπητοῦ

564 1343 851 1416 Ephraim
876 1341 1222 1411 Antiochia,
1256 1344 1313 1395 et
1356 1338 1536 1395 simul
1587 1337 1847 1395 Soterico
1899 1337 2185 1410 Cappado

2326 1338 2543 1414 Ῥώμης,
2607 1347 2802 1418 Πέτρου
2860 1343 3247 1419 Ἱεροσολύμων,
3306 1351 3394 1399 καὶ
3450 1347 3673 1422 Ἐφραὶμ
3723 1350 3924 1403 Ἀντιο-

565 1433 696 1491 ciae.
725 1436 806 1487 Ac
834 1446 1042 1486 rursus
1064 1428 1338 1501 jucunda
1390 1433 1447 1484 et
1500 1427 1818 1500 splendida
1865 1433 1921 1484 et
1968 1426 2186 1500 paciﬁci

2325 1436 2501 1502 χείας,
2543 1436 2630 1483 καὶ
2679 1436 2811 1505 πρὸς
2863 1438 3063 1495 τούτοις
3116 1441 3423 1510 Σωτηρίχου
3486 1436 3868 1501 Καππαδοκίας
3911 1462 3922 1474 ·

563 1520 813 1580 victoria
849 1518 1281 1576 ecclesiasticas
1310 1533 1406 1574 res
1434 1517 1742 1574 recreavit.

2325 1524 2415 1572 καὶ
2441 1520 2575 1572 οὕτω
2604 1520 2757 1573 πάλιν
2788 1522 2941 1582 λευκή
2976 1544 3056 1586 τις
3082 1530 3198 1583 νίκη
3233 1530 3322 1577 καὶ
3355 1523 3555 1601 φαιδρὰ
3583 1533 3672 1580 καὶ
3698 1529 3929 1602 εἰρηναία

2326 1610 2651 1671 κατάστασις
2680 1619 2786 1674 τοῖς
2814 1610 3271 1675 ἐκκλησιαστικοῖς
3301 1610 3635 1688 ἐπεμειδίασε
3681 1621 3927 1693 πράγμα-

2184 1674 2203 1691 ι.

2244 1696 2288 1752 Β
2329 1715 2431 1754 σιν.

1797 1876 3909 1905 ________________________________

564 1876 1786 1899 Μ

1637 2093 2061 2184 NICET/E
2226 2095 2518 2185 (ΣΗοΝ
2535 2097 2841 2187 [AT/:E.

1314 2329 1418 2398 EX
1464 2328 1702 2397 LIBRO
1752 2329 1861 2396 XII
1910 2328 2299 2398 THESAURI
2348 2329 2871 2401 ORTHODOXAE
2919 2335 3127 2403 FIDEI

558 2728 650 2785 De
674 2726 1249 2796 Aphtartocetarum
1282 2723 1511 2779 haeresi.
1539 2721 1619 2777 Et
1644 2720 1771 2777 hac
1796 2721 1952 2776 actio
1979 2720 2179 2790 quinta

2343 2724 2440 2792 ιερὶ
2469 2728 2564 2783 τῆς
2584 2726 2829 2796 αιρέσεως
2858 2733 2955 2776 τῶν
2980 2724 3500 2801 Ἀφθαρτοδοκητῶν.
3535 2736 3634 2784 Καὶ
3664 2734 3693 2790 ἡ
3726 2718 3964 2809 πρᾶξις,

1055 2813 1281 2884 synodo
1305 2811 1712 2881 conjungitur.
2598 2814 2676 2864 αὖε

2598 2814 2729 2872 αὕτη
2762 2822 2824 2885 τῇ
2858 2819 3065 2888 πέμπτη
3103 2826 3366 2876 συνῆπται
3400 2817 3621 2891 συνόδῳ.

633 2934 682 2985 1.
710 2924 1077 2989 Theodatus,
1111 2918 1439 2977 Gothorum
1496 2917 1642 2985 dux,
1691 2932 1827 2972 cum
1866 2913 2205 3005 rahproprio

2386 2916 2454 2973 α’,
2485 2916 2750 2980 Θευδάτος
2779 2922 2805 2972 ὁ
2835 2930 2932 2973 τῶν
2961 2925 3161 2975 Γὸτθων
3193 2923 3449 2998 ἀρχηγός,
3474 2928 3572 2979 ύπό
3605 2928 3918 3005 Βελισαρίου

555 3016 808 3092 imperio
839 3011 1128 3069 decedere
1152 3009 1344 3064 victus
1365 3022 1402 3062 a
1432 3005 1711 3061 Belisario
1748 3003 2176 3077 periclitaretur

2312 3014 2404 3066 τῆς
2432 3006 2618 3069 οἰκείας
2643 3008 2819 3081 ἀρχῆς
2847 3011 3031 3063 τέλειον
3058 3014 3287 3065 ἐκπεσεῖν
3344 3012 3676 3083 κινδυτεύων,
3714 3003 3920 3075 στέλλει

555 3110 635 3168 ad
659 3107 1087 3179 imperatorem
1110 3096 1519 3154 Iustinianum
1549 3094 1814 3164 legatum
1841 3092 2017 3148 mittit
2055 3097 2176 3161 Aga

2311 3096 2383 3166 τῲ
2412 3094 2624 3167 βασιλεῖ
2651 3098 3001 3170 Ἰουστινιανῷ
3031 3101 3350 3173 πρεσϐευτὴν
3380 3105 3675 3175 Ἀγαπητόν
3700 3110 3787 3159 τὸν
3817 3120 3918 3175 τῆς

553 3203 762 3273 petum
790 3197 1132 3250 Romanum
1154 3187 1528 3260 episcopum.
1562 3183 1697 3250 Qui.
1737 3188 2063 3256 postquam
2093 3182 2174 3254 By

2308 3190 2510 3257 Ῥώμης
2535 3186 2804 3261 ἀρχιερέα.
2844 3188 2903 3241 Ὀ
2936 3186 3013 3256 δὲ,
3047 3190 3348 3243 καταλαϐὼν
3403 3197 3461 3245 τὸ
3493 3195 3792 3267 Βυζάντιον,
3818 3207 3918 3255 καὶ

553 3288 816 3346 zantium
847 3280 1119 3357 pervenit
1150 3277 1674 3346 Justinianumque
1722 3273 1890 3343 adiit,
1934 3273 2174 3345 primun

2309 3284 2381 3345 τῷ
2412 3275 2762 3347 Ἰουστινιανῴ
2790 3276 3015 3349 ἐντυχὼν
3049 3288 3248 3352 πρῷτον
3281 3287 3399 3354 περὶ
3437 3291 3569 3335 Θεοῦ
3599 3292 3687 3337 καὶ
3716 3295 3811 3349 τῆς
3841 3291 3918 3352 εἰς

554 3378 631 3435 de
661 3379 779 3431 Deo
804 3377 862 3429 et
885 3372 960 3427 de
987 3373 1149 3425 recta
1169 3368 1231 3423 in
1260 3382 1398 3421 eum
1422 3363 1543 3419 ﬁde
1573 3362 1830 3427 disserit,
1853 3368 1909 3418 et
1937 3361 2175 3417 Anthiiu

2311 3363 2465 3415 αὐτὸν
2494 3364 2648 3437 ὀρθῆς
2675 3363 2968 3437 διαλέγεται
2997 3373 3243 3436 πίστεως,
3277 3375 3365 3422 καὶ
3395 3376 3488 3431 τὴν
3520 3374 3591 3435 εἰς
3619 3377 3705 3425 τόν
3729 3378 3914 3449 θρόνον

552 3467 615 3524 in
644 3479 816 3521 novre
840 3464 1043 3517 Romae
1075 3458 1280 3512 sedem
1319 3454 1670 3509 electionem
1722 3451 1781 3507 in
1814 3467 2061 3507 causam
2093 3453 2173 3506 ad

2309 3461 2403 3513 τῆς
2440 3458 2555 3515 νέας
2583 3453 2782 3527 Ῥοὗιιιης
2813 3454 3086 3528 ἀναγωγὴν
3109 3466 3198 3510 τοῦ
3224 3458 3467 3532 Ἀνθίμου
3490 3461 3573 3513 ὑπ’
3595 3463 3765 3516 αἰτίαν
3796 3465 3916 3521 ἐπε-

552 3554 740 3622 ducit,
797 3566 869 3608 eo
924 3546 1091 3621 quod
1126 3561 1250 3602 non
1278 3542 1564 3600 canonice
1607 3540 1997 3613 Trapezunte,
2063 3557 2173 3613 qua

2309 3546 2512 3613 mimo,
2548 3544 2628 3595 ὅτι
2657 3563 2709 3595 τε
2733 3548 2804 3616 μὴ
2833 3554 3110 3606 κανονικῶς
3132 3546 3185 3598 ἐκ
3209 3550 3614 3622 Τραπεζοῦντος,
3646 3551 3675 3609 ἢ
3703 3561 3802 3605 τῶν
3835 3556 3915 3621 εἰς

550 3644 794 3701 urbium
817 3639 879 3696 in
910 3634 1327 3694 Pt-lemoniaco
1354 3635 1538 3688 Ponto
1568 3629 1814 3685 sitarum
1850 3629 2166 3702 metropoli

2307 3633 2394 3681 τόν
2438 3630 2819 3704 πολεμωνιακὸν
2874 3639 3057 3686 πόντον
3112 3641 3351 3708 κειμένων
3408 3638 3598 3691 πόλεων
3647 3646 3915 3714 τυγχάνει

550 3739 662 3800 est,
695 3723 1272 3798 Constantinopolim
1301 3719 1625 3778 translatus
1655 3722 1831 3783 esset,
1866 3722 1922 3773 et
1964 3734 2171 3789 perver

2306 3719 2645 3792 μητρόπολις,
2680 3722 2748 3784 εἰς
2769 3727 2855 3780 τὴν
2886 3730 3273 3777 Κωνσταντίνου
3322 3733 3673 3798 μετενήνεκτο,
3700 3737 3792 3785 καὶ
3823 3736 3912 3788 ὃτι

550 3840 631 3881 sae
667 3819 863 3880 Severi
900 3814 1188 3872 doctrinae
1241 3810 1537 3884 particeps
1589 3807 1822 3864 fuisset.
1869 3810 2166 3880 Imperato

2305 3813 2394 3860 καὶ
2424 3816 2517 3869 τῆς
2564 3809 2787 3883 Σεϐηρου
2836 3810 3149 3875 κακοδοξίας
3197 3820 3538 3887 μετέσχηκεν.
3566 3817 3624 3870 Ὀ
3655 3815 3715 3871 δὲ
3745 3818 3914 3892 βασι-

547 3918 748 3973 autem
782 3909 888 3983 qui
936 3901 1332 3978 imperatricis
1379 3897 1703 3955 Theodorae
1756 3897 1952 3953 studio
1995 3899 2168 3955 Anthi

2300 3896 2435 3962 λεύς,
2473 3896 2680 3972 σπουδῇ
2727 3908 2822 3963 τῆς
2866 3899 3143 3973 βασιλίδος
3183 3900 3455 3977 Θεοδὼρας
3510 3909 3596 3958 τόν
3649 3905 3910 3983 Ἀνθιμον

544 4019 717 4063 mum
746 3991 1342 4065 Constantinopolica
1371 3987 1516 4044 sede
1554 3987 1807 4058 dignum
1857 3994 2165 4046 censuerat

2299 3995 2394 4050 τῆς
2424 3986 2472 4039 ἐν
2522 3990 3059 4043 Κωνσταντινουπόλει
3106 3989 3367 4066 καθέδρας
3398 3993 3653 4066 ἠξιωκὼς,
3698 4005 3791 4059 τῆς
3818 4001 3908 4052 οἱ-

542 4091 789 4167 proprio
810 4086 967 4145 actui
991 4082 1246 4141 inhaesit.
1279 4081 1426 4136 Cum
1457 4082 1660 4167 autem
1696 4077 1944 4134 instaret
1989 4077 2163 4135 adhu.

2297 4082 2434 4138 κείας
2462 4076 2724 4150 ἀντείχετο
2754 4078 3003 4153 πράξεως.
3037 4079 3400 4155 Ἐνισταμένου
3443 4079 3491 4136 δ’
3518 4086 3592 4136 ἔτι
3629 4093 3720 4137 τοῦ
3757 4089 3906 4142 θείου

542 4165 786 4239 divinus
814 4179 1138 4248 Agapetus,
1173 4170 1393 4242 saepius
1425 4166 1479 4223 ei
1498 4166 1760 4222 minatus
1790 4166 2101 4239 respondit
2125 4186 2163 4223 St

2291 4165 2612 4238 Ἀγαπητοῦ,
2644 4167 2887 4229 πολλάκις
2908 4168 3047 4239 αύτῷ
3075 4170 3326 4230 ἠπείλησε
3370 4175 3549 4247 κύριος
3574 4171 3702 4227 εἶναι
3730 4174 3907 4249 λέγειν

538 4286 722 4347 posse
747 4268 914 4343 quod
936 4265 1134 4331 vellet,
1155 4262 1353 4318 dicere
1382 4262 1441 4316 et
1475 4258 1691 4315 facere.
1733 4257 2012 4314 lrridente
2040 4275 2159 4315 veri

2293 4263 2383 4310 καὶ
2438 4260 2680 4333 πράττειν
2730 4260 2755 4310 ὅ
2805 4256 3062 4331 βούλοιτὸ
3092 4262 3155 4321 ὡς
3213 4256 3263 4313 δ’
3309 4260 3519 4334 ἐπεγέλα
3560 4271 3632 4334 τῷ
3684 4263 3908 4337 βασιλεῖ

537 4344 869 4419 minantem
884 4357 1314 4429 imperatorem
1336 4364 1521 4422 seque
1542 4347 1635 4405 vel
1654 4351 1910 4404 mortem
1933 4347 2158 4405 libente

2296 4346 2588 4400 ἀπειλοῦντι
2612 4352 2702 4400 καὶ
2743 4344 2914 4409 ἡδέως
2943 4348 3002 4400 ἂν
3053 4345 3307 4412 δέξασθαι
3354 4355 3443 4403 καὶ
3495 4357 3699 4425 σφαγὴν
3752 4353 3908 4412 ἀντε-

536 4451 877 4508 subiturum
922 4443 1246 4506 dictitante,
1278 4440 1647 4511 beatumque
1677 4437 1802 4493 fore
1834 4436 1885 4492 si
1922 4436 2022 4493 tali
2063 4437 2157 4494 ﬁni

2291 4444 2446 4508 πῆγε,
2492 4441 2581 4489 καὶ
2627 4438 2886 4511 μακάριος
2941 4434 3071 4489 εἶναι
3116 4437 3303 4510 ἔλεγεν,
3348 4439 3392 4491 εἰ
3444 4444 3679 4494 τοιούτου
3720 4443 3908 4510 τέλους

535 4541 755 4612 dignus
798 4535 1142 4602 haberetur,
1164 4530 1278 4588 hac
1319 4529 1502 4600 hujus
1539 4527 1650 4583 viri
1687 4526 1892 4583 divina
1912 4526 2156 4584 libertati

2293 4525 2555 4591 ἀξιωθείη,
2590 4521 2791 4598 ᾐδέσθη
2823 4526 2848 4577 ὁ
2896 4525 3224 4601 αὐτοκράτωρ
3274 4531 3368 4586 τὴν
3411 4536 3502 4581 τοῦ
3534 4526 3724 4605 ἀνδρὸς
3754 4539 3908 4590 κατὰ

533 4627 1197 4700 obstupuitimperator,
1213 4623 1597 4689 mentemque
1615 4620 1859 4672 mutans
1876 4615 1950 4671 de
1972 4616 2154 4672 doctri

2292 4619 2421 4670 Θεὸν
2468 4615 2789 4690 παρρησίαν,
2844 4618 2934 4667 καὶ
2988 4615 3311 4688 μεταϐαλὼν,
3367 4619 3468 4670 ύπό
3540 4621 3765 4681 ζήτησιν
3836 4629 3904 4678 τὸ

531 4733 614 4776 na
644 4731 900 4774 examen
928 4711 1136 4771 haberi
1175 4709 1376 4782 jussit,
1407 4707 1878 4777 Anthimumque
1923 4721 1997 4760 ex
2040 4706 2152 4762 sedi

2291 4705 2466 4778 δόγμα
2486 4706 2797 4772 καθίστησι,
2829 4709 2920 4756 καὶ
2958 4709 3043 4757 τὸν
3074 4704 3324 4779 ’Ἂνθιμον
3380 4714 3470 4759 τοῦ
3499 4708 3696 4782 ,θρόνου
3746 4714 3908 4782 μεθί-

528 4806 812 4877 destituit,
837 4819 978 4860 cum
1004 4817 1194 4857 unum
1221 4798 1405 4855 modo
1426 4812 1656 4853 annum
1676 4810 1749 4850 ea
1770 4794 1984 4850 fruitus
2005 4801 2149 4852 esset

2290 4815 2479 4855 στησιν
2532 4794 2581 4846 ἓν
2630 4797 2737 4855 ἔτος
2788 4793 2948 4846 αὐτοῦ
3002 4793 3391 4861 ἀπολαύσαντα,
3451 4793 3802 4870 ἀντεισήγαγε
3834 4798 3906 4856 δὲ

526 4897 781 4968 ejusque
808 4894 872 4949 in
896 4892 1095 4947 locum
1139 4885 1443 4944 substituit
1499 4888 1754 4953 Menam,
1814 4882 2147 4939 Alexandri:

2286 4892 2486 4955 Μηνᾶν,
2520 4884 2790 4956 αὐχοῦντα
2818 4886 2907 4956 μὲν
2934 4881 3172 4958 πατρίδα
3194 4888 3288 4943 τὴν
3317 4883 3425 4936 κατ’
3461 4888 3721 4957 Αἴγυπτον
3746 4886 3902 4944 Ἀλε-

524 4984 774 5058 quidem
798 4982 864 5037 in
890 4980 1153 5051 Egypto
1193 4974 1537 5046 oriundum,
1584 4978 1819 5047 patrem
1876 4989 1949 5028 ex
1994 4972 2143 5044 huju

2286 4972 2580 5048 ξάνδρειαν,
2609 4971 2831 5046 ἐκφύντα
2870 4969 2919 5025 δ’
2943 4973 3047 5034 ἐνὸς
3075 4981 3172 5026 τῶν
3204 4972 3251 5025 ἐν
3273 4977 3435 5047 ταύτῃ
3484 4973 3763 5047 ἐπιφανῶν,
3799 4986 3904 5034 καὶ

522 5074 693 5132 urbis
721 5069 1141 5128 illustrissimis
1168 5068 1518 5137 habentem,
1541 5080 1779 5121 necnon
1818 5062 2143 5136 eloquentia

2283 5063 2442 5137 λόγων
2472 5064 2566 5116 ούκ
2598 5061 2919 5136 ἀνομιλήτως
2944 5064 3159 5135 ἔχοντα,
3184 5062 3417 5137 μάλιστά
3448 5083 3507 5137 γε
3549 5073 3648 5117 τῶν
3696 5067 3900 5124 θειοτέ-

520 5164 804 5239 peritum,
827 5160 1163 5231 divinaeque
1189 5156 1540 5231 prasertim.
1622 5150 1628 5155 ’
2280 5175 2402 5230 ρων.

592 5278 647 5329 2.
668 5274 997 5344 Postquam
1026 5268 1205 5341 igitur
1230 5267 1315 5323 sic
1336 5266 1755 5339 episcopatum
1793 5263 2051 5320 obtinuit
2079 5263 2170 5319 di-

2354 5261 2424 5333 β’.
2461 5269 2568 5323 Τῆς
2598 5259 2998 5335 ἀρχιερωσύνης
3029 5264 3199 5314 τοίνυν
3231 5267 3412 5323 Μηνᾶς
3449 5262 3473 5314 ό
3521 5263 3654 5325 θεῖος
3674 5270 3901 5336 τυχὼν,

515 5363 696 5422 vinus
719 5364 941 5430 Menas,
960 5363 1063 5415 aut
1092 5358 1289 5430 potius
1315 5360 1644 5429 postquam
1668 5354 1836 5410 illum
1857 5353 2136 5425 episcopa

2284 5351 2525 5424 ἣμάλλον
2566 5351 2730 5412 αὐτῆς
2780 5350 3161 5424 εὐτυχησάσης
3218 5358 3420 5419 τοῦτον,
3474 5356 3692 5425 μερικὴν
3757 5374 3905 5428 συγ-

514 5458 613 5513 tus
636 5451 878 5511 sortitus
906 5455 1013 5516 est,
1045 5448 1468 5522 particularem
1529 5444 1832 5518 synodum
1877 5458 2135 5500 convoca

2286 5448 2452 5515 ιιροτεῖ
2503 5437 2723 5494 σύνοδον
2782 5445 2876 5493 σὺν
2935 5449 3007 5512 τῷ
3063 5442 3217 5513 πάπᾳ
3286 5449 3359 5511 τῷ
3415 5441 3716 5512 Ἀγαπητῷ,
3798 5452 3907 5500 καὶ

512 5558 641 5605 una
676 5557 818 5603 cum
862 5555 1028 5617 papa
1072 5541 1362 5613 Agapeto,
1407 5539 1467 5595 et
1503 5532 1876 5596 anathemati
1925 5530 2133 5604 subjici

2289 5529 2560 5604 Ξιναθέματι
2625 5528 3008 5585 καθυποϐάλλει
3063 5529 3283 5607 Σεϐῆρον
3348 5534 3439 5585 καὶ
3479 5524 3729 5602 Εὐτυχῆ,
3796 5540 3910 5591 καί
