4106 6296
187 205 239 260 77
1576 207 1874 264 THESAUI

1987 207 2100 264 .IB.
2137 207 2251 263 XII.
3535 211 3608 267 78

188 334 378 403 Πέτρον,
434 334 536 384 τὸν
601 330 1031 406 Ἀλικαρνὰσέα
1094 331 1387 400 Ἰουλιανόν,
1453 335 1544 384 καὶ
1595 337 1874 407 Ζώπυρον

1987 334 2244 387 teverum
2273 331 2327 385 et
2352 328 2701 401 Eutychem,
2729 333 2787 387 et
2815 333 3071 401 Petrum,
3097 332 3401 390 Julianum
3433 331 3611 404 Haly-

191 417 458 493 [Ζωόραν],
548 426 656 473 καὶ
736 420 1032 494 Ἀνθεμόν,
1110 424 1177 484 ὡς
1258 420 1461 481 ἐκείνοις
1522 421 1843 494 ὁμόφροναςο

190 512 252 562 ἔτι
290 507 347 563 δὲ
390 510 443 562 ἐν
494 519 583 581 τῷ
644 511 941 583 Βυζαντίῳ
985 508 1183 584 διάγων
1222 513 1248 563 6
1294 514 1563 586 ἱερώτατος
1617 511 1849 582 Ἀγαπη-

192 604 284 665 τός,
346 604 443 652 τὸν
524 598 664 673 βίον
732 601 1085 673 μετήλλαξεν.
1149 601 1207 654 Ὀ
1263 605 1435 673 μέντοι
1491 606 1690 666 Μηνᾶς,
1754 598 1851 671 ξέπὶ

196 686 317 744 δέκα
378 696 480 744 καὶ
546 692 610 754 ἕξ
666 698 912 765 χρόνους
969 696 1066 750 τήν
1128 691 1436 749 Ἐκκλησίαν
1505 692 1698 761 ἰθύνας,
1757 694 1851 749 τὴν

204 781 333 840 ζωήν
385 780 696 848 κατέλυσε,
754 786 852 833 καὶ
912 780 1127 852 ἀνήχθη
1186 780 1252 841 εἰς
1315 786 1407 839 τὴν
1475 779 1854 855 ἀρχιερατικὴν

206 867 469 943 καθέδραν
526 880 597 930 τῆ
614 892 638 932 ς
699 875 823 932 νέας
866 871 1075 941 Ῥώμης
1122 870 1396 942 Εὐτύχιος,
1454 878 1547 923 τοῦ
1596 873 1855 944 μακαρίου

210 966 365 1016 Μηνά
423 959 482 1011 ἐκ
545 961 700 1020 θείας
769 963 1114 1031 προειπόντος
1164 958 1539 1030 ἀποκαλύψεως
1589 963 1652 1019 ὡς
1700 958 1858 1019 αὐτὸς

216 1053 295 1107 εἰη
346 1050 375 1100 ό
417 1051 621 1101 τούτου
678 1045 982 1119 διάδοχος·
1028 1047 1103 1120 ἐφ’
1134 1048 1193 1100 οὗ
1231 1054 1319 1101 καὶ
1361 1051 1390 1107 ἡ
1443 1053 1653 1121 πέμπτη
1704 1052 1859 1105 συνή-

223 1140 443 1213 θροιστο
484 1134 724 1199 σύνοδος
762 1146 867 1189 τῶν
916 1137 1016 1213 ρξε’
1065 1137 1224 1209 ἁγίων
1276 1142 1541 1213 Πατέρων,
1584 1140 1653 1198 ὡς
1702 1137 1858 1189 εἰπεῖν

226 1230 479 1299 ἕγθημεν,
537 1227 685 1279 κατά
737 1246 795 1279 τε
851 1233 943 1278 τοῦ
1006 1226 1300 1298 Ὠριγένους
1356 1230 1447 1278 καὶ
1502 1234 1601 1278 τῶν
1656 1224 1861 1277 ἀλλοκό-

228 1336 333 1368 των
392 1315 594 1368 ἐκείνου
642 1312 815 1377 δοξῶν
863 1319 955 1367 καὶ
1009 1323 1108 1367 τῶν
1159 1314 1544 1390 πρεσϐευόντων
1600 1317 1667 1366 τὰ
1730 1312 1861 1366 ἐκεί-

230 1425 348 1469 νου,
400 1401 644 1477 Διδύμου
677 1410 765 1456 καὶ
804 1404 1087 1478 Εὑαγρίου,
1131 1408 1314 1465 οἵτινες
1365 1412 1465 1456 τῶν
1507 1403 1697 1475 ψυχῶν
1738 1422 1861 1478 προ-

232 1494 466 1568 ὖπαρξιν
520 1490 902 1566 ἐδογμάτιζον,
952 1497 1045 1545 καὶ
1100 1493 1235 1553 τέλος
1300 1502 1396 1555 τῆς
1458 1492 1720 1553 κολάσεως
1766 1492 1865 1544 ἔλε-

233 1603 359 1655 γον,
402 1587 495 1635 καὶ
542 1590 645 1635 τῶν
692 1578 956 1654 δαιμόνων
1002 1581 1071 1642 εἰς
1115 1585 1173 1633 τό
1218 1580 1443 1657 ἀρχαῖον
1490 1579 1865 1633 ἀποκατάστα-

1957 435 2343 477 carnasseum
2366 423 2423 475 et
2451 421 2749 491 Zopyrum
2779 422 3227 488 etAnthimum,
3250 426 3470 478 utcum
3490 420 3609 477 illis

1958 507 2301 566 concordes.
2321 509 2580 580 Byzantii
2597 509 2795 566 adhuc
2814 526 3179 568 conversans
3192 511 3612 568 sanctissimus

1959 604 2258 671 Agapetus
2275 613 2627 670 supremum
2647 597 2806 655 diem
2830 600 2996 669 obiit,
3026 604 3225 658 Menas
3245 604 3448 657 tamen
3477 614 3616 657 sex-

1960 686 2156 743 decim
2173 703 2366 744 annos
2396 687 2545 743 rexit
2569 686 2911 754 Ecclesiam,
2946 693 3004 745 et
3023 695 3296 746 mortuus
3320 693 3426 746 est.
3454 691 3617 745 Tunc

1961 776 2025 832 in
2055 776 2463 849 episcopalem
2511 790 2684 832 novae
2724 779 2929 833 Romae
2965 779 3171 835 sedem
3203 778 3487 835 suffectus
3526 781 3620 835 est

1963 866 2315 937 Eutychius,
2373 870 2437 922 ut
2492 865 2698 923 divina
2747 866 3103 923 revelatione
3149 868 3366 925 beatus
3416 869 3619 924 Menas

1963 954 2341 1027 praedixerat.
2372 955 2500 1020 Quo
2531 954 2953 1028 episcopatum
2993 960 3256 1027 gerente,
3287 960 3624 1016 convocata

1967 1050 2058 1101 est
2086 1045 2296 1117 quinta
2321 1044 2612 1116 synodus,
2640 1049 2704 1101 ut
2733 1046 2901 1118 prius
2933 1046 3221 1117 diximus,
3250 1050 3491 1103 centum
3522 1062 3626 1104 sex

1968 1138 2025 1189 et
2050 1134 2362 1203 sexaginta
2383 1136 2640 1200 Patrum,
2671 1139 2880 1191 contra
2906 1136 3220 1206 Origenem
3243 1140 3301 1191 et
3322 1134 3623 1192 absurdas

1970 1223 2099 1294 ejus
2130 1222 2448 1294 opiniones
2493 1227 2550 1279 et
2579 1239 2680 1279 eos
2711 1224 2817 1296 qui
2847 1225 2978 1295 ejus
3016 1224 3353 1281 doctrinam
3384 1223 3624 1295 docent,

1971 1310 2299 1383 Didymum
2344 1315 2401 1367 et
2438 1311 2778 1383 Evagrium,
2809 1312 2915 1384 qui
2957 1313 3301 1369 animarum
3342 1312 3625 1386 praeexsi-

1972 1401 2251 1457 stentiam
2281 1401 2715 1473 praedicabant,
2742 1407 2800 1457 et
2826 1418 3146 1475 poenarum
3184 1403 3391 1472 ﬁnem,
3423 1406 3482 1458 et
3503 1401 3628 1458 dae-

1972 1505 2223 1546 monum
2281 1489 2342 1545 in
2396 1490 2719 1562 pristinum
2775 1496 2999 1547 statum
3062 1491 3523 1562 restitutionem,
3573 1494 3632 1546 et

1973 1579 2166 1635 multa
2194 1580 2311 1635 alia
2343 1598 2356 1648 ;
2393 1580 2500 1635 sed
2532 1585 2587 1637 et
2617 1586 2825 1637 contra
2865 1581 3245 1637 Theodorum
3277 1584 3630 1654 Mopsuestte

235 1692 361 1737 σιν,
414 1676 506 1723 καὶ
555 1674 708 1743 ἔτερα
758 1671 988 1723 πλείονα·
1041 1669 1169 1723 ἀλλὰ
1218 1675 1307 1723 καὶ
1352 1674 1439 1723 τόν
1497 1669 1868 1741 Μοψουεστίας

1987 1668 2224 1723 Nestorii
2244 1667 2581 1724 doctrinam
2604 1674 2955 1739 sectantem,
2984 1674 3277 1742 praesente
3305 1669 3369 1725 in
3395 1667 3632 1741 synodo

238 1758 529 1836 Θεόδωρον
576 1763 645 1812 τὰ
693 1764 983 1833 Νεστορίου
1044 1767 1362 1835 φρονοῦνται
1422 1764 1671 1835 παρόντος
1716 1758 1763 1811 ἐν
1801 1767 1863 1833 τῇ

1036 1854 1406 1906 ’1ουστινιανοῦ
1479 1858 1570 1906 καὶ
1625 1852 1871 1908 συνευδο-

234 1954 470 2006 κοῦντος
524 1944 602 2005 οἷς
647 1945 696 1995 οἱ
752 1945 880 1996 θεῖοι
937 1948 1158 2017 Πατέρες
1212 1942 1453 2015 θεοφιλῶς
1501 1940 1870 2015 ἐδογμάτιζον.

236 1853 466 1927 συνόδῳ
529 1861 625 1906 τοῦ
692 1852 958 1927 βασιλέως

318 2034 399 2104 γ’.
459 2032 600 2087 Ἀλλ’
652 2035 796 2084 οὔπω
851 2040 1069 2104 σνχνῶς
1124 2035 1473 2105 παριππεύκει
1522 2035 1723 2107 καιρὸς,
1783 2036 1874 2084 καὶ

233 2126 265 2174 6
342 2132 452 2174 τῶν
517 2122 765 2182 ζιζανίων
836 2124 1058 2194 σπορεύς
1126 2117 1346 2193 δαίμων,
1416 2125 1510 2179 τὴν
1573 2121 1873 2174 εὐστάθειαν

232 2217 341 2263 καὶ
403 2213 735 2263 κατάστασιν
788 2219 882 2271 τῆς
931 2209 1244 2270 Ἐκκλησίας
1302 2206 1565 2282 μηδαμῶς
1598 2211 1721 2283 όρᾲν
1767 2209 1877 2262 ἀνε-

228 2307 503 2374 χόμενος,
545 2308 652 2361 τοῖς
693 2302 907 2375 σαθροῖς
952 2296 1219 2370 δόγμασιν
1246 2319 1260 2332 ·
1303 2301 1476 2373 ὥσπερ
1524 2304 1637 2352 τισὶ
1697 2319 1876 2372 μηχα-

227 2400 362 2452 ναῖς
426 2388 782 2443 διασαλεῦσαι
845 2392 1042 2447 ταύτην
1104 2393 1191 2440 καὶ
1255 2388 1562 2441 καταϐαλεῖν
1622 2395 1876 2463 πειρώμε-

228 2500 355 2548 νος,
422 2479 757 2552 βλασφημεῖν
809 2498 954 2540 τινας
1007 2476 1268 2530 ἀνέπεισεν
1318 2479 1388 2539 ὡς
1437 2477 1485 2529 ἐν
1525 2482 1877 2552 προσχήματι

229 2568 546 2635 εὐσεϐείας,
595 2572 677 2621 ότι
724 2570 755 2626 ἠ
804 2567 863 2620 ἐκ
902 2577 1000 2627 τῆς
1050 2566 1201 2638 ἁγίας
1249 2568 1510 2639 Ηαρθένου
1550 2576 1622 2637 τῷ
1663 2574 1878 2641 Χριστῷ

226 2658 665 2731 προσληφθεῖσα
728 2656 865 2729 σὰρξ
912 2660 1014 2731 πρὸ
1065 2662 1157 2707 τοῦ
1209 2657 1409 2717 πάθους
1479 2657 1707 2731 ἄθαρτος
1775 2653 1873 2714 ἦν’

228 2753 336 2799 καὶ
402 2755 495 2798 τοῦ
549 2745 808 2818 βασιλέως
855 2753 919 2818 τῇ
975 2743 1190 2816 ἀσεϐείᾳ
1240 2752 1329 2796 τοῦ
1391 2741 1653 2817 δόγματος
1705 2745 1881 2816 ὑπαχ-

234 2837 453 2905 θέντος,
523 2836 855 2906 καθαιρειται
921 2851 1014 2885 του
1078 2834 1259 2904 θρόνου
1314 2837 1404 2884 καὶ
1463 2831 1797 2884 ἀπελαύνεται
1854 2831 1879 2882 ὁ

228 2928 426 2994 μέγας
478 2922 769 2994 Εὗτύχιος,
826 2925 884 2974 τὸ
945 2918 1199 2981 δυσσεϐὲς
1252 2928 1345 2972 τοῦ
1383 2919 1752 2993 προϐλήματος
1795 2919 1879 2982 ἐξ-

1975 1757 2338 1829 imperatore
2376 1756 2712 1814 Justiniano
2754 1762 2810 1814 et
2843 1758 3131 1814 doctrinis
3163 1757 3426 1828 favente,
3476 1772 3636 1831 quas

1978 1845 2162 1902 divini
2192 1846 2395 1903 Patres
2426 1847 2764 1904 secundum
2796 1849 2983 1903 Deum
3007 1846 3326 1905 docebant.

2052 2027 2105 2079 3.
2159 2022 2273 2079 Sed
2311 2023 2587 2080 nondum
2630 2023 2889 2080 multum
2929 2023 3239 2081 efﬂuxerat
3276 2028 3533 2098 tempus,
3578 2029 3638 2082 et

1981 2112 2349 2168 zizaniarum
2392 2113 2724 2169 seminator
2779 2112 3040 2180 dtemon,
3079 2113 3313 2170 felicem
3362 2114 3637 2171 Ecclesia

1985 2205 2205 2258 statum
2235 2205 2293 2257 et
2330 2201 2822 2274 tranquillitatem
2869 2216 3027 2271 aegre
3068 2201 3288 2266 ferens,
3342 2202 3639 2275 corruptis

1985 2290 2371 2360 dogmatibus
2396 2295 2693 2363 tanquam
2722 2291 3023 2348 machinis
3045 2307 3179 2347 eam
3207 2292 3560 2364 perturbare
3584 2295 3643 2349 et

1986 2384 2248 2437 evertere
2269 2385 2542 2450 conatus,
2571 2379 2877 2436 nonnullis
2900 2380 3206 2453 persuasit
3221 2386 3285 2437 ut
3300 2381 3415 2438 sub
3442 2380 3641 2453 specie

1984 2469 2219 2541 pietatis
2241 2470 2735 2542 blasphemarent
2749 2470 3016 2527 dicentes
3038 2486 3175 2527 eam
3194 2486 3436 2528 carnem
3456 2486 3645 2544 quam

1987 2574 2059 2615 ex
2090 2560 2474 2617 sanctissima
2495 2560 2729 2631 Virgine
2757 2559 3021 2617 Christus
3045 2565 3481 2633 assumpserat,
3507 2564 3645 2617 ante

1987 2649 2335 2721 passionem
2375 2648 2893 2721 incorruptibilem
2931 2649 3136 2705 fuisse.
3189 2653 3254 2706 Et
3284 2651 3647 2723 imperatore

1989 2738 2262 2794 doctrina
2290 2739 2404 2794 hac
2433 2738 2620 2810 impia
2650 2739 2917 2809 seducto,
2953 2755 2989 2796 a
3015 2755 3128 2796 sua
3158 2739 3298 2796 sede
3327 2740 3650 2812 deponitur

1989 2831 2046 2883 et
2071 2826 2382 2899 expellitur
2411 2842 2672 2896 magnus
2701 2827 3050 2899 Eutychius,
3080 2829 3187 2900 qui
3215 2829 3398 2899 hujus
3424 2843 3647 2901 propo-

1992 2915 2222 2971 sitionis
2269 2915 2639 2986 impietatem
2682 2916 3178 2988 reprehendebat.
3232 2916 3543 2973 Amasiam
3584 2917 3649 2973 in

230 3012 518 3084 εὶέ-ιχων.
585 3016 683 3064 Καὶ
738 3012 763 3061 6
980 3011 1250 3083 ὑπερόριος
1316 3014 1516 3080 γίνεται
1581 3009 1652 3072 εἰς
1716 3008 1874 3082 Ἀμά-

1991 3005 2269 3061 exsilium
2298 3004 2567 3070 mittitur,
2600 3004 2705 3060 ubi
2734 3004 3054 3060 asceticam
3096 3005 3288 3062 vitam
3337 3004 3645 3075 transegit.

232 3118 435 3167 σειαν,
478 3102 604 3153 ἔνθα
631 3105 844 3160 καὶτῆς
885 3097 1125 3156 ἀσκητοῡ
1167 3096 1376 3170 ἀγωγῆς
1420 3101 1591 3170 εἴχετο
1617 3119 1629 3132 ·
1672 3096 1881 3150 ἀντεισ-

230 3192 451 3260 άγεται
498 3186 559 3242 δι
608 3190 957 3261 πατριάρχης
1014 3189 1041 3239 ό
1109 3185 1208 3240 ἀπὸ
1268 3186 1635 3259 σχολαστικῶν
1701 3187 1883 3241 Ἰωάν-

226 3298 362 3345 νης,
396 3279 739 3349 Ἀντιοχείας
764 3278 832 3328 ὢν
870 3276 1292 3352 ἀποκρισιάριος.

313 3364 397 3421 δ’.
462 3372 689 3440 Λέγεται
745 3363 806 3418 δὲ
873 3367 1249 3427 Ἰουστινιανὸς
1297 3367 1441 3438 παρὰ
1485 3373 1584 3419 τῶν
1640 3365 1708 3416 τὰ
1766 3381 1882 3417 κατ’

232 3456 419 3508 αὐτὸν
497 3459 941 3529 συγγεγραφότων
1018 3461 1269 3507 τοσοῦτον
1339 3454 1543 3527 θεοφιλῆ
1626 3456 1740 3528 ἔρον
1815 3452 1884 3514 εἰς

234 3551 333 3597 τόν
390 3548 636 3619 Χριστόν
685 3549 906 3617 τρέφειν,
960 3545 1155 3605 ὁπόσος
1208 3540 1379 3596 οὐδενὶ
1425 3551 1527 3595 τῶν
1572 3547 1672 3618 πρό
1722 3541 1882 3594 αὐτοῦ

234 3653 296 3686 τε
347 3641 459 3686 καὶ
500 3634 614 3707 μετ’
655 3633 812 3685 αὐτὸν
857 3631 1072 3706 βασιλεῖ
1121 3634 1249 3704 μετὰ
1295 3651 1355 3704 γε
1388 3635 1475 3684 τὸν
1514 3630 1561 3683 ἐν
1602 3630 1884 3704 βασιλεῦσι

235 3729 647 3796 τρισμὲγιστον
747 3729 1134 3775 Κωνσταντῖνον
1220 3719 1661 3796 ἒπιμαρτύρεται-
1752 3721 1884 3772 ὥστε

237 3820 339 3866 uti.
386 3812 567 3866 πολλὰ
615 3820 718 3865 τῶν
766 3810 955 3885 βιαίων
1006 3807 1081 3863 δι’
1128 3810 1279 3862 αὐτόν
1320 3810 1589 3883 εἰργάζετο
1616 3833 1628 3844 ·
1679 3813 1796 3871 τούς
1829 3828 1882 3862 τε

242 3906 351 3977 γὰρ
418 3906 759 3976 Σαμαρείτας
822 3908 913 3961 τῆς
980 3900 1172 3960 οἰκείας
1225 3900 1468 3974 αἱρέσεως
1525 3904 1595 3972 μὴ
1658 3898 1882 3971 ἀφιστα-

246 3999 449 4063 prima;
518 3994 778 4050 παντοίως
843 3988 1096 4054 ἐκάκωσε,
1158 3993 1248 4041 καὶ
1310 3993 1429 4051 τοὺς
1490 3987 1758 4064 Ἐϐραίους
1823 3988 1881 4040 οὗ

256 4081 555 4156 ξυνεχώρει
598 4084 659 4133 τό
706 4076 845 4132 ἴδιον
894 4082 1098 4151 Πάσχα
1140 4082 1239 4152 πρὸ
1292 4088 1389 4135 τῶν
1434 4086 1765 4154 Χριστιανῶν
1806 4079 1885 4131 ἐκ-

258 4171 440 4238 τελεῖν,
491 4176 584 4223 καὶ
624 4177 688 4243 τῇ
737 4177 834 4221 τῶν
877 4164 1384 4241 Ἀφθαρτοδοκητῶν
1425 4165 1553 4240 δόξῃ
1590 4172 1880 4241 προσέσχε,

262 4281 325 4331 5n;
384 4259 698 4334 ὶμϐαθὺνων
754 4265 828 4327 τῷ
874 4254 1130 4329 δόγματι,
1186 4266 1247 4330 τῇ
1293 4253 1353 4310 δε
1407 4261 1649 4330 σημασίᾳ
1686 4266 1775 4317 τῆς
1808 4256 1885 4309 λέ-

268 4349 378 4410 iam;

270 4444 486 4491 τοιοῦτον
547 4458 601 4491 τι
666 4439 791 4509 περὶ
850 4440 1095 4508 Χριστοῦ
1148 4432 1503 4496 ένωτίζεσθαι.
1562 4432 1881 4489 Δωδέκατον.

277 4523 326 4579 δε
374 4536 565 4603 χρόνον
618 4525 670 4580 ἓν
727 4532 793 4597 τῇ
850 4525 1108 4598 ὑπερορίᾳ
1145 4522 1442 4585 τελέσαντος
1476 4524 1767 4596 Εὐτυχίου,
1809 4529 1884 4596 γί-

275 4634 395 4669 νεται
442 4624 535 4693 μὲν
596 4615 655 4680 ἐξ
728 4612 1030 4687 ἀνθρώπων
1098 4611 1122 4661 6
1175 4609 1420 4683 βασιλεὺς
1485 4613 1884 4673 Ἰουστινιανός·

275 4709 488 4764 καταλύει
530 4705 595 4763 δι
656 4709 758 4759 τὸν
820 4699 949 4774 βίον
1008 4703 1097 4750 καὶ
1152 4698 1390 4764 Ἰωάννης
1448 4703 1474 4753 6
1534 4705 1886 4777 πατριάρχης.

274 4796 520 4854 ἰσνετίνου
594 4794 662 4851 δὲ
735 4796 838 4845 καὶ
906 4786 1152 4859 Τιϐερίου
1212 4788 1294 4843 ἐπὶ
1358 4791 1426 4843 τὰ
1490 4798 1735 4866 σκῆπτρα
1798 4800 1893 4854 τῆς

267 4887 503 4961 βασιλείας
572 4885 985 4959 ἀναχθέντων,
1046 4875 1284 4951 λαμπρῶς
1333 4888 1428 4943 τῆς
1491 4877 1745 4933 ἕπανόδου
1801 4885 1892 4934 καὶ

263 4977 503 5048 δεξιὼσεως
562 4976 737 5054 παρά
806 4985 879 5021 τε
946 4970 1054 5015 τῶν
1112 4963 1362 5037 βασιλέων
1421 4968 1589 5021 αὐτῶν
1646 4974 1736 5021 καὶ
1793 4977 1892 5021 τῶν

254 5072 288 5127 ὸ
336 5077 449 5131 τελει
512 5073 759 5129 πάντων
845 5055 1056 5123 τυχὼν
1114 5054 1361 5129 Εὐτύχιος
1433 5056 1711 5131 ἀναθεματι
1770 5060 1896 5111 καθ-

248 5169 471 5224 Mm“
522 5166 670 5223 τσὺς
728 5147 1057 5223 ἀςνηθαρτον
1113 5146 1166 5194 τὸ
1217 5155 1307 5199 τοῦ
1360 5152 1555 5222 Κυρίου
1608 5154 1763 5219 σῶμα
1793 5150 1894 5221 πρὸ

776 5239 1112 5305 λέγοντας·
1166 5240 1250 5288 καὶ
1316 5239 1479 5291 θανὼν
1545 5238 1791 5295 κατετέθη
1848 5235 1897 5289 ἓν

832 5329 970 5376 τῶν
1047 5314 1215 5388 Ἀνίων
1271 5326 1599 5381 Ἀποστόλων
1655 5334 1755 5379 τῶν
1812 5345 1900 5400 με·

799 5399 1079 5494 ρηπῖδα
1120 5416 1206 5473 τῆς
1246 5415 1395 5489 ἁγίας
1432 5415 1718 5493 τραπέζης,
1783 5399 1903 5470 ἔνθα

239 5271 301 5327 τξς
333 5261 698 5319 ἀναστάσεως

316 5345 724 5421 ἀνσιαστηρίῳ

206 5458 326 5535 W757
365 5448 501 5509 κατὰ
558 5438 695 5495 τὴν
752 5440 797 5474 κ

194 5575 317 5632 tum
339 5543 602 5620 λείψαναο

1990 3094 2131 3165 Ejus
2160 3094 2223 3149 in
2252 3093 2383 3149 loco
2415 3092 2703 3149 sutﬁcitur
2745 3093 3088 3165 patriarcha
3115 3093 3369 3166 quidam
3397 3093 3486 3151 vir
3512 3108 3649 3151 eru-

1990 3182 2340 3251 ditissimus,
2374 3183 2655 3250 Joannes,
2683 3182 3008 3239 Antiochiae
3034 3182 3482 3256 apocrisiarius.

2061 3361 2114 3415 4.
2158 3359 2379 3417 Dicitur
2425 3362 2629 3417 autem
2664 3360 3037 3418 Justinianus
3076 3359 3154 3418 ab
3199 3360 3271 3418 iis
3312 3360 3419 3435 qui
3457 3361 3533 3418 de
3577 3377 3649 3419 eo

1990 3451 2357 3523 scripserunt
2402 3466 2676 3507 amorem
2721 3451 2785 3507 in
2829 3452 3128 3509 Christum
3168 3452 3413 3519 aluisse,
3453 3452 3649 3526 qualis

1990 3540 2139 3598 nulli
2184 3546 2321 3597 ante
2368 3556 2508 3597 eum
2546 3544 2604 3597 et
2642 3545 2781 3613 post
2818 3557 2958 3597 eum
2996 3541 3365 3614 imperatori,
3397 3545 3649 3614 excepto

1990 3635 2192 3687 tamen
2222 3629 2490 3712 maximo
2519 3629 2673 3686 inter
2700 3629 3091 3702 imperatores
3119 3631 3528 3696 Constantino,
3553 3630 3649 3687 tri-

1988 3719 2229 3788 buitur;
2277 3719 2362 3775 ita
2404 3724 2469 3775 ut
2506 3719 2696 3775 multa
2731 3719 2873 3776 inde
2911 3720 3201 3776 violenter
3230 3725 3518 3793 operatus
3551 3719 3644 3776 sit.

1991 3807 2185 3864 Multis
2210 3806 2409 3864 modis
2440 3809 2853 3865 Samaritanos
2872 3824 2908 3864 a
2929 3810 3173 3881 propria
3188 3808 3405 3865 haeresi
3422 3823 3541 3864 non
3558 3822 3648 3863 re-

1990 3896 2271 3954 cedentes
2299 3896 2455 3953 male
2481 3896 2711 3963 habuit,
2736 3896 3116 3969 Hebraeisque
3146 3896 3331 3953 vetuit
3357 3912 3433 3953 ne
3464 3911 3648 3952 suum

1989 3986 2220 4043 Pascha
2237 3992 2375 4043 ante
2397 3985 2763 4042 Christianos
2784 3984 3181 4055 celebrarent;
3210 3990 3390 4060 atque
3419 3984 3648 4059 Aphar-

1991 4074 2404 4131 todocetarum
2435 4073 2648 4130 haeresi
2683 4073 2953 4141 adhaesit,
2994 4090 3118 4130 non
3155 4074 3384 4145 dogma
3410 4072 3648 4149 procul-

1992 4180 2157 4232 cans,
2218 4162 2325 4219 sed
2382 4163 2546 4221 vocis
2602 4162 3038 4233 signiﬁcatione
3103 4163 3392 4233 offensus,
3449 4179 3648 4237 neque

1996 4252 2299 4309 sustinens
2346 4251 2703 4322 hujusmodi
2763 4251 2991 4325 aliquid
3038 4253 3112 4309 de
3153 4253 3382 4310 Christo
3418 4253 3647 4310 audire.

486 4346 965 4423 δριμυσσόμενος,
1060 4350 1148 4397 καὶ
1225 4342 1486 4418 μηδαμῶς
1573 4344 1874 4419 ἀνεχόμενος

1996 4341 2430 4399 Duodecimum
2443 4340 2572 4412 jam
2586 4357 2811 4397 annum
2831 4341 3146 4399 exsulabat
3162 4342 3651 4415 Eutychius,cum

1997 4448 2070 4489 ex
2094 4429 2445 4487 hominibus
2477 4430 2758 4500 migravit
2777 4430 3105 4504 imperator
3128 4432 3514 4488 Justinianus.
3542 4429 3655 4487 Ex-

1996 4521 2172 4579 cessit
2187 4539 2215 4575 e
2237 4520 2357 4577 vita
2379 4522 2706 4577 etJoannes
2723 4521 3086 4593 patriarcha.
3100 4524 3430 4595 Postquam
3450 4524 3653 4579 autem

1995 4611 2260 4668 Justinus
2307 4614 2365 4665 et
2405 4609 2673 4666 Tiberius
2709 4610 2789 4666 ad
2830 4610 3061 4681 regiam
3093 4610 3447 4681 dignitatem
3472 4609 3656 4667 evecti

1998 4706 2157 4764 sunt,
2195 4698 2506 4772 splendide
2548 4704 2684 4773 post
2716 4699 2974 4756 reditum
3022 4706 3304 4773 exceptus
3331 4705 3420 4756 est
3447 4698 3521 4756 ab
3547 4699 3654 4756 im-

1998 4788 2377 4863 peratoribus
2400 4789 2747 4861 Eutychius,
2777 4790 3265 4862 anathematique
3282 4788 3536 4861 subjecit
3554 4803 3658 4845 eos

1999 4878 2105 4952 qui
2156 4878 2609 4950 incorruptibile
2662 4878 2899 4934 Domini
2937 4893 3159 4950 corpus
3211 4881 3347 4935 ante
3402 4891 3663 4934 resurre-

2002 4969 2260 5025 ctionem
2305 4983 2435 5023 esse
2479 4967 2781 5035 dicebant,
2811 4973 3207 5041 mortuusque
3234 4966 3546 5042 depositus
3576 4969 3667 5024 est

2000 5058 2063 5114 in
2093 5055 2264 5114 altari
2295 5060 2641 5113 sanctorum
2681 5070 3171 5129 magnorumque
3210 5055 3665 5130 Apostolorum,

2004 5163 2191 5220 prope
2216 5146 2610 5207 sanctissimae
2640 5162 2865 5203 mensae
2895 5146 3380 5213 fundamentum,
3414 5144 3519 5202 ubi
3553 5145 3670 5199 An-

2006 5236 2166 5293 dreae
2215 5241 2272 5294 et
2312 5234 2603 5293 Timothei
2648 5244 2706 5293 et
2757 5237 2928 5292 Luca:
2980 5237 3201 5292 sanctis
3253 5233 3520 5307 reliquiae
3573 5230 3672 5302 ja-

2012 5329 2168 5383 cent.

2011 5411 2263 5490 Ἀνδρέου
2330 5418 2420 5468 καὶ
2482 5416 2737 5489 Τιμοθέου
2802 5417 2893 5467 καὶ
2958 5416 3129 5467 Δουκᾶ
3187 5414 3255 5464 τὰ
3314 5410 3444 5482 ἅγια
3505 5401 3676 5458 κατοί-
