4106 6296
572 212 643 266 79
1914 210 2181 266 NICETIE

2313 211 2594 270 ONIATE
3844 224 3910 281 80

642 338 696 389 5.
726 334 905 390 Erant
928 335 1131 390 autem
1151 332 1669 406 Aphtartodocetze
1690 334 1794 408 qui
1816 336 1895 390 aJ
1905 334 2225 393 ulianoHa—
2252 336 2301 391 Α

568 422 933 481 licaruasseo
980 426 1037 479 et
1095 422 1321 480 Gaiano
1375 422 1779 480 Alexandrino
1827 424 2121 481 Julianitae
2169 430 2226 482 et

569 512 853 570 Gaianitaa
884 512 1268 578 dicebantur;
1293 514 1397 585 qui
1422 514 1666 586 quidem
1696 514 1755 570 in
1784 513 1913 571 aliis
1930 514 2224 584 dogmati-

564 601 684 659 bus
707 619 847 659 cum
879 604 1095 659 Severo
1134 603 1500 660 conveniunt
1537 603 1800 661 dicentes
1845 605 2220 678 impossibile

566 708 696 749 esse
718 696 997 748 naturam
1026 708 1133 765 per
1164 708 1227 748 se
1257 692 1581 749 subsistere
1611 694 1757 767 quin
1788 694 1848 749 in
1873 694 2219 751 indivisibili

563 782 835 855 quodam
886 780 1156 852 subjecto
1205 782 1635 838 consideretur.
1688 782 2006 848 Quomodo
2053 785 2218 840 enim

565 876 723 928 esset
749 870 967 944 lapidis
991 876 1045 927 et
1065 870 1209 942 ligni
1238 886 1362 926 una
1390 871 1754 944 hypostasis,
1777 872 1839 927 id
1857 877 1945 929 est
1968 873 2216 929 unicum

561 958 920 1017 indivisibile
943 959 1282 1031 subjectum
1308 960 1336 1016 ?
1366 963 1454 1029 Et,
1478 961 1524 1016 si
1554 977 1778 1017 nomen
1805 961 2067 1018 Christus
2089 978 2215 1019 non

561 1050 881 1107 essentiam
935 1049 1182 1120 indicat,
1234 1048 1340 1104 sed
1399 1048 1620 1122 aliquid
1678 1066 1886 1107 eorum
1945 1067 2082 1124 quae
2138 1068 2211 1107 ex

557 1138 817 1196 duarum
843 1142 1197 1195 naturarum
1222 1140 1445 1195 unione
1471 1138 1628 1195 facta
1659 1145 1797 1195 sunt
1825 1159 1837 1209 ;
1870 1140 1984 1195 hoc
2006 1144 2209 1196 autem

554 1226 704 1283 nihil
733 1227 897 1284 aliud
924 1232 1017 1288 est
1056 1243 1245 1300 quam
1279 1226 1539 1284 duarum
1579 1232 1933 1285 naturarum
1965 1229 2117 1284 inter
2146 1244 2208 1284 se

552 1315 815 1387 habitus,
857 1316 907 1372 si
954 1321 1157 1373 autem
1197 1320 1254 1373 et
1296 1315 1432 1372 duas
1471 1322 1702 1374 naturas
1748 1323 1890 1390 post
1920 1318 2206 1373 unionem

552 1410 991 1476 remanserunt,
1042 1405 1377 1462 secundum
1432 1407 1612 1476 igitur
1676 1407 1871 1463 solum
1928 1407 2204 1463 habitum

550 1496 711 1553 facta
732 1499 819 1552 est
847 1494 1107 1551 duarum
1135 1498 1489 1552 naturarum
1509 1496 1663 1552 inter
1684 1513 1745 1553 se
1771 1496 1934 1568 unio,
1959 1502 2026 1552 ut
2054 1496 2202 1552 dum

549 1585 749 1654 agitur
786 1585 861 1641 de
910 1584 1091 1641 choro
1131 1589 1188 1642 et
1230 1585 1413 1641 domo
1459 1590 1515 1641 et
1552 1586 1699 1643 urbe
1729 1592 1786 1643 et
1814 1586 2114 1660 lapidibus
2145 1591 2202 1642 et

3430 346 3440 355 ο
3510 343 3522 353 η
3583 347 3593 361 δ

2410 336 2464 396 ε’,
2520 337 2689 390 Ἦσαν
2748 334 2808 389 δὲ
2864 337 3351 412 Ἀφθαρτοδοκῆται
3394 346 3443 397 οἱ
3500 343 3601 398 ἀπὸ
3650 345 3910 400 Ἰουλιανοῦ

2334 434 2425 479 τοῦ
2483 426 2888 501 Ἃλικαρνασέως
2959 433 3049 481 καὶ
3109 436 3329 485 Γαῑανοῦ
3395 442 3485 486 τοῦ
3556 433 3911 511 Ἀλεξανδρέως

2331 514 2592 588 λεγόμενοι
2646 516 2976 569 Ἰουλιανῖται
3022 524 3111 571 καὶ
3165 526 3453 590 Γαῐανῑται,
3513 528 3691 586 οἵτινες
3740 528 3784 577 ἐν
3827 528 3907 597 μεν

2330 613 2439 668 τοῖς
2497 605 2667 667 οῦιλοις
2725 602 2963 679 δόγμασι
3007 617 3078 679 τῷ
3121 608 3326 684 Σεϐήρῳ
3374 617 3721 687 συμφέρονται
3754 615 3912 685 λέγον-

2327 714 2410 757 τες
2452 692 2704 747 ἀδύνατον
2753 692 2880 748 εἶναι
2938 699 3091 769 φύσιν
3136 700 3427 759 ὑποστῆναι
3469 704 3586 754 καθ’
3645 704 3798 761 αὑτὴν
3837 709 3905 775 μὴ

2326 781 2376 834 ἐν
2431 782 2603 857 ἀτόμω
2651 789 2753 836 τινὶ
2809 786 3156 859 θεωρουμένην
3186 809 3198 820 ·
3259 798 3363 850 πῶς
3410 792 3511 866 γὰρ
3562 791 3620 843 ἂν
3657 796 3732 849 εἴη
3769 792 3905 845 λίθου

2325 878 2414 925 καὶ
2479 873 2631 936 ξύλου
2698 879 2797 946 μία
2860 876 3175 945 ὑπόστασις,
3242 883 3509 932 τουτέστιν
3570 882 3758 952 ἄτομον
3815 883 3903 950 ἔν;

2326 966 2426 1014 Καὶ
2483 963 2526 1015 εἱ
2590 966 2648 1015 τὸ
2712 967 2943 1036 Χριστός
2999 969 3159 1038 ὄνομα
3214 968 3306 1019 οὐκ
3372 969 3554 1032 ούσίας
3605 966 3901 1041 δηλωτικὸν,

2322 1047 2447 1103 ἀλλὰ
2499 1060 2597 1103 τῶν
2662 1057 2777 1124 περὶ
2841 1053 3022 1105 οὐσίαν
3079 1059 3217 1117 τινός
3273 1066 3372 1108 τῶν
3434 1057 3487 1109 ἐκ
3543 1067 3640 1120 τῆς
3695 1059 3904 1121 ἐνωσεως

2317 1149 2418 1191 τῶν
2473 1138 2570 1194 δύο
2624 1144 2824 1214 φύσεων
2880 1147 3154 1215 γενομένων
3211 1142 3499 1203 δηλωτικόν
3543 1146 3691 1201 ἐστι·
3758 1157 3901 1201 τοῦτο

2318 1225 2377 1282 δὲ
2435 1226 2585 1282 οὐδὲν
2640 1230 2762 1282 ἄλλο
2816 1230 2953 1283 ἐστὶν
3008 1233 3035 1291 ἦ
3096 1235 3124 1292 η
3158 1241 3257 1285 τῶν
3289 1238 3487 1307 φύσεων
3526 1241 3652 1311 πρὸς
3692 1235 3901 1301 ἀλλόλας

2318 1322 2543 1390 σχέσις·
2606 1319 2649 1371 εἰ
2693 1316 2751 1372 δε
2800 1317 2896 1372 δύο
2946 1319 2992 1372 ἐν
3042 1329 3255 1396 Χριστῷ
3298 1328 3475 1396 φύσεις
3518 1331 3606 1379 καὶ
3650 1329 3775 1399 μετὰ
3810 1333 3899 1386 τὴν

2313 1408 2493 1460 ἕνωσιν
2546 1414 2888 1481 μεμενήκασι,
2937 1414 3070 1464 κατά
3116 1416 3276 1484 μόνην
3339 1416 3442 1488 ἄρα
3508 1420 3694 1486 σχέσιν
3748 1415 3900 1487 ψιλὴν

2312 1498 2342 1555 ἡ
2389 1506 2488 1549 τῶν
2537 1501 2735 1570 φύσεων
2780 1502 2908 1572 πρὸς
2965 1497 3186 1564 ἀλλήλας
3229 1507 3428 1575 γέγονεν
3470 1507 3667 1571 ἔνωσις,
3717 1508 3781 1567 ὡς
3818 1504 3900 1558 ἐπὶ

2310 1594 2480 1661 χοροῦ
2531 1591 2620 1640 καὶ
2671 1588 2837 1651 οἰκίας
2876 1594 2966 1641 καὶ
3021 1590 3216 1653 πόλεως
3269 1596 3359 1644 καὶ
3410 1593 3558 1646 λίθων
3605 1598 3695 1646 καὶ
3742 1594 3895 1656 ξύλων

546 1672 728 1746 lignis
763 1672 987 1747 quibus
1022 1677 1255 1731 constat
1289 1671 1631 1744 aediﬁcium,
1675 1680 1853 1748 prout
1897 1679 1953 1733 et
1989 1678 2197 1731 Nesto-

2313 1676 2358 1730 ἐν
2425 1679 2500 1741 οἷς
2576 1682 2633 1731 τὸ
2701 1676 3153 1753 οἰκοδομούμενον,
3221 1685 3389 1744 καθὼς
3458 1690 3547 1737 καὶ
3619 1689 3899 1759 Νεστόριος

546 1760 672 1818 rius
696 1760 974 1819 docebat.

621 1902 671 1955 6.
717 1899 783 1954 Et
809 1912 1051 1953 rursum
1082 1912 1096 1951 :
1131 1896 1189 1953 Si
1217 1911 1351 1969 quae
1382 1896 1552 1953 unita
1586 1901 1741 1969 sunt,
1783 1897 1938 1954 ﬁunt
1983 1914 2195 1968 unum,

544 2002 683 2060 qua:
711 2002 834 2043 non
866 1985 1024 2043 facta
1052 1989 1191 2043 sunt
1219 2000 1431 2053 unum,
1463 2002 1587 2043 non
1628 1986 1798 2043 unita
1846 1995 2003 2056 sunt,
2031 1988 2199 2060 quod

540 2075 931 2133 manifestum
957 2079 1064 2131 est.
1121 2075 1176 2132 Si
1198 2074 1379 2145 igitur
1407 2074 1543 2131 duae
1573 2080 1631 2132 et
1669 2092 1792 2139 una
1821 2082 1957 2132 sunt
1987 2077 2193 2133 Christi

539 2170 795 2235 naturas,
816 2165 969 2238 dyas
990 2168 1216 2235 autem,
1239 2180 1379 2220 cum
1409 2163 1633 2237 duplex
1655 2165 1747 2234 sit,
1780 2166 2089 2222 divisionis
2120 2166 2196 2223 sit

538 2255 890 2324 indicativa,
919 2270 1058 2327 quae
1086 2253 1281 2311 divisa
1311 2258 1468 2323 sunt,
1500 2269 1623 2311 non
1647 2258 1786 2311 sunt
1817 2255 1984 2311 unita
2016 2272 2030 2310 :
2070 2271 2195 2311 non

536 2344 719 2414 igitur
765 2342 945 2399 unite
996 2346 1135 2399 sunt
1184 2343 1395 2399 Christi
1450 2347 1703 2399 natura.
1756 2343 1814 2400 Si
1860 2349 2081 2406 autem,
2122 2360 2194 2401 eo

538 2432 708 2506 quod
743 2447 870 2489 non
919 2435 1059 2487 sunt
1097 2430 1389 2501 confusae,
1432 2431 1686 2502 dignum
1734 2436 1821 2489 est
1866 2433 2022 2489 duas
2062 2448 2194 2490 esse

540 2520 750 2579 Christi
796 2524 1067 2591 naturas,
1093 2520 1201 2576 sed
1240 2525 1488 2594 propter
1525 2520 1813 2577 unionem
1843 2538 2032 2578 unam
2059 2538 2195 2578 esse

536 2614 819 2669 naturam
853 2610 1051 2666 dicere
1077 2615 1386 2680 cogentur.
1438 2612 1505 2666 Et
1532 2626 1774 2666 rursum
1809 2629 1821 2667 :
1853 2612 1911 2669 Si
1941 2612 2096 2683 dyas
2122 2628 2195 2668 ex

539 2700 823 2774 monadae
840 2700 1052 2773 prima;
1069 2698 1377 2755 divisionis
1396 2698 1639 2755 indicati
1648 2716 1723 2757 va
1739 2705 1844 2767 est,
1861 2701 2076 2757 divisio
2093 2718 2195 2758 au-

539 2794 663 2849 tem
690 2790 905 2847 unitati
933 2790 1279 2862 opponitur,
1311 2788 1476 2846 nulla
1511 2789 1691 2860 igitur
1719 2790 1893 2863 dyas,
1918 2791 1978 2846 in
2000 2808 2193 2864 quan-

540 2884 672 2938 tum
719 2883 808 2937 est
859 2878 1040 2952 dyas,
1092 2878 1261 2935 unita
1317 2894 1449 2934 esse
1500 2877 1736 2934 dicitur.
1785 2884 1975 2952 Atque
2016 2881 2197 2951 igitur

540 2969 757 3027 Christi
777 2973 1030 3039 naturae,
1049 2967 1384 3024 secundum
1411 2983 1589 3024 suum
1615 2984 1747 3024 esse
1765 2970 1812 3024 si
1842 2969 1977 3025 duae
1998 2975 2197 3027 essent

2309 1764 2651 1841 ἐδογμάτιζεν
2666 1812 2678 1825 .

2379 1899 2447 1965 ς’.
2496 1904 2597 1954 Καὶ
2635 1900 2787 1953 πάλιν
2812 1922 2825 1935 ·
2872 1901 2933 1955 Εἰ
2977 1904 3043 1955 τὰ
3088 1904 3321 1976 ἡνωμένα
3374 1905 3423 1958 ἓν
3462 1910 3679 1978 γίνεται,
3721 1907 3782 1958 τὰ
3822 1910 3894 1978 μὴ

2306 1994 2551 2063 γενόμενα
2606 1989 2654 2043 ἓν
2707 1990 2811 2062 οὐχ
2864 1992 3086 2049 ἧνωνται
3142 1982 3513 2065 ἐξάνάγκης·
3569 1995 3612 2047 εἰ
3660 1994 3744 2047 οὖν
3798 1991 3896 2047 δύο

2305 2083 2392 2131 καὶ
2436 2084 2533 2152 μία
2578 2082 2939 2151 τυγχάνουσιν
2995 2083 3050 2132 αἰ
3094 2090 3182 2134 τοῦ
3226 2091 3457 2157 χριστοῦ
3510 2087 3709 2156 φύσεις,
3757 2090 3785 2141 ὴ
3835 2081 3896 2137 δὲ

2307 2165 2461 2234 δυὰς,
2510 2166 2677 2241 διχάς
2706 2190 2781 2230 τις
2819 2166 2972 2237 οὖσα,
3016 2166 3318 2244 διαιρέσεως
3356 2171 3469 2225 ἐστι
3507 2169 3791 2243 δηλωτικὴ,
3831 2175 3900 2225 τὰ

2306 2254 2600 2333 διῃρημένα
2654 2258 2758 2330 ούχ
2826 2261 3066 2327 ῆνωνται,
3122 2261 3216 2312 ούκ
3286 2262 3389 2335 ἄρα
3452 2265 3705 2335 ἡνωμέναι
3769 2262 3899 2315 εἰσὶν

2305 2350 2475 2400 αἰτοῦ
2506 2355 2737 2420 Χριστοῦ
2759 2351 2939 2421 φύσεις
2962 2370 2975 2382 ·
3023 2349 3067 2401 εἰ
3103 2347 3161 2402 δὲ
3202 2347 3295 2403 διὰ
3331 2354 3390 2403 τὸ
3428 2350 3754 2424 ἀσύγχυτον,
3800 2348 3902 2404 δύο

2303 2434 2432 2490 εἶναι
2486 2439 2578 2499 τὰς
2626 2445 2717 2490 τοῦ
2774 2445 3011 2511 Χριστοῦ
3061 2442 3235 2511 φύσεις
3287 2440 3430 2503 ἄξιόν
3474 2440 3634 2504 ἐστιν,
3682 2440 3805 2493 ἄλλά
3841 2462 3905 2514 γε

2304 2524 2398 2579 διὰ
2434 2531 2528 2585 τὴν
2586 2529 2767 2579 ἕνωσιν
2822 2532 2946 2600 μίαν
2999 2528 3159 2581 αὐτοῦ
3204 2534 3296 2588 τὴν
3344 2533 3499 2602 φύσιν
3542 2530 3703 2603 λέγειν
3744 2529 3901 2603 ἀναγ-

2300 2618 2678 2674 κασθήσονται.
2734 2621 2834 2668 Καὶ
2888 2612 3075 2677 αὖθις·
3127 2622 3283 2690 Είπερ
3333 2621 3363 2676 ἡ
3414 2615 3547 2679 δυὰς
3576 2628 3669 2681 τῆς
3709 2619 3763 2670 ἐκ
3801 2638 3905 2692 μο-

2301 2701 2455 2765 νάδος
2506 2710 2715 2779 πρώτης
2777 2701 3082 2780 διαιρέσεως
3134 2705 3244 2759 ἐστι
3285 2703 3570 2779 δηλωτικὴ,
3620 2710 3648 2765 ἡ
3702 2705 3903 2781 διαίρε-

2303 2814 2383 2855 σις
2423 2792 2781 2865 ἀντικειμένως
2829 2792 2942 2865 ἔχει
2982 2798 3105 2868 πρὸς
3160 2800 3255 2854 τὴν
3296 2798 3495 2868 ἕνωσιν,
3548 2794 3766 2870 οὐδεμία
3800 2800 3909 2870 ἄρα

2305 2880 2454 2951 δυὰς,
2503 2885 2631 2935 καθό
2688 2882 2801 2935 ἐστι
2850 2880 2998 2949 δυὰς,
3043 2887 3178 2936 κατὰ
3229 2893 3381 2937 τοῦτο
3429 2885 3616 2957 λέγοιτ’
3666 2884 3723 2937 ἆν
3761 2888 3908 2944 ἡνῶ-

2307 2975 2467 3025 σθαι·
2520 2976 2610 3024 καὶ
2662 2975 2717 3024 αἱ
2759 2980 2996 3047 Χριστοῦ
3049 2978 3216 3025 τοίνυν
3267 2978 3461 3047 φύσεις,
3513 2975 3623 3026 κατ’
3680 2975 3807 3028 αύτό
3845 2980 3908 3029 τὸ

540 3076 653 3118 nec
699 3073 825 3116 una
871 3062 1131 3126 tantum,
1162 3058 1499 3114 secundum
1528 3057 1592 3114 id
1626 3057 1830 3115 divisae
1861 3064 2062 3115 essent
2088 3074 2199 3116 nec

2313 3062 2435 3116 εἶναι
2480 3058 2576 3115 δύο
2609 3063 2978 3134 τυγχάνουσαι
3014 3067 3105 3115 καὶ
3146 3063 3272 3135 ούχὶ
3311 3069 3428 3137 μία,
3460 3064 3573 3117 κατ’
3596 3064 3720 3117 αύτὸ
3751 3073 3909 3120 τοῦτο

543 3150 766 3220 unitas;
798 3164 935 3222 qum
960 3148 1209 3206 Nestorii
1236 3147 1513 3205 doctrina
1539 3151 1651 3205 est.

620 3352 676 3403 7.
726 3347 793 3401 Et
835 3345 1088 3401 Severus
1126 3342 1290 3409 talia,
1332 3346 1397 3398 ut
1425 3358 1497 3399 ex
1533 3342 1735 3399 multis
1775 3358 1973 3416 pauca
2001 3360 2202 3401 cxcer-

547 3451 715 3510 pam,
747 3431 1110 3505 syllogistice
1140 3430 1538 3504 proponebat,
1564 3446 1750 3487 unam
1776 3431 1995 3488 scilicet
2011 3433 2202 3505 hypo-

552 3523 765 3580 stasim
795 3525 851 3579 et
876 3536 1062 3577 unam
1092 3519 1153 3576 in
1185 3519 1413 3577 Christo
1439 3523 1720 3576 naturam
1751 3526 1886 3592 post
1913 3522 2202 3579 unionem

549 3613 777 3671 factam
806 3626 960 3667 esse.
991 3609 1285 3666 Julianitze
1314 3624 1457 3665 vero
1482 3613 1539 3665 et
1572 3609 1849 3665 Caianitae
1880 3611 2203 3668 distinctio-

550 3718 689 3760 nem
714 3706 1069 3759 naturarum
1096 3699 1157 3755 in
1190 3698 1418 3755 Christo
1434 3698 1871 3770 postunionem
1895 3699 2200 3772 docentes,

550 3789 1002 3864 incorruptibiles
1042 3787 1255 3847 Christi
1297 3803 1515 3866 corpus
1544 3803 1615 3844 ex
1645 3787 1778 3861 ipsa
1809 3787 2205 3861 plasmatione

552 3897 687 3940 esse
705 3880 1022 3949 dicebant;
1053 3883 1109 3936 et
1132 3877 1446 3951 passiones
1468 3876 1713 3950 quidem
1745 3878 2042 3934 Christum
2069 3880 2206 3936 sub-

552 3973 661 4044 ire,
682 3972 908 4029 famem
925 3971 1080 4038 dico,
1114 3973 1170 4027 ct
1192 3969 1351 4025 sitim
1376 3972 1432 4025 et
1454 3967 1866 4039 fatigationem
1896 3973 1951 4024 et
1972 3974 2202 4041 caetera,

555 4061 663 4118 sed
692 4077 764 4117 ea
790 4060 914 4134 pati
934 4075 1057 4116 non
1087 4059 1301 4116 eodem
1331 4058 1514 4115 modo
1539 4072 1728 4131 quam
1754 4073 1886 4114 nos.
1915 4060 2030 4115 Nos
2046 4061 2206 4116 enim

555 4166 631 4208 ex
657 4149 1009 4207 necessitate
1032 4146 1383 4205 naturahter
1417 4146 1548 4204 haec
1596 4148 1860 4221 patimur
1888 4168 1902 4220 ;
1945 4149 2207 4207 Christus

557 4244 761 4297 autem
776 4236 1109 4295 voluntarie
1128 4239 1335 4294 omnia
1350 4237 1622 4308 subibat;
1651 4252 1774 4295 non
1796 4239 1956 4296 enim
1975 4242 2205 4297 naturae

552 4327 791 4401 legibus
813 4325 1089 4384 subditus
1116 4330 1264 4384 erat.

628 4527 682 4583 8.
715 4522 946 4591 Quibus
978 4520 1419 4594 respondemus
1449 4536 1647 4594 neque
1676 4538 1788 4580 nos
1815 4523 2011 4581 dicere
2040 4524 2205 4583 invo-

550 4613 844 4672 luntarias
870 4627 1002 4669 esse
1033 4610 1241 4669 Christi
1271 4611 1604 4683 passiones,
1632 4612 1738 4669 sed
1761 4612 1964 4685 ipsum
1992 4615 2206 4672 volun-

552 4702 701 4761 tarie
719 4702 955 4774 legibus
976 4707 1206 4758 naturae
1240 4705 1531 4773 tanquam
1552 4717 1664 4758 nos
1690 4703 2029 4774 subjectum
2051 4719 2203 4764 esse.

551 4795 767 4851 Beatus
802 4792 964 4849 enim
1001 4789 1365 4847 Athanasius
1402 4790 1798 4863 interpretans
1836 4791 1982 4849 illud
2027 4793 2204 4851 Nunc

550 4886 757 4942 anima
782 4898 911 4941 mea
942 4881 1187 4938 turbata
1211 4885 1317 4948 est,
1349 4879 1667 4938 dicithanc
1692 4896 1903 4938 vocem
1932 4896 2096 4939 nunc
2126 4883 2202 4939 si-

550 4973 836 5045 gniﬁcare
851 4990 865 5029 :
883 4971 1125 5044 quando
1143 4969 1400 5028 volebat.
1432 4972 1561 5027 Non
1577 4970 1738 5026 enim
1758 4971 1926 5043 quod
1948 4987 2071 5028 non
2093 4978 2200 5042 est,

550 5066 616 5120 ut
647 5078 937 5135 praesens,
985 5059 1364 5125 nominabat,
1411 5059 1590 5133 quasi
1645 5059 1928 5132 opinione
1969 5065 2201 5120 tantum

548 5151 708 5208 dicta
726 5151 963 5220 ﬁerent;
1003 5155 1216 5207 natura
1248 5149 1409 5205 enim
1438 5164 1509 5204 ac
1539 5148 1786 5205 veritate
1816 5148 2021 5207 omnia
2040 5149 2201 5210 facta

546 5245 705 5298 sunt.
751 5240 1087 5311 Theologus
1129 5243 1332 5297 autem
1382 5238 1700 5309 Gregorius
1754 5254 1995 5297 rursum
2056 5239 2198 5300 dicit

522 5332 843 5389 'Christum
864 5337 1093 5388 naturae
1124 5330 1360 5387 dedisse
1391 5330 1793 5402 occasionem,
1820 5332 2068 5404 quando
2093 5348 2195 5391 vo-

538 5421 723 5490 lebat,
743 5422 988 5496 propria
1007 5420 1318 5495 operandi.
1345 5420 1750 5478 Admirandus
1773 5437 1916 5479 vero
1939 5422 2191 5496 Cyrillus

540 5513 690 5573 dixit
719 5512 923 5587 ipsum
960 5511 1129 5571 carni
1164 5510 1505 5585 permisisse
1540 5515 1606 5571 ut
1639 5510 1803 5585 leges
1833 5516 2064 5571 naturae
2104 5530 2192 5572 se-

2307 3151 2623 3228 διηρημέναι
2671 3151 2729 3203 ἂν
2780 3148 2874 3204 εἷεν
2924 3157 3014 3205 καὶ
3063 3153 3169 3225 οὐχ
3231 3156 3522 3227 ἡνωμέναι·
3574 3159 3663 3207 καὶ
3711 3162 3910 3209 Νεστο-

2304 3248 2419 3317 ρίου
2450 3246 2508 3295 τὸ
2542 3238 2718 3314 δόγμα
2739 3242 2960 3314 εἰσάγει,

2380 3348 2442 3410 ζ.
2496 3353 2597 3403 Καὶ
2643 3348 2859 3424 Σειῗῆρος
2912 3352 3001 3422 μὲν
3046 3357 3266 3403 τοιαῦτα
3311 3354 3375 3413 ὡς
3417 3351 3474 3404 ἐκ
3513 3353 3707 3405 πολλῶν
3755 3352 3919 3425 ὀλίγα

2308 3438 2464 3492 εἰπεῖν
2565 3438 2972 3509 συλλογιστικῶς
3050 3443 3286 3514 προῦερε,
3372 3445 3495 3513 μίαν
3589 3443 3913 3511 ὑπόστασιν,

2307 3529 2380 3581 ἔτι
2439 3524 2497 3580 δὲ
2544 3533 2633 3580 καὶ
2691 3532 2813 3593 μίαν
2868 3529 3021 3600 φύσιν
3062 3527 3145 3581 ἐπὶ
3198 3537 3434 3604 Χριστοῦ
3498 3536 3758 3603 γεγονέναι
3818 3535 3919 3602 φά-

2311 3637 2447 3670 σκων
2486 3620 2616 3689 μετὰ
2654 3622 2747 3675 τὴν
2799 3618 2999 3673 ἕνωσιν.
3053 3620 3118 3670 Οἱ
3163 3615 3222 3671 δὲ
3263 3619 3589 3672 Ἰουλιανῖται
3627 3625 3717 3673 καὶ
3743 3627 3919 3676 Γαῖα·-

2306 3714 2462 3771 νῖται,
2510 3703 2766 3781 διαφορὰν
2810 3709 3008 3778 φύσεων
3062 3706 3145 3759 ἐπὶ
3186 3716 3419 3783 Χριστοῦ
3458 3712 3588 3782 μετά
3639 3714 3732 3768 τὴν
3797 3711 3922 3763 ἔνω-

2312 3815 2393 3848 σιν
2439 3791 2860 3868 δογματίζοντες,
2919 3796 3178 3870 ἄφθαρτον
3230 3801 3288 3849 τὸ
3349 3805 3440 3849 τοῦ
3496 3802 3688 3872 Κυρίου
3759 3809 3925 3874 σῶμα

2311 3884 2362 3948 ἐξ
2406 3884 2566 3945 αὐτῆς
2625 3880 2957 3946 διαπλάσεως
3003 3884 3169 3957 ἔλεγον
3215 3891 3511 3958 γεγονέναι·
3562 3893 3651 3940 καὶ
3702 3890 3771 3941 τὰ
3824 3894 3923 3962 μὲν

2310 3976 2451 4032 πάθη
2511 3977 2598 4025 τὸν
2644 3977 2867 4046 Κριστὸν
2925 3974 3219 4046 ὑπομεῖναι,
3273 3978 3447 4028 πεῖνάν
3502 3996 3633 4050 φημι
3688 3982 3781 4030 καὶ
3835 3975 3928 4032 δί-

2309 4062 2415 4135 ψαν
2462 4066 2551 4114 καὶ
2592 4065 2750 4114 κόπον
2789 4066 2879 4114 καὶ
2921 4065 2987 4114 τὰ
3033 4062 3171 4130 ἑξῆς,
3200 4063 3257 4115 ού
3298 4068 3384 4116 τὸν
3423 4064 3577 4117 αὐτὸν
3621 4061 3680 4117 δὲ
3718 4070 3925 4138 τρόπον

2311 4153 2436 4225 ἡμῖν
2476 4158 2642 4204 ταῦτα
2682 4153 3022 4204 πεπονθέναι·
3078 4154 3229 4224 ἡμεῖς
3276 4156 3377 4229 γὰρ
3435 4154 3490 4217 ἒξ
3535 4153 3761 4226 ἀνάγκης
3813 4177 3928 4228 φυ-

2313 4249 2472 4303 σικῶς
2532 4248 2700 4293 ταῦτα
2762 4242 3060 4314 πάσχομεν,
3127 4243 3153 4293 ό
3223 4239 3282 4295 δὲ
3346 4245 3577 4318 Χριστὸς
3662 4244 3931 4307 ἑκουσίως

2308 4332 2481 4383 πάντα
2536 4331 2836 4403 ὑπέμεινεν·
2883 4330 2942 4383 ού
2996 4332 3095 4406 γὰρ
3145 4327 3382 4385 ἐδούλευε
3436 4338 3547 4395 τοῖς
3590 4335 3773 4406 νόμοις
3822 4344 3934 4398 τῆς

2230 4396 2278 4453 D
2311 4421 2530 4493 φύσεως.

2382 4526 2447 4586 η’.
2507 4530 2641 4600 Πρὸς
2694 4526 2784 4590 ούς
2832 4546 2991 4600 φαμεν
3035 4528 3117 4580 ὅτι
3150 4524 3274 4581 οὐδὲ
3321 4528 3469 4583 αύτοὶ
3503 4530 3710 4603 λέγομεν
3755 4529 3938 4584 ἀκού-

2313 4635 2403 4670 σια
2444 4624 2536 4669 τοῦ
2581 4623 2815 4690 Χριστοῦ
2869 4619 2934 4669 τὰ
2974 4618 3140 4688 πάθη,
3183 4618 3291 4671 ἀλλ’
3335 4620 3414 4672 ὅτι
3461 4619 3712 4681 ἑκουσίως
3759 4617 3938 4674 ἐδού-

2308 4704 2421 4758 λευε
2448 4713 2557 4769 τοῖς
2594 4710 2767 4779 νόμοις
2806 4714 2900 4768 τῆς
2942 4708 3140 4778 φύσεως
3189 4706 3369 4769 ἐπίσης
3409 4711 3533 4781 ἡμῖν
3559 4729 3572 4742 ·
3613 4710 3639 4760 ὁ
3678 4712 3774 4782 μὲν
3816 4715 3936 4786 γὰρ

2308 4798 2565 4869 μακάριος
2607 4793 2938 4864 Ἀθανάσιος,
2998 4794 3286 4868 ἑρμηνεύων
3343 4800 3445 4866 τὸ,
3481 4804 3588 4850 Νῦν
3654 4799 3680 4856 ὁ
3752 4798 3933 4871 ψυχὴ

2308 4904 2408 4957 μου
2460 4886 2793 4958 τετάρακται,
2839 4888 2998 4956 φησὶν
3055 4887 3136 4937 ὃτι
3183 4889 3241 4938 τό
3294 4881 3400 4957 νῦν,
3448 4891 3599 4939 τοῦτό
3647 4885 3796 4939 ἐστιν
3840 4891 3943 4943 ὅτε

2307 4973 2519 5033 ἤθελεν·
2581 4977 2640 5027 ού
2682 4977 2782 5050 γὰρ
2833 4976 2891 5026 τὸ
2935 4978 3005 5046 μὴ
3054 4974 3108 5027 ὃν
3176 4978 3240 5037 ὡς
3289 4980 3454 5049 παρὸν
3523 4977 3792 5050 ὠνόμαζεν
3857 4983 3942 5044 ὡς

2308 5061 2529 5123 δοκήσει
2582 5067 2859 5136 γινομένων
2902 5064 3184 5137 λεγομένων
3213 5086 3225 5099 ·
3278 5068 3431 5138 φύσει
3481 5068 3582 5142 γὰρ
3629 5072 3721 5119 καὶ
3786 5067 3945 5129 ἀλη-

2307 5156 2418 5226 θείᾳ
2473 5155 2538 5206 τὰ
2582 5156 2753 5207 πάντα
2797 5152 3011 5224 ἐγένετο.
3069 5154 3127 5207 Ὀ
3187 5150 3245 5208 δὲ
3304 5154 3557 5227 Θεολόγος
3619 5161 3946 5232 Γρηγόριος

2301 5244 2478 5316 πάλιν,
2524 5244 2606 5297 ὅτι
2656 5239 2841 5297 ἐδίδου
2884 5252 2947 5316 τῇ
2999 5247 3152 5318 φύσει
3200 5248 3398 5318 καιρόν,
3441 5246 3523 5298 ὅτε
3561 5244 3811 5299 ἐϐούλετο
3859 5248 3950 5301 ἇν-

2301 5342 2462 5410 εργείν
2515 5336 2581 5387 τὰ
2638 5330 2778 5387 ἴδια.
2844 5332 3096 5408 Κύριλλος
3163 5332 3223 5388 δὲ
3284 5336 3309 5387 ό
3353 5336 3648 5408 θαυμάσιος
3704 5339 3947 5412 εἴρηκεν

2297 5427 2489 5497 έφίέναι
2546 5426 2699 5477 αὑτὸν
2752 5429 2814 5497 τῇ
2877 5427 3036 5497 σαρκὶ
3079 5420 3174 5477 διὰ
3223 5431 3323 5476 τῶν
3369 5431 3463 5487 τῆς
3520 5427 3725 5498 φύσεως
3792 5426 3955 5482 ἱέναι

2294 5519 2503 5590 νόμων·
2546 5518 2636 5569 καὶ
2690 5511 2842 5578 αὖθις
2895 5514 3106 5593 ἑτέρωθι
3169 5514 3331 5589 ἔλεγεν
3397 5517 3469 5577 ὡς
3516 5514 3796 5590 ἐπιτρέπει
3859 5528 3952 5593 τῷ
