4106 6296
205 307 250 361 8i
1589 314 1938 372 THESAURI
1960 315 2093 372 LIB.
2135 315 2240 371 XV.

3552 301 3631 364 82

204 438 377 505 σώματι
426 441 534 488 καὶ
590 444 668 510 τῇ
714 438 1117 514 ἆνθρωπότητι
1162 441 1229 493 τὰ
1269 446 1330 512 τῇ
1387 443 1539 514 φύσει
1595 444 1850 513 προσόντα

1966 443 2285 514 queretur,
2337 441 2394 495 et
2443 453 2685 494 rursum
2724 452 2796 493 ex
2827 436 3010 493 altera
3054 435 3223 510 parte
3249 431 3625 490 concessisse

202 524 310 580 πάθη
354 524 423 584 εἰς
477 523 806 592 ἀπόδειξιν
844 538 947 582 τοῦ
1003 529 1118 582 κατ’
1170 528 1412 588 ἀλήθειαν
1439 534 1656 605 φορέσαι
1689 532 1861 605 σάρκα

203 619 271 666 καὶ
314 614 613 689 ἄνθρωπον
680 622 933 689 γενητὸν
993 621 1126 672 κατὰ
1178 621 1271 681 τὰς
1308 622 1530 692 Γραφάς.
1582 619 1642 672 Εἰ
1689 624 1857 672 τοίνυν

204 705 315 754 κατὰ
362 708 458 756 τόν
526 710 761 760 σκοπὸν
815 716 927 761 τῶν
991 711 1242 784 θεοφόρων
1287 712 1525 782 Πατέρων
1564 712 1652 762 τὸν
1705 708 1857 761 αὐτόν

210 791 310 863 ἡμῖν
332 797 536 867 τρόπον
592 797 894 869 ἔπασχεν,
932 798 978 849 εἰ
1008 802 1096 849 καὶ
1127 796 1371 858 ἑκουσίως
1422 802 1510 851 καὶ
1556 801 1637 850 ὅτε
1688 797 1856 867 ἤθελε,

216 878 637 955 πῶςῖδυνάμεθα
681 888 752 937 τὸ
812 888 1043 958 πάσχον
1089 894 1240 959 σῶμα
1281 888 1538 961 ἄφθαρτον
1583 886 1739 939 εἰπεῖν
1769 891 1859 939 καὶ

224 974 281 1041 μή
310 972 541 1045 φθαρτὸν
576 980 645 1048 τῇ
683 978 860 1048 φύσει
904 978 1082 1051 ὥσπερ
1120 980 1206 1028 καὶ
1236 980 1293 1028 τὸ
1320 977 1565 1050 ἡμέτερον
1593 993 1606 1043 ;

291 1150 352 1205 θ’,
412 1151 945 1227 Ἀνταποκρίνονται
1016 1152 1073 1208 δε
1128 1154 1281 1207 πάλιν
1355 1156 1435 1209 ὅτι
1497 1155 1591 1208 Ὀν
1666 1162 1853 1231 τρόπον

230 1242 344 1310 μιτά
398 1245 495 1300 τήν
586 1242 904 1296 ἀνάστασιν
979 1246 1238 1320 ἄφθαρτον
1292 1245 1522 1318 λέγοντες
1578 1248 1635 1298 τὸ
1703 1254 1855 1318 σῶμα

232 1335 458 1400 Χριστοῦ
520 1333 823 1404 ὁμοούσιον
895 1333 1024 1386 αὐτὸ
1099 1333 1269 1407 λέγετε
1360 1334 1489 1387 εἶναι
1562 1335 1707 1406 ἡμῖν,
1765 1337 1851 1385 τὸν

229 1419 374 1471 αὐτόν
452 1428 660 1495 τρόπον
740 1429 836 1476 καὶ
904 1427 1075 1497 ἡμεῖς,
1175 1428 1275 1498 πρὸ
1348 1434 1444 1486 τῆς
1518 1423 1851 1487 ἀναστάσεως

232 1510 488 1583 ἆρθαρτον
572 1512 837 1585 λέγοντες,
912 1517 1191 1586 όμοούσιον
1285 1514 1410 1567 αὐτὸ
1504 1514 1850 1587 ὁμολογοῦμεν

236 1596 375 1653 εἶναι.
433 1599 625 1672 Ἡμεῖς
684 1599 747 1654 δὲ
793 1603 1010 1676 λέγομεν
1060 1604 1159 1671 ὅτι,
1210 1603 1253 1655 εἰ
1299 1608 1387 1655 καὶ
1434 1604 1695 1676 ἄφθαρτον
1725 1603 1850 1655 αὐτὸ

237 1688 587 1762 ὁμολογοῦμεν
677 1695 816 1765 μετὰ
900 1698 995 1751 τήν
1058 1692 1365 1764 ἀνάστασιν,
1433 1693 1492 1745 οὐ
1574 1701 1635 1765 τῇ
1701 1695 1851 1765 φύσει

234 1776 440 1851 λέγομῖδ
494 1784 556 1831 τό
615 1782 909 1856 ἄφθαρτον,
943 1789 1005 1854 τῇ
1061 1785 1250 1856 χάριτι
1310 1779 1387 1836 δέ.
1448 1782 1509 1834 Εἰ
1558 1778 1617 1834 δὲ
1665 1785 1850 1835 εἴποιεν

233 1869 313 1920 ὅτι
357 1876 447 1921 καὶ
500 1874 606 1945 πρὸ
661 1881 759 1933 τῆς
817 1871 1154 1935 ἀναστάσεως
1200 1875 1387 1949 χάριτι
1438 1874 1716 1947 ἄφθαρτον,
1775 1872 1851 1925 λέ-

231 1978 387 2031 γομεν
467 1962 551 2013 ὁτι
619 1962 680 2013 οὗ
750 1971 1027 2038 συγχωρεῖ
1094 1972 1243 2015 τοῦτο
1307 1966 1373 2015 τὰ
1436 1968 1553 2037 περὶ
1614 1971 1849 2036 Χριστοῦ

231 2048 504 2122 λεγόμενα,
572 2056 678 2123 πρό
732 2056 823 2124 μὲν
868 2056 971 2125 γὰρ
1037 2061 1127 2115 τῆς
1196 2052 1523 2114 ἀναστάσεως
1576 2059 1665 2105 καὶ
1729 2073 1846 2106 πει-

232 2146 398 2197 νῆσαι
453 2140 660 2212 λέγεται
714 2146 803 2193 καὶ
870 2138 1106 2212 ded-500::
1156 2147 1245 2195 καὶ
1296 2141 1458 2195 τοῖλλα
1508 2143 1711 2207 παθεῖν,
1758 2147 1846 2195 καὶ

230 2237 339 2289 πῶς
390 2230 450 2281 ἀν
512 2234 590 2288 εἴη
661 2235 719 2283 τὸ
776 2239 948 2284 ταῦτα
993 2234 1248 2294 πεπονθὸς
1276 2234 1577 2307 ἄφθαρτοη
1611 2235 1755 2285 Μετὰ
1786 2230 1846 2286 δὲ

230 2323 327 2374 τὴν
364 2318 659 2372 ἀνάστασιν
689 2318 840 2374 οι)δῇ
871 2323 1067 2373 τούτων
1102 2323 1273 2377 ἔπαθε.

303 2406 361 2463 ι’.
414 2411 521 2463 Καὶ
571 2406 730 2467 δῆλον
777 2411 859 2461 ὅτι
896 2412 999 2483 πρὸ
1040 2414 1128 2482 μὲν
1175 2418 1270 2473 τῆς
1317 2408 1652 2472 ἀναστάσεως
1682 2413 1845 2485 φθαρο

224 2498 316 2543 τὸν
381 2492 441 2552 ἦν
490 2499 550 2546 τὸ
604 2505 776 2568 σῶμα,
808 2500 944 2568 μετά
984 2493 1043 2549 δὲ
1085 2502 1177 2555 τὴν
1232 2495 1520 2549 ἀνάστασιν
1560 2500 1841 2571 ἄφθαρτον·

231 2582 274 2633 εἰ
334 2586 440 2657 γὰρ
509 2589 597 2636 καὶ
660 2584 863 2656 λέγεται
924 2593 1102 2658 φαγεῖν
1169 2589 1300 2659 μετὰ
1376 2592 1469 2645 τὴν
1538 2586 1845 2656 ἀνάστασιν,

228 2681 396 2724 τοῦτο
444 2671 521 2725 δι’
568 2674 867 2748 οἰκονομίαν
899 2675 1159 2734 ἐποίησεν·
1203 2677 1307 2749 οὐχ
1359 2680 1427 2739 ὡς
1473 2686 1544 2750 τῷ
1576 2682 1683 2730 ἄντι
1730 2698 1849 2731 πει-

230 2768 357 2829 νῶν,
394 2761 499 2813 ἀλλ’
533 2765 614 2813 ἵνα
670 2761 815 2837 δείξῃ
869 2773 979 2825 τοῖς
1019 2766 1281 2838 μαθηταῖς
1332 2766 1493 2818 αὐτοῦ
1558 2769 1637 2819 ὅτι
1695 2767 1851 2829 αὐτός

230 2848 387 2901 ἔστιν
443 2853 470 2903 ό
546 2852 779 2916 ἀναστὰς
842 2853 899 2905 ἐκ
968 2864 1154 2927 νεκρῶν
1188 2876 1200 2888 ·
1280 2855 1332 2907 ὃν
1370 2861 1560 2931 τρόπον
1599 2861 1689 2910 καὶ
1734 2862 1851 2917 τοὺς

229 2942 439 3002 τᾶπονς
500 2940 702 3013 λέγεται
770 2939 1038 3005 ἐπιδεῖξαι
1089 2945 1284 3006 αὐτοῖς·
1338 2950 1511 2997 καίτοι
1567 2948 1717 3019 ἡμεῖς,
1767 2947 1851 2999 οὐ·

232 3024 324 3079 ἴεν
380 3038 479 3081 τῶν
526 3034 627 3103 πρὸ
705 3041 801 3094 τῆς
881 3031 1216 3096 ἀναστάσεως
1285 3036 1462 3086 παθῶν
1530 3033 1853 3109 ἀνιστάμεὼι

232 3120 486 3189 ἔχσιτες·
530 3122 751 3194 ἀπαρχή
816 3118 878 3173 δὲ
944 3129 1039 3183 τῆς
1084 3121 1138 3173 ἐκ
1196 3133 1383 3197 νεκρῶν
1428 3127 1573 3197 ἡμῶν
1631 3124 1853 3178 ἀναστά-

232 3226 367 3269 σεως
409 3211 433 3260 ὁ
490 3217 745 3282 Χριστος
813 3214 904 3262 καὶ
946 3212 1085 3281 ὅμως
1122 3211 1274 3272 αὐτὸς
1322 3212 1501 3287 εὑρέθη
1556 3215 1713 3285 ἔχων.
1765 3214 1853 3275 Ὠς

232 3292 398 3354 δῆλον
435 3300 516 3350 ὅτι
565 3296 644 3351 δι’
701 3300 1004 3372 οἰκονομίαν
1053 3308 1205 3352 τοῦτο
1248 3304 1472 3372 γέγονεν·
1519 3301 1690 3375 (insist
1728 3301 1852 3356 οὐδὲ

229 3384 363 3458 Ῐοέγει
412 3390 439 3446 ἡ
480 3394 661 3461 Γραφὴ
729 3390 813 3440 ὄτι
860 3388 1147 3458 ἐπείνπσεν,
1205 3388 1316 3441 ἀλλ’
1374 3395 1452 3443 ὅτι
1492 3394 1665 3465 ἔφαγε.
1733 3397 1849 3445 Δέον

235 3472 290 3527 δὲ
350 3477 645 3537 ἐπιστῆσαι
696 3481 783 3531 ὃτι
838 3482 1205 3552 παραφέρουσι
1260 3486 1484 3552 χρήσεις
1538 3485 1676 3543 τινας
1750 3482 1849 3535 ἀπὸ

232 3584 324 3615 των
388 3573 649 3642 Ηατέρων,
684 3570 967 3640 οἰφθαρτὸν
1031 3572 1086 3619 τὸ
1145 3576 1297 3641 σῶμα
1347 3577 1437 3621 τοῦ
1490 3578 1721 3644 Χριστοῦ
1772 3572 1851 3624 λε-

230 3660 419 3724 Ῥνσας
451 3681 463 3691 ·
535 3663 721 3732 ὥσπερ
785 3662 881 3709 καὶ
944 3654 1048 3707 ἀπὸ
1111 3665 1202 3709 τοῦ
1268 3664 1529 3733 μακαρίου
1600 3661 1851 3735 Κυρίλ).ου

228 3744 447 3810 εἰπόντος
510 3750 595 3800 ὄτι
660 3747 777 3819 οὐχ
849 3741 1142 3807 ὑπεδέξατο
1210 3749 1401 3822 φθορὰν
1449 3750 1479 3807 ἡ
1536 3757 1628 3801 τοῦ
1678 3755 1851 3822 Λόγου

229 3836 368 3909 σάρξ.
408 3837 569 3891 Ὀταν
621 3834 687 3890 δὲ
746 3838 846 3895 τὰς
938 3837 1187 3895 τοιαύτας
1264 3840 1546 3911 παράγωσι
1604 3845 1850 3914 χρήσεις,

217 3932 316 3998 vi
373 3937 653 3988 σκοπῆσαι
722 3928 787 3977 τὸ
843 3930 943 3983 τῆς
982 3922 1156 3984 λέξεως
1201 3930 1612 3998 σημαινόμενονα
1646 3932 1703 3979 τό
1756 3932 1853 4004 γὰρ

212 4025 294 4079 TE;
336 4022 528 4096 φθορᾶς
572 4019 760 4091 ὄνομα
827 4009 938 4067 δύο
996 4016 1265 4085 σημαίνειν
1303 4011 1433 4085 οἶδε,
1489 4020 1622 4069 κατά
1674 4015 1732 4071 δὲ
1780 4038 1855 4069 τι-

206 4130 278 4170 νας
305 4118 389 4164 καὶ
416 4116 565 4187 τρία.

192 4379 1785 4404 .___________———-———-————-——————_—_

1967 529 2205 601 corpori
2235 531 2292 583 et
2313 525 2676 584 humanitati
2718 525 3065 597 adjacentes
3095 527 3326 581 natura;
3362 521 3621 593 dolores,

1965 622 2032 674 ut
2061 617 2402 674 ostenderet
2432 632 2493 672 se
2522 631 2726 672 veram
2766 630 3010 671 carnem
3039 613 3309 670 induisse
3339 615 3396 669 et
3419 610 3624 682 genui—

1964 723 2114 764 num
2157 707 2468 764 hominem
2502 705 2841 762 secundum
2887 705 3242 777 Scripturas.
3294 702 3351 760 Si
3388 701 3620 772 igiture

1965 796 2309 854 divinorum
2343 800 2580 852 Patrum
2598 799 2796 852 mente
2824 794 3037 851 eodem
3054 794 3239 850 modo
3260 808 3331 849 ac
3354 807 3466 848 nos
3483 807 3621 865 pas-

1966 903 2068 942 sus
2096 891 2201 955 est,
2233 890 2290 943 et
2320 886 2368 942 si
2396 885 2648 941 libenter
2676 889 2733 941 et
2751 884 2998 958 quando
3022 882 3284 951 volebat,
3306 880 3617 955 quomodo

1963 992 2294 1049 possumus
2343 974 2577 1048 patiens
2615 990 2835 1046 corpus
2889 971 3342 1044 incorruptibile
3395 969 3615 1041 dicere,

1962 1082 2158 1140 neque
2189 1069 2404 1122 natura
2442 1063 2824 1137 corruptibile
2858 1064 3012 1119 sicut
3041 1066 3098 1119 et
3149 1066 3427 1117 nostrum
3482 1061 3616 1117 est?

2034 1160 2087 1214 9.
2131 1155 2515 1228 Respondent
2558 1159 2760 1210 autem
2797 1154 3010 1209 iterum
3041 1170 3053 1207 :
3088 1149 3613 1218 Quemadmodum

1959 1244 2407 1318 incorruptibile
2435 1249 2576 1317 post
2601 1243 3100 1299 resurrectionem
3141 1239 3352 1296 Christi
3389 1255 3610 1312 corpus

1959 1335 2222 1390 dicentes
2240 1332 2750 1390 consubstantiale
2770 1331 2917 1388 illud
2937 1330 3114 1386 nobis
3134 1345 3262 1386 esse
3284 1328 3499 1400 dicitis,
3524 1329 3613 1385 sic

1960 1429 2017 1481 et
2045 1440 2157 1480 nos
2183 1424 2329 1479 illud
2360 1426 2495 1480 ante
2530 1423 3024 1479 resurrectionem
3046 1417 3497 1491 incorruptibile
3525 1417 3613 1474 di-

1959 1517 2158 1570 centes
2187 1511 2699 1569 consubstantiale
2730 1516 2932 1568 tamen
2961 1509 3340 1567 conﬁtemur.
3372 1511 3489 1564 Nos
3506 1523 3611 1565 au-

1957 1609 2079 1660 tem
2109 1604 2366 1659 dicimus
2404 1603 2567 1674 illud,
2619 1602 2725 1659 etsi
2765 1599 3212 1674 incorruptibile
3249 1602 3390 1673 post
3416 1613 3612 1655 resur-

1955 1697 2280 1751 rectionem
2312 1692 2686 1764 conﬁtemur,
2718 1707 2841 1749 non
2869 1708 2997 1749 esse
3026 1688 3477 1763 incorruptibile
3504 1704 3612 1745 na-

1888 1810 1928 1863 B
1958 1788 2109 1850 tura,
2142 1783 2248 1839 sed
2279 1782 2497 1854 gratia.
2540 1782 2596 1838 Si
2625 1797 2767 1838 vero
2806 1780 3070 1837 dicerent
3098 1778 3246 1835 illud
3273 1782 3329 1835 et
3361 1782 3499 1835 ante
3523 1793 3613 1834 re-

1959 1871 2391 1927 surrectionem
2446 1871 2637 1943 gratia
2684 1867 3112 1942 incorruptible
3161 1884 3314 1939 esse,
3352 1866 3611 1924 dicimus

1955 1960 2071 2017 hoc
2102 1977 2224 2017 non
2248 1977 2386 2016 cum
2417 1961 2502 2016 eis
2538 1976 2674 2034 quas
2711 1960 2785 2015 de
2833 1958 3060 2015 Christo
3095 1958 3374 2015 dicuntur
3398 1971 3614 2013 conve-

1954 2051 2101 2107 nire.
2132 2055 2279 2107 Ante
2324 2049 2822 2106 resurrectionem
2860 2048 3022 2104 enim
3046 2050 3102 2103 et
3144 2045 3368 2103 esurire
3396 2045 3614 2102 dicitur

1954 2143 2011 2195 et
2033 2138 2191 2194 sitire
2222 2142 2277 2194 et
2309 2137 2425 2194 alia
2456 2137 2598 2210 pati.
2623 2140 2687 2193 Et
2722 2134 3036 2210 quomodo
3063 2134 3229 2208 quod
3249 2133 3349 2191 illa
3368 2133 3609 2207 patitur,

1952 2226 2405 2301 incorruptibile
2436 2228 2641 2283 esset?
2680 2227 2820 2283 Post
2860 2224 3362 2282 resurrectionem
3383 2225 3622 2321 autem,

1951 2318 2098 2374 nihil
2118 2318 2337 2374 horum
2369 2334 2593 2391 passus
2615 2321 2722 2373 est.

2028 2411 2184 2464 tO.Et
2203 2412 2368 2481 patet
2396 2413 2532 2465 ante
2557 2406 3060 2465 resurrectionem
3085 2405 3335 2480 quidem
3367 2420 3620 2477 corrup-

1955 2498 2119 2554 tibile
2135 2497 2321 2553 fuisse
2342 2514 2581 2571 corpus,
2590 2502 2725 2571 post
2741 2496 3244 2554 resurrectionem
3264 2511 3407 2553 vero
3425 2496 3617 2553 incor-

1956 2586 2255 2659 ruptibile.
2286 2587 2344 2644 Si
2365 2588 2527 2643 enim
2562 2591 2619 2643 et
2682 2587 2901 2644 dicitur
2930 2590 3070 2660 post
3115 2585 3617 2643 resurrectionem

1957 2692 2100 2732 vero
2126 2676 2604 2749 incorruptibile.
2646 2677 2703 2733 Si
2732 2676 2891 2732 enim
2924 2680 2981 2731 et
3011 2674 3227 2731 dicitur
3255 2678 3392 2748 post
3419 2691 3616 2732 resur-

1957 2765 2286 2821 rectionem
2346 2765 2699 2834 comedisse,
2737 2765 2801 2821 id
2842 2780 2951 2838 per
2986 2763 3431 2838 providentiam
3473 2764 3613 2835 egit,

1957 2870 2082 2911 non
2104 2858 2394 2927 tanquam
2424 2855 2624 2927 reipsa
2657 2854 3004 2918 comedens,
3039 2853 3146 2909 sed
3190 2857 3256 2908 ut
3301 2852 3613 2926 discipulis

1959 2944 2305 3000 ostenderet
2326 2944 2530 3016 ipsum
2557 2959 2689 3000 esse
2719 2943 2825 3016 qui
2864 2959 2935 2999 ex
2966 2941 3222 2999 mortuis
3253 2945 3611 3005 surrexerat,

1960 3033 2483 3106 quemadmodum
2539 3033 2757 3088 dicitur
2811 3033 2883 3088 iis
2927 3037 3299 3088 monstrasse
3346 3030 3616 3103 corporis

1960 3124 2205 3179 formas.
2233 3125 2296 3179 Et
2322 3139 2433 3178 nos
2477 3137 2861 3192 resurgemus
2885 3121 3034 3178 nihil
3063 3136 3275 3177 eorum
3320 3120 3615 3194 patientes

1960 3229 2096 3285 quae
2125 3218 2260 3269 ante
2290 3212 2817 3268 resurrectionem.
2858 3211 3134 3267 Primitiae
3160 3215 3363 3268 autem
3391 3214 3615 3267 nostras

1960 3320 2032 3359 ex
2071 3303 2323 3358 mortuis
2370 3302 2828 3359 resurrectionis
2879 3302 3185 3370 Christus;
3243 3306 3301 3357 et
3346 3301 3616 3358 similiter

1958 3393 2087 3464 ipse
2116 3392 2394 3447 inventus
2417 3395 2525 3448 est.
2558 3392 2644 3447 Ita
2667 3396 2731 3447 ut
2756 3389 3141 3448 manifestum
3164 3389 3239 3447 sit
3260 3390 3322 3447 id
3346 3406 3454 3463 per
3473 3406 3613 3464 pro-

1958 3481 2282 3538 videntiam
2301 3481 2526 3538 factum
2560 3497 2710 3538 esse.
2744 3484 2967 3555 Nempe
2997 3496 3120 3538 non
3150 3480 3293 3536 dicit
3312 3480 3615 3553 Scriptura

1958 3571 2160 3644 ipsum
2211 3570 2552 3640 esurivisse,
2600 3570 2707 3626 sed
2742 3570 3096 3627 comedisse.
3149 3571 3391 3643 Oportet
3410 3573 3613 3627 autem

1960 3660 2438 3717 animadvertere
2469 3676 2573 3716 eos
2614 3660 2900 3732 quaedam
2945 3662 3184 3716 Patrum
3214 3659 3461 3721 oracula
3507 3660 3615 3716 cir-

1962 3749 2253 3805 cumferre
2278 3766 2412 3821 quae
2433 3765 2651 3821 corpus
2677 3749 2888 3805 Christi
2903 3746 3352 3820 incorruptibile
3374 3748 3608 3817 dicunt;

1961 3844 2023 3894 ut
2043 3839 2203 3894 beati
2234 3838 2429 3911 Cyrilli
2455 3839 2705 3894 dicentis
2726 3854 2849 3894 non
2871 3837 3320 3909 corruptionem
3357 3837 3612 3894 subiisse

1963 3944 2205 3984 carnem
2238 3929 2466 3984 Christi.
2493 3927 2747 3993 Quando
2767 3942 2909 3983 vero
2932 3926 3076 3983 tales
3104 3941 3282 3982 voces
3307 3925 3610 3998 exhibent,

1963 4017 2439 4074 examinandum
2470 4016 2733 4088 estquid
2768 4031 2877 4087 per
2916 4015 3027 4072 has
3065 4012 3469 4085 signiﬁcatum
3496 4015 3609 4085 sit;

1967 4108 2119 4164 solet
2172 4108 2333 4163 enim
2377 4106 2775 4177 corruptionis
2828 4122 2944 4162 vox
2996 4106 3119 4162 duo
3161 4105 3516 4177 signiﬁcare,
3554 4110 3613 4164 et

1957 4198 2129 4269 juxta
2161 4196 2486 4253 nonnullos
2516 4197 2697 4252 etiam
2720 4196 2850 4252 tria.

1301 4523 1805 4621 NICET/E
1873 4524 2558 4621 CHONIAT/E

1016 4739 1131 4801 EX
1161 4740 1410 4806 LIBRO
1441 4742 1564 4805 XV
1590 4743 2023 4807 THESAURI
2053 4742 2600 4807 ORTHODOXAE
2629 4741 2851 4805 FIDEI

656 4985 821 5058 Περὶ
854 4984 960 5036 τῆς
986 4976 1136 5037 ἕκτης
1160 4972 1404 5030 συνόδου.

240 5086 294 5141 α’.
350 5085 503 5140 Αὕτη
590 5077 879 5130 συνέστη
976 5063 1061 5115 ἐπὶ
1144 5071 1527 5117 Κωνσταντινου
1595 5064 1853 5138 βασιλέως

188 5182 258 5224 τον
308 5167 674 5243 [ιωγωνάτου
740 5154 859 5210 διὰ
914 5155 1015 5209 τὴν
1073 5151 1269 5222 αἰρεσιν
1316 5160 1415 5203 τῶν
1464 5152 1853 5221 Μονοθε).ητὼν,

194 5238 455 5330 ἀργθεεσᾷ,
520 5257 648 5309 ἀπὸ
740 5239 1083 5318 Ἱιρακλείου
1151 5238 1423 5311 βασιλέως,
1489 5246 1577 5294 καὶ
1644 5238 1856 5316 διαρκέ-

204 5318 337 5398 casm
390 5353 571 5419 ιιέγοι
603 5344 717 5393 καὶ
774 5332 966 5386 αὑτοῦ
1027 5334 1116 5377 τοῦ
1158 5326 1409 5400 βασιλέως
1466 5335 1854 5382 Κωνσταντίνου

387 5408 398 5419 ⁸
482 5402 517 5418 ,ὁ
1446 5416 1460 5419 -
1565 5417 1572 5419 λ
1700 5418 1703 5419 .

210 5408 648 5508 τονῐιωίίωνοὶτου
712 5420 1071 5491 δισΞἹὙόνον
1117 5419 1257 5478 ὄντος
1306 5425 1375 5487 τῷ
1431 5416 1641 5490 βασιλεῖ
1693 5418 1857 5493 Ἦρα“’

216 5522 351 5591 ,πων
394 5502 595 5593 ’τούτῳ
668 5518 791 5589 γὰρ
854 5516 941 5577 τῷ
1007 5502 1215 5576 βασιλεῖ
1270 5510 1334 5558 τά
1392 5507 1651 5580 Ῥωμαίων
1719 5517 1857 5568 σκῆ-

222 5628 329 5683 πτρα
375 5610 627 5666 διέποντι
689 5607 801 5659 καὶ
858 5597 966 5656 τὰς
1044 5595 1178 5646 κατά
1232 5601 1439 5669 Περσῶν
1490 5596 1860 5671 λαμπροτάτας

2506 4975 2595 5031 De
2620 4978 2793 5032 sexta
2816 4972 3065 5043 synodo.

2038 5070 2089 5122 1.
2121 5067 2254 5121 Haec
2294 5063 2568 5137 synodus
2623 5062 3019 5120 Constantino
3068 5060 3376 5131 Pogonato
3420 5061 3614 5134 impe-

1964 5157 2133 5210 rante
2174 5154 2381 5211 habita
2418 5158 2529 5221 est,
2576 5157 2824 5226 propter
2865 5150 3383 5208 Monothelitarum
3428 5152 3615 5208 haere-

1968 5242 2102 5311 sim,
2125 5258 2261 5316 quas
2291 5243 2403 5299 sub
2430 5242 2790 5311 imperatore
2821 5240 3088 5297 Heraclio
3113 5242 3310 5311 coepta
3338 5243 3485 5308 erat,
3506 5239 3616 5294 du-

1966 5333 2237 5405 ravitque
2267 5331 2346 5388 ad
2376 5347 2571 5404 usque
2592 5330 3016 5404 imperatorem
3037 5328 3490 5385 Constantinum
3505 5328 3614 5381 Po-

1968 5427 2281 5490 gonatum,
2312 5420 2690 5492 imperatoris
2738 5418 2985 5475 Heraclii
3013 5418 3425 5489 pronepotem.
3465 5417 3614 5469 Cum

1968 5510 2128 5566 enim
2156 5510 2252 5566 ille
2282 5512 2621 5566 Romanum
2655 5506 2975 5579 imperium
3013 5506 3260 5573 regeret,
3292 5497 3615 5555 illustrissi-

1968 5615 2222 5674 masque
2251 5598 2326 5654 de
2352 5598 2540 5653 Persis
2571 5595 2842 5654 victorias
2864 5593 3193 5667 perageret,
3226 5602 3362 5656 quae
3384 5584 3613 5652 septem
