4106 6296
124 347 172 400 35
1557 357 1905 414 THESAURI
1941 355 2079 415 LIB.
2123 358 2229 415 xv.
3502 357 3574 415 86

122 473 184 522 τὸν
211 480 296 535 τῆς
357 478 733 549 ἱερωσύνης
807 477 1136 555 διαδέχεται
1177 484 1374 558 θρόνον,
1435 478 1689 554 ὁμόδοξος
1737 482 1770 532 ὦ

1882 531 1885 537 ,
1915 480 2130 537 eadem
2144 496 2213 537 ac
2235 478 2473 551 Sergius
2486 476 3229 553 proﬁtebatur,imperium
3242 492 3386 537 vero
3403 480 3572 537 sorti-

122 570 174 632 τῷ
210 571 429 639 Σεργίῳ,
507 573 630 628 τὴν
713 568 789 624 δὲ
860 571 1136 645 βασιλείαν
1178 577 1562 632 Κωνσταντῖνος
1618 571 1647 622 6
1682 578 1804 631 παῖς

119 650 391 727 Ἡρακλείου
476 659 875 735 κληροῦται.
965 666 1163 715 Τούτου
1241 660 1298 715 6";
1373 661 1630 736 φαρμάκῳ
1706 664 1800 719 τὴν

132 741 233 803 ζωὴν
261 747 733 813 καταλύσαντος
804 754 946 824 μετά
978 757 1166 827 χρόνον
1215 752 1300 805 ἕνα
1334 759 1424 811 τῆς
1481 753 1798 823 μοναρχίας,

138 832 192 914 εἰς
240 842 535 909 Μαρτίναν
614 845 737 893 καὶ
813 845 911 893 τὸν
973 841 1321 917 Ἠρακλεωνᾶν
1372 843 1460 893 τὸν
1518 838 1571 901 ἐξ
1640 838 1799 898 αὐτῆς

153 926 397 999 Ἡρακλείῳ
483 927 904 1003 ἆποτεχθέντα
979 934 1010 990 ἡ
1091 930 1337 1005 βασιλεία
1425 934 1728 1002 μεταχωρεῖ
1780 944 1792 959 ⁸

152 1018 431 1086 μισηθέντες
478 1015 545 1071 δὲ
589 1021 712 1072 ὑπὸ
774 1022 1015 1092 πάντων,
1071 1018 1163 1074 διὰ
1217 1024 1302 1073 τὸν
1356 1027 1449 1073 τοῦ
1509 1026 1792 1073 Κωνσταν-

155 1110 275 1157 τίνου
329 1109 588 1177 θάνατον,
634 1118 749 1172 τῆς
813 1110 1112 1183 αύταρχίας
1159 1109 1518 1163 ἐκπίπτουσιν.
1566 1107 1790 1160 Ἐκϐάλ-

156 1193 281 1247 λεται
317 1192 374 1249 δ”ε
430 1204 529 1251 καὶ
584 1199 817 1274 Πύρρος
871 1207 972 1262 τῆς
1019 1199 1351 1270 Ἐκκλησίας,
1406 1202 1496 1251 καὶ
1536 1201 1704 1270 φυγὴν
1741 1196 1791 1259 ἐς

164 1290 270 1359 μέρη
342 1289 412 1339 τὰ
487 1287 729 1361 ἑσπέρια
805 1294 1199 1364 κατακρίνεται,
1296 1292 1365 1351 ὡς
1451 1290 1789 1360 ουμμέτοχος

161 1374 469 1447 Ἠρακλεωνᾷ
527 1384 629 1431 καὶ
702 1384 954 1454 Μαρτίνῃ
1019 1387 1115 1441 τῆς
1173 1386 1265 1431 τοῦ
1317 1377 1578 1451 βασιλέως
1635 1382 1787 1429 Κων-

169 1470 416 1518 σταντίνον
482 1464 902 1540 δολοφονήσεως
935 1485 948 1497 ·
990 1472 1080 1520 καὶ
1133 1468 1204 1531 εἰς
1262 1471 1350 1541 μὲν
1379 1471 1466 1520 τὸν
1514 1464 1783 1537 βασίλειον

1916 574 2012 626 tus
2036 576 2122 626 est
2135 569 2515 626 Constantius
2530 567 2775 624 Heraclii
2799 567 3032 634 ﬁlius.Q
3043 584 3119 624 uo
3139 584 3247 641 per
3264 584 3568 627 venenum

1911 664 2049 732 post
2068 676 2258 716 unum
2282 658 2517 732 imperii
2542 672 2773 715 annum
2800 656 3230 730 absumpto,ad
3252 658 3566 717 Martinam

1910 754 1967 806 et
2004 750 2450 820 Heracleonem,
2484 764 2666 822 quem
2730 762 2798 803 ex
2840 763 2911 803 ea
2942 751 3233 816 genuerat
3261 744 3565 806 Heraclius

1906 840 2229 912 imperium
2268 840 2529 896 devenit.
2562 841 2708 895 Cum
2738 841 2942 894 autem
2976 837 3260 894 omnibus
3299 838 3379 895 ob
3410 840 3560 896 Con-

1908 930 2153 985 stantini
2183 934 2438 986 mortem
2487 927 2628 984 odio
2671 931 2893 996 essent,
2935 942 2971 983 a
3002 942 3245 983 summa
3274 927 3563 987 decidunt

1903 1024 2214 1092 potestate.
2257 1018 2580 1092 Expellitur
2605 1021 2661 1074 et
2698 1016 2960 1091 Pyrrhus
2993 1016 3071 1074 ab
3112 1016 3386 1086 ecclesia,
3410 1021 3467 1075 et
3492 1018 3556 1077 in

1901 1109 2301 1165 occidentales
2316 1113 2518 1181 partes
2531 1108 2591 1163 in
2604 1106 2879 1163 exsilium
2891 1107 2975 1162 ire
2986 1109 3009 1177 j
3021 1105 3555 1180 ubetur,tanquam

1900 1196 2142 1269 perﬁda
2168 1197 2541 1254 Constantini
2572 1195 2756 1252 cadis
2785 1212 2922 1251 cum
2947 1194 3306 1251 Heracleone
3335 1201 3393 1251 et
3412 1198 3558 1253 Mar-

1897 1287 2021 1343 tina
2072 1288 2396 1361 particeps,
2447 1291 2503 1343 et
2546 1287 2605 1342 in
2657 1285 2890 1355 regiam
2943 1284 3149 1340 sedem
3180 1284 3553 1342 Constantini

1892 1374 2052 1431 ﬁlius
2081 1376 2373 1433 Constans
2403 1376 2724 1441 invehitur,
2756 1374 2819 1430 in
2850 1372 3180 1446 episcopali
3207 1388 3353 1430 vero
3381 1373 3550 1431 insti-

1893 1465 2075 1521 tuitur
2099 1466 2321 1521 Paulus
2354 1466 2538 1536 Sergii
2574 1467 2629 1520 'et
2658 1462 2867 1537 Pyrrhi
2904 1462 3220 1536 opiniones
3240 1462 3472 1521 fovens.

166 1554 321 1624 θρόνον
350 1557 376 1607 ό
428 1564 527 1609 τοῦ
562 1563 974 1610 Κωνσταντίνου
1014 1559 1121 1618 υίὸς
1178 1564 1421 1618 Κώνστας
1453 1554 1719 1626 ἀνάγεται,
1774 1551 1842 1613 εἰς
1889 1549 1949 1606 δὲ
1997 1558 2082 1607 τὸν
2136 1554 2507 1630 ἀρχιερατικὸν
2555 1554 2755 1615 Παῦλος
2806 1554 3176 1626 ὁμογνωμονῶν
3227 1557 3418 1628 Σεργίῳ
3456 1555 3543 1607 καὶ

167 1642 353 1717 Πύρ

225 1729 289 1787 δ’.
344 1735 463 1786 Ἐπὶ
531 1738 731 1787 τούτου
788 1734 1054 1808 βασιλέως
1109 1736 1134 1787 6
1188 1734 1461 1807 φιλόσοφος
1511 1732 1772 1811 Μάξιμος,

168 1818 439 1896 ἀσςκρῆτις
498 1824 570 1874 ὠν
624 1828 716 1876 καὶ
778 1827 928 1896 παρὰ
992 1823 1272 1896 βασιλεῦσι
1327 1827 1656 1896 τετιμημένος
1711 1822 1777 1872 τὰ

161 1916 394 1981 μέγιστα,
427 1915 609 1965 πάντα
647 1918 858 1988 παρεὶς,
908 1919 969 1966 τό
1027 1913 1074 1966 ἐν
1129 1923 1191 1987 τῇ
1227 1913 1555 1987 Χρυσοπόλει
1606 1931 1774 1964 κατα-

159 1998 396 2071 λαμϐάνει
468 2009 853 2077 μοναστήριον,
934 2008 1025 2055 καὶ
1087 2008 1179 2062 τὴν
1252 2007 1512 2076 κοσμικὴν
1589 2000 1774 2053 ἀποτί-

163 2091 293 2142 ϐεται
333 2096 526 2166 τρίχα,
583 2097 656 2163 μή
721 2096 884 2166 φέρων
928 2097 1024 2150 τὴν
1081 2100 1180 2144 τῶν
1234 2091 1599 2149 Μονοθελητῶν
1638 2090 1776 2163 αἰρε-

164 2197 237 2229 σιν
294 2180 802 2255 παρρησιαζομένην
859 2183 1007 2252 όρᾷν,
1069 2178 1202 2255 μηδ’
1260 2180 1570 2254 ἀνεχόμενος
1646 2198 1773 2232 συν-

159 2264 370 2339 ἒωῐγειν,
404 2276 500 2323 καὶ
538 2278 803 2323 κοινωνεῖν
837 2270 1045 2343 ὁμιλίας
1078 2270 1288 2344 βασιλεί
1342 2277 1432 2323 καὶ
1461 2272 1769 2344 πατριάρχῃ

156 2361 397 2432 ἔκθεσμον
465 2365 722 2419 τοιαύτην
790 2360 1224 2434 ἐπικρατύνουσιν
1285 2362 1485 2436 αἰρεσιν
1519 2382 1531 2393 ·
1601 2362 1775 2411 ἔπειτα

154 2453 234 2501 καὶ
286 2449 360 2511 εἰς
403 2451 614 2523 Ῥώμην
672 2456 767 2509 τὴν
820 2452 1188 2524 μεγαλώνυμον
1238 2453 1466 2518 ἄπεισιν,
1508 2452 1628 2503 ἔνθα
1683 2438 1773 2501 κιαιἱ

152 2546 216 2587 τῶ
270 2539 459 2612 Πύρρῳ
506 2540 584 2601 εἰς
649 2537 881 2603 διάλεξιν
943 2540 1093 2598 ἦλθεν
1156 2539 1321 2593 ἐκεῖσε
1370 2542 1769 2613 παραγενομένῳ

152 2629 275 2693 μετα
331 2633 427 2685 τὴν
494 2631 831 2703 καθαίρεσιν,
903 2635 997 2681 καὶ
1071 2631 1241 2682 πείθει
1316 2633 1402 2681 τὸν
1478 2628 1767 2700 ἁγιώτατον

152 2732 257 2767 τοτε
334 2719 513 2769 πάπαν
591 2725 855 2793 Μαρτὶνον
922 2723 1144 2777 τοπικὴν
1209 2717 1458 2792 ἀθροῖσαι
1522 2714 1764 2785 σύνοδον,

152 2810 234 2855 καὶ
302 2803 492 2858 δοῦναι
545 2816 619 2877 τῷ
684 2806 975 2881 ἀναθέματι
1032 2812 1149 2868 τοὺς
1202 2806 1287 2860 ἐπὶ
1353 2814 1584 2881 Χριστοῦ
1639 2811 1764 2879 μίαν

152 2888 566 2966 δογματίζοντας
624 2897 833 2955 θέλησιν
864 2915 879 2929 ο
938 2897 964 2949 ὁ
1020 2903 1110 2950 καὶ
1168 2901 1367 2969 γέγονε,
1425 2896 1763 2950 συνελθόντων

152 2981 448 3036 ἑπισιοπων
513 2986 695 3038 ἑκατὸν
756 2991 853 3039 σύν
913 2991 1057 3039 πέντε
1116 2992 1207 3040 καὶ
1273 2990 1487 3039 εἶκοσιν.
1540 2987 1630 3039 Ἐκ
1706 2983 1766 3040 δὲ

153 3078 243 3132 τες
321 3073 522 3146 Ῥώμης
601 3073 891 3127 ἐπανελθὼν
965 3075 1202 3148 Μάξιμος
1275 3077 1407 3147 μετὰ
1485 3083 1584 3126 τῶν
1669 3072 1764 3127 δύο

1955 1733 2009 1785 4.
2030 1732 2156 1796 Quo
2186 1732 2842 1806 imperante,Maximus
2862 1730 3263 1804 philosophus
3288 1731 3542 1803 quierat

1885 1833 1921 1874 a
1963 1821 2203 1877 secretis
2242 1827 2299 1878 et
2353 1824 2621 1879 maximo
2668 1822 2899 1877 honore
2953 1820 3030 1877 ab
3068 1820 3538 1893 imperatoribus

1883 1909 2210 1981 colebatur,
2243 1914 2472 1968 cunctis
2508 1912 2690 1968 rebus
2739 1910 3060 1978 abdicatis,
3116 1910 3535 1983 Chrysopolim

1881 1997 1943 2053 in
1975 2001 2406 2056 monasterium
2453 2001 2768 2073 quoddam
2799 2015 2861 2055 se
2887 1999 3156 2066 contulit,
3200 1999 3535 2072 capitisque

1882 2094 2309 2146 ornamentum
2335 2105 2577 2146 comam
2607 2088 2908 2161 deposuit,
2942 2103 3067 2145 non
3094 2089 3399 2145 sustinens
3418 2092 3535 2146 Mo-

1883 2178 2307 2236 nothelitarum
2337 2180 2614 2235 haresim
2645 2184 2811 2236 tanta
2848 2178 3105 2235 audacia
3122 2178 3334 2235 fretam
3366 2178 3532 2235 vide-

1882 2284 1964 2336 re,
1988 2284 2185 2343 neque
2211 2270 2419 2327 valens
2440 2269 2788 2327 conversari
2813 2273 2871 2326 et
2890 2267 3152 2341 colloqui
3168 2283 3308 2324 cum
3334 2268 3533 2341 impe-

1881 2363 2077 2414 ratore
2102 2376 2171 2416 ac
2196 2360 2541 2433 patriarcha
2567 2360 2726 2417 hanc
2744 2374 3089 2433 perversam
3117 2358 3399 2415 haresim
3431 2357 3533 2415 de-

1880 2446 2291 2505 fendentibus.
2351 2450 2573 2506 Deinde
2602 2449 2665 2505 in
2692 2449 2994 2522 insignem
3037 2447 3249 2504 urbem
3274 2450 3528 2505 Romam

1878 2537 2293 2609 proﬁciscitur,
2309 2544 2366 2595 et
2385 2556 2523 2595 cum
2549 2540 2774 2613 Pyrrho
2795 2539 2897 2611 qui
2918 2536 3059 2594 illuc
3078 2542 3214 2611 post
3233 2554 3409 2593 suam
3428 2538 3530 2595 de-

1877 2627 2238 2698 positionem
2270 2629 2687 2699 descenderat,
2710 2629 2769 2684 in
2797 2626 3165 2700 colloquium
3189 2627 3369 2695 venit,
3393 2642 3525 2700 per-

1877 2717 2185 2788 suasitque
2225 2717 2610 2774 sanctissimo
2650 2720 2825 2789 Papa
2883 2716 3131 2773 Martino
3168 2718 3235 2771 ut
3268 2714 3527 2773 localem

1875 2806 2178 2879 synodum
2204 2811 2557 2863 convocaret
2577 2805 3064 2877 anathematique
3082 2803 3401 2877 subjiceret
3418 2821 3526 2864 eos

1872 2896 1977 2968 qui
2001 2896 2244 2953 unicam
2273 2898 2335 2952 in
2366 2896 2598 2953 Christo
2616 2895 2989 2953 voluntatem
3022 2910 3159 2951 esse
3200 2894 3522 2952 docebant.

1875 2986 2016 3051 Quae
2043 2990 2375 3042 convocata
2403 2990 2509 3052 est,
2542 2987 3073 3056 conveneruntque
3101 2982 3370 3055 episcopi
3388 2998 3526 3039 cen-

1874 3080 2001 3130 tum
2033 3075 2301 3147 quinque
2331 3078 2385 3130 et
2420 3074 2649 3146 viginti.
2682 3074 3009 3145 Postquam
3033 3087 3174 3128 vero
3204 3073 3394 3128 Roma
3427 3085 3524 3127 re-

155 3160 515 3215 Ἀναστασίων
571 3171 671 3215 τῶν
728 3163 895 3216 αὐτοῦ
948 3166 1217 3236 μαθητῶν,
1256 3166 1357 3217 ὑπὸ
1402 3172 1493 3224 τῆς
1534 3163 1761 3234 συγκλή-

1882 3162 1982 3220 diit
2031 3139 2321 3221 liaximus
2351 3139 2760 3219 cumvduobus
2811 3139 3150 3217 A—thanasiis
3189 3160 3319 3233 ejus
3349 3160 3524 3217 disci-

153 3269 235 3301 τον
280 3252 568 3317 εὐθύνεται,
618 3258 709 3305 καὶ
764 3255 906 3306 κατὰ
956 3258 1050 3311 τὴν
1081 3256 1294 3328 Θράκην
1342 3259 1542 3328 φρουρᾷ
1592 3273 1768 3327 παρα-

154 3334 391 3403 δίδοται,
435 3338 545 3393 εἶτα
592 3348 683 3395 καὶ
723 3347 823 3401 την
868 3350 1029 3414 χεῖρα
1083 3347 1173 3395 καὶ
1222 3348 1310 3401 τὴν
1362 3342 1592 3414 γλῶτταν
1631 3341 1766 3394 ἐκτέ-

152 3448 326 3496 pstea
391 3434 521 3503 μετα
578 3437 667 3485 καὶ
734 3440 840 3483 τῶν
908 3431 1068 3483 αὐτοῦ
1125 3434 1372 3504 μαθητῶν
1410 3448 1427 3462 ·
1489 3431 1616 3483 ἀλλά
1679 3436 1769 3483 καὶ

154 3523 411 3592 “apti-ao;
477 3522 504 3573 6
569 3520 865 3592 ἁγιώτατος
943 3518 1348 3593 ἔκσρενδονᾶται
1417 3529 1508 3573 τοῦ
1586 3523 1767 3595 θρόνου

152 3615 241 3658 καὶ
282 3611 536 3683 ὑπερορίᾳ
582 3608 1033 3675 καταδικάζεται,
1078 3608 1188 3682 ἐνῇ
1237 3614 1442 3663 καὶτὸν
1484 3609 1598 3684 βίον
1647 3612 1769 3663 άπέ-

154 3710 285 3751 λικε.

218 3787 270 3839 ε’.
336 3794 439 3840 Τοῦ
509 3786 567 3841 δὲ
624 3796 971 3851 Κώνσταντος
1030 3788 1431 3851 τελευτήσαντος
1496 3790 1522 3841 ό
1578 3791 1765 3841 τούτου

150 3883 268 3935 ταῖς
334 3884 747 3943 Κωνσταντῖνος,
806 3878 859 3939 ὃς
927 3878 1230 3937 ἐπεκέκλητο
1282 3880 1616 3949 Πωγωνάτος›
1674 3882 1766 3935 τὴν

156 3959 424 4031 βασιλείαν
490 3968 780 4043 παρείληφε
813 3983 828 3997 ⁸
901 3974 993 4020 καὶ
1053 3967 1199 4029 οὗτος
1257 3966 1539 4042 ὀρθόὸοξος
1602 3968 1667 4019 ὢν
1718 3967 1766 4019 ἐν

157 4056 690 4110 Κωνσταντινουπολει
784 4054 1012 4109 σύνοδον
1094 4062 1489 4133 συνεκρότησεν,
1577 4056 1766 4110 ἐνῶσαι

157 4144 240 4202 τάς
295 4145 609 4207 Ἐκκλησίας
661 4146 1004 4219 γλιχόμενος,
1060 4149 1123 4209 ἧς
1184 4150 1406 4219 ἡγοῦντο
1469 4166 1763 4223 τοποτηρη-

159 4236 233 4283 ταὶ
300 4243 395 4286 τοῦ
460 4236 616 4288 πάπα
660 4235 865 4309 Ῥώμης
925 4235 1236 4307 ’Λγάθωνος,
1295 4242 1547 4312 Γεώργιος
1615 4244 1759 4290 Κων-

715 4328 986 4398 Θεοφάνης
1067 4327 1389 4398 Ἀντιοχείας
1440 4347 1452 4360 ο
1529 4326 1760 4389 Ἀλεξαν-

161 4404 324 4480 δρείας
389 4411 445 4467 δὲ
496 4416 592 4467 οὐκ
642 4412 704 4472 ἦν
754 4418 1123 4491 πατριάρχης,
1163 4418 1280 4469 οὔτε
1321 4421 1425 4489 μὴν
1474 4417 1757 4490 Ἰεροσολύ-

156 4518 255 4564 μων
288 4522 301 4532 ⁹

154 4603 234 4638 ται
272 4598 584 4663 κατείχοντο
618 4614 630 4625 ·

162 4324 644 4393 ττνντινονπόλεως,
715 4328 986 4398 Θεοφάνης
1067 4327 1389 4399 Ἀντιοχείας
1440 4347 1452 4360 ο

381 4505 481 4554 υπὸ
555 4508 658 4575 γὰρ
734 4513 834 4556 τῶν
913 4503 1254 4578 Σαρρακηνών
1318 4508 1373 4557 αἱ
1431 4504 1600 4566 πόλεις
1664 4506 1756 4557 αὖ·

686 4598 771 4645 καὶ
826 4601 1085 4666 κυροῦται
1134 4598 1190 4646 τὸ
1250 4591 1347 4647 δύο
1400 4594 1633 4655 θελησεις
1668 4601 1758 4647 καὶ

156 4671 247 4729 δύο
320 4680 569 4755 ἐνεργείας
655 4688 738 4736 επὶ
802 4693 897 4737 τοῦ
983 4683 1088 4746 ἑνὸς
1146 4693 1382 4758 Χριστοῦ
1448 4690 1538 4737 καὶ
1611 4684 1755 4756 λέγε-

156 4770 274 4819 σθαι
345 4777 434 4823 καὶ
496 4776 866 4826 πιστεύεσθαι.
954 4773 1428 4832 Καθυπεϐληθησαν
1504 4770 1562 4825 δὲ
1626 4772 1756 4825 ἁνα-

158 4857 331 4925 5ἑμ-ατι
390 4863 437 4913 οἱ
512 4864 807 4935 προστάται
885 4870 982 4923 τῆς
1059 4871 1154 4913 τῶν
1228 4862 1593 4921 Μονοθελητῶν
1670 4865 1753 4915 αἰ-

159 4963 349 5017 βεηως,
425 4952 467 5003 εἰ
542 4957 633 5003 καὶ
706 4956 767 5004 τὸ
848 4953 950 5024 ζῇν
1025 4952 1434 5025 προκατέλυσαν,
1510 4952 1756 5025 Ὀνώριος

172 5038 355 5106 Ῥώμης,
422 5047 587 5115 Κῦρος
655 5037 1078 5113 Ἀλεξανδρείας,
1160 5045 1369 5116 Σέργιος
1445 5046 1536 5093 καὶ
1619 5040 1755 5115 Πύῤ.

164 5122 251 5189 ἐΰς,
323 5129 522 5191 “xI/6;
593 5150 648 5182 τε
713 5134 807 5181 καὶ
876 5132 1075 5201 Πέτρος
1142 5129 1752 5191 Κωνσταντινουπόλεως,

425 4951 467 5003 εἰ
542 4957 633 5003 καὶ
706 4956 767 5004 τὸ
848 4953 950 5024 ζῇν
1025 4952 1434 5026 προκατέλυσαν,

168 5216 404 5291 Μακάριος
482 5223 861 5293 Ἀντιοχείας,
961 5224 1050 5271 καὶ
1135 5223 1160 5272 6
1242 5224 1428 5273 τούτου
1506 5226 1757 5294 φοιτητὴς

171 5305 399 5377 Στέᾷανος,
466 5318 555 5363 καὶ
625 5313 652 5362 ό
718 5313 1030 5381 νηπιόρρων
1089 5308 1486 5383 Πολυχρόνιος·
1558 5312 1755 5383 ἠγωνί-

179 5409 303 5447 παντο
327 5396 380 5451 ἴε
404 5405 535 5454 κατά
560 5405 768 5458 ταύτην
831 5403 933 5456 τὴν
985 5395 1202 5451 σύνοδον
1239 5399 1469 5472 μάλιστα
1498 5400 1625 5471 ὑπὲρ
1664 5407 1756 5453 τοῦ

179 5482 370 5551 ιὲσεεούς
448 5491 739 5567 δόγματος,
841 5491 1094 5558 Στέφανος

180 5582 423 5649 πίποπσς,
463 5583 596 5659 ἀνὴρ
658 5582 841 5651 λόγιος
882 5580 978 5628 καὶ
1032 5584 1221 5649 μικρού
1273 5584 1445 5629 πᾶσαν
1481 5582 1574 5636 τὴν
1617 5580 1754 5631 θείαν

1178 5488 1482 5563 Ἡρακλείας
1557 5494 1754 5543 Πόντου

178 5667 334 5739 [ἴοιμεν
360 5672 437 5727 ἐπὶ
465 5680 741 5747 στόματος
772 5672 972 5742 φέρων,
1003 5670 1093 5717 καὶ
1127 5667 1369 5728 Ἰωάννης
1401 5668 1669 5724 Ἀθηνῶν.

1873 3254 2050 3326 pulis,
2093 3270 2129 3309 a
2177 3257 2388 3309 senatu
2415 3250 2894 3325 reprehenditur,
2934 3250 3072 3307 etin
3099 3250 3414 3307 Thraciam
3440 3266 3530 3307 re-

1873 3343 2108 3413 legatus
2136 3342 2569 3399 custodiendus
2600 3340 2871 3411 traditur,
2895 3339 3115 3396 deinde
3143 3344 3199 3396 et
3225 3354 3448 3397 manus
3470 3344 3529 3397 et

1874 3432 2081 3502 lingua
2112 3432 2304 3505 ipsius
2345 3436 2401 3489 et
2439 3432 2569 3504 ejus
2616 3429 3051 3503 discipulorum
3111 3434 3526 3502 amputantur.

1877 3520 1993 3578 Sed
2017 3525 2074 3576 et
2101 3521 2514 3577 sanctissimus
2541 3520 2837 3578 Martinus
2866 3535 2903 3575 a
2948 3533 3059 3575 sua
3109 3518 3251 3575 sede
3279 3518 3527 3591 deponi-

1875 3615 1991 3674 tur,
2023 3615 2081 3667 et
2110 3610 2187 3667 ad
2210 3610 2483 3667 exsilium
2515 3610 2859 3678 damnatur,
2883 3608 2944 3667 in
2974 3623 3097 3682 quo
3119 3611 3176 3666 et
3205 3624 3237 3665 e
3265 3608 3390 3665 vita
3416 3607 3527 3666 mi-

1876 3701 2087 3772 gravit.

1947 3795 1998 3846 5.
2055 3792 2373 3848 Constante
2423 3793 2684 3856 mortuo,
2726 3789 2855 3861 ejus
2883 3787 3043 3845 ﬁlius
3099 3788 3524 3846 Constantinus

1874 3880 1974 3953 qui
1991 3883 2332 3950 Pogonatus
2351 3877 3153 3951 cognominabatur,regiam
3170 3877 3525 3947 dignitatem

1874 3970 2121 4041 accepit.
2158 3969 2269 4035 Qui
2298 3986 2436 4024 cum
2482 3968 2857 4025 orthodoxus
2903 3968 3081 4032 esset,
3112 3964 3526 4022 Constantino-

1872 4058 2059 4131 polim
2089 4058 2393 4131 synodum
2418 4055 2922 4127 coegit,ecclesias
2941 4053 3215 4111 adunare
3245 4053 3519 4126 cupiens,

1871 4149 1968 4203 cui
2033 4152 2326 4221 praerant
2382 4145 2635 4203 Romani
2684 4160 2860 4219 papa
2922 4143 3248 4215 Agathonis
3290 4143 3520 4217 vicarii,

1869 4237 2155 4309 Georgius
2182 4233 3147 4307 Constantinopolis,Theophanes
3172 4232 3517 4290 Antiochia.

1867 4326 2225 4383 Alexandria
2253 4340 2395 4380 vero
2424 4339 2547 4380 non
2573 4322 2837 4379 habebat
2874 4322 3283 4394 patriarcham
3322 4336 3520 4394 neque

1866 4414 2286 4487 Hierosolyma
2317 4433 2330 4483 ;
2368 4430 2404 4470 a
2434 4412 2777 4470 Sarracenis
2817 4410 2969 4468 enim
2997 4410 3092 4467 ha
3121 4410 3302 4466 urbes
3344 4425 3521 4467 occu-

1790 4491 1833 4545 Ῑ)
1866 4508 2020 4577 pata
2086 4507 2297 4571 erant;
2356 4500 2815 4573 decerniturque
2878 4498 3031 4555 duas
3077 4498 3414 4556 voluntates
3462 4502 3521 4555 et

1865 4594 2018 4651 duas
2039 4594 2415 4666 operationes
2442 4590 2502 4647 in
2526 4590 2755 4646 Christo
2784 4605 2919 4645 esse
2951 4588 3276 4645 dicendum
3314 4592 3371 4645 et
3395 4603 3518 4644 cre-

1864 4680 2425 4752 dendum.Subjecti
2454 4685 2657 4736 autem
2680 4683 2822 4736 sunt
2837 4679 3204 4735 anathemati
3220 4678 3515 4735 Monothe-

1861 4773 2104 4829 litarum
2133 4769 2376 4828 haeresis
2429 4768 2748 4843 principes,
2794 4768 2903 4824 etsi
2940 4768 3069 4840 jam
3092 4767 3292 4824 vivere
3330 4767 3519 4823 desie-

1862 4869 2020 4932 rant,
2044 4864 2337 4919 Honorius
2367 4864 2592 4924 Roma,
2619 4860 2805 4931 Cyrus
2848 4857 3243 4926 Alexandria,
3276 4856 3515 4927 Sergius

1864 4961 1921 5011 et
1945 4954 2226 5026 Pyrrhus,
2256 4950 2595 5022 Paulusque
2621 4956 2678 5005 et
2701 4952 2905 5006 Petrus
2946 4946 3512 5019 ConstantinOpolis,

1865 5044 2150 5101 Macarius
2176 5040 2522 5110 Antiochia,
2557 5043 2614 5094 et
2643 5038 3140 5111 Stephanus,ejus
3158 5034 3513 5107 discipulus,

1865 5137 1922 5189 et
1943 5132 2190 5187 insanus
2212 5127 2664 5202 Polychronius.
2686 5130 3032 5197 Pugnavere
3053 5126 3112 5182 in
3134 5127 3249 5182 hac
3278 5123 3515 5197 synodo

1864 5237 1974 5294 pro
2000 5221 2100 5293 pio
2129 5220 2413 5290 dogmate
2437 5215 2733 5289 imprimis
2754 5216 3092 5288 Stephanus
3128 5213 3422 5271 Heraclea
3451 5213 3513 5267 in

1865 5316 2049 5368 Ponto
2070 5311 2409 5384 episcopus,
2441 5308 2532 5364 vir
2556 5306 2814 5362 disertus
2846 5310 2903 5361 et
2931 5304 3051 5361 fere
3085 5317 3330 5360 omnem
3359 5300 3513 5356 divi-

1864 5416 2010 5457 nam
2042 5399 2409 5472 Scripturam
2439 5397 2502 5453 in
2526 5394 2705 5452 labiis
2732 5394 3021 5460 ferens,ct
3046 5395 3307 5450 Joannes
3338 5388 3513 5444 Athe-

1865 5505 2102 5546 narum.
