4106 6296
561 292 632 346 87
1900 290 2169 347 ΝΙΟΕἸΕ
2207 289 2591 349 ΟΗΟΝΙΑΤίΕ
3856 306 3932 360 88

558 413 896 502 Justinim‘zi
923 413 1183 502 piissimi
1202 415 1582 502 imperatoris
1603 430 1678 474 ea:
1702 416 1955 502 ερξειοζα
1972 416 2179 487 dogma

2326 418 2704 502 Ἰουστινιανού
2733 429 2826 502 τοᾷ
2879 424 3252 481 εὐσεϐεστάτου
3285 427 3541 501 βασιλέως
3571 428 3628 481 ἐκ
3674 435 3737 486 τῆ
3752 450 3781 502 ς⁸
3805 430 3934 502 πρὸς

635 487 752 576 rica
780 486 861 576 ad
915 485 1156 543 Zoilum
1186 488 1580 545 Alexandriae
1626 485 2066 545 sanctissimum
2106 504 2217 559 pa—

2399 490 2589 576 ξωὶλον
2646 496 2732 545 τόν
2769 494 3083 576 ,ἁγιώτατον
3113 485 3471 576 ,πατρίάρχην
3539 485 3935 574 Ἀλεξανδρείας

635 557 965 616 triarcham
2108 557 2123 559 ἡ

2108 557 2123 559 ἡ
2402 559 2696 636 δογματικῆ
2710 586 2731 628 ς
2760 557 3031 631 ἐπίστολῆς
3054 570 3152 643 (1).

638 669 802 726 Unus
830 671 920 724 est
936 683 1079 739 ergo
1116 667 1402 739 Christus,
1442 684 1567 726 non
1598 668 1838 726 sublata
1862 674 2218 727 naturarum

2404 670 2469 733 ζ’.
2548 671 2633 732 Εἷς
2706 669 2792 724 οὖν
2871 673 3008 727 ἐστιν
3084 678 3110 729 ό
3187 682 3439 752 Χριστός,
3509 679 3604 731 ούκ
3679 676 3936 751 ἀνημένης

565 757 902 815 differentia
924 773 1031 830 per
1052 756 1421 815 ineffabilem
1443 759 1750 830 unionem,
1790 759 2050 816 Verbum
2091 776 2186 816 cre

2328 767 2423 821 τῆς
2453 767 2551 811 τῶν
2610 763 2809 833 φύσεων
2850 760 3105 840 διαφορᾶς
3146 764 3240 820 διὰ
3277 771 3370 827 τὴν
3411 770 3675 842 ἄφραστον
3725 768 3910 820 ἕνωσιν

567 848 726 905 ditus
763 848 1072 920 homoque
1118 847 1305 905 visus.
1362 852 1479 905 Nec
1531 853 1735 906 autem
1782 848 1928 906 unio
1975 850 2188 906 commi

2616 822 2626 833 ο
2953 822 2963 837 ε
3011 822 3019 840 ι
3089 822 3103 828 ν
3326 822 3336 827 ⁸
3455 822 3492 842 ιι
3918 822 3936 846 ﬁ

2330 853 2485 921 Δόγος
2536 852 2806 923 νοούμενος
2863 858 2952 906 καὶ
3014 856 3282 930 ἄνθρωπος
3346 859 3686 933 θεωρούμενος
3720 871 3734 886 ⁸
3815 860 3939 909 οὔτε

568 937 824 994 stionem
846 936 1115 1004 exclusit,
1152 952 1263 993 nec
1291 935 1625 994 differentia
1653 937 2130 995 substantiarum
2156 938 2189 993 il

2329 942 2429 1014 γὰρ
2531 941 2558 997 ἡ
2654 942 2830 1003 ἔνωσις
2906 946 3175 1017 σύγχυσιν
3252 946 3628 1021 ἀπειργάσατο,
3704 949 3824 998 οὔτε
3900 947 3932 1005 ἡ

568 1042 640 1084 eo
670 1025 1021 1082 scissionem
1069 1030 1174 1082 aut
1226 1026 1581 1082 divisionem
1620 1027 1899 1083 admittit.
1941 1027 2189 1084 Miracul;

2332 1026 2561 1105 διαφορά
2615 1039 2715 1083 τῶν
2779 1034 2827 1083 ἐν
2881 1033 3017 1103 αύτῷ
3085 1035 3273 1088 οὐσιῶν
3332 1041 3492 1105 τομήν
3540 1040 3706 1089 εἷτουν
3783 1032 3936 1088 διαί-

567 1116 729 1173 enim
755 1114 966 1172 Christi
990 1114 1286 1185 videntes,
1312 1115 1470 1171 illius
1499 1115 1875 1175 divinitatem
1924 1117 2188 1190 praedica

2331 1139 2474 1193 ρεσιν
2527 1117 2859 1192 ἐπιδέχεται.
2936 1123 3212 1188 Βλέποντες
3263 1128 3365 1202 γάρ
3424 1134 3512 1179 τοῦ
3578 1133 3815 1201 Χριστοῦ
3869 1128 3939 1177 τὰ

566 1220 728 1275 mus,
753 1204 1132 1261 inﬁrmitates
1171 1220 1313 1261 vero
1346 1205 1755 1277 inspicientes,
1783 1205 2187 1263 humanitatem

2336 1210 2596 1282 θαύματα,
2657 1213 2978 1284 κηρύττομεν
3037 1214 3196 1266 αὐτοῦ
3251 1219 3345 1274 τὴν
3396 1218 3613 1273 θεότητα
3645 1233 3656 1243 ⁸
3718 1216 3942 1290 ὁρῶντες

568 1296 697 1367 ejus
724 1311 849 1352 non
878 1294 1228 1363 difﬁtemur;
1255 1311 1366 1352 nec
1396 1295 1688 1352 miracula
1718 1296 1845 1353 sine
1874 1312 2073 1367 carne,
2113 1312 2188 1353 ne

2336 1299 2496 1351 αὐτοῦ
2535 1301 2600 1352 τὰ
2637 1303 2802 1370 πάθη,
2858 1302 2951 1354 οὐκ
3019 1300 3314 1377 ἀρνούμεθα
3370 1306 3529 1358 αὐτοῦ
3584 1308 3677 1363 τὴν
3742 1303 3944 1379 ἀνθρω-

567 1387 801 1459 absque
812 1383 1757 1442 divinitateinﬁrmitates.Verum
1774 1389 1971 1442 autem
1995 1401 2118 1443 non
2138 1402 2188 1442 es

2333 1393 2538 1447 πότητα
2571 1406 2583 1419 ⁸
2641 1387 2764 1443 οὐδὲ
2821 1394 2886 1443 τὰ
2942 1393 3185 1465 θαύματα
3240 1389 3380 1465 δίχα
3438 1398 3655 1469 σαρκὸς,
3711 1390 3943 1446 οὐδὲτὸ

568 1475 766 1532 dicere
793 1474 995 1546 ipsum
1025 1489 1154 1531 esse
1176 1489 1428 1546 passum
1458 1478 1516 1530 et
1546 1489 1669 1531 non
1698 1490 1945 1547 passum
1970 1492 1982 1543 ;
2006 1492 2189 1548 passu

2334 1481 2476 1536 πάθη
2517 1484 2689 1552 χωρὶς
2742 1488 2833 1540 τῆς
2892 1482 3148 1544 θεότητος.
3200 1488 3301 1536 Καὶ
3341 1485 3456 1536 ἔστι
3507 1480 3806 1557 παράδοξον
3861 1484 3947 1534 ὃτι

568 1568 658 1622 est
684 1563 1105 1637 quidem,quia
1124 1563 1440 1637 proprium
1467 1565 1597 1635 ejus
1619 1580 1837 1637 corpus
1867 1565 2189 1638 patiebatm

2338 1568 2493 1628 αύτός
2524 1565 2584 1626 ἦν
2612 1570 2636 1619 ό
2665 1570 2913 1641 πάσχων,
2940 1575 3029 1622 καὶ
3058 1576 3129 1643 μή
3170 1573 3427 1642 πάσχων·
3459 1575 3685 1643 πάσχων
3712 1574 3825 1644 μὲν,
3860 1573 3947 1622 ὅτι

569 1658 752 1727 atque
778 1653 841 1709 in
880 1668 1133 1726 corpore
1178 1653 1309 1725 ejus
1356 1652 1548 1710 inerat
1593 1654 1699 1727 qui
1727 1669 1852 1711 non
1900 1660 2190 1727 pateretui

2336 1662 2395 1709 1'6
2424 1654 2562 1710 ἴδιον
2583 1658 2741 1710 αὐτού
2771 1660 2976 1731 ἔπασχε
3008 1669 3159 1733 σῶμα
3187 1678 3199 1691 ⁸
3254 1666 3343 1714 καὶ
3369 1661 3417 1714 ἐν
3457 1662 3597 1735 αύτῷ
3626 1669 3699 1734 τῷ
3730 1668 3946 1733 σώματι

568 1743 795 1801 scilicet
816 1743 923 1817 qui
959 1746 1176 1800 natura
1223 1742 1381 1799 Deus
1424 1746 1568 1805 erat,
1609 1758 1754 1800 nam
1787 1743 2055 1801 Verbum
2094 1761 2189 1802 era

2340 1743 2400 1806 ἦν
2426 1751 2496 1819 μή
2549 1749 2828 1818 πάσχωνό
2868 1757 2929 1821 τῇ
2973 1751 3123 1821 φύσει
3180 1754 3304 1811 Θεὸς
3350 1752 3440 1817 ὧν,
3474 1754 3498 1803 ό
3539 1757 3705 1823 Λόγος
3731 1750 3946 1812 ἀπαθής

565 1826 962 1907 impassibile.
994 1836 1129 1891 Erat
1150 1833 1542 1906 incorporeus
1565 1834 1628 1890 in
1659 1850 1909 1907 corpore
1932 1834 2184 1907 passibil

2340 1832 2423 1895 ἦν,
2487 1840 2589 1890 Καὶ
2633 1837 2787 1899 αύτός
2830 1841 2919 1910 μὲν
2980 1840 3006 1890 ό
3055 1838 3332 1912 ἀσώματος
3391 1837 3451 1899 ἦν
3501 1839 3548 1893 ἐν
3603 1848 3675 1911 τῷ
3713 1842 3944 1911 παθητῷ

568 1939 910 1998 corpusque
935 1924 1065 1995 ejus
1093 1923 1158 1979 in
1213 1923 1536 1995 semetipso
1563 1923 1832 1980 habebat
1859 1923 2189 1997 impassibil

2342 1932 2547 1998 σώματι
2580 1940 2595 1956 ⁸
2664 1929 2721 1978 τὸ
2790 1922 2848 1978 δὲ
2906 1934 3058 2000 σῶμα
3121 1925 3258 2001 εἶχεν
3298 1928 3345 1980 ἐν
3385 1928 3549 2000 ἐαυτῷ
3606 1933 3691 1981 τὸν
3756 1927 3939 1988 ἀπαθῆ

567 2012 849 2081 Verbum,
906 2011 1278 2069 inﬁrmitates
1327 2012 1518 2085 ipsius
1566 2014 1836 2086 corporis
1896 2012 2175 2069 auferens

2337 2020 2526 2086 Λόγον,
2591 2013 2906 2087 ἀφανίζοντα
2933 2019 3022 2077 τὰς
3084 2016 3349 2080 ἀσθενείας
3399 2018 3558 2071 αὑτοῦ
3612 2025 3702 2071 τοῦ
3756 2024 3944 2090 σωμα-

566 2102 1050 2176 unumquodque
1100 2101 1262 2158 enim
1298 2100 1483 2161 altero
1542 2102 1868 2159 comitante
1922 2107 2187 2174 operatm

2335 2124 2424 2167 τος
2457 2125 2468 2138 ·
2530 2103 2716 2179 ἐνεργεῖ
2768 2108 2869 2180 γὰρ
2910 2106 3124 2180 ἑκατέρα
3178 2113 3349 2183 μορφή
3403 2109 3536 2180 μετὰ
3584 2114 3679 2168 τῆς
3719 2109 3943 2181 θατέρου

562 2195 737 2268 juxta
784 2192 952 2265 quod
995 2191 1308 2264 proprium
1354 2192 1667 2260 habuerit;
1699 2191 1891 2247 Verbo
1936 2193 2105 2264 quod
2135 2208 2183 2247 es

2336 2199 2624 2259 κοινωνίας,
2666 2195 2787 2268 ὅπερ
2838 2192 2975 2247 ἵδιον
3023 2198 3244 2269 ἔσχηκε,
3275 2205 3367 2249 τοῦ
3423 2201 3513 2269 μὲν
3543 2202 3717 2268 Λόγου
3756 2216 3949 2270 κατερο

566 2285 762 2354 Verbi,
794 2298 1044 2355 corpore
1071 2298 1217 2339 vero
1249 2283 1415 2354 quod
1440 2287 1530 2339 est
1558 2283 1826 2354 corporis
1858 2282 2187 2355 perﬁcient:

2334 2284 2621 2356 γαξομένου
2653 2291 2804 2337 τοῦτο
2853 2286 2974 2359 ὅπερ
3039 2284 3154 2337 ἐστὶ
3202 2294 3294 2338 τοῦ
3325 2290 3521 2357 Λόγου,
3576 2294 3666 2338 τοῦ
3713 2282 3771 2338 δὲ
3832 2292 3951 2338 σώ-

571 2374 664 2432 Sic
692 2373 855 2430 enim
903 2372 1080 2428 docet
1110 2376 1355 2428 sanctus
1387 2370 1656 2443 Cyrillus,
1689 2371 1750 2426 in
1783 2371 2079 2427 tricesimo
2137 2388 2192 2427 se

2334 2393 2494 2446 ματος
2545 2372 2858 2433 ἐκτελοῦντος
2922 2374 3048 2448 άπερ
3115 2374 3227 2426 ἐστὶ
3291 2384 3383 2427 τοῦ
3450 2381 3709 2448 σώματος.
3774 2382 3948 2427 Τοῦτο

569 2462 771 2521 cundo
802 2477 1079 2518 sermone
1112 2460 1418 2532 Thesauri,
1455 2461 1518 2516 in
1547 2461 1872 2533 Epistolam
1900 2461 1978 2517 ad
2012 2464 2190 2517 Roma

2333 2465 2433 2536 γὰρ
2487 2466 2576 2514 καὶ
2625 2464 2650 2513 ό
2701 2461 2748 2513 ἐν
2788 2462 2960 2533 ἁγίοις
3016 2463 3259 2536 Κύριλλος
3312 2463 3360 2515 ἐν
3408 2471 3479 2534 τῷ
3535 2463 3615 2536 λβ
3670 2463 3809 2534 λόγῳ
3848 2472 3947 2516 τοῦ

567 2570 703 2611 nos:
721 2554 1080 2625 Neutiquam
1097 2568 1283 2608 unam
1301 2567 1433 2607 esse
1459 2556 1866 2624 operationem
1884 2552 2188 2609 naturalem

2336 2554 2606 2625 θησαυροῦ
2674 2548 2925 2604 διδάσκει
2982 2558 3075 2611 τήν
3142 2557 3273 2626 πρὸς
3322 2553 3603 2625 Ῥωμαίους
3650 2553 3948 2627 ἑρμηνεύων

562 2643 667 2700 Dei
690 2647 749 2699 et
785 2647 1070 2699 creaturae
1117 2641 1411 2707 dicemus,
1437 2640 1520 2696 ita
1548 2644 1614 2697 ut
1642 2657 1752 2697 nec
1780 2642 1948 2714 quod
1994 2641 2183 2698 factui

2333 2637 2643 2699 Ἐπιστολὴν
2676 2656 2688 2668 ⁸
2752 2641 2826 2692 Οὐ
2859 2638 3032 2699 δήπου
3086 2647 3205 2714 μίαν
3250 2640 3379 2695 εἶναι
3418 2646 3642 2714 φυσικὴν
3679 2646 3773 2699 τήν
3805 2640 3948 2716 ἐνέρ-

563 2734 753 2797 estad
780 2731 1186 2789 substantiam
1215 2730 1488 2787 divinam
1522 2730 1872 2801 referamus,
1905 2746 2016 2787 nec
2054 2748 2184 2803 quo

2330 2749 2473 2801 γειαν
2540 2727 2777 2802 δώσομεν
2837 2736 2964 2784 Θεοῦ
3028 2736 3117 2783 καὶ
3178 2738 3497 2804 ποιήματος,
3538 2734 3620 2783 ἶνα
3674 2736 3807 2803 μήτε
3882 2735 3947 2783 τὸ

562 2824 784 2881 divinae
812 2826 1045 2880 naturas
1092 2819 1394 2893 peculiare
1425 2824 1513 2877 est
1549 2820 1612 2874 in
1651 2820 1853 2876 locum
1906 2821 2183 2893 proprior

2331 2822 2542 2877 ποιηθὲν
2606 2819 2677 2881 εἰς
2740 2824 2833 2878 τήν
2904 2822 3042 2872 θείαν
3118 2819 3457 2893 ἀναγάγωμεν
3525 2821 3729 2889 οὐσίαν,
3807 2825 3948 2892 μήτε

562 2912 798 2985 genitis,
829 2910 1271 2983 deprimamus.
1331 2908 1494 2965 Idem
1526 2913 1769 2965 sanctus
1817 2910 2006 2979 Pater,
2039 2910 2102 2964 in
2126 2910 2183 2965 hi

2330 2914 2433 2980 μὴν
2476 2917 2572 2970 τῆς
2625 2910 2763 2970 θείας
2795 2911 2996 2980 φύσεως
3034 2913 3090 2961 τό
3136 2908 3392 2982 ἐξαίρετον
3432 2909 3500 2970 εἰς
3555 2913 3640 2961 τόν
3677 2916 3785 2969 τοῖς
3823 2928 3948 2980 γεν-

561 3018 698 3076 quae
719 3000 800 3058 ad
824 2999 1382 3068 Theodosium,nos
1412 2998 1624 3053 eadem
1656 2997 1858 3053 docet:
1882 3000 2090 3054 Totum
2115 3002 2182 3054 to

2328 3005 2494 3058 νητοῖς
2548 3002 2809 3071 πρέποντα
2868 2999 3245 3069 καταγάγωμεν
3297 3003 3474 3067 τόπον,
3541 2998 3598 3050 Ὀ
3665 2998 3821 3059 αὐτὸς
3882 2995 3949 3055 δὴ

560 3092 797 3149 unitum
825 3090 1011 3147 fuisse
1049 3092 1270 3146 nostra:
1308 3085 1669 3143 humanitati
1708 3086 1966 3143 Verbum
1992 3087 2066 3143 de
2098 3090 2176 3143 De

2329 3087 2473 3159 οἰγιος
2535 3091 2716 3161 Πατήρ
2756 3085 2934 3138 καὶέν
3000 3096 3109 3150 τοῖς
3156 3091 3282 3161 πρὸς
3322 3084 3613 3142 Θεοδόσιον
3676 3090 3743 3140 τὰ
3805 3087 3950 3140 αὐτὰ

2339 3179 2437 3191 ρ-
2542 3173 2723 3191 ,μμ
2903 3175 2957 3191 ε,
3245 3175 3331 3191 υς
3463 3176 3500 3191 η,
3778 3173 3949 3191 ,ιε

561 3182 859 3239 dicimus:
892 3194 1015 3235 non
1044 3177 1207 3235 enim
1247 3177 1517 3244 forsitan,
1546 3176 1709 3248 quod
1759 3177 1974 3233 melius
2027 3182 2114 3233 est
2160 3178 2176 3232 i

2333 3179 2467 3248 ἡμᾶς
2533 3173 2843 3229 ἐκδιδάσκει
2903 3175 3061 3247 λέγων
3104 3192 3116 3205 ⁸
3178 3199 3206 3228 ‹‹
3245 3175 3398 3229 Ὀλον
3456 3176 3544 3249 ὅλη
3603 3173 3948 3234 πνηνῶσθαί

562 3269 761 3336 nobis,
799 3268 860 3324 id
889 3272 982 3326 est
1023 3267 1314 3334 animam,
1344 3265 1511 3321 nullo
1536 3265 1724 3320 verbo
1768 3265 2097 3336 judicasset
2138 3266 2174 3321 d

2332 3285 2490 3338 φαμεν
2540 3274 2599 3337 τῇ
2651 3266 2767 3317 καθ’
2825 3268 2963 3337 ἡμᾶς
3016 3264 3381 3340 ἀνθρωπότητι
3427 3270 3512 3318 τόν
3570 3265 3625 3317 ἐκ
3662 3271 3790 3318 Θεοῦ
3834 3272 3947 3319 Λό-

565 3373 755 3427 gnum
781 3355 894 3412 soli
922 3355 1092 3412 carni
1115 3369 1303 3426 quam
1342 3352 1723 3409 inhabitabat
1747 3353 1930 3409 verba
1957 3354 2186 3409 tradens

2332 3374 2419 3426 γον
2453 3370 2466 3384 ⁸
2510 3355 2567 3406 ού
2618 3356 2719 3427 γάρ
2761 3374 2859 3406 που
2898 3359 2955 3406 τό
3007 3356 3213 3427 ἄμεινον
3273 3354 3321 3406 ἐν
3375 3357 3520 3427 ἡμῖν,
3563 3358 3802 3406 τουτέστι
3838 3354 3950 3425 dou-

561 3444 695 3502 Istis
725 3444 1028 3502 ambabus
1061 3443 1215 3499 bene
1250 3442 1603 3514 mysterium
1639 3442 1989 3498 moonomiae
2020 3444 2182 3515 imple

2335 3452 2462 3516 χὴν,
2512 3442 2721 3507 οὐδενός
2761 3444 2820 3495 ἂν
2868 3445 3063 3506 ἠξίωσε
3109 3444 3261 3517 λόγου
3304 3449 3432 3518 μόνη
3500 3441 3821 3517 δωρούμενος
3874 3452 3945 3516 τῇ

562 3537 691 3603 bat;
709 3549 890 3591 carne
913 3538 978 3589 ut
994 3534 1393 3588 instrumento
1415 3530 1691 3587 utebatur
1707 3531 1780 3586 ad
1805 3547 1991 3603 opera
2005 3534 2183 3589 carnis

2339 3540 2496 3608 σαρκὶ
2562 3542 2651 3594 τῆς
2713 3530 2999 3605 ἐπιδημίας
3061 3538 3181 3595 τοὺς
3237 3534 3439 3607 λόγους.
3492 3534 3805 3609 Ἐπράττετο
3888 3532 3952 3587 δὲ

564 3623 942 3686 inﬁrmitates
975 3621 1199 3677 scilicet
1223 3636 1292 3677 ac
1313 3634 1715 3692 quaecumque
1737 3619 2022 3678 abessent
2048 3638 2083 3678 a
2106 3639 2179 3678 cu

2338 3620 2411 3674 δι’
2470 3621 2657 3694 ἀμφοῖν
2730 3622 2899 3683 καλῶς
2952 3632 3047 3685 τῆς
3116 3624 3413 3695 οἰκονομίας
3481 3626 3540 3675 1'6
3600 3628 3894 3695 μυστήριον
3929 3640 3946 3656 ⁸

566 3730 669 3787 pa;
688 3712 894 3770 anima
907 3725 1050 3767 vero
1069 3709 1147 3766 ad
1161 3709 1437 3765 humana
1453 3706 1855 3779 innoxiasque
1879 3711 2187 3780 passiones

2335 3719 2746 3786 προσεχρήσατο
2796 3714 3028 3785 καθάπερ
3083 3711 3284 3785 ὀργάνῳ
3319 3720 3381 3784 τῇ
3439 3708 3554 3784 ἰδίᾳ
3607 3716 3766 3783 σαρκὶ
3816 3717 3949 3787 πρὸς

567 3801 786 3859 dicitur
836 3800 999 3857 enim
1037 3798 1336 3865 esuriisse,
1380 3812 1454 3853 ex
1509 3795 1706 3865 longis
1743 3796 2054 3853 itineribus
2100 3799 2188 3855 fat

2333 3804 2397 3853 τά
2428 3804 2621 3876 σαρκός
2659 3804 2786 3875 ἔργα
2828 3820 2883 3852 τε
2928 3806 3019 3853 καὶ
3050 3800 3440 3875 ἀρρωστήματα
3469 3802 3667 3873 φυσικά
3718 3805 3811 3853 καὶ
3843 3803 3951 3854 ὅσα

566 3892 839 3965 gationes
857 3888 1237 3953 sustinuisse,
1258 3886 1559 3952 timorem,
1585 3889 1890 3953 terrorem,
1906 3887 2187 3944 tristitiam

2334 3897 2516 3964 μώμου
2557 3892 2759 3963 μακράν
2792 3912 2803 3923 ·
2848 3889 3001 3962 ψυχῇ
3033 3887 3083 3942 δ’
3125 3890 3254 3963 αὐτῇ
3306 3887 3424 3962 ἰδίᾳ
3460 3893 3591 3962 πρὸς
3635 3893 3699 3941 τά
3738 3888 3944 3964 ἀνθρω-

568 3983 853 4052 agoniam
906 3984 1089 4052 atque
1138 3979 1203 4034 in
1241 3992 1414 4033 cruce
1454 3978 1729 4031 mortem.
1786 3978 2078 4050 Namque,
2126 3995 2189 4035 ne

2333 3982 2458 4032 πινά
2512 3999 2566 4032 τε
2612 3986 2701 4031 καὶ
2750 3977 3032 4031 ἀνυπαίτια
3088 3981 3230 4036 πάθη
3266 3995 3278 4008 ⁸
3349 3986 3594 4036 πεινήσαι
3647 3979 3750 4051 γὰρ
3800 3977 3953 4051 λέγε-

567 4072 731 4128 mine
756 4068 1303 4140 cogente,animam
1323 4082 1496 4122 suam
1514 4081 1623 4138 pro
1648 4064 1825 4120 nobis
1848 4082 1882 4121 a
1904 4066 2103 4139 seipso
2124 4085 2188 4142 pc

2332 4089 2439 4137 ται,
2497 4073 2681 4129 πόνους
2725 4087 2780 4121 τε
2844 4069 3135 4139 ὑπενεγκεῖν
3174 4071 3291 4129 τοὺς
3337 4065 3391 4118 ἐκ
3456 4075 3666 4139 μακρῶν
3724 4063 3950 4120 ὁδοιπο-

572 4160 714 4229 suit,
744 4165 809 4214 ut
849 4159 1121 4214 vivorum
1174 4163 1354 4227 atque
1398 4161 1768 4211 mortuorum
1820 4155 2193 4213 dominetur:

2333 4166 2480 4234 ριῶν,
2521 4162 2779 4218 πτοήσεις
2806 4176 2859 4209 τε
2912 4162 3001 4208 καὶ
3062 4155 3251 4228 φόϐους
3305 4161 3397 4208 καὶ
3447 4155 3613 4213 λύπην
3673 4160 3767 4208 καὶ
3809 4154 3954 4228 ἀγω-

571 4262 936 4319 carnemque
949 4262 1125 4302 suam
1137 4245 1410 4302 omnium
1423 4245 1588 4301 carni
1601 4243 1856 4299 reddens
1870 4246 2100 4318 aequale
2113 4249 2191 4303 do

2335 4254 2444 4300 νίαν
2505 4253 2595 4300 καὶ
2649 4252 2735 4299 τόν
2794 4246 2872 4299 ἐπὶ
2930 4255 3001 4317 τῷ
3052 4254 3262 4320 σταυρῷ
3324 4247 3563 4302 θάνατον.
3620 4248 3956 4317 Ἐπαναγκά-

569 4353 741 4409 num,
761 4335 1028 4393 animam
1048 4350 1157 4407 pro
1179 4334 1382 4392 anima
1400 4333 1658 4406 pretium
1680 4334 1952 4389 omnium
1978 4336 2190 4391 faciens

2336 4338 2514 4399 ζοντος
2549 4340 2650 4410 γὰρ
2704 4334 2915 4399 οὐδενός
2953 4338 3129 4394 ἔθηκεν
3163 4335 3247 4407 ἀφ’
3296 4334 3481 4388 ἑαυτοῦ
3519 4339 3609 4393 τὴν
3660 4331 3803 4386 ἰδίαν
3840 4336 3955 4408 ψυ-

575 4428 632 4485 Si
653 4431 857 4483 autem
895 4424 1109 4481 iterum
1130 4423 1252 4479 vita
1270 4426 1553 4479 revocata
1576 4421 1770 4487 fuerit,
1791 4439 1860 4478 eo
1888 4425 2053 4496 quod
2074 4442 2196 4481 esse

2335 4433 2441 4500 χὴν
2501 4429 2625 4503 ὑπὲρ
2694 4429 2858 4499 ἡμῶν,
2922 4428 3003 4477 ἵνα
3060 4431 3149 4477 καὶ
3205 4433 3392 4500 νεκρῶν
3446 4429 3535 4476 καὶ
3597 4424 3803 4484 ζώντων
3854 4445 3952 4478 κυ-

573 4517 751 4582 Deus,
780 4515 1139 4579 resurrexit;
1174 4528 1296 4568 non
1316 4513 1477 4568 enim
1506 4517 1661 4568 certe
1700 4512 1935 4581 justum
1959 4520 2118 4571 esset
2143 4515 2194 4571 di

2335 4480 2407 4500 Ῑν¹
2597 4480 2605 4503 Ι
2711 4480 2739 4499 ἰ
2844 4480 2858 4497 ἲ
3291 4480 3300 4500 Ι
3605 4480 3621 4484 ⁷

2335 4520 2518 4592 ριεύση
2556 4534 2569 4547 ⁸
2614 4520 2784 4590 σάρκα
2827 4520 2915 4588 μὲν
2968 4520 3059 4573 τήν
3118 4511 3257 4567 ἰδίαν
3308 4522 3402 4575 τῆς
3454 4512 3689 4566 ἀπάντων
3745 4520 3956 4588 σαρκός

572 4620 705 4662 cere
734 4601 1147 4665 carnem,olim
1168 4600 1358 4657 Verbo
1388 4603 2027 4678 unitam,corruptione
2050 4620 2190 4676 poss

2338 4606 2612 4667 ἀποτιννύς
2664 4605 2866 4665 ἀληθῶς
2932 4601 3099 4677 δῶρον
3156 4602 3437 4666 ἀντάξιον⁸
3477 4603 3657 4674 ψυχήν
3717 4599 3770 4654 δ’
3832 4602 3957 4658 ἀντὶ

573 4692 1247 4764 detineri,animamque
1276 4691 1544 4749 divinam
1564 4695 1757 4768 ipsius
1788 4694 2002 4750 inferni
2033 4698 2194 4766 porta

2337 4696 2522 4768 ψυχῆς
2568 4695 2865 4768 ἀντίλυτρον
2921 4702 3020 4746 τῶν
3078 4693 3316 4745 ἁπάντων
3356 4694 3656 4765 ποιούμενος
3688 4708 3702 4721 ⁸
3769 4692 3817 4744 εἰ
3856 4701 3955 4747 καὶ

570 4800 709 4842 rum
728 4782 855 4839 ﬁeri
879 4781 1180 4854 captivam
1200 4797 1212 4835 :
1231 4782 1367 4838 Non
1388 4782 1707 4842 derelictus
1729 4788 1809 4842 est
1830 4786 1891 4840 in
1908 4785 2146 4854 inferno
2161 4785 2191 4818 5‘

2342 4784 2523 4837 ἀνεϐίω
2580 4787 2732 4837 πάλιν
2784 4785 2889 4845 ζωή
2954 4785 3089 4834 κατά
3146 4786 3298 4855 φύσιν
3350 4783 3605 4856 ὑπάρχων
3653 4782 3718 4841 ὡς
3759 4786 3892 4843 Θεός
3937 4800 3951 4814 ⁸

569 4875 742 4947 juxta
769 4872 936 4945 quod
983 4870 1125 4928 dicit
1178 4877 1423 4928 sanctus
1462 4874 1693 4930 Petrus.
1742 4877 1867 4930 Non
1910 4878 2110 4929 autem
2150 4873 2186 4927 d

2340 4875 2399 4927 οὗ
2448 4877 2549 4948 γάρ
2614 4893 2693 4926 τοι
2753 4876 2895 4945 Θέμις
2952 4872 3107 4925 εἰπεῖν
3148 4874 3314 4944 φθορᾷ
3369 4874 3458 4943 μὲν
3518 4866 3782 4923 δύνασθαι
3820 4891 3954 4946 κρα-

574 4961 838 5022 cendum
866 4966 955 5018 est
982 4964 1265 5018 naturam
1302 4961 1432 5033 ejus
1462 4963 2028 5038 incomprehensam
2056 4962 2195 5017 indi:

2342 4966 2548 5017 τεῖσθαί
2598 4982 2722 5015 ποτε
2772 4964 3041 5015 ἐνωθεῖσαν
3082 4969 3151 5032 τῷ
3200 4966 3356 5033 Λόγῳ
3388 4963 3578 5031 σάρκα,
3611 4960 3847 5031 κάτοχον
3890 4958 3958 5014 δὲ

575 5054 960 5125 solutamque
989 5050 1237 5107 omnino
1276 5050 1458 5108 fuisse
1490 5058 1705 5123 morte,
1735 5051 1841 5108 sed
1861 5051 2196 5108 divinitate:

2343 5054 2523 5114 αύταῐς
2565 5048 2698 5124 ᾅδου
2736 5052 2924 5113 πύλαις
2966 5056 3058 5109 τήν
3093 5053 3230 5103 θείαν
3277 5051 3518 5121 γενέσθαι
3565 5048 3750 5120 ψυχήν
3787 5067 3798 5076 ·
3835 5050 3957 5102 Οὐκ

574 5140 871 5214 Unigeniti
900 5140 961 5197 in
993 5139 1192 5196 sinum
1217 5143 1391 5196 terrae.
1443 5142 1799 5198 translatam
1840 5141 2018 5197 etiam
2049 5139 2195 5196 fuiss

2344 5141 2705 5215 ἐγκατελείφθη
2775 5145 2875 5216 γάρ
2944 5140 3010 5201 εἰς
3086 5136 3242 5211 ᾅδου,
3314 5141 3452 5191 καθά
3512 5142 3602 5189 καὶ
3656 5138 3681 5187 ό
3760 5138 3957 5191 θεσπέ-

573 5232 884 5301 dicemus;
943 5244 1070 5287 non
1119 5230 1281 5286 enim
1329 5233 1417 5287 est
1472 5229 1762 5300 mirabile,
1806 5229 1856 5286 si
1892 5229 1956 5285 in
2000 5228 2193 5286 infern

2345 5252 2454 5297 σιος
2497 5236 2588 5306 ἔφη
2640 5236 2849 5307 Πέτρος.
2905 5230 2980 5282 Ou’
3032 5233 3134 5303 γὰρ
3172 5229 3314 5283 ἔστιν
3368 5228 3522 5281 εἰπεῖν
3561 5227 3626 5288 ὡς
3673 5230 3768 5284 τὴν
3813 5226 3956 5286 ἄλη-

644 5416 667 5453 ⁵
696 5416 870 5472 Rom.
894 5429 1013 5484 xxv,
1044 5413 1098 5471 9.
1178 5412 1227 5449 δ’
1249 5414 1377 5469 Act.
1417 5428 1480 5482 ιι,
1509 5413 1599 5469 27.

641 5581 719 5654 (I)
750 5579 899 5637 Citat
916 5578 1031 5654 hoc
1063 5573 1959 5654 scriptum_suum_1ustinianus
1996 5574 2058 5630 in
2099 5572 2230 5654 alio
2340 5571 2489 5654 Citat
2511 5586 2715 5654 rursus
2737 5569 2997 5654 Agatho
3016 5567 3265 5654 papa'i’n
3290 5564 3543 5654 epistola
3570 5564 3647 5622 ad
3677 5564 3951 5638 impera-

570 5635 682 5712 suh
700 5635 995 5726 opusculo
1024 5667 1061 5709 a
1083 5635 1263 5707 nobis
1289 5646 1449 5705 edito
1472 5645 1613 5703 Coll.
1647 5648 1775 5703 Vat.
1804 5650 1842 5703 t.
1864 5646 1977 5715 VII,
2002 5662 2060 5719 p.
2096 5650 2220 5702 309.
2337 5648 2566 5700 ratores
2600 5635 2823 5699 Concil'.
2857 5635 3045 5699 Labb'.
3075 5635 3120 5697 t'.
3152 5640 3245 5705 VI,
3278 5635 3345 5710 p2
3375 5641 3476 5693 663
3498 5635 3562 5693 b.
