4106 6296
485 299 548 351 91
1835 299 2100 356 ΝΙΟΕΤᾸΞ
2141 299 2513 357 (ΖΗΟΝΙΑΤᾸΞ
3785 311 3857 366 92

485 420 753 477 minatur
780 418 864 476 ita
884 421 949 475 ut
977 422 1203 476 naturae
1240 421 1488 494 quidem
1544 421 1618 479 sit
1663 437 1847 495 posse
1895 439 2134 496 semper

2261 427 2319 477 16
2340 429 2617 498 πεφυκέναι
2645 424 2833 494 λαλεῖν,
2865 427 3040 500 ὡσπερ
3081 430 3171 480 καὶ
3220 431 3278 480 τὸ
3322 433 3600 502 πεφυκέναι
3648 430 3804 485 θέλειν
3839 453 3856 466 ·

482 508 671 581 loqui,
704 514 769 565 ut
793 513 850 564 et
878 524 1061 581 posse
1086 510 1255 566 velle.
1289 511 1347 565 Si
1392 515 1592 568 autem
1640 528 1820 585 posse
1869 512 2022 570 velle
2079 516 2136 569 et

485 598 1040 671 quomodocumque
1069 598 1219 655 velle
1242 616 1367 656 non
1391 605 1530 657 sunt
1565 601 1747 673 idem,
1791 602 1896 658 sei
1939 605 2133 675 poste—

484 686 610 742 rius
641 702 714 742 ex
765 685 1015 744 volentis
1056 686 1485 745 deliberatione
1535 690 1823 762 procedit,
1869 690 2135 746 habebat

485 775 665 848 igitur
684 792 864 848 posse
892 776 1040 835 velle
1066 777 1448 834 incarnatum
1480 779 1758 846 Verbum,
1815 783 1881 835 ut
1926 779 2132 845 homo,

489 882 603 922 sua
632 866 837 923 divina
865 866 1173 923 voluntate
1206 873 1440 924 motum
1469 872 1525 924 et
1555 868 1960 925 eﬂ'ormatum.
1994 869 2133 940 Ejus

487 956 649 1011 enim
678 954 978 1025 voluntas,
1012 956 1159 1013 nihil
1192 961 1308 1013 Deo
1340 959 1642 1030 opposita,
1675 960 1925 1015 omnino
1964 958 2132 1015 deiti-

487 1050 621 1102 cata
646 1051 790 1102 erat.
828 1045 882 1103 Si
910 1049 1112 1102 autem
1138 1047 1552 1117 deiﬁcabatur,
1582 1054 1744 1120 patet
1785 1065 1922 1104 eam
1969 1048 2135 1104 deiﬁ-

488 1134 675 1191 cantis
705 1135 1060 1191 cohaerentia
1087 1135 1425 1193 deiﬁcatam
1461 1153 1612 1193 esse.
1664 1138 1952 1194 Deiﬁcum
1989 1153 2133 1194 vero

489 1228 544 1281 et
571 1224 915 1280 deiﬁcatum
945 1225 1068 1280 duo
1098 1231 1252 1282 certe
1305 1232 1476 1294 sunt;
1512 1226 1618 1282 sed
1676 1243 1799 1283 non
1856 1243 2046 1283 unum
2075 1230 2136 1282 et

486 1314 645 1370 idem
671 1320 919 1384 natura;
955 1315 1003 1370 si
1029 1315 1273 1387 quidem
1303 1333 1533 1384 eorum,
1566 1333 1701 1389 quae
1736 1322 1875 1373 sunt
1904 1317 1983 1374 ad
2026 1317 2133 1373 ali-

488 1402 653 1475 quid,
684 1402 971 1459 deiﬁcans
1002 1407 1058 1459 et
1086 1403 1435 1461 deiﬁcatum
1467 1411 1626 1475 sunt,
1677 1421 1749 1461 ea
1798 1421 1939 1462 vero
1996 1422 2131 1478 quae

489 1496 628 1547 sunt
655 1490 734 1545 ad
764 1490 991 1562 aliquid
1019 1497 1277 1562 possunt
1295 1492 1447 1548 inter
1473 1508 1534 1549 se
1564 1494 1734 1561 uniri,
1759 1494 2134 1566 alterumque

488 1594 595 1652 per
621 1580 874 1636 alterum
896 1581 1151 1653 concipi.
1174 1582 1443 1639 Habebat
1466 1583 1644 1654 igitur
1663 1584 1999 1640 naturalem
2027 1599 2135 1638 vo-

486 1668 801 1742 luntatem,
830 1675 892 1726 ut
921 1670 1127 1741 homo,
1161 1672 1431 1729 Salvator
1461 1690 1569 1729 sua
1600 1672 1803 1730 divina
1831 1675 2133 1729 voluntate

2253 516 2300 567 εἱ
2327 512 2385 568 δὲ
2413 518 2471 568 τὸ
2500 519 2779 587 πεφυκέναι
2812 515 2968 568 θέλειν
3005 522 3095 571 καὶ
3146 521 3206 570 τὸ
3254 526 3362 581 πῶς
3408 519 3566 573 θέλειν
3617 521 3710 573 οὐκ
3742 525 3858 576 ἔστι

2246 608 2454 676 ταυτὸν,
2506 608 2564 656 τό
2621 601 2679 657 δὲ
2729 612 2821 665 τῆς
2884 613 2976 657 τοῦ
3034 606 3260 669 θέλοντος
3324 608 3558 682 ὑπάρχει
3624 609 3838 683 βουλῆς,

2248 693 2384 766 εἶχεν
2430 695 2532 768 ἄρα
2582 697 2641 745 τό
2690 698 2967 766 πεφυκέναι
3017 695 3173 748 θέλειν
3223 697 3248 748 6
3304 700 3589 772 σαρκωθεὶς
3646 703 3839 772 Λόγος,

2246 786 2315 844 ὡς
2342 784 2629 856 άίνθρωπος⁵
2680 790 2753 853 τῷ
2790 783 2950 835 αὐτοῦ
2997 786 3148 856 θεῑκῷ
3199 783 3499 859 βουλήματι
3547 791 3842 861 κινούμενον

2244 878 2335 925 καί
2387 876 2703 945 τυπούμενον
2745 894 2758 906 ο
2813 876 2872 925 τό
2918 876 3019 947 ’γὰρ
3058 873 3249 928 ἐκείνου
3307 876 3463 928 θέλειν
3513 874 3663 931 οὐδὲν
3711 881 3841 932 ὑπε-

2244 967 2441 1015 ναντίον
2490 971 2623 1033 Θεῷ,
2675 963 2855 1015 θεωθεν
2908 962 3023 1016 ὅλον
3057 985 3068 997 ·
3122 965 3167 1016 εἰ
3215 962 3275 1017 δὲ
3330 968 3566 1028 τεθέωτο,
3628 975 3690 1039 τῇ
3747 974 3839 1020 τοῦ

2247 1054 2478 1114 θεοῦντος
2536 1048 2778 1109 δηλονότι
2809 1055 3047 1125 συμφυίᾳ
3092 1056 3328 1107 τεθέωτο.
3365 1058 3434 1107 T6
3469 1052 3527 1108 δὲ
3573 1058 3716 1109 θεοῡν
3745 1062 3837 1110 καὶ

2248 1143 2511 1215 θεούμενον
2544 1138 2641 1192 δύο
2684 1142 2910 1209 πάντως,
2963 1141 3071 1193 ἀλλ’
3104 1142 3208 1214 οὐχ
3236 1143 3283 1195 ἓν
3310 1149 3399 1196 καὶ⁹
3430 1147 3582 1217 φύσει
3625 1150 3836 1211 ταυτὸν,

2245 1232 2383 1305 εἴπερ
2415 1238 2511 1282 τῶν
2542 1250 2667 1305 προς
2696 1250 2748 1281 τι
2798 1234 2855 1282 τὸ
2915 1232 3058 1283 θεοῦν
3103 1237 3192 1284 καὶ
3238 1235 3296 1284 τὸ
3353 1234 3643 1305 θεούμενον,
3674 1236 3741 1286 τὰ
3780 1231 3841 1287 δὲ

2243 1322 2373 1391 πρός
2418 1339 2470 1371 τι
2517 1322 2716 1379 πάντως
2764 1317 3001 1381 ἀλλήλοις
3034 1323 3435 1392 συνεισάγεσθαι
3482 1326 3693 1394 πέφυκε,
3748 1328 3841 1375 καὶ

2246 1411 2440 1481 θατέρῳ
2509 1410 2924 1461 συνεπινοεῖσθαι
2992 1411 3221 1483 θάτερον.
3264 1408 3422 1481 Εἷχεν
3489 1412 3582 1463 οὗκ
3640 1412 3844 1485 θέλημα

2244 1500 2465 1569 φυσικόν
2526 1498 2597 1558 ὡς
2648 1498 2919 1571 ἄνθρωπος
2983 1499 3007 1549 6
3074 1503 3250 1571 Σωτὴρ
3317 1507 3391 1569 τῷ
3456 1500 3616 1552 αὑτοῦ
3685 1503 3842 1572 θείκῷ

2247 1585 2497 1658 θελήματι
2526 1589 2938 1658 συντυπούμενον
2977 1591 3068 1639 καὶ
3099 1587 3360 1660 ἑνούμενον
3407 1594 3497 1641 καὶ
3544 1589 3638 1640 οὐκ
3699 1588 3845 1641 ἐναν-

2242 1679 2505 1748 τιούμενον
2540 1696 2553 1709 '
2589 1678 2645 1728 1'6
2674 1680 2776 1750 γὰρ
2807 1676 2925 1727 κατ’
2979 1678 3150 1747 ἔφεσιν
3182 1676 3454 1749 ὁρεκτικῆς
3502 1677 3843 1753 ἐστερημένον

488 1759 866 1815 etformatam
920 1764 975 1816 et
1030 1761 1381 1818 uniﬁcatam
1448 1768 1504 1819 et
1565 1778 1687 1819 non
1747 1763 2128 1819 contrariam.

2246 1770 2490 1826 κινήσεως
2542 1770 2631 1817 καὶ
2668 1771 2847 1826 πᾶσης
2892 1768 3115 1827 ζωτικῆς
3149 1762 3416 1838 δυνάμεως
3463 1768 3679 1841 ἄμοιρον
3715 1789 3728 1800 '
3780 1772 3843 1820 τὸ

489 1849 657 1914 Quod
678 1848 835 1905 enim
863 1850 1190 1922 appetitivo
1216 1851 1278 1906 in
1305 1851 1568 1923 potentia
1588 1857 1756 1908 motu
1777 1857 1956 1923 caret,
1974 1857 2136 1909 caret

488 1937 667 1995 simul
692 1938 859 1994 omni
889 1939 1051 1995 v1tali
1082 1944 1410 2012 potestate;
1442 1942 1606 2015 quod
1633 1947 1835 1999 autem
1862 1958 1933 1997 ex
1963 1948 2136 1999 natu-

487 2044 557 2085 ra
583 2044 707 2086 non
734 2029 917 2087 habet
947 2030 1185 2087 vitalem
1225 2035 1601 2104 potestatem,
1643 2033 1894 2089 omnino
1935 2047 2133 2105 neque

485 2117 754 2177 animam
779 2120 980 2177 habet.

486 2226 585 2282 Ad
613 2242 706 2283 eos
737 2230 838 2299 qui
864 2228 1074 2284 dicunt
1093 2242 1154 2284 se
1174 2230 1400 2286 nescire
1424 2229 1679 2286 alteram
1697 2234 1752 2285 et
1782 2230 2037 2286 alteram
2066 2230 2131 2284 in

561 2315 804 2372 Christo
828 2317 1224 2385 voluntatem,
1242 2318 1345 2373 sed
1366 2332 1547 2374 unam
1573 2322 1628 2373 et
1652 2318 1809 2374 hanc
1838 2317 2128 2384 divinam,

557 2418 623 2460 eo
643 2404 802 2475 quod
829 2404 1108 2474 deiﬁcata
1134 2406 1324 2475 fuerit
1348 2421 1505 2463 caros

557 2514 612 2565 2.
640 2509 758 2565 Nisi
780 2510 969 2568 altera
995 2515 1052 2569 et
1073 2511 1260 2569 altera
1287 2512 1364 2569 sit
1385 2512 1721 2569 secundum
1742 2517 2019 2569 naturam
2047 2512 2132 2568 di-

484 2598 630 2655 vina
679 2603 736 2656 et
765 2599 1036 2657 humana
1065 2602 1364 2668 voluntas,
1414 2602 1802 2657 manifestum
1854 2608 1946 2657 est
1995 2617 2131 2657 eam

486 2703 619 2743 esse
647 2703 831 2743 unam
862 2693 919 2745 et
943 2689 1222 2746 eamdem
1260 2696 1496 2746 natura.
1542 2691 1597 2746 Si
1649 2691 1733 2747 ita
1760 2695 1869 2757 est,
1918 2696 2133 2747 natura

486 2776 623 2848 ipsa
651 2777 991 2835 necessaria
1012 2793 1136 2834 una
1165 2783 1221 2835 et
1253 2778 1466 2835 eadem
1492 2780 1619 2835 erit.
1648 2779 1758 2836 Ubi
1794 2779 1953 2835 enim
2010 2795 2133 2834 non

487 2864 903 2922 estdiversilas
919 2868 1208 2923 naturalis
1233 2867 1627 2939 voluntatum,
1643 2884 1836 2940 neque
1859 2867 2136 2924 substan-

486 2953 581 3010 tiae
612 2958 669 3011 et
696 2958 927 3012 natura;
951 2955 1070 3012 illic
1099 2956 1289 3013 aderit
1314 2956 1665 3013 varietas.Si
1691 2962 1891 3013 autem
1923 2962 2137 3013 natura

487 3043 671 3102 altera
699 3049 757 3100 et
786 3044 976 3102 altera
1019 3046 1354 3103 voluntates
1400 3047 1539 3118 sint,
1599 3047 1850 3105 omnino
1893 3047 2042 3103 inter
2073 3062 2135 3102 se

486 3132 795 3191 differunt.
836 3138 1013 3191 Porro
1037 3136 1087 3191 si
1116 3134 1421 3207 differunt,
1443 3137 1756 3209 quomodo
1782 3152 1991 3193 earum
2020 3153 2135 3193 nu-
2163 3128 2208 3185 ο

486 3236 721 3276 merum
753 3222 1020 3279 conﬁteri
1051 3224 1173 3280 n'on
1204 3241 1451 3281 necesse
1485 3232 1574 3281 est
1603 3232 1660 3282 et
1705 3232 1853 3299 quot
1900 3226 2017 3281 sint
2049 3227 2136 3281 in-

488 3307 721 3379 quirere
742 3310 770 3365 ?
797 3311 1113 3375 Quomodo
1140 3313 1302 3368 enim
1332 3314 1618 3385 possibile
1648 3320 1739 3370 est
1767 3330 1899 3369 esse
1928 3314 2136 3369 volun-

488 3401 638 3454 tates
659 3412 881 3472 easque
912 3416 1031 3456 non
1060 3404 1418 3459 numerari?
1439 3405 1614 3470 Quod
1646 3405 1805 3459 enim
1860 3404 2137 3461 deiﬁcata

490 3491 577 3542 est
627 3502 737 3543 sua
766 3503 904 3543 cum
937 3491 1055 3545 Deo
1086 3490 1309 3547 unione
1366 3507 1526 3560 caro,
1578 3508 1698 3548 non
1735 3493 1871 3549 ideo
1917 3494 1980 3548 in
2026 3509 2136 3549 sua

489 3574 789 3631 essentiali
819 3577 1085 3645 entitate,
1111 3584 1412 3651 quatenus
1452 3586 1669 3636 natura
1699 3581 2051 3637 rationalem
2080 3588 2138 3637 et

490 3667 691 3718 mente
755 3666 1069 3737 praeditam
1122 3668 1388 3723 animam
1448 3668 1647 3734 habet,
1711 3670 2132 3741 corrumpitur.

489 3752 1012 3818 Quemadmodum
1029 3771 1225 3828 neque
1245 3756 1468 3812 ferrum
1484 3758 1880 3829 corrumpitin
1893 3759 2138 3831 propria

489 3845 705 3899 natura
735 3859 977 3900 summa
1005 3849 1063 3901 et
1092 3844 1356 3916 perfecta
1390 3862 1528 3901 cum
1558 3847 1695 3916 igne
1722 3847 2059 3902 commistio
2082 3851 2139 3904 et

492 3931 671 4000 unio;
707 3932 814 3988 sed
842 3934 1236 4006 proprietates
1258 3933 1413 4003 ignis
1444 3935 1761 4005 contrahit,
1799 3936 1845 3991 si
1888 3936 2135 4008 quidem

487 4019 643 4091 ignis
668 4036 774 4093 per
806 4022 1093 4078 unionem
1124 4022 1351 4079 factum
1373 4030 1497 4092 est;
1535 4024 1931 4082 simulautem
1955 4041 2137 4096 grave

489 4113 578 4165 est
607 4117 823 4167 natura
855 4116 911 4167 et
943 4117 1124 4181 secat,
1157 4113 1302 4185 quia
1328 4129 1450 4169 non
1482 4116 1738 4187 propriae
1768 4120 2000 4171 naturae
2047 4115 2137 4185 ja-

489 4200 722 4253 cturam
747 4214 999 4271 passum
1025 4206 1342 4274 est,neque
1371 4202 1707 4260 naturalem
1734 4203 1853 4259 vim
1886 4204 2136 4259 omnino

490 4286 707 4352 amisit,
737 4288 846 4345 etsi
871 4305 1011 4345 cum
1033 4290 1170 4359 igne
1200 4292 1446 4348 exsistat
1485 4293 1820 4349 secundum
1851 4308 2037 4349 unam
2082 4297 2139 4350 et

491 4376 769 4433 eamdem
794 4379 1377 4453 hypostasim,atque
1409 4382 1585 4437 simul
1610 4386 1887 4454 operetur
1907 4398 1977 4439 ea
2002 4397 2135 4454 qua

2247 1852 2306 1907 δὲ
2339 1858 2554 1917 ζωτικὴν
2585 1854 2679 1906 οὐκ
2717 1856 2839 1926 ἔχον
2880 1854 2934 1907 ἐκ
2965 1874 3161 1926 φυσεως
3192 1851 3415 1928 δύναμιν
3458 1858 3660 1918 πάντως
3712 1854 3845 1911 οὐδὲ

2243 1944 2444 2016 ψυχήνι

2244 2232 2380 2305 Πρὸς
2410 2232 2528 2290 τοὺς
2572 2229 2818 2301 λέγοντας
2860 2233 2929 2301 μὴ
2984 2228 3107 2281 ἄλλο
3154 2233 3245 2281 καὶ
3294 2228 3416 2281 ἄλλο
3470 2229 3552 2282 ἐπὶ
3598 2237 3847 2303 Χριστοῦ

2314 2315 2506 2370 εἰδέναι
2534 2318 2751 2390 θέλημα,
2784 2316 2891 2369 ἀλλ’
2920 2316 2968 2370 ἓν
2993 2322 3081 2370 καὶ
3112 2325 3265 2369 τοῦτο
3298 2320 3485 2386 θεῐκόν,
3523 2315 3617 2370 διὰ
3641 2323 3699 2371 1'6
3742 2324 3844 2378 τὴν

2315 2409 2488 2482 σάρκα
2520 2409 2792 2465 θεωθῆναι.

2314 2512 2385 2587 β’.
2417 2514 2475 2568 Εἰ
2506 2513 2625 2566 ἄλλο
2662 2518 2750 2566 καὶ
2781 2512 2903 2566 ἄλλο
2935 2515 3072 2565 κατὰ
3100 2516 3254 2585 φύσιν
3304 2513 3398 2566 οὐκ
3435 2516 3548 2567 ἔστι
3594 2517 3652 2567 τὸ
3700 2516 3842 2569 θεῖον

2241 2606 2414 2656 καὶτὸ
2469 2602 2785 2677 ἀνθρώπινον
2842 2603 3061 2675 θέλημα,
3115 2598 3273 2661 δῆλον
3326 2604 3395 2663 ὡς
3445 2602 3492 2655 ἓν
3547 2605 3700 2675 φύσει
3745 2608 3846 2656 καὶ

2242 2697 2429 2745 ταυτὸν
2463 2714 2476 2726 ·
2509 2699 2599 2746 καὶ
2646 2693 2689 2745 εἰ
2717 2700 2890 2759 τοῦτο,
2940 2697 3029 2745 καὶ
3068 2694 3097 2751 ἡ
3161 2696 3312 2764 φύσις
3365 2692 3417 2756 ἐξ
3469 2690 3691 2765 ἀνάγκης
3740 2698 3848 2765 μία

3076 2781 3135 2834 οὗ
3184 2784 3285 2857 γὰρ
3346 2782 3581 2855 ἑτερότης
3636 2788 3842 2855 φυσικὴ

2248 2872 2545 2945 θελημάτων
2593 2872 2685 2924 οὐκ
2743 2875 2904 2938 ἔστιν,
2964 2868 3087 2924 οὐδὲ
3145 2872 3327 2935 οὐσίας
3380 2876 3471 2923 καὶ
3532 2874 3731 2944 φύσεως
3784 2876 3851 2925 τὸ

2243 2788 2326 2834 καὶ
2378 2781 2773 2858 ἀπαράλλακτος
2822 2785 2972 2835 ἔσται
3005 2803 3017 2815 ·

2243 2963 2489 3033 παράπαν
2551 2959 2715 3013 ἐκεῖσε
2760 2959 3091 3034 παραλλαγή.
3148 2961 3208 3013 Εἰ
3260 2958 3320 3014 δὲ
3378 2959 3500 3013 ἄλλο
3556 2963 3709 3033 φύσει
3750 2965 3855 3014 καὶ

2246 3049 2389 3112 ἄλλο,
2450 3046 2679 3122 διάφορα
2731 3052 2935 3111 πάντως
2987 3071 3000 3082 ·
3058 3053 3147 3101 καὶ
3201 3049 3244 3102 εἰ
3292 3046 3540 3122 διάφορα,
3590 3057 3700 3110 πῶς
3750 3052 3850 3101 τὸν

2245 3139 2293 3191 ἐν
2350 3147 2499 3210 ποσῷ
2550 3142 2743 3192 τούτων
2805 3138 3025 3213 ἀριθμόν
3088 3139 3192 3210 οὐχ
3241 3139 3566 3211 ὁμολογῆσαι
3617 3143 3792 3212 χρεών
3834 3157 3849 3207 ;

2246 3237 2359 3290 Πῶς
2387 3231 2487 3302 ’γὰρ
2531 3225 2752 3280 δυνατὸν
2802 3225 2932 3280 εἶναι
2979 3231 3046 3280 τὰ
3100 3228 3385 3301 θελήματα,
3433 3233 3522 3280 καὶ
3571 3233 3642 3299 μὴ
3694 3225 3851 3301 ἀριθ-

2244 3320 2494 3391 μεῖσθαι;
2542 3321 2610 3370 T6
2671 3320 2769 3390 γὰρ
2828 3319 3080 3375 θεωθῆναι
3125 3325 3186 3390 τῇ
3237 3321 3364 3392 πρὸς
3401 3321 3487 3369 τὸν
3539 3319 3665 3370 Θεὸν
3711 3316 3849 3368 ἐνώ-

2247 3427 2347 3476 σει,
2402 3409 2540 3459 καθὰ
2577 3411 2668 3458 καὶ
2722 3412 2815 3464 τήν
2863 3409 3017 3478 φύσιν
3075 3406 3236 3464 αὐτὴν
3294 3414 3391 3467 τῆς
3417 3405 3635 3478 λογικῶς
3662 3424 3717 3457 τε
3746 3405 3849 3458 καὶ

2243 3504 2429 3569 νοερώς
2477 3496 2824 3568 ἐψυχωμένης
2880 3498 3087 3567 σαρκὸς,
3148 3503 3244 3556 τῆς
3291 3495 3406 3548 κατ’
3464 3495 3645 3549 οὐσίαν
3697 3493 3849 3547 ὀντό-

2241 3605 2393 3646 τητος
2445 3585 2539 3637 οὐκ
2586 3584 2876 3647 ἐξίστησιν,
2926 3587 3097 3658 ὥσπερ
3156 3581 3280 3637 οὐδὲ
3339 3592 3430 3644 τῆς
3488 3584 3682 3645 οἰκείας
3750 3588 3848 3636 τόν

2246 3671 2466 3749 σίδηρον
2515 3677 2717 3745 φύσεως
2767 3675 2797 3731 ἠ
2857 3674 2995 3746 ἄκρα
3058 3678 3148 3725 καὶ
3202 3670 3378 3726 διόλου
3431 3676 3560 3748 πρὸς
3623 3674 3682 3724 τὸ
3730 3679 3848 3748 πῦρ

2246 3762 2535 3838 ἀνάκρασίς
2590 3782 2643 3814 τε
2712 3767 2802 3815 καὶ
2868 3763 3048 3824 ἓνωσις
3108 3783 3121 3796 -
3193 3761 3320 3813 ἀλλὰ
3381 3764 3586 3832 πάσχει
3629 3764 3719 3834 μεν
3776 3765 3853 3814 τὰ

2243 3855 2422 3926 πυρός,
2474 3847 2653 3909 ἐπειδὴ
2711 3858 2814 3923 πῦρ
2864 3859 2925 3924 τῇ
2987 3850 3164 3903 ένὼσει
3210 3855 3519 3923 γεγένηται·
3565 3849 3739 3923 βρίθει
3782 3847 3853 3904 δὲ

2243 3940 2396 3994 πάλιν
2449 3942 2584 3992 κατὰ
2646 3942 2799 4012 φύσιν
2857 3945 2946 3991 καὶ
2994 3944 3186 4013 τέμνει,
3238 3941 3318 3992 ὅτι
3370 3944 3441 4012 μὴ
3492 3948 3586 4001 τῆς
3645 3938 3853 4002 οἰκείας

2247 4032 2445 4100 φύσεως
2521 4027 2690 4087 λώϐην
2748 4030 3014 4093 πέπονθεν,
3069 4029 3098 4088 ἡ
3158 4037 3254 4090 τῆς
3316 4026 3856 4102 φυσικῆς-ἐνεργεᾱις

2246 4118 2423 4181 ἐξέστη
2470 4122 2527 4170 τὸ
2593 4117 2828 4186 σύνολον,
2912 4122 3087 4170 καίτοι
3160 4121 3292 4191 μετὰ
3362 4121 3524 4191 πυρὸς
3582 4119 3852 4191 ὑπάρχων

2245 4211 2380 4261 κατὰ
2430 4212 2524 4266 τὴν
2581 4208 2745 4266 αὐτὴν
2792 4212 2881 4260 καὶ
2933 4213 3056 4279 μίαν
3087 4208 3399 4278 ὑπόστασιν³
3425 4212 3515 4259 καὶ
3573 4203 3849 4259 ἀδιαστά-

2244 4317 2341 4358 τως
2391 4294 2528 4370 δρῶν
2577 4300 2644 4349 τὰ
2690 4316 2744 4349 τε
2791 4299 2924 4350 κατὰ
2975 4300 3128 4368 φύσιν
3206 4294 3368 4367 ἰδίαν,
3428 4296 3560 4369 λέγω
3633 4294 3701 4354 δὴ
3746 4301 3848 4355 τὴν

2245 4391 2429 4459 τομὴν,
2496 4391 2587 4438 καὶ
2633 4389 2697 4437 τὰ
2742 4386 2860 4438 καθ’
2891 4386 3071 4438 ἕνωσιν
3100 4382 3247 4446 αὖθις
3296 4387 3416 4460 ὅπερ
3467 4389 3609 4438 ἐστὶν
3641 4387 3669 4443 ἡ
3702 4393 3848 4437 καῦ-

489 4466 824 4522 secundum
845 4469 1155 4540 propriam
1175 4475 1457 4526 naturam
1498 4477 1659 4535 sunt,
1685 4472 2014 4528 sectionem
2056 4472 2133 4527 di-

2248 4495 2332 4537 σις
2372 4492 2385 4505 '
2444 4474 2602 4527 αὐτοῦ
2651 4494 2751 4549 ’γαρ
2805 4474 2936 4543 ἐστι⁷
2990 4476 3221 4547 καθάπερ
3281 4479 3372 4527 καὶ
3426 4481 3516 4527 τοῦ
3576 4493 3741 4547 πυρος
3808 4477 3843 4533 ἠ

489 4569 582 4623 eo,
604 4570 933 4629 rursusque
962 4574 1033 4614 ea
1058 4575 1193 4630 quae
1217 4575 1289 4614 ex
1312 4560 1531 4615 unione
1548 4560 1898 4632 procedunt,
1915 4576 2133 4633 nempe

485 4643 899 4714 adustionem;
934 4647 1124 4719 ipsius
1155 4654 1359 4704 autem
1385 4654 1493 4717 est,
1525 4649 2049 4721 quemadmodum
2079 4654 2134 4705 et

485 4730 661 4802 ignis,
687 4735 933 4791 secandi
962 4736 1116 4792 actio
1138 4742 1383 4808 propter
1405 4754 1707 4794 summam
1737 4743 2131 4811 mutuamque

489 4820 1114 4881 circumincessionem
1145 4830 1202 4882 et
1224 4827 1741 4882 communionem.

934 4949 1012 5004 Et
1038 4964 1252 5006 rursus
1292 4951 1456 5007 circa
1488 4951 1669 5007 idem.

560 5061 611 5112 3.
648 5056 706 5114 Si
734 5058 940 5114 omnia
969 5074 1105 5130 quae
1137 5062 1362 5115 naturae
1396 5064 1538 5115 sunt
1563 5058 1884 5115 nobiscum
1922 5059 2135 5117 habuit

490 5144 750 5202 Christus
771 5147 1343 5217 eommunia,Patris
1367 5147 1784 5205 benevolentia
1808 5153 1863 5204 et
1888 5149 2134 5222 Spiritus

489 5233 681 5291 sancti
736 5237 1159 5308 cooperatione
1212 5242 1458 5309 propter
1516 5242 1788 5293 nostram
1856 5238 2133 5310 salutem,

488 5323 799 5395 quomodo
829 5325 1006 5381 etiam
1056 5326 1393 5383 naturalem
1441 5342 1565 5381 non
1608 5326 2007 5398 participabat
2034 5345 2135 5384 vo-

486 5413 780 5470 luntatem
800 5415 828 5472 ?
856 5416 1175 5473 Peccatum
1207 5418 1366 5473 enim
1395 5416 1589 5471 solum
1612 5431 1735 5471 non
1761 5416 2137 5489 participavit

489 5502 744 5559 Verbum
777 5505 1177 5573 incarnatum,
1211 5507 1358 5579 quia
1410 5521 1606 5577 neque
1659 5506 1720 5561 id
1767 5510 1994 5564 natura;
2025 5515 2132 5581 est,

487 5590 593 5647 sed
619 5591 873 5650 deﬂexio
920 5598 977 5652 et
1017 5595 1227 5669 lapsus
1277 5594 1496 5651 mentis
1557 5592 1711 5652 ultra
1761 5600 1993 5654 naturae
2043 5615 2137 5656 ra-

2242 4570 2397 4636 τομὴ,
2444 4562 2536 4618 διὰ
2592 4569 2687 4622 τὴν
2744 4565 2908 4637 ἄκραν
2961 4564 3035 4624 εἰς
3081 4562 3279 4621 ἄλληλα
3338 4568 3700 4638 περιχὼρησιν
3747 4570 3849 4618 καὶ

2242 4651 2540 4710 ἀντίδοσιν.

2662 4962 2763 5010 Καὶ
2793 4954 2941 5018 αὖθις
2968 4962 3086 5032 περὶ
3120 4964 3213 5012 τοῦ
3242 4956 3423 5011 αὐτοῦ.

2313 5063 2381 5135 γ’.
2450 5064 2510 5118 Εἰ
2573 5066 2777 5117 πάντων
2839 5073 2938 5116 τῶν
3000 5073 3091 5126 τῆς
3157 5067 3354 5137 φύσεως
3413 5063 3604 5126 ἐπίσης
3673 5084 3853 5118 κεκοι-

2243 5159 2464 5211 νώνηκεν
2517 5155 2642 5226 ἡμῖν
2700 5155 2725 5205 6
2784 5157 3009 5228 Χριστὸς
3066 5152 3282 5227 εὐδοκία
3335 5157 3533 5228 Πατρός
3579 5158 3672 5206 καὶ
3723 5175 3855 5207 συν-

2247 5247 2418 5317 εργείᾳ
2470 5245 2767 5316 Πνεύματος
2818 5244 2966 5315 ἁγίου
3025 5240 3119 5296 διὰ
3188 5248 3279 5301 τὴν
3361 5247 3625 5315 σωτηρίαν
3674 5244 3853 5314 ἡμῶν,

2246 5334 2385 5394 ὅπως
2439 5331 2567 5403 οὐχὶ
2637 5338 2725 5386 καὶ
2798 5340 2892 5395 τῆς
2969 5341 3196 5405 φυσικῆς
3254 5338 3465 5404 μετεῖχε
3538 5330 3851 5399 θελήσεωςς

2244 5421 2528 5495 ίΑμαρτίας
2568 5424 2669 5496 γὰρ
2721 5426 2881 5494 μόνης
2953 5421 3081 5493 οὐχὶ
3151 5424 3404 5494 μετέσχεν
3449 5421 3474 5471 6
3550 5422 3855 5493 σαρκωθεὶς

2248 5514 2435 5581 Λόγος,
2492 5512 2569 5563 ὅτι
2621 5507 2760 5582 μηδὲ
2798 5518 2892 5572 τῆς
2933 5513 3133 5583 φύσεως
3185 5510 3315 5566 αὕτη
3349 5507 3506 5573 ἐστὶν,
3538 5505 3670 5559 ἀλλά
3710 5529 3858 5585 παρ-

2247 5604 2465 5674 εκτροπὴ
2532 5604 2622 5657 καὶ
2688 5601 2954 5673 ὀλίσθημα
3016 5606 3225 5673 γνώμης
3290 5601 3627 5670 κεκινημένης
3694 5606 3853 5673 παρά
