4106 6296
199 283 233 337 93
1550 291 1900 349 THESAURI
1937 290 2068 348 LlB.
2108 291 2265 348 xvu.
3514 286 3584 343 94

198 407 353 482 τθλάγον
373 422 483 477 τῆς
552 420 849 491 φύσεως·
918 417 1283 474 διαστέλλεται
1331 420 1430 492 γὰρ
1478 420 1537 471 τὸ
1586 436 1794 490 φυσικοὶ

1921 416 2146 473 tionem
2160 418 2496 485 commota;
2520 414 2970 487 distinguuntur
2997 410 3465 471 enimnaturalis
3476 425 3581 467 vo-

194 496 308 570 θέημα
354 509 449 556 καὶ
533 511 615 559 τὸ
702 513 1034 582 γνωμικὸν·
1072 512 1130 561 τό
1317 510 1418 581 γὰρ
1463 509 1681 580 φυσικὸν
1714 502 1806 558 δύ·-

189 606 276 659 ναμις
313 592 565 667 ὑπάρχει
647 607 775 651 τοῦ
832 602 986 652 κατά
1037 601 1191 671 φύσιν
1244 601 1382 658 ὄντος
1428 596 1693 672 όρεκτικήο
1747 598 1805 647 τὸ

187 672 468 753 οέγνωμικὸν
528 686 911 763 αὐθαίρετος
943 691 1079 764 ὁρμὴ
1112 692 1202 740 καὶ
1261 688 1488 748 ζήτησις
1542 690 1660 760 περὶ
1712 691 1804 737 τοῦ

185 763 484 842 ἔρωυμὲνου,
518 780 629 827 καὶ
687 779 910 840 κθίσις
932 782 1026 829 καὶ
1075 773 1307 836 διάθεσις
1347 779 1465 849 περὶ
1519 776 1578 826 τό
1607 775 1801 848 κριθέν-

183 862 239 910 vi
266 859 309 911 οὗ
345 865 570 934 φύσεως
646 869 1200 939 γοιιροικτηριστικὸν³
1271 863 1399 917 ὀλλά
1443 870 1536 916 τοῦ
1596 866 1803 936 προσώ-

186 968 253 1001 που
295 957 481 1024 κυρίως
545 955 615 1006 οὗ
684 954 823 1008 ἐστι
882 960 980 1009 καὶ
1042 965 1139 1016 τῆς
1210 955 1564 1022 ὑποστάσεως,
1629 951 1803 1025 ὥσπερ

184 1043 329 1092 καὶτὸ
362 1050 477 1103 πῶς
533 1043 725 1096 θέλειν
762 1051 867 1098 καὶ
916 1049 977 1097 τὸ
1007 1052 1117 1105 πῶς
1153 1045 1278 1118 ὀρᾷν
1324 1046 1383 1095 οὐ
1439 1050 1535 1104 τῆς
1581 1044 1800 1114 φύσεως,

186 1126 286 1181 ἀλλὰ
334 1138 421 1192 τῆς
480 1134 781 1207 ἡμετέρας
828 1140 1064 1206 γνώμης⁹
1113 1133 1231 1185 καθ’
1289 1134 1343 1185 ὃν
1405 1131 1557 1203 λόγον
1617 1135 1707 1182 καὶ
1776 1131 1802 1182 ὁ

184 1216 601 1294 ἂνθρωπολάτρης
676 1228 992 1297 Νεστόριος
1063 1230 1276 1296 γνωμῶν
1333 1220 1513 1274 ἓνωσιν
1606 1217 1804 1279 ἀσεϐῶς

181 1303 529 1381 ἐδογμάτισεν,
589 1311 944 1386 ἶν’ἑκατέραν
1002 1307 1319 1385 δι’ἐκατερας
1398 1313 1612 1382 κυρὼση
1671 1309 1802 1360 ὁπός-

182 1416 365 1464 στασιν,
418 1406 517 1453 καὶ
557 1403 588 1453 ὁ
631 1401 807 1473 ψιλός
838 1401 1114 1475 ἅνθρωπος
1172 1400 1310 1471 αὐτῷ
1354 1400 1557 1474 τηρηθῆ
1617 1403 1796 1471 γνώμῃ

175 1493 267 1540 τινὶ
319 1494 409 1541 καὶ
456 1490 781 1566 αὐθαιρέτῳ
836 1495 1048 1549 κινήσει
1103 1494 1236 1565 πρὸς
1284 1492 1372 1543 τὸν
1425 1491 1552 1543 Θεὸν
1607 1492 1797 1558 Λόγον,

171 1583 252 1630 καὶ
282 1581 458 1642 αότὸς,
504 1586 675 1653 φησὶ,
719 1585 821 1639 τήν
848 1580 1031 1634 ἕνωσιν
1051 1581 1434 1653 ξποιησάμενος.
1484 1578 1573 1640 Ὠς
1601 1576 1661 1629 ἂν
1692 1581 1801 1629 τοί-

171 1688 254 1719 νυν
306 1673 364 1721 τό
422 1670 629 1731 ἐντελὲς
682 1669 962 1743 ἁκριϐωθῇ
1028 1677 1122 1731 τῆς
1174 1672 1375 1743 φύσεως
1408 1667 1491 1720 ἐπὶ
1546 1673 1639 1719 τοῦ
1676 1686 1804 1742 σαρ-

1912 506 2115 564 luntas
2147 511 2204 563 et
2232 506 2512 561 mentalis
2540 524 2553 574 ;
2586 505 2876 562 naturalis
2908 503 3155 577 quidem
3200 506 3291 558 est
3338 502 3430 557 vis
3462 517 3571 573 ap-

1913 596 2165 667 petitum
2193 609 2445 651 movens
2467 594 2649 665 hujus
2698 593 2865 666 quod
2914 592 3248 649 secundum
3286 595 3571 647 naturam

1913 689 2034 753 est;
2076 683 2353 741 mentalis
2384 699 2524 739 vero
2545 682 2696 739 liber
2717 683 2978 755 impetus
3004 687 3059 738 et
3081 679 3388 753 inquisitio
3410 679 3568 735 circa

1911 772 2139 845 aliquid
2168 772 2377 842 ignoti,
2409 777 2465 828 et
2490 772 2647 829 circa
2699 771 2763 827 id
2806 771 2972 843 quod
3002 770 3308 826 decretum
3351 771 3441 824 est
3470 768 3564 839 ju-

1910 861 2135 919 dicium
2166 868 2221 919 et
2242 861 2582 934 dispositio;
2616 876 2813 933 neque
2843 864 3073 917 natura;
3114 863 3202 915 est
3230 859 3561 928 character,

1910 951 2015 1007 sed
2030 951 2268 1024 proprie
2281 944 2552 1023 personﬁ
2565 951 2661 1006 cui
2674 950 2826 1005 inest
2841 953 2898 1005 et
2908 949 3326 1021 hypostaseos,
3349 962 3559 1020 quem-

1909 1038 2245 1095 admodum
2268 1038 2471 1112 aliquo
2512 1038 2697 1094 modo
2728 1037 2874 1094 velle
2915 1042 2971 1093 et
3013 1036 3218 1109 aliquo
3243 1035 3426 1091 modo
3475 1035 3558 1091 vi-

1911 1128 2051 1184 dere
2078 1143 2198 1184 non
2245 1128 2322 1184 ad
2361 1132 2643 1184 naturam
2674 1127 2946 1200 pertinet,
3015 1125 3122 1181 sed
3173 1123 3253 1180 ad
3295 1128 3560 1180 mentem

1907 1222 2212 1285 nostram;
2247 1217 2406 1273 unde
2439 1223 2495 1273 et
2542 1215 2999 1289 anthropolatra
3038 1215 3345 1272 Nestorius
3396 1229 3561 1269 men-

1908 1308 2059 1362 tium
2081 1306 2369 1363 unionem
2400 1306 2583 1378 impie
2613 1305 2838 1377 docuit,
2877 1310 2944 1361 ut
2968 1304 3219 1361 alteram
3266 1318 3374 1375 per
3423 1301 3563 1358 alte-

1909 1410 2041 1450 ram
2073 1394 2459 1452 conﬁrmaret
2482 1393 2889 1466 hypostasim,
2912 1397 2970 1449 et
2992 1396 3331 1447 servaretur
3361 1405 3561 1445 merus

1908 1483 2095 1540 homo
2134 1483 2339 1557 aliqua
2378 1488 2577 1539 mente
2626 1489 2683 1539 et
2728 1483 2919 1539 libero
2952 1481 3033 1539 ad
3076 1484 3263 1537 Deum
3301 1479 3563 1535 Verbum

1909 1576 2098 1640 motu,
2129 1578 2186 1629 et
2214 1574 2362 1646 ipse,
2390 1573 2606 1647 inquit,
2632 1573 2818 1629 homo
2864 1573 3025 1629 hanc
3063 1572 3355 1627 unionem
3379 1568 3561 1641 perfi-

1910 1661 2094 1739 ciens.
2121 1662 2386 1733 Utigitur
2412 1666 2639 1718 natura;
2663 1677 2907 1735 summa
2959 1661 3022 1716 in
3065 1659 3380 1715 incarnato
3439 1659 3558 1712 Deo

168 1759 419 1821 κωθὲντος
470 1764 634 1829 Θεοῦ,
700 1764 797 1812 καὶ
850 1763 912 1811 τὸ
960 1758 1304 1832 ἀντικείμενον
1383 1753 1660 1832 διαῤῥιφῇ·
1740 1759 1794 1808 τό

1909 1750 2333 1820 assignaretur,
2364 1750 2835 1822 oppositumque
2857 1749 3218 1820 rejieeretur,
3269 1742 3560 1801 naturalis

170 1848 257 1917 μεν
328 1851 563 1920 Ῠυσικόν
629 1848 838 1922 θέλημα
895 1851 1098 1924 ὡρίσθη
1173 1847 1257 1900 ἐπὶ
1306 1853 1562 1920 Χριστοῦ,
1636 1848 1694 1898 τὸ
1742 1841 1801 1897 δὲ

168 1941 436 2008 γνωμικὸν
496 1937 560 1991 οὗ
623 1942 821 2011 κυρίως
861 1936 1061 2013 ἐρρέθη,
1117 1940 1184 2000 ὡς
1225 1941 1357 2009 μήτε
1407 1944 1470 2009 τῇ
1542 1931 1798 2009 διαιρέσει

174 2031 333 2099 χώρα
362 2022 500 2099 δοθῇ
526 2035 606 2097 τῷ
641 2027 956 2088 στασιάζειν
997 2025 1044 2078 ἒν
1091 2029 1276 2098 τούτῳ,
1329 2030 1457 2098 μήτε
1497 2033 1558 2098 τῇ
1602 2044 1797 2097 φαντα-

178 2119 268 2186 σίᾳ
286 2112 665 2190 παρείσδυσις
704 2122 777 2187 τῷ
798 2120 871 2189 μὴ
900 2117 1158 2190 ὑπάρχειν
1189 2115 1368 2170 ἐκεῖνο.

459 2276 678 2353 Ἕτερον
737 2276 1025 2352 πρόϐλημα
1060 2285 1161 2330 τῶν
1212 2278 1509 2352 Ἀρμενίων.

238 2434 315 2494 δ’.
342 2438 402 2492 Εἰ
427 2438 520 2491 ἐπὸ
550 2446 648 2491 τοῦ
691 2437 794 2500 ἑνὶς
840 2445 1079 2513 Χριστοῦ
1109 2435 1208 2491 δύο
1274 2437 1534 2511 θελήματα
1566 2443 1656 2492 καὶ
1695 2434 1794 2493 δύο

168 2527 429 2602 ἐνεργείας
487 2527 688 2602 δῶμεν,
746 2531 959 2592 πάντως
1026 2528 1266 2591 ἀλλήλοις
1312 2528 1517 2582 ἐναντία
1591 2532 1794 2583 ἔσονται

172 2626 273 2669 ταῦ
300 2621 445 2672 θείου
478 2617 892 2692 διαμαχόμενον
925 2626 1000 2690 τῷ
1055 2617 1381 2693 ἀνθρωπίνῳ,
1425 2624 1513 2672 καὶ
1559 2620 1585 2671 ό
1639 2621 1796 2682 αὑτός

174 2712 267 2759 καὶ
336 2710 409 2770 εἷς
460 2713 720 2784 Χριστός,
756 2712 787 2767 ἧ
836 2704 1240 2771 διαστασιάζων
1282 2708 1448 2778 ἑαυτῷ
1509 2709 1790 2781 εὑρεθήσε-

177 2816 292 2862 ται,
361 2801 391 2856 ἧ
436 2801 492 2850 αἱ
516 2801 698 2871 φύσεις
740 2794 1174 2870 διαιρεθήσονται
1224 2801 1315 2850 καὶ
1374 2794 1793 2865 ἰδιοῡπόστατοι,

181 2891 269 2938 καὶ
290 2890 357 2939 τό
379 2894 465 2941 τοῦ
486 2891 781 2961 Νιστορίου
805 2882 989 2959 δόγμα
1014 2885 1458 2962 παῤῥησιάσεται,

477 3083 772 3145 ’Δντίθεσις
792 3085 928 3157 πρός
955 3088 1105 3136 τοῦτο
1132 3090 1232 3136 τῶν
1265 3083 1505 3137 εὐσεϐῶν.

255 3278 312 3316 ε.
364 3261 424 3315 Εἰ
460 3265 550 3334 μεν
588 3264 659 3314 τὰ
726 3259 825 3315 δύο
882 3261 1166 3334 θελήματα,
1207 3267 1266 3316 τό
1302 3282 1356 3317 τε
1406 3265 1539 3318 θεῖον
1604 3268 1693 3317 καὶ
1738 3268 1796 3318 τὸ

185 3346 531 3421 ἀνθρώπινον,
595 3351 711 3403 κατ’
788 3352 977 3404 οὐσίαν
1045 3354 1169 3404 dare
1218 3349 1467 3428 διάφορα,
1519 3353 1791 3407 εὐσεϐεῖτε⁹

186 3436 226 3487 εὶ
274 3436 343 3491 δὲ
401 3439 750 3512 ἀντικείμενα,
802 3437 1011 3512 ψευδὴς
1066 3442 1091 3493 ό
1141 3441 1310 3515 λόγος·
1364 3442 1487 3496 ἄλλο
1537 3445 1639 3518 γὰρ
1682 3445 1794 3497 θεό-

181 3543 339 3589 πτος
418 3534 505 3582 καὶ
551 3529 676 3583 ἄλλο
745 3528 1147 3603 ἁνθρωπότητος
1195 3530 1410 3605 θέλημα·
1475 3531 1799 3607 ἀντικείμενα

183 3611 242 3667 δὲ
330 3615 598 3691 οὐδαμλς,

181 3705 344 3776 Θεῐκῷ
407 3708 675 3781 ἑπομένου,
743 3729 835 3761 και
886 3714 1325 3783 συντυπουμένουο
1393 3710 1510 3765 οὗτε
1586 3715 1684 3788 γὰρ
1754 3715 1795 3766 εἶ

178 3812 231 3845 τι
300 3793 582 3873 διαγορον,
640 3800 844 3862 πάντως
892 3805 1046 3851 τοῦτο
1097 3802 1183 3851 καὶ
1232 3798 1597 3873 ἀντικείμενον
1671 3798 1794 3855 δια-

182 3888 319 3955 φορὰ
360 3890 461 3961 γὰρ
495 3884 789 3950 οὐσιὼὃης·
846 3890 1110 3950 σύστασίς
1148 3887 1260 3942 ἔστι
1324 3898 1423 3942 τῶν
1472 3889 1521 3943 ἐν
1568 3899 1630 3964 τῇ
1692 3894 1792 3964 φύ-

182 3991 262 4025 σει
290 3978 642 4050 πραγμάτων,
691 3978 750 4029 οὗ
789 3981 898 4049 μὴν
944 3975 1242 4039 ἐναντίωσις
1287 3983 1414 4053 πρὸς
1455 3984 1550 4040 τὴν
1597 3983 1791 4034 τούτων

681 3622 753 3682 ὡς
814 3627 910 3672 τοῦ
978 3617 1299 3694 ἀνθρωπίνου
1375 3621 1658 3695 θελήματος
1721 3631 1795 3695 τῷ

183 4058 459 4121 διάλυσιν.
519 4067 919 4141 Ἀπαραίτητσν
979 4062 1038 4119 δε
1080 4071 1167 4119 τόν
1233 4071 1565 4141 σαρκωθέντα
1622 4075 1791 4142 Λόγον

182 4163 420 4219 φυσικῶς
483 4155 628 4227 ἔχειν
685 4161 775 4209 καὶ
823 4159 883 4207 τὸ
939 4153 1254 4230 ἀνθρώπινον
1309 4158 1507 4231 θέλημα
1541 4163 1671 4236 πρός
1707 4165 1793 4215 πί-

187 4258 385 4295 πτωσιν
428 4254 524 4307 τῆς
572 4252 750 4318 νοερᾶς
806 4245 971 4297 αὐτοῦ
1035 4249 1125 4298 καὶ
1185 4246 1402 4319 λογικῶς
1444 4246 1791 4323 ἐψυχωμένης

187 4339 384 4404 σαρκός
414 4356 427 4367 ·
483 4339 627 4408 εἰπερ
706 4335 894 4396 τελειος
965 4333 1228 4410 ἅνθρωπος
1309 4341 1487 4410 γέγονε
1567 4335 1790 4412 μηδενὸς

1906 1838 2154 1910 quidem
2184 1838 2465 1894 voluntas
2482 1837 2731 1894 deﬁnita
2761 1843 2848 1894 est
2877 1839 2951 1894 de
2983 1837 3235 1903 Christo,
3285 1833 3559 1890 mentalis

1906 1942 2044 1982 vero
2074 1943 2197 1983 non
2228 1927 2469 1999 proprie
2490 1927 2648 1983 dicta
2673 1932 2779 1997 est,
2813 1931 2874 1983 ut
2902 1942 3099 1998 neque
3137 1923 3421 1980 divisioni
3475 1922 3558 1979 lo-

1906 2031 2012 2071 cus
2061 2016 2325 2087 daretur,
2366 2017 2761 2073 dissensionis
2810 2017 2873 2072 in
2921 2016 3038 2072 hoc
3090 2013 3322 2085 gratia;
3359 2028 3556 2085 neque

1904 2105 2242 2177 phantasia),
2269 2105 2571 2172 introitus,
2606 2111 2899 2177 tanquam
2929 2119 3053 2160 non
3084 2102 3158 2159 sit
3177 2102 3304 2159 illa.

2199 2283 2415 2341 Altera
2442 2283 2863 2340 Armeniorum
2889 2279 3241 2352 propositio.

1975 2446 2027 2498 4.
2065 2443 2120 2501 Si
2151 2443 2213 2499 in
2236 2444 2468 2501 Christo
2484 2444 2639 2501 duas
2673 2460 2802 2500 esse
2828 2443 3167 2500 voluntates
3188 2444 3245 2497 et
3260 2439 3557 2513 operatio-

1904 2547 2014 2588 nes
2045 2532 2477 2604 concedamus,
2494 2533 2743 2589 omnino
2767 2531 2920 2588 inter
2942 2547 3007 2587 se
3028 2528 3339 2587 contrariae
3360 2531 3552 2596 erunt,

1905 2620 2108 2677 divina
2137 2621 2441 2678 voluntate
2461 2621 2754 2679 adversus
2784 2621 3120 2677 humanam
3147 2621 3555 2691 repugnante;

1904 2725 1976 2766 ac
2003 2710 2165 2766 idem
2196 2714 2253 2767 et
2271 2713 2444 2777 iunus
2472 2709 2842 2783 Christuszvel
2872 2726 2908 2767 a
2934 2711 3137 2782 seipso
3174 2706 3554 2773 dissentiens,

1904 2798 2262 2871 invenietur,
2295 2798 2389 2856 vel
2424 2805 2657 2857 naturae
2677 2799 3021 2856 dividentur
3061 2802 3117 2854 et
3138 2795 3390 2867 singulae
3417 2810 3556 2867 pro-

1902 2888 2100 2961 priam
2127 2888 2442 2946 habebunt
2459 2889 2876 2962 hypostasim;
2909 2892 2967 2945 et
2983 2885 3238 2945 Nestorii
3282 2883 3556 2942 doctrina

1907 2977 2223 3034 manifeste
2261 2977 2705 3051 praedicabitur.

2149 3123 2249 3179 Ad
2285 3122 2408 3179 haec
2454 3123 2759 3192 responsio
2803 3120 3298 3178 orthodoxorum.

1974 3286 2026 3338 5.
2049 3280 2102 3339 Si
2129 3281 2375 3354 quidem
2404 3281 2560 3339 duas
2581 3280 2942 3348 voluntates,
2968 3279 3237 3337 divinam
3268 3282 3324 3334 et
3338 3277 3550 3333 huma-

1900 3385 2069 3440 nam,
2100 3371 2434 3427 secundum
2463 3370 2789 3427 essentiam
2819 3368 3056 3426 differre
3085 3368 3300 3437 dicitis,
3323 3366 3420 3439 pie
3465 3366 3553 3422 di-

1902 3459 2068 3529 citis;
2117 3460 2164 3515 si
2213 3464 2414 3516 autem
2459 3460 2770 3532 oppositas
2822 3475 2977 3529 esse,
3022 3457 3347 3515 mendaces
3386 3456 3548 3512 estis.

1901 3547 2098 3604 Altera
2134 3547 2294 3605 enim
2334 3552 2422 3605 est
2471 3548 2797 3604 divinitatis
2847 3552 2905 3604 et
2945 3547 3131 3604 altera
3165 3543 3554 3603 humanitatis

1900 3636 2201 3705 voluntas;
2214 3638 2366 3693 inter
2379 3653 2440 3694 se
2462 3642 2663 3697 tamen
2680 3638 2930 3694 minime
2949 3636 3263 3710 oppositas,
3285 3650 3424 3690 cum
3445 3633 3553 3690 hu-

1902 3741 2089 3782 mana
2115 3725 2398 3783 voluntas
2420 3726 2686 3783 divinam
2707 3727 3076 3783 voluntatem
3100 3728 3383 3798 sequatur
3399 3726 3455 3780 et
3472 3721 3551 3780 ab

1899 3814 1998 3871 illa
2027 3814 2532 3873 etformetur.Non
2544 3816 2707 3873 enim
2737 3816 2950 3889 siquid
2979 3813 3346 3881 differt,ideo
3362 3826 3550 3884 oppo-

1900 3903 2094 3973 nitur;
2132 3903 2467 3962 differentia
2489 3905 2651 3962 enim
2689 3908 2782 3961 est
2806 3903 3078 3961 essentite
3107 3920 3120 3959 :
3150 3916 3361 3958 eorum
3409 3914 3546 3971 quas

1900 3993 1963 4048 in
2001 3997 2219 4050 natura
2247 3998 2387 4050 sunt
2441 3993 2678 4051 collatio
2733 3998 2825 4050 est
2887 4007 3099 4049 eorum
3154 3987 3548 4062 sejunctionis

1896 4081 2052 4147 loco,
2085 4098 2209 4137 non
2249 4097 2397 4138 sane
2426 4079 3112 4154 oppositio.lnevitabile
3137 4082 3340 4137 autem
3357 4078 3549 4133 incar-

1896 4176 2109 4228 natum
2136 4170 2394 4227 Verbum
2423 4171 2771 4227 naturaliter
2800 4171 3133 4227 humanam
3175 4167 3546 4225 voluntatem

1895 4259 2142 4329 habere,
2160 4263 2225 4315 ut
2243 4259 2293 4331 ej
2306 4276 2373 4315 us
2392 4258 2742 4329 intelligenti
2758 4259 3097 4316 etrationali
3120 4258 3316 4315 carnis
3329 4257 3546 4314 animus

1897 4350 2049 4405 ﬁdes
2064 4348 2156 4413 sit,
2177 4348 2227 4404 si
2252 4348 2502 4421 quidem
2526 4347 2824 4420 perfectus
2844 4349 3025 4405 homo
3038 4349 3229 4405 factus
3250 4352 3358 4415 est,
3397 4345 3548 4402 nihil

186 4428 279 4469 ταὶ-δ
324 4425 590 4497 ἡμετέρων
646 4423 962 4497 λειπόμενος,
1020 4422 1182 4484 πόλὴν
1220 4430 1384 4499 μόνης
1444 4434 1535 4488 τῆς
1613 4428 1787 4504 ἁμαρ-

1904 4438 2060 4511 quod
2087 4443 2359 4494 nostrum
2378 4438 2451 4494 sit
2470 4453 2594 4494 non
2622 4438 2735 4494 sibi
2756 4439 3110 4511 suscipiens,
3135 4442 3384 4510 excepto
3407 4451 3545 4508 pec-

185 4514 318 4571 τίας·
410 4515 582 4565 πάντα
658 4517 759 4587 γὰρ
811 4513 955 4586 ἔχων
1025 4515 1127 4567 ὅσα
1181 4516 1334 4588 ἡμεῖς
1389 4515 1790 4592 ἀπαραλείπτως

182 4600 247 4647 τὰ
294 4605 435 4654 κατὰ
483 4607 642 4676 φύσιν
709 4606 1010 4657 συστατικά
1077 4613 1170 4666 τῆς
1254 4607 1507 4680 ἡμετέρας
1580 4608 1786 4677 οὐσίας,

182 4688 333 4742 ἤθελε
388 4698 475 4745 καὶ
513 4692 718 4767 ἐνήργει
773 4692 824 4746 ἐν
878 4693 1094 4768 ἑκατέρᾳ
1138 4703 1308 4768 μορφῇ
1367 4698 1496 4768 μετὰ
1566 4706 1661 4760 τῆς
1700 4701 1791 4751 θα-

182 4780 333 4848 τέρου
383 4788 670 4845 κοί-,ιιςιινιζας⁸
738 4784 808 4834 ὧν
851 4785 947 4856 μὲν
993 4784 1094 4856 γὰρ
1156 4785 1186 4842 ἡ
1254 4784 1409 4852 αὐτὴ,
1464 4788 1654 4839 τούτων
1700 4792 1790 4842 καὶ

187 4865 213 4918 ἑ
249 4868 458 4932 θελησις
494 4878 583 4925 καὶ
636 4874 667 4931 ἠ
736 4871 974 4945 ἐνέργεια
1018 4872 1048 4930 ἠ
1091 4873 1252 4931 αὐτή·
1301 4874 1368 4925 ὧν
1422 4870 1481 4927 δὲ
1545 4871 1790 4948 διάφορος

187 4955 214 5008 ἑ
246 4957 431 5029 οὐσία,
481 4966 675 5014 τούτων
726 4959 984 5034 διάφορος
1013 4966 1101 5014 καὶ
1131 4964 1160 5020 ἡ
1216 4962 1420 5024 θέλησις
1444 4968 1534 5016 καὶ
1589 4966 1620 5023 ἡ
1654 4963 1788 5039 ἐνέρ-

186 5063 318 5112 γεια.
369 5055 465 5104 Καὶ
492 5055 549 5103 τό
606 5050 890 5121 ἀνάπαλιν,
926 5050 995 5100 ὧν
1051 5052 1080 5109 ἠ
1113 5050 1323 5113 θελησις
1362 5056 1452 5104 καὶ
1501 5054 1531 5111 ἡ
1566 5052 1792 5128 ἐνέργεια

192 5136 217 5188 ἑ
244 5136 399 5207 αὐτή,
424 5144 608 5195 τοὺνων
637 5147 729 5195 καὶ
770 5142 803 5199 ἠ
867 5138 1028 5191 οὐσία
1064 5141 1092 5199 ἠ
1131 5140 1283 5199 αὐτή.
1345 5142 1413 5193 ὧν
1454 5138 1514 5195 δε
1544 5138 1791 5217 διάφορος

192 5223 219 5277 ἦ
258 5226 461 5294 emat;
477 5235 563 5284 καὶ
589 5232 851 5305 ἐνέργεια,
879 5232 1075 5281 τοὺτων
1105 5234 1193 5282 καὶ
1231 5232 1261 5288 ἡ
1287 5230 1446 5283 οὐσία
1488 5227 1740 5305 διάφορος
1772 5255 1784 5266 ·

194 5307 271 5364 διο
301 5315 383 5370 ἐπὶ
441 5325 529 5394 μὲν
568 5324 782 5396 Πατρός
851 5322 949 5369 καὶ
987 5319 1110 5371 Υἱοῦ
1168 5324 1259 5371 καὶ
1301 5319 1458 5391 ἁγίου
1490 5324 1789 5394 Πνεῦματος

196 5418 243 5450 α
292 5414 386 5470 τες
428 5418 746 5472 ταυτότητος
803 5415 911 5468 τῆς
988 5405 1234 5482 ἐνεργείας
1286 5414 1373 5462 καὶ
1429 5417 1520 5462 τοῦ
1563 5410 1786 5484 θελήμα-

194 5510 268 5555 τθς
324 5506 410 5554 καὶ
474 5512 565 5567 τὴν
630 5509 964 5561 ταυτότητα
1041 5506 1128 5561 τῆς
1177 5504 1376 5574 φὺσεως
1438 5508 1782 5575 γινωσκόμεν-

192 5578 263 5637 ἐπὶ
297 5586 353 5643 ἴε
381 5604 466 5659 τῆς
521 5600 663 5659 θείας
717 5592 1058 5663 οἰκονομίας,
1129 5588 1182 5643 ix
1233 5600 1324 5652 τῆς
1390 5588 1647 5668 διαφορᾶς
1684 5600 1783 5645 τῶν

186 5672 417 5752 ἀφνειῶν
467 5694 557 5743 καὶ
606 5695 716 5742 τῶν
773 5679 1091 5751 θελημάτων
1137 5686 1226 5734 καὶ
1279 5685 1372 5741 τὴν
1423 5690 1519 5745 τῆς
1584 5685 1784 5755 φύσεως

1896 4532 2048 4584 cato.
2092 4527 2309 4584 Omnia
2336 4527 2498 4583 enim
2521 4544 2660 4600 quae
2693 4532 2749 4584 et
2778 4543 2889 4584 nos
2926 4527 3180 4599 habens,
3228 4525 3377 4583 nihil
3421 4539 3547 4581 non

1896 4615 2228 4689 suscipiens
2249 4631 2460 4673 eorum
2485 4633 2622 4689 quae
2644 4616 2980 4672 secundum
3008 4622 3288 4672 naturam
3322 4618 3546 4670 nostra;

1896 4704 2171 4760 essentia
2202 4704 2526 4761 constituta
2555 4709 2714 4772 sunt,
2746 4705 2807 4761 in
2848 4709 3102 4777 utraque
3146 4705 3339 4761 forma
3389 4702 3546 4759 vole-

1896 4793 2003 4851 bat
2057 4793 2544 4867 operaliaturque
2607 4811 2743 4851 cum
2800 4794 3042 4851 alterius
3095 4793 3543 4850 communione.

1898 4884 2166 4947 Quorum
2189 4886 2392 4938 autem
2419 4882 2704 4939 differens
2732 4889 2822 4940 est
2847 4882 3125 4950 essentia,
3158 4898 3367 4939 eorum
3398 4898 3549 4954 quo-

1896 4988 2016 5046 que
2041 4971 2321 5027 differens
2351 4976 2519 5029 estet
2544 4971 2825 5028 voluntas
2866 4977 2924 5028 et
2948 4971 3242 5044 operatio;
3287 4986 3544 5044 quorum

1895 5077 2036 5117 vero
2054 5060 2295 5117 differen
2308 5078 2334 5117 s
2349 5065 2438 5118 est
2463 5060 2745 5117 voluntas
2758 5065 2816 5117 et
2852 5060 3143 5134 operatio,
3171 5075 3380 5117 eorum
3401 5076 3549 5134 quo-

1896 5166 2014 5223 que
2061 5148 2342 5205 differens
2391 5154 2480 5206 est
2536 5149 2814 5207 essentia.
2878 5149 3019 5206 Ideo
3071 5152 3127 5205 et
3175 5149 3236 5205 in
3266 5152 3433 5205 Patre
3490 5152 3549 5206 et

1897 5237 2043 5294 Filio
2084 5244 2141 5294 et
2165 5238 2384 5310 Spiritu
2414 5244 2623 5295 sancto
2655 5254 2727 5294 ex
2756 5238 3076 5295 voluntatis
3099 5242 3155 5294 et
3182 5238 3545 5309 operationis

1893 5327 2223 5393 identitate,
2250 5331 2306 5384 et
2332 5332 2563 5383 naturae
2594 5326 2971 5384 identitatem
3027 5327 3440 5396 agnoscimus.
3475 5327 3543 5381 In

1893 5414 2099 5472 divina
2129 5419 2334 5472 autem
2374 5415 2803 5472 incarnationis
2839 5413 3180 5472 oeconomia
3210 5427 3284 5467 ex
3330 5428 3545 5485 Opera-

1894 5506 2126 5561 tionum
2153 5509 2211 5559 et
2237 5504 2616 5561 voluntatum
2655 5503 3009 5570 differentia,
3053 5506 3111 5558 et
3150 5504 3380 5555 naturae
3436 5498 3543 5555 dif-

1890 5593 2205 5650 ferentiam
2229 5592 2606 5650 conﬁtemur.
2638 5594 2795 5648 Duas
2821 5607 3002 5664 porro
3057 5586 3399 5644 voluntates
3436 5601 3543 5639 na-

1892 5686 2166 5741 turarum
2190 5697 2319 5738 esse
2340 5682 2620 5748 dicimus,
2654 5695 2778 5736 non
2806 5675 3189 5753 personales;
3235 5685 3431 5742 neque
3453 5685 3541 5726 se-
