4106 6296
564 291 631 344 95
1864 289 2138 349 NICETIE
2178 287 2610 348 CHRONIATJE
3845 293 3921 347 96

560 412 944 484 parationem
971 416 1316 475 inducimus
1337 421 1710 487 naturarum,
1754 417 1860 474 sed
1906 416 2208 485 eamdem,

2321 410 2575 485 διαφορὰν
2626 412 3091 487 συνομολογοῦμεν·

564 500 709 556 etin
729 501 844 559 hac
874 506 1098 564 unione
1155 512 1509 564 naturarum
1559 506 1936 564 ostendimus
1977 520 2212 562 conser-

563 591 889 663 vationem,

642 774 692 826 6.
726 772 848 829 Hoc
873 775 1051 832 etiam
1086 775 1293 834 dicunt
1333 777 1502 851 quod
1543 777 1670 832 solo
1718 776 2015 848 passionis
2067 778 2211 830 tem-

566 874 733 931 pore,
773 863 1020 934 quando
1045 866 1207 938 quod
1240 867 1427 923 nostri
1452 871 1539 922 est
1559 865 1818 939 perfecte
1869 864 1930 920 in
1978 878 2039 918 se
2068 862 2213 918 refe-

567 949 737 1006 rebat
763 951 1029 1009 Christus
1053 960 1108 1011 et
1137 956 1289 1012 mori
1332 955 1651 1013 recusabat
1696 959 1760 1011 ut
1801 955 2007 1023 homo,
2057 952 2211 1008 duas

566 1037 901 1097 voluntates
948 1044 1171 1101 habere
1210 1046 1373 1101 visus
1418 1050 1525 1102 est.
1575 1044 1748 1112 Quod
1800 1049 1891 1100 est
1936 1043 2210 1099 inconse-

567 1141 759 1198 quens
789 1147 801 1184 :
835 1132 883 1186 si
913 1134 1073 1190 enim
1101 1140 1237 1191 tunc
1262 1135 1550 1204 habebat,
1579 1141 1633 1190 et
1652 1134 1730 1189 ab
1762 1133 1926 1189 initio
1948 1131 2213 1188 habebat

566 1231 638 1271 cx
654 1234 775 1289 quo
803 1220 993 1278 factus
1015 1228 1103 1280 est
1129 1225 1336 1291 homo,
1366 1242 1561 1298 neque
1588 1224 1649 1280 id
1681 1240 1750 1279 ex
1806 1229 2072 1295 tempore
2111 1221 2213 1277 ha-

563 1304 710 1362 buit.
734 1310 788 1365 Si
814 1317 1014 1367 autem
1033 1313 1111 1369 ab
1142 1314 1309 1371 initio
1343 1330 1465 1371 non
1500 1314 1787 1385 habebat,
1822 1327 2019 1384 neque
2070 1316 2212 1366 tem-

567 1410 706 1466 pore
727 1400 1032 1470 passionis
1058 1403 1287 1470 habuit,
1319 1403 1425 1459 sed
1446 1405 1758 1460 horrorem
1779 1406 2008 1459 tantum
2032 1400 2214 1455 simu-

564 1482 728 1553 lavit,
760 1492 816 1542 et
836 1490 1055 1560 pariter
1102 1493 1269 1563 juxta
1315 1492 1446 1548 illos
1495 1498 1707 1549 caetera
1750 1508 1857 1565 per
1896 1506 2033 1563 quae
2088 1488 2212 1545 sal-

570 1574 688 1628 vati
704 1578 1247 1653 sumus,1acrymas
1263 1598 1498 1655 nempe,
1522 1582 1843 1646 orationes,
1870 1594 2209 1642 maerorem,

570 1663 873 1733 agoniam,
894 1684 1152 1737 crucem,
1173 1676 1426 1727 mortem
1457 1678 1513 1727 et
1538 1671 1927 1742 sepulturam.
1967 1669 2211 1738 Figura-

3175 416 3241 466 τὰ
3289 417 3463 487 μέντοι
3519 411 3618 468 δύο
3652 414 3926 488 θελήματα

2320 503 2518 576 φυσικά
2608 523 2788 576 φαμεν,
2883 505 2988 576 οὐχ
3055 506 3402 557 ὑποστατικά·
3501 502 3627 558 οὐδὲ
3653 503 3922 576 διαίρεσιν

2321 592 2593 664 εἰσάγομεν
2658 600 2757 643 τῶν
2816 595 3034 665 φύσεων,
3094 593 3221 646 άλλά
3291 600 3385 652 τὴν
3462 594 3643 666 αὐτὴν,
3699 595 3795 646 xciv
3852 600 3919 667 τῇ

2883 505 2988 576 οὐχ
3055 506 3402 557 ὑποστατικά·

2321 681 2495 733 ένώσει
2527 676 2783 754 δηλοῦμεν
2816 687 3042 754 φυσικὴν
3071 687 3415 757 συντήρησιν.

2392 790 2458 833 ς.
2509 768 2624 823 Ἔτι
2673 776 2825 823 τοῦτό
2880 776 3054 843 φασίν,
3111 774 3179 833 ὡς
3210 770 3257 822 ἐν
3315 779 3387 843 τῷ
3418 779 3585 847 καιρῷ
3637 776 3776 845 μόνῳ
3824 777 3920 824 τοῦ

2319 861 2534 926 πάθους,
2593 862 2749 917 ἡνίκα
2803 864 2860 912 τὸ
2902 863 3146 936 ἡμέτερον
3195 860 3382 914 ἐτύπου
3437 870 3819 935 πραγματικῶς
3868 861 3921 914 ἐν

2320 948 2484 1018 ἐαυτῷ
2543 950 2567 999 ό
2623 953 2853 1022 Χριστὸς
2908 957 2997 1002 καὶ
3048 959 3331 1023 παρητείτο
3382 954 3469 1002 τόν
3559 953 3771 1004 θάνατον
3845 952 3922 1013 ὡς

2319 1037 2605 1111 ἄνθρωπος,
2668 1035 2765 1090 δύο
2812 1039 3071 1112 θελήματα
3121 1043 3256 1111 ἔχων
3299 1036 3579 1094 ἐδείκνυτο.
3649 1047 3812 1093 Τοῦτο
3858 1037 3924 1092 δὲ

2318 1128 2525 1179 οῐτοπονο
2583 1127 2627 1179 εἰ
2670 1131 2758 1199 μὲν
2801 1131 2901 1203 γὰρ
2958 1126 3070 1200 εἶχε
3126 1134 3261 1196 τότε,
3307 1135 3397 1182 καὶ
3451 1128 3538 1181 ἀπ’
3572 1128 3744 1203 ἀρχῆς
3777 1126 3922 1200 εἶχεν

2319 1217 2371 1280 ἐξ
2401 1213 2459 1269 οὗ
2488 1221 2688 1289 γέγονεν
2720 1219 3008 1291 ἄνθρωπος,
3043 1218 3266 1292 ἀλλὀὐχ
3319 1220 3533 1292 ὕστερον
3581 1216 3923 1292 ἐσχεδίασε).

2320 1306 2363 1359 εἰ
2410 1303 2469 1358 δὲ
2521 1305 2609 1358 ἀπ’
2659 1305 2834 1381 ἀρχῆς
2890 1308 2984 1359 οὐκ
3042 1316 3203 1380 εἶχεν,
3255 1306 3379 1361 οὐδὲ
3426 1312 3561 1361 κατὰ
3608 1328 3696 1361 τον
3733 1312 3922 1383 καιρόν

2319 1395 2431 1467 εἶχε
2486 1404 2577 1448 τοῦ
2621 1399 2842 1462 πάθους,
2890 1395 3017 1449 ἀλλὰ
3071 1403 3223 1470 μόνον
3278 1398 3533 1471 ἐφάντασε
3582 1404 3675 1457 τὴν
3729 1402 3928 1471 παραί-

2318 1504 2492 1542 τησινι
2538 1486 2653 1537 κατ’
2713 1487 2898 1548 αὐτοὺς
2958 1484 3017 1539 δὲ
3063 1493 3151 1539 καὶ
3208 1491 3274 1539 τὰ
3308 1487 3465 1540 λοιπὰ
3522 1484 3596 1541 δι’
3650 1489 3716 1538 ὧν
3750 1492 3924 1540 σεσώ-

2321 1576 2507 1646 σμεθα,
2566 1577 2671 1628 οἷον
2728 1579 2787 1627 τό
2820 1573 3071 1649 δάκρυον,
3127 1581 3217 1635 τὴν
3268 1577 3455 1649 εὐχὴν,
3485 1582 3580 1636 την
3604 1576 3793 1645 λύπην,
3825 1580 3926 1634 τὴν

2321 1663 2564 1735 ἀγωνίαν,
2623 1668 2712 1716 τόν
2745 1670 2992 1737 σταυρόν,
3031 1670 3113 1718 τὸν
3157 1668 3393 1734 θάνατον,
3448 1671 3539 1719 καὶ
3584 1672 3675 1725 τήν
3723 1671 3923 1739 ταφήν·

565 1749 673 1806 bat
701 1753 861 1809 enim
898 1756 958 1811 in
996 1759 1194 1832 seipso
1223 1760 1483 1832 perfecte
1527 1759 1696 1833 quod
1739 1758 1926 1815 nostri
1978 1762 2066 1812 est
2109 1772 2212 1828 per

2321 1752 2507 1805 ἐτὺπου
2581 1756 2682 1828 γὰρ
2759 1756 2809 1806 ἐν
2876 1755 3040 1825 ἐαυτῷ
3093 1764 3467 1831 πραγματικῶς
3541 1759 3599 1808 τὸ
3670 1758 3924 1830 ἡμέτερον

566 1842 899 1899 naturalem
921 1847 1257 1904 secundum
1275 1865 1387 1904 nos
1405 1849 1709 1922 agoniam,
1726 1852 1790 1903 ut
1812 1853 1867 1902 et
1887 1845 2073 1903 abilla
2102 1860 2214 1899 nos

565 1927 862 2003 liberaret,
886 1940 941 1990 et
966 1938 1220 2009 propriae
1249 1939 1443 1994 carnis
1464 1943 1693 1994 naturai
1745 1936 1930 1991 ﬁdem
1972 1934 2210 1999 faceret,

565 2026 619 2074 et
640 2024 1038 2080 oeconomiam
1061 2028 1139 2081 ab
1170 2027 1336 2082 omni
1360 2026 1972 2099 phantasiaalienam
2022 2023 2215 2079 effice-

564 2111 680 2175 ret;
704 2113 1223 2181 quemadmodum
1254 2133 1378 2172 suae
1417 2117 1696 2172 humanae
1724 2114 2040 2171 voluntatis
2074 2129 2213 2167 cum

563 2201 810 2270 propria
855 2204 947 2258 sui
980 2205 1170 2277 ipsius
1205 2207 1515 2279 Patrisque
1565 2206 1871 2261 voluntate
1916 2204 2214 2259 cohaeren-

566 2286 714 2344 tiam
742 2295 798 2345 et
824 2293 1135 2361 unionem,
1161 2295 1221 2349 id
1266 2301 1533 2350 statuens
1562 2300 1618 2350 et
1641 2295 1846 2350 dicens
1871 2311 1882 2349 :
1928 2297 2053 2348 Non
2079 2307 2212 2347 mea

564 2375 865 2451 voluntas,
899 2382 1005 2438 sed
1030 2387 1136 2439 tua
1157 2384 1263 2439 fiat
1288 2386 1328 2438 δ.
1363 2404 1390 2433 ››

914 2546 1059 2602 Alia
1085 2548 1505 2603 Armeniorum
1528 2547 1869 2617 propositio.

636 2670 689 2719 7.
732 2665 789 2723 Si
828 2667 1210 2728 indivisibilis
1277 2677 1370 2729 est
1417 2672 1703 2738 Christus,
1764 2669 2210 2727 indivisibilium

563 2768 708 2809 vero
740 2772 859 2813 una
887 2764 976 2815 est
994 2762 1264 2833 operatio
1314 2767 1371 2818 et
1398 2762 1704 2829 voluntas,
1736 2760 2047 2834 quomodo
2091 2775 2214 2814 non

565 2843 716 2900 etde
759 2847 989 2906 Christo
1037 2866 1224 2909 unam
1272 2852 1685 2925 operationem
1729 2850 1791 2906 in
1842 2849 2215 2906 voluntatem

561 2932 831 2993 dicemus
847 2939 875 2994 ?

1200 3051 1543 3122 Responsio.

633 3170 787 3226 Nihil
816 3175 1205 3238 naturalium.
1254 3177 1316 3233 in
1357 3181 1657 3250 quantum
1714 3179 1809 3231 est
1847 3169 2215 3229 indivisibile

566 3264 742 3326 certe,
764 3262 867 3317 Sed
889 3279 998 3335 pro
1020 3265 1196 3338 hujus
1215 3266 1591 3322 indivisibilis
1615 3269 1830 3320 natura
1867 3267 1922 3318 et
1956 3260 2217 3317 essentia

566 3345 968 3406 differentiam
1011 3353 1214 3409 habet.
1268 3355 1501 3411 Naturis
1544 3355 1706 3409 enim
1756 3368 1877 3407 non
1933 3351 2217 3406 exsisten-

567 3436 749 3501 tibus,
801 3444 1104 3499 evanescit
1150 3461 1393 3516 quoque
1449 3443 1697 3499 omnino
1772 3441 1939 3512 quod
1987 3438 2216 3495 naturis

568 3532 826 3594 constat,
862 3532 1261 3602 compositam
1300 3532 1676 3605 bypostasim
1722 3531 1879 3585 dico.
1925 3530 1979 3585 Si
2011 3533 2215 3583 autem

570 3618 968 3688 compositam
1019 3621 1232 3677 Christi
1296 3622 1678 3695 hypostasim
1729 3619 2086 3675 confitemur
2136 3616 2214 3672 ad

566 3722 753 3779 quam
784 3709 1086 3779 attollitur,
1128 3717 1183 3767 et
1211 3713 1645 3769 contrariorum
1699 3716 1753 3766 et
1799 3709 2214 3782 oppositorum

567 3811 761 3869 capax
780 3798 919 3855 erit:
944 3801 1213 3858 mortalis
1246 3802 1403 3857 enim
1440 3806 1495 3856 et
1532 3799 1911 3866 immortalis,
1960 3796 2212 3852 visibilis

566 3888 621 3940 et
667 3885 1000 3957 invisibilis,
1052 3889 1221 3947 ﬁnita
1269 3896 1325 3946 et
1372 3891 1625 3956 inﬁnita,
1676 3888 1841 3944 initio
1890 3902 2100 3943 carens
2156 3891 2211 3940 et

563 3972 799 4030 initium
824 3976 1075 4035 habens.
1112 3980 1332 4052 Duplex
1356 3995 1595 4052 quoque
1637 3993 1864 4046 eorum,
1920 3980 1985 4031 ut
2017 3974 2205 4041 decet,

564 4062 673 4117 erit
701 4067 999 4135 operatio;
1033 4073 1089 4124 et
1114 4069 1280 4124 aliter
1310 4074 1441 4124 utra
1470 4074 1689 4124 natura
1721 4066 1955 4138 absque
1996 4078 2205 4135 opera-

562 4150 723 4207 tione
750 4160 923 4222 esset,
977 4156 1073 4213 vel
1115 4162 1276 4213 extra
1322 4158 1660 4213 naturalem
1711 4171 1884 4211 suam
1915 4153 2207 4226 operatio-

563 4254 703 4295 nem
727 4243 755 4298 ?
786 4244 1102 4307 Quomodo
1142 4252 1343 4303 autem
1365 4246 1653 4319 possibile
1674 4250 1762 4302 est
1804 4249 1870 4300 ut
1919 4241 2209 4299 naturalis

564 4331 900 4387 secundum
937 4349 1179 4390 carnem
1203 4336 1434 4391 virtutis
1463 4352 1674 4407 expers
1722 4333 1981 4389 Verbum
2018 4332 2210 4387 incar-

565 4421 777 4473 natum
794 4420 1102 4477 hominem
1120 4423 1443 4495 perfectum
1462 4440 1530 4478 ac
1548 4422 1891 4494 simpliciter
1902 4419 2210 4476 hominem

568 4508 837 4581 seipsum
866 4512 1188 4568 nominet?
1210 4517 1337 4569 Non
1361 4513 1519 4567 enim
1550 4518 1638 4568 est
1684 4513 1914 4584 absque
1954 4507 2208 4565 naturali

566 4599 914 4669 operatione
940 4600 1147 4659 homo.
1174 4601 1262 4657 Ad
1280 4603 1414 4668 hoc,
1443 4618 1640 4675 neque
1667 4600 2043 4657 indivisibilis
2074 4615 2213 4671 pro-

566 4687 693 4758 prie
722 4687 937 4744 dicitur
964 4690 1025 4745 in
1057 4690 1284 4746 Christo
1312 4691 1653 4763 composita
1674 4705 1953 4764 persona.
1978 4688 2214 4745 Nullam

568 4776 729 4833 enim
753 4778 1105 4836 relationem
1132 4780 1314 4837 habet
1332 4782 1410 4837 ad
1436 4797 1573 4837 eam
1604 4779 1964 4836 divisionem
1976 4792 2113 4850 quae
2142 4793 2215 4832 ex

566 4867 969 4925 remotissimo
993 4885 1207 4939 genere
1230 4885 1337 4943 per
1363 4885 1584 4940 genera
1631 4870 1785 4925 inter
1834 4884 1896 4922 se
1943 4868 2215 4938 subjecta

569 4955 648 5010 ad
699 4958 1279 5031 propinquissimam
1324 4961 1585 5033 speciem
1637 4956 1904 5030 pervenit
1931 4956 1993 5012 in
2021 4971 2214 5027 eaque

569 5047 879 5118 proprium
910 5064 1297 5120 progressum
1325 5047 1756 5105 circumscribit

639 5136 691 5191 8.
718 5135 859 5192 Ideo
883 5137 1057 5207 juxta
1085 5138 1600 5212 sapientissimum
1652 5134 1938 5208 Cyrillum
1992 5149 2215 5189 nomen

572 5223 847 5282 Christus
886 5243 1007 5283 non
1038 5229 1159 5283 vim
1202 5227 1560 5284 deﬁnitionis
1606 5225 1805 5281 habet.
1881 5226 2007 5278 Non
2052 5224 2213 5278 enim

572 5318 661 5371 est
689 5316 915 5387 species
945 5316 1018 5371 de
1058 5317 1259 5374 multis
1287 5331 1539 5372 numero
1578 5312 1827 5369 diversis
1870 5312 2214 5383 praedicata,

571 5418 769 5477 neque
804 5406 1067 5479 aliquam
1119 5406 1373 5477 alicujus
1404 5403 1727 5459 essentiam
1778 5401 2218 5456 ostenditznon

573 5498 734 5553 enim
761 5497 987 5569 aliquid
1015 5494 1383 5553 indivisibile
1400 5497 1489 5550 est
1510 5492 1589 5549 ad
1618 5491 1880 5563 speciem
1904 5495 2008 5546 aut
2030 5506 2220 5560 genus

646 5669 667 5702 ⁵
699 5669 835 5723 Luc.
877 5682 1009 5733 xxn,
1023 5669 1117 5720 42.

2323 1838 2417 1893 διὰ
2488 1850 2582 1903 τῆς
2671 1850 2896 1915 φυσικῆς
2981 1846 3107 1917 πρὸς
3168 1847 3307 1916 ἡμᾶς
3372 1843 3616 1916 ἀγωνίας,
3679 1845 3763 1895 ἵνα
3829 1848 3926 1895 καὶ

2320 1933 2511 1991 ταύτης
2561 1933 2698 2003 ἡμᾶς
2747 1931 3084 2007 ἐλευθερώσῃ,
3149 1938 3238 1985 καὶ
3285 1942 3382 1995 τῆς
3455 1933 3648 1993 οἰκείας
3724 1936 3929 2007 σαρκός

2321 2026 2414 2078 τήν
2460 2024 2614 2092 φύσιν
2654 2026 3010 2087 πιστώσηται,
3041 2027 3131 2073 καὶ
3187 2027 3279 2081 τὴν
3333 2022 3627 2094 οἰκονομίαν
3683 2024 3926 2095 καθαράν

2321 2112 2499 2171 πάσης
2567 2116 2854 2182 φαντασίας
2920 2111 3231 2185 ἐργάσηται·
3327 2115 3498 2186 ὥσπερ
3585 2116 3676 2169 τὴν
3755 2110 3927 2183 ἄκραν

2321 2206 2413 2250 του
2460 2199 2575 2251 κατ’
2622 2200 2778 2252 αὐτόν
2823 2198 3151 2275 ἀνθρωπικοῦ
3192 2204 3324 2274 πρὸς
3388 2205 3446 2252 τό
3513 2201 3700 2252 οἰκεῖον
3757 2201 3926 2252 αὐτοῦ

2323 2293 2412 2339 καὶ
2496 2292 2749 2361 πατρικὸν
2842 2288 3039 2361 θέλημα
3125 2292 3387 2361 συμφυίαν
3448 2295 3538 2341 καὶ
3577 2291 3777 2359 ἕνωσιν,
3848 2297 3926 2360 τῷ

2323 2376 2602 2451 ἐπικρίνειν
2641 2386 2794 2430 τοῦτο
2848 2383 2938 2430 xui
3016 2381 3249 2451 φάσκειν·
3326 2384 3411 2438 Μὴ
3472 2383 3529 2431 τὸ
3606 2378 3746 2451 ἐμὸν,
3794 2377 3930 2431 ἄλλα

2320 2470 2379 2518 τὸ
2413 2471 2502 2519 σὸν
2523 2470 2744 2539 γενέσθω
2777 2468 2993 2541 θέλημα.

2632 2556 2835 2630 Ἐτερον
2879 2557 3155 2631 πρόϐλημα
3184 2565 3283 2610 τῶν
3315 2559 3616 2631 Ἀρμενίων,

2394 2644 2457 2706 ξ’.
2509 2646 2569 2698 Εἰ
2637 2648 2827 2719 ἄτομος
2880 2648 2905 2698 ό
2962 2650 3209 2722 Χριστός,
3286 2656 3383 2699 τῶν
3439 2644 3497 2699 δὲ
3572 2646 3775 2719 ἀτόμων
3828 2651 3929 2719 μία

2322 2733 2547 2809 ἐνέργεια
2602 2742 2688 2788 xui
2743 2735 2969 2806 θέλησις,
3024 2745 3131 2797 πῶς
3185 2736 3312 2807 οὐχὶ
3369 2741 3458 2789 xui
3527 2736 3613 2789 ἐπὶ
3683 2744 3927 2810 Χριστοῦ

2322 2830 2445 2897 μίαν
2477 2823 2729 2897 ἐνέργειαν
2751 2831 2841 2877 καὶ
2872 2826 3079 2884 θέλησιν
3111 2829 3329 2898 εῐπωμεν
3353 2842 3368 2893 ;

2961 3040 3249 3103 Ἀντίθεσις
3264 3083 3276 3096 .

2398 3163 2564 3218 Οὐδὲν
2621 3174 2720 3217 τῶν
2751 3174 2984 3238 φυσικῶν
3033 3166 3102 3228 εἰς
3154 3170 3212 3218 τό
3268 3166 3458 3239 ἆτομον
3497 3169 3923 3238 προηγουμένως,

2326 3254 2433 3306 ἀλλ’
2500 3255 2565 3315 εἰς
2609 3259 2701 3313 τὴν
2757 3258 2941 3307 τούτου
2986 3258 3139 3327 φύσιν
3214 3261 3303 3307 καὶ
3384 3255 3565 3307 ουσίαν
3642 3253 3757 3326 ἔχει
3831 3260 3926 3313 τὴν

2327 3341 2602 3419 διαφοράνο
2646 3348 2843 3416 φύσεων
2889 3348 2991 3417 γὰρ
3052 3345 3144 3396 οὐκ
3190 3345 3377 3410 οὐσῶν,
3422 3350 3512 3395 καὶ
3541 3347 3598 3395 τὸ
3650 3342 3704 3405 ἐξ
3753 3344 3928 3395 αὐτῶν

2326 3431 2629 3504 ἀφανίζεται
2708 3435 2927 3500 πάντως,
2979 3435 3008 3491 ἡ
3060 3436 3317 3499 σύνθετος,
3402 3432 3550 3503 λέγω,
3603 3433 3927 3494 ὑπόστασις.

2324 3522 2383 3573 Εἰ
2411 3519 2468 3574 δὲ
2502 3524 2743 3581 σύνθετος
2786 3524 2815 3578 ἡ
2845 3521 3135 3582 ὑπόστασις
3170 3521 3499 3594 ὡμολόγηται
3547 3528 3638 3572 τοῦ
3685 3526 3930 3593 Χριστοῦ

2324 3614 2449 3682 πρὸς
2514 3610 2575 3667 ἦν
2633 3609 2959 3683 ἀναφέρεται,
3018 3615 3108 3661 καὶ
3144 3607 3357 3668 δεκτικὴ
3408 3618 3507 3662 τῶν
3540 3608 3778 3661 ἐναντίων
3835 3615 3929 3661 καὶ

3592 3700 3752 3771 ὁρατὴ
3834 3704 3928 3751 καὶ

3684 3786 3926 3859 ἁναρχος

2320 3881 2409 3928 καὶ
2457 3876 2541 3929 ὑπ’
2594 3876 2783 3952 ἀρχήν·
2839 3874 2998 3935 διπλῆ
3068 3880 3262 3929 τούτων
3329 3880 3463 3929 κατά
3526 3880 3585 3928 τὸ
3648 3875 3781 3936 εἰκός
3829 3882 3924 3929 καὶ

2325 3697 2702 3772 ἀντικειμένων·
2734 3701 2891 3757 θνητὴ
2950 3702 3048 3773 γὰρ
3102 3704 3191 3751 καὶ
3241 3698 3515 3767 ἀθάνατος,

2320 3788 2560 3859 ἀόρατος,
2629 3792 2954 3861 περιγραπτὴ
3036 3793 3125 3841 καὶ
3192 3786 3595 3863 ἀπερίγραπτος,

2320 3967 2347 4024 ἡ
2405 3968 2627 4038 ἐνέργεια
2680 3969 2847 4018 ἔσται·
2921 3972 3011 4019 καὶ
3067 3966 3230 4027 ἄλλως
3279 3963 3337 4018 δὲ
3379 3970 3457 4026 τίς
3509 3968 3664 4037 φύσις
3714 3963 3922 4040 ἁνενέρ-

2316 4074 2499 4125 γητος,
2572 4056 2600 4114 ἦ
2668 4063 2895 4127 φυσικῆς
2955 4054 3208 4130 ἐνεργείας
3286 4054 3466 4122 ἐκτός;
3520 4061 3632 4115 Πῶς
3701 4051 3761 4106 δὲ
3826 4061 3921 4108 καὶ

2319 4140 2538 4205 δυνατός
2593 4143 2910 4217 ἀμοιροῦντα
2961 4153 3184 4216 φυσικῆς
3236 4141 3504 4217 δυνάμεως
3563 4146 3698 4195 κατὰ
3743 4146 3924 4217 σάρκα

2315 4236 2401 4284 τόν
2432 4232 2896 4308 ἐνανθρωπήσαντα
2934 4239 3099 4305 Λόγον
3148 4236 3415 4309 ἄνθρωπον
3478 4232 3662 4285 τέλειον
3706 4234 3735 4292 ἦ
3790 4233 3923 4295 ὅλως

3121 4321 3262 4376 Οὐδὲ
3333 4326 3435 4397 γὰρ
3485 4319 3624 4394 δίχα
3687 4332 3923 4394 φυσικῆς

2320 4410 2942 4489 ἑνεργείαςόᾶνθρωπος·
2994 4418 3125 4488 πρὸς
3156 4410 3215 4466 δὲ
3268 4417 3488 4482 τούτοις,
3547 4409 3670 4464 οὐδὲ
3723 4412 3923 4486 ἄτομον

2317 4323 2585 4394 ἄνθρωπον
2664 4327 3042 4398 χρηματίρειν,

2322 4506 2510 4576 κυρίως
2560 4503 2758 4574 λέγεται
2824 4506 2882 4555 τὸ
2938 4522 3074 4555 κατα
3140 4506 3371 4578 Χριστόν
3453 4503 3691 4554 σύνθετον
3752 4508 3927 4577 πρόσ-

2325 4609 2479 4643 ωπον·
2538 4592 2598 4643 οὐ
2652 4595 2753 4665 γὰρ
2807 4596 2995 4664 σχέσιν
3046 4595 3310 4668 ἓχειπρός
3349 4597 3443 4650 τὴν
3475 4591 3531 4643 ἐκ
3579 4598 3670 4642 τοῦ
3709 4610 3926 4663 γενικω·

2324 4682 2483 4733 τάτου
2526 4685 2705 4753 γένους
2747 4680 2840 4733 διὰ
2886 4690 2984 4733 τῶν
3042 4681 3127 4733 ὑπ’
3170 4680 3364 4739 ἄλληλα
3422 4682 3734 4752 καθιεμένων
3766 4689 3923 4752 γενῶν

2324 4773 2455 4842 πρὸς
2482 4774 2538 4822 τὸ
2566 4768 2902 4823 εἰδικώτατον
2940 4767 3074 4831 εἶδος
3107 4767 3366 4845 διαίρεσιν
3397 4775 3486 4823 xui
3547 4768 3596 4821 ἐν
3644 4769 3785 4840 αὐτῷ
3825 4774 3922 4828 τὴν

2325 4860 2518 4913 οἰκείαν
2540 4857 2766 4935 πρόοδον
2792 4862 3239 4937 περιγράφουσαν.

2398 5130 2463 5189 η’.
2534 5133 2628 5183 Διά
2683 5138 2859 5197 τοῦτο,
2922 5131 3057 5182 κατὰ
3121 5132 3207 5181 τὸν
3276 5133 3571 5201 σοφώτατον
3649 5127 3922 5201 Κύριλλον,

2326 5223 2384 5271 τὸ
2425 5222 2653 5293 Χριστός
2700 5224 2860 5292 ὄνομα
2894 5219 3009 5272 οὔτε
3062 5223 3182 5292 ὅρου
3240 5214 3459 5290 δύναμιν
3510 5216 3644 5289 ἔχει·
3713 5218 3771 5269 οὗ
3820 5221 3924 5292 γὰρ

2329 5307 2469 5371 εἶδός
2518 5310 2629 5361 ἐστι
2672 5310 2867 5363 πολλῶν
2933 5308 3136 5382 ἀριθμῷ
3205 5306 3551 5379 διαφερόντων
3586 5311 3925 5380 κατηγορου-

2329 5421 2497 5475 μενον,
2541 5400 2657 5453 οὒτε
2736 5407 2838 5473 μὴν
2886 5407 2977 5459 τήν
3036 5420 3175 5461 τινος
3262 5399 3443 5450 οὐσίαν
3489 5395 3659 5454 δηλοῖ·
3710 5399 3769 5449 οὐ
3823 5400 3929 5471 γὰρ

2330 5490 2520 5563 ἄτομον
2559 5494 2689 5563 πρὸς
2724 5487 2863 5552 εἶδος
2920 5490 2948 5548 ἦ
3008 5494 3145 5561 γένος
3186 5486 3428 5560 ἀγόμενον
3491 5487 3517 5544 ἡ
3561 5485 3675 5537 κατ’
3741 5485 3931 5537 ουσίαν
