4106 6296
142 218 191 271 91
1505 224 1849 279 THESAURI
1890 225 2016 279 LIB.
2057 225 2211 280 XVII.
3477 234 3547 287 98

164 346 238 398 ὑπὸ
280 348 483 399 τούτων
556 354 1041 425 περιγραφόμενον
1070 393 1083 420 ,
1144 349 1251 401 ἀλλ’
1307 351 1597 409 ὑπόστασις
1661 350 1782 400 σύν-

1925 348 2206 405 eductum
2236 350 2341 403 aut
2377 348 2713 405 secundum
2772 353 3091 409 essentiam
3140 354 3254 409 sub
3290 352 3403 409 illis
3436 354 3543 409 cir-

180 438 399 497 θετοςτήν
442 443 701 509 φυσικὴν
780 447 889 491 τῶν
957 441 1124 514 οῐκρων
1197 436 1455 511 διαίρεσιν
1512 437 1559 490 ἐν
1627 437 1780 509 ἑαυτῇ

1924 436 2347 508 μυωεοτὶριιιω,
2367 436 2469 491 sed
2496 436 2837 509 hypostasis
2859 442 3195 513 composita
3211 442 3547 499 naturalem

1896 530 2299 579 extremorum
2380 524 2737 582 divisionem
2803 529 2863 583 in
2926 545 2987 585 se
3040 531 3441 586 commiscens
3492 533 3549 585 et

1894 613 2297 675 identiﬁcans,
2330 618 2384 668 et
2422 614 2480 668 in
2526 630 2714 670 unum
2776 632 2960 685 agens
2992 622 3373 692 propriarum
3412 635 3546 692 par-

1897 703 2041 757 tium
2093 702 2478 771 adunatione,
2509 704 2799 776 quoniam
2844 721 2953 761 nec
2993 706 3233 764 aliunde
3263 708 3545 764 eumdem

1896 797 2113 847 natura
2144 794 2326 846 Deum
2352 796 2407 847 et
2437 791 2745 848 hominem
2763 796 3151 865 agnoscimus
3177 814 3363 869 quam
3383 814 3454 854 ex
3472 798 3544 852 iis

1898 896 2034 953 quas
2060 880 2256 935 divine
2283 885 2337 935 et
2372 881 2638 937 humane
2691 883 2870 938 simul
2900 900 3038 939 eum
3083 886 3342 957 signant,
3372 887 3548 943 inna-

1901 966 1972 1020 tis
2007 964 2472 1039 proprietatibus
2528 966 2744 1022 divinae
2790 967 3112 1025 voluntatis
3157 971 3544 1043 operationis-

1898 1070 2016 1127 quc
2070 1058 2126 1111 et
2171 1054 2455 1111 humanae
2501 1055 2630 1126 ejus
2676 1056 3017 1114 voluntatis.
3053 1059 3280 1124 Quibus
3345 1064 3401 1116 et
3442 1075 3549 1133 per

1899 1159 2054 1216 quas
2085 1144 2250 1215 quod
2276 1147 2476 1201 eratet
2501 1145 2667 1217 quod
2698 1145 2892 1201 factus
2919 1152 3011 1203 est
3050 1148 3341 1219 signavit;
3376 1149 3549 1204 mira-

185 529 405 601 ιατὼιρας
466 532 852 595 ταυτίζουσα,
914 533 1003 582 καὶ
1042 529 1112 590 εὶς
1179 530 1225 580 ἓν
1293 530 1499 599 ἄγουσα
1564 536 1624 599 τῇ
1686 534 1785 578 τῶν

193 617 352 669 οἰκείων
420 617 612 669 ἑνὼσει
710 626 887 693 μερῶν
942 636 954 648 ·
1012 618 1119 671 ἐπεὶ
1185 614 1306 669 οὐδὲ
1397 617 1634 691 ἑτέρωθεν
1701 618 1785 667 τόν

188 706 315 757 αὐτὸν
366 708 525 777 φύσει
557 709 689 759 Θεὸν
751 710 877 758 ὄντα
910 712 1000 758 καὶ
1028 708 1291 779 ἄνθρωπον
1347 701 1783 777 διαγινώσκομεν,

187 792 288 851 ibi
322 802 421 845 τῶν
504 795 692 855 θεῐκῶς
752 794 866 868 ἆμα
922 800 1013 847 καὶ
1067 796 1399 867 ἀνθρωπικῶς
1461 810 1790 866 χαρακτηρι-

188 883 359 942 ζόντων
428 883 593 935 αὐτόν
663 883 906 956 ἐμφύτων
986 880 1278 957 ἰδιωμάτων
1353 892 1448 944 τῆς
1521 902 1575 935 τε
1650 884 1789 941 θείας

187 972 432 1033 “tricem;
486 978 581 1026 καὶ
652 972 915 1046 ἐνεργείας
947 1016 961 1041 ,
1029 978 1117 1025 καὶ
1178 982 1271 1034 τῆς
1325 973 1652 1049 ἀνθρωπικῆς
1697 978 1787 1022 τοῦ

184 1060 337 1112 αὐτοῦ
399 1060 658 1122 θελήσεως
691 1079 705 1091 ·
748 1059 830 1124 αἶς
884 1066 978 1114 καὶ
1028 1059 1101 1114 δι’
1138 1063 1204 1114 ὧν
1235 1063 1261 1115 ὅ
1306 1059 1366 1121 ἦν
1397 1066 1485 1114 καὶ
1516 1063 1541 1113 ὅ
1565 1065 1787 1132 γέγονεν,

184 1148 536 1223 ἓπεσφρνὶγιζε
592 1167 606 1181 ’
682 1153 1095 1224 θαυματουργων
1168 1154 1257 1224 μὲν
1323 1153 1448 1226 ὑπὲρ
1516 1154 1655 1223 ἡμᾶς
1729 1152 1792 1208 ὡς

184 1244 312 1301 Θεὸς
343 1284 358 1309 ,
416 1243 655 1311 πάσχων
710 1236 769 1292 δὲ
833 1237 908 1292 δι’
959 1242 1093 1313 ἡμᾶς
1135 1241 1161 1293 ὁ
1212 1242 1370 1301 αὐτὸς
1434 1244 1686 1302 ἑκουσίως
1725 1241 1793 1299 ὡς

183 1330 455 1403 ἅνθρωπος
525 1344 541 1358 ⁸
611 1333 703 1381 καὶ
767 1337 855 1381 νῦν
932 1332 1023 1402 μὲν
1088 1332 1431 1403 φθεγγόμενος
1504 1333 1635 1406 πρὸς
1705 1331 1792 1380 τὸν

558 1419 635 1471 Ού
702 1421 968 1481 πιστεύεις
1033 1418 1112 1471 ὃτι
1177 1418 1273 1491 ἔγώ
1331 1418 1378 1470 ἐν
1453 1428 1525 1490 τῷ
1602 1423 1791 1492 Πατρὶ,

180 1511 270 1557 καὶ
343 1509 370 1558 ὁ
449 1512 639 1582 Πατὴρ
713 1506 761 1559 ἐν
836 1507 998 1581 ἐμοί;
1058 1513 1194 1576 καὶ,
1258 1508 1318 1561 ⁶Ο
1394 1508 1634 1583 ἑωρακὼς
1708 1506 1794 1580 ἐμὲ

184 1595 380 1670 ἑώρακε
446 1600 541 1649 τὸν
607 1600 855 1671 Πατέρα·
918 1602 1045 1668 καὶ,
1106 1598 1236 1669 Ἐγὼ
1293 1600 1451 1651 καὶὸ
1510 1602 1689 1671 Πατὴρ
1744 1597 1793 1649 ἓν

181 1686 335 1758 ἐσμεν
366 1728 382 1742 ,

184 1418 435 1470 Φίλιππον
478 1435 496 1449 ⁸

182 1777 233 1836 ὃς
263 1780 357 1835 τὴν
390 1775 643 1834 ἀλήθειαν
673 1775 932 1834 λελάληκα
957 1777 1077 1849 ύμῖν
1103 1794 1117 1846 ;

582 1882 768 1956 Ἑτέρα
806 1882 1065 1944 ἀντίθεσις
1103 1884 1401 1957 Ἀρμενίων.

259 1989 320 2045 θ’.
362 1996 478 2044 Πᾶν
545 1989 900 2065 ἑτεροκίνητον
960 1990 1327 2063 ἁνενέργητονο
1368 1993 1399 2049 ἡ
1459 1998 1551 2043 τοῦ
1601 1997 1795 2065 Κυρίου

182 2084 361 2131 τοίνυν
388 2078 529 2153 σάρξ
566 2080 667 2133 ὑπὸ
696 2088 789 2133 τοῦ
829 2080 1095 2141 ἐνωθέντος
1139 2080 1270 2152 αὐτῇ
1318 2084 1492 2153 Λόγου
1522 2087 1793 2156 κινουμένη

184 2168 529 2242 ἄνενέργητος
561 2166 641 2227 ἦν.

479 2276 772 2339 Ἀντίθεσις
803 2281 896 2329 καὶ
921 2274 1178 2350 ἀπολογία
1195 2281 1323 2353 πρὸς
1338 2286 1512 2337 τοῦτο.

262 2388 363 2436 Καὶ
421 2383 607 2437 λοιπὸν
662 2384 723 2436 ού
779 2380 986 2456 διέφερε
1039 2393 1135 2436 τῶν
1193 2384 1357 2437 ἀλλων
1410 2385 1572 2458 ἁγίων
1623 2389 1653 2445 ἠ
1707 2394 1800 2440 τοῦ

190 2477 386 2546 Κυρίου
446 2472 619 2546 σάρξ·
657 2475 880 2545 νεύματι
916 2479 1051 2525 Θεοῦ
1107 2474 1365 2526 ἐκινοῦντο
1428 2495 1517 2527 και
1574 2483 1802 2537 Μωῡσῆς

189 2568 283 2613 καὶ
334 2559 501 2614 Δαϐἱδ
534 2607 551 2631 ,
591 2566 684 2614 καὶ
732 2561 847 2613 ὅσοι
900 2561 1047 2613 ἄλλοι
1081 2571 1177 2624 τῆς
1237 2565 1378 2624 θείας
1420 2564 1670 2639 ἐνεργείας
1693 2587 1803 2638 χω-

192 2656 404 2722 ρητικοί
453 2668 468 2680 ·
515 2658 671 2703 τοῦτο
725 2647 787 2703 δὲ
839 2651 1034 2703 ἄτοπον
1067 2694 1082 2709 ,
1109 2651 1245 2705 Ἀλλ’
1290 2652 1399 2705 ἐπεὶ
1451 2656 1476 2706 ὁ
1523 2662 1624 2706 τῶν
1676 2655 1803 2707 ὅλων

196 2745 333 2799 Θεὸς
396 2738 659 2812 ἀτρέπτως
718 2744 927 2811 γέγονεν
995 2741 1304 2813 Mem“:
1382 2747 1471 2794 καὶ
1528 2745 1592 2804 ὡς
1675 2746 1805 2806 θεὸς

198 2828 521 2889 ιαταλλήλως
552 2838 616 2902 τῇ
685 2829 849 2880 αὐτοῦ
904 2831 1112 2887 θεότητι
1166 2830 1313 2888 ἤθελέ
1358 2850 1412 2884 τε
1463 2836 1554 2884 καὶ
1584 2831 1804 2905 ἐνήργει,

202 2922 293 2969 καὶ
319 2920 386 2979 ὡς
414 2919 684 2993 ἄνθρωπος
740 2916 1078 2979 καταλλήλως
1106 2927 1168 2991 τῇ
1220 2919 1379 2971 αὐτοῦ
1424 2919 1804 2995 ἀνθρωπότητι,

1902 1232 2036 1288 cula
2072 1232 2320 1304 quidem
2351 1249 2537 1306 supra
2555 1249 2667 1289 nos
2697 1250 2958 1306 operans
2998 1241 3063 1292 ut
3100 1241 3274 1304 Deus,
3316 1237 3550 1310 patiens

1902 1330 2102 1379 autem
2146 1327 2391 1395 propter
2427 1339 2539 1378 nos
2571 1323 2900 1380 voluntarie
2940 1330 3003 1382 ut
3039 1327 3244 1383 homo.
3280 1329 3346 1383 Et
3387 1341 3551 1383 nunc

1901 1410 2147 1484 quidem
2177 1410 2446 1483 Philippo
2480 1411 2723 1468 dicens:
2749 1435 2777 1463 ‹‹
2803 1417 2929 1470 Non
2965 1416 3157 1471 credis
3187 1416 3330 1488 quia
3355 1432 3467 1487 ego
3488 1416 3551 1471 in

1903 1503 2070 1555 Patre
2110 1504 2166 1555 et
2188 1502 2356 1556 Pater
2378 1501 2438 1556 in
2470 1517 2565 1556 me
2586 1503 2606 1535 τ
2626 1502 2653 1556 ?
2682 1523 2709 1550 »
2744 1505 2807 1557 Et
2838 1520 2849 1557 :
2878 1526 2904 1554 «
2932 1504 3038 1569 Qui
3065 1504 3222 1561 videt
3254 1521 3369 1577 me,
3394 1505 3554 1560 videt

1903 1590 2139 1645 Patrem
2166 1590 2186 1624 ⁸
2213 1608 2226 1657 ;
2256 1594 2329 1659 et,
2360 1612 2387 1639 «
2422 1592 2543 1662 Ego
2605 1594 2660 1646 et
2721 1594 2887 1647 Pater
2950 1609 3141 1649 unum
3198 1610 3409 1649 sumus
3432 1596 3453 1629 9
3480 1611 3493 1649 :
3520 1613 3551 1647 ν

434 1693 550 1739 Νῦν
590 1683 651 1738 δέ
686 1691 737 1738 τί
797 1687 1005 1747 ζητεῖτέ
1040 1706 1104 1760 με
1158 1685 1479 1753 ἀποκτεῖναι,
1526 1688 1794 1761 ἄνθρωπον

1924 1694 2065 1734 ωηο
2121 1695 2297 1734 vero:
2333 1701 2360 1728 ‹‹
2401 1679 2552 1745 Quid
2593 1680 2859 1752 quaeritis
2912 1698 3007 1738 me
3073 1682 3425 1754 interficere,
3452 1682 3557 1740 h0-

1902 1768 2129 1825 minem
2166 1770 2271 1842 qui
2310 1768 2619 1825 veritatem
2654 1768 2888 1826 locutus
2919 1788 3054 1827 sum
3083 1771 3256 1828 vobis
3287 1773 3331 1808 ¹⁰
3351 1773 3378 1829 ‘2
3410 1794 3439 1823 »

2280 1877 2424 1933 Alia
2453 1877 2869 1933 Armeniorum
2901 1878 3171 1948 objectio.

1978 1988 2030 2040 9.
2074 1984 2247 2050 Quod
2298 1984 2377 2040 ab
2426 1984 2542 2041 alio
2590 1989 2883 2056 movetur,
2916 1986 3149 2059 absque
3212 1986 3559 2061 operatione

1907 2077 2033 2129 est:
2064 2073 2298 2129 Domini
2345 2073 2525 2142 igitur
2562 2089 2702 2129 caro
2747 2090 2883 2146 quae
2921 2090 2959 2130 a
2995 2075 3183 2131 Verbo
3233 2076 3345 2131 sibi
3390 2076 3559 2133 unito

1908 2167 2202 2230 movetur,
2238 2162 2470 2235 absque
2495 2162 2844 2235 operatione
2882 2168 2989 2219 est.

2050 2272 2372 2341 Responsio
2401 2274 2455 2327 et
2486 2270 2666 2341 hujus
2695 2271 3041 2341 objectionis
3066 2272 3418 2343 confutatio.

1983 2382 2272 2436 Caeterum
2302 2395 2427 2436 non
2464 2378 2543 2436 ab
2565 2378 2821 2436 aliorum
2860 2384 3208 2435 sanctorum
3247 2395 3425 2436 carne
3453 2379 3563 2436 dif-

1911 2468 2140 2526 ferebat
2188 2468 2400 2523 Christi
2456 2483 2617 2524 caro.
2660 2467 2878 2540 Spiritu
2936 2468 3036 2524 Dei
3088 2468 3487 2525 movebantur
3511 2471 3569 2525 et

1912 2562 2140 2631 Moyses
2172 2562 2227 2613 et
2260 2557 2447 2614 David
2498 2561 2555 2613 et
2607 2557 2955 2630 quicunque
2986 2557 3083 2613 alii
3114 2558 3331 2614 divinas
3356 2573 3568 2629 opera-

1913 2648 2090 2705 tionis
2136 2663 2390 2719 capaces
2437 2646 2620 2702 fuere.
2651 2645 2823 2711 Quod
2864 2647 2943 2703 ad
2990 2663 3094 2703 eos
3144 2652 3390 2719 spectat,
3421 2646 3568 2703 ridi-

1914 2738 2049 2794 cula
2078 2736 2505 2807 essetobjectio
2539 2753 2551 2791 :
2585 2736 2689 2793 sed
2729 2740 3054 2809 postquam
3101 2737 3377 2792 omnium
3410 2739 3565 2793 Deus

1917 2828 2145 2900 absque
2165 2827 2496 2882 mutatione
2535 2826 2725 2882 factus
2756 2830 2844 2881 est
2867 2827 3074 2894 homo,
3108 2831 3166 2882 et
3192 2832 3253 2883 ut
3282 2830 3431 2883 Deus
3456 2841 3568 2899 pro

1918 2933 2028 2972 sua
2051 2916 2270 2972 deitate
2296 2915 2537 2971 volebat
2575 2920 2630 2970 et
2660 2914 3111 2987 operabatur,et
3137 2919 3203 2971 ut
3229 2916 3416 2971 homo
3458 2930 3570 2987 pro

203 3013 297 3056 τοῦ
357 3004 677 3081 ἀνθρωπείου
736 3006 1028 3079 θελήματος
1079 3008 1164 3059 οἶα
1209 3012 1299 3060 καὶ
1366 3011 1637 3071 θεωθέντος
1668 3055 1683 3079 ,
1736 3019 1808 3083 τῷ

1924 3023 2030 3063 sua
2058 3005 2730 3073 humanitate,humana
2749 3004 3052 3060 voluntate
3080 3004 3255 3077 quasi
3269 3003 3569 3069 deiﬁcata,

210 3094 361 3164 Θεὶκῷ
426 3093 729 3168 βουλήματι
793 3100 1099 3165 κινουμένου
1166 3102 1256 3149 καὶ
1322 3104 1642 3173 τυπουμένου
1677 3139 1690 3151 .
1722 3105 1813 3153 καὶ

208 3194 536 3260 μαρτυροῦσι
587 3194 739 3239 τοῦτο
796 3189 860 3238 τὰ
906 3186 1216 3258 εύαγγελικὰ
1287 3190 1500 3263 ῥήματα
1562 3191 1597 3243 ἅ
1657 3211 1812 3264 φασιν

209 3275 440 3326 οὖτωσί·
476 3297 505 3325 ι(
537 3281 611 3348 Τῇ
683 3273 930 3348 ἐπαύριον
1008 3276 1255 3334 ἠθέλησεν
1311 3280 1336 3329 ό
1376 3278 1579 3340 Ἰησοῦς
1653 3280 1813 3333 εἰσελ-

212 3363 313 3414 ea»
380 3364 447 3425 εἰς
502 3369 598 3423 τήν
670 3364 951 3417 Γαλιλαίαν
977 3385 991 3399 ·
1022 3385 1051 3415 »
1081 3370 1170 3418 καὶ
1224 3366 1379 3420 πάλιν
1413 3386 1425 3398 ·
1463 3391 1492 3419 ‹‹
1524 3368 1667 3422 Θέλω
1732 3368 1817 3423 ἳνα

213 3449 340 3503 ὅπου
373 3452 475 3525 εἰμὶ
507 3452 609 3525 ἐγὼ
635 3497 650 3522 ,
681 3458 773 3505 καὶ
832 3454 985 3506 αὐτοὶ
1028 3474 1129 3506 ωσι
1158 3469 1173 3486 ⁶
1207 3476 1237 3505 »
1268 3462 1357 3509 καὶ
1387 3454 1451 3509 αὖ
1476 3475 1488 3487 ·
1523 3480 1552 3508 ‹‹
1590 3459 1666 3511 Ού
1712 3462 1814 3535 γὰρ

215 3542 384 3597 ἢθελεν
444 3542 493 3594 ἓν
555 3551 618 3614 τῇ
712 3540 955 3615 Ἰουδαίᾳ
1028 3552 1325 3619 περιπατεῖν
1365 3591 1380 3617 ,
1441 3547 1520 3599 ὃτι
1599 3548 1817 3610 ἐζήτουν

217 3629 368 3681 αὐτὸν
393 3634 441 3684 οἱ
472 3628 726 3685 Ἰουδαῖοι
768 3633 1075 3685 ἀποκτεῖναι
1111 3676 1123 3689 .
1166 3652 1196 3687 ›
1240 3641 1329 3688 καὶ
1369 3636 1577 3713 ἑτέρωθι
1606 3656 1618 3668 ·
1651 3660 1678 3689 «
1710 3637 1817 3692 Κά-

216 3722 376 3772 κεῖθεν
454 3720 738 3783 ἐξελθόντες
819 3720 1124 3795 ἐπορεύοντο
1191 3720 1283 3776 διὰ
1347 3734 1437 3787 τῆς
1502 3727 1775 3789 Γαλιλαίας
1803 3749 1816 3761 ο

217 3814 305 3859 καὶ
351 3809 442 3861 οὐκ
498 3810 673 3868 ἤθελεν
716 3812 799 3862 ἶνα
849 3831 935 3873 τις
971 3819 1078 3882 γνῷ
1111 3827 1123 3840 ’
1150 3833 1177 3863 ι)
1210 3818 1299 3866 καὶ
1352 3813 1583 3889 ἀλλαχου
1610 3834 1622 3847 ο
1657 3837 1686 3867 ‹‹
1720 3820 1822 3870 Καὶ

223 3899 513 3967 προσῆλθον
545 3900 687 3970 αύτῷ
748 3902 798 3952 οἱ
850 3902 1090 3972 μαθηταὶ
1127 3902 1287 3955 αὐτοῦ
1338 3902 1566 3975 λέγοντες
1633 3905 1772 3977 αύτῷ
1805 3922 1819 3938 ⁸

228 3992 328 4039 Ποῦ
394 3988 546 4049 θέλεις
608 3987 907 4049 ἀπελθόντες
974 3988 1329 4064 ἑτοιμάσωμέν
1398 4012 1482 4045 σοι
1539 4002 1718 4066 φαγεῖν
1765 3998 1824 4048 τὸ

230 4080 452 4149 “italu;
495 4100 524 4128 »
550 4084 729 4131 Ταῦτα
773 4082 878 4152 γὰρ
920 4079 1093 4131 πάντα
1142 4083 1270 4132 καθὸ
1316 4083 1341 4133 ὁ
1369 4085 1560 4156 Κύριος
1624 4086 1825 4159 ἄνθρω-

230 4185 318 4228 πος
351 4165 621 4239 ἐφθέγγετο
649 4212 665 4236 ,
694 4173 787 4220 καὶ
844 4167 905 4219 ού
960 4169 1092 4220 καθὸ
1124 4173 1254 4231 Θεός
1279 4210 1291 4223 .
1337 4175 1438 4223 Καὶ
1489 4172 1649 4233 ἄλλως
1689 4170 1747 4226 δὲ
1767 4177 1826 4226 τὸ

239 4259 298 4325 μή
348 4258 464 4327 ἔχον
529 4255 784 4331 ἐνέργειαν
828 4261 921 4309 καὶ
974 4261 1180 4315 κίνησιν
1237 4264 1463 4331 φυσικὴν
1513 4264 1688 4336 νεκρὸν
1739 4267 1828 4316 καὶ

1919 3101 1976 3154 et
2018 3111 2125 3169 per
2172 3095 2444 3150 divinam
2497 3093 2870 3149 voluntatem
2925 3096 3092 3148 mota
3120 3097 3177 3148 et
3226 3091 3564 3149 eﬂ‘ormata.

1919 3190 2110 3259 Atque
2147 3183 2210 3240 id
2248 3186 2539 3239 testantur
2596 3180 2944 3252 evangelica
2991 3180 3175 3237 verba
3215 3196 3352 3254 quae
3399 3180 3483 3237 sic
3513 3196 3577 3238 se

1920 3276 2187 3343 habent;
2229 3294 2259 3322 ‹‹
2299 3271 2568 3328 Crastina
2623 3270 2720 3326 die
2786 3270 2976 3326 voluit
3025 3271 3197 3325 Jesus
3235 3270 3453 3326 intrare
3514 3270 3578 3326 in

1925 3365 2228 3424 Galilaeam
2261 3364 2302 3399 ¹¹
2336 3380 2350 3431 ;
2392 3383 2421 3411 »
2454 3365 2511 3417 et
2545 3376 2756 3416 rursus
2790 3378 2803 3416 :
2841 3382 2869 3411 «
2902 3359 3042 3416 Volo
3071 3364 3135 3415 ut
3162 3359 3246 3416 ibi
3276 3376 3411 3415 sum
3442 3374 3576 3432 ego,

1925 3461 1982 3514 et
2008 3455 2092 3511 illi
2144 3454 2260 3509 sint
2291 3453 2370 3519 ¹²;
2399 3455 2457 3507 et
2502 3466 2757 3506 rursus:
2795 3471 2823 3501 ‹‹
2864 3452 2993 3506 Non
3041 3448 3202 3505 enim
3246 3447 3489 3506 volebat
3514 3448 3579 3504 in

1924 3545 2137 3602 Judaea
2203 3540 2538 3610 ambulare,
2594 3540 2698 3613 qui
2767 3539 3123 3612 quaerebant
3184 3554 3324 3595 eum
3385 3538 3577 3597 Judaei

1925 3633 2257 3692 interﬁcere
2285 3632 2350 3686 ιθ.
2394 3652 2422 3681 ››
2451 3633 2517 3686 Et
2568 3629 2755 3685 alibi:
2790 3651 2811 3680 ε
2869 3631 2935 3685 Et
2976 3628 3117 3685 inde
3174 3628 3402 3699 egressi
3437 3643 3579 3702 per-

1929 3722 2325 3782 ambulabant
2379 3719 2718 3789 Galilaeam;
2750 3722 2809 3775 et
2858 3718 3101 3775 nolebat
3138 3723 3202 3775 ut
3243 3717 3380 3791 quis
3435 3734 3577 3774 eum

1930 3816 2285 3887 agnosceret
2307 3812 2388 3879 u;
2424 3831 2451 3860 »
2484 3815 2538 3866 et
2568 3810 2709 3867 alibi
2740 3828 2753 3865 :
2786 3832 2813 3859 ‹‹
2848 3811 2914 3864 Et
2940 3812 3315 3865 accesserunt
3338 3806 3419 3862 ad
3438 3822 3578 3863 eum

1931 3902 2208 3975 discipuli
2267 3901 2399 3972 ejus
2455 3899 2761 3955 dicentes.
2810 3897 2917 3953 Ubi
2984 3897 3072 3952 vis
3142 3911 3427 3969 paremus
3471 3895 3580 3952 tibi

1932 3992 2299 4050 manducare
2321 3989 2548 4046 Pascha
2572 3990 2615 4024 ’⁵
2633 3989 2660 4043 ?
2675 4009 2702 4038 »
2721 3989 2854 4042 Haec
2883 3985 3043 4041 enim
3060 3984 3357 4051 omnia,ut
3372 3984 3579 4057 homo,

1934 4084 2222 4141 Dominus
2286 4080 2666 4154 loquebatur,
2724 4092 2848 4133 non
2904 4079 3107 4132 autem
3162 4078 3226 4130 ut
3283 4074 3457 4131 Deus.
3518 4074 3587 4129 Et

1934 4173 2176 4232 aliunde
2213 4171 2379 4243 quod
2426 4185 2550 4225 non
2605 4166 2788 4224 habet
2824 4164 3238 4239 operationem
3267 4168 3325 4220 et
3352 4166 3586 4220 motum

1934 4261 2321 4330 naturalem,
2370 4261 2680 4314 mortuum
2744 4259 2834 4312 est
2905 4258 2964 4312 et
3033 4254 3320 4310 inanime.
3352 4251 3591 4311 Domini

241 4343 432 4417 ἒξνυχον
457 4363 473 4377 ⁶
504 4348 534 4404 ἡ
573 4342 635 4399 δε
681 4354 776 4399 τοῦ
808 4352 1012 4418 Κυρίου
1068 4347 1200 4421 σὰρξ
1237 4350 1408 4412 ἔννους
1444 4355 1533 4404 καὶ
1562 4351 1806 4425 ἔμψυχος

1938 4356 2139 4411 autem
2171 4364 2309 4410 caro
2340 4351 2538 4404 mente
2563 4350 2619 4403 et
2647 4347 2852 4403 anima
2875 4343 3129 4418 praedita
3157 4348 3304 4402 erat.

588 4464 797 4538 Ἕτερον
824 4462 1114 4539 πρόϐλημα
1147 4464 1443 4540 Ἀρμενίων.

308 4578 349 4635 ι’.
384 4580 575 4658 Ὥσπερ
602 4580 689 4636 ἐπὶ
750 4588 997 4656 Χριστοῦ
1044 4583 1135 4640 τὴν
1187 4590 1286 4634 τῶν
1332 4580 1429 4637 δύο
1484 4587 1682 4659 φύσεων
1710 4606 1832 4640 συν-

258 4660 423 4741 δρομὲν
461 4674 703 4726 σύνθετόν
772 4690 909 4745 φατε
959 4672 1253 4724 ὑπόστασιν
1285 4715 1299 4742 ,
1333 4673 1469 4728 οὕτω
1532 4679 1701 4752 χρεὼν
1743 4681 1833 4730 καὶ

254 4762 351 4826 μίαν
378 4764 608 4817 σύνθετον
630 4762 807 4836 λέγειν
837 4761 1123 4834 ἐνέργειαν.

870 4890 1191 4951 Ἀντίθεσις.

280 5059 333 5112 Εἰ
370 5064 451 5116 τὸν
493 5060 746 5135 Χριστὸν
804 5051 859 5105 ἐν
907 5046 1014 5103 δύο
1078 5051 1266 5121 φύσεσι
1327 5053 1666 5127 θεωρούμενον
1712 5057 1838 5127 μίαν

220 5145 351 5227 δῶμεν
400 5156 654 5211 σύνθενον
714 5150 883 5219 ἔχειν
930 5138 1191 5213 ἐνέργειαν
1222 5181 1236 5208 ,
1276 5142 1307 5199 ἡ
1366 5144 1581 5202 τοιαύτη
1636 5145 1839 5207 πάντως

205 5242 390 5322 bar/ua
444 5249 475 5309 ἦ
540 5252 655 5299 τῶν
725 5234 923 5291 αὑτοῦ
984 5236 1155 5303 μερῶν
1220 5228 1434 5303 ἐσεῖται,
1474 5231 1505 5292 ἡ
1549 5232 1710 5287 αὐτοῦ
1771 5235 1841 5297 ὡς

1306 5464 1329 5499 θ
1365 5466 1535 5522 Joan.
1586 5481 1640 5529 x,
1684 5465 1772 5523 30.

236 5487 654 5598 313.3%"?
690 5473 808 5582 13'
846 5458 1151 5595 ignith
1176 5464 1675 5598 ἶίαιίὴῗοῗξνίἢτ

1370 5575 1384 5592 ο
1419 5575 1575 5611 unus,
1608 5575 1698 5600 ιι.

179 5559 219 5595 υ
243 5532 654 5627 ,ιὸἕὲῗὶνιιζίῖ
695 5532 703 5533 “
736 5542 797 5582 ιι
846 5532 1025 5595 [δίάο

1851 5465 1899 5506 ¹⁶
1934 5466 2113 5528 Joan.
2171 5466 2273 5537 vii,
2300 5468 2390 5524 20.

2274 4465 2421 4523 Alia
2445 4465 2869 4523 Armeniorum
2902 4462 3251 4533 propositio.

2013 4587 2099 4642 10.
2141 4582 2672 4651 Quemadmodum
2696 4581 2771 4637 de
2793 4579 3022 4636 Christo
3053 4579 3313 4636 duarum
3340 4579 3593 4634 natura-

1938 4692 2076 4735 rum
2092 4689 2454 4733 concursum
2470 4671 2872 4745 compositam
2887 4668 3269 4743 bypostasim
3284 4663 3593 4736 dicitis,sic

1941 4765 2265 4823 dicendum
2278 4767 2370 4821 est
2382 4778 2570 4820 unam
2586 4760 2985 4834 compositam
3004 4758 3419 4833 operationem
3437 4770 3592 4812 esse.

2598 4888 2936 4960 Responsio.

2019 5020 2076 5076 Si
2096 5017 2390 5075 Christum
2406 5016 2469 5072 in
2489 5015 2730 5072 duabus
2747 5012 2978 5070 naturis
2995 5010 3442 5068 consideratum
3457 5023 3597 5066 con-

1944 5107 2161 5165 cedam
2170 5123 2202 5163 u
2211 5124 2238 5163 s
2250 5106 2493 5164 unicam
2505 5105 2729 5162 habere
2744 5099 3319 5175 operationem,talis
3331 5097 3599 5172 operatio

1946 5197 2044 5255 vel
2071 5197 2202 5268 ejus
2216 5196 2475 5269 partium
2508 5194 2636 5265 erit,
2662 5193 2760 5250 vel
2790 5192 2986 5264 ipsius
3003 5195 3092 5248 est
3109 5188 3445 5263 compositi.
3472 5185 3604 5242 Etsi

1948 5288 2196 5362 quidem
2239 5288 2368 5360 ejus
2413 5286 2681 5360 partium
2742 5283 2839 5352 sit,
2891 5281 3189 5339 dividetur
3238 5279 3319 5337 ad
3367 5280 3601 5334 utrum-

2472 5466 2513 5502 ¹¹
2552 5466 2723 5523 Joan.
2774 5476 2818 5532 ι,
2849 5463 2941 5519 43.
3021 5460 3065 5496 ¹²
3104 5459 3276 5518 Joan.
3323 5467 3457 5521 xvn,
3497 5451 3593 5507 24.
