  <div class='ocr_page' id='page_1' title='image "/cluster/home/n/w/nwhite01/storage/ocr_20150623/140/mdp.39015022213980/057.png"; bbox 0 0 4106 6296; ppageno 0'>
   <div class='ocr_carea' id='block_1_1' title="bbox 564 265 642 319">
    <p class='ocr_par' dir='ltr' id='par_1_1' title="bbox 564 265 642 319">
     <span class='ocr_line' id='line_1_1' title="bbox 564 265 642 319; baseline 0.038 -3"><span class='ocrx_word' id='word_1_1' title='bbox 564 265 642 319; x_wconf 88' lang='grc'><strong>99</strong></span> 
     </span>
    </p>
   </div>
   <div class='ocr_carea' id='block_1_2' title="bbox 1923 263 2605 320">
    <p class='ocr_par' dir='ltr' id='par_1_2' title="bbox 1923 263 2605 320">
     <span class='ocr_line' id='line_1_2' title="bbox 1923 263 2605 320; baseline 0.006 -4"><span class='ocrx_word' id='word_1_2' title='bbox 1923 263 1965 316; x_wconf 85' lang='grc' dir='ltr'><strong>Ν</strong></span> <span class='ocrx_word' id='word_1_3' title='bbox 1977 263 2190 318; x_wconf 67' lang='grc' dir='ltr'>ΙΟΕΤΑΞ</span> <span class='ocrx_word' id='word_1_4' title='bbox 2236 264 2321 320; x_wconf 87' lang='lat' dir='ltr'>CH</span> <span class='ocrx_word' id='word_1_5' title='bbox 2331 266 2420 320; x_wconf 83' lang='lat' dir='ltr'>ON</span> <span class='ocrx_word' id='word_1_6' title='bbox 2429 266 2605 320; x_wconf 75' lang='grc' dir='ltr'>ΙΑΤᾸΞ</span> 
     </span>
    </p>
   </div>
   <div class='ocr_carea' id='block_1_3' title="bbox 3834 275 3937 328">
    <p class='ocr_par' dir='ltr' id='par_1_3' title="bbox 3834 275 3937 328">
     <span class='ocr_line' id='line_1_3' title="bbox 3834 275 3937 328; baseline 0.01 -1"><span class='ocrx_word' id='word_1_7' title='bbox 3834 275 3937 328; x_wconf 82' lang='grc'>100</span> 
     </span>
    </p>
   </div>
   <div class='ocr_carea' id='block_1_4' title="bbox 560 385 2182 466">
    <p class='ocr_par' dir='ltr' id='par_1_4' title="bbox 560 385 2182 460">
     <span class='ocr_line' id='line_1_4' title="bbox 560 385 2182 460; baseline -0.001 -17"><span class='ocrx_word' id='word_1_8' title='bbox 560 404 678 460; x_wconf 91' lang='lat' dir='ltr'>que</span> <span class='ocrx_word' id='word_1_9' title='bbox 708 386 897 442; x_wconf 90' lang='lat' dir='ltr'>scissa</span> <span class='ocrx_word' id='word_1_10' title='bbox 918 390 975 442; x_wconf 89' lang='lat' dir='ltr'>et</span> <span class='ocrx_word' id='word_1_11' title='bbox 1003 385 1286 452; x_wconf 88' lang='lat' dir='ltr'>solvetur,</span> <span class='ocrx_word' id='word_1_12' title='bbox 1318 387 1374 440; x_wconf 90' lang='lat' dir='ltr'>et</span> <span class='ocrx_word' id='word_1_13' title='bbox 1398 385 1576 440; x_wconf 86' lang='lat' dir='ltr'>simul</span> <span class='ocrx_word' id='word_1_14' title='bbox 1619 399 1691 440; x_wconf 90' lang='lat' dir='ltr'>ea</span> <span class='ocrx_word' id='word_1_15' title='bbox 1719 399 1852 456; x_wconf 68' lang='lat' dir='ltr'>quae</span> <span class='ocrx_word' id='word_1_16' title='bbox 1895 399 1999 457; x_wconf 90' lang='lat' dir='ltr'>per</span> <span class='ocrx_word' id='word_1_17' title='bbox 2023 385 2182 458; x_wconf 70' lang='lat' dir='ltr'>ipsa!</span> 
     </span>
    </p>
   </div>
   <div class='ocr_carea' id='block_1_5' title="bbox 2295 385 3937 466">
    <p class='ocr_par' dir='ltr' id='par_1_5' title="bbox 2295 387 3937 466">
     <span class='ocr_line' id='line_1_5' title="bbox 2295 387 3937 466; baseline 0.004 -26"><span class='ocrx_word' id='word_1_18' title='bbox 2295 387 2449 445; x_wconf 85' lang='grc' dir='ltr'><em>,ὃλου</em></span> <span class='ocrx_word' id='word_1_19' title='bbox 2482 407 2494 418; x_wconf 89' lang='grc'><strong>·</strong></span> <span class='ocrx_word' id='word_1_20' title='bbox 2528 394 2617 442; x_wconf 85' lang='grc' dir='ltr'><em>καὶ</em></span> <span class='ocrx_word' id='word_1_21' title='bbox 2685 388 2730 441; x_wconf 81' lang='grc' dir='ltr'><em>εἰ</em></span> <span class='ocrx_word' id='word_1_22' title='bbox 2793 392 2882 462; x_wconf 71' lang='grc' dir='ltr'><em>μὲν</em></span> <span class='ocrx_word' id='word_1_23' title='bbox 2943 397 3043 442; x_wconf 81' lang='grc' dir='ltr'>τῶν</span> <span class='ocrx_word' id='word_1_24' title='bbox 3109 390 3270 442; x_wconf 69' lang='grc' dir='ltr'><em>αὑτοῦ</em></span> <span class='ocrx_word' id='word_1_25' title='bbox 3327 399 3514 465; x_wconf 86' lang='grc' dir='ltr'><em>μερῶν,</em></span> <span class='ocrx_word' id='word_1_26' title='bbox 3556 395 3937 466; x_wconf 85' lang='grc' dir='ltr'><em>μερισθήσεται</em></span> 
     </span>
    </p>
   </div>
   <div class='ocr_carea' id='block_1_6' title="bbox 555 474 2216 547">
    <p class='ocr_par' dir='ltr' id='par_1_6' title="bbox 555 474 2216 547">
     <span class='ocr_line' id='line_1_6' title="bbox 555 474 2216 547; baseline 0 -14"><span class='ocrx_word' id='word_1_27' title='bbox 555 478 846 533; x_wconf 89' lang='lat' dir='ltr'>uniuntur</span> <span class='ocrx_word' id='word_1_28' title='bbox 893 475 1100 531; x_wconf 88' lang='lat' dir='ltr'>solvet.</span> <span class='ocrx_word' id='word_1_29' title='bbox 1152 476 1207 532; x_wconf 89' lang='lat' dir='ltr'>Si</span> <span class='ocrx_word' id='word_1_30' title='bbox 1264 491 1403 530; x_wconf 85' lang='lat' dir='ltr'>vero</span> <span class='ocrx_word' id='word_1_31' title='bbox 1453 474 1792 546; x_wconf 81' lang='lat' dir='ltr'>compositi,</span> <span class='ocrx_word' id='word_1_32' title='bbox 1825 475 1959 547; x_wconf 91' lang='lat' dir='ltr'>ipsa</span> <span class='ocrx_word' id='word_1_33' title='bbox 2003 477 2109 532; x_wconf 90' lang='lat' dir='ltr'>erit</span> <span class='ocrx_word' id='word_1_34' title='bbox 2153 482 2216 533; x_wconf 90' lang='lat' dir='ltr'>ut</span> 
     </span>
    </p>
   </div>
   <div class='ocr_carea' id='block_1_7' title="bbox 553 565 2214 637">
    <p class='ocr_par' dir='ltr' id='par_1_7' title="bbox 553 565 2214 637">
     <span class='ocr_line' id='line_1_7' title="bbox 553 565 2214 637; baseline 0.001 -14"><span class='ocrx_word' id='word_1_35' title='bbox 553 567 991 623; x_wconf 89' lang='lat' dir='ltr'>contrariorum</span> <span class='ocrx_word' id='word_1_36' title='bbox 1025 581 1216 637; x_wconf 84' lang='lat' dir='ltr'>capax</span> <span class='ocrx_word' id='word_1_37' title='bbox 1250 565 1516 620; x_wconf 80' lang='lat' dir='ltr'>mortalis</span> <span class='ocrx_word' id='word_1_38' title='bbox 1544 569 1600 619; x_wconf 88' lang='lat' dir='ltr'>et</span> <span class='ocrx_word' id='word_1_39' title='bbox 1628 565 2214 628; x_wconf 88' lang='lat' dir='ltr'>immortalis,creata</span> 
     </span>
    </p>
   </div>
   <div class='ocr_carea' id='block_1_8' title="bbox 553 653 2211 725">
    <p class='ocr_par' dir='ltr' id='par_1_8' title="bbox 553 653 2211 725">
     <span class='ocr_line' id='line_1_8' title="bbox 553 653 2211 725; baseline -0.001 -13"><span class='ocrx_word' id='word_1_40' title='bbox 553 661 609 713; x_wconf 90' lang='lat' dir='ltr'>et</span> <span class='ocrx_word' id='word_1_41' title='bbox 636 657 920 722; x_wconf 89' lang='lat' dir='ltr'>increata,</span> <span class='ocrx_word' id='word_1_42' title='bbox 945 654 1115 709; x_wconf 86' lang='lat' dir='ltr'>ﬁnita</span> <span class='ocrx_word' id='word_1_43' title='bbox 1166 660 1221 708; x_wconf 88' lang='lat' dir='ltr'>et</span> <span class='ocrx_word' id='word_1_44' title='bbox 1274 653 1529 710; x_wconf 86' lang='lat' dir='ltr'>inﬁnita.</span> <span class='ocrx_word' id='word_1_45' title='bbox 1561 653 1617 709; x_wconf 90' lang='lat' dir='ltr'>Si</span> <span class='ocrx_word' id='word_1_46' title='bbox 1646 655 1781 725; x_wconf 86' lang='lat' dir='ltr'>quis</span> <span class='ocrx_word' id='word_1_47' title='bbox 1821 654 1934 709; x_wconf 92' lang='lat' dir='ltr'>hoc</span> <span class='ocrx_word' id='word_1_48' title='bbox 1965 671 2211 711; x_wconf 90' lang='lat' dir='ltr'>conces-</span> 
     </span>
    </p>
   </div>
   <div class='ocr_carea' id='block_1_9' title="bbox 556 741 2208 816">
    <p class='ocr_par' dir='ltr' id='par_1_9' title="bbox 556 741 2208 816">
     <span class='ocr_line' id='line_1_9' title="bbox 556 741 2208 816; baseline -0.001 -15"><span class='ocrx_word' id='word_1_49' title='bbox 556 745 713 816; x_wconf 79' lang='lat' dir='ltr'>serit,</span> <span class='ocrx_word' id='word_1_50' title='bbox 744 745 851 800; x_wconf 90' lang='lat' dir='ltr'>erit</span> <span class='ocrx_word' id='word_1_51' title='bbox 881 743 1144 798; x_wconf 89' lang='lat' dir='ltr'>Christus</span> <span class='ocrx_word' id='word_1_52' title='bbox 1175 743 1480 813; x_wconf 80' lang='lat' dir='ltr'>propriam</span> <span class='ocrx_word' id='word_1_53' title='bbox 1511 741 1744 797; x_wconf 85' lang='lat' dir='ltr'>habens</span> <span class='ocrx_word' id='word_1_54' title='bbox 1774 744 2208 815; x_wconf 87' lang='lat' dir='ltr'>Operationem,</span> 
     </span>
    </p>
   </div>
   <div class='ocr_carea' id='block_1_10' title="bbox 559 830 2208 904">
    <p class='ocr_par' dir='ltr' id='par_1_10' title="bbox 559 830 2208 904">
     <span class='ocr_line' id='line_1_10' title="bbox 559 830 2208 904; baseline -0.001 -15"><span class='ocrx_word' id='word_1_55' title='bbox 559 838 942 890; x_wconf 83' lang='lat' dir='ltr'>exsistentem</span> <span class='ocrx_word' id='word_1_56' title='bbox 972 837 1028 887; x_wconf 90' lang='lat' dir='ltr'>et</span> <span class='ocrx_word' id='word_1_57' title='bbox 1056 847 1178 886; x_wconf 91' lang='lat' dir='ltr'>non</span> <span class='ocrx_word' id='word_1_58' title='bbox 1198 830 1945 900; x_wconf 83' lang='lat' dir='ltr'>exsistentem,secundum</span> <span class='ocrx_word' id='word_1_59' title='bbox 1975 849 2208 904; x_wconf 91' lang='lat' dir='ltr'>posses-</span> 
     </span>
    </p>
   </div>
   <div class='ocr_carea' id='block_1_11' title="bbox 556 920 2212 991">
    <p class='ocr_par' dir='ltr' id='par_1_11' title="bbox 556 920 2212 991">
     <span class='ocr_line' id='line_1_11' title="bbox 556 920 2212 991; baseline 0 -13"><span class='ocrx_word' id='word_1_60' title='bbox 556 925 788 980; x_wconf 87' lang='lat' dir='ltr'>sionem</span> <span class='ocrx_word' id='word_1_61' title='bbox 819 927 874 977; x_wconf 91' lang='lat' dir='ltr'>et</span> <span class='ocrx_word' id='word_1_62' title='bbox 914 920 1249 976; x_wconf 90' lang='lat' dir='ltr'>secundum</span> <span class='ocrx_word' id='word_1_63' title='bbox 1279 921 1702 991; x_wconf 86' lang='lat' dir='ltr'>privationem.</span> <span class='ocrx_word' id='word_1_64' title='bbox 1733 921 1898 976; x_wconf 91' lang='lat' dir='ltr'>Idem</span> <span class='ocrx_word' id='word_1_65' title='bbox 1930 927 2131 978; x_wconf 90' lang='lat' dir='ltr'>autem</span> <span class='ocrx_word' id='word_1_66' title='bbox 2153 927 2212 979; x_wconf 92' lang='lat' dir='ltr'>et</span> 
     </span>
    </p>
   </div>
   <div class='ocr_carea' id='block_1_12' title="bbox 552 1009 2211 1082">
    <p class='ocr_par' dir='ltr' id='par_1_12' title="bbox 552 1009 2211 1082">
     <span class='ocr_line' id='line_1_12' title="bbox 552 1009 2211 1082; baseline -0.001 -14"><span class='ocrx_word' id='word_1_67' title='bbox 552 1013 627 1068; x_wconf 88' lang='lat' dir='ltr'>de</span> <span class='ocrx_word' id='word_1_68' title='bbox 657 1012 962 1067; x_wconf 85' lang='lat' dir='ltr'>voluntate</span> <span class='ocrx_word' id='word_1_69' title='bbox 983 1009 1305 1065; x_wconf 86' lang='lat' dir='ltr'>dicendum</span> <span class='ocrx_word' id='word_1_70' title='bbox 1333 1014 1439 1064; x_wconf 88' lang='lat' dir='ltr'>est.</span> <span class='ocrx_word' id='word_1_71' title='bbox 1467 1009 1679 1064; x_wconf 89' lang='lat' dir='ltr'>Dicunt</span> <span class='ocrx_word' id='word_1_72' title='bbox 1699 1010 2211 1082; x_wconf 80' lang='lat' dir='ltr'>Armenii,quem-</span> 
     </span>
    </p>
   </div>
   <div class='ocr_carea' id='block_1_13' title="bbox 554 1097 2210 1168">
    <p class='ocr_par' dir='ltr' id='par_1_13' title="bbox 554 1097 2210 1168">
     <span class='ocr_line' id='line_1_13' title="bbox 554 1097 2210 1168; baseline -0.001 -11"><span class='ocrx_word' id='word_1_73' title='bbox 554 1100 888 1157; x_wconf 84' lang='lat' dir='ltr'>admodum</span> <span class='ocrx_word' id='word_1_74' title='bbox 937 1098 1148 1168; x_wconf 86' lang='lat' dir='ltr'>organi</span> <span class='ocrx_word' id='word_1_75' title='bbox 1200 1102 1255 1152; x_wconf 90' lang='lat' dir='ltr'>et</span> <span class='ocrx_word' id='word_1_76' title='bbox 1301 1097 1449 1153; x_wconf 88' lang='lat' dir='ltr'>illud</span> <span class='ocrx_word' id='word_1_77' title='bbox 1503 1098 1803 1154; x_wconf 86' lang='lat' dir='ltr'>moventis</span> <span class='ocrx_word' id='word_1_78' title='bbox 1853 1098 2067 1155; x_wconf 89' lang='lat' dir='ltr'>eadem</span> <span class='ocrx_word' id='word_1_79' title='bbox 2122 1104 2210 1155; x_wconf 90' lang='lat' dir='ltr'>est</span> 
     </span>
    </p>
   </div>
   <div class='ocr_carea' id='block_1_14' title="bbox 550 1186 2208 1262">
    <p class='ocr_par' dir='ltr' id='par_1_14' title="bbox 550 1186 2208 1262">
     <span class='ocr_line' id='line_1_14' title="bbox 550 1186 2208 1262; baseline -0.001 -16"><span class='ocrx_word' id='word_1_80' title='bbox 550 1189 839 1262; x_wconf 80' lang='lat' dir='ltr'>Operatio,</span> <span class='ocrx_word' id='word_1_81' title='bbox 872 1188 956 1243; x_wconf 93' lang='lat' dir='ltr'>sic</span> <span class='ocrx_word' id='word_1_82' title='bbox 1006 1193 1058 1243; x_wconf 90' lang='lat' dir='ltr'>et</span> <span class='ocrx_word' id='word_1_83' title='bbox 1108 1186 1434 1242; x_wconf 83' lang='lat' dir='ltr'>divinitatis</span> <span class='ocrx_word' id='word_1_84' title='bbox 1486 1193 1543 1242; x_wconf 91' lang='lat' dir='ltr'>et</span> <span class='ocrx_word' id='word_1_85' title='bbox 1583 1187 1974 1244; x_wconf 87' lang='lat' dir='ltr'>humanitatis</span> <span class='ocrx_word' id='word_1_86' title='bbox 2021 1205 2208 1244; x_wconf 89' lang='lat' dir='ltr'>unam</span> 
     </span>
    </p>
   </div>
   <div class='ocr_carea' id='block_1_15' title="bbox 547 1275 2210 1350">
    <p class='ocr_par' dir='ltr' id='par_1_15' title="bbox 547 1275 2210 1350">
     <span class='ocr_line' id='line_1_15' title="bbox 547 1275 2210 1350; baseline -0.001 -16"><span class='ocrx_word' id='word_1_87' title='bbox 547 1296 675 1335; x_wconf 90' lang='lat' dir='ltr'>esse</span> <span class='ocrx_word' id='word_1_88' title='bbox 703 1278 1136 1350; x_wconf 86' lang='lat' dir='ltr'>operationem.</span> <span class='ocrx_word' id='word_1_89' title='bbox 1173 1276 1226 1332; x_wconf 91' lang='lat' dir='ltr'>Si</span> <span class='ocrx_word' id='word_1_90' title='bbox 1257 1276 1432 1344; x_wconf 80' lang='lat' dir='ltr'>igitur</span> <span class='ocrx_word' id='word_1_91' title='bbox 1474 1275 1771 1331; x_wconf 92' lang='lat' dir='ltr'>inducunt</span> <span class='ocrx_word' id='word_1_92' title='bbox 1797 1292 2096 1346; x_wconf 85' lang='lat' dir='ltr'>organum</span> <span class='ocrx_word' id='word_1_93' title='bbox 2118 1293 2210 1349; x_wconf 70' lang='lat' dir='ltr'>vel</span> 
     </span>
    </p>
   </div>
   <div class='ocr_carea' id='block_1_16' title="bbox 547 1365 2209 1437">
    <p class='ocr_par' dir='ltr' id='par_1_16' title="bbox 547 1365 2209 1437">
     <span class='ocr_line' id='line_1_16' title="bbox 547 1365 2209 1437; baseline -0.001 -12"><span class='ocrx_word' id='word_1_94' title='bbox 547 1369 902 1436; x_wconf 83' lang='lat' dir='ltr'>coexistens,</span> <span class='ocrx_word' id='word_1_95' title='bbox 938 1373 1000 1422; x_wconf 87' lang='lat' dir='ltr'>ut</span> <span class='ocrx_word' id='word_1_96' title='bbox 1021 1371 1158 1420; x_wconf 90' lang='lat' dir='ltr'>sunt</span> <span class='ocrx_word' id='word_1_97' title='bbox 1183 1381 1401 1436; x_wconf 80' lang='lat' dir='ltr'>corpus</span> <span class='ocrx_word' id='word_1_98' title='bbox 1432 1370 1488 1420; x_wconf 90' lang='lat' dir='ltr'>et</span> <span class='ocrx_word' id='word_1_99' title='bbox 1508 1365 1733 1432; x_wconf 88' lang='lat' dir='ltr'>anima,</span> <span class='ocrx_word' id='word_1_100' title='bbox 1763 1367 2011 1422; x_wconf 88' lang='lat' dir='ltr'>omnino</span> <span class='ocrx_word' id='word_1_101' title='bbox 2037 1367 2209 1437; x_wconf 79' lang='lat' dir='ltr'>juxta</span> 
     </span>
    </p>
   </div>
   <div class='ocr_carea' id='block_1_17' title="bbox 545 1453 2209 1514">
    <p class='ocr_par' dir='ltr' id='par_1_17' title="bbox 545 1453 2209 1514">
     <span class='ocr_line' id='line_1_17' title="bbox 545 1453 2209 1514; baseline -0.001 0"><span class='ocrx_word' id='word_1_102' title='bbox 545 1459 678 1514; x_wconf 92' lang='lat' dir='ltr'>illos</span> <span class='ocrx_word' id='word_1_103' title='bbox 708 1456 1035 1512; x_wconf 89' lang='lat' dir='ltr'>dicendum</span> <span class='ocrx_word' id='word_1_104' title='bbox 1069 1455 1175 1510; x_wconf 89' lang='lat' dir='ltr'>erit</span> <span class='ocrx_word' id='word_1_105' title='bbox 1207 1459 1544 1509; x_wconf 87' lang='lat' dir='ltr'>creaturam</span> <span class='ocrx_word' id='word_1_106' title='bbox 1577 1471 1706 1509; x_wconf 88' lang='lat' dir='ltr'>esse</span> <span class='ocrx_word' id='word_1_107' title='bbox 1742 1453 2014 1510; x_wconf 86' lang='lat' dir='ltr'>divinam</span> <span class='ocrx_word' id='word_1_108' title='bbox 2037 1461 2209 1512; x_wconf 88' lang='lat' dir='ltr'>natu-</span> 
     </span>
    </p>
   </div>
   <div class='ocr_carea' id='block_1_18' title="bbox 545 1543 2202 1615">
    <p class='ocr_par' dir='ltr' id='par_1_18' title="bbox 545 1543 2202 1615">
     <span class='ocr_line' id='line_1_18' title="bbox 545 1543 2202 1615; baseline -0.003 -11"><span class='ocrx_word' id='word_1_109' title='bbox 545 1564 677 1604; x_wconf 91' lang='lat' dir='ltr'>ram</span> <span class='ocrx_word' id='word_1_110' title='bbox 703 1545 793 1601; x_wconf 88' lang='lat' dir='ltr'>vel</span> <span class='ocrx_word' id='word_1_111' title='bbox 819 1559 1041 1615; x_wconf 90' lang='lat' dir='ltr'>corpus</span> <span class='ocrx_word' id='word_1_112' title='bbox 1072 1544 1430 1599; x_wconf 88' lang='lat' dir='ltr'>increatum.</span> <span class='ocrx_word' id='word_1_113' title='bbox 1452 1544 1509 1597; x_wconf 91' lang='lat' dir='ltr'>Si</span> <span class='ocrx_word' id='word_1_114' title='bbox 1542 1558 1682 1598; x_wconf 92' lang='lat' dir='ltr'>vero</span> <span class='ocrx_word' id='word_1_115' title='bbox 1713 1543 1857 1599; x_wconf 90' lang='lat' dir='ltr'>artis</span> <span class='ocrx_word' id='word_1_116' title='bbox 1885 1544 2202 1615; x_wconf 87' lang='lat' dir='ltr'>cujusdam</span> 
     </span>
    </p>
   </div>
   <div class='ocr_carea' id='block_1_19' title="bbox 547 1630 2207 1704">
    <p class='ocr_par' dir='ltr' id='par_1_19' title="bbox 547 1630 2207 1704">
     <span class='ocr_line' id='line_1_19' title="bbox 547 1630 2207 1704; baseline -0.002 -13"><span class='ocrx_word' id='word_1_117' title='bbox 547 1651 845 1704; x_wconf 90' lang='lat' dir='ltr'>organum</span> <span class='ocrx_word' id='word_1_118' title='bbox 875 1632 1101 1698; x_wconf 88' lang='lat' dir='ltr'>dicunt,</span> <span class='ocrx_word' id='word_1_119' title='bbox 1133 1630 1277 1686; x_wconf 89' lang='lat' dir='ltr'>illud</span> <span class='ocrx_word' id='word_1_120' title='bbox 1311 1631 1516 1686; x_wconf 89' lang='lat' dir='ltr'>anima</span> <span class='ocrx_word' id='word_1_121' title='bbox 1557 1630 1803 1700; x_wconf 86' lang='lat' dir='ltr'>carebit,</span> <span class='ocrx_word' id='word_1_122' title='bbox 1829 1647 1938 1687; x_wconf 91' lang='lat' dir='ltr'>nec</span> <span class='ocrx_word' id='word_1_123' title='bbox 1967 1648 2207 1704; x_wconf 89' lang='lat' dir='ltr'>semper</span> 
     </span>
    </p>
   </div>
   <div class='ocr_carea' id='block_1_20' title="bbox 2327 477 3934 552">
    <p class='ocr_par' dir='ltr' id='par_1_20' title="bbox 2327 477 3934 552">
     <span class='ocr_line' id='line_1_20' title="bbox 2327 477 3934 552; baseline 0.004 -23"><span class='ocrx_word' id='word_1_124' title='bbox 2327 481 2452 550; x_wconf 83' lang='grc' dir='ltr'><em>πρὸς</em></span> <span class='ocrx_word' id='word_1_125' title='bbox 2542 477 2805 552; x_wconf 72' lang='grc' dir='ltr'><em>ἀμφότερα</em></span> <span class='ocrx_word' id='word_1_126' title='bbox 2879 484 3155 551; x_wconf 77' lang='grc' dir='ltr'>τεμνομένη</span> <span class='ocrx_word' id='word_1_127' title='bbox 3249 485 3338 532; x_wconf 82' lang='grc' dir='ltr'><em>καὶ</em></span> <span class='ocrx_word' id='word_1_128' title='bbox 3413 480 3698 540; x_wconf 71' lang='grc' dir='ltr'><em>λυθήσεται</em></span> <span class='ocrx_word' id='word_1_129' title='bbox 3753 526 3765 550; x_wconf 85' lang='grc'>,</span> <span class='ocrx_word' id='word_1_130' title='bbox 3841 489 3934 536; x_wconf 86' lang='grc' dir='ltr'><em>καὶ</em></span> 
     </span>
    </p>
   </div>
   <div class='ocr_carea' id='block_1_21' title="bbox 2329 564 3930 641">
    <p class='ocr_par' dir='ltr' id='par_1_21' title="bbox 2329 564 3930 641">
     <span class='ocr_line' id='line_1_21' title="bbox 2329 564 3930 641; baseline 0.004 -24"><span class='ocrx_word' id='word_1_131' title='bbox 2329 564 2668 620; x_wconf 71' lang='grc' dir='ltr'><em>συνδιαλύσει</em></span> <span class='ocrx_word' id='word_1_132' title='bbox 2707 570 2775 619; x_wconf 82' lang='grc' dir='ltr'><em>τὰ</em></span> <span class='ocrx_word' id='word_1_133' title='bbox 2798 569 2913 619; x_wconf 85' lang='grc' dir='ltr'><em>κατ’</em></span> <span class='ocrx_word' id='word_1_134' title='bbox 2963 569 3124 626; x_wconf 70' lang='grc' dir='ltr'><em>αὐτὴν</em></span> <span class='ocrx_word' id='word_1_135' title='bbox 3163 571 3396 641; x_wconf 74' lang='grc' dir='ltr'><em>ἡνωμένα</em></span> <span class='ocrx_word' id='word_1_136' title='bbox 3427 588 3437 598; x_wconf 94' lang='grc'><strong>·</strong></span> <span class='ocrx_word' id='word_1_137' title='bbox 3466 570 3507 622; x_wconf 85' lang='grc' dir='ltr'><em>εἰ</em></span> <span class='ocrx_word' id='word_1_138' title='bbox 3541 567 3600 622; x_wconf 74' lang='grc' dir='ltr'>δὲ</span> <span class='ocrx_word' id='word_1_139' title='bbox 3666 579 3756 624; x_wconf 87' lang='grc' dir='ltr'>τοῦ</span> <span class='ocrx_word' id='word_1_140' title='bbox 3788 573 3930 635; x_wconf 81' lang='grc' dir='ltr'><em>ὅλου,</em></span> 
     </span>
    </p>
   </div>
   <div class='ocr_carea' id='block_1_22' title="bbox 2325 654 3932 719">
    <p class='ocr_par' dir='ltr' id='par_1_22' title="bbox 2325 654 3932 719">
     <span class='ocr_line' id='line_1_22' title="bbox 2325 654 3932 719; baseline 0.004 -12"><span class='ocrx_word' id='word_1_141' title='bbox 2325 654 2473 707; x_wconf 74' lang='grc' dir='ltr'><em>ἔσται</em></span> <span class='ocrx_word' id='word_1_142' title='bbox 2529 658 2558 714; x_wconf 82' lang='grc' dir='ltr'>ἡ</span> <span class='ocrx_word' id='word_1_143' title='bbox 2617 657 2746 716; x_wconf 75' lang='grc' dir='ltr'><em>αὐτή</em></span> <span class='ocrx_word' id='word_1_144' title='bbox 2817 659 2882 718; x_wconf 81' lang='grc' dir='ltr'>ὡς</span> <span class='ocrx_word' id='word_1_145' title='bbox 2947 654 3159 716; x_wconf 77' lang='grc' dir='ltr'><em>δεκτική</em></span> <span class='ocrx_word' id='word_1_146' title='bbox 3211 668 3310 710; x_wconf 83' lang='grc' dir='ltr'><em>τῶν</em></span> <span class='ocrx_word' id='word_1_147' title='bbox 3364 657 3599 712; x_wconf 76' lang='grc' dir='ltr'>ἐναντίων</span> <span class='ocrx_word' id='word_1_148' title='bbox 3651 662 3808 719; x_wconf 84' lang='grc' dir='ltr'><em>θνητή</em></span> <span class='ocrx_word' id='word_1_149' title='bbox 3839 667 3932 714; x_wconf 82' lang='grc' dir='ltr'><em>καὶ</em></span> 
     </span>
    </p>
   </div>
   <div class='ocr_carea' id='block_1_23' title="bbox 2325 743 3931 823">
    <p class='ocr_par' dir='ltr' id='par_1_23' title="bbox 2325 743 3931 823">
     <span class='ocr_line' id='line_1_23' title="bbox 2325 743 3931 823; baseline 0.004 -27"><span class='ocrx_word' id='word_1_150' title='bbox 2325 743 2609 813; x_wconf 82' lang='grc' dir='ltr'><em>ἀθάνατος,</em></span> <span class='ocrx_word' id='word_1_151' title='bbox 2675 750 2864 804; x_wconf 81' lang='grc' dir='ltr'><em>κτιστή</em></span> <span class='ocrx_word' id='word_1_152' title='bbox 2928 752 3017 798; x_wconf 85' lang='grc' dir='ltr'><em>καὶ</em></span> <span class='ocrx_word' id='word_1_153' title='bbox 3075 747 3360 816; x_wconf 80' lang='grc' dir='ltr'><em>ἄκτιστος,</em></span> <span class='ocrx_word' id='word_1_154' title='bbox 3437 754 3762 823; x_wconf 85' lang='grc' dir='ltr'><em>περιγραπτή</em></span> <span class='ocrx_word' id='word_1_155' title='bbox 3837 755 3931 803; x_wconf 82' lang='grc' dir='ltr'><em>καὶ</em></span> 
     </span>
    </p>
   </div>
   <div class='ocr_carea' id='block_1_24' title="bbox 2321 832 3929 908">
    <p class='ocr_par' dir='ltr' id='par_1_24' title="bbox 2321 832 3929 908">
     <span class='ocr_line' id='line_1_24' title="bbox 2321 832 3929 908; baseline 0.004 -23"><span class='ocrx_word' id='word_1_156' title='bbox 2321 832 2710 908; x_wconf 80' lang='grc' dir='ltr'><em>ἀπερίγραπτος</em></span> <span class='ocrx_word' id='word_1_157' title='bbox 2757 850 2772 866; x_wconf 79' lang='grc'><strong><em>⁸</em></strong></span> <span class='ocrx_word' id='word_1_158' title='bbox 2843 841 2930 888; x_wconf 83' lang='grc' dir='ltr'><em>καὶ</em></span> <span class='ocrx_word' id='word_1_159' title='bbox 2989 836 3030 889; x_wconf 86' lang='grc' dir='ltr'><strong>εἰ</strong></span> <span class='ocrx_word' id='word_1_160' title='bbox 3094 845 3244 890; x_wconf 83' lang='grc' dir='ltr'><em>τοῦτο</em></span> <span class='ocrx_word' id='word_1_161' title='bbox 3313 835 3475 890; x_wconf 73' lang='grc' dir='ltr'><em>δώσει</em></span> <span class='ocrx_word' id='word_1_162' title='bbox 3504 858 3625 906; x_wconf 78' lang='grc' dir='ltr'>⁸1ἰς,</span> <span class='ocrx_word' id='word_1_163' title='bbox 3687 841 3834 892; x_wconf 83' lang='grc' dir='ltr'><em>ἔσται</em></span> <span class='ocrx_word' id='word_1_164' title='bbox 3903 843 3929 892; x_wconf 98' lang='lat'>6</span> 
     </span>
    </p>
   </div>
   <div class='ocr_carea' id='block_1_25' title="bbox 2321 924 3925 1000">
    <p class='ocr_par' dir='ltr' id='par_1_25' title="bbox 2321 924 3925 1000">
     <span class='ocr_line' id='line_1_25' title="bbox 2321 924 3925 1000; baseline 0.002 -24"><span class='ocrx_word' id='word_1_165' title='bbox 2321 928 2549 996; x_wconf 85' lang='grc' dir='ltr'><em>Χριστὸς</em></span> <span class='ocrx_word' id='word_1_166' title='bbox 2586 929 2677 982; x_wconf 82' lang='grc' dir='ltr'>τήν</span> <span class='ocrx_word' id='word_1_167' title='bbox 2736 924 2926 978; x_wconf 84' lang='grc' dir='ltr'><strong>οἰκείαν</strong></span> <span class='ocrx_word' id='word_1_168' title='bbox 2980 928 3114 998; x_wconf 83' lang='grc' dir='ltr'><em>ἔχων</em></span> <span class='ocrx_word' id='word_1_169' title='bbox 3172 924 3424 999; x_wconf 73' lang='grc' dir='ltr'>ἐνέργειαν</span> <span class='ocrx_word' id='word_1_170' title='bbox 3458 971 3473 995; x_wconf 94' lang='grc'>,</span> <span class='ocrx_word' id='word_1_171' title='bbox 3502 927 3662 980; x_wconf 78' lang='grc' dir='ltr'><em>οὖσαν</em></span> <span class='ocrx_word' id='word_1_172' title='bbox 3701 933 3791 980; x_wconf 87' lang='grc' dir='ltr'>καί</span> <span class='ocrx_word' id='word_1_173' title='bbox 3848 935 3925 1000; x_wconf 79' lang='grc' dir='ltr'>μὴ</span> 
     </span>
    </p>
   </div>
   <div class='ocr_carea' id='block_1_26' title="bbox 2321 1008 3928 1090">
    <p class='ocr_par' dir='ltr' id='par_1_26' title="bbox 2321 1008 3928 1090">
     <span class='ocr_line' id='line_1_26' title="bbox 2321 1008 3928 1090; baseline 0.004 -27"><span class='ocrx_word' id='word_1_174' title='bbox 2321 1008 2479 1064; x_wconf 79' lang='grc' dir='ltr'><em>οὖσαν</em></span> <span class='ocrx_word' id='word_1_175' title='bbox 2500 1055 2518 1078; x_wconf 87' lang='grc'>,</span> <span class='ocrx_word' id='word_1_176' title='bbox 2561 1015 2696 1065; x_wconf 82' lang='grc' dir='ltr'><em>κατὰ</em></span> <span class='ocrx_word' id='word_1_177' title='bbox 2733 1013 2836 1076; x_wconf 77' lang='grc' dir='ltr'><em>ἕξιν</em></span> <span class='ocrx_word' id='word_1_178' title='bbox 2883 1019 2972 1066; x_wconf 81' lang='grc' dir='ltr'><em>καὶ</em></span> <span class='ocrx_word' id='word_1_179' title='bbox 3016 1019 3258 1089; x_wconf 78' lang='grc' dir='ltr'>στέρησιν</span> <span class='ocrx_word' id='word_1_180' title='bbox 3291 1058 3303 1069; x_wconf 95' lang='grc'><strong>.</strong></span> <span class='ocrx_word' id='word_1_181' title='bbox 3344 1018 3413 1067; x_wconf 87' lang='lat' dir='ltr'><strong><em>T6</em></strong></span> <span class='ocrx_word' id='word_1_182' title='bbox 3441 1015 3566 1067; x_wconf 68' lang='grc' dir='ltr'><em>αὐτὸ</em></span> <span class='ocrx_word' id='word_1_183' title='bbox 3599 1013 3658 1068; x_wconf 76' lang='grc' dir='ltr'>δὲ</span> <span class='ocrx_word' id='word_1_184' title='bbox 3687 1021 3776 1068; x_wconf 81' lang='grc' dir='ltr'><em>καὶ</em></span> <span class='ocrx_word' id='word_1_185' title='bbox 3805 1023 3928 1090; x_wconf 81' lang='grc' dir='ltr'><em>περὶ</em></span> 
     </span>
    </p>
   </div>
   <div class='ocr_carea' id='block_1_27' title="bbox 2321 1101 3923 1178">
    <p class='ocr_par' dir='ltr' id='par_1_27' title="bbox 2321 1101 3923 1178">
     <span class='ocr_line' id='line_1_27' title="bbox 2321 1101 3923 1178; baseline 0.003 -25"><span class='ocrx_word' id='word_1_186' title='bbox 2321 1101 2605 1173; x_wconf 76' lang='grc' dir='ltr'>θελήματος</span> <span class='ocrx_word' id='word_1_187' title='bbox 2661 1106 2800 1154; x_wconf 85' lang='grc' dir='ltr'><em>ἔστιν</em></span> <span class='ocrx_word' id='word_1_188' title='bbox 2859 1103 3012 1155; x_wconf 86' lang='grc' dir='ltr'><em>εἰπεῖν</em></span> <span class='ocrx_word' id='word_1_189' title='bbox 3044 1146 3056 1157; x_wconf 95' lang='grc'><strong><em>.</em></strong></span> <span class='ocrx_word' id='word_1_190' title='bbox 3100 1108 3356 1175; x_wconf 78' lang='grc' dir='ltr'>Λέγουσιν</span> <span class='ocrx_word' id='word_1_191' title='bbox 3396 1107 3446 1156; x_wconf 79' lang='lat' dir='ltr'>oi.</span> <span class='ocrx_word' id='word_1_192' title='bbox 3494 1104 3752 1178; x_wconf 78' lang='grc' dir='ltr'><em>Ἀρμένιοι</em></span> <span class='ocrx_word' id='word_1_193' title='bbox 3818 1108 3923 1173; x_wconf 83' lang='grc' dir='ltr'><em>ὅτι,</em></span> 
     </span>
    </p>
   </div>
   <div class='ocr_carea' id='block_1_28' title="bbox 2319 1191 3922 1270">
    <p class='ocr_par' dir='ltr' id='par_1_28' title="bbox 2319 1191 3922 1270">
     <span class='ocr_line' id='line_1_28' title="bbox 2319 1191 3922 1270; baseline 0.004 -30"><span class='ocrx_word' id='word_1_194' title='bbox 2319 1191 2489 1266; x_wconf 78' lang='grc' dir='ltr'><em>ὥσπερ</em></span> <span class='ocrx_word' id='word_1_195' title='bbox 2529 1191 2746 1266; x_wconf 84' lang='grc' dir='ltr'><em>ὀργάνου</em></span> <span class='ocrx_word' id='word_1_196' title='bbox 2787 1211 2875 1244; x_wconf 87' lang='grc' dir='ltr'>και</span> <span class='ocrx_word' id='word_1_197' title='bbox 2926 1199 3018 1245; x_wconf 65' lang='grc' dir='ltr'>τοῦ</span> <span class='ocrx_word' id='word_1_198' title='bbox 3077 1201 3334 1255; x_wconf 82' lang='grc' dir='ltr'><em>κινοῦντος</em></span> <span class='ocrx_word' id='word_1_199' title='bbox 3367 1193 3492 1245; x_wconf 76' lang='grc' dir='ltr'>αὐτὸ</span> <span class='ocrx_word' id='word_1_200' title='bbox 3545 1199 3643 1266; x_wconf 89' lang='grc' dir='ltr'>μία</span> <span class='ocrx_word' id='word_1_201' title='bbox 3671 1193 3922 1270; x_wconf 81' lang='grc' dir='ltr'><em>ἐνέργεια,</em></span> 
     </span>
    </p>
   </div>
   <div class='ocr_carea' id='block_1_29' title="bbox 2318 1277 3923 1354">
    <p class='ocr_par' dir='ltr' id='par_1_29' title="bbox 2318 1277 3923 1354">
     <span class='ocr_line' id='line_1_29' title="bbox 2318 1277 3923 1354; baseline 0.004 -26"><span class='ocrx_word' id='word_1_202' title='bbox 2318 1277 2452 1330; x_wconf 70' lang='grc' dir='ltr'><em>οὓτω</em></span> <span class='ocrx_word' id='word_1_203' title='bbox 2513 1284 2601 1330; x_wconf 90' lang='lat' dir='ltr'>xui</span> <span class='ocrx_word' id='word_1_204' title='bbox 2659 1282 2902 1343; x_wconf 82' lang='grc' dir='ltr'><em>Θεὸτητος</em></span> <span class='ocrx_word' id='word_1_205' title='bbox 2948 1285 3036 1332; x_wconf 86' lang='grc' dir='ltr'><em>καὶ</em></span> <span class='ocrx_word' id='word_1_206' title='bbox 3077 1279 3472 1354; x_wconf 81' lang='grc' dir='ltr'><em>ἀνθρωπότητος</em></span> <span class='ocrx_word' id='word_1_207' title='bbox 3517 1287 3615 1354; x_wconf 86' lang='grc' dir='ltr'>μία</span> <span class='ocrx_word' id='word_1_208' title='bbox 3667 1281 3923 1354; x_wconf 84' lang='grc' dir='ltr'><em>ἐνέργεια.</em></span> 
     </span>
    </p>
   </div>
   <div class='ocr_carea' id='block_1_30' title="bbox 2317 1367 3921 1447">
    <p class='ocr_par' dir='ltr' id='par_1_30' title="bbox 2317 1367 3921 1447">
     <span class='ocr_line' id='line_1_30' title="bbox 2317 1367 3921 1447; baseline 0.003 -27"><span class='ocrx_word' id='word_1_209' title='bbox 2317 1367 2378 1420; x_wconf 86' lang='grc' dir='ltr'>Εἰ</span> <span class='ocrx_word' id='word_1_210' title='bbox 2407 1372 2576 1420; x_wconf 84' lang='grc' dir='ltr'><em>τοίνυν</em></span> <span class='ocrx_word' id='word_1_211' title='bbox 2617 1369 2891 1442; x_wconf 86' lang='grc' dir='ltr'><em>εἰσάγουσι</em></span> <span class='ocrx_word' id='word_1_212' title='bbox 2921 1375 2977 1423; x_wconf 86' lang='grc' dir='ltr'><em>τὸ</em></span> <span class='ocrx_word' id='word_1_213' title='bbox 3019 1371 3234 1445; x_wconf 86' lang='grc' dir='ltr'><em>ὃργανον</em></span> <span class='ocrx_word' id='word_1_214' title='bbox 3283 1377 3372 1424; x_wconf 86' lang='grc' dir='ltr'><em>καὶ</em></span> <span class='ocrx_word' id='word_1_215' title='bbox 3422 1375 3715 1447; x_wconf 79' lang='grc' dir='ltr'><em>σύγχρονον</em></span> <span class='ocrx_word' id='word_1_216' title='bbox 3743 1375 3921 1446; x_wconf 83' lang='grc' dir='ltr'><em>ὥσπερ</em></span> 
     </span>
    </p>
   </div>
   <div class='ocr_carea' id='block_1_31' title="bbox 2319 1459 3926 1534">
    <p class='ocr_par' dir='ltr' id='par_1_31' title="bbox 2319 1459 3926 1534">
     <span class='ocr_line' id='line_1_31' title="bbox 2319 1459 3926 1534; baseline 0.004 -26"><span class='ocrx_word' id='word_1_217' title='bbox 2319 1464 2471 1529; x_wconf 84' lang='grc' dir='ltr'><em>σῶμα</em></span> <span class='ocrx_word' id='word_1_218' title='bbox 2499 1463 2587 1510; x_wconf 82' lang='grc' dir='ltr'><em>καὶ</em></span> <span class='ocrx_word' id='word_1_219' title='bbox 2613 1459 2765 1531; x_wconf 70' lang='grc' dir='ltr'><em>ψυχή</em></span> <span class='ocrx_word' id='word_1_220' title='bbox 2795 1504 2810 1529; x_wconf 95' lang='grc'>,</span> <span class='ocrx_word' id='word_1_221' title='bbox 2842 1463 3046 1521; x_wconf 86' lang='grc' dir='ltr'><em>πάντως</em></span> <span class='ocrx_word' id='word_1_222' title='bbox 3092 1464 3240 1512; x_wconf 82' lang='grc' dir='ltr'><em>ἔσται</em></span> <span class='ocrx_word' id='word_1_223' title='bbox 3279 1463 3397 1512; x_wconf 85' lang='grc' dir='ltr'><em>κατ’</em></span> <span class='ocrx_word' id='word_1_224' title='bbox 3437 1461 3623 1522; x_wconf 69' lang='grc' dir='ltr'><em>αὐτοὺς</em></span> <span class='ocrx_word' id='word_1_225' title='bbox 3651 1465 3681 1520; x_wconf 82' lang='grc' dir='ltr'><em>ἧ</em></span> <span class='ocrx_word' id='word_1_226' title='bbox 3715 1467 3926 1534; x_wconf 92' lang='grc' dir='ltr'><em>κτίσμα</em></span> 
     </span>
    </p>
   </div>
   <div class='ocr_carea' id='block_1_32' title="bbox 3718 1549 3926 1604">
    <p class='ocr_par' dir='ltr' id='par_1_32' title="bbox 3718 1549 3926 1604">
     <span class='ocr_line' id='line_1_32' title="bbox 3718 1549 3926 1604; baseline 0.014 -3"><span class='ocrx_word' id='word_1_227' title='bbox 3718 1551 3812 1603; x_wconf 79' lang='grc' dir='ltr'><strong>ἐἰ</strong></span> <span class='ocrx_word' id='word_1_228' title='bbox 3861 1549 3926 1604; x_wconf 72' lang='grc' dir='ltr'>δὲ</span> 
     </span>
    </p>
   </div>
   <div class='ocr_carea' id='block_1_33' title="bbox 2313 1639 3925 1712">
    <p class='ocr_par' dir='ltr' id='par_1_33' title="bbox 2313 1639 3925 1712">
     <span class='ocr_line' id='line_1_33' title="bbox 2313 1639 3925 1712; baseline 0.004 -27"><span class='ocrx_word' id='word_1_229' title='bbox 2313 1639 2554 1706; x_wconf 83' lang='grc' dir='ltr'><em>τεχνικὸν</em></span> <span class='ocrx_word' id='word_1_230' title='bbox 2584 1641 2642 1689; x_wconf 88' lang='grc' dir='ltr'><em>τὸ</em></span> <span class='ocrx_word' id='word_1_231' title='bbox 2674 1642 2887 1712; x_wconf 79' lang='grc' dir='ltr'><em>ὀργανον</em></span> <span class='ocrx_word' id='word_1_232' title='bbox 2933 1639 3171 1710; x_wconf 85' lang='grc' dir='ltr'><em>λέγουσιν</em></span> <span class='ocrx_word' id='word_1_233' title='bbox 3208 1681 3220 1705; x_wconf 90' lang='grc'>,</span> <span class='ocrx_word' id='word_1_234' title='bbox 3270 1640 3483 1711; x_wconf 67' lang='grc' dir='ltr'><em>ἄψυχον</em></span> <span class='ocrx_word' id='word_1_235' title='bbox 3521 1648 3672 1692; x_wconf 85' lang='grc' dir='ltr'><em>τοῦτο</em></span> <span class='ocrx_word' id='word_1_236' title='bbox 3703 1644 3793 1692; x_wconf 86' lang='lat' dir='ltr'>xui</span> <span class='ocrx_word' id='word_1_237' title='bbox 3824 1641 3925 1693; x_wconf 70' lang='grc' dir='ltr'><em>οὐκ</em></span> 
     </span>
    </p>
   </div>
   <div class='ocr_carea' id='block_1_34' title="bbox 2313 1549 3675 1622">
    <p class='ocr_par' dir='ltr' id='par_1_34' title="bbox 2313 1549 3675 1622">
     <span class='ocr_line' id='line_1_34' title="bbox 2313 1549 3675 1622; baseline 0.002 -24"><span class='ocrx_word' id='word_1_238' title='bbox 2313 1550 2405 1604; x_wconf 87' lang='grc' dir='ltr'>τήν</span> <span class='ocrx_word' id='word_1_239' title='bbox 2457 1549 2593 1599; x_wconf 80' lang='grc' dir='ltr'><em>θείαν</em></span> <span class='ocrx_word' id='word_1_240' title='bbox 2632 1551 2785 1620; x_wconf 74' lang='grc' dir='ltr'><em>φύσιν</em></span> <span class='ocrx_word' id='word_1_241' title='bbox 2831 1549 2990 1620; x_wconf 82' lang='grc' dir='ltr'><em>λέγειν</em></span> <span class='ocrx_word' id='word_1_242' title='bbox 3038 1553 3067 1607; x_wconf 81' lang='grc' dir='ltr'>ἧ</span> <span class='ocrx_word' id='word_1_243' title='bbox 3115 1554 3172 1602; x_wconf 87' lang='grc' dir='ltr'><em>τὸ</em></span> <span class='ocrx_word' id='word_1_244' title='bbox 3226 1559 3378 1622; x_wconf 81' lang='grc' dir='ltr'><em>σῶμα</em></span> <span class='ocrx_word' id='word_1_245' title='bbox 3428 1552 3675 1603; x_wconf 82' lang='grc' dir='ltr'><em>οἴκτιστον</em></span> 
     </span>
    </p>
   </div>
   <div class='ocr_carea' id='block_1_35' title="bbox 545 1719 2182 1802">
    <p class='ocr_par' dir='ltr' id='par_1_35' title="bbox 545 1719 2180 1792">
     <span class='ocr_line' id='line_1_35' title="bbox 545 1719 2180 1792; baseline -0.001 -12"><span class='ocrx_word' id='word_1_246' title='bbox 545 1722 903 1791; x_wconf 88' lang='lat' dir='ltr'>movebitur,</span> <span class='ocrx_word' id='word_1_247' title='bbox 938 1720 1045 1775; x_wconf 90' lang='lat' dir='ltr'>sed</span> <span class='ocrx_word' id='word_1_248' title='bbox 1093 1719 1341 1792; x_wconf 86' lang='lat' dir='ltr'>quando</span> <span class='ocrx_word' id='word_1_249' title='bbox 1372 1719 1644 1792; x_wconf 87' lang='lat' dir='ltr'>operanti</span> <span class='ocrx_word' id='word_1_250' title='bbox 1671 1719 1987 1776; x_wconf 89' lang='lat' dir='ltr'>videbitur.</span> <span class='ocrx_word' id='word_1_251' title='bbox 2031 1723 2180 1778; x_wconf 74' lang='lat' dir='ltr'>Caete</span> 
     </span>
    </p>
   </div>
   <div class='ocr_carea' id='block_1_36' title="bbox 2295 1719 3926 1802">
    <p class='ocr_par' dir='ltr' id='par_1_36' title="bbox 2314 1724 3926 1802">
     <span class='ocr_line' id='line_1_36' title="bbox 2314 1724 3926 1802; baseline 0.003 -25"><span class='ocrx_word' id='word_1_252' title='bbox 2314 1724 2388 1777; x_wconf 77' lang='grc' dir='ltr'>ἀεὶ</span> <span class='ocrx_word' id='word_1_253' title='bbox 2447 1729 2740 1799; x_wconf 79' lang='grc' dir='ltr'><em>κινούμενον</em></span> <span class='ocrx_word' id='word_1_254' title='bbox 2769 1770 2784 1795; x_wconf 85' lang='grc'>,</span> <span class='ocrx_word' id='word_1_255' title='bbox 2833 1727 2942 1779; x_wconf 87' lang='grc' dir='ltr'><em>ἀλλ’</em></span> <span class='ocrx_word' id='word_1_256' title='bbox 2983 1728 3064 1780; x_wconf 78' lang='grc' dir='ltr'><em>ὅτε</em></span> <span class='ocrx_word' id='word_1_257' title='bbox 3115 1737 3185 1798; x_wconf 83' lang='grc' dir='ltr'><em>τῷ</em></span> <span class='ocrx_word' id='word_1_258' title='bbox 3226 1728 3550 1802; x_wconf 75' lang='grc' dir='ltr'><em>ἐργαζομένῳ</em></span> <span class='ocrx_word' id='word_1_259' title='bbox 3604 1727 3745 1791; x_wconf 64' lang='grc' dir='ltr'><em>δόξει</em></span> <span class='ocrx_word' id='word_1_260' title='bbox 3784 1744 3798 1759; x_wconf 81' lang='grc'><strong><em>⁸</em></strong></span> <span class='ocrx_word' id='word_1_261' title='bbox 3829 1735 3926 1782; x_wconf 87' lang='grc' dir='ltr'><em>καὶ</em></span> 
     </span>
    </p>
   </div>
   <div class='ocr_carea' id='block_1_37' title="bbox 545 1808 2203 1883">
    <p class='ocr_par' dir='ltr' id='par_1_37' title="bbox 545 1808 2203 1883">
     <span class='ocr_line' id='line_1_37' title="bbox 545 1808 2203 1883; baseline -0.002 -14"><span class='ocrx_word' id='word_1_262' title='bbox 545 1829 683 1869; x_wconf 93' lang='lat' dir='ltr'>rum</span> <span class='ocrx_word' id='word_1_263' title='bbox 741 1809 1107 1883; x_wconf 88' lang='lat' dir='ltr'>Apollinario</span> <span class='ocrx_word' id='word_1_264' title='bbox 1169 1814 1225 1864; x_wconf 92' lang='lat' dir='ltr'>et</span> <span class='ocrx_word' id='word_1_265' title='bbox 1273 1808 1411 1864; x_wconf 80' lang='lat' dir='ltr'>Ario</span> <span class='ocrx_word' id='word_1_266' title='bbox 1477 1808 1877 1880; x_wconf 87' lang='lat' dir='ltr'>consentiunt,</span> <span class='ocrx_word' id='word_1_267' title='bbox 1938 1826 2203 1882; x_wconf 91' lang='lat' dir='ltr'>quorum</span> 
     </span>
    </p>
   </div>
   <div class='ocr_carea' id='block_1_38' title="bbox 543 1897 2202 1975">
    <p class='ocr_par' dir='ltr' id='par_1_38' title="bbox 543 1897 2202 1975">
     <span class='ocr_line' id='line_1_38' title="bbox 543 1897 2202 1975; baseline -0.002 -17"><span class='ocrx_word' id='word_1_268' title='bbox 543 1902 709 1975; x_wconf 89' lang='lat' dir='ltr'>prior</span> <span class='ocrx_word' id='word_1_269' title='bbox 753 1900 985 1972; x_wconf 90' lang='lat' dir='ltr'>absque</span> <span class='ocrx_word' id='word_1_270' title='bbox 1027 1898 1248 1969; x_wconf 88' lang='lat' dir='ltr'>anima,</span> <span class='ocrx_word' id='word_1_271' title='bbox 1279 1897 1682 1970; x_wconf 87' lang='lat' dir='ltr'>Apollinarius</span> <span class='ocrx_word' id='word_1_272' title='bbox 1731 1903 1932 1954; x_wconf 88' lang='lat' dir='ltr'>autem</span> <span class='ocrx_word' id='word_1_273' title='bbox 1971 1899 2202 1972; x_wconf 86' lang='lat' dir='ltr'>absque</span> 
     </span>
    </p>
   </div>
   <div class='ocr_carea' id='block_1_39' title="bbox 542 1987 1702 2048">
    <p class='ocr_par' dir='ltr' id='par_1_39' title="bbox 542 1987 1702 2048">
     <span class='ocr_line' id='line_1_39' title="bbox 542 1987 1702 2048; baseline -0.005 0"><span class='ocrx_word' id='word_1_274' title='bbox 542 1997 743 2048; x_wconf 90' lang='lat' dir='ltr'>mente</span> <span class='ocrx_word' id='word_1_275' title='bbox 766 2006 895 2046; x_wconf 90' lang='lat' dir='ltr'>esse</span> <span class='ocrx_word' id='word_1_276' title='bbox 922 2003 1165 2045; x_wconf 87' lang='lat' dir='ltr'>carnem</span> <span class='ocrx_word' id='word_1_277' title='bbox 1202 1987 1414 2043; x_wconf 89' lang='lat' dir='ltr'>Christi</span> <span class='ocrx_word' id='word_1_278' title='bbox 1443 1987 1702 2043; x_wconf 88' lang='lat' dir='ltr'>dicebat.</span> 
     </span>
    </p>
   </div>
   <div class='ocr_carea' id='block_1_40' title="bbox 613 2104 2201 2176">
    <p class='ocr_par' dir='ltr' id='par_1_40' title="bbox 613 2104 2201 2176">
     <span class='ocr_line' id='line_1_40' title="bbox 613 2104 2201 2176; baseline -0.001 -13"><span class='ocrx_word' id='word_1_279' title='bbox 613 2110 700 2165; x_wconf 76' lang='lat' dir='ltr'>ll.</span> <span class='ocrx_word' id='word_1_280' title='bbox 738 2108 795 2165; x_wconf 88' lang='lat' dir='ltr'>Si</span> <span class='ocrx_word' id='word_1_281' title='bbox 825 2107 1027 2162; x_wconf 90' lang='lat' dir='ltr'>dicant</span> <span class='ocrx_word' id='word_1_282' title='bbox 1053 2104 1316 2160; x_wconf 82' lang='lat' dir='ltr'>Armenii</span> <span class='ocrx_word' id='word_1_283' title='bbox 1365 2104 1662 2160; x_wconf 88' lang='lat' dir='ltr'>Christum</span> <span class='ocrx_word' id='word_1_284' title='bbox 1684 2107 1900 2176; x_wconf 85' lang='lat' dir='ltr'>etpost</span> <span class='ocrx_word' id='word_1_285' title='bbox 1927 2105 2201 2161; x_wconf 87' lang='lat' dir='ltr'>incarna-</span> 
     </span>
    </p>
   </div>
   <div class='ocr_carea' id='block_1_41' title="bbox 539 2193 2198 2256">
    <p class='ocr_par' dir='ltr' id='par_1_41' title="bbox 539 2193 2198 2256">
     <span class='ocr_line' id='line_1_41' title="bbox 539 2193 2198 2256; baseline -0.004 0"><span class='ocrx_word' id='word_1_286' title='bbox 539 2200 764 2256; x_wconf 89' lang='lat' dir='ltr'>tionem</span> <span class='ocrx_word' id='word_1_287' title='bbox 825 2212 1016 2252; x_wconf 90' lang='lat' dir='ltr'>unum</span> <span class='ocrx_word' id='word_1_288' title='bbox 1084 2210 1213 2250; x_wconf 91' lang='lat' dir='ltr'>esse</span> <span class='ocrx_word' id='word_1_289' title='bbox 1273 2193 1484 2248; x_wconf 86' lang='lat' dir='ltr'>Filium</span> <span class='ocrx_word' id='word_1_290' title='bbox 1533 2199 1590 2249; x_wconf 89' lang='lat' dir='ltr'>et</span> <span class='ocrx_word' id='word_1_291' title='bbox 1620 2199 1845 2249; x_wconf 82' lang='lat' dir='ltr'>sanctae</span> <span class='ocrx_word' id='word_1_292' title='bbox 1901 2195 2198 2250; x_wconf 86' lang='lat' dir='ltr'>Trinitatis</span> 
     </span>
    </p>
   </div>
   <div class='ocr_carea' id='block_1_42' title="bbox 537 2282 2200 2355">
    <p class='ocr_par' dir='ltr' id='par_1_42' title="bbox 537 2282 2200 2355">
     <span class='ocr_line' id='line_1_42' title="bbox 537 2282 2200 2355; baseline -0.004 -11"><span class='ocrx_word' id='word_1_293' title='bbox 537 2304 728 2344; x_wconf 83' lang='lat' dir='ltr'>unum</span> <span class='ocrx_word' id='word_1_294' title='bbox 764 2305 778 2355; x_wconf 88' lang='lat'>;</span> <span class='ocrx_word' id='word_1_295' title='bbox 821 2290 1094 2342; x_wconf 87' lang='lat' dir='ltr'>sanctam</span> <span class='ocrx_word' id='word_1_296' title='bbox 1125 2287 1326 2339; x_wconf 87' lang='lat' dir='ltr'>autem</span> <span class='ocrx_word' id='word_1_297' title='bbox 1357 2282 1694 2338; x_wconf 89' lang='lat' dir='ltr'>Trinitatem</span> <span class='ocrx_word' id='word_1_298' title='bbox 1725 2283 1967 2338; x_wconf 91' lang='lat' dir='ltr'>unicam</span> <span class='ocrx_word' id='word_1_299' title='bbox 1995 2283 2200 2339; x_wconf 83' lang='lat' dir='ltr'>volun-</span> 
     </span>
    </p>
   </div>
   <div class='ocr_carea' id='block_1_43' title="bbox 492 2371 2196 2444">
    <p class='ocr_par' dir='ltr' id='par_1_43' title="bbox 492 2371 2196 2444">
     <span class='ocr_line' id='line_1_43' title="bbox 492 2371 2196 2444; baseline -0.004 -10"><span class='ocrx_word' id='word_1_300' title='bbox 492 2441 494 2443; x_wconf 7' lang='grc' dir='ltr'>ς</span> <span class='ocrx_word' id='word_1_301' title='bbox 537 2383 722 2434; x_wconf 88' lang='lat' dir='ltr'>tatem</span> <span class='ocrx_word' id='word_1_302' title='bbox 755 2380 811 2432; x_wconf 84' lang='lat' dir='ltr'>et</span> <span class='ocrx_word' id='word_1_303' title='bbox 836 2375 1078 2430; x_wconf 88' lang='lat' dir='ltr'>unicam</span> <span class='ocrx_word' id='word_1_304' title='bbox 1122 2371 1535 2444; x_wconf 86' lang='lat' dir='ltr'>operationem</span> <span class='ocrx_word' id='word_1_305' title='bbox 1567 2371 1812 2442; x_wconf 89' lang='lat' dir='ltr'>habere,</span> <span class='ocrx_word' id='word_1_306' title='bbox 1845 2377 2026 2444; x_wconf 89' lang='lat' dir='ltr'>atque</span> <span class='ocrx_word' id='word_1_307' title='bbox 2056 2372 2196 2428; x_wconf 89' lang='lat' dir='ltr'>inde</span> 
     </span>
    </p>
   </div>
   <div class='ocr_carea' id='block_1_44' title="bbox 540 2459 2194 2532">
    <p class='ocr_par' dir='ltr' id='par_1_44' title="bbox 540 2459 2194 2532">
     <span class='ocr_line' id='line_1_44' title="bbox 540 2459 2194 2532; baseline -0.002 -11"><span class='ocrx_word' id='word_1_308' title='bbox 540 2466 836 2522; x_wconf 89' lang='lat' dir='ltr'>Christum</span> <span class='ocrx_word' id='word_1_309' title='bbox 864 2463 1106 2519; x_wconf 90' lang='lat' dir='ltr'>unicam</span> <span class='ocrx_word' id='word_1_310' title='bbox 1126 2460 1412 2516; x_wconf 89' lang='lat' dir='ltr'>habuisse</span> <span class='ocrx_word' id='word_1_311' title='bbox 1438 2459 1850 2532; x_wconf 87' lang='lat' dir='ltr'>operationem</span> <span class='ocrx_word' id='word_1_312' title='bbox 1875 2467 1931 2517; x_wconf 90' lang='lat' dir='ltr'>et</span> <span class='ocrx_word' id='word_1_313' title='bbox 1952 2462 2194 2517; x_wconf 90' lang='lat' dir='ltr'>unicam</span> 
     </span>
    </p>
   </div>
   <div class='ocr_carea' id='block_1_45' title="bbox 537 2549 2194 2622">
    <p class='ocr_par' dir='ltr' id='par_1_45' title="bbox 537 2549 2194 2622">
     <span class='ocr_line' id='line_1_45' title="bbox 537 2549 2194 2622; baseline -0.002 -11"><span class='ocrx_word' id='word_1_314' title='bbox 537 2554 930 2619; x_wconf 87' lang='lat' dir='ltr'>voluntatem,</span> <span class='ocrx_word' id='word_1_315' title='bbox 981 2551 1066 2607; x_wconf 91' lang='lat' dir='ltr'>sic</span> <span class='ocrx_word' id='word_1_316' title='bbox 1118 2549 1615 2622; x_wconf 89' lang='lat' dir='ltr'>respondendum</span> <span class='ocrx_word' id='word_1_317' title='bbox 1663 2551 1817 2606; x_wconf 90' lang='lat' dir='ltr'>erit:</span> <span class='ocrx_word' id='word_1_318' title='bbox 1851 2551 2025 2608; x_wconf 91' lang='lat' dir='ltr'>Pater</span> <span class='ocrx_word' id='word_1_319' title='bbox 2068 2567 2194 2608; x_wconf 88' lang='lat' dir='ltr'>non</span> 
     </span>
    </p>
   </div>
   <div class='ocr_carea' id='block_1_46' title="bbox 539 2639 2191 2711">
    <p class='ocr_par' dir='ltr' id='par_1_46' title="bbox 539 2639 2191 2711">
     <span class='ocr_line' id='line_1_46' title="bbox 539 2639 2191 2711; baseline -0.002 -11"><span class='ocrx_word' id='word_1_320' title='bbox 539 2650 605 2700; x_wconf 87' lang='lat' dir='ltr'>ut</span> <span class='ocrx_word' id='word_1_321' title='bbox 643 2647 809 2700; x_wconf 88' lang='lat' dir='ltr'>Pater</span> <span class='ocrx_word' id='word_1_322' title='bbox 859 2639 1119 2711; x_wconf 89' lang='lat' dir='ltr'>vult,sed</span> <span class='ocrx_word' id='word_1_323' title='bbox 1162 2645 1222 2694; x_wconf 91' lang='lat' dir='ltr'>ut</span> <span class='ocrx_word' id='word_1_324' title='bbox 1274 2641 1464 2708; x_wconf 89' lang='lat' dir='ltr'>Deus;</span> <span class='ocrx_word' id='word_1_325' title='bbox 1500 2644 1556 2694; x_wconf 93' lang='lat' dir='ltr'>et</span> <span class='ocrx_word' id='word_1_326' title='bbox 1583 2640 1874 2711; x_wconf 90' lang='lat' dir='ltr'>quoniam</span> <span class='ocrx_word' id='word_1_327' title='bbox 1919 2643 2073 2696; x_wconf 91' lang='lat' dir='ltr'>Deus</span> <span class='ocrx_word' id='word_1_328' title='bbox 2102 2649 2191 2699; x_wconf 88' lang='lat' dir='ltr'>est</span> 
     </span>
    </p>
   </div>
   <div class='ocr_carea' id='block_1_47' title="bbox 535 2729 2188 2804">
    <p class='ocr_par' dir='ltr' id='par_1_47' title="bbox 535 2729 2188 2804">
     <span class='ocr_line' id='line_1_47' title="bbox 535 2729 2188 2804; baseline -0.001 -15"><span class='ocrx_word' id='word_1_329' title='bbox 535 2734 730 2804; x_wconf 90' lang='lat' dir='ltr'>Filius,</span> <span class='ocrx_word' id='word_1_330' title='bbox 764 2738 821 2788; x_wconf 92' lang='lat' dir='ltr'>et</span> <span class='ocrx_word' id='word_1_331' title='bbox 853 2734 1005 2787; x_wconf 88' lang='lat' dir='ltr'>Deus</span> <span class='ocrx_word' id='word_1_332' title='bbox 1045 2734 1132 2786; x_wconf 88' lang='lat' dir='ltr'>est</span> <span class='ocrx_word' id='word_1_333' title='bbox 1163 2729 1410 2800; x_wconf 91' lang='lat' dir='ltr'>Spiritus</span> <span class='ocrx_word' id='word_1_334' title='bbox 1458 2731 1727 2798; x_wconf 89' lang='lat' dir='ltr'>Sanctus,</span> <span class='ocrx_word' id='word_1_335' title='bbox 1763 2730 2099 2785; x_wconf 81' lang='lat' dir='ltr'>secundum</span> <span class='ocrx_word' id='word_1_336' title='bbox 2124 2731 2188 2787; x_wconf 91' lang='lat' dir='ltr'>id</span> 
     </span>
    </p>
   </div>
   <div class='ocr_carea' id='block_1_48' title="bbox 530 2817 2183 2880">
    <p class='ocr_par' dir='ltr' id='par_1_48' title="bbox 530 2817 2183 2880">
     <span class='ocr_line' id='line_1_48' title="bbox 530 2817 2183 2880; baseline -0.002 -1"><span class='ocrx_word' id='word_1_337' title='bbox 530 2823 732 2880; x_wconf 88' lang='lat' dir='ltr'>divina</span> <span class='ocrx_word' id='word_1_338' title='bbox 770 2820 1020 2877; x_wconf 89' lang='lat' dir='ltr'>Trinitas</span> <span class='ocrx_word' id='word_1_339' title='bbox 1070 2833 1257 2874; x_wconf 90' lang='lat' dir='ltr'>unam</span> <span class='ocrx_word' id='word_1_340' title='bbox 1304 2817 1669 2873; x_wconf 87' lang='lat' dir='ltr'>voluntatem</span> <span class='ocrx_word' id='word_1_341' title='bbox 1699 2818 1882 2874; x_wconf 89' lang='lat' dir='ltr'>habet</span> <span class='ocrx_word' id='word_1_342' title='bbox 1911 2823 1967 2873; x_wconf 91' lang='lat' dir='ltr'>et</span> <span class='ocrx_word' id='word_1_343' title='bbox 1999 2835 2183 2875; x_wconf 91' lang='lat' dir='ltr'>unam</span> 
     </span>
    </p>
   </div>
   <div class='ocr_carea' id='block_1_49' title="bbox 524 2905 2175 2984">
    <p class='ocr_par' dir='ltr' id='par_1_49' title="bbox 524 2905 2175 2984">
     <span class='ocr_line' id='line_1_49' title="bbox 524 2905 2175 2984; baseline -0.004 -14"><span class='ocrx_word' id='word_1_344' title='bbox 524 2912 959 2984; x_wconf 90' lang='lat' dir='ltr'>operationem,</span> <span class='ocrx_word' id='word_1_345' title='bbox 996 2907 1173 2963; x_wconf 79' lang='lat' dir='ltr'>Filius</span> <span class='ocrx_word' id='word_1_346' title='bbox 1232 2922 1368 2961; x_wconf 82' lang='lat' dir='ltr'>vero</span> <span class='ocrx_word' id='word_1_347' title='bbox 1402 2949 1415 2971; x_wconf 91' lang='lat'>,</span> <span class='ocrx_word' id='word_1_348' title='bbox 1463 2905 1780 2962; x_wconf 90' lang='lat' dir='ltr'>nobiscum</span> <span class='ocrx_word' id='word_1_349' title='bbox 1825 2907 2175 2963; x_wconf 91' lang='lat' dir='ltr'>hominibus</span> 
     </span>
    </p>
   </div>
   <div class='ocr_carea' id='block_1_50' title="bbox 516 2995 2177 3069">
    <p class='ocr_par' dir='ltr' id='par_1_50' title="bbox 516 2995 2177 3069">
     <span class='ocr_line' id='line_1_50' title="bbox 516 2995 2177 3069; baseline -0.002 -14"><span class='ocrx_word' id='word_1_350' title='bbox 516 2999 972 3058; x_wconf 89' lang='lat' dir='ltr'>communicans</span> <span class='ocrx_word' id='word_1_351' title='bbox 1003 2996 1201 3053; x_wconf 88' lang='lat' dir='ltr'>carnis</span> <span class='ocrx_word' id='word_1_352' title='bbox 1236 2996 1673 3066; x_wconf 88' lang='lat' dir='ltr'>assumptione,</span> <span class='ocrx_word' id='word_1_353' title='bbox 1695 2995 1997 3068; x_wconf 87' lang='lat' dir='ltr'>duplicem</span> <span class='ocrx_word' id='word_1_354' title='bbox 2028 3013 2177 3069; x_wconf 82' lang='lat' dir='ltr'>quo-</span> 
     </span>
    </p>
   </div>
   <div class='ocr_carea' id='block_1_51' title="bbox 514 3075 2258 3166">
    <p class='ocr_par' dir='ltr' id='par_1_51' title="bbox 514 3075 2258 3166">
     <span class='ocr_line' id='line_1_51' title="bbox 514 3075 2258 3166; baseline -0.005 -17"><span class='ocrx_word' id='word_1_355' title='bbox 514 3109 630 3166; x_wconf 87' lang='lat' dir='ltr'>que</span> <span class='ocrx_word' id='word_1_356' title='bbox 681 3090 1055 3147; x_wconf 87' lang='lat' dir='ltr'>voluntatem</span> <span class='ocrx_word' id='word_1_357' title='bbox 1100 3092 1155 3142; x_wconf 91' lang='lat' dir='ltr'>et</span> <span class='ocrx_word' id='word_1_358' title='bbox 1206 3086 1619 3158; x_wconf 90' lang='lat' dir='ltr'>operationem</span> <span class='ocrx_word' id='word_1_359' title='bbox 1667 3086 1924 3156; x_wconf 89' lang='lat' dir='ltr'>habuit;</span> <span class='ocrx_word' id='word_1_360' title='bbox 1983 3103 2175 3143; x_wconf 88' lang='lat' dir='ltr'>unam</span> <span class='ocrx_word' id='word_1_361' title='bbox 2218 3075 2258 3131; x_wconf 85' lang='lat' dir='ltr'>C</span> 
     </span>
    </p>
   </div>
   <div class='ocr_carea' id='block_1_52' title="bbox 512 3175 2176 3253">
    <p class='ocr_par' dir='ltr' id='par_1_52' title="bbox 512 3175 2176 3253">
     <span class='ocr_line' id='line_1_52' title="bbox 512 3175 2176 3253; baseline -0.003 -17"><span class='ocrx_word' id='word_1_362' title='bbox 512 3182 760 3253; x_wconf 90' lang='lat' dir='ltr'>quidem</span> <span class='ocrx_word' id='word_1_363' title='bbox 792 3184 856 3234; x_wconf 92' lang='lat' dir='ltr'>ut</span> <span class='ocrx_word' id='word_1_364' title='bbox 887 3181 1004 3233; x_wconf 93' lang='lat' dir='ltr'>Deo</span> <span class='ocrx_word' id='word_1_365' title='bbox 1036 3182 1093 3233; x_wconf 91' lang='lat' dir='ltr'>et</span> <span class='ocrx_word' id='word_1_366' title='bbox 1142 3175 1296 3231; x_wconf 90' lang='lat' dir='ltr'>Patri</span> <span class='ocrx_word' id='word_1_367' title='bbox 1339 3175 1892 3245; x_wconf 87' lang='lat' dir='ltr'>consubstantialis,</span> <span class='ocrx_word' id='word_1_368' title='bbox 1927 3175 2176 3232; x_wconf 88' lang='lat' dir='ltr'>alteram</span> 
     </span>
    </p>
   </div>
   <div class='ocr_carea' id='block_1_53' title="bbox 508 3263 2174 3327">
    <p class='ocr_par' dir='ltr' id='par_1_53' title="bbox 508 3263 2174 3327">
     <span class='ocr_line' id='line_1_53' title="bbox 508 3263 2174 3327; baseline -0.003 0"><span class='ocrx_word' id='word_1_369' title='bbox 508 3276 710 3327; x_wconf 90' lang='lat' dir='ltr'>autem</span> <span class='ocrx_word' id='word_1_370' title='bbox 761 3274 824 3324; x_wconf 89' lang='lat' dir='ltr'>ut</span> <span class='ocrx_word' id='word_1_371' title='bbox 874 3268 1050 3323; x_wconf 91' lang='lat' dir='ltr'>nobis</span> <span class='ocrx_word' id='word_1_372' title='bbox 1108 3263 1673 3321; x_wconf 88' lang='lat' dir='ltr'>consubstantialis.</span> <span class='ocrx_word' id='word_1_373' title='bbox 1724 3269 2002 3322; x_wconf 85' lang='lat' dir='ltr'>Attamen</span> <span class='ocrx_word' id='word_1_374' title='bbox 2049 3282 2174 3322; x_wconf 89' lang='lat' dir='ltr'>non</span> 
     </span>
    </p>
   </div>
   <div class='ocr_carea' id='block_1_54' title="bbox 513 3353 2172 3429">
    <p class='ocr_par' dir='ltr' id='par_1_54' title="bbox 513 3353 2172 3429">
     <span class='ocr_line' id='line_1_54' title="bbox 513 3353 2172 3429; baseline -0.002 -16"><span class='ocrx_word' id='word_1_375' title='bbox 513 3363 818 3429; x_wconf 88' lang='lat' dir='ltr'>separatas</span> <span class='ocrx_word' id='word_1_376' title='bbox 868 3356 1130 3412; x_wconf 89' lang='lat' dir='ltr'>dicimus</span> <span class='ocrx_word' id='word_1_377' title='bbox 1189 3353 1610 3426; x_wconf 88' lang='lat' dir='ltr'>operationes,</span> <span class='ocrx_word' id='word_1_378' title='bbox 1660 3369 1857 3426; x_wconf 87' lang='lat' dir='ltr'>neque</span> <span class='ocrx_word' id='word_1_379' title='bbox 1922 3360 2172 3412; x_wconf 87' lang='lat' dir='ltr'>naturas</span> 
     </span>
    </p>
   </div>
   <div class='ocr_carea' id='block_1_55' title="bbox 513 3443 2176 3519">
    <p class='ocr_par' dir='ltr' id='par_1_55' title="bbox 513 3443 2176 3519">
     <span class='ocr_line' id='line_1_55' title="bbox 513 3443 2176 3519; baseline -0.002 -16"><span class='ocrx_word' id='word_1_380' title='bbox 513 3447 837 3519; x_wconf 88' lang='lat' dir='ltr'>separatim</span> <span class='ocrx_word' id='word_1_381' title='bbox 911 3443 1186 3516; x_wconf 86' lang='lat' dir='ltr'>Operari;</span> <span class='ocrx_word' id='word_1_382' title='bbox 1256 3443 1362 3498; x_wconf 91' lang='lat' dir='ltr'>sed</span> <span class='ocrx_word' id='word_1_383' title='bbox 1427 3448 1748 3514; x_wconf 89' lang='lat' dir='ltr'>utramque</span> <span class='ocrx_word' id='word_1_384' title='bbox 1832 3461 1955 3502; x_wconf 90' lang='lat' dir='ltr'>una</span> <span class='ocrx_word' id='word_1_385' title='bbox 2035 3462 2176 3501; x_wconf 90' lang='lat' dir='ltr'>cum</span> 
     </span>
    </p>
   </div>
   <div class='ocr_carea' id='block_1_56' title="bbox 515 3531 2176 3606">
    <p class='ocr_par' dir='ltr' id='par_1_56' title="bbox 515 3531 2176 3606">
     <span class='ocr_line' id='line_1_56' title="bbox 515 3531 2176 3606; baseline -0.001 -13"><span class='ocrx_word' id='word_1_386' title='bbox 515 3537 757 3594; x_wconf 87' lang='lat' dir='ltr'>alterius</span> <span class='ocrx_word' id='word_1_387' title='bbox 815 3534 1245 3590; x_wconf 85' lang='lat' dir='ltr'>communione</span> <span class='ocrx_word' id='word_1_388' title='bbox 1286 3531 1526 3603; x_wconf 88' lang='lat' dir='ltr'>operari</span> <span class='ocrx_word' id='word_1_389' title='bbox 1552 3531 1614 3586; x_wconf 88' lang='lat' dir='ltr'>id</span> <span class='ocrx_word' id='word_1_390' title='bbox 1644 3532 1808 3603; x_wconf 92' lang='lat' dir='ltr'>quod</span> <span class='ocrx_word' id='word_1_391' title='bbox 1859 3534 2176 3606; x_wconf 90' lang='lat' dir='ltr'>proprium</span> 
     </span>
    </p>
   </div>
   <div class='ocr_carea' id='block_1_57' title="bbox 515 3620 2174 3694">
    <p class='ocr_par' dir='ltr' id='par_1_57' title="bbox 515 3620 2174 3694">
     <span class='ocr_line' id='line_1_57' title="bbox 515 3620 2174 3694; baseline -0.002 -13"><span class='ocrx_word' id='word_1_392' title='bbox 515 3626 746 3681; x_wconf 90' lang='lat' dir='ltr'>habuit.</span> <span class='ocrx_word' id='word_1_393' title='bbox 779 3627 981 3694; x_wconf 88' lang='lat' dir='ltr'>Neque</span> <span class='ocrx_word' id='word_1_394' title='bbox 1038 3621 1200 3676; x_wconf 89' lang='lat' dir='ltr'>enim</span> <span class='ocrx_word' id='word_1_395' title='bbox 1255 3620 1524 3676; x_wconf 89' lang='lat' dir='ltr'>humana</span> <span class='ocrx_word' id='word_1_396' title='bbox 1579 3621 1844 3676; x_wconf 90' lang='lat' dir='ltr'>humane</span> <span class='ocrx_word' id='word_1_397' title='bbox 1892 3628 2174 3694; x_wconf 88' lang='lat' dir='ltr'>operatus</span> 
     </span>
    </p>
   </div>
   <div class='ocr_carea' id='block_1_58' title="bbox 519 3709 2175 3783">
    <p class='ocr_par' dir='ltr' id='par_1_58' title="bbox 519 3709 2175 3783">
     <span class='ocr_line' id='line_1_58' title="bbox 519 3709 2175 3783; baseline 0 -12"><span class='ocrx_word' id='word_1_398' title='bbox 519 3720 610 3771; x_wconf 88' lang='lat' dir='ltr'>est</span> <span class='ocrx_word' id='word_1_399' title='bbox 636 3733 648 3782; x_wconf 93' lang='lat'>;</span> <span class='ocrx_word' id='word_1_400' title='bbox 690 3729 812 3769; x_wconf 89' lang='lat' dir='ltr'>non</span> <span class='ocrx_word' id='word_1_401' title='bbox 843 3715 998 3767; x_wconf 87' lang='lat' dir='ltr'>enim</span> <span class='ocrx_word' id='word_1_402' title='bbox 1036 3709 1290 3783; x_wconf 83' lang='lat' dir='ltr'>simplex</span> <span class='ocrx_word' id='word_1_403' title='bbox 1320 3709 1504 3764; x_wconf 90' lang='lat' dir='ltr'>homo</span> <span class='ocrx_word' id='word_1_404' title='bbox 1531 3715 1659 3765; x_wconf 87' lang='lat' dir='ltr'>erat</span> <span class='ocrx_word' id='word_1_405' title='bbox 1687 3729 1700 3779; x_wconf 88' lang='lat'>;</span> <span class='ocrx_word' id='word_1_406' title='bbox 1743 3726 1940 3783; x_wconf 89' lang='lat' dir='ltr'>neque</span> <span class='ocrx_word' id='word_1_407' title='bbox 1969 3712 2175 3771; x_wconf 85' lang='lat' dir='ltr'>divina</span> 
     </span>
    </p>
   </div>
   <div class='ocr_carea' id='block_1_59' title="bbox 519 3800 2172 3867">
    <p class='ocr_par' dir='ltr' id='par_1_59' title="bbox 519 3800 2172 3867">
     <span class='ocr_line' id='line_1_59' title="bbox 519 3800 2172 3867; baseline -0.001 -6"><span class='ocrx_word' id='word_1_408' title='bbox 519 3804 856 3861; x_wconf 90' lang='lat' dir='ltr'>secundum</span> <span class='ocrx_word' id='word_1_409' title='bbox 895 3805 1083 3858; x_wconf 91' lang='lat' dir='ltr'>Deum</span> <span class='ocrx_word' id='word_1_410' title='bbox 1131 3804 1401 3867; x_wconf 88' lang='lat' dir='ltr'>tantum;</span> <span class='ocrx_word' id='word_1_411' title='bbox 1435 3815 1558 3854; x_wconf 91' lang='lat' dir='ltr'>non</span> <span class='ocrx_word' id='word_1_412' title='bbox 1589 3800 1749 3855; x_wconf 93' lang='lat' dir='ltr'>enim</span> <span class='ocrx_word' id='word_1_413' title='bbox 1789 3801 2172 3859; x_wconf 91' lang='lat' dir='ltr'>solummodo</span> 
     </span>
    </p>
   </div>
   <div class='ocr_carea' id='block_1_60' title="bbox 517 3889 2171 3960">
    <p class='ocr_par' dir='ltr' id='par_1_60' title="bbox 517 3889 2171 3960">
     <span class='ocr_line' id='line_1_60' title="bbox 517 3889 2171 3960; baseline -0.001 -9"><span class='ocrx_word' id='word_1_414' title='bbox 517 3899 643 3951; x_wconf 89' lang='lat' dir='ltr'>erat</span> <span class='ocrx_word' id='word_1_415' title='bbox 671 3895 846 3949; x_wconf 90' lang='lat' dir='ltr'>Deus.</span> <span class='ocrx_word' id='word_1_416' title='bbox 880 3891 996 3948; x_wconf 85' lang='lat' dir='ltr'>Sed</span> <span class='ocrx_word' id='word_1_417' title='bbox 1025 3889 1162 3946; x_wconf 81' lang='lat' dir='ltr'>duae</span> <span class='ocrx_word' id='word_1_418' title='bbox 1184 3894 1415 3945; x_wconf 69' lang='lat' dir='ltr'>naturae</span> <span class='ocrx_word' id='word_1_419' title='bbox 1447 3894 1584 3944; x_wconf 89' lang='lat' dir='ltr'>sunt</span> <span class='ocrx_word' id='word_1_420' title='bbox 1613 3905 1770 3944; x_wconf 91' lang='lat' dir='ltr'>unus</span> <span class='ocrx_word' id='word_1_421' title='bbox 1802 3891 2093 3960; x_wconf 90' lang='lat' dir='ltr'>Christus,</span> <span class='ocrx_word' id='word_1_422' title='bbox 2116 3899 2171 3949; x_wconf 90' lang='lat' dir='ltr'>et</span> 
     </span>
    </p>
   </div>
   <div class='ocr_carea' id='block_1_61' title="bbox 514 3979 2168 4040">
    <p class='ocr_par' dir='ltr' id='par_1_61' title="bbox 514 3979 2168 4040">
     <span class='ocr_line' id='line_1_61' title="bbox 514 3979 2168 4040; baseline -0.001 0"><span class='ocrx_word' id='word_1_423' title='bbox 514 4001 674 4040; x_wconf 89' lang='lat' dir='ltr'>unus</span> <span class='ocrx_word' id='word_1_424' title='bbox 731 3983 996 4039; x_wconf 87' lang='lat' dir='ltr'>Christus</span> <span class='ocrx_word' id='word_1_425' title='bbox 1061 3984 1149 4036; x_wconf 90' lang='lat' dir='ltr'>est</span> <span class='ocrx_word' id='word_1_426' title='bbox 1204 3979 1342 4034; x_wconf 71' lang='lat' dir='ltr'>duae</span> <span class='ocrx_word' id='word_1_427' title='bbox 1403 3984 1656 4033; x_wconf 70' lang='lat' dir='ltr'>naturae.</span> <span class='ocrx_word' id='word_1_428' title='bbox 1701 3981 1766 4033; x_wconf 87' lang='lat' dir='ltr'>Et</span> <span class='ocrx_word' id='word_1_429' title='bbox 1831 3979 1998 4036; x_wconf 86' lang='lat' dir='ltr'>aliter</span> <span class='ocrx_word' id='word_1_430' title='bbox 2043 3998 2054 4036; x_wconf 95' lang='lat'>:</span> <span class='ocrx_word' id='word_1_431' title='bbox 2111 3983 2168 4038; x_wconf 89' lang='lat' dir='ltr'>Si</span> 
     </span>
    </p>
   </div>
   <div class='ocr_carea' id='block_1_62' title="bbox 512 4068 2165 4130">
    <p class='ocr_par' dir='ltr' id='par_1_62' title="bbox 512 4068 2165 4130">
     <span class='ocr_line' id='line_1_62' title="bbox 512 4068 2165 4130; baseline -0.002 0"><span class='ocrx_word' id='word_1_432' title='bbox 512 4089 701 4130; x_wconf 88' lang='lat' dir='ltr'>unam</span> <span class='ocrx_word' id='word_1_433' title='bbox 765 4071 1137 4127; x_wconf 88' lang='lat' dir='ltr'>voluntatem</span> <span class='ocrx_word' id='word_1_434' title='bbox 1187 4068 1515 4124; x_wconf 86' lang='lat' dir='ltr'>dixerimus</span> <span class='ocrx_word' id='word_1_435' title='bbox 1571 4068 1644 4122; x_wconf 92' lang='lat' dir='ltr'>de</span> <span class='ocrx_word' id='word_1_436' title='bbox 1695 4068 1922 4124; x_wconf 90' lang='lat' dir='ltr'>Christo</span> <span class='ocrx_word' id='word_1_437' title='bbox 1979 4075 2044 4125; x_wconf 91' lang='lat' dir='ltr'>ut</span> <span class='ocrx_word' id='word_1_438' title='bbox 2090 4070 2165 4127; x_wconf 93' lang='lat' dir='ltr'>de</span> 
     </span>
    </p>
   </div>
   <div class='ocr_carea' id='block_1_63' title="bbox 511 4157 2162 4227">
    <p class='ocr_par' dir='ltr' id='par_1_63' title="bbox 511 4157 2162 4227">
     <span class='ocr_line' id='line_1_63' title="bbox 511 4157 2162 4227; baseline -0.002 -10"><span class='ocrx_word' id='word_1_439' title='bbox 511 4166 720 4217; x_wconf 86' lang='lat' dir='ltr'>sancta</span> <span class='ocrx_word' id='word_1_440' title='bbox 784 4159 1106 4227; x_wconf 88' lang='lat' dir='ltr'>Trinitate,</span> <span class='ocrx_word' id='word_1_441' title='bbox 1172 4158 1279 4212; x_wconf 92' lang='lat' dir='ltr'>erit</span> <span class='ocrx_word' id='word_1_442' title='bbox 1343 4157 1591 4212; x_wconf 92' lang='lat' dir='ltr'>omnino</span> <span class='ocrx_word' id='word_1_443' title='bbox 1657 4172 1779 4212; x_wconf 89' lang='lat' dir='ltr'>una</span> <span class='ocrx_word' id='word_1_444' title='bbox 1833 4162 1890 4212; x_wconf 91' lang='lat' dir='ltr'>et</span> <span class='ocrx_word' id='word_1_445' title='bbox 1949 4158 2162 4214; x_wconf 89' lang='lat' dir='ltr'>eadem</span> 
     </span>
    </p>
   </div>
   <div class='ocr_carea' id='block_1_64' title="bbox 507 4245 2159 4320">
    <p class='ocr_par' dir='ltr' id='par_1_64' title="bbox 507 4245 2159 4320">
     <span class='ocr_line' id='line_1_64' title="bbox 507 4245 2159 4320; baseline -0.002 -14"><span class='ocrx_word' id='word_1_446' title='bbox 507 4249 789 4306; x_wconf 88' lang='lat' dir='ltr'>voluntas</span> <span class='ocrx_word' id='word_1_447' title='bbox 846 4247 1029 4303; x_wconf 88' lang='lat' dir='ltr'>Patris</span> <span class='ocrx_word' id='word_1_448' title='bbox 1078 4251 1135 4301; x_wconf 89' lang='lat' dir='ltr'>et</span> <span class='ocrx_word' id='word_1_449' title='bbox 1187 4245 1360 4300; x_wconf 90' lang='lat' dir='ltr'>Verbi</span> <span class='ocrx_word' id='word_1_450' title='bbox 1388 4252 1442 4301; x_wconf 88' lang='lat' dir='ltr'>et</span> <span class='ocrx_word' id='word_1_451' title='bbox 1471 4246 1690 4302; x_wconf 89' lang='lat' dir='ltr'>carnis.</span> <span class='ocrx_word' id='word_1_452' title='bbox 1712 4245 1802 4301; x_wconf 80' lang='lat' dir='ltr'>Ad</span> <span class='ocrx_word' id='word_1_453' title='bbox 1857 4247 1985 4303; x_wconf 68' lang='lat' dir='ltr'>haec</span> <span class='ocrx_word' id='word_1_454' title='bbox 2023 4263 2159 4320; x_wconf 66' lang='lat' dir='ltr'>quae</span> 
     </span>
    </p>
   </div>
   <div class='ocr_carea' id='block_1_65' title="bbox 506 4334 2158 4408">
    <p class='ocr_par' dir='ltr' id='par_1_65' title="bbox 506 4334 2158 4408">
     <span class='ocr_line' id='line_1_65' title="bbox 506 4334 2158 4408; baseline -0.001 -13"><span class='ocrx_word' id='word_1_455' title='bbox 506 4340 808 4408; x_wconf 81' lang='lat' dir='ltr'>diximus,</span> <span class='ocrx_word' id='word_1_456' title='bbox 848 4336 911 4392; x_wconf 91' lang='lat' dir='ltr'>id</span> <span class='ocrx_word' id='word_1_457' title='bbox 971 4335 1119 4391; x_wconf 89' lang='lat' dir='ltr'>forte</span> <span class='ocrx_word' id='word_1_458' title='bbox 1194 4334 1477 4406; x_wconf 86' lang='lat' dir='ltr'>adjicient</span> <span class='ocrx_word' id='word_1_459' title='bbox 1542 4335 1647 4407; x_wconf 90' lang='lat' dir='ltr'>qui</span> <span class='ocrx_word' id='word_1_460' title='bbox 1705 4335 2016 4392; x_wconf 90' lang='lat' dir='ltr'>ratiocinio</span> <span class='ocrx_word' id='word_1_461' title='bbox 2075 4338 2158 4394; x_wconf 88' lang='lat' dir='ltr'>uti</span> 
     </span>
    </p>
   </div>
   <div class='ocr_carea' id='block_1_66' title="bbox 2311 1813 3921 1893">
    <p class='ocr_par' dir='ltr' id='par_1_66' title="bbox 2311 1813 3921 1893">
     <span class='ocr_line' id='line_1_66' title="bbox 2311 1813 3921 1893; baseline 0.003 -28"><span class='ocrx_word' id='word_1_462' title='bbox 2311 1813 2489 1867; x_wconf 83' lang='grc' dir='ltr'><em>λοιπὸν</em></span> <span class='ocrx_word' id='word_1_463' title='bbox 2559 1823 2943 1889; x_wconf 76' lang='grc' dir='ltr'><em>συμφρονοῦσιν</em></span> <span class='ocrx_word' id='word_1_464' title='bbox 3016 1817 3390 1893; x_wconf 80' lang='grc' dir='ltr'><em>Ἀπολλιναρίῳ</em></span> <span class='ocrx_word' id='word_1_465' title='bbox 3446 1837 3501 1870; x_wconf 88' lang='grc' dir='ltr'><em>τε</em></span> <span class='ocrx_word' id='word_1_466' title='bbox 3565 1824 3654 1870; x_wconf 93' lang='lat' dir='ltr'>xui</span> <span class='ocrx_word' id='word_1_467' title='bbox 3711 1819 3921 1893; x_wconf 82' lang='grc' dir='ltr'>Ἀρείῳ,</span> 
     </span>
    </p>
   </div>
   <div class='ocr_carea' id='block_1_67' title="bbox 2311 1904 3925 1981">
    <p class='ocr_par' dir='ltr' id='par_1_67' title="bbox 2311 1904 3925 1981">
     <span class='ocr_line' id='line_1_67' title="bbox 2311 1904 3925 1981; baseline 0.004 -27"><span class='ocrx_word' id='word_1_468' title='bbox 2311 1904 2379 1954; x_wconf 87' lang='grc' dir='ltr'>ὧν</span> <span class='ocrx_word' id='word_1_469' title='bbox 2411 1907 2435 1956; x_wconf 89' lang='lat'>6</span> <span class='ocrx_word' id='word_1_470' title='bbox 2466 1908 2555 1978; x_wconf 72' lang='grc' dir='ltr'><em>μὲν</em></span> <span class='ocrx_word' id='word_1_471' title='bbox 2613 1905 2826 1977; x_wconf 72' lang='grc' dir='ltr'><em>ἄψυχον</em></span> <span class='ocrx_word' id='word_1_472' title='bbox 2853 1950 2868 1975; x_wconf 85' lang='grc'>,</span> <span class='ocrx_word' id='word_1_473' title='bbox 2899 1907 3296 1979; x_wconf 84' lang='grc' dir='ltr'><em>’Λπολλινάριος</em></span> <span class='ocrx_word' id='word_1_474' title='bbox 3322 1904 3380 1960; x_wconf 76' lang='grc' dir='ltr'>δὲ</span> <span class='ocrx_word' id='word_1_475' title='bbox 3412 1909 3564 1960; x_wconf 83' lang='grc' dir='ltr'><em>οἷνουν</em></span> <span class='ocrx_word' id='word_1_476' title='bbox 3607 1912 3698 1966; x_wconf 77' lang='grc' dir='ltr'>τὴν</span> <span class='ocrx_word' id='word_1_477' title='bbox 3741 1911 3925 1981; x_wconf 86' lang='grc' dir='ltr'><em>σάρκα</em></span> 
     </span>
    </p>
   </div>
   <div class='ocr_carea' id='block_1_68' title="bbox 2308 1995 2847 2068">
    <p class='ocr_par' dir='ltr' id='par_1_68' title="bbox 2308 1995 2847 2068">
     <span class='ocr_line' id='line_1_68' title="bbox 2308 1995 2847 2068; baseline 0.011 -24"><span class='ocrx_word' id='word_1_478' title='bbox 2308 2001 2398 2045; x_wconf 87' lang='grc' dir='ltr'>τοῦ</span> <span class='ocrx_word' id='word_1_479' title='bbox 2413 2002 2647 2068; x_wconf 84' lang='grc' dir='ltr'><em>Χριστοῦ</em></span> <span class='ocrx_word' id='word_1_480' title='bbox 2665 1995 2847 2067; x_wconf 66' lang='grc' dir='ltr'><em>ἔλεγεν.</em></span> 
     </span>
    </p>
   </div>
   <div class='ocr_carea' id='block_1_69' title="bbox 2382 2109 3921 2186">
    <p class='ocr_par' dir='ltr' id='par_1_69' title="bbox 2382 2109 3921 2186">
     <span class='ocr_line' id='line_1_69' title="bbox 2382 2109 3921 2186; baseline 0.001 -24"><span class='ocrx_word' id='word_1_481' title='bbox 2382 2109 2468 2169; x_wconf 90' lang='grc' dir='ltr'><em>ια’,</em></span> <span class='ocrx_word' id='word_1_482' title='bbox 2511 2114 2665 2186; x_wconf 87' lang='grc' dir='ltr'><em>Ε’ἰπερ</em></span> <span class='ocrx_word' id='word_1_483' title='bbox 2724 2116 2984 2183; x_wconf 79' lang='grc' dir='ltr'><em>φήσουσιν</em></span> <span class='ocrx_word' id='word_1_484' title='bbox 3042 2113 3091 2162; x_wconf 85' lang='grc' dir='ltr'><em>οἱ</em></span> <span class='ocrx_word' id='word_1_485' title='bbox 3153 2111 3412 2185; x_wconf 79' lang='grc' dir='ltr'><em>Ἀρμένιοι</em></span> <span class='ocrx_word' id='word_1_486' title='bbox 3476 2114 3542 2173; x_wconf 83' lang='grc' dir='ltr'>ὡς</span> <span class='ocrx_word' id='word_1_487' title='bbox 3601 2112 3626 2163; x_wconf 91' lang='lat'>6</span> <span class='ocrx_word' id='word_1_488' title='bbox 3681 2117 3921 2186; x_wconf 80' lang='grc' dir='ltr'><em>Χριστὸς</em></span> 
     </span>
    </p>
   </div>
   <div class='ocr_carea' id='block_1_70' title="bbox 2307 2198 3920 2274">
    <p class='ocr_par' dir='ltr' id='par_1_70' title="bbox 2307 2198 3920 2274">
     <span class='ocr_line' id='line_1_70' title="bbox 2307 2198 3920 2274; baseline 0 -22"><span class='ocrx_word' id='word_1_489' title='bbox 2307 2205 2396 2252; x_wconf 85' lang='grc' dir='ltr'><em>καὶ</em></span> <span class='ocrx_word' id='word_1_490' title='bbox 2464 2203 2593 2273; x_wconf 84' lang='grc' dir='ltr'>μετὰ</span> <span class='ocrx_word' id='word_1_491' title='bbox 2649 2205 2737 2258; x_wconf 81' lang='grc' dir='ltr'>τήν</span> <span class='ocrx_word' id='word_1_492' title='bbox 2808 2203 3073 2274; x_wconf 87' lang='grc' dir='ltr'><em>σάρκωσὶν</em></span> <span class='ocrx_word' id='word_1_493' title='bbox 3115 2201 3186 2262; x_wconf 85' lang='grc' dir='ltr'><em>εἷς</em></span> <span class='ocrx_word' id='word_1_494' title='bbox 3225 2198 3284 2258; x_wconf 75' lang='grc' dir='ltr'><em>ἦν</em></span> <span class='ocrx_word' id='word_1_495' title='bbox 3351 2203 3474 2262; x_wconf 83' lang='grc' dir='ltr'>Υἱὸς</span> <span class='ocrx_word' id='word_1_496' title='bbox 3536 2205 3625 2252; x_wconf 89' lang='lat' dir='ltr'>xui</span> <span class='ocrx_word' id='word_1_497' title='bbox 3691 2198 3755 2261; x_wconf 84' lang='grc' dir='ltr'><em>εἷς</em></span> <span class='ocrx_word' id='word_1_498' title='bbox 3819 2211 3920 2264; x_wconf 76' lang='grc' dir='ltr'>τῆς</span> 
     </span>
    </p>
   </div>
   <div class='ocr_carea' id='block_1_71' title="bbox 2307 2286 3922 2364">
    <p class='ocr_par' dir='ltr' id='par_1_71' title="bbox 2307 2286 3922 2364">
     <span class='ocr_line' id='line_1_71' title="bbox 2307 2286 3922 2364; baseline 0.002 -23"><span class='ocrx_word' id='word_1_499' title='bbox 2307 2289 2461 2360; x_wconf 86' lang='grc' dir='ltr'><em>ἁγίας</em></span> <span class='ocrx_word' id='word_1_500' title='bbox 2513 2286 2760 2364; x_wconf 75' lang='grc' dir='ltr'><em>Τριάδος,</em></span> <span class='ocrx_word' id='word_1_501' title='bbox 2804 2293 2832 2348; x_wconf 81' lang='grc' dir='ltr'><strong>ἠ</strong></span> <span class='ocrx_word' id='word_1_502' title='bbox 2883 2287 2942 2342; x_wconf 71' lang='grc' dir='ltr'>δὲ</span> <span class='ocrx_word' id='word_1_503' title='bbox 2986 2289 3115 2361; x_wconf 84' lang='grc' dir='ltr'><em>ἁγία</em></span> <span class='ocrx_word' id='word_1_504' title='bbox 3172 2292 3330 2363; x_wconf 77' lang='grc' dir='ltr'><em>Τριὰς</em></span> <span class='ocrx_word' id='word_1_505' title='bbox 3384 2295 3506 2362; x_wconf 91' lang='grc' dir='ltr'><em>μίαν</em></span> <span class='ocrx_word' id='word_1_506' title='bbox 3566 2289 3771 2348; x_wconf 75' lang='grc' dir='ltr'><em>θέλησιν</em></span> <span class='ocrx_word' id='word_1_507' title='bbox 3819 2299 3922 2344; x_wconf 79' lang='grc' dir='ltr'><em>καὶ</em></span> 
     </span>
    </p>
   </div>
   <div class='ocr_carea' id='block_1_72' title="bbox 2304 2379 3922 2454">
    <p class='ocr_par' dir='ltr' id='par_1_72' title="bbox 2304 2379 3922 2454">
     <span class='ocr_line' id='line_1_72' title="bbox 2304 2379 3922 2454; baseline 0.001 -24"><span class='ocrx_word' id='word_1_508' title='bbox 2304 2384 2427 2450; x_wconf 87' lang='grc' dir='ltr'><em>μίαν</em></span> <span class='ocrx_word' id='word_1_509' title='bbox 2464 2379 2716 2454; x_wconf 80' lang='grc' dir='ltr'><em>ἐνέργειαν</em></span> <span class='ocrx_word' id='word_1_510' title='bbox 2765 2382 2876 2450; x_wconf 83' lang='grc' dir='ltr'><em>ἔχει</em></span> <span class='ocrx_word' id='word_1_511' title='bbox 2907 2419 2919 2444; x_wconf 88' lang='grc'>,</span> <span class='ocrx_word' id='word_1_512' title='bbox 2974 2384 3064 2431; x_wconf 91' lang='lat' dir='ltr'>xui</span> <span class='ocrx_word' id='word_1_513' title='bbox 3120 2381 3252 2431; x_wconf 80' lang='grc' dir='ltr'><em>κατὰ</em></span> <span class='ocrx_word' id='word_1_514' title='bbox 3290 2387 3443 2431; x_wconf 90' lang='grc' dir='ltr'><em>τοῦτο</em></span> <span class='ocrx_word' id='word_1_515' title='bbox 3495 2384 3584 2431; x_wconf 89' lang='grc' dir='ltr'><em>καὶ</em></span> <span class='ocrx_word' id='word_1_516' title='bbox 3614 2381 3638 2430; x_wconf 90' lang='lat'>6</span> <span class='ocrx_word' id='word_1_517' title='bbox 3677 2384 3922 2453; x_wconf 78' lang='grc' dir='ltr'><em>Χριστὸς</em></span> 
     </span>
    </p>
   </div>
   <div class='ocr_carea' id='block_1_73' title="bbox 2301 2465 3922 2543">
    <p class='ocr_par' dir='ltr' id='par_1_73' title="bbox 2301 2465 3922 2543">
     <span class='ocr_line' id='line_1_73' title="bbox 2301 2465 3922 2543; baseline 0 -23"><span class='ocrx_word' id='word_1_518' title='bbox 2301 2473 2425 2540; x_wconf 89' lang='grc' dir='ltr'><em>μίαν</em></span> <span class='ocrx_word' id='word_1_519' title='bbox 2487 2465 2628 2539; x_wconf 82' lang='grc' dir='ltr'><em>εἶχεν</em></span> <span class='ocrx_word' id='word_1_520' title='bbox 2697 2467 2946 2541; x_wconf 83' lang='grc' dir='ltr'><em>ἐνέργειαν</em></span> <span class='ocrx_word' id='word_1_521' title='bbox 3014 2473 3103 2520; x_wconf 88' lang='lat' dir='ltr'>xui.</span> <span class='ocrx_word' id='word_1_522' title='bbox 3164 2472 3287 2539; x_wconf 86' lang='grc' dir='ltr'><em>μίαν</em></span> <span class='ocrx_word' id='word_1_523' title='bbox 3330 2468 3559 2532; x_wconf 76' lang='grc' dir='ltr'><em>θέλησιν,</em></span> <span class='ocrx_word' id='word_1_524' title='bbox 3587 2470 3766 2543; x_wconf 76' lang='grc' dir='ltr'><em>ῥητέον</em></span> <span class='ocrx_word' id='word_1_525' title='bbox 3827 2471 3922 2529; x_wconf 76' lang='grc' dir='ltr'>οὒ,</span> 
     </span>
    </p>
   </div>
   <div class='ocr_carea' id='block_1_74' title="bbox 2298 2557 3919 2632">
    <p class='ocr_par' dir='ltr' id='par_1_74' title="bbox 2298 2557 3919 2632">
     <span class='ocr_line' id='line_1_74' title="bbox 2298 2557 3919 2632; baseline 0.001 -22"><span class='ocrx_word' id='word_1_526' title='bbox 2298 2577 2396 2618; x_wconf 84' lang='grc' dir='ltr'>τως</span> <span class='ocrx_word' id='word_1_527' title='bbox 2428 2573 2440 2586; x_wconf 85' lang='grc'><em>³</em></span> <span class='ocrx_word' id='word_1_528' title='bbox 2476 2561 2542 2619; x_wconf 83' lang='grc' dir='ltr'><em>ως</em></span> <span class='ocrx_word' id='word_1_529' title='bbox 2582 2560 2607 2610; x_wconf 91' lang='lat'>6</span> <span class='ocrx_word' id='word_1_530' title='bbox 2667 2562 2848 2631; x_wconf 81' lang='grc' dir='ltr'><em>Πατήρ</em></span> <span class='ocrx_word' id='word_1_531' title='bbox 2897 2557 2954 2608; x_wconf 76' lang='grc' dir='ltr'><em>οὐ</em></span> <span class='ocrx_word' id='word_1_532' title='bbox 3001 2560 3130 2610; x_wconf 87' lang='grc' dir='ltr'><em>καθό</em></span> <span class='ocrx_word' id='word_1_533' title='bbox 3170 2562 3348 2632; x_wconf 77' lang='grc' dir='ltr'><em>Πατήρ</em></span> <span class='ocrx_word' id='word_1_534' title='bbox 3393 2557 3541 2624; x_wconf 86' lang='grc' dir='ltr'><em>θέλει,</em></span> <span class='ocrx_word' id='word_1_535' title='bbox 3605 2557 3732 2610; x_wconf 80' lang='grc' dir='ltr'><em>ἀλλὰ</em></span> <span class='ocrx_word' id='word_1_536' title='bbox 3777 2562 3919 2612; x_wconf 83' lang='grc' dir='ltr'><em>καθὸ</em></span> 
     </span>
    </p>
   </div>
   <div class='ocr_carea' id='block_1_75' title="bbox 2299 2645 3919 2719">
    <p class='ocr_par' dir='ltr' id='par_1_75' title="bbox 2299 2645 3919 2719">
     <span class='ocr_line' id='line_1_75' title="bbox 2299 2645 3919 2719; baseline 0.001 -20"><span class='ocrx_word' id='word_1_537' title='bbox 2299 2651 2429 2708; x_wconf 84' lang='grc' dir='ltr'>Θεὸς</span> <span class='ocrx_word' id='word_1_538' title='bbox 2463 2664 2474 2676; x_wconf 92' lang='grc'><strong>·</strong></span> <span class='ocrx_word' id='word_1_539' title='bbox 2511 2653 2600 2699; x_wconf 86' lang='grc' dir='ltr'><em>καὶ</em></span> <span class='ocrx_word' id='word_1_540' title='bbox 2632 2645 2740 2698; x_wconf 86' lang='grc' dir='ltr'><em>ἐπεὶ</em></span> <span class='ocrx_word' id='word_1_541' title='bbox 2791 2651 2918 2708; x_wconf 85' lang='grc' dir='ltr'>Θεὸς</span> <span class='ocrx_word' id='word_1_542' title='bbox 2951 2649 2975 2698; x_wconf 92' lang='lat'>6</span> <span class='ocrx_word' id='word_1_543' title='bbox 3017 2651 3137 2707; x_wconf 85' lang='grc' dir='ltr'><em>Υίὸς</em></span> <span class='ocrx_word' id='word_1_544' title='bbox 3165 2691 3180 2715; x_wconf 89' lang='grc'>,</span> <span class='ocrx_word' id='word_1_545' title='bbox 3233 2650 3363 2708; x_wconf 86' lang='grc' dir='ltr'>Θεὸς</span> <span class='ocrx_word' id='word_1_546' title='bbox 3406 2652 3495 2698; x_wconf 87' lang='grc' dir='ltr'><em>καὶ</em></span> <span class='ocrx_word' id='word_1_547' title='bbox 3520 2650 3577 2699; x_wconf 82' lang='grc' dir='ltr'><em>τὸ</em></span> <span class='ocrx_word' id='word_1_548' title='bbox 3609 2655 3822 2719; x_wconf 82' lang='grc' dir='ltr'><em>Πνεῦμα</em></span> <span class='ocrx_word' id='word_1_549' title='bbox 3853 2653 3919 2700; x_wconf 80' lang='grc' dir='ltr'><em>τὸ</em></span> 
     </span>
    </p>
   </div>
   <div class='ocr_carea' id='block_1_76' title="bbox 2294 2735 3916 2808">
    <p class='ocr_par' dir='ltr' id='par_1_76' title="bbox 2294 2735 3916 2808">
     <span class='ocr_line' id='line_1_76' title="bbox 2294 2735 3916 2808; baseline 0.001 -22"><span class='ocrx_word' id='word_1_550' title='bbox 2294 2735 2440 2806; x_wconf 75' lang='grc' dir='ltr'><em>ἅγιον</em></span> <span class='ocrx_word' id='word_1_551' title='bbox 2471 2778 2484 2802; x_wconf 85' lang='grc'>,</span> <span class='ocrx_word' id='word_1_552' title='bbox 2527 2737 2664 2787; x_wconf 84' lang='grc' dir='ltr'><em>κατὰ</em></span> <span class='ocrx_word' id='word_1_553' title='bbox 2692 2742 2845 2786; x_wconf 88' lang='grc' dir='ltr'><em>τοῦτο</em></span> <span class='ocrx_word' id='word_1_554' title='bbox 2871 2736 2900 2792; x_wconf 78' lang='grc' dir='ltr'>ἡ</span> <span class='ocrx_word' id='word_1_555' title='bbox 2937 2738 3026 2806; x_wconf 75' lang='grc' dir='ltr'><em>μὲν</em></span> <span class='ocrx_word' id='word_1_556' title='bbox 3081 2739 3502 2807; x_wconf 81' lang='grc' dir='ltr'><em>τρισυποστατος</em></span> <span class='ocrx_word' id='word_1_557' title='bbox 3556 2740 3747 2795; x_wconf 85' lang='grc' dir='ltr'><em>Θεὸτης</em></span> <span class='ocrx_word' id='word_1_558' title='bbox 3778 2741 3916 2808; x_wconf 85' lang='grc' dir='ltr'><em>μίαν</em></span> 
     </span>
    </p>
   </div>
   <div class='ocr_carea' id='block_1_77' title="bbox 2295 2821 3918 2897">
    <p class='ocr_par' dir='ltr' id='par_1_77' title="bbox 2295 2821 3918 2897">
     <span class='ocr_line' id='line_1_77' title="bbox 2295 2821 3918 2897; baseline 0 -21"><span class='ocrx_word' id='word_1_559' title='bbox 2295 2824 2502 2882; x_wconf 66' lang='grc' dir='ltr'><em>θέλησιν</em></span> <span class='ocrx_word' id='word_1_560' title='bbox 2556 2827 2670 2894; x_wconf 79' lang='grc' dir='ltr'><em>ἔχει</em></span> <span class='ocrx_word' id='word_1_561' title='bbox 2713 2828 2803 2875; x_wconf 85' lang='lat' dir='ltr'>xui</span> <span class='ocrx_word' id='word_1_562' title='bbox 2855 2828 2979 2894; x_wconf 86' lang='grc' dir='ltr'><em>μίαν</em></span> <span class='ocrx_word' id='word_1_563' title='bbox 3045 2826 3296 2897; x_wconf 85' lang='grc' dir='ltr'><em>ἐνέργειαν</em></span> <span class='ocrx_word' id='word_1_564' title='bbox 3334 2842 3346 2854; x_wconf 91' lang='grc'><strong>·</strong></span> <span class='ocrx_word' id='word_1_565' title='bbox 3399 2825 3423 2875; x_wconf 86' lang='lat'>6</span> <span class='ocrx_word' id='word_1_566' title='bbox 3477 2821 3535 2876; x_wconf 68' lang='grc' dir='ltr'>δὲ</span> <span class='ocrx_word' id='word_1_567' title='bbox 3590 2826 3705 2884; x_wconf 74' lang='grc' dir='ltr'>Υἱὸς</span> <span class='ocrx_word' id='word_1_568' title='bbox 3739 2866 3751 2890; x_wconf 90' lang='grc'>,</span> <span class='ocrx_word' id='word_1_569' title='bbox 3797 2822 3918 2876; x_wconf 76' lang='grc' dir='ltr'><em>ἐπι-</em></span> 
     </span>
    </p>
   </div>
   <div class='ocr_carea' id='block_1_78' title="bbox 2287 2912 3918 2990">
    <p class='ocr_par' dir='ltr' id='par_1_78' title="bbox 2287 2912 3918 2990">
     <span class='ocr_line' id='line_1_78' title="bbox 2287 2912 3918 2990; baseline 0 -26"><span class='ocrx_word' id='word_1_570' title='bbox 2287 2922 2538 2965; x_wconf 84' lang='grc' dir='ltr'><em>κοινωνών</em></span> <span class='ocrx_word' id='word_1_571' title='bbox 2588 2918 2678 2965; x_wconf 86' lang='lat' dir='ltr'>xui.</span> <span class='ocrx_word' id='word_1_572' title='bbox 2747 2921 2857 2974; x_wconf 90' lang='grc' dir='ltr'><em>τοῖς</em></span> <span class='ocrx_word' id='word_1_573' title='bbox 2926 2912 3216 2986; x_wconf 81' lang='grc' dir='ltr'><em>ἀνθρώποις</em></span> <span class='ocrx_word' id='word_1_574' title='bbox 3274 2915 3398 2984; x_wconf 75' lang='grc' dir='ltr'><em>ἡμῖν</em></span> <span class='ocrx_word' id='word_1_575' title='bbox 3443 2921 3504 2984; x_wconf 74' lang='grc' dir='ltr'><em>τῇ</em></span> <span class='ocrx_word' id='word_1_576' title='bbox 3558 2921 3649 2973; x_wconf 84' lang='grc' dir='ltr'><em>τῆς</em></span> <span class='ocrx_word' id='word_1_577' title='bbox 3707 2918 3918 2990; x_wconf 79' lang='grc' dir='ltr'>σοιρκὸς</span> 
     </span>
    </p>
   </div>
   <div class='ocr_carea' id='block_1_79' title="bbox 2285 2998 3914 3074">
    <p class='ocr_par' dir='ltr' id='par_1_79' title="bbox 2285 2998 3914 3074">
     <span class='ocr_line' id='line_1_79' title="bbox 2285 2998 3914 3074; baseline -0.001 -19"><span class='ocrx_word' id='word_1_578' title='bbox 2285 3001 2591 3074; x_wconf 76' lang='grc' dir='ltr'><em>πμοσλήψει</em></span> <span class='ocrx_word' id='word_1_579' title='bbox 2624 3046 2638 3071; x_wconf 86' lang='grc'>,</span> <span class='ocrx_word' id='word_1_580' title='bbox 2692 2998 2883 3059; x_wconf 72' lang='grc' dir='ltr'><em>διπλῆν</em></span> <span class='ocrx_word' id='word_1_581' title='bbox 2935 3005 3024 3052; x_wconf 89' lang='lat' dir='ltr'>xui.</span> <span class='ocrx_word' id='word_1_582' title='bbox 3081 3006 3175 3059; x_wconf 76' lang='grc' dir='ltr'>τήν</span> <span class='ocrx_word' id='word_1_583' title='bbox 3239 3001 3446 3058; x_wconf 69' lang='grc' dir='ltr'><em>θέλησιν</em></span> <span class='ocrx_word' id='word_1_584' title='bbox 3509 3003 3620 3073; x_wconf 82' lang='grc' dir='ltr'>εἶχε</span> <span class='ocrx_word' id='word_1_585' title='bbox 3678 3007 3768 3054; x_wconf 83' lang='grc' dir='ltr'><em>καὶ</em></span> <span class='ocrx_word' id='word_1_586' title='bbox 3809 3008 3914 3061; x_wconf 73' lang='grc' dir='ltr'>τήν</span> 
     </span>
    </p>
   </div>
   <div class='ocr_carea' id='block_1_80' title="bbox 2288 3090 3910 3165">
    <p class='ocr_par' dir='ltr' id='par_1_80' title="bbox 2288 3090 3910 3165">
     <span class='ocr_line' id='line_1_80' title="bbox 2288 3090 3910 3165; baseline 0 -22"><span class='ocrx_word' id='word_1_587' title='bbox 2288 3090 2541 3165; x_wconf 84' lang='grc' dir='ltr'><em>ἐνέργειαν</em></span> <span class='ocrx_word' id='word_1_588' title='bbox 2595 3129 2608 3141; x_wconf 94' lang='grc'>.</span> <span class='ocrx_word' id='word_1_589' title='bbox 2666 3095 2758 3148; x_wconf 73' lang='grc' dir='ltr'>τὴν</span> <span class='ocrx_word' id='word_1_590' title='bbox 2825 3094 2914 3163; x_wconf 80' lang='grc' dir='ltr'>μεν</span> <span class='ocrx_word' id='word_1_591' title='bbox 2995 3093 3062 3152; x_wconf 85' lang='grc' dir='ltr'>ὡς</span> <span class='ocrx_word' id='word_1_592' title='bbox 3157 3092 3436 3163; x_wconf 76' lang='grc' dir='ltr'><em>ὀμοούσιος</em></span> <span class='ocrx_word' id='word_1_593' title='bbox 3502 3095 3569 3140; x_wconf 80' lang='grc' dir='ltr'><em>ὧν</em></span> <span class='ocrx_word' id='word_1_594' title='bbox 3642 3098 3714 3160; x_wconf 83' lang='grc' dir='ltr'><em>τῷ</em></span> <span class='ocrx_word' id='word_1_595' title='bbox 3784 3099 3910 3161; x_wconf 80' lang='grc' dir='ltr'>Θεῷ</span> 
     </span>
    </p>
   </div>
   <div class='ocr_carea' id='block_1_81' title="bbox 2287 3176 3908 3254">
    <p class='ocr_par' dir='ltr' id='par_1_81' title="bbox 2287 3176 3908 3254">
     <span class='ocr_line' id='line_1_81' title="bbox 2287 3176 3908 3254; baseline 0 -22"><span class='ocrx_word' id='word_1_596' title='bbox 2287 3185 2377 3232; x_wconf 90' lang='lat' dir='ltr'>xui</span> <span class='ocrx_word' id='word_1_597' title='bbox 2419 3185 2624 3254; x_wconf 83' lang='grc' dir='ltr'><em>Πατρὶ,</em></span> <span class='ocrx_word' id='word_1_598' title='bbox 2653 3184 2746 3238; x_wconf 81' lang='grc' dir='ltr'>τήν</span> <span class='ocrx_word' id='word_1_599' title='bbox 2797 3176 2856 3231; x_wconf 76' lang='grc' dir='ltr'>δὲ</span> <span class='ocrx_word' id='word_1_600' title='bbox 2897 3182 2962 3240; x_wconf 88' lang='grc' dir='ltr'>ὡς</span> <span class='ocrx_word' id='word_1_601' title='bbox 3005 3181 3286 3251; x_wconf 85' lang='grc' dir='ltr'><em>ὁμοούσιος</em></span> <span class='ocrx_word' id='word_1_602' title='bbox 3311 3184 3376 3229; x_wconf 85' lang='grc' dir='ltr'>ὤν</span> <span class='ocrx_word' id='word_1_603' title='bbox 3430 3181 3554 3250; x_wconf 77' lang='grc' dir='ltr'><em>ἡμῖν</em></span> <span class='ocrx_word' id='word_1_604' title='bbox 3586 3220 3598 3233; x_wconf 91' lang='grc'>.</span> <span class='ocrx_word' id='word_1_605' title='bbox 3640 3178 3779 3236; x_wconf 83' lang='grc' dir='ltr'><em>Πλήν</em></span> <span class='ocrx_word' id='word_1_606' title='bbox 3839 3180 3908 3232; x_wconf 68' lang='grc' dir='ltr'><em>οὐ</em></span> 
     </span>
    </p>
   </div>
   <div class='ocr_carea' id='block_1_82' title="bbox 2289 3264 3907 3342">
    <p class='ocr_par' dir='ltr' id='par_1_82' title="bbox 2289 3264 3907 3342">
     <span class='ocr_line' id='line_1_82' title="bbox 2289 3264 3907 3342; baseline -0.001 -21"><span class='ocrx_word' id='word_1_607' title='bbox 2289 3266 2613 3342; x_wconf 75' lang='grc' dir='ltr'><em>διηρημένας</em></span> <span class='ocrx_word' id='word_1_608' title='bbox 2676 3271 2836 3340; x_wconf 78' lang='grc' dir='ltr'><em>φαμεν</em></span> <span class='ocrx_word' id='word_1_609' title='bbox 2898 3270 2993 3330; x_wconf 81' lang='grc' dir='ltr'>τὰς</span> <span class='ocrx_word' id='word_1_610' title='bbox 3051 3266 3343 3341; x_wconf 84' lang='grc' dir='ltr'><em>ἐνεργείας,</em></span> <span class='ocrx_word' id='word_1_611' title='bbox 3404 3264 3527 3319; x_wconf 69' lang='grc' dir='ltr'>οὐδὲ</span> <span class='ocrx_word' id='word_1_612' title='bbox 3587 3270 3679 3328; x_wconf 82' lang='grc' dir='ltr'>τὰς</span> <span class='ocrx_word' id='word_1_613' title='bbox 3718 3270 3907 3339; x_wconf 73' lang='grc' dir='ltr'><em>φύσεις</em></span> 
     </span>
    </p>
   </div>
   <div class='ocr_carea' id='block_1_83' title="bbox 2288 3355 3908 3430">
    <p class='ocr_par' dir='ltr' id='par_1_83' title="bbox 2288 3355 3908 3430">
     <span class='ocr_line' id='line_1_83' title="bbox 2288 3355 3908 3430; baseline 0 -22"><span class='ocrx_word' id='word_1_614' title='bbox 2288 3356 2650 3430; x_wconf 82' lang='grc' dir='ltr'><em>ἐνεργουμένας</em></span> <span class='ocrx_word' id='word_1_615' title='bbox 2725 3360 3155 3430; x_wconf 83' lang='grc' dir='ltr'><em>κεχωρισμένως,</em></span> <span class='ocrx_word' id='word_1_616' title='bbox 3223 3355 3331 3408; x_wconf 78' lang='grc' dir='ltr'><em>ἀλλ’</em></span> <span class='ocrx_word' id='word_1_617' title='bbox 3421 3359 3687 3428; x_wconf 82' lang='grc' dir='ltr'><em>ήνωμένως</em></span> <span class='ocrx_word' id='word_1_618' title='bbox 3780 3356 3908 3408; x_wconf 80' lang='grc' dir='ltr'><em>ἐκά-</em></span> 
     </span>
    </p>
   </div>
   <div class='ocr_carea' id='block_1_84' title="bbox 2291 3444 3904 3521">
    <p class='ocr_par' dir='ltr' id='par_1_84' title="bbox 2291 3444 3904 3521">
     <span class='ocr_line' id='line_1_84' title="bbox 2291 3444 3904 3521; baseline 0 -23"><span class='ocrx_word' id='word_1_619' title='bbox 2291 3464 2416 3503; x_wconf 89' lang='grc' dir='ltr'><em>στην</em></span> <span class='ocrx_word' id='word_1_620' title='bbox 2467 3448 2599 3517; x_wconf 82' lang='grc' dir='ltr'><em>μετὰ</em></span> <span class='ocrx_word' id='word_1_621' title='bbox 2653 3455 2748 3507; x_wconf 79' lang='grc' dir='ltr'>τῆς</span> <span class='ocrx_word' id='word_1_622' title='bbox 2807 3448 3022 3520; x_wconf 81' lang='grc' dir='ltr'><em>θατέρου</em></span> <span class='ocrx_word' id='word_1_623' title='bbox 3071 3451 3336 3506; x_wconf 86' lang='grc' dir='ltr'><em>κοινωνίας</em></span> <span class='ocrx_word' id='word_1_624' title='bbox 3394 3444 3696 3521; x_wconf 79' lang='grc' dir='ltr'><em>ἐνεργοῦσαν</em></span> <span class='ocrx_word' id='word_1_625' title='bbox 3748 3447 3904 3498; x_wconf 73' lang='grc' dir='ltr'><em>τοῦθ’</em></span> 
     </span>
    </p>
   </div>
   <div class='ocr_carea' id='block_1_85' title="bbox 3421 3359 3687 3428">
    <p class='ocr_par' dir='ltr' id='par_1_85' title="bbox 3421 3359 3687 3428">
     <span class='ocr_line' id='line_1_85' title="bbox 3421 3359 3687 3428; baseline 0 -22"><span class='ocrx_word' id='word_1_626' title='bbox 3421 3359 3687 3428; x_wconf 82' lang='grc' dir='ltr'><em>ήνωμένως</em></span> 
     </span>
    </p>
   </div>
   <div class='ocr_carea' id='block_1_86' title="bbox 2286 3531 3905 3609">
    <p class='ocr_par' dir='ltr' id='par_1_86' title="bbox 2286 3531 3905 3609">
     <span class='ocr_line' id='line_1_86' title="bbox 2286 3531 3905 3609; baseline 0 -23"><span class='ocrx_word' id='word_1_627' title='bbox 2286 3535 2406 3608; x_wconf 84' lang='grc' dir='ltr'><em>ὅπερ</em></span> <span class='ocrx_word' id='word_1_628' title='bbox 2460 3531 2596 3586; x_wconf 75' lang='grc' dir='ltr'><em>ῖὸιον</em></span> <span class='ocrx_word' id='word_1_629' title='bbox 2661 3537 2888 3606; x_wconf 81' lang='grc' dir='ltr'><em>ἔσχηκεν</em></span> <span class='ocrx_word' id='word_1_630' title='bbox 2932 3552 2943 3562; x_wconf 94' lang='grc'>·</span> <span class='ocrx_word' id='word_1_631' title='bbox 3004 3533 3122 3586; x_wconf 78' lang='grc' dir='ltr'><em>οὒτε</em></span> <span class='ocrx_word' id='word_1_632' title='bbox 3185 3537 3282 3609; x_wconf 78' lang='grc' dir='ltr'><em>γὰρ</em></span> <span class='ocrx_word' id='word_1_633' title='bbox 3340 3537 3406 3586; x_wconf 85' lang='grc' dir='ltr'><em>τὰ</em></span> <span class='ocrx_word' id='word_1_634' title='bbox 3458 3533 3754 3608; x_wconf 81' lang='grc' dir='ltr'><em>ἀνθρώπινα</em></span> <span class='ocrx_word' id='word_1_635' title='bbox 3810 3533 3905 3586; x_wconf 76' lang='grc' dir='ltr'>ἀν-</span> 
     </span>
    </p>
   </div>
   <div class='ocr_carea' id='block_1_87' title="bbox 2288 3621 3889 3698">
    <p class='ocr_par' dir='ltr' id='par_1_87' title="bbox 2288 3621 3889 3698">
     <span class='ocr_line' id='line_1_87' title="bbox 2288 3621 3889 3698; baseline 0.001 -24"><span class='ocrx_word' id='word_1_636' title='bbox 2288 3625 2556 3696; x_wconf 88' lang='grc' dir='ltr'><em>θρωπίνως</em></span> <span class='ocrx_word' id='word_1_637' title='bbox 2607 3624 2886 3696; x_wconf 80' lang='grc' dir='ltr'><em>ἐνήργηκεν</em></span> <span class='ocrx_word' id='word_1_638' title='bbox 2935 3669 2950 3694; x_wconf 87' lang='grc'>,</span> <span class='ocrx_word' id='word_1_639' title='bbox 3002 3623 3060 3675; x_wconf 70' lang='grc' dir='ltr'><em>οὐ</em></span> <span class='ocrx_word' id='word_1_640' title='bbox 3108 3626 3207 3698; x_wconf 85' lang='grc' dir='ltr'><em>γὰρ</em></span> <span class='ocrx_word' id='word_1_641' title='bbox 3261 3623 3413 3694; x_wconf 70' lang='grc' dir='ltr'><em>ψιλὸς</em></span> <span class='ocrx_word' id='word_1_642' title='bbox 3470 3621 3529 3681; x_wconf 78' lang='grc' dir='ltr'><em>ἦν</em></span> <span class='ocrx_word' id='word_1_643' title='bbox 3587 3625 3889 3695; x_wconf 78' lang='grc' dir='ltr'><em>ἄνθρωπος’</em></span> 
     </span>
    </p>
   </div>
   <div class='ocr_carea' id='block_1_88' title="bbox 2285 3708 3898 3784">
    <p class='ocr_par' dir='ltr' id='par_1_88' title="bbox 2285 3708 3898 3784">
     <span class='ocr_line' id='line_1_88' title="bbox 2285 3708 3898 3784; baseline 0 -21"><span class='ocrx_word' id='word_1_644' title='bbox 2285 3713 2402 3763; x_wconf 76' lang='grc' dir='ltr'><em>οὔτε</em></span> <span class='ocrx_word' id='word_1_645' title='bbox 2439 3715 2505 3764; x_wconf 75' lang='grc' dir='ltr'><em>τὰ</em></span> <span class='ocrx_word' id='word_1_646' title='bbox 2571 3715 2685 3764; x_wconf 86' lang='grc' dir='ltr'><em>θεῖα</em></span> <span class='ocrx_word' id='word_1_647' title='bbox 2743 3715 2878 3764; x_wconf 81' lang='grc' dir='ltr'><em>κατὰ</em></span> <span class='ocrx_word' id='word_1_648' title='bbox 2933 3716 3061 3766; x_wconf 85' lang='grc' dir='ltr'>Θεὸν</span> <span class='ocrx_word' id='word_1_649' title='bbox 3127 3718 3323 3784; x_wconf 80' lang='grc' dir='ltr'><em>μονον,</em></span> <span class='ocrx_word' id='word_1_650' title='bbox 3356 3712 3414 3764; x_wconf 70' lang='grc' dir='ltr'><em>οὗ</em></span> <span class='ocrx_word' id='word_1_651' title='bbox 3468 3714 3565 3782; x_wconf 86' lang='grc' dir='ltr'><em>γὰρ</em></span> <span class='ocrx_word' id='word_1_652' title='bbox 3633 3708 3693 3769; x_wconf 70' lang='grc' dir='ltr'><em>ἦν</em></span> <span class='ocrx_word' id='word_1_653' title='bbox 3732 3717 3898 3783; x_wconf 83' lang='grc' dir='ltr'><em>μόνον</em></span> 
     </span>
    </p>
   </div>
   <div class='ocr_carea' id='block_1_89' title="bbox 2285 3798 3898 3876">
    <p class='ocr_par' dir='ltr' id='par_1_89' title="bbox 2285 3798 3898 3876">
     <span class='ocr_line' id='line_1_89' title="bbox 2285 3798 3898 3876; baseline -0.001 -22"><span class='ocrx_word' id='word_1_654' title='bbox 2285 3807 2412 3863; x_wconf 83' lang='grc' dir='ltr'>Θεὸς</span> <span class='ocrx_word' id='word_1_655' title='bbox 2446 3817 2458 3830; x_wconf 88' lang='grc'><strong>·</strong></span> <span class='ocrx_word' id='word_1_656' title='bbox 2499 3800 2604 3853; x_wconf 79' lang='grc' dir='ltr'><em>ἀλλ’</em></span> <span class='ocrx_word' id='word_1_657' title='bbox 2638 3803 2693 3853; x_wconf 83' lang='grc' dir='ltr'><em>αἱ</em></span> <span class='ocrx_word' id='word_1_658' title='bbox 2733 3798 2829 3854; x_wconf 72' lang='grc' dir='ltr'>δύο</span> <span class='ocrx_word' id='word_1_659' title='bbox 2861 3804 3042 3873; x_wconf 72' lang='grc' dir='ltr'><em>φύσεις</em></span> <span class='ocrx_word' id='word_1_660' title='bbox 3072 3799 3142 3862; x_wconf 82' lang='grc' dir='ltr'>εἷς</span> <span class='ocrx_word' id='word_1_661' title='bbox 3196 3800 3307 3852; x_wconf 84' lang='grc' dir='ltr'><em>ἐστι</em></span> <span class='ocrx_word' id='word_1_662' title='bbox 3373 3803 3613 3876; x_wconf 80' lang='grc' dir='ltr'><em>Χριστὸς,</em></span> <span class='ocrx_word' id='word_1_663' title='bbox 3648 3806 3738 3852; x_wconf 82' lang='grc' dir='ltr'><em>καὶ</em></span> <span class='ocrx_word' id='word_1_664' title='bbox 3769 3802 3795 3851; x_wconf 92' lang='lat'>6</span> <span class='ocrx_word' id='word_1_665' title='bbox 3823 3803 3898 3863; x_wconf 82' lang='grc' dir='ltr'>εἷς</span> 
     </span>
    </p>
   </div>
   <div class='ocr_carea' id='block_1_90' title="bbox 2281 3887 3895 3964">
    <p class='ocr_par' dir='ltr' id='par_1_90' title="bbox 2281 3887 3895 3964">
     <span class='ocr_line' id='line_1_90' title="bbox 2281 3887 3895 3964; baseline -0.001 -21"><span class='ocrx_word' id='word_1_666' title='bbox 2281 3893 2512 3964; x_wconf 85' lang='grc' dir='ltr'><em>Χριστὸς</em></span> <span class='ocrx_word' id='word_1_667' title='bbox 2559 3887 2656 3942; x_wconf 77' lang='grc' dir='ltr'>δύο</span> <span class='ocrx_word' id='word_1_668' title='bbox 2703 3894 2884 3964; x_wconf 77' lang='grc' dir='ltr'><em>φυσεις</em></span> <span class='ocrx_word' id='word_1_669' title='bbox 2941 3889 3072 3942; x_wconf 88' lang='grc' dir='ltr'><em>ἐστί.</em></span> <span class='ocrx_word' id='word_1_670' title='bbox 3129 3895 3230 3942; x_wconf 81' lang='grc' dir='ltr'>Καὶ</span> <span class='ocrx_word' id='word_1_671' title='bbox 3294 3889 3459 3952; x_wconf 75' lang='grc' dir='ltr'><em>ἄλλως</em></span> <span class='ocrx_word' id='word_1_672' title='bbox 3489 3904 3502 3919; x_wconf 86' lang='grc'>⁶</span> <span class='ocrx_word' id='word_1_673' title='bbox 3536 3893 3596 3942; x_wconf 78' lang='lat' dir='ltr'>Ei</span> <span class='ocrx_word' id='word_1_674' title='bbox 3633 3895 3752 3961; x_wconf 84' lang='grc' dir='ltr'><em>μίαν</em></span> <span class='ocrx_word' id='word_1_675' title='bbox 3808 3892 3895 3942; x_wconf 88' lang='grc' dir='ltr'><em>θέ-</em></span> 
     </span>
    </p>
   </div>
   <div class='ocr_carea' id='block_1_91' title="bbox 2278 3977 3896 4052">
    <p class='ocr_par' dir='ltr' id='par_1_91' title="bbox 2278 3977 3896 4052">
     <span class='ocr_line' id='line_1_91' title="bbox 2278 3977 3896 4052; baseline 0 -22"><span class='ocrx_word' id='word_1_676' title='bbox 2278 3977 2431 4037; x_wconf 87' lang='grc' dir='ltr'><em>λησιν</em></span> <span class='ocrx_word' id='word_1_677' title='bbox 2508 3982 2726 4051; x_wconf 85' lang='grc' dir='ltr'><em>εῖπωμεν</em></span> <span class='ocrx_word' id='word_1_678' title='bbox 2776 3979 2858 4032; x_wconf 84' lang='grc' dir='ltr'><em>ἐπὶ</em></span> <span class='ocrx_word' id='word_1_679' title='bbox 2910 3988 3002 4031; x_wconf 84' lang='grc' dir='ltr'>τοῦ</span> <span class='ocrx_word' id='word_1_680' title='bbox 3063 3985 3300 4052; x_wconf 81' lang='grc' dir='ltr'><em>Χριστοῦ</em></span> <span class='ocrx_word' id='word_1_681' title='bbox 3343 3983 3408 4039; x_wconf 80' lang='grc' dir='ltr'>ὥς</span> <span class='ocrx_word' id='word_1_682' title='bbox 3457 3978 3538 4030; x_wconf 84' lang='grc' dir='ltr'><em>ἐπὶ</em></span> <span class='ocrx_word' id='word_1_683' title='bbox 3595 3986 3689 4038; x_wconf 79' lang='grc' dir='ltr'>τῆς</span> <span class='ocrx_word' id='word_1_684' title='bbox 3726 3978 3896 4049; x_wconf 79' lang='grc' dir='ltr'><em>ἁγίας</em></span> 
     </span>
    </p>
   </div>
   <div class='ocr_carea' id='block_1_92' title="bbox 2274 4064 3890 4142">
    <p class='ocr_par' dir='ltr' id='par_1_92' title="bbox 2274 4064 3890 4142">
     <span class='ocr_line' id='line_1_92' title="bbox 2274 4064 3890 4142; baseline -0.001 -21"><span class='ocrx_word' id='word_1_685' title='bbox 2274 4064 2538 4142; x_wconf 76' lang='grc' dir='ltr'><em>Τριάδος,</em></span> <span class='ocrx_word' id='word_1_686' title='bbox 2571 4067 2717 4120; x_wconf 74' lang='grc' dir='ltr'><em>ἔσται</em></span> <span class='ocrx_word' id='word_1_687' title='bbox 2769 4071 2975 4129; x_wconf 87' lang='grc' dir='ltr'><em>πάντως</em></span> <span class='ocrx_word' id='word_1_688' title='bbox 3021 4073 3120 4140; x_wconf 89' lang='grc' dir='ltr'>μία</span> <span class='ocrx_word' id='word_1_689' title='bbox 3163 4073 3253 4119; x_wconf 82' lang='grc' dir='ltr'><em>καὶ</em></span> <span class='ocrx_word' id='word_1_690' title='bbox 3300 4067 3491 4125; x_wconf 69' lang='grc' dir='ltr'><em>ἣαῦτή</em></span> <span class='ocrx_word' id='word_1_691' title='bbox 3538 4067 3740 4127; x_wconf 86' lang='grc' dir='ltr'><em>θέλησις</em></span> <span class='ocrx_word' id='word_1_692' title='bbox 3790 4077 3890 4120; x_wconf 76' lang='grc' dir='ltr'>τοῦ</span> 
     </span>
    </p>
   </div>
   <div class='ocr_carea' id='block_1_93' title="bbox 2274 4159 3891 4232">
    <p class='ocr_par' dir='ltr' id='par_1_93' title="bbox 2274 4159 3891 4232">
     <span class='ocr_line' id='line_1_93' title="bbox 2274 4159 3891 4232; baseline -0.001 -21"><span class='ocrx_word' id='word_1_693' title='bbox 2274 4163 2474 4232; x_wconf 88' lang='grc' dir='ltr'><em>Πατρὸς</em></span> <span class='ocrx_word' id='word_1_694' title='bbox 2540 4164 2632 4211; x_wconf 86' lang='grc' dir='ltr'><em>καὶ</em></span> <span class='ocrx_word' id='word_1_695' title='bbox 2701 4166 2792 4211; x_wconf 86' lang='grc' dir='ltr'>τοῦ</span> <span class='ocrx_word' id='word_1_696' title='bbox 2869 4163 3043 4229; x_wconf 81' lang='grc' dir='ltr'><em>Λόγου</em></span> <span class='ocrx_word' id='word_1_697' title='bbox 3103 4163 3194 4210; x_wconf 84' lang='grc' dir='ltr'><em>καὶ</em></span> <span class='ocrx_word' id='word_1_698' title='bbox 3252 4166 3341 4218; x_wconf 80' lang='grc' dir='ltr'>τῆς</span> <span class='ocrx_word' id='word_1_699' title='bbox 3388 4163 3600 4230; x_wconf 85' lang='grc' dir='ltr'><em>σαρκός.</em></span> <span class='ocrx_word' id='word_1_700' title='bbox 3642 4159 3777 4230; x_wconf 78' lang='grc' dir='ltr'><em>Πρὸς</em></span> <span class='ocrx_word' id='word_1_701' title='bbox 3810 4159 3891 4220; x_wconf 85' lang='grc' dir='ltr'><em>οἷς</em></span> 
     </span>
    </p>
   </div>
   <div class='ocr_carea' id='block_1_94' title="bbox 2272 4243 3887 4322">
    <p class='ocr_par' dir='ltr' id='par_1_94' title="bbox 2272 4243 3887 4322">
     <span class='ocr_line' id='line_1_94' title="bbox 2272 4243 3887 4322; baseline -0.001 -21"><span class='ocrx_word' id='word_1_702' title='bbox 2272 4249 2547 4322; x_wconf 84' lang='grc' dir='ltr'><em>εἰρήκαμεν</em></span> <span class='ocrx_word' id='word_1_703' title='bbox 2615 4251 2691 4300; x_wconf 84' lang='grc' dir='ltr'>ἔτι</span> <span class='ocrx_word' id='word_1_704' title='bbox 2749 4253 2839 4300; x_wconf 85' lang='grc' dir='ltr'><em>καὶ</em></span> <span class='ocrx_word' id='word_1_705' title='bbox 2895 4255 3048 4300; x_wconf 81' lang='grc' dir='ltr'><em>τοῦτο</em></span> <span class='ocrx_word' id='word_1_706' title='bbox 3114 4250 3240 4308; x_wconf 82' lang='grc' dir='ltr'><em>ἴσως</em></span> <span class='ocrx_word' id='word_1_707' title='bbox 3303 4250 3674 4312; x_wconf 80' lang='grc' dir='ltr'><em>προσθήσουσι</em></span> <span class='ocrx_word' id='word_1_708' title='bbox 3749 4243 3887 4300; x_wconf 66' lang='grc' dir='ltr'><em>δια-</em></span> 
     </span>
    </p>
   </div>
   <div class='ocr_carea' id='block_1_95' title="bbox 2270 4335 3890 4409">
    <p class='ocr_par' dir='ltr' id='par_1_95' title="bbox 2270 4335 3890 4409">
     <span class='ocr_line' id='line_1_95' title="bbox 2270 4335 3890 4409; baseline -0.003 -18"><span class='ocrx_word' id='word_1_709' title='bbox 2270 4339 2600 4399; x_wconf 80' lang='grc' dir='ltr'><em>σκευάζοντες</em></span> <span class='ocrx_word' id='word_1_710' title='bbox 2673 4338 3130 4409; x_wconf 86' lang='grc' dir='ltr'><em>συλλογιστικῶς·</em></span> <span class='ocrx_word' id='word_1_711' title='bbox 3167 4337 3278 4390; x_wconf 69' lang='grc' dir='ltr'>Οὐκ</span> <span class='ocrx_word' id='word_1_712' title='bbox 3318 4340 3430 4390; x_wconf 83' lang='grc' dir='ltr'><em>ἔστι</em></span> <span class='ocrx_word' id='word_1_713' title='bbox 3480 4340 3630 4408; x_wconf 76' lang='grc' dir='ltr'><em>φύσις</em></span> <span class='ocrx_word' id='word_1_714' title='bbox 3686 4335 3890 4390; x_wconf 61' lang='lat' dir='ltr'>abun-6-</span> 
     </span>
    </p>
   </div>
   <div class='ocr_carea' id='block_1_96' title="bbox 504 4423 2182 4500">
    <p class='ocr_par' dir='ltr' id='par_1_96' title="bbox 504 4424 2156 4496">
     <span class='ocr_line' id='line_1_96' title="bbox 504 4424 2156 4496; baseline -0.001 -11"><span class='ocrx_word' id='word_1_715' title='bbox 504 4429 708 4486; x_wconf 88' lang='lat' dir='ltr'>volent</span> <span class='ocrx_word' id='word_1_716' title='bbox 756 4446 768 4483; x_wconf 94' lang='lat'><strong>:</strong></span> <span class='ocrx_word' id='word_1_717' title='bbox 825 4429 953 4482; x_wconf 89' lang='lat' dir='ltr'>Non</span> <span class='ocrx_word' id='word_1_718' title='bbox 1001 4429 1088 4480; x_wconf 91' lang='lat' dir='ltr'>est</span> <span class='ocrx_word' id='word_1_719' title='bbox 1134 4428 1348 4480; x_wconf 90' lang='lat' dir='ltr'>natura</span> <span class='ocrx_word' id='word_1_720' title='bbox 1394 4424 1624 4496; x_wconf 90' lang='lat' dir='ltr'>absque</span> <span class='ocrx_word' id='word_1_721' title='bbox 1679 4424 1995 4496; x_wconf 83' lang='lat' dir='ltr'>hypostasi</span> <span class='ocrx_word' id='word_1_722' title='bbox 2051 4443 2156 4483; x_wconf 91' lang='lat' dir='ltr'>seu</span> 
     </span>
    </p>
   </div>
   <div class='ocr_carea' id='block_1_97' title="bbox 2295 4423 3888 4500">
    <p class='ocr_par' dir='ltr' id='par_1_97' title="bbox 2295 4423 3888 4500">
     <span class='ocr_line' id='line_1_97' title="bbox 2295 4423 3888 4500; baseline 0 -20"><span class='ocrx_word' id='word_1_723' title='bbox 2295 4449 2457 4489; x_wconf 80' lang='grc' dir='ltr'><em>’τατος</em></span> <span class='ocrx_word' id='word_1_724' title='bbox 2508 4432 2622 4485; x_wconf 77' lang='grc' dir='ltr'><em>ἤτοι</em></span> <span class='ocrx_word' id='word_1_725' title='bbox 2682 4425 2996 4500; x_wconf 78' lang='grc' dir='ltr'><em>ἀπρόσωπος</em></span> <span class='ocrx_word' id='word_1_726' title='bbox 3028 4441 3042 4456; x_wconf 85' lang='lat'><strong>&#39;</strong></span> <span class='ocrx_word' id='word_1_727' title='bbox 3079 4427 3122 4478; x_wconf 88' lang='grc' dir='ltr'><strong>εἰ</strong></span> <span class='ocrx_word' id='word_1_728' title='bbox 3170 4423 3256 4478; x_wconf 72' lang='grc' dir='ltr'><em>οὖν</em></span> <span class='ocrx_word' id='word_1_729' title='bbox 3308 4423 3404 4478; x_wconf 73' lang='grc' dir='ltr'>δύο</span> <span class='ocrx_word' id='word_1_730' title='bbox 3432 4468 3445 4494; x_wconf 90' lang='grc'>,</span> <span class='ocrx_word' id='word_1_731' title='bbox 3479 4431 3644 4497; x_wconf 79' lang='grc' dir='ltr'><em>φασὶ,</em></span> <span class='ocrx_word' id='word_1_732' title='bbox 3698 4429 3888 4498; x_wconf 71' lang='grc' dir='ltr'><em>φύσεις</em></span> 
     </span>
    </p>
   </div>
   <div class='ocr_carea' id='block_1_98' title="bbox 503 4514 2156 4591">
    <p class='ocr_par' dir='ltr' id='par_1_98' title="bbox 503 4514 2156 4591">
     <span class='ocr_line' id='line_1_98' title="bbox 503 4514 2156 4591; baseline -0.002 -17"><span class='ocrx_word' id='word_1_733' title='bbox 503 4533 763 4591; x_wconf 89' lang='lat' dir='ltr'>persona</span> <span class='ocrx_word' id='word_1_734' title='bbox 807 4535 819 4586; x_wconf 87' lang='lat'>;</span> <span class='ocrx_word' id='word_1_735' title='bbox 891 4515 942 4569; x_wconf 90' lang='lat' dir='ltr'>si</span> <span class='ocrx_word' id='word_1_736' title='bbox 973 4514 1193 4585; x_wconf 88' lang='lat' dir='ltr'>igitur,</span> <span class='ocrx_word' id='word_1_737' title='bbox 1242 4514 1524 4585; x_wconf 90' lang='lat' dir='ltr'>inquiunt</span> <span class='ocrx_word' id='word_1_738' title='bbox 1579 4514 1732 4570; x_wconf 90' lang='lat' dir='ltr'>duas</span> <span class='ocrx_word' id='word_1_739' title='bbox 1796 4520 2042 4570; x_wconf 88' lang='lat' dir='ltr'>naturas</span> <span class='ocrx_word' id='word_1_740' title='bbox 2094 4517 2156 4572; x_wconf 90' lang='lat' dir='ltr'>in</span> 
     </span>
    </p>
   </div>
   <div class='ocr_carea' id='block_1_99' title="bbox 507 4603 2156 4676">
    <p class='ocr_par' dir='ltr' id='par_1_99' title="bbox 507 4603 2156 4676">
     <span class='ocr_line' id='line_1_99' title="bbox 507 4603 2156 4676; baseline -0.002 -13"><span class='ocrx_word' id='word_1_741' title='bbox 507 4607 732 4664; x_wconf 74' lang='lat' dir='ltr'>Christo</span> <span class='ocrx_word' id='word_1_742' title='bbox 770 4603 1114 4669; x_wconf 81' lang='lat' dir='ltr'>dixerimus,</span> <span class='ocrx_word' id='word_1_743' title='bbox 1148 4603 1302 4658; x_wconf 90' lang='lat' dir='ltr'>duas</span> <span class='ocrx_word' id='word_1_744' title='bbox 1332 4618 1575 4675; x_wconf 89' lang='lat' dir='ltr'>quoque</span> <span class='ocrx_word' id='word_1_745' title='bbox 1604 4604 1964 4676; x_wconf 88' lang='lat' dir='ltr'>hypostases</span> <span class='ocrx_word' id='word_1_746' title='bbox 1984 4605 2156 4660; x_wconf 88' lang='lat' dir='ltr'>indu-</span> 
     </span>
    </p>
   </div>
   <div class='ocr_carea' id='block_1_100' title="bbox 505 4691 2158 4767">
    <p class='ocr_par' dir='ltr' id='par_1_100' title="bbox 505 4691 2158 4767">
     <span class='ocr_line' id='line_1_100' title="bbox 505 4691 2158 4767; baseline -0.002 -13"><span class='ocrx_word' id='word_1_747' title='bbox 505 4712 753 4764; x_wconf 90' lang='lat' dir='ltr'>cemus;</span> <span class='ocrx_word' id='word_1_748' title='bbox 805 4698 985 4765; x_wconf 90' lang='lat' dir='ltr'>atque</span> <span class='ocrx_word' id='word_1_749' title='bbox 1035 4694 1116 4750; x_wconf 92' lang='lat' dir='ltr'>ita</span> <span class='ocrx_word' id='word_1_750' title='bbox 1167 4709 1307 4748; x_wconf 91' lang='lat' dir='ltr'>cum</span> <span class='ocrx_word' id='word_1_751' title='bbox 1359 4691 1628 4748; x_wconf 90' lang='lat' dir='ltr'>Nestorio</span> <span class='ocrx_word' id='word_1_752' title='bbox 1681 4695 2007 4750; x_wconf 89' lang='lat' dir='ltr'>sentiemus</span> <span class='ocrx_word' id='word_1_753' title='bbox 2052 4695 2158 4767; x_wconf 91' lang='lat' dir='ltr'>qui</span> 
     </span>
    </p>
   </div>
   <div class='ocr_carea' id='block_1_101' title="bbox 506 4782 1806 4858">
    <p class='ocr_par' dir='ltr' id='par_1_101' title="bbox 506 4782 1806 4858">
     <span class='ocr_line' id='line_1_101' title="bbox 506 4782 1806 4858; baseline -0.005 -14"><span class='ocrx_word' id='word_1_754' title='bbox 506 4787 659 4844; x_wconf 92' lang='lat' dir='ltr'>duas</span> <span class='ocrx_word' id='word_1_755' title='bbox 689 4786 1047 4858; x_wconf 86' lang='lat' dir='ltr'>hypostases</span> <span class='ocrx_word' id='word_1_756' title='bbox 1078 4783 1140 4839; x_wconf 88' lang='lat' dir='ltr'>in</span> <span class='ocrx_word' id='word_1_757' title='bbox 1164 4782 1394 4838; x_wconf 89' lang='lat' dir='ltr'>Christo</span> <span class='ocrx_word' id='word_1_758' title='bbox 1426 4798 1555 4838; x_wconf 90' lang='lat' dir='ltr'>esse</span> <span class='ocrx_word' id='word_1_759' title='bbox 1584 4782 1806 4839; x_wconf 92' lang='lat' dir='ltr'>docuit.</span> 
     </span>
    </p>
   </div>
   <div class='ocr_carea' id='block_1_102' title="bbox 913 4899 1745 4969">
    <p class='ocr_par' dir='ltr' id='par_1_102' title="bbox 913 4899 1745 4969">
     <span class='ocr_line' id='line_1_102' title="bbox 913 4899 1745 4969; baseline -0.001 -14"><span class='ocrx_word' id='word_1_760' title='bbox 913 4900 1012 4956; x_wconf 87' lang='lat' dir='ltr'>Ad</span> <span class='ocrx_word' id='word_1_761' title='bbox 1038 4899 1101 4955; x_wconf 72' lang='lat' dir='ltr'>id</span> <span class='ocrx_word' id='word_1_762' title='bbox 1129 4899 1608 4969; x_wconf 82' lang='lat' dir='ltr'>respondendum</span> <span class='ocrx_word' id='word_1_763' title='bbox 1640 4904 1745 4956; x_wconf 82' lang='lat' dir='ltr'>est.</span> 
     </span>
    </p>
   </div>
   <div class='ocr_carea' id='block_1_103' title="bbox 576 5017 2154 5091">
    <p class='ocr_par' dir='ltr' id='par_1_103' title="bbox 576 5017 2154 5091">
     <span class='ocr_line' id='line_1_103' title="bbox 576 5017 2154 5091; baseline -0.002 -14"><span class='ocrx_word' id='word_1_764' title='bbox 576 5027 659 5077; x_wconf 79' lang='grc'>12.</span> <span class='ocrx_word' id='word_1_765' title='bbox 703 5021 806 5078; x_wconf 91' lang='lat' dir='ltr'>Pia</span> <span class='ocrx_word' id='word_1_766' title='bbox 827 5017 1647 5091; x_wconf 87' lang='lat' dir='ltr'>Ecclesia,quemadmodum</span> <span class='ocrx_word' id='word_1_767' title='bbox 1688 5017 1927 5074; x_wconf 89' lang='lat' dir='ltr'>Sabellii</span> <span class='ocrx_word' id='word_1_768' title='bbox 1963 5033 2154 5090; x_wconf 81' lang='lat' dir='ltr'>synae-</span> 
     </span>
    </p>
   </div>
   <div class='ocr_carea' id='block_1_104' title="bbox 497 5110 2152 5183">
    <p class='ocr_par' dir='ltr' id='par_1_104' title="bbox 497 5110 2152 5183">
     <span class='ocr_line' id='line_1_104' title="bbox 497 5110 2152 5183; baseline -0.003 -14"><span class='ocrx_word' id='word_1_769' title='bbox 497 5113 680 5170; x_wconf 89' lang='lat' dir='ltr'>resim</span> <span class='ocrx_word' id='word_1_770' title='bbox 716 5110 1043 5183; x_wconf 89' lang='lat' dir='ltr'>repudians</span> <span class='ocrx_word' id='word_1_771' title='bbox 1084 5113 1200 5165; x_wconf 91' lang='lat' dir='ltr'>tres</span> <span class='ocrx_word' id='word_1_772' title='bbox 1229 5125 1525 5182; x_wconf 89' lang='lat' dir='ltr'>personas</span> <span class='ocrx_word' id='word_1_773' title='bbox 1552 5112 1608 5164; x_wconf 92' lang='lat' dir='ltr'>et</span> <span class='ocrx_word' id='word_1_774' title='bbox 1637 5123 1823 5164; x_wconf 88' lang='lat' dir='ltr'>unam</span> <span class='ocrx_word' id='word_1_775' title='bbox 1870 5111 2152 5164; x_wconf 89' lang='lat' dir='ltr'>naturam</span> 
     </span>
    </p>
   </div>
   <div class='ocr_carea' id='block_1_105' title="bbox 497 5196 2151 5264">
    <p class='ocr_par' dir='ltr' id='par_1_105' title="bbox 497 5196 2151 5264">
     <span class='ocr_line' id='line_1_105' title="bbox 497 5196 2151 5264; baseline -0.004 -6"><span class='ocrx_word' id='word_1_776' title='bbox 497 5201 894 5259; x_wconf 68' lang='lat' dir='ltr'>sanctissimae</span> <span class='ocrx_word' id='word_1_777' title='bbox 950 5199 1244 5256; x_wconf 88' lang='lat' dir='ltr'>Trinitatis</span> <span class='ocrx_word' id='word_1_778' title='bbox 1296 5198 1632 5264; x_wconf 83' lang='lat' dir='ltr'>conﬁtetur,</span> <span class='ocrx_word' id='word_1_779' title='bbox 1665 5201 1722 5252; x_wconf 93' lang='lat' dir='ltr'>et</span> <span class='ocrx_word' id='word_1_780' title='bbox 1767 5196 1887 5252; x_wconf 87' lang='lat' dir='ltr'>Arii</span> <span class='ocrx_word' id='word_1_781' title='bbox 1941 5196 2004 5251; x_wconf 89' lang='lat' dir='ltr'>in</span> <span class='ocrx_word' id='word_1_782' title='bbox 2035 5200 2151 5253; x_wconf 89' lang='lat' dir='ltr'>tres</span> 
     </span>
    </p>
   </div>
   <div class='ocr_carea' id='block_1_106' title="bbox 497 5285 2150 5361">
    <p class='ocr_par' dir='ltr' id='par_1_106' title="bbox 497 5285 2150 5361">
     <span class='ocr_line' id='line_1_106' title="bbox 497 5285 2150 5361; baseline -0.004 -14"><span class='ocrx_word' id='word_1_783' title='bbox 497 5291 819 5348; x_wconf 88' lang='lat' dir='ltr'>dissimiles</span> <span class='ocrx_word' id='word_1_784' title='bbox 843 5291 1199 5361; x_wconf 87' lang='lat' dir='ltr'>hypostases</span> <span class='ocrx_word' id='word_1_785' title='bbox 1211 5287 1569 5343; x_wconf 88' lang='lat' dir='ltr'>divisionem</span> <span class='ocrx_word' id='word_1_786' title='bbox 1589 5285 2150 5358; x_wconf 87' lang='lat' dir='ltr'>respuens,unicam</span> 
     </span>
    </p>
   </div>
   <div class='ocr_carea' id='block_1_107' title="bbox 493 5374 2147 5446">
    <p class='ocr_par' dir='ltr' id='par_1_107' title="bbox 493 5374 2147 5446">
     <span class='ocr_line' id='line_1_107' title="bbox 493 5374 2147 5446; baseline -0.007 -8"><span class='ocrx_word' id='word_1_787' title='bbox 493 5374 775 5439; x_wconf 80' lang='lat' dir='ltr'>naturam</span> <span class='ocrx_word' id='word_1_788' title='bbox 816 5379 1035 5435; x_wconf 64' lang='lat' dir='ltr'>divina:</span> <span class='ocrx_word' id='word_1_789' title='bbox 1077 5376 1373 5433; x_wconf 90' lang='lat' dir='ltr'>Trinitatis</span> <span class='ocrx_word' id='word_1_790' title='bbox 1421 5376 1615 5444; x_wconf 89' lang='lat' dir='ltr'>docet,</span> <span class='ocrx_word' id='word_1_791' title='bbox 1641 5376 1722 5430; x_wconf 89' lang='lat' dir='ltr'>sic</span> <span class='ocrx_word' id='word_1_792' title='bbox 1745 5379 1801 5429; x_wconf 87' lang='lat' dir='ltr'>et</span> <span class='ocrx_word' id='word_1_793' title='bbox 1821 5375 2147 5446; x_wconf 82' lang='lat' dir='ltr'>Monophy-</span> 
     </span>
    </p>
   </div>
   <div class='ocr_carea' id='block_1_108' title="bbox 494 5463 2149 5542">
    <p class='ocr_par' dir='ltr' id='par_1_108' title="bbox 494 5463 2149 5542">
     <span class='ocr_line' id='line_1_108' title="bbox 494 5463 2149 5542; baseline -0.005 -16"><span class='ocrx_word' id='word_1_794' title='bbox 494 5470 639 5526; x_wconf 85' lang='lat' dir='ltr'>sitas</span> <span class='ocrx_word' id='word_1_795' title='bbox 662 5470 980 5542; x_wconf 87' lang='lat' dir='ltr'>impugnat</span> <span class='ocrx_word' id='word_1_796' title='bbox 1009 5466 1348 5523; x_wconf 82' lang='lat' dir='ltr'>dictitantes</span> <span class='ocrx_word' id='word_1_797' title='bbox 1396 5478 1584 5520; x_wconf 91' lang='lat' dir='ltr'>unam</span> <span class='ocrx_word' id='word_1_798' title='bbox 1613 5479 1744 5518; x_wconf 89' lang='lat' dir='ltr'>esse</span> <span class='ocrx_word' id='word_1_799' title='bbox 1773 5467 2056 5525; x_wconf 87' lang='lat' dir='ltr'>naturam</span> <span class='ocrx_word' id='word_1_800' title='bbox 2085 5463 2149 5522; x_wconf 85' lang='lat' dir='ltr'>in</span> 
     </span>
    </p>
   </div>
   <div class='ocr_carea' id='block_1_109' title="bbox 497 5552 2147 5629">
    <p class='ocr_par' dir='ltr' id='par_1_109' title="bbox 497 5552 2147 5629">
     <span class='ocr_line' id='line_1_109' title="bbox 497 5552 2147 5629; baseline -0.005 -11"><span class='ocrx_word' id='word_1_801' title='bbox 497 5560 722 5618; x_wconf 90' lang='lat' dir='ltr'>Christo</span> <span class='ocrx_word' id='word_1_802' title='bbox 751 5563 808 5617; x_wconf 88' lang='lat' dir='ltr'>et</span> <span class='ocrx_word' id='word_1_803' title='bbox 835 5573 1024 5617; x_wconf 89' lang='lat' dir='ltr'>unam</span> <span class='ocrx_word' id='word_1_804' title='bbox 1061 5571 1192 5616; x_wconf 87' lang='lat' dir='ltr'>esse</span> <span class='ocrx_word' id='word_1_805' title='bbox 1245 5552 1646 5629; x_wconf 79' lang='lat' dir='ltr'>hypostasim.</span> <span class='ocrx_word' id='word_1_806' title='bbox 1680 5553 1852 5619; x_wconf 90' lang='lat' dir='ltr'>Quod</span> <span class='ocrx_word' id='word_1_807' title='bbox 1897 5557 2147 5627; x_wconf 82' lang='lat' dir='ltr'>praeten-</span> 
     </span>
    </p>
   </div>
   <div class='ocr_carea' id='block_1_110' title="bbox 2267 4512 3887 4592">
    <p class='ocr_par' dir='ltr' id='par_1_110' title="bbox 2267 4512 3887 4592">
     <span class='ocr_line' id='line_1_110' title="bbox 2267 4512 3887 4592; baseline -0.001 -22"><span class='ocrx_word' id='word_1_808' title='bbox 2267 4517 2349 4570; x_wconf 84' lang='grc' dir='ltr'>ἐπί</span> <span class='ocrx_word' id='word_1_809' title='bbox 2403 4524 2639 4592; x_wconf 85' lang='grc' dir='ltr'><em>Χριστοῦ</em></span> <span class='ocrx_word' id='word_1_810' title='bbox 2690 4519 2907 4589; x_wconf 79' lang='grc' dir='ltr'><em>εἴπωμεν</em></span> <span class='ocrx_word' id='word_1_811' title='bbox 2937 4559 2951 4584; x_wconf 95' lang='grc'>,</span> <span class='ocrx_word' id='word_1_812' title='bbox 2997 4512 3093 4568; x_wconf 74' lang='grc' dir='ltr'>δύο</span> <span class='ocrx_word' id='word_1_813' title='bbox 3153 4520 3243 4567; x_wconf 90' lang='grc' dir='ltr'>καί</span> <span class='ocrx_word' id='word_1_814' title='bbox 3289 4517 3610 4577; x_wconf 76' lang='grc' dir='ltr'><em>ὑποστάσεις</em></span> <span class='ocrx_word' id='word_1_815' title='bbox 3669 4534 3887 4568; x_wconf 74' lang='grc' dir='ltr'><em>συνεισ-</em></span> 
     </span>
    </p>
   </div>
   <div class='ocr_carea' id='block_1_111' title="bbox 2267 4605 3883 4678">
    <p class='ocr_par' dir='ltr' id='par_1_111' title="bbox 2267 4605 3883 4678">
     <span class='ocr_line' id='line_1_111' title="bbox 2267 4605 3883 4678; baseline -0.001 -19"><span class='ocrx_word' id='word_1_816' title='bbox 2267 4611 2546 4678; x_wconf 86' lang='grc' dir='ltr'><em>ενέγκωμεν</em></span> <span class='ocrx_word' id='word_1_817' title='bbox 2571 4623 2584 4637; x_wconf 78' lang='grc'><strong><em>⁸</em></strong></span> <span class='ocrx_word' id='word_1_818' title='bbox 2619 4611 2709 4658; x_wconf 87' lang='grc' dir='ltr'>καί</span> <span class='ocrx_word' id='word_1_819' title='bbox 2738 4607 2872 4657; x_wconf 79' lang='grc' dir='ltr'><em>οὕτω</em></span> <span class='ocrx_word' id='word_1_820' title='bbox 2918 4613 3327 4678; x_wconf 79' lang='grc' dir='ltr'><em>συμφρονοῦντες</em></span> <span class='ocrx_word' id='word_1_821' title='bbox 3353 4605 3576 4677; x_wconf 83' lang='grc' dir='ltr'><em>ἐσόμεθα</em></span> <span class='ocrx_word' id='word_1_822' title='bbox 3602 4611 3883 4678; x_wconf 85' lang='grc' dir='ltr'><em>Νεστορίῳ</em></span> 
     </span>
    </p>
   </div>
   <div class='ocr_carea' id='block_1_112' title="bbox 2268 4691 3508 4768">
    <p class='ocr_par' dir='ltr' id='par_1_112' title="bbox 2268 4691 3508 4768">
     <span class='ocr_line' id='line_1_112' title="bbox 2268 4691 3508 4768; baseline -0.002 -17"><span class='ocrx_word' id='word_1_823' title='bbox 2268 4694 2364 4751; x_wconf 75' lang='grc' dir='ltr'>δύο</span> <span class='ocrx_word' id='word_1_824' title='bbox 2394 4697 2712 4756; x_wconf 77' lang='grc' dir='ltr'><em>ὑποστάσεις</em></span> <span class='ocrx_word' id='word_1_825' title='bbox 2751 4695 2834 4747; x_wconf 87' lang='grc' dir='ltr'>ἐπί</span> <span class='ocrx_word' id='word_1_826' title='bbox 2855 4701 3090 4768; x_wconf 84' lang='grc' dir='ltr'><em>Χριστοῦ</em></span> <span class='ocrx_word' id='word_1_827' title='bbox 3113 4691 3508 4766; x_wconf 77' lang='grc' dir='ltr'><em>δογματίζοντι.</em></span> 
     </span>
    </p>
   </div>
   <div class='ocr_carea' id='block_1_113' title="bbox 2740 4898 3386 4975">
    <p class='ocr_par' dir='ltr' id='par_1_113' title="bbox 2740 4898 3386 4975">
     <span class='ocr_line' id='line_1_113' title="bbox 2740 4898 3386 4975; baseline 0 -21"><span class='ocrx_word' id='word_1_828' title='bbox 2740 4900 2937 4959; x_wconf 84' lang='grc' dir='ltr'><em>Ῥητέον</em></span> <span class='ocrx_word' id='word_1_829' title='bbox 2971 4898 3030 4952; x_wconf 71' lang='grc' dir='ltr'><em>δε</em></span> <span class='ocrx_word' id='word_1_830' title='bbox 3057 4904 3184 4975; x_wconf 88' lang='grc' dir='ltr'><em>πρὸς</em></span> <span class='ocrx_word' id='word_1_831' title='bbox 3211 4907 3386 4954; x_wconf 85' lang='grc' dir='ltr'><em>τοῦτο.</em></span> 
     </span>
    </p>
   </div>
   <div class='ocr_carea' id='block_1_114' title="bbox 2338 5012 3873 5090">
    <p class='ocr_par' dir='ltr' id='par_1_114' title="bbox 2338 5012 3873 5090">
     <span class='ocr_line' id='line_1_114' title="bbox 2338 5012 3873 5090; baseline -0.001 -20"><span class='ocrx_word' id='word_1_832' title='bbox 2338 5017 2417 5074; x_wconf 66' lang='grc' dir='ltr'>ιϐ’.</span> <span class='ocrx_word' id='word_1_833' title='bbox 2457 5017 2541 5078; x_wconf 78' lang='grc' dir='ltr'><em>Ὠς</em></span> <span class='ocrx_word' id='word_1_834' title='bbox 2587 5019 2617 5076; x_wconf 79' lang='grc' dir='ltr'><strong>ἠ</strong></span> <span class='ocrx_word' id='word_1_835' title='bbox 2661 5015 2874 5078; x_wconf 73' lang='grc' dir='ltr'><em>εὐσεϐής</em></span> <span class='ocrx_word' id='word_1_836' title='bbox 2915 5016 3220 5084; x_wconf 81' lang='grc' dir='ltr'><em>Ἐκκλησία,</em></span> <span class='ocrx_word' id='word_1_837' title='bbox 3248 5018 3419 5090; x_wconf 84' lang='grc' dir='ltr'><em>ὥσπερ</em></span> <span class='ocrx_word' id='word_1_838' title='bbox 3460 5018 3547 5072; x_wconf 73' lang='grc' dir='ltr'>τήν</span> <span class='ocrx_word' id='word_1_839' title='bbox 3591 5012 3873 5068; x_wconf 78' lang='grc' dir='ltr'><em>Σαϐελλίου</em></span> 
     </span>
    </p>
   </div>
   <div class='ocr_carea' id='block_1_115' title="bbox 2263 5106 3874 5182">
    <p class='ocr_par' dir='ltr' id='par_1_115' title="bbox 2263 5106 3874 5182">
     <span class='ocr_line' id='line_1_115' title="bbox 2263 5106 3874 5182; baseline -0.001 -22"><span class='ocrx_word' id='word_1_840' title='bbox 2263 5112 2560 5182; x_wconf 84' lang='grc' dir='ltr'><em>συναίρεσιν</em></span> <span class='ocrx_word' id='word_1_841' title='bbox 2638 5106 3039 5179; x_wconf 81' lang='grc' dir='ltr'><em>ἀποπεμπομένη</em></span> <span class='ocrx_word' id='word_1_842' title='bbox 3095 5148 3108 5173; x_wconf 90' lang='grc'>,</span> <span class='ocrx_word' id='word_1_843' title='bbox 3186 5112 3318 5178; x_wconf 86' lang='grc' dir='ltr'><em>τρεῖς</em></span> <span class='ocrx_word' id='word_1_844' title='bbox 3384 5107 3700 5165; x_wconf 77' lang='grc' dir='ltr'><em>ὑποστάσεις</em></span> <span class='ocrx_word' id='word_1_845' title='bbox 3775 5110 3874 5158; x_wconf 88' lang='grc' dir='ltr'>καί</span> 
     </span>
    </p>
   </div>
   <div class='ocr_carea' id='block_1_116' title="bbox 2260 5191 3872 5270">
    <p class='ocr_par' dir='ltr' id='par_1_116' title="bbox 2260 5191 3872 5270">
     <span class='ocr_line' id='line_1_116' title="bbox 2260 5191 3872 5270; baseline -0.002 -21"><span class='ocrx_word' id='word_1_846' title='bbox 2260 5200 2382 5270; x_wconf 87' lang='grc' dir='ltr'><em>μίαν</em></span> <span class='ocrx_word' id='word_1_847' title='bbox 2436 5199 2591 5269; x_wconf 79' lang='grc' dir='ltr'><em>φύσιν</em></span> <span class='ocrx_word' id='word_1_848' title='bbox 2648 5195 2730 5249; x_wconf 86' lang='grc' dir='ltr'>ἐπί</span> <span class='ocrx_word' id='word_1_849' title='bbox 2785 5205 2874 5256; x_wconf 78' lang='grc' dir='ltr'><em>τῆς</em></span> <span class='ocrx_word' id='word_1_850' title='bbox 2931 5195 3086 5267; x_wconf 79' lang='grc' dir='ltr'><em>ἁγίας</em></span> <span class='ocrx_word' id='word_1_851' title='bbox 3141 5191 3370 5268; x_wconf 74' lang='grc' dir='ltr'><em>Τριάὸος</em></span> <span class='ocrx_word' id='word_1_852' title='bbox 3427 5192 3712 5266; x_wconf 84' lang='grc' dir='ltr'><em>ὁμολογεῖ,</em></span> <span class='ocrx_word' id='word_1_853' title='bbox 3774 5199 3872 5247; x_wconf 89' lang='grc' dir='ltr'>καί</span> 
     </span>
    </p>
   </div>
   <div class='ocr_carea' id='block_1_117' title="bbox 2259 5279 3868 5359">
    <p class='ocr_par' dir='ltr' id='par_1_117' title="bbox 2259 5279 3868 5359">
     <span class='ocr_line' id='line_1_117' title="bbox 2259 5279 3868 5359; baseline -0.002 -21"><span class='ocrx_word' id='word_1_854' title='bbox 2259 5289 2352 5344; x_wconf 83' lang='grc' dir='ltr'>τήν</span> <span class='ocrx_word' id='word_1_855' title='bbox 2412 5285 2610 5358; x_wconf 86' lang='grc' dir='ltr'><em>Ἀρείου</em></span> <span class='ocrx_word' id='word_1_856' title='bbox 2679 5285 2749 5347; x_wconf 82' lang='grc' dir='ltr'>εἰς</span> <span class='ocrx_word' id='word_1_857' title='bbox 2803 5285 3105 5359; x_wconf 85' lang='grc' dir='ltr'><em>ἑτερογενεῖς</em></span> <span class='ocrx_word' id='word_1_858' title='bbox 3156 5290 3289 5359; x_wconf 86' lang='grc' dir='ltr'><em>τρεῖς</em></span> <span class='ocrx_word' id='word_1_859' title='bbox 3352 5285 3669 5342; x_wconf 78' lang='grc' dir='ltr'><em>ὑποστάσεις</em></span> <span class='ocrx_word' id='word_1_860' title='bbox 3731 5279 3868 5334; x_wconf 79' lang='grc' dir='ltr'><em>ἀπο-</em></span> 
     </span>
    </p>
   </div>
   <div class='ocr_carea' id='block_1_118' title="bbox 2262 5371 3867 5448">
    <p class='ocr_par' dir='ltr' id='par_1_118' title="bbox 2262 5371 3867 5448">
     <span class='ocr_line' id='line_1_118' title="bbox 2262 5371 3867 5448; baseline -0.002 -21"><span class='ocrx_word' id='word_1_861' title='bbox 2262 5374 2660 5438; x_wconf 78' lang='grc' dir='ltr'><em>σκυϐαλίζουσα</em></span> <span class='ocrx_word' id='word_1_862' title='bbox 2704 5371 2994 5448; x_wconf 78' lang='grc' dir='ltr'><em>διαίρεσιν,</em></span> <span class='ocrx_word' id='word_1_863' title='bbox 3045 5377 3167 5446; x_wconf 82' lang='grc' dir='ltr'><em>μίαν</em></span> <span class='ocrx_word' id='word_1_864' title='bbox 3213 5375 3368 5444; x_wconf 75' lang='grc' dir='ltr'><em>φύσιν</em></span> <span class='ocrx_word' id='word_1_865' title='bbox 3431 5372 3867 5445; x_wconf 81' lang='grc' dir='ltr'><em>τρισυποστάτου</em></span> 
     </span>
    </p>
   </div>
   <div class='ocr_carea' id='block_1_119' title="bbox 2259 5458 3865 5532">
    <p class='ocr_par' dir='ltr' id='par_1_119' title="bbox 2259 5458 3865 5532">
     <span class='ocr_line' id='line_1_119' title="bbox 2259 5458 3865 5532; baseline -0.002 -14"><span class='ocrx_word' id='word_1_866' title='bbox 2259 5469 2514 5527; x_wconf 86' lang='grc' dir='ltr'><em>Θεότητος</em></span> <span class='ocrx_word' id='word_1_867' title='bbox 2564 5462 2815 5532; x_wconf 77' lang='grc' dir='ltr'><em>δοξάζει,</em></span> <span class='ocrx_word' id='word_1_868' title='bbox 2855 5463 2990 5516; x_wconf 80' lang='grc' dir='ltr'><em>οὒτω</em></span> <span class='ocrx_word' id='word_1_869' title='bbox 3034 5469 3125 5515; x_wconf 87' lang='grc' dir='ltr'>καί</span> <span class='ocrx_word' id='word_1_870' title='bbox 3162 5470 3272 5522; x_wconf 88' lang='grc' dir='ltr'><em>τοῖς</em></span> <span class='ocrx_word' id='word_1_871' title='bbox 3309 5465 3694 5532; x_wconf 80' lang='grc' dir='ltr'><em>Μονοφυσίταις</em></span> <span class='ocrx_word' id='word_1_872' title='bbox 3734 5458 3865 5514; x_wconf 80' lang='grc' dir='ltr'><em>ἀπο-</em></span> 
     </span>
    </p>
   </div>
   <div class='ocr_carea' id='block_1_120' title="bbox 2255 5545 3864 5628">
    <p class='ocr_par' dir='ltr' id='par_1_120' title="bbox 2255 5545 3864 5628">
     <span class='ocr_line' id='line_1_120' title="bbox 2255 5545 3864 5628; baseline -0.002 -21"><span class='ocrx_word' id='word_1_873' title='bbox 2255 5557 2510 5628; x_wconf 78' lang='grc' dir='ltr'><em>μάχεταί,</em></span> <span class='ocrx_word' id='word_1_874' title='bbox 2579 5557 2844 5628; x_wconf 70' lang='grc' dir='ltr'><em>φάσκουσι</em></span> <span class='ocrx_word' id='word_1_875' title='bbox 2884 5558 3008 5627; x_wconf 88' lang='grc' dir='ltr'><em>μίαν</em></span> <span class='ocrx_word' id='word_1_876' title='bbox 3047 5555 3201 5627; x_wconf 68' lang='grc' dir='ltr'><em>φύσιν</em></span> <span class='ocrx_word' id='word_1_877' title='bbox 3239 5550 3323 5605; x_wconf 87' lang='grc' dir='ltr'>ἐπί</span> <span class='ocrx_word' id='word_1_878' title='bbox 3376 5557 3610 5626; x_wconf 85' lang='grc' dir='ltr'><em>Χριστοῦ</em></span> <span class='ocrx_word' id='word_1_879' title='bbox 3667 5545 3765 5603; x_wconf 74' lang='grc' dir='ltr'>διὰ</span> <span class='ocrx_word' id='word_1_880' title='bbox 3803 5553 3864 5604; x_wconf 86' lang='grc' dir='ltr'><em>τό</em></span> 
     </span>
    </p>
   </div>
  </div>
