4106 6296
206 130 273 185 itii
1537 130 1883 189 THESAURI
1922 133 2030 190 LIB
2045 173 2056 188 .
2104 135 2262 189 XVII.

3484 148 3585 202 102

214 263 280 310 καὶ
332 263 423 317 τὴν
500 261 843 316 ὑπόσταοιν
913 260 1047 316 εἶναι
1101 261 1243 332 μίαν.
1325 261 1427 312 Καὶ
1498 258 1824 310 κατασκευά-

1949 257 2087 313 iunt
2116 257 2375 314 dicendo
2404 274 2528 316 non
2558 276 2688 317 esse
2740 267 3021 319 naturam
3080 264 3208 321 sine
3263 267 3585 340 hypostasi

226 347 337 409 ζονσι
373 356 533 402 τοῦτο
566 349 628 402 ἐκ
659 360 767 404 τοῦ
812 353 985 425 λέγειν
1041 355 1110 423 μὴ
1157 347 1287 401 εἶναι
1326 350 1480 421 φύσιν
1520 346 1821 401 ἀνυπόστα-

225 457 287 490 τον
316 442 422 496 ἦτοι
463 441 808 515 ἀπροσωπον
834 464 849 476 ο
904 437 1031 494 οὐδὲ
1059 442 1154 515 γὰρ
1186 442 1216 498 ἡ
1267 436 1315 490 ἓν
1364 443 1576 512 Χριστῷ
1624 436 1819 509 ἀνθρω-

227 532 318 585 τίνη
360 532 519 599 φύσις
581 528 962 591 ἀνυπόστατος
1017 530 1102 582 οἷα
1150 536 1222 600 τῷ
1282 531 1434 599 Λόγῳ
1474 526 1821 580 ἐνυποστᾶσα.

234 621 567 692 Προσεπάγειν
626 617 690 673 δε
729 626 829 673 καὶ
877 627 1052 673 ταῦτα
1078 623 1248 694 χρεὼν
1284 622 1411 693 πρὸς
1456 620 1523 670 τὰ
1549 617 1670 692 παρ’
1712 623 1823 690 Λρ-

231 713 378 777 μενιων
438 709 877 780 συλλογιστικῶς
936 713 1329 782 προτεινόμενα.
1374 706 1576 779 ’Ὠσπερ
1634 708 1690 758 αἱ
1729 702 1826 757 δύο

225 802 470 867 γεννήσεις
544 806 817 873 Χριστοῦ,
887 802 1159 851 τουτέστιν
1233 800 1263 856 ἡ
1322 800 1424 870 πρό
1501 796 1696 848 αἰώνων
1770 793 1827 847 ἐκ

224 890 406 959 Πατρός
456 892 604 941 κατὰ
654 895 746 947 τήν
805 891 1053 956 θεότητα,
1086 894 1177 941 καὶ
1222 890 1248 946 ὃ
1311 887 1388 939 ἐπ’
1429 885 1672 959 ἐσχάτων
1727 893 1828 938 τῶν

224 983 413 1050 χρόνων
444 976 504 1029 ἐκ
554 980 829 1051 Παρθένου
881 980 1022 1030 κατὰ
1078 983 1170 1035 τὴν
1209 976 1610 1052 ἁνθρωπότητα,
1659 974 1707 1027 ἐν
1760 972 1824 1036 τῇ

228 1071 320 1136 ρ.σᾷ
344 1074 432 1117 τοῦ
474 1074 617 1119 Θεοῦ
667 1072 849 1139 Λόγου
889 1069 1183 1121 ὑποστάσει
1219 1070 1508 1138 γενόμεναι,
1549 1064 1643 1117 οῦκ
1689 1063 1827 1117 ἐποί-

230 1173 354 1209 ησαν
412 1158 733 1229 προσθήκην
797 1158 1141 1216 ὑποστάσεως
1167 1170 1179 1186 ⁸
1250 1155 1409 1216 οὕτως
1460 1151 1574 1207 οὐδ’
1620 1152 1678 1206 ἐκ
1726 1162 1825 1206 τῶν

226 1239 314 1295 δύο
376 1245 497 1297 καθ’
568 1247 872 1298 ὑπόστασιν
938 1247 1207 1317 ἡνωμένων
1282 1247 1480 1317 φύσεων
1545 1245 1820 1319 προσθήκη

224 1339 503 1406 προσώπου
562 1333 781 1406 ἐγένετο.
859 1337 1002 1408 Πρός
1074 1342 1199 1406 γοῦν
1263 1337 1385 1397 τούς
1447 1334 1689 1405 λέγοντας
1749 1339 1820 1406 μὴ

222 1418 343 1474 εἶναι
415 1426 578 1495 φύσιν
656 1422 1041 1493 ἀνυπόστατον,
1115 1425 1295 1497 ῥητεον
1360 1425 1429 1486 ὡς
1495 1421 1620 1476 οὐδὲ
1675 1429 1823 1485 τόκος

224 1510 355 1564 ἐστὶν
381 1510 725 1588 ἀπρόσωπος.
768 1515 965 1566 Ἰστέον
995 1509 1054 1565 δὲ
1096 1516 1164 1575 ὡς
1208 1516 1257 1565 οἱ
1294 1518 1417 1586 μίαν
1456 1513 1542 1565 ἐπὶ
1588 1518 1825 1587 Χριστοῦ

1936 362 2043 401 seu
2110 362 2387 418 persona.
2462 351 2591 405 Non
2658 350 2818 406 enim
2889 368 3025 424 quae
3086 353 3144 408 in
3206 356 3432 413 Christo
3498 362 3587 416 est

1932 434 2203 491 humana
2235 441 2472 505 natura,
2516 439 2644 494 sine
2674 438 2989 512 bypostasi
3038 447 3146 509 est,
3206 460 3345 501 cum
3395 449 3584 505 Verbo

1934 531 2334 596 supponatur.
2392 528 2524 583 Haec
2581 533 2637 583 et
2686 530 2914 600 opponi
2945 537 3176 603 oportet
3220 534 3299 591 ad
3328 552 3399 593 ea
3444 552 3582 610 quae

1936 612 2302 683 syllogistice
2320 613 2529 670 dicunt
2552 617 2815 672 Armenii
2848 634 2860 670 :
2887 619 3415 684 Quemadmodum
3446 625 3583 683 duae

1937 701 2149 758 Christi
2224 704 2663 774 generationes,
2720 705 2782 761 id
2838 712 2945 773 est,
3014 714 3238 769 aeterna
3288 729 3362 771 ex
3419 718 3583 772 Patre

1939 791 2243 859 generatio
2273 793 2607 849 secundum
2639 794 3104 867 divinitatem,et
3123 799 3183 855 in
3212 800 3331 858 ﬁne
3358 808 3585 877 tempo-

1937 894 2074 934 rum
2104 896 2178 935 ex
2193 880 2426 951 Virgine
2453 883 2758 953 generatio
2789 885 3124 942 secundum
3143 887 3584 950 humanitatem

1938 968 2000 1024 in
2026 984 2149 1025 una
2179 968 2282 1024 Dei
2304 969 2471 1025 Verbi
2496 970 2811 1044 hypostasi
2846 974 3067 1031 habita:
3096 990 3213 1032 non
3244 979 3585 1052 hypostasis

1938 1057 2310 1115 additionem
2365 1059 2650 1131 effecere;
2707 1061 2789 1118 ita
2831 1079 3027 1136 neque
3069 1082 3144 1122 ex
3189 1068 3430 1126 duabus
3478 1087 3587 1144 per

1935 1147 2313 1219 hypostasim
2363 1148 2544 1206 unitis
2589 1152 2819 1208 naturis
2877 1169 3148 1224 personae
3178 1156 3337 1216 facta
3362 1166 3457 1219 est
3483 1161 3585 1218 ad-

1935 1236 2108 1292 ditio.
2156 1236 2247 1292 Ad
2274 1253 2379 1294 eos
2438 1238 2619 1309 igitur
2669 1242 2775 1313 qui
2821 1241 3025 1299 dicunt
3083 1260 3205 1301 non
3236 1263 3367 1305 esse
3409 1254 3586 1307 natu-

1934 1340 2068 1380 ram
2133 1324 2366 1399 absque
2429 1327 2765 1400 hypostasi,
2825 1330 3149 1389 dicendum
3209 1340 3322 1406 est,
3389 1354 3587 1413 neque

1937 1413 2147 1470 Christi
2179 1417 2627 1484 generationem
2657 1417 2887 1491 absque
2914 1436 3174 1492 persona
3211 1441 3360 1484 esse.
3393 1428 3589 1485 Scien-

1937 1502 2085 1560 dum
2114 1521 2252 1561 vero
2279 1522 2381 1562 eos
2407 1507 2508 1578 qui
2538 1507 2781 1564 unicam
2813 1526 2944 1566 esse
2966 1511 3027 1566 in
3058 1510 3288 1571 Christo
3308 1521 3588 1576 naturam

223 1604 368 1671 φύσιν
417 1598 731 1665 δοξάζοντες
768 1604 799 1661 ᾖ
842 1607 939 1660 τὴν
1001 1604 1222 1660 θεὸτητα
1244 1610 1505 1677 τραπῆναι
1544 1608 1616 1662 εἰς
1656 1604 1828 1676 σάρκα

1949 1593 2281 1665 apinantur,
2340 1601 2444 1652 aut
2508 1597 2747 1670 opinari
2800 1598 3172 1658 divinitatem
3225 1605 3289 1660 in
3343 1622 3589 1665 carnem

227 1687 564 1758 δοξάζουσιν,
613 1693 643 1750 ᾖ
701 1696 798 1750 τὴν
840 1695 1015 1765 σάρκα
1062 1693 1337 1764 ὁμοοὺσιον
1392 1700 1456 1764 τῇ
1515 1692 1720 1750 θεότητι
1747 1711 1829 1763 γε-

226 1782 423 1847 νέσθαι,
475 1783 611 1856 ἅπερ
660 1790 762 1834 τῶν
807 1780 1099 1854 ἀμηχάνων
1162 1785 1253 1833 καὶ
1311 1777 1582 1833 ἀδυνάτων
1639 1779 1778 1833 ἐστίν
1812 1797 1827 1810 ⁸

226 1868 267 1920 εἰ
289 1865 347 1921 δὲ
366 1866 660 1945 μηδέτερον
697 1872 918 1937 τούτων,
950 1870 1102 1944 ἑτέρα
1130 1873 1330 1931 πάντως
1367 1875 1457 1923 καὶ
1491 1870 1638 1944 ἑτέρα
1675 1873 1831 1944 φύσις

224 1956 272 2009 ἐν
300 1966 541 2032 Χριστῷ.

293 2100 375 2172 ιγ’.
410 2101 531 2155 "Et:
594 2101 637 2153 εἰ
692 2103 829 2155 κατὰ
872 2100 1095 2175 ἀριθμὸν
1138 2110 1237 2155 τῶν
1277 2105 1479 2176 φύσεων
1530 2099 1829 2173 διδάσκου-

227 2209 304 2242 σιν
352 2186 484 2243 εἶναι
530 2195 623 2242 καὶ
670 2192 735 2242 τὰ
763 2195 1028 2265 πρόσωπα
1064 2196 1152 2243 καὶ
1190 2195 1247 2243 τό
1287 2191 1525 2264 ἔμπαλιν,
1556 2197 1646 2245 καὶ
1692 2188 1830 2267 τρεῖς

226 2280 323 2351 ἄρα
358 2283 544 2352 φύσεις
585 2277 670 2332 ἐπὶ
722 2288 815 2340 τῆς
854 2279 1014 2351 ἁγίας
1042 2277 1268 2351 Τριάδος
1301 2280 1633 2353 εἰσενέγκωσι
1682 2300 1829 2353 τρισ-

225 2374 520 2423 υποστάτου
573 2372 737 2433 οὔσης
782 2390 794 2401 ·
864 2370 895 2428 ἢ
962 2372 1021 2421 τὸ
1061 2368 1310 2422 ἀνάπαλιν
1363 2374 1489 2443 μίαν
1538 2372 1829 2422 ὑπόστασιν

227 2462 405 2511 ιῐπωσι
438 2455 537 2512 διὰ
586 2462 645 2511 τὸ
687 2454 932 2511 ἑναδικόν
976 2466 1066 2519 τῆς
1097 2462 1317 2531 φύσεως.
1361 2465 1444 2512 Δεῖ
1480 2457 1539 2513 δὲ
1564 2464 1655 2512 καὶ
1678 2467 1830 2512 τοῦτο

228 2543 414 2599 εἰδέναι
472 2549 543 2608 ὡς
594 2548 643 2599 οἱ
689 2545 996 2600 Ἰακωϐἵται
1042 2552 1132 2599 καὶ
1179 2549 1228 2600 οἱ
1289 2547 1550 2621 Ἀρμένιοι
1603 2552 1703 2621 πρὸ
1741 2551 1831 2620 μὲν

228 2643 319 2698 τῆς
374 2636 607 2697 ἐνώσεως
663 2632 762 2688 δύο
802 2638 990 2708 φύσεις
1042 2634 1125 2688 ἐπὶ
1180 2643 1415 2710 Χριστοῦ
1460 2639 1775 2709 ὁμολογοῦσι
1816 2654 1829 2666 ·

230 2728 353 2797 μετὰ
399 2722 459 2778 δὲ
510 2729 608 2784 τὴν
673 2725 858 2777 ἕνωσιν
900 2728 1021 2796 μίαν
1070 2727 1310 2778 σύνθετον
1375 2730 1689 2798 συγχέοντες
1734 2725 1833 2799 ἀμ-

236 2820 437 2889 οοτὶρας
491 2820 588 2872 τήν
627 2833 684 2866 τε
743 2816 886 2866 θείαν
941 2819 1032 2867 καὶ
1070 2819 1163 2872 τὴν
1214 2814 1561 2888 ἀνθρωπίνην,
1614 2820 1703 2867 καὶ
1743 2812 1837 2867 διὰ

233 2910 378 2954 τοῦτο
422 2909 513 2955 καὶ
548 2908 676 2975 μίαν
717 2905 877 2975 φύσιν
904 2901 1253 2975 ὀνομάζουσιν
1286 2925 1299 2937 ο
1341 2904 1453 2956 ὅθεν
1508 2909 1596 2957 καὶ
1634 2901 1836 2957 δικαιο-

233 2989 526 3064 λογούμενοι
575 2996 708 3067 πρός
762 2995 888 3054 τοὺς
939 2990 1183 3062 λέγοντας
1237 2992 1460 3055 εὐσεϐῶς
1505 2990 1600 3046 δύο
1667 2996 1843 3065 φύσεις

240 3077 316 3133 ἐπὶ
381 3089 639 3154 Χριστοῦ,
678 3081 898 3153 λέγουσι
955 3086 1026 3153 μὴ
1089 3078 1216 3134 εἶναι
1274 3085 1429 3155 φύσιν
1488 3081 1842 3136 ἀνυπόστατον

242 3172 348 3224 itm
394 3169 712 3245 ἀπρόσωπον
757 3192 770 3204 ·
841 3174 934 3223 καὶ
985 3173 1054 3232 ὡς
1097 3176 1145 3223 οὶ
1184 3174 1465 3244 φάσκοντες
1519 3169 1614 3225 δὺο
1662 3175 1844 3245 φύσεις

243 3255 318 3311 ἐπὶ
356 3267 592 3334 Χριστοῦ
637 3264 731 3312 καὶ
774 3256 874 3312 δύο
922 3261 1242 3323 ὑποστάσεις
1274 3262 1550 3333 εἰσάγουσι
1588 3265 1723 3315 κατὰ
1754 3266 1841 3315 τὸν

240 3352 529 3423 Nae-topica,
561 3355 653 3401 καὶ
692 3348 869 3402 οῦιέτι
925 3354 1047 3422 τρία
1085 3354 1340 3424 πρόσωπα
1391 3354 1507 3409 ἤτοι
1542 3358 1680 3425 τρεῖς
1710 3352 1843 3404 ὑπο-

248 3438 443 3499 στάσεις
508 3439 845 3512 εὶρίσκονται
908 3438 1139 3510 λέγοντες
1192 3437 1276 3491 ἐπὶ
1323 3447 1419 3502 τῆς
1483 3439 1638 3512 ἁγίας
1689 3443 1844 3516 Τριά-

246 3520 349 3594 δος,
554 3531 646 3579 καὶ
675 3532 964 3602 τέσσαρας.
1000 3533 1102 3580 Καὶ
1130 3531 1264 3580 κατά
1300 3536 1453 3581 τοῦτο
1493 3534 1580 3588 τὴν
1620 3528 1668 3581 ἓν
1707 3530 1838 3583 Χαλ-

245 3610 420 3669 κηδόνι
450 3612 677 3668 σύνοδον
728 3615 1229 3689 ἀναθεματίξουσιν,
1263 3620 1329 3680 ὡς
1380 3615 1535 3678 δῆθεν
1585 3615 1681 3671 δύο
1722 3620 1843 3671 ὑπο-

248 3705 448 3767 στάσεις
494 3704 580 3758 ἐπὶ
644 3713 883 3778 Χριστοῦ
944 3711 1260 3781 κυρώσασαν
1293 3722 1307 3737 ⁸
1367 3708 1503 3760 οὑτω
1549 3711 1650 3784 γὰρ
1709 3711 1845 3761 κατὰ

244 3811 327 3850 τιςν
365 3794 530 3846 αὐτῶν
571 3790 733 3857 δόξαν
758 3799 851 3856 τὰς
892 3797 1076 3867 φύσεις
1116 3800 1262 3868 φασί.
1293 3803 1375 3868 Τῷ
1404 3793 1463 3849 δὲ
1492 3796 1622 3868 ἁγίῳ
1658 3796 1844 3871 Κυρίλ-

244 3880 310 3951 λῳ
336 3893 563 3957 συνεργῷ
604 3893 699 3946 τῆς
740 3885 909 3937 αὐτῶν
939 3887 1182 3959 αἱρέσεως
1226 3893 1463 3960 χρῶνται
1501 3884 1549 3937 ἐν
1598 3887 1675 3947 οἷς
1715 3906 1844 3958 φησι

247 3979 365 4041 μίαν
416 3976 570 4044 φύσιν
610 3981 704 4026 τοῦ
749 3979 929 4047 Λόγου
993 3978 1409 4048 σεσαρκωμνην,
1455 3980 1550 4033 τὴν
1599 3977 1845 4034 τοιαύτην

247 4060 394 4131 ῥῆσιν
430 4062 535 4134 οὐχ
590 4066 662 4125 ὠς
709 4061 892 4124 ἐκεῖνος
936 4065 1122 4134 ἔφησεν
1161 4062 1577 4137 ἐκλαμϐάνοντες,
1629 4063 1736 4117 ἀλλ’
1777 4065 1848 4127 εἰς

251 4148 305 4205 ἓν
336 4149 480 4202 αὐτοί
508 4171 640 4223 φασι
684 4154 834 4223 φύσιν
884 4150 975 4204 ἐπὶ
1006 4158 1240 4225 Χριστοῦ
1282 4156 1679 4225 συγκεχυμένην
1718 4155 1849 4226 μετὰ

256 4242 336 4295 τὴν
374 4240 573 4310 ἕνωσιν,
604 4240 635 4300 ᾖ
676 4240 865 4314 μᾶλλον
898 4238 1316 4314 μεταϐληθεῐσαν
1356 4241 1425 4304 εἰς
1468 4242 1701 4300 θεότητα.

320 4485 402 4541 ιδ’.
470 4491 633 4543 Πάλιν
695 4491 744 4543 οἱ
809 4490 967 4544 αὐτοὶ
1024 4489 1247 4554 εὐσεϐῶς
1309 4498 1540 4556 νοοῦντες
1596 4497 1691 4553 τὴν
1755 4502 1849 4548 τοῦ

260 4575 605 4649 ε-ᾇςισηελιστοῦ
687 4581 930 4634 Ἰωάννου
1010 4585 1176 4653 φωνὴν
1201 4624 1214 4649 ,
1294 4584 1406 4643 ἣτις
1480 4586 1612 4655 φησὶ
1655 4600 1669 4615 ⁹
1750 4590 1851 4639 Καὶ

256 4664 279 4715 ὁ
345 4673 504 4740 Λόγος
563 4669 703 4744 σὰρξ
759 4675 988 4743 ἐγένετο,
1046 4673 1363 4744 παράγοντες
1416 4668 1476 4724 δὲ
1540 4676 1630 4725 καὶ
1692 4673 1850 4748 ῥῆσιν

253 4763 331 4807 τοῦ
378 4758 522 4830 ἁγίου
579 4760 910 4814 Ἀθανασίου
971 4759 1103 4811 οὕτω
1159 4759 1414 4831 λέγουσαν
1444 4777 1457 4791 ⁸
1501 4783 1530 4811 ‹‹
1570 4768 1628 4814 Ὁ
1680 4766 1849 4835 Λόγος

260 4846 376 4917 σὰρξ
409 4848 618 4920 ἐγένετο,
693 4851 779 4902 ἵνα
838 4852 934 4901 καὶ
1001 4850 1032 4906 ἡ
1104 4848 1237 4921 σὰρξ
1289 4853 1501 4921 γένηται
1560 4854 1775 4923 Λόγος⁹
1817 4873 1847 4903 ››

262 4931 371 4987 εὼά
431 4946 516 4993 καὶ
571 4944 877 5015 Γρηγόριον
955 4940 1042 4989 τόν
1109 4943 1362 5011 Θεολόγον
1402 4941 1685 5011 φάσκοντα.
1749 4945 1850 4994 Καὶ

260 5023 407 5100 εαῤῥῶ
439 5028 595 5103 λέγειν
655 5030 910 5104 όριόθεον,
954 5030 1045 5077 καὶ
1081 5030 1291 5098 γεγονὸς
1344 5028 1465 5103 ὅπερ
1504 5032 1564 5081 τὸ
1597 5035 1798 5106 χρίσαν
1830 5044 1846 5060 ⁸

254 5112 311 5165 ἔτι
366 5113 418 5173 δι
470 5128 558 5175 καὶ
624 5124 720 5174 τὸν
776 5118 1080 5171 Νυσσαέων
1137 5120 1420 5191 Γρηγόριον
1476 5120 1671 5171 οὑτωσὶ
1710 5115 1850 5182 διεξ-

255 5209 423 5262 ιόντα·
496 5214 751 5268 Καθάπει
838 5208 1057 5275 σταγὼν
1115 5205 1263 5268 ὄξους
1324 5205 1583 5279 βληθεῖσα
1655 5207 1704 5261 ἐν
1776 5214 1850 5281 τῷ

238 5296 411 5373 πελάγει
482 5313 582 5366 τῆς
668 5298 980 5354 θαλάσσης
1062 5292 1154 5345 οὑκ
1247 5296 1323 5347 ἔτι
1394 5295 1535 5349 ἐστὶν
1618 5296 1667 5349 ἐν
1741 5303 1851 5360 τοῖς

227 5386 362 5456 ἰδίοις
444 5403 538 5449 τοῦ
637 5390 814 5455 ὄξους
914 5377 1230 5454 ἐδιώμασιν,
1309 5381 1437 5438 ἀλλὰ
1533 5387 1849 5459 μετεποιήθη

214 5486 283 5536 χοὶ
344 5484 648 5563 συνεκράθη
721 5475 784 5538 ἐς
858 5473 926 5524 τὸ
994 5478 1086 5524 τοῦ
1139 5471 1397 5546 πελάγους
1466 5483 1568 5528 τῶν
1641 5472 1851 5530 ὑδάτων

687 4581 930 4634 Ἰωάννου
1010 4585 1176 4653 φωνὴν
1201 4624 1214 4649 ,

1937 1698 2073 1738 esse
2102 1690 2591 1753 conversam,aut
2607 1702 2850 1744 carnem
2876 1687 3170 1748 divinitati
3195 1695 3591 1753 consubstan-

1937 1770 2139 1828 tialem
2171 1770 2392 1829 factam
2422 1789 2571 1840 esse,
2599 1792 2735 1848 quae
2765 1776 3036 1835 absurda
3083 1784 3139 1837 et
3187 1781 3589 1855 impossibilia

1940 1864 2113 1927 sunt;
2157 1861 2206 1916 si
2232 1877 2411 1933 porro
2438 1868 2721 1920 neutrum
2751 1880 2826 1921 ex
2852 1865 2966 1935 his,
3012 1867 3199 1927 altera
3249 1872 3499 1931 omnino
3531 1879 3589 1932 et

1939 1948 2125 2006 altera
2147 1949 2210 2005 in
2235 1951 2466 2008 Christo
2497 1957 2738 2010 natura.

2014 2098 2101 2150 i3.
2141 2094 2434 2151 Praeterea
2462 2095 2512 2152 si
2564 2112 2638 2153 ex
2667 2100 3022 2155 naturarum
3073 2115 3329 2159 numero
3368 2103 3592 2163 docent

1940 2199 2069 2240 esse
2105 2188 2163 2240 et
2190 2200 2483 2256 personas
2515 2202 2586 2242 ac
2624 2186 2754 2243 vice
2783 2203 2981 2257 versa,
3027 2192 3085 2245 et
3110 2194 3227 2247 tres
3255 2192 3434 2263 igitur
3480 2211 3592 2253 na-

1940 2278 2106 2330 turas
2139 2279 2364 2330 sanctae
2394 2274 2690 2331 Trinitatis
2723 2276 3033 2342 inducant,
3091 2295 3231 2336 cum
3279 2282 3355 2339 sit
3402 2283 3592 2341 tribus

1938 2363 2216 2436 personis
2261 2368 2585 2433 constans;
2618 2364 2713 2421 vel
2741 2381 2983 2423 rursum
3009 2368 3251 2425 unicam
3306 2370 3594 2445 hyposta-

1942 2452 2058 2508 sim
2089 2451 2310 2522 dicant,
2345 2469 2483 2509 cum
2517 2452 2698 2510 unica
2725 2454 2799 2510 sit
2827 2454 3009 2527 hujus
3035 2461 3271 2515 natura.
3302 2460 3367 2516 Id
3392 2466 3595 2519 autem

1941 2541 2253 2598 sciendum
2294 2546 2383 2597 est
2405 2542 2706 2599 Jacobitas
2751 2559 2996 2617 quoque
3026 2549 3082 2602 et
3119 2550 3430 2606 Armenios
3459 2555 3596 2608 ante

1941 2630 2226 2687 unionem
2250 2630 2499 2704 quidem
2524 2631 2675 2687 duas
2706 2637 2952 2690 naturas
2974 2633 3036 2690 in
3059 2635 3286 2694 Christo
3302 2639 3592 2710 conﬁteri;

1942 2724 2079 2793 post
2105 2720 2392 2776 unionem
2417 2736 2561 2776 vero
2582 2736 2770 2777 unam
2795 2724 3438 2795 compositam,ambas
3458 2744 3598 2786 con-

1944 2808 2283 2876 fundentes,
2314 2809 2585 2866 divinam
2633 2815 2687 2866 et
2724 2811 3080 2881 humanam,
3134 2818 3190 2870 et
3216 2815 3352 2872 ideo
3407 2834 3595 2875 unam

1946 2902 2226 2954 naturam
2258 2898 2589 2970 appellare.
2628 2899 2794 2955 Unde
2818 2900 2909 2955 sui
2933 2900 3292 2959 defendendi
3320 2921 3503 2962 causa
3524 2907 3596 2963 iis

1948 2987 2054 3061 qui
2099 2988 2197 3060 pie
2252 2987 2461 3043 dicunt
2499 2989 2655 3043 duas
2697 3004 2829 3043 esse
2867 2991 2928 3044 in
2976 2990 3204 3047 Christo
3229 2998 3477 3050 naturas
3508 3011 3596 3051 re-

1950 3075 2249 3148 spondent
2281 3090 2405 3130 non
2430 3091 2560 3131 esse
2588 3079 2870 3132 naturam
2892 3076 3120 3150 absque
3144 3079 3464 3152 hypostasi
3491 3099 3599 3140 seu

1950 3180 2239 3238 persona.
2279 3166 2346 3219 Et
2374 3179 2475 3220 eos
2505 3164 2611 3236 qui
2653 3164 2807 3220 duas
2837 3181 2965 3221 esse
2994 3167 3056 3221 in
3086 3167 3311 3226 Christo
3348 3175 3600 3229 naturas

1952 3252 2276 3326 opinantur
2314 3257 2372 3309 et
2412 3253 2565 3309 duas
2606 3253 2992 3325 hypostases,
3021 3260 3086 3312 ut
3113 3259 3468 3330 Nestorium,
3515 3261 3600 3318 in-

1952 3344 2191 3414 ducere,
2210 3347 2266 3399 et
2287 3358 2409 3399 non
2437 3348 2553 3399 tres
2575 3359 2866 3416 personas
2884 3361 2988 3401 seu
3010 3350 3126 3403 tres
3153 3348 3515 3421 hypostases
3538 3352 3602 3409 in

1955 3438 2167 3489 sancta
2195 3432 2472 3489 Trinitate
2501 3432 2769 3490 dicentes
2798 3435 3063 3505 reperiri,
3092 3436 3199 3493 sed
3232 3441 3289 3494 et
3316 3445 3597 3511 quatuor.

1953 3522 2169 3579 Etinde
2191 3521 2738 3578 Chalcedonensem
2758 3523 3061 3596 synodum
3075 3527 3600 3598 anathematizant,

1953 3616 2156 3685 utpote
2212 3628 2349 3685 quas
2381 3611 2536 3668 duas
2588 3612 2649 3668 in
2699 3613 2927 3669 Christo
2955 3613 3314 3687 hypostases
3342 3633 3471 3674 esse
3500 3618 3601 3675 de-

1952 3702 2201 3758 creverit
2230 3719 2242 3756 :
2274 3702 2356 3758 ita
2384 3702 2543 3758 enim
2566 3702 2896 3759 secundum
2932 3720 3109 3760 suam
3140 3705 3475 3764 doctrinam
3499 3723 3606 3781 ap-

1953 3791 2178 3864 pellant
2228 3796 2497 3847 naturas.
2556 3793 2772 3848 Sancto
2829 3797 3032 3849 autem
3084 3794 3300 3866 Cyrillo
3358 3800 3425 3852 ut
3478 3812 3602 3852 suae

1935 3871 2246 3936 'haereseos
2273 3880 2563 3952 complice
2603 3884 2872 3949 utuntur,
2901 3896 2973 3936 eo
3015 3882 3183 3954 quod
3229 3882 3444 3939 dixerit
3470 3885 3603 3939 uni-

1956 3986 2090 4026 cam
2121 3985 2250 4025 esse
2275 3973 2557 4025 naturam
2585 3968 2758 4024 Verbi
2781 3968 3180 4037 incarnatam,
3212 3971 3371 4027 hanc
3390 3987 3604 4029 vocem

1956 4074 2078 4115 non
2123 4057 2185 4114 in
2224 4058 2439 4113 eodem
2488 4073 2667 4113 sensu
2715 4073 2901 4129 quam
2950 4057 3047 4114 ille
3076 4066 3460 4133 usurpantes,
3499 4056 3606 4119 sed

1956 4148 2115 4205 hanc
2144 4152 2424 4203 naturam
2473 4162 2604 4202 esse
2651 4146 3025 4205 contendunt
3062 4164 3197 4206 eam
3226 4167 3416 4223 quam
3466 4155 3608 4224 post

1957 4237 2224 4293 unionen
2267 4235 2583 4292 confusam
2631 4252 2767 4292 esse
2821 4236 3048 4309 dicunt,
3079 4237 3204 4296 imo
3243 4240 3304 4296 in
3335 4240 3608 4299 divinita-

1877 4314 1922 4370 Π
1959 4332 2079 4386 tem
2108 4340 2484 4384 conversam.

2035 4491 2117 4547 14.
2193 4491 2419 4546 Rursus
2492 4487 2675 4544 iidem
2744 4488 2928 4561 impie
3000 4489 3158 4547 hanc
3222 4492 3604 4562 evangelista:

1955 4578 2201 4637 Joannis
2259 4593 2469 4634 vocem
2531 4576 2946 4635 adhibentes:
3005 4579 3087 4635 Et
3154 4581 3406 4638 Verbum
3463 4598 3603 4639 caro

1955 4673 2182 4743 factum
2225 4674 2309 4725 est
2331 4686 2354 4732 ;
2410 4666 2877 4740 invocantesque
2927 4668 3040 4724 has
3095 4668 3257 4726 beati
3294 4671 3607 4727 Athanasii

1957 4775 2134 4816 voces
2161 4776 2172 4815 :
2205 4779 2234 4809 «
2265 4756 2526 4813 Verbum
2554 4772 2694 4813 caro
2719 4756 2947 4813 factum
2991 4762 3099 4826 est,
3148 4763 3215 4815 ut
3240 4764 3298 4816 et
3325 4775 3467 4818 caro
3500 4761 3606 4819 ﬁat

1957 4848 2255 4914 Verbum;
2292 4867 2320 4897 »
2349 4846 2455 4903 sed
2486 4850 2543 4902 et
2590 4845 2940 4916 Gregorium
2986 4846 3356 4919 Theologum
3398 4848 3606 4906 dicen-

1958 4943 2077 4996 tem
2102 4955 2115 4994 :
2150 4959 2177 4988 «
2204 4935 2411 4993 Audeo
2441 4935 2637 4992 dicere
2667 4937 2786 4993 Deo
2810 4935 3065 4993 similem
3096 4940 3153 4993 et
3178 4936 3406 4993 factum
3439 4936 3608 5009 quod

1959 5034 2048 5086 est
2097 5027 2353 5084 Verbum
2408 5026 2745 5097 inungens;
2802 5048 2831 5078 »
2871 5030 2930 5083 et
2974 5025 3053 5083 ad
3082 5026 3212 5083 haec
3255 5027 3606 5098 Gregorium

1958 5122 2273 5191 Nyssmum
2304 5117 2386 5172 sic
2416 5115 2825 5189 eloquentem:
2853 5136 2880 5166 α
2908 5115 3438 5181 Quemadmodum
3455 5116 3607 5173 aceti

1960 5212 2127 5279 gutta
2176 5207 2239 5262 in
2293 5205 2477 5262 maris
2534 5204 2750 5277 pelago
2798 5204 3090 5261 immersa
3134 5220 3260 5260 non
3295 5206 3424 5277 jam
3454 5204 3608 5261 aceti

1958 5296 2350 5370 proprietates
2398 5293 2631 5363 retinet,
2688 5292 2795 5349 sed
2835 5287 3128 5349 conversa
3177 5298 3235 5349 et
3288 5291 3608 5350 commista

1960 5389 2050 5443 est
2102 5386 2163 5441 in
2208 5383 2394 5441 maris
2440 5397 2739 5456 aquarum
2777 5380 3208 5453 proprietates;
3262 5382 3345 5437 ita
3378 5393 3520 5435 sane
3551 5380 3607 5431 et

1961 5473 2409 5533 sanctissimum
2448 5470 2597 5530 illud
2634 5459 2855 5541 corpus
2893 5467 3283 5527 commistum
3310 5462 3606 5524 divinitati
