4106 6296
555 210 652 268 103
1859 203 2138 260 ΝΙΟΕΤΛΕ
2175 203 2567 263 ΟΗΟΝῙΑΤΑΞ.
3801 217 3905 273 404

547 351 670 392 non
697 336 823 406 jam
855 332 1051 389 carnis
1104 330 1499 404 proprietates
1551 327 1780 384 retinet.
1823 348 1852 377 ››
1883 330 2077 401 Atque
2117 328 2164 385 si

2316 327 2512 403 ἰδίωμα
2552 348 2565 361 '
2630 332 2764 384 οὕτω
2832 329 2899 393 δὴ
2963 339 3053 389 καὶ
3111 339 3171 388 τὸ
3230 337 3485 409 πανάγιον
3535 336 3695 391 ἐκεῖνο
3753 346 3906 412 σῶμα

545 426 978 483 ratiocinantur
1011 439 1023 477 :
1061 446 1087 474 ς
1123 423 1267 477 Cum
1302 433 1441 474 caro
1482 416 1741 473 Verbum
1786 417 2009 473 factum
2045 419 2117 474 sit
2147 436 2166 474 ε

2312 423 2695 493 συνανακραθὲν
2928 425 3152 492 θεότητι,
3216 425 3390 478 οὐκέτι
3461 425 3602 480 ἐστὶν
3674 427 3725 480 ἓν
3798 436 3907 491 τοῖς

548 515 668 571 Deo
718 509 1269 576 consubstantialis,
1305 511 1362 563 et
1390 505 1581 562 Verbo
1612 506 1931 562 commista
1958 507 2032 563 sit
2055 513 2110 564 et
2138 508 2169 565 ἱ]

2308 517 2402 570 τῆς
2467 513 2662 582 σαρκὸς
2717 507 2993 582 ἰδιώμασι.
3065 517 3165 565 Καὶ
3228 514 3624 587 συλλογίζονται
3688 518 3848 579 οὕτως
3889 539 3901 552 ·

544 604 692 660 illud
720 617 1035 667 conversa,
1070 597 1383 672 quomodo
1410 600 1665 668 possunt
1690 596 1807 651 dici
1849 596 1985 652 duae
2029 603 2165 653 natu

2308 599 2377 659 ὡς
2406 598 2548 651 Ἐπεὶ
2603 604 2633 657 ἡ
2693 600 2825 673 σάρξ
2871 605 3047 672 γέγονε
3084 608 3253 674 Λόγος
3290 609 3380 656 καὶ
3434 607 3667 677 ὀιιόθεος,
3701 626 3907 660 συνανε-

545 710 646 760 rae,
676 709 799 750 non
832 697 1032 749 autem
1063 691 1260 758 unica,
1283 702 1419 760 quae
1444 690 1532 742 est
1555 684 1875 742 divinitatis
1895 685 1923 740 ?
1956 707 1984 737 »

2305 690 2474 762 κράθη
2519 695 2593 758 τῷ
2642 693 2798 760 Λόγῳ
2853 695 2943 742 καὶ
2981 695 3318 763 μετεποιὴθη,
3383 703 3494 756 πῶς
3547 692 3766 749 δυνατὸν
3810 694 3907 750 δύο

1766 770 1769 773 ’
2306 776 2471 849 λέγειν
2511 780 2691 849 φύσεις
2751 784 2841 831 καὶ
2897 779 3026 852 οὐχὶ
3072 786 3197 853 μίαν
3249 786 3339 835 καὶ
3390 786 3585 842 ταύτην
3651 793 3748 848 τῆς
3801 788 3910 839 θεό-

2305 883 2496 934 τητος;

620 966 706 1018 15.
747 966 820 1017 At
845 974 981 1033 quae
1013 962 1100 1015 est
1138 955 1664 1030 respondendum:
1701 955 1909 1010 Creata
1936 956 1994 1009 et
2028 952 2199 1009 ﬁnita

2379 974 2454 1012 ιε.
2497 958 2630 1029 Πρὸς
2656 956 2785 1032 οἷπερ
2835 956 3215 1033 ἀποκρίνασθαι
3246 956 3331 1014 δεῖ
3382 963 3450 1024 ὡς
3502 964 3532 1021 ἠ
3591 969 3780 1023 κτιστή
3821 968 3908 1017 xui

546 1059 765 1110 natura
782 1066 1027 1107 rursum
1052 1055 1110 1105 et
1133 1054 1274 1122 post
1292 1047 1582 1102 unionem
1602 1046 1663 1100 in
1687 1044 1808 1099 suis
1825 1044 2163 1100 naturalibu

2307 1050 2635 1120 περιγραπτὴ
2679 1048 2836 1118 φύσις
2890 1048 3043 1100 πάλιν
3094 1053 3183 1101 καὶ
3239 1053 3369 1122 μετὰ
3421 1055 3514 1113 τὴν
3580 1052 3761 1105 ἕνωσιν
3823 1053 3909 1107 ἐπὶ

546 1141 1010 1218 proprietatibus
1031 1138 1383 1212 permansit,
1404 1152 1524 1192 non
1553 1135 1801 1192 omnino
1828 1149 2119 1191 conversa
2139 1134 2167 1190 il

2308 1141 2408 1187 τῶν
2464 1131 2612 1187 ἰδίων
2668 1140 2920 1208 μεμένηκε
2975 1146 3206 1210 φυσικῶν
3256 1135 3575 1213 ἰδιωμάτων,
3632 1138 3746 1195 οὐδ’
3788 1143 3912 1204 ὅλως

545 1235 881 1290 increatum
908 1234 965 1286 et
992 1228 1291 1285 inﬁnitum
1324 1231 1382 1282 et
1411 1226 1470 1281 in
1502 1224 1653 1280 Patri
1674 1227 2060 1280 coaaternum.
2092 1225 2166 1279 Pe

2313 1222 2697 1296 μεταϐληθεῐσα
2726 1225 2798 1288 εἰς
2848 1229 2906 1278 τὸ
2937 1227 3204 1296 ὁὶκτιστον⁷
3235 1233 3326 1282 καὶ
3370 1228 3779 1303 ἀσχημάτιστον
3820 1237 3913 1284 xui

543 1327 823 1379 naturam
898 1323 1100 1376 autem
1165 1317 1422 1372 invicem
1491 1313 1898 1370 accessionem
1959 1328 2164 1369 carne:

2317 1310 2589 1367 συναῖδιον
2626 1323 2699 1386 τῷ
2756 1320 2922 1391 Πατρί
2953 1333 2965 1346 ·
3032 1313 3126 1370 διὰ
3172 1314 3232 1370 δὲ
3295 1323 3390 1377 τὴν
3442 1327 3541 1372 τῶν
3595 1323 3794 1393 φύσεων
3839 1321 3913 1383 εἰς

543 1414 888 1470 deiﬁcatam
930 1424 1083 1474 esse,
1136 1409 1325 1462 Deum
1364 1404 1672 1460 hominem
1706 1401 1929 1457 factum
1958 1418 2088 1458 esse
2119 1403 2164 1459 d'

2316 1402 2514 1462 ἄλληλα
2566 1410 2952 1479 περιχώρησιν,
3006 1410 3099 1465 τὴν
3168 1408 3342 1483 σάρκα
3382 1410 3637 1468 θεωθῆναι
3669 1426 3680 1439 ·
3724 1413 3812 1462 τὸν
3852 1406 3916 1463 δὲ

543 1507 754 1562 cimus.
779 1499 897 1557 Nisi
929 1497 1091 1553 enim
1119 1495 1181 1550 id
1213 1492 1647 1557 concedamus,
1676 1492 1847 1562 juxta
1871 1491 2001 1547 illos
2028 1494 2164 1551 Veri

2318 1495 2446 1546 Θεὸν
2500 1491 2898 1567 ἐνανθρωπῆσαί
2937 1515 3097 1568 φαμεν
3131 1517 3143 1530 ’
3187 1496 3233 1548 εί
3268 1499 3370 1571 γὰρ
3428 1502 3499 1570 μὴ
3549 1506 3700 1551 τοῦτο
3769 1495 3918 1557 δοίη-

542 1595 774 1649 naturae
804 1585 933 1651 erit,
974 1597 1097 1637 non
1135 1584 1335 1636 autem
1389 1579 1678 1633 humanae
1713 1576 1775 1631 in
1826 1577 2056 1634 Christo
2101 1595 2163 1636 ηε

2316 1600 2426 1654 μεν,
2482 1584 2632 1634 ἔσται
2686 1581 2746 1634 ἆν
2782 1592 2872 1643 τῆς
2917 1592 3008 1636 τοῦ
3074 1588 3248 1656 Λόγου
3302 1589 3504 1658 φύσεως
3549 1588 3664 1640 κατ’
3704 1587 3914 1657 αὐτοὺς,

542 1685 713 1745 turae,
769 1675 1229 1736 incrementum,
1259 1667 1522 1736 iactatio,
1553 1670 1765 1735 tactus,
1799 1663 2017 1734 fames,
2051 1666 2163 1724 sitis

2315 1674 2405 1722 xui
2444 1669 2572 1742 οὐχὶ
2612 1679 2705 1733 τῆς
2736 1669 2784 1722 ἕν
2834 1679 3049 1745 Χριστῷ
3086 1671 3407 1748 ἀνθρωπίνης
3446 1677 3668 1747 φύσεως,
3724 1678 3755 1734 ἡ
3824 1678 3919 1728 αῦ-

542 1762 834 1835 fatigatio,
891 1758 1130 1830 agonia,
1174 1762 1441 1827 sputum,
1503 1752 1830 1824 cruciﬁxio,
1867 1753 2163 1825 sepultura

2315 1759 2486 1831 ξησις,
2533 1761 2563 1817 ἡ
2624 1763 3016 1833 σπαργάνωσις,
3077 1764 3127 1821 ἠ’
3174 1762 3502 1835 ψηλάφησιςν
3561 1766 3591 1823 ἡ
3661 1771 3831 1832 πεῖνα,
3881 1766 3913 1824 ἡ

542 1871 728 1913 mors.
752 1851 817 1907 Id
846 1850 930 1906 ita
960 1845 1235 1902 Patribus
1260 1843 1467 1910 videri,
1503 1857 1764 1914 quorum
1792 1842 2039 1899 oracula
2067 1860 2163 1916 prc

2313 1845 2469 1918 δίψα,
2503 1849 2528 1900 ὁ
2565 1851 2745 1919 κόπος,
2787 1850 2818 1907 ἡ
2862 1848 3079 1920 ἀγωνία,
3119 1854 3178 1904 τὸ
3215 1855 3456 1925 πτύσμα,
3494 1854 3526 1911 ἡ
3557 1852 3642 1906 ἐπὶ
3680 1862 3919 1929 σταυροῦ

541 1945 759 2008 ferunt,
785 1942 1078 1996 testantur
1108 1938 1323 1991 caetera
1354 1948 1564 1988 eorum
1592 1930 1834 2002 scripta,
1859 1937 2110 1990 naturas
2140 1934 2162 1989 i‘

2309 1937 2487 2004 πῆξις,
2544 1940 2573 1996 ἡ
2633 1943 2792 2010 ταφὴ,
2856 1945 2944 1991 καὶ
3000 1942 3026 1991 ὁ
3082 1943 3312 2003 θάνατος.
3354 1941 3475 1995 Ὀτι
3542 1938 3600 1995 δὲ
3660 1948 3751 1996 καὶ
3804 1951 3920 2006 τοῖς

543 2033 770 2090 Christo
801 2043 925 2084 non
959 2022 1249 2081 confundi
1280 2021 1559 2076 docentia
1600 2035 1797 2091 neque
1845 2036 2164 2078 conversa:

2312 2029 2580 2100 Πατράσιν
2634 2028 2769 2079 οὕτω
2826 2024 2988 2096 δοκεῖ,
3040 2032 3107 2081 ὠν
3162 2033 3257 2093 τὰς
3309 2037 3537 2107 χρήσεις
3586 2035 3917 2106 παράγουσι,

540 2139 669 2180 esse
699 2134 941 2177 carnem
972 2117 1032 2171 in
1063 2113 1443 2169 divinitatem
1470 2127 1483 2178 ;
1539 2109 1645 2165 sed
1686 2113 1742 2165 et
1776 2110 1965 2167 verba
1993 2111 2157 2168 Chris

2310 2124 2637 2193 μαρτυροῦσι
2709 2119 2777 2169 τὰ
2838 2117 2996 2170 λοιπὰ
3059 2125 3277 2173 τουτωνὶ
3346 2124 3755 2197 συγγράμματα,
3838 2129 3915 2195 μὴ

539 2211 849 2285 discipulis
904 2208 978 2262 de
1039 2208 1256 2261 Lazaro
1307 2201 1561 2257 dicentis
1619 2217 1631 2255 :
1676 2203 1943 2285 Mortuus
1985 2207 2096 2272 est,
2146 2220 2160 2258 ι

2315 2208 2682 2278 συγκεχύσθαι
2724 2209 2817 2267 τὰς
2848 2205 2896 2258 ἐν
2944 2215 3159 2282 Χριστῷ
3192 2214 3369 2281 φὺσεις
3400 2207 3745 2278 διδάσκοντα,
3779 2218 3920 2284 μήτε

541 2284 778 2376 gaudeo
808 2301 1053 2371 propter
1080 2308 1208 2359 vos,
1229 2290 1524 2364 quoniam
1554 2284 1865 2345 non'eram
1892 2289 2162 2347 ibi.Utriu

2313 2300 2415 2368 μὴν
2437 2298 2852 2368 μεταποιηθῆναι
2877 2300 2970 2354 τὴν
2994 2302 3165 2371 σάρκα
3187 2299 3256 2360 εἰς
3285 2299 3685 2357 θεότητα.Ἀλλὰ
3714 2306 3806 2352 xui
3821 2310 3920 2354 τοῦ

539 2389 879 2466 reputanda
899 2389 988 2442 est
1006 2385 1135 2441 haec
1162 2397 1314 2437 vox:
1341 2403 1369 2431 «
1396 2383 1525 2436 Non
1551 2395 1717 2434 eram
1740 2378 1825 2435 ibi
1842 2380 1955 2436 1°?»
1984 2381 2160 2437 Divin

2316 2391 2547 2458 Χριστοῦ
2575 2404 2705 2459 προς
2740 2389 2857 2446 τούς
2893 2388 3135 2459 μαθητὰς
3170 2393 3288 2463 περὶ
3334 2397 3421 2441 τοῦ
3454 2390 3701 2462 Λαζάρου
3739 2389 3920 2463 λέγον-

540 2480 735 2542 tatis?
766 2482 832 2535 Et
869 2473 1180 2549 quomodo
1229 2469 1365 2542 loco
1418 2468 1902 2540 circumscriptus
1959 2474 2049 2526 est
2095 2487 2161 2544 qr

2312 2493 2400 2528 τος
2438 2475 2519 2526 ὅτι
2557 2496 2585 2524 ‹‹
2615 2475 2883 2539 Ἀπέθανε,
2916 2480 3006 2528 καὶ
3044 2480 3222 2550 χαίρω
3254 2474 3328 2530 δι’
3367 2480 3497 2551 ὑμᾶς
3535 2480 3615 2532 ὃτι
3645 2479 3740 2531 οῦκ
3770 2484 3920 2553 ἤμην

541 2573 769 2644 ubique
808 2566 978 2624 adest
1019 2569 1075 2620 et
1105 2576 1285 2633 super
1315 2559 1523 2614 omnia
1561 2556 1697 2612 est?
1730 2557 1785 2613 Si
1819 2573 1955 2613 vero
1978 2560 2162 2615 carnis

2311 2559 2432 2615 ἐκεῖ.
2486 2585 2513 2613 (ι
2553 2567 2700 2625 Τίνος
2750 2567 2955 2622 νοητέον
2993 2567 3051 2616 τὸ
3089 2565 3235 2640 ῥῆμα
3285 2569 3344 2619 τὸ
3386 2589 3415 2617 ‹‹
3456 2567 3548 2620 οῦκ
3571 2572 3709 2641 ἥμην
3764 2568 3916 2637 ἐκεῖς

537 2678 660 2737 quo
710 2658 895 2716 modo
920 2670 1043 2711 non
1077 2655 1219 2707 sunt
1266 2649 1401 2704 duae
1439 2649 1500 2737 in
1532 2646 1765 2703 Christo
1818 2652 2048 2737 naturae
2071 2649 2098 2704 ?
2131 2652 2158 2704 E

2308 2657 2415 2713 Τῆς
2446 2654 2722 2719 θεότητος;
2767 2658 2868 2706 Καὶ
2898 2661 3009 2715 πῶς
3032 2659 3173 2726 τόπῳ
3199 2661 3546 2730 περιγραπτὸς
3586 2659 3611 2709 ὁ
3632 2668 3918 2730 πανταχοῦ

535 2735 822 2823 lacrymaa
886 2743 1087 2801 Lazari
1145 2738 1339 2809 gratia
1403 2735 1635 2804 effusae,
1697 2735 1893 2791 carnis
1948 2737 2156 2792 omnin

2307 2746 2484 2817 παρὼν
2531 2747 2622 2794 καὶ
2650 2744 2776 2814 ὑπὲρ
2807 2747 2866 2794 τὸ
2894 2750 2995 2795 πᾶν
3039 2748 3138 2811 ὥν;
3198 2745 3257 2796 Εἰ
3299 2742 3358 2798 δὲ
3393 2754 3488 2809 τῆς
3536 2750 3748 2821 σαρκὸς,
3800 2757 3921 2812 πῶς

538 2844 726 2908 erant,
758 2851 955 2908 neque
985 2829 1313 2888 divinitatis
1341 2845 1354 2895 ;
1411 2824 1937 2897 quemadmodum
1966 2826 2159 2882 homir

2308 2831 2435 2902 οῦχὶ
2494 2827 2590 2883 δὺο
2631 2835 2810 2903 φυσεις
2859 2830 2942 2884 ἐπὶ
2971 2840 3248 2906 Χριστοῦ;
3308 2834 3409 2886 Καὶ
3442 2840 3500 2887 τὸ
3532 2835 3617 2888 ἐπὶ
3656 2839 3919 2911 Λαζάρου

537 2927 819 2989 convenit
842 2922 1026 2981 illud:
1057 2942 1085 2970 ‹‹
1119 2917 1228 2975 Ubi
1260 2914 1541 2989 posuistis
1568 2930 1707 2971 eum
1728 2916 1755 2971 ?
1789 2937 1811 2965 ι

2308 2917 2369 2972 δὲ
2410 2917 2637 2993 δάκρυον
2664 2929 2757 2982 τῆς
2792 2924 2986 2994 σαρκὸς
3022 2924 3226 2985 πάντως
3266 2919 3345 2994 ἦν,
3389 2929 3478 2977 καὶ
3516 2925 3643 2996 οὐχί
3678 2933 3771 2986 τῆς
3805 2930 3920 2980 θεὸ-

2231 3032 2274 3089 C
2306 3027 2459 3069 τητος
2491 3022 2506 3039 ⁸
2549 3010 2721 3083 ὥσπερ
2765 3007 3193 3085 ἀνθρωποπρεπὲς
3245 3016 3335 3064 καὶ
3372 3016 3431 3064 τὸ
3472 3010 3662 3087 ἐρωτᾷν
3721 3034 3750 3064 ιι
3802 3021 3920 3070 Ποῦ

2308 3098 2570 3149 τεθείκατε
2609 3097 2763 3149 αὐτόν
2789 3115 2803 3166 ;

608 3201 697 3254 16.
739 3191 912 3263 Quod
945 3188 990 3245 si
1017 3187 1079 3245 id
1110 3183 1469 3255 addiderint,
1500 3197 1632 3249 nos,
1679 3181 1727 3237 si
1758 3180 1915 3237 duas
1946 3185 2197 3239 naturas

2383 3186 2478 3251 ις’.
2519 3187 2633 3240 Ἐὰν
2674 3184 2734 3240 δὲ
2785 3190 2874 3240 καὶ
2932 3196 3084 3241 τοῦτο
3144 3192 3543 3265 προσθήσουσιν
3599 3194 3682 3259 ὡς,
3724 3193 3768 3246 εἴ
3811 3190 3918 3248 δὺο

534 3288 847 3347 distinctas
889 3275 1169 3338 habuerit
1196 3273 1484 3342 Christus,
1516 3271 1852 3327 humanam
1885 3286 2109 3344 nempe
2144 3291 2155 3328 ε

2311 3279 2487 3348 φυσεις
2524 3272 2662 3348 εἶχεν
2702 3277 2729 3327 ὁ
2756 3279 2992 3351 Χριστὸς
3034 3276 3398 3350 ἆσυγχὺτους,
3446 3278 3769 3354 ἀνθρωπίνην
3819 3290 3917 3338 καὶ

533 3377 828 3441 divinam,
886 3370 1223 3425 creaturam
1288 3361 1565 3429 adorare,
1626 3360 1855 3432 quippe
1907 3360 2014 3432 qui
2063 3370 2154 3417 an1

2312 3367 2506 3436 θεῑκὴν,
2547 3366 2651 3440 ἄρα
2678 3372 2739 3437 τῇ
2791 3369 2964 3418 κτίσει
2999 3365 3328 3442 λατρεὺομεν,
3368 3371 3438 3432 ὡς
3487 3378 3675 3444 κτιστῇ
3734 3391 3917 3447 προσ-

531 3467 799 3525 creatam
822 3461 1106 3515 naturam
1135 3450 1526 3524 procidamus
1551 3464 1564 3514 ;
1592 3448 1689 3503 vel
1720 3448 1771 3502 si
1795 3447 2152 3520 minius,ess«

2308 3461 2582 3516 κανοῦντες
2632 3457 2829 3527 φὺσειο
2888 3455 2919 3514 ἢ
2979 3455 3022 3507 εἰ
3077 3459 3147 3526 μὴ
3191 3465 3363 3526 τοῦτο,
3405 3461 3482 3517 εἴη
3542 3457 3602 3511 ἂν
3656 3461 3681 3512 ὁ
3747 3461 3920 3526 αὐτὸς

526 3556 693 3614 idem
722 3555 780 3607 et
826 3562 986 3603 unus
1017 3543 1281 3598 Christus
1313 3538 1610 3594 adoratus
1648 3540 1706 3593 et
1728 3552 1850 3592 non
1892 3539 2143 3595 adoratu

2306 3548 2397 3597 xui
2429 3546 2499 3606 εἷς
2549 3546 2783 3615 Χριστὸς
2832 3550 3193 3619 προσκυνητός
3238 3566 3290 3600 τε
3318 3550 3405 3600 καὶ
3459 3547 3860 3622 ἀπροσιὺνητος
3899 3575 3913 3587 -

533 3644 625 3704 Sic
685 3630 1204 3711 respondendum.
1268 3626 1480 3683 Filium
1538 3624 1639 3681 Dei
1696 3641 1835 3681 cum
1899 3627 2074 3718 Patre
2140 3645 2154 3685 ι

2307 3635 2502 3686 οὑτωσὶ
2529 3634 2725 3686 λεκτέον
2756 3654 2768 3667 υ
2828 3636 2925 3686 Τὸν
2969 3636 3087 3687 Υὶόν
3133 3643 3224 3688 τοῦ
3286 3644 3419 3690 Θεοῦ
3479 3642 3571 3690 σὺν
3614 3647 3685 3710 τῷ
3734 3646 3917 3718 Πατρὶ

530 3735 738 3791 sancto
763 3725 984 3799 Spiritu
1013 3720 1364 3784 adoramus,
1394 3715 1522 3771 sine
1554 3730 1804 3787 corpore
1832 3721 1970 3771 ante
2002 3716 2151 3773 inca]

2303 3727 2394 3775 xui
2439 3730 2511 3793 τῷ
2558 3721 2692 3794 ἁγίῳ
2745 3725 3008 3795 Πνεὺματι
3045 3732 3456 3799 προσκυνοῦμεν,
3498 3725 3776 3799 ἀσώματον
3817 3734 3917 3803 μὲν

525 3821 835 3881 nationem
866 3811 1263 3875 existentem;
1313 3819 1475 3861 nunc
1521 3807 1724 3860 autem
1765 3803 2050 3860 eumdem
2103 3806 2146 3862 ir

2302 3812 2402 3887 πρό
2444 3819 2540 3873 τῆς
2584 3809 3036 3885 ἐνανθρωπήσεως,
3085 3820 3172 3864 νῦν
3221 3809 3280 3866 δὲ
3307 3818 3394 3866 τὸν
3433 3815 3588 3867 αὐτὸν
3621 3835 3916 3892 σει-σαρκω-

528 3912 845 3969 carnatum
914 3906 971 3958 et
1027 3900 1173 3956 citra
1231 3894 1514 3951 deitatem
1570 3892 1798 3949 factum
1855 3893 2149 3950 hominen

2302 3905 2448 3974 μένον
2481 3904 2570 3952 xui
2621 3904 2886 3973 ’γενόμενον
2913 3902 3180 3976 ἄνθρωπον
3228 3906 3359 3976 μετὰ
3395 3912 3486 3956 τοῦ
3536 3903 3666 3957 εἶναι
3721 3912 3859 3960 Θεὸν
3898 3930 3914 3946 ·

526 4004 596 4059 Et
633 3999 789 4056 sicut
834 3994 1068 4064 lignum
1103 3992 1279 4044 tenue
1327 3982 1509 4041 tactui
1561 3997 1686 4039 non
1737 3985 1825 4038 est
1874 3982 2145 4039 inaccess

2302 3996 2392 4042 xui
2422 3992 2595 4064 ὥσπερ
2646 3989 2790 4052 ξὺλον
2819 3989 2972 4061 ψιλὸν
3010 3991 3103 4043 οὐκ
3143 3994 3281 4045 ἔστίν
3323 3992 3607 4067 ἀπρόσιτον
3654 4003 3716 4069 τῇ
3770 3997 3912 4072 ἀφῇ,

512 4090 664 4153 bile,
716 4092 941 4151 tamen,
999 4080 1139 4151 igne
1195 4074 1421 4141 addito,
1473 4070 1887 4129 inaccessibile
1937 4071 2022 4143 fit,
2071 4089 2133 4130 nc

2301 4085 2429 4154 πυρὶ
2495 4076 2553 4132 δὲ
2618 4079 3034 4155 προσομιλῆσαν,
3095 4080 3378 4157 ἀπρόσίτον
3438 4088 3634 4156 γίνεται
3704 4084 3764 4138 οῦ
3830 4085 3870 4141 δ
3877 4090 3914 4141 ι’

524 4177 773 4253 quidem
802 4188 910 4246 per
939 4185 1023 4240 se,
1057 4166 1165 4223 sed
1211 4164 1357 4238 quia
1387 4162 1545 4235 ignis
1578 4163 1847 4253 accessit,
1880 4164 2009 4253 Non
2034 4163 2145 4219 enii

2303 4168 2475 4238 ἑαυτὸ,
2527 4167 2654 4221 ἀλλὰ
2685 4165 2779 4221 διὰ
2822 4171 2882 4221 τὸ
2919 4174 3240 4243 συνημμένον
3291 4171 3431 4244 αὐτῷ
3469 4180 3571 4247 πῦρ
3607 4190 3619 4204 ·
3662 4177 3752 4226 καὶ
3796 4184 3914 4252 οῦχ

524 4250 675 4340 ligni
729 4269 946 4321 natura
991 4254 1421 4315 inaccessibilis
1452 4256 1560 4323 est,
1593 4251 1700 4308 sed
1729 4250 1933 4320 carbo,
1965 4251 2004 4308 i.
2045 4268 2099 4309 e.
2128 4253 2145 4310 1

2302 4261 2333 4318 ἡ
2392 4266 2485 4313 τοῦ
2525 4258 2679 4322 ξὺλου
2735 4262 2890 4331 φύσις
2918 4260 3152 4334 ὑπάρχει
3210 4259 3511 4337 ἀπρόσιτος,
3565 4262 3671 4316 ἀλλ’
3721 4266 3747 4317 ὀ
3810 4268 3915 4319 οἶν-

527 4372 717 4429 gnum
757 4352 1081 4416 adustum;
1117 4345 1199 4402 sic
1242 4361 1382 4402 caro
1407 4358 1653 4417 quoque
1687 4357 1798 4433 pro
1827 4345 2045 4399 natura
2084 4359 2148 4433 su

2304 4347 2450 4424 θραξ,
2483 4351 2603 4405 ἤτοι
2629 4350 2685 4400 τὸ
2717 4352 3072 4422 φεπυρωμένρν
3121 4348 3267 4412 ξὺλον
3299 4364 3314 4381 .
3370 4352 3533 4412 οὕτως
3570 4355 3660 4404 καὶ
3699 4354 3728 4411 ἡ
3766 4357 3916 4432 σὰρξ

524 4461 650 4504 non
670 4447 759 4501 est
787 4437 1126 4505 adoranda,
1155 4436 1217 4491 in
1246 4435 1436 4490 Verbo
1462 4437 1670 4489 tamen
1700 4430 2015 4487 incarnato
2047 4432 2145 4488 adt

2299 4439 2435 4489 κατὰ
2466 4439 2555 4509 μὲν
2603 4440 2696 4495 τὴν
2754 4436 2942 4500 ἑαυτῆς
2999 4441 3152 4511 φῦσιν
3209 4439 3304 4492 οὐκ
3349 4442 3465 4492 ἔστι
3501 4450 3849 4515 προσκυνητή
3894 4461 3911 4479 ο

524 4539 729 4601 ratur;
778 4546 891 4587 nec
935 4527 1192 4584 dicimus
1230 4540 1342 4581 nos
1372 4537 1618 4580 carnem
1646 4520 1877 4577 nudam
1909 4520 2145 4578 adorare

2294 4532 2665 4599 προσκυνεῖται
2717 4522 2777 4579 δὲ
2828 4524 2876 4578 ἐν
2927 4535 2997 4599 τῷ
3051 4533 3424 4604 σεσαρκωμένῳ
3454 4534 3610 4603 Λόγῳ
3641 4547 3653 4561 ·
3710 4538 3808 4587 καὶ
3843 4536 3913 4589 οῦ

525 4624 636 4683 sed
689 4636 935 4680 carnem
965 4618 1088 4686 Dei,
1117 4617 1156 4673 i.
1186 4632 1240 4673 e.
1272 4614 1461 4671 Deum
1490 4613 1893 4669 incarnatum.
1930 4611 2046 4669 Sed
2067 4611 2146 4669 ho

2294 4618 2455 4688 φαμὲν
2511 4616 2588 4668 ὅτι
2648 4617 2821 4690 σάρκα
2869 4625 3257 4691 προσκυνοῦμεν
3317 4617 3496 4690 ψιλὴν,
3539 4618 3667 4673 ἀλλὰ
3720 4625 3914 4698 σάρκα

524 4713 773 4788 quidem
810 4711 873 4767 in
919 4710 1206 4782 promptu
1235 4709 1292 4761 et
1319 4719 1426 4778 per
1454 4701 1904 4775 compendium.
1932 4700 2033 4757 Vir
2073 4717 2145 4758 au

2294 4711 2449 4775 Θεοῦ,
2489 4708 2607 4763 ἤτοι
2674 4709 3062 4779 σεσαρκωμένον
3120 4711 3268 4765 Θεὸν.
3309 4714 3488 4785 Ταῦτα
3546 4710 3611 4770 ὡς
3676 4708 3732 4762 ἐκ
3771 4731 3911 4786 προ.

523 4807 645 4863 tem
680 4804 804 4861 otio
829 4801 1030 4859 fruens
1056 4797 1246 4856 multa
1271 4813 1303 4853 e
1345 4794 1662 4868 Scripturis
1689 4792 1875 4850 sacris
1897 4793 2144 4865 exempl,

2287 4798 2474 4870 χείρου
2522 4797 2612 4846 καὶ
2674 4792 2724 4846 ἐν
2764 4791 2989 4867 ἐπιτόμῳ
3023 4812 3036 4826 ·
3079 4794 3318 4870 εὐκαιρία
3374 4794 3435 4850 δέ
3484 4816 3559 4857 τις
3595 4804 3908 4874 χρώμενος,

521 4892 941 4951 Armeniorum
982 4889 1242 4946 haereses
1273 4888 1378 4942 aut
1421 4881 1791 4943 destruentia
1840 4884 1943 4939 aut
1971 4895 2142 4953 repro

2286 4888 2377 4937 xui
2433 4883 2581 4958 ἔτερα
2632 4881 2692 4935 ἂν
2746 4883 2904 4937 πλείω
2955 4883 3011 4937 ἐκ
3057 4894 3157 4938 τῶν
3209 4889 3353 4962 ἱερῶν
3416 4885 3631 4940 Βιϐλίων
3670 4887 3907 4943 ἐπισυν-

521 4983 731 5043 bantia
748 4983 812 5040 in
839 4979 1111 5039 medium
1132 4976 1396 5051 proferre
1430 4972 1711 5049 potuerit.

2287 4975 2482 5048 ἀγάγῃ,
2550 4975 2645 5038 τὰς
2696 4982 2796 5027 τῶν
2849 4974 3125 5049 Ἀρμενίων
3174 4979 3399 5051 αἱρέσεις
3441 4983 3903 5056 καταστρέφοντα,

2283 5066 2373 5117 xui
2408 5064 2502 5127 τὰς
2528 5061 2811 5126 ἀντιθέσεις
2838 5064 3006 5118 αὐτῶν
3038 5061 3398 5141 διελέγχοντα.

594 5307 641 5349 ¹⁶
661 5312 828 5368 Joan.
858 5320 939 5380 xr,
976 5306 1061 5364 15.
