4106 6296
201 280 264 333 105
1538 270 1888 332 THESAURI
1919 260 2052 332 LIB.
2083 267 2188 333 XX.

3443 280 3544 341 106

194 400 3543 429 ww

903 557 1039 697 Ν
1048 555 1656 697 ΙΟΕΤλἘ
1801 528 2835 697 ΟΗΟΝΙΑΤᾸΕ

1568 786 1690 855 ΕΧ
1728 784 1999 855 LIBRO
2036 787 2167 855 XX

747 999 1496 1110 THESAURI
1583 1000 2511 1111 ORTHODOX/E
2592 1003 2977 1115 FIDEI

1419 1231 1570 1304 (Mai,
1615 1231 1887 1290 Biblioth.
1922 1247 2100 1301 nov.,
2130 1237 2170 1291 t.
2212 1236 2326 1300 IV.)

276 1527 421 1578 ΠΕΡΙ
464 1528 617 1577 ΤΗΣ
667 1525 1061 1576 ΘΡΗΣΚΕῙΑΣ
1097 1526 1232 1575 ΤΩΝ
1272 1525 1652 1587 ΔΓΔΡΗΝΩΝ.

232 1646 287 1706 α’,
312 1646 472 1701 Ἐστι
504 1643 575 1700 δὲ
610 1651 717 1699 καὶ
750 1647 783 1704 ἡ
822 1650 989 1719 μέχρι
1017 1654 1109 1699 τοῦ
1138 1653 1224 1698 νῦν
1256 1653 1528 1719 κρατοῦσα
1559 1644 1789 1698 λαοπλά-

184 1756 245 1798 νος
269 1740 527 1813 θρησκεία
557 1746 674 1790 τῶν
706 1736 1062 1809 Ἰσμαηλιτῶν
1092 1733 1392 1810 πρόδρομος
1420 1756 1498 1797 τις
1530 1743 1622 1789 τοῦ
1654 1733 1793 1788 ἀντι-

189 1833 406 1902 χρίστου.
438 1828 810 1899 Κατάγονται
842 1822 903 1879 δὲ
930 1825 1031 1879 ἀπὸ
1061 1833 1152 1879 τοῦ
1190 1826 1409 1899 Ἰσμαήλ
1456 1833 1552 1878 τοῦ
1600 1828 1654 1878 ἑιι
1702 1833 1794 1887 τῆς

191 1914 330 1989 ’Δγαρ
355 1920 659 1989 τεχθέντος
692 1923 770 1987 τῷ
797 1914 1036 1989 Ἀϐρααμ
1071 1936 1086 1950 ·
1136 1913 1317 1989 διόπερ
1373 1915 1656 1990 Ἀγαρηνοὶ
1703 1918 1794 1968 καὶ

193 2004 503 2077 Ἰσραηλῖται
532 2007 1056 2080 προσαγορεύονται.
1085 2003 1446 2079 Σαρῥακηνοὺς
1502 2000 1561 2057 δὲ
1608 2003 1794 2064 αὐτοὺς

191 2095 413 2148 καλοῦσιν
445 2098 521 2156 ὡς
550 2093 612 2146 ἐκ
642 2102 745 2156 τῆς
771 2092 974 2168 Σοίῤῥας
1002 2097 1174 2155 κενοὺς
1204 2094 1298 2164 (1),
1334 2090 1427 2145 διὰ
1453 2096 1511 2145 τὸ
1551 2093 1795 2166 εἰρῆσθαι

195 2184 276 2235 ὑπὸ
301 2193 394 2245 τῆς
423 2183 608 2257 Ἀγαρ
640 2190 717 2253 τῷ
751 2182 977 2255 ἀγγέλῳ,
1013 2184 1093 2235 ὅτι
1117 2182 1174 2236 Ἠ
1211 2181 1383 2257 Σὰῥρα
1411 2186 1559 2241 κενήν
1582 2201 1645 2254 με
1674 2181 1796 2234 ἁπέ·

195 2272 345 2331 λνσεν.
378 2275 551 2327 Οὗτοι
582 2276 679 2346 μὲν
706 2270 816 2337 οὖν,
852 2269 1391 2348 εὶὸωλολατρήσαντες
1433 2277 1524 2324 καὶ
1557 2291 1793 2344 προσκυ-

196 2369 420 2423 νήσαντες
442 2372 521 2435 τῷ
576 2362 832 2436 ἐωσφόρῳ
863 2362 1043 2435 ἄστρῳ
1072 2369 1134 2433 τῇ
1166 2358 1474 2436 Ἀφροδίτῃ,
1507 2359 1566 2419 ἢν
1605 2358 1671 2419 δὴ
1704 2364 1794 2437 καὶ

201 2455 366 2526 Χαριὸιρ
403 2455 483 2523 (2)
533 2458 602 2523 τῇ
660 2451 859 2504 ἑαυτῶν
889 2450 1229 2523 ἐπωνόμασαν
1268 2450 1663 2522 γλώσσῃ,σὸπερ
1698 2469 1794 2507 ση-

196 2545 351 2611 μαίνει
378 2540 644 2615 μεγάλην,
678 2540 774 2601 ἕως
812 2542 903 2611 μὲν
938 2547 1036 2591 τῶν
1064 2538 1364 2612 Ἡρακλείου
1408 2543 1613 2612 χρόνων
1660 2557 1794 2614 προ-

173 2639 345 2700 ,φανῶς
393 2626 853 2705 εἰδωλολάτρουνο
889 2627 993 2681 ἀπὸ
1045 2625 1104 2681 δε
1142 2627 1443 2701 Ἡρακλείου
1501 2632 1591 2680 καὶ
1641 2624 1796 2702 δεῦρο

192 2715 633 2794 σέθενδοπροφήτης
677 2717 852 2778 αὐτοῖς
883 2716 1076 2789 ἀνεφύη
1116 2713 1351 2789 Μωάμεὸ
1400 2716 1794 2789 ὀνομαζόμενος,

193 2807 245 2868 ὸς
261 2813 564 2881 περιτυχὼν
582 2805 850 2881 Ἑϐραίοις
870 2811 965 2859 καὶ
980 2813 1315 2881 Χριστιανοίς
1338 2802 1372 2858 ὃ
1374 2813 1404 2864 ἣ
1415 2807 1495 2859 θεν
1515 2804 1797 2881 Ἀρειανοῖς

193 2901 276 2948 καὶ
304 2903 702 2969 Νεστοριανοίς,
719 2895 1088 2966 ἁπανταχόθεν
1110 2893 1435 2968 ἀρυσάμενος
1457 2893 1508 2957 ἐξ
1525 2890 1796 2948 Ἰουδαίων
1825 2927 1874 2985 Β

187 2988 274 3055 μὲν
297 2990 626 3058 μοναρχίαν,
652 2982 706 3047 ἐξ
726 2982 1004 3059 Ἀρειανῶν
1032 2979 1091 3036 δὲ
1117 2988 1286 3055 Λόγον
1315 2987 1405 3036 καὶ
1439 2989 1649 3055 Πνεῦμα
1676 3002 1796 3035 κτι-

195 3077 311 3141 στὸι,
336 3073 443 3127 ἀπὸ
476 3071 538 3127 δὲ
568 3080 938 3148 Νεστοριανῶν
965 3070 1470 3147 ἀνθρωπολατρείαν,
1491 3077 1585 3131 τήν
1607 3090 1661 3124 τε
1689 3079 1795 3125 Πα-

184 3161 333 3216 λαιὰν
361 3170 457 3217 καὶ
482 3167 685 3222 Καινὴν
714 3164 985 3220 Διαθὴκην
1015 3159 1256 3226 ἐπελθὼν,
1285 3166 1377 3213 καὶ
1425 3181 1527 3214 τινι
1554 3160 1799 3235 Ἀρειανῷ

187 3252 588 3326 προσομιλήσας
608 3250 911 3325 μονάζοντι,
936 3245 996 3302 id
1001 3253 1081 3302 ίαν
1105 3252 1421 3308 συνέστησεν
1443 3252 1642 3323 αἳρεσιν
1674 3271 1686 3284 ·
1710 3254 1801 3302 καὶ

186 3346 447 3416 προφάσει
478 3339 640 3400 δῆθεν
674 3342 966 3402 θεοσεϐείας
1000 3343 1060 3392 τὸ
1085 3341 1225 3402 ἔθνος
1254 3342 1607 3406 ὑποποιήσας,
1641 3338 1694 3402 ἐξ
1718 3339 1800 3392 οὐ-

188 3441 355 3501 ρανῶν
382 3437 595 3507 γραφήν
624 3433 727 3484 ὑπὸ
756 3438 850 3484 τοῦ
893 3435 1032 3484 Θεοῦ
1075 3431 1453 3502 κατενεχθῆναι
1490 3428 1613 3504 παρ’
1645 3429 1801 3481 αὐτὸν

194 3514 539 3593 saep-inme
575 3541 589 3555 θ
620 3521 740 3573 τινὰ
770 3516 831 3573 δὲ
858 3519 1256 3593 συγγράμματα
1280 3516 1327 3570 ἐν
1370 3526 1443 3589 τῷ
1471 3521 1686 3589 τοιούτῳ
1719 3516 1803 3591 βι-

194 3604 322 3679 ϐλίῳ
352 3606 693 3686 διαχαράξας
730 3607 959 3682 γέλωτος
999 3606 1145 3676 ἄξια,
1194 3610 1253 3660 τὸ
1286 3605 1442 3669 σέϐας
1485 3607 1663 3669 αὐτοῖς
1704 3626 1802 3660 πα-

185 3694 407 3767 fidenti.

261 3836 343 3912 β’.
367 3844 526 3913 Λέγει
552 3841 641 3893 ἕνα
669 3843 798 3895 Θεὸν
828 3842 1060 3898 ποιητὴν
1087 3848 1185 3891 τῶν
1207 3838 1333 3892 ὅλων
1365 3836 1493 3891 εἶναι
1522 3844 1590 3911 μή
1602 3857 1655 3892 τε
1691 3857 1801 3911 γεν-

184 3931 415 3986 ηθέντα
442 3934 572 4003 μήτε
590 3936 942 4003 γεγεννηκότα
974 3950 988 3965 ο
1019 3929 1155 4002 λέγει
1183 3934 1271 3982 τὸν
1327 3933 1556 4004 Χριστὸν
1587 3932 1706 3984 Υίὸν
1738 3926 1804 3982 εἷ-

185 4037 273 4070 ναι
296 4027 396 4071 τοῦ
421 4027 578 4087 Θεοῦ,
602 4025 693 4073 καὶ
712 4027 921 4093 πνεῦμα
942 4017 1124 4091 αὐτοῦ,
1144 4022 1358 4071 κτιστόν
1384 4014 1443 4072 δὲ
1469 4023 1557 4071 καὶ
1579 4015 1763 4072 δοῦλον
1784 4039 1797 4052 ο

184 4112 279 4159 καί
300 4111 389 4160 ὅτι
417 4107 474 4161 ἔκ
500 4114 709 4184 Μαρίας
755 4116 855 4171 τῆς
893 4104 1126 4178 ἀδελφῆς
1170 4111 1428 4168 Μωῦσέως
1470 4112 1561 4159 καὶ
1601 4106 1799 4180 Ἀαρὼν

186 4195 315 4248 ira:
351 4204 546 4273 σπορᾶς
566 4196 779 4269 ἐτέχθη.
812 4195 873 4249 Ὀ
900 4198 1006 4269 γὰρ
1029 4200 1220 4267 Λόγος,
1249 4200 1400 4269 φησὶ,
1426 4203 1515 4249 τοῦ
1546 4204 1679 4249 Θεοῦ
1710 4200 1800 4248 καὶ

1816 1522 1864 1575 Α

2126 1522 2216 1576 DE
2254 1520 2796 1580 SUPERSTITIONE
2832 1523 3319 1582 AGARENORUM

1977 1648 2027 1702 l.
2061 1646 2398 1702 Perseverat
2437 1662 2627 1719 usque
2661 1648 2740 1703 ad
2771 1647 3127 1705 hodiernam
3158 1649 3317 1706 diem
3353 1660 3547 1725 popu-

1900 1732 2098 1790 lorum
2120 1733 2428 1807 deceptrix
2450 1736 2659 1807 religio
2687 1738 3164 1794 lsmahehtarum
3190 1742 3366 1813 quasi
3391 1743 3550 1799 Anti-

1902 1821 2377 1895 christiquidam
2418 1839 2775 1897 praecursor.
2834 1827 2905 1881 Hi
2961 1842 3151 1897 genus
3212 1829 3550 1886 ducuntab

1901 1910 2218 1981 Ismahele,
2258 1928 2446 1985 quam
2473 1917 2633 1984 Agar
2656 1914 3004 1971 Abrahamo
3030 1917 3290 1989 peperit:
3341 1921 3550 1976 Sarra-

1904 2015 2084 2058 cenos
2114 2004 2315 2057 autem
2346 2001 2593 2058 eosdem
2622 2003 2950 2075 appellant,
2975 2006 3154 2077 quasi
3185 2022 3221 2061 a
3251 2009 3429 2065 Sarra
3448 2026 3552 2067 va-

1903 2105 2068 2156 cuos,
2100 2094 2422 2162 propterea
2469 2091 2638 2164 quod
2693 2097 2855 2162 Agar
2902 2093 3119 2149 dixerit
3159 2096 3394 2167 angelo,
3420 2115 3484 2155 se
3515 2114 3553 2155 a

1902 2180 2098 2237 Sarra
2127 2194 2380 2236 vacuam
2410 2181 2735 2237 dimissam.
2770 2182 2836 2237 Hi
2887 2196 3029 2251 ergo
3071 2182 3255 2239 cultui
3304 2185 3556 2245 idolola-

1902 2267 2050 2329 trico
2081 2267 2330 2334 addicti,
2360 2274 2415 2324 et
2437 2268 2754 2325 luciferum
2784 2274 3015 2327 astrum
3036 2273 3277 2329 Veneris
3298 2275 3553 2334 adoran-

1905 2360 2016 2424 tes,
2047 2371 2235 2428 quam
2268 2357 2525 2414 Chamar
2555 2374 2667 2414 sua
2698 2358 2907 2429 lingua
2927 2361 3264 2432 nominant,
3296 2366 3462 2437 quod
3482 2367 3556 2422 si-

1904 2444 2148 2515 gniﬁcat
2177 2461 2488 2515 magnam,
2512 2463 2705 2519 usque
2735 2448 2813 2504 ad
2845 2440 3093 2505 Heraclii
3124 2454 3396 2524 tempora
3426 2456 3555 2511 sine

1906 2533 2092 2591 dubio
2122 2535 2341 2591 ethnici
2371 2536 2627 2592 fuerant.
2652 2537 2920 2594 Heraclio
2948 2545 3151 2596 autem
3178 2549 3470 2613 regnante
3499 2551 3559 2602 ct

1906 2622 2214 2696 deinceps,
2249 2624 2781 2697 pseudopropheta
2810 2631 3051 2683 exortus
3078 2634 3165 2685 est
3186 2630 3333 2702 ipsis
3362 2634 3557 2691 Moha—

1908 2713 2113 2769 medes
2139 2714 2406 2782 nomine,
2437 2715 2537 2786 qui
2566 2730 2935 2773 conversaris
2992 2734 3129 2774 cum
3187 2720 3473 2793 Hebrmis,
3501 2728 3559 2780 et

1906 2818 2051 2858 mox
2079 2818 2219 2858 cum
2252 2803 2595 2859 Christianis
2624 2805 2860 2862 Arianis
2910 2822 2981 2862 ac
3033 2811 3414 2883 Nestorianis,
3450 2829 3558 2870 un-

1906 2889 2088 2963 dique
2112 2890 2417 2959 hauriens,
2451 2908 2485 2948 a
2521 2891 2743 2949 Judaeis
2802 2894 3047 2965 quidem
3104 2898 3205 2953 Dei
3244 2900 3555 2973 unitatem,

1907 2980 1986 3035 ab
2017 2979 2249 3035 Arianis
2280 2981 2538 3037 Verbum
2567 2986 2622 3038 et
2654 2982 2934 3053 Spiritum
2960 2989 3266 3042 creaturas
3296 2988 3556 3061 discens,

1908 3084 1944 3124 ο,
1973 3068 2334 3124 Nestorianis
2363 3069 2919 3141 anthropolatriam,
2944 3076 3187 3127 etvetus
3210 3089 3558 3149 novumque

1908 3161 2332 3214 testamentum
2364 3174 2743 3229 percurrens,
2775 3163 2832 3215 et
2858 3160 3137 3217 familiari
3172 3179 3316 3219 usus
3348 3168 3559 3223 Ariano

1909 3245 2232 3315 monacho,
2260 3246 2567 3318 propriam
2627 3246 2908 3303 conﬂavit
2958 3249 3257 3308 haeresim.
3309 3257 3562 3329 Moxque

1910 3334 2216 3404 religionis
2245 3340 2552 3407 praetextu,
2586 3336 2982 3394 subordinato
3010 3340 3261 3412 populo,
3291 3343 3365 3399 de
3396 3345 3560 3402 caelis

1911 3425 1989 3482 ad
2020 3441 2082 3481 se
2112 3424 2429 3481 dimissam
2459 3443 2496 3483 a
2542 3428 2663 3482 Deo
2715 3427 3072 3500 scripturam
3127 3431 3457 3492 dictitavit:
3506 3440 3563 3493 et

1912 3513 2186 3587 capitulis
2214 3514 2439 3587 aliquot
2467 3514 2529 3571 in
2588 3531 2659 3572 eo
2688 3515 2843 3573 libro
2904 3520 3159 3576 exaratis
3185 3522 3310 3579 risu
3339 3524 3559 3596 dignis,

1909 3603 2254 3675 religiosum
2284 3604 2513 3662 cultum
2543 3605 2787 3663 asseclis
2816 3606 3076 3666 tradidit.

1983 3840 2033 3891 2.
2066 3837 2215 3893 Dicit
2244 3853 2435 3894 unum
2466 3854 2667 3896 rerum
2697 3841 2973 3899 omnium
3001 3842 3308 3914 factorem,
3364 3863 3560 3920 neque

1912 3926 2179 3996 genitum
2207 3942 2404 4001 neque
2430 3929 2797 4001 gignentem.
2829 3931 2979 3988 Dicit
3010 3932 3311 3989 Christum
3365 3936 3558 3993 tilium

1911 4030 2041 4071 esse
2068 4016 2190 4085 Dei,
2220 4018 2621 4090 spiritumque
2651 4019 2799 4090 ejus,
2844 4020 2951 4076 sed
2988 4025 3259 4078 creatum
3317 4040 3387 4081 ac
3435 4042 3557 4082 ser-

1912 4121 2088 4173 vum;
2123 4109 2180 4161 et
2208 4122 2281 4161 ex
2336 4107 2516 4162 Maria
2567 4107 2783 4178 Moysis
2837 4112 3018 4180 atque
3067 4112 3322 4168 Aaronis
3353 4130 3559 4185 sorore

1912 4193 2143 4266 absque
2170 4196 2395 4249 semine
2425 4198 2657 4251 natum.
2686 4197 2835 4252 Nam
2876 4196 3156 4267 Verbum,
3210 4201 3423 4275 inquit,
3456 4205 3560 4262 Dei

186 4289 248 4337 τὸ
275 4292 496 4359 Πνεῦμα
523 4286 754 4346 εἰσῆλθεν
786 4287 856 4348 εἰς
896 4290 994 4344 τὴν
1042 4291 1246 4359 Μαρίαν
1278 4285 1378 4357 (3),
1428 4290 1518 4338 καί
1564 4284 1801 4356 ἐγέννησε

1914 4299 1981 4341 ac
2011 4282 2251 4354 spiritus
2269 4282 2491 4339 introiit
2508 4283 2568 4338 in
2587 4283 2850 4357 Mariam,
2874 4288 3210 4362 pereritque
3230 4290 3331 4350 illa
3353 4295 3559 4351 Jesum

190 4379 282 4426 τόν
346 4376 573 4444 Ἰησοῦν,
621 4382 893 4452 προφήτην
952 4378 1077 4427 ὄντα
1127 4380 1216 4428 καὶ
1270 4371 1455 4428 δοῦλον
1499 4382 1590 4428 τοῦ
1637 4381 1792 4430 Οεοῦ.

194 4459 450 4517 Ἰουδαῖοι
497 4461 557 4518 δί
606 4470 1073 4540 παρανομήσαντες
1121 4461 1382 4521 ἠθέλησαν
1440 4463 1595 4516 αὐτὸν
1645 4482 1805 4516 σταυ-

198 4559 394 4622 ρῶσαι,
423 4558 514 4607 καὶ
536 4559 896 4628 κρατήσαντες
929 4551 1264 4626 ἐσταύρωσαν
1293 4552 1454 4605 αὐτοῦ
1492 4557 1586 4611 τὴν
1628 4554 1801 4608 σκιάν.

201 4640 374 4704 Αὐτὸς
401 4639 459 4697 δε
488 4644 515 4695 ό
542 4647 774 4718 Χριστὸς
800 4643 899 4697 οὐκ
926 4640 1255 4717 ἐσταυρώθη,
1291 4646 1470 4714 φησὶν,
1502 4638 1626 4694 οὐδὲ
1674 4640 1804 4695 ἀπέ-

201 4729 353 4783 θανεν
382 4753 399 4767 ο
427 4733 456 4786 ὁ
477 4734 579 4806 γὰρ
600 4738 731 4797 Θεὸς
759 4731 941 4786 ἔλαϐεν
971 4731 1128 4785 αὐτὸν
1156 4731 1229 4794 εἰς
1248 4733 1335 4783 τὸν
1367 4730 1583 4804 οὐρανὸν
1625 4726 1720 4784 διὰ
1747 4733 1806 4783 τό

200 4818 369 4888 φιλεῖν
394 4820 569 4880 αὐτόν.
600 4827 701 4875 Καὶ
723 4830 883 4876 τοῦτο
916 4816 978 4874 δὲ
996 4820 1151 4893 λέγει,
1184 4821 1283 4892 ὅτι,
1307 4827 1400 4872 τοῦ
1428 4827 1665 4893 Χριστοῦ
1697 4818 1806 4872 ἁνε-

200 4904 413 4974 ὶθὰντος
438 4910 507 4972 εἰς
531 4915 655 4976 τοὺς
678 4911 960 4986 οὐρανοὺς,
991 4909 1313 4983 ἐπερώτησεν
1343 4909 1499 4962 αὐτὸν
1528 4910 1555 4962 ὁ
1578 4912 1707 4972 Θεὸς
1731 4908 1808 4962 λέ-

206 5017 352 5067 τυνο
383 5000 450 5055 Ὦ
476 5002 677 5071 Ἰησοῦ,
710 5007 780 5057 σὺ
810 4999 964 5062 εἶπας
993 5002 1080 5052 τὸν
1127 5000 1278 5072 λόγον
1320 5007 1524 5071 τοῦτον,
1564 5001 1646 5052 ὅτι
1688 5000 1809 5061 Υἱός

211 5084 317 5161 εἶξα
343 5098 434 5145 τοῦ
456 5096 584 5148 Θεοῦ
612 5098 700 5147 καὶ
725 5096 849 5154 Θεὸς
874 5108 889 5160 ;
924 5088 1231 5164 Ἀπεκρίθη,
1262 5094 1444 5162 φησὶν,
1485 5090 1511 5143 ὁ
1557 5086 1761 5151 Ἰησους
1791 5105 1806 5122 ·

285 5300 363 5378 (ε)
391 5305 775 5366 Scribendum
799 5306 1013 5378 itaque
1033 5302 1233 5378 potius
1261 5300 1809 5378 esset_2a§pummig.

228 5369 513 5453 Sed—enim
537 5382 741 5453 inepta
770 5369 1182 5435 vide-turbine
1212 5369 1596 5453 etymologia.

293 5443 367 5516 (‘2)
390 5451 465 5506 lla
489 5442 695 5510 codex.
730 5453 1039 5508 Caeterum
1066 5442 1357 5517 mendum
1387 5442 1573 5502 est'm
1618 5442 1810 5517 prob,

230 5523 364 5644 3:11
388 5522 624 5655 Arbazbice
652 5523 825 5583 varie
852 5518 1125 5585 effertur,
1157 5515 1403 5590 chabar,
1445 5515 1653 5588 cabar‘,
1680 5515 1815 5575 cho-

332 5629 350 5655 ι
375 5607 434 5653 cu
509 5615 558 5655 r.

331 5607 350 5663 ᾖ
375 5607 558 5655 canar.

434 5688 690 5767 ειηοιέ
732 5687 845 5751 Gn.
889 5681 1050 5740 CXL.

1909 4371 2268 4447 prophetam
2299 4388 2659 4445 servumque
2686 4374 2810 4431 Dei.
2843 4376 2919 4432 At
2972 4378 3156 4435 Judaei
3215 4388 3423 4442 contra
3467 4384 3559 4442 fas

1908 4461 2229 4519 voluerunt
2256 4461 2425 4518 illum
2455 4462 2823 4533 cruciﬁgere,
2859 4480 3051 4538 eoque
3099 4470 3268 4540 potiti
3319 4474 3560 4531 nonnisi

1911 4551 2194 4608 umbram
2219 4551 2350 4623 ejus
2392 4552 2812 4610 cruciﬁxerunt
2846 4573 2860 4623 ;
2914 4572 3061 4612 nam
3117 4562 3274 4617 Deus
3299 4563 3468 4621 illum
3498 4565 3559 4621 in

1913 4643 2134 4698 coelum
2166 4641 2421 4712 sustulit,
2449 4642 2551 4714 qui
2586 4659 2726 4700 eum
2757 4644 3062 4715 diligebat.
3096 4649 3217 4706 Hoc
3262 4652 3439 4710 etiam
3468 4654 3557 4711 di-

1913 4731 2008 4801 cit,
2042 4730 2207 4802 quod
2241 4731 2535 4787 Christum
2579 4732 2637 4788 in
2698 4734 2886 4790 caelos
2923 4734 3189 4795 delatum
3234 4741 3560 4815 interroga-

1912 4819 2064 4875 verit
2100 4822 2256 4876 Deus
2302 4820 2512 4876 dicens
2549 4824 2640 4878 :0
2690 4823 2851 4890 Jesu,
2902 4826 3044 4880 tune
3093 4827 3309 4902 dixisti,
3368 4832 3561 4889 ﬁlium

1914 4909 2018 4965 Dei
2045 4912 2101 4965 te
2129 4925 2259 4965 esse
2289 4925 2360 4967 ac
2410 4912 2599 4967 Deum
2629 4913 2657 4968 ‘I
2711 4912 2822 4978 Qui
2878 4917 3212 4987 respondit,
3265 4921 3562 4994 Propitius

1915 5001 2044 5055 esto
2074 4998 2242 5069 mihi,
2268 4999 2538 5071 Domine,
2568 5003 2632 5057 tu
2663 5000 2780 5057 scis
2834 5018 2933 5060 me
2978 5004 3093 5062 hoc
3140 5023 3264 5064 non
3320 5010 3559 5083 dixisse,

1916 5102 2113 5158 neque
2136 5087 2396 5160 superbe
2420 5087 2484 5144 id
2510 5087 2660 5144 mihi
2683 5088 2999 5161 adrogare,
3029 5094 3134 5165 qui
3187 5111 3394 5156 servus
3424 5104 3561 5157 tuus

1995 5301 2084 5378 (3)_
2106 5299 2254 5356 Dicit
2280 5299 2396 5356 hoc
2426 5298 2641 5378 diserte
2665 5301 3042 5360 Mohamedes
3073 5322 3193 5363 sur.
3218 5311 3349 5378 XXI,
3382 5316 3465 5368 9t.
3494 5313 3565 5367 In

1921 5369 2183 5428 Mariam
2216 5386 2347 5442 qua?
2375 5374 2666 5428 munitam
2705 5377 2966 5431 servavit
2998 5380 3238 5434 vulvam
3279 5369 3448 5438 suam
3478 5382 3566 5437 in-

1920 5444 2303 5521 sufﬂavzmus
2333 5444 2408 5521 de
2424 5444 2651 5521 spiritu
2673 5450 2874 5521 uostro
2897 5446 3116 5521 (inquit
3144 5452 3339 5521 Deus).
3364 5453 3442 5507 Ει
3466 5467 3568 5519 po-

1920 5516 2148 5570 suimus
2174 5529 2304 5572 eam
2326 5520 2380 5570 et
2403 5516 2597 5583 ﬁlium
2632 5517 2758 5585 ejus
2815 5519 2878 5572 in
2909 5516 3271 5576 miraculum
3300 5516 3567 5578 omnibus

1924 5586 2177 5645 saeculis.
2209 5585 2378 5645 Idem
2406 5585 2691 5657 repetitur
2722 5600 2844 5644 sur.
2875 5588 3054 5656 LXVI,
3092 5594 3180 5648 t3.

2983 5675 3021 5735 4
