4106 6296
586 230 684 283 107

1918 221 1955 273 Ν
1969 218 2186 271 ΙΕΕΤίΕ
2231 215 2414 273 ΟΗΟΝ
2425 224 2597 278 ΙΑΤΑεΣ

3840 238 3933 289 108

578 367 733 406 sum.
767 352 834 405 At
857 348 1019 403 enim
1047 347 1325 403 homines
1344 350 1813 413 transgressores
1834 344 2112 398 dixerunt
2134 354 2220 395 me

2342 342 2512 406 Ἵλεώς
2539 367 2649 417 μοι,
2688 352 2841 420 Κύριε
2871 369 2882 381 ·
2912 353 2977 399 σὺ
3004 345 3157 407 οἶδας
3177 351 3255 399 ὅτι
3282 351 3376 400 οὐκ
3404 348 3567 414 εἷπον,
3589 351 3716 405 οὐδέ
3740 355 3933 429 ὑπερη-

578 441 660 495 ita
687 439 975 499 locutum,
1010 441 1066 491 et
1090 452 1185 490 me
1216 435 1559 490 calumniati
1591 439 1747 495 sunt,
1796 434 1975 503 hique
2030 432 2091 484 in
2143 445 2227 484 er—

578 543 711 584 rore
741 531 1076 582 versantur.
1132 523 1599 595 Responditque,
1654 524 1869 594 inquit,
1918 519 1998 575 illi
2027 521 2224 573 Deus:

582 618 713 671 Scio
745 621 799 671 te
820 616 982 670 hunc
1005 628 1346 668 sermonem
1378 628 1498 667 non
1549 626 1679 665 esse
1726 610 2014 665 locutum.
2070 608 2227 663 Alia-

581 721 700 780 que
727 704 919 760 multa
948 708 1358 758 monstrorum
1387 700 1624 763 similia,
1659 700 1906 770 risuque
1951 698 2137 765 digna
2165 697 2226 750 in

582 810 653 851 eo
680 794 835 850 libro
865 792 1150 854 scribens,
1179 789 1308 844 hzec
1340 806 1376 845 a
1403 792 1520 844 Deo
1565 789 1640 843 ad
1697 804 1757 841 se
1806 787 2071 842 demissa
2100 786 2225 853 glo-

581 884 786 939 riatur.

653 1085 704 1137 3.
738 1079 919 1135 Nobis
950 1094 1091 1134 vero
1118 1066 1831 1145 rogantibus,Quodnam
1856 1076 1943 1128 est
1964 1075 2225 1126 testimo-

581 1170 746 1225 nium
779 1169 934 1225 datae
962 1167 1078 1239 ipsi
1109 1182 1145 1221 a
1176 1168 1294 1221 Deo
1328 1164 1635 1235 scriptura
1655 1166 1682 1218 ἲ)
1713 1162 1800 1217 vel
1820 1163 1954 1234 quis
1976 1161 2225 1232 prophe-

579 1262 642 1313 ta.
668 1257 831 1312 hunc
850 1259 1256 1311 surrecturum
1287 1252 1644 1324 prophetam
1695 1249 1968 1323 praedixit
1991 1250 2019 1303 ?
2068 1249 2229 1303 insu-

579 1360 808 1419 perque
838 1342 1194 1405 dicentibus,
1225 1344 1487 1411 Moysem
1519 1340 1581 1394 in
1640 1339 1780 1395 Sina
1823 1341 2046 1400 monte,
2093 1337 2230 1391 uni-

577 1450 754 1491 verso
782 1435 1087 1506 Spectante
1110 1429 1357 1502 populo,
1406 1430 1467 1484 in
1524 1428 1705 1493 nube,
1760 1428 1919 1496 igne,
1973 1426 2230 1481 tenebris

581 1521 965 1597 procellaque
994 1522 1321 1591 apparente
1354 1520 1490 1582 Deo,
1517 1517 1713 1585 legem
1734 1515 2026 1585 recepisse
2052 1533 2065 1581 ;
2099 1530 2231 1586 pro-

579 1612 914 1685 phetasque
940 1622 1152 1664 omnes
1182 1622 1220 1662 a
1247 1609 1445 1677 Moyse
1475 1611 1531 1661 et
1572 1604 1858 1676 deinceps
1889 1603 1964 1658 de
2018 1603 2230 1660 Christi

2340 443 2477 501 φανὼ
2504 435 2632 487 εἶναι
2664 434 2849 497 δοῦλος
2879 456 2973 488 σου
3001 458 3012 469 ·
3046 436 3153 489 ἀλλ’
3180 441 3229 488 οι
3259 439 3522 511 ἄνθρωποι
3554 446 3600 492 οἱ
3631 444 3934 497 παοαϐάται

2336 522 2569 593 ἔγραψαν
2599 526 2676 576 ὅτι
2706 524 2844 577 εἷπον
2867 532 2954 576 τὸν
2987 525 3132 596 λόγον
3163 534 3471 590 τοῦτον,καὶ
3503 528 3788 598 ἐψεύσαντο
3816 536 3931 584 κατ’

2337 606 2481 679 ἐμοῦ,
2512 618 2602 664 καί
2632 614 2734 665 εἰσι
2760 614 3157 685 πεπλανημένοι.
3176 620 3277 667 Καὶ
3294 614 3765 690 ἀπεκρίθη,φησὶν,
3792 622 3933 674 αῦτω

2337 700 2362 747 ὁ
2390 704 2518 759 Θεός
2548 722 2558 733 ·
2594 699 2733 753 Οἶδα
2760 705 2839 753 ὅτι
2872 703 2937 754 σύ
2969 704 3062 754 οὐκ
3092 704 3170 773 (4)
3200 704 3367 774 ἔλεγες
3412 708 3501 756 τὸν
3541 706 3690 777 λογον
3730 719 3932 765 τοῦτον.

2343 792 2440 838 Καὶ
2472 790 2600 841 ἄλλα
2623 792 2789 843 πολλὰ
2819 792 3165 865 τερατολοσγῶν
3198 791 3245 844 ἐν
3276 802 3337 864 τῇ
3387 799 3600 868 τοιαύτῃ
3655 808 3931 873 συγγραφή

2336 876 2558 944 γέλωτος
2587 880 2727 948 ἄξια,
2762 888 2930 931 ταῦτα
2956 884 3099 953 παρὰ
3144 888 3235 932 τοῦ
3276 889 3410 934 Θεοῦ
3441 883 3516 934 ἐπ’
3550 886 3705 937 αὐτὸν
3733 906 3936 940 κατενε-

2338 966 2537 1034 χθῆναι
2560 970 2889 1039 φρυάττεται.

2406 1073 2472 1142 γ’.
2503 1073 2673 1145 Ἠμῶν
2706 1070 2763 1127 δὲ
2806 1075 3071 1146 λεγόντων,
3126 1082 3227 1129 Καὶ
3272 1083 3346 1138 τίς
3393 1077 3533 1130 ἐστιν
3581 1082 3607 1132 ὁ
3658 1093 3935 1156 μαρτυρῶν

2338 1164 2417 1213 ὅτι
2471 1163 2610 1234 αὐτῷ
2657 1170 2862 1238 γραφήν
2922 1162 3147 1217 δέδωκεν
3202 1168 3228 1216 ὁ
3260 1172 3424 1231 Θεόςς
3476 1169 3506 1226 ἦ
3541 1175 3616 1229 τίς
3668 1179 3767 1223 τῶν
3809 1192 3934 1244 προ-

2339 1260 2509 1323 φητῶν
2535 1260 2772 1326 προεῖπεν
2803 1256 2879 1306 ὅτι
2926 1263 3160 1317 τοιοῦτος
3201 1255 3473 1309 ἀνίσταται
3499 1267 3769 1333 προφήτης
3798 1278 3811 1327 ;
3844 1268 3939 1313 καὶ

2338 1344 2541 1403 τούτοις
2596 1339 2747 1402 αὖθις
2804 1342 3141 1417 ἐπιφερόντων
3192 1346 3271 1395 ὅτι
3322 1347 3348 1396 ὁ
3403 1353 3635 1410 Μωῦσῆς
3682 1353 3818 1401 κατὰ
3876 1356 3937 1402 τὸ

2340 1436 2461 1481 Σινᾱ
2515 1434 2630 1502 ciae;
2677 1430 2754 1483 ἐπ’
2807 1432 2922 1502 ὄψει
2970 1436 3160 1493 παντὸς
3212 1439 3304 1485 τοῦ
3355 1434 3481 1486 λαοῦ
3533 1435 3582 1487 ἐν
3640 1437 3814 1510 νεφέλῃ
3846 1446 3939 1490 καὶ

2339 1523 2467 1593 πυρὶ
2508 1525 2598 1571 καὶ
2634 1524 2806 1591 γνόφῳ
2848 1526 2937 1572 καὶ
2983 1520 3161 1593 θυέλλῃ
3206 1526 3444 1593 φανέντος
3489 1532 3581 1576 τοῦ
3631 1533 3770 1578 Θεοῦ
3813 1524 3938 1579 ἑδέ-

2341 1606 2461 1669 ξατο
2518 1612 2605 1660 τὸν
2654 1614 2826 1680 νόμον,
2877 1614 2965 1660 καὶ
3026 1610 3107 1661 ὅτι
3162 1611 3348 1671 πάντες
3402 1614 3453 1671 οἱ
3507 1623 3773 1686 προφῆται
3830 1614 3940 1668 ἀπὸ

579 1700 843 1757 adventu
870 1696 1249 1760 vaticinatos,
1274 1696 1398 1750 lore
1425 1694 1646 1750 scilicet
1683 1698 1748 1749 ut
1805 1694 1958 1748 Deus
2006 1693 2220 1764 Deique

2340 1700 2597 1757 Μωυσέως
2643 1701 2733 1750 καὶ
2770 1698 2992 1760 καθεξῆς
3035 1697 3310 1772 ἀρξάμενοι
3361 1706 3480 1772 μερὶ
3526 1711 3620 1764 τῆς
3660 1711 3753 1755 τοῦ
3806 1711 3941 1777 Χρι-

580 1788 759 1845 Filius
788 1788 1134 1843 incarnatus
1162 1784 1486 1849 adveniret,
1523 1782 1986 1852 cruciﬁgeretur,
2034 1797 2227 1837 more-

580 1881 743 1934 retur
778 1878 958 1949 atque
982 1876 1337 1943 resurgeret,
1360 1886 1619 1943 eumque
1666 1869 1934 1941 judicem
1988 1885 2121 1925 esse
2152 1870 2230 1925 vi-

580 1981 797 2023 vorum
827 1979 899 2021 ac
935 1966 1353 2025 mortuorum;
1384 1976 1530 2016 mox
1554 1959 1754 2016 adhuc
1810 1959 1985 2015 nobis
2033 1958 2229 2015 dicere

581 2053 1006 2129 pergentibus:
1039 2052 1155 2108 Cur
1181 2066 1305 2107 non
1326 2051 1412 2107 ita
1429 2049 1723 2122 propheta
1743 2052 1938 2104 vester
1962 2049 2226 2115 advenit,

579 2149 646 2203 ut
668 2144 863 2202 caeteri
914 2142 990 2199 de
1040 2157 1112 2197 eo
1143 2140 1339 2197 testati
1380 2144 1561 2195 antea
1608 2138 1913 2194 fi-issent?
1955 2137 2063 2199 sed
2116 2153 2227 2194 nec

580 2233 866 2292 omnibus
925 2231 1099 2288 vobis
1166 2228 1570 2296 cernentibus,
1630 2233 1695 2284 ut
1746 2228 1949 2299 Moysi,
2000 2227 2227 2299 populo

577 2328 796 2381 cuncto
827 2325 1158 2394 spectante,
1188 2322 1246 2375 et
1272 2318 1543 2374 fumante
1592 2322 1794 2371 monte
1844 2315 2038 2384 legem
2068 2316 2225 2375 Deus

574 2412 760 2477 dedit,
789 2407 1123 2467 Mohamedi
1142 2421 1386 2478 quoque
1408 2410 1669 2462 vestram
1693 2404 1851 2461 hanc
1871 2406 2228 2475 scripturam

575 2499 1002 2565 contraditam,
1048 2500 1113 2553 ut
1148 2511 1261 2552 vos
1305 2510 1550 2567 quoque
1583 2493 1978 2549 fundamento
2020 2493 2225 2565 aliquo

572 2588 911 2647 niteremini
929 2588 957 2643 ?
985 2585 1190 2652 Nobis,
1212 2584 1485 2656 inquam,
1514 2584 1597 2639 ita
1617 2582 1954 2647 dicentibus
1973 2582 2225 2653 Agareni

572 2677 963 2749 respondent,
992 2688 1395 2747 quaecumque
1436 2672 1584 2738 vult,
1635 2673 1821 2727 Deum
1859 2671 2075 2727 facere.
2122 2675 2223 2728 Re-

572 2765 939 2841 plicantibus
1001 2762 1224 2819 nobis:
1266 2761 1557 2833 Equidem
1608 2761 1670 2816 id
1732 2759 1919 2832 probe
1977 2761 2219 2825 scimus,

573 2857 903 2931 quaerimus
930 2858 1134 2911 tamen
1158 2851 1471 2924 quomodo
1504 2852 1797 2922 scriptura
1834 2850 1908 2905 ad
1963 2850 2221 2922 prophe-

573 2952 699 3003 tam
722 2948 992 3001 vestrum
1016 2941 1288 2997 venerit?
1335 2940 1720 3012 respondent,
1771 2955 1841 2995 eo
1890 2939 2220 2995 dormiente

2300 1852 2305 1856 ι
2341 1791 2467 1835 στοῦ
2522 1791 2817 1860 παρουσίας
2866 1792 3260 1860 προηγορευσαν
3308 1790 3373 1848 ὡς
3404 1794 3534 1851 Θεὸς
3563 1790 3630 1841 ὧν
3662 1796 3754 1851 καὶ
3799 1799 3939 1845 Θεοῦ

2300 1874 2457 1938 ,Υἱὸς
2509 1877 2859 1949 σαρκούμενος
2916 1875 3048 1943 ἣξει,
3105 1881 3196 1929 καὶ
3245 1881 3677 1951 σταυρωθήσεται
3708 1886 3799 1932 καὶ
3844 1884 3941 1933 θα-

2337 1964 2697 2036 νατωθήσεται
2743 1970 2832 2017 καὶ
2881 1963 3260 2033 ἀναστήσεται,
3291 1970 3382 2018 καὶ
3429 1969 3510 2019 ὃτι
3556 1973 3737 2040 κριτὴς
3786 1965 3938 2031 οὗτος

2337 2052 2541 2112 ζώντων
2590 2057 2680 2105 καὶ
2734 2062 2923 2126 νεκρῶν
2988 2053 3129 2106 ἐστιν
3175 2076 3186 2087 ·
3245 2054 3353 2108 εἶτα
3414 2060 3795 2131 προστιθέντων
3857 2061 3939 2112 ὅτι

2338 2146 2454 2203 Πῶς
2492 2140 2596 2212 οὐχ
2640 2143 2804 2202 οὕτως
2842 2138 2991 2203 ἦλθεν
3021 2144 3046 2194 ὀ
3086 2149 3351 2217 προφήτης
3397 2146 3561 2217 ὑμῶν,
3606 2147 3771 2199 ἄλλων
3800 2168 3939 2223 μαρ-

2335 2233 2624 2303 τυρούντων
2650 2236 2768 2302 περὶ
2797 2230 2992 2295 αὐτοῦ;
3027 2231 3132 2282 ἀλλ’
3165 2230 3288 2299 οὐδὲ
3334 2236 3539 2286 πάντων
3584 2237 3727 2307 ὑμῶν
3776 2238 3941 2311 ὁρών-

2335 2339 2433 2370 των
2482 2321 2509 2370 ὁ
2566 2323 2718 2387 Θεὸς,
2772 2323 2841 2382 ὡς
2891 2329 2962 2390 τῷ
3013 2328 3224 2375 Μωῦσεί
3274 2322 3552 2395 βλέποντος
3592 2329 3784 2387 παντὸς
3841 2334 3938 2379 τοῦ

2334 2408 2460 2460 λαοῦ
2512 2414 2602 2462 καὶ
2649 2410 3026 2481 καπνιζομένου
3080 2419 3171 2462 τοῦ
3211 2413 3360 2484 ὄρους
3411 2409 3609 2466 δέδωκε
3636 2418 3720 2466 τὸν
3746 2420 3935 2487 νόμον,

2333 2499 2552 2569 κάκείνῳ
2599 2502 2692 2556 τήν
2756 2504 2955 2571 γραφήν
3025 2502 3085 2557 ήν
3159 2520 3284 2571 φατε
3339 2506 3624 2575 παρέσχεν,
3686 2506 3771 2556 ἶνα
3845 2512 3939 2558 καὶ

2332 2588 2473 2658 ὑμεῖς
2536 2591 2596 2639 τὸ
2662 2586 2874 2659 βέϐαιον
2914 2591 3072 2658 ἔχητε
3115 2607 3128 2655 ;
3186 2588 3551 2662 ἀποκρίνονται
3603 2593 3681 2643 ὃτι
3730 2594 3755 2644 ὁ
3800 2598 3937 2655 Θεὸς

2332 2678 2432 2728 ὅσα
2472 2676 2599 2728 θελει
2656 2684 2819 2730 ποιεῖ..
2855 2682 3119 2747 Λεγὸντων
3169 2675 3228 2731 δὲ
3277 2681 3421 2749 ἡμῶν
3478 2681 3557 2731 ὃτι
3613 2687 3779 2733 Τοῦτο
3838 2688 3933 2735 καὶ

2293 2769 2480 2837 .ήμεῐς
2534 2762 2769 2835 οἴδαμεν,
2827 2765 3195 2840 ἀποκρίνονται
3249 2769 3330 2820 ὅτι
3381 2767 3429 2819 ἐν
3498 2771 3604 2840 ὅσῳ
3656 2770 3933 2843 ἐκοιμᾶτο,

2330 2854 2520 2912 κατέϐη
2571 2857 2600 2913 ἡ
2658 2859 2833 2927 ⁹γραφὴ
2885 2854 3053 2907 ἐπάνω
3110 2856 3272 2908 αὑτοῦ
3305 2878 3315 2889 ·
3374 2864 3464 2909 καὶ
3506 2862 3575 2911 Τὸ
3627 2858 3932 2929 γελοιῶδες,

2328 2943 2538 3013 λέγομεν
2581 2946 2731 3015 ἡμεῖς
2787 2948 2918 3018 πρὸς
2970 2945 3175 3010 αὐτοὺς,
3237 2948 3337 3011 ὅτι,
3387 2944 3569 3005 ἐπειδὴ
3611 2953 3938 3020 κοιμώμενος

569 3035 930 3108 scripturam
959 3032 1219 3102 desuper
1242 3030 1297 3086 ei
1320 3030 1623 3087 traditam.
1655 3029 1833 3099 Atqui
1858 3029 1970 3083 hoc
1998 3028 2218 3084 ridicu-

2329 3030 2541 3094 ἐδέξατο
2581 3038 2674 3090 τήν
2718 3038 2944 3106 γραφήν,
2986 3039 3075 3085 καὶ
3113 3034 3207 3086 οὐκ
3258 3037 3449 3106 ᾔσθετο
3505 3043 3594 3095 τῆς
3649 3036 3933 3108 ἐνεργείας,

566 3126 696 3183 lum
716 3127 825 3193 est,
853 3120 1295 3195 respondemus
1329 3136 1342 3186 ;
1380 3122 1437 3175 et
1460 3118 1604 3190 quia
1633 3117 1938 3173 dormiens
1965 3117 2217 3187 scriptu-

567 3230 701 3270 ram
719 3212 960 3285 recepit,
973 3225 1171 3283 neque
1187 3210 1318 3278 eius
1340 3208 1426 3263 rei
1449 3223 1699 3263 sensum
1719 3206 1949 3271 habuit,
1963 3206 2217 3278 popula-

566 3318 631 3361 re
641 3302 703 3358 in
719 3317 789 3358 eo
800 3298 1192 3374 proverbium
1205 3296 1572 3369 completum
1590 3296 1719 3351 fuit.
1734 3297 2003 3366 Cumque
2014 3295 2216 3351 denuo

567 3390 648 3447 ab
667 3390 740 3447 iis
763 3388 1155 3456 sciscitamur,
1187 3386 1303 3443 Cur
1322 3384 1671 3443 Mohamede
1692 3384 1858 3438 vobis
1890 3384 2217 3439 mandante

567 3480 629 3535 in
639 3476 753 3536 hac
773 3482 975 3535 vestra
990 3476 1304 3548 scriptura,
1329 3472 1554 3545 nequid
1570 3471 1802 3528 faciatis
1820 3476 1922 3530 aut
1943 3472 2217 3528 admitta-

566 3568 642 3625 tis
662 3567 895 3638 absque
915 3563 1189 3632 testibus,
1203 3578 1330 3629 cur,
1346 3561 1622 3633 inquam,
1636 3576 1760 3616 non
1780 3561 1834 3616 ei
1854 3561 2088 3617 dixistis
2108 3578 2120 3615 :
2146 3564 2218 3617 At

567 3659 633 3712 tu
651 3656 818 3728 prior
844 3653 1100 3710 testibus
1122 3649 1401 3723 approba
1419 3654 1477 3704 te
1497 3664 1632 3705 esse
1667 3648 2044 3721 prophetam,
2095 3654 2152 3704 et
2179 3667 2216 3705 a

568 3746 688 3800 Deo
716 3742 919 3800 venire
941 3742 969 3797 ?
994 3745 1052 3797 et
1079 3754 1362 3817 quaenam
1392 3737 1685 3809 scriptura
1708 3738 1783 3793 de
1813 3742 1867 3792 te
1924 3741 2169 3794 testetur
2188 3739 2216 3794 ?

564 3837 709 3889 tunc
734 3830 968 3905 pudore
998 3826 1209 3885 suﬁusi
1233 3827 1430 3883 silent.
1449 3829 1564 3882 Nos
1588 3830 1790 3881 autem
1809 3827 1945 3897 jure
1976 3826 2215 3882 merito-

564 3938 685 3998 que
706 3922 824 3979 illis
849 3921 1110 3979 dicimus
1138 3937 1152 3976 :
1191 3917 1489 3984 Quoniam
1526 3931 1773 3972 uxorem
1802 3916 2021 3972 ducere
2049 3917 2218 3974 haud

564 4015 700 4071 licet
717 4013 951 4087 absque
976 4010 1257 4078 testibus,
1306 4022 1505 4081 neque
1533 4006 1804 4073 mercari,
1834 4020 2033 4077 neque
2057 4022 2215 4062 eme-

562 4118 649 4173 re,
669 4106 729 4160 et
754 4117 833 4158 ne
857 4102 1098 4158 asinum
1118 4098 1367 4172 quidem
1383 4099 1485 4152 aut
1501 4095 1797 4169 praedium
1818 4095 1946 4151 sine
1968 4095 2218 4152 testibus

566 4190 915 4265 adquiritis;
951 4190 1055 4245 sed
1083 4203 1322 4252 uxores,
1349 4190 1407 4243 et
1429 4184 1676 4258 praedia,
1709 4190 1766 4241 et
1793 4185 2014 4251 asinos,
2044 4192 2101 4240 et
2125 4200 2218 4240 re-

564 4281 750 4355 liqua,
778 4277 1178 4352 praesentibus
1201 4276 1456 4332 testibus
1484 4274 1749 4346 mancipi
1772 4273 2027 4342 habetis,
2062 4273 2218 4331 male

2328 3122 2399 3181 εὶς
2452 3122 2606 3173 αὐτὸν
2644 3119 2928 3192 *ἐπληρώθη
2986 3127 3045 3173 το
3110 3131 3200 3182 τῆς
3271 3118 3558 3194 δημώδους
3618 3131 3930 3197 παροιμίας.

2330 3210 2488 3263 Πάλιν
2549 3211 2694 3282 ἡμῶν
2764 3210 3086 3284 ἐρωτώντων,
3153 3218 3269 3277 Πῶς
3341 3211 3502 3264 αὐτοῦ
3573 3212 3934 3284 ἐντειλαμένου

2325 3300 2445 3369 υμῖν
2477 3298 2526 3350 ἐν
2565 3306 2627 3370 τῇ
2660 3306 2833 3371 ’γραφῇ
2863 3300 3004 3370 ὑμῶν
3052 3296 3219 3370 μηδὲν
3245 3307 3408 3352 ποιεῖν
3450 3301 3479 3359 ἦ
3513 3297 3772 3373 δέχεσθαι
3802 3304 3932 3356 ἄνευ

2323 3391 2617 3463 μαρτύρων,
2670 3387 2765 3457 οὐκ
2806 3391 2982 3440 εῖπατε
3035 3388 3175 3459 αὐτῷ
3213 3390 3296 3441 ὃτι
3343 3396 3552 3462 Πρῶτος
3600 3390 3753 3450 αὐτὸς
3795 3391 3930 3445 ἀπὸ·

2326 3474 2493 3540 δειξον
2534 3473 2628 3530 διὰ
2664 3464 2940 3550 μαρτύρων
2979 3478 3044 3537 ὡς
3080 3482 3349 3549 προφήτης
3397 3474 3461 3546 εἰ,
3512 3484 3601 3531 καὶ
3641 3477 3742 3531 ἀπὸ
3784 3488 3932 3534 Θεοῦ

2324 3565 2548 3629 ἐξῆλθες,
2587 3571 2677 3618 καὶ
2714 3571 2841 3619 ποία
2894 3571 3067 3639 ’γραφή
3127 3574 3383 3644 μαρτυρεῖ
3432 3572 3552 3642 περὶ
3610 3576 3751 3636 σοῦ;
3800 3588 3933 3623 σιω-

2324 3663 2491 3706 πῶσιν
2531 3650 2853 3726 αἰδούμενοι.
2897 3657 3034 3727 Πρὸς
3073 3658 3160 3716 οὓς
3200 3654 3422 3726 εὐλόγως
3460 3659 3640 3727 φαμεν,
3698 3656 3927 3716 Ἐπειδὴ

2324 3751 2548 3813 ’γυναῖκα
2599 3750 2770 3818 γῆμαι
2824 3743 2918 3794 οὐκ
2987 3743 3183 3805 ἔξεστιν
3252 3744 3371 3795 ἄνευ
3437 3747 3730 3818 μαρτύρων,
3798 3744 3933 3798 οὐδὲ

2327 3830 2620 3904 ἀγοράζειν,
2662 3828 2785 3884 οὐδὲ
2836 3833 3087 3906 κρᾶσθαι,
3128 3835 3244 3884 οὔτε
3284 3829 3344 3884 δὲ
3380 3833 3524 3905 ὑμεῖς
3576 3832 3725 3885 αὐτοὶ
3764 3854 3936 3889 κατα-

2328 3916 2554 3993 δέχεσθε
2601 3924 2711 3972 ὄνον
2768 3922 2799 3979 ἦ
2854 3927 3033 3993 κτῇμα
3089 3919 3382 3996 ἀμάρτυρον
3438 3926 3579 3990 ὄντα,
3647 3921 3779 3974 ἀλλὰ
3835 3932 3937 3978 καὶ

2324 4016 2573 4081 γυναῖκας
2627 4015 2719 4061 καὶ
2755 4014 3001 4081 κτήματα
3053 4015 3141 4061 καὶ
3181 4012 3322 4070 ὅνους
3377 4014 3467 4062 καί
3524 4012 3591 4062 τὰ
3643 4012 3800 4064 λοιπὰ
3832 4009 3939 4066 διὰ

2326 4102 2602 4171 μαρτύρων
2640 4100 2855 4168 κτᾶσθε,
2897 4106 3066 4157 κακῶς
3109 4099 3213 4170 ἄρα
3250 4104 3409 4170 μόνην
3468 4105 3558 4156 τὴν
3616 4104 3797 4151 πίστιν
3836 4109 3939 4154 καὶ

2326 4192 2420 4246 τήν
2459 4191 2663 4261 γραφὴν
2714 4186 3010 4261 ἀμάρτυρον
3064 4189 3213 4258 ἔχετε
3245 4208 3257 4220 ·
3314 4188 3339 4237 ὁ
3388 4192 3486 4258 γὰρ
3546 4194 3740 4244 ταύτην
3804 4191 3939 4260 ὑμῖν

2325 4273 2597 4350 παραδοὺς
2648 4272 2937 4346 οὐδαμόθεν
2977 4278 3091 4346 ἔχει
3128 4278 3186 4326 τὸ
3225 4275 3434 4347 βέϐαιον
3469 4298 3479 4308 ·
3523 4273 3648 4328 οὐδὲ
3676 4296 3755 4336 τις
3789 4297 3939 4351 προ-

564 4367 831 4441 profecto
855 4366 1050 4423 solam
1076 4364 1261 4421 ﬁdem
1282 4366 1463 4435 atque
1484 4363 1847 4435 seripturam
1872 4362 2217 4418 intestatam

2329 4367 2525 4436 μάρτυς
2556 4365 2716 4416 αὐτοῦ
2772 4368 3099 4438 γνωρίζεται,
3147 4364 3273 4416 ἀλλὰ
3323 4371 3637 4436 κοιμώμενος
3695 4362 3928 4429 ἐδέξατο

564 4457 811 4515 tenetis:
845 4470 991 4513 nam
1044 4453 1150 4526 qui
1176 4453 1338 4510 hanc
1367 4451 1541 4508 vobis
1599 4451 1863 4523 tradidit,
1907 4466 2214 4523 nusquam

562 4546 747 4604 habet
773 4544 1167 4600 ﬁrmitatem:
1221 4556 1422 4613 neque
1464 4539 1621 4595 ullus
1673 4541 1837 4595 testis
1889 4540 2214 4612 prmcessit,

564 4635 673 4693 sed
696 4634 917 4690 librum
943 4631 1250 4688 dormiens
1281 4628 1664 4685 Mobamedes
1694 4630 1934 4701 recepit.

632 4727 689 4779 4.
720 4720 1206 4796 Appellantvero
1234 4733 1347 4774 nos
1378 4719 1767 4786 associantes,
1800 4718 1945 4789 quia
1975 4720 2113 4775 Deo.
2150 4721 2215 4774 ut

565 4814 751 4885 aiunt,
788 4811 1022 4868 socium
1061 4807 1474 4880 adjungimus,
1523 4806 1674 4861 dum
1722 4806 2019 4862 Christum
2066 4807 2211 4862 dici-

562 4918 702 4961 mus
719 4902 824 4957 Dei
854 4900 1063 4957 Filium
1085 4914 1158 4954 ac
1178 4895 1641 4970 Deum._Quibus
1662 4896 2124 4965 respondemus,
2149 4896 2212 4952 ld

561 4990 783 5048 scilicet
811 5005 850 5046 a.
874 4987 1178 5060 Scriptura
1202 5000 1376 5041 sacra
1422 4983 1849 5057 prophetisque
1876 4984 2160 5039 traditum
2194 5002 2207 5041 :

564 5094 796 5153 vosque
844 5077 982 5151 ipsi,
1033 5081 1102 5133 ut
1163 5077 1322 5131 certe
1385 5071 1719 5134 aﬂirmatis,
1780 5071 2212 5144 prophetarum

565 5169 981 5227 auctoritatem
1044 5161 1378 5223 admittitis.
1419 5161 1478 5219 Si
1520 5175 1664 5231 ergo
1710 5175 1894 5232 prave
1949 5161 2209 5219 dicimus

564 5258 864 5314 Christum
894 5256 996 5312 Dei
1028 5253 1257 5318 Filium,
1288 5265 1475 5324 prave
1503 5249 1711 5322 utique
1738 5250 1823 5307 illi
1877 5250 2212 5309 docuerunt

2324 4456 2536 4510 ταύτην,

2395 4715 2458 4770 δ’.
2499 4718 2728 4770 Καλοῦσι
2760 4716 2816 4770 δε
2856 4718 2983 4789 ἐμᾶς
3012 4718 3365 4790 ἐταιριαστὰς,
3403 4723 3501 4787 ὅτι,
3548 4725 3726 4789 φασιν,
3782 4723 3943 4773 ἑταῖ-

2321 4827 2408 4881 ρον
2456 4815 2528 4876 τῴ
2584 4816 2696 4876 Θεῷ
2750 4810 3152 4880 παρεισάγομεν,
3213 4806 3445 4878 λέγοντες
3492 4805 3621 4860 εἶναι
3674 4812 3763 4859 τὸν
3798 4818 3945 4884 Χρι-

2324 4899 2445 4947 στὸν
2490 4899 2606 4948 Υὶὸν
2658 4904 2747 4948 τοῦ
2797 4903 2931 4949 Θεοῦ
2984 4903 3072 4948 καὶ
3105 4900 3252 4950 Θεὸν.
3287 4900 3421 4969 Πρὸς
3472 4897 3557 4957 οὖς
3603 4917 3789 4969 φαμεν,
3844 4898 3946 4953 ὅτι

2320 4990 2484 5036 Τοῦτο
2523 4986 2552 5042 ἡ
2622 4987 2758 5059 ραφὴ
2818 4989 2909 5035 καὶ
2968 4985 3018 5035 οὶ
3076 4990 3344 5058 προφῆται
3411 4980 3874 5057 παραδεδώκασιν
3927 5010 3941 5023 ·

2321 5074 2469 5147 ὑμεῖς
2509 5068 2588 5140 δὲ,
2626 5075 2696 5134 ὡς
2734 5070 3172 5145 διισχυρίζεσθε,
3205 5074 3327 5132 τοὺς
3363 5078 3629 5147 προφήτας
3669 5070 3941 5144 δέχεσθε.

2319 5163 2381 5216 Εἰ
2419 5158 2506 5214 οὖν
2545 5168 2717 5222 κακῶς
2753 5159 2964 5233 λέγομεν
3002 5164 3089 5212 τὸν
3127 5164 3359 5233 Χριστὸν
3397 5163 3518 5212 Υίὸν
3556 5167 3713 5230 Θεοῦ,
3746 5166 3946 5229 κακῶς

2320 5252 2425 5325 ἄρα
2454 5249 2638 5304 ἐκεῖνοι
2684 5246 2937 5312 ἐδίδαξαν
2993 5254 3084 5303 καὶ
3122 5245 3434 5322 παρέδωκαν
3462 5251 3608 5322 ἡμῖν.
3642 5256 3747 5305 Καί
3786 5258 3947 5319 τινες

633 5456 714 5529 (4)
744 5458 829 5531 Ita
850 5450 1360 5531 Choniateecodex
1380 5449 1582 5507 denuo
1608 5466 1645 5508 a
1667 5466 1763 5508 me
1785 5451 2113 5519 inspectus.
2138 5451 2213 5508 At
2237 5446 2515 5531 inSpicil.
2547 5450 2602 5503 et
2621 5449 2777 5502 retro
2807 5460 2868 5517 p.
2897 5447 3021 5514 349,
3046 5460 3104 5500 n.
3129 5447 3182 5511 4,
3201 5443 3492 5501 mendose
3512 5443 3709 5503 fuerat
3727 5450 3940 5505 omis-

566 5521 952 5601 sa'p'articula
975 5524 1258 5598 negativa
1277 5521 1371 5575 οὐκ
1383 5565 1396 5578 .
