4106 6296
228 127 302 185 tu
1570 121 1915 187 THESAURI
1955 124 2088 183 LIB.
2139 125 2225 197 xx

3474 132 3580 213 uo

233 258 298 330 μιν
330 253 490 306 αὐτῶν
525 271 712 324 φασιν,
763 253 849 304 ὃτι
897 254 1052 324 Υμεῖς
1094 247 1143 304 οἱ
1179 254 1488 323 Χριστιανοὶ
1527 254 1646 313 τοὺς
1689 268 1810 325 προσ

1956 247 2016 317 d,
2048 248 2344 322 nobisque
2369 248 2767 306 tradiderunt.
2799 248 3077 307 Nonnulli
3115 254 3295 310 etiam
3342 254 3581 313 illorum

238 350 370 417 7137a;
438 340 915 415 ἀλληγορησαντες
993 343 1059 392 τὰ
1130 348 1346 392 τοιαῦτα
1417 342 1818 416 προτεθείκατε⁵

236 433 347 485 illa!
379 427 459 496 δὲ,
502 433 586 482 ὅτι
628 432 700 482 Οἰ
726 428 975 501 Ἑϐραῖοι
1013 436 1284 501 μισοῦντες
1328 430 1463 502 ὑμᾶς
1503 427 1819 495 ἔπλάνησαν,

233 525 288 583 ὡς
342 520 445 572 ἀπὸ
498 527 600 572 τῶν
667 525 956 591 προφητῶν
1017 517 1325 592 γράψαντες,
1386 520 1469 570 ἶνα
1532 522 1621 569 καὶ
1673 519 1823 588 ἡμεῖς

231 610 544 682 πλανώμεθα.
605 607 770 660 Πάλιν
834 604 896 659 δὲ
954 625 1115 680 φαμεν
1165 611 1295 682 πρὸς
1350 607 1573 667 αὐτούς’
1630 605 1822 677 Ὑμεῖς,

230 699 441 770 λέγοντες
491 700 572 749 ὅτι
618 697 645 748 ὁ
695 698 932 771 Χριστός
994 700 1164 765 Λόγος
1220 694 1331 748 ἐστὶ
1391 702 1484 747 τοῦ
1548 699 1675 748 Θεοῦ
1736 698 1826 745 καὶ

229 796 413 860 πνεῦμα
452 786 643 854 αὐτοῦ,
690 793 801 847 πῶς
845 779 1132 859 λοιδορεῐτε
1167 786 1305 857 ἡμᾶς
1348 786 1418 846 ὡς
1448 783 1823 859 ἐταιριαστάς;

226 876 277 929 Ὀ
318 879 419 951 γὰρ
467 880 636 946 Δόγος
685 878 778 926 καὶ
816 876 875 925 τὸ
922 880 1125 945 πνεῦμα
1162 871 1444 946 ἀχώριστά
1489 871 1602 925 ἐστι
1648 879 1739 924 τοῦ
1778 868 1826 923 ἐν

228 963 265 1036 ᾧ
294 971 513 1037 πέγυκεν
537 986 551 998 ·
604 964 651 1016 εἰ
699 960 787 1016 οὖν
826 961 911 1015 ἐπὶ
960 971 1032 1032 τῷ
1071 970 1184 1033 Θεῷ
1224 962 1364 1015 ἐστιν
1395 965 1420 1015 ὁ
1453 968 1613 1034 Δογος
1642 962 1821 1029 αὐτοῦ,

229 1051 461 1112 δηλονότι
496 1059 592 1106 καὶ
643 1058 772 1113 Θεός
816 1050 957 1104 ἐστιν
987 1073 999 1085 ·
1044 1052 1087 1104 εἰ
1127 1049 1185 1105 ὄνε
1213 1051 1356 1114 ἐκτὸς
1382 1060 1474 1104 τοῦ
1505 1058 1637 1105 Θεοῦ
1668 1052 1693 1102 ό
1727 1055 1825 1104 Λό-

225 1164 310 1215 γος
354 1144 473 1196 καθ’
515 1144 673 1215 ὑμᾶς,
722 1143 748 1193 ὁ
789 1145 921 1203 Θεὸς
966 1145 1057 1192 καὶ
1096 1143 1321 1202 οἰπνουςο
1363 1141 1548 1194 οὐκοῦν
1607 1142 1826 1214 φεύγον-

226 1252 299 1294 τες
340 1233 665 1305 ἑταιριάζειν
714 1234 800 1282 τόν
859 1232 1011 1297 Θεὸν,
1060 1228 1279 1300 ἐκόψατε
1335 1230 1506 1284 αὐτόν.
1574 1236 1826 1302 Κρεῖσσον

229 1322 282 1373 οἳ
312 1318 373 1379 ἧν
411 1323 551 1393 ὑμᾶς
594 1319 763 1391 λέγειν
806 1319 887 1370 ὃτι
926 1316 1125 1392 ἑταῖρον
1169 1319 1301 1390 ἔχει,
1337 1319 1365 1377 ἢ
1406 1323 1613 1370 κόπτειν
1651 1317 1826 1386 αὐτόν,

226 1414 308 1462 καὶ
339 1412 408 1471 ὡς
435 1408 583 1461 λίθον
625 1408 656 1466 ἧ
701 1406 851 1470 ξύλον
887 1410 917 1466 ἦ
964 1426 1016 1458 τι
1061 1414 1160 1458 τῶν
1202 1404 1528 1465 ἀναισθήτων
1566 1407 1828 1482 παρεισά-

227 1517 346 1568 γειν.
406 1497 576 1550 Ὠστε
640 1498 791 1569 ὑμεῖς
848 1498 941 1569 μὲν
1006 1496 1147 1567 ἡμᾶς
1196 1492 1642 1572 ψευδηγορούντες
1695 1494 1830 1548 ἐται-

1933 338 2101 393 aiunt
2128 355 2140 392 :
2169 341 2280 393 Vos
2304 337 2551 411 quidem
2575 338 2890 395 Christiani
2911 340 3235 413 prophetas
3265 342 3582 414 allegorice

1932 426 2398 498 interpretando,
2431 429 2589 484 hanc
2627 428 2962 484 doctrinam
3007 429 3302 488 intulistis.
3352 433 3461 489 Alii
3486 434 3581 490 di-

1932 522 2075 572 cunt
2104 535 2115 572 :
2167 517 2395 575 Hebraei
2433 518 2639 573 hostes
2671 518 2848 573 vestri
2887 534 2996 574 vos
3025 520 3410 593 deceperunt,
3443 523 3585 580 talia.

1934 610 2224 677 tanquam
2264 606 2611 678 prophetica
2655 606 2997 677 scribentes,
3059 614 3123 664 ut
3186 625 3299 665 nos
3338 628 3585 685 quoque

1935 694 2248 751 vobiscum
2278 695 2672 768 decipiamur.
2708 695 2973 752 Vicissim
3002 696 3115 753 illis
3141 714 3254 755 nos
3281 700 3538 758 dicimus
3566 719 3581 758 :

1937 785 2134 849 Quum
2162 800 2268 839 vos
2299 783 2597 839 Christum
2625 782 2882 839 Verbum
2909 784 3009 839 Dei
3031 784 3426 860 spiritumque
3452 788 3583 859 ejus

1935 869 2166 939 dicatis,
2193 887 2296 926 cur
2312 871 2488 927 nobis
2512 872 2932 927 conviciamini
2955 877 3245 945 tanquam
3270 877 3344 931 ad
3355 876 3587 932 socian-

1937 961 2092 1016 tlbus
2105 966 2132 1016 Υ
2148 960 2402 1017 Verbum
2419 961 2644 1034 quippe
2659 977 2728 1016 ac
2747 962 2989 1033 spiritus
3003 964 3268 1035 separari
3281 970 3587 1038 nequeunt

1935 1049 2014 1106 ab
2052 1066 2123 1105 eo
2158 1050 2250 1105 cui
2299 1049 2649 1105 naturaliter
2695 1052 2942 1108 haerent.
2993 1052 3051 1107 Si
3085 1067 3225 1122 ergo
3258 1055 3319 1108 in
3352 1056 3469 1110 Deo
3499 1059 3589 1111 est

1934 1136 2192 1194 Verbum
2225 1139 2376 1209 ejus,
2414 1137 2672 1193 Verbum
2715 1154 2960 1212 quoque
2994 1141 3146 1196 Deus
3189 1146 3295 1198 est.
3328 1141 3499 1208 Quod
3538 1144 3588 1199 si

1937 1232 2103 1283 extra
2134 1227 2320 1282 Deum
2345 1232 2454 1292 est,
2496 1231 2559 1282 ut
2588 1242 2697 1282 vos
2728 1228 2972 1299 putatis,
3010 1231 3163 1284 Deus
3193 1235 3346 1286 certe
3378 1231 3588 1303 spiritu

1936 1320 2114 1372 caret.
2143 1316 2325 1387 Igitur
2351 1316 2496 1371 dum
2521 1314 2830 1372 adsociare
2856 1320 3041 1373 Deum
3063 1317 3362 1386 devitatis,
3385 1319 3587 1392 ipsum

1937 1405 2249 1462 mutilatis.
2275 1408 2519 1461 Praestat
2546 1410 2752 1461 autem
2776 1407 3011 1463 socium
3034 1412 3090 1464 et
3117 1406 3199 1463 illi
3223 1408 3584 1478 adtribuere,

1938 1511 2123 1568 quam
2154 1494 2414 1551 eundem
2444 1495 2823 1565 imminuere,
2856 1501 2913 1551 et
2949 1513 3060 1552 ceu
3100 1497 3365 1571 lapidem
3395 1498 3486 1554 vel
3514 1499 3589 1555 li-

226 1589 444 1662 ριαστάς
496 1586 739 1638 καλεῖτε·
796 1587 948 1658 ἡμεῖς
996 1582 1058 1638 δὲ
1100 1584 1412 1658 ἀληθεύομεν
1458 1590 1652 1647 κόπτας
1694 1587 1831 1656 ὑμᾶς

1950 1599 2129 1654 gnum
2168 1590 2272 1640 aut
2323 1582 2488 1639 aliud
2539 1582 2798 1658 quodvis
2842 1584 3216 1642 insensatum
3270 1587 3580 1646 inducere.

229 1678 697 1749 προσαγορεύοντες
732 1682 824 1727 τοῦ
857 1681 1016 1729 Θεοῦ.

291 1942 342 1997 ε’.
399 1940 786 1995 Διαϐάλλουσιν
837 1940 978 2014 ἡμᾶς
1043 1936 1416 2016 εἰδωλολάτρας
1480 1947 1833 2014 προσκυνοῦν-

224 2050 309 2093 τας
349 2036 439 2083 τόν
483 2034 716 2105 σταυρὸν
748 2034 838 2081 καὶ
881 2034 977 2088 τὴν
1019 2029 1190 2081 εἰκόνα
1225 2035 1314 2082 τοῦ
1354 2037 1587 2102 Χριστοῦ
1617 2034 1707 2081 καὶ
1732 2037 1833 2081 τῶν

226 2120 405 2193 ἀγιων,
448 2120 485 2172 ἃ
532 2119 720 2171 ἐκεῖνοι
768 2114 1182 2192 βδελύττονται·
1216 2124 1305 2171 καί
1356 2138 1517 2193 φαμεν
1563 2122 1693 2194 πρός
1738 2121 1832 2170 αύ-

223 2214 358 2275 τοῦς,
403 2217 525 2272 Πῶς
567 2211 715 2281 ὑμεῖς
762 2207 892 2280 λίθῳ
934 2207 1315 2283 προστρίϐεσθε
1360 2211 1495 2261 κατὰ
1536 2212 1622 2261 τόν
1667 2206 1833 2261 Γαϐα-

228 2299 314 2350 θᾶν
358 2299 530 2371 ὑμῶν,
588 2302 681 2349 καὶ
739 2295 929 2369 φιλεῖτε
988 2299 1075 2348 τόν
1137 2296 1279 2349 λίθον
1324 2303 1504 2349 τοῦτον
1569 2298 1829 2369 οἶσμένοι;

230 2392 322 2439 Καὶ
349 2390 485 2448 τινες
648 2384 819 2438 αὐτῶν
848 2404 1009 2458 φασιν
1051 2386 1131 2438 ὃτι
1170 2384 1338 2438 ἐπάνω
1375 2388 1562 2438 τούτου
1593 2384 1834 2459 Ἀϐραὰμ

228 2482 545 2530 σννονσίασε
584 2484 647 2548 τῇ
681 2475 853 2550 Ἀγαρ
881 2516 896 2529 .
935 2474 1083 2527 ἄλλοι
1118 2470 1196 2541 δε,
1229 2477 1309 2527 ὅτι
1343 2475 1504 2528 αύτού
1528 2471 1835 2550 προσέδησε

226 2572 315 2624 τήν
371 2566 614 2639 κάμηλον
673 2565 870 2638 μέλλων
931 2566 1069 2617 θύειν
1130 2568 1216 2617 τόν
1278 2565 1486 2619 Ἰσαάκ.
1546 2569 1645 2617 Καὶ
1707 2567 1835 2636 πρός

231 2656 415 2717 αὐτούς
483 2654 912 2729 ἀποκρινόμεθα·
990 2659 1098 2714 Τῆς
1160 2659 1359 2726 Γραφῆς
1432 2653 1681 2726 λεγούσης
1755 2654 1836 2705 ὅτι

235 2747 348 2816 ξοος
392 2741 457 2802 ἦν
497 2738 756 2811 ἀλσῶδες,
810 2747 903 2794 καὶ
958 2741 1088 2805 ξύλα
1130 2740 1213 2814 ἀφ’
1261 2743 1329 2793 ὧν
1368 2742 1440 2803 εἰς
1488 2746 1580 2800 τὴν
1624 2744 1836 2815 όλοκάρ-

236 2851 396 2884 πωσιν
451 2837 659 2903 σχίσας
710 2830 953 2906 Ἀϐρααμ
992 2829 1207 2888 ἰπέθηκε
1262 2838 1334 2901 τῷ
1382 2831 1584 2897 Ἰσαὰκ,
1625 2835 1713 2882 καὶ
1756 2831 1837 2882 ὃτι

237 2925 362 2991 μετὰ
407 2929 508 2973 τῶν
546 2917 756 2973 παίδων
811 2925 907 2978 τὴν
960 2923 1073 2971 ὄνον
1119 2919 1378 2987 κατέλιπε,
1424 2922 1576 2973 πόθεν
1614 2921 1734 2992 ύμῖν
1778 2922 1837 2972 τὸ
1868 2947 1908 3001 C

236 3008 445 3083 lzpaiv;
496 3013 615 3061 οὔτε
665 3012 769 3083 γὰρ
827 3006 936 3060 ἐκεῖ
990 3007 1116 3070 ξύλα
1160 3005 1418 3085 δρυμώδη
1458 3016 1675 3077 κεῖνται,
1725 3011 1839 3060 οὔτε

242 3101 341 3149 ἅδοι
385 3096 762 3151 διοδεύουσιν·
806 3093 1086 3149 αἰδοῦνται
1127 3093 1235 3151 οὖν.
1283 3096 1464 3170 Ὀμως
1510 3102 1663 3171 φασὶν
1709 3094 1840 3149 εἶναι

240 3189 324 3239 τόν
371 3187 517 3239 λίθον
570 3194 663 3239 τοῦ
710 3184 975 3263 Ἀϐραὰμ.
1023 3189 1111 3237 καὶ
1152 3184 1229 3238 ἐπ’
1270 3186 1431 3239 αὐτοῦ
1490 3187 1840 3239 συνουσιάσαι

242 3282 468 3345 γυναικὶ,
524 3281 617 3329 καὶ
676 3277 757 3328 ὅτι
823 3280 918 3334 τὴν
974 3274 1206 3348 κάμηλον
1264 3275 1424 3328 αὐτοῦ
1486 3272 1836 3351 προσέδησεν.

248 3366 369 3416 Εἶτα
407 3365 504 3417 ούκ
548 3359 805 3435 αἰδεῖσθε,
847 3362 955 3415 ἀλλ’
989 3358 1128 3435 ἡμᾶς
1170 3363 1401 3416 εύθύνετε
1439 3365 1517 3416 ὃτι
1554 3368 1642 3416 τόν
1682 3382 1839 3416 σταυ-

248 3457 329 3523 ρόν
357 3461 447 3505 τού
480 3461 716 3526 Χριστοῦ
745 3459 1143 3526 προσκυνοῦμεν
1181 3456 1271 3504 καὶ
1307 3455 1399 3510 τὴν
1437 3452 1627 3518 εἰκόνα,
1669 3448 1742 3504 δι’
1772 3450 1839 3501 ὧν

252 3536 504 3613 δαιμόνων
571 3541 735 3613 ἰσχὺς
800 3544 893 3592 καὶ
954 3534 1201 3592 διαϐόλου
1257 3539 1569 3592 καταλύεται
1623 3539 1838 3607 «Mira;

251 3629 409 3691 Οὗτος
437 3626 499 3683 δε
534 3632 588 3682 ὃν
620 3648 751 3702 φασι
783 3628 950 3698 λίθον,
982 3627 1174 3700 κεφαλὴ
1218 3637 1310 3690 τῆς
1341 3625 1659 3703 Ἀφροδίτης
1701 3627 1843 3681 ἐστὶν

251 3717 279 3786 ᾗ
319 3722 688 3792 προσεκύνουν,
738 3716 800 3775 ἣν
846 3713 915 3774 δὴ
964 3718 1155 3790 Χαμὰρ
1193 3722 1582 3792 προσηγόρευον
1612 3738 1623 3750 ·
1668 3716 1754 3789 ὑφ’
1784 3712 1843 3768 οὗ

251 3814 333 3857 καὶ
380 3812 545 3881 μέχρι
591 3814 681 3858 νῦν
728 3806 779 3858 ἐν
824 3800 1084 3877 γλυφίδος
1120 3805 1467 3878 ἀποσκίασμα
1503 3808 1699 3867 ταύτης
1740 3812 1846 3866 τοῖς

252 3893 470 3967 ἀκριϐῶς
496 3902 816 3948 κατανοοῦσι
844 3898 1101 3966 φαίνεται.

320 4161 386 4225 ς’.
433 4162 603 4223 οὗτος
652 4166 822 4214 τοίνυν
879 4161 906 4212 ό
958 4154 1197 4233 Mair/Ipse}
1242 4158 1451 4228 πολλὰς,
1502 4163 1570 4224 ὡς
1620 4164 1845 4237 εἴρηται,

1941 1672 2266 1729 Mentimini
2312 1672 2515 1745 itaque
2563 1688 2704 1728 cum
2749 1688 2864 1729 nos
2908 1674 3287 1732 adsociantes
3314 1677 3537 1733 vocatis
3571 1682 3610 1731 :‘

1941 1777 2054 1818 nos
2095 1767 2304 1817 contra
2363 1776 2497 1816 vere
2543 1760 2821 1829 dicimus,
2867 1778 3008 1820 cum
3050 1780 3155 1821 vos
3196 1764 3297 1821 Dei
3333 1781 3592 1841 cessares

1941 1849 2345 1923 appellamus.

2012 1945 2065 1995 5.
2095 1939 2565 1995 Traducuntnos
2584 1943 2874 2013 tanquam
2895 1940 3262 2011 idololatras,
3288 1944 3433 2018 quia
3456 1961 3591 2001 cru-

1940 2045 2072 2085 ccm
2100 2028 2445 2099 adoramus,
2475 2028 2804 2102 Christique
2832 2034 2889 2086 et
2909 2022 3589 2107 sanctOrumimagines,

1941 2134 1978 2173 a
2002 2117 2224 2190 quibus
2253 2117 2368 2190 ipsi
2398 2115 2741 2173 abhorrent.
2775 2121 2893 2175 Nos
2923 2134 3066 2175 vero
3102 2122 3541 2194 respondemus
3573 2139 3589 2180 :

1943 2208 2058 2261 Cur
2095 2209 2300 2260 autem
2347 2219 2456 2258 vos
2493 2202 2682 2276 lapidi
2724 2205 3117 2264 advolvimini
3158 2208 3218 2264 in
3257 2214 3454 2266 vestro
3486 2212 3595 2267 Ga-

1944 2294 2152 2361 batha,
2179 2298 2358 2365 atque
2389 2291 2558 2348 illum
2601 2298 2724 2349 tam
2768 2293 3020 2352 libenter
3053 2297 3413 2355 osculamini
3433 2299 3462 2354 ?
3493 2305 3592 2355 At-

1942 2400 2060 2458 que
2098 2398 2308 2439 eorum
2338 2381 2437 2438 alii
2462 2381 2688 2449 dicunt,
2724 2399 2909 2456 supra
2936 2385 3098 2441 hunc
3116 2385 3380 2459 lapidem
3409 2387 3595 2445 Abra-

1942 2472 2196 2529 hamum
2217 2486 2355 2527 cum
2377 2476 2570 2540 Agare
2599 2471 3031 2530 concubuisse:
3064 2475 3162 2531 alii
3191 2476 3492 2533 camelum
3514 2477 3595 2535 ad

1942 2562 2105 2617 hunc
2148 2560 2426 2630 alligasse
2463 2575 2602 2615 cum
2641 2562 2919 2618 Isaacum
2960 2568 3118 2621 esset
3146 2565 3592 2622 immolaturus.

1945 2649 2170 2717 Quibus
2216 2648 2692 2720 respondemus:
2753 2651 3050 2716 Quoniam
3107 2653 3411 2727 Scriptura
3453 2655 3598 2711 dicit

1944 2742 2212 2794 montem
2241 2735 2411 2792 illum
2440 2735 2622 2793 fuisse
2642 2741 3389 2815 nemorosum,scissisque
3418 2743 3595 2814 lignis

1946 2827 2024 2883 ad
2053 2825 2413 2882 sacriﬁcium
2440 2826 2859 2883 Abrahamum
2899 2829 3014 2885 illic
3048 2832 3407 2903 imposuisse
3438 2838 3596 2890 Isaa-

1948 2931 2107 2981 cum,
2137 2921 2193 2970 et
2229 2916 2718 2971 commendatam
2748 2917 2948 2989 pueris
2979 2919 3287 2991 reliquisse
3317 2922 3552 2979 asinam
3577 2941 3592 2991 ;

1948 3004 2254 3059 undenam
2280 3004 2405 3058 iSttB
2429 3003 2601 3059 vobis
2629 3019 2806 3074 nugae
2833 3005 2863 3062 ?
2904 3020 3101 3079 neque
3126 3008 3287 3064 enim
3313 3015 3508 3065 vestro
3533 3009 3596 3067 in

1946 3092 2080 3148 loco
2105 3095 2245 3147 sunt
2276 3090 2440 3160 ligna
2482 3091 2793 3158 silvestria,
2831 3108 3028 3165 neque
3064 3095 3351 3152 transitus
3394 3097 3595 3155 asino-

1948 3198 2109 3238 rum.
2147 3179 2237 3236 Ad
2264 3180 2394 3236 haec
2423 3194 2568 3236 sane
2592 3180 2942 3254 pudeﬁunt;
2990 3190 3250 3257 pergunt
3275 3191 3477 3244 tamen
3504 3186 3596 3245 di-

1950 3285 2104 3339 cere,
2141 3267 2407 3341 lapiiem
2450 3268 2611 3324 illum
2648 3269 2974 3327 Abrahami
3017 3288 3168 3340 esse,
3210 3273 3413 3350 ibique
3456 3292 3596 3333 cum

1948 3360 2174 3417 femina
2202 3374 2328 3415 rem
2358 3358 2665 3431 habuisse,
2698 3365 2754 3417 et
2799 3362 3098 3420 camelum
3145 3365 3262 3422 illic
3297 3366 3594 3437 alligasse.

1950 3452 2075 3520 Age
2120 3464 2262 3505 vero
2311 3463 2416 3504 vos
2455 3464 2577 3504 non
2616 3448 2823 3522 pudet,
2850 3452 2957 3508 sed
2994 3453 3326 3527 objurgatis
3355 3471 3466 3512 nos
3491 3458 3597 3529 qui

1951 3532 2161 3594 Christi
2197 3553 2435 3593 crucem
2467 3541 2647 3611 atque
2689 3539 3016 3611 imaginem
3064 3558 3442 3612 veneramur,
3469 3545 3600 3619 qui-

1950 3627 2066 3683 bus
2094 3626 2443 3682 dmmonum
2464 3627 2731 3699 potentia
2762 3628 3109 3706 diabolique
3136 3633 3302 3690 fraus
3345 3641 3602 3708 proster-

1952 3714 2159 3772 nitur?
2205 3716 2304 3770 Hic
2347 3720 2570 3783 autem,
2610 3732 2793 3789 quem
2837 3718 3061 3792 dicunt,
3102 3719 3256 3794 lapis
3294 3726 3476 3795 caput
3512 3727 3603 3780 est

1953 3803 2220 3874 Veneris,
2253 3819 2440 3877 quam
2479 3802 2702 3872 colunt,
2748 3821 3059 3880 quamque
3114 3809 3292 3864 etiam
3344 3811 3605 3867 Chamar

1955 3891 2297 3966 appellant:
2349 3908 2422 3948 ex
2466 3909 2590 3966 quo
2636 3893 2830 3965 lapide
2878 3911 3065 3968 usque
3115 3897 3195 3953 ad
3232 3898 3393 3954 hunc
3439 3898 3602 3955 diem

1955 3981 2205 4056 plastico
2235 3996 2415 4053 opere
2444 3996 2733 4053 expressa
2769 3982 3154 4041 adumbratio
3182 3994 3357 4043 acute
3395 3985 3607 4043 obser-

1952 4070 2232 4127 vantibus
2256 4069 2535 4124 cernitur.

2027 4164 2082 4216 6.
2115 4159 2215 4213 Hic
2252 4157 2430 4227 igitur
2458 4157 2840 4216 Mohamedes
2872 4161 3079 4231 multa,
3108 4163 3193 4220 uti
3222 4164 3449 4223 dictum
3474 4166 3604 4235 fuit,

258 4247 512 4324 λοιδορίας
584 4249 879 4315 συντάξας,
960 4248 1155 4321 ἑκάστῃ
1224 4251 1418 4300 τούτων
1491 4254 1840 4325 προσηγορίας

1959 4245 2392 4324 contumeliosa
2431 4247 2695 4320 capitula
2739 4253 3194 4322 consarcinans,
3225 4254 3444 4312 horum
3489 4257 3608 4312 sin-

260 4336 486 4398 ἱτίθηκεν
524 4340 629 4411 (5),
661 4338 770 4391 οἷον
808 4340 838 4397 ἡ
889 4341 1067 4412 γραφη
1108 4345 1201 4398 τῆς
1240 4342 1508 4408 γυναικός.
1552 4338 1633 4391 Ἐν
1680 4342 1843 4413 ταύτῃ

263 4423 314 4479 δε
466 4430 715 4502 λεγομένῃ
767 4434 943 4501 γραφῇ
1006 4434 1103 4487 τῆς
1148 4428 1389 4497 γυναικός
1445 4431 1701 4502 τέσσαρας
1758 4447 1852 4498 γυ-

261 4525 421 4581 ναῖκας
472 4526 753 4595 προφανῶς
816 4513 1100 4589 λαμϐάνειν
1167 4516 1449 4586 νομοθετεῖ,
1514 4520 1605 4568 καὶ
1661 4515 1853 4567 παλλα-

261 4609 363 4669 κὰς.
400 4607 480 4661 ἐάν
525 4628 608 4670 τις
652 4603 906 4670 δύνηται,
939 4601 1144 4676 χιλίας,
1195 4603 1224 4662 ἦ
1276 4605 1404 4664 ὅσας
1448 4604 1478 4662 ἡ
1528 4609 1651 4679 χεὶρ
1693 4604 1853 4657 αὐτοῦ

258 4701 511 4773 κατάσχῃ,
566 4698 927 4767 ὑποκειμένας
981 4697 1099 4751 ταῖς
1144 4694 1405 4767 τέσσαρσι
1449 4693 1724 4763 γυναιξίν
1794 4692 1855 4751 ἢν

262 4780 309 4836 δ’
340 4786 397 4839 ἂν
429 4787 669 4863 βουληθῇ
714 4783 992 4845 ἀπολύειν,
1034 4784 1124 4832 καὶ
1160 4781 1474 4853 κομίζεσθαι
1512 4781 1669 4840 ἄλλην
1704 4781 1764 4840 ἣν
1794 4780 1855 4834 ἃν

260 4872 407 4952 “ily,
447 4877 500 4932 ἔκ
546 4887 647 4940 τῆς
691 4876 965 4931 τοιαύτης
1022 4867 1189 4929 αἰτίας
1243 4867 1597 4942 ἐνομοθέτησε,
1658 4874 1861 4944 Σύμπο-

258 4984 328 5017 τω
360 4966 415 5022 δε
455 4973 585 5044 ἔσχε
637 4959 778 5020 Ζεῐδ
817 4962 1344 5035 προσαγορευόμενον
1369 4977 1382 4991 ο
1433 4958 1580 5020 οὗτος
1635 4966 1861 5031 γυναῖκα

255 5058 422 5133 ὧραίαν
474 5058 642 5135 εἶχεν,
722 5056 792 5116 ἧς
866 5047 1036 5106 αὖτός
1099 5045 1346 5118 ἠράσθη·
1413 5049 1716 5121 καθημένων
1770 5044 1860 5101 οὖν

249 5126 410 5224 αἰτίη,
449 5126 583 5231 fugi.
620 5126 769 5224 πρὸς
811 5139 993 5194 αὐτόν
1019 5154 1032 5168 ·
1081 5126 1224 5203 Ζεὶδ,
1256 5136 1282 5188 ὁ
1313 5139 1438 5198 Θεὸς
1467 5134 1745 5191 ἐνετείλατό
1772 5157 1864 5210 μοι

295 5352 363 5425 τε)
400 5350 676 5425 Intelligo
712 5328 975 5425 Cetarii
989 5330 1758 5425 .imffzguesfiesilhti?
1780 5347 1871 5425 te;

231 5403 950 5495 uisui—'r'éﬁ‘fmaque
987 5403 1055 5461 in
1096 5413 1272 5475 opere
1313 5418 1448 5473 suo,
1476 5403 1530 5461 a’
1557 5418 1621 5462 n.
1670 5408 1739 5461 26
1789 5403 1870 5462 ad

1960 4337 2113 4409 gulis
2192 4334 2393 4391 titulos
2470 4338 2776 4411 apposuit,
2846 4340 3027 4397 veluti
3106 4348 3196 4399 est
3276 4344 3608 4418 capitulum

1959 4426 2034 4482 de
2101 4423 2368 4480 muliere.
2440 4424 2621 4481 Porro
2684 4426 2748 4483 in
2821 4428 2936 4485 hoc
2994 4431 3162 4504 quod
3216 4431 3479 4490 diximus
3533 4428 3610 4499 de

1958 4513 2210 4572 muliere
2269 4512 2552 4585 capitulo,
2614 4522 2874 4588 quatuor
2928 4535 3146 4576 uxores
3212 4521 3417 4594 palam
3471 4523 3613 4579 duci

1960 4604 2091 4672 lege
2130 4603 2353 4667 statuit,
2386 4607 2442 4659 et
2488 4606 2857 4662 concubinas
2912 4608 2961 4662 si
2994 4609 3129 4682 quis
3172 4613 3389 4685 poterit
3433 4613 3614 4669 etiam

1962 4691 2124 4749 mille
2151 4690 2247 4746 vel
2269 4698 2566 4765 quotquot
2597 4694 2895 4767 cujusque
2942 4713 3159 4753 manus
3204 4699 3612 4772 adquisiverit,

1962 4787 2226 4855 quatuor
2252 4781 2542 4838 uxoribus
2574 4783 2845 4840 subditas
2870 4803 2883 4840 :
2909 4802 2980 4842 ex
2997 4788 3218 4860 quibus
3244 4789 3291 4845 si
3308 4806 3495 4863 quam
3525 4789 3616 4846 di-

1965 4870 2196 4927 mittere
2219 4869 2495 4940 voluerit,
2510 4876 2691 4944 atque
2714 4873 2894 4930 aliam
2922 4875 3162 4945 ducere,
3194 4877 3352 4934 hanc
3381 4879 3460 4935 ob
3482 4894 3621 4934 cau-

1968 4975 2102 5015 sam
2139 4956 2336 5029 legem
2387 4960 2535 5016 tulit.
2571 4961 2869 5017 Ministerii
2915 4965 3149 5020 socium
3196 4965 3462 5024 habebat
3505 4967 3624 5023 Zei-

1967 5048 2117 5105 dum
2165 5048 2498 5118 quemdam
2545 5050 2811 5118 nomine,
2852 5053 2947 5108 cui
2989 5069 3129 5110 cum
3176 5056 3430 5129 pulchra
3472 5070 3626 5121 uxor

1971 5139 2147 5206 esset,
2189 5138 2574 5196 Mohamedes
2614 5139 2676 5196 in
2717 5139 2902 5212 hujus
2946 5157 3216 5200 amorem
3259 5145 3467 5218 lapsus
3513 5149 3602 5203 est

1977 5336 2068 5402 82,
2116 5331 2348 5410 Nicetas
2393 5334 2774 5410 Bygantinus,
2824 5335 2905 5393 ad
2941 5352 3127 5410 quem
3176 5335 3424 5393 lectores
3471 5333 3631 5390 able-

1979 5418 2197 5476 gamus
2225 5406 2382 5477 (tam.
2414 5406 2464 5462 Ο
2481 5408 2564 5480 γ).
2605 5462 2609 5467 ,
