4106 6296
583 295 601 347 i
617 291 674 346 11
1922 263 2186 325 NICETE
2224 261 2592 323 CHONIATE

3835 264 3936 326 112

577 409 934 470 Sedentibus
1001 419 1142 475 ergo
1207 399 1339 466 illis,
1405 395 1488 456 ait
1539 393 1960 454 Mohamcdes:
2025 389 2220 458 Zeide,

2340 393 2421 442 ἱνα
2470 391 2736 460 ἀπολύσῃς
2780 393 2872 450 τὴν
2916 388 3141 462 γυναῖκά
3181 407 3302 446 σου.
3341 387 3398 442 Ὀ
3438 386 3496 444 δὲ
3535 389 3757 445 ἀπέλυσε
3781 407 3798 423 '
3843 398 3936 447 καὶ

574 504 730 558 Deus
770 494 1086 554 mandavit
1125 491 1292 556 mihi,
1325 491 1390 546 ut
1435 502 1683 543 uxorem
1719 489 1886 541 tuam
1935 480 2219 536 dimittas.

571 595 644 648 At
683 590 778 646 ille
813 587 1086 661 protinus
1135 580 1377 638 dimisit.
1429 581 1568 634 Post
1615 589 1846 650 paucos
1887 587 2026 630 vero
2073 569 2224 636 dies,

571 696 779 737 rursus
811 658 890 734 ait
924 671 1304 732 Mohamedes
1339 687 1352 724 :
1399 668 1552 722 Deus
1606 662 1919 720 mandavit
1961 658 2128 730 mihi,
2163 662 2229 714 ut

573 784 846 835 uxorem,
887 780 1076 837 quam
1112 766 1176 817 tu
1229 757 1524 824 dimisisti,
1559 753 1706 808 mihi
1752 749 2070 822 accipiam.
2110 749 2228 802 Re-

573 834 940 931 sponditille
972 869 984 908 :
1033 853 1283 920 Legatus
1323 863 1407 912 es,
1457 841 1744 917 quicquid
1776 841 1881 896 tibi
1915 834 2229 893 mandavit

573 925 748 1014 Deus,
808 943 1053 1001 conﬁce.
1109 943 1270 996 Tunc
1317 935 1418 992 illa
1475 933 1655 990 ducta
1707 925 2108 993 Mohamedes,
2169 929 2227 981 et

573 1013 1098 1100 moechatus,hanc
1116 1032 1324 1101 postea
1343 1025 1539 1094 legem
1559 1021 1708 1078 tulit:
1739 1032 1958 1089 nempe
1985 1021 2048 1070 ut
2064 1013 2226 1086 quis-

572 1127 709 1199 quis
761 1121 1030 1186 voluerit,
1087 1133 1334 1174 uxorem
1384 1130 1558 1170 suam
1617 1111 1894 1167 dimittat.
1952 1104 2124 1172 Quod
2177 1102 2226 1158 si

569 1216 672 1272 illa
724 1217 860 1287 post
915 1207 1254 1282 repudium,
1317 1204 1395 1261 ad
1441 1203 1637 1258 virum
1687 1196 1894 1254 reverti
1949 1191 2221 1262 voluerit,

571 1305 754 1362 ducat
789 1302 939 1358 alius
984 1281 1294 1371 quispiam
1325 1311 1336 1348 :
1379 1307 1578 1364 neque
1609 1289 1770 1345 enim
1801 1304 1837 1343 a
1870 1283 2066 1358 priore
2097 1281 2224 1337 viro

567 1393 750 1466 recipi
781 1406 918 1446 eam
955 1369 1110 1450 licet,
1143 1384 1257 1440 nisi
1297 1381 1463 1454 prius
1508 1378 1672 1434 alteri
1713 1373 2000 1448 nupserit.
2053 1369 2226 1435 Quod

571 1481 620 1537 si
669 1458 848 1536 frater
895 1475 1196 1548 quispiam
1256 1469 1548 1542 repudiet,
1617 1465 1800 1522 ducat
1858 1478 1993 1518 eam
2043 1458 2228 1514 frater

567 1570 726 1626 illius
770 1567 817 1622 si
865 1546 1135 1621 voluerit.
1180 1565 1244 1616 In
1289 1558 1502 1614 eodem
1549 1559 1748 1610 autem
1793 1547 2052 1623 capitulo
2097 1546 2227 1602 haec

2336 479 2450 552 μεθ’
2507 483 2700 556 ἡμέρας
2744 481 2889 541 τινας
2945 497 3146 551 φησιν·
3209 484 3267 531 '0
3327 482 3447 540 Θεὸς
3503 479 3778 534 ἐνετείλατό
3841 501 3934 556 μοι

2335 573 2428 626 τὴν
2485 576 2709 641 γυναῖκα
2767 569 2827 628 ἢν
2879 571 2944 620 σὺ
3001 565 3258 628 ἀπέλυσας
3314 567 3504 624 λαϐεῖν.
3567 569 3623 622 Ὀ
3683 567 3742 624 δὲ
3794 575 3932 644 ἔφη·

2337 658 2652 720 Ἀπόστολος
2693 654 2771 710 εἶ·
2815 661 3035 716 ποίησον
3085 659 3184 709 ὅσα
3222 659 3248 708 6
3295 660 3422 719 Θεὸς
3465 656 3762 715 ἐνετείλατο.
3805 658 3936 714 Εἶτα

2333 745 2500 798 λαϐὼν
2553 753 2642 799 καὶ
2697 749 2990 820 μοιχεύσας
3030 745 3211 812 αὐτὴν,
3265 754 3499 798 τοιοῦτον
3551 749 3702 805 ἔθηκε
3733 753 3930 822 νόμονο

2333 835 2390 888 Ὀ
2440 834 2748 908 βουλόμενος
2813 835 3075 887 ἀπολυέτω
3136 839 3229 894 τὴν
3294 843 3520 906 γυναῖκα
3579 837 3776 890 αὑτοῦ·
3844 837 3933 892 ἐὰν

2335 921 2394 976 δε
2427 927 2558 996 μετὰ
2595 928 2653 976 τὸ
2705 923 3046 990 ἀπολυθῆναι,
3093 925 3222 998 πρὸς
3269 924 3422 976 αὐτὸν
3465 923 3786 1000 ἀναστρεψη,
3835 948 3934 999 γα-

2332 1017 2491 1085 μείτω
2531 1013 2692 1072 αὐτὴν
2735 1015 2895 1088 ἕτερός
2945 1032 3024 1074 τις
3049 1031 3060 1044 ’
3107 1016 3165 1064 ον
3205 1015 3304 1086 γαρ
3345 1013 3511 1076 ἔξεστι
3547 1013 3718 1067 λαϐεῖν
3747 1015 3931 1084 αὐτὴν,

2335 1102 2376 1153 εἰ
2416 1106 2485 1173 μὴ
2536 1104 2747 1174 γαμηθῇ
2791 1101 2875 1172 ὑφ’
2907 1101 3102 1174 ἐτέρου.
3158 1101 3271 1154 Ἐὰν
3317 1098 3375 1154 δε
3414 1107 3502 1155 καὶ
3539 1101 3752 1176 ἀδελφὸς
3799 1103 3933 1158 ἁπο-

2331 1189 2487 1264 λύση,
2521 1195 2751 1262 γαμείτω
2780 1190 2940 1249 αὐτὴν
2981 1191 3006 1241 6
3046 1188 3261 1262 ἁδελφὸς
3304 1190 3464 1243 αὐτοῦ
3507 1193 3533 1244 6
3583 1191 3892 1266 βουλόμενος
3917 1216 3930 1228 ·

3801 1282 3934 1336 ’Ἐο-

3865 1337 3874 1357 θ

2333 1385 2495 1438 γασαι
2543 1372 2634 1425 τὴν
2682 1375 2779 1438 γῆν
2833 1367 2892 1426 ἣν
2941 1369 3092 1425 ἔθηκέ
3149 1387 3232 1420 σοι
3271 1369 3295 1420 ὁ
3339 1372 3489 1438 Θεὸς,
3519 1375 3608 1423 καὶ
3645 1371 3935 1444 ιριλοκαλη-

2335 1278 2414 1331 Ἐν
2469 1278 2597 1350 αὐτῇ
2657 1275 2714 1330 δὲ
2881 1287 3054 1351 γραφῇ
3107 1286 3324 1330 τοιαῦτα
3361 1281 3700 1354 παραγγέλλει
3733 1297 3747 1312 ⁸

2337 1475 2424 1508 σον
2467 1457 2649 1524 αὐτὴν,
2699 1462 2790 1509 καὶ
2837 1453 2958 1509 τοδε
3004 1462 3246 1524 ποίησον,
3285 1465 3374 1510 καὶ
3417 1457 3678 1515 τοιώσδε·
3727 1463 3810 1514 ἵνα
3853 1467 3930 1536 μη

2333 1547 2502 1596 πάντα
2526 1545 2677 1616 λέγω,
2710 1549 2778 1606 ὡς
2799 1544 3004 1614 ἐκεῖνος,
3029 1545 3262 1621 αἰσχρά.

569 1673 814 1732 quoque
841 1653 1054 1709 suadet
1082 1669 1094 1706 :
1123 1663 1376 1722 operare
1405 1650 1626 1732 terram
1657 1657 1844 1732 quam
1879 1639 1980 1694 tibi
2011 1639 2164 1691 Deus
2193 1631 2376 1703 dedit,
2403 1637 2462 1689 et
2503 1633 2778 1692 deliciare
2817 1634 2876 1691 in
2908 1651 3001 1703 ea,
3035 1641 3089 1692 et
3137 1635 3252 1694 hoc
3299 1651 3371 1693 ac
3415 1637 3517 1694 tali
3555 1639 3738 1696 modo
3794 1656 3932 1713 age,

571 1730 716 1804 Nolo
747 1744 907 1800 enim
941 1745 1155 1796 caetera
1193 1736 1408 1808 turpia,
1445 1731 1642 1800 utille,
1665 1730 1854 1804 loqui.

640 1839 693 1889 7.
725 1835 945 1889 Rursus
975 1827 1136 1884 aliud
1166 1823 1495 1898 capitulum
1525 1819 1864 1876 inscribitur
1885 1815 1959 1872 de
1991 1809 2220 1869 camelo
2253 1811 2291 1866 Β

569 1923 700 1990 Dei;
726 1923 785 1977 in
805 1936 926 1993 quo
939 1915 1103 1988 dixit,
1127 1915 1462 1972 exstitissea
1477 1915 1595 1966 Deo
1614 1906 1909 1965 camelum
1933 1903 2220 1960 feminam

571 2029 707 2086 quae
761 1992 1064 2078 integrum
1111 2003 1294 2060 ebibit
1345 2001 1592 2070 ﬂumen,
1655 1995 2004 2066 transiitque
2069 1992 2222 2047 inter

571 2083 725 2158 duos
749 2102 1094 2166 montes,ne
1117 2089 1746 2164 comprehenderetur.
1774 2083 2031 2157 Populos
2053 2095 2218 2148 vero,

569 2189 784 2262 inquit,
813 2187 873 2242 in
917 2184 1049 2239 loco
1093 2186 1236 2245 erat,
1271 2179 1376 2252 qui
1421 2178 1617 2252 priore
1652 2174 1747 2230 die
1793 2187 2016 2245 aquam
2049 2167 2219 2236 bibit,

571 2257 811 2351 postera
831 2277 1032 2330 autem
1049 2269 1341 2328 camelus:
1367 2283 1502 2340 quae
1525 2281 1687 2338 aqua
1702 2267 1906 2335 potata
1927 2257 2221 2333 populum

575 2365 734 2436 aluit,
780 2365 874 2420 lac
917 2377 1026 2433 pro
1065 2375 1225 2432 aqua
1267 2355 1563 2430 praebens.
1609 2351 1724 2409 Sed
1768 2351 1928 2406 enim
1977 2360 2223 2403 consur-

576 2459 782 2526 gentes
804 2452 912 2508 viri
943 2449 1022 2506 illi
1049 2447 1330 2520 improbi,
1366 2443 1666 2500 camelum
1688 2439 2053 2496 occiderunt.
2091 2437 2225 2489 Erat

575 2548 779 2601 autem
827 2541 1008 2610 hujus
1054 2536 1274 2610 pullus,
1305 2549 1495 2606 parva
1534 2529 1821 2594 camelus,
1853 2544 1987 2600 quae
2034 2528 2224 2580 matre

2407 1812 2465 1875 ζ’.
2514 1812 2673 1865 Πάλιν
2728 1811 2854 1870 ἄλλη
2904 1815 3078 1888 γραφὴ
3132 1815 3162 1871 ἡ
3214 1821 3309 1875 τῆς
3351 1815 3588 1888 καμήλου
3631 1825 3722 1870 τοῦ
3773 1825 3934 1884 Θεοῦ,

2331 1899 2380 1952 έν
2497 1901 2632 1973 λέγει
2681 1903 2760 1954 δί
2809 1898 2870 1960 ἦν
2911 1901 3138 1973 κάμηλος
3179 1900 3248 1954 ’ἐκ
3291 1912 3444 1970 Θεοῦ,
3477 1910 3566 1959 καὶ
3613 1909 3777 1960 ἔπινεν
3817 1908 3938 1960 ὅλον

2329 1993 2416 2042 τὸν
2448 1994 2701 2063 ποταμὸν,
2730 1995 2819 2042 καὶ
2871 1987 3128 2063 διήρχετο
3168 1992 3360 2063 μεταξὺ
3410 1991 3506 2046 δύο
3545 1996 3700 2070 ὁρέων
3840 1993 3940 2048 διὰ

2329 2082 2388 2131 τὸ
2432 2083 2503 2152 μὴ
2555 2079 2872 2154 χωρεῖσθαι.
2920 2083 3056 2140 Λαὸς
3101 2081 3177 2148 δὲ,
3221 2086 3398 2152 φησιν,
3452 2079 3512 2142 ἦν
3557 2082 3606 2136 ἓν
3647 2091 3720 2156 τῷ
3767 2089 3940 2156 τόπῳ,

2330 2173 2419 2220 καὶ
2461 2173 2554 2226 ἠν
2589 2173 2710 2240 μίαν
2760 2169 2955 2240 ἡμέραν
3004 2168 3157 2231 αὐτὸς
3195 2171 3332 2222 ἔπινε
3371 2174 3428 2223 τὸ
3460 2169 3604 2246 ὕδωρ
3631 2195 3644 2207 ·
3685 2176 3717 2232 ἡ
3753 2171 3814 2228 δὲ
3843 2141 3940 2228 κοξ-

2332 2257 2493 2330 μηλος
2523 2265 2584 2330 τῇ
2630 2257 2741 2320 ἑξῆς
2767 2278 2778 2290 ·
2821 2262 3046 2310 πίνουσα
3086 2253 3144 2310 δὲ
3182 2263 3240 2311 τὸ
3277 2256 3442 2334 ὕδωρ,
3485 2265 3682 2336 ἔτρεφεν
3715 2263 3935 2334 αὐτοὺς,

2331 2349 2466 2418 γάλα
2517 2350 2848 2419 παρεχομένη
2907 2344 3018 2398 ἀντὶ
3070 2353 3162 2398 τοῦ
3209 2345 3423 2409 ὓδατος.
3473 2349 3789 2410 Ἀνέστησαν
3843 2349 3936 2405 οὖν

2335 2453 2382 2486 οι
2429 2430 2610 2508 ἄνδρες
2658 2433 2837 2486 ἐκεῖνοι
2895 2438 3114 2506 πονηροὶ
3155 2439 3308 2498 ὄντες,
3358 2443 3447 2489 καὶ
3493 2436 3790 2492 ἀπέκτειναν
3836 2447 3936 2500 τὴν

2334 2525 2584 2594 κάμηλον.
2626 2525 2732 2584 Τῆς
2801 2519 2858 2575 δε
2909 2527 3134 2594 γέννημα
3199 2526 3409 2600 ὑπῆρχε
3461 2531 3624 2599 μικρὰ
3679 2529 3936 2600 κάμηλος,

577 2635 958 2702 interempta,
992 2625 1072 2683 ad
1099 2629 1286 2681 Deum
1325 2637 1532 2678 vocem
1562 2617 1787 2685 extulit,
1815 2616 1920 2688 qui
1951 2615 2117 2670 illam
2148 2610 2228 2668 ad

2339 2633 2473 2680 ητις,
2535 2617 2687 2684 φησὶ,
2741 2621 2832 2672 τῆς
2887 2617 3081 2684 μητρὸς
3139 2612 3494 2686 ἀναιρεθείσης
3559 2617 3741 2676 ἐϐόησε
3805 2639 3940 2692 προς

581 2738 646 2778 se
679 2699 917 2792 recepit.
965 2720 1080 2772 Nos
1130 2715 1329 2785 itaque
1377 2708 1662 2779 Agarenis
1702 2706 1994 2762 dicimus:
2043 2701 2229 2758 Unde-

2338 2707 2424 2754 τὸν
2470 2707 2634 2754 Θεὸν·
2683 2706 2770 2752 καὶ
2825 2699 2997 2752 ἔλαϐεν
3047 2701 3210 2760 αὐτὴν
3248 2705 3377 2777 πρὸς
3432 2703 3630 2760 ἑαυτὸν.
3669 2711 3807 2780 Πρὸς
3853 2709 3947 2770 οὖς

581 2827 727 2867 nam
755 2789 1020 2864 ca'melus
1046 2803 1147 2860 illa
1177 2804 1204 2858 ἓ)
1255 2801 1500 2856 Dicunt:
1537 2805 1580 2852 Α
1616 2799 1761 2852 Deo.
1805 2793 2108 2863 Pergimus
2139 2789 2230 2846 di-

585 2914 716 2954 cere
757 2916 771 2954 :
813 2901 966 2954 Num
1021 2891 1262 2949 alterius
1301 2885 1513 2944 cameli
1576 2885 1854 2940 societate
1911 2898 2026 2938 usa
2080 2885 2168 2936 est
2205 2880 2233 2936 ?

587 2989 834 3059 Negant.
869 2981 1184 3050 Quomodo
1222 2979 1420 3049 igitur,
1451 2973 1780 3047 inquimus,
1831 2971 2061 3044 peperit
2091 2969 2118 3025 ‘2
2156 2969 2238 3024 vi-

586 3077 802 3136 demus
855 3072 1015 3129 enim
1057 3070 1214 3126 hanc
1257 3064 1557 3123 camelum
1586 3065 1847 3118 vestram
1887 3060 2012 3116 sine
2049 3063 2237 3130 patre,

2343 2809 2502 2863 φαμεν
2535 2811 2548 2822 ι
2607 2792 2765 2842 Πόθεν
2815 2791 2843 2848 ἡ
2895 2789 3123 2862 κάμηλος
3159 2790 3368 2858 ἐκείνη;
3417 2798 3517 2846 Καὶ
3569 2794 3808 2867 λέγουσιν
3862 2800 3948 2851 ὅτι

2344 2880 2398 2931 ἐκ
2441 2887 2532 2931 τοῦ
2581 2886 2736 2935 Θεοῦ,
2797 2883 2898 2930 Καὶ
2955 2898 3151 2950 φαμεν·
3213 2879 3564 2942 Συνεϐιξάσθη
3630 2884 3755 2943 αὖτῆ
3813 2885 3948 2946 om,”

2346 2967 2608 3040 καμηλος;
2657 2971 2754 3020 Καὶ
2786 2966 3048 3038 λέγουσιν,
3086 2970 3182 3022 Οὔ.
3235 2971 3394 3021 Πόθεν
3442 2970 3549 3038 οὖν,
3596 2945 3779 3044 φαμεν,
3809 2975 3954 3046 ἐγέν.

2347 3075 2544 3125 νησενς
2603 3059 2797 3130 ὁρῶμεν
2831 3059 2932 3130 γὰρ
2983 3060 3176 3114 ταύτην
3224 3062 3317 3116 τὴν
3359 3059 3591 3132 κάμηλον
3635 3063 3774 3134 ὑμῶν
3817 3063 3956 3117 ἀποξ-

595 3168 722 3224 sine
737 3167 948 3232 matre,
962 3161 1089 3216 sine
1111 3154 1483 3230 genealogia.
1506 3151 1620 3208 Sed
1639 3155 1966 3224 postquam
1985 3145 2229 3220 peperit,

2348 3166 2494 3221 τορα,
2547 3151 2807 3220 αμήτορα,
2855 3144 3276 3217 ἀγενεαλόγητον.
3320 3153 3622 3206 Γεννησασα
3661 3147 3740 3216 δε,
3785 3157 3955 3206 κακὸν

593 3255 751 3312 male
789 3267 973 3326 passa
1012 3251 1117 3316 est,
1149 3261 1346 3318 neque
1387 3245 1638 3316 apparet
1673 3239 1808 3312 quis
1847 3239 1899 3294 ei
1927 3237 2052 3292 vim
2089 3236 2240 3292 intu-

593 3343 742 3401 lerit.
785 3347 854 3397 At
891 3354 1081 3411 parva
1109 3335 1342 3393 camela
1372 3329 1610 3388 sublata
1638 3329 1765 3385 fuit.
1810 3330 2008 3383 Vester
2036 3325 2238 3398 itaque

591 3427 1012 3508 propheta,cui
1029 3429 1274 3495 Deus,ut
1287 3422 1498 3488 dicitis,
1513 3419 1863 3482 estlocutus,
1880 3433 1984 3472 cur
1998 3413 2240 3471 nescivit

594 3503 846 3581 ubinam
883 3531 1074 3590 parva
1112 3511 1349 3570 camela
1386 3513 1665 3583 pascatur
1690 3509 1717 3564 ?
1759 3511 1818 3562 et
1851 3505 2103 3578 quinam
2145 3503 2238 3560 lac

593 3613 724 3684 ejus
745 3606 1081 3676 mulgentes
1103 3603 1442 3658 nutriantur
1461 3599 1488 3654 ‘2
1510 3601 1566 3654 et
1590 3612 1669 3653 an
1688 3596 1819 3667 ipsa
1844 3594 2044 3662 etiam,
2067 3607 2238 3665 aeque

595 3682 666 3759 ac
705 3702 916 3768 mater,
945 3693 1107 3752 malo
1151 3691 1354 3763 alicuio
1393 3703 1541 3744 casu
1587 3686 1913 3756 intercepta
1952 3682 2238 3754 perierit?

591 3791 688 3848 vel
723 3788 923 3863 potius
955 3785 1018 3841 in
1045 3779 1396 3856 paradisum
1438 3775 1613 3834 vobis
1652 3787 2025 3848 praecurrens
2053 3773 2237 3828 intro-

591 3881 760 3938 ierit?
783 3889 990 3948 exquo
1005 3871 1174 3930 lactis
1199 3867 1425 3924 ﬂumen
1444 3864 1618 3922 vobis
1645 3865 2031 3919 manaturum
2051 3875 2238 3930 nuga-

588 3967 754 4028 mini.
784 3947 917 4023 Tria
931 3963 1157 4036 quippe
1176 3955 1432 4014 ﬂumina
1448 3955 1512 4010 in
1541 3949 1802 4028 capitulo
1822 3953 2038 4021 vestro,
2073 3947 2237 4021 quod

587 4055 932 4116 inscribitur
961 4051 1036 4107 de
1066 4045 1370 4122 paradiso,
1398 4044 1583 4100 ﬂuere
1621 4040 1813 4097 dicitis
1861 4054 2041 4110 aqua,
2074 4038 2233 4094 vino.

589 4152 646 4205 et
673 4149 844 4203 lacte.
879 4142 937 4199 Si
965 4155 1107 4210 ergo
1133 4143 1299 4194 extra
1332 4132 1690 4208 paradisum
1720 4134 1808 4186 est
1843 4129 2238 4201 praecursoria

587 4239 786 4292 vestra
814 4230 1103 4298 camelus,
1133 4243 1204 4283 ea
1231 4225 1478 4298 quidem
1507 4221 1668 4278 fame
1695 4235 1766 4276 ac
1796 4217 1888 4274 siti
1921 4216 2108 4290 periit,
2146 4218 2236 4271 vel

587 4324 685 4382 alii
749 4321 901 4378 lacte
957 4318 1086 4388 ejus
1147 4315 1442 4372 fruuntur.
1515 4313 1875 4382 Frustraque
1940 4305 2236 4380 propheta

583 4415 778 4470 vester
807 4407 1094 4480 gloriatur
1117 4421 1255 4459 cum
1285 4405 1404 4458 Deo
1426 4398 1707 4472 colloqui,
1734 4395 2230 4469 quandoquidem

2349 3237 2522 3303 ἔπαθε,
2564 3240 2654 3287 καὶ
2684 3230 2859 3287 οὐδεὸ
2901 3231 3222 3307 βιασάμενος
3270 3241 3522 3308 φαίνεται.
3571 3239 3627 3292 Ἠ
3681 3237 3740 3294 δε
3778 3247 3956 3318 μικρά

2348 3323 2574 3396 κάμηλος
2646 3321 2927 3394 ἀνελήφθη.
3009 3322 3068 3375 Ὀ
3143 3323 3230 3376 οὖν
3307 3332 3571 3398 προφήτης
3645 3330 3808 3401 ὑμῶν,
3881 3354 3950 3401 ω,

2347 3416 2518 3476 καθὼς
2555 3413 2740 3484 λέγετε,
2785 3411 3024 3470 ἐλάλησεν
3061 3415 3086 3464 ὁ
3140 3416 3290 3482 Θεὸς,
3339 3411 3432 3467 διὰ
3477 3421 3528 3468 τί
3571 3389 3688 3490 περί
3726 3389 3820 3482 τῆς

2345 3510 2472 3578 κρᾶς
2510 3501 2745 3576 καμήλου
2785 3500 2878 3553 οὐκ
2920 3501 3075 3574 ἔμαθε
3120 3509 3220 3554 ποῦ
3261 3499 3534 3574 βόσκεται,
3564 3511 3652 3560 καὶ
3693 3511 3822 3570 τίνες
3869 3519 3950 3562 τῶ

2345 3591 2566 3662 γαλακτι
2621 3594 2890 3663 τρέφονται
2945 3589 3108 3648 αὐτὴν
3166 3588 3513 3663 ἀμέλγοντεςς
3570 3595 3598 3654 ἦ
3650 3601 3738 3648 καὶ
3806 3597 3947 3660 αὐτὴ

2345 3686 2542 3754 μήποτε
2587 3687 2691 3740 τοῖς
2743 3686 2923 3741 κακοῖς
2979 3681 3045 3742 ὡς
3106 3681 3134 3738 ἠ
3189 3681 3365 3756 μήτηρ
3405 3693 3771 3757 περιτυχοῦσα
3822 3685 3951 3748 ἀνη-

2344 3772 2466 3843 ρέοη
2502 3786 2514 3836 ;
2556 3769 2585 3828 η
2628 3767 2675 3820 ἐν
2714 3777 2786 3840 τῷ
2815 3765 3122 3842 παραδείσῳ
3152 3764 3454 3843 πρόδρομος
3491 3773 3632 3846 ὑμῶν
3657 3749 3948 3846 aia-7";qu

2347 3859 2433 3932 ἀφ’
2489 3860 2547 3919 ἧς
2599 3859 2624 3908 ὀ
2675 3861 2904 3930 ποταμὸς
2944 3858 3064 3928 ὑμῖν
3109 3860 3256 3910 ἔσται
3301 3867 3395 3910 τοῦ
3443 3860 3712 3930 γαλακτο;
3753 3865 3808 3915 ὃν
3847 3866 3950 3925 λη-

2345 3957 2518 4023 ρεῖτε·
2577 3955 2716 4022 τρεῖς
2771 3948 2871 4019 γὰρ
2921 3951 3146 4018 ποταμοὶ
3209 3945 3260 3998 ἐν
3311 3955 3373 4020 τῇ
3428 3959 3600 4022 γραφῇ
3652 3952 3817 4024 ὑμῶν,
3880 3965 3947 4014 τῆ

2345 4043 2461 4113 περὶ
2507 4045 2597 4090 τοῦ
2648 4031 2997 4107 παραδείσου,
3043 4037 3166 4106 φατε
3211 4035 3341 4109 ῥέειν
3389 4033 3603 4100 ὕδατος,
3645 4043 3806 4110 οἶνον,
3854 4015 3954 4099 καὶ

2344 4127 2621 4200 γάλακτος.
2668 4125 2728 4178 Εἰ
2774 4127 2862 4196 μὲν
2912 4121 2998 4175 οὖν
3052 4121 3195 4184 ἐκτός
3243 4123 3354 4175 ἐστι
3401 4134 3493 4178 τοῦ
3536 4125 3864 4204 παραδείσου
3915 4137 3948 4194 ἡ

2343 4213 2642 4291 πρόδρομος
2672 4216 2813 4287 ὑμῶν
2853 4211 3102 4286 κάμηλος,
3145 4213 3398 4286 ἐξηράνθη
3454 4221 3600 4291 πείνη
3643 4223 3732 4271 καὶ
3777 4217 3950 4292 δίψη,

2345 4309 2373 4366 ἦ
2404 4305 2548 4358 οὶλλοι
2585 4311 2676 4358 τοῦ
2713 4303 2967 4375 γάλακτος
3005 4301 3164 4354 αὐτοῦ
3218 4283 3588 4362 ἀπολαύουσι..
3612 4313 3711 4359 Καὶ

2342 4397 2366 4447 6
2413 4399 2679 4470 προφήτης
2731 4393 2873 4464 ὑμῶν
2922 4393 3234 4464 φρυαττεται
3273 4393 3338 4452 ὡς
3384 4393 3643 4465 ὁμιλήσας
3683 4403 3834 4468 Θεῷ.
3881 4401 3948 4453 οὐ

584 4501 798 4560 cameli
813 4477 1181 4571 mysterium
1211 4506 1335 4548 non
1363 4489 1472 4547 fuit
1509 4489 1562 4545 ei
1595 4487 1942 4544 revelatum.
1977 4484 2150 4552 Quod
2179 4485 2226 4540 si

2338 4488 2438 4559 γαρ
2493 4487 2553 4536 τὸ
2593 4487 2882 4556 μυστήριον
2936 4478 3072 4550 αὐτῷ
3138 4477 3472 4553 ἀπεκαλύφθη
3535 4491 3626 4544 τῆς
3675 4487 3943 4558 καμήλου,

583 4591 732 4648 forte
761 4589 822 4644 in
851 4583 1135 4659 paradiso
1161 4585 1267 4651 est,
1291 4593 1503 4634 rursus
1535 4592 1759 4648 aquam
1803 4574 1972 4642 bibit,
1995 4587 2227 4645 vosque

580 4694 754 4754 aquae
778 4673 1049 4750 paenuria
1077 4669 1340 4727 arescitis
1369 4668 1430 4722 in
1459 4666 1659 4722 medio
1676 4664 2024 4721 deliciarum
2054 4679 2228 4736 para-

581 4753 715 4838 disi,
739 4772 795 4824 et
833 4779 1060 4838 aquam
1092 4777 1162 4816 ex
1194 4773 1315 4814 non
1345 4757 1689 4814 transeunte
1721 4753 1934 4826 cupitis
1976 4758 2221 4826 potare;

576 4859 730 4916 bibit
756 4856 916 4912 enim
946 4855 1134 4908 totam
1165 4846 1454 4903 camelus.
1493 4845 1646 4914 Ergo
1685 4857 1919 4898 merum
1947 4841 2223 4898 bibentes

575 4963 764 5002 venas
792 4937 1266 5001 inllammabitis,
1289 4932 1556 4991 ebrietati
1585 4936 1641 4988 et
1685 4947 1923 4987 sommo
1956 4929 2222 5000 indulge-

577 5035 712 5093 bitis
738 5051 750 5091 :
782 5029 1104 5104 gravedine
1127 5030 1326 5082 autem
1347 5022 1715 5088 laborantes,
1736 5034 2069 5090 rursusque
2091 5023 2227 5090 post

575 5139 858 5182 somnum
871 5117 1252 5191 crapulantes
1270 5113 1433 5183 vino,
1445 5109 1714 5186 paradisi
1729 5107 2106 5180 voluptatum
2122 5108 2225 5164 ob-

570 5209 948 5270 liviscemini.
985 5209 1099 5264 Cur
1129 5205 1329 5275 itaque
1373 5200 1669 5274 propheta
1709 5201 1903 5253 vester
1931 5212 2053 5252 non
2085 5201 2222 5254 ante

572 5301 866 5374 cogitavit,
899 5311 976 5354 ne
1005 5293 1152 5368 quid
1181 5287 1529 5364 hujusmodi
1557 5288 1619 5344 in
1649 5286 1998 5345 deliciarum
2045 5302 2221 5359 para.

2338 4573 2401 4628 Εἰ
2442 4570 2501 4626 δὲ
2531 4571 2580 4624 ἐν
2627 4579 2697 4643 τῷ
2741 4565 3050 4646 παραδείσῳ
3090 4567 3224 4632 ἐστὶ,
3275 4569 3429 4622 πάλιν
3467 4577 3604 4626 πίνει
3650 4577 3706 4626 τὸ
3746 4573 3898 4654 ὕδωρ
3929 4599 3946 4614 ·

2336 4666 2425 4714 καὶ
2469 4663 2614 4734 ὑμεῖς
2663 4655 2888 4734 ἀνυδρίᾳ
2940 4656 3243 4730 ξηραίνεσθε
3280 4655 3328 4710 ἐν
3379 4663 3524 4732 μέσῳ
3589 4671 3684 4725 τῆς
3733 4675 3946 4738 τρυφῆς

2335 4759 2426 4802 τοῦ
2473 4746 2822 4825 παραδείσου,
2879 4750 2969 4798 καὶ
3009 4741 3153 4819 ὕδωρ
3203 4745 3257 4797 ἐκ
3299 4754 3390 4798 τοῦ
3443 4753 3514 4818 μὴ
3555 4747 3946 4823 παροδεύοντος

2343 4837 2353 4854 ,
2546 4843 2555 4854 ,
2871 4842 2890 4850 -
3025 4832 3038 4848 ρ
3103 4837 3112 4849 .

2334 4842 2681 4912 επιθυμησετε
2731 4850 2957 4889 ποτουν·
3015 4853 3198 4886 απεπιε
3237 4837 3339 4907 γὰρ
3396 4835 3508 4889 ὅλον
3566 4839 3596 4896 ἡ
3665 4841 3940 4912 κάμηλος.

2333 4931 2555 5003 ἄκρατον
2604 4923 2690 4980 οὖν
2742 4929 2992 4993 πίνοντες,
3037 4921 3239 4996 μελλετε
3277 4922 3580 4979 ἐκκαίισθαι
3626 4935 3712 4980 καὶ
3753 4934 3946 5002 μέθαις

2333 5016 2792 5092 παραπέμπεσθαι,
2859 5017 2948 5064 καὶ
3009 5009 3280 5064 καθεύδειν
3312 5032 3324 5046 θ
3393 5013 3808 5090 καρηϐαροῦντες
3877 5019 3946 5076 δὲ

2330 5112 2419 5158 καὶ
2457 5106 2571 5180 μεθ’
2610 5105 2764 5156 ὕπνον
2811 5100 3279 5176 κεκραιπαληκότες
3326 5099 3378 5164 ἐξ
3426 5105 3584 5172 οἴνου,
3617 5112 3721 5158 τῶν
3762 5106 3944 5166 ἡδέων

2330 5204 2421 5248 τοῦ
2469 5190 2797 5270 παραδείσου
2841 5189 3256 5244 ἐπιλανθάνεσθε.
3312 5197 3424 5252 Πῶς
3467 5187 3554 5244 οὖν
3595 5194 3620 5245 6
3659 5203 3944 5270 προφήτης

2330 5287 2471 5358 ὑμῶν
2524 5285 2618 5337 οὐκ
2665 5281 2900 5348 ἐνενοήθη
2943 5287 3124 5348 ταῦτα,
3171 5283 3374 5353 μήποτέ
3420 5299 3471 5333 τι
3521 5282 3698 5356 συμϐῇ
3751 5285 3804 5338 ἐν
3861 5297 3942 5342 τῶ

3673 5341 3682 5356 ί
3907 5345 3920 5362 ο

643 5535 719 5604 (6)
757 5531 900 5604 Male
931 5531 1132 5602 itaque
1163 5524 1726 5604 Barth._Edessenus
1777 5523 1838 5579 in
1877 5522 2170 5604 opusculo
2208 5526 2418 5583 contra
2461 5513 2874 5576 Mohamedem
2900 5511 3041 5571 alibi
3071 5528 3108 5571 a
3145 5511 3322 5572 nobis
3362 5511 3541 5572 citato
3571 5513 3654 5574 ait
3676 5530 3737 5590 p.
3773 5519 3886 5578 444
3919 5539 3938 5584 :

567 5595 738 5660 Μέοόν
770 5602 866 5660 δύο
899 5595 1062 5677 ὡρῶν,
1095 5601 1287 5670 spatio
1318 5597 1553 5656 circiter
1584 5595 1842 5654 duarum
1873 5595 2184 5654 horarum.
