4106 6296
147 270 219 331 ll3
1557 290 1905 352 THESAURI
1945 289 2072 347 LIB.
2119 291 2223 347 XX.

3475 293 3580 351 ίΗι

161 398 436 482 τψδιίοῳ
477 419 597 476 τῆς
649 424 893 491 τρυφῆς
924 433 939 484 ;
988 413 1111 471 οὐδὲ
1156 422 1274 493 περὶ
1311 427 1402 481 τῆς
1438 418 1673 493 καμήλου
1712 435 1788 471 πε-

1919 413 2052 474 diso
2087 415 2386 473 accideret
2412 417 2440 473 ?
2483 429 2679 489 neque
2725 415 2801 472 de
2844 414 3075 473 camelo
3113 414 3403 474 sollicitus
3439 416 3576 496 fuit,

182 500 431 574 γρὸντικεν,
465 502 628 565 ὅπως
672 511 785 557 νῦν
841 502 1020 579 διάγει
1052 523 1066 574 ;
1096 505 1205 560 ἀλλ’
1254 504 1378 562 ούδε
1416 509 1559 582 ὑμεῖς
1605 509 1808 583 ἠρωτή-

200 608 293 644 σατε
341 588 531 662 αὐτὸν,
593 595 674 656 ὣς
727 594 868 666 ὑμῖν
933 599 1049 671 περὶ
1103 605 1202 649 τῶν
1248 606 1404 673 τριῶν
1465 594 1807 673 διηγόρευσεν

205 678 665 755 ὁνιιροπολούμενος
728 691 1041 757 ποταμῶνς
1091 684 1224 739 Ἀλλ’
1274 687 1422 760 ἡμεῖς
1474 694 1650 760 σαφῶς
1714 689 1808 743 τὴν

214 773 498 844 θαυμαστὴν
549 772 697 845 ὐμῶν
752 772 997 846 κάμηλον
1044 773 1115 837 εἰς
1159 779 1292 838 πόας
1329 771 1483 846 ᾅδου,
1534 777 1661 828 ὅπου
1719 778 1808 827 καὶ

207 860 339 933 ὑμεῖς
386 859 591 933 μέλλετε
641 857 884 934 διάγειν,
936 864 1005 925 ὡς
1042 860 1342 934 κτηνώδεις,
1397 861 1808 940 προδραμοῦσαν

204 950 316 1020 ύμῖν
368 947 816 1024 ἕπαγγελλόμεθα.
883 952 1089 1007 Ἐκεῖσε
1152 950 1212 1006 δε
1265 957 1451 1017 σκότος
1507 952 1647 1007 ἐστὶν
1690 952 1809 1016 ἐξώ-

198 1055 360 1111 τερον,
417 1044 507 1091 καὶ
552 1037 774 1102 κόλασις
819 1038 1175 1111 ἁτελεύτητος,
1220 1048 1323 1117 πῦρ
1364 1043 1556 1115 ήχοῦν,
1598 1042 1807 1106 σκώληξ

194 1124 504 1198 iniciam-0;,
533 1134 626 1182 καὶ
645 1130 906 1203 τάρταροι
938 1127 1199 1204 δαίμονες.

264 1214 333 1273 η’.
370 1215 590 1291 Ἐναύτῇ
623 1214 685 1271 δὲ
720 1225 783 1290 τῇ
813 1226 987 1292 γραφῇ
1022 1227 1083 1292 τῇ
1117 1225 1345 1294 περὶτοῦ
1370 1217 1698 1295 παραδείσου
1729 1220 1806 1273 λέ·

187 1323 269 1375 γει
293 1306 321 1357 ὁ
352 1302 594 1379 Μωάμεδ
621 1306 803 1360 ἑαυτὸν
836 1304 965 1360 sive“
994 1306 1305 1382 κλειδοῦχον
1333 1317 1424 1363 τοῦ
1452 1305 1801 1385 παραδείσου,

185 1398 276 1445 καὶ
305 1394 391 1447 ὅτι
433 1402 837 1469 παραστήσεται
867 1403 1101 1461 Μωῦσής
1140 1402 1232 1452 σῦν
1275 1406 1380 1460 τοῖς
1429 1396 1798 1473 Ἰσραηλίταις·

184 1485 275 1533 καὶ
322 1484 393 1543 ὡς
447 1481 760 1556 παραϐάται
797 1490 890 1537 τοῦ
936 1489 1095 1558 νόμου
1137 1494 1198 1558 τῇ
1245 1485 1457 1539 κολάσει
1502 1494 1594 1540 τοῦ
1636 1489 1800 1561 πυρὸς

184 1567 580 1629 ἔιδοθὲσονται
609 1592 623 1605 ·
667 1572 720 1624 οἱ
751 1569 810 1626 δὲ
836 1579 1169 1647 Χριστιανοὶ,
1200 1575 1269 1636 ὡς
1299 1579 1384 1628 τὸν
1426 1577 1652 1651 Χριστὸν
1681 1577 1799 1628 ria»

183 1664 321 1711 Θεοῦ
373 1664 469 1713 καὶ
529 1664 662 1714 Θεὸν
730 1659 1163 1732 ἀποκαλέσαντες,
1230 1670 1321 1718 καὶ
1383 1668 1794 1740 σεσαρκωμίνον,

1917 503 2166 561 ubinam
2192 505 2408 576 degat?
2433 519 2543 561 nec
2565 520 2674 560 vos
2693 504 2955 579 denique
2976 518 3116 561 eum
3140 503 3572 576 interrogastis,

1917 597 1984 651 ut
2012 592 2243 667 aliquid
2268 595 2344 651 de
2385 594 2562 651 trium
2606 592 2928 650 ﬂuminum
2965 593 3176 651 fabula
3213 593 3386 650 vobis
3432 610 3575 651 nar-

1913 688 2075 741 raret
2093 683 2121 739 ?
2149 683 2483 757 Caeteroqui
2505 698 2619 740 nos
2642 682 2769 739 sine
2786 683 2911 740 ulla
2938 682 3197 755 ambage
3218 682 3572 756 praeclaram

1914 772 2074 831 hanc
2103 772 2404 830 camelum
2431 776 2692 831 vestram
2723 772 2803 831 ad
2822 771 3037 829 inferni
3061 772 3302 842 herbas,
3329 772 3437 830 ubi
3466 790 3573 830 vos

1916 876 2159 935 quoque
2200 861 2490 943 incgletis,
2539 860 2921 934 praecurrisse
2971 859 3146 917 vobis
3193 862 3572 920 nuntiamus.

1917 949 2002 1007 lbi
2049 966 2193 1007 vero
2236 951 2498 1008 tenebrte
2548 950 2887 1019 exteriores,
2932 964 3115 1022 poena
3171 949 3564 1023 incessabilis,

1913 1039 2070 1111 ignis
2100 1038 2377 1110 stridens,
2407 1038 2628 1096 vermis
2664 1037 2826 1110 vigil,
2852 1038 3281 1110 daemonesque
3308 1040 3563 1097 tartarei.

1985 1219 2042 1274 8.
2095 1217 2160 1272 In
2203 1215 2419 1273 eodem
2448 1216 2523 1272 de
2548 1214 2836 1289 paradiso
2866 1213 3132 1287 capitulo
3158 1214 3239 1271 ait
3266 1214 3566 1272 Mohame-

1911 1303 2018 1361 des
2046 1319 2109 1362 se
2132 1319 2263 1361 esse
2289 1304 2556 1377 paradisi
2581 1302 3134 1376 ostiarium,ibique
3153 1301 3280 1359 fore
3300 1305 3565 1376 Moysem

1910 1410 2050 1451 cum
2100 1394 2377 1451 lsraelitis
2409 1411 2421 1451 :
2472 1392 2620 1466 legis
2663 1398 2868 1451 autem
2905 1398 3384 1463 transgressores
3414 1408 3561 1466 sup-

1910 1483 2088 1557 plicio
2131 1485 2287 1555 ignis
2327 1483 2611 1541 traditum
2658 1483 2748 1540 iri.
2790 1480 3161 1540 Christianos
3185 1482 3427 1555 pariter,
3452 1497 3563 1539 ceu

1907 1572 2013 1646 qui
2044 1573 2342 1631 Christum
2371 1573 2475 1630 Dei
2505 1572 2716 1630 Filium
2750 1574 3059 1645 Deumque
3103 1569 3557 1644 appellaverint,

1906 1664 1964 1717 et
2003 1661 2386 1719 incarnatum
2423 1661 2899 1734 crucifixumque
2942 1656 3375 1716 afﬁrmaverint
3409 1658 3560 1732 (ipse

181 1751 273 1799 καὶ
331 1746 735 1824 ἐσταυρωμένον
799 1749 956 1804 αύτόν
1013 1747 1425 1825 δογματίσαντες
1482 1756 1639 1826 (φησί
1692 1755 1788 1828 γὰρ

1905 1749 2068 1806 enim
2110 1751 2192 1807 ait
2235 1765 2271 1806 a
2316 1749 2540 1806 Judaeis
2583 1750 2867 1806 umbram
2916 1752 3148 1805 tantum
3182 1746 3342 1804 illius
3374 1747 3559 1804 cruci-

180 1836 264 1888 ὅτε
303 1837 336 1895 ἡ
386 1841 519 1890 σκιὰ
568 1838 732 1891 αὐτοῦ
771 1837 1076 1913 ἐσταυρώθη
1121 1841 1221 1894 ύπὸ
1252 1849 1351 1894 τῶν
1382 1838 1697 1913 Ἰουδαίων),
1729 1848 1792 1915 τῇ

180 1932 275 1979 τοῦ
303 1930 475 2003 πυρὸς
501 1931 677 2001 γεέννῃ
709 1925 1197 2002 παραδοθήσονται.
1240 1927 1367 1985 Εἶτα
1413 1931 1593 1985 ἑαυτὸν
1636 1951 1794 2004 φησιν

180 2016 284 2068 ὑπὸ
317 2024 458 2071 Θεοῦ
488 2017 801 2091 κεκλῆσθαι,
835 2025 926 2072 καὶ
964 2022 1029 2081 ὡς
1067 2020 1207 2093 μάλα
1246 2020 1456 2080 θεοσεϐῆ
1508 2025 1597 2075 καὶ
1638 2027 1794 2075 παντὶ

184 2113 255 2175 τῷ
300 2105 476 2159 αὐτῶν
519 2109 649 2160 ἔθνει
698 2111 867 2161 αἴτιον
937 2109 1221 2171 θεοσεϐείας
1285 2111 1589 2185 ὑπάρξαντα
1644 2109 1792 2163 ἐπαι-

182 2196 409 2260 νεῖσθαι,
463 2199 556 2247 καὶ
602 2197 793 2248 τούτου
839 2199 1002 2271 χάριν
1055 2195 1366 2271 κλειδοῦχον
1411 2204 1790 2272 χρηματίσαι·

184 2287 275 2334 καὶ
334 2281 667 2337 ἆπεσταλθαι
720 2292 812 2338 τοῦ
870 2284 1092 2354 ἀνοῖξαι,
1158 2291 1247 2339 καὶ
1310 2288 1793 2341 συνεισελεύσεσθαι

187 2370 327 2443 αὐτῷ
372 2371 702 2447 ἀντιρρήτως
738 2372 895 2445 λόγου
940 2381 1111 2448 χωρὶς
1151 2380 1241 2429 καὶ
1281 2372 1597 2452 διακρίσεως
1640 2374 1791 2431 ἑϐδο-

188 2465 425 2533 μήκοντα
478 2459 760 2533 χιλιάδας.
822 2468 926 2517 Καὶ
986 2469 1106 2528 τοῦς
1171 2465 1380 2528 λοιποὺς
1441 2468 1793 2540 κριθήσεσθαι

190 2552 400 2622 φάσκει,
439 2556 531 2604 καὶ
570 2556 690 2614 τοῦς
727 2555 820 2625 μὲν
853 2549 1091 2615 δικαίους
1133 2553 1493 2627 ἀναμφιϐόλως
1529 2563 1624 2617 τῆς
1661 2575 1791 2630 τρυ-

192 2646 286 2709 pi;
337 2638 658 2709 ἀπολαῦσαι,
713 2645 832 2703 τοῦς
884 2639 945 2695 δε
1002 2644 1393 2719 εὑρισκομνους
1455 2644 1793 2718 ἁμαρτωλοὺς

191 2731 438 2781 πιττάκια
485 2734 704 2803 φορέσαι
770 2729 820 2782 ὲν
875 2739 983 2792 τοίς
1032 2733 1316 2806 τραχήλοις
1375 2729 1647 2807 δεδεμένα,
1701 2739 1791 2786 καὶ

193 2815 263 2878 εἰς
310 2820 396 2869 τὸν
450 2812 779 2892 παράδεισον
828 2817 1092 2887 εἰσελθεῖν,
1145 2825 1235 2874 καὶ
1282 2823 1495 2882 τούτους
1542 2819 1789 2894 ἐπονομά-

193 2905 373 2964 ζεσθαι
417 2905 789 2982 ἀπελευθέρους
827 2915 922 2960 τοῦ
967 2916 1099 2963 Θεοῦ
1135 2914 1225 2962 καὶ
1263 2916 1355 2962 τοῦ
1381 2906 1617 2983 Μωάμεδ
1651 2932 1662 2942 ·
1695 2913 1790 2972 τὰς

192 2989 249 3046 δε
282 3000 533 3064 γυναῖκας
586 3001 817 3050 συνεῖναι
872 2999 964 3069 μὲν
1011 2996 1189 3060 αύτοῖς
1230 2995 1466 3069 ἀπαθῶς,
1503 3003 1594 3050 καὶ
1643 2999 1788 3073 θερα-

1903 1830 2133 1913 ﬁxam),
2167 1840 2459 1911 gehennae
2484 1839 2686 1912 ignem
2716 1841 3092 1912 experturos.
3129 1837 3352 1894 Deinde
3381 1837 3465 1894 ait
3492 1852 3557 1893 se

1903 1943 1941 1985 a
1978 1931 2099 1986 Deo
2135 1933 2438 1992 vocatum,
2465 1932 2645 2001 atque
2683 1934 2747 1984 ut
2780 1927 3055 2000 apprime
3090 1925 3458 1998 religiosum,
3501 1930 3559 1983 et

1902 2016 2202 2074 universae
2250 2016 2410 2086 genti
2457 2032 2578 2071 suae
2619 2015 2923 2087 religionis
2964 2014 3189 2073 factum
3223 2019 3552 2086 auctorem,

1899 2104 2081 2164 laude
2136 2109 2464 2173 ornatum;
2527 2109 2584 2162 et
2633 2107 2954 2177 eapropter
3007 2102 3276 2176 paradisi
3330 2102 3553 2160 factum

1900 2195 2232 2261 ostiarium,
2263 2195 2644 2267 missumque
2691 2193 2772 2250 ad
2814 2192 3254 2266 aperiendum;
3304 2194 3364 2249 et
3413 2191 3554 2248 illuc

1901 2299 2106 2341 secum
2135 2284 2516 2356 ingressuros
2546 2282 2777 2356 absque
2805 2281 2977 2339 obice
3006 2286 3063 2338 et
3089 2281 3215 2336 sine
3246 2280 3368 2338 ulla
3411 2296 3552 2337 con-

1900 2373 2255 2430 tradictione
2285 2377 2389 2429 aut
2409 2372 2637 2443 judicio
2657 2372 2934 2429 homines
2956 2371 3337 2444 septuaginta
3368 2369 3547 2426 mille.

1900 2462 1980 2518 De
2026 2461 2272 2535 reliquis
2315 2461 2654 2533 judicatum
2692 2460 2766 2518 iri
2792 2462 2913 2530 ait;
2962 2466 3020 2518 et
3061 2460 3260 2531 justos
3302 2458 3550 2531 quidem

1900 2551 2029 2608 sine
2070 2551 2257 2608 dubio
2299 2550 2525 2608 deliciis
2562 2550 2900 2624 potituros;
2953 2564 3055 2607 eos
3099 2553 3300 2606 autem
3329 2549 3435 2621 qui
3463 2549 3548 2605 in-

1899 2641 2056 2697 venti
2094 2639 2313 2696 fuerint
2340 2644 2706 2713 peccatores,
2737 2637 2971 2695 libellos
3015 2641 3355 2709 gestaturos
3395 2636 3547 2695 collo

1898 2743 2203 2800 appensos
2228 2747 2240 2797 ;
2268 2726 2658 2784 nihilominus
2679 2726 3029 2799 paradisum
3060 2724 3457 2798 ingressuros,
3490 2732 3547 2781 et

1900 2817 2001 2874 Dei
2028 2817 2273 2874 libertos
2312 2832 2381 2873 ac
2417 2815 2786 2873 Moliamedis
2822 2819 3100 2872 vocatum
3148 2815 3239 2871 iri.
3282 2813 3547 2871 Mulieres

1897 2922 2140 2980 quoque
2180 2922 2319 2961 cum
2358 2904 2470 2961 illis
2519 2905 2751 2961 futuras
2785 2904 2912 2961 sine
2942 2904 3290 2972 menstruis,
3318 2902 3547 2959 eisdem

1899 2995 2358 3061 ministraturas,
2391 2999 2446 3051 et
2467 2993 2717 3066 capillos
2746 2993 2832 3050 eis
2855 2998 3194 3049 ornaturas.
3223 2991 3338 3048 Sed
3368 2991 3547 3047 etiam

194 3102 227 3132 π
251 3084 356 3137 ύεεν
388 3083 605 3156 αὐτοὺς,
643 3090 735 3138 καὶ
776 3084 1065 3159 φιλοκαλεῖν
1110 3086 1279 3140 αὐτῶν
1321 3089 1417 3150 τὰς
1457 3090 1643 3160 κόμας.
1687 3091 1786 3141 Καὶ

1899 3085 2306 3143 Samaritanos
2338 3082 2687 3156 paradisum
2717 3082 2859 3138 dicit
2885 3082 3279 3153 ingrcssuros,
3303 3095 3427 3136 non
3468 3080 3547 3136 ad

195 3177 309 3236 τοῦς
354 3179 684 3248 Σαμαρείτας
739 3178 833 3247 ἔφη
887 3176 1225 3250 εἰσέρχεσθαι
1269 3176 1316 3229 ἐν
1364 3184 1437 3248 τῷ
1479 3173 1786 3252 παραδείσῳ

195 3261 249 3313 οὗ
291 3267 418 3339 πρὸς
463 3267 523 3317 τὸ
565 3261 885 3332 ἀπολαῦσαι,
937 3263 1045 3317 ἀλλ’
1092 3265 1175 3319 ἶνα
1211 3268 1277 3319 τὰ
1319 3265 1533 3340 ἔκφόρια
1564 3271 1654 3318 καὶ
1692 3270 1785 3325 τήν

197 3352 375 3423 κόπρον
416 3351 589 3404 αὐτῶν
641 3351 735 3404 τοῦ
774 3349 1103 3426 παραδείσου
1151 3353 1483 3425 uesanam,
1537 3354 1671 3415 ὅπως
1724 3353 1785 3404 ἆυ

196 3443 261 3509 μή
291 3439 588 3502 ἆποζέσειεν
618 3442 644 3493 ὁ
672 3437 997 3514 παράδεισος
1025 3463 1038 3476 ο
1069 3443 1288 3496 ἕκαστον
1315 3440 1375 3497 δὲ
1403 3445 1469 3505 ὡς
1512 3442 1572 3495 ἂν
1612 3440 1786 3496 ἐνταῦ-

200 3527 261 3579 θα
292 3527 529 3602 βιώσειεν
562 3532 665 3583 εἶτε
706 3527 756 3582 ἰν
809 3529 1036 3603 πλούτῳ,
1082 3534 1183 3585 εἴτε
1214 3532 1264 3587 ἓν
1303 3536 1471 3605 πενίᾳ,
1523 3532 1659 3586 οὕτω
1696 3535 1786 3586 καὶ

199 3612 370 3671 haec,
389 3613 618 3690 διάγειν.
637 3621 775 3682 Τοὺς
796 3615 855 3673 δε
872 3616 1163 3683 Ἰουδαίους
1183 3625 1274 3674 καὶ
1302 3624 1418 3682 τοὺς
1435 3624 1783 3696 Χριστιανούς

196 3704 320 3778 λέγει
346 3707 474 3771 ξύλα
491 3710 659 3782 πυρὸς
685 3711 990 3781 γενομένους
1015 3706 1383 3782 βληθήσεσθαι
1413 3710 1485 3771 εἰς
1514 3709 1662 3764 αὐτὸ.

258 3794 318 3850 θ’.
361 3795 523 3850 [ια’λιν
568 3795 695 3854 άλλη
749 3801 923 3871 γραφή
975 3799 1005 3856 ἠ
1046 3803 1165 3871 περὶ
1221 3807 1317 3862 τῆς
1362 3803 1645 3874 τραπέζης,
1701 3800 1783 3852 ὅτι

192 3883 415 3955 ᾇτήσατο
445 3887 473 3938 ὁ
511 3889 746 3962 Χριστὸς
778 3886 1042 3959 τράπεζαν
1082 3890 1228 3963 παρὰ
1263 3895 1356 3941 τοῦ
1396 3896 1530 3943 Θεοῦ
1568 3890 1699 3962 μετὰ
1722 3892 1780 3941 τὸ

188 3972 578 4050 πληροφορῆσαι
649 3972 829 4039 αὐτὸν,
906 3976 986 4029 ὅτι
1057 3976 1151 4029 ούκ
1225 3972 1359 4030 εἶπεν
1428 3976 1608 4031 ἑαυτὸν
1669 3980 1780 4031 υἱὸν

188 4065 339 4116 Θεοῦ·
380 4068 477 4117 καὶ
508 4067 778 4138 παρέσχεν
818 4062 959 4136 αύτῷ
1006 4064 1158 4118 εἰπὼν
1188 4064 1354 4129 οὕτως
1381 4087 1394 4100 θ
1442 4063 1654 4120 Δὲδωκά
1696 4086 1780 4121 σοι

189 4154 438 4226 τράπεζαν
489 4154 777 4227 ἄρθαρτον,
834 4154 918 4206 ἵνα
974 4153 1237 4228 εὐφραίνῃ.
1294 4159 1396 4209 Καὶ
1442 4154 1594 4210 πάλιν
1648 4155 1774 4215 ἄλλη

189 4247 346 4315 γραφή
396 4243 426 4301 ἡ
475 4245 597 4315 περὶ
641 4248 735 4295 τοῦ
775 4238 1015 4315 βοϊδίου,
1062 4241 1111 4295 ἒν
1157 4244 1189 4317 ᾖ
1232 4243 1367 4316 λέγει
1411 4246 1528 4297 τινὰ
1563 4246 1780 4320 ῥήματα

188 4328 391 4397 ἰὓςωτος
432 4330 579 4398 ἄξια,
626 4329 661 4382 ἃ
710 4326 804 4383 διὰ
849 4334 910 4383 τὸ
963 4330 1155 4394 πλῆθος
1199 4328 1561 4408 παραδραμεῖν
1599 4336 1777 4408 οἴομαι

1894 3174 2240 3242 fruendum,
2262 3173 2366 3229 sed
2389 3172 2466 3228 ad
2497 3171 2735 3227 illorum
2754 3174 3013 3227 stercora
3034 3168 3316 3243 paradiso
3339 3182 3548 3241 expor-

1895 3263 2102 3332 tanda,
2142 3277 2217 3318 ne
2248 3261 2397 3318 forte
2422 3260 2746 3334 paradisus
2785 3258 3008 3316 fmteat.
3043 3260 3546 3331 Unumquemque

1893 3367 2055 3421 vero,
2088 3354 2268 3424 prout
2313 3350 2374 3406 in
2412 3349 2528 3407 hac
2569 3349 2691 3406 vita
2735 3348 2904 3405 dives
2934 3347 3130 3414 fuerit,
3164 3351 3267 3403 aut
3291 3362 3543 3420 pauper,

1890 3440 1974 3499 ita
1997 3441 2114 3497 illic
2138 3439 2429 3499 futurum.
2464 3442 2769 3496 Postremo
2793 3437 3036 3494 Judaaos
3063 3440 3242 3510 atque
3272 3435 3548 3493 Christia-

1893 3546 2004 3587 nos
2031 3529 2113 3586 ait
2139 3529 2265 3586 fore
2303 3534 2595 3603 tanquam
2623 3528 2790 3600 ligna
2830 3527 2954 3600 igni
2984 3526 3288 3599 deputata,
3318 3540 3455 3599 quas
3484 3526 3545 3583 in

1891 3619 2059 3677 illum
2090 3618 2494 3693 projicientur.

1964 3802 2015 3854 9.
2040 3800 2262 3854 Rursus
2285 3797 2455 3854 aliud
2485 3794 2815 3869 capitulum
2837 3794 2911 3851 de
2932 3809 3145 3850 mensa
3167 3792 3542 3861 inscribitur;

1890 3888 2037 3960 quia
2065 3903 2286 3960 nempe
2320 3885 2707 3960 postulaverit
2732 3885 2996 3941 Christus
3023 3899 3059 3938 a
3087 3886 3203 3937 Deo
3241 3896 3539 3945 mensam,

1890 3980 2216 4049 postquam
2254 3975 2307 4032 ei
2344 3978 2744 4049 persuaserat,
2793 3988 2857 4027 se
2886 3971 2990 4027 filii
3035 3969 3136 4027 Dei
3166 3984 3389 4025 nomen
3417 3984 3543 4025 non

1889 4080 2238 4137 usurpasse.
2279 4064 2445 4119 Hanc
2487 4062 2569 4118 illi
2614 4064 2769 4117 Deus
2812 4059 3070 4133 praebuit
3106 4057 3312 4114 dicens
3348 4073 3361 4112 :
3396 4058 3543 4113 Dedi

1888 4152 1992 4209 tibi
2022 4169 2297 4210 mensam
2321 4156 2690 4225 perpetuam,
2715 4153 2781 4205 ut
2801 4165 2871 4205 ea
2890 4146 3124 4204 fruaris.
3149 4146 3354 4203 Adhuc
3378 4145 3542 4202 aliud

1886 4239 2220 4315 capitulum
2264 4245 2355 4297 est
2402 4240 2477 4295 de
2524 4237 2767 4309 bucula,
2796 4237 2860 4294 in
2896 4253 3020 4311 quo
3044 4235 3231 4293 verba
3256 4234 3540 4309 quaedam

1884 4331 2028 4389 dicit
2054 4331 2183 4386 risu
2211 4328 2417 4399 digna,
2449 4342 2606 4401 quae,
2635 4342 2712 4383 ne
2742 4326 2854 4383 sim
2893 4325 3181 4400 prolixus,
3209 4322 3544 4380 omittenda.

189 4411 305 4474 δεῖν.
373 4420 785 4493 Περιτέμνεσθαι
861 4415 921 4472 δε
991 4419 1177 4482 αύτούς
1248 4422 1625 4494 νομοθετήσας,
1687 4423 1777 4476 καὶ

1910 4421 2109 4478 udico.
2150 4421 2419 4491 Cumque
2450 4418 2575 4473 suis
2604 4416 3074 4473 circumcisionis
3101 4416 3297 4487 legem
3324 4419 3540 4470 statue-

188 4513 303 4576 μήτε
375 4507 738 4576 σαϐϐατίζειν,
823 4512 957 4582 μήτε
1023 4507 1380 4582 βαπτίζεσθαι
1439 4511 1771 4584 προστάξαςδ

186 4600 268 4648 καί
316 4606 410 4651 τῶν
459 4600 554 4671 μεν
605 4606 679 4669 τῷ
731 4601 872 4671 νόμῳ
927 4595 1355 4672 ἀπηγορευμένων
1411 4599 1625 4670 ἐσθίειν,
1673 4609 1775 4653 τῶν

187 4678 241 4736 δε
276 4684 571 4760 ἀπέχεσθαι
614 4684 915 4762 παραδοὺς,
968 4686 1267 4741 οἰνοποσίαν
1334 4689 1593 4752 παντελῶς
1641 4689 1775 4750 ἀπη-

182 4778 410 4847 γὲρευσεν
453 4777 481 4830 ὁ
517 4776 714 4837 πλάνος
742 4775 915 4837 οὗτος.
970 4779 1106 4851 Πρὸς
1152 4779 1356 4840 τούτοις
1408 4782 1601 4840 παντὸς
1644 4777 1775 4851 ἀγα-

187 4862 268 4915 θοῦ
294 4871 379 4919 καὶ
412 4873 643 4939 πονηροῦ
692 4868 862 4917 αἴτιον
909 4865 1170 4939 ὑπάρχειν
1221 4868 1309 4918 τὸν
1366 4869 1495 4919 Θεὸν
1544 4863 1773 4941 ἐδογμά-

187 4970 302 5026 τισε,
342 4961 427 5009 καὶ
468 4963 572 5009 πᾶν
620 4957 745 5030 ὅπερ
798 4953 983 5027 ἐπέλθῃ
1025 4953 1081 5018 ἐξ
1119 4952 1440 5031 ἕπηρεάσεως
1477 4963 1569 5008 τοῦ
1608 4975 1773 5015 πονή-

189 5048 267 5112 ρεῦ
308 5042 553 5115 ὶναντίου,
613 5043 671 5096 ἐκ
730 5049 869 5097 Θεοῦ
928 5040 1058 5095 εἶναι
1107 5045 1429 5119 ἄτερατεύετο
1463 5065 1476 5078 ο
1525 5049 1613 5097 καὶ
1654 5048 1773 5106 τούς

189 5126 357 5201 λῃστὰς
396 5140 485 5188 καὶ
533 5135 852 5211 φαρμακοῦς
901 5136 994 5184 καὶ
1041 5133 1196 5196 ὅσους
1246 5131 1307 5185 ἂν
1360 5131 1441 5186 ἐπ’
1486 5131 1774 5209 ἀπηγορευ-

195 5222 334 5287 (lim;
388 5226 705 5300 πράγμασιν
775 5220 997 5281 ἁλόντας
1054 5226 1144 5274 καὶ
1199 5221 1595 5295 ἀναιρουμένους
1661 5219 1774 5276 ἴδοι

196 5325 268 5381 τις,
302 5315 440 5385 οὕτω,
486 5320 673 5390 φησίν,
722 5309 959 5387 ἔγραψεν
1008 5307 1034 5363 δ
1076 5314 1199 5373 Θεὸς
1244 5313 1507 5383 γενέσθαι,
1547 5317 1638 5366 καὶ
1679 5312 1773 5365 ού-

194 5413 271 5461 τως
311 5400 573 5459 ἀποθανεῖν
632 5398 946 5466 ηϐουλήθη,
995 5400 1167 5470 τύχην
1224 5396 1590 5473 διορισάμενος
1645 5397 1774 5454 dum

193 5492 263 5541 ut
300 5494 621 5571 εἱμαρμένην,
690 5495 792 5544 καὶ
836 5486 1025 5548 οὔλους
1074 5486 1351 5550 πλείστους
1404 5486 1596 5562 λήρους
1623 5508 1635 5523 ·
1698 5490 1776 5551 οἷς

188 5571 614 5659 δαρηοληθῦντες
672 5579 731 5637 οἱ
790 5573 975 5632 ἄθλιοι
1023 5581 1124 5630 τῶν
1175 5573 1394 5631 αἰωνίων
1445 5573 1654 5650 ἀγαθῶν
1709 5576 1776 5641 ὡς

1883 4511 1978 4581 rit,
2010 4525 2207 4583 neque
2232 4507 2557 4564 sabbatum
2576 4522 2772 4580 neque
2801 4506 3179 4579 baptismum
3199 4503 3535 4577 imperavit.

1884 4601 2028 4658 Item
2083 4598 2274 4655 vetitis
2322 4613 2359 4653 a
2402 4596 2533 4667 lege
2575 4601 2772 4653 vetere
2814 4596 3036 4669 partim
3082 4594 3259 4658 vesci,
3313 4594 3537 4666 partim

1883 4688 2185 4745 abstinere
2223 4687 2471 4752 docens,
2504 4684 2621 4741 vini
2648 4689 2795 4757 potu
2823 4698 3072 4757 prorsus
3098 4681 3401 4738 interdixit
3429 4681 3538 4736 im-

1881 4782 2088 4852 postor
2124 4776 2242 4832 hic.
2292 4779 2540 4847 Insuper
2581 4774 2809 4844 dogma
2838 4772 3034 4828 sanxit
3062 4771 3204 4827 boni
3236 4770 3433 4827 omnis
3464 4786 3536 4826 ac

1882 4867 2026 4925 mali
2058 4880 2311 4923 causam
2344 4866 2530 4921 Deum
2578 4878 2710 4920 esse
2745 4881 2759 4931 ;
2805 4866 2861 4918 et
2903 4860 3203 4935 quidquid
3240 4876 3313 4916 ex
3342 4859 3536 4915 hostis

1882 4957 2129 5027 maligni
2159 4954 2299 5012 dolo
2340 4953 2518 5011 nobis
2550 4952 2785 5018 accidit,
2812 4951 2876 5007 id
2913 4967 2949 5008 a
2991 4951 3109 5006 Deo
3159 4965 3291 5004 esse
3327 4947 3535 5021 prodi-

1882 5047 2051 5117 giosa
2081 5044 2386 5117 impietate
2414 5043 2574 5099 dicit.
2608 5044 2675 5097 Et
2720 5040 2772 5096 si
2801 5039 2989 5096 oculis
3015 5042 3335 5095 occurrant
3359 5037 3535 5094 latro-

1880 5150 2008 5201 nes,
2077 5131 2345 5199 veneﬁci,
2413 5136 2468 5189 et
2524 5130 2775 5204 quilibet
2835 5128 3156 5185 vetitorum
3197 5125 3534 5183 facinorum

1881 5223 1985 5287 rei,
2014 5226 2193 5296 atque
2223 5221 2300 5277 ob
2332 5236 2406 5277 ea
2434 5219 2791 5291 interempti,
2824 5218 2925 5287 ita,
2972 5216 3185 5289 inquit,
3218 5218 3373 5271 Deus
3404 5212 3535 5270 fieri

1882 5312 2220 5386 scripserat,
2251 5312 2310 5366 et
2347 5309 2434 5366 sic
2462 5324 2565 5365 eos
2607 5307 2761 5364 mori
2796 5307 2987 5364 voluit
3017 5324 3031 5374 ;
3081 5321 3203 5377 quo
3232 5304 3389 5359 dicto
3419 5302 3534 5357 for~

1882 5403 2043 5458 tunae
2066 5414 2295 5458 numen
2326 5414 2397 5455 ac
2424 5397 2614 5455 fatum
2645 5395 2947 5451 constituit
2980 5413 2993 5464 ;
3025 5398 3203 5465 atque
3234 5391 3381 5447 alias
3405 5404 3532 5457 ger-

1882 5506 1983 5548 ras
2027 5488 2318 5563 plurimas
2353 5503 2366 5556 ;
2407 5486 2631 5559 quibus
2676 5482 2940 5540 infelices
2981 5479 3235 5551 Agareni
3272 5473 3528 5563 decepti,

1886 5557 2122 5640 uternis
2146 5572 2391 5652 gaudiis
2415 5557 2482 5636 ut
2513 5568 2857 5645 blasphemi
2894 5567 3184 5642 lmpilque
3212 5557 3529 5621 excluden-
