4106 6296
540 285 642 359 tui

1888 285 2154 362 NICET.E
2197 304 2564 362 CHONIATE

3797 313 3902 368 “6

537 417 652 510 tur.
704 431 842 488 Orta
891 434 980 487 est
1025 433 1226 486 autem
1273 429 1402 486 hinc
1457 429 1893 486 Ismaelitarum
1944 429 2190 486 haeresis

2318 431 2510 495 Ξισεϐεῑς
2557 439 2646 487 καὶ
2691 432 2998 506 βλάσφημοι
3041 431 3522 506 απαλλοτριοῦνται.
3579 434 3794 508 Ἀνεφύη
3842 432 3906 489 di

541 520 791 578 Heraclii
819 519 1172 592 imperantis
1200 525 1392 588 aetate,
1426 519 1502 575 ad
1533 537 1713 592 quem
1754 519 1832 576 ab
1863 521 2008 576 orbe
2047 535 2191 578 con-

541 609 665 668 dito
695 610 840 668 anni
868 609 1170 666 ﬂuxerunt
1195 611 1258 666 Vl
1289 612 1336 668 M
1369 612 1560 668 CXLV.

619 795 704 848 t0.
749 793 820 846 Ut
864 793 1066 846 autem
1111 789 1412 862 praedictis
1443 787 1822 860 adjiciamus,
1851 787 2018 860 quod
2047 786 2196 844 nihil

543 881 670 936 veri
695 879 1075 936 Mohamedes
1095 879 1272 947 dicat,
1306 895 1416 950 age
1445 879 1568 934 haec
1593 879 1910 934 recitemus
1936 896 2005 934 ex
2038 879 2086 948 ej
2101 895 2196 932 us-

545 967 686 1026 dem
737 967 890 1022 libro
934 972 1231 1038 excerpta.
1287 967 1496 1023 Christi
1546 969 1918 1024 mentionem
1965 965 2193 1022 faciens

547 1061 726 1130 atque
771 1055 1090 1124 Evangelii,
1124 1056 1204 1110 ait
1231 1055 1410 1110 veluti
1451 1073 1524 1111 ex
1567 1072 1824 1128 persona
1856 1055 1995 1112 Dei:
2046 1054 2195 1111 Misi-

547 1160 686 1201 mus
713 1149 1081 1216 postremum
1102 1144 1531 1216 prophetarum
1555 1144 1828 1200 omnium
1854 1147 2054 1200 Jesum
2087 1147 2199 1200 Ma—

547 1233 649 1290 riae
675 1231 888 1298 ﬁlium,
920 1237 984 1288 ut
1013 1248 1146 1304 quae
1178 1237 1312 1288 ante
1343 1249 1478 1288 eum
1515 1231 1772 1300 fuerant,
1800 1239 1929 1290 rata
1958 1231 2198 1298 faceret,

550 1327 731 1394 atque
758 1321 838 1378 ad
866 1337 1006 1377 eum
1044 1321 1402 1377 demisimus
1435 1322 1842 1392 Evangelium,
1875 1323 1936 1377 in
1961 1337 2084 1393 quo
2115 1323 2203 1376 est

550 1409 797 1467 directio
855 1425 925 1466 ac
962 1409 1212 1480 justitia,
1264 1411 1596 1466 secundum
1652 1409 1928 1466 virtutem
1984 1424 2198 1482 praece-

552 1499 747 1556 dentis
790 1499 844 1556 ei
879 1498 1049 1568 legis.
1093 1499 1270 1571 Atqui
1307 1501 1356 1554 si
1388 1500 1516 1556 haec
1545 1501 1749 1556 omnia
1779 1502 1918 1556 Jesu
1949 1500 2203 1571 ejusque

553 1577 875 1656 Evangelio
906 1603 1190 1644 concessa
1219 1587 1478 1660 fuerunt,
1498 1589 1644 1660 quid
1669 1589 1771 1644 tibi
1792 1589 2088 1662 reliquum
2120 1587 2201 1643 fe-

555 1677 706 1744 cisti,
752 1692 788 1732 o
835 1676 1200 1748 Mohamede,
1251 1678 1416 1749 quod
1459 1678 1808 1734 hominibus
1851 1679 2150 1736 conferres
2179 1681 2207 1734 ?

2305 525 2335 582 ἡ
2382 527 2598 582 τοιαύτη
2643 531 2742 575 τῶν
2783 521 3126 595 Ἰσμαηλιτῶν
3169 523 3370 596 αἵρεσις
3416 521 3500 576 ἐπὶ
3549 533 3648 576 τῶν
3695 529 3905 600 χρόνων

2302 611 2602 686 Ἡρακλείου
2655 621 2748 666 τοῦ
2815 611 3094 685 βασιλέως,
3167 615 3236 674 ὡς
3299 609 3426 666 εἶναι
3490 618 3678 689 μέχρις
3740 613 3906 667 αὐτοῦ

2305 699 2405 754 ἀπὸ
2435 706 2650 762 κτίσεως
2677 707 2881 773 κόσμου
2910 703 2996 758 ἔτη
3027 699 3170 778 ςρμέ

2377 789 2425 844 ι’.
2484 789 2594 843 Ἰνα
2651 787 2710 842 δὲ
2773 791 3082 864 προσθῶμεν
3137 797 3245 852 τοῖς
3312 791 3598 866 εἰρημένοις
3647 795 3706 844 τὸ
3769 794 3910 844 κατὰ

2303 877 2470 952 μηδὲν
2525 884 2612 932 τὸν
2681 877 2916 951 Μωάμεὸ
2981 879 3168 944 ἀληθὲς
3231 881 3407 952 λέγειν,
3476 881 3742 954 εἰρήσεται
3815 887 3910 935 καὶ

2303 977 2472 1022 ταῦτα
2527 968 2581 1021 ἐκ
2636 977 2733 1030 τῆς
2787 969 2948 1022 αὐτοῦ
3007 967 3191 1041 βιϐλου
3247 970 3685 1042 παρεκϐληθέντα.
3754 972 3910 1024 Ἐπι-

2305 1061 2556 1134 μνησθεὶς
2607 1067 2699 1112 τοῦ
2745 1065 2979 1134 Χριστοῦ
3026 1065 3114 1114 καὶ
3159 1069 3249 1112 τοῦ
3287 1061 3624 1132 Εὑαγγελίου,
3657 1067 3816 1132 φησὶν
3839 1063 3911 1122 ὡς

2307 1148 2362 1202 ix
2421 1155 2702 1222 προσώπου
2767 1156 2900 1202 Θεοῦ
2935 1171 2946 1182 -
3005 1148 3401 1220 Ἀπεστείλαμεν
3463 1148 3741 1203 ἀκόλουθον
3807 1159 3911 1201 τῶν

2307 1247 2580 1312 προφητῶν
2619 1240 2822 1290 πάντων
2879 1237 3105 1300 Ἰησοῦν,
3165 1241 3252 1289 τὸν
3296 1240 3407 1289 υἱὸν
3452 1243 3676 1310 Μαρίας,
3727 1239 3794 1298 εἰς
3851 1241 3913 1290 τὸ

2309 1324 2701 1398 ἀγαθοποιῆσαι
2772 1329 2837 1380 τὰ
2909 1330 3009 1400 πρὸ
3075 1327 3254 1386 αὐτοῦ,
3331 1333 3705 1400 καταγαγόντες
3785 1331 3916 1401 πρὸς

2311 1417 2466 1469 αὑτὸν
2492 1425 2550 1468 το
2593 1415 2922 1488 Εὑαγγέλιον,
2955 1415 3004 1467 ἐν
3115 1415 3255 1468 ἐστιν
3299 1413 3579 1487 ὀδήγησις,
3627 1421 3778 1490 φησι,
3820 1421 3914 1468 καὶ

2314 1503 2626 1564 δικαιοσύνη
2658 1509 2788 1558 κατὰ
2827 1510 2917 1562 τὴν
2967 1502 3187 1577 δύναμιν
3237 1513 3329 1558 τοῦ
3377 1509 3476 1580 πρὸ
3521 1506 3681 1557 αὐτοῦ
3724 1509 3914 1577 νόμου.

2313 1595 2376 1648 Εἰ
2424 1603 2547 1666 γοῦν
2585 1602 2753 1646 ταῦτα
2795 1597 2964 1647 πάντα
3010 1603 3081 1664 τῷ
3139 1595 3314 1652 Ἰησοῦ
3361 1597 3448 1646 καὶ
3494 1601 3565 1664 τῷ
3617 1593 3916 1666 Εὖαγγελίῳ

2316 1685 2476 1736 αὐτοῦ
2520 1679 2756 1752 δέδοται,
2791 1689 2876 1735 σοὶ
2923 1687 2974 1734 τί
3017 1683 3270 1742 λέλοιπας,
3312 1679 3350 1734 ὦ
3389 1679 3644 1754 Μωάμεδ,
3679 1701 3917 1734 συνεισε-

557 1765 708 1824 Nihil
759 1765 920 1822 aliud
970 1781 1216 1838 prorsus
1261 1783 1448 1839 quam
1493 1783 1775 1830 errorem,
1820 1773 1877 1824 et
1924 1784 2206 1844 verorum,

2318 1779 2508 1842 νεγκεῖν
2574 1779 2678 1832 τοῖς
2744 1769 3090 1846 ἁνθρώποιςς
3153 1767 3320 1823 Οὐδὲν
3382 1771 3548 1843 ἕτερον
3623 1773 3824 1830 πάντως
3885 1771 3916 1828 ἦ

557 1854 914 1924 dogmatum
939 1855 1404 1928 perversionem.
1437 1859 1663 1912 Rursus
1690 1861 1980 1930 tanquam
2012 1873 2085 1913 ex
2108 1857 2207 1914 Dei

557 1960 822 2022 persona
851 1943 932 1999 ait
959 1961 971 1999 :
1006 1945 1152 2000 Cum
1179 1943 1484 2014 regionem
1518 1945 1787 2018 aliquam
1815 1947 2209 2018 pessumdare

557 2033 878 2096 voluimus,
913 2032 1125 2088 incolis
1167 2034 1299 2104 ejus
1343 2035 1790 2100 mandavimus,
1825 2041 1889 2092 ut
1929 2037 2010 2092 ibi
2041 2036 2211 2092 luxu-

558 2123 716 2180 riose
748 2128 995 2193 agerent
1027 2139 1040 2177 :
1092 2127 1272 2196 atque
1301 2123 1381 2179 ita
1405 2123 1565 2194 justa
1594 2124 1786 2180 evasit
1817 2126 2108 2184 sententia
2135 2124 2212 2180 de

559 2212 797 2272 illorum
854 2211 1210 2284 perditione,
1267 2216 1326 2268 et
1387 2211 1462 2267 de
1522 2211 1686 2268 illato
1751 2213 1863 2269 illis
1927 2214 2209 2270 decreto:

560 2301 924 2372 damnisque
937 2315 1038 2356 eos
1052 2299 1952 2374 ἀεωηίίὶοδνὶιηιιεωιυὶῑοειψε
1965 2319 2211 2376 pessum

563 2389 864 2446 dedimus.
909 2387 1084 2459 Atqui
1132 2404 1250 2443 non
1295 2388 1550 2458 luxurie,
1581 2389 1852 2462 inquam,
1884 2408 2078 2464 neque
2111 2393 2212 2448 ho-

566 2479 795 2532 minum
827 2477 1004 2532 exitio
1027 2476 1250 2546 gaudet
1277 2481 1452 2546 Deus,
1485 2477 1586 2532 sed
1617 2479 1666 2534 is
1692 2479 1890 2550 potius
1915 2480 2018 2552 qui
2043 2480 2212 2536 luxu-

563 2565 708 2622 riari
734 2563 982 2622 mandat
1008 2564 1308 2623 diabolus.

643 2655 728 2710 tt.
775 2652 973 2710 Solem
1022 2669 1093 2710 ac
1134 2652 1340 2710 lunam
1387 2655 1652 2726 equitare
1699 2656 1860 2726 dicit,
1927 2657 2214 2726 ignorans

567 2743 750 2800 miser
771 2741 896 2796 haec
927 2747 1131 2813 utpote
1169 2744 1500 2800 inanimata
1531 2745 1688 2802 haud
1721 2762 1900 2817 posse
1927 2747 2212 2820 equitare.

571 2829 884 2898 Quomodo
903 2830 1044 2886 item
1073 2831 1230 2904 equi,
1255 2833 1580 2888 caruncula
1607 2833 1972 2906 corruptibili
2001 2835 2214 2904 induti,

569 2937 782 2976 currus
827 2921 988 2990 ignei
1027 2922 1218 2978 vicem
1277 2929 1562 2996 praestare
1609 2925 1944 2996 poterunt?
1991 2926 2214 2980 Etenim

567 3009 650 3066 illi
681 3010 858 3066 Heliae
887 3011 1046 3080 ignei
1077 3011 1234 3084 equi,
1268 3013 1429 3068 haud
1461 3013 1606 3069 tales
1644 3019 1858 3070 natura
1888 3021 2076 3079 erant,
2110 3013 2216 3070 sed

2316 1861 2530 1930 πλάνην,
2562 1865 2652 1912 καὶ
2690 1869 2788 1912 τῶν
2836 1857 3036 1918 ἀληθῶν
3077 1855 3350 1932 δογμάτων
3399 1855 3707 1932 διαφθοράν.
3751 1858 3920 1911 Πάλιν

2314 1948 2450 2020 λέγει
2503 1951 2572 2010 ὡς
2623 1945 2676 2000 εκ
2728 1953 3011 2022 προσώπου
3063 1955 3154 2000 τοῦ
3213 1955 3383 2000 Θεοῦ·
3447 1946 3604 1998 Ὀταν
3671 1946 3920 2018 ἠθέλομεν

2318 2035 2569 2090 ἀπολέσαι
2619 2043 2836 2112 χωρίον,
2892 2037 3182 2108 ἐκελεύομεν
3224 2044 3334 2097 τοῖς
3389 2035 3607 2088 ἑστῶσιν
3656 2033 3704 2086 ἓν
3749 2035 3918 2104 αὐτῷ,

2317 2131 2407 2178 καὶ
2437 2127 2698 2184 ὴσώτευον
2738 2124 2786 2178 ἓν
2827 2125 2965 2196 αὐτῷ
2997 2147 3009 2158 '
3059 2129 3149 2176 καὶ
3193 2121 3493 2178 ἐδικαιοϋτο
3541 2123 3707 2176 ἐπάνω
3749 2123 3924 2175 αὐτῶν

2319 2217 2345 2268 ὁ
2392 2215 2544 2286 λόγος
2585 2215 2609 2267 6
2657 2221 2752 2275 τῆς
2801 2212 3056 2275 ἀπωλείας
3094 2213 3284 2281 αὐτῶν,
3333 2219 3422 2266 καὶ
3465 2219 3558 2274 τῆς
3596 2212 3711 2264 κατ’
3749 2212 3924 2264 αὐτῶν

2323 2302 2628 2375 ἀποφάσεως
2657 2321 2668 2332 ’
2721 2307 2809 2355 καὶ
2856 2299 3192 2375 ἐδαμάσαμεν
3246 2302 3432 2362 αὐτοὺς
3489 2297 3779 2374 δαμάσεσι,
3829 2307 3928 2352 καὶ

2321 2391 2540 2452 πολλοὺς
2605 2389 2961 2462 ἀπωλέσαμεν.
3028 2389 3138 2443 Οὐκ
3205 2389 3455 2452 ἀσωτίαις
3529 2393 3620 2440 καὶ
3697 2387 3928 2460 ὀλέθροις

2323 2479 2601 2551 ἀνθρώπων
2654 2485 2836 2553 χαίρει
2896 2483 3040 2544 Θεὸς,
3112 2477 3218 2530 ἀλλ’
3285 2480 3310 2530 6
3363 2477 3576 2530 κελεύων
3641 2476 3928 2530 ἀσωτεύειν

2325 2566 2586 2630 διάϐολος.

2398 2657 2481 2713 ια’.
2541 2662 2638 2712 Τὸν
2683 2658 2825 2717 ἣλιον
2873 2661 2963 2709 καὶ
3006 2661 3100 2714 τὴν
3160 2655 3376 2714 σελήνην
3425 2653 3500 2728 ἐφ’
3550 2657 3738 2716 ἵππους
3792 2651 3930 2707 εἶναί

2325 2768 2480 2822 φησιν
2515 2763 2528 2776 ’
2596 2747 2690 2798 οὐκ
2737 2743 2888 2808 εἰδὼς
2940 2747 2964 2797 6
3009 2745 3187 2806 ἄθλιος
3224 2747 3288 2804 ὡς
3334 2745 3527 2816 ἄψυχα
3568 2753 3733 2795 ταῦτα
3773 2747 3926 2810 ὄντα,

2328 2840 2556 2888 ἱππεύειν
2609 2835 2666 2888 οὗ
2727 2831 2966 2890 δύναται,
3033 2841 3148 2896 Πῶς
3216 2829 3276 2886 δὲ
3335 2837 3424 2885 καὶ
3475 2835 3641 2904 ἱπποι,
3704 2836 3928 2904 σαρκίον

2327 2927 2550 3000 φθαρτὸν
2598 2929 2960 2998 περικείμενοι,
3016 2926 3200 2996 ὄχημα
3255 2925 3416 2995 πυρὸς
3481 2919 3610 2974 εἶναι
3675 2924 3926 2980 ὑποστή-

2328 3031 2550 3080 σονται;
2611 3015 2676 3065 Οἱ
2728 3009 2787 3065 δὲ
2842 3013 2978 3064 κατὰ
3032 3015 3116 3063 τὸν
3172 3011 3347 3063 Ἠλίαν
3399 3013 3620 3084 ἔμπυροι
3671 3013 3822 3061 ἵπποι
3863 3011 3928 3062 οὗ

569 3113 863 3170 equorum
895 3099 1318 3155 tantummodo
1358 3101 1616 3173 speciem
1639 3118 1763 3174 prae
1814 3117 1875 3156 se
1914 3101 2207 3158 ferebant.

2326 3105 2500 3174 φύσιν.
2552 3099 2682 3153 ἀλλὰ
2735 3109 2927 3172 σχῆμα
2990 3105 3141 3173 μόνον
3205 3099 3372 3151 ἵππων
3439 3101 3768 3173 περιέκειντο.
3833 3098 3928 3151 Ἐκ

569 3188 654 3244 Ex
677 3185 954 3244 birudine
983 3189 1250 3260 genitum
1297 3189 1439 3246 dicit
1473 3191 1805 3246 hominem.
1845 3191 2219 3248 Animalibus

570 3276 855 3332 omnibus
891 3279 1052 3333 vesci
1095 3277 1389 3344 hortatur,
1417 3285 1814 3351 praeterquam
1849 3297 1973 3336 sue.
2009 3285 2217 3338 Conie-

571 3364 710 3430 dite,
771 3366 982 3438 inquit,
1034 3383 1102 3421 ex
1159 3367 1231 3422 iis
1279 3383 1418 3438 qum
1465 3367 1526 3422 in
1573 3373 1730 3424 terra
1768 3375 1948 3426 sunt:
2000 3372 2218 3426 etenim

571 3453 802 3510 munda
832 3459 970 3509 sunt
1003 3471 1074 3510 ac
1111 3455 1292 3524 bona,
1323 3471 1432 3512 nec
1475 3459 1706 3512 Satanae
1732 3459 1982 3527 vestigia
2008 3475 2218 3532 sequa-

571 3543 764 3612 mini;
828 3545 1111 3600 Satanam
1180 3545 1401 3600 scilicet
1466 3545 1776 3616 appellans
1845 3551 2052 3604 Deum.
2114 3549 2218 3621 qui

569 3633 804 3689 munda
823 3633 1208 3690 etimmunda
1230 3633 1586 3704 designavit.
1615 3637 1744 3690 Jam
1769 3635 1814 3690 si
1839 3639 2088 3694 Satanas
2110 3645 2212 3710 est,

570 3738 608 3778 ο
641 3721 844 3784 delire.
875 3723 980 3795 qui
1017 3728 1278 3780 veterem
1325 3723 1516 3792 legem
1566 3725 1712 3792 tulit,
1745 3743 1850 3782 cur
1890 3743 2028 3784 eum
2076 3730 2218 3786 alibi

571 3813 758 3868 Deum
801 3813 1081 3868 nominas
1109 3813 1136 3868 τ
1173 3815 1250 3866 De
1289 3812 1519 3882 jejunio
1560 3813 1754 3882 legem
1796 3816 2061 3872 scribens
2087 3819 2168 3874 ait
2199 3837 2212 3876 :

569 3901 800 3958 Sufﬁcit
823 3901 995 3958 vobis
1015 3917 1132 3956 nox
1153 3901 1364 3973 jejunii
1391 3901 1470 3958 ad
1491 3919 1748 3958 uxorum
1767 3911 2098 3962 vestrarum
2121 3923 2216 3962 co-

565 3990 776 4062 pulam
810 4009 822 4046 :
865 3991 958 4046 hae
995 3989 1218 4063 quippe
1250 3995 1390 4046 sunt
1417 3991 1589 4046 vobis
1617 3993 2080 4064 operimentum.
2109 3999 2214 4052 No-

565 4084 732 4134 verat
751 4079 910 4134 enim
931 4079 1102 4146 Deus,
1117 4096 1223 4136 vos
1250 4079 1487 4136 animas
1503 4085 1732 4138 vestras
1751 4081 2135 4138 fraudaturos
2155 4087 2214 4141 in

558 4168 811 4240 jejunio,
845 4167 1070 4240 fuitque
1095 4169 1267 4225 vobis
1299 4169 1658 4240 indulgens:
1696 4169 2067 4228 misceamini
2098 4173 2212 4229 illis

563 4255 642 4314 ad
673 4256 970 4320 solatium,
1003 4261 1060 4312 et
1085 4257 1378 4313 comedite
1407 4275 1656 4330 vespere
1685 4275 1755 4314 ac
1787 4257 1989 4330 bibite,
2019 4261 2212 4318 donec

562 4345 728 4418 quod
757 4346 818 4400 in
849 4351 1022 4402 nocte
1045 4347 1282 4416 nigrum
1313 4351 1424 4415 est,
1467 4347 1722 4402 interdiu
1765 4347 1970 4404 album
2015 4367 2210 4422 appa-

2325 3200 2420 3254 τῆς
2459 3189 2683 3264 βδέλλας
2731 3196 2861 3264 φησί
2915 3191 3154 3261 γενέσθαι
3203 3193 3290 3240 τὸν
3347 3190 3615 3260 ἄνθρωπον
3667 3189 3782 3252 (8)·
3835 3193 3930 3240 καὶ

2323 3283 2493 3332 πάντα
2536 3283 2604 3333 τὰ
2669 3279 2778 3341 ζῶα
2839 3277 3155 3354 βιϐρώσκειν
3215 3281 3576 3352 προτρέπεται,
3637 3277 3768 3334 πλην
3828 3285 3928 3328 τοῦ

2325 3374 2514 3444 χοίρου
2548 3386 2561 3399 ·
2613 3371 2804 3439 Φάγ-ετε
2843 3371 2966 3440 γὰρ,
3011 3371 3188 3438 φησὶν,
3239 3364 3294 3418 ἐκ
3333 3373 3431 3418 τῶν
3463 3369 3617 3417 ὄντων
3645 3365 3694 3417 ἓν
3827 3371 3927 3437 γῇ,

2324 3461 2530 3534 καθαρὰ
2575 3461 2672 3533 γὰρ
2731 3463 2822 3508 καί
2880 3455 3031 3518 καλὰ,
3091 3459 3182 3508 καί
3237 3458 3308 3528 μὴ
3377 3454 3756 3518 ἐξακολουθειτε
3817 3461 3932 3515 τοῖς

2325 3549 2502 3618 ἴχνεσι
2557 3553 2648 3598 τοῦ
2707 3551 2940 3598 Σατανᾶ·
3012 3549 3238 3596 Σατανᾶν
3294 3547 3380 3595 τὸν
3442 3545 3569 3596 Θεόν
3627 3541 3926 3608 ἀποκαλῶν,⁵

2323 3639 2408 3688 τὸν
2447 3638 2512 3688 τὰ
2541 3639 2629 3708 μὲν
2669 3637 2890 3707 καθαρὰ³
2926 3637 2990 3686 τὰ
3030 3630 3089 3686 δὲ
3127 3631 3400 3707 ἀκάθαρτα
3436 3635 3928 3708 προσηγορευκότα.

2325 3729 2426 3776 Καί
2471 3725 2513 3778 εἰ
2561 3731 2810 3786 Σατανᾶς,
2853 3721 2892 3775 ὦ
2935 3723 3136 3794 λῆρε,ὁ
3183 3725 3268 3774 τὸν
3319 3722 3542 3774 παλαιὰν
3583 3725 3736 3787 νόμον
3783 3721 3930 3792 θέμε-

2321 3833 2426 3874 νος,
2467 3823 2573 3874 πῶς
2615 3811 2662 3866 ἐν
2706 3812 2878 3872 amat;
2921 3815 3047 3863 Θεὸν
3097 3811 3251 3862 αὐτὸν
3293 3809 3602 3882 ὁνομάζειςς
3663 3813 3792 3880 Περί
3837 3829 3930 3866 νη-

2325 3909 2500 3966 στείας
2551 3905 2836 3976 νομοθετῶν
2880 3903 3014 3954 οὕτω
3063 3906 3219 3973 φησίν
3255 3919 3266 3929 ·
3317 3899 3552 3962 Ἔξεστιν
3590 3901 3711 3970 ὑμῖν
3757 3901 3788 3956 ἡ
3831 3899 3930 3963 νὺξ

2321 4003 2412 4053 τῆς
2463 3997 2706 4054 νηστείας
2760 3991 2826 4052 εἰς
2877 3990 3014 4063 μίξιν
3081 3997 3178 4042 τῶν
3225 3997 3484 4061 γυναικῶν
3530 3991 3708 4060 ὑμῶν·
3765 3989 3930 4040 αὗται

2320 4087 2419 4154 γὰρ
2469 4085 2610 4154 ὑμῶν
2669 4082 2772 4134 εἰσι
2829 4081 3213 4150 σκεπάσματα·
3265 4081 3394 4148 ἔγνω
3445 4079 3543 4150 γὰρ
3589 4079 3615 4128 6
3664 4081 3792 4138 Θεὸς
3841 4079 3932 4130 ὅτι

2320 4171 2768 4246 παραϐουλεύεσθε
2819 4177 2934 4231 ταῖς
2981 4167 3190 4238 ψυχαῖς
3237 4169 3378 4239 ὑμῶν
3433 4165 3481 4219 ἐν
3543 4171 3777 4237 νηστεία,
3831 4173 3932 4220 καί

2322 4245 2466 4322 ἵλεως
2503 4263 2623 4327 ὑμῖν
2663 4265 2862 4332 γίνεται
2895 4281 2907 4292 ·
2953 4260 3185 4331 μίχθητε
3229 4257 3413 4318 αὐταῖς
3452 4256 3518 4316 εἰς
3565 4255 3927 4330 παράκλησιν,

2318 4354 2408 4401 καί
2473 4359 2655 4421 φάγετε
2716 4347 2938 4422 ἑσπέρας
2981 4351 3069 4398 καί
3111 4351 3271 4414 πίετε,
3336 4347 3424 4406 ἕως
3479 4347 3535 4396 τὸ
3587 4353 3684 4406 τῆς
3734 4349 3932 4406 νυκτὸς

560 4439 708 4492 reat.
753 4435 1070 4500 Quodnam
1128 4451 1318 4505 genus
1358 4436 1566 4506 jejunii
1613 4443 1720 4508 est,
1762 4453 1798 4492 ο
1839 4437 2074 4510 impure
2139 4455 2207 4496 ac

2318 4437 2473 4510 μέλαν
2525 4445 2653 4510 φανῇ
2705 4437 2882 4490 λευκὸν
2941 4431 3035 4488 διὰ
3076 4443 3167 4496 τῆς
3215 4435 3432 4507 ἠμέρας.
3493 4437 3627 4486 Ποία
3679 4439 3924 4496 νηστεία,

560 4523 874 4594 ﬂagitiose,
904 4523 994 4578 vel
1023 4540 1305 4596 quianam
1340 4525 1438 4580 Dei
1479 4525 1592 4592 lex,
1625 4531 1746 4582 tota
1777 4533 1950 4583 nocte
1979 4528 2208 4599 epulari

559 4617 618 4668 et
651 4613 952 4668 libidinari
981 4613 1008 4668 ?
1054 4617 1200 4669 Tum
1244 4611 1318 4668 de
1359 4616 1754 4686 temperantia
1798 4633 1933 4671 cum
1975 4617 2086 4672 illis
2126 4617 2207 4674 lo-

557 4716 771 4774 quens,
798 4701 880 4757 ait
908 4719 920 4756 :
958 4703 1175 4758 Uxores
1207 4707 1416 4757 vestrae
1447 4719 1590 4772 ager
1618 4709 1807 4759 vester
1832 4713 1996 4760 sunt:
2023 4707 2209 4775 ingre-

557 4789 768 4846 dimini
807 4790 868 4844 in
909 4805 1122 4858 agrum
1167 4796 1424 4846 vestrum
1473 4808 1610 4847 cum
1641 4791 1964 4860 volueritis,
2000 4802 2055 4849 et
2085 4795 2204 4850 ani-

555 4878 774 4934 mabus
815 4879 1027 4934 vestris
1077 4879 1306 4945 favete;
1355 4880 1414 4934 id
1458 4887 1542 4936 est
1580 4897 1824 4938 omnem
1863 4885 2204 4938 animarum

553 4971 887 5022 vestrarum
943 4965 1328 5038 cupiditatem
1384 4968 1656 5040 explete:
1726 4975 1906 5042 atque
1954 4971 2204 5028 utamini

551 5053 842 5110 uxoribus
880 5055 1088 5110 vestris
1133 5055 1432 5128 utrinque,
1475 5057 1650 5126 Quid,
1697 5073 1826 5126 oro,
1874 5057 1970 5115 his
2009 5059 2203 5114 verbis

549 5141 933 5200 libidinosius
957 5149 1014 5200 et
1042 5144 1466 5202 exsecrabilius
1491 5145 1518 5200 ?

627 5323 707 5376 t2.
749 5319 1020 5378 Asseclas
1044 5339 1180 5379 suos
1213 5322 1292 5380 ad
1327 5321 1553 5379 bellum
1594 5329 1802 5380 contra
1829 5339 1941 5380 nos
1972 5341 2197 5382 acuens

547 5531 560 5544 ο
613 5463 694 5544 ﬂ)
740 5465 1052 5544 lta_c_odex
1100 5467 1694 5544 Choniateesﬂeapse
1735 5467 2196 5544 tamenbegirm

543 5535 776 5610 initium
827 5535 936 5591 fuit
969 5553 1131 5610 anno
1175 5537 1388 5610 mundi
1427 5535 1825 5610 6129,'Cbristi
1863 5543 1986 5606 62t,
2021 5540 2194 5596 Hera-

543 5604 638 5668 clii
665 5605 1014 5684 imperantis
1037 5609 1376 5666 undecimo.

2318 4523 2542 4599 βδελυρὲ
2589 4533 2678 4578 καί
2728 4525 3005 4596 ἀκάθαρτε,
3069 4525 3097 4583 ἦ
3153 4531 3300 4585 ποῖος
3349 4527 3500 4595 νόμος
3552 4529 3686 4576 Θεοῦ
3735 4527 3795 4574 τὸ
3847 4519 3928 4576 δι’

2316 4617 2436 4679 ὅλης
2483 4620 2668 4678 νυκτὸς
2713 4614 2900 4667 ἐσθίειν
2948 4617 3038 4665 καί
3099 4612 3454 4683 ἂσελγαίνειη
3525 4617 3649 4683 Περί
3708 4631 3927 4685 σωφρο-

2318 4709 2472 4766 σύνης
2555 4705 2728 4765 αὐτοῖς
2804 4701 3179 4774 διαλεγόμενος,

3271 4705 3467 4774 φησίν·
3555 4703 3618 4754 Αἱ
3679 4709 3927 4770 γυναῖκες

2314 4795 2455 4865 ὑμῶν
2510 4797 2686 4854 νεατὸς
2737 4793 2877 4864 ὑμῶν
2908 4813 2920 4824 ·
2983 4790 3232 4843 εἰσέλθετε
3267 4789 3333 4850 εἰς
3383 4793 3497 4848 τοὺς
3533 4792 3740 4850 νεατοὺς
3775 4790 3924 4860 ὑμῶν

2315 4885 2436 4934 ὅταν
2481 4882 2750 4954 βούλεσθε,
2807 4885 2897 4932 καί
2963 4881 3227 4932 συνέλθετε
3290 4887 3404 4940 ταῖς
3464 4877 3667 4950 ψυχαῖς
3731 4877 3920 4948 ὑμῶν·

2313 4975 2572 5032 τουτέστι,
2620 4977 2791 5024 πᾶσαν
2835 4969 3111 5040 ἐπιθυμίαν
3159 4977 3258 5020 τῶν
3295 4967 3487 5038 ψυχῶν
3530 4967 3670 5038 ὑμῶν
3709 4965 3924 5040 πληρώ-

2315 5081 2438 5114 σατε
2465 5078 2478 5090 ⁶
2525 5066 2614 5113 καί
2649 5061 2932 5134 χρήσασθε
2979 5065 3094 5120 ταῖς
3146 5057 3382 5128 γυναιξίν
3428 5058 3569 5128 ὑμῶν
3619 5055 3924 5130 ἀμφοτέρω-

2313 5151 2412 5205 θεν.
2469 5155 2531 5202 Τί
2587 5158 2685 5202 τῶν
2740 5149 2988 5224 ῥημάτων
3045 5149 3240 5200 τούτων
3296 5145 3660 5218 ἁσελγίστερὸν
3717 5161 3772 5196 τε
3824 5150 3924 5198 καί

2308 5247 2624 5312 μιαρώτερον
2649 5255 2663 5306 ;

2381 5325 2472 5400 ιβ’.
2533 5327 2616 5388 Εἰς
2675 5331 2762 5379 τὸν
2805 5325 2922 5378 καθ’
2975 5327 3120 5398 ἡμῶν
3179 5323 3394 5395 πολεμον
3451 5322 3720 5394 ἐπεγείρων
3787 5325 3918 5384 τοὺς

2377 5471 2455 5532 (8)
2487 5468 2696 5524 Recole
2727 5468 2802 5522 de
2831 5467 2924 5523 his
2957 5475 3012 5522 et
3041 5466 3170 5522 aliis
3201 5462 3552 5535 hujusmodi
3579 5477 3716 5532 quas
3739 5461 3918 5535 dicta

2305 5547 2440 5594 sunt
2489 5539 2582 5594 vel
2631 5539 2953 5595 emendata
3003 5538 3064 5594 in
3110 5533 3327 5594 nostris
3381 5533 3458 5593 ad
3508 5534 3914 5606 Byzantinum

2303 5610 2818 5678 adnotationibus.
