4106 6296
180 326 249 382 H1

185 452 399 523 μαθητὰς
457 451 653 521 αὐτοῦ,
723 454 900 523 φησί’
960 451 1241 503 Φονεύσατε
1288 446 1479 512 αὐτοὺς
1534 451 1661 503 ὅπου
1724 448 1783 500 διν
1813 448 1859 502 Α

187 546 526 598 συναντήσητε
564 540 787 601 αὐτοῖς.
840 538 918 591 Οὐ
974 545 1141 591 ταῦτα
1170 535 1229 591 δε
1266 543 1418 611 μόνον
1450 544 1627 612 φησὶν,
1660 537 1787 590 ἀ).λὰ

184 638 261 680 καὶ
296 630 446 702 παρὰ
481 636 555 699 τῷ
614 636 738 698 Θεῷ
788 624 1216 699 μισθαποδοσίαν
1255 630 1462 681 κεῖσθαι
1496 635 1599 688 τοῖς
1627 647 1783 680 κατα-

184 723 493 788 χραίνουσιν
561 716 763 778 αὐτοὺς
815 724 927 779 τοῖς
981 725 1080 768 τῶν
1143 724 1474 791 Χριστιανῶν
1544 718 1781 790 αἵμασιν.

184 806 331 860 Ἀλλὰ
393 811 489 858 καὶ
561 808 656 864 τήν
737 808 982 877 πέμπτην
1040 813 1223 880 μοῖραν
1288 813 1389 857 τῶν
1433 806 1785 879 αἰχμαλώτων

183 902 266 948 καὶ
314 904 418 947 τῶν
475 888 642 947 ἄλλων
685 894 893 948 σκύλων
932 892 1268 947 ἀνατίθεσθαι
1313 903 1385 965 τῷ
1434 904 1548 965 Θεῷ
1603 897 1786 948 ὑποτί-

184 987 330 1051 Θησι,
386 990 480 1035 καὶ
530 991 604 1055 τῷ
660 988 907 1058 προφήτῃ
978 980 1228 1055 Μωάμεδ.
1281 990 1529 1057 Παραινεί
1580 981 1639 1037 δὲ
1700 989 1787 1036 καὶ

184 1075 604 1126 κατατάττεσθαι
668 1078 780 1134 τοῖς
826 1080 1190 1146 Χριστιανοῖς,
1240 1074 1282 1125 εἰ
1321 1078 1413 1131 τὴν
1449 1082 1548 1125 τῶν
1587 1074 1786 1148 2016,60:-

184 1170 352 1219 κενῶν
418 1164 705 1236 θρησκείαν
774 1160 1142 1214 ἐπανέλωνταιο
1216 1168 1306 1213 καὶ
1388 1163 1455 1222 εἰς
1540 1161 1788 1233 ἀδελφοὺς

184 1252 373 1312 αὐτοὺς
416 1248 853 1323 παραδέχεσθαι,
932 1249 986 1301 ἐκ
1062 1259 1149 1311 τῆς
1212 1252 1373 1323 ἄκρας
1442 1251 1685 1312 ὰπηνείας
1730 1257 1788 1305 τὸ

186 1340 470 1413 ἀκρότατον
518 1350 614 1401 τῆς
671 1339 888 1410 ἀγάπης
937 1340 1383 1412 ἐπαναιρούμενος.
1417 1340 1570 1393 ’Ἐστι
1628 1338 1686 1393 δὲ
1729 1346 1788 1393 τό

184 1429 238 1480 ἐκ
300 1433 492 1481 τοῦτον
549 1431 854 1500 μηχάνημα
911 1427 1223 1499 ἐξόμνυσθαι
1264 1433 1381 1491 τοὺς
1429 1428 1789 1503 ἀφελεστέρονς

183 1522 247 1568 τὰ
307 1526 410 1568 τῶν
462 1524 793 1591 Χριστιανῶν
861 1518 1032 1589 ὅρκια,
1077 1522 1410 1590 σαινομένους
1442 1526 1515 1587 τῷ
1558 1523 1788 1592 περιόντι

185 1615 277 1666 τῆς
337 1603 711 1677 ἀδελφότητος.
784 1612 1034 1679 Παραινεῖ
1085 1614 1189 1667 τοῖς
1239 1602 1397 1668 ἰδίοις
1446 1607 1633 1677 λέγων’
1700 1611 1784 1665 Μὴ

184 1696 388 1763 γίνεσθε
467 1694 844 1767 ἀντιληπτορες
912 1692 1183 1747 Ἰουδαίων
1261 1700 1351 1747 καὶ
1407 1702 1738 1769 Χριστιανῶν
1772 1714 1783 1725 ·

1532 324 1875 381 TllESAURl
1913 324 2045 380 LIB.
2082 327 2187 380 XX.

3441 328 3542 384 118

1894 446 2034 503 dicit
2076 466 2088 502 :
2129 450 2388 507 Occidite
2432 451 2585 520 illos,
2639 451 2988 523 ubicunque
3030 450 3102 506 iis
3146 452 3540 509 occurreritis.

1891 537 2094 609 Neque
2124 539 2186 594 id
2219 540 2412 595 solum
2444 541 2607 611 dicit,
2640 540 2741 596 sed
2788 540 2968 595 etiam
3007 540 3382 612 propositam
3412 556 3544 598 esse

1893 641 1929 680 a
1961 629 2079 682 Deo
2103 628 2444 684 mercedem
2477 630 2571 686 his
2624 629 2733 702 qui
2783 642 2844 683 se
2903 628 3370 684 Christianorum
3408 645 3546 686 san-

1894 715 2073 785 guine
2106 716 2503 789 impiaverint.
2534 719 2815 785 Quintam
2835 732 2978 772 vero
3009 718 3384 789 captivorum
3407 718 3546 776 alia-

1892 819 2151 877 rumque
2176 806 2605 864 manubiarum
2630 811 2861 879 partem
2889 808 3007 861 Deo
3028 806 3226 861 offerri
3241 808 3548 864 constituit

1895 906 1965 949 ac
1995 893 2327 951 Mohamedi
2359 896 2687 968 prophetae.
2733 898 3009 951 Hortatur
3037 895 3218 950 etiam
3255 899 3321 953 ut
3343 911 3548 953 recon-

1896 982 2167 1038 cilientur
2197 983 2564 1047 Christianis,
2598 985 2648 1040 si
2698 986 3163 1043 Sarracenorum
3200 984 3545 1056 religionem

1896 1072 2284 1142 susceperint.
2341 1078 2519 1146 atque
2556 1074 2618 1129 in
2670 1072 2920 1129 fratrum
2970 1071 3105 1128 loco
3152 1072 3456 1140 habeant;
3511 1090 3547 1131 a

1897 1176 2142 1216 summa
2162 1162 2511 1218 crudelitate
2555 1162 2632 1219 ad
2663 1162 2946 1218 eximiam
2980 1161 3332 1218 charitatem
3359 1169 3548 1220 trans-

1896 1248 2046 1303 iens.
2082 1251 2179 1305 Est
2209 1255 2409 1306 autem
2440 1252 2554 1307 hoc
2584 1267 2828 1324 quoque
2864 1249 3201 1317 artiﬁcium,
3230 1255 3295 1307 ut
3324 1251 3548 1324 simpli-

1898 1339 2087 1392 ciores
2120 1353 2291 1394 sacra
2330 1339 2804 1396 Christianorum
2848 1337 3075 1395 foedera
3100 1338 3401 1410 abjurent,
3432 1339 3551 1398 fra-

1895 1426 2187 1482 ternitatis
2242 1428 2645 1499 praerogativa
2710 1427 2907 1483 illecti.
2989 1428 3319 1500 Ceteroqui
3403 1443 3547 1485 suos

1896 1521 2119 1580 monet,
2154 1530 2230 1571 ne
2276 1518 2395 1572 sint
2440 1516 2785 1573 Judaeorum
2844 1520 2901 1572 et
2952 1515 3424 1573 Christianorum
3450 1517 3549 1573 de-

1896 1602 2182 1659 fensores.
2241 1605 2525 1678 Quisquis
2583 1606 2766 1673 enim,
2823 1604 3037 1676 inquit,
3103 1609 3368 1662 vestrum
3418 1605 3550 1663 illos

1894 1693 2173 1764 protegit,
2212 1693 2308 1748 hic
2351 1693 2601 1766 perinde
2639 1709 2709 1750 ac
2743 1709 2904 1750 unus
2923 1692 3165 1750 illorum
3184 1697 3295 1751 est.
3329 1693 3552 1751 Deinde

185 1786 323 1844 ὅστις
358 1786 463 1858 γὰρ
522 1783 944 1857 ὑπερασπίζεται
1000 1784 1167 1835 αὐτῶν
1208 1783 1263 1846 ἐξ
1301 1787 1462 1857 ὑμῶν,
1496 1785 1521 1835 6
1558 1792 1781 1845 τοιοῦτος

1894 1780 2135 1838 ,Ιιιόωοε
2190 1786 2371 1854 atque
2411 1782 2777 1839 Christianos
2825 1781 3006 1839 veluti
3052 1781 3378 1854 deplorans
3419 1784 3546 1841 ait:

184 1870 237 1933 ἐξ
288 1871 459 1923 αὐτῶν
511 1871 769 1944 ὑπάρχει.
834 1876 935 1924 Καὶ
978 1868 1134 1923 πάλιν
1190 1872 1477 1933 ταλανίζων
1534 1880 1789 1945 Χριστια-

182 1964 296 2022 νοὺς
350 1964 443 2012 καὶ
494 1955 791 2022 Ἰουδαίους
834 1959 1009 2031 λέγει·
1074 1960 1207 2012 Οὐαὶ
1258 1962 1399 2033 ὑμῖν,
1449 1961 1630 2014 οἰκεῖοι
1661 1968 1790 2036 Γρα-

183 2049 322 2118 prin!
379 2045 534 2101 οῦδὲν
590 2051 741 2101 ἔσται
808 2050 951 2121 ὑμῖν,
1014 2049 1105 2110 ἕως
1170 2048 1230 2101 ἂν
1292 2049 1661 2113 ἐξακολουθῆτε
1716 2058 1788 2121 τῷ

180 2140 317 2207 νόμῳ
369 2142 460 2189 καὶ
513 2145 587 2207 τῷ
638 2136 958 2210 Εῦαγγελίῳ.
1020 2143 1120 2191 Καὶ
1159 2140 1293 2190 κατὰ
1330 2142 1419 2211 μὲν
1460 2146 1787 2213 Χριστιανῶν

180 2234 345 2278 ταῦτα
411 2228 776 2299 φθεγγόμενος,
833 2223 984 2279 οὐδέν
1048 2247 1101 2279 τι
1174 2232 1350 2280 καινόν
1408 2225 1788 2302 διαπράττεται

184 2315 245 2373 ὡς
287 2320 379 2366 καὶ
435 2323 608 2387 μισῶν
649 2315 844 2376 αὐτοῦς
869 2316 1004 2367 κατὰ
1031 2317 1223 2389 κράτος
1248 2338 1259 2349 ·
1302 2313 1592 2377 Ἰουδαίους
1624 2313 1786 2381 δέ,ὧν

184 2408 273 2460 τὴν
320 2409 613 2478 περιτομὴν
674 2401 999 2469 ἀσπάζεται,
1084 2410 1174 2457 καὶ
1234 2405 1395 2458 πολλὰ
1445 2414 1547 2458 τῶν
1597 2405 1786 2478 ἐθίμων

182 2502 353 2565 τηρεῖν
412 2490 785 2565 παραδίδωσι,
838 2494 956 2546 καθ’
1002 2495 1177 2547 ὅντινα
1212 2494 1360 2566 λόγον
1406 2494 1787 2569 ἕπεμϐριμᾱται

185 2581 245 2631 τὰ
274 2579 554 2652 tardusat;

255 2698 337 2767 ιγ’.
407 2698 569 2751 Πάλιν
627 2700 797 2770 ἐαυτῷ
855 2703 1260 2762 κατασκευάζων
1340 2707 1397 2754 τό
1484 2702 1786 2766 ἀξιόπιστον

190 2790 372 2858 εἰσάγει
414 2793 499 2840 τόν
569 2793 699 2841 Θεὸν
729 2798 1101 2863 μαρτυροῦντα
1142 2796 1259 2862 περὶ
1290 2791 1583 2857 αὐτοῦ,καὶ
1622 2792 1784 2864 ὀμνύ-

188 2895 346 2929 νοντα.
373 2884 461 2929 καὶ
506 2878 759 2949 λέγοντα·
816 2883 904 2929 Μὰ
934 2882 990 2929 τό
1014 2881 1206 2951 οἶστρον
1256 2886 1312 2930 τὸ
1375 2877 1645 2952 δυόμενον,
1692 2883 1783 2933 οὐκ

191 2962 433 3023 ἐπλανηθη
477 2968 504 3017 ό
546 2966 753 3040 ἑταῖρος
834 2969 997 3038 ὑμῶν,
1056 2965 1178 3019 οὐδὲ
1232 2970 1482 3041 ἡθόμησε,
1546 2976 1633 3022 καὶ
1692 2972 1784 3023 οὐκ

192 3054 455 3124 ἐφθέγξατο
496 3052 549 3106 ἐκ
591 3057 912 3127 θελήματοςσ
970 3056 1097 3107 ἀλλὰ
1139 3062 1227 3109 καὶ
1296 3059 1519 3129 Ἰησοῦν,
1565 3064 1650 3111 τόν
1689 3069 1784 3120 τῆς

190 3147 380 3216 Μαρίας

454 3148 593 3212 Υἱόν,
673 3152 1042 3217 προφητεῦσαι
1117 3152 1234 3219 περὶ
1300 3148 1459 3199 αὑτοῦ
1526 3150 1732 3200 εἰπόντα
1766 3171 1777 3182 ·
1815 3140 1854 3194 C

193 3230 311 3299 Ἐγὼ
349 3232 635 3295 ἀπόστολος
714 3234 823 3304 εἰμι
892 3242 983 3285 τοῦ
1038 3241 1165 3287 Θεοῦ
1231 3241 1362 3309 πρός
1405 3237 1778 3307 ῦμᾶς,ἀληθο-

191 3330 334 3371 ποιῶν
385 3325 449 3374 τὰ
487 3325 783 3398 ἔμπροσθέν
840 3343 942 3394 μου
998 3328 1061 3375 τὰ
1100 3333 1191 3375 τοῦ
1235 3332 1415 3397 νόμου,
1455 3327 1756 3399 εὖαγγελιζό

190 3428 319 3477 μενος
373 3411 662 3464 ἀπόστολον
723 3412 1010 3484 ἐρχομενον
1064 3414 1171 3483 μετ’
1242 3412 1347 3486 ἐμὲ,
1417 3418 1575 3488 ὄνομα
1640 3417 1780 3488 αὐτῷ

189 3496 429 3569 Μωοίμεδ.
484 3506 584 3553 Καὶ
652 3508 757 3552 ποῦ
820 3508 977 3553 τοῦτο
1038 3505 1474 3575 προεφήτευσενὸ
1528 3509 1777 3579 Χριστός,

194 3585 215 3640 ξ
246 3584 292 3635 ἄν
322 3596 443 3659 ποίᾳ
486 3598 663 3661 γραφῇ
720 3593 959 3662 εῐρηκεν;
1004 3589 1082 3642 Ἐν
1120 3587 1343 3662 οὐδεμιᾷ
1365 3593 1569 3654 πάντως
1594 3611 1606 3622 ·
1648 3596 1780 3646 ὥστε

188 3670 534 3749 ᾧευδοῤῥάφος
602 3681 695 3728 καὶ
782 3675 1019 3728 ἀπατεὼν
1077 3680 1103 3729 6
1162 3676 1417 3751 Μωάμεδ,
1487 3687 1779 3755 μαρτυρίας

190 3760 330 3813 {nam
402 3769 534 3838 πρὸς
618 3765 807 3818 ἑαυτὸν
873 3773 966 3816 τοῦ
1046 3773 1301 3841 Χριστοῦ,
1356 3766 1419 3829 ἂς
1464 3765 1640 3831 οὐδεὶς
1682 3779 1779 3822 τῶν

190 3854 559 3924 ἳριστωνῦμων
618 3854 925 3908 ἐπίσταται.
1008 3858 1265 3925 Λέγουσιν
1334 3858 1383 3908 οἱ
1459 3857 1777 3931 Σαρρακηνοὶ

189 3940 290 3988 ἴτον
342 3938 468 3993 εἶναι
497 3946 559 3993 τὸ
591 3947 687 3999 τήν
724 3944 983 4015 παρθένον
1026 3951 1204 4007 τεκεῖν,
1255 3949 1345 3996 καὶ
1392 3951 1449 3996 τὸ
1480 3946 1777 4006 πλασθῆναι

186 4032 264 4076 τόν
296 4026 466 4101 ’Δδαμ
491 4029 594 4082 ἀπὸ
622 4038 717 4082 τοῦ
758 4035 907 4101 χοὸς.
952 4034 1116 4102 Φαμὲν
1166 4028 1224 4083 δε
1279 4033 1451 4104 ἡμεῖς,
1484 4036 1551 4096 ὡς
1592 4037 1617 4086 6
1650 4043 1775 4109 Χρι-

188 4131 301 4178 στος
342 4118 398 4169 ἐκ
438 4121 705 4191 Παρθένου
742 4124 1073 4190 γεγέννηται,
1104 4117 1198 4172 διὰ
1251 4124 1309 4171 τό
1350 4120 1478 4173 εἶναι
1509 4127 1634 4185 Θεὸς
1663 4144 1776 4175 και-

183 4212 445 4267 ωποιιῇσας
502 4207 562 4259 ἐκ
624 4211 822 4268 ταύτης
879 4204 1106 4280 πρόοδον
1131 4228 1142 4241 ·
1195 4204 1304 4260 ὁδε
1329 4205 1524 4281 Ἀδὰμ,
1557 4210 1775 4283 πλάσμα

186 4301 261 4342 τοῦ
319 4303 447 4347 Θεοῦ
497 4302 790 4368 γενόμενος,
844 4300 936 4347 καὶ
988 4300 1058 4366 μή
1118 4295 1171 4348 ἐκ
1224 4302 1625 4372 προγενεστέρας
1658 4298 1773 4352 δια-

185 4376 338 4451 δπχῆς
367 4388 459 4441 τὴν
488 4389 695 4456 γένεσιν
723 4384 911 4451 ἕλκων,
963 4382 1017 4434 ἐκ
1057 4384 1219 4442 πηλοῦ
1275 4382 1611 4457 διηρτισται’
1640 4389 1770 4440 πολὺ

184 4465 257 4518 οὖν
278 4476 330 4522 τό
360 4478 519 4543 μέσον
546 4481 684 4526 Θεοῦ
731 4478 1024 4543 γεννήσεως
1078 4481 1168 4525 καὶ
1206 4470 1478 4547 ἀνθρώπου
1510 4475 1767 4538 πλάσεως.
1801 4490 1845 4544 D

246 4672 324 4731 ιδ’.
362 4685 520 4732 Φασιν
553 4683 603 4731 οἱ
652 4678 988 4753 Σαῤῥακηνοὶ
1029 4681 1142 4739 ὡςό
1181 4676 1415 4751 Μωάμεδ
1446 4680 1586 4732 ἐστὶν
1617 4684 1642 4732 ό
1676 4679 1770 4740 δη-

182 4760 395 4829 hunc;
447 4768 495 4819 ἐν
545 4778 621 4839 τῷ
664 4767 865 4824 Δανιὴλ
917 4769 1034 4819 οῐνευ
1078 4772 1257 4843 χειρὸς
1288 4768 1339 4831 ἐξ
1370 4773 1515 4842 ἤθους
1544 4770 1766 4830 τιληθῆ-

182 4870 249 4900 »αι
293 4854 449 4917 λίθος
505 4856 771 4909 ἀκούουσι
825 4852 907 4917 δὲ,
964 4859 1030 4916 ὡς
1058 4863 1146 4917 Τίς
1184 4863 1438 4929 μετουσία
1477 4867 1548 4927 τῷ
1580 4860 1767 4917 Δανιὴλ

184 4948 256 4989 ui
313 4951 380 5012 τῷ
436 4942 700 5019 Μωάμεδ,
755 4948 898 4995 ὥστε
963 4950 1076 5017 περὶ
1143 4946 1301 4997 αὐτοῦ
1355 4948 1441 4996 τὸν
1498 4952 1765 5017 προφήτην

183 5038 366 5084 falcata
411 5034 596 5107 λέγειν,
668 5032 1084 5102 κακολογοῦντος
1132 5039 1359 5087 Μωυσέα
1405 5039 1494 5086 καὶ
1559 5039 1646 5086 τὸν
1689 5042 1767 5088 νό-

184 5136 290 5185 ξιοη
346 5130 500 5177 Ποίαν
558 5122 619 5179 δὲ
676 5129 774 5176 καὶ
816 5122 994 5174 εἰκόνα
1034 5125 1059 5173 ό
1120 5120 1356 5195 Μωάμεδ
1402 5121 1622 5185 ἐπάταξε
1677 5130 1765 5177 καὶ

186 5203 420 5281 dianae-4,
468 5218 539 5275 ὼς
574 5216 601 5266 6
659 5214 912 5286 Χριστός
960 5215 1049 5267 τὴν
1100 5212 1393 5277 πολυθεῐαν,
1440 5210 1603 5271 ὅςκαὶ
1649 5212 1763 5284 ἐγέ-

184 5311 265 5349 νιτο
298 5301 359 5363 είς
395 5310 509 5377 ἦρος
568 5309 740 5377 μέγα,
809 5303 905 5350 καὶ
948 5297 1207 5373 ἐπλήρωσε
1268 5307 1443 5352 πᾶσαν
1485 5304 1579 5358 τὴν
1622 5311 1761 5373 γῆνς

183 5384 303 5440 “vita
352 5392 583 5466 λέγουσι,
638 5400 692 5443 τί
746 5387 1001 5459 ὡφέλοιεν
1058 5391 1193 5460 ἡμᾶς
1241 5391 1267 5441 6
1319 5391 1440 5449 Υἱὸς
1482 5397 1573 5440 τοῦ
1629 5398 1761 5444 Θεοῦ

183 5485 438 5551 κακωθείς
510 5491 616 5539 Καί
683 5498 868 5555 φαμεν
922 5479 1069 5545 ἡμεῖς
1124 5481 1190 5541 ὡς
1248 5484 1305 5532 τό
1375 5486 1464 5539 τῆς
1534 5477 1762 5554 Τριάδος

170 5585 406 5646 servm,
482 5569 891 5640 danai-33991),
966 5570 1051 5617 καὶ
1121 5566 1438 5639 ἐπεγνώσθη,
1501 5574 1589 5621 καὶ
1657 5567 1761 5620 ἐπι-

168 5664 306 5721 στῖὲθη
360 5668 428 5738 τῷ
484 5672 692 5737 κόσμω
743 5656 960 5710 παντί·
1011 5652 1124 5711 ἣδε
1163 5663 1258 5719 τῆς
1306 5655 1601 5719 Ἑλληνικῆς
1632 5655 1762 5711 ἀπά-

1896 1874 1994 1927 νεθ
2015 1870 2189 1927 vobis
2218 1870 2657 1942 Scripturarum
2681 1869 2959 1927 asseclis!
2989 1870 3138 1927 nihil
3161 1871 3553 1930 emolumenti

1896 1960 2070 2016 vobis
2120 1958 2399 2025 exstabit,
2461 1958 2735 2031 quandiu
2800 1959 2998 2029 legem
3061 1960 3399 2031 sequamini
3448 1966 3553 2018 aut

1899 2048 2310 2119 Evangelium.
2366 2050 2519 2104 Sane
2556 2048 2686 2103 haec
2716 2047 2790 2104 de
2831 2048 3183 2105 Christianis
3208 2049 3550 2120 clamitans,

1897 2137 2046 2194 nihil
2075 2152 2300 2192 novum
2351 2136 2492 2206 agit,
2520 2137 2663 2208 quia
2691 2136 2824 2192 illos
2874 2140 2999 2193 toto
3043 2136 3248 2193 animo
3272 2137 3419 2194 odit.
3449 2141 3550 2195 Ju-

1896 2222 2045 2278 daeis
2097 2227 2321 2291 autem,
2368 2239 2628 2295 quorum
2669 2224 3187 2280 circumcisionem
3232 2224 3462 2293 retinet,
3494 2231 3551 2284 et

1896 2310 2113 2380 legalia
2130 2311 2319 2368 multa
2339 2311 2651 2369 observari
2679 2313 2971 2385 praecipit,
2990 2328 3097 2368 cur
3111 2328 3219 2385 per
3241 2329 3549 2372 sermones

1897 2400 2165 2472 singulos
2188 2401 2541 2472 gravissime
2583 2401 3003 2459 interminatur
3019 2402 3049 2458 ?

1974 2702 2057 2751 t3.
2101 2699 2240 2751 item
2274 2696 2382 2752 sibi
2406 2696 2589 2753 ﬁdem
2616 2698 2963 2767 concilians,
2998 2700 3185 2755 Deum
3224 2699 3453 2758 inducit
3473 2700 3549 2756 de

1894 2786 2026 2856 ipso
2072 2790 2408 2855 testantem,
2463 2788 2888 2860 jurantemque
2942 2802 3015 2843 ac
3061 2787 3406 2844 dicentem:
3443 2790 3550 2845 Per

1894 2874 2061 2928 sidus
2092 2874 2434 2935 occiduum,
2468 2890 2590 2930 non
2622 2876 2841 2932 erravit
2867 2875 3091 2932 sodalis
3114 2881 3325 2943 vester,
3351 2891 3548 2950 neque

1896 2979 1930 3018 a
1957 2979 2171 3018 norma
2193 2963 2486 3029 discessit,
2502 2980 2697 3035 neque
2718 2962 2963 3036 propria
2982 2962 3292 3019 voluntate
3310 2963 3547 3019 locutus

1896 3056 2007 3106 est.
2038 3050 2152 3105 Sed
2191 3055 2247 3105 et
2293 3053 2493 3105 Jesum
2527 3051 2722 3105 Mariae
2765 3049 2975 3106 Filium
3029 3049 3104 3105 de
3158 3050 3290 3122 ipso
3347 3050 3545 3106 vatici-

1894 3147 2138 3196 nantem
2154 3139 2313 3208 facit,
2331 3146 2508 3211 atque
2535 3139 2871 3195 dicentem:
2897 3142 3019 3210 Ego
3043 3155 3178 3195 sum
3202 3139 3546 3210 Deilegatus

1894 3230 1973 3285 ad
2012 3245 2135 3296 vos,
2160 3244 2304 3284 vera
2325 3244 2453 3284 esse
2476 3229 2906 3285 demonstrans
2941 3245 3078 3301 quae
3099 3233 3237 3285 ante
3256 3244 3355 3286 me
3375 3230 3548 3285 exsti-

1894 3323 2095 3375 terunt
2124 3318 2183 3373 in
2205 3317 2358 3389 lege,
2388 3318 2672 3374 nuntians
2722 3317 2969 3390 insuper
3004 3317 3272 3388 legatum
3293 3325 3429 3392 post
3446 3335 3544 3375 me

1891 3412 2231 3475 venturum,
2255 3406 2352 3463 cui
2372 3422 2595 3463 nomen
2626 3407 3025 3463 Mohamedes.
3067 3408 3247 3481 Atqui
3290 3407 3543 3464 ubinam

1891 3498 2006 3554 hoc
2034 3500 2202 3553 Jesus
2224 3497 2581 3552 vaticinatus
2600 3502 2707 3563 est,
2738 3496 2834 3552 vel
2857 3512 3130 3569 quanam
3149 3498 3213 3553 in
3244 3497 3545 3570 Scriptura

1889 3588 2006 3643 hoc
2035 3586 2229 3642 dixit?
2277 3585 2457 3642 Plane
2486 3585 2543 3641 in
2566 3585 2757 3642 nulla.
2791 3586 3201 3652 Quamobrem
3229 3585 3541 3643 falsidicus

1890 3676 2303 3749 impostorque
2348 3675 2748 3747 Mohamedes,
2804 3676 2910 3749 qui
2953 3675 3161 3732 Christi
3203 3675 3545 3732 testimonia

1888 3764 1968 3820 ad
2024 3780 2086 3820 se
2131 3762 2327 3835 trahit,
2389 3779 2526 3836 quas
2576 3778 2760 3821 nemo
2822 3763 3299 3821 Christianorum
3350 3762 3539 3821 novit.

1887 3855 2069 3910 Aiunt
2099 3853 2407 3909 Sarraceni
2438 3853 2689 3926 perinde
2728 3868 2861 3909 esse
2896 3852 3190 3921 virginem
3216 3867 3445 3924 parere,
3470 3868 3541 3908 ac

1887 3945 2191 3999 Adamum
2221 3943 2467 3998 formari
2497 3942 2572 3997 de
2598 3941 2864 4014 pulvere.
2890 3943 3010 3997 Nos
3051 3944 3253 3996 autem
3283 3939 3538 3995 dicimus

1887 4032 2183 4088 Christum
2204 4031 2278 4086 de
2305 4030 2539 4099 Virgine
2569 4033 2804 4093 natum,
2840 4028 2985 4101 quia
3023 4031 3231 4102 utpote
3269 4030 3422 4084 Deus
3451 4029 3538 4084 in-

1884 4121 2127 4176 solitum
2157 4118 2270 4174 sibi
2302 4117 2560 4174 confecit
2605 4117 2680 4173 de
2727 4116 2827 4173 illa
2863 4130 3275 4190 progressum.
3304 4119 3375 4173 At
3392 4131 3535 4174 vero

1883 4209 2151 4265 Adamus
2206 4208 2304 4263 Dei
2358 4207 2609 4274 factura,
2654 4220 2850 4278 neque
2914 4220 2987 4261 ex
3041 4204 3333 4261 anteriore
3385 4205 3536 4262 serie

1882 4304 2079 4355 ortum
2111 4297 2375 4359 trahens,
2407 4295 2483 4351 de
2512 4294 2637 4351 luto
2672 4294 2784 4352 fuit
2829 4294 3257 4351 conformatus.
3289 4293 3533 4351 Multum

1880 4389 2081 4458 itaque
2128 4387 2369 4441 interest
2407 4384 2559 4441 inter
2607 4384 2708 4440 Dei
2759 4383 3133 4441 nativitatem
3180 4387 3239 4441 et
3270 4383 3534 4440 hominis

1879 4476 2320 4533 formationem.

1957 4688 2041 4738 14.
2086 4682 2296 4736 Dicunt
2345 4681 2673 4751 Sarraceni,
2722 4680 3137 4738 Mohamedem
3178 4695 3309 4739 esse
3360 4679 3529 4737 illum

1878 4788 1915 4828 a
1948 4771 2526 4831 Danieleostensum.
2544 4769 2773 4841 absque
2791 4784 3009 4825 manus
3030 4784 3214 4841 opera
3234 4783 3306 4824 ex
3326 4773 3530 4825 monte

1876 4860 1975 4914 div
1987 4859 2182 4913 ulsum
2209 4856 2492 4929 lapidem.
2528 4858 2642 4914 Sed
2664 4873 2697 4913 a
2718 4857 2894 4914 nobis
2913 4857 3201 4915 audiunt:
3238 4858 3529 4921 Quaenam

1877 4953 1966 5003 est
1994 4947 2366 5020 participatio
2422 4946 2677 5002 Danielis
2718 4962 2856 5001 cum
2908 4944 3277 5016 Mohamede,
3334 4945 3417 5001 ita
3463 4950 3529 5000 ut

1875 5036 1972 5092 ille
2023 5036 2097 5091 de
2139 5035 2254 5091 hoc
2284 5034 2427 5091 talia
2448 5034 2625 5100 dicat,
2657 5034 2761 5106 qui
2801 5034 2988 5105 Moysi
3018 5032 3324 5089 maledicit
3350 5030 3422 5089 ac
3451 5033 3527 5088 le—

1875 5125 1978 5194 gi?
2004 5126 2346 5189 Quamnam
2360 5128 2618 5179 statuam
2634 5122 3015 5179 Mohamedes
3031 5122 3327 5194 percussit
3347 5124 3527 5193 atque

1876 5213 2249 5281 comminuit,
2314 5199 2483 5268 sicuti
2527 5210 3002 5283 polytheismum
3032 5210 3320 5279 Christus,
3341 5209 3445 5282 qui
3470 5212 3527 5265 et

1874 5301 1936 5357 in
1983 5306 2254 5357 montem
2297 5316 2589 5371 magnum
2629 5300 2907 5368 excrevit,
2957 5304 3135 5371 atque
3179 5296 3524 5353 universam

1872 5397 2096 5446 terram
2142 5389 2461 5462 implevit?
2507 5388 2717 5445 Adhuc
2739 5392 2975 5458 rogant,
3004 5386 3149 5459 quid
3179 5384 3357 5441 nobis
3382 5398 3522 5454 pro-

1874 5478 2048 5535 fuerit
2078 5479 2180 5535 Dei
2201 5478 2379 5534 Filius
2405 5478 2753 5535 incarnatus
2778 5477 2806 5532 ‘I
2856 5478 2973 5533 Nos
3015 5490 3153 5530 vero
3190 5469 3521 5543 responde-

1872 5584 2034 5637 mus,
2059 5568 2141 5625 sic
2169 5567 2504 5625 revelatum
2530 5565 2716 5621 fuisse
2757 5568 2815 5621 et
2857 5563 3175 5645 cognitum
3197 5563 3256 5615 et
3281 5557 3360 5645 ab
3391 5555 3521 5610 uni-

1870 5672 2045 5715 verso
2122 5654 2268 5714 orbe
2335 5656 2629 5713 creditum
2708 5643 3001 5708 Trinitatis
3086 5643 3439 5717 mysterium
3500 5654 3515 5691 τ
