4106 6296
524 269 631 325 119
1843 257 2123 317 NICETIE
2170 258 2188 316 ί

2297 258 2547 320 ιΝΙΑΤᾸΕ

3778 270 3891 331 120

520 390 825 450 ethnicum
880 402 1023 444 vero
1072 387 1461 461 polytheismi
1522 403 1785 446 errorem
1845 385 2178 455 sublatum,

2297 406 2383 449 της
2433 389 2682 443 πολυθεῖα
2729 389 3034 462 ἠφάνισται,
3096 394 3332 462 μαντεία,
3401 396 3490 448 καὶ
3565 402 3883 470 φαρμακεία,

521 479 954 540 divinationem
987 477 1154 545 item,
1190 484 1245 534 et
1268 478 1558 549 magiam,
1586 481 1643 534 et
1677 475 2011 534 diabolicas
2032 491 2180 548 prae-

2297 482 2380 530 καὶ
2435 474 2793 552 δαιμονιώδης
2853 484 3146 552 μαγγανεία
3178 477 3412 535 ἐκποδὼν
3467 487 3636 556 ᾤχετο
3664 503 3676 515 ·
3719 488 3863 540 υἱοθε

523 570 731 641 stigias
758 566 969 641 procul
991 566 1333 623 submotos.
1362 569 1704 641 Baptismus
1723 582 1866 623 vero
1891 581 2013 638 quo
2043 562 2184 620 ado-

2297 570 2408 626 σίας
2453 564 2511 620 δὲ
2561 566 2866 641 βάπτισμα,
2912 574 3001 621 καὶ
3057 567 3436 645 ἀπολύτρωσις,
3494 579 3583 626 καί
3636 571 3894 647 διανομαί

524 660 796 736 ptionem
823 657 1278 729 consequimur,
1330 661 1386 712 et
1441 657 1796 728 redemptio,
1840 659 2018 727 atque
2050 653 2186 709 cha-

2297 659 2643 729 χαρισμάτων
2704 663 2838 710 πᾶσι
2893 665 3002 719 τοῖς
3065 662 3415 713 πιστεύσασιν
3477 659 3888 724 ἐξηπλὼθησαν*

527 751 844 808 rismatum
870 745 1131 805 diribitio
1162 747 1391 802 cunctis
1418 746 1797 803 credentibus
1828 746 2181 817 patuerunt;

2297 742 2395 797 ἀπὸ
2449 744 2701 798 ἀνατολῶν
2762 746 2910 805 ἡλίου
2940 751 3104 821 μέχρι
3144 744 3362 822 δυσμῶν
3390 746 3607 809 διεδόθη
3640 756 3698 805 τὸ
3724 754 3896 828 Εὐαγ-

532 857 569 895 a
591 837 732 894 solis
757 841 891 893 ortu
912 851 1105 907 usque
1153 834 1234 890 ad
1270 851 1559 892 occasum
1590 834 1985 904 Evangelium
2007 831 2185 888 diffu-

2297 834 2487 906 γε’λιονο
2538 838 2596 888 τὸ
2645 843 2737 889 τοῦ
2796 844 3037 911 φραγμοῦ
3094 846 3189 900 τῆς
3240 838 3465 902 παλαιᾶς
3503 842 3699 915 ἔχθρας
3755 851 3895 897 Θεοῦ

531 943 702 994 sum;
761 924 997 981 medius
1037 925 1313 981 maceriae
1354 925 1553 997 paries
1603 925 1864 997 antiquae
1896 939 2037 978 cum
2068 924 2187 978 Deo

2297 930 2385 977 καί
2424 922 2704 999 ἀνθρώπων
2761 930 3077 998 μεσότοιχον
3145 923 3461 995 διαλελυται,
3538 930 3896 1004 καταλλαγέν-

532 1015 855 1073 inimicitiae
893 1015 1255 1083 destructus,
1302 1013 1683 1070 reconciliato
1721 1012 1897 1068 nobis
1932 1012 2053 1067 Deo
2081 1025 2188 1083 per

2297 1032 2382 1076 τος
2412 1016 2536 1086 ἡμῖν
2563 1022 2656 1068 τοῦ
2687 1022 2820 1068 Θεοῦ
2848 1023 2911 1088 τῇ
2953 1012 3095 1068 ἰδίου
3136 1018 3258 1069 Υἱοῦ
3290 1022 3554 1090 μεσιτείᾳ·
3589 1025 3680 1073 καί
3717 1023 3746 1079 ἡ
3789 1029 3895 1074 τῶν

534 1107 664 1179 ejus
689 1105 816 1161 Filii
846 1104 1336 1160 intercessionem
1362 1122 1375 1171 ;
1420 1119 1677 1174 regnum
1707 1101 1998 1158 caelorum
2026 1104 2188 1174 pate-

2297 1101 2524 1177 ούραδῶν
2573 1101 2819 1175 βασιλεία
2880 1102 3152 1175 ἀνέῳκται,
3227 1109 3317 1157 καί
3392 1105 3521 1159 ἄλλα
3570 1107 3747 1181 ἀγαθά
3788 1118 3898 1172 τοῖς

531 1194 1038 1266 ἰᾶοἱιιω,δῖ.ίειι]ιιο
1071 1192 1259 1250 multa
1288 1193 1430 1249 data
1455 1192 1805 1249 hominibus
1835 1191 1998 1248 dona
2027 1193 2185 1260 sunt,

2298 1189 2587 1265 ἀνθρώποις
2639 1195 2980 1266 κεχάρισται,
3030 1194 3096 1244 ὧν
3153 1196 3287 1246 κατά
3349 1200 3502 1267 μέρος
3560 1201 3898 1270 μνημονεύειν

533 1301 671 1357 quae
701 1283 1006 1353 sigillatim
1037 1297 1517 1339 commemorare
1548 1282 1901 1339 omittimus.

2297 1286 2624 1356 παρήκαμεν.

609 1379 694 1431 15.
738 1374 883 1429 Item
914 1371 1126 1428 aiunt:
1160 1370 1261 1427 Vel
1312 1371 1521 1427 volens
1570 1371 1835 1427 Christus
1871 1368 2188 1426 cruciﬁxus

2372 1369 2445 1425 ιε’.
2477 1369 2595 1423 Ἐτι
2638 1375 2794 1444 φασίν
2852 1374 2916 1434 ὡς
2971 1371 3122 1425 θέλων
3161 1373 3187 1426 ὁ
3224 1377 3459 1447 Χριστός
3488 1373 3818 1453 ἐσταυρώθη,
3860 1380 3895 1439 ἢ

534 1464 666 1532 fuit,
716 1462 813 1519 vel
860 1461 1110 1518 nolens:
1147 1461 1200 1517 si
1245 1461 1475 1529 volens,
1527 1461 1794 1517 insontes
1832 1462 1971 1516 sunt
2007 1458 2188 1515 cruci-

2297 1463 2369 1533 μὴ
2413 1459 2596 1513 θελων’
2645 1465 2737 1514 καί
2795 1461 2838 1515 εἰ
2883 1464 2974 1534 μὲν
3011 1460 3186 1529 θέλων,
3224 1460 3491 1517 ἁνεύθυνοι
3542 1467 3592 1517 οἱ
3651 1472 3902 1541 σταυρώ-

535 1552 801 1610 ﬁxores:
840 1550 889 1606 si
916 1565 1058 1606 vero
1090 1550 1324 1620 nolens,
1373 1550 1432 1606 id
1479 1550 1532 1606 ei
1581 1549 1990 1606 inﬁrmitatem
2010 1552 2188 1622 atque

2302 1550 2509 1610 σαντες
2572 1548 2616 1602 εἰ
2670 1545 2730 1602 δὲ
2780 1552 2852 1622 μὴ
2906 1547 3078 1619 θέλων,
3131 1548 3395 1603 ἀσθένειαν
3444 1551 3581 1623 αύτῷ
3621 1560 3777 1608 τοῦτο
3806 1560 3903 1609 καί

534 1641 957 1715 impotentiam
985 1639 1264 1713 imputat.
1287 1643 1467 1697 Porro
1493 1656 1606 1695 nos
1646 1639 2114 1713 respondemus,
2137 1641 2188 1694 et

2302 1634 2596 1710 ἀδυναμίαν
2667 1640 2959 1711 περιάπτει.
3043 1638 3455 1714 Ἀποκρινόμεθα
3511 1637 3598 1694 οὖν
3667 1643 3747 1696 ὅτι
3807 1649 3906 1697 καί

536 1731 838 1788 volentem
887 1728 1187 1785 Christum
1236 1729 1591 1785 cruciﬁxum
1637 1727 1841 1797 fuisse,
1896 1732 1954 1785 et
1989 1732 2188 1785 tamen

2304 1726 2457 1780 θέλων
2512 1726 2837 1801 ἐσταύρωται
2876 1728 2901 1780 ὁ
2936 1730 3189 1803 Χριστὸς,
3221 1733 3311 1782 καί
3331 1738 3424 1792 τῆς
3473 1729 3715 1803 ἐσχάτης
3737 1751 3908 1787 κατα-

537 1826 801 1880 extrema
811 1819 1201 1876 damnatione
1214 1819 1428 1891 dignos
1451 1834 1585 1875 esse
1603 1818 2003 1876 cruciﬁxores.
2020 1817 2188 1884 Quod

2301 1820 2524 1892 κρίσεως
2562 1818 2611 1869 οἱ
2651 1819 2947 1892 σταυρωταὶ
2993 1816 3151 1880 ἄξιοι.
3220 1817 3343 1870 ’Ὁτι
3391 1815 3451 1872 δὲ
3498 1818 3748 1884 ἑκουσίως
3779 1824 3910 1875 ἔπα-

540 1916 758 1985 sponte
785 1910 857 1966 sit
885 1925 1129 1983 passus,
1159 1908 1421 1966 ostendit
1458 1909 1586 1981 ipse
1624 1908 1773 1965 dum
1797 1912 1933 1964 ante
1962 1907 2188 1979 passio-

2304 1907 2405 1975 θεν,
2458 1905 2614 1967 αὐτὸς
2663 1902 2826 1968 ἔδειξε
2878 1907 2976 1980 πρὸ
3028 1912 3120 1959 τοῦ
3188 1908 3369 1959 παθεῖν
3427 1906 3671 1983 εἰρηκώς·
3723 1909 3913 1971 Ἐζου-

536 2017 677 2059 nem
733 2001 1247 2059 ait:Po.-’ese'atem
1304 2000 1489 2056 habeo
1546 2000 1883 2069 deponendi
1927 1999 2188 2055 animam

2305 1999 2421 2047 σίαν
2477 1996 2585 2065 ἔχω
2657 1995 2818 2046 θεῖναι
2881 1997 2976 2052 τὴν
3041 1993 3227 2066 ψυχήν
3301 2015 3423 2068 μου,
3508 2002 3598 2049 καὶ
3658 1996 3908 2060 ἐξουσίαν

535 2108 746 2155 meam,
789 2098 843 2148 et
868 2096 1217 2161 potestatem
1258 2090 1443 2146 habeo
1473 2092 1690 2146 iterum
1720 2090 1996 2146 sumendi
2021 2101 2188 2159 eam;

2302 2085 2409 2155 ἔχω
2475 2082 2627 2135 πάλιν
2669 2081 2840 2135 λαϐεῖν
2896 2083 3087 2141 αὐτήν*
3156 2087 3245 2136 καί
3313 2080 3488 2147 ούδείς
3539 2088 3673 2161 αἴρει
3738 2087 3911 2147 αὐτὴν

533 2187 589 2238 et
618 2197 788 2239 nemo
819 2197 946 2237 eam
975 2195 1011 2237 α
1040 2196 1132 2235 me
1163 2181 1347 2249 tollit,
1372 2181 1475 2236 sed
1495 2194 1599 2249 ego
1625 2179 1855 2248 depono
1881 2194 2008 2235 eam
2031 2194 2069 2234 (ι
2100 2192 2193 2234 me

532 2272 719 2340 ipso'.
764 2270 879 2327 Sed
921 2273 979 2326 et
1034 2284 1450 2340 saepenumero
1498 2284 1636 2323 cum
1679 2268 1739 2322 in
1787 2283 1927 2323 eum
1971 2283 2190 2323 manus

531 2360 775 2430 injicere
800 2359 990 2414 Judzei
1018 2358 1256 2423 vellent,
1288 2373 1413 2413 non
1445 2362 1643 2415 tamen
1677 2357 2026 2427 injecerunt,
2042 2357 2188 2429 quia

529 2448 897 2520 praeﬁnitum
927 2447 1230 2520 passionis
1260 2451 1501 2518 tempus
1523 2445 1797 2502 nondum
1819 2446 2043 2501 aderat.
2060 2445 2187 2503 Pati

531 2540 732 2593 autem
780 2536 969 2591 voluit
997 2538 1062 2591 ut
1098 2538 1353 2590 mortem
1383 2535 1734 2604 destrueret,
1782 2535 2067 2607 viamque
2107 2534 2187 2590 ad

527 2625 1031 2681 resurrectionem
1076 2639 1149 2679 ex
1201 2623 1454 2679 mortuis
1492 2623 1771 2680 muniret.
1816 2624 1928 2679 Cur
1982 2629 2184 2680 autem

526 2715 613 2770 rei
641 2720 781 2770 sunt
826 2714 1259 2769 crucitixores?
1309 2713 1461 2778 Quia
1498 2729 1633 2768 cum
1688 2712 1885 2783 legem
1932 2729 2001 2769 ac
2050 2729 2184 2786 pro-

525 2803 740 2875 phetas
788 2802 1072 2871 legerent,
1111 2801 1213 2874 qui
1264 2806 1502 2874 tempus
1556 2801 1850 2857 adventus
1875 2801 2003 2873 ejus
2032 2817 2183 2858 nuu-

527 2892 780 2959 tiabant,
820 2908 944 2948 non
993 2890 1189 2948 solum
1246 2906 1372 2947 non
1422 2895 1797 2961 agnoverunt
1823 2891 2024 2962 ipsum
2053 2908 2182 2947 esse

525 2980 631 3053 qui
657 2980 735 3036 ob
776 2995 1164 3036 communem
1195 2979 1450 3036 salutem
1487 2984 1750 3044 venerat,
1782 2979 1888 3035 sed
1930 2984 1987 3036 ct
2026 2979 2181 3036 mul-

2297 2980 2468 3034 κοινὴν
2522 2980 2784 3050 σωτηρίαν
2841 2974 3140 3050 ἐρχόμενον,
3197 2973 3326 3028 ἀλλὰ
3379 2981 3469 3029 καί
3523 2976 3712 3040 πολλὰς
3755 2977 3901 3056 εὐερ-

524 3075 725 3126 torum
742 3070 1175 3126 beneﬁciorum
1199 3071 1505 3125 auctbrem
1525 3067 1585 3124 in
1608 3084 1849 3125 crucem
1871 3068 2180 3126 sublatum

2297 3068 2473 3137 γεσίας
2494 3060 2878 3135 ἐπιδειξάμενον
2902 3060 3091 3115 ἀνεῖλον
3120 3069 3532 3137 σταυρώσαντες.

526 3159 956 3215 exstinxerunt.

603 3274 687 3323 16.
732 3272 875 3324 Item
906 3268 1073 3323 aiunt
1101 3286 1112 3322 :
1142 3268 1212 3326 Si
1232 3268 1583 3324 maledictus
1605 3272 1691 3324 est
1711 3268 1899 3323 omnis
1921 3269 2026 3339 qui
2038 3283 2180 3338 pen-
2231 3258 2237 3264 ’

529 3358 624 3412 del
660 3358 719 3411 in
751 3358 915 3425 ligno
942 3360 986 3424 ³,
1041 3356 1313 3411 sublatus
1336 3362 1539 3411 autem
1559 3356 1631 3412 in
1657 3372 1895 3412 crucem
1922 3357 2183 3412 Christus

532 3460 778 3518 quoque
808 3444 937 3511 fuit,
961 3444 1059 3498 hic
1089 3445 1310 3516 pariter
1339 3444 1694 3500 maledictus
1724 3449 1834 3501 est.
1870 3445 2183 3511 Quomodo

532 3541 733 3591 autem
785 3549 820 3588 a
859 3532 1179 3588 maledicto
1231 3532 1569 3589 benedictio
1615 3532 1904 3590 dabitur?
1943 3535 2056 3591 Sed
2083 3551 2186 3591 au-

530 3622 705 3677 diunt
731 3638 767 3675 a
796 3620 971 3676 nobis
1005 3638 1017 3675 :
1053 3620 1218 3692 quod
1252 3622 1405 3676 Deus
1434 3638 1624 3693 quum
1648 3627 1824 3689 esset,
1875 3622 2065 3679 factus
2096 3628 2188 3679 est

530 3714 777 3782 propter
796 3725 909 3763 nos
936 3710 1140 3777 homo,
1164 3712 1219 3763 et
1242 3708 1621 3764 infirmitates
1649 3714 1884 3765 nostras
1907 3711 2185 3783 portavit,

533 3801 590 3853 ct
617 3797 940 3868 languores
968 3794 1226 3867 pertulit,
1281 3801 1338 3851 et
1393 3800 1646 3851 mortem
1688 3798 1961 3867 gustavit,
1993 3803 2057 3855 ut
2077 3815 2187 3855 nos

533 3888 713 3943 morti
769 3903 839 3943 ac
898 3884 1219 3940 maledicto
1246 3884 1640 3941 subtraheret.
1674 3889 1820 3942 Nam
1874 3889 2185 3957 sententia,

2302 2171 2389 2224 ἀπ’
2449 2171 2594 2244 ἐμοῦ,
2663 2170 2771 2223 ἀλλ’
2848 2170 2946 2243 ἐγὼ
3022 2174 3209 2244 τίθημι
3275 2173 3435 2231 αὐτὴν
3502 2172 3591 2226 ἀπ’
3648 2174 3907 2247 ἐμαυτοῦ.

2303 2260 2457 2314 Ἀλλά
2498 2266 2589 2313 καί
2643 2260 2891 2321 πολλάκις
2944 2258 3279 2334 βουληθέντες
3333 2261 3473 2332 αὐτῷ
3501 2271 3688 2338 χεῖρας
3719 2262 3909 2318 ἐπιϐα-

2296 2348 2399 2403 λεῖν
2462 2346 2734 2419 Ἰουδαῖοι,
2789 2349 2883 2401 οὐκ
2939 2348 3199 2421 ἐπέϐαλον,
3237 2346 3330 2403 διά
3371 2354 3429 2403 τὸ
3476 2356 3634 2423 μήπω
3662 2356 3747 2405 τὸν
3773 2373 3912 2429 προς

2296 2445 2578 2512 ωρισμένον
2630 2446 2721 2492 τοῦ
2781 2441 2977 2500 πάθους
3028 2438 3323 2498 ἐληλυθέναι
3397 2445 3594 2516 καιρόν.
3647 2442 3908 2502 Ἠθελησε

2297 2526 2355 2582 δὲ
2383 2531 2564 2582 παθεῖν
2601 2530 2683 2581 ἶνα
2722 2533 3034 2602 καταργήσῃ
3069 2532 3154 2581 τὸν
3196 2530 3431 2598 θάνατον,
3462 2535 3553 2582 καί
3589 2528 3893 2607 όδοποιὴση

2291 2623 2386 2678 τὴν
2426 2618 2480 2671 ἐκ
2530 2627 2720 2694 νεκρῶν
2773 2617 3082 2672 ἀνάστασιν.
3111 2625 3230 2681 Πῶς
3288 2616 3346 2671 δὲ
3392 2628 3809 2695 κατηγοροῦνται
3842 2624 3931 2679 οἱ,

2295 2712 2622 2783 σταυρωταί;
2682 2706 2824 2777 Ὀτι,
2857 2712 3009 2780 νόμον
3062 2711 3152 2759 καί
3194 2713 3457 2780 προφήτας
3512 2707 3901 2781 ἀναγινώσκον-

2291 2817 2394 2863 τες,
2449 2801 2535 2849 τόν
2578 2800 2758 2869 καιρὸν
2805 2804 2898 2859 τῆς
2951 2796 3110 2848 αὐτοῦ
3156 2802 3453 2871 παρουσίας
3502 2799 3899 2873 προκαταγγέλυ

2291 2885 2487 2954 λοντας,
2543 2886 2601 2939 ού
2660 2889 2812 2958 μόνον
2851 2886 2945 2937 οὐκ
2998 2887 3227 2957 ἔγνωσαν
3285 2885 3439 2939 αὑτὸν
3488 2886 3613 2940 εἶναι
3666 2891 3753 2940 τὸν
3822 2888 3904 2954 εἰς

2367 3257 2454 3323 ις’.
2511 3258 2671 3311 Πάλιν
2723 3257 2991 3329 λέγουσιν·
3055 3258 3115 3312 Εἰ
3166 3258 3548 3336 ἐπικατάρατος
3583 3265 3682 3322 πᾶς
3719 3261 3745 3312 ό
3774 3280 3897 3336 κρε-

2293 3351 2518 3423 μάμενος
2559 3346 2646 3400 ἐπί
2705 3346 2884 3417 ξύλου,
2944 3346 3210 3420 ἀνηρτὴθη
3261 3346 3320 3401 δὲ
3344 3350 3746 3422 καίόΧριστὸς
3804 3352 3899 3403 ἐπί

2296 3437 2466 3508 ξύλον,
2529 3438 2902 3511 ἐπικατάρατος
2957 3438 3061 3512 ἄρα
3115 3443 3205 3490 καί
3256 3438 3399 3499 οὗτός
3454 3437 3584 3494 ἐστι.
3629 3442 3729 3492 Καί
3780 3446 3898 3501 πῶς

2296 3528 2396 3580 ἀπὸ
2449 3534 2540 3579 τοῦ
2597 3526 2977 3599 ἐπικαταράτου
3024 3527 3233 3599 εὐλογία
3262 3524 3296 3580 δ
3300 3530 3580 3593 οθησεται;
3607 3528 3899 3583 Ἀκούουσι

2297 3614 2355 3670 δὲ
2413 3615 2464 3679 ἐξ
2506 3619 2671 3688 ἡμῶν,
2705 3619 2784 3669 ὅτι
2829 3616 3027 3686 Ὠσπερ
3082 3619 3107 3669 ὁ
3166 3620 3294 3680 Θεὸς
3324 3618 3391 3668 ὢν
3440 3622 3615 3690 γέγονε
3645 3614 3717 3669 δι’
3747 3619 3900 3690 ἡμᾶς

2295 3708 2587 3779 ἄνθρωπος,
2659 3711 2749 3757 καί
2808 3708 2901 3768 τὰς
2961 3704 3224 3767 ἀσθενείας
3282 3709 3427 3779 ἡμῶν
3482 3704 3593 3782 ἦρε,
3645 3711 3735 3759 καί
3796 3711 3900 3771 τὰς

2295 3801 2476 3856 νόσους
2530 3795 2808 3865 ἐϐάστασε,
2867 3801 2957 3848 καί
3017 3797 3236 3849 θανάτου
3286 3795 3555 3868 ἐγεύσατο,
3628 3795 3689 3848 ἶν’
3755 3798 3900 3870 ἡμᾶς

2296 3891 2385 3939 καί
2433 3893 2524 3938 τοῦ
2576 3887 2798 3938 θανάτου
2851 3889 2941 3936 καί
2992 3892 3085 3947 τῆς
3143 3887 3375 3959 κατάρας
3428 3883 3778 3958 ἐλευθερώση-
3833 3890 3900 3939 τὸ

537 3976 661 4043 Quo
693 3977 787 4032 die
819 3991 869 4030 σι
890 3974 1213 4040 mule-litis,
1246 3981 1433 4031 morte
1453 3976 1789 4031 moriemini
1809 3977 1869 4047 3;
1898 3980 1972 4045 et,
1999 3978 2188 4033 Malc-

536 4066 700 4121 dicla
722 4070 886 4119 terra
922 4078 983 4117 ιη
1010 4061 1285 4132 operibus
1309 4065 1425 4119 tuis
1455 4065 1496 4130 τι,
1529 4063 1657 4119 haec
1710 4064 1963 4120 humani
2002 4066 2189 4122 nostri

538 4153 774 4223 generis
795 4150 1028 4223 punitio
1059 4156 1164 4207 est.
1201 4152 1293 4209 Sic
1334 4153 1514 4208 etiam
1558 4152 1897 4210 maledictio
1929 4154 2189 4211 Christus

537 4242 730 4298 dictus
760 4240 785 4296 Γ
789 4241 888 4305 uit,
917 4245 973 4295 et
1000 4247 1200 4297 tamen
1239 4257 1276 4296 a
1322 4240 1473 4313 legis
1516 4241 1931 4299 maledictione
1958 4259 2068 4299 nos
2096 4260 2186 4300 re-

538 4329 744 4386 demit.
778 4331 843 4384 Et
874 4328 1026 4384 sicut
1076 4329 1138 4384 in
1190 4329 1425 4386 Adamo
1464 4346 1676 4386 omnes
1706 4332 1925 4387 mortui
1955 4349 2185 4400 sumus,

2296 3978 2419 4050 γάρ,
2479 3980 2547 4027 Ἦ
2606 3971 2655 4027 δ’
2736 3972 2796 4026 ἂν
2859 3976 3030 4047 ἡμέρα
3079 3976 3293 4046 φάγητε,
3358 3974 3559 4046 θανάτῳ
3626 3972 3904 4027 ἀποθανεῖ-

2300 4066 2409 4132 σθε,
2461 4068 2550 4116 καί
2605 4065 2685 4135 τὸ,
2763 4063 3169 4133 Ἐπικατάρατος
3233 4064 3261 4121 ἡ
3323 4069 3391 4133 γῆ
3453 4061 3501 4115 ἐν
3556 4069 3664 4125 τοῖς
3726 4064 3903 4135 ἔργοις

2301 4172 2416 4221 σου,
2469 4161 2568 4206 τῶν
2623 4151 2902 4229 ἀνθρώπων
2966 4154 3108 4224 ἡμῶν
3162 4150 3456 4225 ἐπιτίμιον
3508 4152 3640 4206 οὕτω
3673 4157 3763 4204 καί
3803 4172 3903 4206 κα-

2296 4246 2433 4318 τάρα
2486 4246 2701 4310 ἤκουσε,
2741 4246 2831 4294 καί
2872 4250 2964 4304 τῆς
3018 4240 3072 4294 ἐκ
3122 4249 3211 4294 τοῦ
3257 4247 3415 4314 νόμου
3469 4244 3697 4317 κατάρας
3758 4244 3907 4315 ἡμᾶς

2298 4331 2615 4406 ἐξηγόρασε·
2663 4336 2753 4384 καί
2805 4333 2977 4406 ὥσπερ
3028 4328 3075 4382 ἐν
3119 4339 3190 4402 τῷ
3245 4327 3421 4404 Ἀδὰμ
3465 4333 3647 4392 πάντες
3703 4329 3904 4385 ἀπεθά-

539 4419 623 4475 sic
655 4419 716 4473 in
748 4418 977 4475 Christo
1008 4433 1221 4474 omnes
1243 4419 1539 4474 vivemus.
1588 4420 1742 4475 Licet
1781 4421 1961 4476 etiam
1993 4437 2188 4477 exem-

2297 4441 2463 4494 νομεν,
2511 4421 2672 4483 οὕτως
2722 4419 2769 4471 ἐν
2834 4428 2906 4491 τῷ
2934 4427 3151 4491 Χριστῷ
3176 4420 3357 4479 πάντες
3388 4420 3637 4492 ζήσομεν.
3682 4417 3904 4482 Ἔξεστι

538 4507 640 4580 plo
668 4508 784 4562 hoc
813 4507 1248 4563 demonstrare.
1280 4511 1346 4563 In
1375 4508 1611 4563 deserto
1633 4515 1934 4581 serpentes
1955 4512 2187 4566 morde-

539 4598 688 4652 bant
718 4596 995 4652 Hebraeos
1029 4615 1042 4652 :
1077 4599 1371 4670 serpentis
1412 4603 1633 4669 autem,
1683 4598 1786 4671 qui
1835 4598 1977 4655 olim
2010 4600 2189 4656 male-

540 4686 735 4742 dictus
765 4686 976 4753 fuerat,
1022 4686 1183 4742 facta
1231 4702 1400 4742 aenea
1451 4687 1714 4756 imagine
1744 4690 1994 4759 Moyses,
2024 4689 2187 4759 ligno

539 4791 675 4830 eam
708 4775 1037 4846 suspendit,
1069 4775 1335 4848 dixitque
1367 4793 1378 4830 :
1416 4775 1530 4842 Qui
1576 4791 1612 4831 a
1654 4784 1925 4846 serpente
1959 4794 2189 4835 morsus

537 4866 745 4935 fuerit,
815 4866 895 4919 ad
954 4865 1114 4919 lunae
1152 4871 1479 4934 serpentem
1537 4868 1838 4935 respiciat,
1892 4874 1946 4922 et
1990 4869 2188 4924 salvus

536 4956 636 5023 ﬁet
661 4955 702 5007 ⁵.
737 4954 870 5009 Erat
899 4959 1099 5009 autem
1131 4954 1179 5008 is
1208 4970 1454 5026 serpens
1482 4955 1696 5011 Christi
1724 4954 1938 5025 ﬁgura.

616 5137 701 5187 17.
743 5135 992 5204 Insuper
1028 5132 1108 5187 illi
1142 5133 1307 5188 aiunt
1343 5150 1355 5187 :
1390 5134 1527 5202 Vos,
1553 5132 1887 5201 Christiani,
1938 5134 2019 5190 ita
2063 5150 2192 5191 cru-

540 5238 669 5279 cem
697 5222 1023 5283 honoratis,
1059 5223 1582 5294 quemadmodum
1603 5224 1831 5279 Christo
1861 5223 1970 5295 ipsi
2002 5224 2191 5281 hono-

538 5326 667 5366 rem
699 5311 960 5366 dcfeitis.
992 5312 1189 5383 Atqui,
1222 5327 1334 5367 nos
1376 5311 1706 5382 inquimus,
1735 5311 2033 5368 calumnia
2062 5313 2191 5370 haec

541 5400 857 5457 manifesta
889 5405 993 5456 est.
1031 5403 1177 5459 Nam
1212 5401 1474 5457 Christus
1506 5416 1542 5456 a
1567 5400 1741 5456 nobis
1770 5400 2099 5459 honoratur
2129 5409 2193 5461 ut

2299 4508 2359 4563 δὲ
2409 4515 2499 4563 καί
2559 4510 2660 4562 ἀπὸ
2716 4505 3145 4583 παραδείγματος
3194 4516 3540 4583 παραστῆσαι
3587 4515 3739 4561 τοῦτο
3772 4526 3786 4539 °
3846 4512 3903 4562 ἓν

2297 4607 2358 4672 τῇ
2430 4597 2603 4672 ἐρήμῳ
2656 4600 2705 4653 οί
2750 4602 2883 4669 ὄφεις
2956 4600 3073 4658 τοὺς
3130 4594 3402 4671 Ἐϐραίους
3447 4593 3688 4649 ἔδακνόν·
3722 4596 3906 4651 εἰκόνα

2299 4685 2359 4741 δε
2412 4688 2619 4761 χαλκῆν
2665 4691 2842 4759 ὄφεως,
2893 4685 2944 4746 ὃς
2994 4684 3370 4757 ἐπικατιίρατος
3423 4689 3638 4753 ἤκουσε,
3670 4691 3906 4751 ποιήσας

2297 4785 2523 4844 Μωϋσῆ,
2592 4776 2955 4851 ἀνεσταύρωσέ
2978 4793 3032 4827 τε
3065 4779 3289 4842 τουτονί,
3326 4779 3416 4827 καί
3472 4774 3606 4828 εἶπεν
3636 4791 3649 4805 ·
3700 4775 3759 4827 Ὀ
3797 4772 3905 4829 δα-

2299 4872 2538 4942 κνόμενος
2576 4868 2675 4917 ὑπὸ
2743 4869 2901 4937 ὄφεως
2942 4868 3249 4938 προσεχέτω
3292 4868 3460 4936 τούτῳ
3497 4872 3569 4935 τῷ
3637 4868 3769 4936 ὄφει,
3807 4871 3906 4919 καί

2304 4961 2620 5015 σωθήσεται,
2656 4956 2750 5008 Ἢν
2783 4952 2841 5008 δὲ
2870 4957 2895 5007 ό
2915 4958 3027 5026 ὄφις
3057 4955 3206 5015 οὗτος
3234 4953 3507 5016 ἀντίτυπος
3527 4961 3618 5008 τοῦ
3641 4961 3901 5030 Κριστοῦ.

2375 5136 2458 5198 ιζ’
2508 5138 2642 5210 Πρός
2681 5132 3149 5205 τούτοιςλέγουσιν
3198 5135 3263 5194 ὡς
3307 5133 3478 5206 Ὑμεῖς
3506 5135 3552 5185 οἱ
3590 5141 3911 5208 Χριστιανοί

2300 5226 2435 5279 οὕτω
2491 5230 2676 5298 τιμᾶτε
2722 5227 2809 5277 τόν
2860 5226 3108 5299 σταυρόν,
3152 5224 3321 5283 καθὼς
3376 5223 3480 5295 ἄρα
3534 5227 3623 5275 καί
3664 5227 3751 5275 τὸν
3777 5232 3910 5298 Χρι-

2302 5318 2421 5369 στόν
2466 5321 2668 5387 τιμᾶτε.
2732 5320 2893 5366 Τοῦτο
2948 5310 3007 5365 δέ
3054 5311 3166 5365 ἐστι
3222 5316 3542 5385 συκοφαντία
3588 5309 3851 5386 πρόδηλος
3890 5332 3905 5346 ο

2301 5406 2326 5457 ό
2366 5407 2455 5476 μὲν
2484 5406 2585 5477 γὰρ
2612 5406 2844 5479 Χριστός
2873 5408 3091 5474 τιμᾶται
3135 5401 3257 5476 παρ’
3296 5403 3442 5474 ἡμῶν
3480 5404 3548 5464 ὡς
3588 5405 3739 5483 Θεὸς,
3782 5404 3809 5477 ό
3842 5400 3908 5481 δξ

619 5580 636 5616 ¹
675 5581 842 5639 Joan.
877 5596 934 5650 ιι,
966 5581 1174 5652 18,19.
1213 5581 1236 5617 ³
1276 5580 1444 5637 Deut.
1472 5593 1594 5649 XXI,
1617 5581 1714 5650 23;
1745 5577 1930 5640 Galat.
1954 5596 2037 5652 ιιι,
2071 5583 2158 5642 13.

2297 5584 2403 5645 ten.
2430 5597 2496 5653 ιι,
2528 5582 2616 5641 17.
2658 5582 2681 5620 ⁴
2720 5582 2867 5642 Gen.
2894 5595 2978 5654 ιιι,
3011 5584 3094 5640 t7.
3138 5579 3160 5618 ⁸
3199 5581 3376 5669 Num,
3406 5593 3523 5654 ni,
3557 5581 3611 5667 8,
