4106 6296
202 304 282 365 ut
1581 304 1931 366 THESAURI
1970 304 2097 365 LIB.
2139 308 2243 366 XX.

3492 315 3594 371 122

234 428 424 510 σταυρὸς
453 438 527 499 ὡς
558 437 711 500 θείας
767 440 1010 512 χάριτος
1062 442 1343 513 μετασχὼν
1375 435 1468 493 διὰ
1497 439 1584 491 τὸν
1620 434 1667 489 ἐν
1693 433 1833 507 αὐτῷ

1949 434 2120 501 Deus,
2155 449 2300 491 crux
2327 438 2529 492 autem
2550 448 2661 491 ceu
2680 433 2899 492 divinas
2931 436 3135 507 gratiae
3164 436 3463 512 particeps
3483 442 3592 508 est,

234 526 578 602 σταυρωθῆναι
638 523 1100 602 καταδεξάμενον,
1133 526 1219 601 ἀφ’
1283 528 1343 581 οὗ
1402 523 1470 587 δὴ
1539 530 1625 579 καὶ
1689 522 1831 597 ἐνήρ-

229 631 358 686 γεκε,
401 620 498 668 καὶ
552 617 907 675 καθεκάστην
958 615 1148 690 ἆνεργεί
1192 616 1356 670 πολλὰ
1408 617 1648 688 Θαύματα
1671 635 1682 647 ·
1742 609 1834 665 διὰ

229 712 366 756 τοῦτο
400 710 496 757 καὶ
556 710 812 778 τιμητέος
869 707 997 778 ἡμῖν
1053 708 1079 759 6
1138 709 1377 781 σταυρὸς,
1410 704 1516 777 οὐχ
1560 707 1623 764 ὡς
1662 701 1830 769 ξύλον,

227 791 326 845 m'
363 795 445 847 ὅτι
505 802 584 865 τῷ
639 795 804 848 πάθει
850 802 950 848 τοῦ
1005 801 1239 871 Χριστοῦ
1293 800 1671 867 κεχαρίτωται.
1696 791 1835 844 Ἐπεὶ

224 887 307 935 καὶ
351 886 420 935 σὺ
463 881 515 935 ἐν
579 892 659 955 τῷ
709 888 889 938 Μέκκε
953 888 1375 960 παραγινόμενος,
1414 883 1625 937 κάκεῖσε
1679 881 1833 935 τελῶν

220 974 283 1024 τὰ
312 968 576 1025 δοκοῦντά
604 991 693 1026 σοι
747 974 923 1048 ὅρκια,
954 973 1079 1047 οὐχὶ
1106 980 1216 1037 τοῖς
1242 973 1405 1037 λίθοις
1436 977 1525 1029 καὶ
1568 977 1678 1033 τοῖς
1725 974 1833 1023 τοί-

224 1070 351 1131 χοις
406 1059 677 1135 ἀπονέμεις
744 1065 805 1115 τὸ
861 1061 1037 1127 σέϐας,
1068 1060 1197 1115 ἀλλὰ
1245 1071 1317 1134 τῷ
1362 1065 1635 1136 τιμωμένῳ
1681 1059 1731 1112 ἐν
1762 1066 1835 1129 τῷ

222 1151 397 1202 ἐκεῖσε
436 1152 583 1221 οἴκῳ.
647 1150 935 1224 Ἀκούομεν
975 1147 1034 1204 δι
1071 1156 1159 1204 καὶ
1213 1153 1281 1216 ὡς
1312 1150 1576 1223 ἁψάμενός
1610 1169 1692 1210 τις
1747 1156 1837 1209 τῆς

222 1245 444 1309 νομικῆς
498 1237 731 1292 κιϐωτοῦ
804 1244 1157 1314 τετιμώρηται
1188 1255 1202 1269 ·
1269 1237 1330 1299 ἧν
1393 1237 1453 1293 δὲ
1512 1238 1722 1297 κάκείνη
1783 1237 1837 1290 ἐκ

221 1326 392 1389 ξύλων
448 1332 915 1401 κατεσκευασμένη
952 1350 966 1364 ·
1017 1328 1150 1388 πλὴν
1196 1326 1288 1383 διὰ
1356 1333 1449 1389 τὴν
1513 1331 1674 1404 χάριν
1739 1336 1837 1381 τῶν

221 1414 584 1489 ἀποκειμένων
638 1415 688 1469 ἓν
741 1416 874 1491 αὐτῇ
927 1418 1058 1471 πολὺ
1112 1422 1171 1471 τὸ
1223 1416 1507 1491 σεϐάσμιον
1552 1419 1692 1490 εἶχεν
1737 1414 1837 1469 ἀπὸ

224 1511 390 1560 Θεοῦ.

297 1593 397 1653 ιη’.
459 1596 598 1670 Πρὸς
663 1595 742 1657 οἷς
809 1598 1037 1669 εἴπομεν,
1104 1595 1474 1670 ἕπεγκαλοῦσιν
1503 1596 1683 1669 ζήμῖν
1741 1603 1840 1648 τῶν

219 1681 446 1736 ἱντολῶν
497 1690 596 1738 τοῦ
643 1692 883 1759 Χριστοῦ
938 1684 1259 1762 παράϐασιν,
1307 1689 1466 1739 κακὸν
1512 1684 1622 1739 ἀντὶ
1677 1691 1841 1738 κακοῦ

1945 527 2189 594 propter
2219 540 2359 580 eum
2390 524 2576 596 quiin
2601 539 2673 580 ea
2699 524 2920 593 conﬁgi
2944 525 3254 593 sustinuit;
3279 541 3387 599 per
3406 543 3593 600 quam

1943 612 2125 669 etiam
2182 611 2462 685 prodigia
2516 611 2705 668 multa
2746 611 2937 668 effecit
2981 618 3038 669 et
3084 614 3350 687 quotidie
3379 614 3584 672 efﬁcit.

1943 700 2269 772 Propterea
2296 700 2473 757 nobis
2500 699 2861 757 venerabilis
2894 705 2983 757 est
3027 717 3189 771 crux,
3234 717 3358 760 non
3387 708 3593 776 quate-

1943 803 2059 845 nus
2089 788 2321 859 lignum
2349 796 2455 853 est,
2486 788 2594 846 sed
2645 788 2789 861 quia
2811 788 3024 846 Christi
3045 791 3315 863 passioni
3344 791 3594 848 inservi-

1941 878 2045 935 vit.
2076 882 2346 952 Namque
2372 883 2428 937 et
2472 884 2534 936 tu
2565 883 2822 938 Meccam
2873 879 3198 951 profectus,
3250 881 3454 954 ibique
3496 896 3590 939 sa-

1944 969 2058 1024 cris
2087 968 2300 1025 ritibus
2330 985 2440 1042 pro
2468 974 2568 1026 tuo
2611 968 2776 1026 libito
2824 968 3156 1034 celebratis,
3202 985 3593 1044 nequaquam

1945 1057 2107 1113 saxis
2164 1059 2473 1130 murisque
2516 1057 2742 1113 cultum
2783 1056 3107 1130 impendis,
3138 1056 3242 1113 sed
3293 1058 3347 1114 ei
3396 1058 3502 1130 qui
3530 1059 3593 1115 in

1943 1144 2043 1202 illo
2082 1145 2296 1202 colitur
2350 1145 2624 1202 aedificio.
2684 1145 2979 1202 Audimus
3032 1150 3235 1202 autem
3282 1146 3593 1204 hominem

1945 1249 2191 1309 quoque
2230 1234 2420 1303 illum,
2457 1234 2562 1308 qui
2608 1234 2862 1305 legalem
2906 1250 3110 1291 arcam
3155 1234 3365 1305 attigit,
3415 1237 3593 1308 puni-

1947 1328 2115 1392 tum;
2157 1339 2297 1379 cum
2344 1329 2548 1380 tamen
2579 1324 2652 1393 et}
2678 1323 2778 1380 illa
2818 1322 2998 1393 lignis
3044 1329 3202 1379 esset
3239 1328 3595 1396 compacta;

1947 1411 2055 1468 sed
2099 1417 2344 1486 propter
2384 1429 2587 1469 rerum
2627 1413 2687 1469 in
2733 1427 2806 1469 ea
2853 1415 3266 1469 contentarum
3320 1413 3593 1486 gratiam,

1948 1502 2207 1559 multum
2234 1503 2289 1559 ei
2314 1501 2617 1573 religionis
2646 1505 2803 1559 Deus
2833 1502 3182 1559 contulerat.

2024 1596 2108 1650 18.
2136 1596 2351 1650 Prester
2380 1594 2670 1650 hactenus
2700 1592 2880 1661 dicta,
2909 1593 3212 1664 imputant
3239 1590 3604 1662 nobisjman-

1951 1683 2231 1739 datorum
2257 1682 2466 1739 Christi
2490 1683 3052 1752 transgressionem,
3079 1680 3223 1753 quia
3243 1680 3468 1737 malum
3490 1696 3601 1754 pro

218 1769 585 1842 ἀποδιδοῦσι,
617 1779 710 1827 καὶ
761 1782 1052 1851 μεριμνῶσι
1105 1780 1224 1850 περὶ
1264 1783 1455 1849 τροφῆς
1496 1778 1586 1828 καὶ
1616 1771 1837 1847 ἕνδύμα-

1953 1771 2115 1828 malo
2134 1770 2469 1835 reddimus,
2503 1776 2560 1828 et
2582 1771 2658 1827 de
2687 1786 2825 1827 esca
2852 1786 2922 1828 ac
2968 1770 3320 1826 vestimento
3372 1768 3603 1826 solliciti

212 1880 303 1921 τος
334 1879 351 1892 ·
417 1864 584 1934 φαμὲν
630 1859 719 1915 οὖν
780 1866 847 1924 ὡς
900 1863 978 1916 Οῦ
1035 1863 1421 1939 παραϐαίνομεν
1458 1867 1544 1917 τὸν
1587 1870 1679 1916 τοῦ
1709 1871 1841 1937 X9:-

216 1957 357 2001 στοῦ
401 1954 583 2023 νόμον,
612 1956 737 2013 τοὺς
785 1951 1009 2025 ἐχθροὺς
1036 1954 1183 2025 ἡμῶν
1230 1958 1321 2007 καὶ
1357 1960 1526 2006 ταῦτα
1567 1955 1688 2015 τοὺς
1726 1950 1844 2004 ἀπί-

214 2056 387 2101 στους
452 2039 790 2114 ἀμυνόμενοι,
846 2039 980 2093 ἀλλὰ
1043 2041 1236 2114 μᾶλλον
1300 2042 1595 2116 πληροῦμεν
1632 2044 1692 2093 τὸ
1758 2036 1842 2094 δί-

216 2146 404 2180 καιονο
440 2136 681 2201 παραινεί
707 2132 813 2203 γὰρ
859 2130 886 2181 6
932 2134 1088 2202 νόμος
1144 2138 1248 2192 τοῖς
1295 2131 1419 2203 ἡμῖν
1471 2129 1649 2191 αὐτοῖς
1698 2148 1847 2181 πται-

214 2234 349 2268 ουσι
423 2226 741 2292 συγχωρεῖν,
784 2225 893 2280 τοῖς
987 2215 1037 2270 δ’
1094 2215 1494 2293 ἁδικουμμέιοος
1551 2217 1843 2290 ἐπαμύνειν.

214 2309 398 2358 τοῦτο
434 2302 495 2358 δὲ
545 2311 636 2359 καὶ
683 2308 710 2359 6
755 2311 889 2370 Θεὸς
934 2307 1168 2374 ἐποίησε,
1219 2311 1607 2369 καταποντίσας
1660 2310 1845 2381 Φαραώ

1200 2402 1283 2449 καὶ
1322 2399 1422 2472 γὰρ
1481 2397 1507 2449 6
1538 2391 1722 2465 Δαϐὶὸ,
1756 2398 1848 2448 Νί-

1610 2483 1843 2556 ἀλλαχοῦ

216 2396 315 2444 τὸν
368 2403 481 2455 τοῖς
529 2395 786 2469 Ἑϐραίοις
846 2397 1090 2469 πολέμιον
1124 2415 1137 2427 ο

218 2483 424 2553 fucum,
495 2490 677 2555 φησιν,
769 2486 818 2538 ἐν
909 2488 1099 2559 αἵματι
1172 2485 1479 2559 ἀμαρτωλοῦ
1522 2506 1535 2519 ·

222 2569 471 2639 ψάλλων.
540 2574 602 2625 iui
664 2572 1015 2628 ἁνταπέὃωκα
1086 2583 1191 2636 τοῖς
1267 2570 1687 2628 ἁνταποδιδοῦσι
1754 2591 1845 2645 μοι

222 2663 394 2729 κακὰ,
460 2660 782 2736 ἆποπέσοιμι
867 2663 970 2717 ἀπὸ
1053 2673 1154 2717 τῶν
1236 2663 1438 2740 ἐχθρῶν
1512 2682 1613 2735 μου
1678 2667 1841 2724 κενός.

225 2746 430 2802 Ἐκεῖνο
481 2759 573 2803 τοῦ
628 2752 789 2813 ζήλου
856 2750 1076 2816 ἔνδειξις
1149 2754 1177 2812 ἦ
1241 2753 1545 2826 ἐμπύρευμα
1594 2748 1654 2810 ἦν
1708 2753 1844 2803 κατὰ

224 2844 335 2887 τῶν
362 2843 661 2912 χαιρόντων
717 2850 835 2904 ταῖς
888 2840 1248 2896 κοινοϐλθϐέσι
1295 2841 1539 2918 πραξεσι·
1580 2848 1734 2893 τοῦτο
1784 2836 1842 2893 δὲ

221 2931 331 2976 τῶν
384 2927 560 2999 ἐκείνῳ
609 2935 1043 3003 προσγ.·ταιὸντων
1101 2935 1471 3005 πγχώρησὲς·
1527 2934 1617 2982 καὶ
1678 2927 1840 2989 ἄλλως

228 3008 290 3065 3's
357 3016 534 3069 εἰπεῖν
596 3016 655 3070 Ὀ
717 3022 807 3092 μὲν
854 3022 1138 3094 κατάρχων
1195 3018 1420 3079 πολέμου
1468 3023 1557 3071 καὶ
1621 3015 1837 3079 ἀδικίας

1950 1876 2181 1916 sumus.
2209 1864 2280 1916 At
2325 1860 2486 1916 enim
2533 1860 2993 1933 respondemus,
3040 1874 3431 1932 nequaquam
3490 1874 3603 1915 nos

1953 1948 2163 2006 Christi
2189 1948 2380 2018 legem
2427 1949 2786 2019 transgredi,
2835 1947 2982 2004 dum
3038 1948 3238 2004 hostes
3281 1951 3520 2004 nostros
3547 1951 3603 2004 et

1953 2038 2256 2111 praecipue
2287 2037 2557 2111 inﬁdeles
2594 2036 2951 2093 ulciscimur.
2981 2038 3173 2093 Monet
3200 2035 3360 2091 enim
3392 2035 3507 2101 lex,
3540 2040 3602 2091 ut

1954 2127 2025 2182 iis
2070 2126 2176 2199 qui
2219 2126 2393 2183 nobis
2424 2126 2725 2198 supplices
2780 2124 2932 2180 ﬁunt
2973 2139 3330 2196 parcamus;
3382 2124 3600 2195 injuste

1955 2221 2155 2273 autem
2203 2216 2509 2289 oppressis
2561 2230 2738 2287 opem
2773 2214 3053 2270 feramus.
3099 2215 3216 2269 Hoc
3245 2212 3423 2268 etiam
3448 2214 3602 2269 Deus

1955 2305 2095 2375 egit,
2123 2320 2260 2361 cum
2304 2303 2677 2360 Pharaonem
2732 2302 3115 2359 Hebraeorum
3165 2301 3398 2357 hostem
3451 2302 3604 2358 mari

1956 2394 2302 2452 submersit.
2352 2397 2500 2450 Tum
2548 2393 2727 2450 etiam
2788 2392 3015 2449 David:
3058 2390 3357 2456 Lavabor,
3389 2391 3601 2464 inquit,

1953 2490 2017 2542 in
2047 2486 2346 2555 sanguine
2370 2484 2702 2554 peccatoris
2733 2484 2774 2537 θ.
2798 2484 2863 2538 Et
2899 2486 3103 2537 tamen
3134 2479 3273 2537 alibi
3304 2480 3605 2552 psallens:

1951 2575 2017 2633 Si
2035 2574 2309 2640 retribui,
2342 2573 2555 2646 inquit,
2588 2571 3055 2629 retribuentibus
3074 2570 3433 2637 mihimala,
3457 2570 3612 2626 deci-

1951 2665 2089 2721 dam
2121 2665 2326 2734 utique
2357 2662 2432 2718 ab
2462 2663 2721 2718 inimicis
2745 2664 2887 2717 meis
2912 2661 3112 2716 inanis
3134 2660 3176 2713 ⁷.
3213 2657 3330 2713 lllic
3362 2656 3466 2714 zeli
3507 2657 3607 2714 de-

1950 2753 2305 2811 monstratio
2327 2758 2384 2809 et
2432 2752 2612 2808 ardor
2640 2756 2765 2808 erat
2811 2751 3102 2807 adversus
3135 2763 3238 2804 eos
3275 2748 3379 2821 qui
3410 2748 3603 2804 noxiis

1947 2842 2033 2899 rei
2063 2840 2317 2914 publicae
2372 2840 2604 2896 actibus
2654 2838 3065 2895 delectantur:
3099 2837 3196 2892 hic
3221 2840 3422 2892 autem
3455 2851 3598 2905 erga

1949 2931 2064 2987 sibi
2090 2930 2392 3003 supplices
2421 2927 2814 2997 indulgentia.
2844 2926 3022 2983 Aliter
3062 2940 3305 2996 quoque
3336 2923 3451 2979 hoc
3495 2938 3595 2978 ex-

1944 3019 2192 3093 planare
2240 3018 2398 3074 licet.
2450 3018 2739 3074 Nimirum
2797 3014 2901 3087 qui
2955 3012 3094 3069 belli
3126 3017 3179 3067 et
3236 3012 3591 3083 injuriarum

227 3105 321 3153 καὶ
385 3108 537 3176 νόμον
600 3107 930 3179 παραϐαίνει,
973 3114 1063 3161 καὶ
1130 3113 1222 3168 τὴν
1278 3110 1433 3180 φύσιν
1498 3106 1683 3160 ἀθετεῖ·
1719 3107 1744 3159 6
1776 3102 1836 3159 δὲ

1949 3109 2177 3166 initium
2209 3105 2369 3178 facit,
2401 3106 2498 3161 hic
2525 3104 2719 3174 legem
2750 3100 3206 3172 transgreditur,
3233 3103 3589 3156 etnaturaiu

228 3191 365 3241 κατὰ
389 3200 482 3243 τοῦ
530 3213 771 3248 τοιοιτου
821 3196 1159 3269 ὁπλιζόμενος
1215 3200 1307 3248 καὶ
1350 3201 1445 3255 τὴν
1495 3198 1648 3268 φύσιν
1692 3194 1832 3257 ἐλεεῖ,

230 3280 322 3330 ui
374 3285 507 3334 κατὰ
563 3287 622 3336 τὸ
690 3281 915 3338 δυνατὸν
983 3286 1310 3358 ἐξομοιοῦται
1376 3292 1512 3356 Θεῷ,
1580 3282 1838 3347 Ἐξέλεσθε

236 3372 439 3440 πτωχὸν
507 3377 599 3425 καὶ
654 3378 875 3443 πένητα,
944 3374 1165 3446 λέγοντι,
1228 3375 1283 3427 ἐκ
1347 3378 1531 3449 χειρὸς
1597 3373 1837 3448 ἁμαρτω·

238 3452 322 3506 λοῦ
370 3459 603 3531 ῥύσασθε
659 3464 840 3519 αὐτόν.
898 3468 970 3517 Τὸ
1024 3461 1104 3533 δὲ,
1158 3468 1244 3523 Μὴ
1308 3468 1665 3537 μεριμνήσητε
1723 3483 1838 3539 τρο-

246 3552 333 3612 ﬁ;
388 3553 475 3600 καί
529 3548 847 3625 ἔνικμα-ος,
913 3560 1022 3614 τοῖς
1088 3552 1398 3615 ἀποστόλοις
1469 3549 1833 3624 διατέτακται,

248 3632 303 3691 ἐς
353 3634 407 3686 ἂν
454 3644 589 3710 μήτε
646 3642 700 3694 ἐν
762 3641 975 3715 μεγάλῳ
1005 3647 1137 3715 μήτε
1194 3641 1243 3694 ἐν
1300 3649 1471 3714 μικρῷ
1544 3647 1836 3712 καταγινώ-

249 3737 478 3778 σκωνταε·
540 3729 659 3784 Ἰἶὸεν
717 3735 827 3805 γάρ
902 3735 964 3783 τὸ
1033 3731 1162 3793 ἅλας
1212 3732 1482 3804 μωρανθῇ,
1555 3736 1733 3803 φησίν,
1790 3730 1838 3783 ἐν

241 3815 321 3863 τίνι
373 3816 764 3887 ἁλισθήσεταῑς
840 3820 988 3878 Πλὴν
1064 3817 1187 3873 οὐδὲ
1237 3825 1330 3879 τὴν
1389 3823 1574 3892 χρείαν
1636 3819 1838 3891 ἀπαγο-

235 3905 362 3972 ρεύιι,
401 3906 526 3962 ἄλλα
582 3913 655 3964 τὰ
718 3911 953 3984 περιττά
984 3922 999 3939 ⁸
1054 3908 1230 3961 πολλοῖ
1261 3906 1319 3962 δε
1372 3917 1470 3960 τῶν
1526 3908 1687 3961 πάλαι
1710 3917 1840 3983 Χρι-

227 4005 436 4071 στεινῶν,
457 4006 555 4055 καί
582 4011 696 4056 τῶν
760 4007 1009 4072 σήμερον
1067 3995 1124 4052 δὲ
1177 3999 1268 4051 οῦκ
1317 3999 1502 4069 ὀλίγοι,
1555 4004 1831 4070 γεγόνασιν

219 4091 289 4141 ui
328 4091 428 4148 εὶσί
467 4102 577 4147 τῶν
639 4090 887 4164 ὑψηλῶν
941 4091 1134 4140 τούτων
1181 4093 1270 4141 καί
1334 4088 1568 4161 μεγάλων
1618 4088 1825 4142 ἐντολῶν

211 4183 404 4257 μύλαις.

244 4366 434 4428 θρόει,
467 4383 629 4432 va],
678 4365 785 4419 10.
883 4355 908 4390 ’⁷
956 4352 1109 4410 Psal.
1148 4370 1249 4422 vn,
1277 4359 1329 4411 5.

1408 4354 1430 4391 ⁸
1470 4354 1621 4411 Psa‘.
1654 4371 1839 4425 ωιτν,
1865 4355 1917 4411 4.

1946 3197 2146 3255 abolet
2177 3212 2190 3251 :
2222 3195 2326 3268 qui
2352 3198 2554 3249 autem
2611 3192 2904 3248 adversus
2954 3190 3115 3246 hunc
3167 3202 3338 3244 arma
3386 3187 3587 3253 sumit,

1945 3292 2176 3343 naturae
2209 3283 2319 3339 fert
2361 3297 2561 3354 opem,
2596 3286 2652 3337 et
2681 3297 2789 3353 pro
2828 3278 3057 3335 viribus
3096 3280 3215 3335 Deo
3245 3279 3594 3349 exaequetur

1945 3373 2164 3433 dicenti
2197 3391 2210 3428 :
2255 3372 2476 3442 Eripite
2501 3385 2825 3443 pauperem
2884 3376 2936 3427 ct
2976 3382 3260 3439 egenum;
3313 3366 3380 3423 de
3406 3380 3593 3422 manu

1944 3464 2275 3538 peccatoris
2295 3462 2486 3519 eruite
2524 3462 2699 3517 illum
2731 3461 2773 3516 ⁸.
2809 3461 2936 3516 Jam
2985 3458 3174 3513 illud:
3220 3457 3312 3513 Ne
3352 3455 3426 3511 de
3465 3469 3592 3511 esca

1946 3562 2049 3612 aut
2075 3554 2148 3609 de
2168 3553 2512 3608 vestimento
2539 3551 2787 3606 solliciti
2806 3550 2934 3604 sitis
2956 3549 2999 3613 θ,
3026 3545 3314 3620 apOslolis
3340 3542 3594 3599 manda-

1947 3646 2071 3699 tum
2107 3642 2233 3711 fuit,
2263 3645 2328 3696 ut
2374 3655 2570 3712 neque
2600 3639 2657 3695 in
2693 3637 2977 3709 gravibus
3002 3652 3198 3708 neque
3223 3634 3283 3690 in
3331 3632 3595 3691 minimis

1948 3731 2514 3788 condemnarentur.
2548 3729 2703 3784 Nam
2734 3729 2787 3783 si
2839 3727 2952 3793 sal,
2987 3725 3199 3797 inquit,
3232 3724 3592 3792 infatuetur,

1947 3823 2010 3877 in
2035 3835 2150 3892 quo
2178 3819 2431 3874 satietur
2450 3818 2535 3873 ὀί]
2565 3819 2851 3873 Caeterum
2880 3814 3045 3871 haud
3075 3827 3250 3868 usum
3276 3815 3456 3874 vetat,
3489 3810 3594 3865 sed

1949 3909 2438 3982 superﬂuitatem.
2496 3905 2653 3963 Multi
2706 3910 2906 3959 autem
2978 3900 3289 3956 Christiani
3342 3903 3593 3965 veteres,

1943 4015 2139 4072 neque
2170 3997 2346 4069 pauci
2375 3996 2552 4050 etiam
2584 3993 2785 4062 hodie,
2812 3990 3110 4046 celsorum
3141 3984 3494 4057 hujusmodi
3522 4000 3592 4040 ac

1942 4102 2302 4159 magnorum
2333 4089 2767 4157 praeceptorum
2800 4079 3189 4136 observantes
3208 4075 3466 4131 fuerunt.

1994 4356 2016 4391 ⁹
2057 4356 2196 4409 lue.
2232 4352 2444 4419 xu,22.
2523 4348 2569 4384 ¹⁰
2611 4347 2884 4413 Malth.v,
2918 4349 3000 4403 l3.
