  <div class='ocr_page' id='page_1' title='image "/cluster/home/n/w/nwhite01/storage/ocr_20150623/140/mdp.39015022213980/069.png"; bbox 0 0 4106 6296; ppageno 0'>
   <div class='ocr_carea' id='block_1_1' title="bbox 511 309 611 364">
    <p class='ocr_par' dir='ltr' id='par_1_1' title="bbox 511 309 611 364">
     <span class='ocr_line' id='line_1_1' title="bbox 511 309 611 364; baseline -0.01 -1"><span class='ocrx_word' id='word_1_1' title='bbox 511 309 611 364; x_wconf 75' lang='grc'><strong>123</strong></span> 
     </span>
    </p>
   </div>
   <div class='ocr_carea' id='block_1_2' title="bbox 1841 272 2530 357">
    <p class='ocr_par' dir='ltr' id='par_1_2' title="bbox 1841 272 2530 357">
     <span class='ocr_line' id='line_1_2' title="bbox 1841 272 2530 357; baseline -0.001 -1"><span class='ocrx_word' id='word_1_2' title='bbox 1841 272 2124 357; x_wconf 63' lang='lat' dir='ltr'><strong>Mearm</strong></span> <span class='ocrx_word' id='word_1_3' title='bbox 2163 297 2530 355; x_wconf 68' lang='lat' dir='ltr'><strong>caenum:</strong></span> 
     </span>
    </p>
   </div>
   <div class='ocr_carea' id='block_1_3' title="bbox 3763 307 3871 358">
    <p class='ocr_par' dir='ltr' id='par_1_3' title="bbox 3763 307 3871 358">
     <span class='ocr_line' id='line_1_3' title="bbox 3763 307 3871 358; baseline 0 0"><span class='ocrx_word' id='word_1_4' title='bbox 3763 307 3871 358; x_wconf 73' lang='grc'><strong>124-</strong></span> 
     </span>
    </p>
   </div>
   <div class='ocr_carea' id='block_1_4' title="bbox 1682 652 2677 771">
    <p class='ocr_par' dir='ltr' id='par_1_4' title="bbox 1682 652 2677 771">
     <span class='ocr_line' id='line_1_4' title="bbox 1682 652 2677 771; baseline -0.002 -3"><span class='ocrx_word' id='word_1_5' title='bbox 1682 652 1988 770; x_wconf 89' lang='grc' dir='ltr'><strong>ΤΟΥ</strong></span> <span class='ocrx_word' id='word_1_6' title='bbox 2062 653 2677 771; x_wconf 81' lang='grc' dir='ltr'><strong>ΝΙΚΗΤΑ</strong></span> 
     </span>
    </p>
   </div>
   <div class='ocr_carea' id='block_1_5' title="bbox 791 890 3582 946">
    <p class='ocr_par' dir='ltr' id='par_1_5' title="bbox 791 890 3582 946">
     <span class='ocr_line' id='line_1_5' title="bbox 791 890 3582 946; baseline 0 -1"><span class='ocrx_word' id='word_1_7' title='bbox 791 894 979 945; x_wconf 81' lang='grc' dir='ltr'>ΤΑΞΙΣ</span> <span class='ocrx_word' id='word_1_8' title='bbox 1021 896 1369 944; x_wconf 78' lang='grc' dir='ltr'><strong>ΓΙΝΟΜΕΝΗ</strong></span> <span class='ocrx_word' id='word_1_9' title='bbox 1410 895 1521 943; x_wconf 83' lang='grc' dir='ltr'><strong>ΕΠΙ</strong></span> <span class='ocrx_word' id='word_1_10' title='bbox 1560 895 1710 942; x_wconf 87' lang='grc' dir='ltr'><strong>ΤΟΙΣ</strong></span> <span class='ocrx_word' id='word_1_11' title='bbox 1750 893 1888 942; x_wconf 82' lang='grc' dir='ltr'><strong>ΑΠΟ</strong></span> <span class='ocrx_word' id='word_1_12' title='bbox 1928 890 2337 942; x_wconf 78' lang='grc' dir='ltr'><strong>ΣΑΡΑΚΗΝΩΝ</strong></span> <span class='ocrx_word' id='word_1_13' title='bbox 2378 893 2839 941; x_wconf 81' lang='grc' dir='ltr'><strong>ΕΠΙΣΤΡΕΦΟΥΣΙ</strong></span> <span class='ocrx_word' id='word_1_14' title='bbox 2884 895 3052 943; x_wconf 82' lang='grc' dir='ltr'><strong>ΠΡΟΣ</strong></span> <span class='ocrx_word' id='word_1_15' title='bbox 3088 896 3223 943; x_wconf 82' lang='grc' dir='ltr'><strong>ΤΗΝ</strong></span> <span class='ocrx_word' id='word_1_16' title='bbox 3266 896 3582 946; x_wconf 74' lang='grc' dir='ltr'><strong>ΚΑΘΑΡΑΝ</strong></span> 
     </span>
    </p>
   </div>
   <div class='ocr_carea' id='block_1_6' title="bbox 1383 962 3014 1033">
    <p class='ocr_par' dir='ltr' id='par_1_6' title="bbox 1383 962 3014 1033">
     <span class='ocr_line' id='line_1_6' title="bbox 1383 962 3014 1033; baseline -0.001 -20"><span class='ocrx_word' id='word_1_17' title='bbox 1383 966 1495 1014; x_wconf 81' lang='grc' dir='ltr'><strong>ΚΑΙ</strong></span> <span class='ocrx_word' id='word_1_18' title='bbox 1535 966 1773 1014; x_wconf 79' lang='grc' dir='ltr'><strong>ΑΛΗΘΗ</strong></span> <span class='ocrx_word' id='word_1_19' title='bbox 1816 967 2036 1014; x_wconf 83' lang='grc' dir='ltr'><strong>ΠΙΣΤΙΝ</strong></span> <span class='ocrx_word' id='word_1_20' title='bbox 2080 966 2273 1014; x_wconf 80' lang='grc' dir='ltr'><strong>ΗΜΩΝ</strong></span> <span class='ocrx_word' id='word_1_21' title='bbox 2307 967 2438 1013; x_wconf 85' lang='grc' dir='ltr'><strong>ΤΩΝ</strong></span> <span class='ocrx_word' id='word_1_22' title='bbox 2482 965 2888 1014; x_wconf 79' lang='grc' dir='ltr'><strong>ΧΡΙΣΤΙΑΝΩΝ</strong></span> <span class='ocrx_word' id='word_1_23' title='bbox 2917 962 3014 1033; x_wconf 74' lang='grc'><strong>(1).</strong></span> 
     </span>
    </p>
   </div>
   <div class='ocr_carea' id='block_1_7' title="bbox 1937 1267 2447 1362">
    <p class='ocr_par' dir='ltr' id='par_1_7' title="bbox 1937 1267 2447 1362">
     <span class='ocr_line' id='line_1_7' title="bbox 1937 1267 2447 1362; baseline -0.002 0"><span class='ocrx_word' id='word_1_24' title='bbox 1937 1267 2021 1362; x_wconf 92' lang='grc' dir='ltr'>Ν</span> <span class='ocrx_word' id='word_1_25' title='bbox 2032 1267 2447 1362; x_wconf 76' lang='lat' dir='ltr'><strong>ICET/E</strong></span> 
     </span>
    </p>
   </div>
   <div class='ocr_carea' id='block_1_8' title="bbox 592 1481 3795 1559">
    <p class='ocr_par' dir='ltr' id='par_1_8' title="bbox 592 1481 3795 1559">
     <span class='ocr_line' id='line_1_8' title="bbox 592 1481 3795 1559; baseline -0 -10"><span class='ocrx_word' id='word_1_26' title='bbox 592 1484 820 1549; x_wconf 87' lang='lat' dir='ltr'>0RDO</span> <span class='ocrx_word' id='word_1_27' title='bbox 894 1484 1041 1559; x_wconf 87' lang='lat' dir='ltr'><strong>QUI</strong></span> <span class='ocrx_word' id='word_1_28' title='bbox 1113 1483 1689 1546; x_wconf 85' lang='lat' dir='ltr'><strong>OBSERVATUR</strong></span> <span class='ocrx_word' id='word_1_29' title='bbox 1761 1482 2044 1544; x_wconf 85' lang='lat' dir='ltr'>SUPER</span> <span class='ocrx_word' id='word_1_30' title='bbox 2115 1481 2230 1542; x_wconf 92' lang='lat' dir='ltr'><strong>IIS</strong></span> <span class='ocrx_word' id='word_1_31' title='bbox 2303 1482 2449 1556; x_wconf 91' lang='lat' dir='ltr'><strong>QUI</strong></span> <span class='ocrx_word' id='word_1_32' title='bbox 2515 1485 2563 1541; x_wconf 86' lang='lat' dir='ltr'>A</span> <span class='ocrx_word' id='word_1_33' title='bbox 2636 1482 3120 1545; x_wconf 81' lang='lat' dir='ltr'><strong>SABACENIS</strong></span> <span class='ocrx_word' id='word_1_34' title='bbox 3195 1485 3309 1545; x_wconf 90' lang='lat' dir='ltr'><strong>AD</strong></span> <span class='ocrx_word' id='word_1_35' title='bbox 3381 1485 3795 1548; x_wconf 85' lang='lat' dir='ltr'><strong>NOSTRAM</strong></span> 
     </span>
    </p>
   </div>
   <div class='ocr_carea' id='block_1_9' title="bbox 833 1562 3546 1638">
    <p class='ocr_par' dir='ltr' id='par_1_9' title="bbox 833 1562 3546 1638">
     <span class='ocr_line' id='line_1_9' title="bbox 833 1562 3546 1638; baseline 0 -11"><span class='ocrx_word' id='word_1_36' title='bbox 833 1563 1556 1627; x_wconf 82' lang='lat' dir='ltr'><strong>CHRISTIANORUM</strong></span> <span class='ocrx_word' id='word_1_37' title='bbox 1604 1563 1914 1625; x_wconf 85' lang='lat' dir='ltr'><strong>PURAM</strong></span> <span class='ocrx_word' id='word_1_38' title='bbox 1958 1562 2442 1638; x_wconf 81' lang='lat' dir='ltr'><strong>VERAMQUE</strong></span> <span class='ocrx_word' id='word_1_39' title='bbox 2492 1562 2755 1625; x_wconf 85' lang='lat' dir='ltr'><strong>FIDEM</strong></span> <span class='ocrx_word' id='word_1_40' title='bbox 2805 1563 2904 1624; x_wconf 89' lang='lat' dir='ltr'><strong>SE</strong></span> <span class='ocrx_word' id='word_1_41' title='bbox 2952 1565 3546 1628; x_wconf 70' lang='lat' dir='ltr'><strong>(IONVERTUNT.</strong></span> 
     </span>
    </p>
   </div>
   <div class='ocr_carea' id='block_1_10' title="bbox 1199 1745 3179 1821">
    <p class='ocr_par' dir='ltr' id='par_1_10' title="bbox 1199 1745 3179 1821">
     <span class='ocr_line' id='line_1_10' title="bbox 1199 1745 3179 1821; baseline -0.001 -16"><span class='ocrx_word' id='word_1_42' title='bbox 1199 1749 1305 1820; x_wconf 86' lang='lat' dir='ltr'><strong>(Ex</strong></span> <span class='ocrx_word' id='word_1_43' title='bbox 1337 1748 1637 1821; x_wconf 84' lang='lat' dir='ltr'><strong>Sylburgii</strong></span> <span class='ocrx_word' id='word_1_44' title='bbox 1667 1747 2064 1817; x_wconf 82' lang='lat' dir='ltr'><strong>Saracenicis,</strong></span> <span class='ocrx_word' id='word_1_45' title='bbox 2096 1745 2284 1804; x_wconf 60' lang='lat' dir='ltr'><strong>in-li.</strong></span> <span class='ocrx_word' id='word_1_46' title='bbox 2326 1746 2582 1803; x_wconf 69' lang='lat' dir='ltr'><strong>Coloniae</strong></span> <span class='ocrx_word' id='word_1_47' title='bbox 2613 1748 2955 1821; x_wconf 67' lang='lat' dir='ltr'><strong>Agrippinae</strong></span> <span class='ocrx_word' id='word_1_48' title='bbox 2996 1751 3179 1821; x_wconf 78' lang='lat'><strong>1595.)</strong></span> 
     </span>
    </p>
   </div>
   <div class='ocr_carea' id='block_1_11' title="bbox 584 2067 2192 2143">
    <p class='ocr_par' dir='ltr' id='par_1_11' title="bbox 584 2067 2166 2141">
     <span class='ocr_line' id='line_1_11' title="bbox 584 2067 2166 2141; baseline -0.001 -17"><span class='ocrx_word' id='word_1_49' title='bbox 584 2067 849 2125; x_wconf 86' lang='lat' dir='ltr'><strong>Primum</strong></span> <span class='ocrx_word' id='word_1_50' title='bbox 877 2069 927 2125; x_wconf 90' lang='lat' dir='ltr'><strong>is</strong></span> <span class='ocrx_word' id='word_1_51' title='bbox 956 2069 1062 2141; x_wconf 89' lang='lat' dir='ltr'><strong>qui</strong></span> <span class='ocrx_word' id='word_1_52' title='bbox 1105 2068 1184 2125; x_wconf 91' lang='lat' dir='ltr'><strong>ad</strong></span> <span class='ocrx_word' id='word_1_53' title='bbox 1228 2074 1452 2126; x_wconf 88' lang='lat' dir='ltr'><strong>rectam</strong></span> <span class='ocrx_word' id='word_1_54' title='bbox 1510 2068 1692 2126; x_wconf 86' lang='lat' dir='ltr'><strong>ﬁdem</strong></span> <span class='ocrx_word' id='word_1_55' title='bbox 1736 2069 1988 2138; x_wconf 79' lang='lat' dir='ltr'><strong>accedit,</strong></span> <span class='ocrx_word' id='word_1_56' title='bbox 2010 2068 2166 2140; x_wconf 87' lang='lat' dir='ltr'><strong>jeju-</strong></span> 
     </span>
    </p>
   </div>
   <div class='ocr_carea' id='block_1_12' title="bbox 2276 2067 3885 2143">
    <p class='ocr_par' dir='ltr' id='par_1_12' title="bbox 2350 2068 3885 2143">
     <span class='ocr_line' id='line_1_12' title="bbox 2350 2068 3885 2143; baseline 0.002 -23"><span class='ocrx_word' id='word_1_57' title='bbox 2350 2073 2759 2143; x_wconf 72' lang='grc' dir='ltr'>Προηγουμένως</span> <span class='ocrx_word' id='word_1_58' title='bbox 2810 2071 2899 2140; x_wconf 73' lang='grc' dir='ltr'><strong>μὲν</strong></span> <span class='ocrx_word' id='word_1_59' title='bbox 2948 2068 2973 2119; x_wconf 99' lang='lat'><strong>6</strong></span> <span class='ocrx_word' id='word_1_60' title='bbox 3004 2074 3235 2141; x_wconf 85' lang='grc' dir='ltr'>προσιὼν</span> <span class='ocrx_word' id='word_1_61' title='bbox 3262 2076 3323 2141; x_wconf 71' lang='grc' dir='ltr'>τῇ</span> <span class='ocrx_word' id='word_1_62' title='bbox 3358 2069 3484 2141; x_wconf 73' lang='grc' dir='ltr'>ὀρθῇ</span> <span class='ocrx_word' id='word_1_63' title='bbox 3544 2074 3725 2123; x_wconf 80' lang='grc' dir='ltr'>πίστει</span> <span class='ocrx_word' id='word_1_64' title='bbox 3782 2092 3885 2128; x_wconf 64' lang='grc' dir='ltr'><strong>νη-</strong></span> 
     </span>
    </p>
   </div>
   <div class='ocr_carea' id='block_1_13' title="bbox 515 2156 2177 2231">
    <p class='ocr_par' dir='ltr' id='par_1_13' title="bbox 515 2156 2177 2231">
     <span class='ocr_line' id='line_1_13' title="bbox 515 2156 2177 2231; baseline -0.001 -17"><span class='ocrx_word' id='word_1_65' title='bbox 515 2161 621 2214; x_wconf 88' lang='lat' dir='ltr'><strong>nat</strong></span> <span class='ocrx_word' id='word_1_66' title='bbox 645 2156 724 2212; x_wconf 88' lang='lat' dir='ltr'><strong>ad</strong></span> <span class='ocrx_word' id='word_1_67' title='bbox 755 2157 911 2213; x_wconf 89' lang='lat' dir='ltr'><strong>duas</strong></span> <span class='ocrx_word' id='word_1_68' title='bbox 946 2158 1338 2231; x_wconf 88' lang='lat' dir='ltr'><strong>septimanas,</strong></span> <span class='ocrx_word' id='word_1_69' title='bbox 1371 2158 1741 2231; x_wconf 89' lang='lat' dir='ltr'><strong>doceturque</strong></span> <span class='ocrx_word' id='word_1_70' title='bbox 1783 2157 1959 2213; x_wconf 92' lang='lat' dir='ltr'><strong>nobis</strong></span> <span class='ocrx_word' id='word_1_71' title='bbox 1989 2174 2026 2213; x_wconf 86' lang='lat' dir='ltr'><strong>a</strong></span> <span class='ocrx_word' id='word_1_72' title='bbox 2065 2159 2177 2213; x_wconf 90' lang='lat' dir='ltr'><strong>Do-</strong></span> 
     </span>
    </p>
   </div>
   <div class='ocr_carea' id='block_1_14' title="bbox 512 2245 2176 2317">
    <p class='ocr_par' dir='ltr' id='par_1_14' title="bbox 512 2245 2176 2317">
     <span class='ocr_line' id='line_1_14' title="bbox 512 2245 2176 2317; baseline -0.001 -15"><span class='ocrx_word' id='word_1_73' title='bbox 512 2245 686 2302; x_wconf 89' lang='lat' dir='ltr'><strong>mino</strong></span> <span class='ocrx_word' id='word_1_74' title='bbox 719 2250 927 2303; x_wconf 89' lang='lat' dir='ltr'><strong>nostro</strong></span> <span class='ocrx_word' id='word_1_75' title='bbox 979 2249 1117 2302; x_wconf 84' lang='lat' dir='ltr'><strong>Jesu</strong></span> <span class='ocrx_word' id='word_1_76' title='bbox 1169 2247 1400 2304; x_wconf 87' lang='lat' dir='ltr'><strong>Christo</strong></span> <span class='ocrx_word' id='word_1_77' title='bbox 1449 2247 1510 2302; x_wconf 91' lang='lat' dir='ltr'><strong>in</strong></span> <span class='ocrx_word' id='word_1_78' title='bbox 1554 2247 1775 2302; x_wconf 87' lang='lat' dir='ltr'><strong>divinis</strong></span> <span class='ocrx_word' id='word_1_79' title='bbox 1833 2246 2176 2317; x_wconf 83' lang='lat' dir='ltr'><strong>sanctisque</strong></span> 
     </span>
    </p>
   </div>
   <div class='ocr_carea' id='block_1_15' title="bbox 517 2328 2175 2407">
    <p class='ocr_par' dir='ltr' id='par_1_15' title="bbox 517 2328 2175 2407">
     <span class='ocr_line' id='line_1_15' title="bbox 517 2328 2175 2407; baseline -0.001 -16"><span class='ocrx_word' id='word_1_80' title='bbox 517 2335 845 2404; x_wconf 83' lang='lat' dir='ltr'><strong>evangeliis</strong></span> <span class='ocrx_word' id='word_1_81' title='bbox 876 2335 1157 2392; x_wconf 80' lang='lat' dir='ltr'><strong>traditam</strong></span> <span class='ocrx_word' id='word_1_82' title='bbox 1203 2336 1632 2407; x_wconf 79' lang='lat' dir='ltr'><strong>precationem,</strong></span> <span class='ocrx_word' id='word_1_83' title='bbox 1664 2341 1721 2390; x_wconf 89' lang='lat' dir='ltr'><strong>et</strong></span> <span class='ocrx_word' id='word_1_84' title='bbox 1751 2351 1993 2391; x_wconf 91' lang='lat' dir='ltr'><strong>sacrum</strong></span> <span class='ocrx_word' id='word_1_85' title='bbox 2036 2328 2175 2390; x_wconf 80' lang='lat' dir='ltr'><strong>ﬁdei</strong></span> 
     </span>
    </p>
   </div>
   <div class='ocr_carea' id='block_1_16' title="bbox 512 2422 2174 2494">
    <p class='ocr_par' dir='ltr' id='par_1_16' title="bbox 512 2422 2174 2494">
     <span class='ocr_line' id='line_1_16' title="bbox 512 2422 2174 2494; baseline 0.002 -16"><span class='ocrx_word' id='word_1_86' title='bbox 512 2422 1112 2494; x_wconf 85' lang='lat' dir='ltr'><strong>symbolum.Deinde</strong></span> <span class='ocrx_word' id='word_1_87' title='bbox 1137 2424 1423 2481; x_wconf 84' lang='lat' dir='ltr'><strong>sacerdos</strong></span> <span class='ocrx_word' id='word_1_88' title='bbox 1449 2423 1885 2481; x_wconf 85' lang='lat' dir='ltr'><strong>sacerdotalem</strong></span> <span class='ocrx_word' id='word_1_89' title='bbox 1912 2423 2025 2479; x_wconf 89' lang='lat' dir='ltr'><strong>sibi</strong></span> <span class='ocrx_word' id='word_1_90' title='bbox 2057 2429 2174 2481; x_wconf 88' lang='lat' dir='ltr'><strong>sto-</strong></span> 
     </span>
    </p>
   </div>
   <div class='ocr_carea' id='block_1_17' title="bbox 515 2511 2178 2586">
    <p class='ocr_par' dir='ltr' id='par_1_17' title="bbox 515 2511 2178 2586">
     <span class='ocr_line' id='line_1_17' title="bbox 515 2511 2178 2586; baseline -0.001 -18"><span class='ocrx_word' id='word_1_91' title='bbox 515 2511 640 2568; x_wconf 87' lang='lat' dir='ltr'><strong>lam</strong></span> <span class='ocrx_word' id='word_1_92' title='bbox 689 2512 1176 2583; x_wconf 89' lang='lat' dir='ltr'><strong>circumponens,</strong></span> <span class='ocrx_word' id='word_1_93' title='bbox 1208 2513 1267 2569; x_wconf 91' lang='lat' dir='ltr'><strong>in</strong></span> <span class='ocrx_word' id='word_1_94' title='bbox 1306 2512 1749 2586; x_wconf 86' lang='lat' dir='ltr'><strong>baptisterium,</strong></span> <span class='ocrx_word' id='word_1_95' title='bbox 1780 2513 2178 2586; x_wconf 58' lang='lat' dir='ltr'><strong>praesentibus</strong></span> 
     </span>
    </p>
   </div>
   <div class='ocr_carea' id='block_1_18' title="bbox 521 2600 2177 2675">
    <p class='ocr_par' dir='ltr' id='par_1_18' title="bbox 521 2600 2177 2675">
     <span class='ocr_line' id='line_1_18' title="bbox 521 2600 2177 2675; baseline 0 -18"><span class='ocrx_word' id='word_1_96' title='bbox 521 2600 706 2657; x_wconf 86' lang='lat' dir='ltr'><strong>etiam</strong></span> <span class='ocrx_word' id='word_1_97' title='bbox 736 2600 868 2657; x_wconf 86' lang='lat' dir='ltr'><strong>aliis</strong></span> <span class='ocrx_word' id='word_1_98' title='bbox 905 2600 1209 2667; x_wconf 87' lang='lat' dir='ltr'><strong>ﬁdelibus,</strong></span> <span class='ocrx_word' id='word_1_99' title='bbox 1235 2606 1532 2675; x_wconf 86' lang='lat' dir='ltr'><strong>quotquot</strong></span> <span class='ocrx_word' id='word_1_100' title='bbox 1587 2602 1807 2658; x_wconf 89' lang='lat' dir='ltr'><strong>adesse</strong></span> <span class='ocrx_word' id='word_1_101' title='bbox 1861 2602 2177 2667; x_wconf 88' lang='lat' dir='ltr'><strong>voluerint,</strong></span> 
     </span>
    </p>
   </div>
   <div class='ocr_carea' id='block_1_19' title="bbox 520 2688 2172 2763">
    <p class='ocr_par' dir='ltr' id='par_1_19' title="bbox 520 2688 2172 2763">
     <span class='ocr_line' id='line_1_19' title="bbox 520 2688 2172 2763; baseline 0.001 -18"><span class='ocrx_word' id='word_1_102' title='bbox 520 2688 771 2745; x_wconf 87' lang='lat' dir='ltr'><strong>arcessit</strong></span> <span class='ocrx_word' id='word_1_103' title='bbox 811 2688 980 2745; x_wconf 83' lang='lat' dir='ltr'><strong>illum</strong></span> <span class='ocrx_word' id='word_1_104' title='bbox 1012 2708 1025 2746; x_wconf 89' lang='lat'>:</span> <span class='ocrx_word' id='word_1_105' title='bbox 1093 2695 1151 2747; x_wconf 90' lang='lat' dir='ltr'><strong>et</strong></span> <span class='ocrx_word' id='word_1_106' title='bbox 1204 2695 1342 2747; x_wconf 84' lang='lat' dir='ltr'><strong>ante</strong></span> <span class='ocrx_word' id='word_1_107' title='bbox 1393 2697 1667 2748; x_wconf 90' lang='lat' dir='ltr'><strong>sanctam</strong></span> <span class='ocrx_word' id='word_1_108' title='bbox 1706 2692 2004 2763; x_wconf 89' lang='lat' dir='ltr'><strong>piscinam</strong></span> <span class='ocrx_word' id='word_1_109' title='bbox 2035 2708 2172 2747; x_wconf 90' lang='lat' dir='ltr'><strong>eum</strong></span> 
     </span>
    </p>
   </div>
   <div class='ocr_carea' id='block_1_20' title="bbox 519 2777 2173 2852">
    <p class='ocr_par' dir='ltr' id='par_1_20' title="bbox 519 2777 2173 2852">
     <span class='ocr_line' id='line_1_20' title="bbox 519 2777 2173 2852; baseline 0 -17"><span class='ocrx_word' id='word_1_110' title='bbox 519 2782 742 2835; x_wconf 84' lang='lat' dir='ltr'><strong>retecto</strong></span> <span class='ocrx_word' id='word_1_111' title='bbox 764 2777 957 2851; x_wconf 86' lang='lat' dir='ltr'><strong>capite</strong></span> <span class='ocrx_word' id='word_1_112' title='bbox 992 2782 1281 2845; x_wconf 87' lang='lat' dir='ltr'><strong>statuens,</strong></span> <span class='ocrx_word' id='word_1_113' title='bbox 1309 2779 1386 2834; x_wconf 90' lang='lat' dir='ltr'><strong>ad</strong></span> <span class='ocrx_word' id='word_1_114' title='bbox 1417 2780 1618 2852; x_wconf 88' lang='lat' dir='ltr'><strong>ipsum</strong></span> <span class='ocrx_word' id='word_1_115' title='bbox 1653 2781 1765 2837; x_wconf 85' lang='lat' dir='ltr'><strong>ait:</strong></span> <span class='ocrx_word' id='word_1_116' title='bbox 1812 2783 1897 2837; x_wconf 88' lang='lat' dir='ltr'><strong>Tu</strong></span> <span class='ocrx_word' id='word_1_117' title='bbox 1932 2780 2029 2837; x_wconf 90' lang='lat' dir='ltr'><strong>ille</strong></span> <span class='ocrx_word' id='word_1_118' title='bbox 2070 2780 2173 2852; x_wconf 90' lang='lat' dir='ltr'><strong>qui</strong></span> 
     </span>
    </p>
   </div>
   <div class='ocr_carea' id='block_1_21' title="bbox 521 2865 2175 2933">
    <p class='ocr_par' dir='ltr' id='par_1_21' title="bbox 521 2865 2175 2933">
     <span class='ocr_line' id='line_1_21' title="bbox 521 2865 2175 2933; baseline 0 -10"><span class='ocrx_word' id='word_1_119' title='bbox 521 2882 558 2923; x_wconf 88' lang='lat' dir='ltr'><strong>a</strong></span> <span class='ocrx_word' id='word_1_120' title='bbox 584 2865 900 2923; x_wconf 85' lang='lat' dir='ltr'><strong>Saracenis</strong></span> <span class='ocrx_word' id='word_1_121' title='bbox 920 2867 1101 2923; x_wconf 88' lang='lat' dir='ltr'><strong>hodie</strong></span> <span class='ocrx_word' id='word_1_122' title='bbox 1123 2868 1202 2923; x_wconf 89' lang='lat' dir='ltr'><strong>ad</strong></span> <span class='ocrx_word' id='word_1_123' title='bbox 1224 2868 1692 2924; x_wconf 90' lang='lat' dir='ltr'><strong>Christianorum</strong></span> <span class='ocrx_word' id='word_1_124' title='bbox 1715 2869 1898 2925; x_wconf 81' lang='lat' dir='ltr'><strong>ﬁdem</strong></span> <span class='ocrx_word' id='word_1_125' title='bbox 1918 2868 2175 2933; x_wconf 87' lang='lat' dir='ltr'><strong>accedis,</strong></span> 
     </span>
    </p>
   </div>
   <div class='ocr_carea' id='block_1_22' title="bbox 522 2956 2173 3030">
    <p class='ocr_par' dir='ltr' id='par_1_22' title="bbox 522 2956 2173 3030">
     <span class='ocr_line' id='line_1_22' title="bbox 522 2956 2173 3030; baseline 0.001 -18"><span class='ocrx_word' id='word_1_126' title='bbox 522 2971 647 3013; x_wconf 90' lang='lat' dir='ltr'><strong>non</strong></span> <span class='ocrx_word' id='word_1_127' title='bbox 678 2956 737 3013; x_wconf 89' lang='lat' dir='ltr'><strong>vi</strong></span> <span class='ocrx_word' id='word_1_128' title='bbox 766 2956 971 3029; x_wconf 90' lang='lat' dir='ltr'><strong>aliqua</strong></span> <span class='ocrx_word' id='word_1_129' title='bbox 996 2956 1085 3013; x_wconf 92' lang='lat' dir='ltr'><strong>vel</strong></span> <span class='ocrx_word' id='word_1_130' title='bbox 1137 2958 1514 3028; x_wconf 86' lang='lat' dir='ltr'><strong>necessitate,</strong></span> <span class='ocrx_word' id='word_1_131' title='bbox 1547 2974 1746 3030; x_wconf 90' lang='lat' dir='ltr'><strong>neque</strong></span> <span class='ocrx_word' id='word_1_132' title='bbox 1787 2958 1929 3015; x_wconf 89' lang='lat' dir='ltr'><strong>dolo</strong></span> <span class='ocrx_word' id='word_1_133' title='bbox 1967 2965 2071 3014; x_wconf 88' lang='lat' dir='ltr'><strong>aut</strong></span> <span class='ocrx_word' id='word_1_134' title='bbox 2095 2958 2173 3013; x_wconf 89' lang='lat' dir='ltr'><strong>si-</strong></span> 
     </span>
    </p>
   </div>
   <div class='ocr_carea' id='block_1_23' title="bbox 524 3045 2173 3119">
    <p class='ocr_par' dir='ltr' id='par_1_23' title="bbox 524 3045 2173 3119">
     <span class='ocr_line' id='line_1_23' title="bbox 524 3045 2173 3119; baseline 0 -17"><span class='ocrx_word' id='word_1_135' title='bbox 524 3045 875 3113; x_wconf 88' lang='lat' dir='ltr'><strong>mulatione,</strong></span> <span class='ocrx_word' id='word_1_136' title='bbox 899 3045 1003 3101; x_wconf 90' lang='lat' dir='ltr'><strong>sed</strong></span> <span class='ocrx_word' id='word_1_137' title='bbox 1030 3051 1153 3102; x_wconf 90' lang='lat' dir='ltr'><strong>toto</strong></span> <span class='ocrx_word' id='word_1_138' title='bbox 1184 3047 1413 3115; x_wconf 89' lang='lat' dir='ltr'><strong>animo,</strong></span> <span class='ocrx_word' id='word_1_139' title='bbox 1443 3046 1621 3101; x_wconf 89' lang='lat' dir='ltr'><strong>corde</strong></span> <span class='ocrx_word' id='word_1_140' title='bbox 1646 3061 1799 3119; x_wconf 88' lang='lat' dir='ltr'><strong>puro</strong></span> <span class='ocrx_word' id='word_1_141' title='bbox 1826 3062 1899 3102; x_wconf 88' lang='lat' dir='ltr'><strong>ac</strong></span> <span class='ocrx_word' id='word_1_142' title='bbox 1942 3046 2173 3110; x_wconf 87' lang='lat' dir='ltr'><strong>sedulo,</strong></span> 
     </span>
    </p>
   </div>
   <div class='ocr_carea' id='block_1_24' title="bbox 520 3133 2176 3211">
    <p class='ocr_par' dir='ltr' id='par_1_24' title="bbox 520 3133 2176 3211">
     <span class='ocr_line' id='line_1_24' title="bbox 520 3133 2176 3211; baseline 0.002 -22"><span class='ocrx_word' id='word_1_143' title='bbox 520 3133 814 3191; x_wconf 87' lang='lat' dir='ltr'><strong>Christum</strong></span> <span class='ocrx_word' id='word_1_144' title='bbox 867 3134 1205 3207; x_wconf 87' lang='lat' dir='ltr'><strong>Christique</strong></span> <span class='ocrx_word' id='word_1_145' title='bbox 1254 3134 1438 3191; x_wconf 89' lang='lat' dir='ltr'><strong>ﬁdem</strong></span> <span class='ocrx_word' id='word_1_146' title='bbox 1485 3141 1771 3193; x_wconf 85' lang='lat' dir='ltr'><strong>amante:</strong></span> <span class='ocrx_word' id='word_1_147' title='bbox 1825 3135 2025 3211; x_wconf 89' lang='lat' dir='ltr'><strong>[dic,]</strong></span> <span class='ocrx_word' id='word_1_148' title='bbox 2072 3139 2176 3192; x_wconf 81' lang='lat' dir='ltr'><strong>Re-</strong></span> 
     </span>
    </p>
   </div>
   <div class='ocr_carea' id='block_1_25' title="bbox 516 3222 2177 3294">
    <p class='ocr_par' dir='ltr' id='par_1_25' title="bbox 516 3222 2177 3294">
     <span class='ocr_line' id='line_1_25' title="bbox 516 3222 2177 3294; baseline 0.003 -18"><span class='ocrx_word' id='word_1_149' title='bbox 516 3222 731 3278; x_wconf 88' lang='lat' dir='ltr'><strong>nuntio</strong></span> <span class='ocrx_word' id='word_1_150' title='bbox 783 3224 889 3279; x_wconf 87' lang='lat' dir='ltr'><strong>toti</strong></span> <span class='ocrx_word' id='word_1_151' title='bbox 948 3225 1386 3280; x_wconf 88' lang='lat' dir='ltr'><strong>Saracenorum</strong></span> <span class='ocrx_word' id='word_1_152' title='bbox 1441 3224 1735 3294; x_wconf 83' lang='lat' dir='ltr'><strong>religioni,</strong></span> <span class='ocrx_word' id='word_1_153' title='bbox 1785 3225 2177 3281; x_wconf 82' lang='lat' dir='ltr'><strong>anathemati-</strong></span> 
     </span>
    </p>
   </div>
   <div class='ocr_carea' id='block_1_26' title="bbox 518 3312 2175 3387">
    <p class='ocr_par' dir='ltr' id='par_1_26' title="bbox 518 3312 2175 3387">
     <span class='ocr_line' id='line_1_26' title="bbox 518 3312 2175 3387; baseline 0.003 -22"><span class='ocrx_word' id='word_1_154' title='bbox 518 3326 708 3381; x_wconf 89' lang='lat' dir='ltr'><strong>zoque</strong></span> <span class='ocrx_word' id='word_1_155' title='bbox 731 3312 1124 3377; x_wconf 83' lang='lat' dir='ltr'><strong>Moamedem,</strong></span> <span class='ocrx_word' id='word_1_156' title='bbox 1146 3313 1246 3384; x_wconf 91' lang='lat' dir='ltr'><strong>qui</strong></span> <span class='ocrx_word' id='word_1_157' title='bbox 1274 3318 1331 3369; x_wconf 90' lang='lat' dir='ltr'><strong>et</strong></span> <span class='ocrx_word' id='word_1_158' title='bbox 1354 3313 1694 3370; x_wconf 85' lang='lat' dir='ltr'><strong>Muchumet</strong></span> <span class='ocrx_word' id='word_1_159' title='bbox 1717 3314 1964 3383; x_wconf 87' lang='lat' dir='ltr'><strong>dicitur;</strong></span> <span class='ocrx_word' id='word_1_160' title='bbox 1990 3331 2175 3387; x_wconf 88' lang='lat' dir='ltr'><strong>quem</strong></span> 
     </span>
    </p>
   </div>
   <div class='ocr_carea' id='block_1_27' title="bbox 519 3398 2170 3473">
    <p class='ocr_par' dir='ltr' id='par_1_27' title="bbox 519 3398 2170 3473">
     <span class='ocr_line' id='line_1_27' title="bbox 519 3398 2170 3473; baseline 0.003 -20"><span class='ocrx_word' id='word_1_161' title='bbox 519 3398 799 3454; x_wconf 86' lang='lat' dir='ltr'><strong>Saraceni</strong></span> <span class='ocrx_word' id='word_1_162' title='bbox 822 3402 886 3454; x_wconf 89' lang='lat' dir='ltr'><strong>ut</strong></span> <span class='ocrx_word' id='word_1_163' title='bbox 908 3399 1011 3454; x_wconf 91' lang='lat' dir='ltr'><strong>Dei</strong></span> <span class='ocrx_word' id='word_1_164' title='bbox 1029 3399 1371 3471; x_wconf 87' lang='lat' dir='ltr'><strong>apostolum</strong></span> <span class='ocrx_word' id='word_1_165' title='bbox 1390 3407 1446 3456; x_wconf 91' lang='lat' dir='ltr'><strong>et</strong></span> <span class='ocrx_word' id='word_1_166' title='bbox 1468 3402 1827 3473; x_wconf 82' lang='lat' dir='ltr'><strong>prOphetam</strong></span> <span class='ocrx_word' id='word_1_167' title='bbox 1850 3403 2170 3458; x_wconf 89' lang='lat' dir='ltr'><strong>honorant.</strong></span> 
     </span>
    </p>
   </div>
   <div class='ocr_carea' id='block_1_28' title="bbox 518 3486 2173 3561">
    <p class='ocr_par' dir='ltr' id='par_1_28' title="bbox 518 3486 2173 3561">
     <span class='ocr_line' id='line_1_28' title="bbox 518 3486 2173 3561; baseline 0.003 -18"><span class='ocrx_word' id='word_1_168' title='bbox 518 3486 744 3559; x_wconf 85' lang='lat' dir='ltr'><strong>Illoque</strong></span> <span class='ocrx_word' id='word_1_169' title='bbox 774 3488 1155 3554; x_wconf 85' lang='lat' dir='ltr'><strong>assentiente,</strong></span> <span class='ocrx_word' id='word_1_170' title='bbox 1199 3489 1533 3561; x_wconf 89' lang='lat' dir='ltr'><strong>eademque</strong></span> <span class='ocrx_word' id='word_1_171' title='bbox 1568 3491 1755 3547; x_wconf 82' lang='lat' dir='ltr'><strong>verba</strong></span> <span class='ocrx_word' id='word_1_172' title='bbox 1791 3492 2046 3559; x_wconf 89' lang='lat' dir='ltr'><strong>dicente,</strong></span> <span class='ocrx_word' id='word_1_173' title='bbox 2079 3492 2173 3548; x_wconf 91' lang='lat' dir='ltr'><strong>vel</strong></span> 
     </span>
    </p>
   </div>
   <div class='ocr_carea' id='block_1_29' title="bbox 520 3574 2173 3652">
    <p class='ocr_par' dir='ltr' id='par_1_29' title="bbox 520 3574 2173 3652">
     <span class='ocr_line' id='line_1_29' title="bbox 520 3574 2173 3652; baseline 0.003 -21"><span class='ocrx_word' id='word_1_174' title='bbox 520 3591 630 3648; x_wconf 91' lang='lat' dir='ltr'><strong>per</strong></span> <span class='ocrx_word' id='word_1_175' title='bbox 658 3591 742 3644; x_wconf 88' lang='lat' dir='ltr'><strong>se,</strong></span> <span class='ocrx_word' id='word_1_176' title='bbox 771 3574 865 3631; x_wconf 87' lang='lat' dir='ltr'><strong>vel</strong></span> <span class='ocrx_word' id='word_1_177' title='bbox 922 3591 1028 3647; x_wconf 89' lang='lat' dir='ltr'><strong>per</strong></span> <span class='ocrx_word' id='word_1_178' title='bbox 1078 3577 1483 3647; x_wconf 90' lang='lat' dir='ltr'><strong>interpretem,</strong></span> <span class='ocrx_word' id='word_1_179' title='bbox 1518 3579 1567 3633; x_wconf 90' lang='lat' dir='ltr'><strong>si</strong></span> <span class='ocrx_word' id='word_1_180' title='bbox 1610 3579 1738 3650; x_wconf 92' lang='lat' dir='ltr'><strong>ipse</strong></span> <span class='ocrx_word' id='word_1_181' title='bbox 1782 3581 1979 3636; x_wconf 67' lang='lat' dir='ltr'><strong>Graece</strong></span> <span class='ocrx_word' id='word_1_182' title='bbox 2007 3580 2173 3652; x_wconf 89' lang='lat' dir='ltr'><strong>loqui</strong></span> 
     </span>
    </p>
   </div>
   <div class='ocr_carea' id='block_1_30' title="bbox 518 3663 2167 3740">
    <p class='ocr_par' dir='ltr' id='par_1_30' title="bbox 518 3663 2167 3740">
     <span class='ocr_line' id='line_1_30' title="bbox 518 3663 2167 3740; baseline 0.003 -20"><span class='ocrx_word' id='word_1_183' title='bbox 518 3663 766 3730; x_wconf 88' lang='lat' dir='ltr'><strong>nesciat,</strong></span> <span class='ocrx_word' id='word_1_184' title='bbox 796 3663 890 3720; x_wconf 82' lang='lat' dir='ltr'><strong>vel</strong></span> <span class='ocrx_word' id='word_1_185' title='bbox 913 3679 1019 3736; x_wconf 91' lang='lat' dir='ltr'><strong>per</strong></span> <span class='ocrx_word' id='word_1_186' title='bbox 1049 3671 1454 3737; x_wconf 87' lang='lat' dir='ltr'><strong>susceptorem</strong></span> <span class='ocrx_word' id='word_1_187' title='bbox 1493 3683 1696 3735; x_wconf 92' lang='lat' dir='ltr'><strong>suum,</strong></span> <span class='ocrx_word' id='word_1_188' title='bbox 1729 3668 1778 3723; x_wconf 91' lang='lat' dir='ltr'><strong>si</strong></span> <span class='ocrx_word' id='word_1_189' title='bbox 1834 3674 1922 3724; x_wconf 90' lang='lat' dir='ltr'><strong>est</strong></span> <span class='ocrx_word' id='word_1_190' title='bbox 1973 3685 2122 3740; x_wconf 90' lang='lat' dir='ltr'><strong>puer</strong></span> <span class='ocrx_word' id='word_1_191' title='bbox 2155 3688 2167 3726; x_wconf 94' lang='lat'>:</span> 
     </span>
    </p>
   </div>
   <div class='ocr_carea' id='block_1_31' title="bbox 518 3752 2172 3829">
    <p class='ocr_par' dir='ltr' id='par_1_31' title="bbox 518 3752 2172 3829">
     <span class='ocr_line' id='line_1_31' title="bbox 518 3752 2172 3829; baseline 0.003 -21"><span class='ocrx_word' id='word_1_192' title='bbox 518 3768 758 3810; x_wconf 89' lang='lat' dir='ltr'><strong>rursum</strong></span> <span class='ocrx_word' id='word_1_193' title='bbox 788 3752 1066 3809; x_wconf 84' lang='lat' dir='ltr'><strong>sacerdos</strong></span> <span class='ocrx_word' id='word_1_194' title='bbox 1118 3753 1293 3808; x_wconf 84' lang='lat' dir='ltr'><strong>infert</strong></span> <span class='ocrx_word' id='word_1_195' title='bbox 1335 3755 1684 3826; x_wconf 88' lang='lat' dir='ltr'><strong>sequentia:</strong></span> <span class='ocrx_word' id='word_1_196' title='bbox 1735 3757 2075 3829; x_wconf 88' lang='lat' dir='ltr'><strong>iterumque</strong></span> <span class='ocrx_word' id='word_1_197' title='bbox 2105 3758 2172 3814; x_wconf 83' lang='lat' dir='ltr'><strong>ﬁt</strong></span> 
     </span>
    </p>
   </div>
   <div class='ocr_carea' id='block_1_32' title="bbox 517 3840 2171 3917">
    <p class='ocr_par' dir='ltr' id='par_1_32' title="bbox 517 3840 2171 3917">
     <span class='ocr_line' id='line_1_32' title="bbox 517 3840 2171 3917; baseline 0.002 -20"><span class='ocrx_word' id='word_1_198' title='bbox 517 3841 832 3914; x_wconf 86' lang='lat' dir='ltr'><strong>responsio</strong></span> <span class='ocrx_word' id='word_1_199' title='bbox 860 3841 934 3898; x_wconf 91' lang='lat' dir='ltr'><strong>ad</strong></span> <span class='ocrx_word' id='word_1_200' title='bbox 969 3840 1228 3898; x_wconf 91' lang='lat' dir='ltr'><strong>eundem</strong></span> <span class='ocrx_word' id='word_1_201' title='bbox 1280 3842 1554 3899; x_wconf 89' lang='lat' dir='ltr'><strong>modum.</strong></span> <span class='ocrx_word' id='word_1_202' title='bbox 1611 3847 1876 3917; x_wconf 88' lang='lat' dir='ltr'><strong>Totoque</strong></span> <span class='ocrx_word' id='word_1_203' title='bbox 1928 3847 2171 3902; x_wconf 89' lang='lat' dir='ltr'><strong>anathe-</strong></span> 
     </span>
    </p>
   </div>
   <div class='ocr_carea' id='block_1_33' title="bbox 519 3929 2168 4004">
    <p class='ocr_par' dir='ltr' id='par_1_33' title="bbox 519 3929 2168 4004">
     <span class='ocr_line' id='line_1_33' title="bbox 519 3929 2168 4004; baseline 0.003 -18"><span class='ocrx_word' id='word_1_204' title='bbox 519 3930 801 3988; x_wconf 89' lang='lat' dir='ltr'><strong>matismo</strong></span> <span class='ocrx_word' id='word_1_205' title='bbox 823 3929 1143 4004; x_wconf 91' lang='lat' dir='ltr'><strong>completo,</strong></span> <span class='ocrx_word' id='word_1_206' title='bbox 1172 3930 1469 3987; x_wconf 90' lang='lat' dir='ltr'><strong>diaconus</strong></span> <span class='ocrx_word' id='word_1_207' title='bbox 1502 3932 1602 3999; x_wconf 89' lang='lat' dir='ltr'><strong>ait,</strong></span> <span class='ocrx_word' id='word_1_208' title='bbox 1644 3933 1694 3988; x_wconf 89' lang='lat' dir='ltr'><strong><em>A</em></strong></span> <span class='ocrx_word' id='word_1_209' title='bbox 1724 3934 1969 3989; x_wconf 86' lang='lat' dir='ltr'><strong>Domino</strong></span> <span class='ocrx_word' id='word_1_210' title='bbox 1996 3942 2168 4003; x_wconf 81' lang='lat' dir='ltr'><strong>peta-</strong></span> 
     </span>
    </p>
   </div>
   <div class='ocr_carea' id='block_1_34' title="bbox 517 4019 2168 4094">
    <p class='ocr_par' dir='ltr' id='par_1_34' title="bbox 517 4019 2168 4094">
     <span class='ocr_line' id='line_1_34' title="bbox 517 4019 2168 4094; baseline 0.002 -19"><span class='ocrx_word' id='word_1_211' title='bbox 517 4035 691 4075; x_wconf 88' lang='lat' dir='ltr'><strong>mus:</strong></span> <span class='ocrx_word' id='word_1_212' title='bbox 733 4028 788 4075; x_wconf 91' lang='lat' dir='ltr'><strong>et</strong></span> <span class='ocrx_word' id='word_1_213' title='bbox 817 4019 1102 4092; x_wconf 86' lang='lat' dir='ltr'><strong>populus,</strong></span> <span class='ocrx_word' id='word_1_214' title='bbox 1136 4021 1403 4088; x_wconf 83' lang='lat' dir='ltr'><strong>Domine,</strong></span> <span class='ocrx_word' id='word_1_215' title='bbox 1452 4021 1753 4089; x_wconf 86' lang='lat' dir='ltr'><strong>miserere,</strong></span> <span class='ocrx_word' id='word_1_216' title='bbox 1799 4026 1857 4077; x_wconf 92' lang='lat' dir='ltr'><strong>et</strong></span> <span class='ocrx_word' id='word_1_217' title='bbox 1909 4038 2044 4094; x_wconf 84' lang='lat' dir='ltr'><strong>quae</strong></span> <span class='ocrx_word' id='word_1_218' title='bbox 2077 4039 2168 4079; x_wconf 81' lang='lat' dir='ltr'><strong>se-</strong></span> 
     </span>
    </p>
   </div>
   <div class='ocr_carea' id='block_1_35' title="bbox 519 4109 2171 4179">
    <p class='ocr_par' dir='ltr' id='par_1_35' title="bbox 519 4109 2171 4179">
     <span class='ocr_line' id='line_1_35' title="bbox 519 4109 2171 4179; baseline 0.004 -18"><span class='ocrx_word' id='word_1_219' title='bbox 519 4112 763 4177; x_wconf 89' lang='lat' dir='ltr'><strong>quntur,</strong></span> <span class='ocrx_word' id='word_1_220' title='bbox 792 4111 854 4163; x_wconf 91' lang='lat' dir='ltr'><strong>Et</strong></span> <span class='ocrx_word' id='word_1_221' title='bbox 881 4113 1020 4175; x_wconf 87' lang='lat' dir='ltr'><strong>post</strong></span> <span class='ocrx_word' id='word_1_222' title='bbox 1045 4109 1258 4177; x_wconf 87' lang='lat' dir='ltr'><strong>Amen,</strong></span> <span class='ocrx_word' id='word_1_223' title='bbox 1285 4125 1423 4164; x_wconf 90' lang='lat' dir='ltr'><strong>eum</strong></span> <span class='ocrx_word' id='word_1_224' title='bbox 1476 4109 1719 4179; x_wconf 82' lang='lat' dir='ltr'><strong>signans</strong></span> <span class='ocrx_word' id='word_1_225' title='bbox 1775 4110 2059 4179; x_wconf 89' lang='lat' dir='ltr'><strong>dimittit;</strong></span> <span class='ocrx_word' id='word_1_226' title='bbox 2113 4118 2171 4169; x_wconf 91' lang='lat' dir='ltr'><strong>et</strong></span> 
     </span>
    </p>
   </div>
   <div class='ocr_carea' id='block_1_36' title="bbox 520 4179 1941 4268">
    <p class='ocr_par' dir='ltr' id='par_1_36' title="bbox 520 4179 1941 4268">
     <span class='ocr_line' id='line_1_36' title="bbox 520 4179 1941 4268; baseline 0.002 -17"><span class='ocrx_word' id='word_1_227' title='bbox 520 4193 615 4251; x_wconf 91' lang='lat' dir='ltr'><strong>die</strong></span> <span class='ocrx_word' id='word_1_228' title='bbox 645 4179 997 4268; x_wconf 74' lang='lat' dir='ltr'><strong>insequente</strong></span> <span class='ocrx_word' id='word_1_229' title='bbox 1022 4203 1453 4254; x_wconf 86' lang='lat' dir='ltr'><strong>annumeratur</strong></span> <span class='ocrx_word' id='word_1_230' title='bbox 1473 4198 1941 4256; x_wconf 82' lang='lat' dir='ltr'><strong>catechumenis.</strong></span> 
     </span>
    </p>
   </div>
   <div class='ocr_carea' id='block_1_37' title="bbox 592 4547 2166 4621">
    <p class='ocr_par' dir='ltr' id='par_1_37' title="bbox 592 4547 2166 4621">
     <span class='ocr_line' id='line_1_37' title="bbox 592 4547 2166 4621; baseline 0.003 -16"><span class='ocrx_word' id='word_1_231' title='bbox 592 4549 665 4621; x_wconf 82' lang='grc'><strong>(1)</strong></span> <span class='ocrx_word' id='word_1_232' title='bbox 693 4547 1036 4621; x_wconf 26' lang='grc' dir='ltr'><strong>(Σᾶῑθοὶιλθεὶε</strong></span> <span class='ocrx_word' id='word_1_233' title='bbox 1055 4549 1170 4605; x_wconf 89' lang='lat' dir='ltr'><strong>ista</strong></span> <span class='ocrx_word' id='word_1_234' title='bbox 1202 4550 1631 4607; x_wconf 89' lang='lat' dir='ltr'><strong>Saracenorum</strong></span> <span class='ocrx_word' id='word_1_235' title='bbox 1658 4553 1735 4609; x_wconf 88' lang='lat' dir='ltr'><strong>ad</strong></span> <span class='ocrx_word' id='word_1_236' title='bbox 1766 4554 2166 4611; x_wconf 87' lang='lat' dir='ltr'><strong>Christianam</strong></span> 
     </span>
    </p>
   </div>
   <div class='ocr_carea' id='block_1_38' title="bbox 518 4618 2168 4690">
    <p class='ocr_par' dir='ltr' id='par_1_38' title="bbox 518 4618 2168 4690">
     <span class='ocr_line' id='line_1_38' title="bbox 518 4618 2168 4690; baseline 0.004 -16"><span class='ocrx_word' id='word_1_237' title='bbox 518 4618 704 4690; x_wconf 77' lang='lat' dir='ltr'><strong>ﬁdem</strong></span> <span class='ocrx_word' id='word_1_238' title='bbox 734 4618 1170 4690; x_wconf 87' lang='lat' dir='ltr'><strong>accedentium,</strong></span> <span class='ocrx_word' id='word_1_239' title='bbox 1205 4636 1235 4674; x_wconf 91' lang='lat' dir='ltr'><strong>e</strong></span> <span class='ocrx_word' id='word_1_240' title='bbox 1292 4637 1412 4676; x_wconf 89' lang='lat' dir='ltr'><strong>ms.</strong></span> <span class='ocrx_word' id='word_1_241' title='bbox 1458 4621 1735 4679; x_wconf 68' lang='lat' dir='ltr'><strong>Palatinus</strong></span> <span class='ocrx_word' id='word_1_242' title='bbox 1787 4624 2168 4681; x_wconf 73' lang='lat' dir='ltr'><strong>bibliothecas</strong></span> 
     </span>
    </p>
   </div>
   <div class='ocr_carea' id='block_1_39' title="bbox 517 4689 2166 4767">
    <p class='ocr_par' dir='ltr' id='par_1_39' title="bbox 517 4689 2166 4767">
     <span class='ocr_line' id='line_1_39' title="bbox 517 4689 2166 4767; baseline 0.003 -21"><span class='ocrx_word' id='word_1_243' title='bbox 517 4689 673 4767; x_wconf 86' lang='lat' dir='ltr'><strong>libro</strong></span> <span class='ocrx_word' id='word_1_244' title='bbox 704 4690 848 4767; x_wconf 82' lang='lat' dir='ltr'><strong>satis</strong></span> <span class='ocrx_word' id='word_1_245' title='bbox 897 4696 1095 4767; x_wconf 70' lang='lat' dir='ltr'><strong>vetere</strong></span> <span class='ocrx_word' id='word_1_246' title='bbox 1151 4690 1475 4767; x_wconf 85' lang='lat' dir='ltr'><strong>desumpta</strong></span> <span class='ocrx_word' id='word_1_247' title='bbox 1514 4700 1642 4767; x_wconf 82' lang='lat' dir='ltr'><strong>est:</strong></span> <span class='ocrx_word' id='word_1_248' title='bbox 1694 4695 1751 4767; x_wconf 85' lang='lat' dir='ltr'><strong>in</strong></span> <span class='ocrx_word' id='word_1_249' title='bbox 1784 4711 1906 4767; x_wconf 91' lang='lat' dir='ltr'><strong>quo</strong></span> <span class='ocrx_word' id='word_1_250' title='bbox 1962 4696 2166 4751; x_wconf 60' lang='lat' dir='ltr'><strong>multas</strong></span> 
     </span>
    </p>
   </div>
   <div class='ocr_carea' id='block_1_40' title="bbox 521 4761 2169 4832">
    <p class='ocr_par' dir='ltr' id='par_1_40' title="bbox 521 4761 2169 4832">
     <span class='ocr_line' id='line_1_40' title="bbox 521 4761 2169 4832; baseline 0.004 -17"><span class='ocrx_word' id='word_1_251' title='bbox 521 4766 660 4817; x_wconf 88' lang='lat' dir='ltr'><strong>sunt</strong></span> <span class='ocrx_word' id='word_1_252' title='bbox 680 4761 977 4832; x_wconf 86' lang='lat' dir='ltr'><strong>ejusmodi</strong></span> <span class='ocrx_word' id='word_1_253' title='bbox 1005 4761 1453 4817; x_wconf 77' lang='lat' dir='ltr'><strong>constitutiones</strong></span> <span class='ocrx_word' id='word_1_254' title='bbox 1479 4764 1599 4817; x_wconf 86' lang='lat' dir='ltr'><strong>sive</strong></span> <span class='ocrx_word' id='word_1_255' title='bbox 1623 4761 2050 4832; x_wconf 73' lang='lat' dir='ltr'><strong>ordinationes,</strong></span> <span class='ocrx_word' id='word_1_256' title='bbox 2073 4783 2169 4821; x_wconf 88' lang='lat' dir='ltr'><strong>su-</strong></span> 
     </span>
    </p>
   </div>
   <div class='ocr_carea' id='block_1_41' title="bbox 518 4831 2167 4958">
    <p class='ocr_par' dir='ltr' id='par_1_41' title="bbox 518 4831 2167 4958">
     <span class='ocr_line' id='line_1_41' title="bbox 518 4831 2167 4958; baseline 0.003 -71"><span class='ocrx_word' id='word_1_257' title='bbox 518 4846 625 4903; x_wconf 87' lang='lat' dir='ltr'><strong>per</strong></span> <span class='ocrx_word' id='word_1_258' title='bbox 654 4831 726 4888; x_wconf 85' lang='lat' dir='ltr'><strong>iis</strong></span> <span class='ocrx_word' id='word_1_259' title='bbox 749 4832 851 4958; x_wconf 59' lang='lat' dir='ltr'><strong>qlui</strong></span> <span class='ocrx_word' id='word_1_260' title='bbox 878 4831 955 4888; x_wconf 92' lang='lat' dir='ltr'><strong>ab</strong></span> <span class='ocrx_word' id='word_1_261' title='bbox 981 4832 1190 4887; x_wconf 72' lang='lat' dir='ltr'><strong>haeresi</strong></span> <span class='ocrx_word' id='word_1_262' title='bbox 1211 4832 1430 4904; x_wconf 88' lang='lat' dir='ltr'><strong>aliqua,</strong></span> <span class='ocrx_word' id='word_1_263' title='bbox 1454 4835 1811 4904; x_wconf 76' lang='lat' dir='ltr'><strong>gentilismo,</strong></span> <span class='ocrx_word' id='word_1_264' title='bbox 1833 4831 2167 4903; x_wconf 86' lang='lat' dir='ltr'><strong>Judaismo,</strong></span> 
     </span>
     <span class='ocr_line' id='line_1_42' title="bbox 520 4903 2167 4958; baseline 0 0"><span class='ocrx_word' id='word_1_265' title='bbox 520 4909 575 4958; x_wconf 87' lang='lat' dir='ltr'><strong>et</strong></span> <span class='ocrx_word' id='word_1_266' title='bbox 606 4904 776 4958; x_wconf 80' lang='lat' dir='ltr'><strong>simili</strong></span> <span class='ocrx_word' id='word_1_267' title='bbox 828 4919 918 4958; x_wconf 92' lang='lat' dir='ltr'><strong>us.</strong></span> <span class='ocrx_word' id='word_1_268' title='bbox 952 4903 1030 4958; x_wconf 87' lang='lat' dir='ltr'><strong>ad</strong></span> <span class='ocrx_word' id='word_1_269' title='bbox 1070 4903 1460 4958; x_wconf 83' lang='lat' dir='ltr'><strong>Christianam</strong></span> <span class='ocrx_word' id='word_1_270' title='bbox 1493 4906 1837 4958; x_wconf 67' lang='lat' dir='ltr'><strong>religionem</strong></span> <span class='ocrx_word' id='word_1_271' title='bbox 1887 4924 2015 4958; x_wconf 89' lang='lat' dir='ltr'><strong>sese</strong></span> <span class='ocrx_word' id='word_1_272' title='bbox 2063 4924 2167 4958; x_wconf 69' lang='lat' dir='ltr'><strong>a2-</strong></span> 
     </span>
    </p>
   </div>
   <div class='ocr_carea' id='block_1_42' title="bbox 520 4903 2167 4977">
    <p class='ocr_par' dir='ltr' id='par_1_42' title="bbox 520 4903 2167 4977">
     <span class='ocr_line' id='line_1_43' title="bbox 520 4903 2167 4977; baseline 0.002 -19"><span class='ocrx_word' id='word_1_273' title='bbox 520 4909 575 4958; x_wconf 87' lang='lat' dir='ltr'><strong>et</strong></span> <span class='ocrx_word' id='word_1_274' title='bbox 606 4903 918 4969; x_wconf 80' lang='lat' dir='ltr'><strong>similibus,</strong></span> <span class='ocrx_word' id='word_1_275' title='bbox 952 4903 1030 4958; x_wconf 87' lang='lat' dir='ltr'><strong>ad</strong></span> <span class='ocrx_word' id='word_1_276' title='bbox 1070 4903 1460 4977; x_wconf 82' lang='lat' dir='ltr'><strong>Christianam</strong></span> <span class='ocrx_word' id='word_1_277' title='bbox 1492 4906 1837 4977; x_wconf 79' lang='lat' dir='ltr'><strong>religionem</strong></span> <span class='ocrx_word' id='word_1_278' title='bbox 1887 4924 2015 4961; x_wconf 89' lang='lat' dir='ltr'><strong>sese</strong></span> <span class='ocrx_word' id='word_1_279' title='bbox 2063 4924 2167 4977; x_wconf 85' lang='lat' dir='ltr'><strong>ag-</strong></span> 
     </span>
    </p>
   </div>
   <div class='ocr_carea' id='block_1_43' title="bbox 519 4976 2166 5049">
    <p class='ocr_par' dir='ltr' id='par_1_43' title="bbox 519 4976 2166 5049">
     <span class='ocr_line' id='line_1_44' title="bbox 519 4976 2166 5049; baseline 0.004 -23"><span class='ocrx_word' id='word_1_280' title='bbox 519 4979 802 5049; x_wconf 66' lang='lat' dir='ltr'><strong>gregent:</strong></span> <span class='ocrx_word' id='word_1_281' title='bbox 854 4990 1059 5049; x_wconf 65' lang='lat' dir='ltr'><strong>quam</strong></span> <span class='ocrx_word' id='word_1_282' title='bbox 1091 4981 1148 5029; x_wconf 90' lang='lat' dir='ltr'><strong>et</strong></span> <span class='ocrx_word' id='word_1_283' title='bbox 1185 4976 1396 5049; x_wconf 74' lang='lat' dir='ltr'><strong>Nicetes</strong></span> <span class='ocrx_word' id='word_1_284' title='bbox 1447 4976 1748 5049; x_wconf 72' lang='lat' dir='ltr'><strong>Choniatte</strong></span> <span class='ocrx_word' id='word_1_285' title='bbox 1796 4976 2166 5049; x_wconf 85' lang='lat' dir='ltr'><strong>temporibus</strong></span> 
     </span>
    </p>
   </div>
   <div class='ocr_carea' id='block_1_44' title="bbox 519 5043 2163 5119">
    <p class='ocr_par' dir='ltr' id='par_1_44' title="bbox 519 5043 2163 5119">
     <span class='ocr_line' id='line_1_45' title="bbox 519 5043 2163 5119; baseline 0.003 -21"><span class='ocrx_word' id='word_1_286' title='bbox 519 5043 646 5119; x_wconf 79' lang='lat' dir='ltr'><strong>sub</strong></span> <span class='ocrx_word' id='word_1_287' title='bbox 685 5043 967 5119; x_wconf 70' lang='lat' dir='ltr'><strong>Manuelis</strong></span> <span class='ocrx_word' id='word_1_288' title='bbox 1020 5046 1305 5101; x_wconf 90' lang='lat' dir='ltr'><strong>Comneni</strong></span> <span class='ocrx_word' id='word_1_289' title='bbox 1355 5046 1610 5119; x_wconf 90' lang='lat' dir='ltr'><strong>imperio</strong></span> <span class='ocrx_word' id='word_1_290' title='bbox 1664 5048 1725 5103; x_wconf 88' lang='lat' dir='ltr'><strong>in</strong></span> <span class='ocrx_word' id='word_1_291' title='bbox 1783 5043 2163 5116; x_wconf 50' lang='lat' dir='ltr'><strong>usu—fuisse,</strong></span> 
     </span>
    </p>
   </div>
   <div class='ocr_carea' id='block_1_45' title="bbox 515 5114 1032 5171">
    <p class='ocr_par' dir='ltr' id='par_1_45' title="bbox 515 5114 1032 5171">
     <span class='ocr_line' id='line_1_46' title="bbox 515 5114 1032 5171; baseline -0.006 0"><span class='ocrx_word' id='word_1_292' title='bbox 515 5114 673 5171; x_wconf 86' lang='lat' dir='ltr'><strong>infra</strong></span> <span class='ocrx_word' id='word_1_293' title='bbox 702 5114 1032 5170; x_wconf 88' lang='lat' dir='ltr'><strong>docebitur.</strong></span> 
     </span>
    </p>
   </div>
   <div class='ocr_carea' id='block_1_46' title="bbox 591 5186 2165 5259">
    <p class='ocr_par' dir='ltr' id='par_1_46' title="bbox 591 5186 2165 5259">
     <span class='ocr_line' id='line_1_47' title="bbox 591 5186 2165 5259; baseline 0.003 -17"><span class='ocrx_word' id='word_1_294' title='bbox 591 5187 667 5259; x_wconf 74' lang='lat'><strong>(2)</strong></span> <span class='ocrx_word' id='word_1_295' title='bbox 707 5188 847 5241; x_wconf 86' lang='lat' dir='ltr'><strong>Post</strong></span> <span class='ocrx_word' id='word_1_296' title='bbox 873 5190 1052 5259; x_wconf 71' lang='grc' dir='ltr'>πίστιν</span> <span class='ocrx_word' id='word_1_297' title='bbox 1101 5186 1590 5259; x_wconf 78' lang='lat' dir='ltr'><strong>subaudiendum</strong></span> <span class='ocrx_word' id='word_1_298' title='bbox 1634 5188 1769 5259; x_wconf 79' lang='grc' dir='ltr'>λέγε,</span> <span class='ocrx_word' id='word_1_299' title='bbox 1823 5189 1913 5244; x_wconf 87' lang='lat' dir='ltr'><strong>vel</strong></span> <span class='ocrx_word' id='word_1_300' title='bbox 1974 5190 2165 5247; x_wconf 87' lang='lat' dir='ltr'><strong>simile</strong></span> 
     </span>
    </p>
   </div>
   <div class='ocr_carea' id='block_1_47' title="bbox 517 5256 2161 5330">
    <p class='ocr_par' dir='ltr' id='par_1_47' title="bbox 517 5256 2161 5330">
     <span class='ocr_line' id='line_1_48' title="bbox 517 5256 2161 5330; baseline 0.004 -19"><span class='ocrx_word' id='word_1_301' title='bbox 517 5256 696 5328; x_wconf 88' lang='lat' dir='ltr'><strong>quid;</strong></span> <span class='ocrx_word' id='word_1_302' title='bbox 721 5257 1008 5330; x_wconf 86' lang='lat' dir='ltr'><strong>sacerdos</strong></span> <span class='ocrx_word' id='word_1_303' title='bbox 1031 5257 1189 5312; x_wconf 91' lang='lat' dir='ltr'><strong>enim</strong></span> <span class='ocrx_word' id='word_1_304' title='bbox 1210 5258 1306 5314; x_wconf 90' lang='lat' dir='ltr'><strong>hic</strong></span> <span class='ocrx_word' id='word_1_305' title='bbox 1325 5256 1893 5330; x_wconf 54' lang='lat' dir='ltr'><strong>baptizando&#39;verba</strong></span> <span class='ocrx_word' id='word_1_306' title='bbox 1914 5261 2161 5317; x_wconf 90' lang='lat' dir='ltr'><strong>solemni</strong></span> 
     </span>
    </p>
   </div>
   <div class='ocr_carea' id='block_1_48' title="bbox 514 5329 897 5399">
    <p class='ocr_par' dir='ltr' id='par_1_48' title="bbox 514 5329 897 5399">
     <span class='ocr_line' id='line_1_49' title="bbox 514 5329 897 5399; baseline 0 -15"><span class='ocrx_word' id='word_1_307' title='bbox 514 5343 683 5384; x_wconf 84' lang='lat' dir='ltr'><strong>more</strong></span> <span class='ocrx_word' id='word_1_308' title='bbox 708 5329 897 5399; x_wconf 70' lang='lat' dir='ltr'><strong>praeit.</strong></span> 
     </span>
    </p>
   </div>
   <div class='ocr_carea' id='block_1_49' title="bbox 586 5397 2165 5473">
    <p class='ocr_par' dir='ltr' id='par_1_49' title="bbox 586 5397 2165 5473">
     <span class='ocr_line' id='line_1_50' title="bbox 586 5397 2165 5473; baseline 0.003 -18"><span class='ocrx_word' id='word_1_309' title='bbox 586 5400 665 5468; x_wconf 90' lang='lat'><strong>(3)</strong></span> <span class='ocrx_word' id='word_1_310' title='bbox 687 5397 750 5453; x_wconf 86' lang='lat' dir='ltr'><strong>In</strong></span> <span class='ocrx_word' id='word_1_311' title='bbox 785 5397 1318 5473; x_wconf 79' lang='lat' dir='ltr'><strong>Constitutionibus</strong></span> <span class='ocrx_word' id='word_1_312' title='bbox 1350 5399 1618 5473; x_wconf 63' lang='lat' dir='ltr'><strong>illisqure</strong></span> <span class='ocrx_word' id='word_1_313' title='bbox 1649 5402 1701 5458; x_wconf 93' lang='lat' dir='ltr'><strong>S.</strong></span> <span class='ocrx_word' id='word_1_314' title='bbox 1744 5403 2165 5473; x_wconf 82' lang='lat' dir='ltr'><strong>Apostolorum</strong></span> 
     </span>
    </p>
   </div>
   <div class='ocr_carea' id='block_1_50' title="bbox 516 5468 2166 5541">
    <p class='ocr_par' dir='ltr' id='par_1_50' title="bbox 516 5468 2166 5541">
     <span class='ocr_line' id='line_1_51' title="bbox 516 5468 2166 5541; baseline 0 -17"><span class='ocrx_word' id='word_1_315' title='bbox 516 5485 648 5524; x_wconf 90' lang='lat' dir='ltr'><strong>esse</strong></span> <span class='ocrx_word' id='word_1_316' title='bbox 678 5468 1088 5541; x_wconf 83' lang='lat' dir='ltr'><strong>perhibentur,</strong></span> <span class='ocrx_word' id='word_1_317' title='bbox 1111 5485 1169 5541; x_wconf 89' lang='lat' dir='ltr'><strong>p.</strong></span> <span class='ocrx_word' id='word_1_318' title='bbox 1200 5475 1318 5531; x_wconf 75' lang='lat'><strong>133.</strong></span> <span class='ocrx_word' id='word_1_319' title='bbox 1349 5468 1557 5526; x_wconf 73' lang='lat' dir='ltr'><strong>sinlilis</strong></span> <span class='ocrx_word' id='word_1_320' title='bbox 1584 5468 1839 5529; x_wconf 72' lang='lat' dir='ltr'><strong>formula</strong></span> <span class='ocrx_word' id='word_1_321' title='bbox 1862 5481 1972 5529; x_wconf 80' lang='lat' dir='ltr'><strong>est.</strong></span> <span class='ocrx_word' id='word_1_322' title='bbox 2006 5474 2166 5536; x_wconf 75' lang='grc' dir='ltr'>Εὔξα-</span> 
     </span>
    </p>
   </div>
   <div class='ocr_carea' id='block_1_51' title="bbox 519 5542 2167 5612">
    <p class='ocr_par' dir='ltr' id='par_1_51' title="bbox 519 5542 2167 5612">
     <span class='ocr_line' id='line_1_52' title="bbox 519 5542 2167 5612; baseline 0.004 -20"><span class='ocrx_word' id='word_1_323' title='bbox 519 5542 628 5612; x_wconf 77' lang='grc' dir='ltr'>σθε.</span> <span class='ocrx_word' id='word_1_324' title='bbox 697 5543 744 5592; x_wconf 81' lang='grc' dir='ltr'>οἱ</span> <span class='ocrx_word' id='word_1_325' title='bbox 796 5543 1204 5612; x_wconf 75' lang='grc' dir='ltr'>κατηχούμενοι·</span> <span class='ocrx_word' id='word_1_326' title='bbox 1274 5546 1364 5594; x_wconf 89' lang='lat' dir='ltr'><strong>xui</strong></span> <span class='ocrx_word' id='word_1_327' title='bbox 1440 5546 1619 5605; x_wconf 73' lang='grc' dir='ltr'>πάντες</span> <span class='ocrx_word' id='word_1_328' title='bbox 1681 5547 1729 5596; x_wconf 80' lang='grc' dir='ltr'>οἱ</span> <span class='ocrx_word' id='word_1_329' title='bbox 1792 5550 1974 5598; x_wconf 88' lang='grc' dir='ltr'>πιστοί</span> <span class='ocrx_word' id='word_1_330' title='bbox 2035 5550 2167 5598; x_wconf 74' lang='grc' dir='ltr'>κατὰ</span> 
     </span>
    </p>
   </div>
   <div class='ocr_carea' id='block_1_52' title="bbox 516 5608 2162 5691">
    <p class='ocr_par' dir='ltr' id='par_1_52' title="bbox 516 5608 2162 5691">
     <span class='ocr_line' id='line_1_53' title="bbox 516 5608 2162 5691; baseline 0.004 -28"><span class='ocrx_word' id='word_1_331' title='bbox 516 5608 749 5681; x_wconf 61' lang='grc' dir='ltr'>διάνοιαν</span> <span class='ocrx_word' id='word_1_332' title='bbox 788 5608 1124 5685; x_wconf 44' lang='lat' dir='ltr'><strong>(attinuit;er</strong></span> <span class='ocrx_word' id='word_1_333' title='bbox 1161 5616 1666 5686; x_wconf 76' lang='grc' dir='ltr'>προσευχέσθωσαν,</span> <span class='ocrx_word' id='word_1_334' title='bbox 1698 5616 1941 5688; x_wconf 77' lang='grc' dir='ltr'>λέγοντες,</span> <span class='ocrx_word' id='word_1_335' title='bbox 1987 5624 2162 5691; x_wconf 77' lang='grc' dir='ltr'>Κυριε,</span> 
     </span>
    </p>
   </div>
   <div class='ocr_carea' id='block_1_53' title="bbox 2287 2154 3889 2229">
    <p class='ocr_par' dir='ltr' id='par_1_53' title="bbox 2287 2154 3889 2229">
     <span class='ocr_line' id='line_1_54' title="bbox 2287 2154 3889 2229; baseline 0.002 -20"><span class='ocrx_word' id='word_1_336' title='bbox 2287 2161 2456 2210; x_wconf 81' lang='grc' dir='ltr'>στεύει</span> <span class='ocrx_word' id='word_1_337' title='bbox 2508 2156 2591 2209; x_wconf 78' lang='grc' dir='ltr'>ἐπὶ</span> <span class='ocrx_word' id='word_1_338' title='bbox 2667 2154 2965 2229; x_wconf 78' lang='grc' dir='ltr'>ἑϐδομάδας</span> <span class='ocrx_word' id='word_1_339' title='bbox 3003 2154 3121 2227; x_wconf 74' lang='grc' dir='ltr'><strong>δύο,</strong></span> <span class='ocrx_word' id='word_1_340' title='bbox 3177 2163 3267 2211; x_wconf 89' lang='grc' dir='ltr'><strong>καὶ</strong></span> <span class='ocrx_word' id='word_1_341' title='bbox 3305 2154 3623 2211; x_wconf 74' lang='grc' dir='ltr'>διδάσκεται</span> <span class='ocrx_word' id='word_1_342' title='bbox 3686 2164 3785 2219; x_wconf 78' lang='grc' dir='ltr'>τὴν</span> <span class='ocrx_word' id='word_1_343' title='bbox 3834 2160 3889 2212; x_wconf 84' lang='grc' dir='ltr'><strong>ἐν</strong></span> 
     </span>
    </p>
   </div>
   <div class='ocr_carea' id='block_1_54' title="bbox 2282 2244 3890 2322">
    <p class='ocr_par' dir='ltr' id='par_1_54' title="bbox 2282 2244 3890 2322">
     <span class='ocr_line' id='line_1_55' title="bbox 2282 2244 3890 2322; baseline 0.003 -25"><span class='ocrx_word' id='word_1_344' title='bbox 2282 2254 2393 2309; x_wconf 90' lang='grc' dir='ltr'>τοίς</span> <span class='ocrx_word' id='word_1_345' title='bbox 2452 2249 2609 2309; x_wconf 82' lang='grc' dir='ltr'><strong>θείοις</strong></span> <span class='ocrx_word' id='word_1_346' title='bbox 2684 2252 2773 2299; x_wconf 83' lang='grc' dir='ltr'>καὶ</span> <span class='ocrx_word' id='word_1_347' title='bbox 2838 2247 3009 2316; x_wconf 73' lang='grc' dir='ltr'>ἁγίοις</span> <span class='ocrx_word' id='word_1_348' title='bbox 3081 2247 3414 2319; x_wconf 71' lang='grc' dir='ltr'>Εὖαγγελίοις</span> <span class='ocrx_word' id='word_1_349' title='bbox 3485 2244 3890 2322; x_wconf 77' lang='grc' dir='ltr'><strong>παραδοθεῖσαν</strong></span> 
     </span>
    </p>
   </div>
   <div class='ocr_carea' id='block_1_55' title="bbox 2284 2337 3893 2411">
    <p class='ocr_par' dir='ltr' id='par_1_55' title="bbox 2284 2337 3893 2411">
     <span class='ocr_line' id='line_1_56' title="bbox 2284 2337 3893 2411; baseline 0.003 -25"><span class='ocrx_word' id='word_1_350' title='bbox 2284 2339 2408 2408; x_wconf 81' lang='grc' dir='ltr'>ἡμῖν</span> <span class='ocrx_word' id='word_1_351' title='bbox 2454 2338 2554 2388; x_wconf 81' lang='grc' dir='ltr'><strong>ὑπὸ</strong></span> <span class='ocrx_word' id='word_1_352' title='bbox 2603 2344 2695 2388; x_wconf 76' lang='grc' dir='ltr'>τοῦ</span> <span class='ocrx_word' id='word_1_353' title='bbox 2730 2341 2923 2408; x_wconf 77' lang='grc' dir='ltr'>Κυρίου</span> <span class='ocrx_word' id='word_1_354' title='bbox 2980 2338 3125 2407; x_wconf 73' lang='grc' dir='ltr'>ἡμῶν</span> <span class='ocrx_word' id='word_1_355' title='bbox 3158 2337 3334 2394; x_wconf 80' lang='grc' dir='ltr'>Ἰησοῦ</span> <span class='ocrx_word' id='word_1_356' title='bbox 3367 2344 3600 2411; x_wconf 78' lang='grc' dir='ltr'><strong>Χριστοῦ</strong></span> <span class='ocrx_word' id='word_1_357' title='bbox 3657 2358 3893 2411; x_wconf 83' lang='grc' dir='ltr'>προσευ-</span> 
     </span>
    </p>
   </div>
   <div class='ocr_carea' id='block_1_56' title="bbox 2283 2423 3894 2502">
    <p class='ocr_par' dir='ltr' id='par_1_56' title="bbox 2283 2423 3894 2502">
     <span class='ocr_line' id='line_1_57' title="bbox 2283 2423 3894 2502; baseline 0.002 -27"><span class='ocrx_word' id='word_1_358' title='bbox 2283 2430 2410 2496; x_wconf 76' lang='grc' dir='ltr'><strong>χὴν,</strong></span> <span class='ocrx_word' id='word_1_359' title='bbox 2446 2430 2535 2476; x_wconf 88' lang='lat' dir='ltr'><strong>xui</strong></span> <span class='ocrx_word' id='word_1_360' title='bbox 2586 2428 2645 2476; x_wconf 90' lang='grc' dir='ltr'>τὸ</span> <span class='ocrx_word' id='word_1_361' title='bbox 2704 2427 2835 2497; x_wconf 81' lang='grc' dir='ltr'>ἱερὸν</span> <span class='ocrx_word' id='word_1_362' title='bbox 2882 2432 2978 2484; x_wconf 82' lang='grc' dir='ltr'>τῆς</span> <span class='ocrx_word' id='word_1_363' title='bbox 3021 2428 3246 2484; x_wconf 88' lang='grc' dir='ltr'>πίστεως</span> <span class='ocrx_word' id='word_1_364' title='bbox 3297 2424 3571 2497; x_wconf 72' lang='grc' dir='ltr'>σύμϐολον·</span> <span class='ocrx_word' id='word_1_365' title='bbox 3606 2423 3720 2478; x_wconf 85' lang='grc' dir='ltr'>εἶτα</span> <span class='ocrx_word' id='word_1_366' title='bbox 3743 2446 3894 2502; x_wconf 68' lang='grc' dir='ltr'>περιο</span> 
     </span>
    </p>
   </div>
   <div class='ocr_carea' id='block_1_57' title="bbox 2283 2513 3894 2586">
    <p class='ocr_par' dir='ltr' id='par_1_57' title="bbox 2283 2513 3894 2586">
     <span class='ocr_line' id='line_1_58' title="bbox 2283 2513 3894 2586; baseline 0.001 -20"><span class='ocrx_word' id='word_1_367' title='bbox 2283 2516 2545 2585; x_wconf 76' lang='grc' dir='ltr'>τιθέμενος</span> <span class='ocrx_word' id='word_1_368' title='bbox 2611 2516 2704 2572; x_wconf 76' lang='grc' dir='ltr'>τὴν</span> <span class='ocrx_word' id='word_1_369' title='bbox 2774 2516 3034 2585; x_wconf 71' lang='grc' dir='ltr'><strong>ἱερατικὴν</strong></span> <span class='ocrx_word' id='word_1_370' title='bbox 3104 2513 3290 2571; x_wconf 81' lang='grc' dir='ltr'>στολὴν</span> <span class='ocrx_word' id='word_1_371' title='bbox 3357 2516 3383 2566; x_wconf 88' lang='lat'><strong>6</strong></span> <span class='ocrx_word' id='word_1_372' title='bbox 3452 2516 3627 2585; x_wconf 80' lang='grc' dir='ltr'>ἱερεὺς,</span> <span class='ocrx_word' id='word_1_373' title='bbox 3698 2518 3747 2566; x_wconf 74' lang='grc' dir='ltr'>ἓν</span> <span class='ocrx_word' id='word_1_374' title='bbox 3816 2524 3894 2586; x_wconf 83' lang='grc' dir='ltr'>τῷ</span> 
     </span>
    </p>
   </div>
   <div class='ocr_carea' id='block_1_58' title="bbox 2287 2602 3895 2676">
    <p class='ocr_par' dir='ltr' id='par_1_58' title="bbox 2287 2602 3895 2676">
     <span class='ocr_line' id='line_1_59' title="bbox 2287 2602 3895 2676; baseline 0.001 -22"><span class='ocrx_word' id='word_1_375' title='bbox 2287 2602 2681 2674; x_wconf 76' lang='grc' dir='ltr'>βαπτιστηρίῳ,</span> <span class='ocrx_word' id='word_1_376' title='bbox 2729 2607 3106 2673; x_wconf 74' lang='grc' dir='ltr'>συμπαρόντων</span> <span class='ocrx_word' id='word_1_377' title='bbox 3159 2607 3247 2654; x_wconf 84' lang='grc' dir='ltr'>καὶ</span> <span class='ocrx_word' id='word_1_378' title='bbox 3306 2602 3484 2676; x_wconf 84' lang='grc' dir='ltr'>ἐτέρων</span> <span class='ocrx_word' id='word_1_379' title='bbox 3536 2612 3737 2655; x_wconf 80' lang='grc' dir='ltr'>πιστῶν</span> <span class='ocrx_word' id='word_1_380' title='bbox 3770 2604 3895 2656; x_wconf 85' lang='grc' dir='ltr'>ὅσοι</span> 
     </span>
    </p>
   </div>
   <div class='ocr_carea' id='block_1_59' title="bbox 2286 2690 3893 2765">
    <p class='ocr_par' dir='ltr' id='par_1_59' title="bbox 2286 2690 3893 2765">
     <span class='ocr_line' id='line_1_60' title="bbox 2286 2690 3893 2765; baseline 0.002 -23"><span class='ocrx_word' id='word_1_381' title='bbox 2286 2690 2584 2763; x_wconf 75' lang='grc' dir='ltr'>βούλονται,</span> <span class='ocrx_word' id='word_1_382' title='bbox 2638 2692 3003 2763; x_wconf 68' lang='grc' dir='ltr'>μετακαλεῖται</span> <span class='ocrx_word' id='word_1_383' title='bbox 3047 2699 3259 2743; x_wconf 85' lang='grc' dir='ltr'>τοῦτον·</span> <span class='ocrx_word' id='word_1_384' title='bbox 3294 2697 3383 2743; x_wconf 83' lang='grc' dir='ltr'><strong>καὶ</strong></span> <span class='ocrx_word' id='word_1_385' title='bbox 3430 2694 3585 2743; x_wconf 80' lang='grc' dir='ltr'>ἱστῶν</span> <span class='ocrx_word' id='word_1_386' title='bbox 3634 2697 3732 2765; x_wconf 82' lang='grc' dir='ltr'>πρὸ</span> <span class='ocrx_word' id='word_1_387' title='bbox 3790 2702 3893 2754; x_wconf 77' lang='grc' dir='ltr'>τῆς</span> 
     </span>
    </p>
   </div>
   <div class='ocr_carea' id='block_1_60' title="bbox 2285 2778 3895 2853">
    <p class='ocr_par' dir='ltr' id='par_1_60' title="bbox 2285 2778 3895 2853">
     <span class='ocr_line' id='line_1_61' title="bbox 2285 2778 3895 2853; baseline 0.002 -23"><span class='ocrx_word' id='word_1_388' title='bbox 2285 2780 2434 2850; x_wconf 77' lang='grc' dir='ltr'>ασγίας</span> <span class='ocrx_word' id='word_1_389' title='bbox 2495 2780 2857 2853; x_wconf 70' lang='grc' dir='ltr'>κολυμϐήθρας</span> <span class='ocrx_word' id='word_1_390' title='bbox 2918 2778 3327 2851; x_wconf 79' lang='grc' dir='ltr'>ἀπερικάλυπτον</span> <span class='ocrx_word' id='word_1_391' title='bbox 3401 2784 3592 2851; x_wconf 62' lang='grc' dir='ltr'>ἔχοντα</span> <span class='ocrx_word' id='word_1_392' title='bbox 3654 2786 3749 2837; x_wconf 73' lang='grc' dir='ltr'>τὸν</span> <span class='ocrx_word' id='word_1_393' title='bbox 3808 2801 3895 2835; x_wconf 82' lang='grc' dir='ltr'>κε-</span> 
     </span>
    </p>
   </div>
   <div class='ocr_carea' id='block_1_61' title="bbox 2286 2867 3893 2944">
    <p class='ocr_par' dir='ltr' id='par_1_61' title="bbox 2286 2867 3893 2944">
     <span class='ocr_line' id='line_1_62' title="bbox 2286 2867 3893 2944; baseline 0.001 -24"><span class='ocrx_word' id='word_1_394' title='bbox 2286 2868 2469 2940; x_wconf 77' lang='grc' dir='ltr'>φαλὴν,</span> <span class='ocrx_word' id='word_1_395' title='bbox 2503 2874 2631 2941; x_wconf 80' lang='grc' dir='ltr'>φησι</span> <span class='ocrx_word' id='word_1_396' title='bbox 2673 2874 2801 2944; x_wconf 79' lang='grc' dir='ltr'>πρὸς</span> <span class='ocrx_word' id='word_1_397' title='bbox 2852 2869 3024 2921; x_wconf 71' lang='grc' dir='ltr'>αὐτόν·</span> <span class='ocrx_word' id='word_1_398' title='bbox 3059 2870 3115 2921; x_wconf 81' lang='grc' dir='ltr'><em>Ὀ</em></span> <span class='ocrx_word' id='word_1_399' title='bbox 3164 2867 3310 2922; x_wconf 73' lang='grc' dir='ltr'>δεῖνα</span> <span class='ocrx_word' id='word_1_400' title='bbox 3357 2871 3382 2921; x_wconf 87' lang='lat'><strong>6</strong></span> <span class='ocrx_word' id='word_1_401' title='bbox 3440 2868 3539 2922; x_wconf 73' lang='grc' dir='ltr'><strong>ἀπὸ</strong></span> <span class='ocrx_word' id='word_1_402' title='bbox 3570 2878 3893 2943; x_wconf 66' lang='grc' dir='ltr'>Σαρακηνῶν</span> 
     </span>
    </p>
   </div>
   <div class='ocr_carea' id='block_1_62' title="bbox 2286 2963 3891 3033">
    <p class='ocr_par' dir='ltr' id='par_1_62' title="bbox 2286 2963 3891 3033">
     <span class='ocr_line' id='line_1_63' title="bbox 2286 2963 3891 3033; baseline 0 -24"><span class='ocrx_word' id='word_1_403' title='bbox 2286 2964 2511 3033; x_wconf 76' lang='grc' dir='ltr'>σήμερον</span> <span class='ocrx_word' id='word_1_404' title='bbox 2568 2963 2988 3033; x_wconf 75' lang='grc' dir='ltr'>προσερχόμενος</span> <span class='ocrx_word' id='word_1_405' title='bbox 3047 2967 3107 3030; x_wconf 74' lang='grc' dir='ltr'>τῇ</span> <span class='ocrx_word' id='word_1_406' title='bbox 3167 2963 3344 3010; x_wconf 81' lang='grc' dir='ltr'>πίστει</span> <span class='ocrx_word' id='word_1_407' title='bbox 3383 2968 3482 3009; x_wconf 76' lang='grc' dir='ltr'>τῶν</span> <span class='ocrx_word' id='word_1_408' title='bbox 3550 2968 3891 3029; x_wconf 73' lang='grc' dir='ltr'>Χριστιανῶν</span> 
     </span>
    </p>
   </div>
   <div class='ocr_carea' id='block_1_63' title="bbox 2284 3044 3894 3118">
    <p class='ocr_par' dir='ltr' id='par_1_63' title="bbox 2284 3044 3894 3118">
     <span class='ocr_line' id='line_1_64' title="bbox 2284 3044 3894 3118; baseline 0.001 -19"><span class='ocrx_word' id='word_1_409' title='bbox 2284 3047 2376 3099; x_wconf 70' lang='grc' dir='ltr'>οὐκ</span> <span class='ocrx_word' id='word_1_410' title='bbox 2406 3050 2461 3098; x_wconf 83' lang='grc' dir='ltr'>ἔκ</span> <span class='ocrx_word' id='word_1_411' title='bbox 2491 3067 2623 3109; x_wconf 87' lang='grc' dir='ltr'>τινος</span> <span class='ocrx_word' id='word_1_412' title='bbox 2655 3046 2778 3118; x_wconf 81' lang='grc' dir='ltr'>βίας</span> <span class='ocrx_word' id='word_1_413' title='bbox 2808 3052 2837 3105; x_wconf 75' lang='grc' dir='ltr'>ᾗ</span> <span class='ocrx_word' id='word_1_414' title='bbox 2891 3048 3140 3117; x_wconf 73' lang='grc' dir='ltr'><strong>ἀνάγκης,</strong></span> <span class='ocrx_word' id='word_1_415' title='bbox 3179 3044 3302 3099; x_wconf 74' lang='grc' dir='ltr'><strong>οὐδὲ</strong></span> <span class='ocrx_word' id='word_1_416' title='bbox 3333 3046 3434 3100; x_wconf 76' lang='grc' dir='ltr'>ἀπὸ</span> <span class='ocrx_word' id='word_1_417' title='bbox 3485 3045 3638 3100; x_wconf 78' lang='grc' dir='ltr'>δόλου</span> <span class='ocrx_word' id='word_1_418' title='bbox 3692 3048 3721 3105; x_wconf 67' lang='grc' dir='ltr'>ἡ</span> <span class='ocrx_word' id='word_1_419' title='bbox 3759 3050 3894 3100; x_wconf 77' lang='grc' dir='ltr'>ὑπο-</span> 
     </span>
    </p>
   </div>
   <div class='ocr_carea' id='block_1_64' title="bbox 2283 3133 3895 3210">
    <p class='ocr_par' dir='ltr' id='par_1_64' title="bbox 2283 3133 3895 3210">
     <span class='ocr_line' id='line_1_65' title="bbox 2283 3133 3895 3210; baseline 0.001 -23"><span class='ocrx_word' id='word_1_420' title='bbox 2283 3142 2521 3210; x_wconf 64' lang='grc' dir='ltr'><strong>κρίσεως9</strong></span> <span class='ocrx_word' id='word_1_421' title='bbox 2554 3135 2658 3187; x_wconf 76' lang='grc' dir='ltr'>ἀλλ’</span> <span class='ocrx_word' id='word_1_422' title='bbox 2713 3135 2766 3198; x_wconf 82' lang='grc' dir='ltr'><strong>ἐξ</strong></span> <span class='ocrx_word' id='word_1_423' title='bbox 2813 3136 2933 3196; x_wconf 74' lang='grc' dir='ltr'>ὅλης</span> <span class='ocrx_word' id='word_1_424' title='bbox 2979 3136 3162 3207; x_wconf 68' lang='grc' dir='ltr'>ψυχῆς</span> <span class='ocrx_word' id='word_1_425' title='bbox 3218 3141 3305 3187; x_wconf 84' lang='grc' dir='ltr'>καὶ</span> <span class='ocrx_word' id='word_1_426' title='bbox 3371 3133 3593 3209; x_wconf 79' lang='grc' dir='ltr'>καρδίας</span> <span class='ocrx_word' id='word_1_427' title='bbox 3646 3138 3895 3210; x_wconf 76' lang='grc' dir='ltr'>καθαρᾶς</span> 
     </span>
    </p>
   </div>
   <div class='ocr_carea' id='block_1_65' title="bbox 2282 3221 3895 3296">
    <p class='ocr_par' dir='ltr' id='par_1_65' title="bbox 2282 3221 3895 3296">
     <span class='ocr_line' id='line_1_66' title="bbox 2282 3221 3895 3296; baseline 0.001 -21"><span class='ocrx_word' id='word_1_428' title='bbox 2282 3229 2373 3277; x_wconf 80' lang='grc' dir='ltr'>καὶ</span> <span class='ocrx_word' id='word_1_429' title='bbox 2425 3221 2637 3290; x_wconf 69' lang='grc' dir='ltr'>ἀδόλου,</span> <span class='ocrx_word' id='word_1_430' title='bbox 2672 3227 2756 3275; x_wconf 88' lang='grc' dir='ltr'><strong>τόν</strong></span> <span class='ocrx_word' id='word_1_431' title='bbox 2801 3227 3030 3296; x_wconf 77' lang='grc' dir='ltr'>Χριστόν</span> <span class='ocrx_word' id='word_1_432' title='bbox 3091 3223 3381 3294; x_wconf 70' lang='grc' dir='ltr'>ἀγαπώσης</span> <span class='ocrx_word' id='word_1_433' title='bbox 3432 3230 3522 3276; x_wconf 86' lang='lat' dir='ltr'><strong>xui</strong></span> <span class='ocrx_word' id='word_1_434' title='bbox 3569 3228 3664 3281; x_wconf 75' lang='grc' dir='ltr'>τὴν</span> <span class='ocrx_word' id='word_1_435' title='bbox 3721 3225 3895 3276; x_wconf 73' lang='grc' dir='ltr'>αὐτοῦ</span> 
     </span>
    </p>
   </div>
   <div class='ocr_carea' id='block_1_66' title="bbox 2283 3314 3892 3386">
    <p class='ocr_par' dir='ltr' id='par_1_66' title="bbox 2283 3314 3892 3386">
     <span class='ocr_line' id='line_1_67' title="bbox 2283 3314 3892 3386; baseline -0.001 -21"><span class='ocrx_word' id='word_1_436' title='bbox 2283 3319 2462 3366; x_wconf 84' lang='grc' dir='ltr'>πίστιν</span> <span class='ocrx_word' id='word_1_437' title='bbox 2484 3316 2581 3381; x_wconf 82' lang='lat'><strong>(2).</strong></span> <span class='ocrx_word' id='word_1_438' title='bbox 2642 3314 3041 3385; x_wconf 80' lang='grc' dir='ltr'>Ἀποτάσσομαι</span> <span class='ocrx_word' id='word_1_439' title='bbox 3092 3316 3238 3385; x_wconf 69' lang='grc' dir='ltr'>πάσῃ</span> <span class='ocrx_word' id='word_1_440' title='bbox 3289 3321 3349 3385; x_wconf 72' lang='grc' dir='ltr'><strong>τῇ</strong></span> <span class='ocrx_word' id='word_1_441' title='bbox 3411 3322 3510 3365; x_wconf 82' lang='grc' dir='ltr'>τῶν</span> <span class='ocrx_word' id='word_1_442' title='bbox 3571 3321 3892 3386; x_wconf 73' lang='grc' dir='ltr'>Σαρακηνών</span> 
     </span>
    </p>
   </div>
   <div class='ocr_carea' id='block_1_67' title="bbox 2214 3389 3895 3475">
    <p class='ocr_par' dir='ltr' id='par_1_67' title="bbox 2214 3400 3895 3475">
     <span class='ocr_line' id='line_1_68' title="bbox 2214 3400 3895 3475; baseline -0.001 -21"><span class='ocrx_word' id='word_1_443' title='bbox 2214 3417 2254 3469; x_wconf 77' lang='grc' dir='ltr'><strong>Β</strong></span> <span class='ocrx_word' id='word_1_444' title='bbox 2287 3404 2558 3475; x_wconf 72' lang='grc' dir='ltr'>θρησκεία,</span> <span class='ocrx_word' id='word_1_445' title='bbox 2600 3408 2688 3454; x_wconf 83' lang='grc' dir='ltr'><strong>καὶ</strong></span> <span class='ocrx_word' id='word_1_446' title='bbox 2746 3400 3110 3473; x_wconf 74' lang='grc' dir='ltr'>ἀναθεματίςω</span> <span class='ocrx_word' id='word_1_447' title='bbox 3163 3400 3398 3474; x_wconf 71' lang='grc' dir='ltr'><strong>Μωάμεὸ</strong></span> <span class='ocrx_word' id='word_1_448' title='bbox 3453 3407 3538 3454; x_wconf 85' lang='grc' dir='ltr'><strong>τόν</strong></span> <span class='ocrx_word' id='word_1_449' title='bbox 3599 3409 3687 3453; x_wconf 86' lang='lat' dir='ltr'><strong>xui</strong></span> <span class='ocrx_word' id='word_1_450' title='bbox 3734 3409 3895 3455; x_wconf 83' lang='grc' dir='ltr'>Μου-</span> 
     </span>
    </p>
   </div>
   <div class='ocr_carea' id='block_1_68' title="bbox 2281 3490 3893 3565">
    <p class='ocr_par' dir='ltr' id='par_1_68' title="bbox 2281 3490 3893 3565">
     <span class='ocr_line' id='line_1_69' title="bbox 2281 3490 3893 3565; baseline -0.001 -23"><span class='ocrx_word' id='word_1_451' title='bbox 2281 3494 2502 3562; x_wconf 80' lang='grc' dir='ltr'>χούμετ,</span> <span class='ocrx_word' id='word_1_452' title='bbox 2568 3492 2621 3542; x_wconf 84' lang='grc' dir='ltr'>ὃν</span> <span class='ocrx_word' id='word_1_453' title='bbox 2702 3490 2750 3542; x_wconf 84' lang='grc' dir='ltr'>οὶ</span> <span class='ocrx_word' id='word_1_454' title='bbox 2816 3496 3103 3565; x_wconf 75' lang='grc' dir='ltr'>Σαρακηνοὶ</span> <span class='ocrx_word' id='word_1_455' title='bbox 3171 3499 3395 3562; x_wconf 80' lang='grc' dir='ltr'>τιμῶσιν</span> <span class='ocrx_word' id='word_1_456' title='bbox 3452 3495 3516 3551; x_wconf 78' lang='grc' dir='ltr'>ὡς</span> <span class='ocrx_word' id='word_1_457' title='bbox 3587 3491 3893 3543; x_wconf 75' lang='grc' dir='ltr'>ἀπόστολον</span> 
     </span>
    </p>
   </div>
   <div class='ocr_carea' id='block_1_69' title="bbox 2283 3580 3893 3651">
    <p class='ocr_par' dir='ltr' id='par_1_69' title="bbox 2283 3580 3893 3651">
     <span class='ocr_line' id='line_1_70' title="bbox 2283 3580 3893 3651; baseline -0.001 -18"><span class='ocrx_word' id='word_1_458' title='bbox 2283 3586 2408 3633; x_wconf 80' lang='grc' dir='ltr'>Θεου</span> <span class='ocrx_word' id='word_1_459' title='bbox 2488 3585 2576 3631; x_wconf 83' lang='grc' dir='ltr'><strong>καὶ</strong></span> <span class='ocrx_word' id='word_1_460' title='bbox 2650 3584 2940 3651; x_wconf 61' lang='grc' dir='ltr'>προφήτην.</span> <span class='ocrx_word' id='word_1_461' title='bbox 3019 3580 3266 3631; x_wconf 72' lang='grc' dir='ltr'>Κάκείνον</span> <span class='ocrx_word' id='word_1_462' title='bbox 3337 3583 3751 3650; x_wconf 76' lang='grc' dir='ltr'>συντιθεμένον,’</span> <span class='ocrx_word' id='word_1_463' title='bbox 3792 3584 3893 3632; x_wconf 84' lang='grc' dir='ltr'>καὶ</span> 
     </span>
    </p>
   </div>
   <div class='ocr_carea' id='block_1_70' title="bbox 2281 3666 3900 3742">
    <p class='ocr_par' dir='ltr' id='par_1_70' title="bbox 2281 3666 3900 3742">
     <span class='ocr_line' id='line_1_71' title="bbox 2281 3666 3900 3742; baseline -0.001 -21"><span class='ocrx_word' id='word_1_464' title='bbox 2281 3669 2516 3739; x_wconf 76' lang='grc' dir='ltr'>λέγοντος</span> <span class='ocrx_word' id='word_1_465' title='bbox 2567 3672 2631 3720; x_wconf 79' lang='grc' dir='ltr'>τὰ</span> <span class='ocrx_word' id='word_1_466' title='bbox 2688 3670 2822 3721; x_wconf 66' lang='grc' dir='ltr'>αὐτὰ</span> <span class='ocrx_word' id='word_1_467' title='bbox 2864 3671 3077 3742; x_wconf 75' lang='grc' dir='ltr'>ῥήματα</span> <span class='ocrx_word' id='word_1_468' title='bbox 3106 3671 3134 3726; x_wconf 71' lang='grc' dir='ltr'><strong>ᾖ</strong></span> <span class='ocrx_word' id='word_1_469' title='bbox 3199 3666 3270 3720; x_wconf 81' lang='grc' dir='ltr'><strong>δι’</strong></span> <span class='ocrx_word' id='word_1_470' title='bbox 3312 3669 3496 3721; x_wconf 81' lang='grc' dir='ltr'>ἑαυτου</span> <span class='ocrx_word' id='word_1_471' title='bbox 3541 3671 3567 3727; x_wconf 72' lang='grc' dir='ltr'><em>ἦ</em></span> <span class='ocrx_word' id='word_1_472' title='bbox 3604 3667 3675 3720; x_wconf 73' lang='grc' dir='ltr'><strong>δι’</strong></span> <span class='ocrx_word' id='word_1_473' title='bbox 3725 3668 3900 3742; x_wconf 72' lang='grc' dir='ltr'>ἑρμη-</span> 
     </span>
    </p>
   </div>
   <div class='ocr_carea' id='block_1_71' title="bbox 2282 3754 3895 3831">
    <p class='ocr_par' dir='ltr' id='par_1_71' title="bbox 2282 3754 3895 3831">
     <span class='ocr_line' id='line_1_72' title="bbox 2282 3754 3895 3831; baseline 0.001 -21"><span class='ocrx_word' id='word_1_474' title='bbox 2282 3766 2422 3824; x_wconf 79' lang='grc' dir='ltr'>νέως,</span> <span class='ocrx_word' id='word_1_475' title='bbox 2456 3757 2539 3810; x_wconf 73' lang='grc' dir='ltr'><strong>ἐὰν</strong></span> <span class='ocrx_word' id='word_1_476' title='bbox 2567 3758 2722 3818; x_wconf 66' lang='grc' dir='ltr'>αὑτός</span> <span class='ocrx_word' id='word_1_477' title='bbox 2779 3762 2848 3829; x_wconf 74' lang='grc' dir='ltr'>μὴ</span> <span class='ocrx_word' id='word_1_478' title='bbox 2909 3759 3246 3831; x_wconf 71' lang='grc' dir='ltr'>Γραικίζῃ,ἧ</span> <span class='ocrx_word' id='word_1_479' title='bbox 3308 3756 3401 3810; x_wconf 66' lang='grc' dir='ltr'><strong>διὰ</strong></span> <span class='ocrx_word' id='word_1_480' title='bbox 3457 3766 3546 3810; x_wconf 82' lang='grc' dir='ltr'>τοῦ</span> <span class='ocrx_word' id='word_1_481' title='bbox 3606 3754 3895 3830; x_wconf 69' lang='grc' dir='ltr'>ἀναδόχου</span> 
     </span>
    </p>
   </div>
   <div class='ocr_carea' id='block_1_72' title="bbox 2282 3844 3898 3921">
    <p class='ocr_par' dir='ltr' id='par_1_72' title="bbox 2282 3844 3898 3921">
     <span class='ocr_line' id='line_1_73' title="bbox 2282 3844 3898 3921; baseline 0.001 -22"><span class='ocrx_word' id='word_1_482' title='bbox 2282 3848 2461 3918; x_wconf 68' lang='grc' dir='ltr'>αὐτοῦ,</span> <span class='ocrx_word' id='word_1_483' title='bbox 2510 3848 2553 3899; x_wconf 82' lang='grc' dir='ltr'>εἰ</span> <span class='ocrx_word' id='word_1_484' title='bbox 2590 3844 2804 3899; x_wconf 72' lang='grc' dir='ltr'>παιδίον</span> <span class='ocrx_word' id='word_1_485' title='bbox 2872 3846 3005 3913; x_wconf 81' lang='grc' dir='ltr'>ἐστὶ,</span> <span class='ocrx_word' id='word_1_486' title='bbox 3068 3846 3220 3899; x_wconf 69' lang='grc' dir='ltr'>πάλιν</span> <span class='ocrx_word' id='word_1_487' title='bbox 3267 3849 3293 3898; x_wconf 88' lang='grc' dir='ltr'><strong>ό</strong></span> <span class='ocrx_word' id='word_1_488' title='bbox 3350 3852 3509 3921; x_wconf 80' lang='grc' dir='ltr'>ίερευς</span> <span class='ocrx_word' id='word_1_489' title='bbox 3561 3847 3792 3920; x_wconf 74' lang='grc' dir='ltr'>ἐπιφέρει</span> <span class='ocrx_word' id='word_1_490' title='bbox 3825 3853 3898 3901; x_wconf 84' lang='grc' dir='ltr'>τὰ</span> 
     </span>
    </p>
   </div>
   <div class='ocr_carea' id='block_1_73' title="bbox 2282 3932 3895 4008">
    <p class='ocr_par' dir='ltr' id='par_1_73' title="bbox 2282 3932 3895 4008">
     <span class='ocr_line' id='line_1_74' title="bbox 2282 3932 3895 4008; baseline 0.002 -22"><span class='ocrx_word' id='word_1_491' title='bbox 2282 3934 2678 3987; x_wconf 80' lang='grc' dir='ltr'>ἀκόλουθα·καὶ</span> <span class='ocrx_word' id='word_1_492' title='bbox 2709 3932 2859 3997; x_wconf 76' lang='grc' dir='ltr'>αὖθις</span> <span class='ocrx_word' id='word_1_493' title='bbox 2918 3941 3106 4005; x_wconf 73' lang='grc' dir='ltr'>γίνεται</span> <span class='ocrx_word' id='word_1_494' title='bbox 3177 3938 3205 3992; x_wconf 76' lang='grc' dir='ltr'><strong>ἡ</strong></span> <span class='ocrx_word' id='word_1_495' title='bbox 3269 3935 3548 4008; x_wconf 75' lang='grc' dir='ltr'>ἀπόκρισις</span> <span class='ocrx_word' id='word_1_496' title='bbox 3603 3938 3737 3986; x_wconf 86' lang='grc' dir='ltr'><strong>κατὰ</strong></span> <span class='ocrx_word' id='word_1_497' title='bbox 3798 3941 3895 3989; x_wconf 82' lang='grc' dir='ltr'><strong>τόν</strong></span> 
     </span>
    </p>
   </div>
   <div class='ocr_carea' id='block_1_74' title="bbox 2281 4022 3895 4096">
    <p class='ocr_par' dir='ltr' id='par_1_74' title="bbox 2281 4022 3895 4096">
     <span class='ocr_line' id='line_1_75' title="bbox 2281 4022 3895 4096; baseline 0.001 -20"><span class='ocrx_word' id='word_1_498' title='bbox 2281 4025 2435 4076; x_wconf 73' lang='grc' dir='ltr'>αὐτὸν</span> <span class='ocrx_word' id='word_1_499' title='bbox 2488 4029 2696 4096; x_wconf 84' lang='grc' dir='ltr'>τρόπον.</span> <span class='ocrx_word' id='word_1_500' title='bbox 2753 4029 2853 4077; x_wconf 81' lang='grc' dir='ltr'><strong>Καὶ</strong></span> <span class='ocrx_word' id='word_1_501' title='bbox 2911 4032 3002 4076; x_wconf 74' lang='grc' dir='ltr'>τοῦ</span> <span class='ocrx_word' id='word_1_502' title='bbox 3062 4022 3486 4095; x_wconf 78' lang='grc' dir='ltr'>ἀναθεματισμοῦ</span> <span class='ocrx_word' id='word_1_503' title='bbox 3530 4028 3716 4085; x_wconf 80' lang='grc' dir='ltr'>παντὸς</span> <span class='ocrx_word' id='word_1_504' title='bbox 3753 4026 3895 4084; x_wconf 72' lang='grc' dir='ltr'>πλη-</span> 
     </span>
    </p>
   </div>
   <div class='ocr_carea' id='block_1_75' title="bbox 2277 4109 3894 4186">
    <p class='ocr_par' dir='ltr' id='par_1_75' title="bbox 2277 4109 3894 4186">
     <span class='ocr_line' id='line_1_76' title="bbox 2277 4109 3894 4186; baseline 0.001 -22"><span class='ocrx_word' id='word_1_505' title='bbox 2277 4118 2549 4186; x_wconf 83' lang='grc' dir='ltr'>ρουμένου,</span> <span class='ocrx_word' id='word_1_506' title='bbox 2608 4118 2767 4183; x_wconf 77' lang='grc' dir='ltr'>φησὶν</span> <span class='ocrx_word' id='word_1_507' title='bbox 2819 4114 2844 4163; x_wconf 91' lang='grc' dir='ltr'><strong>ό</strong></span> <span class='ocrx_word' id='word_1_508' title='bbox 2891 4109 3152 4173; x_wconf 74' lang='grc' dir='ltr'>διάκονος,</span> <span class='ocrx_word' id='word_1_509' title='bbox 3195 4120 3297 4165; x_wconf 84' lang='grc' dir='ltr'>Του</span> <span class='ocrx_word' id='word_1_510' title='bbox 3339 4117 3533 4185; x_wconf 78' lang='grc' dir='ltr'>Κυρίου</span> <span class='ocrx_word' id='word_1_511' title='bbox 3592 4109 3894 4183; x_wconf 76' lang='grc' dir='ltr'>δεηθῶμεν⁸</span> 
     </span>
    </p>
   </div>
   <div class='ocr_carea' id='block_1_76' title="bbox 2278 4199 3897 4274">
    <p class='ocr_par' dir='ltr' id='par_1_76' title="bbox 2278 4199 3897 4274">
     <span class='ocr_line' id='line_1_77' title="bbox 2278 4199 3897 4274; baseline 0.002 -22"><span class='ocrx_word' id='word_1_512' title='bbox 2278 4206 2368 4252; x_wconf 87' lang='grc' dir='ltr'><strong>καί</strong></span> <span class='ocrx_word' id='word_1_513' title='bbox 2426 4203 2450 4252; x_wconf 86' lang='grc' dir='ltr'><strong><em>ὁ</em></strong></span> <span class='ocrx_word' id='word_1_514' title='bbox 2483 4200 2625 4267; x_wconf 84' lang='grc' dir='ltr'>λαὸς,</span> <span class='ocrx_word' id='word_1_515' title='bbox 2681 4204 2857 4274; x_wconf 74' lang='grc' dir='ltr'>Κύριε,</span> <span class='ocrx_word' id='word_1_516' title='bbox 2892 4199 3131 4257; x_wconf 69' lang='grc' dir='ltr'>ἐλέησον·</span> <span class='ocrx_word' id='word_1_517' title='bbox 3192 4206 3282 4252; x_wconf 88' lang='grc' dir='ltr'><strong>καί</strong></span> <span class='ocrx_word' id='word_1_518' title='bbox 3338 4204 3399 4252; x_wconf 76' lang='grc' dir='ltr'>τὰ</span> <span class='ocrx_word' id='word_1_519' title='bbox 3457 4200 3589 4262; x_wconf 74' lang='grc' dir='ltr'>ἑξῆς.</span> <span class='ocrx_word' id='word_1_520' title='bbox 3640 4204 3789 4251; x_wconf 83' lang='grc' dir='ltr'><strong>Μετὰ</strong></span> <span class='ocrx_word' id='word_1_521' title='bbox 3832 4199 3897 4255; x_wconf 72' lang='grc' dir='ltr'><strong>δὲ</strong></span> 
     </span>
    </p>
   </div>
   <div class='ocr_carea' id='block_1_77' title="bbox 2278 4287 3896 4361">
    <p class='ocr_par' dir='ltr' id='par_1_77' title="bbox 2278 4287 3896 4361">
     <span class='ocr_line' id='line_1_78' title="bbox 2278 4287 3896 4361; baseline 0 -20"><span class='ocrx_word' id='word_1_522' title='bbox 2278 4295 2335 4341; x_wconf 83' lang='grc' dir='ltr'><strong>τό</strong></span> <span class='ocrx_word' id='word_1_523' title='bbox 2406 4289 2571 4360; x_wconf 75' lang='grc' dir='ltr'>Ἀμὴν</span> <span class='ocrx_word' id='word_1_524' title='bbox 2632 4288 2933 4361; x_wconf 68' lang='grc' dir='ltr'>σφραγίζων</span> <span class='ocrx_word' id='word_1_525' title='bbox 3003 4289 3157 4340; x_wconf 71' lang='grc' dir='ltr'>αὐτόν</span> <span class='ocrx_word' id='word_1_526' title='bbox 3219 4287 3448 4341; x_wconf 78' lang='grc' dir='ltr'>ἀπολύει·</span> <span class='ocrx_word' id='word_1_527' title='bbox 3510 4294 3597 4340; x_wconf 88' lang='grc' dir='ltr'><strong>καί</strong></span> <span class='ocrx_word' id='word_1_528' title='bbox 3653 4296 3713 4359; x_wconf 67' lang='grc' dir='ltr'>τῇ</span> <span class='ocrx_word' id='word_1_529' title='bbox 3762 4290 3896 4352; x_wconf 70' lang='grc' dir='ltr'>ἑξῆς</span> 
     </span>
    </p>
   </div>
   <div class='ocr_carea' id='block_1_78' title="bbox 2280 4378 3567 4451">
    <p class='ocr_par' dir='ltr' id='par_1_78' title="bbox 2280 4378 3567 4451">
     <span class='ocr_line' id='line_1_79' title="bbox 2280 4378 3567 4451; baseline 0.002 -21"><span class='ocrx_word' id='word_1_530' title='bbox 2280 4381 2450 4451; x_wconf 77' lang='grc' dir='ltr'>ἡμέρᾳ</span> <span class='ocrx_word' id='word_1_531' title='bbox 2482 4380 2878 4450; x_wconf 78' lang='grc' dir='ltr'>συναριθμεῖται</span> <span class='ocrx_word' id='word_1_532' title='bbox 2907 4385 3013 4437; x_wconf 83' lang='grc' dir='ltr'>τοῖς</span> <span class='ocrx_word' id='word_1_533' title='bbox 3035 4382 3451 4450; x_wconf 80' lang='grc' dir='ltr'>κατηχουμένοις</span> 
     </span>
    </p>
   </div>
   <div class='ocr_carea' id='block_1_79' title="bbox 2278 4552 3894 4622">
    <p class='ocr_par' dir='ltr' id='par_1_79' title="bbox 2278 4552 3894 4622">
     <span class='ocr_line' id='line_1_80' title="bbox 2278 4552 3894 4622; baseline 0.004 -18"><span class='ocrx_word' id='word_1_534' title='bbox 2278 4552 2507 4610; x_wconf 81' lang='grc' dir='ltr'>ἐλέησον.</span> <span class='ocrx_word' id='word_1_535' title='bbox 2540 4553 2601 4607; x_wconf 90' lang='lat' dir='ltr'><strong>ld</strong></span> <span class='ocrx_word' id='word_1_536' title='bbox 2633 4557 2742 4610; x_wconf 85' lang='lat' dir='ltr'><strong>est.</strong></span> <span class='ocrx_word' id='word_1_537' title='bbox 2784 4552 2962 4607; x_wconf 82' lang='lat' dir='ltr'><strong>Orate</strong></span> <span class='ocrx_word' id='word_1_538' title='bbox 2991 4552 3422 4617; x_wconf 82' lang='lat' dir='ltr'><strong>catechumeni,</strong></span> <span class='ocrx_word' id='word_1_539' title='bbox 3457 4566 3776 4622; x_wconf 85' lang='lat' dir='ltr'><strong>omnesque</strong></span> <span class='ocrx_word' id='word_1_540' title='bbox 3817 4556 3894 4622; x_wconf 81' lang='lat' dir='ltr'><strong>ﬁ-</strong></span> 
     </span>
    </p>
   </div>
   <div class='ocr_carea' id='block_1_80' title="bbox 2275 4623 3883 4691">
    <p class='ocr_par' dir='ltr' id='par_1_80' title="bbox 2275 4623 3883 4691">
     <span class='ocr_line' id='line_1_81' title="bbox 2275 4623 3883 4691; baseline 0 -12"><span class='ocrx_word' id='word_1_541' title='bbox 2275 4624 2433 4679; x_wconf 84' lang='lat' dir='ltr'><strong>deles</strong></span> <span class='ocrx_word' id='word_1_542' title='bbox 2455 4625 2653 4679; x_wconf 84' lang='lat' dir='ltr'><strong>animo</strong></span> <span class='ocrx_word' id='word_1_543' title='bbox 2684 4639 2757 4679; x_wconf 85' lang='lat' dir='ltr'><strong>ac</strong></span> <span class='ocrx_word' id='word_1_544' title='bbox 2782 4630 2975 4679; x_wconf 83' lang='lat' dir='ltr'><strong>mente</strong></span> <span class='ocrx_word' id='word_1_545' title='bbox 3003 4639 3109 4677; x_wconf 83' lang='lat' dir='ltr'><strong>sua</strong></span> <span class='ocrx_word' id='word_1_546' title='bbox 3138 4639 3248 4691; x_wconf 81' lang='lat' dir='ltr'><strong>pro</strong></span> <span class='ocrx_word' id='word_1_547' title='bbox 3280 4623 3358 4678; x_wconf 86' lang='lat' dir='ltr'><strong>eis</strong></span> <span class='ocrx_word' id='word_1_548' title='bbox 3407 4629 3750 4691; x_wconf 72' lang='lat' dir='ltr'><strong>precentur,</strong></span> <span class='ocrx_word' id='word_1_549' title='bbox 3789 4626 3883 4679; x_wconf 79' lang='lat' dir='ltr'><strong>di-</strong></span> 
     </span>
    </p>
   </div>
   <div class='ocr_carea' id='block_1_81' title="bbox 2277 4692 3889 4764">
    <p class='ocr_par' dir='ltr' id='par_1_81' title="bbox 2277 4692 3889 4764">
     <span class='ocr_line' id='line_1_82' title="bbox 2277 4692 3889 4764; baseline -0.002 -15"><span class='ocrx_word' id='word_1_550' title='bbox 2277 4702 2493 4764; x_wconf 80' lang='lat' dir='ltr'><strong>centes,</strong></span> <span class='ocrx_word' id='word_1_551' title='bbox 2525 4697 2790 4761; x_wconf 81' lang='lat' dir='ltr'><strong>Domine,</strong></span> <span class='ocrx_word' id='word_1_552' title='bbox 2817 4696 3112 4749; x_wconf 73' lang='lat' dir='ltr'><strong>miserere.</strong></span> <span class='ocrx_word' id='word_1_553' title='bbox 3147 4696 3211 4748; x_wconf 85' lang='lat' dir='ltr'><strong>Et</strong></span> <span class='ocrx_word' id='word_1_554' title='bbox 3251 4709 3512 4762; x_wconf 88' lang='lat' dir='ltr'><strong>rursum,</strong></span> <span class='ocrx_word' id='word_1_555' title='bbox 3548 4696 3668 4760; x_wconf 77' lang='grc'><strong>134,</strong></span> <span class='ocrx_word' id='word_1_556' title='bbox 3692 4692 3753 4755; x_wconf 82' lang='lat' dir='ltr'><strong>b,</strong></span> <span class='ocrx_word' id='word_1_557' title='bbox 3786 4698 3889 4747; x_wconf 68' lang='lat' dir='ltr'><strong>F.5-</strong></span> 
     </span>
    </p>
   </div>
   <div class='ocr_carea' id='block_1_82' title="bbox 2210 4764 3887 4837">
    <p class='ocr_par' dir='ltr' id='par_1_82' title="bbox 2210 4764 3887 4837">
     <span class='ocr_line' id='line_1_83' title="bbox 2210 4764 3887 4837; baseline 0 -18"><span class='ocrx_word' id='word_1_558' title='bbox 2210 4765 2249 4819; x_wconf 87' lang='lat' dir='ltr'><strong>C</strong></span> <span class='ocrx_word' id='word_1_559' title='bbox 2278 4765 2453 4835; x_wconf 75' lang='grc' dir='ltr'><strong>ξασθε⁵</strong></span> <span class='ocrx_word' id='word_1_560' title='bbox 2486 4768 2533 4817; x_wconf 83' lang='grc' dir='ltr'>οἱ</span> <span class='ocrx_word' id='word_1_561' title='bbox 2577 4766 2953 4837; x_wconf 73' lang='grc' dir='ltr'>φωτίζόμενοιῑ</span> <span class='ocrx_word' id='word_1_562' title='bbox 2989 4764 3191 4823; x_wconf 83' lang='grc' dir='ltr'>ἐκτενῶς</span> <span class='ocrx_word' id='word_1_563' title='bbox 3230 4767 3278 4816; x_wconf 88' lang='grc' dir='ltr'>οἱ</span> <span class='ocrx_word' id='word_1_564' title='bbox 3308 4768 3488 4816; x_wconf 81' lang='grc' dir='ltr'>πιστοί</span> <span class='ocrx_word' id='word_1_565' title='bbox 3518 4768 3702 4824; x_wconf 69' lang='grc' dir='ltr'>πάντες</span> <span class='ocrx_word' id='word_1_566' title='bbox 3744 4767 3887 4835; x_wconf 76' lang='grc' dir='ltr'>ὑπὲρ</span> 
     </span>
    </p>
   </div>
   <div class='ocr_carea' id='block_1_83' title="bbox 2277 4835 3883 4911">
    <p class='ocr_par' dir='ltr' id='par_1_83' title="bbox 2277 4835 3883 4911">
     <span class='ocr_line' id='line_1_84' title="bbox 2277 4835 3883 4911; baseline 0.001 -24"><span class='ocrx_word' id='word_1_567' title='bbox 2277 4836 2444 4887; x_wconf 74' lang='grc' dir='ltr'>αὐτῶν</span> <span class='ocrx_word' id='word_1_568' title='bbox 2499 4835 2937 4911; x_wconf 74' lang='grc' dir='ltr'>παρακαλέσωμεν</span> <span class='ocrx_word' id='word_1_569' title='bbox 2972 4853 2984 4864; x_wconf 77' lang='grc'><strong><em>⁸</em></strong></span> <span class='ocrx_word' id='word_1_570' title='bbox 3055 4837 3192 4897; x_wconf 83' lang='grc' dir='ltr'>ὅπως</span> <span class='ocrx_word' id='word_1_571' title='bbox 3242 4836 3266 4886; x_wconf 89' lang='grc' dir='ltr'><strong>ό</strong></span> <span class='ocrx_word' id='word_1_572' title='bbox 3325 4839 3514 4908; x_wconf 79' lang='grc' dir='ltr'>Κύριος</span> <span class='ocrx_word' id='word_1_573' title='bbox 3566 4835 3883 4909; x_wconf 64' lang='grc' dir='ltr'>καταξιὼσῃ</span> 
     </span>
    </p>
   </div>
   <div class='ocr_carea' id='block_1_84' title="bbox 2277 4906 3884 4979">
    <p class='ocr_par' dir='ltr' id='par_1_84' title="bbox 2277 4906 3884 4979">
     <span class='ocr_line' id='line_1_85' title="bbox 2277 4906 3884 4979; baseline 0.002 -21"><span class='ocrx_word' id='word_1_574' title='bbox 2277 4908 2478 4975; x_wconf 63' lang='grc' dir='ltr'>αὐτοὺς,</span> <span class='ocrx_word' id='word_1_575' title='bbox 2535 4906 2855 4979; x_wconf 71' lang='grc' dir='ltr'>μυηθέντας</span> <span class='ocrx_word' id='word_1_576' title='bbox 2911 4906 2977 4966; x_wconf 88' lang='grc' dir='ltr'>εἰς</span> <span class='ocrx_word' id='word_1_577' title='bbox 3028 4925 3112 4957; x_wconf 84' lang='grc' dir='ltr'><strong>τον</strong></span> <span class='ocrx_word' id='word_1_578' title='bbox 3175 4907 3265 4959; x_wconf 71' lang='grc' dir='ltr'>τοῦ</span> <span class='ocrx_word' id='word_1_579' title='bbox 3347 4906 3576 4977; x_wconf 71' lang='grc' dir='ltr'>Χριστόν</span> <span class='ocrx_word' id='word_1_580' title='bbox 3631 4906 3884 4979; x_wconf 43' lang='grc' dir='ltr'>θάνατον’,</span> 
     </span>
    </p>
   </div>
   <div class='ocr_carea' id='block_1_85' title="bbox 2277 4975 3887 5050">
    <p class='ocr_par' dir='ltr' id='par_1_85' title="bbox 2277 4975 3887 5050">
     <span class='ocr_line' id='line_1_86' title="bbox 2277 4975 3887 5050; baseline 0.001 -21"><span class='ocrx_word' id='word_1_581' title='bbox 2277 4975 2663 5036; x_wconf 72' lang='grc' dir='ltr'>συναναστῆναι</span> <span class='ocrx_word' id='word_1_582' title='bbox 2690 4977 2850 5048; x_wconf 63' lang='grc' dir='ltr'>αὐτῷ,</span> <span class='ocrx_word' id='word_1_583' title='bbox 2875 4984 2962 5029; x_wconf 89' lang='grc' dir='ltr'><strong>καί</strong></span> <span class='ocrx_word' id='word_1_584' title='bbox 3012 4982 3267 5050; x_wconf 77' lang='grc' dir='ltr'>μετόχους</span> <span class='ocrx_word' id='word_1_585' title='bbox 3296 4975 3536 5048; x_wconf 74' lang='grc' dir='ltr'>γενέσθαι</span> <span class='ocrx_word' id='word_1_586' title='bbox 3572 4986 3665 5037; x_wconf 77' lang='grc' dir='ltr'>τῆς</span> <span class='ocrx_word' id='word_1_587' title='bbox 3718 4975 3887 5050; x_wconf 55' lang='grc' dir='ltr'>βασιὲ</span> 
     </span>
    </p>
   </div>
   <div class='ocr_carea' id='block_1_86' title="bbox 2273 5048 3881 5123">
    <p class='ocr_par' dir='ltr' id='par_1_86' title="bbox 2273 5048 3881 5123">
     <span class='ocr_line' id='line_1_87' title="bbox 2273 5048 3881 5123; baseline 0.001 -23"><span class='ocrx_word' id='word_1_588' title='bbox 2273 5048 2413 5110; x_wconf 82' lang='grc' dir='ltr'>λείας</span> <span class='ocrx_word' id='word_1_589' title='bbox 2470 5050 2666 5102; x_wconf 67' lang='grc' dir='ltr'>αὐτοῦ·</span> <span class='ocrx_word' id='word_1_590' title='bbox 2718 5055 2807 5101; x_wconf 85' lang='grc' dir='ltr'><strong>καί</strong></span> <span class='ocrx_word' id='word_1_591' title='bbox 2864 5048 3145 5108; x_wconf 74' lang='grc' dir='ltr'>κοινωνοὺς</span> <span class='ocrx_word' id='word_1_592' title='bbox 3182 5057 3282 5100; x_wconf 84' lang='grc' dir='ltr'>τῶν</span> <span class='ocrx_word' id='word_1_593' title='bbox 3341 5055 3644 5123; x_wconf 78' lang='grc' dir='ltr'>μυστηρίων</span> <span class='ocrx_word' id='word_1_594' title='bbox 3688 5049 3881 5119; x_wconf 66' lang='grc' dir='ltr'>αὐτοῦ,</span> 
     </span>
    </p>
   </div>
   <div class='ocr_carea' id='block_1_87' title="bbox 2276 5118 3884 5192">
    <p class='ocr_par' dir='ltr' id='par_1_87' title="bbox 2276 5118 3884 5192">
     <span class='ocr_line' id='line_1_88' title="bbox 2276 5118 3884 5192; baseline 0.001 -21"><span class='ocrx_word' id='word_1_595' title='bbox 2276 5120 2438 5192; x_wconf 77' lang='grc' dir='ltr'>ἑνώσῃ</span> <span class='ocrx_word' id='word_1_596' title='bbox 2471 5125 2561 5171; x_wconf 88' lang='grc' dir='ltr'><strong>καί</strong></span> <span class='ocrx_word' id='word_1_597' title='bbox 2606 5118 2961 5191; x_wconf 73' lang='grc' dir='ltr'>συγκαταλέξῃ</span> <span class='ocrx_word' id='word_1_598' title='bbox 3014 5119 3198 5182; x_wconf 68' lang='grc' dir='ltr'>αὐτοὺς</span> <span class='ocrx_word' id='word_1_599' title='bbox 3243 5118 3374 5191; x_wconf 79' lang='grc' dir='ltr'><strong>μετὰ</strong></span> <span class='ocrx_word' id='word_1_600' title='bbox 3420 5118 3531 5170; x_wconf 66' lang='grc' dir='ltr'><strong>τὼν⁷</strong></span> <span class='ocrx_word' id='word_1_601' title='bbox 3563 5119 3884 5190; x_wconf 71' lang='grc' dir='ltr'>σωζομένων</span> 
     </span>
    </p>
   </div>
   <div class='ocr_carea' id='block_1_88' title="bbox 2276 5189 3886 5262">
    <p class='ocr_par' dir='ltr' id='par_1_88' title="bbox 2276 5189 3886 5262">
     <span class='ocr_line' id='line_1_89' title="bbox 2276 5189 3886 5262; baseline 0.002 -20"><span class='ocrx_word' id='word_1_602' title='bbox 2276 5192 2322 5242; x_wconf 81' lang='grc' dir='ltr'>ἐν</span> <span class='ocrx_word' id='word_1_603' title='bbox 2358 5189 2425 5262; x_wconf 69' lang='grc' dir='ltr'>τῇ</span> <span class='ocrx_word' id='word_1_604' title='bbox 2477 5193 2600 5262; x_wconf 75' lang='grc' dir='ltr'><strong>ἁγίᾳ</strong></span> <span class='ocrx_word' id='word_1_605' title='bbox 2646 5189 2805 5243; x_wconf 63' lang='grc' dir='ltr'>αὐτου</span> <span class='ocrx_word' id='word_1_606' title='bbox 2856 5189 3155 5262; x_wconf 70' lang='grc' dir='ltr'>Ἐκκλησία.</span> <span class='ocrx_word' id='word_1_607' title='bbox 3216 5189 3385 5242; x_wconf 76' lang='grc' dir='ltr'>Σὼσον</span> <span class='ocrx_word' id='word_1_608' title='bbox 3439 5194 3527 5241; x_wconf 87' lang='grc' dir='ltr'><strong>καί</strong></span> <span class='ocrx_word' id='word_1_609' title='bbox 3570 5189 3886 5249; x_wconf 72' lang='grc' dir='ltr'>ἀναστησον</span> 
     </span>
    </p>
   </div>
   <div class='ocr_carea' id='block_1_89' title="bbox 2275 5262 3884 5343">
    <p class='ocr_par' dir='ltr' id='par_1_89' title="bbox 2275 5262 3884 5343">
     <span class='ocr_line' id='line_1_90' title="bbox 2275 5262 3884 5343; baseline 0.004 -30"><span class='ocrx_word' id='word_1_610' title='bbox 2275 5263 2464 5343; x_wconf 62' lang='grc' dir='ltr'>αὐτοὺς</span> <span class='ocrx_word' id='word_1_611' title='bbox 2495 5263 2541 5343; x_wconf 70' lang='grc' dir='ltr'>ἐν</span> <span class='ocrx_word' id='word_1_612' title='bbox 2666 5269 2729 5342; x_wconf 73' lang='grc' dir='ltr'>σῇ</span> <span class='ocrx_word' id='word_1_613' title='bbox 2764 5264 2972 5343; x_wconf 56' lang='grc' dir='ltr'>χαριτι.</span> <span class='ocrx_word' id='word_1_614' title='bbox 3011 5262 3068 5342; x_wconf 62' lang='lat' dir='ltr'><strong>Id</strong></span> <span class='ocrx_word' id='word_1_615' title='bbox 3103 5266 3209 5318; x_wconf 85' lang='lat' dir='ltr'><strong>est.</strong></span> <span class='ocrx_word' id='word_1_616' title='bbox 3254 5262 3451 5343; x_wconf 46' lang='lat' dir='ltr'><strong>Orate,</strong></span> <span class='ocrx_word' id='word_1_617' title='bbox 3480 5262 3884 5343; x_wconf 66' lang='lat' dir='ltr'><strong>iituminamii</strong></span> 
     </span>
    </p>
   </div>
   <div class='ocr_carea' id='block_1_90' title="bbox 2273 5332 3885 5404">
    <p class='ocr_par' dir='ltr' id='par_1_90' title="bbox 2273 5332 3885 5404">
     <span class='ocr_line' id='line_1_91' title="bbox 2273 5332 3885 5404; baseline 0.002 -17"><span class='ocrx_word' id='word_1_618' title='bbox 2273 5333 2362 5403; x_wconf 90' lang='lat' dir='ltr'><strong>(h.</strong></span> <span class='ocrx_word' id='word_1_619' title='bbox 2404 5350 2456 5388; x_wconf 90' lang='lat' dir='ltr'><strong>e.</strong></span> <span class='ocrx_word' id='word_1_620' title='bbox 2517 5332 2916 5404; x_wconf 61' lang='lat' dir='ltr'><strong>baptizandi):</strong></span> <span class='ocrx_word' id='word_1_621' title='bbox 2968 5334 3141 5388; x_wconf 70' lang='lat' dir='ltr'><strong>enixe</strong></span> <span class='ocrx_word' id='word_1_622' title='bbox 3170 5348 3363 5389; x_wconf 87' lang='lat' dir='ltr'><strong>omnes</strong></span> <span class='ocrx_word' id='word_1_623' title='bbox 3410 5332 3612 5399; x_wconf 78' lang='lat' dir='ltr'><strong>ﬁdeles</strong></span> <span class='ocrx_word' id='word_1_624' title='bbox 3642 5349 3756 5401; x_wconf 77' lang='lat' dir='ltr'><strong>pro</strong></span> <span class='ocrx_word' id='word_1_625' title='bbox 3793 5337 3885 5390; x_wconf 79' lang='lat' dir='ltr'><strong>eis</strong></span> 
     </span>
    </p>
   </div>
   <div class='ocr_carea' id='block_1_91' title="bbox 2273 5403 3879 5468">
    <p class='ocr_par' dir='ltr' id='par_1_91' title="bbox 2273 5403 3879 5468">
     <span class='ocr_line' id='line_1_92' title="bbox 2273 5403 3879 5468; baseline 0.001 -9"><span class='ocrx_word' id='word_1_626' title='bbox 2273 5403 2661 5468; x_wconf 77' lang='lat' dir='ltr'><strong>Obsecremus,</strong></span> <span class='ocrx_word' id='word_1_627' title='bbox 2694 5409 2759 5459; x_wconf 83' lang='lat' dir='ltr'><strong>ut</strong></span> <span class='ocrx_word' id='word_1_628' title='bbox 2788 5405 3077 5458; x_wconf 75' lang='lat' dir='ltr'><strong>Dominus</strong></span> <span class='ocrx_word' id='word_1_629' title='bbox 3103 5420 3196 5459; x_wconf 77' lang='lat' dir='ltr'><strong>eos</strong></span> <span class='ocrx_word' id='word_1_630' title='bbox 3228 5406 3287 5458; x_wconf 88' lang='lat' dir='ltr'><strong>in</strong></span> <span class='ocrx_word' id='word_1_631' title='bbox 3345 5403 3572 5458; x_wconf 82' lang='lat' dir='ltr'><strong>Christi</strong></span> <span class='ocrx_word' id='word_1_632' title='bbox 3621 5412 3879 5461; x_wconf 78' lang='lat' dir='ltr'><strong>mortem</strong></span> 
     </span>
    </p>
   </div>
   <div class='ocr_carea' id='block_1_92' title="bbox 2272 5476 3879 5544">
    <p class='ocr_par' dir='ltr' id='par_1_92' title="bbox 2272 5476 3879 5544">
     <span class='ocr_line' id='line_1_93' title="bbox 2272 5476 3879 5544; baseline 0.002 -15"><span class='ocrx_word' id='word_1_633' title='bbox 2272 5477 2569 5539; x_wconf 81' lang='lat' dir='ltr'><strong>initiatos,</strong></span> <span class='ocrx_word' id='word_1_634' title='bbox 2601 5491 2733 5530; x_wconf 82' lang='lat' dir='ltr'><strong>cum</strong></span> <span class='ocrx_word' id='word_1_635' title='bbox 2778 5476 2974 5529; x_wconf 79' lang='lat' dir='ltr'><strong>eodem</strong></span> <span class='ocrx_word' id='word_1_636' title='bbox 2995 5490 3314 5544; x_wconf 76' lang='lat' dir='ltr'><strong>resurgere,</strong></span> <span class='ocrx_word' id='word_1_637' title='bbox 3350 5476 3638 5542; x_wconf 77' lang='lat' dir='ltr'><strong>regnique</strong></span> <span class='ocrx_word' id='word_1_638' title='bbox 3680 5478 3879 5541; x_wconf 77' lang='lat' dir='ltr'><strong>ipsius</strong></span> 
     </span>
    </p>
   </div>
   <div class='ocr_carea' id='block_1_93' title="bbox 2272 5546 3879 5616">
    <p class='ocr_par' dir='ltr' id='par_1_93' title="bbox 2272 5546 3879 5616">
     <span class='ocr_line' id='line_1_94' title="bbox 2272 5546 3879 5616; baseline 0.001 -17"><span class='ocrx_word' id='word_1_639' title='bbox 2272 5548 2596 5614; x_wconf 77' lang='lat' dir='ltr'><strong>participes</strong></span> <span class='ocrx_word' id='word_1_640' title='bbox 2611 5546 3056 5614; x_wconf 76' lang='lat' dir='ltr'><strong>ﬁeridignetur;</strong></span> <span class='ocrx_word' id='word_1_641' title='bbox 3079 5552 3130 5602; x_wconf 86' lang='lat' dir='ltr'><strong>et</strong></span> <span class='ocrx_word' id='word_1_642' title='bbox 3148 5548 3208 5600; x_wconf 86' lang='lat' dir='ltr'><strong>in</strong></span> <span class='ocrx_word' id='word_1_643' title='bbox 3227 5547 3696 5601; x_wconf 74' lang='lat' dir='ltr'><strong>communionem</strong></span> <span class='ocrx_word' id='word_1_644' title='bbox 3717 5564 3879 5616; x_wconf 84' lang='lat' dir='ltr'><strong>mys-</strong></span> 
     </span>
    </p>
   </div>
   <div class='ocr_carea' id='block_1_94' title="bbox 2273 5618 3876 5691">
    <p class='ocr_par' dir='ltr' id='par_1_94' title="bbox 2273 5618 3876 5691">
     <span class='ocr_line' id='line_1_95' title="bbox 2273 5618 3876 5691; baseline 0.002 -18"><span class='ocrx_word' id='word_1_645' title='bbox 2273 5618 2556 5673; x_wconf 68' lang='lat' dir='ltr'><strong>teriorum</strong></span> <span class='ocrx_word' id='word_1_646' title='bbox 2584 5618 2769 5687; x_wconf 80' lang='lat' dir='ltr'><strong>ipsius</strong></span> <span class='ocrx_word' id='word_1_647' title='bbox 2798 5623 3080 5685; x_wconf 77' lang='lat' dir='ltr'><strong>receptos,</strong></span> <span class='ocrx_word' id='word_1_648' title='bbox 3108 5620 3276 5673; x_wconf 81' lang='lat' dir='ltr'><strong>uniat</strong></span> <span class='ocrx_word' id='word_1_649' title='bbox 3303 5623 3480 5691; x_wconf 83' lang='lat' dir='ltr'><strong>atque</strong></span> <span class='ocrx_word' id='word_1_650' title='bbox 3508 5628 3876 5677; x_wconf 83' lang='lat' dir='ltr'><strong>annumeret</strong></span> 
     </span>
    </p>
   </div>
  </div>
