4106 6296
527 239 626 292 127

1857 231 2123 294 NICETE
2161 229 2540 288 CHONIATIE

3775 239 3878 296 128

523 359 663 416 dolo
699 360 802 414 aut
863 357 1260 428 simulatione,
1287 359 1392 414 sed
1411 359 1534 415 toto
1557 359 1782 426 animo,
1813 359 1992 414 corde
2021 371 2172 428 puro

2288 353 2602 428 ἣὰνάγκης,
2663 353 2788 410 οὐδὲ
2835 356 2936 409 ἀπὸ
2985 353 3140 409 δόλου
3197 359 3226 416 ἦ
3284 357 3634 429 ὐποκμίσεως,
3671 357 3779 412 ἀλλ’
3824 359 3878 422 ἑξ

524 464 595 506 ac
625 447 856 514 sedulo,
888 447 1186 504 Christum
1212 447 1541 520 Christique
1567 447 1750 504 ﬁdem
1771 451 2010 504 amante
2035 463 2046 501 :
2080 461 2176 501 re-

523 539 737 594 nuntio
771 538 872 594 toti
897 539 1332 594 Saracenorum
1371 537 1664 607 religioni,
1709 536 2172 594 anathematiza-

525 643 642 700 que
669 626 1062 692 Moamedem,
1094 627 1194 698 qui
1225 631 1282 682 et
1327 627 1666 682 Muchumet
1691 625 1906 682 dicitur
1935 641 1947 692 ;
1987 640 2174 697 quem

528 715 806 772 Saraceni
835 719 900 771 ut
931 715 1028 770 Dei
1081 713 1426 786 apostolum
1473 719 1530 770 et
1580 715 1934 788 prophetam
1987 722 2174 770 nono-

525 809 679 861 rant.
713 805 1159 860 Anathematizo
1191 803 1363 870 Alim,
1397 804 1718 860 Moamedis
1743 819 2072 874 generum:
2119 805 2176 858 et

528 893 842 951 Chasancn
875 894 1328 965 Cbusenenque,
1357 893 1512 949 ﬁlios
1555 894 1716 964 ejus;
1759 892 1899 948 item
1957 891 2174 964 Apupi-

525 983 652 1052 ker,
675 983 780 1054 qui
805 986 862 1038 et
885 983 1142 1038 Cubiker
1163 982 1375 1038 dicitur
1399 999 1411 1037 :
1441 987 1496 1039 et
1523 985 1722 1050 Umar,
1751 987 1808 1038 et
1831 981 2095 1048 'l‘alchar,
2119 983 2176 1037 et

529 1078 886 1146 Apupacren
915 1074 1190 1129 Paducen
1219 1091 1232 1128 :
1265 1074 1404 1130 item
1463 1073 1680 1142 Maevie,
1739 1077 1796 1129 et
1846 1075 2090 1145 Zupeer,
2119 1076 2178 1128 et

526 1163 796 1230 Adellan,
831 1167 888 1220 el
913 1164 1027 1220 Zeit
1056 1168 1110 1220 et
1139 1164 1254 1230 lzit,
1285 1168 1341 1220 et
1368 1164 1584 1219 Saitem
1611 1170 1668 1220 et
1695 1164 1970 1230 Uthman,
2003 1167 2061 1218 et
2089 1177 2176 1218 re-

526 1253 724 1326 liquos
755 1269 966 1308 omnes
989 1256 1358 1324 summystas
1389 1253 1812 1325 adjutoresque
1842 1267 1912 1308 ac
1944 1265 2176 1306 succes-

530 1358 695 1399 sores
727 1341 1072 1398 Moamedis.
1099 1343 1548 1398 Anathematizo
1577 1341 1800 1398 Zadoze
1831 1345 1888 1396 et
1941 1340 2092 1403 Aise,
2122 1343 2178 1395 et

529 1432 842 1504 Zetheinep
873 1437 930 1487 et
961 1431 1342 1498 Omkelthim,
1373 1433 1600 1504 primas
1629 1431 1974 1504 emterisque
2003 1430 2180 1486 scele-

529 1522 738 1577 stiores
767 1520 1088 1577 Mcamedis
1121 1537 1359 1586 uxores,
1389 1525 1444 1577 et
1474 1521 1770 1576 Phatman
1801 1519 1986 1575 tiliam
2019 1519 2173 1590 ejus.

530 1608 982 1664 Anathematizo
1005 1624 1140 1664 cum
1168 1609 1272 1681 qui
1292 1611 1484 1665 Curan
1511 1608 1746 1677 dicitur;
1771 1624 2073 1664 summam
2095 1607 2178 1664 vi-

2287 443 2409 506 ὄλης
2457 445 2666 517 ψυχῆς,
2723 451 2812 499 καὶ
2863 443 3084 522 καρδίας
3131 447 3364 520 καθαρᾶς
3419 451 3509 500 καὶ
3533 444 3745 516 ἀδόλου,
3787 453 3874 501 τὸν

2287 537 2518 606 Χριστὸν
2550 533 2840 607 ἀγαπώσης
2870 544 2958 587 καί
2989 540 3082 593 τὴν
3113 535 3270 588 αὑτοῦ
3301 539 3479 588 πίστιν
3505 557 3517 569 ·
3572 535 3874 590 ἀποτάσσο-

3617 631 3707 680 καὶ
3745 624 3875 680 ἀνα-

2287 711 2547 782 θεματίζω
2578 709 2812 785 Mucium“
2841 717 2928 766 τὸν
2967 717 3056 766 καὶ
3106 715 3424 785 Μουχούμιτ
3459 735 3472 747 ι
3513 713 3567 766 ὃν
3615 717 3666 767 οἰ
3715 723 3878 788 Σαρα-

2284 805 2433 858 κηνοὶ
2497 810 2719 874 τιμῶσιν
2777 805 2844 865 ὡς
2903 801 3190 856 ἀπόστολον
3239 809 3371 855 Θεοῦ
3427 807 3516 856 καὶ
3573 809 3866 877 προφήτην.

2285 641 2381 692 μαι
2432 625 2575 696 πάσῃ
2628 632 2688 696 τῇ
2742 633 2840 676 τῶν
2889 632 3194 698 Σαρακηνῶν
3252 626 3505 698 θρησκείᾳ
3545 645 3557 658 ο

2286 889 2674 962 Ἀναοεματίζω
2725 890 2902 962 ’Λλεὶμ
2953 895 3038 943 τὸν
3091 889 3174 943 ἐπὶ
3235 892 3456 963 θυγατρὶ
3499 891 3732 966 γαμϐρὸν
3783 901 3878 946 τοῦ

2286 975 2520 1051 Μωάριεδ
2579 1000 2590 1012 ·
2645 984 2732 1031 καὶ
2791 981 3040 1038 Χασυίνην
3083 985 3172 1032 καὶ
3231 984 3515 1046 Xeno-iam,
3566 985 3690 1043 τοὺς
3736 983 3880 1042 υἱοὺς

2287 1067 2445 1120 αὐτοῦ
2483 1089 2495 1100 ·
2550 1073 2640 1121 καὶ
2695 1071 3006 1142 Ἀπουκίπερ
3039 1071 3116 1140 (4)
3159 1071 3246 1121 τὸν
3298 1073 3390 1121 καὶ
3443 1069 3691 1145 Κουϐίκιρ
3725 1092 3738 1105 ⁸
3785 1075 3878 1124 καὶ

2287 1159 2492 1230 Οὔμαρ,
2543 1163 2631 1210 καὶ
2669 1157 2910 1231 Τάλχαρ,
2965 1163 3055 1210 καὶ
3116 1157 3489 1232 Ἀπουπιίκρην
3531 1161 3618 1210 τὸν
3672 1156 3880 1212 Παδού-

2285 1265 2380 1304 κην
2411 1247 2487 1318 (5)
2523 1267 2536 1280 ·
2569 1251 2660 1299 καί
2701 1249 2916 1319 Maluit,
2946 1252 3033 1300 καί
3081 1252 3304 1320 Ζουπέερ
3365 1253 3454 1300 καί
3487 1245 3756 1319 Ἀδελλᾶν,
3789 1254 3880 1301 καί

2285 1335 2402 1387 Ζείτ
2441 1341 2530 1388 καί
2589 1337 2732 1402 Ἰζίτ,
2784 1341 2874 1388 καί
2930 1339 3114 1394 Σαῑτην
3167 1340 3256 1387 καί
3327 1335 3563 1408 ossae»,
3618 1342 3708 1390 καί
3759 1341 3880 1400 τοὺς

2287 1422 2496 1485 λοιποὺς
2547 1427 2740 1487 πάντας
2802 1427 3114 1498 συμμύστας
3152 1429 3242 1476 καί
3295 1428 3569 1499 συνεργούς
3613 1430 3705 1478 καί
3751 1421 3880 1479 δια-

2289 1510 2601 1586 δόχουςτοῡ
2633 1511 2886 1588 Μωαμεδ.
2918 1515 3309 1587 ’Δναθεματίζω
3355 1511 3558 1578 Ζαδόζε
3609 1519 3700 1568 καί
3732 1515 3884 1570 Ἀίσε

2287 1608 2378 1655 καί
2404 1606 2640 1657 Ζεοςίνιπ
2695 1609 2784 1656 καί
2835 1603 3164 1676 Ὀμκελθιίμ
3215 1606 3304 1665 τὰς
3351 1608 3555 1676 πρώτας
3605 1609 3696 1656 καί
3747 1625 3882 1678 μια-

528 1695 742 1751 delieet
771 1709 877 1750 seu
909 1695 1266 1766 scripturam
1297 1696 1622 1752 Moamedis
1649 1713 1662 1752 :
1693 1712 1878 1768 quam
1909 1693 2080 1765 ﬁngit
2109 1694 2172 1752 si-

2287 1696 2516 1768 ρωτίρας
2565 1701 2663 1746 τῶν
2711 1701 2967 1764 γυναικῶν
3026 1701 3115 1745 τοῦ
3169 1689 3404 1764 Moesiaci?
3453 1714 3466 1727 ·
3525 1696 3616 1746 καί
3667 1695 3883 1766 dicitur»

529 1782 588 1838 hi
617 1799 722 1855 per
749 1783 1182 1854 archangelum
1215 1785 1546 1842 Gabrielem
1583 1783 1864 1859 [coalitus]
1915 1783 2180 1840 delatam

530 1888 660 1928 esse
689 1889 700 1928 :
730 1887 1096 1947 omnemque
1135 1874 1471 1931 doctrinam
1515 1891 1586 1931 ac
1634 1873 1838 1946 legum
1891 1873 2176 1941 instituta,

530 1963 904 2020 narrationes
933 1965 1726 2037 apocryphas,mysteria,et
1743 1964 2088 2020 traditiones
2109 1979 2179 2020 ac

529 2050 941 2124 blasphemias
961 2052 1108 2123 ejus.
1141 2054 1590 2110 Anathematizo
1632 2053 1984 2126 paradisum
2025 2053 2177 2108 Moa-

530 2140 743 2206 medis,
772 2141 832 2195 in
859 2157 982 2212 quo
1013 2141 1154 2198 dicit
1181 2149 1442 2214 quatuor
1465 2157 1596 2198 esse
1623 2142 1858 2208 ﬂuvios,
1892 2157 1964 2196 ex
2017 2155 2180 2213 aqua.

529 2229 756 2284 turbari
779 2231 999 2298 nescia,
1021 2230 1174 2286 lacte
1205 2231 1464 2287 nativam
1494 2231 1874 2287 dulcedinem
1905 2245 2026 2286 non
2051 2245 2178 2284 mu-

527 2321 706 2388 tante,
733 2319 872 2374 vino
897 2319 1090 2390 suavi,
1115 2324 1170 2375 et
1191 2320 1362 2375 melle
1388 2320 1707 2375 defaecato:
1735 2324 1792 2374 et
1810 2323 2058 2374 venturo
2079 2317 2178 2374 illo

527 2405 832 2478 die,quem
853 2408 1194 2478 quingentis
1216 2425 1512 2464 annorum
1527 2407 1790 2466 millibus
1811 2407 2181 2463 circumscri-

529 2493 975 2560 bit,Saracenos
997 2511 1136 2552 cum
1157 2496 1507 2552 mulieribus
1522 2497 1646 2551 suis
1660 2496 1720 2552 in
1733 2511 1802 2552 eo
1816 2495 2001 2551 vitam
2015 2499 2177 2551 actu-

528 2597 647 2650 ros,
673 2584 960 2654 carnique
987 2591 1041 2640 et
1071 2585 1383 2640 affectibus
1415 2585 1539 2640 suis
1565 2584 1903 2640 indulturos
1933 2603 1946 2639 :
1977 2587 2033 2639 et
2063 2581 2176 2638 sub

530 2671 748 2727 umbra
774 2673 1182 2743 quarumdam
1210 2673 1494 2730 arborum
1522 2690 1658 2747 quia
1675 2679 1967 2730 vocantur
1997 2673 2176 2730 Sedre

529 2763 588 2814 et
615 2759 845 2832 'l‘alech,
879 2769 1252 2819 comesturos
1283 2779 1492 2820 carnes
1523 2763 1724 2818 avium
1765 2779 1917 2834 quas
1961 2779 2175 2818 concu-

529 2848 784 2920 piscunt,
841 2851 1159 2923 omnisque
1210 2853 1444 2921 generis
1487 2852 1714 2907 fructus
1755 2851 2172 2916 autumnales;

529 2953 599 2993 ac
641 2937 937 2994 bibituros
987 2956 1017 2995 e
1063 2941 1222 2996 fonte
1276 2941 1566 3012 caphura,
1616 2947 1670 2996 et
1701 2956 1730 2995 e
1784 2941 1941 2995 fonte
1999 2939 2175 3010 zingi-

2289 1786 2381 1842 τὴν
2449 1783 2706 1857 θυγατέρα
2765 1781 2944 1838 αὐτοῦ.
3014 1783 3404 1854 Ἀναθιματίζω
3466 1785 3553 1834 τὸν
3614 1781 3886 1856 λεγόμενον

2289 1875 2514 1943 Κουρᾶν,
2565 1875 2658 1928 τὴν
2707 1870 2825 1928 ὃλην
2885 1871 3002 1930 ἣτοὶ
3051 1874 3256 1946 γραφὴν
3309 1876 3404 1922 τοῦ
3457 1867 3696 1944 Μωάμιδ
3745 1891 3759 1904 ο
3817 1871 3888 1929 ἣν

2287 1958 2567 2012 πλάττεται
2614 1953 2708 2012 διὰ
2753 1965 2844 2010 τοῦ
2893 1957 3228 2032 ἀρχαγγέλου
3291 1957 3519 2032 Γαϐριὴλ
3565 1959 3888 2030 κατενεχθῆ-

2287 2068 2372 2100 ναι
2401 2048 2542 2118 αὐτῷ
2570 2068 2582 2081 ·
2611 2052 2700 2100 καί
2745 2053 2920 2100 πᾶσαν
2949 2051 3044 2105 τὴν
3095 2043 3449 2100 διδασκαλίαν
3478 2051 3567 2100 καί
3595 2049 3688 2110 τὰς
3731 2066 3890 2119 νομο-

2291 2139 2484 2208 θεσίας,
2523 2141 2616 2189 καί
2663 2140 2758 2200 τὰς
2805 2135 3134 2209 ἀποκρύφους
3183 2133 3480 2207 διηγήσεις,
3533 2141 3623 2188 καί
3679 2137 3744 2188 τὰ
3785 2157 3890 2208 μυ·

2291 2231 2480 2299 στήρια
2553 2231 2642 2278 καί
2697 2229 2788 2288 τας
2847 2222 3189 2298 παραδόσεις,
3251 2231 3340 2278 καί
3395 2228 3484 2286 τὰς
3547 2223 3891 2297 βλασφημίας

2287 2315 2470 2370 αὐτοῦ.
2521 2315 2908 2387 Ἀναθεματίζω
2957 2317 3043 2366 τὸν
3097 2312 3420 2388 παράδεισον
3465 2321 3556 2366 τοῦ
3597 2309 3834 2387 Muciani
3872 2332 3884 2344 '

2288 2402 2335 2458 ἓν
2435 2404 2568 2476 λέγει
2614 2409 2876 2478 τέσσαρας
2923 2401 3054 2456 εἶναι
3107 2407 3389 2476 ποταμοὺς,
3425 2402 3476 2466 ἐξ
3532 2398 3727 2464 ὕδατος
3759 2401 3887 2456 ἀθο-

2286 2491 2472 2561 λώτου,
2504 2497 2592 2546 καί
2621 2492 2880 2564 γάλακτος
2922 2497 2993 2565 μή
3056 2491 3402 2554 ἁλλοίσσοντος
3433 2495 3520 2544 τὸν
3567 2495 3750 2544 νόστον
3789 2491 3886 2544 αὖ-

2287 2576 2399 2648 τοῦ,
2431 2587 2522 2634 καί
2551 2585 2689 2634 οἴνου
2715 2578 2892 2650 ἡδέος,
2924 2586 3014 2634 καί
3051 2581 3255 2654 μέλιτος
3293 2581 3505 2634 ὑλιστοῡ
3535 2601 3548 2614 ο
3600 2585 3688 2632 καί
3741 2583 3884 2632 κατὰ

2287 2677 2378 2731 τὴν
2409 2671 2693 2746 μέλλουσαν
2746 2675 2964 2746 ἡμέραν,
3009 2671 3069 2730 ἣν
3126 2676 3408 2744 περιορίζει
3457 2671 3523 2732 εἰς
3565 2675 3886 2728 πεντήκοντα

2285 2758 2552 2836 μυριάδας
2621 2761 2766 2829 ἐτῶν,
2821 2759 3019 2833 διάγειν
3075 2759 3121 2812 ἐν
3197 2761 3335 2832 αὐτῷ
3389 2765 3504 2820 τοὺς
3555 2764 3884 2834 Σαρακηνοὺς

2285 2853 2416 2923 μετὰ
2467 2859 2566 2902 τῶν
2629 2847 2776 2902 ἰδίων
2831 2858 3110 2922 γυναικῶν,
3165 2859 3427 2922 σαρκικῶς
3485 2853 3574 2901 καί
3637 2846 3886 2921 ἐμπαθῶς

2290 2943 2483 3002 ζῶντας
2524 2956 2536 2968 ·
2593 2944 2681 2991 καί
2739 2941 2838 2992 ὑπό
2895 2941 3046 2991 σκιςὲν
3094 2957 3242 2991 τινων
3296 2935 3546 3013 δένδρων,
3579 2937 3613 2988 ἃ
3650 2935 3886 2990 καλεῖται

529 3025 651 3096 ber,
687 3025 778 3081 cui
834 3043 1056 3084 nomen
1109 3028 1436 3084 Salsabila:
1489 3029 1819 3102 vinumque
1868 3032 2172 3101 potaturos

2290 3024 2451 3103 Σέιῖρη
2512 3033 2601 3080 καί
2651 3027 2845 3098 Ταλεχ,
2905 3031 3028 3102 κρέα
3085 3032 3374 3102 τρώγοντας
3422 3025 3602 3100 ὀρνέων
3653 3025 3721 3076 ὧν
3761 3023 3884 3077 ἑπι-

526 3115 697 3184 cujus
755 3131 960 3173 crama
1034 3133 1143 3172 seu
1199 3118 1447 3173 mistura
1511 3117 1730 3176 hausta
1792 3118 1864 3174 sit
1917 3134 1949 3173 e
2015 3118 2175 3175 fonte

523 3203 1193 3279 'l‘hesnimzeorumque
1242 3211 1501 3262 staturas
1553 3207 1772 3263 coelum
1817 3207 2176 3279 proceritate

527 3307 635 3346 sua
663 3297 945 3364 tacturas,
973 3295 1238 3351 virorum
1261 3296 1481 3367 pariter
1511 3299 1568 3352 et
1595 3295 1916 3352 mulierum
1942 3313 1955 3352 :
1988 3312 2174 3352 mem-

525 3378 636 3434 bra
665 3379 991 3455 [genitalia]
1026 3383 1485 3455 quadragenum
1535 3384 1872 3441 cubitorum
1917 3385 2082 3441 fore:
2119 3389 2176 3441 et

527 3467 760 3540 absque
791 3471 1069 3526 satietatis
1103 3472 1280 3528 taedio
1301 3474 1560 3529 coituros
1581 3473 1642 3530 in
1672 3477 1998 3546 conspectu
2025 3473 2126 3529 Dei
2155 3491 2168 3530 :

527 3561 844 3628 propterea
869 3559 1102 3632 (inquit)
1148 3561 1292 3634 quia
1345 3565 1498 3618 Deus
1549 3563 1781 3636 pudore
1831 3578 1956 3620 non
1994 3562 2172 3619 attici-

530 3650 621 3701 tur
651 3647 752 3718 (a).
783 3649 1234 3708 Anathematizo
1264 3667 1366 3707 eos
1401 3652 1504 3724 qui
1536 3669 1571 3709 a
1613 3653 1920 3710 Moamede
1972 3653 2172 3709 nomi-

525 3771 637 3826 hos
667 3771 812 3826 ritus
833 3771 1130 3829 imitatum
1159 3791 1313 3842 esse,
1339 3776 1540 3831 scribit
1576 3776 1970 3832 Tertullianus
2018 3777 2171 3832 libro

529 3842 607 3924 pe
631 3845 1161 3924 prescriptionibus
1193 3847 1630 3924 haereticorum,
1677 3847 1776 3924 ubi
1808 3848 1882 3902 tle
1908 3848 2170 3924 diabolo

525 3914 675 3990 inter
705 3914 822 3970 alia
843 3914 877 3990 (ξ
889 3917 1000 3990 icit,
1031 3918 1270 3988 Tinguit
1295 3925 1346 3974 et
1369 3921 1492 3986 ipse
1513 3920 1798 3990 quosdam
1825 3923 2029 3990 utique
2051 3935 2170 3975 ere-

527 3985 724 4040 dentes
756 3993 808 4041 et
839 3988 1041 4053 ﬁdeles
1073 3985 1206 4044 suos
1232 4007 1245 4054 ;
1269 3997 1320 4046 et
1341 3985 1424 4045 sic
1451 3985 1651 4046 adhuc
1671 3993 1872 4044 initia!
1895 3985 2173 4046 Mithrae:

525 4059 724 4129 signat
753 4059 880 4112 illic
904 4061 962 4113 in
986 4061 1192 4128 fronte
1217 4062 1432 4116 milites
1455 4077 1608 4115 suos.
1626 4061 1900 4117 Cetebmt
1924 4067 1977 4116 et
1997 4064 2173 4129 panis

526 4127 905 4201 oblationem,
935 4127 991 4184 et
1021 4133 1330 4201 imaginem
1361 4135 1816 4187 resm'rectionis
1847 4127 2098 4186 indubit.

596 4201 672 4276 (Ir)
706 4199 814 4276 Qui
847 4199 1160 4276 Ἀπουπίκξρ
1187 4208 1240 4256 et
1272 4202 1520 4276 Κουϐίκερ
1551 4205 1644 4276 hic
1675 4203 1908 4276 dicitur,
1941 4203 2170 4276 istopij

527 4271 656 4347 nor)
684 4273 791 4347 est.
825 4271 923 4339 qui
955 4271 1148 4347 supra
1171 4277 1258 4338 58,
1294 4279 1322 4327 5
1357 4275 1452 4347 (ὑ).
1483 4271 1538 4347 et
1582 4274 1638 4347 in
1697 4274 1944 4347 .loannis
1995 4271 2172 4328 Siculi

530 4337 820 4419 (“llironieo
839 4337 1292 4419 itis._B'5u€u'pzu;
1315 4365 1327 4377 '
1353 4337 1507 4400 infra
1531 4343 1926 4419 Ἀϐουϐαχαρος
1961 4349 2076 4412 101,
2102 4349 2169 4401 3:

529 4409 807 4483 (itemque
833 4415 920 4483 92,
946 4417 1014 4466 9:
1048 4417 1134 4482 96,
1241 4401 1344 4468 26:
1382 4417 1498 4482 lOO,
1523 4419 1574 4483 3,
1598 4419 1698 4471 2οε
1729 4401 1962 4470 necnon
1989 4417 2046 4470 in
2065 4401 2173 4472 ’Ce-
2207 4401 2251 4456 Ῑ)

527 4479 696 4558 dreui
727 4482 1056 4558 Annalibus
1089 4479 1334 4555 passim,
1363 4479 1519 4558 utiet
1549 4479 1606 4558 in
1631 4487 1998 4558 constantini
2031 4487 2173 4542 The-

527 4550 792 4623 matjbus
818 4567 854 4606 a
887 4550 1304 4610 Bonaventnra
1325 4550 1616 4611 'Vulcanio
1640 4557 1830 4622 editis,
1877 4561 1965 4623 29,
1993 4561 2084 4616 22)
2117 4562 2175 4614 et

529 4619 774 4699 niueas?
804 4627 889 4687 97,
1011 4629 1114 4680 '24:
1157 4630 1273 4683 ιοι.
1301 4631 1354 4692 4,
1389 4631 1489 4682 2|:
1529 4629 1754 4698 primus
1779 4619 1996 4699 nempe
2023 4632 2174 4684 Moa-

527 4693 712 4770 inethi
741 4693 1090 4770 successor:
1128 4702 1186 4751 ut
1213 4701 1395 4770 Οὖμαρ
1427 4693 1544 4770 qui
1577 4701 1866 4770 sequitur,
1911 4693 2111 4754 tertius
2139 4715 2174 4755 ει

526 4765 858 4838 Moametho
889 4767 1166 4838 princeps
1197 4765 1470 4824 statuitur
1500 4773 1618 4838 102,
1657 4765 1739 4824 f5.
1775 4765 1937 4826 Unde
1967 4775 2022 4825 et
2054 4775 2168 4834 ml,

526 4839 613 4913 2‘21.
649 4851 756 4906 pro
783 4836 1070 4913 ὁῇΑμρος
1098 4836 1422 4913 legendum
1452 4836 1727 4913 videatur
1775 4845 2020 4913 Οὖμαρος
2067 4857 2173 4895 seu

527 4907 789 4982 υρμαρος.
826 4907 942 4982 Sed
971 4907 1028 4963 in
1071 4907 1448 4982 sequentium
1472 4912 1620 4967 serie
1663 4907 1938 4968 dissentit
1989 4913 2172 4967 Theo-

525 4975 756 5054 phanes
793 4975 1256 5054 {quippeapud
1282 4998 1463 5054 quem
1497 4984 1696 5038 Umari
1725 4999 2063 5054 successor,
2085 4989 2174 5037 est

527 5049 777 5124 ρ-ζςρμάνς
809 5049 1352 5124 ummanigmauu;
1375 5076 1387 5086 -
1417 5055 1638 5114 Mavite,
1665 5051 1820 5124 Ἰζίδ,
1841 5055 1996 5107 titius
2016 5053 2167 5122 ejus:

526 5117 687 5186 lzidi,
745 5117 1013 5196 Ἀϐὃελᾶς,
1071 5123 1228 5196 filius
1279 5125 1502 5179 Zuber:
1560 5117 1824 5186 Abdelte',
1883 5117 2167 5196 Μαροῦας·

523 5195 661 5268 post
689 5207 868 5268 quem
905 5193 1202 5266 Ἀϐιμέλεχ,
1231 5201 1288 5250 et
1316 5196 1600 5268 deinceps
1629 5197 1750 5254 alii.
1791 5196 1872 5250 ila
1929 5193 1994 5250 ut
2049 5195 2150 5250 'l‘al

524 5261 668 5316 cllar
693 5261 1111 5334 etApupacres
1137 5261 1210 5321 cx
1241 5261 1737 5338 53'mm3'starum,
1763 5283 1884 5322 non
1927 5283 1999 5322 ex
2042 5283 2172 5320 suc-

525 5347 832 5389 cessorum
863 5351 1115 5392 numero
1145 5337 1282 5393 esse
1305 5337 1492 5393 videri
1523 5343 1766 5410 queant,
1796 5338 1963 5408 quod
2015 5342 2070 5392 et
2098 5338 2173 5393 de

2291 3119 2516 3190 Ουμοϋσι
2543 3119 2638 3186 (6),
2669 3121 2759 3168 καί
2798 3115 3000 3189 ὀπώραν
3040 3120 3286 3168 παντοίαν
3319 3133 3331 3146 ·
3389 3117 3622 3176 πίνοντας
3669 3133 3723 3167 τε
3777 3112 3886 3168 ἀπὸ

2285 3210 2522 3280 καφουρα
2578 3214 2773 3276 πηγῆς,
2825 3209 2914 3256 καί
2959 3207 3060 3256 ἀπὸ
3121 3204 3354 3279 ςιγγίϐερ
3413 3211 3611 3275 πηγῆς,
3679 3203 3885 3275 ὡνομοιο

2289 3301 2480 3367 quin};
2519 3293 2814 3347 Σαλσαϐιλα
2847 3310 2858 3324 ⁸
2913 3299 3002 3346 καί
3055 3290 3188 3346 οἶνον
3229 3297 3665 3366 προσφερομένους
3707 3292 3768 3343 οὗ
3821 3297 3884 3345 τὸ

2285 3389 2522 3460 κέρασμα
2575 3383 2630 3436 ἐκ
2679 3391 2852 3454 πηγῆς
2909 3387 3130 3454 Θεσνείμ.
3159 3400 3171 3412 ·
3206 3383 3272 3433 ὧν
3317 3384 3370 3432 αἱ
3419 3381 3616 3440 ἡλικίαι
3667 3379 3886 3455 οὐρανο-

2283 3479 2486 3548 μήκεις,
2521 3472 2738 3547 ἀρρένων
2777 3491 2830 3524 τε
2885 3476 2973 3522 καί
3007 3471 3216 3530 θηλειῶν
3241 3489 3254 3503 ο
3305 3475 3395 3522 καί
3431 3473 3493 3522 τὰ
3548 3473 3708 3542 μόρια
3763 3489 3886 3521 τεσ-

2287 3566 2578 3634 σαράκοντα
2637 3566 2833 3631 πήχεις
2889 3565 2967 3628 (7)
2999 3581 3010 3594 ’
3075 3560 3524 3620 συνουσιαζόντων
3581 3555 3886 3630 ἀκορὶστως

2285 3650 2495 3704 ἐνώπιον
2527 3658 2616 3703 τοῦ
2649 3658 2781 3704 θεοῦ
2817 3667 2828 3679 ·
2887 3645 3026 3702 διότι
3072 3652 3196 3708 Θεὸς
3245 3648 3444 3721 (φησίν)
3491 3647 3582 3700 οὐκ
3617 3645 3884 3717 αἰσχύνε-

2282 3777 2432 3832 Zeile
2463 3792 2533 3831 ac
2562 3777 2714 3832 Saite
2745 3773 3191 3838 sentireliceat;
3239 3789 3375 3828 cum
3435 3787 3642 3828 eorum
3697 3787 3885 3828 men-

2283 3849 2440 3936 tiolin
2477 3847 2845 3936 principatus
2877 3845 3324 3936 successoribus
3363 3859 3486 3936 non
3517 3842 3884 3936 inveniatur.

2355 3921 2434 3989 (ὃ)
2457 3913 2553 3971 ’ἑὸν
2587 3913 2866 3973 "ariusia-av
2899 3917 3187 3972 incertum
3213 3921 3302 3972 est
3329 3915 3480 3971 sitne
3525 3913 3764 3985 gentile,
3797 3929 3886 3971 an

2283 4005 2621 4070 cognomen
2651 3989 3006 4070 quodpiam.
3110 4057 3125 4070 ἱ
3506 4059 3565 4070 ﬂ
3641 4055 3652 4066 υ

2353 4057 2432 4130 (ὅ)
2455 4057 2762 4132 ltespicérc
2793 4057 3022 4114 videtur
3053 4057 3144 4132 ad,
3168 4073 3458 4132 azoaram
3501 4059 3591 4132 62,
3638 4057 3723 4132 in,
3751 4069 3887 4127 qua.

2284 4128 2389 4192 est.
2423 4134 2504 4188 he
2521 4128 2824 4200 fructibus
2846 4131 3198 4186 omnimodis
3229 4129 3388 4184 nobis
3417 4128 3595 4190 datis,
3627 4131 3884 4200 optimo-

2283 4219 2395 4275 que
2427 4199 2588 4258 m'ctu
2619 4203 2901 4258 comedite
2921 4207 3098 4275 atque
3129 4200 3340 4275 bibite:
3371 4205 3428 4254 et
3468 4213 3630 4275 mox,
3675 4199 3886 4275 Super

2284 4269 2529 4330 {testium
2553 4279 2880 4328 stramenta
2911 4269 3334 4341 fovﬁnosissima
3349 4285 3460 4338 pro
3491 4269 3660 4324 modo
3681 4273 3883 4324 vestro

2285 4345 2635 4401 disrumbite
2664 4345 2908 4399 (tiu-turi
2938 4343 3200 4410 virgines
3251 4341 3706 4405 decentissimas,
3737 4353 3882 4395 cum

2283 4418 2471 4472 oculis
2501 4417 2798 4471 immensis
2819 4421 2996 4485 atque
3023 4414 3408 4485 pudibundis,
3437 4425 3728 4482 nusquam
3753 4411 3884 4466 nisi

2285 4493 2518 4541 tantum
2545 4488 2626 4542 ad
2653 4484 2906 4541 maritos
2944 4501 3078 4540 suos
3121 4484 3450 4554 ﬂectendis,
3499 4487 3556 4536 et
3585 4495 3878 4554 rursum,

2283 4559 2414 4612 Illis
2439 4559 2672 4626 fruetus
2702 4564 2753 4614 et
2786 4572 2996 4612 carnes
3024 4571 3135 4623 pro
3158 4555 3255 4626 sui
3295 4556 3417 4626 voti
3461 4553 3630 4608 modo
3667 4553 3881 4606 mutti-

2277 4625 2596 4698 ptieaturi.
2642 4632 2716 4683 De
2757 4628 3146 4700 sequentibus
3197 4625 3482 4691 fontibus,
3521 4637 3736 4700 azoara
3779 4626 3880 4690 36,

2281 4693 2381 4756 Ex
2403 4715 2538 4756 vase
2563 4693 2890 4769 cainphofa
2939 4699 3192 4762 condito,
3249 4704 3302 4752 et
3333 4711 3408 4769 ex
3445 4693 3884 4769 aperto_fo_nte

2285 4771 2547 4826 homines
2595 4765 2708 4827 Dei
2749 4771 3066 4839 potabant.
3111 4771 3176 4823 Et
3217 4767 3400 4838 paulo
3448 4771 3601 4839 post,
3641 4765 3880 4839 Ibidem

2283 4857 2416 4898 eum
2447 4844 2602 4898 vasis
2635 4838 2836 4898 vitreis
2865 4846 2920 4897 et
2967 4841 3265 4908 argenteis
3309 4838 3542 4907 optima:
3591 4838 3882 4908 composi-

2284 4915 2481 4978 tionis,
2509 4915 2634 4968 illis
2671 4919 2868 4980 potus.
2923 4907 3082 4966 velut
3133 4910 3391 4966 zinziber
3432 4907 3753 4980 sapori/er,
3803 4921 3886 4965 ea:

2278 4987 2446 5052 fonte
2475 4987 2526 5038 Ζ
2530 4984 2733 5040 etzebit
2763 4981 3205 5040 administrabit
3215 4996 3304 5034 ur.

2351 5057 2426 5124 ('7)
2447 5055 2838 5124 Congruentis
2859 5056 3448 5125 τεσσαρακονταπὰχεα,
3463 5049 3554 5125 vel
3575 5052 3890 5125 conti-acte

2281 5119 2852 5198 τεσσαρακονταπήχη,
2887 5130 2973 5198 Διεῑ
3021 5119 3144 5179 ilon
3193 5123 3270 5198 {id
3322 5119 3618 5198 homines,
3663 5119 3772 5198 sed
3803 5119 3894 5176 ad

2283 5191 2560 5253 membra
2581 5191 2794 5253 eorum
2811 5191 3098 5251 referatur
3121 5211 3134 5262 ;
3171 5194 3254 5248 sic
3279 5193 3440 5249 enim
3461 5197 3518 5248 et
3537 5191 3860 5264 prmceden
3877 5223 3892 5232 -

2283 5269 2434 5340 tium
2465 5275 2522 5323 et
2550 5269 2930 5340 sequentium
2957 5267 3154 5340 aptior
3181 5265 3290 5340 erit
3343 5261 3723 5340 cohaerentia.
3779 5262 3894 5318 tbi-

2284 5339 2424 5394 dem
2453 5355 2593 5394 mox
2623 5332 2684 5394 in
2715 5355 2828 5394 ms.
2860 5343 2948 5394 est
2973 5332 3612 5401 abvﬁuaiu§6v7w9,nihil
3631 5332 3714 5388 ad
3732 5349 3886 5390 rem.

597 5422 932 5499 (_a)_l_,oe_um
965 5425 1147 5497 hunc,
1177 5426 1282 5499 qui
1313 5425 1528 5495 legitur
1554 5426 1616 5480 in
1668 5441 1820 5481 sura:
1863 5429 1926 5490 ll,
1977 5441 2125 5482 vers.
2172 5431 2262 5497 25,
2301 5427 2458 5483 male
2501 5426 2788 5484 intellexit
2835 5425 3090 5483 Nicetas.
3121 5424 3263 5482 Vide
3295 5427 3441 5480 tom.
3473 5423 3580 5489 CV,
3609 5420 3723 5481 col.
3759 5427 3892 5492 7H,

523 5495 645 5548 not.
675 5495 763 5548 26.
795 5496 942 5550 Emr.

595 5561 672 5636 (b)
703 5561 772 5620 Id
796 5569 886 5624 est
909 5565 1074 5642 apud
1099 5565 1493 5642 Euthymium
1525 5563 1756 5626 Contra
1783 5567 2115 5640 Agarenos.
2139 5565 2284 5629 Vide
2313 5572 2456 5630 tom.
2483 5567 2676 5627 CXXX.
