4106 6296
264 232 315 291 29

242 376 322 413 τιι.
383 357 787 432 ’Δναθεματίξω
863 364 989 426 τοὺς
1053 361 1463 438 ὀνομαζομένους
1536 365 1681 440 παρὰ
1736 371 1828 417 τοῦ
1858 365 1906 420 Α

243 443 450 521 Ἀθάμεὸ
518 447 797 521 ἆγγίλους,
853 456 946 505 τὸν
1007 471 1062 507 τε
1097 453 1265 531 Ἀρὼθ
1320 460 1411 508 καὶ
1466 458 1553 508 τὸν
1610 456 1830 529 Μαρὼθ,

241 542 313 590 καὶ
358 541 451 591 τὸν
486 541 681 613 Τζσίφα
728 544 944 595 καὶτὸν
985 547 1205 619 Μαρούα
1229 560 1245 576 °
1285 544 1376 608 οὓς
1422 543 1478 598 ἐκ
1515 553 1615 598 τῶν
1670 543 1829 599 σεϐα-

244 632 385 699 σμίων
426 624 563 681 εἶναι
620 636 711 683 τοῦ
771 637 910 684 Θεοῦ
960 636 1284 708 τερατεύεται
1318 655 1330 668 ·
1367 638 1500 708 πρὸς
1530 636 1732 697 τούτοις
1772 630 1832 687 δε

239 721 315 769 καὶ
380 720 510 779 τοὺς
581 719 971 791 μυθευομὲνους
1035 722 1121 774 ὑπ’
1188 722 1351 776 αὐτοῦ
1402 728 1669 796 προφήτας
1741 726 1832 776 καὶ

237 800 568 871 ἀποστόλους,
605 810 769 859 εἷτουν
799 810 889 859 τὸν
932 806 1081 863 Χοὺδ
1110 816 1200 865 καὶ
1249 811 1444 872 Τζάλετ
1475 813 1504 871 ᾖ
1538 812 1706 883 Σάλςχ
1730 814 1827 884 (8),

236 896 316 945 καὶ
358 895 445 945 τὸν
500 898 696 948 Συνάῐπ
747 901 840 948 καὶ
893 901 983 950 τόν
1018 895 1229 974 Ἐὃρῆς,
1270 905 1360 954 καὶ
1397 905 1484 954 τόν
1525 900 1831 974 Δουαλκιφὶλ

236 986 320 1033 καὶ
380 986 467 1035 τὸν
520 987 759 1056 Λοκμοὲν.
801 986 1194 1060 Ἀναθεματίζω
1249 993 1426 1052 πάσας
1480 993 1573 1054 τὰς
1627 1010 1830 1066 μαρτυ-

233 1074 343 1143 ρίας
378 1079 469 1124 τοῦ
523 1070 779 1146 Μωάμεδ,
814 1076 946 1137 ὅσας
975 1075 1031 1128 ἐκ
1068 1085 1158 1139 τῆς
1212 1078 1433 1141 παλαιᾶς
1482 1076 1640 1139 δῆθεν
1692 1086 1830 1154 Γρα-

236 1165 327 1229 φῆς
375 1160 476 1229 (9),
523 1157 856 1234 διαστρέφων
895 1163 1056 1223 αὐτὴν
1107 1170 1196 1219 καὶ
1241 1169 1479 1237 νοθευων,
1539 1173 1629 1222 καὶ
1665 1174 1831 1245 μυρία

230 1245 680 1320 καταψευδόμενος
735 1259 828 1304 τοῦ
867 1259 982 1306 Νῶε
1036 1260 1127 1306 καὶ
1180 1254 1438 1330 Ἀϐραὰμ,
1499 1262 1589 1311 καὶ
1647 1258 1828 1312 Ἰσαὰκ

229 1341 313 1388 καί
369 1337 578 1407 Ἰακὼϐ,
632 1343 724 1392 καὶ
773 1340 969 1415 Ἰωσήφ
1016 1348 1106 1396 καὶ
1149 1344 1285 1410 Ἰὼϐ,
1337 1353 1426 1400 καὶ
1477 1352 1709 1411 Μωσέως
1743 1352 1832 1401 καὶ

232 1429 425 1498 Δηρὼ,
479 1432 574 1479 καὶ
636 1425 807 1482 Δαϐὶδ
863 1436 957 1483 καὶ
996 1431 1333 1506 Σολομῶντος,
1399 1441 1490 1489 καὶ
1539 1437 1689 1491 Ἠλία
1741 1442 1831 1492 καὶ

233 1512 389 1580 Ἰωνᾶ,
420 1520 514 1567 καὶ
562 1522 838 1590 Ζαχαρίου
895 1527 988 1572 τοῦ
1042 1526 1238 1598 πατρὸς
1270 1523 1528 1582 Ἰωάννου.
1554 1526 1671 1580 Ἐτι
1711 1525 1831 1580 ἁνα-

233 1603 488 1673 θεματίξω
517 1606 621 1656 ὃσα
650 1606 957 1679 φυσιολογεῖ
985 1607 1267 1686 βαρϐάρως
1319 1619 1410 1666 καί
1459 1613 1671 1687 ἀμαθῶς
1710 1620 1829 1691 περὶ

230 1707 279 1742 τε
328 1699 429 1743 τῶν
481 1691 651 1745 ἄλλων
715 1703 810 1748 τοῦ
873 1704 1008 1750 Θεοῦ
1052 1705 1377 1772 ποιημάτων,
1417 1708 1507 1756 καὶ
1558 1709 1678 1779 περὶ
1738 1712 1830 1758 τοῦ
1854 1717 1902 1773 Β

230 1777 372 1835 ἡλίου
425 1787 521 1833 καί
569 1791 662 1843 τῆς
721 1782 960 1854 σελήνης,
1010 1785 1169 1859 λέγων
1209 1789 1396 1854 αὐτοὺς
1451 1777 1832 1869 καϐαλλαρίους

232 1863 372 1922 εἶναι.
413 1869 813 1945 ’Δναθεματίζω
866 1879 962 1932 τὴν
1003 1879 1149 1951 παρὰ
1184 1885 1294 1942 τοῖς
1332 1887 1650 1957 Σαρακηνοίς
1697 1882 1832 1936 ειπό-

228 1974 413 2029 κρυφον
479 1954 842 2014 διδασκαλίαν
901 1968 992 2016 καὶ
1046 1967 1342 2039 ὑπόσχεσιν
1400 1954 1492 2023 τοῦ
1547 1968 1782 2045 Μωαμιδ
1813 1986 1829 2002 ⁸

230 2045 341 2107 ἣτις
374 2051 509 2118 ειησὶ
575 2045 892 2122 κλειδοῦχον
949 2051 1102 2106 αὐτὸν
1152 2060 1469 2127 γενησεσθαι
1519 2068 1613 2112 τοῦ
1659 2079 1831 2134 παρα-

232 2127 427 2203 δείσου,
476 2140 574 2188 καὶ
626 2136 852 2202 εἰσάξειν
898 2142 990 2214 μὲν
1032 2140 1082 2193 ἓν
1131 2146 1297 2217 τούτῳ
1337 2144 1697 2221 ἑϐδομήκοντα
1744 2169 1835 2222 χι-

228 2218 403 2284 λιάδας
476 2231 791 2300 Σαρακηνῶν
867 2225 1105 2299 δικαίων,
1176 2237 1297 2296 τοὺς
1374 2232 1435 2288 δὲ
1463 2218 1835 2314 ’ἁμαρτωλους

230 2313 577 2382 κριθήσεσθαι
617 2318 761 2388 παρὰ
808 2325 900 2370 τοῦ
932 2326 1066 2372 Θεοῦ
1099 2340 1112 2353 ·
1153 2326 1244 2375 καὶ
1284 2329 1565 2378 πιττακίων
1604 2327 1677 2389 εἰς
1718 2331 1836 2389 τοὺς

228 2401 529 2473 τραχήλους
598 2404 769 2456 αὐτῶν
834 2409 1248 2481 περιτιθεμένων,
1316 2413 1478 2477 οὕτως
1557 2416 1837 2473 εἰσελεύσε-

237 2489 357 2540 σθαι
406 2496 501 2544 καὶ
550 2496 770 2556 τούτους
808 2495 883 2557 εἰς
926 2499 1013 2549 τὸν
1042 2496 1387 2572 παράδεισον,
1429 2502 1841 2579 ὀνομαζομένους

236 2575 613 2653 ἀπελευθέρομς
674 2581 931 2656 Μωὰμεδ.
987 2586 1377 2659 Ἀναθεματίζω
1437 2575 1550 2665 (Nl)
1607 2575 1697 2657 τας
1751 2615 1840 2650 νο-

228 2668 482 2736 μοθεσίας
525 2678 623 2722 τοῦ
662 2671 923 2746 Μωοὶμεδ,
977 2679 1066 2737 τὰς
1120 2683 1238 2753 περὶ
1283 2682 1464 2754 γάμων
1520 2688 1610 2738 καὶ
1647 2684 1840 2748 λύσεως

227 2758 429 2826 γάμων,
508 2763 602 2811 καὶ
672 2763 1008 2836 καθαρισμοῦ
1091 2774 1477 2842 μοιχευομένων
1553 2783 1835 2845 γυναικῶν,

227 2850 314 2897 καὶ
370 2845 606 2921 ἀριθμοῦ
643 2860 908 2922 γυναικῶν
945 2858 1036 2907 καὶ
1098 2856 1432 2912 παλλακίδων
1461 2878 1473 2891 ·
1541 2868 1631 2916 καὶ
1667 2866 1839 2918 πάντα

228 2935 293 2983 τὰ
337 2941 462 3008 περὶ
490 2941 743 2991 τοιούτων
801 2938 1078 3015 ἀκάθαρτα
1123 2941 1451 3021 διδάγματα.
1494 2949 1836 3026 Ἀναθεματί-

230 3020 303 3080 ξω
338 3028 431 3080 τὴν
487 3033 580 3077 τοῦ
636 3026 876 3101 Μωαμεδ
907 3028 1250 3106 βλασφημίαν
1295 3040 1390 3096 τὴν
1440 3020 1691 3111 λέγουσαν
1756 3043 1833 3095 ὃτι
1874 3073 1915 3130 C

228 3111 254 3159 ὁ
291 3116 445 3179 Θεὸς,
503 3114 561 3166 ὸν
617 3115 767 3181 θέλει,
825 3117 998 3190 πλανᾲ
1030 3141 1043 3154 ν
1097 3127 1187 3175 καὶ
1232 3123 1287 3175 ὃν
1327 3125 1476 3192 θέλει,
1523 3125 1711 3202 ὁδηγεῖ
1767 3131 1838 3195 εἰς

231 3196 423 3269 ἀγαθὸν
454 3223 467 3235 ·
524 3207 619 3256 καὶ
673 3207 754 3258 ὅτι
793 3207 820 3258 ὁ
871 3211 1004 3268 Θεὸς
1057 3210 1252 3279 ἤθελεν,
1312 3214 1407 3266 οὐκ
1451 3214 1512 3267 ἆν
1559 3215 1837 3292 ἐπολέμουν

234 3284 473 3352 ἀλληλοις
519 3294 573 3344 οἱ
624 3294 894 3366 ἄνθρωποι
921 3316 935 3330 ⁸
992 3295 1102 3351 ἀλλ’
1139 3299 1298 3364 me;
1340 3311 1475 3356 ποιεί
1524 3306 1647 3379 ὅπερ
1703 3305 1838 3379 βού-

232 3375 371 3431 λεται
403 3395 418 3406 ·
462 3385 554 3433 καὶ
612 3387 801 3444 παντὸς
833 3383 1035 3455 ἀγαθοῦ
1073 3393 1164 3441 καὶ
1208 3400 1436 3467 πονηροῦ
1466 3397 1632 3456 αἴτιος
1683 3396 1838 3460 αὐτὸς

234 3463 343 3518 ἑστι
376 3489 389 3501 ·
440 3475 537 3522 καί
566 3472 712 3542 τύχη
742 3477 834 3525 καὶ
866 3476 1145 3548 εἱμαρμένη
1195 3481 1399 3532 πάντων
1450 3490 1648 3556 κρατεῖ.
1686 3483 1838 3538 Ἀνα-

237 3556 498 3627 θεματίζω
545 3563 644 3618 τὴν
690 3568 783 3614 τοῦ
827 3560 1065 3636 Μωάμεὸ
1122 3565 1394 3644 φλυαρίαν,
1434 3576 1528 3629 τὴν
1587 3573 1840 3645 λέγουσαν

233 3644 311 3696 ὅτι
337 3648 365 3698 ὁ
423 3649 620 3722 Κύριος
659 3655 751 3702 καὶ
794 3655 927 3713 Θεὸς
977 3653 1182 3717 Ἰησοῦς
1227 3657 1254 3708 ὸ
1305 3662 1536 3731 Χριστός
1584 3659 1683 3714 ἀπο
1723 3670 1838 3717 Μα-

230 3741 344 3804 ρίας
401 3744 500 3800 τῆς
566 3733 802 3812 ἀδελφῆς
862 3749 955 3794 τοῦ
1019 3748 1241 3807 Μωσέως
1296 3752 1386 3800 καὶ
1450 3749 1645 3823 Ἀαρὼν
1701 3751 1839 3824 ἐγεν-

230 3825 357 3882 νςθη
395 3826 521 3878 ἄνευ
568 3833 775 3901 σπορᾶς
821 3827 877 3881 ἐκ
919 3838 1012 3883 τοῦ
1048 3837 1222 3905 Λόγου
1278 3844 1368 3888 τοῦ
1418 3845 1551 3890 Θεοῦ
1606 3845 1696 3893 καὶ
1746 3850 1839 3895 τοῦ

234 3915 523 3984 Πνεύματος
552 3932 566 3945 ·
625 3921 717 3968 καὶ
782 3920 859 3970 ἔτι
910 3925 1092 3983 νήπιος
1151 3923 1239 3992 ὧν,
1289 3929 1495 3978 πετεινά
1559 3926 1614 3980 ἐκ
1670 3929 1838 3989 πηλοῦ

234 3996 613 4077 ὶελαστούργει
639 4020 652 4032 ·
716 4011 807 4059 καὶ
855 4006 1123 4087 ἐμφυσῶν,
1152 4011 1312 4065 ἐποίει
1376 4014 1512 4067 αὐτά
1552 4020 1664 4080 ζῶα
1696 4040 1707 4052 ·
1749 4025 1840 4074 καὶ

232 4089 443 4159 τυφλοὺς
482 4091 619 4157 ἰᾶτο,
677 4099 769 4147 καὶ
817 4101 1032 4170 νεκροὺς
1076 4102 1253 4174 ἤγειρε
1286 4122 1299 4136 ο
1359 4108 1449 4155 καὶ
1507 4106 1587 4157 ὅτι
1638 4104 1693 4158 ἐκ
1730 4126 1838 4161 πα-

235 4178 522 4245 ρακλήσεως
581 4189 681 4233 τῶν
730 4181 1032 4239 ἀποστόλων
1098 4188 1332 4261 ᾐτήσατο
1385 4195 1473 4244 τὸν
1539 4197 1688 4262 Θεὸν,
1747 4202 1838 4251 καὶ

235 4272 537 4358 κατήνεγκεν
576 4268 636 4321 ἐκ
683 4280 776 4323 τοῦ
833 4273 1054 4349 οὐρανοῦ
1100 4280 1382 4352 τράπεζαν,
1427 4287 1517 4335 καὶ
1575 4282 1837 4358 ἐξέθρεψεν

236 4353 420 4419 αὐτούς
452 4378 468 4390 ο
528 4364 624 4411 καί
669 4361 751 4412 ὃτι
788 4366 912 4415 οὔτε
950 4361 1276 4441 ἇσταυρώθη,
1331 4372 1448 4423 οὔτε
1504 4376 1640 4426 κατὰ
1712 4372 1837 4434 ἁλή-

241 4442 373 4496 θειαν
402 4444 655 4500 ἀπέθανεν
694 4451 763 4513 ὡς
809 4453 1084 4527 ἅνθρωπος
1114 4472 1127 4486 ο
1184 4455 1313 4510 ἀλλὰ
1361 4462 1499 4512 κατὰ
1551 4469 1837 4533 φαντασίαν

239 4536 393 4600 μόνην
445 4544 621 4589 ταῦτα
664 4544 808 4613 παρὰ
860 4549 965 4594 τῶν
1008 4541 1254 4617 Ἐϐραίων
1315 4548 1516 4607 ὑπέστη
1549 4567 1564 4583 ο
1633 4555 1719 4605 καὶ
1757 4554 1838 4605 ὅτι

238 4616 504 4694 ἐρωτηθεὶς
556 4630 704 4701 παρὰ
744 4638 838 4682 τοῦ
899 4638 1056 4702 Θεοῦ,
1097 4633 1139 4685 εἰ
1186 4635 1451 4708 ὠνόμασεν
1489 4637 1670 4692 ἑαυτὸν
1711 4645 1837 4695 Θεὸν

239 4705 285 4758 ὸ
321 4720 389 4781 τῷ
442 4718 651 4787 κόσμῳ,
709 4718 1003 4791 ἠρνήσατο,
1069 4720 1222 4795 λέγων
1270 4726 1352 4777 ὅτι
1418 4729 1484 4779 Σὺ
1537 4730 1705 4782 πάντα
1759 4751 1840 4802 γι-

238 4816 441 4865 ’σςοσκεις
479 4810 569 4857 καί
621 4803 773 4870 οἶδας
812 4808 914 4861 οὐκ
967 4811 1044 4862 ὃτι
1090 4812 1182 4864 οὐκ
1207 4813 1458 4887 ὠνόμασα
1506 4815 1684 4871 ἑαυτὸν
1710 4822 1839 4873 Θεὸν

240 4885 267 4942 ξ
305 4892 416 4943 Titi-1
456 4912 553 4947 σου
585 4911 599 4926 ·
644 4892 834 4961 δοῦλος
887 4901 992 4972 γάρ
1042 4904 1136 4953 σού
1175 4902 1301 4976 εἰμι,
1370 4912 1461 4957 καί
1523 4906 1629 4979 οὐχ
1686 4908 1841 4984 ὑπερ-

240 4983 543 5066 ξῗανεὺομαι
625 4994 778 5039 τοῦτο
885 4987 1182 5049 καλεῖσθαι.
1258 4993 1651 5066 Ἀναθεματίζω
1744 4983 1839 5057 τὴν

239 5058 463 5140 διδαχὴν
515 5081 609 5127 τοῦ
670 5073 940 5150 Μωάμεδ,
993 5082 1083 5137 τὴν
1131 5079 1383 5153 λέγουσαν
1439 5058 1511 5156 μὴ
1569 5081 1697 5137 εἶναι
1751 5088 1839 5139 τὸν

242 5157 445 5224 Χριστὸν
500 5165 621 5217 Υίὸν
668 5174 765 5218 τοῦ
822 5170 978 5237 Θεοῦ,
1030 5165 1136 5220 ἀλλ’
1176 5168 1462 5224 ἀπόστολον
1500 5179 1591 5226 καὶ
1627 5180 1837 5247 προφή-

241 5258 319 5300 τεν
342 5261 358 5277 ⁸
393 5253 572 5307 καθότι
602 5257 827 5329 (φησὶν)
872 5256 899 5307 ὁ
963 5259 1089 5319 Θεὸς
1134 5263 1374 5314 κοινωνὸν
1429 5261 1523 5314 οὐκ
1562 5265 1674 5335 ἔχει
1703 5280 1717 5294 ⁸
1746 5269 1836 5317 καί

1868 4419 1913 4475 D

243 5406 471 5541 “(glutis
497 5416 829 5494 prophetis
862 5413 997 5472 istis
1029 5421 1086 5475 et
1111 5420 1395 5492 apostolis
1433 5421 1570 5479 vide
1616 5422 1834 5498 Euthy-

294 5554 361 5626 (9)
383 5560 507 5621 Past
526 5567 747 5641 Γραγῆς
770 5555 1162 5621 desideratur
1188 5568 1519 5639 προφέρεται,
1536 5569 1639 5626 aut
1667 5566 1835 5628 aliud

1568 224 1916 298 THESAUBI
1953 224 2080 296 Lm.
2124 240 2230 298 xx.

1936 368 2159 421 nantur
2185 363 2404 438 angeli,
2435 363 2620 421 Aroth
2649 365 2707 420 et
2733 360 2979 432 Maroth,
3010 363 3248 438 Tzapha
3277 368 3334 424 et
3353 369 3584 429 Marua:

1936 467 2090 524 quos
2122 452 2184 510 in
2214 451 2658 512 venerabilibus
2691 454 2806 509 Deo
2828 465 2957 507 esse
2983 453 3330 525 prodigiose
3354 457 3587 518 fabula-

1937 544 2049 596 tur.
2075 541 2299 599 Adhaac
2319 541 2503 599 etiam
2528 556 2634 599 eos
2663 541 2767 612 qui
2794 539 3072 597 fabulose
3102 541 3180 600 ab
3217 542 3322 601 illo
3367 547 3583 619 prandi-

1936 637 2152 688 cantur
2211 630 2521 706 prophetae
2578 634 2761 703 atque
2817 629 3092 702 apostoli,
3150 647 3372 707 nempe
3420 637 3588 694 Chud

1936 722 1995 775 et
2051 718 2245 775 Tzalet
2294 720 2418 776 sive
2468 717 2699 785 Salech,
2753 717 2897 773 item
2952 718 3176 792 Synaip
3229 726 3285 778 et
3343 723 3583 792 Hedres,

1937 807 2278 880 Dualkiphil
2306 814 2366 865 et
2395 810 2677 864 Locman.
2709 807 3158 864 Anathematizo
3197 811 3404 869 omnia
3434 815 3588 871 Moa-

1934 897 2128 954 medis
2158 898 2524 968 testimonia,
2567 903 2863 971 quotquot
2909 912 2941 952 e
2986 897 3198 953 veteris
3227 902 3586 961 Testamenti

1935 986 2240 1061 Scriptura
2269 988 2434 1057 citat,
2460 992 2806 1060 pervertens
2832 1002 2967 1043 eam
2998 993 3180 1060 atque
3212 989 3582 1066 adulterans,

1934 1081 1993 1133 et
2042 1078 2363 1135 innumera
2415 1092 2709 1151 spargens
2747 1076 3068 1133 mendacia
3115 1077 3190 1133 de
3236 1081 3375 1151 Noe,
3405 1082 3587 1140 Abra-

1934 1164 2144 1238 hamo,
2180 1167 2406 1237 lsaaco,
2448 1165 2693 1236 Jacobo,
2723 1165 3002 1238 Josepho,
3029 1165 3197 1239 Jobo,
3243 1170 3420 1240 Mose,
3477 1175 3587 1228 Aa-

1934 1269 2101 1327 rone,
2158 1255 2398 1325 Davide,
2440 1254 2781 1326 Solomone,
2832 1255 2972 1326 Elia,
3005 1255 3180 1327 Jona,
3215 1263 3272 1313 et
3301 1259 3588 1317 Zacharia

1932 1343 2179 1400 Joannis
2220 1348 2411 1416 patre.
2457 1344 2911 1401 Anathematizo
2962 1344 3157 1400 etiam.
3192 1346 3401 1403 omnia
3451 1364 3586 1423 quae

1932 1430 2201 1489 barbara
2249 1431 2584 1505 inscitaque
2617 1432 2999 1505 physiologia
3026 1439 3086 1488 et
3112 1432 3187 1489 de
3226 1436 3453 1491 caeteris
3485 1438 3588 1494 Dei

1936 1521 2222 1578 creaturis
2244 1526 2301 1578 et
2330 1520 2407 1577 de
2446 1520 2570 1578 sole
2600 1537 2672 1578 ac
2699 1521 2846 1577 luna
2876 1521 3199 1593 fabulatur,
3231 1523 3588 1581 caballarios

1935 1624 2039 1667 eos
2067 1626 2197 1666 esse
2225 1609 2452 1668 dicens.
2496 1610 2945 1667 Anathematizo
2974 1613 3392 1684 apocrypham
3421 1614 3587 1671 illam

1936 1699 2098 1772 apud
2127 1700 2456 1756 Saracenos
2485 1698 2824 1756 doctrinam
2848 1704 2907 1756 et
2932 1700 3397 1772 promissionem
3424 1705 3587 1760 Moa-

1937 1788 2176 1845 medis:
2231 1803 2370 1861 quae
2420 1787 2563 1844 dicit
2608 1805 2749 1845 eum
2804 1789 3076 1846 futurum
3129 1805 3259 1846 esse
3320 1793 3590 1863 paradisi

1937 1876 2329 1948 clavigerum,
2379 1881 2437 1933 et
2476 1876 2538 1932 in
2589 1892 2730 1933 eum
2777 1877 3261 1934 introducturum
3300 1895 3429 1936 esse
3460 1897 3592 1953 sep-

1937 1967 2209 2037 tuaginta
2236 1964 2424 2023 millia
2454 1968 2890 2023 Saracenorum
2915 1967 3216 2037 justorum
3248 1984 3261 2021 :
3294 1975 3355 2024 at
3376 1984 3589 2040 pecca-

1939 2060 2098 2113 tores
2122 2071 2160 2112 a
2195 2054 2317 2111 Deo
2335 2052 2676 2125 iudicatum
2704 2054 2814 2124 iri;
2861 2055 3268 2128 appensisque
3320 2056 3400 2112 ad
3437 2057 3591 2114 colla

1940 2159 2153 2202 eorum
2192 2143 2472 2216 pittaciis,
2504 2143 2588 2200 ita
2620 2148 2678 2199 et
2704 2143 2875 2216 ipsos
2921 2144 2983 2199 in
3026 2143 3376 2216 paradisum
3405 2145 3590 2202 intra-

1941 2239 2109 2292 turos
2140 2248 2290 2296 esse,
2323 2248 2394 2289 ac
2419 2231 2745 2289 Moamedis
2773 2231 3017 2289 libertos
3069 2233 3447 2289 nominatum
3494 2234 3587 2291 iri.

1940 2320 3094 2391 AnathematizolegesaMoamedelatas
3107 2321 3183 2377 de
3194 2323 3590 2379 matrimoniis

1942 2415 2000 2469 et
2019 2409 2542 2469 matrimoniorum
2569 2409 2882 2477 solutione,
2905 2410 2980 2466 de
3001 2410 3433 2467 mmchantium
3463 2428 3593 2468 mu-

1940 2500 2155 2557 lierum
2179 2498 2615 2572 puriﬁcatione,
2651 2498 2726 2553 de
2778 2514 3036 2555 uxorum
3065 2505 3123 2555 et
3157 2498 3437 2572 pellicum
3468 2515 3587 2554 nu-

1943 2603 2134 2657 mero,
2165 2602 2532 2660 omnemque
2585 2585 2662 2642 de
2709 2584 2928 2644 talibus
2956 2587 3261 2660 impuram
3309 2592 3439 2659 ejus
3486 2588 3592 2644 do-

1943 2678 2219 2734 ctrinam.
2279 2676 2729 2733 Anathematizo
2776 2677 3099 2733 Moamedis
3144 2677 3594 2749 blasphemiam

1943 2782 2081 2839 qua:
2105 2765 2248 2821 dicit
2267 2767 2478 2832 Deum,
2500 2780 2682 2837 quem
2708 2764 2852 2832 vult,
2883 2764 2944 2820 in
2972 2780 3234 2821 errorem
3263 2764 3595 2838 impellere,

1943 2860 1999 2913 et
2019 2870 2202 2928 quem
2230 2853 2450 2921 vult,in
2464 2853 2693 2910 bonam
2718 2853 2874 2909 viam
2902 2853 3230 2923 deducere;
3259 2860 3335 2924 et,
3364 2856 3412 2910 si
3438 2857 3593 2912 Deus

1942 2944 2135 3011 vellet,
2166 2958 2292 2999 non
2340 2942 2492 2998 inter
2545 2957 2609 2998 se
2636 2942 2966 2999 bellaturos
2996 2958 3128 2999 esse
3156 2943 3453 3013 homines,
3490 2944 3597 3000 sed

1941 3033 2146 3106 ipsum
2175 3031 2372 3088 facere
2394 3030 2561 3104 quod
2586 3030 2731 3101 vult,
2773 3030 3094 3103 omnisque
3113 3031 3257 3086 boni
3285 3031 3504 3104 pariter
3541 3040 3598 3089 et

1943 3121 2088 3178 mali
2113 3126 2425 3176 auctorem
2470 3120 2672 3191 ipsum
2702 3134 2858 3188 esse,
2889 3125 3018 3175 tum
3046 3119 3353 3176 fortunam
3393 3126 3450 3177 et
3504 3121 3598 3179 fa-

1945 3216 2075 3267 tum
2098 3208 2365 3266 obtinere
2390 3207 2454 3264 in
2484 3207 3246 3265 omnibus.Anathematizo
3274 3210 3599 3267 Moamedis

1944 3298 2285 3356 futilitatem
2313 3313 2450 3370 quae
2480 3296 2623 3353 dicit
2642 3296 2963 3353 Dominum
2982 3299 3293 3371 Deumque
3320 3305 3598 3356 nostrum

1946 3389 2152 3446 Jesum
2182 3387 2500 3457 Christum,
2535 3392 2595 3442 ct
2621 3386 2802 3445 Maria
2828 3386 3001 3444 Mosis
3032 3392 3090 3444 et
3117 3389 3367 3444 Aaronis
3396 3404 3600 3446 sorore

1947 3478 2181 3550 absque
2212 3475 2439 3533 semine
2463 3480 2675 3533 natum
2703 3492 2853 3548 esse,
2872 3474 3281 3550 [conceptum]
3309 3476 3384 3533 de
3413 3479 3600 3536 Verbo

1948 3583 2020 3624 ac
2047 3566 2264 3638 Spiritu
2287 3565 2418 3621 Dei:
2445 3571 2502 3621 et
2532 3581 2669 3621 cum
2694 3565 2894 3622 adhuc
2913 3564 3108 3621 infans
3129 3572 3304 3635 esset,
3327 3566 3601 3625 volucres

1949 3670 1981 3711 e
2004 3654 2131 3711 luto
2168 3654 2431 3722 ﬁnxisse,
2455 3652 2786 3726 inﬂatuque
2816 3670 2926 3710 suo
2956 3655 3294 3711 animantes
3337 3671 3440 3711 eas
3463 3656 3599 3713 red-

1948 3744 2195 3810 didisse,
2225 3742 2332 3799 sed
2378 3748 2435 3800 et
2463 3758 2654 3799 caecos
2684 3759 2957 3812 sanasse,
2989 3749 3259 3800 mortuos
3286 3744 3598 3810 excitasse.

1949 3833 2483 3906 apostolorumque
2510 3836 2728 3901 rogatu
2779 3848 2816 3888 a
2844 3835 2962 3888 Deo
2991 3831 3251 3903 petiisse,
3284 3836 3341 3887 et
3387 3848 3602 3890 mensa

1949 3938 1981 3978 e
2010 3921 2175 3978 caelis
2205 3921 2466 3977 deducta
2494 3935 2597 3976 eos
2628 3919 2866 3983 aluisse,
2890 3934 3089 3991 neque
3114 3919 3464 3977 crucifixum
3496 3926 3602 3977 aut

1947 4027 2158 4067 revera
2187 4015 2492 4065 mortuum
2525 4024 2654 4064 esse
2680 4013 2745 4064 ut
2779 4007 3221 4076 hominem,sed
3244 4008 3599 4081 imaginarie

1948 4098 2333 4157 solummodo
2362 4096 2493 4152 haec
2523 4101 2601 4152 ab
2646 4097 2907 4153 Hebraeis
2936 4112 3188 4169 passum
3215 4113 3349 4155 esse
3380 4111 3392 4151 :
3426 4102 3482 4155 et
3509 4099 3597 4155 in-

1945 4192 2314 4259 terrogatum
2332 4202 2368 4242 a
2390 4188 2509 4242 Deo
2531 4200 2610 4241 an
2630 4200 2693 4241 se
2710 4187 2897 4242 Deum
2917 4185 2975 4242 in
3001 4185 3232 4242 mundo
3248 4187 3597 4254 nominarit,

1945 4292 2220 4349 negasse,
2252 4291 2323 4331 ac
2351 4274 2574 4330 dixisse
2603 4290 2618 4329 :
2655 4275 2742 4329 Tu
2772 4276 2971 4332 omnia
2997 4277 3172 4347 nosti,
3200 4281 3255 4332 et
3290 4280 3403 4333 scis
3446 4278 3603 4350 quod

1945 4384 2066 4424 non
2090 4364 2450 4422 nominarim
2485 4379 2576 4419 me
2596 4363 2784 4420 Deum
2814 4370 2921 4421 aut
2968 4364 3193 4421 Filium
3223 4370 3414 4422 tuum.
3453 4366 3599 4423 Sum

1946 4457 2106 4515 enim
2130 4469 2335 4511 servus
2357 4458 2628 4513 tuusmec
2644 4453 2732 4509 ita
2754 4452 3044 4523 superbus
3061 4468 3188 4510 sum
3214 4459 3280 4510 ut
3295 4458 3379 4511 sic
3396 4456 3604 4512 vocari

1948 4540 2737 4603 delreclem.Anathematizo
2758 4541 3087 4598 Moamedis
3106 4542 3442 4599 doctrinam
3462 4560 3599 4617 qua:

1948 4634 2092 4691 dicit
2113 4632 2408 4689 Christum
2430 4645 2554 4686 non
2578 4645 2710 4686 esse
2742 4630 2955 4686 Filium
2981 4631 3103 4699 Dei,
3122 4632 3228 4687 sed
3258 4632 3600 4704 apostolum

1949 4730 2007 4781 et
2043 4721 2451 4797 prophetam:
2510 4719 2795 4792 quoniam
2830 4719 3063 4793 (inquit)
3116 4723 3272 4776 Deus
3330 4736 3600 4777 commu-

1948 4814 2146 4871 nionis
2199 4812 2429 4868 socium
2474 4826 2598 4866 non
2648 4810 2879 4867 habet:
2926 4815 2993 4867 et:
3029 4826 3239 4867 omnes
3288 4810 3393 4883 qui
3442 4810 3601 4868 Chri-

1948 4911 2107 4962 stum
2139 4902 2194 4959 ei
2218 4900 2663 4959 communionis
2691 4900 2923 4957 socium
2952 4899 3180 4969 dicunt,
3208 4899 3271 4955 in
3323 4900 3602 4970 gehenna

1949 4993 2106 5065 ignis
2127 4992 2470 5066 punientur.
2493 4989 2941 5046 Anathematizo
2975 4987 3299 5046 Moamedis
3330 4988 3600 5046 fabulam

1951 5084 2011 5142 in
2036 5100 2160 5156 qua
2184 5082 2326 5138 dicit
2355 5084 2472 5137 Deo
2500 5079 2754 5135 domum
2783 5079 3141 5152 precationis
3157 5078 3234 5134 ab
3255 5079 3601 5136 Abrahamo

1950 5177 2007 5229 et
2065 5171 2315 5228 lsmaele
2362 5172 2647 5226 structam
2705 5184 2840 5225 esse
2878 5168 2942 5224 in
2998 5168 3225 5226 Bacche
3264 5168 3388 5225 sive
3435 5167 3602 5225 Make

1950 5265 2056 5319 aut
2086 5259 2331 5317 Makech
2363 5280 2377 5315 :
2405 5273 2593 5332 quam
2618 5257 2895 5316 nominat
2936 5255 3348 5316 adoratorium
3398 5256 3603 5313 obser-

1948 5419 2603 5498 hujusmodiverbum.
2623 5492 2662 5498 _
2715 5490 2748 5498 Α,
2887 5487 2898 5498 _

2022 5490 2133 5566 ('10)
2160 5492 2399 5552 Plenius
2428 5491 2591 5564 apud
2623 5490 3034 5563 Euthymium.
