4106 6296
583 245 679 300 131

1930 227 2194 292 NlCET/E
2232 222 2602 288 CHONIAT/E

3841 234 3939 302 132

579 366 870 433 vationis;
901 365 1275 436 imperatque
1316 365 1379 417 ut
1408 361 1751 433 ubicunque
1797 361 1915 415 sint
1963 359 2048 413 sic
2097 371 2226 429 pre-

2336 355 2520 416 πάντες
2570 360 2618 408 οἱ
2675 359 2902 431 λέγοντες
2937 361 3073 432 αὐτῷ
3125 365 3364 412 κοινωνὸν
3404 365 3488 414 τόν
3551 370 3777 438 Χριστόν
3826 367 3938 439 μέλ-

580 461 806 521 centur,
842 454 1026 509 facies
1053 468 1193 508 suas
1247 450 1323 506 ad
1381 449 1545 505 illam
1584 455 1816 521 partem
1855 449 2222 504 convertant.

580 543 1031 599 Anathematizo
1059 541 1236 596 etiam
1266 540 1463 612 ipsam
1503 537 1669 592 illam
1716 536 2072 608 precationis
2125 535 2228 588 do-

583 649 751 688 mum
805 633 865 686 in
912 631 1122 687 Make:
1267 629 1327 683 in
1377 629 1551 696 cujus
1586 625 1783 681 medio
1808 627 2006 696 jacere
2062 624 2227 677 aiunt

581 721 844 793 lapidem
864 716 1418 788 magnum,Veneris
1439 715 1697 784 efﬁgiem
1719 715 1776 769 in
1805 730 1865 768 se
1884 713 2225 768 habentem:

584 809 868 865 honorari
912 813 1111 863 autem
1165 807 1345 861 istum
1402 804 1689 874 lapidem,
1722 803 1897 875 quasi
1927 801 2230 856 Abraham

588 913 770 969 super
799 912 868 952 eo
891 912 1029 951 cum
1060 897 1248 964 Agare
1293 893 1530 956 coierit;
1565 896 1667 947 aut
1697 889 1996 945 camelum
2027 889 2080 943 ei
2108 885 2229 943 alli-

587 985 831 1056 gaverit,
881 999 1018 1039 cum
1079 986 1350 1037 lsaacum
1407 979 1850 1036 sacrificaturus
1913 983 2056 1033 erat.
2117 979 2230 1030 Eos

589 1081 788 1130 autem
814 1073 918 1146 qui
962 1076 1273 1144 precatum
1328 1069 1464 1124 illuc
1495 1075 1655 1134 eunt,
1688 1068 1936 1123 alteram
1984 1081 2232 1122 manum

585 1163 662 1218 ad
712 1161 975 1233 lapidem
1033 1159 1366 1225 extendere,
1398 1158 1580 1212 altera
1624 1172 1766 1212 vero
1797 1171 2004 1211 aurem
2057 1168 2234 1208 suam

583 1260 802 1316 tenere,
837 1256 1014 1321 atque
1045 1251 1124 1303 ita
1150 1251 1211 1302 in
1237 1249 1447 1302 orbem
1465 1262 1594 1300 sese
1615 1247 2020 1313 circumagere
2041 1244 2234 1298 donec

581 1355 612 1393 e
650 1338 935 1408 vertigine
966 1335 1175 1391 offusis
1220 1334 1482 1390 tenebris
1509 1333 1848 1388 concidant.
1877 1331 2235 1386 Anathema-

583 1429 691 1482 tizo
732 1428 911 1482 etiam
942 1425 1145 1496 ipsum
1193 1422 1376 1490 Meke,
1408 1427 1464 1476 et
1511 1427 1703 1477 totum
1757 1421 1885 1490 ejus
1915 1419 2230 1484 ambitum,

583 1521 640 1571 et
676 1515 781 1586 qui
813 1530 848 1569 a
876 1511 1186 1568 Saracenis
1241 1510 1324 1565 ibi
1369 1515 1576 1565 contra
1622 1509 1985 1564 Christianos
2006 1509 2236 1578 jactan-

582 1610 679 1661 tur
709 1609 939 1674 septem
993 1600 1259 1672 lapides;
1313 1614 1681 1669 omnemque
1733 1599 2002 1668 ipsorum
2032 1611 2236 1669 preca-

2333 442 2484 495 λουσι
2537 447 2852 508 κολάζεσθαι
2898 449 2964 510 εἰς
3014 455 3108 508 τὴν
3156 446 3373 520 γένδναν
3428 458 3518 502 τοῦ
3571 458 3755 526 πυρός.
3798 457 3939 508 Ἀνα-

2339 533 2599 603 θεματίζω
2664 543 2757 594 τὴν
2809 541 3123 610 μυθοποιίαν
3182 547 3272 590 τοῦ
3312 537 3548 612 Μωάμεδ
3612 540 3659 593 ἐν
3812 565 3939 616 φησι

2335 625 2646 687 γενήσεσθαι
2687 628 2797 694 (11)
2845 636 2916 696 τῷ
2972 635 3085 696 Θεῷ
3137 625 3274 678 οἷκον
3322 638 3630 700 προσευχῆς
3669 635 3809 704 παρά
3852 640 3942 684 τοῦ

2338 707 2576 783 Ἀϐραὰμ
2605 718 2693 765 καὶ
2723 711 2814 766 τοῦ
2862 715 3081 787 Ἰσμαὴλ
3131 715 3201 777 εἱς
3246 720 3303 768 τὸ
3339 719 3512 788 Βάκχε
3554 723 3670 776 ἤτοι
3709 724 3767 771 τό
3798 723 3944 774 Μάκε

2338 797 2366 854 ἡ
2400 801 2589 870 Μάκεχ
2623 818 2634 830 ·
2696 803 2748 854 ὃν
2806 803 3047 875 ὀνομάζει
3095 811 3546 877 προσκυνητὴριον
3592 815 3682 858 τοῦ
3710 829 3943 884 παρατη-

2336 893 2569 960 ρήματος
2605 907 2617 919 °
2673 897 2762 944 καὶ
2805 897 3128 966 προστάσσει
3157 897 3290 965 (12),
3325 897 3452 947 ὅπου
3492 895 3552 947 ἆν
3592 894 3692 949 ὦσι
3738 906 3828 951 καὶ
3868 903 3942 950 εῦ-

2338 996 2560 1047 χωνται,
2596 985 2856 1053 στρέφωσι
2907 986 2974 1034 τόι
3018 987 3276 1056 πρόσωπα
3319 984 3486 1035 αὐτῶν
3517 991 3645 1059 πρός
3684 990 3740 1038 1'6
3791 993 3944 1060 μέρος

2340 1064 2515 1119 ἐκεῖνο.
2576 1068 2962 1141 Ἀναθεματίζω
3035 1077 3122 1124 καὶ
3181 1073 3336 1124 αὐτὸν
3407 1078 3492 1124 τόν
3547 1075 3618 1136 εἰς
3675 1078 3732 1127 τὸ
3800 1081 3942 1130 Μάκε

2341 1152 2480 1206 οἷκον
2531 1165 2625 1218 τῆς
2655 1158 2821 1229 εὐχῆς
2853 1181 2864 1192 ·
2913 1201 2925 1214 .
2971 1202 2984 1216 .
3029 1203 3043 1217 .
3085 1164 3196 1231 (13)
3247 1160 3294 1212 ἐν
3391 1182 3520 1234 φασι
3548 1166 3756 1216 κεῖσθαι
3785 1169 3939 1237 μέσον

2340 1241 2480 1294 λίθον
2511 1251 2691 1316 μέγαν,
2748 1245 3028 1320 ἐκτῦπωμα
3081 1257 3177 1310 τῆς
3218 1246 3533 1324 Ἀφροδίτης
3572 1255 3764 1322 ἔχοντα
3796 1269 3807 1281 '
3858 1273 3938 1304 τι-

2342 1335 2544 1402 μᾶσθαι
2576 1331 2634 1386 δὲ
2680 1343 2879 1396 τοῦτον,
2915 1338 2984 1397 ὡς
3013 1336 3265 1390 ἐπάνωθεν
3306 1339 3466 1390 αὐτοῦ
3498 1347 3558 1411 τῇ
3601 1339 3769 1415 Ἀσγαρ
3822 1342 3938 1413 ὁμι-

2341 1419 2598 1483 λήσαντος
2653 1432 2744 1474 τοῦ
2793 1423 3030 1498 Ἀϐραάμ
3063 1447 3076 1459 ·
3146 1427 3175 1484 ἡ
3237 1429 3306 1487 ὡς
3353 1426 3494 1499 αῦτῴ
3545 1433 3639 1487 τὴν
3705 1431 3936 1502 κάμηλον

2341 1508 2761 1583 προσδήσαντος,
2805 1515 2886 1565 ὅτε
2933 1517 3018 1565 τὸν
3047 1515 3229 1566 Ἰσαὰκ
3268 1516 3437 1588 ἔμελλε
3492 1519 3647 1573 θύειν,
3696 1523 3826 1580 Τοὺς
3881 1517 3937 1570 δε

2343 1601 2408 1660 εἰς
2453 1602 2616 1673 εὐχὴν
2656 1603 2761 1654 ἐκεῖ
2811 1602 3058 1666 ἀπιόντας
3102 1609 3196 1661 τὴν
3247 1609 3337 1677 μὲν
3375 1612 3493 1678 μίαν
3551 1607 3742 1660 ἑαυτῶν
3782 1616 3939 1681 χεῖρα

585 1694 829 1762 tionem,
878 1690 1103 1746 cultum
1133 1705 1203 1744 ac
1233 1689 1452 1743 rituum
1506 1688 1820 1742 solemnia.
1869 1686 2226 1742 Anathema-

2342 1693 2472 1762 πρὸς
2528 1694 2615 1741 τόν
2666 1689 2806 1743 λίθον
2837 1690 3086 1762 ἐκτείνειν,
3118 1701 3178 1764 τῇ
3215 1690 3274 1745 δὲ
3314 1693 3457 1767 ἑτέρᾳ
3495 1699 3551 1746 τὸ
3583 1692 3667 1755 οὖς
3695 1701 3938 1767 κατέχειν

587 1783 697 1836 tizo
719 1779 1040 1837 Moamedis
1061 1778 1395 1833 doctrinam
1415 1777 1489 1831 de
1511 1776 1741 1831 camelo
1756 1776 2000 1840 femina;
2025 1771 2231 1846 qua'm,

589 1887 725 1926 cum
752 1873 868 1925 Deo
899 1883 1070 1924 sacra
1091 1872 1262 1935 esset,
1288 1869 1366 1921 ab
1389 1866 1517 1936 ejus
1548 1865 1833 1938 temporis
1865 1864 2230 1927 hominibus,

588 1961 852 2018 occisam
880 1959 1059 2013 fuisse
1090 1956 1248 2021 dicit,
1303 1961 1361 2011 et
1392 1959 1574 2010 Deum
1604 1961 1921 2027 propterea
1972 1953 2103 2008 illos
2151 1952 2233 2007 ul-

587 2055 714 2107 tum
740 2063 890 2104 esse.
909 2044 1356 2101 Anathematizo
1394 2061 1496 2100 eos
1525 2045 1629 2116 qui
1657 2044 2016 2099 matutinum
2043 2042 2229 2109 sidus,

585 2139 703 2193 sive
745 2136 1075 2192 Luciferum
1105 2141 1161 2190 et
1190 2136 1474 2188 Venerem
1523 2132 1778 2188 adorant
1811 2150 1823 2186 :
1875 2147 2061 2203 quam
2094 2139 2233 2187 Ara-

586 2227 734 2283 bum
782 2225 986 2295 lingua
1039 2223 1293 2287 Cbabar,
1348 2221 1410 2277 id
1457 2227 1544 2276 est
1576 2223 1862 2292 Magnam
1894 2223 2231 2278 nominant.

585 2315 1034 2372 Anathematizo
1060 2315 1264 2369 omnia
1286 2312 1608 2369 Moamedis
1633 2313 1988 2378 instituta,in
2010 2312 2233 2384 quibus

581 2405 805 2478 probra
834 2403 1183 2459 Christianis
1205 2403 1434 2468 dicens,
1459 2406 1794 2472 negatores,
1822 2401 2231 2455 communica-

581 2497 831 2558 tores,et
860 2489 1261 2546 sodalitiarios
1282 2505 1384 2545 eos
1417 2489 1731 2544 nominant
1755 2507 1768 2555 ;
1797 2504 1868 2558 ac
1899 2490 2229 2544 Saracenos

581 2584 658 2638 ad
697 2598 799 2637 eos
849 2579 1209 2636 truculenter
1255 2577 1626 2649 jugulandos
1681 2576 1959 2644 concitat,
2005 2576 2230 2632 bellum

582 2678 789 2728 contra
819 2669 1186 2725 Christianos
1213 2671 1370 2724 viam
1415 2669 1523 2723 Dei
1566 2654 1921 2731 nominans;
1954 2672 2011 2722 et
2055 2669 2228 2723 Sara-

580 2776 762 2817 cenos
789 2759 973 2831 quiin
1003 2758 1100 2814 tali
1129 2756 1287 2812 bello
1309 2756 1664 2818 moriuntur,
1711 2756 1806 2810 Dei
1837 2755 1994 2812 ﬁlios
2027 2761 2082 2811 et
2130 2771 2231 2827 pa-

579 2850 780 2905 radiso
807 2848 1024 2918 dignos
1070 2862 1310 2902 vocans.
1351 2845 1799 2901 Anathematizo
1831 2844 2149 2901 scelestum
2176 2851 2232 2901 et

580 2940 882 3010 impurum
939 2937 1272 2991 institutum
1329 2934 1651 2990 Moamedis
1688 2934 1762 2990 de
1815 2933 2114 3005 precibus,
2169 2934 2230 2989 in

2343 1784 2400 1831 1'6
2452 1777 2589 1832 ἴδιον
2622 1797 2635 1811 ⁸
2679 1787 2769 1832 καί
2816 1783 2950 1833 οὕτω
3007 1782 3320 1855 κυκλοτερῶς
3375 1784 3583 1846 ἑαυτοὺς
3628 1792 3936 1860 περιφέρειν,

2342 1870 2435 1930 ἕως
2499 1867 2558 1920 ἂν
2615 1874 2819 1922 πέσωσι
2874 1867 3372 1933 σκοτοδινιάσαντες.
3430 1872 3820 1946 Ἀναθεματίζω
3883 1872 3939 1928 δὲ

2342 1961 2432 2008 καί
2483 1957 2608 2009 αὐτὸ
2659 1961 2714 2010 τό
2760 1964 2912 2025 Μέκε,
2968 1965 3053 2010 καί
3107 1965 3193 2018 τὴν
3223 1967 3473 2034 περιοχὴν
3521 1963 3680 2015 αὐτοῦ
3712 1970 3888 2016 πᾶσαν
3923 1986 3934 1997 ·

2341 2051 2430 2098 καί
2495 2051 2612 2106 τοὺς
2684 2051 2826 2122 παρά
2893 2057 2990 2100 τῶν
3051 2057 3358 2122 Σαρακηνὼν
3427 2050 3530 2103 ἐκεῖ
3600 2053 3940 2126 ῥιπτομένους

2345 2135 2469 2187 ἑπτὰ
2524 2134 2699 2197 λίθους
2755 2140 2889 2188 κατὰ
2926 2146 3025 2187 τῶν
3081 2145 3408 2212 Χριστιανῶν
3443 2160 3455 2172 ·
3489 2145 3578 2191 καί
3615 2147 3791 2192 πᾶσαν
3846 2147 3939 2200 τὴν

2341 2229 2651 2296 προσευχὴν
2703 2226 2795 2276 καί
2844 2229 2932 2282 τὴν
2993 2225 3251 2300 λατρείαν,
3305 2232 3395 2279 καί
3450 2232 3516 2280 τόι
3555 2231 3708 2301 ἔθιμα
3746 2230 3940 2285 αὐτῶν.

2343 2311 2735 2385 Ἀναθεματίζω
2790 2319 2884 2371 τὴν
2951 2311 3192 2386 διδαχὴν
3249 2323 3338 2368 τοῦ
3396 2315 3630 2389 Μωάμεδ
3684 2324 3780 2377 τὴν
3824 2324 3944 2393 περί

2343 2410 2437 2462 τῆς
2488 2402 2724 2473 καμήλου
2768 2402 2995 2471 θηλείας,
3045 2405 3106 2462 ἣν
3144 2404 3300 2475 λέγει,
3354 2413 3446 2457 τοῦ
3478 2413 3610 2458 Θεοῦ
3662 2408 3800 2480 ἱερὰν
3860 2404 3945 2459 οὖ-

2343 2509 2459 2558 σαν,
2519 2493 2826 2562 φονευθῆναι
2883 2495 3024 2566 παρὰ
3092 2501 3191 2544 τῶν
3246 2502 3534 2550 τηνικαῦτα
3608 2493 3894 2568 ἀνθρώπων
3927 2513 3938 2526 ·

2339 2583 2429 2629 καί
2483 2576 2575 2631 διὰ
2631 2587 2783 2632 τοῦτο
2840 2578 3140 2651 ἀμύνασθαι
3171 2581 3362 2644 αὐτοὺς
3413 2586 3500 2634 τὸν
3542 2588 3688 2638 Θεὸν,
3735 2584 3944 2637 Ἀναθε-

2340 2668 2544 2738 ματίζω
2592 2671 2712 2729 τοὺς
2845 2676 3050 2740 πρωῐνῷ
3090 2678 3513 2740 προσκυνοῦντας
3541 2673 3739 2746 οἴστρῳ,
3773 2676 3942 2744 ἤγουν

2338 2765 2410 2827 τῷ
2458 2757 2701 2831 ἑωσφόρῳ
2765 2762 2853 2808 καί
2903 2764 2964 2829 τῇ
3027 2754 3273 2830 Ἀροδίτῃ
3333 2760 3442 2831 (14)
3475 2781 3489 2793 ·
3545 2761 3605 2818 ἣν
3652 2763 3788 2812 κατὰ
3843 2767 3943 2821 τήν

2340 2845 2570 2919 Ἀράϐων
2627 2845 2870 2916 γλῶσσαν
2919 2846 3101 2919 Χαϐὰρ
3171 2847 3509 2919 ὀνομάζουσι,
3552 2854 3791 2902 τουτέστι
3856 2871 3945 2923 με·

2337 2934 2522 3004 γαλην·
2560 2935 2945 3007 Ἀναθεματίζω
3001 2939 3174 2997 πάσας
3213 2940 3305 2997 τὰς
3349 2934 3614 3000 διατάξεις
3651 2945 3743 2989 τοῦ
3783 2942 3945 2992 Maii-

584 3045 707 3101 quo
748 3033 804 3082 et
841 3028 956 3082 hoc
983 3025 1234 3098 apponit
1284 3030 1366 3086 ut,
1399 3023 1447 3078 si
1477 3039 1600 3078 non
1641 3024 1698 3077 in
1729 3029 2011 3094 promptu
2066 3023 2226 3078 inve-

2338 3019 2460 3096 μεδ,
2498 3022 2546 3073 ἐν
2583 3024 2667 3084 αἶς
2704 3028 2818 3084 τοὺς
2859 3029 3201 3096 Χριστιανοὺς
3241 3021 3509 3085 ὀνειδίζων
3559 3024 3784 3100 ἁρνητὰς
3822 3033 3945 3094 (15)

580 3121 750 3173 niant
778 3132 1022 3188 aquam,
1047 3120 1288 3170 tenuem
1321 3113 1575 3168 humum
1609 3114 1865 3184 capiant,
1883 3128 2074 3183 eaque
2107 3128 2231 3167 ma-

579 3223 693 3261 nus
725 3221 793 3260 ac
821 3204 999 3259 facies
1025 3219 1167 3258 suas
1196 3201 1878 3258 fricent.Anathematizo
1909 3201 2230 3257 Moamedis

579 3294 913 3349 doctrinam
943 3293 1017 3347 de
1045 3291 1258 3347 ﬁctura
1287 3291 1568 3352 hominis,
1602 3290 1663 3344 in
1693 3306 1818 3361 qua
1846 3290 1986 3345 dicit
2035 3290 2228 3345 homi-

575 3395 715 3435 nem
745 3395 818 3434 ex
842 3379 1046 3443 humo,
1081 3377 1252 3441 stilla,
1286 3378 1670 3446 sanguisugis
1696 3386 1752 3432 et
1782 3377 2034 3433 materia
2063 3393 2231 3434 man-

575 3470 794 3524 ducata
832 3466 1039 3522 ﬁctum
1078 3481 1204 3521 esse
1269 3482 1282 3520 :
1333 3472 1391 3520 et
1438 3481 1576 3520 cum
1629 3466 1810 3521 homo
1841 3466 2012 3521 ﬁctus
2051 3473 2228 3550 esset,

574 3562 820 3612 crateres
840 3555 1086 3626 quidem
1111 3553 1358 3622 angelos
1380 3569 1592 3608 omnes
1610 3554 1708 3608 Dei
1723 3554 1903 3624 jussu
1921 3571 2060 3610 eum
2085 3555 2231 3611 ado-

574 3661 739 3701 rasse
769 3663 781 3706 ;
815 3649 874 3698 at
929 3642 1126 3697 solum
1179 3641 1457 3697 Belialem
1504 3657 1627 3696 non
1657 3642 1935 3698 obedisse
1980 3649 2044 3698 ut
2089 3660 2228 3700 eum

575 3735 871 3790 adoraret.
934 3733 997 3787 Et
1050 3737 1264 3802 praeter
1318 3732 1447 3786 hinc
1503 3732 1730 3796 omnia,
1789 3733 2227 3790 anathematizo

575 3827 762 3879 Deum
815 3821 1156 3889 Moamedis,
1212 3820 1286 3876 de
1316 3837 1439 3892 quo
1481 3820 1621 3875 dicit
1669 3837 1809 3875 eum
1857 3837 1992 3876 esse
2035 3838 2226 3878 unum

577 3917 764 3968 Deum
795 3911 1078 3978 solidum,
1120 3910 1222 3982 qui
1252 3923 1361 3964 nec
1390 3910 1661 3978 genuerit
1691 3925 1801 3965 nec
1849 3911 2082 3980 genitus
2130 3911 2221 3977 sit,

574 4018 685 4058 nec
702 4000 1052 4075 quempiam
1080 3999 1132 4054 ei
1161 3998 1418 4054 similem
1448 3998 1762 4053 exstitisse.

3689 3120 3779 3166 καί
3833 3114 3945 3168 διε-

2339 3205 2497 3274 γείρει
2551 3205 2670 3262 τοὺς
2736 3205 3062 3273 Σαρακηνούς
3115 3205 3244 3274 πρὸς
3309 3210 3461 3254 τοῦτο
3517 3221 3576 3254 το
3629 3205 3793 3275 μύσος
3855 3209 3948 3256 καί

2341 3111 2581 3184 ὀνομάζει
2618 3117 2707 3163 καί
2736 3115 3046 3173 κοινωνητίις
3085 3119 3173 3164 καί
3231 3114 3585 3188 ἐταιρειαστάς
3617 3131 3630 3143 °

2339 3294 2433 3348 τὴν
2473 3295 2699 3361 σφαγὴν,
2740 3286 2862 3341 ὁδὸν
2903 3296 3035 3342 Θεοῦ
3083 3290 3348 3362 ὀνομάζων
3409 3295 3500 3342 καί
3538 3295 3622 3343 τὸν
3665 3293 3801 3343 κατὰ
3839 3303 3946 3345 τῶν

2341 3387 2669 3452 Χριστιανῶν
2699 3377 2915 3450 πόλεμον
2949 3395 2961 3407 ·
2990 3383 3079 3430 καί
3129 3383 3252 3440 τοὺς
3290 3379 3340 3431 ἐν
3369 3389 3438 3451 τῷ
3466 3384 3682 3451 τοιούτῳ
3733 3381 3946 3454 πολέμῳ

2341 3467 2760 3527 ἀποθνήσκοντας
2817 3471 3141 3540 Σαρακηνοῦς
3201 3471 3349 3530 υἱοὺς
3412 3477 3545 3522 Θεοῦ
3615 3474 3705 3521 καί
3762 3470 3946 3534 ἀξίους

2338 3564 2428 3609 τοῦ
2480 3552 2803 3628 παραδείσου
2869 3556 3056 3611 καλῶν.
3099 3557 3486 3628 Ἀναθεματίζω
3532 3560 3621 3618 τὰς
3667 3564 3788 3633 περί
3842 3568 3943 3611 τῶν

2339 3646 2510 3717 εὐχῶν
2559 3641 2819 3706 διατάξεις
2876 3647 3070 3717 μιαρᾶς
3110 3650 3198 3696 καί
3251 3644 3576 3720 ἀκαθάρτους
3638 3655 3730 3698 τοῦ
3785 3651 3947 3701 Mani-

2337 3732 2459 3806 μεδ,
2489 3733 2535 3784 ἐν
2580 3735 2661 3794 αἷς
2707 3737 2797 3784 καί
2827 3740 2978 3784 τοῦτο
3007 3735 3379 3808 προστίθησιν,
3423 3736 3522 3801 ἶνα,
3581 3733 3666 3786 ἐὰν
3697 3740 3770 3807 μὴ
3809 3739 3946 3809 εὑρί-

2338 3842 2534 3875 σκωσιν
2565 3820 2616 3884 ἐξ
2646 3822 2848 3892 ἑτοίμου
2878 3817 3044 3895 ὕδωρ,
3071 3821 3376 3894 λαμϐάνωσι
3411 3831 3545 3894 χοῦν
3582 3823 3762 3875 λεπτὸν
3805 3827 3944 3896 (16),

2334 3917 2423 3963 καί
2461 3911 2570 3983 μετ’
2611 3911 2769 3962 αὑτοῦ
2823 3909 3070 3984 τρίϐωσιν
3124 3911 3292 3962 αὐτῶν
3338 3915 3432 3974 τὰς
3482 3920 3670 3987 χεῖρας
3707 3918 3802 3965 καί
3849 3917 3949 3975 τὰς

2334 3999 2499 4070 ὄψεις.
2544 3999 2934 4071 Ἀναθεματίξω
2999 4003 3092 4057 τὴν
3139 4005 3258 4071 περί
3295 4009 3391 4061 τῆς
3426 4000 3660 4062 πλάσεως
3709 4010 3805 4054 τοῦ
3861 4001 3953 4054 ἁν-

576 4095 781 4165 θρὼπου
832 4087 1183 4142 διδασκαλίαν
1234 4095 1326 4140 τοῦ
1381 4084 1617 4159 Μωάμεδ
1663 4088 1793 4160 (17),
1834 4087 1952 4158 ἐνῇ
2017 4107 2174 4160 φησιν
2235 4089 2316 4140 ὄτι
2369 4087 2599 4146 ἐπλάσθη
2653 4089 2679 4139 ό
2731 4088 2994 4161 ἄνθρωπος
3049 4087 3150 4141 ἀπὸ
3201 4094 3452 4162 χώματος
3509 4094 3599 4143 καί
3661 4097 3949 4162 σταγόνος,

642 4267 751 4337 (Ii)
785 4269 891 4320 Pro
916 4266 1114 4320 futuro
1148 4267 1461 4339 ’γενήσεσθαι
1490 4265 1811 4339 requiritur
1851 4266 2218 4339 praeteritum

2336 4265 2808 4339 gignioribusque
2856 4265 3171 4321 sacerdotii
3223 4267 3593 4339 proceribus,
3652 4267 3777 4326 108.
3841 4273 3941 4338 2i,

571 4336 881 4410 γεγενῆσθαι
919 4342 1022 4391 aut
1051 4338 1312 4406 γενέσθαι,
1354 4343 1418 4410 με
1447 4336 1610 4410 apud
1647 4336 2050 4410 Euthymium.

643 4415 750 4480 (12)
774 4411 915 4482 P_ost_
937 4409 1265 4482 προστάσσει
1294 4407 1780 4463 subaudiendum
1811 4408 1914 4473 ἱνα,
1944 4411 2040 4465 vel
2064 4408 2222 4464 simi-

569 4477 977 4550 lis'particula;

643 4547 753 4623 (13)
785 4549 1204 4623 [narchetypo
1230 4551 1317 4602 est
1346 4547 1605 4619 spatium
1636 4565 1876 4623 vacum,
1899 4549 2219 4623 duodecim

571 4620 800 4748 Eirptilter
826 4620 1155 4700 litterarum
1199 4634 1429 4691 capax;
1488 4620 1753 4674 narratio
1811 4621 2025 4676 eadem
2057 4620 2222 4693 apud

617 4710 650 4746 u
726 4707 976 4748 vmium.

617 4699 976 4762 uthymium.

638 4760 745 4835 (14)
782 4766 858 4835 De
884 4760 1147 4835 Lucifero
1170 4766 1252 4835 et
1273 4763 1490 4816 Venere
1516 4761 1652 4835 vide
1682 4761 1961 4835 Euthym.

640 4832 750 4904 (15⁷)
785 4833 1029 4905 Ἀρνητὰς
1051 4832 1410 4905 Christianos
1431 4832 1683 4905 appellat
1702 4849 1732 4887 e
1764 4832 2113 4896 vidctur,vel
2141 4833 2220 4888 ob

569 4903 716 4961 Petri
745 4903 1150 4976 negationem,
1195 4903 1286 4958 vel
1339 4903 1418 4957 ob
1472 4903 1856 4976 negationem
1889 4905 2118 4971 Christi,
2161 4908 2222 4959 at

565 4973 872 5049 κοινωνητᾷς
901 4979 958 5030 et
997 4975 1367 5049 ἐταιρειαστὰς,
1395 4974 1561 5045 quod
1590 4973 1887 5049 Christum
1913 4977 2028 5030 Deo
2059 4991 2221 5049 com;

564 5047 870 5104 munionis
932 5045 1165 5101 socium
1217 5047 1483 5112 credant,
1533 5045 1751 5116 partim
1810 5047 1989 5099 etiam
2052 5045 2221 5115 quod

566 5125 913 5194 sanctorum
943 5126 1001 5172 et
1030 5118 1181 5172 inter
1197 5132 1302 5194 "se,
1336 5121 1390 5194 et
1421 5115 1823 5194 cum_Ch_risto
1850 5117 2042 5194 capite
2084 5133 2217 5192 sup,

564 5189 1057 5260 communionem
1077 5187 1450 5260 profitentur.
1469 5186 1619 5260 _Vide
1658 5182 2065 5260 Euthymium.
2162 5182 2172 5192 ’

632 5262 741 5340 (to)
780 5261 861 5340 De
895 5256 1306 5340 puriﬁcatione
1335 5273 1440 5328 per
1469 5257 1726 5311 humum
1775 5264 1831 5312 et
1879 5256 1954 5311 de
2007 5260 2220 5314 ﬁctura

562 5330 824 5388 hominis
853 5330 986 5385 vide
1014 5330 1290 5401 Euthym.

635 5403 746 5476 (i7)
792 5401 1088 5476 Belle_huc
1142 5397 1370 5476 faciunt
1406 5413 1542 5470 qua:
1603 5413 1639 5452 a
1684 5397 1885 5476 _Niceta
1917 5399 2218 5476 _Chor_iiate

564 5469 884 5533 narrantur
927 5473 1001 5527 de
1031 5471 1297 5530 Manuale
1327 5472 1654 5540 Commeno
1681 5469 2034 5540 imperatore
2060 5472 2220 5526 Con-

566 5543 1121 5617 stantinopolitano,
1178 5547 1236 5600 et
1303 5539 1636 5597 Theodosio
1697 5539 2060 5612 patriarcha,
2129 5543 2223 5599 in-

2331 4336 2594 4414 ’ίΕγκειται
2685 4336 2757 4406 τῷ
2837 4346 3187 4414 καθτηχητικῷ
3225 4336 3467 4408 ’πυκτίῳ
3555 4339 3666 4410 μεθ’
3754 4336 3948 4414 ἐτέρων

2330 4409 2632 4483 ἀφορισμῶν
2658 4413 2746 4459 καί
2798 4411 2856 4458 1'6
2891 4407 3120 4483 ἀνάθεμα
3261 4416 3373 4479 Θεῷ
3419 4407 3490 4480 τῳ
3536 4407 3626 4461 ⁴τοῦ
3655 4407 3895 4483 Μωάμὲτ
3932 4430 3944 4440 ·

2331 4479 2446 4552 περί
2497 4479 2558 4552 οὗ
2610 4479 2745 4548 λέγει
2789 4481 2855 4552 ᾡς
2905 4483 3020 4531 οὔτε
3047 4479 3332 4551 ίέγέννησεν
3371 4479 3487 4532 οὔτε
3526 4479 3803 4552 ἐγεννήθη,
3853 4487 3950 4535 καί

2331 4549 2411 4601 ὅτι
2469 4551 2754 4624 ὀλόσφυρός
2793 4549 2928 4604 ἐστι.
2971 4554 3069 4602 Τόν
3100 4549 3356 4602 τοιοῦτον
3396 4549 3566 4602 τοίνυν
3623 4550 3951 4624 ἀναθεματι-

2333 4624 2464 4693 σμὸν
2539 4611 2825 4706 ἀπαλεῖψαι
2862 4629 2998 4707 ,τῶν
3053 4620 3177 4672 ὅλων
3251 4628 3660 4708 κατηχητηρίων
3737 4611 3950 4694 βίϐλων

2447 4693 2485 4708 ,Α
2742 4693 2751 4708 .
2920 4700 2938 4708 _
3066 4700 3086 4708 -
3177 4691 3188 4707 ..
3322 4702 3342 4708 _
3400 4701 3448 4708 --
3549 4695 3565 4708 η
3687 4692 3698 4708 ,
3773 4695 3791 4708 ς
3902 4701 3912 4708 .

2329 4690 2593 4766 προέθετο,
2662 4690 2969 4766 ῥιπξλαῦτῆς
3025 4700 3120 4753 τῆς
3169 4691 3217 4745 ἐν
3283 4702 3342 4764 τῇ
3387 4690 3609 4765 ’Μεγάλῃ
3679 4690 3953 4766 ἐκκλησίᾳ

2329 4752 2589 4824 πυκτίδος
2653 4761 2949 4849 ὀιρξάμενος.
3009 4768 3108 4815 Καί
3157 4766 3185 4821 ὴ
3241 4752 3501 4849 πρόφασις
3553 4754 3621 4826 ὡς
3667 4752 3835 4836 μάλα
3867 4752 3953 4819 s13.-

2330 4840 2624 4907 πρόσωπος.
2667 4832 2896 4904 Ἔφασκε
2945 4836 3043 4906 γὰρ
3101 4836 3170 4894 ὡς
3218 4832 3288 4896 εἰς
3320 4832 3608 4888 σκάνδαλον
3662 4832 3954 4908 πρόκειται

2328 4914 2425 4956 τῶν
2482 4907 2890 5026 ἕετατιθεμένων
2953 4907 3253 4977 Ἀγαρηνῶν
3316 4907 3386 4966 εἰς
3450 4911 3540 4964 τὴν
3615 4907 3730 4958 καθ’
3801 4911 3958 4970 ἡμᾶς

2333 4977 2492 5026 θεοσεκ
2515 4984 2543 5026 ἣ
2581 4981 2778 5026 πίστιν;
2809 4980 2866 5026 τὸ
2902 4974 3331 5026 ϐλασωῃαείσθαι
3371 4977 3500 5026 ὅλως
3549 4983 3695 5026 Θεόν-
3731 4963 3958 5026 Od);ko

2333 4963 2543 5048 θεοσεξῆ
2581 4963 2778 5036 πίστινς
2809 4980 2866 5027 τὸ
2899 4963 3331 5048 βλασφῆμεῖσθαι
3371 4963 3504 5037 όλωςγ
3549 4983 3696 5048 Θεόν.
3731 4963 3958 5032 Οὐκοῦν

2329 5046 2648 5120 μετάκλητον
2694 5115 2705 5120 Α
2737 5045 2918 5105 τίθησι
2991 5045 3078 5099 τὸν
3117 5045 3398 5120 ’μέγιστον
3473 5045 3766 5101 Θεοδόσιον
3796 5092 3810 5108 ,
3903 5050 3960 5112 ὃς

2332 5113 2501 5169 διεῖπε
2550 5123 2639 5169 καί
2687 5115 2897 5190 ἐκόσμει
2947 5113 3236 5176 τηνικαῦτα
3276 5121 3452 5193 θρόνον
3476 5124 3560 5171 τὸν
3614 5125 3961 5204 πρώτιστον,

2331 5193 2418 5266 καί
2491 5196 2589 5266 τῶν
2652 5189 2956 5266 καταγιτὴν
3009 5189 3155 5266 πόλιν
3214 5189 3572 5262 ἐνδὴμούντων
3644 5189 3962 5266 ἀρχιερέων

2328 5263 2451 5335 τοῦς
2504 5259 2641 5330 λόγῳ
2680 5264 2770 5311 καί
2827 5259 2980 5334 ἀρετῇ
3047 5257 3430 5335 διαπρέποντας
3463 5280 3476 5292 ο
3533 5265 3623 5312 καί
3669 5257 3966 5316 κοίνο’ῦται

2328 5333 2528 5407 τούτοις
2569 5334 2627 5381 τό
2688 5330 2906 5407 ’σκέμμα
2957 5330 3074 5403 μετ’
3116 5330 3350 5407 ὀγκηρων
3427 5330 3777 5407 προεισοδίων
3859 5343 3968 5397 τῆς

2329 5402 2639 5477 ῦποθέσεως.
2688 5400 3048 5477 Ἀμνανήεῦοντας
3107 5400 3166 5454 δὲ
3221 5400 3422 5465 πάντας
3465 5400 3600 5473 εὗρε,
3662 5409 3755 5456 καί
3811 5405 3968 5477 μηδ’

2328 5472 2506 5546 ᾄκροις
2570 5469 3042 5546 παραδεχομένους
3118 5475 3217 5526 ὠσί
3281 5469 3823 5546 τὰῌείσήγόυμενας
3888 5481 3968 5541 ὧς

2330 5541 2609 5616 ἀποφημα,
2651 5541 2928 5607 ’καί”τ’ῆς
3000 5545 3068 5606 εἰς
3144 5548 3273 5599 Θεὸν
3347 5541 3710 5610 ἀληθεστάτὴς
3775 5541 3970 5615 δόξης
