4106 6296
587 259 686 332 its
1924 249 2194 327 Nicier
2239 243 2608 323 cHONIAi‘E
3839 251 3930 322 4'36

583 397 733 456 mini
754 397 898 454 Jesu
917 395 1128 454 Christi
1145 408 1364 467 corpus
1392 409 1462 450 ac
1493 394 1851 464 sanguinem
1879 407 2030 460 esse,
2050 397 2204 450 trans

2312 425 2322 444 ι
2357 385 2575 461 δυνάμει
2642 396 2822 465 νοερῶς
2873 408 2926 443 τε
2973 392 3062 442 καὶ
3098 387 3352 464 ἀοράτως,
3392 387 3518 461 ὑπὲρ
3561 392 3730 442 πᾶσαν
3792 408 3933 462 φυσι-

585 491 794 544 mutaa
851 483 1168 559 [videlicet]
1204 483 1410 542 divina
1465 482 1620 540 illius
1680 483 1949 556 potentia
2001 500 2013 538 :
2063 481 2206 553 idqu

2353 483 2448 535 κήν
2490 481 2701 551 ἔννοιαν,
2769 482 2838 540 ὡς
2894 475 3006 532 οἶδε
3063 483 3214 553 μόνος
3271 477 3456 540 αὐτός’
3497 483 3586 531 καὶ
3624 479 3758 532 οὕτω
3795 479 3930 550 κάγὼ

589 580 788 632 mente
839 581 896 632 et
939 590 1064 630 non
1108 573 1294 630 oculis
1329 571 1718 646 perceptibili,
1748 587 2112 644 omnemque
2143 586 2210 626 na

2352 567 2746 639 μεταλήψεσθαι
2800 572 2992 622 τούτων
3048 571 3372 642 συντίθεμαι,
3427 570 3496 629 ὡς
3532 570 3663 620 κατά
3707 567 3932 628 ἀλήθειαν

585 664 844 722 turalem
877 663 1298 734 cogitationem
1321 669 1640 736 superante
1671 661 1877 730 modo,
1905 677 2083 734 quem
2115 659 2206 732 ips

2351 659 2508 708 ὄντων
2585 661 2778 730 σαρκός
2831 677 2882 711 τε
2938 663 3028 710 καὶ
3081 660 3300 731 αἳματος
3353 657 3539 726 αὑτοῦ,
3579 663 3668 710 καὶ
3689 657 3757 718 εἰς
3793 658 3934 728 ἁγια-

590 754 754 810 solus
797 754 960 808 novit
993 770 1005 808 :
1039 757 1216 824 atque
1247 751 1330 808 ita
1358 755 1413 808 et
1465 766 1578 821 ego
1605 767 1702 807 me
1729 749 1828 806 illa
1857 766 1998 806 cum
2019 747 2210 805 caeteri

2353 749 2483 818 σμὸν
2549 745 2736 819 ψυχῆς
2789 767 2842 800 τε
2872 753 2962 800 καὶ
3009 755 3264 820 σώματος,
3305 753 3394 799 καὶ
3432 748 3570 807 ζωὴν
3600 748 3826 816 αἰώνιον,
3851 751 3933 800 καὶ

592 846 974 915 sumpturum
1007 841 1320 907 assentior,
1344 845 1406 896 ut
1425 856 1558 913 quae
1581 856 1719 895 vere
1749 854 1890 896 caro
1913 844 1970 894 et
1995 837 2209 909 sangui

2351 833 2625 906 βασιλείας
2701 836 2927 911 οὐρανῶν
3004 836 3345 910 κληρονομίαν
3398 834 3931 909 μεταλαμϐανομένων,

588 931 638 1001 ej
651 948 719 987 us
736 931 936 992 sint.et
952 930 1026 986 ad
1041 929 1260 986 animae
1278 929 1665 1002 corporisque
1683 925 2209 985 sanctiﬁcationem

2339 931 2458 986 ,τοῖς
2498 923 2664 976 αὐτῶν
2705 924 2752 977 ἐν
2791 931 2968 978 πίστει
3015 925 3182 998 τελείᾳ
3219 930 3524 998 μετέχουσι.
3569 930 3670 978 Καὶ
3706 928 3764 977 τὸ
3793 927 3932 998 ἅγιον

587 1021 772 1077 vitam
829 1024 1134 1086 aeternam,
1195 1020 1482 1092 regnique
1534 1017 1788 1076 coelestis
1834 1017 2208 1074 haereditaten

2348 1021 2440 1065 τοῦ
2495 1021 2728 1086 Χριστοῦ
2797 1013 3077 1088 βάπτισμα
3149 1018 3279 1088 μετὰ
3343 1017 3572 1088 καθαρᾶς
3614 1019 3703 1068 καὶ
3750 1012 3931 1068 ἀδόλου

589 1107 1046 1182 adipiscendam
1066 1113 1403 1176 sumantur,
1423 1107 1500 1164 ab
1521 1107 1634 1163 illis
1663 1108 1767 1180 qui
1793 1123 1866 1162 ea
1893 1106 1954 1162 in
1981 1105 2210 1178 perfect;

2347 1101 2530 1174 ψυχῆς
2585 1107 2674 1156 καὶ
2731 1100 2977 1177 καρδίας,
3037 1107 3125 1156 καὶ
3185 1109 3413 1165 πίστεως
3479 1104 3796 1178 εἰλικρινοῦς,
3829 1104 3933 1157 ἐπι-

585 1199 704 1255 tide
757 1198 1137 1271 participant.
1181 1199 1587 1269 Sanctumque
1654 1195 1866 1252 Christi
1913 1193 2206 1267 baptisma

2351 1194 2492 1254 ζητῶ
2534 1189 2808 1262 δέξασθαι,
2875 1193 3349 1267 πληροφορούμενος
3419 1192 3620 1256 ἀληθῶς
3685 1196 3931 1269 κάθαρσιν

586 1303 738 1360 puro
771 1285 1101 1358 seduloque
1151 1286 1356 1342 animo
1406 1291 1462 1341 et
1509 1285 1710 1352 corde,
1745 1301 1813 1340 ac
1842 1283 1962 1340 fide
1987 1283 2207 1339 sincera

2348 1279 2474 1331 αὐτὸ
2541 1285 2730 1340 νοητὴν
2785 1277 2933 1349 εἶναι,
2993 1287 3082 1334 καὶ
3125 1280 3460 1354 ἀναγέννησιν
3514 1281 3697 1354 ψυχῆς
3749 1302 3804 1335 τε
3853 1288 3934 1335 καὶ

585 1376 856 1448 accipere
879 1375 1190 1442 desidero;
1248 1377 1406 1428 certo
1456 1389 1526 1430 ac
1571 1388 1706 1428 vere
1745 1387 2104 1446 persuasum
2133 1372 2206 1427 ha

2350 1375 2604 1441 σώματος.
2659 1375 2759 1423 Καὶ
2797 1375 2883 1423 τὸν
2942 1369 3226 1444 σεϐάσμιον
3277 1368 3336 1424 δὲ
3391 1374 3613 1446 σταυρὸν
3657 1379 3748 1424 τοῦ
3779 1374 3932 1425 αὐτοῦ

584 1464 757 1532 hens,
808 1464 954 1520 illud
1006 1468 1206 1520 mente
1258 1462 1702 1536 perceptibilem
1760 1461 2205 1534 puriﬁcationem

2347 1456 2591 1516 ἀληθινοῦ
2621 1465 2856 1531 Χριστου
2899 1465 2987 1512 καὶ
3031 1468 3165 1513 Θεοῦ
3219 1461 3386 1532 ἡμῶν,
3437 1463 3501 1521 ὡς
3545 1459 3716 1514 οὐκέτι
3747 1462 3933 1534 φθορᾶς

585 1569 738 1620 esse,
763 1552 1070 1624 animique
1095 1551 1313 1622 pariter
1335 1556 1390 1605 et
1411 1552 1676 1623 corporis
1701 1550 2206 1620 regenerationem

2345 1553 2434 1600 καὶ
2486 1547 2611 1620 ἀρᾶς
2662 1552 2898 1623 ιῇογανον,
2939 1548 3046 1601 ἀλλ’
3079 1549 3365 1624 ἐλευθερίας
3404 1554 3492 1601 καὶ
3523 1551 3658 1610 ζωῆς
3706 1549 3932 1616 αἰωνίου,

588 1641 699 1698 Sed
725 1645 780 1696 et
804 1640 1208 1696 venerabilem
1268 1655 1505 1695 crucem
1556 1639 1828 1710 ejusdem
1877 1639 1998 1695 veri
2031 1638 2209 1694 Christ

2345 1641 2435 1688 καί
2476 1645 2688 1708 σημεῖον
2741 1646 2835 1699 τῆς
2883 1641 3016 1690 κατά
3069 1646 3160 1690 τοῦ
3201 1635 3448 1691 διαϐολου
3493 1643 3582 1690 καί
3621 1641 3844 1691 θανάτου
3868 1643 3935 1690 νί-

589 1731 808 1803 Deique
859 1729 1066 1798 nostri,
1096 1734 1158 1784 ut
1189 1745 1325 1802 quae
1369 1745 1488 1784 non
1531 1728 1791 1801 amplius
1837 1728 2203 1800 corruptioni

2346 1745 2457 1786 κης.
2513 1725 2632 1778 Ἔτι
2694 1722 2750 1778 δὲ
2811 1731 2900 1778 καί
2951 1729 3044 1787 τὰς
3103 1726 3422 1798 σεϐασμίους
3471 1727 3667 1789 εἰκόνας
3731 1737 3822 1788 τῆς
3887 1746 3935 1779 τι

587 1823 643 1875 et
668 1819 1110 1886 exsecrationis,
1159 1817 1268 1872 sed
1297 1816 1586 1872 libertatis
1619 1823 1676 1872 et
1705 1817 1840 1873 vitm.
1881 1821 2114 1872 aeternas
2153 1816 2208 1872 in

2345 1817 2480 1867 κατά
2527 1817 2700 1890 σάρκα
2763 1821 2894 1890 πρὸς
2960 1814 3258 1890 ἀνθρώπους
3315 1815 3606 1888 ἐπιφανείας
3665 1824 3756 1869 τοῦ
3814 1821 3934 1870 Θεοῦ

587 1913 1007 1972 strumentum,
1053 1907 1436 1979 victoriaeque
1481 1907 1770 1964 adversus
1818 1905 2126 1962 diabolum
2167 1922 2208 1962 at

2347 1909 2542 1976 Λόγου,
2620 1909 2710 1956 καί
2783 1912 2877 1966 τῆς
2923 1905 3200 1977 ἀφράστως
3255 1906 3406 1958 αὑτὸν
3473 1909 3722 1967 τεκούσης
3778 1905 3937 1978 ἁγνῆς

589 2001 840 2052 mortem
899 1997 1139 2064 signum
1195 1995 1267 2050 sit
1319 2013 1330 2050 :
1389 1999 1676 2066 praeterea
1739 1999 1794 2050 et
1865 1995 2204 2050 venerabile

2347 1995 2606 2068 Παρθένου
2656 1998 2746 2045 καί
2812 1999 3156 2068 Θεομήστορος,
3221 1999 3307 2046 καί
3371 2003 3468 2046 τῶν
3511 1991 3746 2048 θεοειδὼν
3789 1994 3936 2066 ἀγγέ-

581 2086 896 2156 imagines,
954 2089 1010 2140 et
1069 2082 1434 2158 [salutiferae]
1497 2084 1654 2140 illius
1709 2084 1812 2140 Dei
1857 2084 2030 2140 Verbi
2071 2099 2202 2156 aput

2343 2082 2462 2148 λων,
2512 2088 2602 2136 καί
2643 2091 2741 2135 τὼν
2798 2083 2960 2155 ἁγίων
3002 2083 3258 2152 ἁπάντων,
3301 2088 3364 2145 ὡς
3397 2083 3632 2156 σύμϐολα
3663 2093 3762 2136 τῶν
3803 2104 3939 2158 πρω-

579 2174 856 2230 homines
885 2175 942 2230 in
977 2189 1154 2229 carne
1186 2173 1600 2244 apparitionis,
1652 2177 1709 2228 et
1746 2176 1874 2244 ejus
1917 2189 2054 2246 quae
2085 2173 2200 2230 inet

2343 2175 2598 2240 τοτύπων,
2644 2175 2735 2224 καί
2803 2169 3036 2244 δέχομαι
3098 2176 3189 2223 καί
3255 2181 3389 2244 τιμῶ
3451 2178 3540 2225 καί
3595 2171 3929 2246 ἀσπάζομαι.

581 2262 838 2320 fabiliter
884 2262 1048 2318 istud
1102 2261 1332 2336 peperit
1389 2266 1569 2318 castae
1593 2261 1846 2331 Virginis
1875 2261 2096 2333 Deique
2119 2264 2202 2318 Ma

2346 2267 2446 2314 Καί
2477 2261 2662 2322 αὐτοὺς
2691 2258 2749 2314 δε
2769 2266 2886 2322 τοὺς
2939 2265 3105 2335 ἱεροὺς
3169 2261 3432 2333 ἀηέλους,
3469 2269 3560 2314 καί
3595 2266 3714 2325 τοὺς
3753 2263 3941 2336 ἁγίους

579 2352 704 2421 tris,
740 2351 1208 2422 divinorumque
1250 2351 1629 2420 angelorum,
1658 2355 2078 2406 etsanctorum
2110 2366 2200 2406 om

2343 2350 2598 2418 ἅπαντας,
2643 2355 2764 2414 τοὺς
2815 2359 2886 2420 τῷ
2927 2359 3040 2422 Θεῷ
3084 2351 3552 2426 εῦαρεστὴσαντας,
3598 2354 3667 2414 ὡς
3724 2347 3940 2412 δούλους

577 2441 770 2506 nium,
828 2444 890 2494 ut
940 2439 1378 2510 primitivorum
1431 2438 1733 2510 symbola,
1783 2443 1838 2495 et
1883 2443 2198 2510 accepto,£

2344 2438 2534 2492 ἐκείνου
2579 2445 2668 2492 καί
2729 2443 2946 2499 πιστοὺς
3011 2441 3339 2512 θεράποντας,
3379 2449 3513 2513 τιμῶ
3568 2445 3658 2493 καί
3719 2441 3940 2514 σέϐομαι

575 2531 811 2588 honoro
840 2535 1018 2602 atque
1058 2530 1390 2586 exosculor.
1453 2529 1566 2584 Sed
1617 2535 1674 2584 et
1698 2529 1863 2601 ipsos
1893 2545 2096 2584 sacros
2127 2544 2196 2585 an

2346 2526 2439 2581 ὃιά
2498 2533 2590 2587 τὴν
2639 2533 2765 2604 πρὸς
2805 2527 2989 2580 ἐκεῖνον
3021 2535 3207 2601 τιμὴν·
3250 2533 3338 2581 καί
3384 2531 3545 2592 οὕτως
3585 2528 3637 2593 ἐξ
3676 2529 3796 2591 ὅλης
3845 2531 3941 2602 ψυ-

577 2621 762 2691 gelos,
801 2625 1164 2691 sanctosque
1195 2633 1428 2688 omnes,
1465 2619 1568 2690 qui
1604 2619 1758 2673 bene
1785 2620 1903 2674 Deo
1933 2618 2198 2690 placuere

2343 2625 2448 2689 χῆς
2503 2623 2593 2668 καί
2637 2614 2879 2692 καρδίας,
2920 2622 3008 2670 καί
3059 2621 3407 2693 προαιρέσεως
3433 2619 3678 2684 ἀληθοῦς,
3705 2625 3939 2693 προσέρ-

577 2715 641 2767 ut
672 2725 875 2765 servos
927 2708 1105 2774 illius,
1147 2707 1428 2780 ﬁdosque
1471 2707 1796 2774 ministros,
1839 2712 2082 2779 propter
2125 2707 2198 2762 ho

2341 2726 2513 2779 χομαι
2557 2715 2616 2765 τῆ
2664 2711 2840 2759 πίστει
2881 2715 2978 2758 τῶν
3043 2714 3390 2781 Χριστιανῶν.
3433 2709 3492 2760 Εἰ
3547 2705 3604 2760 δὲ
3661 2709 3774 2780 μεθ’
3819 2711 3939 2761 ὐπο-

575 2814 785 2855 norem
817 2796 896 2854 illi
934 2797 1233 2864 habitum,
1279 2796 1512 2852 honoro
1539 2801 1596 2851 et
1619 2811 1871 2851 veneror
1903 2815 1914 2851 :
1949 2800 2127 2868 atque
2153 2797 2195 2852 it

2343 2801 2564 2870 κρίσεως
2613 2800 2701 2848 καί
2737 2791 2891 2847 δόλου
2951 2797 3116 2848 ταῦτά
3176 2816 3330 2869 φημι,
3371 2802 3459 2848 καί
3501 2796 3595 2849 οὐκ
3625 2795 3680 2848 ἐκ
3711 2801 3941 2858 πίστεως

578 2893 700 2944 toto
733 2888 936 2943 animo
963 2891 1020 2942 et
1049 2886 1248 2952 corde,
1300 2901 1558 2958 veroque
1585 2885 1772 2940 animi
1798 2885 2126 2957 proposito,
2157 2902 2199 2942 at

2343 2885 2612 2956 ὀλο-ψῦχον
2661 2889 2748 2936 καί
2804 2881 3030 2958 καρδίας
3091 2888 3176 2938 τὸν
3219 2889 3446 2959 Χριστὸν
3505 2884 3814 2958 ἀγαπώσης,
3863 2889 3935 2943 εἰη

579 2977 1046 3033 Christianorum
1097 2974 1279 3030 iidem
1331 2974 1574 3030 accedo.
1623 2974 1678 3032 Si
1721 2990 1863 3029 vero
1893 2991 2032 3029 cum
2055 2974 2200 3028 simu

2343 2993 2434 3046 μοι
2473 2973 2702 3046 ἀνάθεμα
2741 2977 2828 3025 καί
2857 2975 3146 3046 κατάθεμα,
3179 2979 3268 3026 καί
3305 2977 3334 3032 ἡ
3375 2974 3531 3047 ψυχή
3573 2995 3672 3047 μου
3711 2979 3938 3049 ταχθείη

573 3067 798 3138 latione
850 3081 919 3120 ac
957 3064 1098 3120 dolo
1140 3064 1269 3120 hanc
1291 3063 1446 3126 dico,
1489 3067 1544 3119 et
1575 3079 1696 3118 non
1727 3078 1800 3117 ex
1831 3061 2023 3118 solida
2053 3063 2194 3118 totiu

1831 3061 2023 3118 solida
2053 3063 2231 3118 totius
2264 3065 2304 3119 C
2344 3065 2474 3135 μετὰ
2511 3071 2601 3115 τοῦ
2642 3068 2841 3114 Σατανᾶ
2877 3067 2966 3114 καί
3003 3072 3103 3115 τῶν
3152 3059 3432 3137 δαιμόνων.

576 3154 764 3210 animi
794 3153 934 3220 tidc,
969 3153 1390 3224 Christumque
1414 3152 1643 3208 amanti
1674 3151 1876 3221 corde,
1936 3151 2010 3208 sit
2050 3151 2198 3208 mihi
2249 3151 2575 3209 anathema
2609 3156 2664 3208 et
2698 3151 3056 3224 catathema,
3091 3153 3419 3226 animaque
3447 3169 3586 3211 mea
3614 3153 3943 3213 collocetur

579 3258 717 3298 cum
747 3243 965 3297 Satana
991 3247 1048 3298 et
1067 3241 1467 3297 daemonibus.

1327 3545 2079 3692 NICETXE
2229 3543 2948 3692 CHONIA

1662 3545 2079 3690 ETZE
2229 3543 3283 3692 CHONIATAE

1887 3805 2012 3870 EX
2054 3799 2326 3870 LIBRO
2371 3801 2606 3868 XXIII

1059 3987 1803 4113 THESAUBI
1945 3985 2890 4110 OBTHODOX/E
3035 3989 3440 4113 FIDEI

1139 4204 1263 4275 (Ap.
1291 4203 1364 4258 Le
1378 4203 1552 4270 Quien
1575 4204 1765 4260 Oriens
1784 4201 2137 4259 Christian-us
2171 4205 2210 4271 Ι,
2228 4203 2354 4272 649,
2383 4201 2436 4256 in
2461 4201 2736 4258 Eustratio
2759 4202 2952 4258 Nicaea:
2969 4203 3356 4276 metropolita.)

639 4502 958 4575 Aliquanto
977 4507 1245 4576 tempore
1273 4503 1842 4578 elapso,discipulus
1865 4503 2023 4560 illius
2046 4505 2217 4558 Joan-
2251 4505 2260 4559 l

2401 4505 2598 4574 Χρόνου
2651 4504 2783 4563 τινός
2858 4498 3244 4576 διαγενομένου,
3307 4506 3493 4558 τούτου
3525 4504 3788 4574 (Ἰωάννου
3835 4511 3934 4558 τοῦ

567 4592 661 4647 nis
693 4592 817 4647 Itali
848 4593 1129 4648 monachi
1153 4609 1322 4648 novae
1353 4591 1594 4648 alterius
1637 4593 1924 4649 doctrinae
1959 4591 2184 4647 auctori

2331 4589 2549 4663 Ἰτάλου)
2607 4594 2852 4664 μαθητὴς
2889 4591 3230 4668 Εὐστράτιος,
3287 4594 3342 4657 ὃς
3391 4603 3486 4656 τῆς
3539 4602 3638 4646 τῶν
3695 4597 3934 4648 Βιθυνῶν

571 4682 913 4746 Eustratius,
940 4683 1044 4752 qui
1070 4682 1276 4738 Nicaea:
1319 4681 1601 4754 Bithynia:
1649 4681 1993 4752 metropolis
2025 4679 2192 4752 ponti

2326 4678 2518 4742 πόλεως
2586 4687 2807 4741 Νικαίας
2877 4680 3256 4756 ἀρχιερατικῶς
3309 4680 3618 4760 προήδρευε,
3676 4684 3937 4744 πολλάκις

566 4770 665 4825 fex
705 4775 849 4838 erat,
897 4785 1033 4826 cum
1081 4787 1240 4843 saepe
1271 4787 1476 4828 coram
1505 4771 1882 4842 imperatoris
1931 4768 2187 4825 tribunal

2324 4766 2409 4819 ἐπί
2448 4766 2728 4840 βασιλικοῦ
2787 4769 3026 4843 βήματος
3093 4775 3225 4844 μετά
3301 4779 3532 4826 Λατίνων
3593 4772 3667 4836 εἰς
3734 4773 3935 4846 λόγους

566 4875 706 4914 cum
739 4859 956 4914 Latinis
1003 4859 1370 4930 disputasset
1421 4859 1494 4916 de
1535 4860 1761 4931 azymis
1809 4863 1866 4913 et
1893 4858 1968 4912 de
1997 4857 2187 4930 Spiritu

2324 4854 2480 4908 ἐλθὼν
2532 4863 2650 4930 περί
2709 4878 2763 4911 τε
2820 4859 3029 4932 ἀζύμων
3083 4867 3172 4914 καί
3226 4869 3316 4914 τοῦ
3395 4865 3531 4916 θείου
3599 4866 3935 4935 Πνεῦματος,

566 4951 795 5014 sancto,
819 4947 1110 5003 mandare
1139 4948 1371 5020 scriptis
1398 4947 1605 5004 volens
1635 4964 1772 5018 qua:
1805 4947 2022 5001 Latinis
2049 4950 2187 5002 attul

2324 4951 2412 4997 καί
2441 4947 2658 5008 θελήσας
2681 4957 2851 5022 γραφῇ
2881 4947 3210 5024 παραδοῦναι
3278 4953 3378 5005 ὅσα
3416 4955 3588 5025 εἲρηκε
3635 4955 3764 5025 πρὸς
3807 4957 3941 5016 τοὺς

562 5033 728 5106 lerat,
764 5052 1019 5108 quaeque
1051 5036 1127 5092 ab
1156 5035 1239 5091 eis
1265 5037 1414 5092 inter
1453 5034 1888 5106 disputandum
1919 5034 2183 5090 audierat

2325 5040 2602 5106 Λατίνους,
2655 5041 2745 5088 καί
2795 5039 2881 5090 οἷα
2943 5039 3067 5113 παρ’
3096 5039 3298 5092 ἐκείνων
3355 5039 3404 5092 ἐν
3455 5048 3527 5112 τῷ
3581 5037 3941 5112 διαλέγεσθαι

563 5139 684 5179 non
711 5131 1006 5192 accurate,
1033 5140 1144 5180 nec
1167 5124 1546 5180 laudabiliter
1586 5139 1726 5179 suos
1775 5138 1990 5178 sensus
2020 5139 2179 5178 enun

2324 5123 2556 5188 ἀκηκόει,
2623 5125 2716 5178 οὐκ
2783 5125 3045 5198 ἀσφαλῶς,
3113 5126 3237 5182 οὐδὲ
3284 5129 3553 5191 ἑπαινετώς
3621 5133 3742 5192 τοὺς
3811 5137 3945 5202 περί

563 5213 748 5268 tiavit.
793 5212 944 5278 Quin
975 5213 1154 5269 etiam
1202 5229 1342 5269 cum
1401 5211 1794 5284 Philippopoli
1821 5212 1884 5266 in
1909 5212 2184 5270 audienti:

2326 5222 2416 5266 τοῦ
2495 5217 2791 5287 Πνεῦματος
2856 5215 3041 5287 λόγους
3099 5216 3351 5289 ἐξήνεγκε,
3412 5220 3602 5271 Ἐνίοτε
3671 5216 3732 5271 δὲ
3791 5226 3947 5274 κατὰ

561 5301 936 5371 imperatoris
953 5317 1088 5356 cum
1111 5301 1393 5357 Armenio
1407 5300 1672 5372 quodam
1697 5299 1771 5356 de
1793 5299 2034 5356 duabus
2057 5302 2182 5358 Chri

2328 5302 2725 5358 Φιλιππούπολιν
2785 5304 2861 5357 ἐπ’
2921 5305 3168 5380 ἀκροάσει
3223 5316 3314 5360 τοῦ
3368 5307 3625 5382 βασιλέως
3671 5307 3753 5362 ἐπ’
3814 5311 3949 5386 ’Δρ-

563 5390 635 5444 sti
682 5391 910 5446 naturis
949 5389 1404 5462 colloqueretur,
1455 5387 1750 5445 nonnulla
1799 5389 1872 5444 de
1924 5393 2040 5446 Deo
2087 5407 2184 5448 n01

2324 5397 2496 5465 μενίου
2547 5397 2685 5454 τινὸς
2737 5399 2853 5469 περί
2918 5404 3017 5446 τῶν
3079 5393 3176 5448 δύο
3237 5406 3328 5449 τοῦ
3407 5403 3643 5472 Χριστοῦ
3717 5403 3945 5470 φύσεων

564 5475 840 5534 consulta
877 5489 1126 5550 prorsus
1151 5477 1372 5548 injecit,
1417 5480 1475 5532 et
1501 5475 1670 5534 nullo
1709 5478 1940 5550 pudore
1978 5478 2185 5536 etfutiit

2320 5484 2618 5554 ποιούμενος
2675 5487 2769 5540 τὴν
2833 5480 3080 5554 διάλεξιν,
3147 5483 3395 5540 οὐδέποτε
3446 5488 3788 5550 καθηκόντως
3873 5500 3941 5554 τῆ

556 5565 687 5636 jam
735 5566 878 5623 olim
908 5581 1192 5639 nuncque
1221 5570 1598 5639 assumptam
1633 5583 1669 5626 a
1711 5567 1899 5628 Verbo
1928 5573 2177 5629 naturai:

2324 5553 2574 5646 θεηγορίᾳ
2629 5571 2886 5641 ἐπέϐαλεν,
2970 5553 3076 5628 ἀλλί
3129 5573 3359 5639 ἀναιδῶς
3442 5573 3748 5649 ἐφθέγξατο,
3839 5553 3945 5636 κοίί
