4106 6296
551 183 654 289 ιεό

1883 201 2153 260 ΝΙΟΕΤΑΞ
2207 203 2394 262 CHON
2404 201 2582 258 IATxE

3807 197 3906 252 140

549 317 728 376 Erant
755 333 958 384 autem
983 327 1045 384 hi
1077 345 1090 382 :
1127 327 1466 384 Soterichus
1499 328 2198 399 Panteugenus,patriar-

2312 327 2498 379 οὗτοι·
2533 329 2836 394 Σωτήριχος
2879 323 2959 392 (1)
3008 324 3034 372 ό
3102 323 3438 392 Παντεύγενος
3486 321 3786 392 ὑποψήφιος
3838 323 3902 372 ὢν

547 416 665 472 cha
691 415 1040 486 designatus
1076 415 1404 472 Antiochiae
1443 416 1724 486 Syriacae,
1757 416 1886 486 ejus
1927 416 2205 472 videlicet

547 518 736 576 quam
765 505 1015 560 Orontes
1051 503 1239 574 alluit,
1265 509 1322 560 et
1362 504 1672 576 Zephyrus
1715 510 1930 560 ventus
1955 503 2200 575 perﬂat:

547 591 894 651 Eustathius
939 592 1226 664 Dyrrachi
1279 592 1620 664 episcopus,
1671 592 1993 662 Basilaces,
2025 597 2204 664 atque

549 680 940 754 Nicephorus,
981 685 1038 736 et
1077 680 1516 738 Thessalonicae
1573 681 1898 754 episcopus
1939 679 2202 748 Michael,

551 769 658 842 qui
682 785 892 826 omnes
915 769 1110 842 gradu
1133 785 1245 826 suo
1271 769 1442 826 modi
1470 768 1728 826 fuerunt.
1761 775 1954 842 Atque
1997 785 2070 825 ex
2113 769 2207 824 his

549 858 771 932 partim
807 858 1052 932 quidem
1101 863 1328 916 secreto
1382 857 1769 924 mussabant,
1811 860 2030 930 partim
2066 873 2207 914 vero

549 945 805 1004 ﬁdenter
832 963 903 1003 ac
923 946 1238 1002 manifeste
1263 947 1590 1004 sententias
1617 963 1764 1004 suas
1791 946 2203 1016 enuntiabant,

551 1050 623 1092 ac
641 1035 1036 1092 multitudinis
1065 1034 1312 1092 auribus
1341 1035 1725 1092 occinebant.
1759 1035 2016 1091 Demum
2049 1037 2208 1092 Sote-

549 1124 752 1180 richus
780 1127 1200 1194 Panteugenus
1229 1124 1456 1194 dogma
1488 1141 1665 1180 suum
1696 1125 1918 1198 scripto
1943 1123 2208 1192 tradidit,

551 1217 610 1268 et
647 1213 863 1285 cuique
886 1213 1111 1269 volenti
1139 1212 1518 1268 noscendum
1547 1213 1780 1280 obtulit,
1815 1213 1876 1268 in
1905 1228 2094 1284 quam
2130 1212 2211 1268 vi-

549 1303 764 1360 delicet
789 1303 918 1375 ipse
948 1302 1310 1358 sententiam
1350 1301 1641 1370 ﬂecteret;
1693 1319 1764 1358 ac
1794 1302 2056 1358 Platonis
2081 1301 2210 1356 imi-

550 1396 710 1448 tatus
731 1392 1030 1462 dialogos,
1057 1391 1412 1462 hujusmodi
1439 1393 1910 1464 disputationem
1937 1391 2210 1447 instituit.

621 1481 846 1536 PHILO.
884 1482 1270 1551 Compertum
1297 1479 1444 1534 mihi
1470 1485 1579 1548 est,
1610 1496 1805 1552 nuper
1828 1480 1983 1535 duos
2007 1480 2070 1534 in
2109 1496 2211 1550 sy-

547 1569 713 1626 nodo
741 1568 1028 1624 diaconos
1067 1567 1142 1623 de
1181 1568 1452 1640 quodam
1477 1569 1762 1639 dogmate
1793 1570 1949 1626 inter
1975 1585 2038 1624 se
2071 1583 2214 1624 con-

2309 425 2404 478 τῆς
2461 417 2596 466 κατὰ
2653 416 2838 485 Συρίαν
2901 411 3247 482 Ἀντιοχείας,
3309 412 3368 468 ἣν
3409 411 3659 484 Ὀρόντης
3705 411 3904 470 ποτίζει

2311 510 2401 558 καὶ
2425 507 2651 576 Ζέφυρος
2711 508 2961 552 καταπνεῖ
3007 502 3210 571 ἄνεμοςο
3261 501 3289 552 ὁ
3343 499 3643 574 Δυρραχίου
3703 499 3904 552 Edatu-

2315 596 2445 662 θιος,
2493 594 2520 644 ὁ
2567 589 2889 663 βασιλοίκης,
2933 594 3023 642 καὶ
3069 593 3389 662 Νικηφόρος,
3445 594 3536 642 καὶ
3587 591 3612 640 ό
3646 587 3902 642 Θεσσαλο-

2311 687 2460 742 νίκης
2479 678 2698 751 Μιχαὴλ
2727 681 2828 746 (2),
2861 677 2908 730 οὶ
2939 683 3028 729 καὶ
3068 679 3395 750 καθῂρηνται
3436 679 3648 738 πάντες.
3703 679 3904 729 Τούτων

2315 768 2374 824 δὲ
2432 771 2480 821 οἱ
2532 773 2620 840 μὲν
2665 767 2809 818 ἄλλοι
2839 767 2927 818 ὑπ’
2977 763 3164 819 ὀδόντα
3201 769 3451 838 ἔμυσσον,
3485 763 3609 819 οὐδὲ
3639 764 3906 840 παρρησίᾳ

2314 863 2404 910 καὶ
2461 853 2754 930 διαρρήδην
2833 857 2926 914 τὰς
2973 857 3165 908 ἓαυτὼν
3225 854 3452 928 ἐξέφερον
3531 859 3761 926 γνώμας,
3817 859 3906 906 καὶ

2315 955 2420 1007 τοῖς
2473 954 2570 998 τῶν
2619 943 2816 996 πολλῶν
2869 942 3090 1014 ἐνήχουν
3140 948 3304 995 ὠσίν·
3359 945 3385 995 ό
3441 939 3500 996 δὲ
3554 949 3850 1015 Σωτήριχος
3879 944 3906 994 ό

2318 1039 2656 1106 Παντεύγενος
2721 1033 3036 1106 λογογραφεῖ
3086 1036 3145 1084 τὸ
3205 1030 3398 1104 δόγμα,
3456 1038 3546 1084 καί
3613 1037 3906 1106 παρίστησι

2316 1135 2421 1186 τοῖς
2456 1124 2788 1194 ϐουλομένοις
2829 1123 2984 1193 ὁποία
3013 1131 3112 1174 τῶν
3172 1118 3336 1184 δοξῶν
3389 1125 3749 1196 προσνένευκε,
3777 1121 3884 1174 Πλα

2317 1214 2545 1274 τωνίζων
2587 1217 2680 1282 τῇι
2708 1208 2950 1277 διαλέξει,
2997 1215 3087 1262 καὶ
3121 1211 3257 1262 οὕτω
3295 1213 3360 1262 τὰ
3415 1213 3678 1282 γραφέντα
3725 1212 3906 1262 συνθέ-

2319 1323 2484 1374 μενος.

2390 1487 2621 1534 ΦΙΛΩΝ.
2657 1479 2952 1550 Ἐπυθόμην
2989 1481 3055 1538 ὡς
3085 1477 3133 1529 ἐν
3179 1474 3384 1548 συνόδῳ
3435 1474 3660 1529 διακόνω
3693 1473 3758 1532 δή
3807 1495 3910 1526 τινε

2318 1577 2435 1644 περὶ
2494 1567 2756 1641 δόγματος
2816 1565 3171 1642 διεφερέσθην,
3227 1573 3314 1620 καὶ
3375 1569 3442 1628 ὡς
3496 1567 3755 1638 ἑκατέροιν
3795 1567 3910 1616 τού-

547 1657 805 1713 tendisse
831 1676 844 1724 ;
873 1661 1054 1729 atque
1091 1657 1312 1712 horum
1332 1659 1568 1730 utrique
1597 1657 1817 1714 favisse
1869 1658 2105 1730 aliquos
2134 1673 2198 1714 ex

2317 1681 2426 1712 τοιν
2483 1663 2806 1714 συνέστησαν
2869 1653 3051 1730 ἄνδρες
3117 1657 3195 1708 ἐπ’
3257 1659 3414 1729 ἄκρον
3469 1663 3563 1717 τῆς
3619 1654 3735 1706 καθ’
3779 1657 3912 1726 ἡμᾶς

545 1745 641 1801 his
659 1746 766 1819 qui
811 1745 976 1818 apud
1013 1762 1126 1802 nos
1147 1745 1434 1802 doctrina:
1463 1747 1792 1819 primatum
1822 1752 2045 1803 tenent.
2111 1749 2208 1802 Ve-.

544 1840 890 1891 rumtamen
931 1836 1194 1906 cupienti
1244 1836 1393 1890 mihi
1445 1851 1794 1892 sermonum
1854 1840 2211 1906 argumenta

545 1937 930 1995 cognoscere,
977 1923 1254 1980 nondum
1307 1924 1490 1980 licuit.
1547 1925 1661 1981 Sed
1717 1940 1867 1980 num
1909 1929 1993 1994 tu,
2033 1939 2208 1980 vene-

543 2011 734 2068 rande
754 2011 964 2078 amice,
997 2028 1142 2067 num
1185 2017 1268 2080 tu,
1295 2013 1567 2085 inquam,
1597 2013 1924 2072 intereras?

617 2101 1076 2158 SOTERICHUS.
1135 2101 1429 2174 Equidem
1464 2101 1724 2168 interfui,
1783 2101 1866 2156 mi
1892 2101 2204 2172 jucundis-

543 2188 713 2261 sime,
742 2195 798 2245 et
827 2189 1149 2246 amborum
1170 2191 1506 2246 orationem
1527 2206 1822 2262 perquam
1854 2195 2072 2247 attente
2095 2207 2202 2246 au-

543 2278 836 2335 scultavi:
873 2295 1069 2352 neque
1099 2284 1300 2336 tamen
1348 2279 1444 2335 his
1483 2279 1814 2336 delectatus
1849 2297 2005 2347 sum,
2057 2281 2202 2352 quia

540 2365 678 2438 plus
699 2367 1099 2423 contentionis
1128 2384 1318 2439 quam
1337 2369 1836 2423 considerationis
1851 2368 2194 2426 habebant:

540 2455 666 2512 imo
685 2455 868 2526 hujus
888 2456 1196 2511 seditionis
1219 2457 1570 2512 auctoribus
1599 2457 2037 2524 subirascebar,
2057 2457 2200 2528 quia

541 2560 684 2600 cum
709 2559 806 2600 res
839 2544 1057 2600 divinae
1081 2545 1310 2602 silentio
1328 2545 1526 2620 potius
1549 2545 2035 2620 transmittenda;
2061 2547 2196 2616 sint,

540 2636 722 2704 prout
751 2633 989 2688 illarum
1017 2633 1297 2689 abstrusa
1321 2615 1537 2690 natura
1565 2634 1846 2706 postulat,
1871 2639 1929 2690 et
1957 2615 2197 2692 Patrum

540 2721 774 2778 monita
797 2721 1072 2790 suadent,
1093 2722 1157 2778 hi
1172 2721 1409 2794 jamdiu
1429 2721 1676 2779 deﬁnita
1705 2725 2198 2794 praetergrediun-

543 2813 656 2878 tur,
689 2815 747 2866 et
802 2811 1033 2868 silentio
1057 2827 1094 2867 a
1121 2811 1423 2867 veteribus
1475 2827 1693 2882 pressa
1718 2813 2046 2880 suscitant;
2097 2829 2195 2869 ne-

541 2915 661 2970 que
681 2905 1052 2972 praeceptum
1073 2899 1358 2971 sapientis
1380 2900 1702 2972 cujusdam
1721 2901 1830 2956 viri
1849 2901 1912 2956 in
1930 2907 2196 2958 mentem

539 2993 848 3059 revocant,
877 2989 978 3060 qui
1003 2988 1114 3045 soli
1145 2991 1200 3043 et
1239 2989 1363 3058 igni
1393 3005 1487 3044 res
1511 2989 1750 3046 divinas
1810 3006 2192 3062 comparans,

542 3077 850 3147 monebat,
871 3094 946 3133 ne
975 3083 1206 3133 rectum
1232 3084 1440 3134 contra
1470 3077 1657 3134 solem
1691 3079 1886 3133 visum
1919 3078 2192 3134 intenda-

540 3182 706 3234 mus,
731 3167 1051 3222 connivere
1086 3166 1248 3223 enim
1280 3172 1459 3238 atque
1505 3167 1828 3222 hebescere
1862 3168 2068 3224 oculos
2097 3184 2196 3224 ne-

544 3271 710 3310 cesse
740 3261 866 3310 est:
899 3271 1024 3312 non
1051 3255 1275 3311 idcirco
1305 3257 1504 3310 tamen
1530 3255 1608 3311 ab
1635 3256 1750 3311 hoc
1789 3255 2196 3328 pulcherrimo

543 3345 792 3414 aspectu
846 3343 1294 3409 abstinendum,
1349 3343 1455 3398 sed
1502 3358 1573 3399 eo
1620 3349 1792 3399 caute
1847 3345 2194 3411 fruendum,

542 3437 844 3504 quantum
866 3430 1036 3487 licet:
1070 3431 1211 3488 item
1240 3431 1365 3502 igni
1385 3446 1508 3488 non
1539 3447 1670 3486 esse
1695 3432 2032 3488 admodum
2059 3449 2196 3504 pro-

542 3519 924 3588 ximandum,
973 3535 1048 3574 ne
1101 3519 1555 3587 comburamur,
1605 3519 2000 3576 nihilominus
2029 3521 2196 3578 haud

542 3609 726 3666 nimis
773 3608 986 3682 procul
1032 3608 1508 3676 consistendum,
1560 3608 1608 3662 si
1636 3614 1790 3666 certe
1845 3610 2042 3667 calore
2080 3611 2196 3667 frui

544 3697 852 3756 volumus.

612 3785 798 3844 PHIL.
831 3787 1023 3854 Quam
1051 3785 1227 3854 bene,
1259 3801 1296 3842 ο
1345 3785 1597 3842 charum
1633 3791 1834 3860 caput,
1868 3788 1944 3844 de
1980 3789 2195 3846 divinis

535 3875 802 3950 judicasl
841 3878 1088 3932 Prorsus
1129 3874 1288 3930 enim
1315 3875 1375 3930 in
1414 3875 1508 3930 his
1563 3875 1839 3945 religiose
1888 3877 2194 3946 agendum

542 3969 651 4038 est,
681 3969 739 4022 et
765 3964 1060 4022 curiosius
1095 3963 1364 4020 studium
1391 3963 1813 4022 omittendum.
1845 3967 2002 4032 Quin
2041 3965 2194 4024 adeo

540 4053 917 4111 medicorum
946 4051 1244 4108 servanda
1268 4055 1358 4108 est
1377 4051 1453 4107 de
1477 4051 1766 4108 hellebori
1787 4071 1900 4109 usu
1929 4055 2193 4126 praescri-

540 4142 688 4216 ptio,
720 4157 904 4213 quem
925 4157 1132 4200 crasso
1171 4141 1360 4197 frusto
1404 4147 1717 4214 sumptum
1773 4143 2192 4215 purgationem

540 4229 737 4287 facere
766 4230 970 4298 aiunt;
1009 4229 1448 4286 comminutum
1477 4235 1702 4296 autem,
1723 4235 1987 4288 utentem
2013 4233 2194 4290 suﬂ‘o-

541 4334 700 4377 care.
753 4317 868 4375 Sed
909 4316 1070 4373 enim
1117 4317 1358 4374 illorum
1388 4319 1710 4375 audaciam
1733 4335 2016 4377 accusare
2061 4322 2192 4393 jam

540 4409 910 4472 desinamus,
948 4405 1054 4479 qui
1075 4406 1328 4477 juvenili
1353 4407 1584 4479 impetu
1631 4409 1895 4466 mediam
1945 4410 2189 4480 lineam,

539 4500 608 4553 ut
627 4495 898 4552 laconice
921 4509 1062 4550 cum
1089 4494 1236 4566 ipsis
1275 4493 1511 4566 loquar,
1543 4498 1914 4568 praetervecti
1939 4503 2091 4554 sunt.
2109 4501 2192 4556 Tu

537 4599 684 4642 vero
711 4583 1136 4656 praedictorum
1166 4584 1500 4640 orationem
1539 4585 1687 4641 mihi
1714 4603 1917 4643 narra.

611 4673 761 4730 SOT.
803 4672 1024 4743 Oratio,
1053 4677 1120 4728 ut
1142 4671 1354 4744 paucis
1380 4671 1601 4746 dicam,
1642 4679 1769 4730 erat
1797 4675 2148 4747 hujusmodi
2173 4693 2186 4730 :

536 4761 706 4836 quod
732 4759 1008 4818 videlicet
1035 4760 1363 4834 adsumpta
1388 4778 1425 4820 a
1461 4761 1652 4819 Verbo
1681 4767 1920 4834 natura,
1951 4765 2192 4835 sangui-

535 4867 679 4910 nem
703 4866 884 4910 suum
913 4865 1039 4908 non
1068 4849 1178 4907 soli
1216 4851 1394 4920 Patri,
1419 4867 1634 4908 verum
1676 4853 1856 4910 etiam
1894 4854 2192 4926 Unigeniti

608 5030 684 5100 (l)
727 5027 1068 5100 Soterichus
1121 5026 1340 5083 dicitur
1381 5027 1584 5100 adhuc
1631 5025 1925 5100 diaconus
1973 5028 2036 5084 in
2076 5029 2194 5088 hac

537 5099 672 5174 ipsa.
701 5115 888 5174 quam
915 5099 1236 5174 vulgamus
1277 5099 1534 5174 synodo.
1573 5101 1756 5174 Porro
1809 5099 1873 5154 in
1917 5101 2192 5174 catalogo

537 5168 655 5251 riis:
696 5168 981 5251 cbdicum
1019 5168 1450 5251 Sfortianorum
1497 5168 1656 5251 (cod.
1696 5171 1824 5250 Vat.
1854 5185 1983 5251 reg.
2028 5168 2190 5251 209's)

539 5241 659 5316 legi
681 5256 792 5320 ego
816 5241 1089 5320 notitiam
1130 5241 1310 5320 etiam
1351 5239 1592 5320 alterius
1628 5241 1826 5311 operis
1853 5239 2036 5320 hujus
2059 5239 2192 5320 viri,

587 5312 667 5370 tia
686 5312 936 5370 libenter
953 5312 1205 5369 lectores
1232 5312 1562 5382 impertiar,
1593 5325 1813 5382 nempe
1841 5328 1854 5367 :
1903 5312 2195 5372 Sole-richi'

583 5383 786 5442 ‘s'acom'
839 5383 1494 5456 Constantimpolitam'
1517 5387 1811 5456 (ructatus
1841 5383 1914 5440 de
1947 5401 2194 5456 genera-

543 5456 704 5534 εἰοειέ
735 5463 961 5534 aeterna
989 5456 1136 5534 ξ’ἱιίί
1160 5454 1290 5534 De},
1321 5457 1392 5534 et.
1405 5467 1526 5534 pro
1552 5453 1890 5534 defensione
1918 5453 2196 5534 vocabuli

543 5523 662 5602 gub
689 5543 832 5588 usus
859 5533 946 5588 est
987 5526 1191 5586 beatus
1215 5523 1506 5596 Basilius,
1527 5527 1634 5600 Qui
1677 5541 1924 5589 carnem
1954 5530 2196 5592 Domini

2317 1746 2565 1810 παιδείας
2631 1747 2920 1808 ἐλάσαντες.
2973 1749 3390 1818 Ιῐροθυμουμένῳ
3453 1741 3512 1796 δέ
3587 1764 3678 1816 μοι
3731 1745 3912 1814 μαθεῖν

2315 1843 2436 1901 τοὺς
2491 1838 2672 1910 λόγους
2725 1836 2818 1886 οὐκ
2871 1835 3158 1907 ἐξεγένετο·
3221 1843 3392 1909 παρῆς
3453 1830 3540 1886 οὖν
3597 1833 3768 1900 αὐτὸς,
3803 1834 3912 1906 ἱερὰ

2317 1929 2496 2001 φιλότη
2509 1951 2548 1999 ς,
2579 1933 2689 1982 τότε
2715 1936 2916 1999 παρῆς;

2385 2113 2784 2162 ΣΩΤΗΡΙΧΟΣ.
2827 2113 3026 2178 Παρῆν,
3081 2103 3121 2155 ὦ
3178 2107 3421 2176 μακάριε,
3483 2107 3574 2154 καὶ
3639 2109 3740 2152 τῶν

2317 2217 2452 2256 στοις
2491 2196 2771 2268 λεγομένων
2833 2199 2897 2254 ὡς
2961 2192 3338 2266 ἐπιμελέστατα
3395 2196 3622 2250 ἤκουον’
3687 2190 3746 2241 οὐ
3815 2193 3913 2241 σὺν

2313 2282 2476 2356 ἡδονῇ
2546 2287 2634 2356 μὲν
2696 2289 2815 2344 τοὺς
2898 2283 3084 2354 λόγους
3148 2279 3535 2353 ἀποδεχόμενος
3617 2279 3912 2351 φιλονείκως

2311 2377 2532 2444 ἔχοντας
2588 2373 2776 2444 μᾶλλον
2835 2373 2862 2429 ἦ
2925 2372 3265 2443 ἐσκεμμένως,
3323 2369 3614 2442 ἀχθόμενος
3699 2363 3757 2419 δὲ
3819 2373 3914 2418 καὶ

2309 2469 2418 2524 τοῖς
2461 2463 2646 2524 αἰτίοις
2701 2465 2890 2521 ταύτης
2945 2469 3034 2520 τῆς
3089 2463 3344 2526 στάσεως,
3377 2461 3456 2510 ὅτι
3501 2455 3616 2510 δέον
3667 2460 3912 2530 παριέναι

2311 2559 2484 2623 σιωπῇ
2545 2555 2612 2604 τὰ
2681 2553 2831 2604 θεῖα·
2877 2557 3028 2602 τοῦτο
3075 2552 3175 2623 γὰρ
3233 2551 3262 2605 ἧ
3314 2567 3366 2599 τε
3422 2549 3576 2618 φύσις
3624 2545 3790 2597 αὐτῶν
3839 2548 3908 2605 ὡς

2309 2638 2746 2700 δυσκατάληπτος
2805 2637 3034 2706 ἀπαιτεῖ,
3089 2643 3178 2689 καὶ
3230 2640 3258 2694 ἠ
3333 2639 3546 2710 πάτριος
3601 2640 3910 2709 παραίνεσις

2307 2732 2627 2782 ὑποτίθεται·
2699 2731 2746 2780 οἰ
2803 2725 2860 2780 δὲ
2907 2731 2972 2779 τὰ
3053 2727 3338 2798 ἐσκεμμένα
3389 2745 3443 2778 τε
3507 2725 3902 2798 ὑπερϐαίνουσι,

2306 2825 2395 2872 καὶ
2433 2823 2500 2872 τα
2549 2819 2720 2878 καλῶς
2770 2837 3090 2889 σεσιγημενα
3131 2824 3239 2876 τοῖς
3284 2816 3525 2875 παλαιοῖς
3573 2811 3908 2880 διακαίουσι,

2309 2905 2448 2980 μηδὲ
2503 2917 2600 2970 τῆς
2655 2904 2844 2978 ἀνδρὸς
2888 2925 3021 2964 τινος
3063 2912 3223 2975 σοφοῦ
3277 2908 3588 2976 μεμνημένοι
3642 2921 3910 2976 παραγγε-

2307 2996 2443 3057 λίας,
2478 2997 2531 3056 ὃς
2589 2996 2718 3066 ἡλίῳ
2767 2995 3047 3066 παρείκαζε
3093 3000 3182 3044 xui
3215 3013 3340 3064 πυρι
3403 2995 3466 3043 τα
3523 2993 3652 3060 θεῖα,
3689 3011 3910 3062 παρῃνει

2309 3083 2368 3137 δὲ
2425 3091 2556 3156 μήτε
2610 3085 2858 3136 ἀντωπεῖν
2915 3083 3043 3152 ἡλίῳ
3096 3100 3106 3112 '
3189 3078 3607 3153 σκαρδαμύττειν
3664 3083 3764 3154 γὰρ
3815 3085 3908 3130 xui

2309 3173 2678 3244 ἀμαυροῦσθαι
2717 3173 2782 3222 τὰ
2857 3175 3067 3242 ὄμματα
3106 3185 3119 3198 ·
3194 3175 3318 3235 μήτε
3375 3167 3744 3219 ἀπολείπεσθαι
3813 3175 3907 3218 τοῦ

2306 3261 2585 3314 καλλίστου
2654 3263 2840 3311 τούτου
2916 3261 3188 3330 Οεάματος,
3244 3257 3349 3308 ἀλλ’
3411 3255 3683 3308 ἀπολαύειν
3741 3255 3906 3308 αὐτοῦ

2305 3357 2731 3423 παρα-τηροῦντας
2785 3349 2846 3408 ὠς
2901 3345 3006 3399 οἷόν
3064 3362 3158 3399 τε·
3211 3355 3282 3418 τῷ
3341 3365 3394 3398 τε
3453 3351 3582 3420 πυρὶ
3635 3351 3706 3417 μὴ
3765 3347 3906 3396 πάνυ

2304 3459 2354 3490 τι
2381 3442 2769 3512 προσεγγίζειν·
2821 3439 3064 3490 καίεσθαι
3103 3439 3205 3508 γάρ
3232 3457 3244 3468 ·
3297 3435 3424 3486 ἀλλὰ
3461 3430 3588 3504 μηδ’
3645 3433 3906 3486 ἀπωτάτω

2308 3525 2656 3598 ἀφίστασθαι,
2713 3533 2810 3587 τῆς
2867 3527 3180 3598 θερμότητος
3256 3523 3601 3595 βουλομένους
3647 3521 3908 3593 μεταλαγ-

2305 3617 2510 3688 χάνειν.

2377 3799 2512 3847 (MA.
2564 3793 2648 3854 Ὠς
2701 3789 2754 3844 εὖ
2811 3812 2892 3864 γε,
2941 3791 2982 3842 ὦ
3015 3791 3133 3862 φίλη
3193 3810 3281 3861 μοι
3350 3790 3564 3862 κεφαλὴ,
3627 3793 3748 3860 περί
3801 3795 3906 3840 τῶν

2309 3884 2453 3934 θείων
2504 3879 2728 3952 διανοῇῑ
2798 3883 2932 3932 πάνυ
2991 3883 3091 3954 γὰρ
3160 3879 3243 3931 ἐπι
3309 3882 3513 3940 τούτοις
3573 3875 3910 3930 εὐλαϐεῖσθαι

2306 3967 2409 4038 δεῖ,
2443 3975 2534 4028 τήν
2577 3969 2883 4041 λεπτολόγον
2943 3973 3386 4044 παραιτουμένους
3442 3967 3704 4042 ἀκρίϐειαν
3739 3982 3752 3994 ⁸
3814 3971 3910 4018 xui.

2303 4064 2396 4117 τὴν
2429 4059 2502 4132 ἐφ’
2542 4058 2786 4132 ἐλλεϐόρῳ
2843 4067 2942 4109 τῶν
2996 4059 3184 4131 ἰατρῶν
3214 4055 3307 4108 κάν
3361 4059 3562 4118 τούτοις
3615 4052 3908 4126 διαφυλατ-

2303 4167 2408 4202 τειν
2466 4143 2728 4215 διάταξιν,
2897 4147 3244 4218 καθαίρεσθαί
3311 4165 3438 4216 φασι
3503 4143 3910 4216 παρειλημμένου

2303 4244 2650 4310 παχυμερῶς,
2703 4235 2777 4295 εἰς
2823 4231 2882 4286 δὲ
2935 4234 3224 4286 λεπτότατα
3285 4237 3570 4306 τεμνομένῳ
3631 4237 3716 4283 τὸν
3765 4251 3912 4304 χρη-

2307 4327 2523 4397 σάμενον
2580 4324 2984 4394 ἀποπνίγεσθαι.
3035 4322 3188 4376 Ἀλλὰ
3252 4325 3311 4373 τὸ
3376 4325 3464 4393 μὲν
3530 4321 3738 4381 ἐκείνοις
3803 4327 3912 4382 τῆς

2300 4415 2493 4486 τόλμης
2550 4411 2782 4484 ἐγκαλεῖν
2864 4411 3116 4484 ἀφείσθω,
3174 4419 3376 4483 νεανικῇ
3465 4411 3734 4484 προθυμία
3805 4413 3910 4467 τὴν

2303 4507 2466 4566 μέσην
2515 4503 2630 4571 [καὶ
2686 4501 2806 4552 κατ’
2858 4499 3062 4570 αὐτοὺς,
3137 4497 3430 4560 λακωνικῶς
3483 4497 3679 4570 ξείπεῖν,
3747 4499 3912 4572 ὑπερ.

2302 4591 2561 4643 ϐαίνουσι·
2599 4594 2663 4642 σὺ
2697 4586 2758 4642 δέ
2785 4609 2875 4662 μοι
2903 4591 2987 4641 τὸν
3007 4588 3158 4660 λόγον
3187 4585 3396 4650 διέξιθι.

2372 4686 2514 4734 ΣΩΤ.
2582 4677 2640 4730 Ὀ
2683 4681 2774 4752 μὲν
2829 4677 3003 4750 λόγος,
3061 4679 3130 4738 ὡς
3189 4677 3343 4729 εἰπεῖν
3399 4672 3720 4745 συλλήϐδην,
3779 4675 3914 4728 ἀπε-

2303 4773 2506 4840 φαίνετο
2559 4770 2653 4826 τὴν
2701 4765 3122 4841 προσληφθεῖσαν
3179 4773 3249 4834 τῷ
3325 4771 3479 4836 Λογῳ
3552 4767 3706 4836 φύσιν
3768 4769 3914 4836 μήτε

2299 4865 2372 4928 τῷ
2423 4861 2593 4929 Πατρὶ
2643 4858 3080 4929 προσενηνοχέναι
3131 4857 3292 4925 μόνῳ,
3347 4851 3476 4906 ἀλλὰ
3525 4859 3613 4906 καὶ
3667 4861 3730 4924 τῇ
3784 4857 3914 4906 θεό-

2303 5035 2538 5108 υοοαιήι
2567 5036 2828 5108 θεοφόρον,
2853 5033 2934 5090 ad
2961 5035 3316 5093 Michaelem
3341 5035 3790 5108 patriar-citam.
3809 5031 3920 5088 Mi-

2301 5105 2572 5180 Qhaeleim
2595 5105 2858 5180 intellig?
2885 5108 3241 5180 secundum.
3263 5105 3370 5180 qui
3392 5105 3922 5180 εβάβφὲριὲξέαξιῖ

2301 5175 2766 5252 tinopolitanam
2787 5173 3094 5252 abdicavit
3114 5173 3512 5252 anno-Christi
3534 5173 3813 5252 MQXLVI,
3844 5173 3928 5252 id.

2301 5253 2390 5304 est
2410 5245 2704 5304 decennio
2725 5253 2865 5305 ante
2911 5250 3070 5306 hanc
3097 5250 3404 5322 synodum
3431 5261 3570 5322 quae
3590 5245 3928 5304 damnavit

2303 5319 2696 5376 Soterichum.

2343 5320 2696 5376 oterichum.

2375 5391 2452 5462 (2)
2481 5391 2750 5462 Quatuor
2769 5389 2851 5456 hi,
2876 5406 3019 5462 cum,
3041 5390 3346 5449 nonnullis
3367 5386 3928 5462 diaconis,_faviss§

2304 5455 2608 5535 sote'richo
2640 5455 2923 5535 dicuntur
2951 5461 3132 5535 etiam
3159 5463 3454 5535 inAGreeco
3485 5455 3714 5518 scholia
3732 5455 3932 5535 quod

2304 5533 2518 5592 Nicetes
2551 5532 2852 5594 Choniatae
2881 5534 3076 5594 codici
3103 5533 3470 5608 appingitur.
