4106 6296
127 212 201 268 fit

1516 216 1863 274 THESAURI
1900 216 2035 275 LIB.
2070 218 2254 277 XXIV.

3453 222 3558 287 142

143 357 235 399 7m
273 349 373 395 τοῦ
430 350 833 417 Μονογενοῦς
883 348 943 400 τὸ
999 344 1181 398 οἰκεῖον
1229 342 1379 415 αἷμα.
1428 347 1591 395 Τοντο
1641 340 1824 415 pnes»,

1941 340 2117 398 leitati
2157 341 2455 399 obtulerit.
2508 343 2739 401 Dictum
2788 344 2927 411 hoc,
2958 360 3096 402 cum
3135 343 3286 402 alios
3332 344 3558 404 multos

159 429 343 494 mea;
398 452 465 485 τε
532 434 790 501 ἄλλους,
854 439 946 487 καὶ
996 430 1062 492 δὴ
1117 437 1207 485 καὶ
1251 426 1447 504 ἄνδρας
1498 427 1650 504 ἀρετῇ
1710 433 1800 481 καὶ

168 521 276 594 ’Λάγῳ
312 519 661 596 διαπρεπεῖς
712 521 1097 598 τεθορύϐηκεν,
1142 523 1207 581 ὡς
1252 524 1323 592 μὴ
1374 524 1526 592 μόνον
1578 518 1639 570 ἆν
1685 525 1801 580 ταῖς

186 608 456 684 tintinant;
508 611 734 685 ἀρχαῖς
799 610 1172 678 ἀνακόλουθον,
1230 607 1359 660 ἀλλὰ
1407 613 1496 660 καὶ
1536 612 1632 665 τὴν
1668 609 1805 659 κατὰ

192 706 449 775 Νεστόριον
517 700 755 771 εἰσάγον
818 696 1083 774 διαίρεσιν
1113 715 1125 726 '
1168 697 1212 750 εἰ
1256 700 1357 770 γὰρ
1415 692 1483 753 δὴ
1542 704 1640 747 τῶν
1703 698 1803 768 φύ-

201 791 306 843 σεὼν
336 788 449 841 ἐστι
478 791 541 840 70
573 793 680 847 τὴν
733 790 828 860 μὲν
874 789 1180 860 προσάγειν,
1226 790 1320 843 τὴν
1368 780 1427 837 δὲ
1467 784 1801 857 προσίεσθαι,

201 884 334 931 πᾶσα
387 876 597 949 ἀνάγκη
664 882 763 928 καὶ
830 881 927 934 τὴν
994 876 1364 948 προσάγουσαν
1426 874 1496 934 ὡς
1556 871 1807 947 ἀρχιερέα

202 973 279 1020 καὶ
341 969 503 1025 θ-ῦτην
553 965 732 1039 λέγειν
800 965 1118 1029 ὑπόστασιν,
1173 967 1262 1015 καὶ
1325 966 1414 1020 τὴν
1465 964 1807 1035 προσιεμένην

205 1060 267 1118 ὡς
326 1061 454 1110 Θεὸν
509 1060 579 1109 τὰ
642 1060 768 1131 περὶ
829 1059 928 1113 τὴν
996 1056 1181 1107 θυσίαν
1240 1054 1431 1125 ὁμοίως
1492 1052 1806 1106 ὑπόστασιν,

202 1154 370 1200 Τοῦτο
426 1142 492 1204 δὴ
538 1149 601 1197 70
656 1152 753 1197 τοῦ
803 1146 1093 1218 Νεστορίου
1162 1137 1455 1204 θανατῶδες
1501 1140 1809 1213 ἁμάρτημα.

272 1325 418 1375 ΦῙΛ.
457 1320 550 1382 Ὠς
590 1315 763 1373 δεινόν
809 1338 863 1371 τι
898 1316 1067 1391 λέγεις
1113 1313 1241 1371 εἶναι
1287 1321 1344 1369 τὸ
1397 1324 1490 1369 τοῦ
1539 1315 1811 1385 εἰπόντος;

271 1504 422 1552 ΣΩΤ.
486 1498 601 1551 Οὐκ
660 1493 786 1551 οἶδα
839 1497 999 1550 εἰπεῖν
1055 1498 1144 1549 εἶτ’
1194 1494 1435 1568 ἀγνόημα
1490 1498 1589 1547 εἴτε
1641 1496 1815 1568 παρά-

194 1606 399 1661 πτωμα
425 1605 443 1619 ο
490 1588 537 1640 εἰ
583 1590 687 1662 γὰρ
736 1586 903 1649 οὕτως
944 1581 1076 1637 εἶπεν
1116 1588 1185 1647 ὡς
1210 1586 1235 1637 0
1266 1588 1392 1646 Θεὸς
1418 1588 1589 1656 Λόγος
1611 1587 1816 1655 γενόμε-

1911 433 2038 486 tum
2064 431 2244 486 etiam
2279 431 2508 505 aliquot
2526 432 2734 489 virtute
2765 439 2822 490 et
2845 433 3121 491 doctrina
3158 433 3448 507 pollentes
3478 434 3556 490 vi-

1909 534 2009 573 ros
2040 520 2325 590 turbavit,
2347 521 2491 593 quia
2514 537 2636 578 non
2666 520 2865 578 solum
2886 522 3179 593 religiosis
3200 523 3560 580 nostratium

1911 607 2264 665 rudimentis
2295 609 2560 665 alienum
2588 616 2735 674 erat,
2766 627 2976 667 verum
2997 611 3177 668 etiam
3198 612 3344 686 quia
3359 616 3561 669 Nesto-

1912 694 2147 753 rianam
2177 698 2540 755 divisionem
2570 699 2919 757 invehebat.
2958 701 3016 756 Si
3045 701 3208 758 enim
3235 718 3310 758 ex
3339 702 3433 758 his
3456 717 3562 758 na-

1913 786 2061 841 turis
2091 785 2279 843 altera
2300 786 2490 855 offert,
2520 788 2708 845 altera
2748 805 2891 844 vero
2921 788 3157 862 excipit,
3191 805 3433 863 prorsus
3461 806 3562 846 ne-

1914 889 2080 930 cesse
2096 881 2184 932 est
2209 881 2266 931 et
2283 875 2449 931 illam
2466 893 2502 948 q
2514 892 2603 932 uae
2616 875 2809 944 oﬁ‘ert,
2822 877 3150 934 sacerdotis
3170 884 3231 934 et
3246 878 3566 937 sacriﬁculi

1915 962 2126 1033 instar,
2153 965 2444 1038 appellari
2469 981 2508 1024 a
2533 966 2710 1022 nobis
2738 981 3070 1039 personam
3102 984 3117 1022 :
3151 983 3487 1041 rursusque
3500 969 3565 1025 il-

1916 1051 2037 1108 lam
2091 1060 2394 1126 naturam,
2445 1072 2584 1129 quas
2630 1055 2716 1112 uti
2772 1059 2927 1112 Deus
2981 1056 3287 1115 victimam
3326 1058 3567 1131 excipit,

1918 1157 2242 1213 personam
2269 1144 2489 1216 pariter
2515 1144 2836 1203 nominari.
2871 1148 2996 1202 Hoc
3020 1150 3225 1203 autem
3252 1151 3345 1204 est
3368 1146 3572 1205 morti-

1919 1230 2115 1288 ferum
2141 1231 2393 1289 Nestorii
2422 1233 2673 1291 crimen.

1992 1320 2415 1465 PHIL.?Quam
2462 1321 2798 1397 periculose
2845 1322 2964 1380 hoc
3019 1325 3331 1383 existimas
3369 1324 3449 1383 ab
3497 1341 3572 1383 eo

1992 1414 2152 1465 ctum
3386 1444 3389 1449 -

1923 1409 2152 1467 dictum
2181 1409 2210 1465 ?
3386 1444 3389 1449 -

1999 1500 2150 1556 SOT.
2214 1501 2421 1557 Utrum
2471 1499 2771 1557 inscitiam
2814 1501 3114 1575 appellem
3153 1517 3233 1560 an
3283 1518 3571 1571 errorem,

1924 1588 2148 1643 nescio.
2169 1588 2228 1644 Si
2247 1588 2407 1644 enim
2426 1588 2700 1657 dixisset,
2722 1589 2886 1662 quod
2910 1592 3064 1647 Deus
3084 1590 3365 1661 Verbum,
3383 1591 3577 1649 factus

187 1696 277 1737 νος
334 1677 620 1751 ἄνθρωπος
676 1675 834 1737 αὐτὸς
872 1677 941 1736 ὡς
985 1675 1143 1735 θύτης
1199 1677 1335 1726 κατά
1379 1677 1473 1732 τὴν
1518 1671 1817 1747 πρόσληψιν

1941 1692 2131 1747 nomo,
2153 1676 2282 1749 ipse
2309 1677 2558 1751 quidem
2578 1682 2870 1751 tanquam
2893 1679 3199 1749 sacerdos,
3220 1680 3450 1737 ratione
3469 1681 3577 1738 hu-

185 1769 617 1837 προσενήνοχεν,
669 1764 822 1826 αὐτὸς
868 1766 934 1825 ὡς
982 1765 1123 1836 θῦμα
1157 1767 1293 1816 κατά
1328 1768 1423 1821 τὴν
1453 1763 1626 1838 σάρκα
1652 1780 1818 1837 προσ-

184 1872 442 1919 ηνικται,
501 1852 667 1913 αὐτὸς
710 1854 779 1914 ὡς
839 1855 973 1913 Θεὸς
1032 1855 1338 1926 προσήκατο
1400 1854 1458 1903 70
1520 1852 1689 1918 τυθεν,
1728 1854 1819 1901 καὶ

178 1948 490 2012 πανταχοῦ
554 1946 651 1998 την
710 1942 1008 1992 ὑπόστασιν
1064 1943 1200 1992 κατά
1250 1942 1343 2001 τὰς
1412 1938 1664 2013 ἐνεργείας
1718 1947 1818 1990 τῶν

180 2032 411 2101 ξὺσεων
459 2028 885 2103 παρελαμϐάνου,
947 2025 1008 2087 ἦν
1074 2031 1164 2101 μὲν
1226 2032 1315 2080 καὶ
1376 2027 1535 2088 οὕτως
1590 2028 1616 2079 ὀ
1645 2027 1815 2097 λόγος,

176 2117 383 2188 ὀλίγον
446 2116 552 2169 δέω
596 2117 783 2188 λέγειν,
844 2117 939 2170 οὐκ
997 2115 1266 2190 ἀσφαλής·
1319 2119 1377 2169 τό
1419 2113 1477 2169 δὲ
1515 2119 1603 2176 τας
1641 2121 1822 2189 φυσεις

182 2202 506 2258 διιστῶντα
580 2206 746 2279 λέγειν
824 2205 943 2257 καθ’
1026 2205 1213 2267 ἑαυτὰς
1277 2203 1493 2277 ἐνεργεῖν
1593 2200 1816 2277 μηδαμῆ

182 2294 640 2370 παρειλημμένης
692 2304 788 2356 τῆς
841 2295 1199 2360 ὑποστάσεως,
1251 2292 1455 2366 βαϐαὶέ
1504 2289 1824 2354 κινδυνῶδες

178 2388 289 2435 καὶ
332 2382 585 2444 ἐπιεικῶς
642 2383 760 2435 ἔστι
814 2383 1070 2455 χαλεπόν.
1104 2382 1240 2434 Ἀλλ’
1292 2382 1539 2455 εὐξαίμην
1587 2380 1645 2433 ἂν
1693 2387 1824 2455 μήτε

178 2472 358 2524 αὐτόν
416 2481 483 2545 τῇ
549 2468 681 2545 δόξῃ
740 2491 1051 2524 συνεστάναι
1098 2474 1284 2544 ταύτῃ,
1327 2476 1461 2544 μήτε
1506 2475 1621 2532 τοὺς
1658 2491 1823 2544 περιι-

1026 2205 1213 2267 ἑαυτας
1277 2203 1493 2277 ἐνεργεῖν

182 2566 507 2634 ﬂamen;
556 2561 711 2613 αὐτόν
740 2582 754 2594 ·
816 2562 929 2613 ὅθεν
984 2562 1053 2622 ὡς
1107 2559 1320 2613 αὐτόθεν
1368 2561 1557 2612 ἄτοπον
1602 2565 1692 2612 καὶ
1748 2564 1819 2633 μή

176 2651 366 2721 λόγων
412 2651 621 2702 πολλῶν
671 2647 986 2723 δεδεημνον
1042 2650 1113 2712 εἰς
1148 2650 1363 2722 ἔλεγχον
1422 2647 1515 2703 διὰ
1570 2655 1662 2709 τὴν
1709 2649 1824 2703 ἆτο-

174 2744 326 2791 πίαν
398 2739 593 2805 αὐτοῦ,
659 2743 870 2813 χαίρειν
947 2739 1138 2794 ἐάσθω.
1207 2745 1552 2812 Υποκειριένου
1619 2737 1678 2792 δὲ
1732 2748 1824 2792 τοῦ

174 2835 261 2899 μὴ
321 2834 426 2887 τὴν
473 2828 904 2902 προσληφθεῖσαν
960 2831 1138 2900 φύσιν,
1186 2826 1293 2879 ἀλλ’
1353 2828 1507 2880 αὐτόν
1548 2832 1633 2880 τόν
1681 2829 1825 2880 θεάν-

176 2920 413 2987 Θρωπον
450 2923 674 2990 Σωτῆρα
714 2919 947 2993 Χριστόν
988 2919 1082 2973 τὴν
1128 2920 1380 2989 σωτήριον
1426 2917 1612 2968 θυσίαν
1655 2935 1825 2989 προσ-

1925 1766 2232 1823 manitatis
2260 1772 2614 1841 assumptae,
2647 1766 3008 1825 sacriﬁcium
3039 1768 3361 1840 obtulerit;
3390 1769 3581 1827 idem-

1926 1871 2045 1927 que
2067 1856 2197 1927 ipse
2215 1860 2504 1929 tanquam
2525 1856 2768 1912 victima
2788 1857 3124 1917 secundum
3147 1874 3390 1917 carnem
3411 1858 3580 1915 obla-

1929 1951 2021 2001 tus
2042 1943 2243 2011 fuerit;
2274 1951 2455 2018 atque
2480 1944 2640 2001 idem
2662 1944 2926 2019 denique
2946 1950 3243 2018 tanquam
3267 1946 3426 2004 Deus
3449 1962 3581 2004 rem

1928 2033 2190 2089 oblatam
2222 2033 2536 2104 exceperit,
2564 2039 2803 2090 servata
2831 2033 3056 2106 ubique
3086 2050 3347 2107 persona
3390 2036 3581 2092 actio-

1931 2121 2112 2179 nibus
2160 2127 2515 2178 naturarum
2558 2122 2996 2185 accommoda;
3039 2123 3155 2180 hoc
3193 2123 3373 2181 etiam
3401 2129 3583 2196 pacto

1930 2227 2084 2284 pene
2113 2211 2387 2277 dixerim,
2416 2211 2664 2267 minime
2696 2215 2888 2267 tutum
2928 2228 3057 2268 esse
3098 2228 3441 2270 sermonem
3469 2213 3582 2269 hu-

1926 2300 2222 2371 jusmodi:
2244 2316 2455 2356 verum
2472 2299 2780 2356 enimvero
2795 2298 3105 2358 distinctas
3115 2306 3366 2357 naturas
3386 2301 3585 2357 dicere

1932 2404 2432 2461 unamquamque
2461 2403 2568 2461 per
2590 2403 2655 2443 se
2685 2386 2942 2460 operari,
2974 2388 3239 2461 seposita
3265 2388 3427 2445 velut
3453 2404 3586 2462 per-

1935 2493 2104 2547 sona,
2132 2477 2196 2533 id
2234 2477 2479 2534 demum
2526 2475 2933 2550 periculosum
2978 2482 3090 2544 est,
3140 2482 3195 2535 et
3238 2474 3587 2536 difﬁcultate

1934 2582 2176 2622 summa
2201 2565 2511 2622 laborans.
2543 2565 2779 2622 Utinam
2807 2580 2953 2623 vero
2989 2581 3183 2639 neque
3212 2565 3264 2622 is
3292 2566 3396 2640 qui
3425 2566 3587 2623 dice-

1933 2656 2057 2724 bat,
2087 2670 2285 2728 neque
2310 2656 2442 2727 ejus
2469 2653 2773 2711 auditores
2801 2654 3163 2712 sententiam
3194 2655 3354 2712 hanc
3381 2655 3587 2712 animo

1932 2744 2232 2802 imbibant
2259 2745 2274 2801 ι
2323 2744 2729 2811 Quamobrem
2760 2748 2966 2818 utpote
3004 2744 3360 2813 absurdam,
3387 2760 3588 2817 neque

1934 2832 2168 2906 prolixa
2200 2831 2556 2889 refutatione
2585 2837 2883 2904 egentem,
2911 2832 3168 2889 multum
3208 2848 3346 2890 eam
3386 2831 3587 2890 valere

1930 2922 2275 2993 jubeamus.
2309 2924 2526 2977 Verum
2566 2922 2618 2977 si
2647 2921 2999 2992 afﬁrmatur,
3036 2920 3204 2977 haud
3227 2921 3475 2993 quidem
3505 2919 3586 2977 ab

178 3013 453 3076 ενεγκιῖν,
508 3009 759 3056 σκεπτέον
800 3005 843 3057 εἰ
904 3009 1118 3077 καὶ·τῇ
1187 3003 1348 3056 αὑτοῦ
1400 3006 1601 3064 θεότητι
1656 3024 1824 3080 προσ-

1941 3015 2250 3083 assumpta
2278 3009 2632 3076 natura,sed
2657 3009 2736 3065 ab
2757 3009 2887 3082 ipso
2905 3008 3252 3066 theandrico
3275 3011 3452 3066 Serva
3463 3013 3588 3065 tore

178 3099 423 3149 ἐνεῖσαι
456 3098 517 3145 τό
543 3112 609 3144 τυ
617 3095 719 3147 θὲν.

264 3385 419 3433 ΦΙΛ.
492 3377 653 3432 Ἀλλά
693 3383 943 3453 πρότερον
998 3376 1152 3438 αὐτὸς
1209 3377 1315 3432 εἰπέ
1372 3383 1424 3432 τί
1479 3375 1571 3438 ἧδ’
1626 3380 1769 3443 ὅσον,
1800 3380 1827 3432 ό

192 3465 592 3541 ἐγκαλούμενος
634 3471 721 3529 τίς
767 3468 928 3540 αὐτῷ,
968 3470 1063 3518 καὶ
1116 3468 1269 3520 πόθεν
1317 3468 1347 3526 ἡ
1387 3475 1481 3519 τοῦ
1518 3467 1675 3540 λόγου
1703 3469 1829 3519 τού-

194 3574 291 3606 του
324 3560 646 3613 κατασκευή
678 3572 693 3621 ;

272 3652 423 3702 ΣΩΤ.
476 3644 657 3698 Πολλὰ
705 3642 837 3695 0:770:
883 3647 1154 3716 συνείρων,
1184 3647 1270 3697 τὸν
1318 3643 1504 3698 ἑαυτοῦ
1543 3649 1832 3703 συνίστησι

201 3733 375 3806 λόγον,
433 3736 563 3805 Εγὼ
622 3729 683 3785 δὲ
733 3734 905 3785 ὁπόσα
957 3752 1061 3805 μου
1118 3738 1210 3792 τὴν
1264 3739 1474 3806 μνήμην
1530 3733 1829 3810 ἑπέρχεται,

206 3832 372 3877 ταῦτα
429 3823 557 3898 ἐρῶ.
623 3822 786 3892 Ἐπεὶ,
830 3826 1018 3893 φησὶν,
1058 3822 1086 3873 0
1123 3825 1248 3883 Θεὸς
1294 3827 1464 3894 Λόγος
1503 3825 1689 3875 θυσίαν
1727 3829 1828 3875 πᾶ-

215 3930 304 3962 σιν
352 3914 575 3985 ἁγιάζει
623 3915 717 3963 καὶ
766 3909 974 3976 τελειοῐ,
1043 3918 1151 3974 πῶς
1188 3911 1317 3983 οὐχὶ
1361 3917 1452 3965 καὶ
1484 3917 1579 3971 τὴν
1625 3920 1717 3973 τῆς
1753 3912 1831 3965 οἰ-

217 4006 351 4062 κείας
398 4005 603 4077 σαρκός
657 4001 849 4051 θυσίαν
899 4001 1089 4069 ἡγίακέ
1139 4018 1192 4051 τε
1237 3999 1393 4062 αὐτὸς
1445 4006 1536 4053 καὶ
1581 4000 1834 4054 τετελείω-

226 4106 336 4159 za;
387 4091 504 4145 Οὐκ
556 4088 622 4141 ἂν
680 4082 743 4139 δὲ
790 4085 961 4148 ἄλλως
1005 4088 1241 4157 ἡγίασεν,
1288 4088 1331 4142 εἰ
1377 4093 1450 4161 μὴ
1528 4096 1590 4161 τῇ
1646 4088 1832 4142 ἑαυτοῦ

233 4176 412 4235 θεοτςτι
440 4182 862 4253 προσενήνεκτο.

291 4271 415 4324 ΜΔ.
450 4272 597 4343 Πρός
646 4260 739 4318 οὖν
789 4272 948 4317 τοῦτο
992 4272 1102 4328 πῶς
1147 4284 1273 4319 ποτε
1315 4268 1453 4339 ἡμᾶς
1498 4262 1833 4321 διατίθεσθαι

244 4363 359 4426 vi;
407 4362 644 4433 Πότερον
690 4354 969 4430 εἰρημένον
1013 4348 1066 4405 εὖ
1110 4349 1475 4426 ἀποδέχεσθαι
1506 4359 1707 4408 τουτονὶ
1745 4359 1831 4409 τόν

241 4440 401 4514 367'”;

294 4539 425 4591 ειη.
486 4532 628 4600 Οὔκ,
666 4528 708 4584 ὧ
742 4528 917 4602 ἀγαθέ
942 4542 959 4558 ⁶
996 4523 1161 4591 δόξειε
1188 4531 1291 4606 γὰρ
1322 4530 1472 4591 οὗτος
1499 4532 1525 4583 ό
1556 4530 1703 4603 λόγος
1740 4532 1836 4586 οὐκ

240 4618 441 4686 ἀληθής·
504 4629 605 4677 καὶ
667 4622 812 4695 πρὸς
865 4624 1049 4671 τοῦτον
1114 4620 1261 4690 ἡμεῖς
1326 4617 1485 4672 ἐκεῖνό
1551 4624 1711 4692 φαμέν
1776 4619 1836 4671 ἂν

242 4710 306 4781 ὧς,
338 4709 505 4772 ἔπειδή
567 4714 599 4765 ὁ
637 4714 827 4782 Λόγος
878 4714 944 4779 τῇ
1001 4712 1156 4780 σαρκὶ
1212 4707 1329 4760 καθ’
1372 4710 1666 4761 ὑπόστασιν
1724 4707 1837 4762 ἑνω-

243 4800 319 4862 οάς
346 4805 523 4877 ἡγίακέ
561 4822 623 4856 τε
674 4803 779 4853 καὶ
830 4794 1154 4848 τετελείωκεν
1202 4796 1364 4855 αὐτὴν
1414 4797 1585 4864 εὐθὺς,
1626 4801 1677 4849 τί
1716 4816 1839 4850 ποτε

246 4886 320 4943 ἔδει
355 4902 411 4966 τῇ
454 4897 584 4972 πρὸς
631 4895 742 4949 τὴν
787 4885 963 4940 αὑτοῦ
1012 4883 1229 4941 θεότητα
1263 4893 1584 4959 προσαγωγῇ
1644 4889 1840 4944 ταύτην

395 4966 736 5057 ἆγιάζεσθαι
773 4994 790 5045 ;
851 4976 924 5025 Τί
976 4966 1037 5023 δὲ
1075 4970 1294 5024 τελειοῦν
1335 4979 1429 5031 την
1468 4972 1701 5047 ἀνωτέρω
1739 4994 1840 5047 φυ-

243 5065 468 5144 ἳεχθιῐσιιν
506 5076 708 5133 πάσης
766 5063 1054 5140 ἁμαρτίας
1089 5070 1459 5136 προαιρετικῆς
1507 5082 1563 5115 τε
1613 5067 1703 5115 καὶ
1751 5070 1842 5125 τῆς

242 5158 278 5211 ἀ
306 5171 571 5242 σπέρματος
632 5161 906 5236 φυσικῆς
928 5167 950 5220 ;
1009 5153 1188 5211 Μόνης
1232 5146 1319 5202 οὖν
1362 5147 1530 5205 ἐδεῖτο
1570 5160 1667 5215 τῆς
1713 5155 1843 5226 πρὸς

240 5258 292 5305 τε»
322 5240 503 5339 Πατέρα
567 5249 680 5309 διὰ
748 5244 965 5300 θυσίας
1002 5247 1399 5339 ,προσαγωγῆς
1428 5240 1529 5339 .-ἣν
1575 5241 1841 5314 ἁγιασμόν

237 5329 440 5414 ῥήμασιν’
470 5350 500 5401 δ
548 5343 771 5414 Σωτήρ
810 5348 829 5364 ο
908 5330 1047 5414 πρὸς
1104 5329 1203 5400 γὰρ
1248 5336 1318 5400 τῷ
1365 5331 1518 5382 πάθει
1573 5335 1844 5403 γενόμενος

232 5406 339 5511 3‘7“,
371 5459 383 5471 .
437 5440 599 5513 ἐγὼ
681 5406 939 5500 ἀίίιάζω
1011 5412 1228 5488 ἐμαυτόν
1301 5419 1428 5493 ὑπὲρ
1494 5419 1662 5472 αὐτῶν
1704 5441 1717 5453 ·
1778 5421 1844 5480 ὡς

342 5530 487 5594 ei)”
511 5506 526 5513 ’
550 5522 776 5582 διττὸν
835 5509 991 5565 εἶναι
1038 5508 1126 5557 τὸν
1164 5507 1462 5579 άγιασμόν⁶
1511 5512 1599 5562 τὸν
1644 5511 1739 5582 μὲν
1781 5506 1845 5561 οὗ

1935 3099 2162 3156 Christo
2192 3098 2513 3155 salutarem
2552 3098 2814 3153 hostiam
2859 3095 3044 3153 fuisse
3080 3095 3373 3167 oblatam,
3401 3096 3589 3170 dispi-

1936 3187 2220 3245 ciendum
2267 3190 2558 3258 superest,
2606 3191 2810 3242 utrum
2850 3185 2903 3243 is
2943 3202 3069 3243 suae
3106 3200 3355 3260 quoque
3395 3185 3590 3259 ipsius

1935 3260 2229 3333 divinitati
2258 3275 2620 3333 sacriﬁcium
2641 3274 2866 3332 fecerit.

2006 3368 2184 3423 PHIL.
2230 3368 2314 3422 Tu
2347 3380 2487 3422 vero
2528 3364 2803 3438 apprime
2841 3364 2939 3422 dic
2979 3364 3151 3435 mihi,
3180 3364 3330 3439 quid
3374 3365 3491 3439 ille,
3532 3368 3592 3424 et

1936 3455 2235 3531 quamdiu
2263 3454 2497 3524 dixerit,
2526 3454 2665 3528 quis
2694 3454 2749 3512 ei
2777 3454 2853 3511 sit
2893 3452 3271 3527 abversatus,
3300 3470 3591 3530 quamam

1939 3544 2276 3615 argumenti
2299 3542 2482 3615 hujus
2510 3541 2942 3600 demonstratio
2967 3542 3161 3600 fuerit.

2011 3635 2159 3690 SOT.
2191 3631 2379 3691 Multis
2403 3632 2499 3689 ille
2532 3631 2735 3689 verbis
2764 3647 3109 3689 sermonem
3134 3648 3315 3690 suum
3339 3648 3590 3692 exorna-

1938 3724 2043 3789 vit,
2073 3738 2204 3797 quaa
2231 3737 2344 3792 ego
2373 3726 2669 3796 quantum
2699 3721 2949 3778 memini
2967 3721 3243 3778 referam.
3265 3723 3589 3794 Quoniam,

1939 3812 2158 3884 aiebat,
2176 3814 2329 3868 Deus
2344 3810 2599 3867 Verbum
2613 3810 2974 3867 sacriﬁcium
2983 3809 3239 3883 quodvis
3256 3810 3592 3868 sanctiﬁcat

1939 3906 2119 3975 atque
2146 3901 2394 3973 perﬁcit,
2417 3899 2629 3974 quidni
2653 3898 2908 3972 propriae
2924 3913 3169 3971 quoque
3190 3898 3389 3955 carnis
3408 3898 3592 3957 sacri-

1938 3990 2145 4047 ﬁcium
2162 3989 2571 4046 sanctiﬁcasse
2592 3986 2930 4043 credendus
2948 3985 3069 4044 sit?
3088 3986 3263 4043 Haud
3283 4002 3465 4060 porro
3485 3987 3591 4046 ali-

1940 4084 2028 4137 ter
2056 4078 2473 4146 sanctiﬁcavit,
2501 4092 2692 4152 quam
2727 4074 2988 4149 proprias
3025 4073 3230 4134 deitati
3257 4076 3588 4135 offerendo.

2012 4254 2189 4314 PHlL.
2221 4253 2374 4320 Quid
2403 4266 2546 4323 ergo
2566 4250 2683 4309 hac
2713 4266 2895 4324 super
2923 4266 2987 4309 re
3009 4251 3390 4310 sentiendum
3414 4253 3593 4312 nobis

1859 4380 1909 4437 Β
1945 4351 2034 4404 est
2060 4345 2087 4401 ?
2119 4346 2324 4401 Utrum
2349 4340 2521 4399 dictis
2553 4338 3039 4408 auscultandum,
3069 4355 3258 4399 necne
3280 4342 3309 4400 7

2014 4520 2166 4579 SOT.
2197 4519 2431 4578 Minime
2453 4517 2793 4589 gentium,o
2819 4517 2980 4574 bone
3004 4534 3017 4585 ;
3039 4531 3236 4590 neque
3265 4517 3426 4575 enim
3451 4535 3596 4578 vera

1944 4613 2075 4669 haec
2102 4609 2339 4667 videtur
2366 4607 2577 4664 oratio.
2612 4606 2838 4665 Etenim
2868 4621 2981 4663 nos
3009 4606 3092 4663 ita
3127 4606 3327 4679 potius
3350 4606 3594 4666 disseri-

1946 4718 2126 4759 mus:
2175 4695 2675 4773 quandoquidem
2720 4696 2984 4754 Verbum
3018 4696 3184 4753 carni
3220 4697 3598 4770 bypostatice

1948 4789 2202 4859 unitum,
2226 4787 2423 4858 ipsam
2454 4784 2848 4859 sanctiﬁcavit
2877 4784 3264 4857 perfecitque,
3303 4801 3410 4842 cur
3438 4802 3598 4860 opus

1948 4881 2074 4934 erat
2102 4882 2168 4930 ut
2195 4889 2300 4947 per
2329 4872 2699 4929 oblationem
2737 4888 2860 4929 suae
2893 4871 3083 4947 ipsius
3131 4871 3335 4929 deitati
3376 4862 3600 4932 facian.

1947 4965 2115 5036 dam,
2135 4963 2301 5021 illam
2332 4961 2734 5019 sanctiﬁcaret
2760 4960 2788 5015 ?
2815 4960 2928 5017 Cur
2952 4959 3234 5017 eamdem
3263 4961 3601 5035 perﬁceret,

1948 5071 2085 5129 quae
2118 5067 2376 5127 superne
2399 5049 2568 5107 omni
2596 5048 2882 5107 immunis
2906 5047 3092 5105 ﬁebat
3128 5048 3225 5106 vel
3259 5048 3599 5111 voluntario

1948 5148 2221 5216 peccato,
2248 5140 2345 5198 vel
2363 5158 2438 5199 ex
2467 5139 2697 5211 origine
2721 5137 2980 5195 naturali
3003 5142 3310 5197 contracto
3329 5138 3359 5194 Ἰ
3397 5142 3516 5197 Hoc
3546 5140 3601 5198 ei

1948 5233 2127 5304 igitur
2142 5228 2565 5290 tantummodo
2585 5228 2808 5297 deerat,
2836 5231 2902 5284 ut
2925 5225 3082 5283 Patri
3107 5242 3219 5284 ceu
3238 5226 3601 5287 sacriﬁcium

1950 5321 2290 5392 offerretur;
2325 5334 2515 5393 quam
2533 5333 2659 5373 rem
2690 5318 2963 5373 Servator
2985 5313 3471 5372 sanctiﬁcationis
3492 5330 3601 5372 no-

1949 5413 2113 5468 mine
2152 5408 2466 5482 expressit,
2510 5421 2649 5462 cum
2688 5402 2958 5476 passioni
2994 5401 3306 5473 proximus
3351 5402 3597 5458 aiebat:

1950 5502 2080 5574 Ego
2109 5498 2419 5570 sanctiﬁco
2452 5510 2546 5554 me
2580 5495 2778 5565 ipsum
2809 5492 3062 5563 propter
3096 5503 3212 5547 eos.
3259 5490 3426 5547 Patet
3454 5498 3600 5556 ergo
