4106 6296
565 269 662 332 143

1891 259 2170 324 ΝΙΟΕΤΛΕ
2203 255 2584 322 ΟΗΟΝῘΑΤιΕ

3820 265 3910 328 ιιι

558 396 864 469 duplicem
912 409 1040 450 esse
1099 392 1654 458 sanctiﬁcationem,
1716 391 1965 448 alteram
2020 405 2208 462 quam

2336 397 2384 461 τῇ
2430 393 2587 463 σαρκὶ
2634 385 2918 462 μετέδωκεν
2967 389 3124 455 αὐτὸς
3166 390 3384 464 ἕνωθεὶς,
3423 395 3509 446 τόν
3569 390 3628 448 δὲ
3682 390 3908 468 δεύτερον

556 489 686 559 ipse
716 481 881 541 carni
913 482 1159 539 contulit
1178 498 1316 538 cum
1344 482 1394 538 ei
1434 480 1810 554 hypostatice
1857 480 2062 535 unitus
2100 481 2206 545 est,

556 576 804 632 alteram
858 589 998 628 vero
1045 588 1232 644 quam
1271 587 1378 644 per
1410 570 1773 627 sacriﬁcium
1805 573 2091 642 operatus
2122 571 2212 624 est

555 664 721 738 quod
744 663 894 719 Patri
927 661 1156 717 obtulit.

627 756 803 810 PHIL.
857 751 1032 824 Atqui
1083 752 1130 806 si
1182 765 1448 818 carnem,
1499 749 1655 806 dicet
1701 748 1942 821 aliquis,
1987 747 2209 802 unione

557 861 669 900 sua
689 845 818 916 jam
858 841 1355 910 sanctiﬁcaverat,
1391 855 1497 896 cur
1526 839 1709 895 altera
1733 837 2208 894 sanctiﬁcatione

555 933 644 990 vel
674 930 1034 1003 perfectione
1065 945 1218 1000 opus
1249 928 1355 984 fuit
1378 930 1405 985 ?

627 1022 776 1078 SOT.
831 1018 1087 1087 Longius
1128 1033 1164 1072 a
1211 1016 1522 1088 proposito
1567 1031 1725 1083 meo,
1757 1015 1981 1087 optime
2020 1012 2206 1082 Philo,

553 1111 829 1166 aberrare
869 1122 964 1162 me
1011 1106 1268 1162 dicendo
1314 1106 1526 1176 cogis;
1581 1109 1845 1160 attamen
1890 1103 1974 1158 tui
2022 1117 2208 1158 causa

551 1200 712 1255 hunc
741 1197 1012 1253 laborem
1043 1195 1388 1268 suscipiam.
1425 1195 1496 1250 lis
1528 1195 1630 1267 qui
1655 1195 1912 1249 invicem
1942 1191 2207 1248 reconci-

550 1288 770 1344 liantur
802 1302 933 1342 mos
967 1291 1053 1341 est
1081 1285 1271 1340 mutui
1294 1283 1523 1355 aliquid
1549 1282 1837 1350 muneris,
1866 1280 2041 1353 quasi
2067 1296 2206 1335 con-

553 1377 858 1448 glutinatae
877 1374 1146 1430 amicitia:
1169 1373 1434 1442 arrham,
1451 1371 1757 1444 impertiri.
1785 1370 2076 1434 Quoniam
2100 1369 2207 1424 ita-

551 1482 669 1538 que
696 1469 752 1520 et
778 1480 912 1531 nos,
943 1466 1079 1534 post
1110 1461 1209 1517 Dei
1244 1460 1560 1529 offensam,
1592 1457 1962 1516 reconciliari
2008 1457 2205 1513 eidem

552 1552 954 1626 oportebat,is
974 1550 1219 1621 quidem
1244 1563 1475 1603 morem
1497 1563 1620 1603 suae
1650 1546 1934 1602 bonitatis
1958 1545 2206 1600 minime

553 1643 854 1705 omittens,
885 1640 1116 1712 primus
1145 1639 1271 1710 ipse
1299 1637 1451 1692 Deus
1480 1636 1759 1699 Verbum,
1785 1635 1887 1708 qui
1927 1635 2005 1691 ab
2035 1633 2205 1690 initio

2323 478 2376 530 ὃν
2444 479 2725 554 εἰργάσατο
2781 476 2872 532 διὰ
2939 481 3147 550 θυσίαν,
3207 481 3277 545 εἰς
3329 487 3414 536 τὸν
3471 489 3678 557 Πατέρα
3725 488 3908 544 ταύτην

2320 566 2616 640 ἀνενεγκών.

2321 855 2468 907 σεως,
2526 841 2651 909 φαίη
2704 857 2782 900 τις
2821 837 2900 904 ἂν,
2941 843 2993 890 τί
3029 835 3111 892 δεῖ
3148 859 3271 892 ποτε
3317 846 3406 894 καὶ
3452 841 3624 916 ἐτέρου
3672 839 3905 916 δευτέρου

2320 927 2585 998 ἁγιασμοῦ
2610 943 2623 993 ;
2656 931 2807 988 ποίας
2831 923 2889 979 δε
2917 927 3219 990 τελειώσεως
3251 946 3264 996 ;

2589 746 2727 800 Ἀλλ’
2791 750 2929 823 εἴπερ
2990 747 3042 812 ἐξ
3095 749 3256 813 αὐτῆς
3321 751 3510 824 ἠγίακε
3565 754 3759 811 ταύτην
3803 752 3909 805 ἑνώ-

2389 1021 2530 1068 ΣΩΤ.
2565 1018 2873 1090 Μακρότεροί
2911 1036 2972 1089 με
3011 1023 3100 1069 καὶ
3152 1025 3242 1070 τοῦ
3279 1017 3457 1090 λόγου,
3501 1021 3684 1092 ἄριστε
3732 1019 3906 1092 Φίλων,

2320 1102 2626 1174 ἀναγκάζεις
2681 1104 2842 1176 λέγειν
2872 1122 2883 1135 ⁸
2931 1105 3063 1165 πλὴν
3097 1127 3187 1159 και
3235 1115 3388 1160 τοῦτο
3429 1113 3526 1167 σὴν
3568 1113 3772 1178 εἶρηται
3813 1111 3908 1181 χαί⁴

2316 1210 2419 1263 ριν.
2470 1191 2624 1252 Ἕθος
2676 1200 2782 1254 τοῖς
2837 1194 3327 1268 καταλλαττομένοις
3375 1195 3487 1249 ἐστί
3535 1197 3810 1270 λαμϐάνειν
3859 1218 3906 1251 τι

2315 1280 2438 1353 παρ’
2510 1279 2737 1339 ἀλλήλων
2797 1291 2890 1345 τῆς
2956 1280 3460 1358 ἕμπεδωθησομίνης
3540 1286 3706 1359 φιλίας
3765 1286 3908 1360 ἐχέγ-

2315 1388 2474 1440 γυον·
2531 1367 2734 1444 ἐπείπερ
2789 1367 2874 1424 οὖν
2923 1377 3012 1424 καὶ
3064 1375 3202 1446 ἡμᾶς
3266 1371 3340 1427 δι’
3389 1377 3584 1449 ἔχθρας
3638 1381 3908 1450 γεγονότας

2317 1466 2431 1529 Θεῷ
2470 1457 2635 1533 ἐχρῆν
2681 1460 3149 1532 καταλλάττεσθαι,
3195 1471 3288 1526 τῆς
3334 1465 3472 1526 Θείας
3527 1466 3622 1518 οὐκ
3674 1464 3907 1538 ἀνασχό-

2315 1569 2465 1624 μενος
2540 1549 2824 1624 ἀφεστάναι
2901 1549 3190 1616 διαπαντὸς
3254 1555 3600 1627 ἀγαθότητος,
3666 1561 3908 1631 πρότερον

2317 1639 2471 1702 αὐτὸς
2511 1641 2536 1692 ό
2583 1645 2672 1693 καὶ
2718 1646 2810 1700 τὴν
2852 1641 3024 1717 ἀρχὴν
3073 1645 3381 1708 ὑποστήσας
3425 1650 3596 1718 Λόγος
3644 1650 3739 1705 τὴν
3786 1649 3911 1719 ἡμε-

553 1727 2208 1798 subsistebat,substantianostrasuscepta,peccatorum

2336 1726 2494 1788 Ῠαπην
2549 1729 2766 1803 εἰληφὼς
2817 1731 3001 1784 ουσίαν
3069 1729 3352 1786 ἀντέδωκεν
3418 1736 3543 1807 ἡμῖν
3607 1735 3910 1811 ἁμαρτημά-

552 1819 972 1876 remissionem
1007 1816 1182 1872 nobis
1226 1815 1475 1886 largitus
1513 1820 1617 1881 est,
1652 1821 1832 1886 atque
1861 1829 1934 1870 ex
1959 1814 2209 1885 antiqua

555 1909 766 1965 fraude
791 1907 1029 1980 eripuit,
1060 1905 1260 1961 multis
1292 1905 1577 1978 mirisque
1621 1904 1850 1960 collatis
1881 1903 2207 1958 beneﬁciis.

559 2001 672 2057 Sed
693 1998 836 2071 quia
854 1998 1032 2053 etiam
1049 1996 1282 2052 Patrem
1297 2037 1307 2061 ,
1321 1995 1424 2067 qui
1442 1994 1766 2067 adoptione
1784 2009 1897 2049 nos
1920 1991 2211 2064 dignaba-

559 2095 673 2156 tur,
690 2087 913 2158 aliquid
938 2103 974 2143 a
1002 2086 1178 2142 nobis
1200 2085 1471 2158 accipere
1502 2100 1743 2156 {equum
1759 2087 1901 2154 erat,
1917 2082 2213 2139 nobisau-

559 2183 679 2235 tem
696 2176 841 2232 nihil
864 2191 1082 2248 purum
1105 2174 1332 2241 aderat,
1358 2177 1461 2229 aut
1482 2173 1583 2228 Dei
1606 2174 1918 2243 majestate
1935 2171 2209 2243 dignum,

560 2270 810 2340 peccato
827 2264 1034 2321 omnia
1045 2261 1779 2332 commaculante,idcirco
1795 2262 1996 2334 ipsum
2015 2261 2216 2316 thean-

563 2357 792 2413 dricum
827 2355 1540 2424 Verbum,paupertatem
1562 2356 1834 2406 nostram
1854 2367 1963 2406 ceu
1992 2349 2218 2405 media-

564 2451 656 2501 tor
694 2442 1000 2515 supplens,
1031 2441 1423 2496 humanitatis
1477 2439 1674 2495 forma
1722 2439 1994 2508 indutus,
2036 2453 2212 2493 suum

567 2533 779 2588 obtulit
801 2530 1178 2600 sanguinem,
1195 2529 1496 2585 victimam
1514 2527 1986 2598 immaculatam,
2003 2528 2222 2583 saluta-

568 2637 696 2677 rem
717 2620 1001 2687 hostiam,
1021 2619 1095 2673 ad
1115 2633 1225 2673 nos
1249 2633 1387 2672 cum
1412 2618 1578 2672 Patre
1598 2617 2006 2672 conciliandos
2025 2615 2224 2672 efﬁca-

571 2710 894 2765 cissimam.
919 2709 1112 2773 Quam
1135 2721 1261 2762 rem
1287 2721 1446 2778 saepe
1476 2703 1743 2761 declarat
1770 2704 1942 2760 divus
1971 2705 2219 2761 Paulus:

572 2797 894 2867 Justiﬁcati
922 2798 1098 2863 enim,
1134 2796 1215 2851 ait
1243 2796 1645 2865 in,sanguine
1680 2794 1846 2862 Filii,
1882 2809 1989 2864 per
2029 2796 2223 2864 ipsum

573 2888 730 2945 salvi
760 2887 977 2942 erimus
1003 2887 1043 2942 ³.
1075 2887 1141 2940 Et
1170 2899 1416 2939 rursus:
1461 2883 1574 2950 Qui
1597 2884 1823 2938 inimici
1849 2898 2104 2952 eramus,
2131 2898 2224 2939 re-

576 2977 886 3034 conciliati
902 2990 1104 3030 sumus
1119 2989 1230 3044 per
1247 2974 1601 3043 sanguinem
1627 2973 1774 3028 Filii
1797 2975 1924 3042 ejus
1940 2975 1983 3026 ³.
2008 2972 2226 3037 Quidni

2317 1839 2414 1884 των
2481 1820 2682 1891 ἄφεσιν,
2737 1823 2830 1878 τῆν
2898 1819 2953 1872 ἐκ
3018 1829 3113 1882 τῆς
3177 1822 3374 1884 πλάνης
3441 1821 3763 1896 ἀπαλλαγὴν,
3830 1827 3913 1885 τὰς

2319 1906 2506 1968 πολλὰς
2587 1907 2776 1970 ἐκείνας
2841 1907 3138 1985 ἐνηργηκὼς
3203 1911 3499 1984 εὐεργεσίας
3566 1918 3654 1966 καὶ
3721 1916 3914 1986 θαυμα-

2325 1999 2494 2059 σταςο
2559 1995 2667 2050 ἐπεὶ
2719 1995 2778 2051 δὲ
2835 2005 2924 2052 καὶ
2976 2004 3062 2051 τὸν
3117 2004 3324 2075 Πατέρα
3375 1999 3540 2074 ἐχρῆν
3587 2001 3812 2055 λαϐόντα
3867 2021 3917 2054 τι

2321 2084 2444 2158 παρ’
2499 2088 2643 2158 ἡμῶν
2700 2092 2793 2146 τὴν
2855 2090 3118 2142 υἱοθεσίαν
3173 2087 3648 2165 ἁντιχαρίσασθαι,
3716 2099 3918 2167 προσῆν

2326 2170 2383 2227 δε
2427 2176 2550 2247 ἡμῖν
2585 2172 2734 2228 οὐδὲν
2787 2180 3037 2252 καθαρόν,
3077 2174 3202 2231 οὐδὲ
3244 2186 3334 2240 τῆς
3377 2179 3535 2232 αὐτοῦ
3576 2179 3918 2252 μεγαλειότη-

2323 2283 2410 2326 τος
2465 2264 2630 2333 οῖξιον,
2688 2273 2777 2327 τῆς
2825 2266 3081 2341 ἁμαρτίας
3140 2269 3309 2320 πάντα
3353 2267 3716 2332 ἐπιθολουσης,
3768 2270 3921 2332 αὐτὸς

2325 2359 2350 2410 ό
2419 2356 2740 2429 θεανθρωπος
2819 2360 3010 2426 Λόγος,
3078 2359 3136 2408 τό
3198 2364 3293 2419 τῆς
3359 2354 3638 2429 ἡμεδαπῆς
3707 2356 3921 2434 ἀπορίας

2327 2445 2632 2518 ἀναπληρῶν
2701 2443 2790 2497 ἅτε
2845 2449 3082 2517 μεσίτης,
3145 2443 3193 2497 ἐν
3250 2453 3512 2518 προσώπῳ
3565 2457 3659 2508 τῆς
3719 2446 3921 2524 ἀνθρω-

2328 2540 2552 2596 πότητος
2628 2537 2686 2586 τό
2762 2533 2920 2586 αὐτοῦ
2995 2539 3376 2607 προσενήνοχεν
3443 2537 3595 2609 αἷμα,
3663 2537 3928 2612 ἄχραντον

2333 2628 2491 2696 θῦμα,
2536 2628 2790 2696 σωτήριον
2846 2622 3185 2696 καλλιέρημα,
3242 2633 3331 2685 τῆς
3387 2629 3514 2699 πρὸς
3571 2630 3656 2678 τὸν
3726 2630 3932 2700 Πατέρα

2331 2712 2658 2783 καταλλαγῆς
2714 2712 2838 2783 ἡμῖν
2906 2711 3206 2764 αἰτιώτατον
3241 2730 3254 2742 ⁶
3316 2713 3341 2764 ὁ
3398 2713 3668 2786 πολλαχοῦ
3708 2720 3800 2768 καὶ
3859 2715 3932 2767 θε-

2337 2805 2552 2861 σπέσιος
2627 2799 2964 2873 ἀποφαίνεται
3039 2801 3242 2864 Παῦλος
3282 2817 3297 2832 ⁶
3369 2805 3740 2867 Δικαιωθέντες
3809 2806 3932 2879 γὰρ,

2336 2895 2514 2964 φησὶν,
2579 2888 2626 2942 ἐν
2684 2898 2755 2960 τῷ
2821 2892 3008 2962 αἵματι
3067 2899 3160 2943 τοῦ
3225 2893 3347 2944 Υἰοῦ
3412 2893 3768 2965 σωθησόμεθα
3864 2887 3936 2945 δι’

2606 2983 2694 3030 καὶ
2766 2975 2911 3040 αὖθις
2945 2996 2957 3008 ⁸

2337 2980 2530 3033 αὐτοῦ’
2606 2983 2694 3030 καὶ
2766 2980 2911 3040 αὖθις
2945 2996 2957 3008 ·
3036 2980 3255 3055 Ἐχθροὶ
3330 2984 3468 3043 ὅντες
3541 2981 3936 3055 κατηλλάγημεν

578 3083 721 3138 ergo
759 3065 934 3121 valde
973 3065 1045 3120 sit
1087 3062 1422 3121 absurdum
1463 3062 1681 3132 dicere,
1710 3062 2074 3118 sacriﬁcium
2112 3063 2222 3117 hoc

2336 3078 2408 3141 τῷ
2449 3078 2562 3139 Θεῷ
2612 3065 2704 3121 διὰ
2742 3077 2832 3121 τοῦ
2870 3070 3092 3141 αἵματος
3133 3077 3225 3122 τοῦ
3274 3073 3400 3124 Υἰοῦ
3444 3071 3628 3128 αὑτοῦ.
3695 3079 3812 3133 Πῶς
3853 3067 3938 3124 οὖν

579 3159 699 3212 Deo
729 3155 920 3211 Verbo
946 3154 1130 3209 fuisse
1155 3153 1425 3209 oblatum
1449 3151 1477 3205 Υ
1518 3151 1669 3217 Quid
1700 3151 1860 3208 enim
1889 3151 2085 3223 ipsum
2128 3166 2229 3206 ne-

580 3260 746 3301 cesse
777 3249 904 3300 erat
945 3242 1318 3299 reconciliari
1357 3241 1556 3307 nobis,
1583 3241 1685 3312 qui
1712 3240 1839 3312 jam
1870 3239 2009 3296 inde
2039 3240 2117 3295 ab
2156 3256 2227 3296 eo

582 3339 871 3404 tempore,
897 3349 1019 3404 quo
1042 3349 1104 3387 se
1133 3332 1302 3388 carni
1323 3331 1454 3401 conj
1466 3329 1842 3398 unxit,nobis
1869 3333 1997 3385 erat
2024 3344 2229 3385 recon-

582 3423 815 3479 ciliatus
840 3423 869 3477 ?
908 3425 1023 3477 Cur
1050 3437 1263 3476 rursus
1297 3435 1419 3475 non
1451 3420 1527 3474 sit
1553 3420 1857 3486 insanum,
1889 3435 1997 3491 per
2024 3419 2230 3490 hujus-

583 3511 748 3567 modi
765 3508 1119 3565 sacriﬁcium
1139 3508 1374 3564 sibimet
1387 3507 1589 3579 ipsum
1601 3522 1729 3561 esse
1740 3507 2186 3563 reconciliatum
2200 3505 2230 3562 ?

584 3603 694 3654 Aut
711 3605 989 3654 naturam
1005 3597 1250 3668 quidem
1264 3596 1314 3666 ej
1325 3611 1394 3650 us
1413 3611 1484 3650 ex
1496 3593 1671 3650 nobis
1684 3601 2230 3668 sumptam,pacem

582 3688 806 3744 habere
822 3686 1170 3752 nobiscum;
1203 3683 1476 3755 ejusdem
1491 3699 1634 3739 vero
1650 3683 1929 3740 deitatem
1955 3685 2232 3740 humani-

582 3779 687 3834 tati
720 3777 971 3838 unitam,
999 3779 1272 3847 oportere
1305 3773 1478 3829 nobis
1507 3789 1615 3846 per
1641 3773 1998 3829 sacriﬁcium
2026 3789 2232 3829 recon-

585 3867 766 3924 ciliari
794 3868 824 3924 ?
853 3865 1032 3932 Quasi
1071 3880 1209 3919 cum
1239 3863 1422 3919 Paulo
1451 3862 1724 3918 dicamus
1757 3880 1771 3918 :
1824 3865 1976 3919 Num
2006 3863 2231 3918 divisus

585 3963 674 4014 est
721 3956 989 4014 Christus
1021 3955 1050 4010 εν
1096 3952 1177 4009 ita
1214 3958 1278 4008 ut
1313 3967 1456 4025 pars
1495 3952 1643 4023 ejus,
1675 3952 1891 4023 amica,
1925 3967 2064 4025 pars
2095 3968 2232 4009 vero

585 4047 720 4118 alia,
749 4044 1094 4102 adversaria
1127 4044 1202 4100 sit
1227 4045 1255 4100 ?

656 4137 834 4192 PHlL.
856 4139 925 4190 At
946 4134 1128 4194 enim.
1153 4133 1201 4188 si
1232 4132 1398 4205 quod
1428 4132 1581 4188 Patri
1611 4131 1877 4201 offertur,
1911 4147 2018 4204 per
2044 4134 2232 4188 Deum

584 4225 845 4281 Verbum
873 4222 1118 4280 oﬁ‘ertur
1143 4240 1155 4278 :
1191 4223 1372 4279 Nemo
1397 4223 1574 4287 enim,
1603 4223 1688 4278 uti
1711 4211 2001 4294 scriptum
2032 4223 2236 4291 est,ad

583 4315 826 4372 Patrem
856 4315 1016 4370 venit
1036 4313 1154 4368 nisi
1178 4327 1288 4382 per
1316 4312 1444 4367 me3
1470 4327 1482 4377 ;
1513 4311 1824 4384 quomodo
1852 4311 1981 4368 ﬁeri
2001 4315 2236 4384 poterat

584 4409 650 4460 ut
693 4403 808 4459 hoc
864 4401 1224 4459 sacriﬁcium
1274 4399 1602 4470 offerretur,
1654 4400 1766 4456 nisi
1816 4405 1994 4457 antea
2042 4400 2234 4473 ipsius

588 4491 879 4562 Unigeniti
907 4491 1111 4548 deita'ti
1139 4489 1346 4545 fuisset
1376 4488 1646 4545 oblatum
1674 4491 1702 4545 ?

657 4671 804 4728 SOT.
847 4671 974 4726 Non
1013 4667 1184 4726 Verbi
1213 4667 1423 4738 deitas,
1459 4682 1495 4724 o
1522 4667 1720 4735 sodes,
1746 4682 2011 4740 namque
2038 4668 2114 4724 ad
2145 4669 2231 4741 ip-

588 4775 723 4816 sum
750 4759 1082 4816 orationem
1103 4773 1307 4814 meam
1329 4761 1630 4824 converto,
1668 4757 1777 4812 sed
1813 4757 2233 4814 theandricum

583 4851 910 4922 ipsummet
930 4847 1212 4915 Verbum,
1238 4862 1347 4902 ceu
1369 4846 1427 4902 in
1449 4850 1763 4918 assumpta
1787 4851 2005 4904 natura
2032 4848 2234 4920 ponti-

585 4939 702 5007 fex,
725 4942 782 4994 et
808 4943 950 4994 tunc
988 4937 1302 5010 proprium
1341 4935 1699 5005 sanguinem
1738 4935 1970 5007 obtulit,
1994 4941 2051 4992 et
2076 4952 2236 4992 nunc

587 5027 850 5083 salvatos
893 5025 1045 5082 Patri
1083 5022 1277 5088 offert,
1317 5029 1382 5080 ut
1425 5025 1617 5094 gratia
1657 5039 1770 5079 sua
1808 5023 2044 5080 deiﬁcet
2076 5041 2088 5080 :
2140 5025 2238 5081 hic

585 5117 810 5189 quippe
840 5119 928 5172 est
955 5113 1274 5172 oblationis
1302 5114 1457 5170 ﬁnis.
1500 5113 1795 5183 lntelliges
1834 5118 2034 5170 autem
2073 5115 2238 5188 quod

584 5205 842 5261 dicimus
872 5203 964 5260 vel
983 5199 1184 5261 ex'illo
1213 5203 1380 5276 quod
1404 5203 1464 5258 in
1494 5201 1689 5271 ﬁgura
1713 5201 1898 5258 ﬁebat
1925 5203 2237 5275 sacriﬁcio.

586 5296 730 5350 Nam
759 5279 1022 5367 quatuor
1044 5293 1106 5349 in
1128 5292 1365 5363 ﬁgurali
1391 5290 1492 5347 illo
1515 5289 1959 5364 spectabantur,
1993 5293 2240 5359 oblatio,

585 5383 974 5450 consecratio,
1018 5381 1289 5450 elevatio,
1340 5379 1624 5452 expiatio.
1668 5377 2040 5438 Offerebatur
2079 5385 2239 5442 enim

1132 5561 1156 5597 ⁸
1194 5558 1348 5617 Ibid.
1388 5559 1475 5614 10.

660 5562 675 5595 ¹
721 5562 972 5632 Rom.v,
1000 5565 1056 5620 9.
1132 5561 1156 5597 ί
1194 5558 1348 5617 Ibid.
1388 5559 1475 5614 to.
1549 5557 1573 5591 ³
1608 5559 1782 5618 Joan.
1812 5573 1927 5629 xw,
1967 5565 2022 5620 6.

2337 3158 2430 3210 οὐκ
2496 3156 2725 3218 ἐπιεικῶς
2798 3156 2939 3209 ἐστιν
3003 3159 3194 3210 ἄτοπον
3264 3162 3458 3218 ταύτην
3520 3163 3940 3234 προσενεχθῆναι

2335 3252 2429 3306 τὴν
2484 3248 2669 3299 θυσίαν
2715 3245 2876 3318 λέγειν
2931 3255 3002 3318 τῷ
3051 3256 3165 3318 Θεῷ
3210 3252 3402 3320 Λόγῳ;
3463 3254 3614 3313 Τίνος
3682 3253 3789 3324 γὰρ
3817 3251 3940 3322 ἡμῖν

2338 3339 2467 3410 πρὸς
2516 3343 2667 3387 τοῦτο
2716 3331 2821 3388 ἔδει
2864 3335 3210 3407 καταλλαγῆς,
3254 3337 3305 3398 ὃς
3353 3337 3407 3400 ἐξ
3443 3337 3609 3400 αὐτῆς
3664 3341 3796 3412 ἡμῖν
3851 3357 3940 3389 κα-

2337 3423 2612 3484 τήλλαττεν
2669 3431 2765 3486 τῆς
2807 3423 3078 3491 ἕνὼσεως;
3144 3431 3256 3487 Πῶς
3324 3422 3383 3479 δὲ
3433 3427 3527 3478 οὐκ
3585 3426 3808 3487 ἀνόητον
3869 3425 3944 3478 λέ-

2337 3524 2444 3585 γειν
2495 3509 2588 3566 διὰ
2640 3521 2731 3575 τῆς
2771 3514 2954 3574 θυσίας
3001 3516 3191 3575 ταύτης
3241 3514 3395 3567 αὐτὸν
3441 3515 3604 3587 ἐαυτῷ
3643 3515 3942 3570 καταλλάτ-

2339 3605 2562 3670 τεσθαι;
2623 3603 2652 3661 ἢ
2716 3606 2804 3661 τῆν
2855 3607 2945 3678 μεν
2993 3601 3046 3666 ἐξ
3100 3605 3246 3675 ἡμῶν
3294 3604 3722 3678 προσληφθεῖσαν
3788 3608 3944 3678 φύσιν

2340 3693 2480 3763 ἔχειν
2536 3693 2665 3767 πρός
2732 3693 2866 3763 ἡμᾶς
2929 3691 3147 3758 οἰκείως,
3207 3697 3300 3751 τὴν
3363 3689 3417 3746 δ’
3471 3694 3750 3749 ἐνωθεῐσαν
3811 3689 3941 3765 αὗτῇ

2344 3782 2562 3837 θεότητα
2611 3776 2822 3832 δεῖσθαι
2869 3787 2963 3841 τῆς
3007 3785 3136 3853 πρὸς
3183 3782 3324 3854 ἡμᾶς
3365 3779 3650 3844 διὰθυσίας
3692 3781 3947 3836 καταλλα-

2339 3877 2483 3940 γῆς;
2527 3875 2590 3921 Ἢ
2649 3870 2781 3920 κατὰ
2827 3869 3026 3922 Παῦλον
3085 3869 3278 3922 εἰπεῖν’
3348 3875 3676 3946 Μεμέρισται
3718 3873 3746 3924 ό
3817 3879 3952 3945 Χρι-

2344 3961 2508 4024 στός;
2564 3959 2629 4018 ὡς
2677 3953 2806 4010 εἶναι
2850 3961 2908 4010 τό
2956 3965 3045 4030 μεν
3113 3957 3253 4031 φίλον
3302 3958 3462 4030 αὐτῷ,
3515 3961 3573 4011 τό
3632 3955 3697 4013 δὲ
3758 3959 3954 4013 ἀντίθεο

2341 4065 2445 4102 τον.

2415 4141 2551 4194 ΦΙΛ,
2597 4134 2730 4188 Ἀλλ’
2781 4139 2942 4211 εἴπερ,
3003 4140 3154 4208 φησὶ,
3197 4139 3255 4188 τὸ
3313 4144 3383 4208 τῷ
3405 4140 3571 4210 Πατρὶ
3613 4142 3958 4211 προσαγόμε-

2341 4243 2424 4277 νον
2474 4222 2568 4278 διὰ
2612 4232 2705 4278 τοῦ
2769 4230 2896 4278 Θεοῦ
2958 4229 3119 4296 Δόγου
3173 4223 3764 4300 προσάγει-τανοῦδεὶς
3827 4229 3957 4300 γὰρ,

2343 4318 2493 4387 φησὶ,
2554 4317 2686 4386 πρὸς
2736 4317 2822 4366 τόν
2889 4317 3097 4389 Πατέρα
3154 4316 3364 4390 ἔρχεται
3422 4314 3464 4368 εἰ
3511 4319 3582 4388 μή
3654 4312 3737 4368 δι’
3802 4317 3957 4390 ἐμοῦ,

2342 4412 2451 4466 πῶς
2508 4402 2621 4462 ἐνῆν
2683 4405 3101 4478 προσενηνέχθαι
3165 4407 3258 4462 τὴν
3327 4405 3517 4456 θυσίαν
3582 4409 3815 4474 ταύτην,
3883 4408 3958 4478 μὴ

2340 4497 2586 4568 πρότερον
2649 4500 2711 4565 τῆ
2779 4497 2870 4545 τοῦ
2935 4499 3248 4564 Μονογενοῦς
3312 4495 3768 4566 προσενεχθεῖσαν
3841 4496 3958 4548 θεό-

2341 4601 2459 4641 τητι
2493 4598 2506 4649 ;

2414 4679 2554 4726 ΣΩΤ.
2614 4671 2736 4744 Οὐχ
2797 4673 2826 4729 ἡ
2884 4677 2974 4724 τοῦ
3026 4675 3197 4743 Λόγου
3261 4673 3461 4737 θεότης,
3511 4669 3550 4724 ὦ
3589 4673 3773 4742 οὗτος,
3833 4675 3964 4748 πρὸς

2342 4764 2442 4836 γὰρ
2489 4760 2673 4814 ἐκεῖνον
2713 4765 2911 4833 στρέφω
2960 4764 3045 4813 τὸν
3083 4760 3254 4833 λόγον,
3304 4763 3353 4813 ἑν
3391 4769 3503 4824 ταῖς
3541 4766 3680 4834 πρὸς
3721 4767 3817 4817 τὸν
3862 4771 3966 4817 Πα-

2345 4856 2468 4926 τέρα
2515 4856 2885 4923 προσαγωγαῐς
2943 4847 3294 4922 ἐμεσίτευσεν,
3350 4848 3476 4902 ἀλλ’
3539 4851 3708 4916 αὐτὸς
3763 4855 3792 4906 ό
3847 4855 3968 4906 εάν-

2348 4943 2549 5015 θρωπος
2615 4943 2785 5011 Λόγος
2849 4945 3192 5013 χρηματίσας
3256 4940 3391 4992 κατὰ
3455 4944 3548 4998 τῆν
3618 4940 3974 5018 πληροφορη-

2349 5029 2524 5082 θεῐσαν
2586 5031 2739 5101 φύσιν
2798 5026 3088 5102 ἀρχιερεὺς,
3146 5033 3236 5080 καὶ
3288 5033 3401 5081 τότε
3441 5032 3500 5081 τὸ
3563 5029 3770 5083 οἰκεῖον
3841 5033 3980 5103 αἷμα

2347 5121 2720 5192 προσαγαγὼν,
2780 5123 2870 5169 καὶ
2927 5125 3015 5169 νῦν
3071 5119 3191 5180 τοὺς
3256 5117 3583 5190 σωζομένους
3651 5115 3736 5173 δι’
3811 5121 3981 5174 αὐτοῦ

2349 5209 2626 5280 προσάγων
2669 5215 2742 5278 τῷ
2795 5211 2984 5280 Πατρὶ,
3037 5208 3119 5260 ἵνα
3172 5208 3337 5278 θεὼσῃ
3383 5214 3444 5278 τῇ
3495 5207 3698 5281 χάριτι
3733 5229 3748 5243 ·
3823 5218 3984 5263 τοῦτο

2348 5299 2449 5371 γὰρ
2481 5301 2576 5358 τῆς
2614 5305 2965 5370 προσαγωγῆς
3004 5299 3062 5349 τὸ
3106 5297 3264 5357 τέλος.
3316 5297 3519 5357 Μάθοις
3561 5292 3614 5348 δ’
3662 5297 3731 5350 ἂν
3784 5304 3883 5353 καὶ
3928 5298 3984 5353 ἐκ

2350 5395 2445 5450 τῆς
2486 5390 2622 5442 κατὰ
2677 5388 2836 5441 τύπον
2901 5388 3088 5449 θυσίας
3145 5387 3171 5440 ὃ
3219 5386 3464 5460 λέγομεν·
3535 5389 3796 5462 τέσσαρσί
3864 5409 3989 5444 τινα
