4106 6296
591 393 697 453 147
1911 397 2178 454 ΝῐΟΕΤΕ

2319 397 2605 455 ONIATIE
3845 403 3940 456 MS

591 519 764 576 alibi:
799 520 988 578 Unica
1015 520 1170 576 enim
1215 521 1515 578 oblatione
1543 523 1968 578 consummavit
1993 537 2104 586 eas,
2139 537 2212 594 qu

2315 521 2529 576 ,ἑαυτὸν
2612 521 2902 594 ἀνενέγκας⁶
2969 528 3060 576 καὶ
3129 523 3386 597 ἀλλαχοῦ·
3455 531 3566 580 Μιᾶ
3620 529 3719 602 γαρ
3775 543 3936 599 προσ-

591 615 847 674 certant,
869 612 934 665 in
959 616 1312 681 perpetuum
1334 611 1379 668 ⁸.
1397 611 1543 666 Cum
1559 627 1704 680 ergo
1729 611 2048 683 Apostolus
2061 611 2212 668 dicat

2355 617 2488 684 φορᾷ
2593 611 2881 664 τετελείωκε
2983 617 3103 674 τοὺς
3209 614 3620 686 ἀγωνιζομένους
3723 613 3792 676 εἰς
3885 618 3938 666 τό

593 699 780 756 semel
805 701 863 754 et
895 698 1136 753 unicam
1187 698 1369 754 fuisse
1413 699 1545 770 ejus
1583 699 1975 767 oblationem,
2011 703 2074 756 tu
2103 717 2214 756 eun

2357 697 2610 762 διηνεκές.
2695 700 2846 752 Οὕτω
2913 709 3002 753 τοῦ
3075 702 3396 756 Ἀποστόλου
3481 703 3733 776 λέγοντος,
3811 703 3941 762 ἅπαξ

597 789 789 844 semet
811 785 1024 843 offerre
1045 786 1315 859 quotidie
1337 785 1608 844 afﬁrmas
1623 788 1654 842 ?

2356 793 2445 840 καὶ
2500 793 2624 860 μίαν
2673 786 2801 840 εἶναι
2849 794 2941 847 τὴν
2991 790 3178 842 ἑαυτοῦ
3229 795 3552 865 προσφορὰν,
3612 795 3678 844 σὺ
3725 795 3941 865 «Pco-395.

1009 881 1020 892 '
2356 897 2460 950 ρειν
2490 877 2667 930 ἑαυτὸν
2690 877 2806 930 καθ’
2825 878 3048 936 ἑκάστην
3069 879 3232 952 λέγεις
3255 897 3268 947 ;

669 969 852 1026 PHIL.
903 971 978 1027 Se
1029 967 1234 1041 ipsum
1273 967 1520 1042 quidem
1577 967 1760 1024 semel
1811 969 2043 1036 obtulit,
2075 969 2250 1026 offert

2429 971 2566 1024 ΦΙΛ.
2655 965 2810 1019 Ἀλλὰ
2879 973 3204 1042 προσήνεγκε
3281 972 3370 1040 μὲν
3467 967 3648 1021 ἑαυτὸν
3727 967 3939 1039 ἐφάπαξ,

601 1062 801 1114 tamen
837 1062 892 1114 et
947 1073 1134 1122 nunc,
1179 1061 1246 1113 ut
1291 1057 1576 1123 diximus,
1627 1073 1731 1112 eos
1760 1058 1863 1130 qui
1909 1075 2019 1132 per
2045 1059 2222 1131 ipsun

2357 1058 2634 1128 προσφέρει
2693 1051 2752 1107 δὲ
2801 1059 2890 1108 καὶ
2930 1065 3018 1108 νῦν
3065 1061 3185 1119 τοὺς
3229 1055 3302 1110 δι’
3383 1057 3544 1110 αὑτοῦ
3606 1057 3944 1130 σωζομέδους,

602 1147 752 1203 salvi
771 1147 944 1203 ﬁunt.
973 1145 1228 1203 Oﬁ‘ertur
1249 1147 1510 1218 denique
1537 1161 1642 1218 per
1653 1147 1912 1203 hostiam
1936 1148 2086 1203 mire
2111 1162 2223 1202 con

2359 1149 2425 1206 ὡς
2479 1145 2684 1216 ἔφημεν.
2743 1151 3094 1220 Προσφέρεται
3159 1142 3219 1198 δὲ
3271 1143 3362 1198 διὰ
3423 1155 3513 1206 τῆς
3561 1147 3629 1206 εἰς
3689 1149 3747 1197 τὸ
3795 1145 3943 1196 αὑτοῦ

601 1251 841 1294 versam
891 1236 952 1291 in
985 1236 1115 1308 ejus
1165 1236 1468 1292 viviﬁcum
1517 1241 1572 1292 et
1603 1237 1862 1294 salutare
1915 1253 2135 1310 corpus
2179 1253 2222 1293 at

2361 1235 2614 1293 ζωοποιὸν
2651 1235 2758 1285 ’καὶ
2811 1237 3066 1308 σωτήριον
3119 1243 3271 1307 σῶμα
3335 1239 3424 1287 καὶ
3475 1237 3608 1306 αἷμα
3647 1233 3946 1307 μεταϐαλλο-

603 1325 984 1395 sanguinem.
1009 1327 1215 1380 Nonne
1233 1324 1393 1380 enim
1409 1327 1750 1381 sacerdotes
1764 1325 1937 1381 audis
1963 1326 2024 1380 in
2048 1325 2223 1396 singu

2361 1325 2516 1394 μένης
2569 1323 2836 1396 ὑπερφυῶς
2889 1325 3089 1383 θυσίας·
3149 1323 3302 1375 Ἀλλὰ
3362 1333 3460 1375 τῶν
3535 1325 3943 1396 ἱερουργούντων,

601 1414 674 1472 lis
701 1413 906 1470 missis
932 1413 1232 1470 dicentes:
1267 1435 1292 1464 ι‹
1321 1413 1670 1470 lmmolatur
1701 1417 1908 1484 Agnus
1930 1414 1958 1468 ‘I

2363 1415 2536 1482 φησίν,
2583 1411 2676 1462 οὐκ
2723 1410 2912 1472 ἑπαίεις
2979 1413 3094 1464 καθ’
3149 1412 3372 1468 ἑκάστην
3431 1413 3722 1485 ἱερουργίαν
3773 1411 3944 1484 λεγόν-

2364 1517 2482 1550 των·
2514 1521 2542 1548 ‹‹
2567 1501 2759 1552 Θύεται
2785 1501 2809 1550 ὁ
2843 1497 3000 1572 ἀμνὸς
3023 1518 3036 1566 ;
3071 1519 3100 1552 ν

679 1593 826 1650 SOT.
885 1590 1168 1648 Praeclare
1211 1590 1458 1666 quidem
1515 1591 1632 1648 hoc
1678 1593 1757 1647 ab
1814 1593 1959 1665 ipsis
2017 1591 2252 1655 dicitur,

2437 1595 2581 1645 ΣΩΤ.
2633 1593 2848 1659 Λέγεται
2886 1593 2974 1661 μὲν
3023 1589 3146 1662 παρ’
3205 1589 3382 1652 αὐτοῖς
3413 1609 3472 1661 γε
3520 1595 3673 1642 τοῦτο
3703 1593 3792 1640 καὶ
3847 1587 3949 1640 λίαν

607 1680 756 1736 dum
774 1683 1035 1736 veterem
1056 1679 1218 1737 illam
1231 1681 1580 1754 passionem
1595 1686 1882 1754 tanquam
1901 1686 2228 1753 praesentem

2365 1675 2547 1744 καλῶς,
2609 1681 2666 1729 τὸ
2719 1681 2834 1729 τότε
2883 1683 3147 1748 γενόμενον
3204 1685 3459 1750 σωτήριον
3522 1675 3691 1740 ποδος
3717 1675 3949 1730 τελοῦσιν

609 1769 971 1841 exprimunt.
997 1769 1172 1835 Quasi
1202 1769 1362 1824 enim
1391 1771 1711 1842 praesentia
1745 1785 1813 1825 ac
1847 1786 2006 1825 nova
2027 1771 2230 1842 peragi

2369 1769 2436 1826 ὡς
2497 1765 2730 1826 ἐνεστώς.
2780 1773 2862 1826 Ὠς
2921 1766 3172 1818 ἐνεστῶτα
3222 1770 3324 1838 γὰρ
3397 1769 3464 1818 τὰ
3541 1767 3702 1818 πάλαι
3753 1785 3949 1838 γεγενη-

607 1857 1021 1928 imaginando,
1035 1857 1129 1912 vel
1147 1859 1346 1929 potius
1363 1859 1854 1930 reprmsentando
1874 1875 1944 1914 ea
1959 1875 2095 1931 qua:
2115 1857 2228 1914 oliu

2331 1859 2495 1926 ιμένα
2561 1859 2780 1917 καινίζει
2842 1865 3214 1926 φανταστικώς,
3279 1859 3309 1914 ἦ
3388 1855 3575 1926 μᾶλλον
3625 1855 3779 1907 εἰπεῖν
3834 1853 3952 1906 εἰκο-

611 1949 850 2020 patrata
879 1943 1062 2014 fuere,
1093 1945 1348 2002 ritusille
1371 1963 1500 2002 com
1513 1947 1913 2016 memorandi,
1939 1963 2122 2019 quem
2147 1963 2232 2001 no

2365 1949 2538 2008 νικῶς,
2601 1945 2630 2000 ἡ
2705 1943 3015 2014 ἀνάμνησις,
3091 1945 3152 2002 ἣν
3205 1951 3367 1995 ποιεῖν
3433 1945 3572 2014 ἡμᾶς
3644 1941 3877 2005 ἐπέταξεν
3930 1945 3953 1993 ό

611 2034 928 2092 observare
962 2037 1236 2092 Servator
1257 2035 1452 2107 jussit.
1495 2035 1656 2092 More
1689 2037 1908 2092 scilicet
1937 2036 2227 2108 panegyri

2369 2035 2568 2105 Σωτήρ·
2611 2037 2699 2082 καὶ
2755 2034 2986 2106 καθάπερ
3036 2033 3060 2083 ὁ
3115 2035 3472 2105 πανηγυρικὸς
3527 2035 3636 2103 ἔχει
3692 2037 3844 2102 νόμος
3897 2034 3955 2082 τὰ

611 2140 820 2180 carum
842 2125 1206 2194 orationum,
1237 2125 1457 2198 quibus
1484 2125 1783 2197 praeterita
1801 2131 2092 2198 tanquam
2113 2142 2232 2198 prie

2367 2127 2730 2192 παρῳχημένα
2779 2119 2942 2192 λέγειν
2973 2123 3040 2183 ὡς
3101 2121 3372 2182 ἐνεστῶτα,
3431 2123 3547 2173 καθ’
3607 2123 3668 2178 ἣν
3723 2121 3782 2172 ἆν
3841 2139 3957 2172 ποτε

613 2215 804 2271 sentia
833 2215 1150 2282 habentur,
1178 2231 1541 2288 quocunque
1564 2215 1810 2270 demum
1843 2215 1937 2270 die
1987 2215 2234 2270 solemni

2369 2209 2578 2266 τελῆται
2623 2211 2840 2280 ἡμέραν,
2897 2213 2984 2262 Διὸ
3029 2217 3138 2274 καὶ,
3199 2211 3223 2260 ὀ
3281 2214 3512 2280 Χριστὸς
3569 2215 3828 2280 γεννᾶται,
3871 2215 3955 2259 καὶ

614 2308 703 2360 tas
735 2303 856 2360 ﬁat.
891 2305 1034 2360 Hinc
1071 2303 1205 2360 illas
1257 2303 1609 2372 locutiones,
1655 2303 1918 2360 Christus
1975 2303 2235 2359 nascitur

2375 2297 2709 2369 βαπτίζεται,
2759 2307 3124 2372 πανηγυρικῶς
3201 2297 3432 2369 λέγομεν.
3513 2305 3675 2350 Τοῦτο
3735 2295 3804 2356 δή
3877 2301 3959 2349 καὶ

613 2391 710 2447 vel
733 2391 1086 2463 baptizatur,
1118 2393 1374 2446 oratorie
1425 2407 1819 2466 usurpamus.
1877 2391 1968 2447 Sic
1996 2392 2070 2447 de
2123 2409 2234 2464 pas

2373 2385 2455 2438 ἐπὶ
2481 2395 2571 2438 τοὺ
2601 2392 2864 2459 σωτηρίου
2915 2389 3113 2447 πάθους
3165 2387 3319 2438 τελεῖν
3378 2387 3552 2446 εἰωθός
3581 2385 3713 2440 ἐστι.
3765 2393 3957 2450 Ταῦτα,

617 2479 782 2534 sione
803 2496 1046 2552 quoque
1067 2481 1377 2536 Dominica
1407 2479 1573 2552 loqui
1603 2479 1886 2536 solemus.
1913 2483 2066 2548 Haec,
2105 2497 2140 2536 ο
2173 2497 2232 2535 re

2373 2477 2413 2526 ὧ
2469 2483 2658 2548 χρῆμα
2714 2475 2844 2548 ἱερὸν
2899 2481 2988 2527 καὶ
3037 2475 3176 2547 φίλον
3261 2473 3396 2546 ἐμοι,
3453 2483 3525 2544 τῷ
3584 2471 3736 2548 ἀνδρὶ
3799 2475 3961 2542 ἐκείνῳ

615 2567 878 2623 verende
901 2569 1048 2624 mihi
1096 2585 1166 2624 ac
1193 2567 1562 2636 dulcissime,
1607 2569 1734 2623 viro
1763 2567 1842 2622 illi
1899 2567 2070 2624 refer.
2103 2572 2168 2624 Et
2213 2587 2236 2622 s

2376 2561 2666 2634 διάγγελλε,
2696 2569 2784 2615 καὶ
2815 2567 2858 2615 εί
2897 2567 2948 2614 τί
2981 2583 3064 2615 σοι
3117 2563 3256 2634 μέλει
3313 2567 3519 2628 τούτου,
3573 2563 3774 2634 ὑφεῖναι
3831 2563 3961 2614 πεῖθε

617 2655 722 2710 tibi
749 2655 912 2712 salus
937 2657 1066 2728 ejus
1097 2656 1264 2712 cordi
1295 2661 1400 2724 est,
1421 2662 1484 2712 ut
1509 2673 1546 2714 a
1567 2673 1676 2713 suo
1698 2657 1982 2728 dogmate
2001 2657 2238 2714 recedat

1160 2656 1264 2712 urdi
1295 2661 1400 2724 est,
1421 2662 1484 2712 ut
1509 2673 1546 2714 a
1567 2673 1676 2713 suo
1698 2657 1982 2728 dogmate
2001 2657 2262 2726 recedat,
2374 2663 2464 2706 τοῦ
2499 2651 2781 2726 δόγματος-

617 2746 830 2804 suade.

687 2835 867 2890 PHlL.
901 2834 1114 2892 Omitte
1135 2835 1308 2894 hanc,
1338 2833 1404 2891 '0
1423 2835 1583 2890 bone
1627 2851 1869 2900 curam;
1925 2839 2142 2892 etenim
2189 2853 2263 2892 ne

2445 2839 2582 2889 ΦΙΛ.
2643 2831 2952 2905 Ἀμέλησον,
3000 2829 3039 2882 ὦ
3097 2839 3311 2904 γενναῖε·
3401 2835 3618 2901 κακείνῳ
3703 2832 3806 2903 γὰρ
3875 2827 3961 2878 οὐκ

615 2921 784 2978 illum
806 2923 1054 2996 quidem
1097 2923 1322 2980 diutius
1360 2923 1820 2980 adversaturum
1870 2925 2105 2996 opinor,
2155 2941 2236 2981 Set

2374 2920 2520 2994 οἶμαι
2576 2927 2739 2994 μένειν
2780 2923 2846 2982 εἰς
2891 2925 2962 2974 ἔτι
3014 2923 3080 2972 τὰ
3115 2929 3202 2980 τῆς
3253 2922 3558 2979 ἐνστάσεως,
3611 2918 3741 2970 ἀλλὰ
3787 2917 3963 2971 παλιν-

615 3010 926 3084 palinodia
954 3013 1156 3084 potius
1183 3017 1422 3069 cantata
1465 3014 1822 3068 sententiam
1866 3017 2236 3070 mutaturum

2373 3007 2536 3083 ῳδίαν
2563 3013 2706 3081 ᾅσειν
2755 3015 2844 3062 καὶ
2887 3009 3342 3084 μεθαρμόσασθαι·
3403 3013 3490 3061 Διό
3545 3013 3633 3060 καὶ
3679 3010 3963 3078 συγγνῶναί

618 3101 994 3174 Quapropter
1017 3101 1098 3156 illi
1135 3101 1576 3173 ignoscendum
1603 3117 1639 3158 a
1668 3101 1843 3158 nobis
1887 3102 2178 3172 existimo,
2207 3119 2236 3158 e

1672 3101 1843 3158 nobis
1887 3102 2178 3172 existimo,
2207 3109 2263 3158 et
2371 3101 2420 3152 οἱ
2448 3097 2554 3152 δεῖν
2585 3101 2816 3170 ἡγοῦμαι
2837 3103 2925 3150 καὶ
2953 3099 3293 3150 σπείσασθαι.

622 3190 685 3246 in
715 3189 970 3260 gratiam
992 3190 1393 3246 redeundum.
2304 3175 2344 3228 (ἶ

691 3279 839 3336 SOT.
871 3281 992 3351 Ego
1024 3295 1266 3354 quoque
1317 3279 1443 3351 tibi,
1489 3277 1840 3344 clarissime,
1871 3279 2174 3352 indulgeo,
2211 3287 2266 3334 et

2447 3283 2588 3330 ΣΩΤ.
2650 3281 2986 3347 Συγγνώμων,
3039 3275 3077 3325 ὦ
3130 3274 3363 3344 φιλότης,
3407 3280 3495 3326 καὶ
3527 3274 3682 3335 αὐτὸς
3711 3275 3812 3345 ἐγώ
3863 3291 3960 3332 σοι,

617 3365 987 3437 resipiscenti
1046 3365 1356 3424 dexteram
1412 3368 1680 3440 porrigo:
1737 3369 2068 3438 praesertim
2123 3370 2238 3441 qui:

2375 3371 2463 3418 καὶ
2535 3364 2924 3437 μεταμελομένῳ
2979 3359 3180 3435 δίδωμι
3258 3361 3452 3426 δεξιάν⁹
3525 3367 3613 3414 καὶ
3669 3362 3859 3434 μᾶλλον
3909 3359 3964 3410 ἂν

617 3455 749 3510 haec
777 3469 1166 3526 nequaquam
1194 3471 1264 3510 ex
1285 3455 1701 3528 praemeditato
1734 3456 1848 3510 dici
1904 3457 2117 3523 solent,
2161 3474 2238 3512 se:

2379 3455 2690 3528 ἆμελετὴτου
2719 3474 2928 3526 γνωριης
2965 3457 3167 3526 εἴρηται
3217 3461 3401 3504 ταῦτα·
3448 3452 3610 3504 πολλὰ
3647 3449 3706 3504 δὲ
3761 3455 3967 3504 τοιαῦτα

620 3541 798 3614 quasi
813 3545 884 3596 ex
905 3541 1165 3614 abrupto
1193 3541 1578 3615 loquentibus
1599 3544 1900 3600 excidunt.

1828 3550 1900 3600 nt.
2381 3543 2681 3616 συμϐαίνειν
2707 3549 2807 3602 τοῖς
2841 3538 3226 3614 σχεδιάζουσιν
3259 3543 3449 3593 εἴωθεν.

1381 3669 1727 3726 SYNODUS.

1713 3709 1727 3722 .
3021 3673 3330 3720 ΣΥΝΟΔΟΣ.

695 3792 1174 3850 Commentarius
1195 3807 1378 3864 super
1418 3795 1752 3865 quaestione
1783 3811 1918 3866 quae
1955 3796 2270 3867 proposita

2459 3797 2737 3864 Σημείωμα
2811 3790 2894 3842 ἐπὶ
2977 3797 3038 3860 τῇ
3089 3789 3312 3863 ῥηθείσῃ
3363 3791 3606 3840 ὑποθέσει
3661 3789 3875 3860 γεγονὸς
3929 3783 3972 3835 ἐν

622 3880 732 3937 fuit
785 3881 848 3936 in
879 3879 1020 3938 aula
1049 3881 1453 3953 patriarchali,
1495 3883 1874 3951 congregatis
1924 3883 2006 3938 ibi
2064 3884 2243 3939 multi

2379 3889 2452 3950 τῷ
2502 3883 2866 3954 πατριαρχείῳ
2915 3877 3113 3930 πολλῶν
3183 3875 3599 3933 συνεληλυθότων
3669 3874 3972 3948 ἀρχιερέων,

622 3969 944 4042 episcopis,
967 3975 1026 4027 et
1044 3985 1118 4026 ex
1137 3975 1352 4027 senatu
1383 3985 1506 4026 non
1537 3973 1768 4042 paucis,
1815 3972 1918 4042 qui
1966 3987 2177 4026 omnes
2209 3973 2243 4028 ll

2379 3975 2468 4022 καὶ
2507 3969 2562 4020 ἐκ
2605 3975 2696 4028 τῆς
2741 3966 3038 4037 συγκλήτου
3085 3966 3179 4018 οὐκ
3235 3965 3442 4036 ὀλίγων,
3498 3969 3588 4016 καὶ
3635 3967 3844 4016 πάντων
3897 3963 3977 4034 ὀρ-

619 4057 736 4114 hac
787 4059 1126 4115 orthodoxa
1179 4059 1470 4115 sententia
1509 4075 1626 4114 uno
1667 4075 1768 4114 ore
1810 4067 2240 4116 consenserunt

2382 4055 2606 4118 θοδοξως
2668 4057 3132 4126 ὁμοφωνησαντων,
3196 4053 3276 4106 ὅτι
3333 4054 3392 4104 οὐ
3440 4055 3592 4124 μόνον
3667 4063 3744 4124 τῷ
3791 4055 3971 4123 Πατρὶ,

622 4145 790 4217 quod
819 4162 944 4202 non
971 4147 1126 4202 Patri
1157 4147 1376 4210 solum,
1417 4163 1620 4203 verum
1649 4148 1828 4204 etiam
1873 4148 2012 4204 Filio
2045 4165 2110 4204 ac
2143 4150 2243 4219 Spi

2381 4147 2508 4198 ἀλλὰ
2533 4142 2600 4202 δή
2653 4149 2740 4196 καὶ
2791 4151 2863 4213 τῷ
2903 4144 3006 4213 Υἰῷ
3051 4147 3140 4194 καὶ
3187 4151 3260 4213 τῷ
3289 4141 3424 4212 ἁγίῳ
3453 4145 3741 4212 Πνεύματι,
3773 4149 3833 4198 τῆ
3884 4143 3977 4211 μ.ιᾲ

619 4235 758 4289 ritui
787 4241 1016 4301 sancto,
1049 4236 1154 4292 uni
1185 4235 1406 4292 scilicet
1435 4237 1662 4298 Deitati,
1715 4237 2009 4310 pretiosus
2063 4239 2240 4302 Unige

2381 4241 2621 4303 Θεοτητι,
2677 4237 2734 4284 τὸ
2793 4239 3108 4303 Μονογενοῡς
3159 4233 3500 4304 προσηνέχθη
3555 4235 3730 4302 τίμιον
3781 4230 3937 4301 aﬂuat.

623 4323 734 4378 niti
758 4323 1007 4393 sanguis
1029 4323 1202 4380 fuerit
1225 4325 1486 4382 oblatus.

695 4413 912 4470 Mensis
937 4415 1204 4470 Januarii
1257 4415 1355 4471 die
1391 4416 1681 4472 vicesima
1727 4422 1913 4486 sexta,
1948 4417 2272 4472 indictione

2453 4417 2593 4470 Μηνί
2640 4413 2957 4480 Ἰανουαρίῳ,
3025 4409 3109 4473 κς¹
3153 4412 3342 4481 ἡμέρᾳ,
3379 4405 3667 4460 ἰνὸικτιῶνι
3723 4406 3791 4474 δ’,
3850 4425 3981 4480 προ-

624 4507 864 4575 quarta,
894 4503 1254 4576 praesidente
1277 4505 1656 4560 sanctissimo
1705 4507 1954 4561 domino
1981 4511 2188 4562 nostro
2219 4523 2245 4561 e

2381 4505 2676 4574 καθημένου
2715 4508 2806 4552 τοῦ
2863 4499 3153 4570 ἁγιωτάτου
3197 4501 3344 4569 ἡμῶν
3375 4494 3635 4549 δεσπότου
3669 4501 3763 4549 καὶ
3811 4498 3981 4550 οἰκου-

627 4592 1000 4648 cecumenico
1017 4593 1362 4664 patriarcha
1409 4594 2010 4666 Constantinopoleos
2057 4595 2116 4650 in
2145 4595 2248 4650 aed.

2383 4599 2590 4664 μενικοῦ
2687 4591 3025 4660 πατριάρχου
3122 4585 3699 4646 Κωνσταντινουπό).ει.›ς
3791 4585 3842 4637 ἐν
3915 4591 3983 4652 τῷ

625 4679 768 4736 divo
791 4679 1028 4735 Thomas
1048 4695 1240 4750 sacra,
1267 4679 1621 4748 suffragium
1645 4697 1766 4736 una
1792 4682 2016 4738 ferente
2034 4681 2246 4737 NlCOlﬂt

2385 4681 2660 4752 Θωμαῑτη,
2714 4673 3296 4746 συνδιαγνωμονοῡντος
3369 4673 3512 4742 αὐτῷ
3575 4673 3840 4724 Νικολάου
3897 4677 3983 4722 τοῦ

623 4767 1026 4824 sacratissimo
1041 4767 1592 4840 Hierosolymorum
1619 4770 1984 4840 patriarcha,
2015 4786 2244 4842 praesen

2387 4769 2672 4842 ἰερωτάτσυ
2735 4765 3073 4839 πατριάρχου
3132 4761 3522 4836 Ἱεροσολύμων,
3585 4761 3668 4812 ἐπὶ
3718 4765 3985 4836 παρουσίᾳ

623 4856 784 4912 tibus
809 4855 1173 4928 pansebasto
1203 4857 1446 4912 sebasto
1476 4863 1530 4912 et
1555 4873 1778 4927 magno
1799 4859 2131 4928 drungario
2175 4859 2244 4914 dc

2383 4865 2476 4909 τοῦ
2497 4855 2860 4907 πανσεϐάστου
2909 4853 3166 4906 σεϐάστού
3209 4857 3298 4903 καὶ
3337 4851 3562 4923 μεγάλου
3621 4847 3983 4923 δρουγγαρίου

625 4948 792 5002 mino
823 4947 1144 5020 Stephano,
1170 4947 1600 5018 gloriosissimo
1621 4954 1677 5004 et
1700 4965 1924 5021 magno
1975 4949 2246 5018 logothet

2385 4954 2547 5020 κυρού
2606 4947 2877 5016 Στεφάνου,
2937 4950 3028 4994 τοῦ
3081 4938 3507 5013 μεγαδοξοτοίτου
3595 4945 3686 4991 καί
3758 4939 3985 5013 μεγάλου

625 5035 882 5091 domino
911 5039 1159 5106 Joanne,
1193 5037 1594 5094 illustrissimo
1640 5053 1676 5094 a
1735 5039 1974 5094 secretis
2031 5039 2246 5092 domin

2385 5035 2736 5109 λογαριαστοῦ
2795 5039 2953 5106 κυροῡ
3031 5031 3292 5096 Ἰωάννου,
3355 5029 3450 5080 τοῦ
3499 5029 3985 5101 μεγαεπὶφανεστά-

628 5123 874 5180 Nicolao
897 5127 1147 5187 Zonara.
1173 5125 1571 5182 illustrissimo
1609 5125 2059 5198 nomophylace
2089 5131 2148 5181 et
2175 5127 2249 5181 do

2385 5143 2474 5176 του
2559 5122 2854 5196 ἁσηκρῆτις
2904 5127 3072 5193 κμροῡ
3155 5118 3411 5170 Πικολοὶου
3471 5125 3562 5168 τοῦ
3619 5123 3862 5191 Ζωναρᾶ,
3903 5115 3989 5169 τοῦ

624 5212 884 5268 mesticis
907 5214 1238 5285 praeposito
1261 5215 1510 5271 domino
1547 5215 1860 5271 Theodoro
1897 5215 2235 5270 Pantechne

2388 5213 2928 5284 μεγαεπιφανεστοὶτου
2986 5207 3341 5280 νομοφύλακος
3391 5209 3480 5256 καὶ
3531 5204 3614 5256 ἐπί
3657 5213 3762 5256 τῶν
3803 5206 3991 5258 οἰκεια-

623 5299 1077 5356 considentibus
1089 5303 1270 5359 etiam
1285 5303 1708 5358 sacratissimis
1724 5302 2022 5374 episcopis
2039 5303 2244 5373 Ephesi

2388 5309 2490 5351 κῶν
2529 5307 2688 5372 κυροῡ
2733 5294 3013 5368 Θεοδώρου
3069 5303 3162 5346 τοῦ
3209 5301 3560 5366 Ηαντεχνοῦςο
3609 5291 3993 5368 σύνεδριαζον-

625 5387 940 5458 Heracleae,
989 5391 1262 5462 Ancyrae,
1323 5391 1535 5464 Cyzici,
1581 5391 1886 5460 Sardium,
1919 5390 2246 5462 Claudiopo

2389 5409 2489 5440 των
2554 5393 2644 5440 καί
2713 5389 2994 5461 ἰερωτοὲτων
3077 5382 3364 5456 ἀρχιέρεων
3439 5389 3534 5434 τοῦ
3601 5383 3848 5452 Ἐφέσου,
3905 5389 3995 5434 τοῦ

621 5477 767 5546 leos,
823 5479 1144 5536 Antiochia;
1201 5481 1260 5537 in
1313 5481 1550 5545 Pisidia,
1607 5479 1997 5548 Athenarum,
2041 5481 2242 5534 Mocesl

2393 5477 2704 5551 Ἡρακλείας,
2759 5483 2850 5526 τοῦ
2906 5475 3190 5546 Ἀγκύρας,
3259 5479 3350 5522 τοῦ
3415 5470 3668 5536 Κυζίκου,
3743 5479 3842 5523 τοῦ
3865 5473 3995 5544 Σείρ-

620 5569 1019 5638 Trapezuntis,
1058 5571 1323 5642 Larissae,
1373 5569 1588 5636 Rhodi,
1633 5568 1962 5640 Dyrrachii,
2021 5569 2241 5624 Euchai

2397 5562 2544 5630 δέων,
2609 5573 2700 5616 τοῦ
2761 5558 3203 5628 Κλαυδιοπολεως,
3289 5567 3378 5610 τοῦ
3442 5558 3776 5629 Ἀντιοχείας
3847 5567 3999 5612 Πισι-

691 5745 714 5779 ⁶
743 5743 918 5804 Hebr.
947 5763 1008 5816 x,
1041 5749 1134 5804 14.
