4106 6296
218 383 292 439 Μ

1558 395 1904 452 THESAURI
1932 394 2067 451 LIB.
2115 397 2290 451 XXIV.

3503 401 3608 454 {50

242 509 466 582 δίας,τοῦ
492 514 773 585 ’λθηνῶν,
818 528 933 572 τοῶ
981 527 1266 584 Μωκησοῦ,
1307 526 1400 570 τοῦ
1438 520 1819 592 Τραπεζοῦντος

1956 525 2178 588 tarum,
2214 521 2462 586 Russiai,
2498 522 2646 591 Eni,
2677 533 2979 595 Apamea,
3009 525 3390 595 Methymna,
3429 521 3612 580 Paro—

255 614 325 658 τοῦ
348 611 587 680 λαρίσση
601 629 644 675 ς,
675 616 776 660 τοῦ
794 606 1126 670 Ῥόδου,τοῦ
1159 609 1480 683 Δυρραχίου,
1515 615 1608 659 τοῦ
1648 610 1850 679 Εῆχαῖ-

251 716 353 764 των,
373 703 459 748 τοῦ
487 696 746 765 ’Ῥωσίας,
768 707 868 750 τοῦ
901 701 1079 765 Αἴνου,
1097 705 1194 762 τοῦ
1213 699 1513 769 Ἀπαμείας,
1529 706 1621 749 τοῦ
1641 701 1850 770 Μεθύμ-

250 805 344 852 ιιπς,
365 794 456 838 τοῦ
476 787 936 859 Παροναξίας,τοῦ
961 786 1326 862 Μεσημϐρίας,
1349 795 1440 838 τοῦ
1471 791 1724 859 Βρυσέως,
1758 797 1850 839 τοῦ

247 878 450 936 Γοτθίας
479 882 566 928 καί
591 884 684 928 τοῦ
716 875 1027 952 Ἡρακλέος,
1059 880 1454 950 παρισταμένων
1497 882 1586 928 καὶ
1632 877 1850 948 θεοφιλε-

249 967 440 1016 στάτυν
473 962 768 1032 δεσποτῶν,
801 965 1100 1041 ἀρχόντων,
1131 971 1219 1017 καί
1250 967 1430 1037 ἑτέρων
1457 965 1548 1016 οὐκ
1572 965 1776 1037 ὀλίγων.

869 1055 1163 1107 ἀποστόλου
1250 1053 1454 1107 Παύλου
1537 1059 1852 1128 μεμνημένοι

583 1143 834 1215 Ἔχοντες
919 1145 1172 1218 ἀρχιερέα
1243 1148 1405 1217 μέγαν
1508 1140 1852 1201 διεληλυθότα

1117 1237 1206 1285 τὸν
1295 1235 1415 1285 Υίὸν
1506 1240 1598 1284 τοῦ
1691 1238 1848 1302 Θεοῦ,

1173 1321 1433 1394 ὀφείλομεν
1480 1324 1684 1382 πάντως
1757 1326 1848 1374 καὶ

313 1061 415 1106 Τοῦ
499 1061 763 1129 μακαρίου

245 1143 494 1212 λέγοντος.

239 1235 360 1291 τοὺς
444 1232 715 1305 οὐρανοὺς,
808 1235 1017 1291 Ἰησοῦν

232 1329 514 1394 «κρατῶμεν
595 1323 690 1385 τῆς
766 1322 1086 1394 όμολογίας’

233 1414 412 1481 έμείς,
456 1415 507 1462 οἱ
534 1418 626 1462 τοῦ
670 1410 898 1484 μεγάλου
937 1431 1025 1463 και
1067 1416 1272 1484 πρώτου
1313 1413 1599 1485 ἀρχιερέως
1652 1415 1849 1485 ἱερουρ-

224 1504 316 1568 γοὶ
350 1497 468 1550 κατ’
496 1503 672 1570 ἴχνος,
704 1508 802 1562 τῆς
844 1501 1192 1560 οἱποστολικῆς
1241 1503 1438 1560 ταύτης
1494 1499 1846 1574 παραγγελίας

223 1589 580 1652 συνεπεσθαι,
625 1594 716 1640 καὶ
758 1592 844 1641 tm
894 1595 1027 1641 πᾶσι
1070 1593 1158 1660 μὲν
1213 1597 1325 1649 τοῖς
1376 1587 1550 1650 ἄλλοις
1589 1593 1738 1662 ἱεροῖς
1790 1607 1844 1641 τε

216 1680 308 1726 καὶ
357 1678 520 1738 θείοις
575 1673 863 1748 δόγμασιν,
913 1677 1020 1750 οὐχ
1083 1680 1276 1736 ἣκιστα
1319 1682 1411 1729 καὶ
1454 1675 1531 1728 ἐπ’
1581 1677 1712 1749 αὐτῇ
1773 1685 1836 1748 τῇ

215 1772 311 1823 τῆς
374 1766 672 1839 ἱερουργίας
723 1762 974 1840 φρικώδει
1024 1771 1115 1818 καί
1172 1773 1334 1838 σεπτῇ
1402 1765 1599 1837 τελετῇ,
1655 1773 1686 1837 ᾖ
1749 1768 1839 1818 καὶ

213 1859 542 1926 πρώτιστον,
611 1852 761 1928 ὶργον
840 1862 941 1906 τῶν
1019 1858 1085 1907 τὰ
1161 1856 1272 1908 θεῖα

645 1942 787 1995 Ἐπεί
839 1939 928 1994 οὖν
982 1947 1117 1995 οὕτω
1187 1945 1276 2016 μεν
1327 1950 1493 1996 ταῦτα
1551 1948 1827 2016 προσήκει,

202 2030 364 2100 λόγος
421 2027 484 2082 δε
551 2050 631 2092 τις
687 2036 1148 2106 παρεμπέπτωκεν,
1206 2035 1259 2084 ὄν
1322 2027 1390 2090 δὴ
1464 2037 1554 2084 καί
1613 2035 1680 2093 είς
1735 2036 1830 2096 τὰς

207 2119 455 2171 ἁπάντων
490 2117 690 2190 σχεδὸν
731 2119 889 2180 ἀκοὰς
937 2117 1414 2195 διατεθρυλλῆσθαι
1466 2118 1572 2179 ἤδη
1638 2122 1827 2193 συμϐε-

208 1943 378 2011 ὶγνὼρ
390 1961 558 1998 ισται.

207 2207 392 2268 ﬁxus,
447 2214 518 2268 ὡς
574 2208 679 2283 ἄρα
728 2210 760 2266 ἡ
802 2212 886 2261 ‘em’
928 2217 1022 2260 τοῦ
1082 2229 1342 2283 σωτηριου
1386 2211 1586 2271 πάθους
1633 2210 1824 2264 ἐκτελε-

212 2299 404 2348 σθείσα
470 2301 618 2369 παρά
675 2305 768 2349 τοῦ
843 2301 1332 2372 ἒνανθρωπήσαντος
1388 2302 1558 2370 Λόγου
1643 2301 1820 2364 θυσια,

213 2394 301 2436 τοῦ
351 2386 683 2438 Δεσποτικοῦ
709 2406 872 2458 φαμεν
925 2392 1162 2459 σώματος
1225 2394 1314 2438 καί
1367 2389 1608 2460 αἵματος,
1658 2407 1822 2461 προσο

215 2483 291 2525 επί
315 2479 525 2534 τούτοις
570 2472 630 2527 δὲ
669 2495 761 2526 και
800 2476 828 2532 ἡ
869 2475 983 2527 καθ’
1029 2481 1222 2550 ἡμέραν
1279 2479 1420 2551 παρά
1474 2485 1572 2528 τῶν
1627 2481 1821 2551 ίερουρ-

210 2567 436 2631 γούντων
497 2563 837 2636 ἐνεργουμένη
923 2562 1298 2636 μυστηριώδης
1387 2569 1607 2636 ἁγιστὶα
1692 2573 1822 2638 πρός

210 2660 298 2709 τήν
324 2653 521 2706 ἐκείνου
550 2653 865 2725 ἀνάμνησιν,
899 2658 957 2705 οὐ
988 2660 1158 2724 καὶτῷ
1174 2659 1277 2725 1⁸ἰῲ
1303 2659 1646 2730 προσηνέχθη
1669 2663 1821 2709 τεκαί

210 2747 550 2815 προσάγεται,
584 2742 716 2794 ἀλλά
745 2762 806 2813 γε
830 2747 970 2814 μόνῳ
999 2752 1070 2813 τῷ
1103 2751 1290 2817 Πατρί.

273 2833 480 2884 Μέλλων
543 2828 604 2884 δὲ
663 2831 747 2883 ἐπὶ
802 2835 1011 2892 τούτοις
1057 2837 1150 2885 καί
1196 2835 1223 2885 ό
1294 2835 1568 2908 ἱερώτατος
1626 2853 1819 2910 μητρο-

205 2922 658 2981 πολίτηςῬωσίας
683 2925 1013 2993 μακροτέραν
1071 2919 1372 2995 ἀποδημίαν
1419 2929 1511 2981 τὴν
1558 2927 1684 2999 πρὸς
1722 2931 1817 2983 την

205 3012 471 3081 λαχοῦσαν
504 3011 667 3063 αὑτὸν
702 3010 1033 3077 στείλασθαι,
1073 3016 1166 3069 τὴν
1219 3015 1307 3083 μὲν
1363 3013 1554 3064 οἰκείαν
1606 3020 1816 3086 γνώμην

198 3098 577 3174 ἀριδηλοτέραν
622 3102 754 3172 ἡμῖν
794 3104 885 3150 καί
934 3099 1112 3152 ἄλλοτε
1139 3106 1488 3174 παρέστησεν,
1534 3104 1604 3163 ὡς
1645 3112 1816 3176 μικρῷ

1958 611 2172 674 naxise,
2201 610 2586 679 Mesembria,
2616 611 2891 683 Bryseos,
2920 611 3147 669 Gothis:
3184 617 3241 669 et
3261 610 3610 677 Heraclidis,

1958 699 2292 756 astantibus
2322 701 2502 758 etiam
2535 704 2652 758 Deo
2672 702 3041 758 charissimis
3070 701 3357 774 despotis,
3386 700 3606 773 princi-

1959 789 2158 860 pibus,
2194 789 2444 862 aliisque
2473 805 2596 846 non
2617 791 2842 863 paucis.

2028 1059 2314 1113 Memorcs
2335 1057 2494 1112 beati
2514 1058 2771 1130 apostoli
2800 1057 2968 1114 Pauli
2989 1057 3244 1114 dicentis
3267 1075 3281 1114 :
3305 1058 3607 1117 Habentes

1953 1145 2281 1216 pontiﬁcem
2311 1161 2613 1218 magnum,
2643 1150 2750 1218 qui
2784 1147 2851 1203 in
2875 1148 3090 1204 calum
3117 1147 3480 1215 conscendit,
3509 1149 3606 1205 Je-

1955 1249 2085 1290 sum
2130 1235 2236 1291 Dei
2261 1235 2508 1306 Filium,
2543 1241 2844 1293 teneamus
2881 1235 3047 1306 ﬁdei,
3087 1236 3506 1306 confessionem
3531 1238 3606 1310 7;

1955 1338 2069 1379 nos
2107 1339 2350 1396 quoque
2379 1323 2629 1380 omnino
2671 1325 2984 1392 debemus,
3033 1341 3175 1382 cum
3215 1324 3330 1380 sub
3375 1339 3604 1396 magno

1952 1413 2274 1486 primoque
2294 1414 2576 1486 pontiﬁce
2597 1413 2936 1470 sacerdotes
2961 1414 3175 1482 simus,
3197 1413 3601 1485 apostolicum

1951 1502 2066 1556 hoc
2087 1507 2456 1574 praeceptum
2481 1517 2685 1574 presse
2711 1503 2905 1575 sequi,
2937 1519 3079 1558 cum
3095 1502 3158 1558 in
3173 1501 3302 1559 aliis
3313 1501 3600 1559 omnibus

1950 1592 2136 1647 sacris
2163 1591 2501 1664 divinisque
2534 1591 2948 1663 dogmatibus,
2983 1597 3112 1648 tum
3143 1591 3312 1648 haud
3351 1590 3598 1662 segnius

1947 1681 2007 1736 in
2038 1681 2170 1752 ipso
2201 1681 2513 1738 tremendo
2544 1681 3016 1754 venerandoque
3047 1682 3246 1738 missas
3279 1680 3594 1749 sacriﬁcio,

1944 1769 2111 1841 quod
2137 1771 2522 1826 sacerdotum
2544 1786 2766 1826 munus
2786 1775 3168 1828 constetesse
3181 1769 3589 1844 praecipuum.

1373 1875 1443 1927 μυ
1451 1857 1819 1926 σταγωγούντιη

1942 1858 2446 1931 Quandoquidem
2457 1860 2637 1930 igitur
2650 1860 2800 1929 hinc,
2813 1860 2896 1916 ita
2907 1875 2968 1916 se
2984 1858 3209 1916 habere
3220 1874 3466 1916 necesse
3481 1861 3594 1929 est,

1939 1953 1996 2004 et
2025 1965 2226 2005 sermo
2241 1949 2490 2022 quidem
2511 1954 2851 2006 commotus
2873 1949 3002 2015 fuit,
3033 1964 3219 2022 quem
3235 1948 3316 2006 ad
3345 1952 3592 2007 cuncto-

1935 2051 2072 2094 rum
2109 2053 2299 2110 prope
2347 2053 2524 2094 aures
2568 2038 2919 2110 pervenisse
2964 2038 3094 2108 jam
3135 2037 3382 2108 conligit
3420 2035 3592 2110 quod

1934 2140 2153 2196 nempe
2183 2131 2495 2197 peractum
2511 2125 2573 2180 in
2595 2124 2840 2182 salutari
2860 2124 3144 2197 passione
3172 2124 3253 2181 ab
3273 2124 3588 2182 inoarnato

1935 2213 2133 2269 Verbo
2179 2213 2559 2282 sacriﬁcium,
2616 2213 2929 2282 Dominici,
2987 2212 3260 2285 inquam,
3314 2210 3588 2284 corporis

1933 2302 2366 2374 sanguinisque
2393 2319 2406 2368 ;
2434 2306 2493 2358 et
2519 2301 2686 2374 quod
2727 2301 2980 2374 insuper
3007 2299 3363 2374 quotidiana
3391 2313 3586 2357 sacer-

1931 2389 2139 2446 dotum
2179 2391 2433 2462 mystica
2462 2405 2557 2446 res
2595 2389 2820 2456 divina,
2851 2405 2988 2463 quae
3029 2389 3093 2445 in
3129 2388 3287 2445 illius
3319 2403 3584 2446 comma.

1931 2479 2328 2536 morationem
2359 2480 2446 2544 ﬁt,
2485 2479 2968 2552 haudquaquam
3006 2478 3154 2536 Filio
3174 2476 3379 2536 oblata
3405 2476 3584 2535 fuerit

1930 2570 2024 2625 vel
2052 2585 2212 2625 nunc
2240 2569 2546 2638 offeratur,
2574 2569 2681 2626 sed
2710 2569 2863 2626 Patri
2892 2567 3336 2626 tantummodo.

1997 2839 2144 2895 Cum
2169 2842 2457 2911 praeterea
2478 2838 2722 2896 deberet
2735 2837 3184 2896 sacratissimus
3207 2835 3435 2894 Russiaa
3451 2833 3581 2903 me-i

1927 2926 2203 2998 tropolita
2220 2927 2472 2996 longum
2492 2928 2600 2983 iter
2620 2926 2700 2984 ad
2718 2926 3099 3000 provinciam
3122 2925 3430 2998 propriam
3447 2940 3577 2980 sus-

1925 3015 2143 3086 cipere,
2192 3015 2298 3087 qui
2336 3031 2511 3071 suam
2567 3017 2771 3088 utique
2829 3013 3191 3071 sententiam
3241 3013 3391 3070 alias
3441 3014 3574 3084 jam

1925 3108 2128 3174 aperte
2175 3105 2352 3160 nobis
2405 3108 2784 3175 exposuerat,
2847 3117 3010 3158 nunc
3063 3107 3269 3158 autem
3321 3100 3574 3158 fratrum

199 3195 464 3263 κατωτέρω
496 3195 622 3263 περί
649 3192 847 3245 ταύτην
878 3189 1190 3263 ῥηθήσεται,
1227 3191 1286 3242 οῦ
1313 3195 1414 3262 μὴν
1447 3187 1507 3242 δε
1555 3190 1681 3243 ἀλλὰ
1727 3195 1817 3243 καί

1934 3209 2170 3265 quoque
2197 3209 2447 3249 suorum
2479 3193 2592 3248 hac
2617 3207 2798 3264 super
2831 3206 2896 3248 re
2925 3195 3190 3248 mentem
3210 3204 3573 3260 cognoscere

195 3283 282 3333 τήν
312 3287 409 3340 τῆς
441 3275 814 3349 ἀδελφότητος
840 3281 964 3350 περί
992 3279 1177 3328 τούτου
1210 3275 1368 3340 δόξαν
1399 3280 1538 3338 ὅπως
1562 3282 1674 3351 ἔχει
1713 3301 1815 3352 μα-

195 3367 290 3417 θεῖν
317 3365 592 3442 διαφόρως
619 3366 876 3432 ἐζήτησε,
899 3371 992 3417 καί
1022 3363 1081 3424 ἦν
1113 3366 1392 3438 ἀναγκαῖον
1423 3365 1518 3420 διὰ
1538 3377 1706 3420 ταῦτα
1741 3376 1811 3440 μη

193 3458 236 3504 ἐν
265 3463 516 3531 παρέργῳ
551 3458 744 3508 θέσθαι
774 3463 929 3507 τοῦτο
952 3458 1008 3507 τὸ
1041 3453 1385 3529 σπούδασμα,
1415 3454 1524 3510 δεῖν
1560 3461 1816 3529 ἔγνωσται

193 3553 248 3613 τῇ
281 3548 430 3617 ἡμῶν
459 3550 782 3618 μετριότητι
811 3550 883 3616 μη
909 3550 1064 3616 μόνον
1092 3548 1206 3605 τοὺς
1231 3542 1585 3618 ἐνδημοῦντας
1613 3552 1671 3599 τὸ
1692 3552 1816 3610 τέως

189 3632 410 3686 ἐνταῦθα
461 3634 912 3707 συλλειτουργούς
966 3634 1128 3692 αὐτῆς
1197 3635 1626 3706 συγκαλέσασθαι
1674 3637 1816 3700 ἅπαξ

187 3726 400 3787 πάντας,
431 3723 550 3774 ἀλλ’
583 3722 633 3774 ἐν
662 3729 897 3794 πρώτοις
927 3727 1016 3793 μεν
1049 3729 1136 3773 καί
1175 3724 1329 3774 αὐτόν
1384 3729 1470 3776 τὸν
1525 3725 1813 3795 ἁγιώτατον

185 3808 408 3882 αδελφὸν
436 3812 609 3872 αὐτῆς
639 3817 732 3862 καί
778 3810 1178 3884 συλλειτονργὸν
1219 3816 1554 3886 πατριάρχην
1598 3815 1810 3885 Ἰεροσο-

181 3899 354 3969 λύμων
383 3900 676 3964 Νικόλαον,
709 3904 842 3971 πρὸς
878 3896 939 3952 δὲ
977 3906 1068 3951 καί
1087 3905 1202 3961 τούς
1232 3900 1280 3952 ἐν
1307 3921 1368 3973 τη
1400 3901 1650 3973 βασιλίδι
1679 3908 1809 3956 ταύ-

177 4006 241 4057 τῃ
269 3989 423 4041 πόλει
455 3995 872 4060 παρατυχόντας
892 3995 951 4040 τό
990 4008 1048 4058 γε
1071 3997 1158 4040 νυν
1190 3993 1316 4060 ἔχον
1346 3995 1482 4062 μέγα
1513 3994 1808 4066 ὑπερόχους

181 4074 386 4149 ἀνδρας
423 4085 496 4146 τῷ
531 4082 642 4128 ὄντι
662 4083 754 4128 καί
802 4077 1239 4149 ἑλλογιμωτέρους
1268 4088 1369 4132 τῶν
1398 4089 1488 4140 τῆς
1521 4081 1808 4152 συγκλητι-

181 4174 244 4222 xi
259 4187 279 4226 ς
308 4165 481 4236 βωνλῆ
496 4187 540 4227 ς.

259 4260 362 4306 Καί
423 4251 494 4310 δὴ
553 4259 830 4324 γενομένου
886 4258 977 4304 καί
1028 4254 1258 4328 πλήρους
1305 4261 1660 4320 καταστάντος
1715 4269 1808 4312 τοῦ

183 4339 474 4413 συνεδρίου
532 4347 630 4399 τὴν
699 4361 926 4413 σημερον
997 4345 1053 4393 ἔκ
1121 4363 1173 4395 τε
1226 4355 1316 4405 τῆς
1369 4354 1464 4398 τοῦ
1517 4350 1805 4417 ἁγιωτάτου

185 4434 567 4504 πατριάρχου,
625 4450 691 4499 ῳς
744 4434 973 4504 εἴρηται,
1034 4433 1393 4497 συνελεύσεως,
1446 4455 1544 4486 των
1599 4457 1653 4489 τε
1711 4445 1808 4498 τῆς

1926 3296 2294 3353 magnopere
2323 3280 2690 3352 postulabat,
2721 3295 2867 3336 sane
2895 3279 3161 3351 oportuit
3185 3293 3309 3335 non
3334 3277 3574 3351 perfun-

1925 3370 2111 3426 ctorio
2154 3385 2334 3441 opere
2365 3369 2563 3425 studio
2591 3369 2732 3426 huic
2771 3382 3104 3435 occurrere,
3133 3367 3455 3439 visumque
3482 3371 3575 3424 est

1925 3457 2321 3514 mediocritati
2349 3462 2568 3513 nostras
2589 3473 2712 3513 non
2732 3457 2915 3527 hujus
2933 3455 3354 3512 tantummodo
3374 3455 3575 3526 regio-

1924 3546 2019 3601 nis
2076 3545 2538 3602 consacerdotes
2575 3560 2788 3602 omnes
2835 3559 2999 3601 nunc
3056 3558 3190 3600 csse
3231 3558 3574 3600 convocan-

1923 3635 2056 3701 dos,
2102 3635 2206 3691 sed
2257 3636 2318 3691 in
2370 3635 2584 3708 primis
2632 3633 3129 3691 consacerdotem
3169 3637 3443 3690 nostrum
3497 3649 3572 3692 ac

1922 3726 2164 3781 fratrem
2221 3725 2669 3781 sanctissimum
2723 3723 3279 3796 Hierosolymorum
3317 3723 3570 3795 patriar-

1921 3815 2099 3869 cham
2130 3815 2472 3870 Nicolaum:
2513 3818 2693 3885 atque
2722 3813 2970 3884 insuper
2997 3815 3298 3883 quotquot
3324 3815 3465 3866 sunt
3504 3810 3569 3866 in

1919 3904 2034 3958 hac
2062 3904 2228 3972 regia
2255 3904 2400 3960 urbe
2424 3901 2808 3958 sublimiores
2831 3917 2904 3957 ex
2924 3899 3134 3956 ordine
3164 3898 3462 3956 senatorio
3481 3903 3567 3955 at-

1917 4007 2036 4063 que
2066 3993 2379 4049 doctiores.

1989 4260 2162 4326 Quod
2187 4276 2326 4315 cum
2356 4260 2583 4314 factum
2612 4258 2804 4328 fuerit,
2849 4259 3184 4331 plenusque
3213 4259 3289 4314 sit
3328 4257 3566 4316 hodier-

1919 4366 2034 4406 nus
2055 4365 2371 4405 consessus
2392 4353 2521 4404 tum
2540 4352 2785 4420 propter
2800 4348 3157 4406 sanctissimi
3185 4348 3561 4421 patriarchas,

1920 4445 1986 4495 ut
2013 4441 2240 4495 dictum
2280 4442 2386 4505 est,
2431 4437 2781 4504 adventum,
2815 4443 2943 4495 tum
2969 4438 3151 4493 etiam
3192 4437 3452 4494 aliorum
3490 4451 3564 4492 ex

187 4520 524 4587 συγκλήτου,
592 4516 832 4589 λογάδων
906 4525 1000 4571 καί
1078 4530 1167 4581 τῆς
1249 4534 1550 4598 ιεραρχικῆς
1607 4526 1806 4597 ὀμηγύ-

1934 4533 2151 4593 senatu,
2186 4531 2250 4582 ut
2271 4527 2534 4582 diximus
2559 4527 3022 4598 prmoipuorum,
3062 4541 3317 4582 necnon
3335 4541 3409 4581 ex
3441 4524 3564 4580 hie-

188 4625 338 4676 ρεως,
401 4617 468 4668 ὥς
528 4606 849 4668 διείληπται,
925 4611 954 4660 ό
1007 4606 1308 4681 διαληφθεὶς
1374 4620 1642 4686 ιερωτατος
1706 4637 1808 4687 μη-

189 4697 513 4764 τροπολίτης
575 4696 792 4758 Ῥωσιας
860 4706 1033 4750 ταῦτα
1105 4705 1193 4751 καί
1263 4699 1416 4753 πάλιν
1491 4708 1562 4763 εὶς
1628 4711 1805 4762 κοινὴν

193 4785 451 4854 ἀκρόασιν
537 4788 857 4848 άπῖτείνατο,
940 4789 1005 4846 ὡς
1085 4789 1240 4850 αὐτὸς
1321 4793 1410 4860 μὲν
1486 4792 1620 4843 οὕτω
1677 4813 1809 4864 πρε-

193 4871 384 4934 σϐεύει,
443 4880 487 4926 εἱ
544 4880 636 4925 καὶ
708 4874 980 4948 ἀραρότως
1026 4875 1158 4946 ἔχει,
1214 4884 1331 4949 περί
1386 4880 1481 4942 τῆς
1541 4881 1804 4940 ξωοποιοῦ

191 4961 399 5023 θυσιας,
450 4963 576 5034 μήτ’
618 4965 881 5036 ἀρχῆθεν,
930 4967 1012 5015 ὅτε
1053 4968 1196 5036 παρὰ
1250 4976 1337 5018 τοῦ
1383 4975 1616 5042 Σωτῆρος
1668 4979 1799 5043 Χρι-

191 5057 314 5100 στοῦ
384 5050 635 5106 δηλονότι
695 5051 982 5114 τετέλεστο,
1056 5051 1324 5123 μήτάὖθις
1388 5061 1444 5108 τό
1497 5057 1583 5109 ἀπ’
1609 5058 1801 5111 ἐκείνου

191 5143 346 5211 μέχρι
403 5147 496 5192 καί
559 5147 804 5212 σήμερον,
865 5145 1007 5210 μόνῳ
1057 5149 1128 5211 τῷ
1199 5145 1415 5215 ἁνοίρχῳ
1484 5154 1576 5199 τοῦ
1640 5155 1803 5200 Μονο-

193 5236 357 5292 τενοῦς
423 5235 595 5302 Πατρί
657 5235 834 5281 ταῦτα
905 5232 1216 5300 προσῆχθαι
1273 5237 1362 5283 καί
1417 5238 1802 5306 προσάγεσθαι,

197 5315 311 5367 ὡλά
355 5324 446 5370 καί
485 5325 628 5388 αὐτῷ
686 5327 763 5388 τῷ
814 5317 1276 5386 ὲνανθρωπησαντι
1337 5326 1491 5394 Λόγῳ
1524 5340 1535 5350 ⁸
1568 5344 1652 5376 ναι
1708 5329 1806 5396 μὴν

206 5404 324 5460 [ηδε
395 5414 449 5460 τό
529 5410 684 5480 ἆγιον
761 5411 986 5474 Πνεῦμα
1039 5416 1126 5467 τῆς
1196 5413 1442 5472 τοιαύτης
1501 5415 1808 5484 θεοπρεποῦς

205 5507 338 5565 τιμῆς
384 5500 767 5554 ἀπολείπεσθαι
836 5512 849 5522 ·
918 5499 1007 5544 καί
1061 5498 1373 5560 ἁπαξαπλῶς
1434 5506 1556 5573 πρὸς
1609 5508 1698 5560 τὴν
1759 5502 1808 5552 ἐν

261 5675 278 5712 ⁷
303 5680 464 5740 Hebr.
501 5697 566 5750 ι,
596 5681 698 5738 23.

1916 4617 2186 4672 rarchico
2208 4620 2384 4682 coetu,
2416 4621 2785 4672 memoratus
2813 4621 2992 4672 antea
3020 4615 3238 4671 Russias
3257 4619 3562 4687 metropo-

1915 4707 2038 4771 lita,
2067 4706 2182 4760 hoc
2207 4720 2415 4760 rursus
2447 4705 2678 4761 cunctis
2703 4705 3090 4762 audientibus
3130 4703 3558 4776 pronuntiavit,

1915 4811 1978 4849 se
1999 4793 2244 4864 quidem
2288 4793 2371 4848 ita
2403 4808 2664 4862 censere,
2703 4793 2871 4864 quod
2897 4809 3114 4865 reapse
3151 4793 3450 4850 evidenter
3478 4793 3562 4848 ita

1913 4900 1974 4937 se
1995 4881 2198 4942 habet,
2223 4897 2441 4952 nempe
2463 4882 2769 4938 viviﬁcum
2791 4883 3152 4938 sacriﬁcium
3179 4897 3376 4953 neque
3391 4881 3559 4936 initio

1911 4987 2052 5027 cum
2079 4987 2116 5026 a
2147 4973 2455 5026 Servatore
2477 4971 2707 5026 Christo
2736 4977 3047 5043 peractum
3074 4969 3204 5036 fuit,
3227 4983 3424 5041 neque
3461 4969 3562 5026 de-

1914 5076 2034 5117 nuo
2080 5060 2360 5131 posthinc
2411 5075 2606 5132 usque
2655 5059 2734 5115 ad
2781 5060 3145 5116 hodiernum
3205 5059 3389 5131 diem,
3455 5059 3562 5116 uni

1911 5156 2131 5204 aeterno
2162 5149 2456 5217 Unigeniti
2499 5148 2654 5206 Patri
2683 5147 2954 5204 oblatum
2989 5147 3178 5204 fuisse
3215 5147 3311 5204 vel
3339 5146 3560 5213 offerri,

1912 5255 2120 5295 verum
2146 5237 2325 5293 etiam
2357 5238 2475 5310 ipsi
2489 5253 2734 5310 quoque
2751 5235 2948 5294 Verbo
2972 5238 3317 5295 incarnato:
3340 5238 3464 5293 imo
3484 5251 3563 5293 ne

1913 5331 2188 5382 sanctum
2218 5326 2467 5396 quidem
2490 5327 2773 5398 Spiritum
2792 5326 2974 5397 hujus
2999 5325 3219 5381 divinae
3240 5324 3560 5382 oblationis

1913 5431 2035 5471 non
2059 5431 2192 5469 esse
2219 5415 2573 5487 participem
2606 5435 2619 5482 ;
2646 5415 2729 5470 ita
2754 5420 2820 5470 ut
2834 5414 3084 5471 omnino
3116 5413 3344 5482 Deitati,
3369 5426 3561 5482 quam

1915 5504 1974 5559 in
2004 5504 2281 5560 Triuitate
2333 5519 2735 5576 personarum
2783 5503 3172 5574 conjunctam
3222 5505 3278 5558 et
3316 5498 3560 5555 unicam
