4106 6296
556 374 656 435 l5!
1891 373 2164 435 NICETE
2215 371 2601 431 CHONIATE
3808 373 3904 432 152

548 504 732 576 atque
745 501 925 559 unius
952 501 1348 576 ejusdemque
1374 501 1605 558 naturae
1629 497 1929 572 simulque
1966 499 2208 557 immor-

2324 495 2508 572 Γριὸιδι
2563 501 2852 572 προσώπων
2924 498 3218 573 ἐνιζομένην
3297 501 3386 554 καὶ
3475 501 3597 574 μίαν
3658 500 3906 576 γνωριξοσ

547 591 730 648 talem
761 607 892 648 esse
913 592 1360 662 cognoscimus,
1384 591 1514 646 haec
1535 589 1963 662 mysteriorum
1982 589 2203 646 oblatio

2324 593 2470 660 μένην
2526 591 2744 647 θεότητα
2794 598 3004 662 συμφυῆ
3076 609 3131 643 τε
3191 591 3282 642 καί
3331 584 3605 642 συναϊδιον
3662 593 3755 650 τήν
3807 599 3902 643 τῶν

546 684 606 737 et
634 679 778 738 olim
802 679 961 738 facta
990 681 1165 737 fuerit
1196 686 1253 737 et
1272 695 1435 736 nunc
1461 679 1588 748 ﬁat,
1613 683 1792 753 atque
1841 695 1878 734 a
1906 679 2202 736 Trinitatis

2324 683 2617 754 κυστηρίων
2707 684 3052 752 προσαγωγὴν
3137 681 3453 751 γεγενῆσθαί
3532 697 3584 732 τε
3649 699 3737 732 και
3783 685 3906 751 γίνε-

545 774 842 842 potestate
871 771 1039 827 omni
1069 775 1337 842 tempore
1358 769 1720 842 perficiatur.
1753 771 1872 826 Hoc
1887 767 1986 824 ille
2004 767 2202 824 aiebat

2324 769 2460 836 σθαι,
2520 767 2870 840 τελειουμένην
2946 765 3038 822 διὰ
3117 776 3209 831 τῆς
3298 767 3613 822 τελειοποιοῦ
3685 766 3904 844 Τριάδος

547 875 612 916 se
665 859 1073 917 indubitanter
1123 858 1362 930 sentire,
1424 859 1542 916 hoc
1590 857 1839 914 ﬁrmiter
1885 873 1923 914 a
1984 857 2201 913 divinis

2324 857 2572 914 ἑκάστοτε.
2633 864 2798 910 Τοῦτο
2869 855 3241 920 ανενὸοιοίστως
3312 865 3528 931 φρονεῖν,
3591 865 3741 911 τοῦτο
3815 856 3903 930 βε-

547 949 930 1023 comprobari
953 949 1290 1022 Scripturis,
1321 965 1432 1022 pro
1473 949 1591 1007 hoc
1619 947 1869 1005 demum
1915 946 2199 1019 dogmate

2324 947 2468 1010 ῗαίως
2522 952 2611 1001 καὶ
2667 948 2768 1000 άπὸ
2817 955 2916 1000 τῶν
2987 949 3131 1000 θείων
3218 946 3718 1020 πεπληροφορῆσθαι
3777 952 3902 1022 Γρασ

541 1041 831 1112 paratum
853 1055 914 1096 se
936 1038 1111 1097 mori.

2324 1044 2432 1105 ρῶν,
2482 1039 2650 1110 τούτῳ
2706 1057 2796 1090 και
2846 1039 3292 1097 συναποθνήσκειν
3340 1036 3556 1110 ἑτοίμως
3631 1037 3772 1109 ἔχειν
3830 1044 3900 1108 τῷ

2307 1122 2560 1199 δόγματι.

2379 1215 2437 1268 Ὀ
2511 1218 2601 1289 μέν
2659 1215 2879 1280 Ῥωσίας
2968 1222 3135 1269 ταῦτα
3201 1215 3712 1291 πιπαῤῥησιασμένῳ
3787 1236 3878 1292 φρο

2303 1308 2498 1378 νήματι
2540 1303 2778 1367 ἐξελάλει.
2836 1310 2922 1368 Ὣς
2968 1302 3026 1358 δὲ
3083 1306 3272 1378 ἀπῄτει
3318 1307 3375 1358 τὸ
3424 1311 3663 1379 πρᾶγμα,
3711 1309 3803 1359 καί
3844 1308 3900 1358 τὸ

2303 1402 2400 1457 τῆς
2472 1403 2645 1456 κοινῆς
2717 1403 2815 1447 τῶν
2869 1394 3156 1470 ἀρχιερέων
3237 1394 3701 1448 ἀποκαλύπτεσθαι
3789 1397 3902 1448 σύν-

2306 1485 2456 1558 θέμα,
2524 1485 2550 1537 6
2619 1483 2894 1558 ἱερώτατος
2970 1487 3391 1561 άρχιεπίσκοπος
3475 1492 3572 1548 τῆς
3641 1503 3906 1559 μητροπο-

2301 1573 2421 1635 λιως
2485 1574 2703 1646 Ἐφέσου
2773 1582 2980 1646 πρῶτος
3046 1576 3236 1628 αὐτίκα
3285 1578 3378 1634 τήν
3437 1571 3606 1628 ὠδῖνα
3661 1579 3734 1648 μή
3794 1578 3903 1628 στί-

611 1217 696 1276 lta
716 1217 965 1292 quidem
985 1217 1310 1276 confidenti
1333 1217 1539 1276 animo
1557 1219 1788 1274 Russus
1808 1216 2192 1290 loquebatur.

541 1308 690 1364 Cum
720 1311 924 1366 autem
950 1323 1046 1364 res
1073 1311 1368 1380 posceret,
1397 1310 1464 1363 ut
1485 1307 1910 1380 episcoporum
1949 1320 2194 1378 quoque

538 1411 861 1454 consessus
889 1413 1069 1453 suum
1111 1397 1456 1467 singillatim
1484 1396 1662 1452 ferret
1691 1395 2066 1466 suffragium,
2104 1411 2194 1452 sa-

536 1486 917 1544 cratissimus
942 1485 1422 1558 metropolitanae
1436 1485 1702 1542 ecclesiae
1726 1485 1941 1558 Ephesi
1971 1484 2195 1542 archie-

531 1575 842 1649 piscopus,
871 1575 1034 1633 haud
1053 1574 1274 1632 diutius
1302 1574 1592 1631 divinisui
1612 1575 2026 1648 zeliimpetum
2053 1589 2194 1632 con-

537 1665 726 1722 tinere
757 1665 1086 1737 sustinens,
1119 1679 1181 1720 se
1213 1680 1351 1721 cum
1377 1667 1566 1721 Russo
1595 1665 1826 1736 primus
1857 1663 2074 1720 sentire
2095 1680 2193 1720 ex-

2324 1681 2410 1716 mv
2448 1665 2524 1715 ἔτι
2552 1663 2652 1725 οἶός
2695 1681 2750 1716 τε
2795 1663 2862 1716 ὧν
2901 1670 2996 1717 τοῦ
3035 1665 3233 1725 ἐνόντος
3279 1666 3444 1736 τούτῳ
3495 1662 3666 1718 ἐνθέου
3720 1664 3901 1728 ζήλου,

535 1753 1028 1826 clamavit,atque
1040 1753 1100 1810 in
1121 1754 1235 1810 hac
1249 1752 1625 1810 confessione
1637 1753 1998 1810 moriturum
2011 1753 2193 1810 conﬂ-

2324 1756 2597 1826 »μοφρόνως
2671 1760 2744 1824 τῷ
2809 1752 3030 1816 Ῥωσίας
3103 1760 3300 1829 φρονεῖν
3393 1753 3692 1828 ἀνεκήρυξε,
3791 1773 3907 1806 συν-

535 1842 749 1900 denter
765 1843 1101 1900 admodum
1116 1841 1484 1901 afﬁrmabat.
1503 1845 1714 1900 Parem
1727 1843 2090 1900 sententiam
2104 1859 2193 1900 re-

2324 1842 2576 1895 ιποθανεῖν
2639 1845 2730 1894 καί
2793 1841 2949 1905 αὐτὸς
3018 1851 3080 1902 τῆ
3148 1844 3366 1903 τοιαύτη
3433 1842 3686 1915 ὁμολογία
3765 1841 3908 1914 μάλα

534 1930 738 2005 liquus
749 1932 930 1988 etiam
945 1932 1368 2006 episcoporum
1382 1937 1571 1990 cmtus
1585 1932 1958 2006 protulit,qui
1972 1933 2194 2005 pariter

537 2023 978 2080 consentientes
1017 2023 1465 2097 concordesque
1511 2023 1670 2080 nacti
1714 2027 1856 2080 sunt
1895 2026 2194 2096 quotquot

537 2115 708 2168 erant
731 2110 793 2167 in
813 2126 886 2167 eo
916 2127 1212 2168 consessu
1242 2128 1314 2170 ex
1343 2116 1556 2169 senatu
1575 2111 1670 2169 vel
1695 2111 1939 2169 aliunde
1969 2127 2192 2169 convo-

537 2200 693 2269 cati;
720 2205 859 2257 ante
889 2216 1103 2257 omnes
1123 2217 1263 2258 vero
1299 2201 1748 2258 sanctissimum
1785 2200 2191 2273 patriarcham

537 2290 1093 2363 Hierosolymorum
1152 2290 1505 2358 Nicolaum;
1554 2290 1778 2363 quibus
1825 2289 2194 2347 accedebant

541 2381 840 2453 quotquot
868 2379 1157 2452 praedicto
1172 2379 1445 2451 dogmati
1457 2378 1699 2435 deﬁnite
1709 2377 2194 2452 astipulabantur

543 2472 602 2527 et
627 2469 1048 2528 adhmrebant.

621 2739 862 2810 Oportet
919 2738 1122 2794 autem
1161 2740 1218 2794 et
1259 2736 1528 2810 ipsorum
1585 2737 1835 2794 nomina
1893 2737 2196 2808 sigillatim

543 2827 938 2902 perscribere.
979 2830 1061 2884 Ex
1107 2832 1321 2885 senatu
1367 2828 1612 2901 quidem
1643 2828 1705 2884 hi
1738 2846 1752 2885 :
1793 2828 2199 2901 pansebastus

551 2917 828 2975 sebastus
865 2933 1128 2988 magnus
1160 2918 1524 2988 drungarius
1546 2917 1830 2974 dominus
1862 2917 2200 2992 Stephanus

554 3007 1396 3079 Comnenus,Gloriosissimus
1407 3008 1855 3079 protonotarius
1869 3013 1925 3064 et
1942 3023 2202 3078 magnus

551 3097 1446 3167 logothetadominusloannes.
1465 3096 2204 3153 lllustrissimusasecretis

557 3186 844 3244 dominus
870 3185 1147 3244 Nicolaus
1176 3189 1461 3243 Zonaras.
1511 3185 1950 3242 lltustrissimus
1998 3202 2207 3242 nomo-

558 3275 807 3348 phylax,
849 3280 907 3332 et
943 3275 1410 3332 domesticorum
1456 3277 1816 3349 praepositus
1863 3276 2210 3333 Theodorus

561 3365 958 3422 Pantechnes.
1002 3368 1082 3420 Ex
1120 3365 1464 3423 veneranda
1503 3370 1705 3422 autem
1742 3369 1861 3422 Deo
1891 3367 2213 3424 chararum

564 3453 927 3523 dignitatum
958 3456 1215 3519 caterva,
1243 3453 1594 3526 reliquoque
1627 3471 1801 3511 sacro
1823 3460 2055 3523 senatu,
2082 3471 2212 3512 ma-

566 3558 723 3614 gnus
761 3542 1245 3609 archidiaconus,
1281 3558 1541 3612 magnus
1579 3559 1952 3612 oeconomus,
1985 3546 2217 3602 charto-

567 3631 818 3704 phylax,
872 3630 1242 3695 sacellarius,
1296 3634 1766 3704 protonotarius,
1811 3633 2214 3704 canistrarius,

567 3720 1025 3790 referendarius,
1053 3720 1132 3777 ab
1159 3721 1328 3790 actis,
1359 3720 1591 3792 primus
1613 3723 1914 3794 ostiarius,
1933 3724 2219 3796 magister

569 3809 1054 3880 Evangeliorum,
1121 3812 1456 3882 suggestor,
1529 3811 1762 3883 primus
1817 3811 2218 3870 Ecclesiarum

567 3899 946 3973 praepositus,
979 3915 1016 3956 a
1044 3897 1416 3972 supplicibus
1447 3898 1681 3967 libellis,
1716 3901 2015 3958 secundus
2042 3903 2222 3961 ostia-

569 3990 714 4061 rius,
759 3988 1066 4046 secundus
1109 3987 1509 4045 Ecclesiarum
1563 3990 1948 4062 pl‘thOSltUS,
2003 3991 2220 4047 doctis-

573 4078 707 4135 simi
723 4078 1154 4151 patriarchales
1172 4078 1406 4151 notarii,
1437 4080 1737 4135 secundus
1779 4079 2222 4148 diaconus,alii-

573 4182 692 4239 que
717 4183 731 4233 ;
760 4168 902 4223 item
923 4181 1045 4223 non
1073 4168 1314 4225 modica
1334 4183 1475 4240 pars
1501 4167 1603 4242 qui
1625 4172 1820 4224 astant
1841 4169 2223 4241 patriarchali

572 4255 790 4312 throno
825 4254 1312 4312 doctissimorum
1353 4259 1532 4329 atque
1573 4256 1983 4328 piissimorum
2024 4258 2224 4315 diaco-

571 4357 795 4400 norum
833 4343 940 4416 qui
979 4342 1393 4415 ﬁrmojudicio
1448 4346 1773 4418 propositae
1811 4346 1970 4403 circa
2005 4346 2224 4404 viviﬁci

574 4430 853 4488 sacriﬁcii
928 4431 1296 4489 oblationem
1355 4435 1659 4491 sententiae
1727 4435 1879 4492 adeo
1937 4435 2224 4492 favebant

571 4523 639 4577 ut
684 4535 760 4576 ne
788 4521 1183 4593 quaestionem
1230 4521 1476 4594 quidem
1514 4523 1700 4580 ullam
1749 4539 1888 4580 cum
1926 4525 1998 4580 iis
2048 4523 2223 4580 habi-

571 4609 689 4666 turi
716 4613 931 4683 essent,
957 4609 1062 4684 qui
1080 4609 1221 4666 huic
1248 4610 1518 4680 dogmati
1541 4627 1789 4685 prorsus
1827 4613 2218 4670 adhaererent.

2305 1929 2622 2006 θαρρούντως
2697 1931 3101 2006 ἰσχυριξόμενος
3140 1947 3154 1963 ⁸
3239 1935 3304 1985 τὰ
3369 1933 3505 1985 αὐτὰ
3584 1929 3644 1986 δὲ
3699 1933 3904 1995 τούτοις

2300 2019 2600 2096 πρεσϐεύειν
2689 2024 2779 2072 καί
2869 2020 3024 2080 λοιπή
3103 2028 3204 2074 τῶν
3275 2020 3559 2094 ἀρχιερέων
3644 2022 3908 2094 ὁμήγυρις

2304 2110 2668 2182 συγκατέθετο,
2748 2111 3046 2184 σύμφρονας
3110 2108 3194 2164 ἔπι
3254 2113 3460 2172 τούτοις
3525 2112 3754 2186 εὑροῦσα
3818 2129 3908 2163 και

2301 2198 2662 2272 ὁμογνώμονας
2719 2199 2839 2252 ὅσον
2900 2218 2955 2252 τε
3018 2207 3111 2252 τοῦ
3179 2199 3430 2273 συλλόγου
3491 2203 3648 2275 μέρος
3704 2197 3909 2261 ἔκηε-ῆς

2305 2286 2598 2360 συγκλήτου
2658 2285 2960 2362 συήνδρευε,
3009 2293 3100 2341 καὶ
3166 2289 3220 2352 ὂς
3275 2289 3485 2342 ἂλλοθεν
3563 2293 3910 2364 παρεστηκὼς

2302 2375 2606 2448 ἑγνωρίζετο
2661 2392 2675 2407 ⁹

2304 2461 2588 2536 ἁγιώτατον

2733 2380 2834 2451 πρό
2902 2374 2961 2431 δὲ
3034 2380 3228 2431 τούτων
3303 2377 3541 2432 ἁπάντων
3606 2378 3763 2432 αὐτὸν
3823 2381 3909 2432 τὸν

2714 2468 3056 2541 πατριάρχην
3158 2465 3528 2540 Ἱεροσολύμων
3628 2466 3910 2520 Νικόλαον·

2303 2551 2414 2625 μεθ’
2478 2554 2546 2604 ὧν
2595 2551 2730 2612 ἦσαν
2782 2556 2831 2606 οἱ
2884 2563 2956 2625 τῷ
3005 2555 3216 2630 ῥηθέντι
3277 2552 3509 2630 δόγματι
3569 2558 3702 2610 κατὰ
3726 2555 3918 2628 ιποίντα

2309 2647 2645 2714 στοιχοῦντές
2673 2663 2727 2698 τε
2755 2649 2846 2696 καί
2865 2643 3176 2718 ἐμμένοντες.

2378 2738 2464 2785 Δεῖ
2524 2735 2625 2806 γὰρ
2719 2732 2986 2787 κάνταῦθα
3053 2738 3248 2788 τούτων
3348 2734 3731 2808 ἐπιμνησθῆναι
3799 2735 3916 2789 κατ’

2309 2824 2488 2894 ὄνομα.
2548 2821 2638 2875 Ἐκ
2699 2824 2790 2897 μὲν
2853 2831 2948 2886 τῆς
3021 2822 3318 2897 συγκλήτου
3397 2823 3594 2897 βουλῆς
3673 2820 3792 2878 οἵδε
3836 2847 3849 2858 ·
3892 2827 3918 2876 6

2308 2910 2663 2973 πανσέϐαστος
2695 2911 2946 2974 σεϐαστός
2983 2917 3074 2965 καὶ
3123 2916 3281 2986 μέγας
3345 2910 3696 2990 ὃρουγγάριος
3757 2922 3920 2987 κῦρος

2313 3001 2554 3073 Στέφανος
2622 3001 2648 3052 6
2726 3005 2992 3074 Κομνηνός
3062 3020 3077 3036 ·
3145 3003 3170 3054 6
3227 2999 3646 3075 μεγαδοξότατος
3711 3021 3922 3079 πρωτοη

2313 3092 2548 3166 νοτάριος
2600 3095 2689 3143 καὶ
2765 3093 2927 3164 μέγας
2989 3090 3343 3165 λογαριαστής
3413 3100 3568 3166 κῦρος
3616 3090 3865 3155 Ἰωάννης
3905 3110 3917 3122 ⁸

2317 3183 2342 3233 6
2413 3185 2947 3252 μεγαεπιφανέστατος
3041 3178 3332 3256 ἆσηκρῆτις
3427 3189 3583 3256 κῦρος
3659 3181 3923 3241 Νικόλαος

2319 3268 2344 3321 ὀ
2410 3274 2694 3342 Ζωναρᾱς·
2764 3273 2853 3322 καί
2927 3271 2952 3321 ό
3018 3276 3560 3344 μεγαεπιφανέστατος
3634 3273 3931 3345 νομοφύλαί

2320 3363 2409 3412 καὶ
2467 3358 2550 3412 ἐπὶ
2603 3367 2703 3411 τῶν
2755 3359 3026 3412 οἰκειακῶν
3104 3367 3262 3436 κῦρος
3312 3357 3589 3434 Θεόδωρος
3651 3362 3678 3414 ό
3731 3367 3934 3415 Παντε-

2322 3453 2460 3522 χνής
2500 3465 2514 3480 ⁶
2562 3447 2618 3502 ἐκ
2657 3445 2716 3502 δὲ
2761 3459 2852 3510 τῆς
2905 3448 3220 3525 ἐντιμοτέρας
3277 3458 3375 3502 τῶν
3425 3470 3478 3504 τε
3519 3450 3934 3524 θεοφιλεστάτων

2327 3537 2597 3610 ἀρχόντων
2644 3537 2871 3599 πληθύος
2927 3559 3012 3591 και
3071 3547 3167 3601 τῆς
3243 3539 3404 3603 ἄλλης
3459 3544 3594 3612 ἱερᾶς
3648 3544 3937 3612 γερουσίας

2327 3629 2490 3683 οὗτοι·
2537 3629 2563 3680 ό
2606 3632 2769 3702 μέγας
2821 3625 3219 3700 ἀρχιὸιάκονος,
3275 3633 3364 3682 καὶ
3436 3628 3462 3681 ό
3511 3633 3671 3702 μέγας
3724 3633 3939 3682 οἰκονο-

2328 3739 2442 3792 μος,
2495 3718 2520 3770 ό
2572 3717 2932 3790 χαρτοφύλαξ,
2999 3719 3024 3770 6
3085 3718 3440 3792 σακελλάριος,
3505 3720 3530 3770 6
3597 3719 3938 3794 πρωτονοτὰ-

2327 3835 2455 3892 ριος,
2512 3816 2538 3867 6
2612 3818 2972 3888 κανστρίσιος,
3045 3816 3070 3866 6
3131 3812 3632 3890 ῥαιφερενὸάριος,ὁ
3687 3817 3942 3888 ὑπομνη-

2329 3907 2684 3978 ματογράφος,
2719 3905 2743 3955 6
2781 3911 2986 3974 πρῶτος
3019 3903 3307 3978 όπτιὰριος,
3376 3907 3401 3956 6
3457 3901 3794 3966 διδάσκαλος
3835 3913 3941 3957 τῶν

2331 3993 2676 4067 Εύαγγελίων,
2755 3994 2780 4045 6
2853 3995 3286 4066 ὑπομιμνήσκων,
3363 3995 3390 4046 6
3479 4003 3685 4068 πρῶτος
3744 3994 3943 4070 ἅρχων

2329 4092 2428 4136 τῶν
2482 4082 2825 4148 Ἐκκλησιῶν,
2890 4084 2915 4134 ό
2978 4086 3060 4135 ἐπὶ
3109 4092 3210 4135 τῶν
3277 4079 3527 4155 δεήσεων,
3587 4087 3612 4136 6
3685 4081 3945 4159 δεύτερος

2332 4173 2622 4248 ὁστιάριος,
2679 4173 2705 4225 ὁ
2771 4167 3008 4248 δεύτερος
3069 4174 3251 4248 ἄρχων
3317 4181 3418 4225 τῶν
3486 4173 3840 4240 Ἐκκλησιῶν,
3897 4175 3951 4228 οἱ

2330 4262 2636 4334 λογιώτατοι
2721 4267 3105 4336 πατριαρχικοὶ
3185 4261 3436 4335 νοτάριοι,

2330 4360 2430 4403 τῶν
2480 4348 2754 4422 διακόνων,
2815 4355 2905 4403 καὶ
2957 4351 3120 4425 ἕτεροι
3151 4368 3164 4382 ⁸
3220 4351 3315 4403 ούκ
3365 4351 3514 4423 ὀλίγη
3573 4371 3626 4404 τε
3677 4359 3785 4404 τῶν
3819 4356 3955 4429 περὶ

2330 4443 2389 4493 τὸ
2489 4438 2640 4512 βῆμα
2703 4437 3111 4514 ἐλλογιμωτέρων
3192 4437 3574 4492 εύλαϐεστάτων
3646 4436 3952 4507 ,διακόνων

2332 4528 2618 4604 ἀπόμοιρα,
2688 4529 2738 4580 οῖ
2775 4547 2835 4598 γε
2897 4531 2986 4580 καὶ
3044 4523 3350 4600 ἀδιστάγτῳ
3413 4531 3590 4601 γνὼμή
3643 4535 3759 4590 τοῖς
3824 4518 3957 4605 περὶ

2332 4625 2427 4678 τῆς
2495 4624 2842 4689 προσαγωγῆς
2895 4622 2991 4678 τῆς
3053 4615 3309 4676 ζωοποιοῡ
3369 4617 3556 4677 θυσίας
3621 4611 3958 4690 διειλημμέ-

3521 4262 3546 4314 ὀ
3617 4258 3951 4338 δευτερεύων

572 4718 675 4760 νοις
733 4695 1066 4773 δεὲογμένοις
1127 4702 1478 4774 προσκείσθαι
1545 4705 1835 4774 ςύμπαντες
1892 4699 2223 4770 ὃιετείναντο,
2289 4709 2357 4767 ὡς
2405 4702 2543 4778 μηδὲ
2620 4705 2916 4766 συζήτησιν
2992 4701 3296 4763 οἱανδήτινα
3368 4706 3558 4758 ἔχουσι
3620 4708 3773 4779 παρὰ
3838 4713 3958 4768 τοῖς

574 4793 858 4865 προσέχειν
898 4788 1027 4849 ὅλως
1068 4789 1236 4842 ἐθέλον
1245 4809 1348 4843 σιν.

644 4881 783 4937 Post
822 4879 932 4936 hos
956 4881 1076 4936 Deo
1113 4878 1503 4936 cahrissimus
1544 4881 1776 4954 primus
1821 4881 2102 4938 defensor
2134 4881 2232 4939 Mi-

573 4968 747 5026 chael
785 4967 1335 5026 Thessalonicensis
1382 4985 1558 5026 suam
1600 4969 1822 5043 pariter
1863 4971 2230 5028 sententiam

574 5058 841 5132 proferre
863 5062 1130 5130 rogatus,
1163 5059 1244 5116 ait
1285 5075 1348 5117 se
1391 5060 1669 5133 quamvis
1699 5064 1880 5117 antea
1907 5060 1983 5117 de
2019 5060 2134 5116 hac
2163 5076 2226 5117 re

576 5147 934 5215 dubitasset,
967 5147 1248 5220 posthinc
1292 5155 1496 5206 tamen
1539 5149 1850 5205 sententias
1894 5149 2224 5222 synodicae,

574 5252 712 5310 quae
751 5237 882 5309 jam
913 5236 1246 5308 dicebatur,
1289 5239 1538 5294 omnino
1569 5253 1693 5295 non
1741 5237 2219 5304 adversaturum,

573 5327 698 5384 imo
724 5341 862 5383 eam
892 5330 1236 5384 secuturum
1266 5327 1625 5400 spondebat.

647 5415 1098 5488 Dyrrachiensis
1130 5421 1352 5487 autem,
1375 5433 1514 5472 cum
1541 5422 1598 5473 et
1618 5416 1694 5473 ab
1733 5417 1865 5490 ipso
1894 5417 2222 5492 postulare-

573 5513 668 5564 tur
697 5510 762 5563 ut
790 5521 1035 5563 sensum
1066 5522 1244 5562 suum
1275 5506 1549 5580 aperiret,
1574 5507 1767 5580 primo
1796 5509 2042 5582 quidem
2062 5507 2221 5564 hanc

573 5597 654 5656 ad
675 5595 924 5653 verbum
945 5597 1298 5654 sententiam
1313 5597 1557 5670 protulit
1579 5615 1592 5654 :
1621 5598 1870 5654 Domine
1892 5600 1974 5656 mi
1996 5603 2220 5666 sancte,

569 5701 802 5762 vosque
829 5684 1060 5747 domini
1102 5685 1222 5745 mei
1255 5690 1435 5760 atque
1474 5688 1953 5761 consacerdotes,
1985 5685 2220 5759 magnis

2410 4881 2627 4956 Ἐφόἴς
2677 4885 2703 4936 6
2758 4882 3148 4956 θεοφιλέστατος
3204 4880 3559 4957 πρωτέκδικος
3623 4885 3871 4955 Μιχαήλ
3934 4887 3960 4937 6

2333 4979 2426 5026 τοῦ
2466 4973 2876 5041 Θεσσαλονίκης,
2931 4973 3066 5035 ὅπως
3123 4973 3235 5046 ἔχει
3268 4976 3359 5026 καὶ
3414 4973 3556 5033 οὗτος
3611 4991 3969 5048 φρονήματος

2334 5065 2452 5136 περὶ
2489 5064 2676 5114 τούτου
2725 5057 3128 5134 ὃιερὼτώμενος,
3187 5062 3230 5114 εἰ
3280 5066 3370 5114 καὶ
3422 5060 3715 5136 ἀπορητῶς,
3755 5063 3964 5134 ἔφησε,

2333 5156 2450 5224 περὶ
2479 5153 2664 5204 τούτου
2725 5147 2946 5204 διέκειτο
3001 5154 3268 5227 πρότερον,
3329 5149 3456 5203 ἀλλὰ
3510 5153 3566 5204 τὸ
3615 5148 3715 5201 ἀπὸ
3786 5149 3971 5207 τοῦδε

2336 5245 2404 5313 μή
2449 5239 2743 5293 ἀντιτείνειν
2769 5237 2898 5314 μηδ’
2923 5239 3051 5303 ὅλως
3076 5247 3204 5312 τοῖς,
3227 5236 3447 5304 δόξασιν
3470 5235 3576 5298 ἤδη
3616 5237 3969 5313 συνοδεκῶς,

2335 5329 2552 5383 ἕπεσθαι
2582 5327 2642 5383 δέ
2670 5333 2872 5390 τούτοις
2901 5334 2990 5382 καὶ
3027 5330 3179 5390 αὐτὸς
3217 5331 3529 5383 κατετιθετο.

2402 5417 2467 5471 Ὀ
2524 5423 2698 5492 μέντοι
2744 5418 3066 5493 Δυρραχίου,
3109 5421 3195 5472 τὸν
3235 5423 3420 5471 οἰκεῖον
3471 5421 3662 5470 σκοπόν
3700 5424 3811 5473 καὶ
3877 5423 3976 5476 οὖ-

2331 5527 2419 5570 τος
2476 5512 2632 5560 είπεῖν
2706 5509 3104 5580 ἀπαιτούμενος,
3164 5515 3349 5582 πρῶτα
3404 5509 3493 5580 μὲν
3566 5511 3792 5579 γνώμην
3879 5508 3980 5568 δέ-

2333 5595 2468 5650 δωκε
2505 5599 2641 5651 κατά
2698 5597 2845 5671 ῥῆμα
2907 5593 3072 5650 ταῦτα
3139 5592 3622 5669 διαλαμϐάνουσαν.
3693 5601 3980 5656 Δέσποτοί

2329 5705 2430 5760 μου
2487 5685 2624 5760 ἅγιε,
2676 5689 2767 5741 καὶ
2811 5681 2956 5760 ὑμεῖς
3004 5681 3261 5741 δεσπόται
3313 5703 3413 5759 μου
3459 5687 3549 5739 καὶ
3603 5681 3981 5766 σῦλλιιτουρ-
