4106 6296
225 307 309 364 153

1554 319 1906 379 THESAURI
1942 321 2077 383 LIB.
2118 324 2298 384 XXIV.

3491 337 3592 398 ιιι

226 438 320 533 γοὶ,
367 436 524 536 περὶ⁸
556 435 812 509 μεγάλων
860 440 1187 513 πραγμάτων
1236 437 1440 517 ῥᾳδίως
1489 443 1548 498 ού
1604 442 1826 522 δύναμαι

1942 466 2055 523 ego
2077 452 2151 510 de
2166 453 2348 511 rebus
2367 454 2532 512 haud
2560 454 2735 515 facile
2759 458 3061 531 judicium
3090 476 3296 519 meum
3323 477 3594 536 pronun-

221 520 611 595 ἀποφαίνεσθαι.
668 529 771 580 Διὰ
814 536 1048 596 τοιοῦτο,
1117 531 1240 607 ὅπερ
1298 537 1389 586 καὶ
1462 533 1637 589 ἄλλοτε
1701 520 1832 591 πολ-

222 610 357 676 λὼιις
407 618 540 689 πρός
589 619 691 675 τήν
744 620 1002 692 ὑμετέραν
1050 615 1190 673 εἷπον
1257 620 1556 693 ἁγιωσύση,
1607 630 1696 679 καὶ
1743 634 1832 680 νῦν

223 698 311 754 διὰ
352 712 446 764 τῆς
487 707 772 776 παρούσης
824 706 963 778 λέγω
1038 718 1247 783 γραφῆς
1321 731 1441 783 μου.
1527 713 1681 777 Ἀξιῶ
1738 720 1832 776 τὴν

223 793 357 864 ,ἱμῶν
404 794 711 866 οἶφιωσύνην
773 791 967 850 δοῦναί
1023 817 1115 870 μοι
1172 797 1439 873 ἐγγράφως
1463 804 1528 856 τὰ
1556 808 1832 878 κινούμενα

223 882 525 955 ζητήματα,
553 890 648 937 καὶ
688 890 812 939 τίνα
839 888 871 945 ἡ
925 887 1067 960 ὑμῶν
1123 888 1393 961 ἁγιωσύνῃ
1459 897 1578 966 περὶ
1634 898 1829 949 τούτων

223 979 412 1043 φρονεῖ,
467 976 538 1035 ὡς
606 976 669 1026 ἄν
723 973 978 1050 [ἀκριϐῶς
1024 984 1194 1031 ταῦτα
1246 975 1688 1056 διασκεψάμενος,
1740 989 1830 1037 καὶ

227 1067 335 1122 τοῖς
363 1069 462 1113 τῶν
491 1061 652 1134 ἁγίων
696 1067 1037 1139 συγκρούσας
1083 1065 1274 1139 λόγοις,
1338 1069 1382 1121 εἰ
1431 1072 1522 1142 μὲν
1584 1075 1830 1145 ούμφωνα

225 1151 417 1213 νοήσω,
462 1149 748 1212 amnem
804 1152 1028 1226 ἐμαυτὸν
1096 1154 1339 1232 ἀπορίας
1407 1163 1497 1212 καὶ
1579 1164 1828 1236 σύμφρων

220 1240 538 1312 (γενόμενος,
570 1240 615 1294 εἰ
676 1243 776 1312 ἔτι)
803 1238 1067 1315 δισταζω,
1128 1243 1300 1317 ἐρωτῶ
1340 1247 1495 1300 πάλιν
1548 1253 1636 1302 καὶ
1691 1271 1828 1324 μαν-

220 1328 378 1382 θάνω.
445 1329 526 1382 ού
579 1330 684 1406 γὰρ
734 1330 1069 1406 αἰσχύνομαι
1115 1342 1289 1387 τοῦτο’
1357 1335 1466 1390 ἐπεὶ
1513 1342 1603 1391 καὶ
1658 1340 1685 1390 ὁ
1733 1347 1830 1402 τῆς

219 1415 486 1490 θεολογίας
588 1418 858 1493 ἐπώνυμος
942 1423 968 1473 ό
1049 1426 1210 1495 μέγας
1293 1430 1584 1499 Γρηγόρισς
1672 1427 1825 1500 λέγει,

218 1504 379 1559 Βούλο
423 1527 525 1579 μαι
592 1505 688 1561 διὰ
740 1508 864 1583 βίον
917 1517 1041 1574 παῖς
1103 1510 1232 1566 εἶναι
1286 1520 1377 1569 καὶ
1429 1518 1691 1588 μαθητής.
1728 1522 1829 1572 Καί

215 1614 296 1657 τις
323 1603 425 1648 τῶν
452 1596 550 1660 ἔξω
584 1605 777 1670 σοφῶν,
815 1598 1043 1672 Ἀγαθὸν
1090 1603 1191 1674 ὅτῳ
1219 1604 1315 1655 κᾶν
1373 1603 1423 1656 ἐν
1481 1610 1622 1679 γήρᾳ
1671 1612 1828 1679 σοφία

216 1687 305 1735 καὶ
377 1689 633 1759 φρόνησις
712 1692 1018 1762 πρόσεστιν.
1096 1689 1446 1766 Ἐγχωρεῐται
1528 1697 1630 1766 γὰρ
1698 1698 1825 1769 ἡμῖν

1942 541 2044 598 tio.
2065 542 2397 612 ldeircirco,
2420 545 2604 604 veluti
2615 551 2673 604 et
2683 547 2833 607 alias
2847 566 3004 624 saepe
3022 567 3229 609 coram
3245 556 3447 611 vestra
3457 569 3592 611 san-

1941 634 2139 689 ctitate
2155 633 2299 700 dixi,
2321 649 2484 691 nunc
2523 636 2703 693 etiam
2729 640 3011 711 praesenti
3056 657 3193 699 meo
3215 642 3436 716 scripto
3468 644 3585 701 aio.

1940 723 2109 793 Rogo
2127 721 2403 780 videlicet
2424 726 2804 783 sanctitatem
2831 732 3116 800 vestram,
3160 735 3226 787 ut
3273 731 3420 788 mihi
3459 747 3589 805 per-

1940 810 2174 882 scriptae
2200 812 2513 870 tradantur
2527 830 2661 887 quae
2674 830 2835 873 nunc
2853 823 3173 875 moventur
3193 821 3585 889 quaestiones,

1938 902 1997 954 et
2022 904 2233 955 vestrae
2262 901 2591 958 sanctitatis
2604 902 2679 959 de
2697 904 2790 960 his
2808 904 3140 977 judicium;
3170 911 3234 963 ut
3252 907 3346 963 his
3375 907 3587 965 sedulo

1939 987 2355 1059 consideratis,
2386 995 2446 1047 et
2483 1007 2624 1047 cum
2655 998 3000 1051 sanctorum
3039 994 3315 1054 doctrina
3366 998 3590 1070 scripta

1938 1076 2167 1134 collatis
2195 1078 2495 1151 siquidem
2524 1081 2654 1137 haec
2674 1098 2945 1140 consona
2969 1099 3294 1155 agnovere,
3341 1091 3587 1144 memet-

1937 1165 2139 1237 ipsum
2162 1167 2349 1224 dubio
2379 1169 2719 1242 expediam,
2746 1172 3040 1246 vobisque
3061 1174 3191 1231 sine
3213 1173 3336 1231 ulla
3354 1173 3585 1232 haesita-

1936 1255 2096 1313 tione
2175 1259 2508 1315 assentiar:
2579 1265 2638 1317 et
2691 1266 2825 1333 post
2920 1277 3306 1332 consensum,
3364 1263 3587 1338 isiquid

1935 1344 2181 1419 insuper
2195 1346 2571 1417 dubitavere,
2594 1366 2702 1407 vos
2721 1352 2934 1408 iterum
2964 1352 3326 1423 interrogem
3359 1359 3418 1410 et
3455 1370 3585 1412 eru-

1935 1434 2090 1491 diar.
2123 1438 2326 1509 Neque
2368 1438 2530 1495 enim
2576 1440 2641 1496 id
2692 1440 3024 1508 erubesco;
3080 1441 3584 1515 quandoquidem

1934 1540 2195 1596 magnus
2223 1525 2404 1584 etiam
2425 1528 2522 1584 ille
2551 1530 2889 1601 Gregorius,
2922 1531 3026 1604 qui
3055 1531 3336 1601 Theologi
3357 1547 3584 1590 nomen

1936 1615 2176 1671 sortitus
2207 1620 2318 1679 est,
2344 1616 2427 1673 ait
2465 1616 2612 1674 velle
2653 1634 2762 1691 per
2804 1619 3152 1676 universam
3217 1621 3404 1678 vitam
3458 1625 3584 1678 tan-

1934 1719 2120 1776 quam
2147 1719 2402 1776 puerum
2434 1722 2496 1763 se
2542 1722 2746 1776 gerere
2789 1713 2843 1765 et
2882 1708 3265 1782 discipulum.
3317 1712 3585 1783 Itemque

219 1775 360 1848 παρὰ
438 1782 544 1827 τῶν
608 1774 771 1847 ἁγίων
838 1782 930 1832 καὶ
982 1776 1084 1832 ἀπὸ
1133 1783 1328 1833 τούτων
1391 1781 1717 1856 ὠφελεῖσθαι.
1763 1784 1821 1838 Ἡ

1936 1774 2008 1850 ex
2033 1774 2282 1852 ethnicis
2310 1774 2569 1868 quidam
2576 1815 2589 1852 :
2611 1799 2782 1854 Recte
2803 1802 2908 1866 est,
2925 1797 2974 1854 si
2996 1774 3259 1871 cuipiam
3287 1798 3382 1856 vel
3400 1800 3464 1856 in
3485 1774 3585 1857 se-

220 1860 345 1934 ἇγία
389 1864 571 1935 ὑμῶνή
624 1864 726 1937 εύχ
761 1869 1005 1942 χαρισθῇ
1038 1868 1161 1942 μοιε
1190 1868 1250 1923 '0
1297 1870 1501 1934 εὐτελής
1550 1892 1823 1949 μητροπο-

219 1949 366 2016 lim;
390 1950 725 2029 Δυρραχίου.

284 2317 357 2372 Ως
413 2307 476 2364 δί
540 2316 712 2366 ταῦτα
761 2316 1115 2386 περιεῖχε-τὸ
1167 2315 1296 2391 παρ’
1356 2316 1517 2371 αὐτοῦ
1544 2316 1823 2394 δεδομένον

222 2396 506 2476 δελτάριον,
566 2404 659 2455 καὶ
707 2401 906 2462 ἢκουσε
929 2405 1059 2476 μετά
1110 2408 1171 2458 τὸ
1241 2404 1641 2480 ἀναγνωσθῆναι
1696 2411 1822 2465 αὐτὸ

226 2486 479 2564 διαφόρων
530 2493 827 2565 χρημάτων
874 2501 1143 2567 γραφικῶν
1200 2493 1251 2549 ἓν
1302 2504 1377 2568 τῷ
1428 2502 1571 2571 μέσῳ
1630 2518 1823 2573 προκο-

218 2578 502 2652 μιζομένων
533 2579 609 2640 εἰς
658 2584 1048 2655 συγκροτισμόν
1100 2587 1192 2637 καὶ
1238 2586 1575 2659 παράστασιν
1634 2586 1820 2665 ἔναργῆ

220 2674 305 2720 τοῦ
359 2666 809 2741 ἀμφιϐαλλομένου
869 2670 1030 2742 αύτῷ,
1112 2679 1205 2725 τοῦ
1286 2671 1562 2750 συνεδρίου
1637 2677 1825 2732 αὐτίκα

218 2754 518 2825 ἐξαναστὰς,
570 2756 788 2820 ἐπιστὰς
845 2757 933 2812 ἐπὶ
989 2766 1082 2813 τοῦ
1125 2765 1310 2835 μέσον,
1348 2763 1411 2817 Εἰ
1451 2767 1633 2838 καιρόν
1664 2769 1821 2840 ἔφθην

220 2842 605 2908 ἐξαιτήσασθαι
661 2843 1017 2918 διασκέψεως,
1078 2850 1284 2922 ἔφησεν,
1340 2850 1394 2915 ἐξ
1445 2853 1514 2905 ὧν
1541 2853 1820 2928 γνωμοδο-

217 2942 375 2998 τήσας
427 2941 677 3011 γέγραφα
716 2937 805 2991 οἶα
852 2932 1271 3012 δειλαινόμενος,
1298 2941 1382 2993 ἶνα
1433 2947 1505 3015 μὴ
1556 2943 1687 3016 λέγω
1730 2950 1819 2999 καὶ

213 3023 603 3099 εὐλαϐούμενος,
667 3024 977 3098 έτοιμότατα
1014 3033 1132 3104 περὶ
1210 3037 1311 3082 τῶν
1366 3034 1613 3085 τοιούτων
1690 3032 1819 3087 ἁπό-

209 3134 384 3189 κρισιν
428 3115 697 3169 τίθεσθαι’
754 3114 884 3169 ἀλλὰ
943 3119 1044 3190 γὰρ
1087 3121 1436 3192 ξπεπεισμένος
1505 3121 1685 3176 λοιπὸν
1735 3124 1819 3198 ἀφ’
1849 3154 1890 3211 C

209 3203 276 3256 ὗν
324 3203 415 3258 ἐπὶ
489 3211 588 3258 τοῦ
660 3207 917 3277 παρόντος
973 3204 1179 3266 ἀκήκοα
1237 3218 1537 3286 μαρτυριῶν
1623 3212 1821 3266 πολλῶν

205 3302 506 3368 γραφικῶν,
566 3292 797 3365 σκέψεως
856 3298 949 3367 μέν
1004 3294 1213 3358 ἀπάσης
1270 3301 1331 3353 τὸ
1416 3298 1640 3355 ἐντεῦθεν
1697 3300 1822 3375 ἀφί-

207 3399 432 3459 σταμαι⁶
494 3384 849 3448 κατατίθεμαι
909 3380 969 3438 δὲ
1044 3395 1354 3462 συμφρονεῖν
1430 3388 1517 3443 ἐπὶ
1588 3398 1651 3464 τῇ
1729 3412 1824 3445 πα-

199 3475 374 3547 ρούσῃ
405 3472 663 3526 ὑποθέσει
687 3473 827 3525 κατὰ
850 3472 1024 3525 πάντα
1065 3481 1128 3547 τῇ
1170 3473 1266 3549 ἐμῇ
1312 3472 1647 3551 ἀδελφότητι·
1709 3480 1822 3533 ὅθεν

198 3566 290 3614 καὶ
350 3559 596 3635 διατόρῳ
651 3564 880 3633 στόματι
921 3558 1260 3638 ἆνακηρύττω
1330 3584 1388 3618 τε
1440 3571 1532 3620 καὶ
1588 3567 1824 3641 ὁμολογῶ

200 3653 474 3703 πιστεύειν
532 3648 738 3711 άληθῶς
776 3652 851 3722 μὴ
892 3656 968 3721 τῷ
1014 3656 1185 3726 Πατρὶ
1232 3654 1394 3726 μόνω,
1446 3652 1573 3709 ἀλλὰ
1618 3651 1687 3716 δὴ
1734 3660 1824 3710 καὶ

199 3747 273 3810 τῷ
322 3744 437 3809 Υἰῷ
486 3743 582 3792 καὶ
618 3745 694 3791 τῶ
743 3742 983 3811 παναγίᾳ
1023 3737 1237 3814 Τριάδι,
1290 3745 1351 3795 τὸ
1411 3746 1663 3808 ζωοποιόν
1695 3744 1826 3820 αζιια

197 3829 292 3881 ιοιῖ
323 3837 491 3901 σῶμα
521 3834 617 3880 τοῦ
637 3834 881 3902 Σωτῆρος
909 3833 1146 3901 Χριστοῦ
1194 3834 1285 3884 καὶ
1333 3836 1547 3906 πρώτως
1597 3831 1681 3887 ἐπὶ
1731 3841 1823 3888 τοῦ

199 3923 538 3971 Δεσποτικοῦ
595 3917 802 3979 πάθους
861 3919 1298 3992 προσενεχθῆναι,
1357 3923 1447 3974 καὶ
1502 3924 1674 3976 ἔκτοτε
1738 3926 1825 3986 τὰς

203 4010 475 4081 ὁσημέραι
496 4005 811 4079 τελουμένας
872 4008 924 4060 ὶν
974 4013 1090 4071 ταῖς
1139 4010 1299 4082 ἱεραῖς
1354 4009 1579 4075 τελεταῖς
1630 4032 1825 4086 μυστι-

202 4099 302 4160 κὰς
379 4096 667 4169 ἁγιστείας
741 4103 809 4170 τῇ
868 4100 1276 4172 τρισυποστοίτῷ
1344 4102 1550 4166 πάντως
1603 4107 1826 4163 Θεότητι

205 4188 356 4260 παρὰ
383 4192 488 4239 τῶν
515 4188 713 4248 ταύτας
737 4186 1136 4263 ἱερουργούντων
1161 4190 1546 4262 προσάγεσθαι·

278 4333 474 4384 Ταῦτα
662 4332 755 4382 καὶ
807 4328 835 4381 ὁ
890 4327 1214 4404 Δυρῥαχίου·
1272 4332 1340 4394 ὡς
1402 4327 1462 4386 δί
1508 4333 1651 4407 ζήλῳ
1708 4336 1827 4408 θείῳ

210 4422 488 4478 καίνηντο
582 4416 878 4490 ξύμπαντες
958 4417 1225 4491 ἱερώτατοι
1274 4416 1540 4496 ἀρχιερεῖς
1606 4422 1718 4497 ἅμα
1759 4432 1823 4498 τῇ

1936 1889 2171 1942 nectute
2201 1887 2496 1960 sapientia
2542 1903 2613 1944 ac
2661 1886 2984 1959 prudentia
3027 1888 3325 1960 obtingat.
3386 1890 3585 1947 Sancti

1936 1972 2097 2030 enim
2117 1975 2394 2032 homines
2425 1976 2502 2032 ab
2534 1975 2783 2032 ethnicis
2810 1992 3056 2049 quaque
3086 1992 3199 2033 nos
3235 1977 3465 2035 discere
3509 1978 3586 2035 si-

1935 2066 2110 2122 nunt.
2141 2065 2371 2123 Sanetm
2389 2069 2597 2123 vestras
2624 2080 2834 2139 preces
2859 2065 3008 2125 mihi
3062 2065 3338 2125 faveant!
3381 2066 3584 2125 Humi-

1934 2151 2007 2209 lis
2025 2153 2406 2228 metropolita
2428 2154 2759 2228 Dyrrachii.

2005 2315 2147 2373 Post
2171 2314 2443 2373 ablatum
2463 2314 2814 2388 hujusmodi
2862 2315 2941 2374 ab
2991 2331 3063 2373 eo
3106 2315 3397 2385 libellum,
3442 2332 3582 2376 eum

1932 2420 2005 2462 eo
2032 2404 2187 2462 lecto
2227 2404 2556 2463 audivisset
2577 2405 2813 2463 recitari
2841 2405 3080 2479 publice
3105 2406 3181 2463 de
3216 2406 3450 2480 scriptis
3478 2423 3583 2464 va-

1930 2494 2051 2552 rias
2076 2494 2459 2552 auctoritates
2515 2511 2652 2569 quae
2682 2494 2967 2552 favebant
2992 2494 3307 2569 lucideque
3332 2495 3394 2552 id
3446 2511 3583 2554 eon-

1929 2582 2257 2641 ﬁrmabant
2282 2583 2451 2658 quod
2480 2583 2560 2641 ab
2592 2600 2663 2640 eo
2683 2583 3094 2656 dubitabatur,
3118 2585 3317 2643 statim
3347 2585 3405 2641 in
3434 2598 3580 2643 con-

1932 2688 2101 2729 sessu
2127 2687 2383 2743 surgens
2406 2676 2463 2729 et
2486 2673 2549 2729 in
2585 2672 2857 2731 medium
2887 2689 3265 2746 progressus,
3314 2675 3373 2732 Si
3403 2679 3583 2732 antea

1931 2761 2254 2836 postulavi,
2275 2762 2490 2835 inquit,
2544 2765 2783 2835 tempus
2812 2762 2891 2820 ad
2922 2762 3459 2832 considerandum,
3519 2768 3585 2820 ut

1931 2850 2152 2923 scripto
2174 2865 2309 2907 meo
2326 2850 2470 2920 dixi,
2493 2850 2681 2907 timidi
2694 2850 2754 2907 id
2775 2850 2886 2907 fuit
2908 2865 2984 2908 ne
3020 2851 3222 2910 dicam
3240 2851 3583 2925 scrupulosi

1932 2940 2138 3008 animi,
2170 2940 2285 2996 hac
2317 2955 2497 3012 super
2519 2956 2583 2996 re
2611 2939 2870 2997 nolentis
2919 2957 2994 2997 ex
3029 2939 3287 3014 abrupto
3335 2955 3582 3013 respon-

1929 3028 2091 3085 dere.
2114 3031 2541 3085 Verumtamen
2560 3028 2634 3084 iis
2659 3029 2790 3100 jam
2822 3029 3151 3100 convictus,
3179 3045 3313 3101 quae
3348 3027 3585 3085 recitari

1933 3116 2135 3173 audivi
2163 3117 2346 3188 hujus
2374 3115 2679 3187 dogmatis
2733 3116 3107 3188 testimoniis,
3140 3132 3387 3173 omnem
3417 3119 3585 3189 post-

1931 3205 2072 3264 hinc
2120 3204 2559 3263 dubitationem
2603 3205 2859 3277 abjieio;
2903 3205 3123 3279 aioque
3188 3221 3285 3285 me
3332 3220 3583 3278 prorsus

1931 3295 2309 3353 subscribere
2350 3300 2561 3354 vestrae
2611 3295 2996 3353 fraternitatis
3050 3294 3385 3363 sententiae;
3423 3292 3583 3351 ideo-

1929 3401 2048 3459 que
2068 3386 2328 3443 rotundo
2358 3401 2459 3443 ore
2500 3385 2758 3459 praedico
2797 3389 2979 3459 atque
3027 3385 3320 3444 conﬁteor
3356 3384 3582 3441 sincere

1929 3491 2027 3531 me
2054 3475 2312 3543 credere,
2341 3475 2508 3549 quod
2529 3490 2654 3533 non
2681 3475 2842 3532 Patri
2889 3475 3019 3542 soli,
3068 3474 3177 3531 sed
3207 3475 3387 3531 etiam
3414 3473 3576 3547 Filio,

1929 3565 2159 3638 totique
2188 3564 2583 3621 sanctissimae
2608 3564 2892 3637 Trinitati,
2922 3564 3195 3622 viviﬁcus
3238 3563 3486 3634 sanguis
3524 3567 3583 3621 et

1932 3669 2152 3728 corpus
2184 3655 2508 3712 Servatoris
2548 3655 2778 3723 Christi,
2805 3659 2862 3712 et
2882 3659 3022 3711 tunc
3052 3654 3317 3728 primum
3362 3655 3424 3709 in
3471 3651 3578 3709 Do—

1930 3742 2156 3800 miniea
2195 3743 2484 3816 passione
2540 3743 2813 3801 oblatum
2889 3743 3091 3800 fuerit:
3186 3747 3244 3799 et
3296 3742 3580 3813 deinceps

1931 3834 2342 3907 quotidianas,
2356 3850 2493 3907 quae
2520 3833 2674 3890 ﬁunt
2692 3834 2755 3891 in
2772 3833 2955 3890 sacris
2971 3832 3273 3905 mysteriis
3294 3831 3582 3902 mysticas

1932 3922 2287 3992 oblationes,
2318 3923 2526 3980 Deitati
2564 3922 2625 3978 in
2654 3923 2847 3979 tribus
2894 3920 3169 3993 personis
3199 3918 3576 3985 subsistenti,

1932 4010 2012 4072 ab
2041 4011 2112 4068 iis
2128 4010 2233 4084 qui
2258 4010 2443 4069 sacris
2472 4014 2800 4083 operantur
2821 4007 3042 4066 offerri.

2007 4333 2304 4389 Hactenus
2352 4329 2819 4404 Dyrrachiensis.
2885 4332 3047 4386 Tunc
3122 4344 3261 4386 vero
3317 4327 3585 4386 universi

1935 4419 2327 4478 sacratissimi
2370 4417 2684 4489 antistites,
2734 4417 3100 4489 suffragante
3153 4433 3292 4475 mea
3337 4432 3583 4491 quoque

216 4506 365 4577 ἡμῶν
414 4507 807 4580 συμπνευσάση
880 4508 1202 4580 μετριότητι,
1263 4512 1353 4562 καὶ
1412 4517 1487 4582 τῷ
1538 4509 1826 4587 προδιαλη.

1936 4509 2364 4576 mediocritate,
2385 4506 2813 4581 [praedictoque
2858 4506 3240 4564 sanctissimo
3295 4507 3578 4563 Hieroso-

221 4599 398 4667 γθέντι
424 4596 710 4669 ἁγιωτάτῳ
749 4596 1064 4671 πατριάρχῃ
1118 4596 1506 4673 Ἰεροσολύμων,
1563 4605 1682 4665 τοὺς
1736 4612 1829 4667 τῆς

219 4682 516 4750 κακοδοξου
582 4686 778 4746 ταύτης
852 4686 1135 4759 θρησκείας
1198 4691 1527 4764 γεννήτορας,
1584 4689 1629 4744 ει
1694 4710 1831 4758 τινες

222 4773 285 4824 ἄν
327 4778 421 4827 καὶ
468 4770 589 4846 εἶεν,
642 4770 686 4826 εἰ
740 4774 831 4844 μεν
880 4770 1140 4846 ἑμμένόιεν
1204 4781 1268 4848 τῇ
1336 4780 1553 4851 σφετέρᾳ
1616 4783 1706 4832 καὶ
1756 4782 1828 4834 ἔτι

224 4863 440 4937 αἱρέσει,
544 4860 831 4934 ὅωαθέματι
933 4863 1369 4937 .καθυπέγραφον“
1454 4876 1828 4939 μετανοοῦντας

227 4947 284 5004 δε
322 4951 420 5005 οὐκ
462 4949 630 5011 ἄλλως
656 4947 932 5024 ἐδέχοντο,
964 4952 995 5009 ἦ
1035 4953 1205 5014 καθὼς
1235 4951 1285 5005 οἳ
1308 4971 1363 5006 τε
1387 4954 1511 5007 θεῖοι
1556 4961 1648 5009 καί
1700 4959 1827 5032 ἱεροί

225 5044 428 5104 κανόνες
507 5042 577 5093 τὰ
632 5044 753 5115 περί
810 5041 1011 5092 τούτων
1087 5037 1495 5115 διακελεύονται,
1576 5051 1666 5099 καί
1727 5055 1826 5099 τῶν

226 5135 461 5206 Πατέρων
515 5131 573 5183 αἱ
617 5124 971 5204 παραδόσεις·
1017 5135 1185 5182 ταῦτα
1250 5131 1672 5203 «amatricem
1724 5144 1822 5189 τῶν

226 5222 477 5295 ἡμετέρων
528 5216 841 5293 σχεδαρίων
906 5224 1010 5269 τῶν
1080 5215 1373 5272 συνοδικῶν
1446 5230 1822 5299 παρασημειώ-

228 5327 364 5378 cem,
419 5314 514 5364 καί
556 5316 622 5382 τῇ
676 5309 965 5381 ὑπογραφῇ
1009 5311 1099 5359 καί
1157 5305 1413 5381 σφραγῖδι
1471 5310 1825 5385 βεϐαιωθέντα

224 5399 450 5455 Ἰωάννου
541 5397 957 5473 θοεφιλεστάτου
1034 5395 1434 5471 χαρτοφύλακος
1514 5411 1608 5456 τοῦ
1691 5411 1825 5459 nm-

226 5497 447 5563 τεχνοῦς,
504 5486 733 5547 ἔπιδόθη
796 5489 935 5559 μηνί
981 5490 1069 5539 καί
1133 5482 1420 5541 ἰνικδτιῶνι
1465 5499 1580 5557 τοῖς
1638 5512 1827 5569 προγεο

223 5585 540 5656 γραμμιοις,
590 5582 700 5634 ἔτει
762 5570 997 5649 ,ευ-ΚΞΝ·
1050 5576 1082 5635 ἡ
1154 5577 1455 5652 impart?
1532 5583 1559 5635 ὁ
1627 5602 1826 5658 καρτο-

225 5667 372 5746 γύλαξ
398 5668 638 5735 ἰωᾶννης
659 5664 1014 5737 Παντικνήε·

1935 4598 2242 4673 lymorum
2270 4597 2632 4671 patriarcha,
2654 4597 2857 4653 divino
2885 4596 3008 4653 zelo
3040 4597 3324 4654 commoti
3336 4600 3493 4663 sunt,
3517 4598 3583 4652 ut

1935 4688 2163 4745 insanae
2198 4688 2379 4759 hujus
2431 4686 2717 4743 doctrinae
2754 4690 3051 4755 auctores,
3102 4686 3151 4742 si
3200 4685 3307 4760 qui
3356 4687 3579 4754 essent,

1937 4778 2201 4851 atquein
2232 4792 2343 4834 sua
2368 4776 2569 4833 adhuc
2597 4776 2811 4833 haeresi
2840 4778 3312 4849 perseverarent,
3337 4773 3584 4830 anathe-

1935 4867 2083 4925 mati
2111 4866 2475 4938 subjicerent
2497 4885 2511 4923 :
2530 4864 2699 4939 quod
2721 4865 2768 4921 si
2790 4864 2940 4922 forte
2969 4864 3410 4938 resipiscerent,
3457 4876 3583 4918 non

1935 4956 2106 5014 aliter
2133 4972 2233 5013 eos
2253 4971 2383 5012 esse
2409 4954 2787 5028 recipiendos
2835 4969 3022 5027 quam
3079 4951 3264 5009 divini
3304 4951 3581 5024 sacrique

1934 5061 2197 5103 canones
2236 5047 2599 5117 Patrumque
2641 5043 2994 5100 traditiones
3034 5042 3269 5113 jubent.
3326 5043 3459 5096 Htec
3514 5053 3588 5094 ex

1934 5133 2393 5192 Commentariis
2435 5136 2718 5189 Actorum
2777 5131 3211 5205 synodicorum
3286 5132 3591 5199 excerpta,

1932 5223 2372 5296 subscriptione
2410 5226 2468 5278 et
2519 5220 2713 5294 sigillo
2761 5220 3011 5278 Joannis
3062 5220 3183 5277 Deo
3239 5215 3594 5275 charissimi

1933 5311 2416 5386 chartophylacis
2481 5310 2840 5368 Pantccbnis
2913 5309 3175 5381 ﬁrmata,
3230 5309 3390 5365 edita
3450 5302 3598 5363 sunt

1931 5418 2141 5461 mense
2170 5407 2229 5460 et
2274 5401 2602 5459 indictione
2649 5400 2971 5473 praedictis,
3019 5415 3181 5457 anno
3228 5398 3397 5455 νιΜο
3448 5396 3584 5452 XIV.

1933 5492 2168 5565 (Christi
2199 5491 2382 5562 1156.)
2437 5490 2845 5561 Subseriptio:
2902 5492 3164 5547 Joannes
3214 5484 3583 5543 Pantechnes

1934 5579 2389 5655 chartophylax.
