4106 6296
191 394 265 451 15⁸1

1545 411 1893 470 THESAURI
1934 414 2059 470 LIB.
2106 416 2282 473 XXIV.

3487 424 3589 478 158

203 523 320 574 ιιιὶὸ
350 529 476 599 περὶ
534 534 651 580 τῶν
708 528 927 604 ἑορτῶν
980 530 1041 587 δέ
1079 533 1228 606 λόγος
1272 543 1346 606 τῷ
1401 535 1541 607 αύτῷ
1570 534 1699 590 εἴδει
1740 546 1824 598 τῆς

1944 542 2138 611 ipsum
2151 543 2193 595 ⁸.
2219 544 2525 601 Festorum
2564 559 2807 619 quoque
2835 546 3171 604 institutum
3195 547 3393 603 eidem
3410 545 3591 603 inter-

215 609 473 683 ἑξηήσιως
545 616 974 689 ὑπαχθήσεται
1012 637 1026 651 ⁸
1066 625 1199 677 ὥστε
1249 629 1340 676 καὶ
1389 628 1447 676 1'6
1506 628 1707 697 Πάσχα
1759 632 1831 699 μὴ

222 700 447 776 ἑορτάζειν
501 706 653 777 ἡμᾶς
706 706 764 760 ἐν
810 709 961 784 ζύμη
1012 718 1199 775 κακίας
1247 718 1337 766 καὶ
1395 718 1667 788 πονηρίας,
1725 714 1832 768 ἀλλ’

231 789 266 843 ἰν
320 791 533 865 ἀζύμοις
571 794 931 870 εἰλικρινείας
986 806 1075 853 καὶ
1140 798 1400 867 ἀληθείας,
1432 803 1678 875 θυομένου
1708 809 1834 878 πρὸς

231 882 424 955 ἑσπέραν
456 923 472 946 ,
510 889 804 937 τουτέστιν
858 885 947 940 ἐπὶ
1004 889 1264 962 συντελείᾳ
1316 897 1409 943 τοῦ
1461 891 1645 955 αἰῶνος
1673 937 1689 963 ,
1742 900 1833 946 τοῦ

233 968 456 1027 ἀληθινοῦ
499 972 783 1046 προϐάτου
838 984 1099 1050 Χριστοῦ,
1126 976 1186 1032 οὗ
1232 981 1263 1038 ἠ
1326 980 1460 1054 σὰρξ
1497 979 1696 1043 ἀληθής
1723 980 1834 1035 ἐστι

238 1056 442 1130 βρῶσις·

233 1206 330 1254 Τοῦ
358 1210 705 1275 Δαμασκηνοῦ
729 1205 786 1258 ἐκ
819 1213 914 1260 τοῦ
954 1213 1079 1284 Περὶ
1103 1216 1204 1262 τῶν
1246 1210 1406 1282 ἁγίων
1436 1218 1526 1265 καὶ
1556 1211 1831 1288 ἀχράντων

500 1300 594 1345 τοῦ
618 1300 822 1368 Κυρίου
854 1303 1177 1370 μυστηρίων,
1209 1318 1322 1371 κεφ.
1342 1299 1421 1361 πς’
1446 1304 1542 1373 (7).

291 1433 404 1485 Ούκ
450 1437 569 1487 ἔστι
607 1438 768 1498 τύπος
808 1438 834 1489 6
881 1439 1037 1511 ἄρτος
1091 1442 1182 1491 καὶ
1227 1440 1253 1491 6
1284 1438 1419 1501 οἲνος
1454 1448 1547 1493 τοῦ
1591 1447 1830 1514 σώματος

215 1528 306 1573 καὶ
339 1525 567 1595 αἱματος
623 1532 719 1577 τοῦ
754 1533 993 1600 Χριστοῦ
1026 1544 1040 1557 ⁸
1075 1531 1147 1600 μὴ
1201 1530 1431 1599 γένοιτοξ
1464 1528 1575 1581 ἀλλ’
1613 1530 1740 1583 αὐτὸ
1770 1534 1828 1583 1'6

216 1620 374 1682 σῶμα
439 1621 535 1664 τοῦ
606 1619 802 1688 Κυρίου
871 1617 1177 1689 τεθεωμένον
1212 1634 1223 1647 '
1266 1617 1427 1670 αύτοῦ
1486 1625 1579 1671 τοῦ
1632 1622 1827 1695 Κυρίου

214 1698 457 1763 εἰπόντος
488 1706 695 1756 ’Τοῦτό
751 1704 852 1775 μού
916 1702 1079 1770 ἐστιν,
1138 1705 1244 1777 ούχ
1295 1706 1320 1757 6
1376 1708 1533 1768 τύπος
1587 1714 1680 1760 τοῦ
1726 1714 1823 1761 σώ-

210 1808 400 1860 ματος,
434 1789 566 1843 ἀλλὰ
611 1796 671 1845 τὸ
720 1801 876 1866 σῶμα
904 1815 917 1827 ·
950 1798 1041 1846 καὶ
1068 1794 1172 1867 οὐχ
1202 1797 1228 1847 6
1264 1798 1422 1857 τύπος
1459 1804 1550 1850 τοῦ
1585 1797 1825 1869 αἵματος,

1942 632 2260 704 pretationi
2307 634 2640 691 obnoxium
2665 639 2773 692 erit
2805 653 2818 692 :
2852 636 2934 692 ita
2962 640 3026 693 ut
3054 636 3282 693 Pascha
3324 635 3589 693 celebre-

1942 737 2078 777 mus
2107 736 2230 778 non
2258 723 2319 779 in
2348 724 2641 782 fermento
2681 724 2922 781 malitiae
2954 731 3010 781 et
3032 725 3453 798 improbitatis,
3482 724 3590 782 sed

1942 811 2003 867 in
2059 812 2286 884 azymis
2338 813 2691 870 sinceritatis
2718 819 2776 872 et
2821 815 3116 884 veritatis;
3148 815 3462 872 immolata
3487 829 3590 872 ve-

1943 916 2137 975 spere,
2157 901 2219 958 id
2250 903 2418 959 estin
2441 903 2646 961 saeculi
2664 903 2804 972 ﬁne,
2836 920 2980 962 vera.
3008 920 3119 962 ove
3150 905 3401 977 Christo,
3414 904 3588 977 cujus

1940 1007 2082 1047 caro
2106 1006 2284 1047 verus
2308 997 2398 1050 est
2427 992 2617 1048 cibus.

1939 1226 2287 1282 Damasceni
2323 1242 2398 1283 ex
2434 1228 2702 1296 capitulo
2751 1228 2924 1284 LXX
2936 1228 3008 1284 VI
3034 1229 3119 1284 De
3154 1227 3379 1284 sanctis
3407 1225 3589 1297 atqué

2132 1321 2143 1325 '
2299 1315 2600 1386 purissimi
2627 1316 2869 1373 Domini
2900 1316 3218 1386 mysteriis.

2010 1457 2181 1513 Panis
2204 1457 2532 1530 vinumque
2560 1456 2720 1515 haud
2745 1462 2884 1517 sunt
2908 1457 3034 1531 typi
3069 1458 3340 1530 corporis
3368 1460 3427 1514 et
3454 1471 3589 1515 san-

1936 1545 2135 1616 guinis
2175 1547 2409 1613 Christi,
2461 1546 2652 1617 absit;
2685 1547 2791 1604 sed
2839 1549 3040 1620 ipsum
3099 1546 3310 1605 Christi
3366 1560 3587 1618 corpus

1933 1640 2027 1692 est
2054 1635 2218 1707 quod
2267 1635 2458 1692 oculis
2507 1636 2808 1707 obiicitur,
2837 1636 2970 1709 ipso
3005 1636 3260 1695 Domino
3306 1634 3584 1691 dicente:

1936 1726 2053 1780 Hoc
2082 1731 2186 1795 est,
2220 1739 2344 1781 non
2394 1725 2664 1797 corporis
2710 1730 2915 1798 typus,
2947 1724 3055 1781 sed
3104 1740 3359 1795 corpus;
3389 1737 3587 1796 neque

1934 1812 2247 1881 sanguinis
2280 1818 2480 1886 typus,
2513 1812 2620 1870 sed
2651 1815 2899 1885 sanguis
2920 1816 2969 1872 θ.
3006 1818 3132 1871 lmo
3161 1818 3220 1869 et
3273 1816 3452 1870 antea
3483 1813 3586 1871 Ju-

214 1878 350 1931 ἀλλὰ
386 1884 449 1931 τό
490 1878 625 1952 αἷμα
657 1903 670 1914 -
712 1886 799 1934 καὶ
833 1887 936 1958 πρὸ
966 1885 1151 1936 τούτου
1180 1891 1291 1946 τοίς
1338 1881 1638 1952 Ἰουδαίοις,
1663 1887 1743 1937 ὅτι
1766 1886 1824 1939 Εἰ

1937 1878 2083 1958 ἀωῙὲ
2125 1878 2391 1959 dixerat:
2417 1878 2556 1958 Nisi
2592 1878 3101 1961 manducaveritis
3146 1916 3395 1959 carnem
3437 1887 3589 1958 Filii

210 1975 283 2040 μη
358 1973 567 2042 φάγητε
628 1976 723 2030 τὴν
778 1975 954 2045 σάρκα
1017 1980 1108 2025 τοῦ
1182 1976 1304 2027 Υίοῦ
1359 1982 1452 2028 τοῦ
1530 1975 1825 2048 ἀνθρώπου,

210 2058 322 2129 οὐχ
400 2058 539 2121 ἕξετε
589 2057 730 2120 ζωὴν
792 2061 1020 2113 αἰώνιον.
1053 2064 1083 2120 ἠ
1116 2065 1214 2136 γὰρ
1269 2064 1400 2135 σάρξ
1453 2084 1555 2136 μου
1630 2063 1828 2125 ἀληθής

212 2146 330 2199 ἐστι
375 2145 583 2220 βρῶσις
614 2165 626 2177 ·
659 2153 747 2201 καὶ
785 2153 843 2204 τὸ
896 2147 1030 2222 αἷμά
1075 2171 1176 2223 μου
1241 2152 1442 2216 ἀλῆθής
1488 2152 1600 2205 ἐστι
1637 2158 1819 2215 πόσις·

211 2243 303 2288 καί
329 2236 493 2289 πάλιν
524 2258 536 2269 ·
568 2236 626 2290 Ὀ
655 2244 867 2311 τρώγων
905 2258 970 2310 με
1024 2243 1260 2303 ζήσεται.
1291 2271 1357 2285 —
1379 2246 1476 2295 Καὶ
1516 2242 1628 2314 μετ’
1658 2241 1825 2314 ὀλίγα’

214 2325 357 2380 Αὕτη
384 2324 528 2378 ἐστὶν
558 2328 589 2383 ἡ
637 2329 846 2402 καθαρὰ
894 2329 1054 2380 θυσία
1094 2324 1302 2387 δηλαδὴ
1362 2334 1452 2382 καὶ
1489 2328 1826 2403 ἀναίμακτος,

212 2416 272 2470 ἰν
314 2412 422 2465 ἀπό
476 2412 734 2467 ανατολῶν
784 2416 934 2474 ἡλίου
1010 2420 1173 2492 μέχρι
1220 2414 1438 2490 δυσμῶν
1492 2420 1632 2491 αύτῷ
1661 2440 1828 2493 προσ·

210 2505 467 2576 φέρεσθαι
534 2500 629 2555 διὰ
686 2511 776 2555 τοῦ
842 2511 1116 2578 προφήτου
1181 2510 1207 2559 ὁ
1266 2511 1451 2582 Κύριος
1515 2511 1704 2581 ἓφησε³
1739 2515 1828 2562 καὶ

207 2592 324 2663 μετ’
381 2590 570 2662 ὀλίγα·
604 2593 668 2644 Εἰ
726 2589 788 2645 δὲ
836 2599 927 2646 καὶ
978 2613 1110 2656 τινες
1153 2593 1411 2649 ἀντίτυπα
1452 2606 1541 2650 τοῦ
1587 2605 1829 2671 σώματος

209 2690 301 2731 καὶ
343 2688 438 2732 τοῦ
464 2679 691 2754 αἳματος
744 2690 835 2734 τοῦ
889 2688 1085 2757 Κυρίου
1124 2689 1208 2736 τὸν
1256 2687 1412 2753 ἄρτον
1443 2692 1530 2739 καὶ
1568 2691 1655 2740 τὸν
1693 2689 1827 2741 οἶνον

212 2766 495 2835 ἐκαὶεσαν,
547 2774 613 2832 ὡς
651 2773 678 2822 6
711 2774 958 2845 θεοφόρος
1007 2775 1099 2843 ἔφη
1153 2775 1435 2837 Βασίλειος,
1486 2775 1545 2828 ού
1594 2780 1723 2847 μετά
1769 2781 1827 2829 τὸ

212 2857 540 2927 ἁγιασθῆναι
606 2862 769 2925 εἰπόν,
797 2860 928 2913 ἀλλὰ
982 2867 1104 2935 πρὶν
1157 2862 1476 2934 ἁγιασθῆναι
1533 2865 1694 2923 αὐτην
1734 2870 1827 2924 τὴν

216 2950 524 3022 προσψοράν
545 2951 683 3001 οὕτω
716 2949 1050 3011 καλέσαντες.

319 3095 426 3141 Τοῦ
458 3096 845 3164 Χρυσοστόμον
869 3092 929 3144 ἐκ
958 3099 1051 3143 τοῦ
1080 3098 1258 3165 τρίτου
1288 3093 1442 3165 λόγου
1473 3103 1564 3147 τοῦ
1595 3102 1719 3169 Περὶ

820 3182 1107 3255 ἱερωσύνης

278 3320 446 3371 ⁴Οταν
488 3324 591 3395 γὰρ
639 3319 768 3387 ἱδης
805 3327 894 3374 τόν
944 3326 1133 3398 Κύριον
1185 3326 1455 3397 τεθυμένον
1500 3332 1590 3380 καὶ
1650 3332 1825 3400 κείμε-

207 3426 309 3472 νον,
345 3412 555 3461 καὶτὸν
595 3407 850 3485 ἀρχιερέα
897 3408 1161 3483 ἐφεστῶτα
1205 3420 1277 3483 τῷ
1320 3414 1512 3485 θύματι
1560 3420 1648 3468 καὶ
1678 3413 1826 3468 ἕπευ-

207 3499 437 3565 χόμενον
466 3539 481 3562 ,
532 3503 622 3550 καὶ
678 3501 875 3559 πάντας
941 3498 1113 3571 ἐκείνῳ
1184 3509 1254 3572 τῷ
1314 3503 1430 3575 θείῳ
1493 3510 1826 3577 φοινισσομέ-

204 3603 325 3646 aeu;
390 3585 579 3656 αἵματι
612 3629 627 3653 ,
670 3581 776 3662 ἆρα
838 3590 916 3640 ἔτι
994 3591 1126 3660 μετὰ
1188 3597 1286 3641 τῶν
1354 3588 1633 3664 ἀνθρώπων
1699 3590 1826 3645 εἶναι

204 3673 442 3742 νομίζεις
491 3678 582 3726 καὶ
626 3677 710 3727 ἐπὶ
744 3684 849 3747 γῆς
887 3676 1105 3729 ἑστάναι
1136 3719 1148 3739 ,
1177 3676 1283 3729 ἀλλ’
1336 3678 1430 3731 ούκ
1487 3679 1667 3742 εὐθέως
1742 3679 1825 3734 ἐπὶ

203 3765 327 3822 τοὺς
393 3762 646 3836 οὐρανοὺς
703 3770 1089 3835 μετανίστασαι
1118 3805 1137 3835 ,
1191 3770 1280 3818 καὶ
1338 3773 1514 3820 πᾶσαν
1568 3774 1825 3841 σαρκικὴν

206 3845 453 3902 διάνοιαν
494 3859 590 3912 τῆς
635 3852 828 3924 ψυχῆς
878 3852 1103 3906 ἐκϐαλὼν
1128 3897 1143 3921 ,
1180 3865 1350 3929 γυμνῇ
1427 3877 1498 3929 τῳ
1539 3857 1693 3930 ψυχῇ
1735 3862 1824 3910 καὶ

206 3940 427 4012 καθαρῷ
477 3948 551 4011 τῷ
604 3950 675 4011 νῷ
734 3942 1061 4015 περιϐλέπεις
1095 3945 1160 3996 τὰ
1211 3942 1259 3996 ἓν
1312 3945 1584 4018 οὐρανοῖς
1625 3953 1691 3998 Ὦ.
1734 3953 1823 3999 τοῦ

208 4029 481 4099 θαύματος
504 4030 517 4084 !
542 4029 613 4082 Ὠ
642 4039 738 4091 τῆς
788 4038 885 4083 τοῦ
953 4037 1078 4084 Θεοῦ
1135 4033 1554 4107 φιλανθρωπίαςὲ
1584 4034 1645 4087 Ὀ
1697 4038 1826 4107 μετά

207 4124 297 4167 τοῦ
352 4122 564 4190 Πατρός
610 4121 716 4171 οἰνω
768 4122 1063 4192 καθήμενος
1090 4163 1103 4187 ,
1136 4125 1273 4174 κατὰ
1310 4126 1404 4180 τὴν
1456 4126 1590 4195 ὥραν
1629 4123 1824 4182 ἐκείνην

207 4212 323 4266 ταῖς
383 4205 622 4258 ἁπάντων
688 4212 978 4279 κατέχεται
1031 4215 1239 4282 χερσὶ,
1271 4214 1359 4262 καὶ
1409 4207 1630 4263 δίδωσιν
1669 4212 1823 4264 αὐτόν

207 4301 316 4354 τοίς
357 4293 695 4367 βουλομένοις
751 4297 1177 4371 περιπτύξασθαι
1227 4303 1318 4350 καὶ
1386 4299 1678 4374 περιλαϐεῖν
1734 4306 1823 4354 καὶ

207 4393 615 4455 marsppium
641 4395 692 4421 ⁸ο
767 4387 987 4444 ἔστηκεν
1049 4389 1078 4440 6
1144 4389 1325 4462 ἱερεύς,
1365 4388 1425 4440 ού
1496 4397 1600 4462 πῦρ
1656 4410 1823 4443 κατα-

210 4476 372 4542 φέρων
428 4476 565 4525 κατὰ
605 4477 696 4525 τόν
750 4473 929 4527 Ἠλιοῦ
956 4517 970 4541 ,
1010 4473 1139 4528 ἀλλὰ
1177 4479 1234 4529 1'6
1296 4483 1504 4549 Πνεῦμα
1541 4483 1599 4531 1'6
1637 4479 1813 4550 ἅγιον*

1856 3238 1897 3292 C

1937 1991 2335 2056 hominis,non
2394 1991 2684 2047 habebitis
2745 1992 2931 2048 vitam
2990 1998 3274 2048 aeternam
3302 1991 3366 2045 ¹⁰.
3429 1989 3587 2046 Caro

1935 2080 2091 2135 enim
2121 2093 2253 2135 mea
2273 2079 2690 2145 verusetcibus,
2719 2085 2805 2136 est
2829 2080 3077 2150 sanguis
3117 2094 3281 2136 meus
3303 2092 3477 2137 verus
3499 2081 3588 2135 est

1934 2174 2109 2237 pctus
2136 2170 2202 2223 ³³.
2228 2170 2293 2223 Et
2322 2183 2530 2224 rursus
2559 2183 2573 2221 :
2603 2168 2719 2236 Qui
2745 2183 2838 2226 me
2864 2168 3206 2236 manducat,
3227 2167 3379 2223 vivet
3413 2167 3478 2222 ¹².
3509 2165 3587 2227 Et

1931 2258 2142 2326 paucis
2184 2258 2513 2327 interjectis
2560 2273 2573 2310 :
2612 2258 2747 2314 Hmc
2803 2261 2891 2312 est
2932 2272 3084 2327 pura
3124 2255 3366 2313 victima
3401 2258 3586 2326 atque

1934 2346 2266 2410 incruenta,
2297 2361 2486 2418 quam
2514 2344 2595 2402 ab
2619 2349 2753 2401 ortu
2804 2345 2948 2402 solis
2974 2360 3163 2417 usque
3190 2343 3269 2401 ad
3297 2357 3585 2400 occasum

1935 2434 2180 2505 ipsimet
2203 2433 2473 2491 oblatum
2505 2435 2577 2491 iri
2605 2434 2686 2493 ait
2709 2450 2816 2506 per
2843 2434 3205 2507 prophetam
3238 2431 3579 2491 Dominus'.

1937 2524 2012 2579 Et
2037 2526 2219 2593 paulo
2256 2531 2386 2594 post
2421 2541 2435 2579 :
2465 2525 2632 2591 Quod
2667 2525 2715 2580 si
2738 2524 2845 2597 qui
2890 2523 3167 2596 antitypa
3216 2521 3488 2595 corporis
3528 2524 3588 2578 et

1935 2613 2246 2682 sanguinis
2277 2613 2512 2669 Domini
2530 2628 2751 2685 panem
2783 2623 2839 2670 et
2868 2612 3077 2669 vinum
3110 2610 3582 2685 appellaverunt,

1937 2701 2110 2758 sicuti
2138 2701 2313 2759 divus
2336 2702 2610 2767 Basilius,
2631 2702 2794 2759 haud
2827 2707 2985 2775 post,
3008 2701 3115 2758 sed
3143 2705 3283 2758 ante
3325 2698 3583 2758 sanctiﬁ-

1938 2791 2258 2859 cationem,
2287 2792 2372 2847 ita
2397 2790 2475 2848 de
2498 2790 2801 2848 oblatione
2825 2791 3005 2847 locuti
3030 2797 3188 2847 sunt.

2061 3153 2467 3223 Chrysostomi
2493 3167 2568 3209 ex
2593 3152 2766 3208 tertio
2803 3150 2957 3206 libro
2986 3151 3073 3206 De
3099 3148 3451 3207 sacerdotio.

2005 3326 2151 3381 Cum
2181 3321 2400 3378 videris
2430 3316 2809 3376 immolatum
2861 3317 3180 3374 Dominum
3201 3320 3258 3373 et
3284 3315 3344 3373 in
3368 3332 3584 3373 mensa

1933 3409 2725 3487 positum,sacerdotemque
2754 3408 2967 3465 hostiae
2997 3407 3378 3463 assistentem
3400 3410 3582 3479 atque

1934 3503 2603 3571 orantem,cunctosque
2624 3495 2940 3553 divinoillo
2955 3494 3249 3567 sanguine
3260 3493 3578 3562 delibutos;

1933 3609 2080 3649 num
2125 3591 2323 3647 adhuc
2364 3593 2422 3645 te
2459 3587 2764 3644 existimas
2802 3587 2955 3643 inter
2996 3585 3272 3643 homines
3302 3589 3481 3658 atque
3516 3582 3581 3639 in

1933 3681 2046 3737 hac
2080 3679 2334 3737 terrestri
2356 3677 2598 3750 regione
2625 3675 2869 3745 versari,
2901 3681 2958 3731 et
2982 3691 3102 3731 non
3133 3674 3335 3746 potius
3364 3677 3418 3729 te
3446 3686 3581 3745 pro-

1932 3770 2093 3825 tinus
2124 3768 2184 3823 in
2215 3765 2397 3823 caelos
2425 3763 2751 3833 transferri,
2774 3764 3059 3836 omnique
3089 3760 3314 3817 carnali
3362 3759 3581 3831 cogita-

1933 3858 2089 3914 tione
2101 3873 2173 3913 ex
2186 3856 2390 3912 animo
2402 3854 2498 3924 abj
2509 3858 2656 3919 ecta,
2672 3852 2836 3908 nudo
2858 3852 3067 3923 spiritu
3097 3852 3581 3921 puraquemente

1933 3946 2197 4002 cmlestia
2223 3959 2410 4014 regna
2439 3942 2735 4015 spectare!
2761 3941 2804 3997 Ο
2828 3937 3213 3995 miraculum!
3234 3937 3277 3993 Ο
3312 3936 3408 3992 Dei
3435 3949 3580 4005 erga

1931 4036 2207 4092 homines
2245 4030 2636 4088 charitatem!
2671 4029 2774 4095 Qui
2808 4044 2947 4083 cum
2978 4028 3148 4082 Patre
3191 4038 3452 4097 superne
3480 4036 3579 4080 se-

1931 4126 2052 4193 det,
2083 4126 2234 4180 hora
2257 4123 2358 4178 illa
2376 4120 2650 4178 omnium
2691 4116 2971 4173 manibus
2987 4120 3237 4183 tenetur,
3260 4129 3443 4187 seque
3457 4119 3579 4171 tra-

1932 4214 2016 4271 dit
2037 4211 2335 4285 amplecti,
2368 4208 2573 4277 teneri,
2604 4212 2658 4263 et
2686 4206 2801 4262 frui
2829 4205 3180 4262 volentibus.
3210 4205 3333 4261 Stat
3376 4219 3578 4260 sacer-

1930 4302 2063 4369 dos,
2096 4300 2261 4357 haud
2308 4301 2509 4369 ignem
2537 4298 2689 4354 sicut
2731 4296 2884 4353 Elias
2931 4295 3125 4351 ferens
3153 4293 3259 4350 sed
3296 4297 3578 4351 sanctum

1934 4390 2219 4463 Spiritum
2248 4408 2263 4457 ;
2294 4402 2622 4461 precesque
2659 4385 2761 4441 diu
2809 4384 3118 4457 protrahit,
3154 4397 3278 4439 non
3307 4387 3374 4438 ut
3408 4381 3581 4440 ﬂam-

1932 4495 2034 4536 ma
2058 4480 2315 4550 desuper
2345 4491 2601 4532 accensa
2627 4476 2995 4548 propositam
3013 4471 3382 4529 oblationem
3402 4472 3580 4529 absu-

212 4565 301 4611 και
350 4566 449 4619 τήν
507 4564 776 4637 ἱκετηρίαν
823 4562 910 4616 ἰπὶ
965 4563 1096 4617 πολύ
1151 4573 1417 4634 ποιεῖται,
1457 4567 1562 4638 οὐχ
1620 4570 1703 4620 ἵνα
1746 4588 1821 4630 τις

1937 4568 2187 4638 mat,sed
2217 4571 2282 4622 ut
2302 4566 2493 4635 gratia
2513 4565 2572 4620 in
2596 4564 2894 4620 victimam
2917 4561 3221 4630 decidens,
3254 4577 3360 4634 per
3376 4560 3578 4633 ipsam

212 4645 421 4719 λαμπὰς
461 4653 657 4704 ἄνωθεν
717 4653 945 4724 ἁφθεῖσα
998 4652 1029 4696 b
1078 4654 1421 4728 καταναλώσῃ
1482 4659 1549 4708 τὰ
1610 4664 1818 4732 προκεί-

213 4755 357 4807 μενα,
392 4738 502 4791 ἀλλ’
530 4738 615 4792 ἱνα
662 4743 693 4799 ἡ
741 4744 904 4817 χάρις
965 4741 1290 4796 ἐπιπεσοῦσα
1349 4752 1411 4816 τῇ
1475 4746 1635 4818 θυσίᾳ
1662 4788 1675 4813 ,
1744 4742 1819 4799 δι’

214 4822 409 4889 ἐκείνης
470 4831 563 4889 τὰς
622 4829 864 4882 ἁπάντων
922 4827 1098 4902 ἀπέψη
1152 4832 1333 4904 ψυχὰς
1358 4875 1373 4898 ,
1413 4838 1502 4885 καὶ
1569 4832 1818 4908 ἀργυρίου

213 4910 572 4990 λαμπροτέρας
646 4915 900 4991 ἀποδείξῃ
965 4926 1332 4993 πεπυρωμένου
1384 4959 1399 4972 .
1456 4925 1664 4984 Ταύτης
1731 4921 1819 4976 οὖν

214 5008 305 5064 τῆς
357 5002 798 5079 φρικωδεστάτης
853 5007 1062 5069 τελετῆς
1101 5012 1178 5068 τίς
1209 5012 1280 5080 μὴ
1324 5013 1625 5082 μαινόμενος
1681 5007 1821 5082 μηδὲ

214 5090 493 5156 εξεστηιώς
540 5096 939 5168 ὑπερφρονῆσαι
999 5092 1284 5155 δυνήσεται
1317 5114 1330 5165 ;
1362 5104 1427 5151 Ἦ
1478 5097 1675 5170 ἀγνοεῖς
1740 5102 1821 5153 ὅτι

214 5177 301 5231 θύα
353 5184 419 5235 ἐν
469 5202 597 5236 ποτε
671 5182 976 5255 ἀνθρωπεία
1026 5181 1181 5255 ψυχὴ
1248 5188 1307 5237 τό
1346 5192 1452 5260 πῦρ
1513 5184 1673 5239 ἐκεῖνο
1729 5194 1819 5248 τῆς

216 5267 398 5334 Θυσίας
453 5269 767 5339 ἐϐάστασεν,
829 5270 963 5323 ἀλλὰ
1016 5267 1188 5343 ἄρδην
1242 5272 1466 5335 ἅπαντες
1521 5275 1815 5346 ἠφανίσθη-

1930 4656 2205 4713 omnium
2228 4655 2465 4710 animos
2485 4651 3155 4722 inﬂammet,ignitoque
3176 4653 3424 4719 argento
3437 4647 3580 4705 luci-

1929 4745 2127 4800 diores
2165 4741 2405 4799 efﬁciat.
2442 4741 2586 4808 Quis
2604 4741 2719 4797 hoc
2740 4755 2883 4809 ergo
2902 4738 3277 4795 tremendum
3302 4736 3578 4809 mysteri-

1932 4849 2055 4899 um,
2090 4832 2201 4887 nisi
2224 4831 2393 4903 plane
2419 4830 2641 4887 insanit
2669 4844 2740 4884 ac
2788 4828 2947 4891 furit,
2975 4828 3280 4898 despicere
3308 4825 3525 4899 poterit
3550 4825 3580 4881 ?

1928 4928 2017 4979 An
2046 4919 2495 4987 nescis,nullam
2520 4919 2854 4975 humanam
2876 4918 3145 4973 animam
3166 4916 3368 4986 ignem
3397 4913 3580 4985 hujus

1930 5008 2205 5065 sacriﬁcii
2233 5008 2357 5063 fore
2379 5008 2785 5077 toleraturam,
2814 5007 2937 5061 imo
2966 5020 3179 5061 omnes
3207 5003 3577 5058 destructum

1928 5097 2141 5163 iri,nisi
2159 5096 2425 5152 validum
2455 5096 2671 5152 divinas
2701 5095 2905 5164 gratias
2922 5094 3163 5150 adesset
3182 5090 3528 5164 praesidium
3550 5089 3580 5144 ?

1932 5187 1990 5244 Si
2017 5187 2155 5259 quis
2199 5185 2363 5241 enim
2410 5184 2627 5254 cogitet
2668 5183 2878 5254 quanti
2907 5180 3129 5252 negotii
3172 5181 3246 5236 sit
3268 5178 3579 5235 hominem

1930 5290 2110 5331 carne
2146 5273 2348 5330 adhuc
2377 5277 2435 5329 et
2473 5272 2766 5342 sanguine
2804 5270 3182 5342 implicitum,
3213 5267 3294 5325 ad
3330 5266 3577 5323 beatam

276 5446 297 5479 ⁸
330 5449 508 5504 Levit.
544 5465 680 5518 nx;
708 5446 922 5507 Matth.
950 5448 1192 5517 xxn,39.
1227 5450 1249 5484 θ
1283 5449 1481 5507 Matth.
1510 5467 1673 5517 xxvx,
1698 5455 1790 5522 26,
1816 5455 1909 5507 27.
1946 5452 1991 5486 ¹⁰
2016 5452 2189 5508 Joan.
2224 5466 2297 5520 v1,
2331 5452 2417 5504 54.
2452 5452 2493 5485 ιι
2533 5447 2677 5504 ibid.
2712 5451 2802 5502 56.
2835 5448 2879 5482 ¹²
2903 5443 3148 5502 Malach.
3180 5459 3218 5509 ι,
3255 5447 3338 5497 tt.

274 5590 292 5612 ι
316 5570 486 5629 Deest
522 5579 946 5648 κατατρυφῆσαι
983 5569 1044 5626 in
1068 5570 1209 5628 edit.
1300 5567 1330 5609 δ
1366 5573 1514 5630 Edit.
1534 5573 1806 5646 ἀφεθεῖσα.

276 5695 347 5767 {7)
380 5695 527 5756 Edit.
555 5694 874 5771 Lequinii,
904 5696 957 5750 ι.
995 5691 1041 5761 1,
1068 5708 1130 5767 p.
1156 5696 1285 5763 271,
1312 5697 1437 5752 273.

1999 5698 2079 5769 (8)
2119 5681 2281 5754 Edit.‘
2302 5696 2583 5763 Montf.,t.
2617 5693 2660 5758 Ι,
2702 5705 2765 5762 p.
2800 5694 2923 5747 382.
