4126 6272
553 355 657 412 159
1903 347 2172 406 ΝῘΟΕΤᾸΞ

2296 349 2570 408 ΟΝΙΑΤΛΕ
3819 359 3920 414 160

551 477 719 536 illam
745 479 802 535 et
844 477 1253 550 incorruptam
1283 479 1564 536 naturam
1594 475 1867 549 proxime
1899 474 2180 532 accedere

2322 494 2436 546 σαν,
2481 475 2620 548 εἰμὴ
2667 474 2827 535 πολλή
2877 483 2966 538 τῆς
3016 482 3105 530 τοῦ
3155 482 3290 530 Θεοῦ
3336 478 3560 552 χάριτος
3587 477 3646 539 ἧν
3702 482 3732 540 ἠ
3787 481 3918 555 βού-

553 571 695 624 tunc
731 566 1017 641 praeclare
1047 566 1649 638 intelliget,quantum
1672 563 2178 621 sacerdotibuslio

2318 567 2466 634 θεια;
2535 565 2597 618 Εἰ
2635 568 2736 640 γάρ
2791 587 2864 628 τις
2929 565 3209 625 ἐννοήσειεν
3267 567 3390 620 ὅσον
3447 567 3588 622 ἐστὶν
3649 571 3922 644 ἄνθρωπον

553 672 766 715 norem
780 655 967 712 sancti
983 655 1230 728 Spiritus
1244 655 1656 726 gratialargita
1667 654 1870 710 sit.Per
1881 654 2032 710 hanc
2047 653 2182 708 enin

2316 657 2438 707 ὄντα
2502 659 2591 707 καὶ
2648 657 2723 708 ἔτι
2785 661 2943 730 σαρκὶ
3017 660 3106 709 καὶ
3167 657 3352 730 αἵματι
3415 657 3758 730 πεπλεγμένον
3823 669 3921 724 τῆς

554 745 753 802 ethth
783 749 840 802 et
867 745 981 802 alia
1001 745 1180 801 etiam
1198 745 1292 800 his
1312 743 1479 800 haud
1504 742 1787 799 inferiora
1816 742 2174 798 efﬁciuntur.

2313 747 2576 816 μακαρίας
2632 748 2720 797 καὶ
2775 742 3038 817 ἀκηράτου
3096 747 3292 817 φύσεως
3340 745 3535 809 ἐκείνης
3601 746 3756 821 ἐγγύς
3818 746 3922 804 δυ-

554 836 776 895 νηθῆναι
802 836 1036 907 γενέσθαι
1064 878 1078 902 ,
1120 837 1232 886 τότε
1261 837 1454 888 εἵσεται
1476 833 1640 896 καλῶς
1668 833 1792 894 ὃσης
1821 837 1938 894 τούς
1975 835 2124 905 ἱερεῖς
2149 839 2306 902 τιμῆς
2337 834 2366 892 ἡ
2399 840 2489 886 τοῦ
2515 832 2666 905 ἁγίου
2691 837 2989 907 Πνεύματος
3018 834 3212 898 ἠξίωσε
3241 838 3409 909 χάρις
3433 854 3445 866 ’
3485 833 3559 890 δι’
3591 835 3790 902 ἐκείνης
3817 842 3923 912 γὰρ

555 927 647 978 καὶ
677 931 843 977 ταῦτα
861 924 1139 977 τελειοῦται
1159 964 1173 992 ,
1205 927 1294 975 καὶ
1329 922 1489 998 ἒτῆρα
1518 926 1708 976 τούτων
1747 918 1897 976 οὐδὲν
1940 917 2246 977 ἀποδέοντα.

765 1057 1050 1129 Ejusdem
1077 1073 1154 1116 ex
1175 1063 1341 1116 sexto
1367 1058 1438 1116 de
1468 1056 1792 1115 sacerdotio
1822 1055 1992 1113 libro.

2527 1061 2630 1110 Τοῦ
2673 1055 2834 1110 αὑτοῦ
2863 1055 2920 1109 ἐκ
2949 1063 3041 1110 τοῦ
3072 1057 3220 1110 ἓκτου
3261 1062 3379 1132 περὶ
3421 1059 3704 1132 ἱερωσύνης

2979 1146 3134 1217 λόγου

627 1265 776 1319 Cum
807 1267 1010 1320 autem
1073 1267 1130 1320 et
1186 1266 1462 1320 sanetum
1525 1261 1810 1334 Spiritum
1866 1261 2122 1329 invocat,
2156 1265 2211 1318 et

2387 1258 2546 1312 Ὅταν
2596 1256 2655 1313 δε
2691 1265 2781 1314 καὶ
2836 1264 2895 1314 τὸ
2956 1269 3165 1336 ῐΙνευμα
3200 1265 3260 1315 τό
3293 1262 3443 1335 ἅγιον
3509 1263 3665 1338 καλῇ,
3696 1270 3785 1319 καὶ
3828 1271 3923 1326 τὴν

555 1351 937 1408 tremendum
1005 1351 1362 1424 mysterium
1415 1350 1662 1424 perﬁcit,
1717 1354 1774 1406 et
1822 1365 2184 1406 communen

2319 1345 2745 1424 φρικωδεστάτην
2830 1348 3032 1423 ἐπιτελῇ
3110 1353 3336 1418 θυσίαν,
3404 1357 3494 1405 καὶ
3578 1360 3669 1406 τοῦ
3747 1363 3924 1408 κοινοῦ

557 1441 844 1497 continuo
896 1440 1221 1496 Dominum
1279 1440 1610 1510 contigerit,
1657 1439 1929 1512 quidam,
1961 1454 2087 1503 oro,
2137 1437 2186 1493 dt

2317 1440 2521 1491 πάντων
2572 1447 2804 1512 συνεχῶς
2861 1439 3153 1513 ἐφάπτηται
3209 1446 3634 1510 Δεσπότου,ποῦ
3682 1444 3923 1517 τάξομεν,

559 1529 870 1586 sacerdote
907 1529 1434 1584 existimabimus?
1471 1534 1766 1601 quantam
1795 1528 1853 1582 in
1886 1544 1956 1583 eo
1986 1527 2183 1599 purita

2319 1528 2427 1581 εἰπέ
2477 1546 2600 1600 μοι;
2633 1533 2808 1588 Πόσην
2841 1526 2900 1582 δὲ
2959 1530 3114 1582 αὐτὸν
3157 1529 3513 1604 ἀπαιτήσομεν
3567 1534 3925 1608 καθαρότητα,

557 1621 698 1681 tem,
729 1621 1022 1690 quantam
1072 1617 1352 1688 pietatem
1414 1617 1724 1686 exigemus
1750 1621 1777 1671 ?
1803 1617 2006 1687 Cogita
2051 1615 2186 1671 enin

2318 1621 2408 1670 καὶ
2469 1621 2638 1676 πόσην
2715 1617 2977 1671 εὐλάϐειαν
3013 1635 3027 1684 ;
3067 1619 3344 1677 Ἐννόησον
3401 1624 3499 1696 γὰρ
3575 1623 3758 1683 ὁποίας
3829 1625 3929 1685 τὰς

558 1705 768 1778 quales
802 1721 931 1762 esse
981 1705 1260 1773 debeant,
1285 1721 1421 1778 quae
1469 1706 1608 1762 talia
1654 1709 1911 1762 tractant
1953 1721 2172 1761 manus

2320 1714 2482 1760 ταῦτα
2531 1702 2930 1780 διακονουμένοις
2967 1715 3154 1780 χεῖρας
3215 1705 3342 1762 εἶναι
3395 1714 3505 1783 χρή
3539 1723 3557 1742 ⁸
3600 1712 3779 1763 ὁποίαν
3828 1715 3928 1771 την

559 1760 756 1868 qualis
820 1760 1626 1868 linguaque;
1663 1760 1951 1859 effundit;
2001 1793 2188 1866 quidn

2781 1765 2790 1780 ε
2915 1760 2929 1768 '
2967 1760 3009 1780 Α.
3059 1760 3066 1779 ι
3139 1760 3153 1770 σ
3221 1760 3254 1762 ’⁷
3333 1760 3339 1761 ί
3395 1760 3503 1783 ιιι-ν
3608 1760 3769 1763 τ-η---ν
3838 1760 3920 1771 ν-ν

2318 1795 2563 1868 γλῶσσαν
2630 1800 2723 1855 την
2773 1795 2938 1849 ἐκεῖνα
2987 1801 3320 1870 προχέουσαν
3369 1802 3434 1850 τοί
3488 1801 3702 1874 ῥήματα
3735 1814 3750 1830 ⁸
3783 1805 3928 1863 τίνος

558 1883 887 1956 purissima
917 1888 972 1940 et
1001 1883 1377 1940 sanctissima
1402 1883 1626 1950 anima,
1655 1899 1789 1956 quae
1821 1887 2055 1940 tantum
2084 1882 2184 1956 Spi

2322 1881 2381 1938 δε
2443 1884 2504 1938 ού
2564 1886 2929 1962 καθαρωτέραν
2991 1891 3081 1939 καὶ
3145 1887 3430 1960 ἁγιωτέραν
3503 1893 3598 1947 την
3672 1897 3928 1943 τοσουτον

558 1971 738 2028 ritum
805 1972 1226 2044 recipit.Tunc
1283 1976 1338 2028 et
1370 1971 1567 2044 angeli
1634 1971 1929 2028 sacerdoti
1995 1975 2187 2028 astant

2318 1981 2518 2046 πνεῦμα
2591 1971 2971 2048 ὑποδεξαμένην
3044 1974 3224 2047 ψυχήν
3275 2018 3288 2032 .
3347 1982 3471 2030 Τότε
3545 1982 3634 2031 καὶ
3709 1978 3929 2050 ἄγγελοι

559 2065 618 2118 et
642 2061 984 2118 caelestibus
1022 2061 1339 2118 virtutibus
1370 2066 1561 2118 totum
1601 2061 2008 2117 sanctuarium
2035 2065 2188 2134 atqui

2319 2069 2688 2138 παρεστήκασι
2726 2071 2798 2134 τῷ
2859 2067 3000 2137 ἱερεῖ,
3032 2069 3120 2117 καὶ
3159 2064 3407 2138 ούρανίων
3461 2063 3729 2139 δυνάμεων
3784 2067 3929 2120 ἅπαν

560 2150 756 2206 omnis
785 2149 942 2206 circa
979 2149 1162 2206 altare
1209 2149 1377 2207 locus
1407 2149 1709 2222 impletur,
1740 2149 1821 2206 ob
1851 2165 1991 2206 eum
2020 2149 2184 2206 hono

2322 2155 2377 2205 τὸ
2417 2150 2587 2225 βῆμα,
2619 2156 2708 2206 καὶ
2737 2153 2763 2205 ό
2795 2157 2910 2226 περὶ
2977 2155 3035 2205 τό
3083 2155 3461 2229 θυσιαστήριον
3511 2155 3804 2231 πληροῦται
3843 2161 3931 2211 τό·

559 2239 817 2296 randum
840 2240 943 2312 qui
981 2239 1096 2295 illic
1127 2241 1306 2310 jacet.
1339 2240 1510 2306 Quod
1549 2239 1794 2312 quidem
1840 2238 2010 2295 facile
2039 2238 2184 2294 nobi

2322 2261 2413 2302 πος
2443 2241 2509 2303 εἱς
2560 2245 2716 2315 τιμὴν
2759 2249 2848 2295 τοῦ
2888 2246 3122 2314 κειμένου
3167 2281 3178 2293 .
3216 2248 3315 2297 Καὶ
3380 2253 3532 2298 τοῦτο
3599 2247 3770 2298 ἱκανόν
3834 2249 3929 2318 μεν

558 2330 922 2402 persuadere
953 2334 1146 2401 potest
1171 2329 1303 2401 ipsa
1326 2330 1912 2401 mysteriorum,quae
1942 2328 2022 2384 ibi
2045 2327 2187 2384 fiunt

2322 2331 2601 2389 πεισθῆναι
2673 2335 2762 2382 καὶ
2817 2326 2866 2394 ἐξ
2930 2330 3097 2383 αὐτῶν
3171 2340 3270 2383 τῶν
3326 2330 3722 2406 ἐπιτελουμένων
3778 2338 3924 2388 τότε·

561 2417 843 2488 dignitas.
875 2421 995 2487 Ego
1024 2434 1164 2474 vero
1190 2418 1369 2474 etiam
1399 2418 1730 2491 quemdam
1756 2422 2102 2474 narrantem
2117 2434 2190 2474 au

2325 2415 2423 2489 ἐγώ
2498 2414 2557 2471 δε
2621 2422 2712 2470 καὶ
2776 2437 2908 2479 τινος
2973 2422 3179 2477 ἤκουσα
3255 2416 3604 2493 διηγουμένου
3661 2424 3783 2474 ποτε
3849 2423 3933 2474 ὃτι

561 2507 687 2562 dire
742 2508 1009 2574 memini,
1033 2523 1094 2563 se
1124 2524 1160 2564 a
1190 2524 1333 2564 sene
1360 2508 1486 2564 viro
1518 2507 1876 2571 admirabili,
1911 2513 1966 2564 et
1993 2507 2190 2565 revela

2325 2507 2464 2578 αύτῷ
2520 2526 2598 2567 τις
2650 2505 2946 2578 πρεσϐύτης
2997 2509 3294 2580 θαυμαστὸς
3333 2507 3461 2581 ἀνὴρ
3515 2515 3605 2562 καὶ
3665 2509 3932 2562 ἀποκαλύ-

561 2596 751 2652 tiones
788 2597 986 2653 videre
1035 2597 1208 2654 solito
1238 2597 1615 2669 intellexisse,
1644 2597 1807 2670 quod
1850 2599 1898 2653 is
1931 2598 2190 2653 nimirun

2322 2597 2440 2669 ψεις
2495 2599 2618 2672 όρᾷν
2685 2598 2868 2658 εἰωθὼς
2916 2599 3077 2670 ἔλεγεν
3144 2599 3310 2670 ὅψεως
3366 2600 3624 2662 ἠξιῶσθαι
3672 2605 3927 2664 τοιαύτης

560 2684 808 2741 visionis
843 2685 1190 2756 huiusmodi
1230 2686 1522 2743 beneficio
1553 2687 1764 2743 fruitus
1807 2692 1985 2757 esset,
2017 2691 2083 2742 ut
2111 2702 2189 2759 pe:

2321 2689 2464 2752 ποτε,
2493 2691 2582 2738 καὶ
2625 2689 2761 2739 κατὰ
2816 2690 2901 2740 τόν
2941 2691 3122 2761 καιρὸν
3176 2687 3361 2741 ἐκεῖνον
3414 2691 3554 2761 ἄφνω
3596 2689 3794 2751 πλῆθος
3824 2690 3927 2762 ἁγ-

559 2773 706 2831 illud
739 2783 975 2848 tempus
1020 2775 1462 2833 multitudinem
1519 2777 1872 2847 angelorum
1897 2777 2188 2848 aspiceret

2320 2776 2478 2848 γέλων
2539 2773 2781 2841 ἱδεῖν,ὡς
2841 2775 2979 2846 αύτῷ
3024 2773 3244 2829 δυνατὸν
3294 2774 3374 2843 ἦν,
3419 2777 3603 2840 στολὰς
3643 2778 3926 2838 ἀναϐεϐλη-

559 2868 856 2936 quantum
887 2865 1116 2921 homini
1155 2865 1374 2932 liceret,
1405 2866 1672 2922 vestibus
1714 2865 1988 2922 indutam
2015 2865 2182 2938 splen

2321 2869 2481 2938 μένων
2541 2863 2816 2938 λαμπρὰς,
2875 2870 2964 2917 καὶ
3032 2869 3090 2917 τό
3141 2867 3518 2941 θυσιαστήριον
3574 2867 3924 2939 κυκλούντων,

560 2952 737 3021 didis,
767 2956 924 3010 circa
953 2953 1138 3011 altare
1166 2954 1471 3021 diffusam,
1503 2955 1778 3010 demissis
1811 2954 1976 3010 humi
2001 2954 2188 3010 oculis

2321 2959 2410 3006 καὶ
2439 2955 2580 3006 κάτω
2619 2958 2861 3006 νευόντων
2885 2998 2899 3023 ,
2926 2957 2994 3015 ως
3024 2956 3084 3005 οἶν
3125 2957 3168 3007 εἶ
3194 2974 3273 3016 τις
3305 2962 3630 3031 στρατιώτας
3661 2955 3927 3030 βασιλέως

561 3057 671 3098 ceu
718 3041 933 3099 milites
981 3043 1179 3099 videre
1225 3049 1311 3100 est
1347 3045 1449 3116 qui
1494 3044 1618 3113 regi
1665 3043 1945 3116 praesenti
1980 3047 2190 3100 astant

691 3145 932 3151 __-____-

1906 3043 1945 3100 li
1980 3047 2201 3100 astant.
2243 3097 2282 3151 Γ
2321 3047 2572 3118 παρόντος
2596 3041 2882 3104 ἑστηκότας
2912 3039 3022 3096 ῖὸοι
3052 3060 3066 3074 ·
3093 3042 3118 3095 ὁ
3145 3042 3240 3115 ἔγω
3272 3047 3535 3118 πείθομαι.

2267 3131 2283 3151 Α

564 3129 668 3186 Cui
691 3145 937 3203 prorsus
957 3147 1068 3202 ego
1097 3132 1422 3188 narrationi
1447 3132 1754 3188 assentior.
2243 3129 2283 3152 “

792 3239 1073 3307 Ejusdem
1100 3255 1175 3295 ex
1207 3239 1359 3296 libro
1395 3239 1682 3296 adversus
1714 3238 1973 3295 Judaeos.

2455 3244 2558 3290 Τού
2588 3236 2749 3289 αὑτοῦ
2789 3235 2842 3288 ἐκ
2872 3245 2961 3298 τῆς
2985 3240 3120 3290 κατὰ
3150 3235 3418 3292 Ἰουδαίων
3450 3237 3634 3312 βίϐλου
3658 3240 3793 3311 (10).

636 3343 1000 3399 Portendens
1033 3347 1184 3400 Deus
1238 3344 1446 3416 legalis
1498 3344 1811 3401 sacerdotii
1869 3345 2212 3401 dissolutio-

2397 3347 2715 3418 Προμηνύων
2761 3344 2787 3396 ό
2863 3347 2988 3404 Θεὸς
3060 3349 3152 3403 την
3218 3345 3499 3398 κατάλυσιν
3554 3355 3644 3407 τῆς
3705 3355 3929 3419 νομικῆς

563 3445 722 3500 nem,
748 3431 828 3486 ait
852 3446 959 3502 per
983 3432 1267 3489 Davidem
1304 3451 1315 3488 :
1353 3436 1439 3489 Tu
1468 3450 1525 3490 es
1550 3435 1900 3490 sacerdosin
1923 3440 2192 3490 (eterna);

2329 3436 2642 3509 ἱερωσύνης,
2689 3435 2858 3506 εἴρηκε
2902 3429 2996 3486 διὰ
3032 3441 3124 3486 τοῦ
3169 3432 3334 3487 Δαϐίὸ
3366 3452 3379 3464 ·
3427 3438 3492 3488 Σύ
3552 3433 3599 3488 εἶ
3636 3439 3796 3509 ἱερεύς
3857 3437 3929 3498 εἰς

563 3520 886 3576 secundum
904 3521 1168 3578 ordinem
1197 3521 1588 3580 Metchisedec
1612 3521 1796 3594 '3,qui
1824 3537 2192 3594 nequaquam

2327 3527 2413 3576 τόν
2488 3521 2650 3574 αἰῶνα
2722 3524 2857 3574 κατά
2927 3526 3019 3579 τὴν
3085 3521 3230 3586 τάξιν
3303 3521 3653 3596 Μελχισεδὲκ,
3733 3524 3789 3585 ὃς
3866 3525 3926 3578 ού

564 3607 786 3677 legales
815 3609 1089 3664 victimas
1115 3610 1537 3675 ofl'erebat,sed
1565 3627 1772 3682 preces
1795 3627 2139 3682 panemque
2161 3629 2192 3666 e

2331 3615 2518 3674 θυσίας
2581 3612 2798 3683 νομικὰς
2862 3611 3084 3682 ἱέρευεν,
3117 3609 3226 3663 ἀλλ’
3257 3613 3418 3684 εὐχὰς
3483 3619 3572 3666 καὶ
3623 3614 3779 3682 οἷρτον
3832 3618 3926 3666 καὶ

566 3697 792 3763 vinum,
827 3702 890 3753 ut
919 3714 1090 3755 sacra
1117 3698 1365 3756 historia
1393 3699 1590 3756 tradit.
1625 3703 1869 3756 Constat
1915 3707 2113 3756 autem
2137 3701 2188 3756 le

2327 3701 2502 3771 οἶνον,
2535 3702 2601 3762 ὡς
2651 3701 2679 3757 ἡ
2731 3699 2937 3774 ἱστορία
2990 3695 3260 3756 διδάσκει.
3322 3698 3590 3775 Πρόδηλον
3646 3699 3705 3756 δὲ
3752 3705 3818 3762 ὡς

568 3784 765 3857 galem
789 3802 1033 3862 quoque
1069 3787 1335 3862 politiam
1361 3788 1538 3845 simul
1561 3804 1700 3845 cum
1749 3789 2002 3844 Aaronis
2028 3805 2194 3845 sacer

2327 3794 2416 3864 μεν
2477 3792 2726 3864 ἱερωσύνη
2777 3796 2868 3840 τοῦ
2914 3788 3112 3862 Ἀαρὼν
3163 3794 3480 3864 συνανῃρέθη
3539 3795 3629 3843 καὶ
3668 3792 3697 3849 η
3733 3797 3924 3864 νομικὴ

568 3874 732 3932 dolio
755 3892 1042 3943 cessasse,
1069 3877 1472 3934 Melehisedeci
1493 3894 1632 3934 vero
1663 3877 2061 3935 sacerdotium
2075 3895 2197 3934 eun

2328 3878 2584 3933 πολιτεία⁶
2602 3886 2662 3951 τῇ
2689 3874 2748 3930 δε
2766 3885 2856 3930 τοῦ
2874 3877 3206 3950 Μελχισεδὲκ
3239 3882 3661 3952 συναντεισήχθη
3693 3880 3931 3934 πολιτεια

568 3966 958 4023 conveniente
985 3966 1100 4023 sibi
1127 3967 1330 4040 politia
1365 3968 1745 4024 successisse.

1059 3967 1100 4023 )i
1127 3967 1330 4040 politia
1365 3968 1745 4024 successisse.
2326 3974 2688 4043 προσήκουσα.

568 4076 856 4146 Ejusdem
895 4093 971 4134 ex
1011 4079 1507 4149 interpretatione
1541 4079 1866 4150 Evangelii
1889 4078 2197 4136 secundm:

2119 4095 2216 4134 um
2501 4084 2606 4132 Τοῦ
2655 4075 2814 4129 αὐτοῦ
2860 4075 2916 4128 ἐκ
2958 4083 3048 4136 τῆς
3097 4076 3166 4139 εἰς
3214 4079 3273 4129 τὸ
3311 4079 3446 4130 κατὰ
3483 4078 3744 4130 Ματθαῖον

1205 4168 1576 4224 Matt/laeum.

2979 4165 3265 4240 ἑρμηνείας.

641 4275 710 4330 Et
739 4272 908 4328 sicuti
950 4273 1146 4345 prisca
1190 4272 1284 4330 lex
1313 4289 1457 4330 oves
1485 4274 1823 4348 vitulosque
1876 4273 2106 4342 habuit,
2138 4273 2218 4332 ita

2400 4281 2500 4332 Καὶ
2531 4278 2701 4349 ῶσπερ
2733 4275 2765 4334 ἦ
2802 4273 3003 4326 Παλαιὰ
3051 4272 3292 4348 πρόϐατα
3336 4278 3427 4327 καὶ
3483 4278 3720 4348 μόσχους
3760 4269 3928 4346 εἶχεν,

567 4363 698 4420 haec
737 4377 896 4418 nova
920 4363 1296 4418 Dominieum
1325 4364 1714 4433 sanguinem:
1751 4365 1878 4419 Hoc
1902 4365 2110 4433 facite,
2130 4364 2196 4419 int

2327 4366 2489 4428 οὓτως
2527 4365 2658 4422 αὕτη
2700 4366 2730 4421 η
2779 4367 2937 4421 Καινὴ
2993 4365 3051 4414 τὸ
3097 4363 3228 4436 αἷμα
3276 4366 3332 4416 τό
3373 4369 3686 4417 Δεσπότικόν
3716 4379 3730 4393 ⁸
3758 4370 3929 4417 Τοῦτο

2446 4463 2463 4466 _
2729 4456 2738 4466 .
2903 4450 2914 4462 .
3058 4455 3067 4466 .
3191 4450 3202 4466 ,
3260 4456 3270 4466 .
3411 4452 3423 4466 .
3487 4455 3497 4466 .
3780 4449 3880 4466 ..η

569 4452 715 4520 quit,
746 4453 808 4506 in
847 4467 1036 4506 meam
1063 4454 1758 4509 commemorationem”.
1809 4453 1993 4508 Viden
2027 4457 2091 4508 ut
2115 4453 2198 4508 ab

2326 4463 2556 4520 ποιεῖτε,
2616 4456 2796 4526 φησὶν,
2873 4450 2940 4512 εἰς
3013 4455 3106 4509 τὴν
3182 4450 3308 4524 έμην
3401 4452 3709 4527 ἀνάμνησιν.
3780 4449 3931 4515 Εἶδες

572 4541 793 4597 ducita
824 4539 1092 4595 Judaicis
1144 4540 1353 4596 ritibus
1393 4545 1448 4596 et
1489 4542 1781 4597 abstrahit
1811 4543 1837 4598 ?
1865 4543 2026 4598 Sicut
2071 4542 2201 4598 illuc

2327 4554 2435 4606 πῶς
2493 4543 2664 4614 ἐξάγει
2720 4549 2819 4594 τῶν
2885 4537 3188 4594 Ἰουδαϊκῶν
3251 4541 3376 4594 ἐθῶν
3450 4547 3539 4595 καὶ
3615 4541 3927 4614 ἁφίστησις

570 4629 902 4698 faciebatis,
967 4629 1178 4702 inquit,
1213 4629 1292 4684 ob
1326 4631 1965 4687 commemorationem
2004 4634 2199 4704 {Egypt

2330 4634 2570 4706 Καθάπερ
2653 4633 2809 4682 ἐκεῖνο
2901 4627 3148 4697 ἐποιεῖτε,
3219 4635 3378 4701 φησὶν
3409 4674 3422 4698 ,
3489 4630 3560 4692 εἰς
3633 4628 3929 4702 ἀνάμνησιν

571 4719 861 4776 tiacorum
903 4717 1353 4786 miraculorum,
1383 4719 1464 4776 ita
1489 4725 1546 4775 et
1573 4720 1687 4775 hoc
1733 4721 1946 4792 inquit,
1991 4720 2070 4775 ob
2097 4736 2200 4776 me

2324 4731 2423 4776 τῶν
2455 4719 2501 4774 ἐν
2555 4720 2802 4791 Αἰγύπτῳ
2857 4719 3132 4790 θαυμάτων
3162 4761 3177 4788 ,
3221 4719 3356 4770 ούτω
3392 4723 3663 4772 καὶτοῦτο
3703 4719 3774 4780 εἰς
3829 4725 3927 4778 τὴν

572 4809 827 4866 moriam
861 4808 998 4863 mei.
1041 4806 1188 4863 illud
1227 4808 1304 4863 ob
1353 4809 1891 4880 primogenitorum
1961 4809 2201 4864 salutem

2325 4810 2451 4883 έμὴν
2483 4849 2496 4861 .
2544 4809 2731 4862 Ἐκεῖνο
2755 4806 2977 4878 ἐξεχύθη
3011 4806 3084 4867 εὶς
3113 4812 3374 4880 σωτηρίαν
3423 4816 3522 4860 τῶν
3560 4813 3923 4880 πρωτοτόκων,

569 4899 827 4956 effusum
857 4898 984 4966 fuit,
1016 4898 1130 4953 hoc
1154 4897 1214 4953 in
1245 4899 1658 4954 remissionem
1684 4903 2066 4969 peccatorum
2087 4899 2198 4954 uni!

2323 4906 2476 4952 τοῦτο
2532 4897 2604 4959 εἰς
2659 4898 2842 4968 ἄφεσιν
2889 4894 3156 4969 ἁμαρτιῶν
3186 4904 3282 4956 τῆς
3334 4895 3638 4969 οἰκουμένης
3687 4895 3925 4966 ἁπάσης,

569 4987 720 5043 versi
738 4987 923 5043 orbis.
953 4987 1105 5053 Quid
1134 5002 1275 5058 ergo
1297 4987 1324 5041 ‘?
1346 4991 1494 5042 Num
1513 4987 1694 5043 etiam
1717 4988 2030 5058 antiquum
2049 4986 2198 5042 illud

2322 4994 2384 5042 Τί
2459 4985 2579 5056 οὖνς
2637 4990 2751 5060 Χρὴ
2827 4992 2990 5037 ποιεῖν
3056 4985 3259 5038 κακεῖνο
3325 4989 3383 5038 τὸ
3458 4986 3710 5051 παλαιόνς
3742 4992 3928 5059 φησίν.

571 5076 670 5142 ait,
713 5075 1074 5131 sacrificium
1131 5081 1216 5131 est
1244 5078 1271 5132 ?
1317 5079 1476 5146 Nego
1528 5075 1853 5132 enimvero.
1900 5076 2200 5148 PrOpterea

2325 5073 2584 5149 Οὐδαμῶς
2613 5092 2626 5106 ’
2662 5071 2756 5127 διὰ
2800 5075 2901 5147 γὰρ
2955 5079 3108 5126 τοῦτο
3149 5071 3256 5126 εἷπε
3286 5119 3300 5143 ,
3343 5081 3506 5127 Τοῦτο
3560 5082 3790 5143 ποιεῖτε,
3845 5079 3932 5128 ἱνα

572 5165 730 5220 enim
754 5164 901 5220 dixit
935 5166 1058 5220 Hoc
1078 5165 1282 5237 facite,
1312 5170 1376 5221 ut
1416 5165 1494 5221 ab
1532 5165 1634 5221 illo
1662 5164 2201 5221 abstraheret.Narr

2325 5166 2517 5219 ἐκείνου
2586 5163 2828 5236 ἀπαγάγῃ
2867 5162 2953 5215 ἐἰ
3015 5165 3114 5235 γὰρ
3175 5170 3327 5216 τούτο
3402 5165 3584 5236 ἄφεσιν
3659 5164 3931 5238 ἁμαρτιῶν

573 5254 622 5309 si
672 5253 785 5308 hoc
823 5253 1238 5310 remissionem
1306 5258 1706 5326 peccatorum,
1741 5258 1807 5310 ut
1864 5269 2076 5327 reapse
2129 5254 2202 5323 fit,

2326 5254 2602 5329 έργάζεται
2636 5295 2649 5319 ,
2716 5255 2888 5325 ὥσπερ
2975 5247 3062 5304 οὖν
3136 5256 3226 5304 καὶ
3301 5251 3618 5325 ἐργάζεται,
3688 5257 3932 5327 περιττόν

571 5348 874 5416 operatur,
907 5349 1179 5415 superest
1203 5349 1267 5399 ut
1295 5343 1437 5400 illud
1461 5344 1590 5414 jam
1613 5343 1686 5400 sit
1705 5343 1932 5400 inutile.

1084 5349 1179 5399 'est
1203 5349 1267 5399 ut
1295 5343 1437 5400 illud
1461 5344 1590 5414 jam
1613 5343 1686 5400 sit
1705 5343 1932 5400 inutile.
2327 5343 2488 5396 ἐκεῖνο
2517 5342 2713 5396 λοιπόν.

648 5497 693 5531 ¹⁸
730 5494 885 5552 Psal.
921 5511 1032 5552 cxx.
1054 5499 1106 5551 4.
1151 5497 1195 5530 1⁸
1225 5497 1365 5565 Luc,
1400 5512 1532 5565 xm,
1563 5497 1647 5552 19.

646 5650 722 5723 (9)
757 5649 907 5718 Edit,
929 5663 993 5724 p.
1022 5651 1148 5708 424.
2398 5645 2509 5719 (10)
2540 5643 2753 5703 Confer
2780 5646 2931 5702 orat.
2963 5643 3055 5700 VII
3085 5639 3374 5700 adversus
3393 5640 3657 5700 Judaei».
