  <div class='ocr_page' id='page_1' title='image "/cluster/home/n/w/nwhite01/storage/ocr_20150623/140/mdp.39015022213980/088.png"; bbox 0 0 4126 6272; ppageno 0'>
   <div class='ocr_carea' id='block_1_1' title="bbox 223 141 2251 206">
    <p class='ocr_par' dir='ltr' id='par_1_1' title="bbox 223 141 2251 206">
     <span class='ocr_line' id='line_1_1' title="bbox 223 141 2251 206; baseline 0.003 -7"><span class='ocrx_word' id='word_1_1' title='bbox 223 146 302 200; x_wconf 79' lang='grc'><strong>161</strong></span> <span class='ocrx_word' id='word_1_2' title='bbox 1530 141 1876 204; x_wconf 79' lang='lat' dir='ltr'><strong>THESAURI</strong></span> <span class='ocrx_word' id='word_1_3' title='bbox 1912 143 2042 205; x_wconf 81' lang='lat' dir='ltr'><strong>LIB.</strong></span> <span class='ocrx_word' id='word_1_4' title='bbox 2073 141 2251 206; x_wconf 79' lang='lat' dir='ltr'><strong>XXIV.</strong></span> 
     </span>
    </p>
   </div>
   <div class='ocr_carea' id='block_1_2' title="bbox 3470 154 3572 216">
    <p class='ocr_par' dir='ltr' id='par_1_2' title="bbox 3470 154 3572 216">
     <span class='ocr_line' id='line_1_2' title="bbox 3470 154 3572 216; baseline -0.039 1"><span class='ocrx_word' id='word_1_5' title='bbox 3470 154 3572 216; x_wconf 78' lang='grc'>162</span> 
     </span>
    </p>
   </div>
   <div class='ocr_carea' id='block_1_3' title="bbox 217 266 1824 352">
    <p class='ocr_par' dir='ltr' id='par_1_3' title="bbox 217 266 1809 345">
     <span class='ocr_line' id='line_1_3' title="bbox 217 266 1809 345; baseline 0.001 -24"><span class='ocrx_word' id='word_1_6' title='bbox 217 269 304 324; x_wconf 81' lang='grc' dir='ltr'>τοῦ</span> <span class='ocrx_word' id='word_1_7' title='bbox 359 267 523 320; x_wconf 71' lang='grc' dir='ltr'>αὐτοῦ</span> <span class='ocrx_word' id='word_1_8' title='bbox 570 266 630 320; x_wconf 71' lang='lat' dir='ltr'><strong>ix</strong></span> <span class='ocrx_word' id='word_1_9' title='bbox 688 273 790 328; x_wconf 79' lang='grc' dir='ltr'>τῆς</span> <span class='ocrx_word' id='word_1_10' title='bbox 859 266 1125 340; x_wconf 74' lang='grc' dir='ltr'><strong>ἑρμηνείας</strong></span> <span class='ocrx_word' id='word_1_11' title='bbox 1186 275 1281 332; x_wconf 85' lang='grc' dir='ltr'>τῆς</span> <span class='ocrx_word' id='word_1_12' title='bbox 1354 272 1486 345; x_wconf 87' lang='grc' dir='ltr'>πρός</span> <span class='ocrx_word' id='word_1_13' title='bbox 1542 268 1809 344; x_wconf 82' lang='grc' dir='ltr'>Ἐϐραίους</span> 
     </span>
    </p>
   </div>
   <div class='ocr_carea' id='block_1_4' title="bbox 1947 266 3572 352">
    <p class='ocr_par' dir='ltr' id='par_1_4' title="bbox 1947 272 3572 352">
     <span class='ocr_line' id='line_1_4' title="bbox 1947 272 3572 352; baseline 0.008 -26"><span class='ocrx_word' id='word_1_14' title='bbox 1947 272 2202 344; x_wconf 61' lang='lat' dir='ltr'><strong>Ejusdem</strong></span> <span class='ocrx_word' id='word_1_15' title='bbox 2232 288 2308 332; x_wconf 75' lang='lat' dir='ltr'><strong>ea:</strong></span> <span class='ocrx_word' id='word_1_16' title='bbox 2330 275 2814 349; x_wconf 75' lang='lat' dir='ltr'><strong>interpretatione</strong></span> <span class='ocrx_word' id='word_1_17' title='bbox 2832 279 3126 352; x_wconf 79' lang='lat' dir='ltr'><strong>Epistotoe</strong></span> <span class='ocrx_word' id='word_1_18' title='bbox 3162 282 3245 342; x_wconf 88' lang='lat' dir='ltr'><strong>ad</strong></span> <span class='ocrx_word' id='word_1_19' title='bbox 3276 281 3572 342; x_wconf 72' lang='lat' dir='ltr'><strong>Hebrcos.</strong></span> 
     </span>
    </p>
   </div>
   <div class='ocr_carea' id='block_1_5' title="bbox 853 357 1184 420">
    <p class='ocr_par' dir='ltr' id='par_1_5' title="bbox 853 357 1184 420">
     <span class='ocr_line' id='line_1_5' title="bbox 853 357 1184 420; baseline 0.006 -13"><span class='ocrx_word' id='word_1_20' title='bbox 853 357 1129 416; x_wconf 79' lang='grc' dir='ltr'>Ἐπιστολῆ</span> <span class='ocrx_word' id='word_1_21' title='bbox 1139 378 1184 420; x_wconf 87' lang='grc' dir='ltr'><strong>ς.</strong></span> 
     </span>
    </p>
   </div>
   <div class='ocr_carea' id='block_1_6' title="bbox 294 465 1806 541">
    <p class='ocr_par' dir='ltr' id='par_1_6' title="bbox 294 465 1806 541">
     <span class='ocr_line' id='line_1_6' title="bbox 294 465 1806 541; baseline 0.001 -24"><span class='ocrx_word' id='word_1_22' title='bbox 294 473 405 541; x_wconf 90' lang='grc' dir='ltr'><strong>Ορα</strong></span> <span class='ocrx_word' id='word_1_23' title='bbox 432 467 538 539; x_wconf 83' lang='grc' dir='ltr'><strong>γάρ</strong></span> <span class='ocrx_word' id='word_1_24' title='bbox 571 479 588 495; x_wconf 85' lang='grc'><strong>·</strong></span> <span class='ocrx_word' id='word_1_25' title='bbox 619 466 725 516; x_wconf 85' lang='grc' dir='ltr'>οῖνω</span> <span class='ocrx_word' id='word_1_26' title='bbox 769 467 966 537; x_wconf 81' lang='grc' dir='ltr'>ἔχομεν</span> <span class='ocrx_word' id='word_1_27' title='bbox 1002 468 1086 518; x_wconf 85' lang='grc' dir='ltr'><strong>τόν</strong></span> <span class='ocrx_word' id='word_1_28' title='bbox 1134 465 1287 539; x_wconf 81' lang='grc' dir='ltr'>ἱερέα,</span> <span class='ocrx_word' id='word_1_29' title='bbox 1319 467 1423 518; x_wconf 86' lang='grc' dir='ltr'>οῖνω</span> <span class='ocrx_word' id='word_1_30' title='bbox 1451 470 1546 526; x_wconf 74' lang='grc' dir='ltr'>τὴν</span> <span class='ocrx_word' id='word_1_31' title='bbox 1579 467 1764 520; x_wconf 81' lang='grc' dir='ltr'>θυσίαν</span> <span class='ocrx_word' id='word_1_32' title='bbox 1793 489 1806 502; x_wconf 80' lang='grc' dir='ltr'><strong>ο</strong></span> 
     </span>
    </p>
   </div>
   <div class='ocr_carea' id='block_1_7' title="bbox 210 551 1810 630">
    <p class='ocr_par' dir='ltr' id='par_1_7' title="bbox 210 551 1810 630">
     <span class='ocr_line' id='line_1_7' title="bbox 210 551 1810 630; baseline 0.001 -23"><span class='ocrx_word' id='word_1_33' title='bbox 210 559 446 616; x_wconf 72' lang='grc' dir='ltr'>τοιαύτας</span> <span class='ocrx_word' id='word_1_34' title='bbox 494 553 814 628; x_wconf 66' lang='grc' dir='ltr'>ἀναφέρομεν</span> <span class='ocrx_word' id='word_1_35' title='bbox 858 556 1046 615; x_wconf 89' lang='grc' dir='ltr'>θυσίας</span> <span class='ocrx_word' id='word_1_36' title='bbox 1093 555 1174 615; x_wconf 79' lang='grc' dir='ltr'><strong>τὰς</strong></span> <span class='ocrx_word' id='word_1_37' title='bbox 1225 553 1275 606; x_wconf 77' lang='grc' dir='ltr'>ἐν</span> <span class='ocrx_word' id='word_1_38' title='bbox 1305 557 1476 627; x_wconf 75' lang='grc' dir='ltr'>ἐκείνῳ</span> <span class='ocrx_word' id='word_1_39' title='bbox 1526 551 1810 630; x_wconf 82' lang='grc' dir='ltr'>δυναμένας</span> 
     </span>
    </p>
   </div>
   <div class='ocr_carea' id='block_1_8' title="bbox 212 644 1022 719">
    <p class='ocr_par' dir='ltr' id='par_1_8' title="bbox 212 644 1022 719">
     <span class='ocr_line' id='line_1_8' title="bbox 212 644 1022 719; baseline -0.002 -23"><span class='ocrx_word' id='word_1_40' title='bbox 212 645 595 719; x_wconf 62' lang='grc' dir='ltr'>προσρίρεσθαι</span> <span class='ocrx_word' id='word_1_41' title='bbox 627 644 1022 716; x_wconf 82' lang='grc' dir='ltr'>θυσιαστηρίῳ.</span> 
     </span>
    </p>
   </div>
   <div class='ocr_carea' id='block_1_9' title="bbox 465 748 1542 824">
    <p class='ocr_par' dir='ltr' id='par_1_9' title="bbox 465 748 1542 824">
     <span class='ocr_line' id='line_1_9' title="bbox 465 748 1542 824; baseline -0.001 -21"><span class='ocrx_word' id='word_1_42' title='bbox 465 757 572 804; x_wconf 84' lang='grc' dir='ltr'>Τοῦ</span> <span class='ocrx_word' id='word_1_43' title='bbox 604 758 765 802; x_wconf 89' lang='grc' dir='ltr'>αυτοῦ</span> <span class='ocrx_word' id='word_1_44' title='bbox 793 749 865 810; x_wconf 83' lang='grc' dir='ltr'><strong>εἰς</strong></span> <span class='ocrx_word' id='word_1_45' title='bbox 895 753 982 802; x_wconf 87' lang='grc' dir='ltr'><strong>τόν</strong></span> <span class='ocrx_word' id='word_1_46' title='bbox 1014 748 1296 804; x_wconf 70' lang='grc' dir='ltr'>ἀπόστολον</span> <span class='ocrx_word' id='word_1_47' title='bbox 1329 757 1542 824; x_wconf 87' lang='grc' dir='ltr'>Θωμᾶν.</span> 
     </span>
    </p>
   </div>
   <div class='ocr_carea' id='block_1_10' title="bbox 275 855 1811 936">
    <p class='ocr_par' dir='ltr' id='par_1_10' title="bbox 275 855 1811 936">
     <span class='ocr_line' id='line_1_10' title="bbox 275 855 1811 936; baseline 0.001 -25"><span class='ocrx_word' id='word_1_48' title='bbox 275 855 417 911; x_wconf 80' lang='grc' dir='ltr'><strong>οἶδα</strong></span> <span class='ocrx_word' id='word_1_49' title='bbox 473 861 562 911; x_wconf 85' lang='grc' dir='ltr'><strong>τόν</strong></span> <span class='ocrx_word' id='word_1_50' title='bbox 605 861 837 932; x_wconf 77' lang='grc' dir='ltr'>Χριστόν</span> <span class='ocrx_word' id='word_1_51' title='bbox 884 861 972 910; x_wconf 89' lang='grc' dir='ltr'><strong>τόν</strong></span> <span class='ocrx_word' id='word_1_52' title='bbox 1024 861 1141 911; x_wconf 83' lang='grc' dir='ltr'>Υἰόν</span> <span class='ocrx_word' id='word_1_53' title='bbox 1183 866 1278 910; x_wconf 85' lang='grc' dir='ltr'><strong>τοῦ</strong></span> <span class='ocrx_word' id='word_1_54' title='bbox 1322 866 1455 911; x_wconf 82' lang='grc' dir='ltr'>Θεοῦ</span> <span class='ocrx_word' id='word_1_55' title='bbox 1491 864 1581 912; x_wconf 87' lang='lat' dir='ltr'><strong>xui</strong></span> <span class='ocrx_word' id='word_1_56' title='bbox 1613 863 1811 936; x_wconf 84' lang='grc' dir='ltr'><strong>Πατρός</strong></span> 
     </span>
    </p>
   </div>
   <div class='ocr_carea' id='block_1_11' title="bbox 211 943 1812 1020">
    <p class='ocr_par' dir='ltr' id='par_1_11' title="bbox 211 943 1812 1020">
     <span class='ocr_line' id='line_1_11' title="bbox 211 943 1812 1020; baseline 0.002 -22"><span class='ocrx_word' id='word_1_57' title='bbox 211 950 275 1010; x_wconf 74' lang='grc' dir='ltr'>ὡς</span> <span class='ocrx_word' id='word_1_58' title='bbox 316 953 447 1001; x_wconf 70' lang='grc' dir='ltr'>Θεὸν</span> <span class='ocrx_word' id='word_1_59' title='bbox 494 965 507 976; x_wconf 94' lang='grc'><strong>·</strong></span> <span class='ocrx_word' id='word_1_60' title='bbox 549 944 676 1000; x_wconf 83' lang='grc' dir='ltr'>οἶδα</span> <span class='ocrx_word' id='word_1_61' title='bbox 715 952 804 999; x_wconf 88' lang='grc' dir='ltr'><strong>τόν</strong></span> <span class='ocrx_word' id='word_1_62' title='bbox 855 951 1087 1020; x_wconf 78' lang='grc' dir='ltr'>Χριστόν</span> <span class='ocrx_word' id='word_1_63' title='bbox 1130 955 1220 1008; x_wconf 78' lang='grc' dir='ltr'>τῆς</span> <span class='ocrx_word' id='word_1_64' title='bbox 1266 943 1458 1011; x_wconf 76' lang='grc' dir='ltr'>δούλης</span> <span class='ocrx_word' id='word_1_65' title='bbox 1507 948 1666 1002; x_wconf 73' lang='grc' dir='ltr'>αὐτοῦ</span> <span class='ocrx_word' id='word_1_66' title='bbox 1721 953 1812 1002; x_wconf 82' lang='grc' dir='ltr'>καί</span> 
     </span>
    </p>
   </div>
   <div class='ocr_carea' id='block_1_12' title="bbox 215 1035 1809 1112">
    <p class='ocr_par' dir='ltr' id='par_1_12' title="bbox 215 1035 1809 1112">
     <span class='ocr_line' id='line_1_12' title="bbox 215 1035 1809 1112; baseline 0.001 -22"><span class='ocrx_word' id='word_1_67' title='bbox 215 1042 402 1110; x_wconf 69' lang='grc' dir='ltr'>μητρός</span> <span class='ocrx_word' id='word_1_68' title='bbox 449 1041 516 1098; x_wconf 78' lang='grc' dir='ltr'>ὡς</span> <span class='ocrx_word' id='word_1_69' title='bbox 565 1040 677 1090; x_wconf 68' lang='grc' dir='ltr'>υἱὸν</span> <span class='ocrx_word' id='word_1_70' title='bbox 733 1042 1005 1110; x_wconf 63' lang='grc' dir='ltr'>φερόμενον</span> <span class='ocrx_word' id='word_1_71' title='bbox 1033 1055 1046 1068; x_wconf 76' lang='grc' dir='ltr'><strong>ο</strong></span> <span class='ocrx_word' id='word_1_72' title='bbox 1101 1035 1224 1090; x_wconf 80' lang='grc' dir='ltr'>οἶδα</span> <span class='ocrx_word' id='word_1_73' title='bbox 1268 1041 1355 1090; x_wconf 86' lang='grc' dir='ltr'><strong>τόν</strong></span> <span class='ocrx_word' id='word_1_74' title='bbox 1416 1043 1648 1112; x_wconf 83' lang='grc' dir='ltr'>Χριστόν</span> <span class='ocrx_word' id='word_1_75' title='bbox 1684 1041 1809 1112; x_wconf 86' lang='grc' dir='ltr'>ὀμο-</span> 
     </span>
    </p>
   </div>
   <div class='ocr_carea' id='block_1_13' title="bbox 213 1124 1811 1202">
    <p class='ocr_par' dir='ltr' id='par_1_13' title="bbox 213 1124 1811 1202">
     <span class='ocr_line' id='line_1_13' title="bbox 213 1124 1811 1202; baseline 0.001 -22"><span class='ocrx_word' id='word_1_76' title='bbox 213 1131 386 1180; x_wconf 72' lang='grc' dir='ltr'>οὐσιον</span> <span class='ocrx_word' id='word_1_77' title='bbox 416 1135 487 1196; x_wconf 83' lang='grc' dir='ltr'>τῷ</span> <span class='ocrx_word' id='word_1_78' title='bbox 539 1134 655 1196; x_wconf 82' lang='grc' dir='ltr'><strong>Θεῷ</strong></span> <span class='ocrx_word' id='word_1_79' title='bbox 698 1131 788 1178; x_wconf 80' lang='grc' dir='ltr'><strong>καὶ</strong></span> <span class='ocrx_word' id='word_1_80' title='bbox 837 1131 1004 1200; x_wconf 87' lang='grc' dir='ltr'>Πατρί</span> <span class='ocrx_word' id='word_1_81' title='bbox 1034 1147 1045 1159; x_wconf 92' lang='grc'><strong>·</strong></span> <span class='ocrx_word' id='word_1_82' title='bbox 1106 1124 1229 1179; x_wconf 81' lang='grc' dir='ltr'>οἶδα</span> <span class='ocrx_word' id='word_1_83' title='bbox 1274 1131 1361 1180; x_wconf 85' lang='grc' dir='ltr'><strong>τόν</strong></span> <span class='ocrx_word' id='word_1_84' title='bbox 1399 1131 1633 1202; x_wconf 84' lang='grc' dir='ltr'>Χριστόν</span> <span class='ocrx_word' id='word_1_85' title='bbox 1660 1130 1811 1201; x_wconf 78' lang='grc' dir='ltr'>’ὁμο-</span> 
     </span>
    </p>
   </div>
   <div class='ocr_carea' id='block_1_14' title="bbox 208 1215 1812 1291">
    <p class='ocr_par' dir='ltr' id='par_1_14' title="bbox 208 1215 1812 1291">
     <span class='ocr_line' id='line_1_14' title="bbox 208 1215 1812 1291; baseline 0 -21"><span class='ocrx_word' id='word_1_86' title='bbox 208 1223 379 1270; x_wconf 80' lang='grc' dir='ltr'>οῦσιον</span> <span class='ocrx_word' id='word_1_87' title='bbox 432 1224 535 1276; x_wconf 87' lang='grc' dir='ltr'>τοῖς</span> <span class='ocrx_word' id='word_1_88' title='bbox 596 1215 910 1290; x_wconf 75' lang='grc' dir='ltr'>ἀνθρώποις,</span> <span class='ocrx_word' id='word_1_89' title='bbox 969 1218 1038 1278; x_wconf 85' lang='grc' dir='ltr'>ὡς</span> <span class='ocrx_word' id='word_1_90' title='bbox 1075 1218 1345 1291; x_wconf 75' lang='grc' dir='ltr'>ἄνθρωπον</span> <span class='ocrx_word' id='word_1_91' title='bbox 1393 1216 1448 1280; x_wconf 81' lang='grc' dir='ltr'><em>ἐξ</em></span> <span class='ocrx_word' id='word_1_92' title='bbox 1497 1215 1812 1290; x_wconf 76' lang='grc' dir='ltr'>ἁνθρώπουο</span> 
     </span>
    </p>
   </div>
   <div class='ocr_carea' id='block_1_15' title="bbox 205 1303 1810 1381">
    <p class='ocr_par' dir='ltr' id='par_1_15' title="bbox 205 1303 1810 1381">
     <span class='ocr_line' id='line_1_15' title="bbox 205 1303 1810 1381; baseline 0 -21"><span class='ocrx_word' id='word_1_93' title='bbox 205 1304 324 1360; x_wconf 76' lang='grc' dir='ltr'>οἶδα</span> <span class='ocrx_word' id='word_1_94' title='bbox 369 1309 458 1359; x_wconf 84' lang='grc' dir='ltr'><strong>τόν</strong></span> <span class='ocrx_word' id='word_1_95' title='bbox 515 1308 745 1381; x_wconf 79' lang='grc' dir='ltr'>Χριστόν</span> <span class='ocrx_word' id='word_1_96' title='bbox 797 1303 1101 1378; x_wconf 71' lang='grc' dir='ltr'><strong>ἐπουράνιον</strong></span> <span class='ocrx_word' id='word_1_97' title='bbox 1148 1311 1238 1359; x_wconf 81' lang='grc' dir='ltr'><strong>καὶ</strong></span> <span class='ocrx_word' id='word_1_98' title='bbox 1285 1305 1530 1378; x_wconf 69' lang='grc' dir='ltr'>ἐπίγειον,</span> <span class='ocrx_word' id='word_1_99' title='bbox 1590 1305 1810 1381; x_wconf 81' lang='grc' dir='ltr'>ἀόρατον</span> 
     </span>
    </p>
   </div>
   <div class='ocr_carea' id='block_1_16' title="bbox 205 1391 1811 1470">
    <p class='ocr_par' dir='ltr' id='par_1_16' title="bbox 205 1391 1811 1470">
     <span class='ocr_line' id='line_1_16' title="bbox 205 1391 1811 1470; baseline 0.001 -23"><span class='ocrx_word' id='word_1_100' title='bbox 205 1402 286 1447; x_wconf 75' lang='grc' dir='ltr'><strong>καὶ</strong></span> <span class='ocrx_word' id='word_1_101' title='bbox 335 1397 596 1468; x_wconf 78' lang='grc' dir='ltr'>ὁρώμενον</span> <span class='ocrx_word' id='word_1_102' title='bbox 647 1412 660 1424; x_wconf 93' lang='grc'>·</span> <span class='ocrx_word' id='word_1_103' title='bbox 719 1391 845 1447; x_wconf 76' lang='grc' dir='ltr'><strong>όῖδα</strong></span> <span class='ocrx_word' id='word_1_104' title='bbox 900 1398 987 1446; x_wconf 87' lang='grc' dir='ltr'>τὸν</span> <span class='ocrx_word' id='word_1_105' title='bbox 1026 1399 1258 1470; x_wconf 80' lang='grc' dir='ltr'>Χριστόν</span> <span class='ocrx_word' id='word_1_106' title='bbox 1303 1393 1665 1468; x_wconf 64' lang='grc' dir='ltr'>ἁψηλάφητον,</span> <span class='ocrx_word' id='word_1_107' title='bbox 1721 1401 1811 1449; x_wconf 82' lang='lat' dir='ltr'><strong>xui</strong></span> 
     </span>
    </p>
   </div>
   <div class='ocr_carea' id='block_1_17' title="bbox 203 1481 1811 1559">
    <p class='ocr_par' dir='ltr' id='par_1_17' title="bbox 203 1481 1811 1559">
     <span class='ocr_line' id='line_1_17' title="bbox 203 1481 1811 1559; baseline 0.001 -22"><span class='ocrx_word' id='word_1_108' title='bbox 203 1487 342 1558; x_wconf 75' lang='grc' dir='ltr'>παρὰ</span> <span class='ocrx_word' id='word_1_109' title='bbox 403 1492 500 1536; x_wconf 88' lang='grc' dir='ltr'><strong>τοῦ</strong></span> <span class='ocrx_word' id='word_1_110' title='bbox 563 1492 735 1556; x_wconf 80' lang='grc' dir='ltr'>Θωμα</span> <span class='ocrx_word' id='word_1_111' title='bbox 784 1482 1160 1556; x_wconf 71' lang='grc' dir='ltr'>ψηλαφώμενον</span> <span class='ocrx_word' id='word_1_112' title='bbox 1209 1500 1222 1514; x_wconf 88' lang='grc'><strong>·</strong></span> <span class='ocrx_word' id='word_1_113' title='bbox 1279 1481 1404 1537; x_wconf 74' lang='grc' dir='ltr'>οἰδα</span> <span class='ocrx_word' id='word_1_114' title='bbox 1443 1489 1531 1538; x_wconf 89' lang='grc' dir='ltr'><strong>τόν</strong></span> <span class='ocrx_word' id='word_1_115' title='bbox 1580 1489 1811 1559; x_wconf 81' lang='grc' dir='ltr'>Χριστόν</span> 
     </span>
    </p>
   </div>
   <div class='ocr_carea' id='block_1_18' title="bbox 1996 472 3573 550">
    <p class='ocr_par' dir='ltr' id='par_1_18' title="bbox 1996 472 3573 550">
     <span class='ocr_line' id='line_1_18' title="bbox 1996 472 3573 550; baseline 0.006 -24"><span class='ocrx_word' id='word_1_116' title='bbox 1996 472 2210 544; x_wconf 87' lang='lat' dir='ltr'><strong>Specta</strong></span> <span class='ocrx_word' id='word_1_117' title='bbox 2251 472 2412 529; x_wconf 89' lang='lat' dir='ltr'><strong>enim</strong></span> <span class='ocrx_word' id='word_1_118' title='bbox 2459 491 2472 532; x_wconf 92' lang='lat'><strong>:</strong></span> <span class='ocrx_word' id='word_1_119' title='bbox 2521 491 2782 550; x_wconf 87' lang='lat' dir='ltr'><strong>superne</strong></span> <span class='ocrx_word' id='word_1_120' title='bbox 2835 479 3208 537; x_wconf 78' lang='lat' dir='ltr'><strong>sacerdotem</strong></span> <span class='ocrx_word' id='word_1_121' title='bbox 3252 480 3573 548; x_wconf 86' lang='lat' dir='ltr'><strong>habemus,</strong></span> 
     </span>
    </p>
   </div>
   <div class='ocr_carea' id='block_1_19' title="bbox 1923 563 3574 644">
    <p class='ocr_par' dir='ltr' id='par_1_19' title="bbox 1923 563 3574 644">
     <span class='ocr_line' id='line_1_19' title="bbox 1923 563 3574 644; baseline 0.007 -30"><span class='ocrx_word' id='word_1_122' title='bbox 1923 575 2180 632; x_wconf 88' lang='lat' dir='ltr'><strong>superne</strong></span> <span class='ocrx_word' id='word_1_123' title='bbox 2209 563 2538 620; x_wconf 85' lang='lat' dir='ltr'><strong>victimam.</strong></span> <span class='ocrx_word' id='word_1_124' title='bbox 2569 565 2735 623; x_wconf 88' lang='lat' dir='ltr'><strong>Tales</strong></span> <span class='ocrx_word' id='word_1_125' title='bbox 2764 583 2870 623; x_wconf 92' lang='lat' dir='ltr'><strong>nos</strong></span> <span class='ocrx_word' id='word_1_126' title='bbox 2899 567 3261 626; x_wconf 87' lang='lat' dir='ltr'><strong>adducimus</strong></span> <span class='ocrx_word' id='word_1_127' title='bbox 3279 570 3574 644; x_wconf 83' lang='lat' dir='ltr'><strong>victimas,</strong></span> 
     </span>
    </p>
   </div>
   <div class='ocr_carea' id='block_1_20' title="bbox 1922 651 2980 725">
    <p class='ocr_par' dir='ltr' id='par_1_20' title="bbox 1922 651 2980 725">
     <span class='ocr_line' id='line_1_20' title="bbox 1922 651 2980 725; baseline 0.009 -21"><span class='ocrx_word' id='word_1_128' title='bbox 1922 665 2056 722; x_wconf 81' lang='lat' dir='ltr'><strong>quae</strong></span> <span class='ocrx_word' id='word_1_129' title='bbox 2087 651 2144 706; x_wconf 90' lang='lat' dir='ltr'><strong>in</strong></span> <span class='ocrx_word' id='word_1_130' title='bbox 2171 651 2269 708; x_wconf 91' lang='lat' dir='ltr'><strong>illo</strong></span> <span class='ocrx_word' id='word_1_131' title='bbox 2309 658 2537 725; x_wconf 89' lang='lat' dir='ltr'><strong>queunt</strong></span> <span class='ocrx_word' id='word_1_132' title='bbox 2565 655 2735 711; x_wconf 86' lang='lat' dir='ltr'><strong>altari</strong></span> <span class='ocrx_word' id='word_1_133' title='bbox 2764 656 2980 713; x_wconf 71' lang='lat' dir='ltr'><strong>offerri.</strong></span> 
     </span>
    </p>
   </div>
   <div class='ocr_carea' id='block_1_21' title="bbox 2063 758 3430 836">
    <p class='ocr_par' dir='ltr' id='par_1_21' title="bbox 2063 758 3430 836">
     <span class='ocr_line' id='line_1_21' title="bbox 2063 758 3430 836; baseline 0.007 -25"><span class='ocrx_word' id='word_1_134' title='bbox 2063 758 2348 828; x_wconf 81' lang='lat' dir='ltr'><strong>Ejusdem</strong></span> <span class='ocrx_word' id='word_1_135' title='bbox 2378 775 2453 817; x_wconf 78' lang='lat' dir='ltr'><strong>ex</strong></span> <span class='ocrx_word' id='word_1_136' title='bbox 2475 775 2744 819; x_wconf 82' lang='lat' dir='ltr'><strong>sermone</strong></span> <span class='ocrx_word' id='word_1_137' title='bbox 2770 763 2844 820; x_wconf 87' lang='lat' dir='ltr'><strong>de</strong></span> <span class='ocrx_word' id='word_1_138' title='bbox 2887 765 3113 822; x_wconf 86' lang='lat' dir='ltr'><strong>Thoma</strong></span> <span class='ocrx_word' id='word_1_139' title='bbox 3142 767 3430 836; x_wconf 82' lang='lat' dir='ltr'><strong>apostolo.</strong></span> 
     </span>
    </p>
   </div>
   <div class='ocr_carea' id='block_1_22' title="bbox 1997 864 3572 945">
    <p class='ocr_par' dir='ltr' id='par_1_22' title="bbox 1997 864 3572 945">
     <span class='ocr_line' id='line_1_22' title="bbox 1997 864 3572 945; baseline 0.004 -23"><span class='ocrx_word' id='word_1_140' title='bbox 1997 864 2128 922; x_wconf 90' lang='lat' dir='ltr'><strong>Scio</strong></span> <span class='ocrx_word' id='word_1_141' title='bbox 2159 865 2456 922; x_wconf 81' lang='lat' dir='ltr'><strong>Christum</strong></span> <span class='ocrx_word' id='word_1_142' title='bbox 2484 869 2578 924; x_wconf 88' lang='lat' dir='ltr'><strong>Dei</strong></span> <span class='ocrx_word' id='word_1_143' title='bbox 2600 869 2783 926; x_wconf 82' lang='lat' dir='ltr'><strong>Patris</strong></span> <span class='ocrx_word' id='word_1_144' title='bbox 2807 870 3021 927; x_wconf 88' lang='lat' dir='ltr'><strong>Filium</strong></span> <span class='ocrx_word' id='word_1_145' title='bbox 3046 877 3337 945; x_wconf 90' lang='lat' dir='ltr'><strong>tanquam</strong></span> <span class='ocrx_word' id='word_1_146' title='bbox 3365 876 3572 930; x_wconf 89' lang='lat' dir='ltr'><strong>Deum.</strong></span> 
     </span>
    </p>
   </div>
   <div class='ocr_carea' id='block_1_23' title="bbox 1927 954 3576 1033">
    <p class='ocr_par' dir='ltr' id='par_1_23' title="bbox 1927 954 3576 1033">
     <span class='ocr_line' id='line_1_23' title="bbox 1927 954 3576 1033; baseline 0.005 -24"><span class='ocrx_word' id='word_1_147' title='bbox 1927 954 2056 1010; x_wconf 91' lang='lat' dir='ltr'><strong>Scio</strong></span> <span class='ocrx_word' id='word_1_148' title='bbox 2093 955 2387 1012; x_wconf 81' lang='lat' dir='ltr'><strong>Christum</strong></span> <span class='ocrx_word' id='word_1_149' title='bbox 2412 957 2606 1013; x_wconf 81' lang='lat' dir='ltr'><strong>Matris</strong></span> <span class='ocrx_word' id='word_1_150' title='bbox 2638 959 2867 1016; x_wconf 66' lang='lat' dir='ltr'><strong>ancillas</strong></span> <span class='ocrx_word' id='word_1_151' title='bbox 2897 977 3021 1017; x_wconf 69' lang='lat' dir='ltr'><strong>sum</strong></span> <span class='ocrx_word' id='word_1_152' title='bbox 3047 967 3339 1033; x_wconf 87' lang='lat' dir='ltr'><strong>tanquam</strong></span> <span class='ocrx_word' id='word_1_153' title='bbox 3366 962 3576 1018; x_wconf 82' lang='lat' dir='ltr'><strong>Filium</strong></span> 
     </span>
    </p>
   </div>
   <div class='ocr_carea' id='block_1_24' title="bbox 1921 1044 3578 1115">
    <p class='ocr_par' dir='ltr' id='par_1_24' title="bbox 1921 1044 3578 1115">
     <span class='ocr_line' id='line_1_24' title="bbox 1921 1044 3578 1115; baseline 0.005 -15"><span class='ocrx_word' id='word_1_154' title='bbox 1921 1044 2202 1100; x_wconf 88' lang='lat' dir='ltr'><strong>manibus</strong></span> <span class='ocrx_word' id='word_1_155' title='bbox 2243 1052 2560 1115; x_wconf 83' lang='lat' dir='ltr'><strong>gestatum.</strong></span> <span class='ocrx_word' id='word_1_156' title='bbox 2597 1049 2729 1104; x_wconf 91' lang='lat' dir='ltr'><strong>Scio</strong></span> <span class='ocrx_word' id='word_1_157' title='bbox 2767 1049 3064 1106; x_wconf 81' lang='lat' dir='ltr'><strong>Christum</strong></span> <span class='ocrx_word' id='word_1_158' title='bbox 3095 1053 3213 1107; x_wconf 91' lang='lat' dir='ltr'><strong>Deo</strong></span> <span class='ocrx_word' id='word_1_159' title='bbox 3247 1052 3402 1108; x_wconf 87' lang='lat' dir='ltr'><strong>Patri</strong></span> <span class='ocrx_word' id='word_1_160' title='bbox 3430 1066 3578 1108; x_wconf 86' lang='lat' dir='ltr'><strong>con-</strong></span> 
     </span>
    </p>
   </div>
   <div class='ocr_carea' id='block_1_25' title="bbox 1924 1135 3576 1196">
    <p class='ocr_par' dir='ltr' id='par_1_25' title="bbox 1924 1135 3576 1196">
     <span class='ocr_line' id='line_1_25' title="bbox 1924 1135 3576 1196; baseline 0.004 -7"><span class='ocrx_word' id='word_1_161' title='bbox 1924 1135 2401 1191; x_wconf 86' lang='lat' dir='ltr'><strong>substantialem.</strong></span> <span class='ocrx_word' id='word_1_162' title='bbox 2438 1137 2568 1194; x_wconf 92' lang='lat' dir='ltr'><strong>Scio</strong></span> <span class='ocrx_word' id='word_1_163' title='bbox 2599 1138 2898 1195; x_wconf 87' lang='lat' dir='ltr'><strong>Christum</strong></span> <span class='ocrx_word' id='word_1_164' title='bbox 2938 1140 3287 1196; x_wconf 89' lang='lat' dir='ltr'><strong>hominibus</strong></span> <span class='ocrx_word' id='word_1_165' title='bbox 3317 1139 3576 1196; x_wconf 88' lang='lat' dir='ltr'><strong>consub-</strong></span> 
     </span>
    </p>
   </div>
   <div class='ocr_carea' id='block_1_26' title="bbox 1924 1223 3580 1293">
    <p class='ocr_par' dir='ltr' id='par_1_26' title="bbox 1924 1223 3580 1293">
     <span class='ocr_line' id='line_1_26' title="bbox 1924 1223 3580 1293; baseline 0.004 -15"><span class='ocrx_word' id='word_1_166' title='bbox 1924 1223 2280 1293; x_wconf 87' lang='lat' dir='ltr'><strong>stantialem,</strong></span> <span class='ocrx_word' id='word_1_167' title='bbox 2313 1225 2398 1280; x_wconf 89' lang='lat' dir='ltr'><strong>uti</strong></span> <span class='ocrx_word' id='word_1_168' title='bbox 2425 1225 2735 1282; x_wconf 90' lang='lat' dir='ltr'><strong>hominem</strong></span> <span class='ocrx_word' id='word_1_169' title='bbox 2765 1243 2836 1284; x_wconf 84' lang='lat' dir='ltr'><strong>ex</strong></span> <span class='ocrx_word' id='word_1_170' title='bbox 2865 1228 3236 1285; x_wconf 91' lang='lat' dir='ltr'><strong>hominibus.</strong></span> <span class='ocrx_word' id='word_1_171' title='bbox 3259 1229 3388 1286; x_wconf 91' lang='lat' dir='ltr'><strong>Scio</strong></span> <span class='ocrx_word' id='word_1_172' title='bbox 3421 1228 3580 1286; x_wconf 89' lang='lat' dir='ltr'><strong>Chri-</strong></span> 
     </span>
    </p>
   </div>
   <div class='ocr_carea' id='block_1_27' title="bbox 1925 1312 3580 1387">
    <p class='ocr_par' dir='ltr' id='par_1_27' title="bbox 1925 1312 3580 1387">
     <span class='ocr_line' id='line_1_27' title="bbox 1925 1312 3580 1387; baseline 0.003 -19"><span class='ocrx_word' id='word_1_173' title='bbox 1925 1318 2080 1369; x_wconf 90' lang='lat' dir='ltr'><strong>stum</strong></span> <span class='ocrx_word' id='word_1_174' title='bbox 2117 1312 2420 1369; x_wconf 79' lang='lat' dir='ltr'><strong>ccelestem</strong></span> <span class='ocrx_word' id='word_1_175' title='bbox 2451 1319 2508 1370; x_wconf 86' lang='lat' dir='ltr'><strong>et</strong></span> <span class='ocrx_word' id='word_1_176' title='bbox 2534 1319 2854 1387; x_wconf 86' lang='lat' dir='ltr'><strong>terrenum,</strong></span> <span class='ocrx_word' id='word_1_177' title='bbox 2894 1316 3253 1373; x_wconf 86' lang='lat' dir='ltr'><strong>invisibilem</strong></span> <span class='ocrx_word' id='word_1_178' title='bbox 3285 1321 3342 1374; x_wconf 87' lang='lat' dir='ltr'><strong>et</strong></span> <span class='ocrx_word' id='word_1_179' title='bbox 3379 1316 3580 1373; x_wconf 83' lang='lat' dir='ltr'><strong>visibi-</strong></span> 
     </span>
    </p>
   </div>
   <div class='ocr_carea' id='block_1_28' title="bbox 1923 1401 3582 1478">
    <p class='ocr_par' dir='ltr' id='par_1_28' title="bbox 1923 1401 3582 1478">
     <span class='ocr_line' id='line_1_28' title="bbox 1923 1401 3582 1478; baseline 0.003 -21"><span class='ocrx_word' id='word_1_180' title='bbox 1923 1401 2064 1459; x_wconf 91' lang='lat' dir='ltr'><strong>lem.</strong></span> <span class='ocrx_word' id='word_1_181' title='bbox 2116 1403 2247 1458; x_wconf 91' lang='lat' dir='ltr'><strong>Scio</strong></span> <span class='ocrx_word' id='word_1_182' title='bbox 2295 1402 2591 1458; x_wconf 83' lang='lat' dir='ltr'><strong>Christum</strong></span> <span class='ocrx_word' id='word_1_183' title='bbox 2639 1405 3119 1478; x_wconf 88' lang='lat' dir='ltr'><strong>impalpabilem,</strong></span> <span class='ocrx_word' id='word_1_184' title='bbox 3161 1412 3218 1462; x_wconf 90' lang='lat' dir='ltr'><strong>et</strong></span> <span class='ocrx_word' id='word_1_185' title='bbox 3270 1421 3307 1462; x_wconf 90' lang='lat' dir='ltr'><strong>a</strong></span> <span class='ocrx_word' id='word_1_186' title='bbox 3351 1406 3582 1463; x_wconf 85' lang='lat' dir='ltr'><strong>Thoma</strong></span> 
     </span>
    </p>
   </div>
   <div class='ocr_carea' id='block_1_29' title="bbox 1925 1490 3584 1568">
    <p class='ocr_par' dir='ltr' id='par_1_29' title="bbox 1925 1490 3584 1568">
     <span class='ocr_line' id='line_1_29' title="bbox 1925 1490 3584 1568; baseline 0.004 -23"><span class='ocrx_word' id='word_1_187' title='bbox 1925 1490 2258 1564; x_wconf 89' lang='lat' dir='ltr'><strong>palpatum.</strong></span> <span class='ocrx_word' id='word_1_188' title='bbox 2306 1491 2435 1548; x_wconf 91' lang='lat' dir='ltr'><strong>Scio</strong></span> <span class='ocrx_word' id='word_1_189' title='bbox 2490 1491 2788 1549; x_wconf 86' lang='lat' dir='ltr'><strong>Christum</strong></span> <span class='ocrx_word' id='word_1_190' title='bbox 2841 1494 3206 1566; x_wconf 85' lang='lat' dir='ltr'><strong>phalangem</strong></span> <span class='ocrx_word' id='word_1_191' title='bbox 3236 1493 3419 1550; x_wconf 86' lang='lat' dir='ltr'><strong>verbo</strong></span> <span class='ocrx_word' id='word_1_192' title='bbox 3447 1509 3584 1568; x_wconf 90' lang='lat' dir='ltr'><strong>pro-</strong></span> 
     </span>
    </p>
   </div>
   <div class='ocr_carea' id='block_1_30' title="bbox 206 1569 1824 1678">
    <p class='ocr_par' dir='ltr' id='par_1_30' title="bbox 206 1569 1809 1648">
     <span class='ocr_line' id='line_1_30' title="bbox 206 1569 1809 1648; baseline -0.001 -22"><span class='ocrx_word' id='word_1_193' title='bbox 206 1569 459 1645; x_wconf 74' lang='grc' dir='ltr'>χιλιάδας</span> <span class='ocrx_word' id='word_1_194' title='bbox 529 1574 731 1647; x_wconf 80' lang='grc' dir='ltr'>ῥήματι</span> <span class='ocrx_word' id='word_1_195' title='bbox 797 1572 1078 1648; x_wconf 79' lang='grc' dir='ltr'>θρέψαντα,</span> <span class='ocrx_word' id='word_1_196' title='bbox 1154 1578 1244 1626; x_wconf 88' lang='lat' dir='ltr'><strong>xui</strong></span> <span class='ocrx_word' id='word_1_197' title='bbox 1303 1578 1514 1648; x_wconf 80' lang='grc' dir='ltr'>νεκροὺς</span> <span class='ocrx_word' id='word_1_198' title='bbox 1579 1572 1809 1634; x_wconf 79' lang='grc' dir='ltr'>ἀναστή-</span> 
     </span>
    </p>
   </div>
   <div class='ocr_carea' id='block_1_31' title="bbox 1947 1569 3584 1678">
    <p class='ocr_par' dir='ltr' id='par_1_31' title="bbox 1947 1580 3584 1655">
     <span class='ocr_line' id='line_1_31' title="bbox 1947 1580 3584 1655; baseline 0.004 -21"><span class='ocrx_word' id='word_1_199' title='bbox 1947 1584 2312 1645; x_wconf 68' lang='lat' dir='ltr'><strong>sternentem.</strong></span> <span class='ocrx_word' id='word_1_200' title='bbox 2336 1580 2740 1655; x_wconf 90' lang='lat' dir='ltr'><strong>eumdemque</strong></span> <span class='ocrx_word' id='word_1_201' title='bbox 2765 1587 3036 1639; x_wconf 91' lang='lat' dir='ltr'><strong>mortuos</strong></span> <span class='ocrx_word' id='word_1_202' title='bbox 3074 1583 3481 1650; x_wconf 74' lang='lat' dir='ltr'><strong>suscitantem,</strong></span> <span class='ocrx_word' id='word_1_203' title='bbox 3523 1587 3584 1641; x_wconf 89' lang='lat' dir='ltr'><strong>et</strong></span> 
     </span>
    </p>
   </div>
   <div class='ocr_carea' id='block_1_32' title="bbox 208 1659 1812 1736">
    <p class='ocr_par' dir='ltr' id='par_1_32' title="bbox 208 1659 1812 1736">
     <span class='ocr_line' id='line_1_32' title="bbox 208 1659 1812 1736; baseline 0.001 -22"><span class='ocrx_word' id='word_1_204' title='bbox 208 1681 386 1727; x_wconf 81' lang='grc' dir='ltr'>σαντα,</span> <span class='ocrx_word' id='word_1_205' title='bbox 439 1667 534 1714; x_wconf 79' lang='lat' dir='ltr'><strong>xui</strong></span> <span class='ocrx_word' id='word_1_206' title='bbox 591 1667 758 1736; x_wconf 88' lang='grc' dir='ltr'>μυρία</span> <span class='ocrx_word' id='word_1_207' title='bbox 799 1666 1098 1719; x_wconf 78' lang='grc' dir='ltr'>ποιήσαντα</span> <span class='ocrx_word' id='word_1_208' title='bbox 1154 1664 1397 1735; x_wconf 76' lang='grc' dir='ltr'>θαύματα</span> <span class='ocrx_word' id='word_1_209' title='bbox 1459 1671 1521 1736; x_wconf 79' lang='grc' dir='ltr'>τῇ</span> <span class='ocrx_word' id='word_1_210' title='bbox 1592 1659 1812 1736; x_wconf 78' lang='grc' dir='ltr'><strong>δυνάμει</strong></span> 
     </span>
    </p>
   </div>
   <div class='ocr_carea' id='block_1_33' title="bbox 208 1747 1814 1825">
    <p class='ocr_par' dir='ltr' id='par_1_33' title="bbox 208 1747 1814 1825">
     <span class='ocr_line' id='line_1_33' title="bbox 208 1747 1814 1825; baseline 0.002 -23"><span class='ocrx_word' id='word_1_211' title='bbox 208 1759 292 1812; x_wconf 68' lang='grc' dir='ltr'>τῆς</span> <span class='ocrx_word' id='word_1_212' title='bbox 322 1751 520 1812; x_wconf 78' lang='grc' dir='ltr'><strong>οἰκείας</strong></span> <span class='ocrx_word' id='word_1_213' title='bbox 575 1752 819 1812; x_wconf 76' lang='grc' dir='ltr'><strong>θεότητος</strong></span> <span class='ocrx_word' id='word_1_214' title='bbox 873 1767 886 1780; x_wconf 81' lang='lat'><strong><em>°</em></strong></span> <span class='ocrx_word' id='word_1_215' title='bbox 929 1747 1053 1803; x_wconf 81' lang='grc' dir='ltr'>οἶδα</span> <span class='ocrx_word' id='word_1_216' title='bbox 1103 1755 1189 1803; x_wconf 85' lang='grc' dir='ltr'><strong>τόν</strong></span> <span class='ocrx_word' id='word_1_217' title='bbox 1228 1755 1459 1825; x_wconf 87' lang='grc' dir='ltr'>Χριστόν</span> <span class='ocrx_word' id='word_1_218' title='bbox 1497 1755 1814 1806; x_wconf 68' lang='grc' dir='ltr'>πεινάσαντα</span> 
     </span>
    </p>
   </div>
   <div class='ocr_carea' id='block_1_34' title="bbox 208 1837 1812 1912">
    <p class='ocr_par' dir='ltr' id='par_1_34' title="bbox 208 1837 1812 1912">
     <span class='ocr_line' id='line_1_34' title="bbox 208 1837 1812 1912; baseline 0.001 -20"><span class='ocrx_word' id='word_1_219' title='bbox 208 1846 292 1893; x_wconf 83' lang='lat' dir='ltr'><strong>xui</strong></span> <span class='ocrx_word' id='word_1_220' title='bbox 325 1837 648 1912; x_wconf 65' lang='grc' dir='ltr'>διψήσαντα</span> <span class='ocrx_word' id='word_1_221' title='bbox 688 1844 778 1892; x_wconf 80' lang='grc' dir='ltr'><strong>καὶ</strong></span> <span class='ocrx_word' id='word_1_222' title='bbox 826 1838 1193 1912; x_wconf 69' lang='grc' dir='ltr'>ἀγωνιάσαντα</span> <span class='ocrx_word' id='word_1_223' title='bbox 1232 1844 1321 1893; x_wconf 86' lang='grc' dir='ltr'><strong>καὶ</strong></span> <span class='ocrx_word' id='word_1_224' title='bbox 1365 1843 1693 1894; x_wconf 81' lang='grc' dir='ltr'>κοπιάσαντα</span> <span class='ocrx_word' id='word_1_225' title='bbox 1721 1847 1812 1895; x_wconf 97' lang='lat' dir='ltr'><strong>xui</strong></span> 
     </span>
    </p>
   </div>
   <div class='ocr_carea' id='block_1_35' title="bbox 210 1926 1501 2005">
    <p class='ocr_par' dir='ltr' id='par_1_35' title="bbox 210 1926 1501 2005">
     <span class='ocr_line' id='line_1_35' title="bbox 210 1926 1501 2005; baseline 0 -23"><span class='ocrx_word' id='word_1_226' title='bbox 210 1926 519 2005; x_wconf 73' lang='grc' dir='ltr'>ίδρὼσαντα</span> <span class='ocrx_word' id='word_1_227' title='bbox 568 1937 630 2000; x_wconf 75' lang='grc' dir='ltr'><strong>τῇ</strong></span> <span class='ocrx_word' id='word_1_228' title='bbox 687 1931 842 2001; x_wconf 70' lang='grc' dir='ltr'>φύσει</span> <span class='ocrx_word' id='word_1_229' title='bbox 899 1937 996 2001; x_wconf 78' lang='grc' dir='ltr'>τῇς</span> <span class='ocrx_word' id='word_1_230' title='bbox 1061 1928 1454 2004; x_wconf 75' lang='grc' dir='ltr'>ἀνθρωπότητος</span> <span class='ocrx_word' id='word_1_231' title='bbox 1488 1951 1501 1964; x_wconf 90' lang='grc'><strong>·</strong></span> 
     </span>
    </p>
   </div>
   <div class='ocr_carea' id='block_1_36' title="bbox 208 2016 1070 2094">
    <p class='ocr_par' dir='ltr' id='par_1_36' title="bbox 208 2016 1070 2094">
     <span class='ocr_line' id='line_1_36' title="bbox 208 2016 1070 2094; baseline -0.003 -21"><span class='ocrx_word' id='word_1_232' title='bbox 208 2023 437 2094; x_wconf 70' lang='grc' dir='ltr'>Χριστόν</span> <span class='ocrx_word' id='word_1_233' title='bbox 485 2016 816 2070; x_wconf 76' lang='grc' dir='ltr'>ἀποθανόντα</span> <span class='ocrx_word' id='word_1_234' title='bbox 867 2022 1070 2092; x_wconf 85' lang='grc' dir='ltr'>σαρκί·</span> 
     </span>
    </p>
   </div>
   <div class='ocr_carea' id='block_1_37' title="bbox 1556 1927 1813 1984">
    <p class='ocr_par' dir='ltr' id='par_1_37' title="bbox 1556 1927 1813 1984">
     <span class='ocr_line' id='line_1_37' title="bbox 1556 1927 1813 1984; baseline -0.004 0"><span class='ocrx_word' id='word_1_235' title='bbox 1556 1927 1678 1984; x_wconf 77' lang='grc' dir='ltr'>οἶδα</span> <span class='ocrx_word' id='word_1_236' title='bbox 1726 1935 1813 1984; x_wconf 66' lang='grc' dir='ltr'><strong>τόν</strong></span> 
     </span>
    </p>
   </div>
   <div class='ocr_carea' id='block_1_38' title="bbox 1125 2016 1814 2093">
    <p class='ocr_par' dir='ltr' id='par_1_38' title="bbox 1125 2016 1814 2093">
     <span class='ocr_line' id='line_1_38' title="bbox 1125 2016 1814 2093; baseline 0.003 -24"><span class='ocrx_word' id='word_1_237' title='bbox 1125 2019 1393 2092; x_wconf 74' lang='grc' dir='ltr'><strong>γνωρίζων</strong></span> <span class='ocrx_word' id='word_1_238' title='bbox 1440 2027 1538 2072; x_wconf 86' lang='grc' dir='ltr'>τῶν</span> <span class='ocrx_word' id='word_1_239' title='bbox 1590 2016 1690 2072; x_wconf 78' lang='grc' dir='ltr'><strong>δύο</strong></span> <span class='ocrx_word' id='word_1_240' title='bbox 1724 2023 1814 2093; x_wconf 75' lang='grc' dir='ltr'><strong>φύ-</strong></span> 
     </span>
    </p>
   </div>
   <div class='ocr_carea' id='block_1_39' title="bbox 209 2103 1814 2183">
    <p class='ocr_par' dir='ltr' id='par_1_39' title="bbox 209 2103 1814 2183">
     <span class='ocr_line' id='line_1_39' title="bbox 209 2103 1814 2183; baseline 0 -22"><span class='ocrx_word' id='word_1_241' title='bbox 209 2128 331 2161; x_wconf 83' lang='grc' dir='ltr'>σεων</span> <span class='ocrx_word' id='word_1_242' title='bbox 380 2107 549 2160; x_wconf 74' lang='grc' dir='ltr'>αὐτοῦ</span> <span class='ocrx_word' id='word_1_243' title='bbox 598 2111 657 2159; x_wconf 87' lang='grc' dir='ltr'>τὸ</span> <span class='ocrx_word' id='word_1_244' title='bbox 708 2103 978 2183; x_wconf 71' lang='grc' dir='ltr'>διάφορον,</span> <span class='ocrx_word' id='word_1_245' title='bbox 1030 2106 1088 2160; x_wconf 73' lang='grc' dir='ltr'><strong>οῦ</strong></span> <span class='ocrx_word' id='word_1_246' title='bbox 1117 2107 1316 2182; x_wconf 79' lang='grc' dir='ltr'>μερίζω</span> <span class='ocrx_word' id='word_1_247' title='bbox 1354 2109 1440 2161; x_wconf 88' lang='grc' dir='ltr'><strong>τόν</strong></span> <span class='ocrx_word' id='word_1_248' title='bbox 1483 2109 1569 2162; x_wconf 81' lang='grc' dir='ltr'>ἕνα</span> <span class='ocrx_word' id='word_1_249' title='bbox 1595 2111 1714 2163; x_wconf 80' lang='grc' dir='ltr'>Υίὸν</span> <span class='ocrx_word' id='word_1_250' title='bbox 1744 2109 1814 2174; x_wconf 87' lang='grc' dir='ltr'>εἰς</span> 
     </span>
    </p>
   </div>
   <div class='ocr_carea' id='block_1_40' title="bbox 210 2195 635 2269">
    <p class='ocr_par' dir='ltr' id='par_1_40' title="bbox 210 2195 635 2269">
     <span class='ocr_line' id='line_1_40' title="bbox 210 2195 635 2269; baseline -0.007 -19"><span class='ocrx_word' id='word_1_251' title='bbox 210 2195 301 2251; x_wconf 73' lang='grc' dir='ltr'><strong>δύο</strong></span> <span class='ocrx_word' id='word_1_252' title='bbox 332 2199 484 2259; x_wconf 72' lang='grc' dir='ltr'>υἱούς</span> <span class='ocrx_word' id='word_1_253' title='bbox 503 2197 548 2269; x_wconf 82' lang='grc' dir='ltr'><strong>(ί</strong></span> <span class='ocrx_word' id='word_1_254' title='bbox 567 2196 635 2267; x_wconf 90' lang='grc'><strong>1).</strong></span> 
     </span>
    </p>
   </div>
   <div class='ocr_carea' id='block_1_41' title="bbox 608 2302 1414 2376">
    <p class='ocr_par' dir='ltr' id='par_1_41' title="bbox 608 2302 1414 2376">
     <span class='ocr_line' id='line_1_41' title="bbox 608 2302 1414 2376; baseline 0.005 -21"><span class='ocrx_word' id='word_1_255' title='bbox 608 2309 713 2356; x_wconf 84' lang='grc' dir='ltr'>Τοῦ</span> <span class='ocrx_word' id='word_1_256' title='bbox 745 2302 906 2355; x_wconf 70' lang='grc' dir='ltr'>αὐτοῦ</span> <span class='ocrx_word' id='word_1_257' title='bbox 933 2302 1006 2366; x_wconf 89' lang='grc' dir='ltr'><strong>εἰς</strong></span> <span class='ocrx_word' id='word_1_258' title='bbox 1026 2305 1090 2356; x_wconf 82' lang='grc' dir='ltr'><strong>τὰ</strong></span> <span class='ocrx_word' id='word_1_259' title='bbox 1115 2311 1256 2376; x_wconf 77' lang='grc' dir='ltr'>φῶτα</span> <span class='ocrx_word' id='word_1_260' title='bbox 1285 2305 1414 2375; x_wconf 83' lang='grc'>(12).</span> 
     </span>
    </p>
   </div>
   <div class='ocr_carea' id='block_1_42' title="bbox 278 2407 1818 2482">
    <p class='ocr_par' dir='ltr' id='par_1_42' title="bbox 278 2407 1818 2482">
     <span class='ocr_line' id='line_1_42' title="bbox 278 2407 1818 2482; baseline 0 -18"><span class='ocrx_word' id='word_1_261' title='bbox 278 2410 451 2471; x_wconf 82' lang='grc' dir='ltr'>Οὗτός</span> <span class='ocrx_word' id='word_1_262' title='bbox 505 2409 647 2462; x_wconf 79' lang='grc' dir='ltr'>ἐστιν</span> <span class='ocrx_word' id='word_1_263' title='bbox 697 2410 724 2462; x_wconf 90' lang='grc' dir='ltr'><strong>ό</strong></span> <span class='ocrx_word' id='word_1_264' title='bbox 787 2411 906 2472; x_wconf 82' lang='grc' dir='ltr'>Υἱός</span> <span class='ocrx_word' id='word_1_265' title='bbox 957 2429 1058 2482; x_wconf 88' lang='grc' dir='ltr'><strong>μου</strong></span> <span class='ocrx_word' id='word_1_266' title='bbox 1104 2411 1130 2461; x_wconf 90' lang='grc' dir='ltr'><strong>ό</strong></span> <span class='ocrx_word' id='word_1_267' title='bbox 1185 2407 1454 2481; x_wconf 76' lang='grc' dir='ltr'>ἀγαπητὸς</span> <span class='ocrx_word' id='word_1_268' title='bbox 1507 2408 1555 2462; x_wconf 77' lang='grc' dir='ltr'>ἓν</span> <span class='ocrx_word' id='word_1_269' title='bbox 1717 2411 1818 2470; x_wconf 77' lang='grc' dir='ltr'><strong>ηὑ-</strong></span> 
     </span>
    </p>
   </div>
   <div class='ocr_carea' id='block_1_43' title="bbox 213 2497 1820 2573">
    <p class='ocr_par' dir='ltr' id='par_1_43' title="bbox 213 2497 1820 2573">
     <span class='ocr_line' id='line_1_43' title="bbox 213 2497 1820 2573; baseline -0.001 -20"><span class='ocrx_word' id='word_1_270' title='bbox 213 2497 423 2559; x_wconf 76' lang='grc' dir='ltr'>δόκησα</span> <span class='ocrx_word' id='word_1_271' title='bbox 450 2516 464 2529; x_wconf 88' lang='grc'>·</span> <span class='ocrx_word' id='word_1_272' title='bbox 497 2502 619 2560; x_wconf 76' lang='grc' dir='ltr'><strong>Υἱὸς</strong></span> <span class='ocrx_word' id='word_1_273' title='bbox 645 2499 942 2571; x_wconf 74' lang='grc' dir='ltr'>όμοοῦσιος,</span> <span class='ocrx_word' id='word_1_274' title='bbox 985 2497 1091 2570; x_wconf 71' lang='grc' dir='ltr'>οὐχ</span> <span class='ocrx_word' id='word_1_275' title='bbox 1139 2497 1461 2573; x_wconf 82' lang='grc' dir='ltr'>ἑτεροοῦσιος</span> <span class='ocrx_word' id='word_1_276' title='bbox 1491 2515 1503 2529; x_wconf 84' lang='lat'><strong><em>°</em></strong></span> <span class='ocrx_word' id='word_1_277' title='bbox 1542 2502 1820 2573; x_wconf 81' lang='grc' dir='ltr'>ὁμοούσιος</span> 
     </span>
    </p>
   </div>
   <div class='ocr_carea' id='block_1_44' title="bbox 211 2587 1819 2662">
    <p class='ocr_par' dir='ltr' id='par_1_44' title="bbox 211 2587 1819 2662">
     <span class='ocr_line' id='line_1_44' title="bbox 211 2587 1819 2662; baseline 0 -20"><span class='ocrx_word' id='word_1_278' title='bbox 211 2594 324 2662; x_wconf 71' lang='grc' dir='ltr'>ἐμοὶ</span> <span class='ocrx_word' id='word_1_279' title='bbox 374 2592 512 2642; x_wconf 77' lang='grc' dir='ltr'><strong>κατὰ</strong></span> <span class='ocrx_word' id='word_1_280' title='bbox 567 2592 627 2641; x_wconf 89' lang='grc' dir='ltr'><strong>τό</strong></span> <span class='ocrx_word' id='word_1_281' title='bbox 675 2587 920 2661; x_wconf 85' lang='grc' dir='ltr'>ἀόρατον,</span> <span class='ocrx_word' id='word_1_282' title='bbox 970 2593 1058 2640; x_wconf 85' lang='lat' dir='ltr'><strong>xui</strong></span> <span class='ocrx_word' id='word_1_283' title='bbox 1102 2588 1379 2660; x_wconf 77' lang='grc' dir='ltr'>όμοοῦσιος</span> <span class='ocrx_word' id='word_1_284' title='bbox 1425 2589 1547 2661; x_wconf 77' lang='grc' dir='ltr'>ὑμῖν</span> <span class='ocrx_word' id='word_1_285' title='bbox 1592 2591 1724 2642; x_wconf 79' lang='grc' dir='ltr'>κατὰ</span> <span class='ocrx_word' id='word_1_286' title='bbox 1760 2593 1819 2641; x_wconf 89' lang='grc' dir='ltr'><strong>τό</strong></span> 
     </span>
    </p>
   </div>
   <div class='ocr_carea' id='block_1_45' title="bbox 1127 2677 1822 2742">
    <p class='ocr_par' dir='ltr' id='par_1_45' title="bbox 1127 2677 1822 2742">
     <span class='ocr_line' id='line_1_45' title="bbox 1127 2677 1822 2742; baseline 0.004 -14"><span class='ocrx_word' id='word_1_287' title='bbox 1127 2677 1221 2728; x_wconf 74' lang='grc' dir='ltr'>οῦκ</span> <span class='ocrx_word' id='word_1_288' title='bbox 1279 2677 1426 2740; x_wconf 76' lang='grc' dir='ltr'>ἄλλος</span> <span class='ocrx_word' id='word_1_289' title='bbox 1467 2677 1606 2731; x_wconf 80' lang='grc' dir='ltr'>ἐστὶν</span> <span class='ocrx_word' id='word_1_290' title='bbox 1646 2680 1672 2731; x_wconf 85' lang='grc' dir='ltr'><strong><em>ὁ</em></strong></span> <span class='ocrx_word' id='word_1_291' title='bbox 1703 2679 1822 2742; x_wconf 80' lang='grc' dir='ltr'>Υἱός</span> 
     </span>
    </p>
   </div>
   <div class='ocr_carea' id='block_1_46' title="bbox 212 2764 1823 2840">
    <p class='ocr_par' dir='ltr' id='par_1_46' title="bbox 212 2764 1823 2840">
     <span class='ocr_line' id='line_1_46' title="bbox 212 2764 1823 2840; baseline -0.001 -19"><span class='ocrx_word' id='word_1_292' title='bbox 212 2789 330 2840; x_wconf 84' lang='grc' dir='ltr'>μου,</span> <span class='ocrx_word' id='word_1_293' title='bbox 381 2773 471 2820; x_wconf 82' lang='lat' dir='ltr'><strong>xui</strong></span> <span class='ocrx_word' id='word_1_294' title='bbox 533 2766 687 2830; x_wconf 80' lang='grc' dir='ltr'>ἄλλος</span> <span class='ocrx_word' id='word_1_295' title='bbox 727 2767 753 2818; x_wconf 84' lang='grc' dir='ltr'><strong><em>ὁ</em></strong></span> <span class='ocrx_word' id='word_1_296' title='bbox 802 2770 1011 2840; x_wconf 86' lang='grc' dir='ltr'>Μαρίας</span> <span class='ocrx_word' id='word_1_297' title='bbox 1065 2768 1192 2826; x_wconf 83' lang='grc' dir='ltr'>υἱός.</span> <span class='ocrx_word' id='word_1_298' title='bbox 1232 2770 1317 2824; x_wconf 79' lang='grc' dir='ltr'><strong>Μὴ</strong></span> <span class='ocrx_word' id='word_1_299' title='bbox 1361 2764 1550 2820; x_wconf 75' lang='grc' dir='ltr'>διέλετε</span> <span class='ocrx_word' id='word_1_300' title='bbox 1587 2772 1680 2827; x_wconf 80' lang='grc' dir='ltr'>τὴν</span> <span class='ocrx_word' id='word_1_301' title='bbox 1735 2767 1823 2820; x_wconf 80' lang='grc' dir='ltr'>ἀν-</span> 
     </span>
    </p>
   </div>
   <div class='ocr_carea' id='block_1_47' title="bbox 216 2853 1824 2933">
    <p class='ocr_par' dir='ltr' id='par_1_47' title="bbox 216 2853 1824 2933">
     <span class='ocr_line' id='line_1_47' title="bbox 216 2853 1824 2933; baseline 0.001 -24"><span class='ocrx_word' id='word_1_302' title='bbox 216 2859 529 2930; x_wconf 77' lang='grc' dir='ltr'>θρωποτητα</span> <span class='ocrx_word' id='word_1_303' title='bbox 553 2857 717 2909; x_wconf 68' lang='grc' dir='ltr'>αὐτοῦ</span> <span class='ocrx_word' id='word_1_304' title='bbox 746 2853 850 2908; x_wconf 80' lang='grc' dir='ltr'><strong>ἀπό</strong></span> <span class='ocrx_word' id='word_1_305' title='bbox 881 2864 975 2918; x_wconf 81' lang='grc' dir='ltr'>τῆς</span> <span class='ocrx_word' id='word_1_306' title='bbox 1010 2857 1251 2918; x_wconf 75' lang='grc' dir='ltr'>θεότητος</span> <span class='ocrx_word' id='word_1_307' title='bbox 1291 2855 1451 2908; x_wconf 73' lang='grc' dir='ltr'>αὐτοῦ</span> <span class='ocrx_word' id='word_1_308' title='bbox 1493 2873 1506 2887; x_wconf 78' lang='grc'><em>³</em></span> <span class='ocrx_word' id='word_1_309' title='bbox 1541 2855 1824 2933; x_wconf 78' lang='grc' dir='ltr'>ἀχώριστα</span> 
     </span>
    </p>
   </div>
   <div class='ocr_carea' id='block_1_48' title="bbox 212 2951 326 3019">
    <p class='ocr_par' dir='ltr' id='par_1_48' title="bbox 212 2951 326 3019">
     <span class='ocr_line' id='line_1_48' title="bbox 212 2951 326 3019; baseline 0.018 -2"><span class='ocrx_word' id='word_1_310' title='bbox 212 2951 326 3019; x_wconf 70' lang='grc' dir='ltr'>γάρ·</span> 
     </span>
    </p>
   </div>
   <div class='ocr_carea' id='block_1_49' title="bbox 212 3051 1826 3127">
    <p class='ocr_par' dir='ltr' id='par_1_49' title="bbox 212 3051 1826 3127">
     <span class='ocr_line' id='line_1_49' title="bbox 212 3051 1826 3127; baseline -0.002 -20"><span class='ocrx_word' id='word_1_311' title='bbox 212 3061 316 3108; x_wconf 81' lang='grc' dir='ltr'><strong>Τοῦ</strong></span> <span class='ocrx_word' id='word_1_312' title='bbox 361 3055 525 3107; x_wconf 66' lang='grc' dir='ltr'>αὐτοῦ</span> <span class='ocrx_word' id='word_1_313' title='bbox 574 3051 632 3106; x_wconf 75' lang='grc' dir='ltr'><strong>ἐκ</strong></span> <span class='ocrx_word' id='word_1_314' title='bbox 693 3059 786 3114; x_wconf 83' lang='grc' dir='ltr'>τῆς</span> <span class='ocrx_word' id='word_1_315' title='bbox 837 3051 905 3112; x_wconf 87' lang='grc' dir='ltr'><strong>εἰς</strong></span> <span class='ocrx_word' id='word_1_316' title='bbox 953 3053 1010 3103; x_wconf 89' lang='grc' dir='ltr'><strong>τό</strong></span> <span class='ocrx_word' id='word_1_317' title='bbox 1052 3055 1186 3105; x_wconf 74' lang='grc' dir='ltr'>κατὰ</span> <span class='ocrx_word' id='word_1_318' title='bbox 1232 3052 1468 3111; x_wconf 81' lang='grc' dir='ltr'>Ἰωάννην</span> <span class='ocrx_word' id='word_1_319' title='bbox 1515 3053 1826 3127; x_wconf 72' lang='grc' dir='ltr'>Εὗαγγέλιον</span> 
     </span>
    </p>
   </div>
   <div class='ocr_carea' id='block_1_50' title="bbox 889 3142 1174 3217">
    <p class='ocr_par' dir='ltr' id='par_1_50' title="bbox 889 3142 1174 3217">
     <span class='ocr_line' id='line_1_50' title="bbox 889 3142 1174 3217; baseline 0 -23"><span class='ocrx_word' id='word_1_320' title='bbox 889 3142 1174 3217; x_wconf 77' lang='grc' dir='ltr'><strong>ἑρμηνείας.</strong></span> 
     </span>
    </p>
   </div>
   <div class='ocr_carea' id='block_1_51' title="bbox 211 2677 1078 2754">
    <p class='ocr_par' dir='ltr' id='par_1_51' title="bbox 211 2677 1078 2754">
     <span class='ocr_line' id='line_1_51' title="bbox 211 2677 1078 2754; baseline -0.005 -22"><span class='ocrx_word' id='word_1_321' title='bbox 211 2683 492 2754; x_wconf 71' lang='grc' dir='ltr'>ὁρώμενον,</span> <span class='ocrx_word' id='word_1_322' title='bbox 543 2683 714 2752; x_wconf 72' lang='grc' dir='ltr'>χωρὶς</span> <span class='ocrx_word' id='word_1_323' title='bbox 753 2677 1018 2750; x_wconf 81' lang='grc' dir='ltr'>ἁμαρτίας</span> <span class='ocrx_word' id='word_1_324' title='bbox 1066 2693 1078 2707; x_wconf 75' lang='grc' dir='ltr'><strong>ο</strong></span> 
     </span>
    </p>
   </div>
   <div class='ocr_carea' id='block_1_52' title="bbox 281 3247 1830 3324">
    <p class='ocr_par' dir='ltr' id='par_1_52' title="bbox 281 3247 1830 3324">
     <span class='ocr_line' id='line_1_52' title="bbox 281 3247 1830 3324; baseline -0.001 -20"><span class='ocrx_word' id='word_1_325' title='bbox 281 3252 475 3305; x_wconf 77' lang='grc' dir='ltr'>Ἠνίκα</span> <span class='ocrx_word' id='word_1_326' title='bbox 527 3253 806 3324; x_wconf 73' lang='grc' dir='ltr'>προσέρχῃ</span> <span class='ocrx_word' id='word_1_327' title='bbox 856 3257 929 3320; x_wconf 81' lang='grc' dir='ltr'>τῷ</span> <span class='ocrx_word' id='word_1_328' title='bbox 961 3251 1346 3323; x_wconf 81' lang='grc' dir='ltr'>θυσιαστηρίῳ,</span> <span class='ocrx_word' id='word_1_329' title='bbox 1378 3255 1468 3303; x_wconf 84' lang='lat' dir='ltr'><strong>xui</strong></span> <span class='ocrx_word' id='word_1_330' title='bbox 1499 3247 1830 3323; x_wconf 76' lang='grc' dir='ltr'>μεταλαμϐά-</span> 
     </span>
    </p>
   </div>
   <div class='ocr_carea' id='block_1_53' title="bbox 215 3337 1834 3414">
    <p class='ocr_par' dir='ltr' id='par_1_53' title="bbox 215 3337 1834 3414">
     <span class='ocr_line' id='line_1_53' title="bbox 215 3337 1834 3414; baseline 0 -22"><span class='ocrx_word' id='word_1_331' title='bbox 215 3361 314 3404; x_wconf 75' lang='grc' dir='ltr'>νεις</span> <span class='ocrx_word' id='word_1_332' title='bbox 347 3344 410 3392; x_wconf 79' lang='grc' dir='ltr'><strong>τό</strong></span> <span class='ocrx_word' id='word_1_333' title='bbox 441 3341 576 3412; x_wconf 86' lang='grc' dir='ltr'>αἷμα</span> <span class='ocrx_word' id='word_1_334' title='bbox 607 3345 844 3413; x_wconf 78' lang='grc' dir='ltr'>Χριστοῦ</span> <span class='ocrx_word' id='word_1_335' title='bbox 879 3337 936 3390; x_wconf 71' lang='grc' dir='ltr'><strong>ἐκ</strong></span> <span class='ocrx_word' id='word_1_336' title='bbox 964 3345 1054 3391; x_wconf 89' lang='grc' dir='ltr'><strong>τοῦ</strong></span> <span class='ocrx_word' id='word_1_337' title='bbox 1084 3343 1360 3414; x_wconf 77' lang='grc' dir='ltr'>ποτηρίου,</span> <span class='ocrx_word' id='word_1_338' title='bbox 1392 3339 1526 3392; x_wconf 75' lang='grc' dir='ltr'>οὕτω</span> <span class='ocrx_word' id='word_1_339' title='bbox 1554 3339 1735 3412; x_wconf 79' lang='grc' dir='ltr'>νόμιζε</span> <span class='ocrx_word' id='word_1_340' title='bbox 1755 3342 1834 3392; x_wconf 88' lang='grc' dir='ltr'>ὃτι</span> 
     </span>
    </p>
   </div>
   <div class='ocr_carea' id='block_1_54' title="bbox 216 3426 1832 3502">
    <p class='ocr_par' dir='ltr' id='par_1_54' title="bbox 216 3426 1832 3502">
     <span class='ocr_line' id='line_1_54' title="bbox 216 3426 1832 3502; baseline 0 -21"><span class='ocrx_word' id='word_1_341' title='bbox 216 3434 274 3482; x_wconf 78' lang='grc' dir='ltr'><strong>τό</strong></span> <span class='ocrx_word' id='word_1_342' title='bbox 316 3434 496 3502; x_wconf 83' lang='grc' dir='ltr'>στόμα</span> <span class='ocrx_word' id='word_1_343' title='bbox 537 3448 633 3482; x_wconf 84' lang='grc' dir='ltr'><strong>σου</strong></span> <span class='ocrx_word' id='word_1_344' title='bbox 663 3435 726 3500; x_wconf 77' lang='grc' dir='ltr'>τῇ</span> <span class='ocrx_word' id='word_1_345' title='bbox 768 3426 969 3502; x_wconf 82' lang='grc' dir='ltr'>πλευρᾲ</span> <span class='ocrx_word' id='word_1_346' title='bbox 1006 3435 1241 3501; x_wconf 78' lang='grc' dir='ltr'>Χριστοῦ</span> <span class='ocrx_word' id='word_1_347' title='bbox 1262 3429 1614 3502; x_wconf 79' lang='grc' dir='ltr'>προσέθηκας,</span> <span class='ocrx_word' id='word_1_348' title='bbox 1655 3431 1747 3481; x_wconf 85' lang='lat' dir='ltr'><strong>xui</strong></span> <span class='ocrx_word' id='word_1_349' title='bbox 1777 3427 1832 3480; x_wconf 66' lang='lat' dir='ltr'><strong>ix</strong></span> 
     </span>
    </p>
   </div>
   <div class='ocr_carea' id='block_1_55' title="bbox 221 3517 987 3588">
    <p class='ocr_par' dir='ltr' id='par_1_55' title="bbox 221 3517 987 3588">
     <span class='ocr_line' id='line_1_55' title="bbox 221 3517 987 3588; baseline -0.005 -17"><span class='ocrx_word' id='word_1_350' title='bbox 221 3527 314 3580; x_wconf 73' lang='grc' dir='ltr'>τῆς</span> <span class='ocrx_word' id='word_1_351' title='bbox 352 3518 578 3588; x_wconf 76' lang='grc' dir='ltr'>πλευρᾶς</span> <span class='ocrx_word' id='word_1_352' title='bbox 608 3517 771 3570; x_wconf 68' lang='grc' dir='ltr'>αὐτοῦ</span> <span class='ocrx_word' id='word_1_353' title='bbox 801 3520 987 3578; x_wconf 86' lang='grc' dir='ltr'>πίνεις.</span> 
     </span>
    </p>
   </div>
   <div class='ocr_carea' id='block_1_56' title="bbox 513 3622 1546 3700">
    <p class='ocr_par' dir='ltr' id='par_1_56' title="bbox 513 3622 1546 3700">
     <span class='ocr_line' id='line_1_56' title="bbox 513 3622 1546 3700; baseline -0.002 -22"><span class='ocrx_word' id='word_1_354' title='bbox 513 3632 618 3678; x_wconf 87' lang='grc' dir='ltr'>Τοῦ</span> <span class='ocrx_word' id='word_1_355' title='bbox 659 3625 820 3677; x_wconf 71' lang='grc' dir='ltr'>αὐτοῦ</span> <span class='ocrx_word' id='word_1_356' title='bbox 852 3622 908 3676; x_wconf 79' lang='grc' dir='ltr'><strong>ἐκ</strong></span> <span class='ocrx_word' id='word_1_357' title='bbox 947 3631 1042 3686; x_wconf 82' lang='grc' dir='ltr'>τῆς</span> <span class='ocrx_word' id='word_1_358' title='bbox 1073 3624 1231 3688; x_wconf 69' lang='grc' dir='ltr'>αὐτῆς</span> <span class='ocrx_word' id='word_1_359' title='bbox 1262 3623 1546 3700; x_wconf 76' lang='grc' dir='ltr'>ἑρμηνείας.</span> 
     </span>
    </p>
   </div>
   <div class='ocr_carea' id='block_1_57' title="bbox 288 3725 1834 3807">
    <p class='ocr_par' dir='ltr' id='par_1_57' title="bbox 288 3725 1834 3807">
     <span class='ocr_line' id='line_1_57' title="bbox 288 3725 1834 3807; baseline 0 -23"><span class='ocrx_word' id='word_1_360' title='bbox 288 3733 501 3807; x_wconf 81' lang='grc' dir='ltr'>Ὠσπερ</span> <span class='ocrx_word' id='word_1_361' title='bbox 582 3733 686 3804; x_wconf 77' lang='grc' dir='ltr'><strong>γὰρ</strong></span> <span class='ocrx_word' id='word_1_362' title='bbox 765 3727 1019 3784; x_wconf 79' lang='grc' dir='ltr'>Ἰουδαῖοι</span> <span class='ocrx_word' id='word_1_363' title='bbox 1081 3735 1490 3806; x_wconf 76' lang='grc' dir='ltr'>περιτέμνονται,</span> <span class='ocrx_word' id='word_1_364' title='bbox 1559 3732 1711 3804; x_wconf 89' lang='grc' dir='ltr'>ἡμεῖς</span> <span class='ocrx_word' id='word_1_365' title='bbox 1775 3725 1834 3784; x_wconf 70' lang='grc' dir='ltr'>δε</span> 
     </span>
    </p>
   </div>
   <div class='ocr_carea' id='block_1_58' title="bbox 221 3817 1834 3894">
    <p class='ocr_par' dir='ltr' id='par_1_58' title="bbox 221 3817 1834 3894">
     <span class='ocr_line' id='line_1_58' title="bbox 221 3817 1834 3894; baseline -0.001 -21"><span class='ocrx_word' id='word_1_366' title='bbox 221 3820 600 3892; x_wconf 72' lang='grc' dir='ltr'>βαπτιζόμεθα</span> <span class='ocrx_word' id='word_1_367' title='bbox 630 3837 643 3849; x_wconf 93' lang='grc'><strong>·</strong></span> <span class='ocrx_word' id='word_1_368' title='bbox 704 3824 795 3872; x_wconf 89' lang='lat' dir='ltr'><strong>xui</strong></span> <span class='ocrx_word' id='word_1_369' title='bbox 850 3821 1024 3894; x_wconf 81' lang='grc' dir='ltr'>ὥσπερ</span> <span class='ocrx_word' id='word_1_370' title='bbox 1065 3817 1243 3872; x_wconf 73' lang='grc' dir='ltr'>ἐκεῖνοι</span> <span class='ocrx_word' id='word_1_371' title='bbox 1293 3823 1382 3872; x_wconf 91' lang='grc' dir='ltr'><strong>τόν</strong></span> <span class='ocrx_word' id='word_1_372' title='bbox 1431 3823 1635 3894; x_wconf 82' lang='grc' dir='ltr'>Πατέρα</span> <span class='ocrx_word' id='word_1_373' title='bbox 1682 3823 1834 3891; x_wconf 83' lang='grc' dir='ltr'>μόνον</span> 
     </span>
    </p>
   </div>
   <div class='ocr_carea' id='block_1_59' title="bbox 221 3904 1836 3981">
    <p class='ocr_par' dir='ltr' id='par_1_59' title="bbox 221 3904 1836 3981">
     <span class='ocr_line' id='line_1_59' title="bbox 221 3904 1836 3981; baseline -0.002 -18"><span class='ocrx_word' id='word_1_374' title='bbox 221 3915 343 3962; x_wconf 78' lang='grc' dir='ltr'>Θεόν</span> <span class='ocrx_word' id='word_1_375' title='bbox 391 3909 764 3980; x_wconf 72' lang='grc' dir='ltr'>ὁμολογοῦσιν,</span> <span class='ocrx_word' id='word_1_376' title='bbox 810 3910 965 3980; x_wconf 88' lang='grc' dir='ltr'>ἡμεῖς</span> <span class='ocrx_word' id='word_1_377' title='bbox 1018 3904 1077 3960; x_wconf 74' lang='grc' dir='ltr'>δε</span> <span class='ocrx_word' id='word_1_378' title='bbox 1127 3912 1220 3960; x_wconf 81' lang='grc' dir='ltr'>σὺν</span> <span class='ocrx_word' id='word_1_379' title='bbox 1269 3917 1340 3979; x_wconf 79' lang='grc' dir='ltr'>τῷ</span> <span class='ocrx_word' id='word_1_380' title='bbox 1383 3913 1551 3981; x_wconf 86' lang='grc' dir='ltr'>Πατρὶ</span> <span class='ocrx_word' id='word_1_381' title='bbox 1593 3911 1680 3960; x_wconf 88' lang='grc' dir='ltr'><strong>τόν</strong></span> <span class='ocrx_word' id='word_1_382' title='bbox 1718 3910 1836 3961; x_wconf 84' lang='grc' dir='ltr'>Υὶόν</span> 
     </span>
    </p>
   </div>
   <div class='ocr_carea' id='block_1_60' title="bbox 221 3996 1836 4072">
    <p class='ocr_par' dir='ltr' id='par_1_60' title="bbox 221 3996 1836 4072">
     <span class='ocr_line' id='line_1_60' title="bbox 221 3996 1836 4072; baseline -0.001 -21"><span class='ocrx_word' id='word_1_383' title='bbox 221 4005 308 4051; x_wconf 74' lang='grc' dir='ltr'><strong>καὶ</strong></span> <span class='ocrx_word' id='word_1_384' title='bbox 358 4002 424 4051; x_wconf 86' lang='grc' dir='ltr'><strong>τό</strong></span> <span class='ocrx_word' id='word_1_385' title='bbox 469 4001 622 4069; x_wconf 84' lang='grc' dir='ltr'>οῐγιον</span> <span class='ocrx_word' id='word_1_386' title='bbox 673 4004 885 4070; x_wconf 85' lang='grc' dir='ltr'>Πνεῦμα</span> <span class='ocrx_word' id='word_1_387' title='bbox 926 4012 939 4026; x_wconf 88' lang='lat'>&#39;</span> <span class='ocrx_word' id='word_1_388' title='bbox 991 3999 1163 4072; x_wconf 82' lang='grc' dir='ltr'>ὥσπερ</span> <span class='ocrx_word' id='word_1_389' title='bbox 1209 4016 1262 4050; x_wconf 82' lang='grc' dir='ltr'><strong>τε</strong></span> <span class='ocrx_word' id='word_1_390' title='bbox 1300 3998 1446 4050; x_wconf 78' lang='grc' dir='ltr'>ἔθυον</span> <span class='ocrx_word' id='word_1_391' title='bbox 1495 3996 1678 4050; x_wconf 83' lang='grc' dir='ltr'>ἐκεῖνοι</span> <span class='ocrx_word' id='word_1_392' title='bbox 1701 4001 1836 4071; x_wconf 88' lang='grc' dir='ltr'>πρό-</span> 
     </span>
    </p>
   </div>
   <div class='ocr_carea' id='block_1_61' title="bbox 224 4083 1837 4159">
    <p class='ocr_par' dir='ltr' id='par_1_61' title="bbox 224 4083 1837 4159">
     <span class='ocr_line' id='line_1_61' title="bbox 224 4083 1837 4159; baseline -0.001 -21"><span class='ocrx_word' id='word_1_393' title='bbox 224 4086 404 4158; x_wconf 71' lang='grc' dir='ltr'>ϐατον,</span> <span class='ocrx_word' id='word_1_394' title='bbox 463 4083 524 4145; x_wconf 71' lang='grc' dir='ltr'>ἦν</span> <span class='ocrx_word' id='word_1_395' title='bbox 565 4083 627 4139; x_wconf 74' lang='grc' dir='ltr'>δε</span> <span class='ocrx_word' id='word_1_396' title='bbox 671 4089 829 4147; x_wconf 84' lang='grc' dir='ltr'>τύπος</span> <span class='ocrx_word' id='word_1_397' title='bbox 867 4092 961 4138; x_wconf 88' lang='grc' dir='ltr'><strong>τοῦ</strong></span> <span class='ocrx_word' id='word_1_398' title='bbox 1015 4092 1269 4159; x_wconf 74' lang='grc' dir='ltr'>Χριστοῦ,</span> <span class='ocrx_word' id='word_1_399' title='bbox 1331 4087 1478 4158; x_wconf 82' lang='grc' dir='ltr'>ἡμεῖς</span> <span class='ocrx_word' id='word_1_400' title='bbox 1530 4085 1703 4138; x_wconf 73' lang='grc' dir='ltr'>οὐκέτι</span> <span class='ocrx_word' id='word_1_401' title='bbox 1749 4088 1837 4137; x_wconf 86' lang='grc' dir='ltr'><strong>τόν</strong></span> 
     </span>
    </p>
   </div>
   <div class='ocr_carea' id='block_1_62' title="bbox 225 4171 1838 4251">
    <p class='ocr_par' dir='ltr' id='par_1_62' title="bbox 225 4171 1838 4251">
     <span class='ocr_line' id='line_1_62' title="bbox 225 4171 1838 4251; baseline -0.002 -23"><span class='ocrx_word' id='word_1_402' title='bbox 225 4181 386 4229; x_wconf 77' lang='grc' dir='ltr'>τῦπον</span> <span class='ocrx_word' id='word_1_403' title='bbox 435 4177 620 4248; x_wconf 71' lang='grc' dir='ltr'>θύομεν</span> <span class='ocrx_word' id='word_1_404' title='bbox 667 4173 956 4248; x_wconf 81' lang='grc' dir='ltr'>πρόϐατον,</span> <span class='ocrx_word' id='word_1_405' title='bbox 997 4171 1126 4227; x_wconf 78' lang='grc' dir='ltr'>ἀλλὰ</span> <span class='ocrx_word' id='word_1_406' title='bbox 1161 4178 1248 4227; x_wconf 87' lang='grc' dir='ltr'><strong>τόν</strong></span> <span class='ocrx_word' id='word_1_407' title='bbox 1287 4178 1518 4251; x_wconf 84' lang='grc' dir='ltr'>Χριστόν</span> <span class='ocrx_word' id='word_1_408' title='bbox 1544 4174 1705 4234; x_wconf 78' lang='grc' dir='ltr'>αὐτὴν</span> <span class='ocrx_word' id='word_1_409' title='bbox 1742 4178 1838 4233; x_wconf 76' lang='grc' dir='ltr'>τὴν</span> 
     </span>
    </p>
   </div>
   <div class='ocr_carea' id='block_1_63' title="bbox 229 4265 499 4324">
    <p class='ocr_par' dir='ltr' id='par_1_63' title="bbox 229 4265 499 4324">
     <span class='ocr_line' id='line_1_63' title="bbox 229 4265 499 4324; baseline 0.007 -6"><span class='ocrx_word' id='word_1_410' title='bbox 229 4265 499 4324; x_wconf 70' lang='grc' dir='ltr'>ἀλήθειαν.</span> 
     </span>
    </p>
   </div>
   <div class='ocr_carea' id='block_1_64' title="bbox 232 4370 1839 4448">
    <p class='ocr_par' dir='ltr' id='par_1_64' title="bbox 232 4370 1839 4448">
     <span class='ocr_line' id='line_1_64' title="bbox 232 4370 1839 4448; baseline 0 -24"><span class='ocrx_word' id='word_1_411' title='bbox 232 4377 334 4424; x_wconf 83' lang='grc' dir='ltr'>τοῦ</span> <span class='ocrx_word' id='word_1_412' title='bbox 373 4372 635 4445; x_wconf 76' lang='grc' dir='ltr'>Θιολόγου</span> <span class='ocrx_word' id='word_1_413' title='bbox 681 4371 738 4424; x_wconf 75' lang='grc' dir='ltr'><strong>ἐκ</strong></span> <span class='ocrx_word' id='word_1_414' title='bbox 782 4379 872 4425; x_wconf 88' lang='grc' dir='ltr'><strong>τοῦ</strong></span> <span class='ocrx_word' id='word_1_415' title='bbox 925 4370 1081 4444; x_wconf 81' lang='grc' dir='ltr'>λόγου</span> <span class='ocrx_word' id='word_1_416' title='bbox 1118 4379 1208 4424; x_wconf 87' lang='grc' dir='ltr'><strong>τοῦ</strong></span> <span class='ocrx_word' id='word_1_417' title='bbox 1256 4389 1285 4425; x_wconf 72' lang='grc' dir='ltr'>ι</span> <span class='ocrx_word' id='word_1_418' title='bbox 1312 4376 1431 4448; x_wconf 84' lang='grc' dir='ltr'>περὶ</span> <span class='ocrx_word' id='word_1_419' title='bbox 1463 4371 1720 4444; x_wconf 75' lang='grc' dir='ltr'>θεολογίας</span> <span class='ocrx_word' id='word_1_420' title='bbox 1748 4375 1839 4424; x_wconf 80' lang='grc' dir='ltr'><strong>καὶ</strong></span> 
     </span>
    </p>
   </div>
   <div class='ocr_carea' id='block_1_65' title="bbox 644 4461 1432 4523">
    <p class='ocr_par' dir='ltr' id='par_1_65' title="bbox 644 4461 1432 4523">
     <span class='ocr_line' id='line_1_65' title="bbox 644 4461 1432 4523; baseline 0.001 -9"><span class='ocrx_word' id='word_1_421' title='bbox 644 4463 1024 4523; x_wconf 70' lang='grc' dir='ltr'>καταστάσεως</span> <span class='ocrx_word' id='word_1_422' title='bbox 1055 4461 1372 4517; x_wconf 78' lang='grc' dir='ltr'>ἐπισκόπων.</span> <span class='ocrx_word' id='word_1_423' title='bbox 1400 4479 1432 4515; x_wconf 64' lang='grc' dir='ltr'><strong>ν</strong></span> 
     </span>
    </p>
   </div>
   <div class='ocr_carea' id='block_1_66' title="bbox 311 4566 1842 4641">
    <p class='ocr_par' dir='ltr' id='par_1_66' title="bbox 311 4566 1842 4641">
     <span class='ocr_line' id='line_1_66' title="bbox 311 4566 1842 4641; baseline -0.001 -19"><span class='ocrx_word' id='word_1_424' title='bbox 311 4574 568 4640; x_wconf 74' lang='grc' dir='ltr'>Κείμινον,</span> <span class='ocrx_word' id='word_1_425' title='bbox 629 4591 658 4618; x_wconf 86' lang='grc'><strong>‹‹</strong></span> <span class='ocrx_word' id='word_1_426' title='bbox 724 4576 816 4620; x_wconf 86' lang='grc' dir='ltr'><strong>τοῦ</strong></span> <span class='ocrx_word' id='word_1_427' title='bbox 845 4566 1077 4640; x_wconf 82' lang='grc' dir='ltr'>μεγάλου</span> <span class='ocrx_word' id='word_1_428' title='bbox 1105 4575 1237 4621; x_wconf 86' lang='grc' dir='ltr'>Θεοῦ</span> <span class='ocrx_word' id='word_1_429' title='bbox 1307 4573 1397 4621; x_wconf 89' lang='lat' dir='ltr'><strong>xui</strong></span> <span class='ocrx_word' id='word_1_430' title='bbox 1461 4569 1690 4641; x_wconf 79' lang='grc' dir='ltr'>θύματος</span> <span class='ocrx_word' id='word_1_431' title='bbox 1752 4571 1842 4621; x_wconf 80' lang='grc' dir='ltr'>καὶ</span> 
     </span>
    </p>
   </div>
   <div class='ocr_carea' id='block_1_67' title="bbox 243 4655 1845 4734">
    <p class='ocr_par' dir='ltr' id='par_1_67' title="bbox 243 4655 1845 4734">
     <span class='ocr_line' id='line_1_67' title="bbox 243 4655 1845 4734; baseline 0 -25"><span class='ocrx_word' id='word_1_432' title='bbox 243 4655 530 4733; x_wconf 68' lang='grc' dir='ltr'>ἀρχιερέως.</span> <span class='ocrx_word' id='word_1_433' title='bbox 595 4681 625 4710; x_wconf 69' lang='grc' dir='ltr'>κ</span> <span class='ocrx_word' id='word_1_434' title='bbox 675 4659 956 4734; x_wconf 82' lang='grc' dir='ltr'>Ἐρμηνεία</span> <span class='ocrx_word' id='word_1_435' title='bbox 1016 4664 1105 4710; x_wconf 86' lang='grc' dir='ltr'><strong>τοῦ</strong></span> <span class='ocrx_word' id='word_1_436' title='bbox 1161 4657 1445 4730; x_wconf 82' lang='grc' dir='ltr'>ἐλαχίστου</span> <span class='ocrx_word' id='word_1_437' title='bbox 1509 4657 1622 4729; x_wconf 81' lang='grc'><strong>(13)</strong></span> <span class='ocrx_word' id='word_1_438' title='bbox 1690 4663 1845 4710; x_wconf 89' lang='grc' dir='ltr'>Βασι-</span> 
     </span>
    </p>
   </div>
   <div class='ocr_carea' id='block_1_68' title="bbox 241 4745 1843 4822">
    <p class='ocr_par' dir='ltr' id='par_1_68' title="bbox 241 4745 1843 4822">
     <span class='ocr_line' id='line_1_68' title="bbox 241 4745 1843 4822; baseline -0.001 -23"><span class='ocrx_word' id='word_1_439' title='bbox 241 4745 371 4800; x_wconf 71' lang='grc' dir='ltr'>λείου</span> <span class='ocrx_word' id='word_1_440' title='bbox 399 4765 412 4778; x_wconf 91' lang='grc'><strong>·</strong></span> <span class='ocrx_word' id='word_1_441' title='bbox 463 4749 707 4822; x_wconf 69' lang='grc' dir='ltr'>Μεγάλου</span> <span class='ocrx_word' id='word_1_442' title='bbox 754 4751 848 4820; x_wconf 69' lang='grc' dir='ltr'><strong>μεν</strong></span> <span class='ocrx_word' id='word_1_443' title='bbox 898 4751 1027 4800; x_wconf 87' lang='grc' dir='ltr'>Θεοῦ</span> <span class='ocrx_word' id='word_1_444' title='bbox 1073 4755 1163 4800; x_wconf 82' lang='grc' dir='ltr'><strong>τοῦ</strong></span> <span class='ocrx_word' id='word_1_445' title='bbox 1215 4751 1410 4822; x_wconf 80' lang='grc' dir='ltr'>Κυρίου</span> <span class='ocrx_word' id='word_1_446' title='bbox 1459 4747 1604 4820; x_wconf 80' lang='grc' dir='ltr'>ἡμῶν</span> <span class='ocrx_word' id='word_1_447' title='bbox 1669 4747 1843 4805; x_wconf 76' lang='grc' dir='ltr'>Ἰησοῦ</span> 
     </span>
    </p>
   </div>
   <div class='ocr_carea' id='block_1_69' title="bbox 310 4936 812 5006">
    <p class='ocr_par' dir='ltr' id='par_1_69' title="bbox 310 4936 812 5006">
     <span class='ocr_line' id='line_1_69' title="bbox 310 4936 812 5006; baseline -0.008 -11"><span class='ocrx_word' id='word_1_448' title='bbox 310 4937 352 4972; x_wconf 86' lang='grc'><strong>¹⁵</strong></span> <span class='ocrx_word' id='word_1_449' title='bbox 377 4936 570 4995; x_wconf 73' lang='lat' dir='ltr'><strong>Matth.</strong></span> <span class='ocrx_word' id='word_1_450' title='bbox 606 4953 690 5006; x_wconf 83' lang='grc' dir='ltr'>ιιι,</span> <span class='ocrx_word' id='word_1_451' title='bbox 721 4939 812 4992; x_wconf 81' lang='grc'><strong>17.</strong></span> 
     </span>
    </p>
   </div>
   <div class='ocr_carea' id='block_1_70' title="bbox 305 5145 1845 5223">
    <p class='ocr_par' dir='ltr' id='par_1_70' title="bbox 305 5145 1845 5223">
     <span class='ocr_line' id='line_1_70' title="bbox 305 5145 1845 5223; baseline -0.003 -15"><span class='ocrx_word' id='word_1_452' title='bbox 305 5155 408 5223; x_wconf 82' lang='grc' dir='ltr'><strong>(Η)</strong></span> <span class='ocrx_word' id='word_1_453' title='bbox 437 5155 855 5223; x_wconf 81' lang='lat' dir='ltr'><strong>Conferantur</strong></span> <span class='ocrx_word' id='word_1_454' title='bbox 886 5148 1018 5205; x_wconf 73' lang='lat' dir='ltr'><strong>haec</strong></span> <span class='ocrx_word' id='word_1_455' title='bbox 1043 5163 1181 5207; x_wconf 89' lang='lat' dir='ltr'><strong>cum</strong></span> <span class='ocrx_word' id='word_1_456' title='bbox 1211 5148 1348 5208; x_wconf 88' lang='lat' dir='ltr'><strong>edit.</strong></span> <span class='ocrx_word' id='word_1_457' title='bbox 1384 5151 1428 5205; x_wconf 87' lang='lat' dir='ltr'><strong>t.</strong></span> <span class='ocrx_word' id='word_1_458' title='bbox 1462 5147 1608 5219; x_wconf 78' lang='lat' dir='ltr'><strong>VIII,</strong></span> <span class='ocrx_word' id='word_1_459' title='bbox 1635 5145 1740 5204; x_wconf 90' lang='lat' dir='ltr'><strong>ubi</strong></span> <span class='ocrx_word' id='word_1_460' title='bbox 1769 5145 1845 5203; x_wconf 87' lang='lat' dir='ltr'><strong>de</strong></span> 
     </span>
    </p>
   </div>
   <div class='ocr_carea' id='block_1_71' title="bbox 247 5221 946 5298">
    <p class='ocr_par' dir='ltr' id='par_1_71' title="bbox 247 5221 946 5298">
     <span class='ocr_line' id='line_1_71' title="bbox 247 5221 946 5298; baseline -0.011 -15"><span class='ocrx_word' id='word_1_461' title='bbox 247 5221 295 5278; x_wconf 85' lang='lat' dir='ltr'><strong>S.</strong></span> <span class='ocrx_word' id='word_1_462' title='bbox 321 5221 552 5298; x_wconf 74' lang='lat' dir='ltr'><strong>Thema,</strong></span> <span class='ocrx_word' id='word_1_463' title='bbox 587 5225 705 5284; x_wconf 88' lang='lat' dir='ltr'><strong>sed</strong></span> <span class='ocrx_word' id='word_1_464' title='bbox 737 5222 946 5281; x_wconf 86' lang='lat' dir='ltr'><strong>aliter.</strong></span> 
     </span>
    </p>
   </div>
   <div class='ocr_carea' id='block_1_72' title="bbox 301 5289 1844 5366">
    <p class='ocr_par' dir='ltr' id='par_1_72' title="bbox 301 5289 1844 5366">
     <span class='ocr_line' id='line_1_72' title="bbox 301 5289 1844 5366; baseline -0.006 -13"><span class='ocrx_word' id='word_1_465' title='bbox 301 5299 400 5366; x_wconf 73' lang='lat'><strong>(12)</strong></span> <span class='ocrx_word' id='word_1_466' title='bbox 425 5301 505 5358; x_wconf 89' lang='lat' dir='ltr'><strong>De</strong></span> <span class='ocrx_word' id='word_1_467' title='bbox 535 5289 657 5357; x_wconf 81' lang='lat' dir='ltr'><strong>hoc</strong></span> <span class='ocrx_word' id='word_1_468' title='bbox 683 5293 1072 5366; x_wconf 81' lang='lat' dir='ltr'><strong>argumento</strong></span> <span class='ocrx_word' id='word_1_469' title='bbox 1089 5307 1212 5348; x_wconf 85' lang='lat' dir='ltr'><strong>non</strong></span> <span class='ocrx_word' id='word_1_470' title='bbox 1238 5289 1438 5366; x_wconf 71' lang='lat' dir='ltr'><strong>semel</strong></span> <span class='ocrx_word' id='word_1_471' title='bbox 1450 5290 1844 5366; x_wconf 80' lang='lat' dir='ltr'><strong>concionatus</strong></span> 
     </span>
    </p>
   </div>
   <div class='ocr_carea' id='block_1_73' title="bbox 241 5361 1845 5447">
    <p class='ocr_par' dir='ltr' id='par_1_73' title="bbox 241 5361 1845 5447">
     <span class='ocr_line' id='line_1_73' title="bbox 241 5361 1845 5447; baseline -0.006 -20"><span class='ocrx_word' id='word_1_472' title='bbox 241 5361 312 5427; x_wconf 75' lang='lat' dir='ltr'><strong>est</strong></span> <span class='ocrx_word' id='word_1_473' title='bbox 337 5361 849 5447; x_wconf 70' lang='lat' dir='ltr'><strong>Chrysostomtis,</strong></span> <span class='ocrx_word' id='word_1_474' title='bbox 903 5365 972 5418; x_wconf 86' lang='lat' dir='ltr'><strong>ut</strong></span> <span class='ocrx_word' id='word_1_475' title='bbox 1007 5368 1242 5421; x_wconf 79' lang='lat' dir='ltr'><strong>constat</strong></span> <span class='ocrx_word' id='word_1_476' title='bbox 1265 5379 1338 5420; x_wconf 83' lang='lat' dir='ltr'><strong>ex</strong></span> <span class='ocrx_word' id='word_1_477' title='bbox 1367 5361 1539 5420; x_wconf 86' lang='lat' dir='ltr'><strong>editis</strong></span> <span class='ocrx_word' id='word_1_478' title='bbox 1565 5361 1696 5434; x_wconf 89' lang='lat' dir='ltr'><strong>ejus</strong></span> <span class='ocrx_word' id='word_1_479' title='bbox 1721 5375 1845 5418; x_wconf 84' lang='lat' dir='ltr'><strong>ser-</strong></span> 
     </span>
    </p>
   </div>
   <div class='ocr_carea' id='block_1_74' title="bbox 236 5444 1844 5594">
    <p class='ocr_par' dir='ltr' id='par_1_74' title="bbox 236 5444 1844 5594">
     <span class='ocr_line' id='line_1_74' title="bbox 236 5444 1844 5594; baseline -0.01 -18"><span class='ocrx_word' id='word_1_480' title='bbox 236 5444 569 5594; x_wconf 38' lang='lat' dir='ltr'><strong>magaba.</strong></span> <span class='ocrx_word' id='word_1_481' title='bbox 606 5509 902 5592; x_wconf 48' lang='lat' dir='ltr'><strong>animo,</strong></span> <span class='ocrx_word' id='word_1_482' title='bbox 934 5507 1093 5565; x_wconf 83' lang='lat' dir='ltr'><strong>certo</strong></span> <span class='ocrx_word' id='word_1_483' title='bbox 1116 5521 1313 5566; x_wconf 83' lang='lat' dir='ltr'><strong>errore</strong></span> <span class='ocrx_word' id='word_1_484' title='bbox 1341 5504 1738 5566; x_wconf 81' lang='lat' dir='ltr'><strong>amanuensis</strong></span> <span class='ocrx_word' id='word_1_485' title='bbox 1767 5501 1844 5561; x_wconf 88' lang='lat' dir='ltr'><strong>de</strong></span> 
     </span>
    </p>
   </div>
   <div class='ocr_carea' id='block_1_75' title="bbox 1925 1667 3582 1742">
    <p class='ocr_par' dir='ltr' id='par_1_75' title="bbox 1925 1667 3582 1742">
     <span class='ocr_line' id='line_1_75' title="bbox 1925 1667 3582 1742; baseline 0.002 -18"><span class='ocrx_word' id='word_1_486' title='bbox 1925 1667 2184 1742; x_wconf 85' lang='lat' dir='ltr'><strong>plurima</strong></span> <span class='ocrx_word' id='word_1_487' title='bbox 2232 1668 2588 1725; x_wconf 82' lang='lat' dir='ltr'><strong>efﬁcientem</strong></span> <span class='ocrx_word' id='word_1_488' title='bbox 2633 1671 2924 1728; x_wconf 87' lang='lat' dir='ltr'><strong>miracula</strong></span> <span class='ocrx_word' id='word_1_489' title='bbox 2953 1688 3076 1728; x_wconf 67' lang='lat' dir='ltr'><strong>sua!</strong></span> <span class='ocrx_word' id='word_1_490' title='bbox 3107 1671 3431 1728; x_wconf 88' lang='lat' dir='ltr'><strong>divinitatis</strong></span> <span class='ocrx_word' id='word_1_491' title='bbox 3470 1673 3582 1729; x_wconf 74' lang='lat' dir='ltr'><strong>vir-</strong></span> 
     </span>
    </p>
   </div>
   <div class='ocr_carea' id='block_1_76' title="bbox 1926 1759 3584 1832">
    <p class='ocr_par' dir='ltr' id='par_1_76' title="bbox 1926 1759 3584 1832">
     <span class='ocr_line' id='line_1_76' title="bbox 1926 1759 3584 1832; baseline 0.002 -18"><span class='ocrx_word' id='word_1_492' title='bbox 1926 1763 2070 1816; x_wconf 91' lang='lat' dir='ltr'><strong>tute.</strong></span> <span class='ocrx_word' id='word_1_493' title='bbox 2112 1759 2244 1815; x_wconf 91' lang='lat' dir='ltr'><strong>Scio</strong></span> <span class='ocrx_word' id='word_1_494' title='bbox 2275 1759 2568 1815; x_wconf 84' lang='lat' dir='ltr'><strong>Christum</strong></span> <span class='ocrx_word' id='word_1_495' title='bbox 2595 1762 2974 1832; x_wconf 86' lang='lat' dir='ltr'><strong>esurientem,</strong></span> <span class='ocrx_word' id='word_1_496' title='bbox 3027 1762 3341 1828; x_wconf 83' lang='lat' dir='ltr'><strong>sitientem,</strong></span> <span class='ocrx_word' id='word_1_497' title='bbox 3375 1763 3584 1832; x_wconf 84' lang='lat' dir='ltr'><strong>agoni-</strong></span> 
     </span>
    </p>
   </div>
   <div class='ocr_carea' id='block_1_77' title="bbox 1924 1847 3582 1919">
    <p class='ocr_par' dir='ltr' id='par_1_77' title="bbox 1924 1847 3582 1919">
     <span class='ocr_line' id='line_1_77' title="bbox 1924 1847 3582 1919; baseline 0.005 -17"><span class='ocrx_word' id='word_1_498' title='bbox 1924 1853 2177 1918; x_wconf 88' lang='lat' dir='ltr'><strong>zantem,</strong></span> <span class='ocrx_word' id='word_1_499' title='bbox 2201 1847 2598 1919; x_wconf 89' lang='lat' dir='ltr'><strong>laborantem,</strong></span> <span class='ocrx_word' id='word_1_500' title='bbox 2623 1850 3015 1908; x_wconf 89' lang='lat' dir='ltr'><strong>sudantemin</strong></span> <span class='ocrx_word' id='word_1_501' title='bbox 3044 1851 3315 1909; x_wconf 88' lang='lat' dir='ltr'><strong>humana</strong></span> <span class='ocrx_word' id='word_1_502' title='bbox 3343 1855 3582 1910; x_wconf 86' lang='lat' dir='ltr'><strong>natura.</strong></span> 
     </span>
    </p>
   </div>
   <div class='ocr_carea' id='block_1_78' title="bbox 1924 1936 3583 2013">
    <p class='ocr_par' dir='ltr' id='par_1_78' title="bbox 1924 1936 3583 2013">
     <span class='ocr_line' id='line_1_78' title="bbox 1924 1936 3583 2013; baseline 0.004 -22"><span class='ocrx_word' id='word_1_503' title='bbox 1924 1937 2056 1992; x_wconf 89' lang='lat' dir='ltr'><strong>Scio</strong></span> <span class='ocrx_word' id='word_1_504' title='bbox 2087 1936 2380 1992; x_wconf 87' lang='lat' dir='ltr'><strong>Christum</strong></span> <span class='ocrx_word' id='word_1_505' title='bbox 2424 1937 2485 1992; x_wconf 91' lang='lat' dir='ltr'><strong>in</strong></span> <span class='ocrx_word' id='word_1_506' title='bbox 2529 1954 2708 1994; x_wconf 90' lang='lat' dir='ltr'><strong>carne</strong></span> <span class='ocrx_word' id='word_1_507' title='bbox 2751 1945 3078 1996; x_wconf 90' lang='lat' dir='ltr'><strong>mortuum.</strong></span> <span class='ocrx_word' id='word_1_508' title='bbox 3114 1943 3180 1997; x_wconf 89' lang='lat' dir='ltr'><strong>Et</strong></span> <span class='ocrx_word' id='word_1_509' title='bbox 3217 1956 3583 2013; x_wconf 87' lang='lat' dir='ltr'><strong>quanquam</strong></span> 
     </span>
    </p>
   </div>
   <div class='ocr_carea' id='block_1_79' title="bbox 1925 2024 3583 2098">
    <p class='ocr_par' dir='ltr' id='par_1_79' title="bbox 1925 2024 3583 2098">
     <span class='ocr_line' id='line_1_79' title="bbox 1925 2024 3583 2098; baseline 0.003 -18"><span class='ocrx_word' id='word_1_510' title='bbox 1925 2029 2279 2080; x_wconf 86' lang='lat' dir='ltr'><strong>naturarum</strong></span> <span class='ocrx_word' id='word_1_511' title='bbox 2309 2024 2437 2094; x_wconf 90' lang='lat' dir='ltr'><strong>ejus</strong></span> <span class='ocrx_word' id='word_1_512' title='bbox 2465 2025 2865 2083; x_wconf 80' lang='lat' dir='ltr'><strong>differentiam</strong></span> <span class='ocrx_word' id='word_1_513' title='bbox 2896 2042 3185 2098; x_wconf 85' lang='lat' dir='ltr'><strong>agnosco,</strong></span> <span class='ocrx_word' id='word_1_514' title='bbox 3217 2029 3467 2085; x_wconf 87' lang='lat' dir='ltr'><strong>unicum</strong></span> <span class='ocrx_word' id='word_1_515' title='bbox 3498 2029 3583 2085; x_wconf 88' lang='lat' dir='ltr'><strong>Fi-</strong></span> 
     </span>
    </p>
   </div>
   <div class='ocr_carea' id='block_1_80' title="bbox 1925 2111 2928 2173">
    <p class='ocr_par' dir='ltr' id='par_1_80' title="bbox 1925 2111 2928 2173">
     <span class='ocr_line' id='line_1_80' title="bbox 1925 2111 2928 2173; baseline 0.004 -4"><span class='ocrx_word' id='word_1_516' title='bbox 1925 2113 2072 2170; x_wconf 90' lang='lat' dir='ltr'><strong>lium</strong></span> <span class='ocrx_word' id='word_1_517' title='bbox 2100 2111 2162 2168; x_wconf 91' lang='lat' dir='ltr'><strong>in</strong></span> <span class='ocrx_word' id='word_1_518' title='bbox 2193 2112 2347 2170; x_wconf 91' lang='lat' dir='ltr'><strong>duos</strong></span> <span class='ocrx_word' id='word_1_519' title='bbox 2372 2112 2527 2170; x_wconf 86' lang='lat' dir='ltr'><strong>ﬁlios</strong></span> <span class='ocrx_word' id='word_1_520' title='bbox 2557 2129 2678 2171; x_wconf 90' lang='lat' dir='ltr'><strong>non</strong></span> <span class='ocrx_word' id='word_1_521' title='bbox 2703 2114 2928 2173; x_wconf 91' lang='lat' dir='ltr'><strong>divido.</strong></span> 
     </span>
    </p>
   </div>
   <div class='ocr_carea' id='block_1_81' title="bbox 2301 2295 3186 2368">
    <p class='ocr_par' dir='ltr' id='par_1_81' title="bbox 2301 2295 3186 2368">
     <span class='ocr_line' id='line_1_81' title="bbox 2301 2295 3186 2368; baseline -0.001 -16"><span class='ocrx_word' id='word_1_522' title='bbox 2301 2295 2584 2368; x_wconf 81' lang='lat' dir='ltr'><strong>Ejusdem</strong></span> <span class='ocrx_word' id='word_1_523' title='bbox 2610 2299 2671 2354; x_wconf 81' lang='lat' dir='ltr'><strong>in</strong></span> <span class='ocrx_word' id='word_1_524' title='bbox 2697 2302 2912 2355; x_wconf 86' lang='lat' dir='ltr'><strong>sancta</strong></span> <span class='ocrx_word' id='word_1_525' title='bbox 2934 2299 3186 2355; x_wconf 83' lang='lat' dir='ltr'><strong>lumina.</strong></span> 
     </span>
    </p>
   </div>
   <div class='ocr_carea' id='block_1_82' title="bbox 2000 2403 3587 2476">
    <p class='ocr_par' dir='ltr' id='par_1_82' title="bbox 2000 2403 3587 2476">
     <span class='ocr_line' id='line_1_82' title="bbox 2000 2403 3587 2476; baseline 0.003 -18"><span class='ocrx_word' id='word_1_526' title='bbox 2000 2403 2113 2458; x_wconf 81' lang='lat' dir='ltr'><strong>Hic</strong></span> <span class='ocrx_word' id='word_1_527' title='bbox 2136 2409 2218 2460; x_wconf 84' lang='lat' dir='ltr'><strong>est</strong></span> <span class='ocrx_word' id='word_1_528' title='bbox 2239 2403 2434 2459; x_wconf 82' lang='lat' dir='ltr'><strong>Filius</strong></span> <span class='ocrx_word' id='word_1_529' title='bbox 2454 2419 2616 2460; x_wconf 87' lang='lat' dir='ltr'><strong>meus</strong></span> <span class='ocrx_word' id='word_1_530' title='bbox 2642 2405 2894 2461; x_wconf 85' lang='lat' dir='ltr'><strong>dilectus</strong></span> <span class='ocrx_word' id='word_1_531' title='bbox 2924 2405 2987 2460; x_wconf 85' lang='lat' dir='ltr'><strong>in</strong></span> <span class='ocrx_word' id='word_1_532' title='bbox 3017 2420 3132 2476; x_wconf 86' lang='lat' dir='ltr'><strong>quo</strong></span> <span class='ocrx_word' id='word_1_533' title='bbox 3157 2403 3311 2461; x_wconf 85' lang='lat' dir='ltr'><strong>mihi</strong></span> <span class='ocrx_word' id='word_1_534' title='bbox 3325 2404 3587 2476; x_wconf 78' lang='lat' dir='ltr'><strong>compta-</strong></span> 
     </span>
    </p>
   </div>
   <div class='ocr_carea' id='block_1_83' title="bbox 1932 2490 3582 2562">
    <p class='ocr_par' dir='ltr' id='par_1_83' title="bbox 1932 2490 3582 2562">
     <span class='ocr_line' id='line_1_83' title="bbox 1932 2490 3582 2562; baseline 0 -12"><span class='ocrx_word' id='word_1_535' title='bbox 1932 2494 2106 2550; x_wconf 70' lang='lat' dir='ltr'><strong>cui&quot;.</strong></span> <span class='ocrx_word' id='word_1_536' title='bbox 2125 2490 2304 2547; x_wconf 84' lang='lat' dir='ltr'><strong>Filius</strong></span> <span class='ocrx_word' id='word_1_537' title='bbox 2324 2491 2852 2550; x_wconf 83' lang='lat' dir='ltr'><strong>consubstantialis</strong></span> <span class='ocrx_word' id='word_1_538' title='bbox 2874 2508 2998 2550; x_wconf 91' lang='lat' dir='ltr'><strong>non</strong></span> <span class='ocrx_word' id='word_1_539' title='bbox 3020 2493 3172 2550; x_wconf 88' lang='lat' dir='ltr'><strong>alius</strong></span> <span class='ocrx_word' id='word_1_540' title='bbox 3196 2492 3582 2562; x_wconf 66' lang='lat' dir='ltr'><strong>substantiae;</strong></span> 
     </span>
    </p>
   </div>
   <div class='ocr_carea' id='block_1_84' title="bbox 1933 2581 3586 2655">
    <p class='ocr_par' dir='ltr' id='par_1_84' title="bbox 1933 2581 3586 2655">
     <span class='ocr_line' id='line_1_84' title="bbox 1933 2581 3586 2655; baseline 0.001 -17"><span class='ocrx_word' id='word_1_541' title='bbox 1933 2581 2460 2638; x_wconf 88' lang='lat' dir='ltr'><strong>consubstantialis</strong></span> <span class='ocrx_word' id='word_1_542' title='bbox 2480 2582 2626 2638; x_wconf 89' lang='lat' dir='ltr'><strong>mihi</strong></span> <span class='ocrx_word' id='word_1_543' title='bbox 2650 2588 2948 2655; x_wconf 87' lang='lat' dir='ltr'><strong>quatenus</strong></span> <span class='ocrx_word' id='word_1_544' title='bbox 2969 2583 3306 2652; x_wconf 88' lang='lat' dir='ltr'><strong>invisibilis,</strong></span> <span class='ocrx_word' id='word_1_545' title='bbox 3330 2583 3586 2641; x_wconf 90' lang='lat' dir='ltr'><strong>consub-</strong></span> 
     </span>
    </p>
   </div>
   <div class='ocr_carea' id='block_1_85' title="bbox 1935 2670 3588 2745">
    <p class='ocr_par' dir='ltr' id='par_1_85' title="bbox 1935 2670 3588 2745">
     <span class='ocr_line' id='line_1_85' title="bbox 1935 2670 3588 2745; baseline 0.003 -19"><span class='ocrx_word' id='word_1_546' title='bbox 1935 2670 2226 2727; x_wconf 86' lang='lat' dir='ltr'><strong>stantialis</strong></span> <span class='ocrx_word' id='word_1_547' title='bbox 2247 2670 2418 2726; x_wconf 87' lang='lat' dir='ltr'><strong>vobis</strong></span> <span class='ocrx_word' id='word_1_548' title='bbox 2441 2676 2738 2744; x_wconf 89' lang='lat' dir='ltr'><strong>quatenus</strong></span> <span class='ocrx_word' id='word_1_549' title='bbox 2757 2671 3026 2744; x_wconf 83' lang='lat' dir='ltr'><strong>visibilis,</strong></span> <span class='ocrx_word' id='word_1_550' title='bbox 3045 2671 3155 2729; x_wconf 91' lang='lat' dir='ltr'><strong>sed</strong></span> <span class='ocrx_word' id='word_1_551' title='bbox 3171 2673 3298 2728; x_wconf 91' lang='lat' dir='ltr'><strong>sine</strong></span> <span class='ocrx_word' id='word_1_552' title='bbox 3316 2675 3588 2745; x_wconf 79' lang='lat' dir='ltr'><strong>peccato.</strong></span> 
     </span>
    </p>
   </div>
   <div class='ocr_carea' id='block_1_86' title="bbox 1935 2759 3588 2830">
    <p class='ocr_par' dir='ltr' id='par_1_86' title="bbox 1935 2759 3588 2830">
     <span class='ocr_line' id='line_1_86' title="bbox 1935 2759 3588 2830; baseline 0.001 -13"><span class='ocrx_word' id='word_1_553' title='bbox 1935 2764 2061 2817; x_wconf 87' lang='lat' dir='ltr'><strong>Non</strong></span> <span class='ocrx_word' id='word_1_554' title='bbox 2093 2765 2179 2816; x_wconf 87' lang='lat' dir='ltr'><strong>est</strong></span> <span class='ocrx_word' id='word_1_555' title='bbox 2206 2759 2356 2815; x_wconf 88' lang='lat' dir='ltr'><strong>alius</strong></span> <span class='ocrx_word' id='word_1_556' title='bbox 2385 2759 2564 2816; x_wconf 85' lang='lat' dir='ltr'><strong>Filius</strong></span> <span class='ocrx_word' id='word_1_557' title='bbox 2593 2776 2788 2830; x_wconf 89' lang='lat' dir='ltr'><strong>meus,</strong></span> <span class='ocrx_word' id='word_1_558' title='bbox 2816 2765 2872 2817; x_wconf 92' lang='lat' dir='ltr'><strong>et</strong></span> <span class='ocrx_word' id='word_1_559' title='bbox 2903 2762 3054 2817; x_wconf 88' lang='lat' dir='ltr'><strong>alius</strong></span> <span class='ocrx_word' id='word_1_560' title='bbox 3086 2761 3276 2819; x_wconf 56' lang='lat' dir='ltr'><strong>Mariae</strong></span> <span class='ocrx_word' id='word_1_561' title='bbox 3301 2760 3473 2819; x_wconf 84' lang='lat' dir='ltr'><strong>ﬁlius.</strong></span> <span class='ocrx_word' id='word_1_562' title='bbox 3505 2765 3588 2818; x_wconf 86' lang='lat' dir='ltr'><strong>Ne</strong></span> 
     </span>
    </p>
   </div>
   <div class='ocr_carea' id='block_1_87' title="bbox 1935 2849 3581 2921">
    <p class='ocr_par' dir='ltr' id='par_1_87' title="bbox 1935 2849 3581 2921">
     <span class='ocr_line' id='line_1_87' title="bbox 1935 2849 3581 2921; baseline 0.002 -17"><span class='ocrx_word' id='word_1_563' title='bbox 1935 2849 2221 2921; x_wconf 85' lang='lat' dir='ltr'><strong>separetis</strong></span> <span class='ocrx_word' id='word_1_564' title='bbox 2242 2849 2679 2905; x_wconf 85' lang='lat' dir='ltr'><strong>humanitatem</strong></span> <span class='ocrx_word' id='word_1_565' title='bbox 2701 2849 2832 2921; x_wconf 89' lang='lat' dir='ltr'><strong>ejus</strong></span> <span class='ocrx_word' id='word_1_566' title='bbox 2855 2849 2932 2907; x_wconf 88' lang='lat' dir='ltr'><strong>ab</strong></span> <span class='ocrx_word' id='word_1_567' title='bbox 2954 2849 3229 2921; x_wconf 89' lang='lat' dir='ltr'><strong>ejusdem</strong></span> <span class='ocrx_word' id='word_1_568' title='bbox 3251 2849 3581 2920; x_wconf 85' lang='lat' dir='ltr'><strong>divinitate;</strong></span> 
     </span>
    </p>
   </div>
   <div class='ocr_carea' id='block_1_88' title="bbox 1855 2937 2712 3032">
    <p class='ocr_par' dir='ltr' id='par_1_88' title="bbox 1855 2937 2712 3032">
     <span class='ocr_line' id='line_1_88' title="bbox 1855 2937 2712 3032; baseline 0.001 -39"><span class='ocrx_word' id='word_1_569' title='bbox 1855 2978 1898 3032; x_wconf 68' lang='grc' dir='ltr'>ο</span> <span class='ocrx_word' id='word_1_570' title='bbox 1936 2942 2074 2994; x_wconf 89' lang='lat' dir='ltr'><strong>sunt</strong></span> <span class='ocrx_word' id='word_1_571' title='bbox 2099 2939 2257 2993; x_wconf 91' lang='lat' dir='ltr'><strong>enim</strong></span> <span class='ocrx_word' id='word_1_572' title='bbox 2293 2937 2712 2995; x_wconf 86' lang='lat' dir='ltr'><strong>indivisibiles.</strong></span> 
     </span>
    </p>
   </div>
   <div class='ocr_carea' id='block_1_89' title="bbox 1936 3044 3590 3117">
    <p class='ocr_par' dir='ltr' id='par_1_89' title="bbox 1936 3044 3590 3117">
     <span class='ocr_line' id='line_1_89' title="bbox 1936 3044 3590 3117; baseline 0.001 -15"><span class='ocrx_word' id='word_1_573' title='bbox 1936 3047 2222 3117; x_wconf 82' lang='lat' dir='ltr'><strong>Ejusdem</strong></span> <span class='ocrx_word' id='word_1_574' title='bbox 2261 3060 2337 3102; x_wconf 73' lang='lat' dir='ltr'><strong>ex</strong></span> <span class='ocrx_word' id='word_1_575' title='bbox 2383 3046 2876 3114; x_wconf 77' lang='lat' dir='ltr'><strong>interpretatione</strong></span> <span class='ocrx_word' id='word_1_576' title='bbox 2907 3046 3227 3117; x_wconf 77' lang='lat' dir='ltr'><strong>Evangelii</strong></span> <span class='ocrx_word' id='word_1_577' title='bbox 3262 3044 3590 3104; x_wconf 86' lang='lat' dir='ltr'><strong>secundum</strong></span> 
     </span>
    </p>
   </div>
   <div class='ocr_carea' id='block_1_90' title="bbox 2594 3137 2909 3192">
    <p class='ocr_par' dir='ltr' id='par_1_90' title="bbox 2594 3137 2909 3192">
     <span class='ocr_line' id='line_1_90' title="bbox 2594 3137 2909 3192; baseline -0.01 -1"><span class='ocrx_word' id='word_1_578' title='bbox 2594 3137 2909 3192; x_wconf 83' lang='lat' dir='ltr'><strong>Joannem.</strong></span> 
     </span>
    </p>
   </div>
   <div class='ocr_carea' id='block_1_91' title="bbox 2012 3239 3590 3312">
    <p class='ocr_par' dir='ltr' id='par_1_91' title="bbox 2012 3239 3590 3312">
     <span class='ocr_line' id='line_1_91' title="bbox 2012 3239 3590 3312; baseline -0.001 -15"><span class='ocrx_word' id='word_1_579' title='bbox 2012 3244 2158 3298; x_wconf 89' lang='lat' dir='ltr'><strong>Cum</strong></span> <span class='ocrx_word' id='word_1_580' title='bbox 2184 3241 2259 3298; x_wconf 89' lang='lat' dir='ltr'><strong>ad</strong></span> <span class='ocrx_word' id='word_1_581' title='bbox 2291 3241 2477 3298; x_wconf 88' lang='lat' dir='ltr'><strong>altare</strong></span> <span class='ocrx_word' id='word_1_582' title='bbox 2503 3241 2760 3309; x_wconf 89' lang='lat' dir='ltr'><strong>accedis,</strong></span> <span class='ocrx_word' id='word_1_583' title='bbox 2801 3247 2858 3298; x_wconf 89' lang='lat' dir='ltr'><strong>et</strong></span> <span class='ocrx_word' id='word_1_584' title='bbox 2885 3241 3096 3298; x_wconf 89' lang='lat' dir='ltr'><strong>Christi</strong></span> <span class='ocrx_word' id='word_1_585' title='bbox 3127 3239 3488 3312; x_wconf 84' lang='lat' dir='ltr'><strong>sanguinem</strong></span> <span class='ocrx_word' id='word_1_586' title='bbox 3514 3256 3590 3297; x_wconf 80' lang='lat' dir='ltr'><strong>ex</strong></span> 
     </span>
    </p>
   </div>
   <div class='ocr_carea' id='block_1_92' title="bbox 1941 3329 3592 3404">
    <p class='ocr_par' dir='ltr' id='par_1_92' title="bbox 1941 3329 3592 3404">
     <span class='ocr_line' id='line_1_92' title="bbox 1941 3329 3592 3404; baseline 0.003 -17"><span class='ocrx_word' id='word_1_587' title='bbox 1941 3330 2124 3388; x_wconf 87' lang='lat' dir='ltr'><strong>calice</strong></span> <span class='ocrx_word' id='word_1_588' title='bbox 2150 3329 2374 3400; x_wconf 88' lang='lat' dir='ltr'><strong>hauris,</strong></span> <span class='ocrx_word' id='word_1_589' title='bbox 2403 3329 2678 3388; x_wconf 81' lang='lat' dir='ltr'><strong>existima</strong></span> <span class='ocrx_word' id='word_1_590' title='bbox 2704 3335 2763 3388; x_wconf 89' lang='lat' dir='ltr'><strong>te</strong></span> <span class='ocrx_word' id='word_1_591' title='bbox 2788 3331 2867 3390; x_wconf 88' lang='lat' dir='ltr'><strong>ad</strong></span> <span class='ocrx_word' id='word_1_592' title='bbox 2886 3331 3100 3389; x_wconf 83' lang='lat' dir='ltr'><strong>Christi</strong></span> <span class='ocrx_word' id='word_1_593' title='bbox 3126 3330 3281 3390; x_wconf 90' lang='lat' dir='ltr'><strong>latus</strong></span> <span class='ocrx_word' id='word_1_594' title='bbox 3306 3347 3376 3389; x_wconf 85' lang='lat' dir='ltr'><strong>os</strong></span> <span class='ocrx_word' id='word_1_595' title='bbox 3404 3345 3592 3404; x_wconf 83' lang='lat' dir='ltr'><strong>appo-</strong></span> 
     </span>
    </p>
   </div>
   <div class='ocr_carea' id='block_1_93' title="bbox 1939 3419 2719 3494">
    <p class='ocr_par' dir='ltr' id='par_1_93' title="bbox 1939 3419 2719 3494">
     <span class='ocr_line' id='line_1_93' title="bbox 1939 3419 2719 3494; baseline -0.003 -17"><span class='ocrx_word' id='word_1_596' title='bbox 1939 3436 2102 3492; x_wconf 89' lang='lat' dir='ltr'><strong>nere,</strong></span> <span class='ocrx_word' id='word_1_597' title='bbox 2126 3425 2305 3494; x_wconf 90' lang='lat' dir='ltr'><strong>atque</strong></span> <span class='ocrx_word' id='word_1_598' title='bbox 2327 3419 2469 3477; x_wconf 90' lang='lat' dir='ltr'><strong>inde</strong></span> <span class='ocrx_word' id='word_1_599' title='bbox 2494 3424 2719 3492; x_wconf 89' lang='lat' dir='ltr'><strong>potare.</strong></span> 
     </span>
    </p>
   </div>
   <div class='ocr_carea' id='block_1_94' title="bbox 2181 3598 3340 3670">
    <p class='ocr_par' dir='ltr' id='par_1_94' title="bbox 2181 3598 3340 3670">
     <span class='ocr_line' id='line_1_94' title="bbox 2181 3598 3340 3670; baseline 0.003 -17"><span class='ocrx_word' id='word_1_600' title='bbox 2181 3598 2467 3669; x_wconf 80' lang='lat' dir='ltr'><strong>Ejusdem</strong></span> <span class='ocrx_word' id='word_1_601' title='bbox 2493 3614 2569 3656; x_wconf 79' lang='lat' dir='ltr'><strong>ea:</strong></span> <span class='ocrx_word' id='word_1_602' title='bbox 2591 3599 2796 3656; x_wconf 88' lang='lat' dir='ltr'><strong>eadem</strong></span> <span class='ocrx_word' id='word_1_603' title='bbox 2825 3600 3340 3670; x_wconf 81' lang='lat' dir='ltr'><strong>interpretatione.</strong></span> 
     </span>
    </p>
   </div>
   <div class='ocr_carea' id='block_1_95' title="bbox 2019 3706 3593 3779">
    <p class='ocr_par' dir='ltr' id='par_1_95' title="bbox 2019 3706 3593 3779">
     <span class='ocr_line' id='line_1_95' title="bbox 2019 3706 3593 3779; baseline -0.002 -14"><span class='ocrx_word' id='word_1_604' title='bbox 2019 3708 2198 3766; x_wconf 90' lang='lat' dir='ltr'><strong>Sicuti</strong></span> <span class='ocrx_word' id='word_1_605' title='bbox 2247 3707 2407 3763; x_wconf 89' lang='lat' dir='ltr'><strong>enim</strong></span> <span class='ocrx_word' id='word_1_606' title='bbox 2446 3706 2636 3764; x_wconf 68' lang='lat' dir='ltr'><strong>Judaei</strong></span> <span class='ocrx_word' id='word_1_607' title='bbox 2678 3707 3205 3779; x_wconf 89' lang='lat' dir='ltr'><strong>circumciduntur,</strong></span> <span class='ocrx_word' id='word_1_608' title='bbox 3248 3708 3332 3764; x_wconf 86' lang='lat' dir='ltr'><strong>ita</strong></span> <span class='ocrx_word' id='word_1_609' title='bbox 3378 3709 3437 3764; x_wconf 88' lang='lat' dir='ltr'><strong>et</strong></span> <span class='ocrx_word' id='word_1_610' title='bbox 3481 3721 3593 3762; x_wconf 86' lang='lat' dir='ltr'><strong>nos</strong></span> 
     </span>
    </p>
   </div>
   <div class='ocr_carea' id='block_1_96' title="bbox 1941 3793 3595 3870">
    <p class='ocr_par' dir='ltr' id='par_1_96' title="bbox 1941 3793 3595 3870">
     <span class='ocr_line' id='line_1_96' title="bbox 1941 3793 3595 3870; baseline -0.004 -15"><span class='ocrx_word' id='word_1_611' title='bbox 1941 3797 2338 3870; x_wconf 88' lang='lat' dir='ltr'><strong>baptizamur.</strong></span> <span class='ocrx_word' id='word_1_612' title='bbox 2378 3795 2561 3852; x_wconf 89' lang='lat' dir='ltr'><strong>Sicuti</strong></span> <span class='ocrx_word' id='word_1_613' title='bbox 2599 3795 2682 3851; x_wconf 90' lang='lat' dir='ltr'><strong>illi</strong></span> <span class='ocrx_word' id='word_1_614' title='bbox 2707 3812 2896 3851; x_wconf 90' lang='lat' dir='ltr'><strong>unum</strong></span> <span class='ocrx_word' id='word_1_615' title='bbox 2928 3799 3114 3851; x_wconf 89' lang='lat' dir='ltr'><strong>Deum</strong></span> <span class='ocrx_word' id='word_1_616' title='bbox 3145 3798 3377 3850; x_wconf 87' lang='lat' dir='ltr'><strong>Patrem</strong></span> <span class='ocrx_word' id='word_1_617' title='bbox 3407 3793 3595 3850; x_wconf 81' lang='lat' dir='ltr'><strong>conﬁ-</strong></span> 
     </span>
    </p>
   </div>
   <div class='ocr_carea' id='block_1_97' title="bbox 1945 3881 3598 3954">
    <p class='ocr_par' dir='ltr' id='par_1_97' title="bbox 1945 3881 3598 3954">
     <span class='ocr_line' id='line_1_97' title="bbox 1945 3881 3598 3954; baseline -0.002 -14"><span class='ocrx_word' id='word_1_618' title='bbox 1945 3891 2159 3950; x_wconf 89' lang='lat' dir='ltr'><strong>tentur,</strong></span> <span class='ocrx_word' id='word_1_619' title='bbox 2199 3885 2286 3940; x_wconf 91' lang='lat' dir='ltr'><strong>sic</strong></span> <span class='ocrx_word' id='word_1_620' title='bbox 2312 3900 2425 3940; x_wconf 89' lang='lat' dir='ltr'><strong>nos</strong></span> <span class='ocrx_word' id='word_1_621' title='bbox 2453 3901 2592 3940; x_wconf 92' lang='lat' dir='ltr'><strong>cum</strong></span> <span class='ocrx_word' id='word_1_622' title='bbox 2622 3887 2788 3940; x_wconf 91' lang='lat' dir='ltr'><strong>Patre</strong></span> <span class='ocrx_word' id='word_1_623' title='bbox 2820 3883 3025 3939; x_wconf 76' lang='lat' dir='ltr'><strong>Filium</strong></span> <span class='ocrx_word' id='word_1_624' title='bbox 3054 3897 3298 3954; x_wconf 89' lang='lat' dir='ltr'><strong>quoque</strong></span> <span class='ocrx_word' id='word_1_625' title='bbox 3326 3885 3383 3937; x_wconf 90' lang='lat' dir='ltr'><strong>et</strong></span> <span class='ocrx_word' id='word_1_626' title='bbox 3413 3881 3598 3952; x_wconf 78' lang='lat' dir='ltr'><strong>Spiri-</strong></span> 
     </span>
    </p>
   </div>
   <div class='ocr_carea' id='block_1_98' title="bbox 1947 3969 3597 4044">
    <p class='ocr_par' dir='ltr' id='par_1_98' title="bbox 1947 3969 3597 4044">
     <span class='ocr_line' id='line_1_98' title="bbox 1947 3969 3597 4044; baseline -0.003 -12"><span class='ocrx_word' id='word_1_627' title='bbox 1947 3980 2072 4032; x_wconf 89' lang='lat' dir='ltr'><strong>tum</strong></span> <span class='ocrx_word' id='word_1_628' title='bbox 2105 3979 2402 4031; x_wconf 89' lang='lat' dir='ltr'><strong>sanctum.</strong></span> <span class='ocrx_word' id='word_1_629' title='bbox 2422 3974 2582 4030; x_wconf 90' lang='lat' dir='ltr'><strong>Sicut</strong></span> <span class='ocrx_word' id='word_1_630' title='bbox 2603 3971 2682 4027; x_wconf 91' lang='lat' dir='ltr'><strong>illi</strong></span> <span class='ocrx_word' id='word_1_631' title='bbox 2712 3987 2886 4028; x_wconf 89' lang='lat' dir='ltr'><strong>ovem</strong></span> <span class='ocrx_word' id='word_1_632' title='bbox 2910 3971 3259 4028; x_wconf 87' lang='lat' dir='ltr'><strong>mactabant</strong></span> <span class='ocrx_word' id='word_1_633' title='bbox 3278 3985 3414 4044; x_wconf 57' lang='lat' dir='ltr'><strong>quas</strong></span> <span class='ocrx_word' id='word_1_634' title='bbox 3440 3969 3597 4027; x_wconf 89' lang='lat' dir='ltr'><strong>Chri-</strong></span> 
     </span>
    </p>
   </div>
   <div class='ocr_carea' id='block_1_99' title="bbox 1948 4059 3598 4136">
    <p class='ocr_par' dir='ltr' id='par_1_99' title="bbox 1948 4059 3598 4136">
     <span class='ocr_line' id='line_1_99' title="bbox 1948 4059 3598 4136; baseline -0.002 -16"><span class='ocrx_word' id='word_1_635' title='bbox 1948 4065 2023 4120; x_wconf 91' lang='lat' dir='ltr'><strong>sti</strong></span> <span class='ocrx_word' id='word_1_636' title='bbox 2091 4068 2269 4136; x_wconf 70' lang='lat' dir='ltr'><strong>typus</strong></span> <span class='ocrx_word' id='word_1_637' title='bbox 2335 4066 2480 4130; x_wconf 89' lang='lat' dir='ltr'><strong>erat,</strong></span> <span class='ocrx_word' id='word_1_638' title='bbox 2538 4060 2622 4116; x_wconf 91' lang='lat' dir='ltr'><strong>sic</strong></span> <span class='ocrx_word' id='word_1_639' title='bbox 2694 4075 2808 4116; x_wconf 88' lang='lat' dir='ltr'><strong>nos</strong></span> <span class='ocrx_word' id='word_1_640' title='bbox 2873 4059 3037 4116; x_wconf 91' lang='lat' dir='ltr'><strong>haud</strong></span> <span class='ocrx_word' id='word_1_641' title='bbox 3100 4059 3360 4132; x_wconf 85' lang='lat' dir='ltr'><strong>amplius</strong></span> <span class='ocrx_word' id='word_1_642' title='bbox 3418 4073 3598 4116; x_wconf 85' lang='lat' dir='ltr'><strong>ovem</strong></span> 
     </span>
    </p>
   </div>
   <div class='ocr_carea' id='block_1_100' title="bbox 1949 4147 3600 4226">
    <p class='ocr_par' dir='ltr' id='par_1_100' title="bbox 1949 4147 3600 4226">
     <span class='ocr_line' id='line_1_100' title="bbox 1949 4147 3600 4226; baseline -0.004 -16"><span class='ocrx_word' id='word_1_643' title='bbox 1949 4158 2163 4226; x_wconf 84' lang='lat' dir='ltr'><strong>typum</strong></span> <span class='ocrx_word' id='word_1_644' title='bbox 2205 4149 2618 4220; x_wconf 89' lang='lat' dir='ltr'><strong>immolamus,</strong></span> <span class='ocrx_word' id='word_1_645' title='bbox 2666 4148 2773 4205; x_wconf 90' lang='lat' dir='ltr'><strong>sed</strong></span> <span class='ocrx_word' id='word_1_646' title='bbox 2827 4149 3026 4221; x_wconf 90' lang='lat' dir='ltr'><strong>ipsam</strong></span> <span class='ocrx_word' id='word_1_647' title='bbox 3077 4147 3379 4206; x_wconf 91' lang='lat' dir='ltr'><strong>veritatem</strong></span> <span class='ocrx_word' id='word_1_648' title='bbox 3436 4147 3600 4205; x_wconf 80' lang='lat' dir='ltr'><strong>Chri-</strong></span> 
     </span>
    </p>
   </div>
   <div class='ocr_carea' id='block_1_101' title="bbox 1952 4249 2132 4299">
    <p class='ocr_par' dir='ltr' id='par_1_101' title="bbox 1952 4249 2132 4299">
     <span class='ocr_line' id='line_1_101' title="bbox 1952 4249 2132 4299; baseline -0.011 0"><span class='ocrx_word' id='word_1_649' title='bbox 1952 4249 2132 4299; x_wconf 88' lang='lat' dir='ltr'><strong>stum.</strong></span> 
     </span>
    </p>
   </div>
   <div class='ocr_carea' id='block_1_102' title="bbox 1869 4331 3598 4419">
    <p class='ocr_par' dir='ltr' id='par_1_102' title="bbox 1869 4331 3598 4419">
     <span class='ocr_line' id='line_1_102' title="bbox 1869 4331 3598 4419; baseline -0.002 -15"><span class='ocrx_word' id='word_1_650' title='bbox 1869 4331 1914 4388; x_wconf 78' lang='grc' dir='ltr'><strong>Ῑ)</strong></span> <span class='ocrx_word' id='word_1_651' title='bbox 1957 4347 2240 4419; x_wconf 85' lang='lat' dir='ltr'><strong>Theotogi</strong></span> <span class='ocrx_word' id='word_1_652' title='bbox 2266 4361 2340 4404; x_wconf 81' lang='lat' dir='ltr'><strong>ea:</strong></span> <span class='ocrx_word' id='word_1_653' title='bbox 2365 4348 2637 4404; x_wconf 85' lang='lat' dir='ltr'><strong>oratione</strong></span> <span class='ocrx_word' id='word_1_654' title='bbox 2674 4343 2740 4401; x_wconf 87' lang='lat' dir='ltr'><strong>de</strong></span> <span class='ocrx_word' id='word_1_655' title='bbox 2783 4344 3080 4415; x_wconf 77' lang='lat' dir='ltr'><strong>theologia</strong></span> <span class='ocrx_word' id='word_1_656' title='bbox 3109 4350 3163 4401; x_wconf 88' lang='lat' dir='ltr'><strong>et</strong></span> <span class='ocrx_word' id='word_1_657' title='bbox 3202 4344 3598 4416; x_wconf 85' lang='lat' dir='ltr'><strong>episcoporum</strong></span> 
     </span>
    </p>
   </div>
   <div class='ocr_carea' id='block_1_103' title="bbox 2555 4435 2994 4491">
    <p class='ocr_par' dir='ltr' id='par_1_103' title="bbox 2555 4435 2994 4491">
     <span class='ocr_line' id='line_1_103' title="bbox 2555 4435 2994 4491; baseline -0.007 0"><span class='ocrx_word' id='word_1_658' title='bbox 2555 4435 2994 4491; x_wconf 81' lang='lat' dir='ltr'><strong>constitutione.</strong></span> 
     </span>
    </p>
   </div>
   <div class='ocr_carea' id='block_1_104' title="bbox 2023 4539 3599 4614">
    <p class='ocr_par' dir='ltr' id='par_1_104' title="bbox 2023 4539 3599 4614">
     <span class='ocr_line' id='line_1_104' title="bbox 2023 4539 3599 4614; baseline -0.003 -12"><span class='ocrx_word' id='word_1_659' title='bbox 2023 4548 2256 4602; x_wconf 81' lang='lat' dir='ltr'><strong>Textus.</strong></span> <span class='ocrx_word' id='word_1_660' title='bbox 2305 4567 2333 4596; x_wconf 73' lang='lat' dir='ltr'><strong>ot</strong></span> <span class='ocrx_word' id='word_1_661' title='bbox 2388 4541 2584 4614; x_wconf 84' lang='lat' dir='ltr'><strong>Magni</strong></span> <span class='ocrx_word' id='word_1_662' title='bbox 2634 4542 2733 4598; x_wconf 91' lang='lat' dir='ltr'><strong>Dei</strong></span> <span class='ocrx_word' id='word_1_663' title='bbox 2781 4545 2838 4598; x_wconf 89' lang='lat' dir='ltr'><strong>et</strong></span> <span class='ocrx_word' id='word_1_664' title='bbox 2880 4539 3088 4597; x_wconf 60' lang='lat' dir='ltr'><strong>hostiae</strong></span> <span class='ocrx_word' id='word_1_665' title='bbox 3127 4543 3182 4597; x_wconf 87' lang='lat' dir='ltr'><strong>et</strong></span> <span class='ocrx_word' id='word_1_666' title='bbox 3211 4541 3536 4613; x_wconf 83' lang='lat' dir='ltr'><strong>pontificis.</strong></span> <span class='ocrx_word' id='word_1_667' title='bbox 3569 4560 3599 4588; x_wconf 73' lang='grc' dir='ltr'><strong>η</strong></span> 
     </span>
    </p>
   </div>
   <div class='ocr_carea' id='block_1_105' title="bbox 1953 4628 3603 4703">
    <p class='ocr_par' dir='ltr' id='par_1_105' title="bbox 1953 4628 3603 4703">
     <span class='ocr_line' id='line_1_105' title="bbox 1953 4628 3603 4703; baseline -0.004 -12"><span class='ocrx_word' id='word_1_668' title='bbox 1953 4633 2153 4692; x_wconf 90' lang='lat' dir='ltr'><strong>Basilii</strong></span> <span class='ocrx_word' id='word_1_669' title='bbox 2235 4631 2468 4688; x_wconf 89' lang='lat' dir='ltr'><strong>minimi</strong></span> <span class='ocrx_word' id='word_1_670' title='bbox 2525 4629 2948 4703; x_wconf 86' lang='lat' dir='ltr'><strong>interpretatio.</strong></span> <span class='ocrx_word' id='word_1_671' title='bbox 3018 4631 3298 4699; x_wconf 80' lang='lat' dir='ltr'><strong>Magnum</strong></span> <span class='ocrx_word' id='word_1_672' title='bbox 3355 4628 3603 4702; x_wconf 88' lang='lat' dir='ltr'><strong>quidem</strong></span> 
     </span>
    </p>
   </div>
   <div class='ocr_carea' id='block_1_106' title="bbox 1954 4716 3603 4791">
    <p class='ocr_par' dir='ltr' id='par_1_106' title="bbox 1954 4716 3603 4791">
     <span class='ocr_line' id='line_1_106' title="bbox 1954 4716 3603 4791; baseline -0.006 -8"><span class='ocrx_word' id='word_1_673' title='bbox 1954 4729 2163 4791; x_wconf 88' lang='lat' dir='ltr'><strong>Deum,</strong></span> <span class='ocrx_word' id='word_1_674' title='bbox 2200 4721 2522 4780; x_wconf 90' lang='lat' dir='ltr'><strong>Dominum</strong></span> <span class='ocrx_word' id='word_1_675' title='bbox 2562 4724 2838 4778; x_wconf 88' lang='lat' dir='ltr'><strong>nostrum</strong></span> <span class='ocrx_word' id='word_1_676' title='bbox 2882 4721 3082 4777; x_wconf 84' lang='lat' dir='ltr'><strong>Jesum</strong></span> <span class='ocrx_word' id='word_1_677' title='bbox 3115 4717 3409 4776; x_wconf 76' lang='lat' dir='ltr'><strong>Christtﬂn</strong></span> <span class='ocrx_word' id='word_1_678' title='bbox 3437 4716 3603 4788; x_wconf 90' lang='lat' dir='ltr'><strong>dicit,</strong></span> 
     </span>
    </p>
   </div>
   <div class='ocr_carea' id='block_1_107' title="bbox 1954 5115 3600 5205">
    <p class='ocr_par' dir='ltr' id='par_1_107' title="bbox 1954 5115 3600 5205">
     <span class='ocr_line' id='line_1_107' title="bbox 1954 5115 3600 5205; baseline -0.004 -24"><span class='ocrx_word' id='word_1_679' title='bbox 1954 5148 2181 5205; x_wconf 73' lang='lat' dir='ltr'><strong>magno</strong></span> <span class='ocrx_word' id='word_1_680' title='bbox 2223 5121 2737 5205; x_wconf 40' lang='lat' dir='ltr'><strong>_Basi_lio.c.ogitare</strong></span> <span class='ocrx_word' id='word_1_681' title='bbox 2773 5119 2953 5205; x_wconf 78' lang='lat' dir='ltr'><strong>soliti.</strong></span> <span class='ocrx_word' id='word_1_682' title='bbox 3007 5118 3184 5200; x_wconf 77' lang='lat' dir='ltr'><strong>Atqui</strong></span> <span class='ocrx_word' id='word_1_683' title='bbox 3218 5133 3341 5205; x_wconf 74' lang='lat' dir='ltr'><strong>non</strong></span> <span class='ocrx_word' id='word_1_684' title='bbox 3373 5115 3600 5205; x_wconf 82' lang='lat' dir='ltr'><strong>magni,</strong></span> 
     </span>
    </p>
   </div>
   <div class='ocr_carea' id='block_1_108' title="bbox 1955 5190 3603 5266">
    <p class='ocr_par' dir='ltr' id='par_1_108' title="bbox 1955 5190 3603 5266">
     <span class='ocr_line' id='line_1_108' title="bbox 1955 5190 3603 5266; baseline -0.01 -5"><span class='ocrx_word' id='word_1_685' title='bbox 1955 5190 2314 5266; x_wconf 47' lang='lat' dir='ltr'><strong>Eduminimi</strong></span> <span class='ocrx_word' id='word_1_686' title='bbox 2345 5195 2537 5254; x_wconf 89' lang='lat' dir='ltr'><strong>Basilii</strong></span> <span class='ocrx_word' id='word_1_687' title='bbox 2559 5190 2860 5266; x_wconf 85' lang='lat' dir='ltr'><strong>habentur</strong></span> <span class='ocrx_word' id='word_1_688' title='bbox 2881 5190 3273 5262; x_wconf 84' lang='lat' dir='ltr'><strong>manuscripti</strong></span> <span class='ocrx_word' id='word_1_689' title='bbox 3301 5204 3603 5266; x_wconf 79' lang='lat' dir='ltr'><strong>commen-</strong></span> 
     </span>
    </p>
   </div>
   <div class='ocr_carea' id='block_1_109' title="bbox 1953 5260 3605 5342">
    <p class='ocr_par' dir='ltr' id='par_1_109' title="bbox 1953 5260 3605 5342">
     <span class='ocr_line' id='line_1_109' title="bbox 1953 5260 3605 5342; baseline -0.015 -3"><span class='ocrx_word' id='word_1_690' title='bbox 1953 5260 2094 5340; x_wconf 64' lang='lat' dir='ltr'><strong>tarii</strong></span> <span class='ocrx_word' id='word_1_691' title='bbox 2117 5260 2196 5332; x_wconf 85' lang='lat' dir='ltr'><strong>ad</strong></span> <span class='ocrx_word' id='word_1_692' title='bbox 2225 5266 2572 5342; x_wconf 84' lang='lat' dir='ltr'><strong>Nazian_zen_i</strong></span> <span class='ocrx_word' id='word_1_693' title='bbox 2596 5262 2920 5342; x_wconf 84' lang='lat' dir='ltr'><strong>_or_ation_es,</strong></span> <span class='ocrx_word' id='word_1_694' title='bbox 2953 5277 3110 5342; x_wconf 86' lang='lat' dir='ltr'><strong>a__me</strong></span> <span class='ocrx_word' id='word_1_695' title='bbox 3125 5260 3374 5342; x_wconf 75' lang='lat' dir='ltr'><strong>quoque</strong></span> <span class='ocrx_word' id='word_1_696' title='bbox 3399 5260 3605 5342; x_wconf 74' lang='lat' dir='ltr'><strong>obser-</strong></span> 
     </span>
    </p>
   </div>
   <div class='ocr_carea' id='block_1_110' title="bbox 1951 5329 3600 5410">
    <p class='ocr_par' dir='ltr' id='par_1_110' title="bbox 1951 5329 3600 5410">
     <span class='ocr_line' id='line_1_110' title="bbox 1951 5329 3600 5410; baseline -0.016 -2"><span class='ocrx_word' id='word_1_697' title='bbox 1951 5329 2088 5410; x_wconf 51' lang='lat' dir='ltr'><strong>iiii</strong></span> <span class='ocrx_word' id='word_1_698' title='bbox 2121 5329 2195 5404; x_wconf 69' lang='lat' dir='ltr'><strong>in</strong></span> <span class='ocrx_word' id='word_1_699' title='bbox 2220 5329 2398 5402; x_wconf 86' lang='lat' dir='ltr'><strong>codd.</strong></span> <span class='ocrx_word' id='word_1_700' title='bbox 2432 5340 2512 5394; x_wconf 89' lang='lat' dir='ltr'><strong>De</strong></span> <span class='ocrx_word' id='word_1_701' title='bbox 2549 5333 2934 5406; x_wconf 84' lang='lat' dir='ltr'><strong>his‘loquitur</strong></span> <span class='ocrx_word' id='word_1_702' title='bbox 2980 5329 3306 5390; x_wconf 71' lang='lat' dir='ltr'><strong>Bandinius</strong></span> <span class='ocrx_word' id='word_1_703' title='bbox 3346 5329 3479 5388; x_wconf 90' lang='lat' dir='ltr'><strong>cod.</strong></span> <span class='ocrx_word' id='word_1_704' title='bbox 3511 5342 3600 5398; x_wconf 82' lang='lat' dir='ltr'><strong>gr.</strong></span> 
     </span>
    </p>
   </div>
   <div class='ocr_carea' id='block_1_111' title="bbox 1949 5411 2650 5490">
    <p class='ocr_par' dir='ltr' id='par_1_111' title="bbox 1949 5411 2650 5490">
     <span class='ocr_line' id='line_1_111' title="bbox 1949 5411 2650 5490; baseline -0.033 -5"><span class='ocrx_word' id='word_1_705' title='bbox 1949 5421 2230 5490; x_wconf 79' lang='lat' dir='ltr'><strong>Laurent,</strong></span> <span class='ocrx_word' id='word_1_706' title='bbox 2261 5420 2304 5473; x_wconf 91' lang='lat' dir='ltr'><strong>t.</strong></span> <span class='ocrx_word' id='word_1_707' title='bbox 2338 5413 2406 5479; x_wconf 89' lang='lat'><strong>1.,</strong></span> <span class='ocrx_word' id='word_1_708' title='bbox 2435 5425 2496 5482; x_wconf 91' lang='lat' dir='ltr'><strong>p.</strong></span> <span class='ocrx_word' id='word_1_709' title='bbox 2526 5411 2650 5465; x_wconf 81' lang='lat'><strong>536.</strong></span> 
     </span>
    </p>
   </div>
  </div>
