4126 6272
517 155 618 230 163
1851 163 2120 222 manus

2241 159 2526 220 ΟΝΙΑΤΛΕ
3759 157 3865 212 164

511 311 638 352 non
656 299 858 354 tamen
879 307 1040 350 nunc
1055 292 1314 349 Patrem.
1337 291 1456 346 Hoc
1481 287 1846 344 adnotamus
1869 287 2140 343 adversu:

2236 290 2502 355 ,Χριστοῦ
2557 283 2712 354 λέγει,
2773 281 2882 334 ἀλλ’
2933 282 3062 354 οὐχὶ
3117 289 3211 334 τοῦ
3263 284 3470 354 Πατρός
3522 299 3630 334 νυν.
3697 285 3865 332 Τοῦτο

509 385 642 440 illos
671 383 774 455 qui
804 380 1172 438 vocabulum
1211 393 1492 450 magnum
1524 378 1676 432 Patri
1707 381 1938 432 tantum
1975 375 2138 431 ascri

2271 374 2626 444 σημειούμεθα
2691 374 2816 446 πρὸς
2887 376 3005 432 τοὺς
3085 374 3146 422 τό
3238 369 3462 442 μεγάλου
3536 377 3608 420 τῶ
3694 373 3867 440 Πατρὶ

507 451 870 540 hung-Filio
909 475 1110 526 autem
1141 474 1338 540 partes
1374 466 1670 522 secundas
1697 465 1861 522 dant.
1896 464 2136 520 Hostian

2268 467 2408 533 μόνῳ
2471 463 2906 535 περιγράφοντας,
2964 469 3036 530 τῷ
3091 455 3142 512 δ’
3190 462 3293 529 Υἰῲ
3345 461 3409 510 τὰ
3455 454 3722 530 δευτερεῖα
3784 451 3868 510 δι-

509 577 692 635 porro
729 565 788 616 et
833 559 1178 634 pontiﬁcem
1223 555 1546 629 appellant,
1606 553 1752 610 illud
1793 555 2043 626 quidem
2081 552 2138 610 ο]

2271 547 2458 610 δόντας
2493 567 2505 578 ·
2553 551 2779 620 θύματος
2823 547 2882 602 δὲ
2925 553 3011 600 καὶ
3067 547 3354 622 ἀρχιερέως
3399 550 3456 598 τὸ
3499 551 3589 620 μὲν
3629 549 3698 606 ὡς
3737 565 3871 617 σφα-

509 649 858 724 passionem
877 651 1052 720 etpro
1068 651 1276 702 nostra
1289 644 1476 700 salute
1497 643 1892 708 oblationem;
1907 641 2138 698 alterun

2268 640 2589 708 γιασθέντος,
2657 642 2746 688 καὶ
2812 639 2937 711 ὑπὲρ
3017 643 3116 698 τῆς
3181 638 3435 708 ἡμετέρας
3497 636 3844 708 προσενεχθέν

511 721 734 808 autem,
774 737 920 810 quia
956 751 1079 792 non
1123 733 1201 790 ab
1240 732 1377 800 alio,
1419 731 1522 787 sed
1575 731 1822 804 propria
1858 730 2140 786 voluntati

2268 745 2355 786 τος
2405 729 2667 798 σωτηρίας
2709 743 2722 755 ·
2765 728 2823 777 τό
2867 721 2926 777 δὲ
2968 728 3032 786 ὡς
3079 725 3185 796 οὐχ
3223 723 3308 776 ὑπ’
3341 723 3518 790 ἄλλου,
3551 724 3635 795 ὑφ’
3682 723 3870 775 ἑαυτοῦ

511 827 861 884 immolatus
897 823 1025 889 fuit,
1090 828 1146 878 et
1192 821 1273 878 ad
1309 819 1713 877 voluntariam
1755 823 2012 874 mortem
2068 833 2138 874 ac

2273 813 2332 868 δε
2373 815 2552 868 ἑαυτὸν
2593 817 2884 885 τεθυκότος,
2928 820 3017 866 καὶ
3055 815 3127 876 εἰς
3177 819 3382 886 σφαγὴν
3421 813 3659 866 ἑκούσιον
3688 831 3871 886 προτε-

513 916 710 974 cessit.

2275 907 2477 957 θεικότο
2487 926 2526 966 ς.

1079 1017 1288 1074 Sancti
1309 1016 1592 1073 Maximi.

2715 1017 2818 1064 Τοῦ
2845 1013 2994 1084 ἁγίου
3017 1010 3260 1084 Μαξίμου
3293 1009 3422 1080 (14).

587 1130 690 1186 Dei
719 1126 977 1183 Verbum
1011 1123 1196 1180 semel
1223 1123 1284 1178 in
1323 1137 1501 1178 carne
1525 1125 1756 1184 natum,
1789 1120 1882 1176 his
1919 1119 2166 1194 quidem

2343 1119 2402 1170 Ὀ
2431 1123 2523 1170 τοῦ
2568 1125 2702 1172 Θεοῦ
2745 1122 2938 1190 Λόγος,
2968 1116 3168 1189 ἐφάπαξ
3206 1117 3342 1168 κατὰ
3381 1116 3556 1188 σάρκα
3591 1115 3873 1185 γεννηθεὶς,

515 1217 622 1294 qui
649 1216 881 1280 volunt,
901 1217 1115 1288 sponte
1141 1211 1219 1266 ob
1253 1226 1429 1266 suam
1455 1226 1594 1280 erga
1613 1209 1890 1266 homines
1916 1209 2144 1264 charita

2276 1207 2353 1260 ἀεὶ
2377 1213 2638 1278 γεννᾶται,
2677 1206 2830 1259 θέλων
2854 1209 2989 1258 κατὰ
3017 1213 3218 1277 πνεῦμα
3243 1201 3337 1258 διὰ
3357 1203 3741 1278 φιλανθρωπίαν
3763 1209 3875 1264 τοῖς

515 1289 638 1362 tem
679 1319 918 1376 semper
967 1301 1315 1358 renascitur.
1358 1300 1561 1370 Fitque
1607 1297 1825 1360 infans,
1860 1313 1924 1353 se
1966 1297 2144 1369 ipsun

2278 1297 2485 1348 θέλουσι
2543 1313 2556 1325 ·
2626 1301 2716 1348 καὶ
2771 1301 2970 1368 γίνεται
3033 1293 3225 1368 βρέφος
3293 1293 3470 1346 ἑαυτὸν
3536 1292 3584 1344 ἐν
3667 1289 3877 1350 ἐκείνοις

514 1393 829 1451 virtutibus
864 1388 1249 1462 corporaliter
1290 1387 1352 1442 in
1393 1387 1510 1441 illis
1556 1385 1872 1456 efﬁngens,
1905 1389 2136 1440 tantum

2278 1392 2585 1456 σωματικῶς
2641 1381 2972 1436 διαπλάττων
3034 1389 3150 1446 ταῖς
3201 1383 3425 1457 ἀρεταῖς,
3487 1387 3576 1434 καὶ
3627 1388 3877 1432 τοσοῦτον

516 1499 634 1558 que
675 1498 740 1537 se
781 1480 1173 1537 demontrans
1213 1481 1508 1548 quantum
1545 1475 1847 1530 continere
1888 1473 2043 1528 valet
2071 1471 2145 1528 illi

2276 1479 2572 1545 φαινόμενος
2633 1475 2754 1526 ὅσον
2811 1480 3002 1544 χωρεῖν
3069 1471 3346 1524 ἐπίσταται
3409 1473 3496 1522 τόν
3566 1466 3877 1542 δεχόμενον,

517 1571 621 1646 qui
651 1570 811 1644 capit
843 1588 856 1638 ;
882 1567 1047 1624 haud
1069 1581 1212 1620 sane
1238 1563 1462 1619 invidia
1491 1563 1693 1634 aliqua
1723 1579 1845 1617 suae
1869 1563 2146 1632 magnitu‘

2275 1561 2333 1613 οὐ
2383 1565 2549 1634 φθόνῳ
2601 1564 2894 1636 σμικρύνων
2961 1569 3052 1612 τοῦ
3105 1561 3296 1612 οἰκείου
3346 1561 3588 1630 μεγέθους
3635 1563 3750 1626 τὴν,
3797 1559 3881 1610 ἕκ-

519 1632 678 1716 dinis
721 1632 984 1730 speciem
1039 1654 1340 1717 minuens,
1381 1651 1486 1707 sed
1537 1653 1684 1724 quia
1729 1652 1950 1706 trutina
1992 1651 2148 1706 velut

2277 1632 2484 1720 φανσιν,
2523 1632 2672 1702 ἀλλὰ
2727 1632 2898 1722 μέτρῳ
2956 1651 3258 1720 σταθμίζων
3331 1657 3427 1698 -ων
3509 1649 3630 1720 όρᾷν
3713 1645 3877 1718 [COLL

519 1744 1078 1804 examinatillorum
1109 1741 1212 1814 qui
1243 1758 1304 1796 se
1341 1741 1539 1795 videre
1569 1740 1821 1812 cupiunt
1853 1741 2148 1794 virtutem.

2277 1738 2414 1813 ἐρᾴν]
2439 1741 2734 1792 ποθούντων
2762 1743 2848 1798 τὴν
2882 1735 3104 1810 δύναμιν
3123 1754 3134 1766 ·
3166 1738 3325 1798 οὕτως
3346 1736 3423 1790 ἀεὶ
3449 1741 3747 1808 φαινόμενος
3769 1743 3883 1795 τοῖς

523 1835 615 1892 Sic
633 1835 813 1908 igitur
842 1847 1080 1904 semper
1109 1845 1427 1904 apparens,
1460 1844 1569 1900 pro
1595 1827 2005 1899 recipientium
2039 1842 2152 1882 me-

2277 1834 2488 1902 τρόποις
2527 1838 2625 1880 τῶν
2673 1833 2912 1901 μετόχων
2952 1829 2976 1880 6
3021 1833 3114 1880 τότ)
3156 1835 3289 1882 Θεοῦ
3321 1830 3508 1898 Λόγος,
3542 1825 3613 1877 ἀεὶ
3643 1821 3884 1896 διαμένει

517 1925 633 1981 rito
677 1923 779 1979 Dei
821 1920 1100 1984 Verbum,
1135 1933 1374 1988 semper
1397 1921 1602 1972 manet
1629 1931 1735 1990 per
1773 1917 2038 1988 mysterii
2070 1933 2146 1973 ex

2277 1921 2412 1969 κατὰ
2432 1923 2524 1978 τήν
2554 1917 2833 1990 ὑπερϐολὴν
2863 1924 2955 1968 τοῦ
2986 1921 3278 1990 μυστηρίου
3309 1923 3414 1977 τοῖς
3437 1921 3596 1967 πᾶσιν
3625 1912 3844 1976 ἀθέατος
3865 1932 3877 1943 ·

519 2011 854 2068 cellentiam
901 2005 1219 2064 invisibile.
1263 2005 1428 2061 Unde
1478 2005 1778 2076 sapienter
1807 2003 1983 2058 divus
2024 2020 2148 2076 apo

2277 2009 2388 2059 ὅθεν
2440 2015 2610 2079 σοφῶς
2650 2015 2742 2058 τοῦ
2799 2011 3096 2080 μυστηρίου
3155 2007 3180 2057 ό
3233 2007 3362 2067 θεῖος
3430 2003 3716 2064 ἀπόστολος
3782 2008 3880 2060 τὴν

521 2099 706 2158 stolus
774 2095 1046 2169 mysterii
1101 2095 1380 2149 virtutem
1422 2091 1793 2158 discernens,
1841 2093 1966 2148 ait:
1999 2093 2150 2147 Jesu:

2279 2092 2500 2168 δύναμιν
2548 2091 2924 2154 διασιωπήσας
2963 2097 3120 2166 φησιν
3161 2111 3174 2125 ·
3226 2095 3434 2154 Ἰησοῦς
3477 2095 3708 2166 Χριστός
3745 2093 3885 2162 χθὲς

523 2189 798 2246 Christus
830 2185 963 2242 heri
1009 2190 1063 2239 et
1107 2181 1301 2251 hodie,
1346 2182 1618 2251 idemque
1653 2181 1718 2234 in
1768 2187 2058 2236 aeternum
2099 2182 2143 2215 ¹⁶

2277 2189 2365 2234 καὶ
2399 2189 2620 2256 σήμερον
2665 2185 2690 2233 ό
2740 2182 2891 2244 αὐτὸς
2938 2187 3028 2233 καὶ
3069 2182 3136 2243 εἰς
3183 2186 3302 2242 τοὺς
3340 2182 3564 2242 αἰῶνας’
3613 2177 3765 2240 εἰδὼς
3797 2177 3885 2231 ἀεὶ

518 2277 720 2334 Sciens
758 2289 994 2345 semper
1042 2287 1270 2326 novum
1324 2286 1455 2324 esse
1509 2269 1865 2340 mysterium
1909 2274 1967 2324 et
2005 2268 2147 2328 nulla

2277 2275 2450 2324 καινόν
2529 2275 2840 2346 μυστήριον,
2919 2275 3008 2322 καὶ
3092 2268 3356 2342 μηδέποτε
3421 2269 3697 2346 περιλήψει
3759 2272 3883 2329 νοός

518 2365 735 2422 mentis
760 2359 1297 2433 comprehensione
1315 2359 1712 2413 veterascens.

1042 2359 1297 2414 tensione
1315 2359 1712 2413 veterascens.
2277 2359 2671 2432 παλαιούμενον,

520 2471 719 2530 Photii
740 2467 1115 2540 patriarcha?
1163 2479 1238 2522 ex
1274 2479 1542 2520 sermone
1574 2465 1648 2520 de
1674 2464 1872 2519 sancti
1910 2464 2149 2534 Spiritu.

2279 2471 2480 2520 Φωτίου
2531 2467 2868 2540 πατριάρχου
2919 2465 2975 2517 ἐκ
3033 2472 3124 2518 τοῦ
3171 2465 3328 2536 λογόυ
3360 2471 3452 2516 τοῦ
3485 2469 3605 2538 περὶ
3645 2473 3740 2526 τῆς
3784 2472 3881 2518 τοῦ

1149 2553 1546 2621 mystagoyia.
2635 2554 2778 2625 ἁγίου

2635 2554 2786 2625 ἁγίου
2819 2558 3115 2628 Πνεύματος
3132 2559 3528 2628 μυσταγωγίας.

591 2665 817 2722 Idcirco
843 2659 1024 2736 paulo
1050 2665 1186 2734 post
1205 2657 1408 2715 addit:
1439 2659 1554 2714 Ille
1581 2672 1674 2714 me
1705 2657 2072 2728 gloriﬁcabit
2093 2657 2168 2722 17;

2350 2663 2445 2714 Διὰ
2498 2667 2650 2712 τοῦτο
2696 2669 2804 2732 μετ’
2859 2660 3030 2732 ὀλίγον
3083 2661 3327 2737 ἐπιφέρει,
3388 2663 3469 2713 ὅτι
3527 2662 3718 2713 Ἐκεῖνο
3786 2661 3883 2732 ἐμὲ

517 2753 744 2826 ubique
789 2751 1011 2807 scilicet
1040 2745 1735 2811 consubstantialitatem,
1769 2751 1826 2802 et
1881 2746 2146 2800 unitaten

2280 2745 2496 2812 δοξάσει
2543 2767 2554 2778 '
2589 2758 2865 2821 πανταχοῦ
2933 2755 2992 2802 τό
3055 2753 3329 2822 ὸμοούσιον
3387 2755 3476 2802 καὶ
3505 2753 3744 2822 ὁμοφυὲς,
3786 2757 3882 2802 καὶ

517 2847 769 2906 naturai,
801 2839 1084 2912 parisque
1121 2835 1368 2892 honoris
1410 2835 1764 2904 dignitatem
1801 2833 2146 2888 incolumem

2277 2842 2335 2889 τό
2375 2847 2468 2900 τῆς
2519 2839 2794 2910 όμοτιμίας
2857 2839 3086 2910 ἀξίωμα,
3135 2838 3393 2911 ἀκηρατον
3445 2847 3711 2911 συντηρὼν
3743 2853 3757 2866 ·
3811 2842 3883 2900 ὡς

519 2931 1098 2998 servans.'l‘anquam
1119 2924 1164 2979 si
1183 2923 1318 2996 quis
1337 2921 1578 2989 diceret,
1603 2919 2148 2993 supersubstantial

2278 2927 2338 2976 άν
2396 2946 2477 2987 τις
2537 2929 2677 2990 rima,
2751 2931 2927 2979 Κοινόν
2975 2926 3085 2978 ἐστι
3151 2932 3209 2979 τό
3271 2936 3367 2988 τῆς
3419 2929 3734 3002 ὑπερουσίου
3785 2932 3879 2979 καὶ

521 2977 1098 2998 -ν--ι--ν-ππ--τ-
1129 2977 1164 2979 κε
1191 2977 1221 2996 ι
1303 2977 1310 2978 κ
1415 2977 1424 2978 κ
1551 2977 1578 2989 κ,
1646 2977 1696 2993 ν,

521 3025 578 3075 et
601 3015 1044 3089 gloriosissimas
1074 3012 1335 3068 Trinitati
1360 3027 1683 3066 commune
1713 3026 1861 3080 esse,
1897 3015 1958 3064 ut
1989 3025 2050 3064 se
2080 3007 2150 3063 in

2278 3011 2798 3088 ὑπερδεδοξασμένης
2842 3011 3070 3088 Τριάδος
3114 3021 3171 3067 τό
3217 3015 3339 3090 παρ’
3391 2977 3617 3073 ἀλλήλων
3665 3014 3881 3089 ἀρρήτῳ

519 3107 712 3163 vicem
739 3102 1025 3160 ineffabili
1052 3101 1322 3158 oratione
1357 3099 1684 3156 dilaudent.
1726 3099 1806 3154 Et
1831 3099 2044 3167 paucis
2073 3099 2148 3152 in-

2275 3104 2410 3174 λόγῳ
2456 3099 2796 3166 δοξάζεσθαι.
2847 3109 2946 3157 Καὶ
2995 3105 3103 3175 μετ’
3145 3103 3296 3176 ὀλίγα
3347 3126 3359 3138 ·
3407 3109 3508 3157 Καὶ
3538 3107 3675 3156 ἔστιν
3705 3103 3883 3154 αὐτῶν

521 3197 780 3266 terjectis
809 3213 830 3248 .·
863 3196 962 3248 Est
999 3191 1114 3247 illis
1157 3189 1500 3247 communis
1550 3189 1906 3256 dominatio,
1953 3189 2150 3257 virtus

2277 3195 2450 3267 ὥσπερ
2517 3197 2685 3244 κοινόν
2757 3195 2784 3250 ἡ
2848 3191 3112 3265 βασιλεία,
3173 3198 3262 3245 καὶ
3309 3195 3337 3250 ἡ
3407 3190 3646 3265 δύναμις,
3691 3196 3878 3243 καὶτὸ

519 3284 790 3357 potentia
820 3299 832 3336 :
865 3283 948 3337 sic
985 3295 1196 3336 rursus
1225 3283 1283 3334 et
1311 3278 1522 3348 gloria,
1551 3291 1675 3333 non
1703 3293 1776 3334 ea
1807 3277 2004 3332 solum
2033 3293 2148 3348 qua

2275 3284 2464 3352 κράτος
2495 3296 2509 3310 ·
2560 3282 2696 3332 οὕτω
2745 3286 2834 3333 καὶ
2873 3283 2903 3339 ἡ
2955 3278 3107 3349 δόξα,
3154 3282 3213 3332 οὗ
3263 3287 3415 3354 μόνον
3463 3283 3494 3338 ἡ
3550 3283 3670 3353 παρ’
3726 3283 3879 3352 ἡμῶν

517 3387 558 3428 a
583 3371 762 3428 nobis
784 3369 1141 3433 attribuitur,
1171 3383 1383 3422 verum
1411 3366 1592 3422 etiam
1615 3366 1716 3422 illa
1745 3372 1958 3422 mutua
1980 3381 2146 3437 quan

2276 3367 2645 3444 ἀναφερομένη,
2724 3368 2850 3422 ἀλλὰ
2911 3375 3001 3422 καὶ
3089 3369 3149 3427 ἣν
3216 3371 3366 3422 αὐτοὶ
3438 3367 3688 3441 δέχονται
3745 3370 3879 3442 παρ’

518 3461 671 3516 inter
700 3473 763 3514 se
789 3457 1046 3513 invicem
1071 3455 1390 3526 accipiunt.

862 3457 1046 3512 vicem
1071 3455 1390 3526 accipiunt.
2278 3457 2491 3513 ἑαυτῶν.

518 3566 732 3635 Magni
788 3561 1116 3620 Athanasii
1159 3575 1234 3616 ex
1279 3573 1550 3615 sermone
1605 3559 1679 3616 de
1725 3560 2147 3616 lnam-natione

2274 3570 2376 3616 Τοῦ
2407 3563 2632 3634 μεγάλου
2667 3564 2980 3616 Ἀθανασίου
3003 3563 3056 3616 ἐκ
3077 3571 3168 3616 τοῦ
3189 3583 3308 3638 περι
3329 3571 3422 3627 τῆς
3445 3563 3879 3636 ἓνανθρωπήσεως

2983 3653 3160 3724 λόγου.

589 3759 787 3816 Primo
807 3755 1052 3830 quidem
1083 3769 1262 3809 suum
1294 3752 1595 3809 amortuis
1624 3753 1930 3810 suscitavit
1949 3769 2168 3826 corpus

2349 3763 2558 3829 Πρῶτον
2605 3755 2694 3809 οὖν
2745 3762 2806 3810 τό
2853 3757 2991 3812 ἴδιον
3055 3769 3208 3831 σῶμα
3259 3763 3464 3833 ἤγειρεν
3510 3759 3566 3814 ἐκ
3611 3767 3802 3834 νεκρῶν
3849 3763 3875 3811 ὁ

519 3848 828 3914 Dominus,
884 3859 1212 3915 secumque
1262 3841 1560 3898 exaltavit.
1619 3842 1840 3898 Deinde
1890 3842 2148 3899 membri

2277 3849 2461 3920 Κύριος
2517 3851 2608 3898 καὶ
2663 3846 2968 3918 συνύψωσεν
3023 3848 3188 3917 ἐαυτῷ
3227 3865 3240 3878 ·
3297 3851 3428 3920 μετὰ
3484 3867 3653 3900 ταυτα
3711 3847 3879 3922 ἐγερεῖ

517 3953 760 4012 quoque
786 3933 1053 4007 corporis
1080 3932 1173 3986 sui
1205 3929 1538 3996 suscitabit,
1575 3935 1642 3986 ut
1669 3930 1876 3986 omnia
1900 3931 2014 3986 illis
2051 3931 2146 3987 lari

2274 3940 2362 3986 καὶ
2409 3937 2476 3986 τὰ
2531 3934 2656 4006 μελη
2723 3955 2812 3987 του
2889 3943 3130 4008 σώματος
3184 3938 3362 4006 αὐτου,
3432 3939 3514 3990 ἵνα
3571 3941 3877 4011 χαρίσηται

517 4027 714 4098 giatur
752 4028 958 4096 utpote
997 4023 1171 4092 Deus,
1204 4033 1585 4094 quaecunque
1633 4019 1764 4092 ipse
1807 4020 2067 4090 suscepit
2105 4037 2146 4075 u‘

2274 4023 2444 4084 αὐτοῖς
2499 4025 2567 4075 τὰ
2611 4027 2782 4075 πάντα
2831 4026 2898 4085 ὡς
2936 4031 3084 4096 Θεὸς,
3136 4030 3238 4078 ὅσα
3285 4027 3442 4087 αὐτὸς
3486 4028 3554 4086 ὡς
3606 4027 3879 4097 ἄνθρωπος

515 4113 723 4171 homo.
783 4111 915 4183 Ipse
957 4109 1134 4179 igitur
1177 4107 1289 4163 sibi
1326 4107 1662 4179 impertitur
1695 4108 1900 4172 vitam,
1943 4108 2070 4180 ipse
2101 4125 2144 4164 sc

2273 4111 2466 4168 ἔλαϐεν.
2520 4113 2684 4173 Αὐτὸς
2727 4110 2813 4164 οὖν
2863 4113 3029 4184 ἑαυτῲ
3071 4115 3355 4187 χαρίζεται
3399 4116 3558 4179 ζωὴν,
3600 4117 3688 4165 καὶ
3715 4113 3877 4175 αὐτὸς

518 4201 871 4269 sanctiﬁcat,
907 4199 1037 4269 ipse
1091 4214 1154 4253 se
1197 4196 1437 4252 exaltat.
1491 4198 1636 4252 Cum
1675 4213 1818 4267 ergo
1865 4197 1960 4255 ait.
1998 4199 2147 4270 quod

2275 4202 2454 4253 ἑαυτὸν
2501 4199 2730 4272 ἁγιάζει,
2789 4207 2879 4254 καὶ
2945 4203 3097 4263 αὐτὸς
3171 4203 3352 4256 ἑαυτὸν
3403 4203 3532 4274 ὑψοῑ
3579 4219 3592 4232 ·
3643 4207 3727 4255 ὅτε
3783 4202 3879 4253 οὖν

517 4293 687 4346 Pater
719 4287 923 4359 ipsum
965 4285 1374 4351 sanctiﬁcavit,
1407 4289 1460 4340 et
1497 4287 1895 4354 resuscitavit,
1930 4287 2146 4358 sibiqm

2272 4290 2403 4360 λέγει
2452 4291 2528 4341 δτι
2572 4291 2598 4340 ὃ
2651 4295 2832 4366 Πατὴρ
2883 4293 3098 4362 ἡγίασεν
3128 4293 3306 4356 αὐτὸν,
3338 4297 3427 4344 καὶ
3459 4295 3662 4364 ἤγειρεν
3691 4291 3872 4357 αὐτόν,

516 4389 742 4434 nomen
771 4387 950 4445 super
975 4388 1158 4428 omne
1190 4387 1414 4429 nomen
1443 4372 1692 4444 largitus
1715 4379 1824 4442 est,
1855 4375 2145 4446 vitamquc

2272 4383 2362 4430 καὶ
2417 4377 2707 4450 ἐχαρίσατο
2755 4379 2894 4450 αὐτῷ
2941 4385 3102 4452 ὄνομα
3153 4385 3211 4433 τό
3251 4384 3378 4454 ὑπὲρ
3427 4387 3528 4434 πᾶν
3557 4384 3738 4452 ὄνομα,
3783 4386 3877 4432 καὶ

515 4463 784 4528 donavit,
813 4461 957 4519 satis
986 4464 1239 4527 constat,
1265 4460 1434 4532 quod
1461 4476 1568 4532 per
1593 4462 1797 4533 ipsum
1823 4464 2032 4518 omnia
2057 4465 2144 4518 Pa'

2272 4463 2460 4518 ἔδωκεν
2512 4467 2653 4538 αὐτῷ
2711 4468 2871 4540 ζωὴν,
2917 4465 3075 4528 δῆλον
3127 4471 3210 4522 ὅτι
3265 4467 3340 4522 δι’
3381 4471 3540 4522 αὐτου
3580 4472 3646 4521 τὰ
3701 4471 3876 4520 πάντα

513 4559 602 4613 ter
621 4555 926 4626 operatur.
957 4552 1064 4606 Per
1099 4550 1303 4621 ipsum
1349 4549 1552 4622 itaque
1575 4551 1859 4608 eumdem
1891 4551 2140 4608 suscitat

2271 4563 2408 4607 ποιεῖ
2436 4557 2461 4607 6
2497 4561 2678 4630 Πατήρ
2721 4573 2734 4586 ’
2769 4553 2840 4609 δι’
2881 4566 3040 4610 αυτοῦ
3092 4555 3178 4610 οὖν
3237 4559 3388 4610 αὐτόν
3425 4557 3626 4631 ἐγείρει,
3658 4561 3750 4609 καὶ
3795 4553 3872 4608 δι’

511 4657 622 4716 per
633 4641 838 4712 ipsum
851 4639 1138 4696 eumdem
1149 4636 1614 4710 sanctiﬁcat,per
1631 4639 1834 4712 ipsum
1855 4641 2138 4698 eumdem

2271 4645 2432 4704 αὐτου
2471 4644 2626 4696 αὑτὸν
2675 4645 2903 4718 ἁγιάζει,
2954 4651 3041 4698 καὶ
3093 4644 3166 4700 δι’
3197 4647 3357 4699 αὐτου
3405 4647 3562 4699 αὐτόν
3608 4645 3754 4716 ὑψοῐ,
3784 4653 3877 4700 καὶ

515 4735 642 4790 met
665 4728 909 4786 exaltat.
941 4729 1007 4783 Et
1034 4741 1173 4782 cum
1199 4725 1474 4798 spiritum
1501 4743 1681 4786 suum
1724 4730 1786 4784 in
1817 4730 2008 4786 Patris
2037 4746 2144 4786 mai

2274 4727 2346 4785 δι’
2382 4733 2541 4785 αὐτου
2601 4739 2692 4793 τὴν
2725 4734 2862 4794 ζωὴν
2901 4734 3042 4806 αὑτῲ
3097 4733 3324 4788 δίδωσιν
3354 4753 3368 4767 ο
3402 4741 3492 4788 καὶ
3526 4737 3608 4788 ὅτε
3645 4741 3875 4807 παρατί-

514 4837 632 4877 nus
659 4819 745 4876 uti
769 4819 953 4874 homo
979 4817 1384 4882 commendat,
1408 4817 1522 4872 sibi
1549 4817 1664 4890 ipsi
1693 4819 2070 4876 commendat
2100 4837 2140 4876 ιι

2275 4823 2417 4874 θεται
2463 4828 2522 4874 τό
2572 4842 2774 4895 πνευμα
2819 4824 2975 4876 αὐτου
3025 4829 3092 4886 ὡς
3137 4828 3400 4900 ἅνθρωπος
3447 4825 3512 4885 εἰς
3552 4833 3736 4898 χεῖρας
3779 4845 3872 4877 του

518 4911 661 4974 Deo,
707 4911 774 4963 ut
812 4905 1089 4963 homines
1115 4905 1231 4960 Deo
1261 4905 1659 4962 commendet.
1705 4911 1834 4978 Ipse
1872 4909 2030 4965 enim
2063 4911 2147 4965 De:

2273 4915 2490 4985 Πατρός,
2548 4911 2714 4982 ἑαυτῷ
2779 4915 3123 4986 παρατίθεται
3188 4917 3258 4976 ὡς
3325 4921 3459 4986 Θεῷ³
3521 4917 3604 4966 ἵνα
3674 4917 3873 4976 πάντας

517 5011 737 5053 manus
757 4999 867 5050 est.
2274 4997 2572 5072 ἀνθρώπους
2612 5003 2917 5073 παράθηται
2967 5011 3038 5053 τῶ
3080 5011 3194 5073 Θεῷ
3232 5019 3244 5032 ·
3297 5003 3450 5064 αὐτὸς
3500 5005 3600 5076 γάρ
3659 5001 3799 5055 ἐστιν
3839 5005 3871 5059 ἠ

2273 5093 2394 5163 χεὶρ
2425 5097 2518 5142 του
2545 5094 2690 5142 Θεοῦ.

593 5175 642 5212 *⁸
671 5172 846 5230 Hebr.
867 5187 988 5240 xm,
1025 5173 1082 5226 8.
1167 5171 1209 5206 ¹¹¹
1252 5173 1418 5230 Joan.
1451 5187 1570 5240 xvr,
1603 5173 1694 5230 14.

594 5421 709 5495 (it)
739 5423 804 5477 In
831 5419 1106 5494 capitulis
1131 5419 1478 5492 theologicis
1507 5419 1608 5478 ed.
1631 5421 1951 5481 Combeﬁs.
1979 5429 2018 5484 t.
2049 5429 2094 5499 Ι,
2118 5443 2184 5504 p.
2207 5429 2336 5486 512.
