4126 6272
183 226 276 279 165
1503 221 1812 278 THESAUE

1918 219 2020 276 .IB.
2062 222 2217 278 XXIV
3449 231 3547 286 166

295 351 400 399 Τοῦ
429 345 593 396 αὐτου
624 349 682 397 ἐκ
721 353 822 397 τοῦ
849 347 1148 419 Ψαλτηρίου
1178 347 1447 419 ἑρμηνείας
1478 347 1549 409 εἰς
1575 351 1656 415 τὸ,
1816 348 1865 400 Α
1893 345 1924 401 Ι

1913 345 2180 415 Ejusdem
2217 360 2293 402 ex
2318 344 2810 416 interpretatione
2833 352 3118 408 Psatterii
3135 353 3218 408 ad
3241 367 3310 409 ea
3334 355 3542 411 verba:

458 455 488 482 α
524 435 760 486 Γενέσθω
785 437 817 491 ἡ
848 440 970 507 χείρ
1013 454 1103 486 σου
1152 440 1323 486 σῶσαί
1352 455 1434 507 με.
1476 459 1497 484 ι
2075 457 2086 482 ‹

2075 455 2104 482 ‹‹
2136 434 2281 490 Fiat
2308 450 2524 490 manus
2551 443 2654 492 tua
2691 439 2772 494 ad
2801 441 3158 496 satvandum
3193 455 3308 498 me.
3341 462 3369 492 »

247 529 398 579 Ζητῶ
426 530 588 595 χεῖρα
613 529 706 574 τοῦ
739 530 879 576 Θεοῦ
917 528 1033 597 περὶ
1057 520 1120 587 ἧς
1147 524 1362 595 εὔχεται
1393 532 1560 576 ταῦτα
1604 524 1782 594 λέγων·

1967 523 2177 587 Quaero
2207 538 2492 594 quamam
2510 524 2586 579 sit
2609 527 2708 581 Dei
2731 543 2950 583 manus
2975 544 3087 600 pro
3115 545 3240 601 qua
3261 530 3347 585 sic
3373 530 3549 588 obse-

184 612 259 665 Ἐν
311 619 462 686 χειρὶ
512 618 746 686 κραταιᾴ
789 611 1037 682 ἐξήγαγεν
1079 614 1106 664 6
1157 617 1282 673 Θεὸς
1328 615 1416 664 τὸν
1473 613 1688 686 Ἰσραὴλ
1735 612 1787 676 ἐξ

1920 615 2019 666 :rat
2046 610 2288 666 dicens:
2327 612 2393 666 In
2429 627 2620 669 manu
2660 613 2796 670 forti
2837 616 3043 672 eduxit
3084 617 3363 674 lsraelem
3394 620 3549 676 Deus

181 700 461 772 Αἰγύπτου⁶
505 706 598 761 Τίς
643 697 703 753 δὲ
746 701 922 768 «ﬁrm;
966 706 1192 774 Χριστὸς
1239 702 1463 763 Ἰησοῦς·
1498 699 1646 762 οὗτος
1683 705 1784 774 γάρ

1919 715 1966 752 :x
1991 698 2272 770 .tEgypto.
2303 700 2592 764 Quaenam
2621 701 2748 757 haec
2779 705 2911 759 est?
2937 704 3200 761 Christus
3219 708 3413 762 Jesus.
3441 707 3548 764 Hic

181 789 290 842 ἐστι
330 796 423 842 καὶ
461 795 584 862 χεὶρ
611 794 700 841 καὶ
740 785 894 851 δεξιὰ
930 799 1022 842 του
1051 795 1197 842 Θεοῦ·
1227 793 1454 843 Γενέσθω
1492 786 1596 842 οὖν.
1631 796 1784 862 φησι,

1918 788 2056 842 inim
2104 793 2193 844 est
2222 804 2439 845 manus
2485 795 2542 845 et
2578 791 2823 847 dextera
2863 792 2984 850 Dei.
3014 794 3153 850 Fiat
3194 797 3403 864 igitur,
3443 797 3547 866 ait,

181 882 209 936 ἡ
257 885 380 953 χείρ
439 899 535 931 σου
593 886 686 930 τοῦ
749 884 925 931 σῶσαί
971 899 1051 951 με·
1112 881 1258 950 τάχα
1305 885 1395 932 καὶ
1446 883 1504 931 τὸ
1561 881 1786 950 γενέσθω

1918 891 2108 931 nanus
2129 882 2234 932 tua
2255 877 2336 933 ad
2352 879 2714 936 satvandum
2728 895 2818 936 me
2841 881 2906 934 ¹⁸.
2934 883 3202 938 Fortasse
3218 888 3273 939 et
3294 884 3547 941 verbum

186 965 340 1025 δηλοῖ
395 974 630 1020 τοιοῦτον
680 988 753 1039 τι,
800 970 928 1034 οἷον,
965 969 1074 1038 Εἰς,
1115 975 1314 1040 γένεσιν
1359 968 1544 1022 ἐλθέτω
1582 971 1612 1027 ἡ
1663 973 1785 1042 χείρ

1915 964 1999 1020 riat
2017 964 2100 1021 ita
2117 964 2442 1034 signiﬁcat:
2467 967 2672 1024 Veniat
2689 983 2908 1025 manus
2928 975 3034 1026 tua
3049 969 3130 1027 ad
3150 971 3544 1043 nativitatem,

187 1077 308 1127 σου,
341 1063 434 1110 καὶ
461 1061 692 1129 γενέσθω
721 1056 808 1110 ἐπὶ
848 1066 940 1110 τοῦ
973 1063 1142 1111 σῶσαί
1166 1078 1246 1130 με·

721 1056 808 1110 ἐπὶ
848 1066 940 1110 τοῦ
973 1063 1142 1111 σῶσαί
1166 1078 1246 1130 με·
1894 1057 1958 1109 ut
1987 1053 2176 1110 salvet
2212 1070 2327 1111 me.

251 1241 354 1288 Τοῦ
381 1235 540 1305 ἁγίου
575 1235 830 1307 Κυρίλλου
875 1235 931 1287 ἐκ
968 1243 1064 1287 τῶν
1093 1239 1225 1288 κατὰ
1254 1238 1714 1308 Πνευματομάχων

1922 1231 2100 1288 :ancti
2129 1233 2360 1301 Cyritti
2379 1248 2456 1290 ea:
2492 1236 2905 1292 antirrheticis
2932 1237 3311 1295 sermonibus
3336 1246 3551 1298 contra

577 1323 960 1398 ἀητιρρητικῶν
996 1324 1158 1396 λόγων
1189 1325 1323 1394 (15).

2422 1325 3011 1392 pneumatomachos.

247 1413 515 1466 Δᾱατυλον
567 1422 701 1467 Θεοῦ
755 1415 928 1466 καλεῖν
970 1411 1082 1467 οἶδε
1130 1420 1302 1488 Γραφὴ
1360 1418 1417 1467 τὸ
1468 1421 1676 1486 Πνευμα
1728 1418 1786 1466 τὸ

1966 1409 2224 1480 Digitum
2271 1412 2371 1466 Dei
2415 1412 2567 1468 solet
2613 1414 2917 1485 Scriptura
2957 1415 3218 1487 apellare
3265 1417 3549 1488 Spiritum

181 1504 348 1574 ἁγιον,
399 1505 578 1565 καθὼς
625 1508 716 1556 καὶ
771 1505 798 1555 6
847 1508 1074 1576 Χριστὸς
1125 1505 1344 1577 εἴρηκεν·
1399 1504 1460 1557 Εἰ
1514 1501 1573 1556 δὲ
1618 1502 1666 1555 ἔν
1714 1511 1788 1574 τῷ

1926 1503 2194 1566 auctum,
2230 1499 2406 1556 sicuti
2427 1501 2688 1558 Christus
2714 1501 2888 1559 dixit:
2919 1503 2986 1560 Si
3006 1519 3114 1575 ego
3144 1512 3206 1561 in
3237 1505 3423 1576 digito
3444 1508 3553 1564 Dei

219 1561 232 1574 .
333 1561 347 1572 .
564 1561 576 1565 -
897 1561 905 1576 .
1060 1561 1072 1565 -
1170 1561 1179 1577 .
1757 1561 1766 1574 .

182 1589 427 1663 δακτύλῳ
496 1601 630 1645 Θεου
695 1590 922 1644 ἐκϐάλλω
988 1596 1054 1644 τὰ
1110 1589 1378 1664 δαιμόνια·
1448 1594 1570 1665 ὅπερ
1639 1593 1785 1653 ἄλλος

1921 1589 2064 1657 'jicio
2083 1561 2378 1645 daemonia
2407 1591 2473 1655 η,
2496 1589 2558 1645 id
2579 1590 2746 1662 quod
2775 1591 2925 1646 alius
2945 1561 3550 1664 evangelistavinSpi;

182 1682 563 1752 ενα-’[γελιστής
624 1685 674 1734 εν
731 1684 994 1753 Πνεύματι
1051 1689 1184 1734 Θεου
1243 1680 1378 1734 εἶπεν
1407 1703 1420 1715 ·
1481 1683 1668 1753 ὁμοίως
1725 1679 1783 1734 δὲ

1920 1677 2013 1731 itu
2042 1677 2152 1732 Dei
2171 1679 2220 1712 ³ο
2254 1677 2416 1734 dicit.
2448 1679 2541 1735 Sic
2569 1679 2713 1735 item
2757 1679 3068 1738 dexteram
3111 1681 3549 1755 brachiumque

183 1772 570 1842 προσονομάζει
617 1766 794 1831 δεξιάν
836 1774 926 1822 καὶ
972 1769 1238 1844 βραχίονα
1279 1774 1366 1823 τὸν
1420 1775 1559 1840 Υίὸν,
1601 1774 1670 1832 ὡς
1704 1775 1782 1837 τὸ,

1921 1764 2104 1820 “ilium
2129 1766 2412 1838 appellat,
2440 1772 2503 1824 ut
2523 1773 2617 1824 est
2635 1767 2810 1824 illud:
2843 1771 3118 1827 Servavit
3139 1785 3271 1826 eum
3299 1771 3550 1832 dextera

183 1860 415 1913 Ἐσωσεν
449 1859 608 1911 αὐτόν
641 1861 668 1917 ἡ
711 1855 865 1920 δεξιά
893 1858 1072 1926 αὐτοῦ,
1106 1864 1196 1912 καὶ
1236 1861 1261 1910 6
1305 1858 1550 1934 βραχίων
1581 1861 1607 1911 ὁ
1636 1860 1786 1931 οἷγιος

1921 1857 2045 1929 jus,
2086 1862 2138 1912 et
2183 1856 2497 1912 brachium
2544 1862 2819 1913 sanctum
2863 1874 3036 1914 suum
3071 1861 3140 1914 ²¹.
3188 1860 3368 1917 Sicuti
3407 1876 3550 1932 ergo

183 1948 374 2000 αὐτουο
452 1951 658 2021 ὧσπερ,
727 1947 815 1998 οὖν
879 1947 904 1998 6
976 1946 1220 2019 βραχίων
1298 1949 1576 2019 ὁμοοὺσιὸς
1646 1947 1786 2000 ἐστιν

1918 1945 2212 2000 πειοὴὶιιω
2225 1945 2737 2002 consubstantiale
2750 1952 2840 2002 est
2854 1946 2908 2004 ei
2919 1948 3013 2019 cuj
3025 1965 3093 2003 us
3109 1953 3198 2004 est
3209 1949 3547 2019 brachium,

179 2037 237 2088 οὗ
276 2036 394 2088 ἐστι
426 2035 696 2109 βραχίων,
731 2036 895 2098 οὕτως
922 2037 948 2087 ὁ
975 2033 1229 2097 ὃοίιτυλος
1270 2033 1330 2088 οὗ
1361 2035 1474 2089 ἐστι
1507 2033 1783 2098 δάκτυλος·

1921 2033 1981 2087 ιὶο
2012 2032 2234 2102 digitus
2259 2034 2312 2088 ei
2342 2033 2515 2104 cujus
2536 2041 2626 2091 est
2654 2034 2896 2104 digitus.
2931 2039 3084 2106 Ergo
3107 2037 3261 2108 patri
3288 2038 3550 2111 Filioque

182 2129 462 2196 ὁμοούσιον
511 2125 613 2198 ἆρά
656 2131 728 2194 τῷ
761 2132 928 2196 Πατρι
977 2130 1066 2177 καὶ
1114 2134 1185 2196 τῷ
1224 2131 1328 2196 Υίῴ
1367 2130 1424 2178 τὸ
1475 2133 1682 2198 Πνευμα
1729 2131 1788 2178 τὸ

1475 2133 1682 2198 nussum
1729 2131 1788 2178 τὸ
1897 2120 2426 2176 consubstantialis
2452 2126 2540 2176 est
2558 2121 2808 2193 Spiritus
2837 2128 3102 2178 sanctus.

183 2235 242 2284 αγ
250 2235 325 2267 ιον
335 2256 349 2268 ο

251 2309 380 2376 Περὶ
409 2322 524 2371 τον,
545 2302 668 2355 Ὀτι
700 2303 856 2364 αὐτὸς
887 2301 1028 2355 ἐστιν
1054 2304 1080 2354 6
1109 2308 1409 2378 προσφέρων
1440 2308 1527 2356 καὶ
1553 2312 1786 2374 προσφε-

1969 2298 2138 2364 Quod
2167 2298 2328 2354 idem
2352 2312 2630 2370 unusque
2657 2303 2748 2354 est
2762 2299 2866 2372 qui
2892 2299 3067 2356 oﬂert
3093 2305 3150 2357 et
3177 2301 3283 2373 qui
3306 2301 3552 2359 offertur

183 2399 394 2464 ρόμενος
428 2398 520 2444 καὶ
561 2387 1006 2465 κροσὸεχόμενος,
1041 2392 1109 2454 ὡς
1153 2390 1446 2465 ἀρχιερεὺς,
1490 2397 1580 2444 καὶ
1625 2393 1785 2464 θυμα,

1923 2392 1954 2443 :t
1989 2387 2096 2458 qui
2131 2387 2359 2460 recipit,
2404 2388 2486 2444 uti
2532 2387 2820 2460 pontifex,
2859 2388 3078 2453 hostia,
3111 2391 3286 2460 Deus,
3332 2405 3552 2464 nempe

184 2488 268 2534 ut
310 2485 457 2548 Θεὸς,
501 2484 620 2538 ἦτοι
645 2479 672 2532 ὁ
707 2484 896 2552 Κύριος
915 2482 1062 2552 ἡμῶν
1092 2481 1306 2541 Ἰησοῶς
1335 2485 1582 2554 Χριστός.

1305 2528 1306 2535 η
1335 2485 1582 2554 Χριστός.
1898 2475 2190 2533 Dominus
2215 2481 2418 2534 noster
2441 2476 2618 2534 Jesus
2649 2476 2934 2534 Christus.

185 2659 266 2713 ’ἃ
308 2667 404 2722 τῆς
443 2659 606 2730 εὐχῆς
660 2677 750 2710 του
809 2658 1037 2730 μεγάλου
1093 2658 1380 2728 Βασιλείου,
1433 2658 1494 2719 ἧς
1542 2661 1571 2716 ἡ
1616 2657 1782 2732 ἀρχή·

2001 2655 2101 2712 Ea:
2114 2657 2464 2724 precatione
2480 2656 2691 2726 magni
2707 2656 2944 2722 Basilii,
2968 2660 3143 2727 cujus
3170 2657 3439 2715 initium:

726 2768 754 2796 ‹‹
797 2743 990 2809 Ουὸεὶς
1027 2747 1188 2811 ἄξιος,
1224 2770 1252 2797 ››
1828 2776 1868 2830 C

1828 2776 1868 2830 ρ
2422 2765 2452 2793 ‹‹
2488 2745 2674 2800 Nemo
2713 2743 2953 2814 dignus.
2993 2766 3022 2794 »
3390 2817 3399 2826 _

252 2838 508 2900 Ἀξίωσον
557 2838 980 2908 προσενεχθῆναί
1021 2856 1105 2890 σοι
1149 2837 1275 2910 ὑπὲρ
1317 2836 1440 2908 ἐμου
1481 2856 1571 2889 του
1621 2835 1784 2909 ἁμαρ-

1966 2831 2241 2903 Dignare,
2294 2837 2358 2888 ut
2386 2832 2490 2889 tibi
2520 2831 2850 2890 oﬂ‘erantur
2876 2848 2988 2906 pro
3027 2849 3122 2888 me
3151 2839 3464 2906 peccatore
3493 2839 3550 2891 et

183 2926 342 2978 τω).ου
389 2932 480 2978 καί
533 2925 747 2988 ἀναξίου
801 2921 993 2977 δούλου
1042 2944 1134 2976 σου
1181 2927 1248 2977 τὰ
1287 2921 1435 2998 δῶρα
1471 2945 1676 2977 ταυτα’
1721 2928 1786 2976 σὺ

1917 2919 2147 2990 ndigno
2174 2937 2345 2978 servo
2383 2928 2483 2978 tuo
2513 2922 2636 2978 htBC
2666 2922 2850 2978 dona.
2881 2927 2964 2978 'l‘u
2990 2924 3150 2978 enim
3176 2940 3239 2978 es
3269 2924 3546 2991 offerens,

182 3019 276 3090 γὰρ
305 3017 356 3069 εἰ
390 3017 416 3068 6
447 3021 755 3090 προσφέρων
797 3019 888 3066 καί
913 3019 1319 3090 προσφερόμενος
1349 3020 1438 3067 καί
1479 3012 1787 3088 προσδεχο-

1912 3012 1952 3065 at
1977 3008 2236 3076 oblatus,
2269 3015 2328 3068 et
2355 3016 2645 3082 receptor,
2677 3014 2736 3066 et
2759 3009 3108 3068 distributor
3137 3013 3292 3066 Deus
3318 3016 3541 3068 noster.

180 3125 328 3174 μενος
358 3111 448 3157 καί
490 3101 868 3177 διαδιδομενος
908 3105 933 3156 6
966 3107 1093 3168 Θεὸς
1123 3105 1288 3176 ὴμῶν.
3577 3097 3579 3099 ί

180 3200 278 3246 Του
327 3194 484 3264 ἁγίου
547 3193 802 3267 Κυρίλλου
851 3190 1240 3268 Ἀλεξανδρείας
1277 3194 1348 3256 εἰς
1397 3197 1481 3246 τὸν
1533 3197 1790 3265 μυστικὸν

1916 3187 2104 3243 Sancti
2142 3186 2360 3258 Cyritti
2405 3185 2816 3244 Alexandrini
2845 3188 2911 3243 in
2940 3187 3249 3257 mysticam
3291 3201 3545 3256 canam,

877 3278 1101 3335 δεῖπνον.

249 3377 490 3444 Πίνωμεν
539 3371 702 3423 αὐτοῦ
742 3373 803 3422 τὸ
843 3371 976 3443 αἱμα
1018 3374 1075 3423 τὸ
1111 3371 1260 3443 ἅγιον
1309 3373 1378 3434 εἰς
1428 3372 1646 3445 ἱλασμὸν
1692 3381 1792 3423 τῶν

1972 3361 2258 3420 Bibamus
2286 3367 2563 3420 sanctum
2590 3363 2722 3434 ejus
2751 3363 3131 3436 sanguinem,
3162 3363 3245 3422 ad
3268 3368 3546 3437 peccato-

186 3460 444 3531 ἡμετέρων
484 3459 946 3532 παραπτωμάτων,
1008 3462 1098 3509 καί
1146 3459 1346 3530 μέθεξιν
1404 3467 1494 3519 τῆς
1551 3459 1600 3511 ἐν
1655 3459 1794 3529 αὐτῴ

1920 3466 2038 3505 rum
2095 3457 2441 3508 nostrorum
2499 3452 2938 3521 remissionem,
2984 3457 3041 3509 et
3084 3451 3549 3509 immortalitatis

182 3547 496 3608 ἀθανασίαςο
547 3549 881 3608 πιστεύοντες
922 3546 1031 3618 ἅμα
1059 3546 1141 3599 ὁτι
1169 3566 1262 3619 περ
1307 3548 1464 3610 αὐτὸς
1509 3551 1666 3623 ἱερεὺς
1703 3539 1796 3601 καί

1920 3555 2043 3596 :um
2070 3540 2203 3614 ipso
2223 3539 2740 3614 participationem
2765 3559 2778 3610 ;
2802 3541 3111 3598 credentes
3127 3541 3325 3607 simul,
3345 3541 3549 3615 ipsum

185 3639 362 3704 θυσία⁹
424 3635 584 3695 αὐτὸς
639 3635 664 3686 6
720 3639 1024 3708 προσφέρων
1082 3641 1170 3687 καί
1235 3642 1643 3710 προσφερόμενος
1704 3642 1794 3690 καί

1922 3645 2031 3684 isse
2061 3629 2434 3686 sacerdotem
2464 3635 2521 3685 et
2556 3629 2839 3698 hostiam,
2882 3629 3089 3702 ipsum
3126 3629 3233 3702 qui
3261 3629 3450 3700 offert,
3493 3633 3551 3686 et

184 3721 616 3796 προσδεχομενος
663 3729 753 3776 καί
786 3719 1181 3794 ὃιαδιδόμενος·
1234 3730 1305 3796 μή
1355 3722 1679 3800 διαιρουντες
1722 3726 1793 3788 εἰς

1921 3720 2006 3790 [ui
2031 3718 2297 3785 offertur,
2342 3722 2401 3774 et
2435 3718 2540 3790 qui
2567 3719 2797 3791 recipit,
2841 3723 2898 3774 et
2944 3718 3049 3790 qui
3077 3718 3395 3775 distribuit.
3443 3720 3550 3774 Ne-

184 3811 276 3866 δὺο
301 3832 570 3888 προσωπα
601 3817 694 3871 τήν
740 3814 881 3864 Θείαν
914 3817 1002 3864 καί
1041 3810 1410 3866 ἀδιάσπαστον
1465 3820 1554 3866 καί
1584 3821 1709 3888 πρὸς
1736 3834 1793 3887 γε

1920 3823 2018 3880 {ue
2065 3808 2288 3864 idcirco
2317 3807 2379 3863 in
2409 3808 2565 3864 duas
2603 3823 2896 3880 personas
2923 3807 3250 3863 dividimus
3277 3807 3549 3864 divinam

182 3907 372 3955 τούτων
433 3901 748 3974 ἀσύγχυτον
803 3903 984 3953 ἕνωσιν
1032 3921 1121 3953 του
1173 3903 1281 3964 ἐνὸς
1309 3915 1334 3947 ο
1390 3911 1480 3963 τῆς
1535 3910 1790 3976 παντίμου

1920 3903 1956 3954 :t
1983 3896 2446 3970 inseparabilem
2467 3902 2646 3968 atque
2666 3896 3047 3952 inconfusam
3066 3894 3354 3950 unionem
3372 3893 3549 3949 unius

181 3988 413 4065 Ϊριλδος
441 3993 580 4060 (16).

1899 3987 1975 4043 de
2005 3985 2328 4044 venerabili
2358 3985 2657 4042 Trinitate.

243 4085 352 4131 Του
386 4079 546 4150 ἁγίου
582 4078 839 4150 Κυρίλλοῡ
880 4077 1244 4152 Ἱεροσολύμων
1275 4078 1376 4131 ἀπὸ
1415 4099 1506 4131 του
1537 4082 1609 4142 εἰς
1628 4085 1722 4138 τὴν

1920 4077 2108 4134 Sancti
2135 4075 2350 4145 Cyritti
2376 4072 2908 4142 Hierosotyrnitani
2925 4085 3000 4128 ea:
3015 4084 3282 4127 sermone
3307 4069 3371 4125 in
3396 4068 3549 4138 festo

193 4173 516 4226 ϊπσιπαντὰν
566 4166 742 4236 λόγου,
789 4166 852 4218 οὗ
895 4168 922 4223 ἡ
980 4165 1149 4240 ἁρχὴ,
1201 4189 1227 4216 ι(
1281 4175 1442 4240 Χαῖρε
1491 4164 1720 4243 σφόδρα.
1763 4189 1791 4218 η

1971 4165 2044 4221 de
2071 4177 2320 4220 occursu
2349 4162 2613 4229 Domini,
2652 4162 2826 4230 cujus
2861 4165 2946 4217 est
2973 4159 3246 4215 initium:
3283 4179 3312 4208 α
3343 4158 3552 4215 Gaude

1968 4265 2337 4322 magnopere.
2372 4271 2400 4299 »

252 4351 443 4420 Ιρέςδος
521 4341 717 4416 βλέπω,
789 4348 1007 4416 νομικὴν
1077 4345 1261 4396 θυσίαν
1317 4347 1646 4417 προσάγοντα
1705 4346 1791 4400 ἐπί

1970 4342 2266 4399 Infantem
2301 4338 2498 4405 video,
2539 4338 2643 4411 qui
2685 4336 2940 4406 legalem
2987 4338 3049 4394 in
3079 4336 3248 4393 terris
3287 4336 3551 4393 hostiam

188 4444 282 4504 γῆς
310 4456 326 4468 ·
524 4433 677 4485 αὐτὸν
723 4436 815 4494 τὰς
866 4434 1070 4484 πάντων
1120 4433 1345 4496 εὐσεϐεῖς
1393 4436 1578 4496 θυσίας
1625 4432 1792 4507 δεχο-

1919 4430 2104 4496 ›[Ϊθιί;
2139 4428 2244 4483 sed
2271 4427 2434 4482 hunc
2458 4429 2657 4498 ipsum
2688 4425 2964 4482 omnium
2992 4425 3123 4498 pias
3139 4422 3548 4480 oblationesin

189 4543 328 4592 μενον
390 4525 440 4575 ἐν
490 4523 751 4597 οὐρανοῖς,
798 4522 954 4574 αὐτὸν
1008 4522 1056 4572 ἐν
1107 4523 1267 4596 θρόνῳ
1322 4523 1619 4597 χερουϐικῷ
1678 4526 1789 4576 θεο-

1918 4518 2062 4575 :mlis
2108 4515 2515 4589 recipientem,
2560 4513 2844 4571 eumdem
2876 4513 2940 4569 in
2970 4511 3292 4570 cherubico
3330 4511 3547 4569 throno

189 4623 427 4686 πρεπῶς,
517 4613 672 4664 αὐτὸν
757 4615 1166 4686 ’προσφερόμενον
1243 4617 1333 4664 καί
1414 4613 1790 4684 ἁγνιζόμενον,

1919 4607 2220 4678 nagniﬁce
2248 4605 2630 4672 residentem,
2657 4603 2942 4660 eumdem
2961 4603 3234 4660 oblatum
3254 4607 3310 4658 et
3335 4601 3548 4659 sancti-

191 4701 336 4755 αὐτόν
402 4705 470 4755 τά
527 4704 697 4754 πάντα
760 4701 1050 4772 ἁγιάζοντα
1105 4706 1194 4753 καί
1251 4707 1581 4776 καταίροντα·
1640 4703 1790 4764 αὐτὸς

1920 4699 2166 4765 icatum,
2183 4695 2467 4752 eumdem
2492 4694 2698 4752 omnia
2721 4693 3197 4751 sanctiﬁcantem
3213 4695 3270 4748 et
3285 4705 3549 4764 purgan—

189 4796 242 4844 τε
270 4789 457 4868 δῶρον,
507 4793 659 4853 αὐτὸς
690 4791 718 4844 6
749 4790 1051 4864 ἀρχιερεὺς,
1095 4794 1248 4851 αυτὸς
1285 4796 1338 4842 τό
1389 4793 1789 4867 θυσιαστήριον,

1921 4804 2037 4844 em.
2069 4789 2200 4859 Ipse
2229 4785 2457 4842 donum
2501 4787 2608 4855 est,
2637 4783 2765 4854 ipse
2794 4781 3080 4854 pontifex,
3116 4780 3246 4853 ipse
3265 4778 3549 4868 propitia-

189 4882 335 4945 αὐτὸς
390 4889 446 4936 τὸ
528 4882 859 4954 ἱλαστήριον,
939 4878 1087 4938 αὐτὸς
1153 4882 1178 4931 ὁ
1248 4885 1572 4956 προσφέρων,
1633 4881 1791 4946 αὐτὸς

1917 4876 2144 4942 ,orium,
2191 4873 2320 4945 ipse
2363 4871 2640 4939 offerens,
2684 4870 2813 4944 ipse
2860 4871 3106 4926 victima
3153 4883 3264 4940 pro
3318 4865 3546 4923 mundo

187 4972 212 5022 ὁ
262 4975 382 5048 ὑπὲρ
439 4977 647 5045 κόσμου
698 4972 861 5023 θυσία
912 4972 1339 5041 προσφερόμενος,
1391 4969 1542 5028 αὐτὸς
1588 4974 1646 5021 τό
1685 4990 1788 5043 πυρ

1919 4965 2122 5032 ὠιδῐο,
2148 4963 2276 5036 ipse
2305 4961 2482 5033 ignis,
2511 4962 2642 5033 ipse
2679 4958 3129 5028 holocaustum,
3157 4957 3286 5028 ipse
3313 4954 3548 5026 lignum

253 5132 294 5167 "
324 5134 475 5192 PsaJ.
502 5148 702 5202 cxvm,
737 5129 867 5186 173.
950 5129 994 5161 ¹⁹
1030 5128 1144 5184 Luc
1168 5144 1246 5192 xv,
1277 5132 1367 5183 20.
1443 5129 1491 5164 ³ο
1515 5129 1710 5186 Matth.
1742 5144 1837 5183 xu.
1865 5131 1882 5182 Ξ

1032 5128 1144 5184 Luc
1168 5144 1246 5192 χι,
1277 5132 1367 5183 20.
1443 5129 1491 5164 ³ο
1515 5129 1710 5186 Matth.
1742 5144 1837 5183 xu.
1865 5131 1954 5184 28.
2031 5127 2076 5162 ³¹
2106 5124 2262 5182 Psal.
2289 5138 2580 5191 Lxxxxvu,
2613 5127 2661 5178 1.

248 5277 458 5336 om“
480 5279 543 5336 in
577 5274 733 5334 edit.
764 5290 866 5323 τον
898 5269 1028 5329 ἑνός.

254 5423 334 5491 (15
368 5426 450 5480 De
474 5422 674 5493 hujus
709 5411 932 5488 operis
957 5411 1125 5468 titulo
1163 5411 1342 5478 alibi,
1373 5416 1437 5469 ut
1463 5417 1629 5485 puto,
1657 5411 1875 5470 dicturi
1903 5425 2137 5469 sumus.

245 5513 364 5587 (16).
405 5513 563 5572 Edit.
590 5499 892 5569 Auberti,
925 5503 966 5557 t.
989 5501 1052 5572 V,
1083 5503 1232 5572 part.
1257 5501 1331 5572 II,
1360 5516 1423 5575 p.
1449 5505 1576 5560 378.
