4126 6272
518 200 618 258 167
1842 181 2114 246 ΝῘΟΕΤΛΕ
2152 186 2530 246 ΟΗΟΝῙΑΤΛΕ
3778 185 3882 240 168

515 324 647 380 vitae
678 325 735 379 et
759 318 1043 386 scientiae,
1073 317 1201 390 ipse
1227 330 1450 387 agnus,
1470 312 1600 388 ipse
1626 312 1863 386 gladius
1892 313 2170 386 Spiritus,

2283 315 2554 388 ὑπάρχων,
2588 311 2745 374 αὐτός
2780 310 3151 376 ὁλοκαύτωσις,
3183 307 3335 370 αὐτός
3371 307 3439 362 τὰ
3467 305 3594 372 ξύλα
3615 315 3710 369 τῆς
3735 306 3885 370 ζωῆς

516 413 643 486 ipse
680 415 910 485 pastor,
936 408 1067 481 ipse
1106 406 1441 478 agniculus,
1475 405 1605 478 ipse
1634 403 2016 473 sacriﬁcator,
2043 403 2173 477 ipse

2283 407 2368 455 καί
2395 412 2488 463 τῆς
2510 407 2765 474 γνώσεως,
2797 400 2954 463 αύτός
2978 400 3004 451 6
3036 398 3216 472 ἀμνὸς,
3247 398 3397 458 αὐτός
3436 399 3466 455 ἠ
3505 399 3753 471 μάχαιρα
3785 415 3881 448 του

516 484 632 572 lex,
662 484 793 574 ipse
821 497 1084 571 denique
1106 497 1303 569 legem
1330 494 1601 570 implens.

2283 494 2596 564 Πνεύματος,
2630 490 2786 553 αύτός
2812 491 2838 542 6
2876 494 3093 562 ποιμὴν,
3139 488 3297 548 αὐτός
3326 491 3384 539 τό
3424 484 3617 560 ἀρνίον,
3659 485 3813 546 αὐτός
3855 485 3885 537 6

2283 583 2457 649 θύτης,
2499 580 2650 641 αὐτός
2688 581 2714 632 6
2752 583 2922 652 νόμος,
2964 582 3051 631 καί
3077 577 3229 638 αὐτὸς
3268 580 3293 629 6
3338 580 3423 628 τόν
3452 580 3604 649 νόμον
3634 574 3875 649 πληρῶν.

523 771 727 830 Sancti
756 767 981 839 Cyrtlti
1011 764 1428 822 Alexandrini
1461 777 1537 821 ex
1554 762 1860 820 duodecim
1892 760 2174 832 capitulis

2283 762 2383 810 Τοῦ
2445 755 2598 828 ἁγίου
2646 752 2900 831 Κυρίλλου
2969 748 3352 828 Ἀλεξανδρείας
3388 751 3447 806 ἐκ
3493 760 3593 806 τῶν
3646 750 3718 826 ιβ’
3764 771 3883 822 κεφ,

956 856 1243 913 adversus
1282 853 1736 911 Theodoretum.

2743 853 2844 897 τῶν
2879 846 3017 897 κατά
3055 840 3415 918 Θεοδωρήτου.

595 952 744 1007 Cum
773 950 975 1004 autem
1000 945 1195 1001 factus
1226 948 1315 1000 est
1342 942 1550 1010 homo,
1583 940 1912 998 sacerdotis
1933 954 2177 1013 quoque

2357 933 2498 987 Ἐπεὶ
2520 931 2579 987 δε
2604 937 2807 1006 γέγονεν
2846 935 3136 1008 ἅνθρωπος,
3177 935 3540 1007 κεχρημάτικε
3578 936 3668 985 καὶ
3700 933 3885 1007 ἱερεὺς,

525 1039 707 1111 gessit
737 1032 1214 1104 ofﬁcium,haud
1245 1048 1391 1089 sane
1413 1036 1477 1088 ut
1507 1033 1625 1087 Deo
1651 1035 1943 1103 tanquam
1965 1028 2177 1101 majori

2287 1025 2391 1097 οὐχ
2423 1027 2491 1087 ὡς
2530 1025 2730 1098 μείζονι
2760 1032 2873 1095 Θεῷ
2902 1024 3273 1096 προσκομίζων
3311 1028 3405 1081 τὴν
3429 1024 3741 1098 ἱερουργίαν,
3774 1020 3889 1074 ἀλλ’

522 1110 651 1186 rem
683 1141 917 1183 sacram
958 1123 1200 1191 faceret,
1235 1121 1343 1177 sed
1375 1126 1439 1177 ut
1476 1126 1533 1177 et
1562 1120 1674 1176 sibi
1704 1125 1761 1175 et
1782 1120 1935 1175 Patri
1958 1122 2178 1174 nostrae

2289 1116 2455 1186 ἐαυτῷ
2485 1134 2539 1167 τε
2568 1119 2657 1167 καὶ
2687 1122 2759 1185 τῷ
2797 1118 2986 1187 Πατρὶ,
3015 1121 3111 1175 τῆς
3148 1118 3371 1173 πίστεως
3400 1114 3545 1185 ἡμῶν
3575 1116 3667 1171 τὴν
3700 1110 3891 1184 ὁμολο-

523 1216 665 1273 ﬁdei
694 1213 1134 1272 confessionem
1164 1210 1489 1267 exhiberet.
1514 1210 1700 1266 Pudet
1730 1213 1781 1264 te
1812 1207 2179 1273 audientem,

2287 1209 2407 1276 γίαν
2437 1208 2947 1278 πραγματευόμενος.
2977 1204 3258 1275 Ἓρυθριᾷς
3290 1199 3349 1255 δε
3370 1201 3567 1254 ἀκούων
3588 1202 3889 1275 ὅτικεχρη-

525 1304 694 1379 quod
732 1300 1015 1360 sacerdos
1048 1299 1222 1355 fuerit
1250 1303 1550 1371 quatenus
1565 1298 1750 1354 homo
1771 1297 1798 1352 ?
1825 1298 1939 1352 Cur
1964 1294 2182 1351 deinde

2289 1295 2501 1365 ματικεν
2527 1295 2687 1368 ἱερεύς
2710 1289 2802 1345 διὰ
2821 1296 2880 1345 τὸ
2902 1291 3220 1365 ἀνθρώπινον
3246 1308 3259 1356 ;
3282 1288 3407 1344 Εἶτα
3425 1298 3529 1352 πῶς
3546 1294 3605 1343 ού
3621 1292 3889 1359 τεθαύμα-

525 1410 652 1451 non
708 1390 965 1457 miraris,
1013 1388 1182 1461 quod
1226 1403 1350 1444 non
1399 1391 1746 1443 caeterorum
1796 1387 2181 1441 sacerdotum

2288 1402 2383 1444 κας
2405 1384 2485 1435 ὅτι
2514 1386 2587 1454 μὴ
2614 1385 2749 1434 κατὰ
2771 1384 2831 1434 τὸ
2857 1388 2955 1433 τῶν
2990 1380 3158 1453 ἱερέων
3187 1382 3299 1441 ἔθος
3324 1379 3504 1454 ἐτέρων
3531 1386 3754 1433 ποιεῖται
3788 1386 3889 1442 τῆς

527 1496 697 1539 more
721 1477 1039 1545 sacriﬁcat,
1062 1475 1169 1532 sed
1198 1475 1311 1531 sibi
1333 1474 1452 1547 ipsi
1479 1474 1676 1546 potius
1706 1488 1777 1530 ac
1807 1472 2003 1529 Patri?

2292 1475 2586 1548 ἱερουργίας
2613 1476 2699 1525 τὸν
2720 1476 2932 1546 τρόπον,
2960 1470 3127 1541 ἐαυτῷ
3154 1466 3212 1523 δε
3241 1469 3429 1543 μᾶλλον
3459 1474 3549 1521 καὶ
3577 1476 3650 1540 τῷ
3676 1472 3848 1544 Πατρὶ
3873 1482 3889 1535 ;

2207 1558 2251 1612 Β

811 1654 1100 1725 Ejusdem
1130 1667 1205 1709 ex
1236 1666 1506 1709 sermone
1533 1651 1613 1707 ad
1632 1651 1893 1721 reginas.

2439 1658 2543 1705 Τοῦ
2582 1651 2741 1703 αὐτοῦ
2782 1648 2882 1703 ἀπὸ
2908 1658 3000 1702 τοῦ
3036 1653 3169 1723 πρὸς
3208 1648 3532 1711 Βασιλίσσας
3555 1648 3732 1721 λόγου.

601 1765 736 1838 Ipse
764 1763 943 1833 igitur
969 1760 1078 1818 fuit
1103 1760 1382 1817 sacerdos
1418 1763 1720 1832 quatenus
1750 1759 1955 1827 homo,
1982 1773 2182 1831 quan-

2366 1759 2531 1820 Αὐτὸς
2574 1759 2661 1811 οὖν
2704 1760 2807 1832 ἄρα
2851 1762 3056 1830 γέγονεν
3101 1756 3376 1831 ἀρχιερεύς
3417 1759 3552 1809 κατά
3588 1775 3648 1828 γε
3691 1759 3749 1809 τό
3797 1753 3893 1807 ἀνι

529 1871 713 1929 quam
726 1854 998 1910 omnium
1021 1851 1357 1924 excipiebat
1376 1850 1667 1908 sacriﬁcia
1685 1853 1985 1922 quatenus
2005 1852 2182 1905 Deus.

2296 1851 2567 1922 θρώπινον,
2629 1853 2803 1900 καίτοι
2864 1850 3006 1923 παρά
3071 1849 3274 1899 πάντων
3352 1847 3534 1907 θυσιας
3604 1842 3895 1918 δεχόμενος

532 1947 663 2019 Ipse
692 1943 893 2001 hostia
936 1941 1271 1998 secundum
1303 1956 1568 2011 carnem,
1616 1940 1901 2013 idemque
1937 1943 2185 2013 peccata

2296 1939 2509 1998 θεῑκῶς·
2572 1935 2723 1996 αὐτὸς
2770 1939 2829 1988 τὸ
2880 1938 3020 2008 θῦμα
3072 1936 3207 1987 κατὰ
3242 1938 3335 1993 τὴν
3394 1935 3565 2007 σάρκα
3595 1951 3612 1969 ⁸
3669 1932 3828 1994 αὐτὸς
3866 1933 3895 1985 6

533 2038 741 2092 nostra
771 2031 1129 2090 condonans
1159 2046 1269 2103 pro
1299 2029 1534 2087 deitatis
1561 2045 1684 2086 sua:
1723 2033 2034 2103 potestate.

2293 2034 2405 2088 ταῖς
2456 2027 2740 2101 ἁμαρτίαις
2798 2024 3127 2098 ἱλασκόμενος
3175 2026 3320 2097 ἡμῶν
3369 2025 3505 2077 κατά
3544 2042 3603 2097 γε
3657 2027 3751 2082 τὴν
3792 2030 3896 2084 τῆς

2298 2119 2536 2178 θεότητος
2564 2116 2822 2179 ἐξουσίαν.

638 2246 923 2320 Ejusdem
952 2261 1026 2303 ex
1058 2244 1185 2303 loco
1214 2244 1320 2301 ubi
1354 2242 1427 2301 de
1460 2242 1791 2301 obedientia
1831 2240 2079 2299 Christi.

2330 2248 2432 2295 Τοῦ
2464 2241 2623 2294 αὐτοῦ
2649 2239 2749 2294 ἀπὸ
2788 2246 2880 2293 τοῦ
2918 2243 3035 2314 περὶ
3067 2241 3299 2302 ὑπακοῆς
3341 2247 3432 2293 τοῦ
3465 2245 3692 2315 Χριστοῦ
3721 2238 3855 2309 (i7).

606 2389 1025 2447 Animadverte
1052 2386 1364 2460 quomodo
1385 2385 1784 2443 sacerdotium
1807 2384 1957 2455 gerit
1975 2383 2060 2439 uti
2077 2383 2185 2439 ho-

2364 2384 2542 2457 ’Λθρει
2606 2380 2666 2437 δὲ
2726 2386 2859 2444 ὅπως
2927 2384 3172 2458 ίερατεύει
3236 2384 3326 2455 μεν
3385 2381 3737 2455 ἀνθρωπίνως,
3799 2383 3896 2432 καὶ

535 2496 658 2552 mo,
710 2480 895 2551 ﬁtque
937 2476 1232 2533 mediator
1270 2476 1372 2531 Dei
1423 2479 1481 2531 et
1522 2474 1861 2530 hominum.
1914 2472 2185 2545 Cujusvis

2295 2480 2510 2550 μεσίτης
2537 2475 2759 2527 τέθειται
2812 2480 2944 2527 Θεοῦ
2974 2477 3063 2525 καὶ
3119 2470 3399 2545 ἀνθρώπων
3423 2492 3435 2505 ·
3487 2472 3745 2543 μεσιτεύει
3786 2471 3895 2541 γὰρ

535 2570 697 2626 enim
728 2565 1054 2623 sacerdotis
1084 2569 1173 2621 est
1213 2564 1597 2620 intercedere.
1633 2563 2064 2619 Verumtamen
2096 2577 2185 2619 sa-

2295 2572 2394 2627 πᾶς
2443 2568 2641 2640 ἱερεύς·
2683 2567 2771 2617 τόν
2816 2560 2877 2616 δέ
2919 2572 3010 2624 τῆς
3067 2564 3255 2624 θυσίας
3312 2566 3499 2634 τρόπον
3547 2560 3718 2613 οὐκέτι
3765 2560 3893 2611 καθ’

535 2656 828 2714 criﬁcium
855 2654 1017 2710 haud
1048 2653 1150 2709 illa
1173 2653 1422 2724 ratione,
1455 2668 1580 2724 qua
1605 2653 1801 2708 caeteri
1821 2650 2182 2721 sacerdotes,

2297 2655 2384 2709 ἕνα
2429 2658 2528 2707 τὼν
2576 2654 2693 2707 καθ’
2724 2655 2859 2725 ἡμᾶς
2908 2654 3075 2727 ἱερέων
3116 2652 3461 2725 προσκομιξει
3505 2646 3897 2723 δουλοπρεπῶς,

530 2746 595 2803 id
622 2750 711 2801 est
741 2743 1029 2800 serviliter
1059 2742 1267 2811 offert;
1314 2742 1395 2797 ita
1423 2746 1489 2797 ut
1512 2740 1659 2797 nihil
1689 2757 1761 2797 ex
1792 2740 2082 2797 sacriﬁcio
2108 2738 2185 2796 ad

2297 2740 2462 2818 μηδεν
2517 2743 2665 2803 αὐτὸς
2712 2744 3050 2794 ἑπικοινωνῶν
3101 2748 3199 2793 τῶν
3253 2740 3325 2803 εἰς
3374 2743 3437 2792 υτὸ
3483 2738 3653 2791 λαϐεῖν
3707 2737 3897 2795 αὐτὴν·

529 2835 733 2907 ipsum
779 2831 1111 2889 redundet:
1162 2830 1269 2886 sed
1327 2830 1440 2885 sibi
1496 2835 1799 2902 operatur,
1850 2834 1907 2885 et
1957 2845 2064 2902 per
2120 2843 2185 2884 se

2297 2832 2405 2886 ἀλλ’
2447 2831 2612 2903 ἑαυτῷ
2650 2833 3070 2905 πραγματεύεται
3104 2834 3198 2882 καὶ
3228 2825 3301 2882 δι’
3342 2828 3501 2882 αὐτοῦ
3542 2832 3632 2880 καὶ
3660 2829 3709 2879 εν
3752 2825 3901 2896 αὐτῷ

529 2924 750 2997 ipsum,
802 2926 983 2994 atque
1021 2920 1083 2975 in
1132 2935 1261 2976 sese
1304 2922 1423 2975 Deo
1463 2923 1521 2975 et
1549 2919 1723 2974 Patri.
1757 2921 1824 2974 Et
1843 2920 2060 2989 paucis
2097 2919 2185 2975 in-

2294 2931 2367 2995 τῷ
2408 2931 2521 2995 Θεῷ
2551 2928 2640 2975 καὶ
2670 2926 2859 2995 Πατρί.
2903 2926 3004 2974 Καὶ
3033 2921 3142 2993 μετ’
3171 2918 3344 2991 ὀλίγα,
3388 2914 3588 2971 Οὐκοῦν
3625 2915 3720 2969 κᾶν
3754 2915 3905 2989 ἱερα-

532 3011 791 3083 teiy'ectis
818 3028 831 3064 :
865 3010 1045 3081 Igitur
1074 3007 1313 3065 etiamsi
1352 3007 1689 3065 sacriﬁcare
1717 3007 2055 3064 secundum
2079 3008 2185 3065 hu-

2296 3014 2455 3065 τεύειν
2504 3009 2832 3086 ἀνθρωπίνως
2872 3008 3097 3082 λέγεται,
3137 3007 3266 3061 ἀλλά
3311 3005 3529 3081 δέχεται
3576 3011 3670 3064 τὴν
3711 3008 3906 3058 θυσίαν

530 3117 777 3159 manam
806 3103 1087 3156 naturam
1116 3098 1354 3164 dicitur,
1392 3096 1578 3154 nihilo
1619 3101 1822 3154 tamen
1853 3098 2053 3153 minus
2081 3097 2185 3153 ho‘

2297 3102 2448 3163 αὐτὸς
2488 3103 2671 3164 θεῑκώς
2700 3102 2725 3154 6
2757 3101 2912 3163 αὐτὸς
2942 3103 3010 3151 ὧν
3048 3099 3180 3172 ὀμοῦ
3208 3103 3298 3153 καὶ
3325 3101 3456 3162 Θεὸς
3478 3097 3569 3151 καί
3593 3097 3897 3172 ἄνθρωπος,

531 3191 707 3246 etiam
733 3188 990 3260 ipsemet
1014 3185 1267 3258 suscipit
1302 3189 1602 3258 quatenus
1631 3187 1824 3252 Deus;
1852 3184 2014 3242 idem
2036 3184 2185 3242 scili-

531 3283 622 3336 cet
651 3281 806 3334 Deus
840 3276 1225 3348 simulatque
1251 3275 1456 3331 homo.

604 3367 703 3423 Ex
731 3365 1216 3435 tetraevangetio,
1245 3364 1656 3433 interpretatio
1683 3362 2117 3434 archiepiscopi

2395 3366 2483 3422 Ἐκ
2512 3360 2602 3419 τοῦ
2634 3366 3067 3440 τετραευαγγέλου
3100 3365 3342 3440 ἑρμηνεία
3370 3363 3461 3418 τοῦ
3493 3362 3794 3438 Βυλγαρίας.

1193 3452 1522 3520 Βαιῃανίω.

610 3545 795 3599 Lucas
862 3544 1064 3596 autem
1130 3539 1229 3607 ait,
1290 3539 1353 3595 id
1408 3555 1654 3612 quoque
1713 3540 1932 3596 dixisse
1988 3540 2183 3596 Domi-

2365 3552 2574 3609 Λουκᾶς
2621 3541 2681 3599 δὲ
2724 3548 2852 3618 λέγει
2895 3548 2983 3597 καὶ
3015 3562 3167 3597 τουτο
3206 3544 3359 3597 εἰπεῖν
3404 3548 3519 3597 τότε
3553 3544 3639 3596 τὸν
3678 3544 3903 3617 Κύριον,

538 3647 724 3689 num:
775 3629 903 3685 Hoc
941 3630 1129 3699 facite
1161 3630 1225 3684 in
1268 3642 1457 3684 meam
1486 3631 2087 3686 commemorationem
2116 3631 2182 3683 ³³.

2295 3638 2375 3689 ὅτι
2465 3642 2630 3689 Τοῦτο
2722 3640 2913 3687 ποιεῖτε
3004 3634 3074 3696 εἰς
3163 3637 3256 3693 τήν
3344 3632 3471 3707 ἐμὴν
3563 3631 3899 3706 ἀνάμνησινο

537 3724 679 3787 Hoc,
724 3717 937 3791 inquit,
996 3721 1085 3774 est
1129 3732 1359 3773 novum
1403 3718 1802 3788 mysterium;
1856 3717 2003 3773 illud
2047 3734 2185 3775 vero

2294 3732 2462 3795 τοῦτο,
2547 3727 2696 3796 φησὶ,
2786 3726 2846 3775 τὸ
2927 3725 3103 3774 καινόν
3199 3727 3495 3794 μυστήσιον
3524 3741 3538 3755 ·
3622 3724 3713 3772 καί
3800 3722 3902 3791 μὶν

534 3816 727 3869 vetus.
788 3812 854 3865 Et
920 3807 1063 3864 illud
1126 3805 1374 3881 quidem
1440 3806 1520 3863 ob
1584 3807 1941 3863 memoriam
2004 3808 2185 3866 ﬁebat

2296 3813 2453 3867 ἐκεῖνο
2500 3815 2559 3865 τό
2602 3812 2818 3865 παλαιὸν
2846 3831 2858 3845 ο
2905 3809 3063 3863 ἐκεῖνο
3102 3813 3191 3883 μὲν
3237 3814 3339 3885 γὰρ
3390 3813 3448 3862 τὸ
3499 3811 3775 3882 θυσιασμα
3824 3809 3905 3873 εἰς

536 3905 911 3958 servatorum
940 3899 1001 3955 in
1029 3900 1286 3970 zEgypto
1309 3895 1736 3953 ilebraicorum
1764 3897 2185 3970 primogenito-

2298 3902 2585 3976 ἀνάμνησιν
2669 3898 2862 3972 ἐγενετο
2944 3907 3040 3962 τῆς
3137 3898 3188 3951 ἐν
3282 3899 3530 3972 Αἰγύπτῳ
3630 3901 3908 3973 σωτηρίας

534 4006 693 4061 rum,
716 3994 773 4047 et
802 3990 960 4047 illius
991 4002 1175 4060 quam
1205 3985 1393 4041 Judaei
1436 3984 1638 4058 adepti
1679 3990 1821 4042 sunt
1862 3986 2185 4057 libertatis;

2296 4000 2395 4044 τῶν
2444 3988 2726 4063 Ἐϐραῑκῶν
2772 3992 3132 4065 πρωτοτόκων,
3180 3991 3269 4041 καὶ
3320 3993 3412 4048 τῆς
3459 3995 3559 4039 τῶν
3626 3983 3907 4041 Ἰουδαίων

535 4079 651 4135 hoc
694 4083 897 4136 autem
926 4077 987 4132 in
1016 4073 1249 4132 domini
1286 4074 1921 4132 commemorationem
1956 4077 2041 4132 ﬁt.
2083 4078 2185 4132 Per

2296 4079 2616 4153 ἕλευθερίας·
2664 4084 2817 4131 τοῦτο
2874 4074 2933 4131 δὲ
2998 4081 3070 4138 εὶς
3126 4074 3415 4149 ἀνάμνησιν
3464 4081 3556 4129 τοῦ
3602 4079 3908 4129 Δεσπότου·

536 4167 653 4224 hoc
681 4167 842 4223 enim
872 4163 1233 4222 sacriﬁcium
1260 4163 1321 4219 in
1350 4164 1708 4221 memoriam
1736 4164 1914 4221 nobis
1945 4180 2185 4222 revoca-

2299 4165 2394 4222 διὰ
2439 4176 2533 4231 τῆς
2580 4169 2825 4228 τοιαύτης
2876 4169 2977 4241 γὰρ
3025 4168 3215 4228 θυσίας
3269 4164 3772 4239 ἀναμιμνησκόμεθα
3817 4166 3910 4220 ὅτε

539 4270 694 4326 mus,
728 4253 896 4326 quod
920 4252 970 4308 is
990 4268 1169 4308 suum
1194 4267 1413 4324 corpus
1432 4254 1609 4310 morti
1630 4253 1958 4325 tradiderit,
1982 4270 2185 4311 suum-

2298 4262 2356 4310 τὸ
2412 4266 2563 4331 σῶμα
2600 4256 2760 4310 αὐτοῦ
2812 4252 3111 4330 παρέδωκεν
3151 4254 3223 4317 εἰς
3263 4256 3498 4322 θάνατον,
3549 4258 3639 4307 καὶ
3666 4256 3725 4307 τὸ
3764 4253 3908 4328 αἷμα

538 4359 657 4417 que
682 4342 1039 4412 sanguinem
1061 4340 1279 4396 fuderit
1302 4356 1316 4407 ;
1339 4347 1751 4415 perpetuoque
1780 4343 1895 4399 hoc
1924 4344 2041 4400 ritu
2064 4359 2185 4399 me-

2300 4347 2460 4400 αύτοῦ
2512 4345 2714 4418 ἐξέχεε·
2765 4348 2855 4397 καὶ
2904 4352 2965 4417 τῇ
3020 4348 3265 4415 συνεχείᾳ
3311 4348 3402 4403 τὴν
3455 4349 3662 4417 μνήμην
3715 4340 3907 4397 ἀνανε-

541 4432 798 4490 moriam
826 4431 911 4488 rei
940 4446 1322 4487 renovamus.
1351 4430 1547 4487 Viden’
1571 4432 1881 4503 quomodo
1922 4449 1958 4488 a
1992 4437 2185 4489 vetere

2300 4436 2513 4508 ούμεθα.
2583 4430 2730 4496 Εἶδες
2803 4441 2909 4494 πῶς
2983 4434 3231 4505 μετέθηκε
3292 4436 3411 4495 τοὺς
3476 4433 3717 4505 μαθητὰς
3794 4430 3907 4486 ἀπό

541 4521 835 4579 sacriﬁcio
865 4519 945 4576 ad
984 4535 1214 4576 novum
1239 4519 1592 4575 transtulit?
1623 4522 1738 4576 Cur
1776 4521 1936 4576 enim
1966 4520 2185 4577 diutius

2299 4531 2394 4586 τῆς
2440 4522 2666 4585 παλαιᾶς
2716 4524 2902 4583 θυσίας
2950 4519 3033 4573 ἐπὶ
3087 4525 3182 4579 τήν
3229 4525 3449 4587 καινήν;
3501 4524 3637 4573 Ποία
3676 4520 3780 4594 γὰρ
3824 4521 3910 4573 εἰ-

540 4625 698 4684 opus
726 4614 853 4666 erat
887 4608 1151 4679 imagine
1181 4607 1273 4663 his
1304 4606 1408 4680 qui
1435 4611 1827 4681 prototypum
1862 4608 1991 4681 jam
2036 4612 2185 4666 tene-

2301 4617 2442 4674 κόνος
2502 4613 2579 4666 ἔτι
2628 4616 2790 4688 χρεία
2838 4618 2947 4672 τοῖς
2996 4606 3103 4668 ἤδη
3164 4613 3222 4663 τὸ
3270 4614 3609 4685 πρωτότυπον
3664 4611 3906 4682 ἓχουσις

542 4699 734 4757 bant?
778 4699 962 4755 Porro
1007 4698 1089 4755 ait
1135 4698 1619 4769 Chrysostomus,
1650 4698 1943 4755 Christum
1991 4699 2185 4772 ipsum

2303 4707 2441 4761 Φησὶ
2472 4699 2530 4755 δὲ
2557 4706 2647 4755 καὶ
2694 4702 2719 4753 6
2752 4703 3133 4773 Χρυσόστομος
3181 4700 3263 4751 ὅτι
3300 4704 3389 4752 καὶ
3429 4700 3455 4751 6
3495 4702 3721 4773 Χριστὸς
3759 4707 3911 4773 πρῶ-

539 4790 776 4848 initium
799 4788 1011 4846 fecisse
1048 4786 1448 4861 participandi
1479 4786 1533 4843 ei
1559 4788 1867 4858 mysterio,
1891 4792 1955 4845 ut
1975 4789 2059 4846 ita
2086 4789 2185 4846 im-

2302 4810 2391 4854 τος
2418 4795 2534 4844 τότε
2577 4793 2805 4863 μετέσχε
2850 4796 2946 4842 τοῦ
2986 4792 3306 4863 μυστηρίου,
3361 4789 3445 4841 ἶνα
3480 4792 3551 4860 μὴ
3598 4782 3917 4846 ἀηὸισθῶσε

539 4879 782 4952 pelleret
819 4876 1149 4951 quominus
1192 4891 1229 4930 a
1264 4873 1567 4931 vescendo
1597 4889 1777 4932 carne
1808 4881 1865 4933 et
1900 4878 2185 4948 sanguine

2306 4884 2495 4957 σαρκός
2580 4884 2672 4933 καὶ
2755 4882 2976 4951 αἳματος
3066 4874 3365 4950 μεταλαϐεῖν
3451 4874 3852 4949 ἐπιτρεπόμενος
3896 4897 3916 4914 -

539 4974 786 5042 propter
812 4966 898 5023 rei
926 4964 1314 5021 insolentiam
1339 4978 1465 5019 non
1485 4962 1904 5021 abhorrerent.
1938 4967 2002 5022 Id
2028 4969 2185 5040 quod

2303 4974 2393 5024 καὶ
2489 4971 2674 5024 τούτου
2761 4964 2820 5021 δὲ
2909 4971 3189 5042 τεκμήριον
3274 4972 3368 5019 τοῦ
3455 4965 3612 5018 εἰπεῖν
3710 4965 3871 5019 αὐτόν
3898 4981 3915 4999 ο

538 5058 669 5129 ejus
713 5055 872 5111 dicto
911 5054 1055 5110 satis
1096 5051 1580 5122 demonstratur;
1620 5054 1769 5110 Dico
1806 5055 1963 5111 enim
2014 5059 2185 5128 vobis,

2307 5064 2457 5132 Λέγω
2512 5055 2571 5112 δε
2622 5059 2703 5111 ὃτι
2754 5056 2812 5109 οὐ
2860 5060 2932 5129 μὴ
2983 5060 3087 5108 πίω
3138 5053 3335 5127 ἀπάρτι
3388 5052 3445 5106 ἐκ
3501 5072 3593 5106 του
3651 5058 3921 5127 γεννήμα-

536 5162 658 5203 non
684 5144 881 5200 bibam
906 5142 1162 5200 ulterius
1190 5156 1265 5198 ea:
1282 5140 1391 5198 hoc
1410 5142 1709 5213 genimine
1732 5144 1886 5211 vitis,
1910 5161 2098 5219 usque
2116 5152 2185 5206 aa

2304 5167 2388 5209 τος
2450 5156 2541 5209 τῆς
2611 5144 2838 5219 ἀμπέλου
2914 5146 3002 5206 ἕως
3074 5152 3167 5204 τῆς
3246 5145 3441 5216 ἡμέρας
3501 5140 3718 5208 ἐκείνης,
3786 5145 3920 5198 ὅταν

541 5234 695 5292 diem
715 5232 890 5289 illam
918 5245 1053 5287 cum
1068 5229 1229 5286 illud
1244 5245 1463 5287 novum
1489 5230 1788 5289 vobiscum
1813 5233 2007 5293 bibam
2024 5237 2081 5292 in
2107 5254 2185 5296 re-

2306 5237 2433 5291 αὐτὸ
2494 5240 2621 5291 πίνω
2683 5234 2796 5308 μεθ’
2858 5234 3000 5307 ὑμῶν
3054 5238 3230 5286 καινόν
3289 5231 3337 5284 ἐν
3395 5239 3456 5305 τῇ
3514 5231 3766 5305 βασιλείᾳ
3813 5252 3914 5289 του

615 5378 664 5412 ﬂ
696 5376 838 5432 Luc.
869 5388 1003 5443 χχιι,
1035 5377 1120 5431 19.

620 5501 733 5574 (t7)
761 5497 1060 5561 Particulo.
1086 5500 1175 5560 est
1200 5497 1331 5558 hac
1357 5496 1629 5570 ejusdem
1651 5503 1939 5562 sermonis
1970 5501 2274 5578 Cyrilliani
2312 5503 2393 5566 ad
2420 5500 2683 5577 reginas.
