4126 6272
110 291 176 349 W3
1500 301 1848 358 THESAURI
1892 302 2017 357 LIB.
2058 302 2232 358 XXIV.

3450 307 3549 362 170

127 425 295 499 ἱὶσιτρὸς
328 444 442 499 μου
473 447 489 460 ο
554 427 612 480 εἰ
672 424 749 482 δὲ
793 436 897 482 τοῦ
956 430 1202 502 ποτηρίου
1242 429 1486 499 μετέσχε,
1518 425 1788 500 μετέλασεν

1936 441 2015 482 no
2042 426 2250 482 Patris
2270 426 2467 483 mei”.
2498 425 2670 493 Quod
2692 426 2739 483 si
2760 427 3008 484 calicem
3031 428 3311 500 gustavit,
3340 430 3547 505 utique

147 518 226 587 71.99.
248 520 342 569 uti
368 523 473 569 τοῦ
506 517 730 593 ἄρτου.

163 629 244 677 ’τοῦ
268 624 430 677 αὐτοῦ
464 625 544 698 εἰς
585 624 768 698 ῥητὸν
795 630 896 686 τῆς
950 626 1081 698 πρὸς
1133 620 1456 684 Κολασσαεῐς
1483 621 1790 698 Ἐπιστολῆς

224 704 311 768 τοῦ
342 690 876 768 μεγάλσυῐῖοιύλου,
910 690 1243 768 τό’φάσκον·
1283 715 1305 745 ε
1357 698 1459 746 Καὶ
1507 690 1543 746 ὃ
1549 695 1581 745 ι’
1631 693 1789 746 αὑτοῦ

232 766 667 830 ἀπονζαταλλᾶξαι
699 770 775 820 τὰ
811 769 990 820 πάντα
1028 766 1098 827 εἰς
1125 766 1301 821 αὐτόν,
1338 786 1360 814 ι

244 876 310 927 Δι’
340 874 529 941 αὐτοῦ,
557 877 852 927 τουτέστιν
896 872 1049 933 αὐτὸς
1096 873 1122 924 6
1161 871 1440 945 ἐνεργήσας
1479 875 1574 929 τὴν
1625 889 1793 929 σωτη-

190 971 313 1041 ρίαν,
351 969 551 1024 ταύτην
580 968 716 1038 ἡμῖν
748 968 1184 1039 περιεποιήσατο.
1213 961 1324 1015 Ἰνα
1363 959 1422 1015 δὲ
1455 966 1526 1034 μὴ
1577 966 1795 1035 νομίσῃς

193 1057 268 1113 ὅτι
294 1056 551 1129 ὑπηρέτου
588 1053 742 1117 τάξιν
774 1051 947 1123 ἔλαϐε,
990 1056 1147 1125 φησὶν
1178 1051 1249 1114 εἰς
1295 1051 1472 1119 αὑτὸν,
1527 1053 1795 1104 τουτέστιν

194 1145 337 1205 αὐτὸς
400 1143 563 1213 ἑαυτῷ
634 1146 759 1204 τοὺς
815 1143 1122 1215 ἀνθρώπους
1182 1139 1485 1202 κατήλλαξε.
1542 1144 1640 1193 Καὶ
1693 1144 1796 1212 μὴν

193 1231 421 1304 ἀλλαχοῦ
458 1230 599 1285 εἶπεν
632 1233 719 1283 ὅτι
757 1239 835 1302 τῷ
874 1238 989 1301 Θεῷ
1017 1229 1359 1293 κατήλλαξςν·
1393 1230 1498 1304 ἄρα
1536 1225 1622 1281 οὖν
1650 1248 1799 1281 κοινα

184 1328 277 1375 καὶ
311 1324 430 1374 fio-3
453 1325 519 1374 τὰ
539 1328 636 1374 τοῦ
672 1324 882 1394 Πατρός
906 1340 919 1353 ·
954 1319 1045 1371 οὐκ
1079 1318 1186 1372 εἶπε
1216 1316 1275 1371 δὲ
1303 1317 1638 1381 καταλλάξαι,
1674 1316 1801 1369 ἀλλὰ

182 1409 640 1480 ἀποκαταλλάξαι,
676 1413 952 1461 τουτέστιν
993 1403 1282 1461 ἀποδοῦναι
1328 1410 1396 1468 ὠς
1441 1406 1646 1481 ὀφειλὴν
1685 1426 1801 1459 τινα

178 1503 349 1554 πάλαι
370 1502 874 1573 χεχρεωστημένην.

176 1613 286 1659 Τοῦ
338 1606 493 1679 ἁγίου
548 1604 872 1679 Ἀθανασίου
934 1602 1126 1679 ﬁat-77;;
1174 1602 1439 1677 ἑρμηνείας
1475 1611 1570 1665 τῆς
1621 1601 1693 1663 εἰς
1742 1605 1802 1655 τὸ

711 1674 984 1749 βασίλειον
1009 1674 1303 1749 ἱεράτευμα.

1898 519 1957 571 et
1982 531 2224 587 panem.

1899 622 2176 693 Ejusdem
2208 622 2280 678 de
2294 622 2451 678 dicto
2481 623 2590 677 illo
2621 623 2902 691 Epistolas
2921 626 3002 681 ad
3032 626 3401 683 Colossenses
3425 643 3552 685 ma-

1970 693 2323 800 1ἐ
2361 716 2388 743 ‹‹
2415 695 2480 749 Et
2501 709 2611 764 per
2628 695 2823 765 ipsum
2845 698 3047 755 omnia
3076 700 3468 757 reconciliare
3487 700 3552 755 in

1971 780 2031 820 se
2058 779 2246 836 ipsum
2267 779 2334 818 δ’.
2373 786 2400 813 ››

1976 875 2085 929 Per
2109 874 2322 942 ipsum,
2347 871 2386 927 il
2424 877 2513 929 est
2542 874 2669 945 ipse
2698 873 2803 945 qui
2834 874 3086 931 salutem
3128 882 3411 949 operatus
3442 879 3550 952 est,

1901 961 2061 1017 hanc
2084 960 2260 1016 nobis
2288 960 2553 1017 contulit.
2586 964 2664 1016 Ne
2688 966 2889 1018 autem
2916 962 3065 1019 forte
3095 964 3397 1022 existimes
3414 983 3555 1025 eum

1904 1048 2113 1105 famuli
2143 1049 2413 1104 ordinem
2446 1050 2806 1121 suscepisse,
2831 1050 2971 1106 dicit
3013 1050 3088 1107 de
3115 1068 3176 1107 se
3205 1052 3358 1126 ipso,
3387 1055 3556 1128 quod

1904 1139 2031 1211 ipse
2089 1138 2202 1193 sibi
2255 1138 2533 1194 homines
2566 1139 3057 1207 reconciliaverit,
3092 1157 3230 1197 cum
3285 1143 3426 1200 alibi
3464 1144 3557 1201 di-

1904 1227 2092 1284 xisset
2117 1229 2235 1283 Deo
2265 1226 2511 1283 eosdem
2541 1227 2986 1286 reconciliasse.
3009 1232 3106 1285 Est
3133 1246 3276 1300 ergo
3306 1232 3367 1288 id
3398 1250 3560 1291 com-

1907 1332 2091 1372 mune
2120 1315 2268 1371 Filio
2300 1316 2779 1390 Patrique.Haud
2801 1333 2981 1390 porro
3002 1317 3152 1375 dixit
3181 1320 3557 1395 conciliasse,

1910 1404 2015 1460 sed
2044 1404 2482 1471 reconciliasse,
2509 1404 2625 1460 hoc
2668 1409 2759 1460 est
2787 1420 2898 1461 ceu
2946 1404 3215 1464 debitum
3245 1410 3559 1483 quoddam

1905 1492 2143 1566 jamdiu
2175 1492 2534 1549 solvendum
2565 1493 2920 1550 reddidisse.

1910 1601 2121 1660 Sancti
2142 1599 2465 1657 Athanasii
2483 1614 2554 1656 ex
2573 1600 3070 1680 interpretatione
3094 1604 3241 1676 quid
3258 1608 3333 1663 sit
3356 1611 3566 1680 regale

2531 1672 2954 1730 sacerdotium.

256 1780 607 1856 Μελχισεδέκ
646 1802 731 1844 τις
770 1780 1022 1855 βασιλεὺς
1069 1780 1265 1854 Σαλήμ.
1299 1783 1522 1834 Δύναται
1555 1776 1614 1833 δὲ
1652 1787 1804 1833 τοῦτο

1985 1778 2419 1835 Melchisedech
2467 1777 2719 1851 quidam
2770 1795 2874 1836 rex
2927 1780 3144 1838 Salem.
3185 1783 3564 1845 Postremum

182 1876 424 1949 εἰρήνης,
455 1875 615 1933 τύπος
641 1879 881 1946 Χριστοῦ
912 1875 1192 1943 γενόμενος,
1227 1870 1286 1923 οὗ
1315 1874 1467 1943 μόνον
1498 1873 1561 1931 ὡς
1589 1872 1805 1946 ἀπάτωρ

183 1983 239 2016 τε
259 1970 361 2015 καὶ
391 1961 639 2038 ἀμήτωρ,
830 1966 924 2014 καὶ
971 1964 1039 2023 ὡς
1080 1962 1104 2012 ὀ
1134 1960 1284 2021 αὐτὸς
1314 1963 1380 2013 τὰ
1421 1958 1520 2013 τῶν
1548 1958 1806 2034 βασιλέων

184 2073 239 2105 τε
270 2058 370 2105 καὶ
400 2054 577 2128 ἱερέων
610 2060 794 2117 ποιῶν,
824 2055 916 2103 καὶ
941 2054 1035 2109 τὴν
1067 2048 1380 2122 ἀναίμακτον
1421 2052 1606 2103 θυσίαν
1635 2057 1808 2103 τυπῶν

188 2139 287 2193 διά
318 2160 376 2193 τε
401 2144 569 2214 ἄρτου
590 2146 683 2192 καὶ
713 2143 854 2192 οἴνου
886 2140 1003 2210 (18)
1028 2160 1042 2172 ·
1070 2143 1160 2191 καὶ
1188 2139 1338 2202 οὗτος
1378 2146 1504 2211 γοῦν
1538 2141 1597 2192 τὸ
1648 2137 1810 2212 βασί-

185 2231 327 2283 λειον
356 2226 658 2291 κατέδειξεν
690 2230 993 2303 ἱεράτευμα.
1030 2230 1172 2281 Κατά
1210 2224 1268 2281 δε
1295 2233 1388 2287 τὴν
1416 2235 1505 2280 νῦν
1546 2226 1809 2281 πολιτείαν

192 2322 359 2383 τὶτὸς
422 2322 659 2395 Χριστὸς
726 2321 752 2372 6
821 2317 1064 2379 ἀληθινὸς
1135 2320 1260 2391 ἡμῖν
1325 2315 1679 2391 Μελχισεδὲκ,
1743 2322 1813 2380 ὡς

192 2409 271 2462 ἐπ’
338 2410 589 2469 ἀληθείας
647 2407 860 2481 ἀπάτωρ
927 2426 984 2459 τε
1047 2411 1136 2459 καὶ
1195 2406 1445 2482 ἀμήτωρο
1500 2410 1557 2460 τὸ
1610 2410 1701 2480 μὲν
1752 2409 1811 2459 τὸ

195 2504 475 2573 πρότερον,
510 2501 569 2550 τὸ
625 2493 685 2549 δε
740 2500 797 2549 τὸ
857 2492 1135 2570 δεύτερον·
1186 2500 1277 2548 καὶ
1329 2497 1511 2571 ἄρχων
1566 2496 1810 2571 εἰρήνης’

200 2586 455 2658 βασιλεὺς
517 2590 608 2658 μὲν
666 2588 734 2647 ὡς
793 2588 951 2653 Θεὸς,
1008 2588 1096 2637 καὶ
1162 2587 1324 2659 ἱερεὺς
1392 2581 1450 2638 δὲ
1506 2588 1575 2646 ὡς
1631 2585 1815 2638 ἑαυτοῦ

200 2679 368 2739 θύτης
398 2696 453 2728 τε
482 2681 573 2728 καὶ
599 2676 1009 2749 προσαγωγευς⁶
1043 2675 1069 2726 6
1096 2676 1194 2748 γὰρ
1228 2674 1380 2736 αὐτὸς
1409 2679 1499 2727 καὶ
1542 2677 1703 2750 ἱερεὺς
1729 2677 1817 2728 καὶ

204 2768 415 2841 ἱερεῖον.

212 2966 407 3033 Κοσμᾶ
428 2956 887 3033 Ἰνδικοπλεύστου
928 2955 984 3010 ἐκ
1002 2965 1105 3033 ⁸τοῦ
1131 2958 1201 3021 εἰς
1224 2960 1329 3033 Δτὸν
1358 2957 1605 3033 ψαλτῆρα
1634 2978 1817 3032 προοι-

280 3026 412 3114 μίου
465 3031 813 3104 ἐξηγουμένου
859 3032 938 3114 ρῦς
994 3027 1043 3081 ἐν
1075 3026 1289 3114 παρρδῳ
1348 3026 1405 3082 τὸ
1449 3053 1471 3081 ε
1506 3026 1820 3103 Ἠγάπησας

283 3100 634 3160 δικαιοσύνην
658 3100 669 3104 ⁷
700 3107 791 3154 καὶ
852 3100 1119 3175 ἐμίσησας
1147 3100 1157 3103 ’
1184 3100 1398 3175 ἀνομίαν
1423 3145 1439 3173 ,
1511 3124 1531 3150 ι
1578 3100 1691 3156 ’καὶ
1754 3104 1822 3154 τὰ
1850 3125 1892 3181 C

284 3175 402 3238 ἑξῆς
432 3176 572 3245 (19).

282 3288 411 3357 Περὶ
460 3290 560 3342 τῆς
614 3279 1020 3355 ὼθρωπότητος
1074 3279 1232 3332 αὐτοῦ
1286 3297 1454 3352 φησι·
1511 3280 1824 3352 Ἢῳὶπησας

213 3367 584 3439 δικαιοσύνην,
611 3374 702 3423 καὶ
732 3369 999 3443 ἐμίσησας
1019 3367 1253 3442 ἀνομίανο
1270 3365 1363 3422 διὰ
1391 3377 1543 3422 τουτο
1565 3372 1749 3443 ἕχρισέ
1768 3388 1824 3422 σε

213 3459 241 3509 ὁ
274 3464 436 3528 Θεὸς,
462 3460 490 3511 6
512 3462 640 3519 Θεὸς
659 3477 752 3511 σου
774 3458 946 3511 ἔλαιον
969 3456 1327 3528 ἀγαλλιάσεως
1352 3461 1496 3532 παρά
1522 3463 1641 3521 τοὺς
1672 3463 1822 3531 μετό-

211 3567 342 3618 χους
366 3566 489 3601 σου·
511 3547 573 3600 οὐ
593 3549 696 3619 γὰρ
718 3550 748 3604 ἡ
777 3549 964 3609 θεότης
985 3543 1146 3599 διὰτὸ
1177 3545 1454 3618 ἀγαπῆσαι
1485 3544 1826 3606 δικαιοσύνην

213 3643 299 3689 καὶ
338 3645 585 3710 μισῆσαι
614 3632 829 3689 ἀδικίαν
869 3640 1116 3711 χρίεται·
1153 3639 1268 3689 οὔτε
1309 3639 1408 3708 γὰρ
1443 3636 1564 3697 ὅλως
1593 3641 1825 3711 χρίεται,

1914 1869 2028 1925 hoc
2059 1866 2414 1923 vocabulum
2439 1882 2648 1937 pacem
2697 1868 3015 1941 signiﬁcat,
3044 1876 3170 1929 erat
3214 1875 3441 1949 quippe
3469 1876 3567 1935 hic

1916 1957 2099 2014 homo
2126 1956 2340 2013 Christi
2370 1961 2571 2029 typus,
2602 1973 2727 2013 non
2749 1957 2945 2014 solum
2972 1959 3116 2033 quia
3140 1962 3268 2019 sine
3297 1970 3466 2037 patre
3496 1983 3568 2025 ac

1917 2051 2127 2117 matre,
2163 2044 2271 2101 sed
2319 2045 2467 2118 quia
2514 2049 2571 2101 et
2611 2061 2822 2117 regum
2861 2051 2919 2103 et
2947 2049 3329 2109 sacerdotum
3368 2054 3566 2112 oﬂicio

1921 2134 2299 2207 fungebatur,
2332 2138 2387 2191 et
2441 2134 2821 2191 incruentum
2880 2137 3242 2196 sacriﬁcium
3290 2157 3448 2214 pane
3496 2162 3568 2204 ac

1919 2224 2060 2280 vino
2090 2222 2505 2296 portendebat.
2541 2225 2643 2279 Hic
2672 2239 2815 2295 ergo
2845 2225 3111 2284 exhibuit
3154 2228 3218 2285 in
3270 2246 3333 2287 se
3369 2235 3571 2307 regale

1922 2312 2404 2369 sacerdotium”.
2430 2313 2775 2369 Secundum
2804 2318 3005 2372 autem
3033 2324 3390 2390 praesentem
3416 2324 3571 2397 poli-

1921 2403 2069 2460 tiam
2096 2403 2362 2461 Christus
2390 2403 2565 2460 nobis
2587 2420 2760 2461 verus
2786 2410 2875 2462 est
2898 2406 3347 2482 Melchisedech,
3366 2417 3579 2487 utpote

1923 2494 2027 2567 qui
2051 2508 2184 2548 vere
2205 2496 2292 2548 est
2322 2492 2447 2548 sine
2478 2497 2644 2565 patre
2674 2496 2732 2549 et
2759 2494 2887 2550 sine
2915 2500 3144 2563 matre;
3179 2497 3293 2555 hoc
3323 2501 3573 2574 quidem

1927 2585 2121 2651 antea,
2145 2581 2291 2638 illud
2316 2596 2454 2637 vero
2483 2586 2727 2654 postea;
2760 2587 2815 2639 et
2840 2583 3121 2658 princeps
3158 2588 3327 2658 pacis
3342 2591 3410 2646 ³⁸.
3452 2594 3575 2649 Rex

1927 2670 2169 2744 quidem
2215 2674 2278 2727 ut
2328 2673 2501 2737 Deus,
2531 2671 2811 2728 sacerdos
2841 2688 2981 2728 vero
3026 2676 3227 2747 utpote
3258 2678 3352 2734 sui
3382 2678 3574 2752 ipsius

1927 2760 2294 2817 sacriﬁcator
2321 2765 2378 2817 et
2415 2759 2669 2819 oblator.
2708 2764 2841 2835 Ipse
2884 2762 3045 2819 enim
3099 2768 3155 2821 et
3190 2767 3474 2827 sacerdos
3519 2774 3579 2828 et

1926 2849 2169 2906 victima
2190 2853 2296 2905 est.

1930 2957 2155 3032 003mm
2182 2957 2633 3032 Indicopleusta'
2661 2972 2739 3014 ex
2766 2961 2894 3028 ejus
2941 2961 3226 3032 prowmio
3252 2963 3334 3018 ad
3356 2966 3581 3032 psalle.

2000 3030 2180 3095 rium,
2207 3028 2349 3084 dum
2402 3033 2649 3084 enarrat
2690 3035 2977 3099 tanquam
3004 3030 3066 3085 in
3105 3028 3371 3089 transitu
3396 3036 3581 3094 verba

1999 3100 2134 3168 illa,
2152 3120 2192 3174 _«_«
2226 3100 2499 3155 Dileristi
2507 3100 2808 3169 justitiam
2835 3104 2891 3155 et
2920 3100 3103 3156 odisti
3125 3103 3522 3174 iniquitatem,
3548 3127 3577 3159 »

2001 3175 2056 3226 et
2084 3169 2337 3243 reliqua.
2828 3233 2838 3241 ,

2002 3280 2083 3333 De
2117 3292 2225 3333 sua
2269 3277 2645 3345 humanitate
2691 3276 2869 3333 dicit:
2904 3279 3174 3336 Ditexisti
3190 3282 3496 3353 justitiam
3526 3291 3584 3342 et

1932 3367 2108 3423 odisti
2136 3367 2547 3437 iniquitatem;
2585 3372 2906 3437 propterea
2934 3369 3101 3425 unxit
3133 3374 3188 3427 te
3219 3372 3394 3444 Deus,
3424 3374 3583 3432 Deus

1935 3461 2091 3522 tuus,
2139 3455 2266 3510 oleo
2328 3454 2549 3509 laetitia:
2595 3468 2724 3524 prae
2780 3456 3153 3513 consortibus
3202 3461 3320 3515 tuis
3341 3462 3410 3518 ’⁷.
3453 3464 3583 3520 Non

1933 3543 2093 3599 enim
2120 3541 2336 3610 deitas,
2358 3546 2602 3616 propter
2616 3543 2859 3615 justitiae
2889 3561 3160 3602 amorem
3181 3551 3239 3605 et
3257 3547 3585 3623 iniquitatis

1934 3632 2140 3689 odium
2172 3632 2416 3702 ungitur
2442 3649 2455 3686 :
2488 3647 2687 3705 neque
2716 3632 2844 3688 haec
2869 3634 3133 3704 ungitur,
3164 3651 3361 3711 neque
3394 3639 3584 3697 Deum

216 3730 329 3779 οὔτε
368 3730 504 3780 Θεὸν
536 3728 675 3797 ἔχει,
704 3725 832 3777 αὐτὸ
861 3727 962 3799 γὰρ
1003 3727 1063 3777 τὸ
1111 3744 1325 3800 χρισμα
1354 3729 1484 3786 Θεὸς
1512 3724 1654 3778 ἐστιν
1678 3744 1689 3755 ·
1720 3724 1829 3778 ἀλλ’

214 3816 241 3873 ἠ
272 3815 623 3889 ἀνθρωπότης
658 3813 822 3866 αὐτοῦ
860 3817 1081 3888 χρίεται
1128 3813 1294 3865 ἔλαιον
1343 3812 1717 3885 ἀγαλλιάσεως,
1748 3816 1832 3865 ἳνα

210 3908 324 3977 sit;
358 3912 439 3975 τῷ
472 3905 742 3977 Πνεύματι
772 3910 845 3973 τῷ
889 3901 1022 3974 ἁγίῳ
1044 3905 1189 3977 παρά
1215 3906 1332 3964 τοὺς
1353 3908 1614 3975 μετόχους
1644 3903 1774 3961 αὐτῆ
1785 3924 1829 3973 ς,

213 4000 460 4046 τουτέστι
487 3994 637 4066 παρά
664 3993 861 4052 πάντας
900 3994 1025 4053 τοὺς
1071 3994 1364 4063 Χριστούς·
1413 3994 1442 4050 ἡ
1498 3994 1597 4067 γὰρ
1649 3993 1830 4054 θεότης

213 4088 479 4154 μετόχους
503 4080 695 4141 ἄλλους
743 4079 839 4132 οὐκ
894 4082 1043 4152 ἔχει’
1097 4078 1164 4140 εἷς
1210 4082 1310 4154 γὰρ
1360 4078 1474 4133 ἐστι
1523 4084 1673 4150 Θεὸς,
1713 4082 1740 4134 6
1777 4100 1831 4134 τε

215 4175 397 4245 Πατὴρ
461 4174 554 4221 καὶ
602 4170 627 4220 6
698 4170 820 4229 Υἱὸς
872 4174 964 4220 καὶ
1019 4171 1076 4220 τὸ
1116 4174 1327 4241 Πνεῦμα
1380 4172 1438 4220 τὸ
1487 4169 1671 4240 ἅγιον·
1705 4171 1735 4229 ἡ
1772 4166 1832 4222 δι

1937 3736 2122 3795 supra
2156 3736 2220 3777 se
2270 3721 2472 3790 habet,
2516 3720 2653 3793 ipsa
2701 3722 2860 3777 enim
2891 3724 3092 3780 unctio
3124 3727 3279 3782 Deus
3311 3732 3435 3797 est;
3479 3728 3587 3785 sed

1938 3810 2142 3883 utique
2170 3810 2516 3866 humanitas
2541 3810 2670 3881 ejus
2700 3810 2945 3880 ungitur
2985 3812 3107 3870 oleo
3141 3815 3386 3883 latitia,
3416 3817 3586 3873 vide-

1937 3900 2073 3957 licet
2102 3905 2309 3957 sancto
2341 3901 2577 3974 Spiritu,
2629 3902 2769 3957 Prw
2815 3903 3189 3959 consortibus
3219 3907 3369 3976 ejus,
3397 3906 3460 3962 id
3498 3910 3589 3963 est

1939 4005 2062 4062 prie
2109 3989 2393 4045 omnibus
2418 3989 2633 4045 unctis.
2668 3989 2862 4045 Deitas
2886 3991 3046 4045 enim
3075 3997 3415 4050 consortem
3461 4010 3587 4052 non

1937 4079 2158 4144 habet;
2194 4095 2347 4135 unus
2377 4085 2465 4135 est
2510 4079 2669 4135 enim
2705 4082 2877 4147 Deus,
2910 4083 3098 4149 Pater,
3143 4081 3337 4148 Filius,
3371 4088 3429 4142 et
3458 4084 3586 4159 Spi-

1937 4172 2084 4226 ritus
2115 4173 2381 4225 sanctus.
2414 4169 2627 4225 Christi
2657 4173 2859 4225 autem
2898 4170 3266 4241 humanitas,
3293 4190 3416 4247 prae
3438 4191 3588 4234 cun-

210 4256 557 4331 ίσθρωπότης
587 4263 678 4310 τοῦ
709 4264 951 4330 Χριστοῦ
971 4258 1117 4331 παρὰ
1140 4258 1341 4319 πάντας
1368 4262 1491 4319 τοὺς
1511 4256 1817 4330 ἀνθρώπους

1938 4259 2045 4315 clis
2074 4257 2448 4324 hominibus,
2491 4257 2781 4331 praecipue
2804 4258 3123 4317 chrismate
3149 4261 3448 4321 delibutas
3477 4266 3586 4322 ha-

208 4347 451 4417 μάλιστα
482 4351 606 4407 τοὺς
634 4349 894 4420 λοιποὺς
932 4347 1050 4417 ἔχει
1087 4349 1381 4417 aetola”?
1426 4343 1459 4399 δ
1467 4350 1520 4398 ιά
1555 4354 1708 4399 τοῦτο
1731 4351 1817 4421 Ἱάἔ

1940 4346 2041 4403 bet
2061 4349 2385 4402 consortes.
2403 4348 2716 4417 Propterea
2735 4345 2899 4417 dixit,
2917 4348 3128 4405 Christi
3148 4349 3590 4411 humanitatem

210 4432 348 4488 εἶπεν
393 4438 481 4488 ἇτί
536 4438 683 4509 παρὰ
720 4437 919 4495 πάντας
978 4433 1205 4507 ἐχρίσθη
1274 4434 1303 4490 ἡ
1369 4433 1698 4508 ἀνθρωπότης
1740 4443 1817 4488 τοί

1941 4451 2065 4509 prae
2096 4435 2324 4491 cunctis
2358 4440 2599 4490 unctam
2634 4434 2816 4491 fuisse
2860 4441 3069 4493 sancto
3117 4438 3337 4512 Spiritu
3373 4447 3431 4500 et
3476 4443 3590 4499 vir-

210 4531 486 4596 Χριστού,
525 4525 824 4596 χρισθεῖσα
846 4525 1114 4595 Ῑινεύματι
1139 4522 1273 4594 ἁγίῳ
1303 4528 1393 4575 καὶ
1432 4520 1652 4595 δυνάμει
1674 4541 1685 4555 ·
1709 4526 1817 4597 ὅπερ

1943 4530 2064 4582 tute
2089 4544 2102 4595 ;
2134 4525 2301 4598 quod
2321 4524 2738 4581 nullialiorum
2770 4531 3084 4583 unctorum
3114 4528 3196 4584 sic
3225 4529 3422 4587 dicere
3452 4548 3593 4590 con-

210 4609 395 4665 o-Jo’ai
415 4621 519 4665 τῶν
548 4612 713 4664 αλλων
742 4619 990 4686 Χριστῶν
1019 4611 1245 4684 ὑπῆρξεν
1265 4614 1430 4673 οὕτως
1457 4610 1668 4675 ἇξειπεῖν
1693 4617 1817 4689 παρέ

1944 4614 2091 4685 tigit.
2123 4616 2246 4669 Prae
2297 4614 2524 4669 cunctis
2571 4613 2985 4686 participibus,
3040 4617 3177 4673 tuis.
3236 4619 3591 4678 Universum

212 4703 419 4762 πάντας
474 4706 594 4762 τους
649 4704 916 4773 μετόχους
977 4719 1072 4752 σου
1099 4720 1112 4734 ο
1170 4699 1282 4753 ὅλον
1321 4696 1381 4753 δὲ
1437 4700 1593 4753 αὑτὸν
1629 4700 1817 4775 φαλμότ

1944 4717 2084 4758 vero
2112 4701 2420 4776 psalmum
2452 4701 2527 4758 de
2549 4702 2779 4758 Christo
2810 4706 2867 4758 ct
2895 4703 3170 4773 Ecclesia,
3194 4710 3487 4780 tanquam
3518 4708 3594 4765 de

210 4796 336 4863 περὶ
365 4798 462 4843 τοῦ
502 4797 739 4864 Χριστοῦ
763 4794 974 4851 καὶτῆς
1001 4788 1312 4851 Ἐκκλησίας
1350 4791 1421 4850 ὡς
1458 4787 1542 4842 ἐπὶ
1581 4788 1817 4862 βασιλέω

1945 4806 2086 4863 rege
2111 4796 2167 4848 et
2194 4790 2381 4861 regali
2407 4806 2631 4864 sponsa
2659 4791 2806 4847 dixit
2829 4791 2907 4849 ad
2929 4792 3112 4851 ﬁnem
3152 4810 3343 4869 usque
3382 4796 3591 4854 David.

286 4969 340 5003 ³³
370 4968 577 5025 Matth.
609 4984 764 5031 xxvi,
797 4972 898 5025 29.
983 4968 1030 5004 ²⁴
1062 4966 1287 5025 Coloss.
1322 4985 1357 5034 ι,
1392 4971 1483 5025 20.
1561 4969 1608 5006 ³³
1640 4970 1661 5022 l
1690 4968 1846 5025 Petr.
1880 4984 1940 5037 ιι,
1969 4973 2019 5025 9.

2096 4971 2143 5005 ²⁶
2173 4971 2284 5025 lsa.
2314 4984 2393 5040 ιχ,
2426 4973 2478 5025 6.
2556 4970 2600 5004 ³⁷
2626 4969 2779 5026 Psal.
2809 4985 2966 5040 xuv,
2990 4974 3041 5026 8.

290 5164 404 5233 (£8)
465 5163 865 5221 Melchisedici
921 5161 1282 5233 sacriﬁcium
1343 5161 1722 5218 incruentum
1763 5179 1836 5219 ex

220 5232 389 5309 pane
444 5237 734 5309 vinoque,
799 5232 1181 5309 portendisse
1221 5234 1321 5290 SS.
1376 5233 1833 5309 Eucharistiam,

226 5308 364 5361 satis
386 5305 742 5364 communis
791 5305 852 5360 ét
897 5309 1059 5361 recta
1109 5305 1352 5360 Patrum
1403 5305 1695 5361 sententia
1723 5312 1833 5361 est.

226 5377 391 5441 Quod
424 5396 570 5436 vero
602 5377 866 5451 quidam
894 5375 1155 5451 Armenii
1178 5373 1531 5451 heterodoxj
1561 5375 1700 5451 hinc
1730 5392 1835 5431 su-

230 5444 868 5519 muntargunientum
918 5461 1026 5519 pro
1074 5446 1193 5519 vini
1242 5445 1387 5500 meri
1417 5444 1741 5519 oblatione,
1774 5451 1839 5502 ut

228 5518 335 5592 ipsi
397 5514 649 5591 faciunt,
704 5514 1317 5592 aquas—admistione
1356 5514 1616 5592 exclusa,
1669 5532 1840 5574 mera

372 5594 607 5653 vanitas
634 5588 752 5649 est.
772 5588 1066 5660 'Namque
1104 5593 1309 5645 utrum
1361 5588 1600 5659 proprie
1647 5603 1840 5645 mera-

430 5686 675 5743 PAIBOL.
724 5680 840 5737 Gn.
882 5673 1035 5733 CXL.

1944 5178 2086 5235 cum
2118 5162 2579 5235 Melchisedecus
2622 5163 2751 5235 ipse
2797 5164 3095 5234 obtulerit,
3143 5166 3436 5224 incertum
3464 5169 3591 5233 est;

1945 5234 2025 5311 ab
2075 5234 2435 5311 evangelica
2461 5234 2663 5311 autem
2706 5236 3004 5311 vocabulo
3043 5240 3290 5311 κεράσας,
3317 5239 3589 5311 miscens,

1946 5310 2144 5382 atque
2174 5306 2252 5361 ab
2309 5304 2708 5382 Ecclesiarum
2770 5304 3117 5382 traditione,
3166 5304 3341 5382 aqua:
3388 5307 3590 5363 mistio

1946 5376 2261 5449 perspicue
2288 5376 2572 5449 suadetur
2602 5377 2693 5431 vel
2721 5379 2920 5449 potius
2944 5376 3303 5449 praecipitur.

2021 5447 2133 5519 (19)
2167 5450 2369 5519 Exstat
2397 5447 2457 5501 in
2484 5446 3171 5519 Cosniie'TOpographia
3218 5447 3587 5513 Christiana,

1949 5515 2047 5573 ed.
2074 5515 2276 5576 Montf.
2306 5534 2365 5593 p.
2400 5521 2652 5577 226-228.
