4126 6272
560 269 658 324 171
1895 261 2163 320 ΝΙΟΕΤᾹΞ

2284 260 2576 318 [ΟΝΙΑΤᾹΞ
3809 267 3913 323 172

561 391 843 450 Similiter
869 393 926 446 et
949 387 1520 462 quinquagesimum
1545 401 1774 444 nonum
1795 385 2104 459 psalmum
2134 385 2190 442 d1

2317 389 2537 458 νυμφίου
2560 389 2648 438 καὶ
2665 388 2868 458 νύμφης
2900 382 3182 458 βασιλίδος
3211 387 3420 450 ἐξειπὼν
3439 387 3679 443 ἐτέλεσεν.
3693 387 3917 462 Ὀμοίως

557 481 772 538 eodem
800 478 1085 536 recitavit.
1120 479 1309 544 Quam
1331 493 1458 532 rem
1485 479 1735 531 testatur
1761 475 1886 547 ipse
1919 475 2186 532 Dominu:

2319 471 2378 527 δῖε
2403 477 2492 526 καὶ
2520 477 2604 526 τόν
2643 473 2719 547 ρθ’
2743 474 2949 547 ψαλμὸν
2993 475 3066 537 εἰς
3111 475 3267 528 αὐτόν
3311 481 3514 552 εἴρηκε·
3543 481 3633 530 καὶ
3663 485 3917 552 μαρτυρεῖ

554 569 772 627 Iudaeis
801 569 1008 624 dicens
1041 585 1052 622 :
1090 566 1386 634 Quomodo
1435 580 1576 636 ergo
1612 565 1813 621 David
1857 566 1919 620 in
1972 565 2183 633 Spiriti

2318 567 2472 626 αὐτὸς
2501 565 2524 615 6
2557 566 2750 638 Κύριος
2776 563 2937 638 λέγων
2973 567 3106 637 πρὸς
3133 561 3454 629 Ἰουδαίους·
3487 573 3604 628 Πῶς
3629 563 3715 619 οὖν
3746 563 3913 620 Δαϐὶδ

555 665 764 717 sancto
788 663 953 716 vocat
978 673 1109 714 eum
1139 656 1458 712 Dominum
1509 654 1596 710 his
1635 655 1824 711 verbis
1858 671 1870 708 :
1903 655 2064 709 Dixit
2092 655 2182 709 Do

2315 651 2362 705 ἓν
2395 653 2656 725 Πνεύματι
2699 651 2831 725 ἁγίῳ
2887 655 3075 727 Κύριον
3124 653 3278 707 αὐτόν
3309 655 3453 708 καλεῖ
3477 655 3636 728 λέγων
3657 677 3668 690 ·
3703 663 3854 710 Εἶπεν
3883 658 3911 708 6

555 751 756 806 minus
803 747 1054 803 Domino
1099 761 1224 802 meo
1261 763 1272 800 :
1316 745 1465 800 Sede
1515 760 1553 800 α
1600 745 1824 800 dextris
1865 743 2107 800 meis"?
2148 745 2184 800 S

2317 745 2503 815 Κύριος
2531 750 2604 813 τῷ
2639 747 2812 816 Κυρίῳ
2840 761 2966 815 μου,
3009 745 3182 796 Κάθου
3213 742 3269 796 ἐκ
3314 741 3494 807 δεξιῶν
3524 761 3660 818 μους
3701 746 3762 798 Εἰ
3791 748 3909 808 Υἱός

557 839 738 894 Filius
769 838 900 908 ejus
932 839 1038 902 est,
1071 833 1383 907 quomodo
1432 833 1720 890 Dominus
1767 832 2039 904 ejusdem
2079 834 2186 887 est‘.

2314 831 2474 883 αὑτοῦ
2515 830 2676 902 ἐστιν,
2725 840 2832 894 πῶς
2875 835 3065 905 Κύριος
3117 833 3278 886 αὐτοῦ
3331 832 3469 902 ἐστι;
3501 838 3558 887 1'6
3589 837 3678 907 μεν
3719 836 3911 909 Κύριος

555 931 708 1000 Ergo
742 924 962 994 verbis,
988 923 1276 979 Dominus
1315 925 1463 993 ejus,
1509 924 1696 978 Deum
1735 921 2049 978 manifeste
2097 937 2184 994 ap.

2315 921 2473 972 αὑτοῦ
2528 923 2596 982 ὡς
2648 924 2776 973 Θεὸν
2819 929 2994 993 σαφῶς
3045 929 3339 997 προειπών·
3395 927 3452 976 τό
3508 919 3567 976 δὲ
3625 926 3800 977 Κάθου
3853 923 3911 976 ἐκ

553 1017 756 1090 pellat.
790 1019 938 1072 Tum
969 1013 1171 1080 verba,
1205 1013 1348 1068 Sede
1376 1027 1412 1068 a
1451 1011 1670 1067 dextris
1695 1013 1857 1076 meis,
1887 1011 2182 1084 perspicu:

2316 1005 2498 1072 δεξιῶν
2528 1029 2628 1082 μου
2661 1017 2834 1082 σαφῶς
2876 1017 2936 1083 τῇ
2981 1009 3346 1084 ἆνθρωπότητι
3385 1012 3602 1086 ἁρμόζει
3627 1029 3640 1042 '
3689 1016 3750 1066 1'6
3805 1015 3907 1086 γὰρ

551 1105 912 1164 humanitati
941 1101 1340 1170 conveniunt;
1375 1117 1518 1158 nam
1543 1101 1930 1172 vocabulum,
1951 1101 2106 1165 sede,
2129 1101 2180 1156 ὼ

2312 1101 2475 1152 κάθου
2501 1108 2571 1172 τῷ
2608 1104 2678 1172 μὴ
2712 1101 3037 1172 καθεζομένῳ
3075 1099 3232 1173 λέγει.
3261 1101 3318 1154 Ἦ
3361 1099 3418 1155 δὴ
3464 1104 3644 1164 θεότης
3695 1098 3913 1177 ἰδρυται

553 1195 830 1253 nondum
863 1193 1108 1250 sedente
1140 1191 1374 1248 dicitur.
1407 1190 1584 1262 Atqui
1613 1190 1804 1246 deitas
1833 1191 1892 1246 in
1927 1207 2037 1246 sua
2063 1191 2182 1246 bea

2315 1189 2386 1250 εἰς
2415 1193 2509 1246 τὴν
2558 1188 2750 1241 οἰκείαν
2785 1193 3154 1264 μακαριότητα
3189 1194 3346 1263 τιμήν
3375 1209 3430 1244 τε
3455 1195 3546 1244 καὶ
3576 1186 3753 1260 δόξαν,
3784 1191 3911 1266 παρ’

550 1285 825 1353 titudine,
855 1283 1083 1339 honore
1117 1279 1427 1352 gloriaque
1455 1278 1708 1336 fundata
1737 1279 1922 1345 sedet,
1949 1281 2094 1352 quin
2125 1279 2179 1336 al

2314 1276 2484 1350 ἐτέρου
2515 1278 2752 1350 μείζονος
2787 1282 2860 1350 μὴ
2912 1277 3276 1351 ἰπιτρεπομένη
3334 1280 3364 1338 ἢ
3419 1283 3806 1353 προτρεπομένη
3841 1280 3913 1342 εἰς

553 1374 758 1447 aliquo
785 1373 1016 1442 majore
1043 1369 1121 1425 ad
1141 1369 1202 1424 id
1231 1373 1474 1424 vocetur
1499 1371 1600 1423 aut
1630 1367 2020 1440 compellatur
2052 1387 2064 1423 :
2098 1385 2182 1425 sec

2311 1373 2464 1418 τοῦτο
2491 1387 2502 1399 ·
2539 1365 2643 1418 ἀλλ’
2671 1368 2701 1424 ἡ
2738 1367 3074 1441 ἀνθρωπότης
3103 1375 3194 1419 τοῦ
3215 1367 3452 1442 Χριστοῦ
3482 1369 3582 1420 ὑπὸ
3603 1375 3693 1429 τῆς
3713 1369 3911 1441 ἡνωμέ-

551 1465 756 1536 utique
787 1459 996 1516 Christi
1025 1458 1372 1514 humanitas
1398 1456 1478 1512 ab
1499 1457 1666 1512 unita
1695 1457 1808 1512 sibi
1835 1457 2180 1530 inseparabi

2310 1475 2404 1516 νης
2435 1455 2564 1529 αῦτῇ
2597 1454 2910 1529 ἀχωρίστως
2964 1459 3204 1517 θεότητος
3257 1455 3586 1530 ἐπιτρέπεται
3623 1454 3909 1528 ἀκούουσα,

551 1554 685 1610 liter
708 1552 926 1606 deitate
956 1548 1241 1603 invitatur
1288 1545 1437 1601 dum
1490 1546 1676 1612 audit,
1717 1547 1867 1602 Sede
1897 1562 1934 1602 a
1980 1548 2180 1603 dextri.

2313 1547 2487 1598 Κάθου
2519 1543 2574 1596 ἐκ
2606 1541 2787 1608 δεξιῶν
2815 1565 2936 1617 μου,
2961 1547 3149 1598 ὡσανεὶ
3171 1543 3218 1596 ἐν
3249 1553 3309 1618 τῇ
3345 1545 3441 1618 ἐμῇ
3466 1553 3591 1618 τιμῇ
3613 1568 3624 1579 ·
3654 1549 3771 1599 οὔτε
3805 1549 3913 1622 γὰρ

551 1641 714 1707 meis,
747 1637 809 1693 id
839 1639 927 1692 est
963 1633 1138 1690 veluti
1169 1635 1231 1690 in
1259 1633 1506 1690 honoris
1535 1634 1653 1690 mei
1700 1635 1969 1706 paritate.
2003 1637 2180 1708 Nequ:

2312 1629 2461 1695 δεςιίι
2487 1637 2602 1685 οὔτε
2631 1631 2883 1707 ἀριστερὰ
2927 1635 3040 1705 ἔχει
3079 1635 3104 1684 6
3136 1637 3259 1696 Θεὸς
3303 1632 3691 1708 ἁπερίγραπτος
3741 1637 3915 1710 ὑπάρ-

551 1730 712 1787 enim
734 1726 831 1782 vel
851 1726 1122 1781 dextram
1147 1723 1242 1779 vel
1269 1723 1571 1779 sinistram
1595 1727 1748 1780 Deus
1769 1724 1973 1792 habet,
1995 1729 2180 1798 utpot:

2309 1738 2455 1796 χων⁰
2497 1723 2624 1775 ἀλλὰ
2673 1731 2826 1776 τοῦτο
2867 1723 2991 1775 αὐτὸ
3047 1723 3204 1796 λέγει,
3237 1725 3319 1776 ότι
3367 1725 3542 1777 Κάθου
3601 1723 3648 1776 ἐν
3694 1733 3756 1797 τῇ
3807 1723 3907 1798 ἐμῇ

549 1831 675 1876 non
703 1813 1216 1886 circumscriptus.
1257 1812 1405 1868 Dicit
1451 1827 1635 1883 ergo:
1673 1811 1820 1870 Sede
1867 1813 1928 1868 in
1972 1813 2178 1870 honore

2309 1821 2457 1886 τιμῇ,
2492 1815 2680 1865 ὡσανεὶ
2711 1813 2778 1876 εἰς
2812 1817 3088 1887 πρόσωπον
3119 1813 3261 1886 ἐμόν,
3296 1815 3360 1874 ὡς
3403 1813 3548 1865 εἰκὼν
3590 1821 3721 1868 Θεοῦ
3751 1819 3915 1868 παντὶ

547 1923 710 1978 meo,
741 1907 1038 1976 tanquam
1082 1917 1222 1958 mea
1265 1915 1548 1974 persona,
1581 1903 1786 1974 utpote
1843 1902 2045 1974 imago
2099 1907 2176 1960 De

2307 1911 2379 1974 τῷ
2405 1907 2587 1975 κόσμῳ
2619 1899 2924 1974 δεικνυμένη
2953 1923 2965 1935 ·
2999 1903 3134 1955 οὕτω
3154 1905 3256 1977 γὰρ
3287 1907 3378 1954 καὶ
3398 1902 3589 1962 Δανιὴλ
3609 1902 3770 1975 λέγει·
3807 1909 3913 1957 Καὶ

547 1995 830 2054 universo
857 1991 1088 2049 mundo
1118 1995 1436 2048 ostentata.
1471 1989 1700 2064 Quippe
1722 1992 1804 2048 ita
1825 1993 2031 2049 Daniel
2050 2009 2172 2066 quo

2307 1991 2448 2061 αὐτῷ
2475 1986 2632 2049 ἐδόθη
2673 1993 2703 2048 ἡ
2749 1989 2995 2062 βασιλεία
3033 1995 3121 2043 καὶ
3151 1993 3180 2049 ἠ
3215 1996 3340 2064 τιμή
3374 1997 3464 2044 καὶ
3491 1993 3520 2049 ἡ
3551 1990 3781 2061 ἐξουσία,
3813 1996 3914 2044 καὶ

549 2103 669 2161 que
699 2085 782 2142 ait
814 2100 828 2140 :
858 2083 938 2141 Et
970 2083 1088 2154 ipsi
1128 2083 1337 2140 datum
1384 2085 1469 2138 est
1521 2097 1795 2153 regnum,
1836 2083 2046 2156 honor,
2095 2099 2178 2154 po

2305 2081 2372 2132 τὰ
2399 2080 2577 2137 λοιπά.
2607 2077 2760 2132 Ἀλλὰ
2787 2085 2876 2131 καὶ
2907 2080 3059 2140 αὐτὸς
3098 2081 3124 2132 6
3151 2083 3342 2153 Κιίοριόι³
3371 2100 3528 2152 φησιν
3549 2097 3562 2110 ·
3595 2077 3780 2139 Ἐδόθη
3815 2100 3915 2154 μοι

550 2181 727 2235 testas
742 2175 812 2242 *9,
841 2179 899 2230 et
924 2171 1177 2246 reliqua.
1200 2172 1351 2238 Quin
1369 2171 1521 2228 adeo
1550 2171 1677 2245 ipse
1699 2173 1986 2229 Dominus
2009 2173 2156 2230 dixit

2305 2175 2453 2222 πᾶσα
2482 2168 2695 2232 ἐξουσία
2731 2167 2779 2220 ἐν
2826 2167 3024 2242 οὐρανῷ
3064 2173 3154 2221 καὶ
3193 2169 3278 2221 ἐπὶ
3305 2177 3421 2241 γῆς.
3455 2173 3796 2244 Παρακατιὼν
3849 2165 3916 2223 δί

542 2267 702 2322 Data
732 2268 817 2321 est
845 2261 996 2318 mihi
1015 2261 1204 2317 omnis
1223 2265 1482 2330 potestas
1511 2261 1572 2316 in
1598 2263 1745 2320 caelo
1775 2265 1830 2318 et
1854 2264 1915 2318 in
1949 2267 2111 2319 terra
2124 2264 2171 2297 ³ο

2305 2257 2437 2331 λέγει
2461 2257 2612 2312 πάλιν
2645 2259 2693 2311 ἓν
2732 2267 2802 2330 τῷ
2843 2259 2983 2329 αὐτῷ
3023 2257 3213 2330 ψαλμῷ
3251 2264 3370 2334 περὶ
3398 2267 3493 2321 τῆς
3517 2261 3783 2321 θεότητος·
3819 2259 3919 2311 Ἐκ

543 2357 675 2412 Mox
702 2367 846 2408 vero
872 2351 934 2406 in
981 2349 1256 2420 ejusdem
1287 2347 1508 2422 psalmi
1537 2365 1864 2420 progressu
1892 2349 1974 2408 ait
2004 2352 2079 2408 de
2105 2353 2172 2409 di

2304 2351 2528 2425 γαστρός
2552 2351 2652 2424 πρὸ
2685 2347 2947 2421 ἑωσφόρον
2972 2347 3216 2420 ἐγέννησά
3241 2367 3297 2400 σε
3316 2365 3331 2379 ·
3365 2351 3553 2400 ὡσανεὶ
3581 2355 3673 2402 τοῦ
3703 2351 3919 2422 Πατρός

541 2441 788 2498 vinitate
835 2457 848 2494 :
897 2439 991 2495 Ea:
1035 2443 1204 2494 utero
1252 2443 1392 2494 ante
1447 2437 1768 2508 luciferum
1811 2443 1994 2510 genui
2032 2443 2141 2498 te31

2303 2442 2433 2511 πρὸς
2462 2441 2548 2490 τόν
2579 2440 2697 2490 Υἰόν
2718 2439 2853 2489 κατὰ
2880 2442 2974 2495 τὴν
2999 2438 3219 2496 θεότητα
3235 2437 3470 2508 λέγοντος
3490 2437 3572 2490 ὅτι
3597 2440 3703 2512 Πρὸ
3729 2439 3923 2501 πάσης

544 2531 836 2602 tanquam
882 2525 931 2581 si
986 2527 1158 2581 Pater
1213 2523 1295 2580 ad
1341 2523 1550 2581 Filium
1587 2526 1818 2582 ratione
1869 2529 2173 2587 divinitati:

2303 2531 2524 2590 κτίσεως
2571 2526 2672 2580 ἀπὸ
2711 2530 2979 2600 γαστρός·
3030 2529 3088 2580 1'6
3138 2529 3416 2600 όμοούσιον
3451 2526 3602 2580 θέλων
3635 2531 3872 2600 σημᾶναι
3899 2548 3916 2563 ·

542 2617 704 2675 dicat
734 2634 747 2672 :
781 2619 928 2671 Ante
955 2629 1200 2670 omnem
1245 2617 1577 2671 creaturam
1626 2631 1700 2671 ex
1739 2621 1925 2686 utero,
1951 2619 2066 2676 hoc
2093 2637 2170 2678 vo

2303 2615 2408 2690 οὐχ
2471 2617 2687 2691 ὕστερον
2741 2614 3050 2691 προσλαϐὼν
3084 2659 3097 2683 ,
3159 2613 3264 2668 ἀλλ’
3316 2615 3364 2668 ἐν
3413 2615 3618 2688 ἐμαυτῷ
3661 2635 3717 2668 σε
3767 2618 3918 2688 ἔχων

541 2706 761 2766 cabulo
782 2701 1462 2761 consubstantialitatem
1483 2703 1766 2762 denotare
1794 2707 2038 2779 volens;
2071 2727 2170 2766 n01

2303 2703 2544 2780 ἀνάρχως
2573 2710 2661 2757 καὶ
2693 2703 2988 2780 ἀπεράντως
3009 2721 3021 2734 '
3064 2707 3130 2766 ὡς
3163 2707 3263 2757 από
3302 2707 3531 2778 γαστρός
3567 2704 3622 2756 ἐκ
3651 2712 3746 2766 τῆς
3769 2706 3914 2776 ἡμε-

540 2799 753 2872 postea
776 2809 1112 2861 assumens,
1142 2793 1250 2848 sed
1277 2793 1340 2848 in
1370 2809 1466 2849 me
1508 2794 1640 2866 ipso
1697 2799 1752 2852 te
1797 2797 2029 2854 habens
2071 2801 2169 2856 sint

2299 2801 2446 2868 τέρας
2477 2795 2660 2855 οὐσίας
2692 2814 2747 2847 σε
2774 2793 3024 2866 ἐγέννησα
3062 2797 3281 2846 συνόντα
3335 2797 3423 2845 καὶ
3463 2797 3899 2866 συνυπάρχοντα.

539 2886 837 2962 principio
879 2883 975 2940 vel
1009 2883 1170 2938 ﬁne:
1205 2886 1497 2956 tanquam
1545 2900 1617 2939 ex
1669 2889 1840 2942 utero
1887 2903 1958 2943 ex
1988 2885 2168 2946 ucstra

2300 2881 2430 2937 Εἶτα
2476 2883 2626 2936 πάλιν
2660 2884 2838 2946 εὐθέως
2878 2888 2967 2936 καὶ
3005 2887 3122 2958 περὶ
3160 2891 3255 2945 τῆς
3296 2881 3686 2955 ἀνθρωπότητος
3726 2878 3912 2939 δηλῶν

542 2973 885 3032 substantia
905 2977 958 3029 te
981 2973 1160 3044 genui
1182 2971 1571 3043 conjunctum
1592 2973 1739 3029 mihi
1763 2979 1815 3030 et
1838 2977 2171 3035 coexsisten

2303 2977 2498 3045 φησίν·
2553 2971 2755 3046 Ὠμοσε
2806 2975 3013 3046 Κύριος,
3046 2976 3135 3024 καὶ
3191 2971 3248 3024 οῦ
3302 2969 3803 3045 μεταμεληθήσεται,
3837 2975 3909 3023 σὺ

539 3065 683 3120 tem.
715 3057 939 3118 Deinde
963 3073 1174 3115 rursus
1200 3055 1478 3132 illicoque
1529 3059 1605 3116 de
1634 3061 2004 3120 humanitate
2047 3082 2168 3138 prae

2305 3063 2467 3137 ἱερεὺς
2497 3061 2563 3123 εἰς
2601 3065 2687 3115 τόν
2721 3063 2882 3114 αἰῶνα
2931 3064 3066 3114 κατὰ
3116 3066 3208 3120 τὴν
3252 3061 3397 3124 τάξιν
3435 3056 3767 3132 Μελχισεδέκ
3793 3077 3806 3092 ·
3845 3060 3911 3112 οὗ

543 3151 749 3209 dicat:
789 3149 1034 3205 Juravit
1077 3148 1389 3220 Dominus,
1443 3153 1498 3205 et
1541 3165 1662 3205 non
1711 3153 2010 3220 pwnitebit
2039 3169 2169 3212 eum

2301 3154 2398 3226 γὰρ
2440 3153 2470 3209 ἡ
2501 3153 2682 3214 θεότης
2708 3151 2976 3223 ὶερατεύει,
3006 3148 3132 3202 ἀλλὰ
3159 3149 3347 3222 μᾶλλον
3368 3149 3688 3223 λατρεύεται,
3719 3153 3812 3200 καὶ
3837 3153 3913 3202 τὰ

547 3248 614 3297 tu
670 3254 730 3296 es
788 3237 1062 3293 sacerdos
1112 3238 1175 3291 in
1229 3241 1514 3294 aeternum
1547 3240 1874 3298 secundum
1925 3243 2176 3301 ordinen

2307 3242 2464 3313 ἱερεῖα
2501 3236 2882 3312 προσδέχεται.
2915 3243 3189 3312 Μέμνηται
3241 3236 3300 3292 δὲ
3337 3243 3427 3292 καὶ
3475 3247 3568 3300 τῆς
3591 3243 3835 3313 χρήσεως
3879 3240 3911 3291 ὁ

545 3323 1042 3386 Melchisedech”
1071 3343 1084 3380 :
1117 3339 1242 3381 non
1281 3327 1440 3382 enim
1488 3325 1677 3384 deitas
1731 3331 2045 3402 sacriﬁcat,
2090 3349 2174 3390 se:

2306 3327 2596 3392 ἀπόστολος
2663 3328 2860 3389 Παῦλος
2907 3327 2954 3380 ἐν
3020 3336 3082 3402 τῇ
3119 3331 3249 3400 πρὸς
3293 3327 3561 3402 Ἐϐραίους
3621 3327 3909 3400 Ἐπιστολῇ

547 3415 750 3489 potius
777 3413 987 3470 colitur
1015 3417 1072 3470 et
1099 3413 1324 3469 hostias
1354 3413 1580 3488 recipit.
1615 3418 1874 3476 Meminit
1901 3421 2086 3492 hujus
2115 3427 2172 3480 te

2303 3418 2462 3490 λέγων
2503 3419 2662 3480 οὕτως
2686 3436 2697 3448 ·
2735 3419 2977 3492 Καθάπερ
3009 3419 3034 3469 6
3061 3415 3282 3491 Ἀαρὼν,
3309 3419 3472 3477 οὕτως
3491 3421 3580 3470 καὶ
3618 3418 3645 3469 6
3675 3419 3915 3488 Χριστός

549 3503 817 3562 stimonii
839 3501 1058 3560 Paulus
1107 3517 1352 3575 quoque
1399 3505 1710 3576 apostolus
1737 3508 1798 3563 in
1830 3509 2091 3582 Epistola
2120 3529 2178 3570 ac

2306 3507 2412 3580 οὐχ
2443 3507 2622 3560 ἑαυτὸν
2654 3503 2876 3570 ἐδόξασε
2899 3508 3139 3578 γενέσθαι
3179 3505 3473 3581 ἀρχιερεὺς,
3505 3505 3610 3558 ἀλλ’
3631 3504 3919 3570 -όλοιλήσας

547 3593 830 3650 Hebraeos
862 3591 948 3646 sic
979 3610 992 3646 :
1021 3591 1218 3648 Sicuti
1243 3593 1473 3662 Aaron,
1497 3595 1577 3650 sic
1601 3602 1655 3652 et
1684 3597 1952 3655 Christus
1972 3616 2176 3672 nequa-

2305 3601 2434 3670 πρός
2475 3597 2648 3665 αὐτόν,
2688 3599 2808 3658 Υἱός
2847 3616 2944 3669 μου
2987 3593 3033 3648 εἰ
3077 3599 3164 3663 σὺ,
3205 3594 3302 3668 ἐγὼ
3353 3600 3576 3669 σήμερον
3620 3598 3920 3667 γεγέννηκά

549 3699 730 3756 quam
755 3681 870 3738 sibi
914 3681 1238 3738 sacerdotii
1261 3681 1542 3740 honorem
1586 3687 1934 3753 vindicavit,
1959 3691 2063 3746 sed
2097 3709 2176 3764 qu

2310 3705 2366 3738 σε
2393 3707 2405 3718 ·
2437 3685 2574 3738 καθα
2603 3691 2692 3738 καὶ
2730 3684 2778 3737 ἐν
2827 3688 2976 3760 ἓτέρῳ
3019 3685 3154 3756 λέγει
3178 3702 3190 3714 ·
3239 3689 3306 3738 Σὺ
3339 3687 3498 3760 ἱερεὺς
3525 3684 3596 3746 εἰς
3624 3686 3708 3736 τόν
3740 3685 3920 3740 αἰῶνα

551 3773 702 3830 discit
721 3773 810 3829 ei:
842 3771 1039 3828 Filius
1070 3786 1231 3828 meus
1261 3787 1319 3828 es
1342 3777 1428 3842 tu,
1465 3787 1569 3844 ego
1597 3774 1770 3834 hodie
1792 3783 1976 3848 genui
1999 3787 2074 3837 te.
2107 3783 2180 3838 Si-

2306 3777 2441 3828 κατὰ
2465 3779 2560 3834 τὴν
2599 3775 2744 3838 τάξιν
2773 3771 3108 3847 Μελχισεδέκ
3134 3795 3146 3807 ·
3202 3777 3374 3827 πάντα
3415 3779 3533 3849 περὶ
3569 3781 3660 3835 τῆς
3697 3771 3919 3850 ἀνθρω-

552 3865 652 3920 cu't
682 3867 738 3919 et
765 3859 908 3919 alibi
928 3859 1009 3917 ait
1041 3879 1054 3916 ε
1093 3859 1178 3917 Tu
1199 3877 1256 3918 es
1285 3863 1560 3920 sacerdos
1579 3865 1644 3920 in
1688 3871 1974 3924 aeternum
1996 3885 2181 3928 secant

1169 3877 1256 3918 tes
1285 3863 1560 3920 sacerdos
1579 3865 1644 3920 in
1688 3871 1974 3924 aeternum
1996 3885 2201 3928 secun-
2306 3867 2530 3928 πότητος
2556 3863 2798 3919 ἐκλαϐών-

551 3951 694 4009 dum
717 3951 985 4007 ordinem
1017 3949 1513 4010 Melchisedech”
1545 3971 1557 4010 :
1590 3953 1868 4013 videlicet
1891 3959 2098 4018 omnia
2125 3960 2200 4018 de

547 4041 922 4098 humanitate
947 4039 1302 4112 intelligens.

602 4184 1006 4254 Syllogismus
1025 4184 1236 4253 magni
1263 4184 1590 4257 drungarii
1607 4187 1837 4247 domini
1851 4193 2162 4263 Stephani.

2311 4201 2658 4277 Συλλογισμός
2683 4210 2774 4256 τοῦ
2801 4202 3025 4276 μεγάλου
3049 4197 3408 4277 ὃρουγγαρίοῦ
3435 4208 3595 4274 κυροῦ
3625 4201 3917 4273 Στεφάνου.

623 4305 780 4362 Num
808 4307 1153 4364 universam
1180 4307 1480 4380 deitatem,
1504 4329 1640 4386 quae
1671 4315 1861 4374 deitas
1891 4319 2110 4378 scilicet
2137 4322 2198 4378 in

2377 4327 2506 4401 Ὀλη
2557 4337 2620 4402 τῇ
2673 4329 2878 4386 θεότητι
2915 4329 3406 4401 προσκεκρούκαμεν
3463 4327 3613 4398 ἡμεῖς
3669 4321 3762 4377 διὰ
3811 4336 3923 4392 τῆς

551 4395 744 4453 tribus
795 4399 1095 4495 spectatur
1153 4401 1455 4469 personis,
1488 4405 1656 4460 Patre
1705 4405 1847 4463 Filio
1885 4413 1942 4465 et
1979 4411 2180 4482 Spiriti

2307 4417 2652 4491 παραϐάσεως
2682 4461 2697 4488 ,
2751 4425 2814 4491 τῇ
2857 4417 2906 4469 ἐν
2944 4423 3058 4476 ταῖς
3091 4420 3262 4490 τρισὶν
3317 4417 3646 4468 ὑποστάσεσι
3685 4416 3923 4490 θεωρου-

551 4487 784 4554 sancto,
826 4483 1190 4541 offendimus
1219 4502 1332 4542 nos
1382 4493 1663 4564 praecepti
1702 4497 2174 4566 transgressione

2305 4512 2452 4580 μένῃ,
2489 4510 2715 4580 Πατρός,
2757 4509 2898 4578 Υὶοῦ,
2954 4509 3045 4557 καὶ
3103 4504 3258 4575 ἁγίου
3325 4507 3642 4576 Πνεῦματος,
3680 4505 3710 4562 ἢ
3759 4510 3917 4578 μόνῳ

551 4589 630 4632 an
659 4574 859 4674 potius
891 4573 1087 4630 solum
1119 4579 1397 4634 Patrem?
1425 4579 1483 4635 Si
1511 4581 1748 4640 Patrem
1779 4590 2180 4648 tantummodt

2305 4603 2378 4665 τῷ
2409 4601 2610 4671 Πατρίς
2653 4595 2712 4650 Εἰ
2767 4597 2858 4668 μὲν
2915 4598 3052 4668 μόνῳ
3090 4603 3162 4664 τῷ
3201 4596 3390 4668 Πατρί,
3448 4598 3538 4644 καί
3581 4592 3722 4663 αὐτῷ
3761 4597 3919 4668 μόνῳ

551 4661 936 4763 offendimus,
958 4665 1164 4736 utique
1184 4665 1324 4723 huic
1355 4669 1484 4736 soli,
1511 4670 1683 4742 juxta
1703 4674 1814 4730 hos
1833 4676 2174 4735 blaterones

2305 4687 2440 4738 κατὰ
2477 4690 2595 4747 τοὺς
2649 4685 3034 4758 φληναφοῦντας
3091 4681 3486 4754 κατηλλάγημεν
3535 4679 3629 4734 διὰ
3675 4689 3768 4733 τοῦ
3825 4687 3916 4735 αἶ-

547 4751 910 4809 reconciliati
940 4769 1151 4808 sumus
1176 4770 1282 4826 per
1321 4757 1446 4813 Filii
1471 4760 1602 4830 ejus
1633 4761 1924 4821 incarnati
1955 4769 2176 4840 sanguis

2305 4793 2464 4846 ματος
2504 4783 2594 4828 τοῦ
2652 4773 3142 4849 ἐνανθρωπησαντος
3196 4775 3319 4824 Υἰοῦ
3361 4773 3554 4825 αὐτοῦ·
3597 4771 3641 4824 εἰ
3689 4767 3748 4824 δὲ
3807 4771 3911 4848 ὅλῃ

546 4855 709 4897 nem.
742 4841 911 4908 Quod
945 4841 994 4940 si
1041 4845 1226 4898 totam
1265 4845 1608 4904 Trinitatem
1657 4851 2046 4920 offendimus,
2074 4835 2175 4912 uti

2304 4872 2366 4937 τῇ
2407 4861 2620 4940 Τριάὸι,
2662 4863 2748 4936 ὅλῃ
2915 4858 3109 4936 Τριάδι
3169 4863 3508 4937 προσηνέχθη
3567 4865 3658 4912 καί
3695 4865 3752 4913 1'6
3810 4871 3913 4915 τοῦ

545 4945 664 5001 que
690 4931 798 5029 toti
839 4930 1103 5030 Trinitati
1154 4931 1393 4990 oblatus
1431 4935 1544 4993 fuit
1599 4940 1886 5009 unigeniti
1929 4945 2058 5000 Filii
2097 4949 2174 5004 De

2303 4930 2606 5026 μονογενοῦς
2637 4930 2760 5005 Υἰοῦ
2792 4930 2882 5005 τοῦ
2923 4930 3055 5005 Θεοῦ
3123 4930 3278 5022 αἷμα.
3323 4930 3522 5024 ’Ὠσπερ
3579 4951 3678 5024 γὰρ
3720 4947 3768 5000 ἐν
3829 4961 3915 5024 τῷ

547 5021 821 5118 sanguis.
859 5021 1019 5075 Sicut
1041 5021 1201 5077 enim
1230 5021 1288 5078 in
1319 5040 1441 5080 uno
1463 5025 1798 5100 eodemque
1821 5031 2068 5104 Christo,
2092 5051 2172 5108 qu

2304 5041 2375 5093 ἐνί
2429 5047 2518 5094 καὶ
2557 5049 2629 5111 τῷ
2691 5040 2832 5110 αὐτῷ
2877 5047 3113 5112 Χριστῷ,
3163 5043 3278 5098 ἤτοι
3307 5045 3367 5110 τῇ
3403 5044 3500 5110 μιᾷ
3527 5040 3712 5088 τούτου
3773 5040 3915 5092 ὑπο-

543 5111 606 5210 in
636 5111 815 5164 unica
844 5123 1107 5180 persona
1145 5111 1432 5184 subsistit,
1461 5117 1808 5184 agnoscitur
1845 5125 2170 5197 corruptibi

2307 5133 2510 5198 στάσει,
2557 5132 2821 5204 θεωρεῖται
2860 5133 2918 5181 τό
2985 5129 3208 5202 φθαρτόν
3263 5131 3354 5179 καί
3397 5131 3455 5179 τό
3499 5127 3784 5200 ἄφθαρτον,
3841 5135 3913 5184 τὸ

541 5195 678 5254 litas
710 5199 766 5254 et
811 5195 1376 5273 incorruptibilitas,
1417 5205 1749 5263 mortalitas
1788 5215 1846 5266 et
1881 5195 2170 5274 immorta'

2306 5221 2488 5278 θνητόν
2507 5224 2598 5272 καὶ
2625 5223 2684 5272 τό
2710 5217 2962 5272 ἀθάνατον
2987 5234 2999 5248 ·
3034 5217 3166 5269 οὕτω
3191 5219 3280 5268 καὶ
3315 5218 3374 5268 τό
3415 5217 3684 5288 προσάγον
3714 5219 3806 5268 καὶ
3841 5221 3915 5272 τὸ

531 5569 572 5609 v
607 5481 883 5612 'g—gtatth.
906 5497 1044 5554 χχιι,
1071 5487 1163 5558 43,
1197 5489 1285 5545 44.
1361 5489 1410 5526 '9
1445 5491 1590 5550 Dan.
1623 5511 1722 5568 vn,
1764 5502 1841 5556 14.
1929 5502 1977 5537 ³ο
2007 5505 2160 5562 Matt]

574 5597 591 5624 ,
719 5598 732 5611 .

2271 5507 2437 5572 xvni,
2471 5509 2556 5562 l8.
2653 5505 2696 5542 ³³
2739 5503 2897 5562 Psal.
2931 5517 3042 5572 cur,
3076 5507 3128 5560 3.
3234 5503 3282 5538 ³³
3320 5499 3466 5557 ibid.
3497 5501 3552 5556 4.
3647 5501 3700 5536 ³³
3739 5502 3900 5562 Heb.
