  <div class='ocr_page' id='page_1' title='image "/cluster/home/n/w/nwhite01/storage/ocr_20150623/140/mdp.39015022213980/094.png"; bbox 0 0 4126 6272; ppageno 0'>
   <div class='ocr_carea' id='block_1_1' title="bbox 228 202 2262 263">
    <p class='ocr_par' dir='ltr' id='par_1_1' title="bbox 228 202 2262 263">
     <span class='ocr_line' id='line_1_1' title="bbox 228 202 2262 263; baseline 0.001 -3"><span class='ocrx_word' id='word_1_1' title='bbox 228 206 303 260; x_wconf 76' lang='grc'><strong>173</strong></span> <span class='ocrx_word' id='word_1_2' title='bbox 1530 202 1875 260; x_wconf 78' lang='lat' dir='ltr'><strong>THESAURI</strong></span> <span class='ocrx_word' id='word_1_3' title='bbox 1914 204 2042 261; x_wconf 92' lang='lat' dir='ltr'><strong>LIB.</strong></span> <span class='ocrx_word' id='word_1_4' title='bbox 2088 207 2262 263; x_wconf 83' lang='lat' dir='ltr'><strong>XXIV.</strong></span> 
     </span>
    </p>
   </div>
   <div class='ocr_carea' id='block_1_2' title="bbox 3472 220 3577 276">
    <p class='ocr_par' dir='ltr' id='par_1_2' title="bbox 3472 220 3577 276">
     <span class='ocr_line' id='line_1_2' title="bbox 3472 220 3577 276; baseline 0.019 -2"><span class='ocrx_word' id='word_1_5' title='bbox 3472 220 3577 276; x_wconf 70' lang='grc'><strong>174</strong></span> 
     </span>
    </p>
   </div>
   <div class='ocr_carea' id='block_1_3' title="bbox 228 325 1804 411">
    <p class='ocr_par' dir='ltr' id='par_1_3' title="bbox 228 325 1804 404">
     <span class='ocr_line' id='line_1_3' title="bbox 228 325 1804 404; baseline 0.001 -23"><span class='ocrx_word' id='word_1_6' title='bbox 228 325 668 402; x_wconf 73' lang='grc' dir='ltr'>προσδεχόμενον·</span> <span class='ocrx_word' id='word_1_7' title='bbox 722 328 750 380; x_wconf 99' lang='lat'><strong>6</strong></span> <span class='ocrx_word' id='word_1_8' title='bbox 799 326 970 392; x_wconf 72' lang='grc' dir='ltr'>αὐτὸς</span> <span class='ocrx_word' id='word_1_9' title='bbox 1014 329 1114 403; x_wconf 73' lang='grc' dir='ltr'><strong>γὰρ</strong></span> <span class='ocrx_word' id='word_1_10' title='bbox 1163 329 1231 392; x_wconf 82' lang='grc' dir='ltr'>ὡς</span> <span class='ocrx_word' id='word_1_11' title='bbox 1274 328 1544 404; x_wconf 82' lang='grc' dir='ltr'>ἄνθρωπος</span> <span class='ocrx_word' id='word_1_12' title='bbox 1601 333 1804 402; x_wconf 80' lang='grc' dir='ltr'>προση-</span> 
     </span>
    </p>
   </div>
   <div class='ocr_carea' id='block_1_4' title="bbox 1920 325 3574 411">
    <p class='ocr_par' dir='ltr' id='par_1_4' title="bbox 1923 329 3574 411">
     <span class='ocr_line' id='line_1_4' title="bbox 1923 329 3574 411; baseline 0.008 -25"><span class='ocrx_word' id='word_1_13' title='bbox 1923 329 2081 397; x_wconf 86' lang='lat' dir='ltr'><strong>litas,</strong></span> <span class='ocrx_word' id='word_1_14' title='bbox 2128 332 2211 387; x_wconf 92' lang='lat' dir='ltr'><strong>sic</strong></span> <span class='ocrx_word' id='word_1_15' title='bbox 2259 332 2439 390; x_wconf 88' lang='lat' dir='ltr'><strong>etiam</strong></span> <span class='ocrx_word' id='word_1_16' title='bbox 2481 333 2706 392; x_wconf 88' lang='lat' dir='ltr'><strong>oblatio</strong></span> <span class='ocrx_word' id='word_1_17' title='bbox 2757 340 2815 393; x_wconf 90' lang='lat' dir='ltr'><strong>et</strong></span> <span class='ocrx_word' id='word_1_18' title='bbox 2858 336 3141 411; x_wconf 84' lang='lat' dir='ltr'><strong>receptio.</strong></span> <span class='ocrx_word' id='word_1_19' title='bbox 3190 339 3358 397; x_wconf 88' lang='lat' dir='ltr'><strong>Idem</strong></span> <span class='ocrx_word' id='word_1_20' title='bbox 3412 341 3574 401; x_wconf 90' lang='lat' dir='ltr'><strong>enim</strong></span> 
     </span>
    </p>
   </div>
   <div class='ocr_carea' id='block_1_5' title="bbox 229 416 1137 495">
    <p class='ocr_par' dir='ltr' id='par_1_5' title="bbox 229 416 1137 495">
     <span class='ocr_line' id='line_1_5' title="bbox 229 416 1137 495; baseline 0.001 -24"><span class='ocrx_word' id='word_1_21' title='bbox 229 438 346 493; x_wconf 69' lang='grc' dir='ltr'>γαῖα,</span> <span class='ocrx_word' id='word_1_22' title='bbox 371 424 460 472; x_wconf 72' lang='grc' dir='ltr'>καὶ</span> <span class='ocrx_word' id='word_1_23' title='bbox 485 420 558 481; x_wconf 72' lang='grc' dir='ltr'>ὡς</span> <span class='ocrx_word' id='word_1_24' title='bbox 586 421 722 481; x_wconf 78' lang='grc' dir='ltr'>Θεὸς</span> <span class='ocrx_word' id='word_1_25' title='bbox 750 416 1137 495; x_wconf 75' lang='grc' dir='ltr'>προσεδέξατο.</span> 
     </span>
    </p>
   </div>
   <div class='ocr_carea' id='block_1_6' title="bbox 277 541 1742 619">
    <p class='ocr_par' dir='ltr' id='par_1_6' title="bbox 277 541 1742 619">
     <span class='ocr_line' id='line_1_6' title="bbox 277 541 1742 619; baseline -0.002 -21"><span class='ocrx_word' id='word_1_26' title='bbox 277 543 596 619; x_wconf 76' lang='grc' dir='ltr'>Εύστρατίου</span> <span class='ocrx_word' id='word_1_27' title='bbox 624 553 719 599; x_wconf 81' lang='grc' dir='ltr'>τοῦ</span> <span class='ocrx_word' id='word_1_28' title='bbox 747 548 991 619; x_wconf 25' lang='grc' dir='ltr'>Νικαίας.</span> <span class='ocrx_word' id='word_1_29' title='bbox 1011 541 1065 599; x_wconf 63' lang='lat' dir='ltr'>ix</span> <span class='ocrx_word' id='word_1_30' title='bbox 1091 551 1182 619; x_wconf 68' lang='grc' dir='ltr'>τοῦ</span> <span class='ocrx_word' id='word_1_31' title='bbox 1214 541 1457 618; x_wconf 80' lang='grc' dir='ltr'>δευτέρου</span> <span class='ocrx_word' id='word_1_32' title='bbox 1489 548 1614 618; x_wconf 82' lang='grc' dir='ltr'>Περὶ</span> <span class='ocrx_word' id='word_1_33' title='bbox 1643 552 1742 597; x_wconf 85' lang='grc' dir='ltr'>τῶν</span> 
     </span>
    </p>
   </div>
   <div class='ocr_carea' id='block_1_7' title="bbox 732 615 1297 689">
    <p class='ocr_par' dir='ltr' id='par_1_7' title="bbox 732 615 1297 689">
     <span class='ocr_line' id='line_1_7' title="bbox 732 615 1297 689; baseline 0.009 -21"><span class='ocrx_word' id='word_1_34' title='bbox 732 619 949 689; x_wconf 77' lang='grc' dir='ltr'>ἀζύμων</span> <span class='ocrx_word' id='word_1_35' title='bbox 978 615 1134 689; x_wconf 72' lang='grc' dir='ltr'>λόγου</span> <span class='ocrx_word' id='word_1_36' title='bbox 1163 618 1297 688; x_wconf 81' lang='grc'><strong>(20).</strong></span> 
     </span>
    </p>
   </div>
   <div class='ocr_carea' id='block_1_8' title="bbox 287 722 1816 799">
    <p class='ocr_par' dir='ltr' id='par_1_8' title="bbox 287 722 1816 799">
     <span class='ocr_line' id='line_1_8' title="bbox 287 722 1816 799; baseline -0.001 -22"><span class='ocrx_word' id='word_1_37' title='bbox 287 722 435 779; x_wconf 76' lang='grc' dir='ltr'>Ἀλλὰ</span> <span class='ocrx_word' id='word_1_38' title='bbox 482 725 578 776; x_wconf 81' lang='grc' dir='ltr'>καὶ</span> <span class='ocrx_word' id='word_1_39' title='bbox 624 724 709 776; x_wconf 85' lang='grc' dir='ltr'>ὅτε</span> <span class='ocrx_word' id='word_1_40' title='bbox 750 727 1110 798; x_wconf 77' lang='grc' dir='ltr'><strong>χαριστήριον</strong></span> <span class='ocrx_word' id='word_1_41' title='bbox 1159 730 1252 776; x_wconf 79' lang='grc' dir='ltr'>τοῦ</span> <span class='ocrx_word' id='word_1_42' title='bbox 1310 727 1571 799; x_wconf 81' lang='grc' dir='ltr'><strong>σωτηρίου</strong></span> <span class='ocrx_word' id='word_1_43' title='bbox 1615 724 1816 785; x_wconf 78' lang='grc' dir='ltr'><strong>πάθους</strong></span> 
     </span>
    </p>
   </div>
   <div class='ocr_carea' id='block_1_9' title="bbox 232 813 1813 888">
    <p class='ocr_par' dir='ltr' id='par_1_9' title="bbox 232 813 1813 888">
     <span class='ocr_line' id='line_1_9' title="bbox 232 813 1813 888; baseline 0 -22"><span class='ocrx_word' id='word_1_44' title='bbox 232 821 289 887; x_wconf 74' lang='grc' dir='ltr'>τῷ</span> <span class='ocrx_word' id='word_1_45' title='bbox 328 815 454 886; x_wconf 62' lang='grc' dir='ltr'>ὑπὲρ</span> <span class='ocrx_word' id='word_1_46' title='bbox 503 814 655 885; x_wconf 75' lang='grc' dir='ltr'>ἡμῶν</span> <span class='ocrx_word' id='word_1_47' title='bbox 702 813 927 866; x_wconf 80' lang='grc' dir='ltr'><strong>παθόντι</strong></span> <span class='ocrx_word' id='word_1_48' title='bbox 979 816 1353 888; x_wconf 77' lang='grc' dir='ltr'>προσφέρεται,</span> <span class='ocrx_word' id='word_1_49' title='bbox 1411 817 1500 865; x_wconf 80' lang='grc' dir='ltr'>καὶ</span> <span class='ocrx_word' id='word_1_50' title='bbox 1557 814 1637 866; x_wconf 85' lang='grc' dir='ltr'><strong>ὅτε</strong></span> <span class='ocrx_word' id='word_1_51' title='bbox 1686 814 1813 886; x_wconf 77' lang='grc' dir='ltr'>ὑπὲρ</span> 
     </span>
    </p>
   </div>
   <div class='ocr_carea' id='block_1_10' title="bbox 233 900 1816 975">
    <p class='ocr_par' dir='ltr' id='par_1_10' title="bbox 233 900 1816 975">
     <span class='ocr_line' id='line_1_10' title="bbox 233 900 1816 975; baseline -0.001 -21"><span class='ocrx_word' id='word_1_52' title='bbox 233 905 349 965; x_wconf 72' lang='grc' dir='ltr'>ζωῆς</span> <span class='ocrx_word' id='word_1_53' title='bbox 388 904 538 975; x_wconf 75' lang='grc' dir='ltr'>ἡμῶν</span> <span class='ocrx_word' id='word_1_54' title='bbox 580 908 681 964; x_wconf 81' lang='grc' dir='ltr'>τῆς</span> <span class='ocrx_word' id='word_1_55' title='bbox 728 900 778 954; x_wconf 77' lang='grc' dir='ltr'>ἓν</span> <span class='ocrx_word' id='word_1_56' title='bbox 831 908 1057 975; x_wconf 80' lang='grc' dir='ltr'>σώματι,</span> <span class='ocrx_word' id='word_1_57' title='bbox 1106 906 1197 955; x_wconf 83' lang='grc' dir='ltr'>καὶ</span> <span class='ocrx_word' id='word_1_58' title='bbox 1245 902 1327 955; x_wconf 78' lang='grc' dir='ltr'>ὅτε</span> <span class='ocrx_word' id='word_1_59' title='bbox 1374 903 1455 954; x_wconf 84' lang='grc' dir='ltr'>ἶνα</span> <span class='ocrx_word' id='word_1_60' title='bbox 1494 900 1653 975; x_wconf 71' lang='grc' dir='ltr'>ἀφεθῇ</span> <span class='ocrx_word' id='word_1_61' title='bbox 1700 908 1816 964; x_wconf 85' lang='grc' dir='ltr'>ταῖς</span> 
     </span>
    </p>
   </div>
   <div class='ocr_carea' id='block_1_11' title="bbox 230 988 1811 1066">
    <p class='ocr_par' dir='ltr' id='par_1_11' title="bbox 230 988 1811 1066">
     <span class='ocr_line' id='line_1_11' title="bbox 230 988 1811 1066; baseline 0 -22"><span class='ocrx_word' id='word_1_62' title='bbox 230 991 418 1063; x_wconf 65' lang='grc' dir='ltr'>ψυχαῖς</span> <span class='ocrx_word' id='word_1_63' title='bbox 472 992 621 1064; x_wconf 76' lang='grc' dir='ltr'>ἡμῶν</span> <span class='ocrx_word' id='word_1_64' title='bbox 674 988 711 1042; x_wconf 78' lang='grc' dir='ltr'>ἃ</span> <span class='ocrx_word' id='word_1_65' title='bbox 764 991 956 1054; x_wconf 78' lang='grc' dir='ltr'>ζῶντες</span> <span class='ocrx_word' id='word_1_66' title='bbox 1021 988 1239 1044; x_wconf 72' lang='grc' dir='ltr'>ἐνταῦθα</span> <span class='ocrx_word' id='word_1_67' title='bbox 1302 993 1811 1066; x_wconf 80' lang='grc' dir='ltr'>προσκεκρούκαμεν,</span> 
     </span>
    </p>
   </div>
   <div class='ocr_carea' id='block_1_12' title="bbox 231 1079 1814 1155">
    <p class='ocr_par' dir='ltr' id='par_1_12' title="bbox 231 1079 1814 1155">
     <span class='ocr_line' id='line_1_12' title="bbox 231 1079 1814 1155; baseline -0.001 -22"><span class='ocrx_word' id='word_1_68' title='bbox 231 1087 312 1133; x_wconf 79' lang='grc' dir='ltr'>καὶ</span> <span class='ocrx_word' id='word_1_69' title='bbox 346 1082 425 1133; x_wconf 77' lang='grc' dir='ltr'>ὅτε</span> <span class='ocrx_word' id='word_1_70' title='bbox 467 1081 596 1155; x_wconf 65' lang='grc' dir='ltr'>ὑπὲρ</span> <span class='ocrx_word' id='word_1_71' title='bbox 641 1088 742 1132; x_wconf 84' lang='grc' dir='ltr'><strong>τῶν</strong></span> <span class='ocrx_word' id='word_1_72' title='bbox 792 1079 1016 1133; x_wconf 77' lang='grc' dir='ltr'>ἐντεῦθεν</span> <span class='ocrx_word' id='word_1_73' title='bbox 1068 1081 1353 1153; x_wconf 77' lang='grc' dir='ltr'><strong>οἰχομένων</strong></span> <span class='ocrx_word' id='word_1_74' title='bbox 1400 1089 1622 1148; x_wconf 79' lang='grc' dir='ltr'><strong>πιστῶν,</strong></span> <span class='ocrx_word' id='word_1_75' title='bbox 1654 1080 1814 1153; x_wconf 73' lang='grc' dir='ltr'>ἀναγ-</span> 
     </span>
    </p>
   </div>
   <div class='ocr_carea' id='block_1_13' title="bbox 229 1165 1808 1244">
    <p class='ocr_par' dir='ltr' id='par_1_13' title="bbox 229 1165 1808 1244">
     <span class='ocr_line' id='line_1_13' title="bbox 229 1165 1808 1244; baseline 0 -23"><span class='ocrx_word' id='word_1_76' title='bbox 229 1177 361 1222; x_wconf 83' lang='grc' dir='ltr'>καῖον</span> <span class='ocrx_word' id='word_1_77' title='bbox 420 1168 571 1241; x_wconf 80' lang='grc' dir='ltr'>ζυμῷ</span> <span class='ocrx_word' id='word_1_78' title='bbox 634 1172 726 1221; x_wconf 86' lang='grc' dir='ltr'><strong>τόν</strong></span> <span class='ocrx_word' id='word_1_79' title='bbox 792 1170 950 1243; x_wconf 73' lang='grc' dir='ltr'>ἄρτον</span> <span class='ocrx_word' id='word_1_80' title='bbox 1017 1165 1145 1223; x_wconf 82' lang='grc' dir='ltr'>εἶναι</span> <span class='ocrx_word' id='word_1_81' title='bbox 1204 1174 1292 1223; x_wconf 89' lang='grc' dir='ltr'>τὸν</span> <span class='ocrx_word' id='word_1_82' title='bbox 1356 1174 1808 1244; x_wconf 69' lang='grc' dir='ltr'>προσφερόμενον,</span> 
     </span>
    </p>
   </div>
   <div class='ocr_carea' id='block_1_14' title="bbox 225 1256 1814 1334">
    <p class='ocr_par' dir='ltr' id='par_1_14' title="bbox 225 1256 1814 1334">
     <span class='ocr_line' id='line_1_14' title="bbox 225 1256 1814 1334; baseline 0 -23"><span class='ocrx_word' id='word_1_83' title='bbox 225 1264 301 1312; x_wconf 82' lang='grc' dir='ltr'><strong>τόν</strong></span> <span class='ocrx_word' id='word_1_84' title='bbox 345 1257 536 1330; x_wconf 61' lang='grc' dir='ltr'>ψυχῆς</span> <span class='ocrx_word' id='word_1_85' title='bbox 564 1259 761 1329; x_wconf 67' lang='grc' dir='ltr'>ἔχοντα</span> <span class='ocrx_word' id='word_1_86' title='bbox 805 1256 1063 1331; x_wconf 75' lang='grc' dir='ltr'>σύμϐολον</span> <span class='ocrx_word' id='word_1_87' title='bbox 1094 1259 1211 1330; x_wconf 74' lang='grc'><strong>(21)</strong></span> <span class='ocrx_word' id='word_1_88' title='bbox 1236 1262 1292 1311; x_wconf 88' lang='grc' dir='ltr'><strong>τό</strong></span> <span class='ocrx_word' id='word_1_89' title='bbox 1331 1278 1385 1312; x_wconf 85' lang='grc' dir='ltr'><strong>τε</strong></span> <span class='ocrx_word' id='word_1_90' title='bbox 1426 1261 1526 1334; x_wconf 70' lang='grc' dir='ltr'><strong>γὰρ</strong></span> <span class='ocrx_word' id='word_1_91' title='bbox 1572 1256 1644 1311; x_wconf 76' lang='grc' dir='ltr'>δι’</span> <span class='ocrx_word' id='word_1_92' title='bbox 1675 1260 1814 1332; x_wconf 77' lang='grc' dir='ltr'>ἡμᾶς</span> 
     </span>
    </p>
   </div>
   <div class='ocr_carea' id='block_1_15' title="bbox 226 1348 1814 1422">
    <p class='ocr_par' dir='ltr' id='par_1_15' title="bbox 226 1348 1814 1422">
     <span class='ocr_line' id='line_1_15' title="bbox 226 1348 1814 1422; baseline 0 -21"><span class='ocrx_word' id='word_1_93' title='bbox 226 1348 460 1408; x_wconf 79' lang='grc' dir='ltr'>πεπονθός</span> <span class='ocrx_word' id='word_1_94' title='bbox 518 1356 675 1419; x_wconf 81' lang='grc' dir='ltr'>σῶμα</span> <span class='ocrx_word' id='word_1_95' title='bbox 730 1354 822 1400; x_wconf 79' lang='grc' dir='ltr'>τοῦ</span> <span class='ocrx_word' id='word_1_96' title='bbox 881 1355 1117 1422; x_wconf 81' lang='grc' dir='ltr'><strong>Σωτῆρος</strong></span> <span class='ocrx_word' id='word_1_97' title='bbox 1173 1355 1410 1422; x_wconf 75' lang='grc' dir='ltr'><strong>Χριστοῦ</strong></span> <span class='ocrx_word' id='word_1_98' title='bbox 1462 1348 1562 1408; x_wconf 81' lang='grc' dir='ltr'><strong>ζῶν</strong></span> <span class='ocrx_word' id='word_1_99' title='bbox 1615 1367 1669 1401; x_wconf 88' lang='grc' dir='ltr'><strong>τε</strong></span> <span class='ocrx_word' id='word_1_100' title='bbox 1725 1352 1814 1401; x_wconf 81' lang='grc' dir='ltr'><strong>καὶ</strong></span> 
     </span>
    </p>
   </div>
   <div class='ocr_carea' id='block_1_16' title="bbox 225 1432 1814 1512">
    <p class='ocr_par' dir='ltr' id='par_1_16' title="bbox 225 1432 1814 1512">
     <span class='ocr_line' id='line_1_16' title="bbox 225 1432 1814 1512; baseline 0.001 -23"><span class='ocrx_word' id='word_1_101' title='bbox 225 1432 475 1510; x_wconf 52' lang='grc' dir='ltr'>ἔμψυχον,</span> <span class='ocrx_word' id='word_1_102' title='bbox 507 1437 576 1488; x_wconf 84' lang='grc' dir='ltr'><strong>τά</strong></span> <span class='ocrx_word' id='word_1_103' title='bbox 617 1454 671 1489; x_wconf 85' lang='grc' dir='ltr'><strong>τε</strong></span> <span class='ocrx_word' id='word_1_104' title='bbox 706 1438 936 1512; x_wconf 76' lang='grc' dir='ltr'>ἡμέτερα</span> <span class='ocrx_word' id='word_1_105' title='bbox 982 1439 1250 1505; x_wconf 75' lang='grc' dir='ltr'><strong>ὡσαύτως,</strong></span> <span class='ocrx_word' id='word_1_106' title='bbox 1282 1442 1373 1489; x_wconf 83' lang='grc' dir='ltr'>καὶ</span> <span class='ocrx_word' id='word_1_107' title='bbox 1419 1439 1487 1490; x_wconf 78' lang='grc' dir='ltr'>τὰ</span> <span class='ocrx_word' id='word_1_108' title='bbox 1523 1438 1649 1511; x_wconf 73' lang='grc' dir='ltr'>ὑπὲρ</span> <span class='ocrx_word' id='word_1_109' title='bbox 1691 1437 1814 1510; x_wconf 75' lang='grc' dir='ltr'>ἀφέ-</span> 
     </span>
    </p>
   </div>
   <div class='ocr_carea' id='block_1_17' title="bbox 225 1522 1813 1600">
    <p class='ocr_par' dir='ltr' id='par_1_17' title="bbox 225 1522 1813 1600">
     <span class='ocr_line' id='line_1_17' title="bbox 225 1522 1813 1600; baseline 0 -21"><span class='ocrx_word' id='word_1_110' title='bbox 225 1545 339 1589; x_wconf 78' lang='grc' dir='ltr'>σεως</span> <span class='ocrx_word' id='word_1_111' title='bbox 378 1523 723 1599; x_wconf 65' lang='grc' dir='ltr'>σφαλμάτων,</span> <span class='ocrx_word' id='word_1_112' title='bbox 764 1528 866 1578; x_wconf 79' lang='grc' dir='ltr'>εἴτε</span> <span class='ocrx_word' id='word_1_113' title='bbox 913 1528 972 1579; x_wconf 85' lang='grc' dir='ltr'>τὸ</span> <span class='ocrx_word' id='word_1_114' title='bbox 1021 1525 1068 1578; x_wconf 84' lang='grc' dir='ltr'><strong>έν</strong></span> <span class='ocrx_word' id='word_1_115' title='bbox 1114 1535 1178 1600; x_wconf 80' lang='grc' dir='ltr'><strong>τῇ</strong></span> <span class='ocrx_word' id='word_1_116' title='bbox 1227 1529 1470 1600; x_wconf 76' lang='grc' dir='ltr'><strong>παρούσῃ</strong></span> <span class='ocrx_word' id='word_1_117' title='bbox 1531 1528 1607 1579; x_wconf 83' lang='grc' dir='ltr'>ἔτι</span> <span class='ocrx_word' id='word_1_118' title='bbox 1658 1522 1813 1585; x_wconf 75' lang='grc' dir='ltr'>ἔνδη-</span> 
     </span>
    </p>
   </div>
   <div class='ocr_carea' id='block_1_18' title="bbox 222 1611 1812 1687">
    <p class='ocr_par' dir='ltr' id='par_1_18' title="bbox 222 1611 1812 1687">
     <span class='ocr_line' id='line_1_18' title="bbox 222 1611 1812 1687; baseline -0.002 -18"><span class='ocrx_word' id='word_1_119' title='bbox 222 1619 440 1687; x_wconf 80' lang='grc' dir='ltr'>μούντων</span> <span class='ocrx_word' id='word_1_120' title='bbox 495 1615 631 1686; x_wconf 69' lang='grc' dir='ltr'>ζωῇ,</span> <span class='ocrx_word' id='word_1_121' title='bbox 677 1616 778 1666; x_wconf 82' lang='grc' dir='ltr'>εἴτε</span> <span class='ocrx_word' id='word_1_122' title='bbox 823 1622 924 1667; x_wconf 82' lang='grc' dir='ltr'>τῶν</span> <span class='ocrx_word' id='word_1_123' title='bbox 977 1611 1033 1666; x_wconf 80' lang='grc' dir='ltr'>ἐκ</span> <span class='ocrx_word' id='word_1_124' title='bbox 1072 1617 1265 1676; x_wconf 79' lang='grc' dir='ltr'><strong>ταύτης</strong></span> <span class='ocrx_word' id='word_1_125' title='bbox 1310 1612 1417 1675; x_wconf 74' lang='grc' dir='ltr'>ἤδη</span> <span class='ocrx_word' id='word_1_126' title='bbox 1459 1614 1812 1668; x_wconf 78' lang='grc' dir='ltr'>ἀπολυθέντων</span> 
     </span>
    </p>
   </div>
   <div class='ocr_carea' id='block_1_19' title="bbox 1923 419 3487 504">
    <p class='ocr_par' dir='ltr' id='par_1_19' title="bbox 1923 419 3487 504">
     <span class='ocr_line' id='line_1_19' title="bbox 1923 419 3487 504; baseline 0.009 -29"><span class='ocrx_word' id='word_1_127' title='bbox 1923 423 2222 493; x_wconf 84' lang='lat' dir='ltr'><strong>quatenus</strong></span> <span class='ocrx_word' id='word_1_128' title='bbox 2248 419 2435 480; x_wconf 87' lang='lat' dir='ltr'><strong>homo</strong></span> <span class='ocrx_word' id='word_1_129' title='bbox 2466 423 2700 495; x_wconf 78' lang='lat' dir='ltr'><strong>obtulit,</strong></span> <span class='ocrx_word' id='word_1_130' title='bbox 2731 430 3032 499; x_wconf 80' lang='lat' dir='ltr'><strong>quatenus</strong></span> <span class='ocrx_word' id='word_1_131' title='bbox 3062 430 3217 486; x_wconf 85' lang='lat' dir='ltr'><strong>Deus</strong></span> <span class='ocrx_word' id='word_1_132' title='bbox 3237 431 3487 504; x_wconf 81' lang='lat' dir='ltr'><strong>recepit.</strong></span> 
     </span>
    </p>
   </div>
   <div class='ocr_carea' id='block_1_20' title="bbox 1922 544 3572 626">
    <p class='ocr_par' dir='ltr' id='par_1_20' title="bbox 1922 544 3572 626">
     <span class='ocr_line' id='line_1_20' title="bbox 1922 544 3572 626; baseline 0.008 -25"><span class='ocrx_word' id='word_1_133' title='bbox 1922 544 2225 604; x_wconf 81' lang='lat' dir='ltr'><strong>Eustratii</strong></span> <span class='ocrx_word' id='word_1_134' title='bbox 2249 548 2485 606; x_wconf 69' lang='lat' dir='ltr'><strong>Nicaeni</strong></span> <span class='ocrx_word' id='word_1_135' title='bbox 2510 565 2581 607; x_wconf 73' lang='lat' dir='ltr'><strong>ex</strong></span> <span class='ocrx_word' id='word_1_136' title='bbox 2617 551 2875 609; x_wconf 84' lang='lat' dir='ltr'><strong>secundo</strong></span> <span class='ocrx_word' id='word_1_137' title='bbox 2903 554 2992 610; x_wconf 91' lang='lat' dir='ltr'><strong>De</strong></span> <span class='ocrx_word' id='word_1_138' title='bbox 3019 556 3243 626; x_wconf 80' lang='lat' dir='ltr'><strong>azymis</strong></span> <span class='ocrx_word' id='word_1_139' title='bbox 3284 571 3572 617; x_wconf 81' lang='lat' dir='ltr'><strong>sermone.</strong></span> 
     </span>
    </p>
   </div>
   <div class='ocr_carea' id='block_1_21' title="bbox 1993 724 3572 808">
    <p class='ocr_par' dir='ltr' id='par_1_21' title="bbox 1993 724 3572 808">
     <span class='ocr_line' id='line_1_21' title="bbox 1993 724 3572 808; baseline 0.009 -28"><span class='ocrx_word' id='word_1_140' title='bbox 1993 724 2221 782; x_wconf 83' lang='lat' dir='ltr'><strong>Revera</strong></span> <span class='ocrx_word' id='word_1_141' title='bbox 2263 730 2320 784; x_wconf 90' lang='lat' dir='ltr'><strong>et</strong></span> <span class='ocrx_word' id='word_1_142' title='bbox 2360 743 2499 784; x_wconf 91' lang='lat' dir='ltr'><strong>cum</strong></span> <span class='ocrx_word' id='word_1_143' title='bbox 2528 727 2807 786; x_wconf 87' lang='lat' dir='ltr'><strong>salutaris</strong></span> <span class='ocrx_word' id='word_1_144' title='bbox 2839 732 3142 802; x_wconf 81' lang='lat' dir='ltr'><strong>passionis</strong></span> <span class='ocrx_word' id='word_1_145' title='bbox 3188 734 3572 808; x_wconf 87' lang='lat' dir='ltr'><strong>sacriﬁcium,</strong></span> 
     </span>
    </p>
   </div>
   <div class='ocr_carea' id='block_1_22' title="bbox 1925 813 3573 897">
    <p class='ocr_par' dir='ltr' id='par_1_22' title="bbox 1925 813 3573 897">
     <span class='ocr_line' id='line_1_22' title="bbox 1925 813 3573 897; baseline 0.01 -28"><span class='ocrx_word' id='word_1_146' title='bbox 1925 813 1978 870; x_wconf 89' lang='lat' dir='ltr'><strong>ei</strong></span> <span class='ocrx_word' id='word_1_147' title='bbox 2007 815 2111 887; x_wconf 87' lang='lat' dir='ltr'><strong>qui</strong></span> <span class='ocrx_word' id='word_1_148' title='bbox 2152 831 2263 888; x_wconf 89' lang='lat' dir='ltr'><strong>pro</strong></span> <span class='ocrx_word' id='word_1_149' title='bbox 2308 816 2486 874; x_wconf 91' lang='lat' dir='ltr'><strong>nobis</strong></span> <span class='ocrx_word' id='word_1_150' title='bbox 2518 821 2606 874; x_wconf 88' lang='lat' dir='ltr'><strong>est</strong></span> <span class='ocrx_word' id='word_1_151' title='bbox 2634 834 2851 890; x_wconf 89' lang='lat' dir='ltr'><strong>passus</strong></span> <span class='ocrx_word' id='word_1_152' title='bbox 2880 819 3144 893; x_wconf 75' lang='lat' dir='ltr'><strong>offertur,</strong></span> <span class='ocrx_word' id='word_1_153' title='bbox 3173 823 3295 880; x_wconf 83' lang='lat' dir='ltr'><strong>sive</strong></span> <span class='ocrx_word' id='word_1_154' title='bbox 3321 840 3433 897; x_wconf 91' lang='lat' dir='ltr'><strong>pro</strong></span> <span class='ocrx_word' id='word_1_155' title='bbox 3461 842 3573 885; x_wconf 90' lang='lat' dir='ltr'><strong>no-</strong></span> 
     </span>
    </p>
   </div>
   <div class='ocr_carea' id='block_1_23' title="bbox 1925 904 3576 980">
    <p class='ocr_par' dir='ltr' id='par_1_23' title="bbox 1925 904 3576 980">
     <span class='ocr_line' id='line_1_23' title="bbox 1925 904 3576 980; baseline 0.008 -21"><span class='ocrx_word' id='word_1_156' title='bbox 1925 908 2047 960; x_wconf 87' lang='lat' dir='ltr'><strong>stra</strong></span> <span class='ocrx_word' id='word_1_157' title='bbox 2076 904 2371 976; x_wconf 79' lang='lat' dir='ltr'><strong>corporali</strong></span> <span class='ocrx_word' id='word_1_158' title='bbox 2406 907 2546 979; x_wconf 89' lang='lat' dir='ltr'><strong>vita,</strong></span> <span class='ocrx_word' id='word_1_159' title='bbox 2581 907 2705 963; x_wconf 85' lang='lat' dir='ltr'><strong>sive</strong></span> <span class='ocrx_word' id='word_1_160' title='bbox 2735 924 2844 980; x_wconf 89' lang='lat' dir='ltr'><strong>pro</strong></span> <span class='ocrx_word' id='word_1_161' title='bbox 2876 908 3198 967; x_wconf 86' lang='lat' dir='ltr'><strong>animabus</strong></span> <span class='ocrx_word' id='word_1_162' title='bbox 3243 915 3464 970; x_wconf 86' lang='lat' dir='ltr'><strong>nostris</strong></span> <span class='ocrx_word' id='word_1_163' title='bbox 3509 918 3576 974; x_wconf 90' lang='lat' dir='ltr'><strong>ut</strong></span> 
     </span>
    </p>
   </div>
   <div class='ocr_carea' id='block_1_24' title="bbox 1921 992 3573 1076">
    <p class='ocr_par' dir='ltr' id='par_1_24' title="bbox 1921 992 3573 1076">
     <span class='ocr_line' id='line_1_24' title="bbox 1921 992 3573 1076; baseline 0.007 -28"><span class='ocrx_word' id='word_1_164' title='bbox 1921 992 2301 1050; x_wconf 76' lang='lat' dir='ltr'><strong>remittantur</strong></span> <span class='ocrx_word' id='word_1_165' title='bbox 2329 1010 2400 1051; x_wconf 88' lang='lat' dir='ltr'><strong>ea</strong></span> <span class='ocrx_word' id='word_1_166' title='bbox 2436 1012 2573 1069; x_wconf 81' lang='lat' dir='ltr'><strong>quae</strong></span> <span class='ocrx_word' id='word_1_167' title='bbox 2609 996 2672 1052; x_wconf 89' lang='lat' dir='ltr'><strong>in</strong></span> <span class='ocrx_word' id='word_1_168' title='bbox 2697 997 2820 1054; x_wconf 89' lang='lat' dir='ltr'><strong>vita</strong></span> <span class='ocrx_word' id='word_1_169' title='bbox 2861 998 3272 1071; x_wconf 85' lang='lat' dir='ltr'><strong>peccavimus,</strong></span> <span class='ocrx_word' id='word_1_170' title='bbox 3306 1001 3433 1059; x_wconf 84' lang='lat' dir='ltr'><strong>sive</strong></span> <span class='ocrx_word' id='word_1_171' title='bbox 3463 1017 3573 1076; x_wconf 91' lang='lat' dir='ltr'><strong>pro</strong></span> 
     </span>
    </p>
   </div>
   <div class='ocr_carea' id='block_1_25' title="bbox 1921 1081 3573 1161">
    <p class='ocr_par' dir='ltr' id='par_1_25' title="bbox 1921 1081 3573 1161">
     <span class='ocr_line' id='line_1_25' title="bbox 1921 1081 3573 1161; baseline 0.008 -25"><span class='ocrx_word' id='word_1_172' title='bbox 1921 1081 1991 1137; x_wconf 91' lang='lat' dir='ltr'><strong>iis</strong></span> <span class='ocrx_word' id='word_1_173' title='bbox 2021 1082 2124 1154; x_wconf 88' lang='lat' dir='ltr'><strong>qui</strong></span> <span class='ocrx_word' id='word_1_174' title='bbox 2145 1082 2281 1138; x_wconf 89' lang='lat' dir='ltr'><strong>hinc</strong></span> <span class='ocrx_word' id='word_1_175' title='bbox 2310 1083 2739 1154; x_wconf 86' lang='lat' dir='ltr'><strong>migraverunt,</strong></span> <span class='ocrx_word' id='word_1_176' title='bbox 2773 1101 3016 1143; x_wconf 89' lang='lat' dir='ltr'><strong>necesse</strong></span> <span class='ocrx_word' id='word_1_177' title='bbox 3042 1093 3131 1144; x_wconf 90' lang='lat' dir='ltr'><strong>est</strong></span> <span class='ocrx_word' id='word_1_178' title='bbox 3156 1104 3378 1161; x_wconf 85' lang='lat' dir='ltr'><strong>panem</strong></span> <span class='ocrx_word' id='word_1_179' title='bbox 3402 1090 3573 1150; x_wconf 90' lang='lat' dir='ltr'><strong>illum</strong></span> 
     </span>
    </p>
   </div>
   <div class='ocr_carea' id='block_1_26' title="bbox 1922 1169 3571 1249">
    <p class='ocr_par' dir='ltr' id='par_1_26' title="bbox 1922 1169 3571 1249">
     <span class='ocr_line' id='line_1_26' title="bbox 1922 1169 3571 1249; baseline 0.007 -24"><span class='ocrx_word' id='word_1_180' title='bbox 1922 1171 2027 1243; x_wconf 92' lang='lat' dir='ltr'>qui</span> <span class='ocrx_word' id='word_1_181' title='bbox 2062 1169 2307 1228; x_wconf 71' lang='lat' dir='ltr'><strong>oti‘ertur</strong></span> <span class='ocrx_word' id='word_1_182' title='bbox 2354 1189 2484 1229; x_wconf 89' lang='lat' dir='ltr'><strong>esse</strong></span> <span class='ocrx_word' id='word_1_183' title='bbox 2526 1173 2974 1244; x_wconf 87' lang='lat' dir='ltr'><strong>fermentatum,</strong></span> <span class='ocrx_word' id='word_1_184' title='bbox 3007 1177 3158 1249; x_wconf 84' lang='lat' dir='ltr'>quia</span> <span class='ocrx_word' id='word_1_185' title='bbox 3204 1176 3571 1238; x_wconf 86' lang='lat' dir='ltr'><strong>fermentum</strong></span> 
     </span>
    </p>
   </div>
   <div class='ocr_carea' id='block_1_27' title="bbox 1922 1260 3573 1341">
    <p class='ocr_par' dir='ltr' id='par_1_27' title="bbox 1922 1260 3573 1341">
     <span class='ocr_line' id='line_1_27' title="bbox 1922 1260 3573 1341; baseline 0.008 -27"><span class='ocrx_word' id='word_1_186' title='bbox 1922 1260 2141 1316; x_wconf 64' lang='lat' dir='ltr'><strong>animas</strong></span> <span class='ocrx_word' id='word_1_187' title='bbox 2163 1261 2510 1332; x_wconf 86' lang='lat' dir='ltr'><strong>symbolum</strong></span> <span class='ocrx_word' id='word_1_188' title='bbox 2538 1267 2647 1321; x_wconf 89' lang='lat' dir='ltr'><strong>est.</strong></span> <span class='ocrx_word' id='word_1_189' title='bbox 2677 1266 2825 1320; x_wconf 87' lang='lat' dir='ltr'><strong>Nam</strong></span> <span class='ocrx_word' id='word_1_190' title='bbox 2847 1267 2904 1321; x_wconf 90' lang='lat' dir='ltr'><strong>et</strong></span> <span class='ocrx_word' id='word_1_191' title='bbox 2950 1265 3166 1322; x_wconf 87' lang='lat' dir='ltr'><strong>Christi</strong></span> <span class='ocrx_word' id='word_1_192' title='bbox 3196 1266 3259 1323; x_wconf 92' lang='lat' dir='ltr'><strong>in</strong></span> <span class='ocrx_word' id='word_1_193' title='bbox 3290 1268 3573 1341; x_wconf 85' lang='lat' dir='ltr'><strong>passione</strong></span> 
     </span>
    </p>
   </div>
   <div class='ocr_carea' id='block_1_28' title="bbox 1924 1351 3573 1422">
    <p class='ocr_par' dir='ltr' id='par_1_28' title="bbox 1924 1351 3573 1422">
     <span class='ocr_line' id='line_1_28' title="bbox 1924 1351 3573 1422; baseline 0.007 -18"><span class='ocrx_word' id='word_1_194' title='bbox 1924 1365 2141 1422; x_wconf 87' lang='lat' dir='ltr'><strong>corpus</strong></span> <span class='ocrx_word' id='word_1_195' title='bbox 2170 1351 2376 1407; x_wconf 87' lang='lat' dir='ltr'><strong>vivum</strong></span> <span class='ocrx_word' id='word_1_196' title='bbox 2410 1355 2538 1408; x_wconf 90' lang='lat' dir='ltr'><strong>erat</strong></span> <span class='ocrx_word' id='word_1_197' title='bbox 2566 1355 2622 1408; x_wconf 91' lang='lat' dir='ltr'><strong>et</strong></span> <span class='ocrx_word' id='word_1_198' title='bbox 2658 1353 2996 1410; x_wconf 88' lang='lat' dir='ltr'><strong>animatum</strong></span> <span class='ocrx_word' id='word_1_199' title='bbox 3023 1368 3036 1420; x_wconf 89' lang='lat'><strong>;</strong></span> <span class='ocrx_word' id='word_1_200' title='bbox 3070 1359 3126 1411; x_wconf 91' lang='lat' dir='ltr'><strong>et</strong></span> <span class='ocrx_word' id='word_1_201' title='bbox 3152 1360 3362 1415; x_wconf 90' lang='lat' dir='ltr'><strong>nostra</strong></span> <span class='ocrx_word' id='word_1_202' title='bbox 3403 1358 3573 1416; x_wconf 91' lang='lat' dir='ltr'><strong>simi-</strong></span> 
     </span>
    </p>
   </div>
   <div class='ocr_carea' id='block_1_29' title="bbox 1921 1437 3572 1516">
    <p class='ocr_par' dir='ltr' id='par_1_29' title="bbox 1921 1437 3572 1516">
     <span class='ocr_line' id='line_1_29' title="bbox 1921 1437 3572 1516; baseline 0.007 -23"><span class='ocrx_word' id='word_1_203' title='bbox 1921 1437 2055 1494; x_wconf 89' lang='lat' dir='ltr'><strong>liter</strong></span> <span class='ocrx_word' id='word_1_204' title='bbox 2101 1437 2414 1506; x_wconf 83' lang='lat' dir='ltr'><strong>sacriﬁcia,</strong></span> <span class='ocrx_word' id='word_1_205' title='bbox 2448 1455 2558 1513; x_wconf 89' lang='lat' dir='ltr'><strong>pro</strong></span> <span class='ocrx_word' id='word_1_206' title='bbox 2603 1441 2958 1499; x_wconf 90' lang='lat' dir='ltr'><strong>remissione</strong></span> <span class='ocrx_word' id='word_1_207' title='bbox 3005 1449 3415 1516; x_wconf 88' lang='lat' dir='ltr'><strong>peccatorum,</strong></span> <span class='ocrx_word' id='word_1_208' title='bbox 3445 1447 3572 1504; x_wconf 85' lang='lat' dir='ltr'><strong>sive</strong></span> 
     </span>
    </p>
   </div>
   <div class='ocr_carea' id='block_1_30' title="bbox 1923 1526 3575 1610">
    <p class='ocr_par' dir='ltr' id='par_1_30' title="bbox 1923 1526 3575 1610">
     <span class='ocr_line' id='line_1_30' title="bbox 1923 1526 3575 1610; baseline 0.006 -26"><span class='ocrx_word' id='word_1_209' title='bbox 1923 1528 2123 1585; x_wconf 90' lang='lat' dir='ltr'><strong>adhuc</strong></span> <span class='ocrx_word' id='word_1_210' title='bbox 2153 1528 2479 1586; x_wconf 85' lang='lat' dir='ltr'><strong>viventium</strong></span> <span class='ocrx_word' id='word_1_211' title='bbox 2512 1526 2785 1586; x_wconf 90' lang='lat' dir='ltr'><strong>ﬁdelium</strong></span> <span class='ocrx_word' id='word_1_212' title='bbox 2816 1531 2940 1588; x_wconf 90' lang='lat' dir='ltr'><strong>sive</strong></span> <span class='ocrx_word' id='word_1_213' title='bbox 2988 1531 3432 1606; x_wconf 87' lang='lat' dir='ltr'><strong>defunctorum,</strong></span> <span class='ocrx_word' id='word_1_214' title='bbox 3462 1551 3575 1610; x_wconf 92' lang='lat' dir='ltr'><strong>pro</strong></span> 
     </span>
    </p>
   </div>
   <div class='ocr_carea' id='block_1_31' title="bbox 1923 1616 3574 1696">
    <p class='ocr_par' dir='ltr' id='par_1_31' title="bbox 1923 1616 3574 1696">
     <span class='ocr_line' id='line_1_31' title="bbox 1923 1616 3574 1696; baseline 0.005 -22"><span class='ocrx_word' id='word_1_215' title='bbox 1923 1617 2245 1692; x_wconf 87' lang='lat' dir='ltr'><strong>animabus</strong></span> <span class='ocrx_word' id='word_1_216' title='bbox 2292 1616 2642 1677; x_wconf 72' lang='lat' dir='ltr'><strong>offeruntur.</strong></span> <span class='ocrx_word' id='word_1_217' title='bbox 2689 1620 2843 1677; x_wconf 87' lang='lat' dir='ltr'><strong>Nihil</strong></span> <span class='ocrx_word' id='word_1_218' title='bbox 2892 1636 3035 1679; x_wconf 90' lang='lat' dir='ltr'><strong>vero</strong></span> <span class='ocrx_word' id='word_1_219' title='bbox 3074 1634 3325 1695; x_wconf 88' lang='lat' dir='ltr'><strong>prorsus</strong></span> <span class='ocrx_word' id='word_1_220' title='bbox 3366 1625 3574 1696; x_wconf 81' lang='lat' dir='ltr'><strong>ofﬁcit,</strong></span> 
     </span>
    </p>
   </div>
   <div class='ocr_carea' id='block_1_32' title="bbox 222 1692 1804 1788">
    <p class='ocr_par' dir='ltr' id='par_1_32' title="bbox 222 1700 1804 1779">
     <span class='ocr_line' id='line_1_32' title="bbox 222 1700 1804 1779; baseline 0.001 -22"><span class='ocrx_word' id='word_1_221' title='bbox 222 1714 436 1770; x_wconf 70' lang='grc' dir='ltr'>πιστῶν,</span> <span class='ocrx_word' id='word_1_222' title='bbox 486 1705 618 1777; x_wconf 73' lang='grc' dir='ltr'>ὑπὲρ</span> <span class='ocrx_word' id='word_1_223' title='bbox 661 1702 857 1775; x_wconf 70' lang='grc' dir='ltr'>ψυχῶν</span> <span class='ocrx_word' id='word_1_224' title='bbox 906 1701 1020 1756; x_wconf 79' lang='grc' dir='ltr'>ἐστι</span> <span class='ocrx_word' id='word_1_225' title='bbox 1061 1710 1466 1779; x_wconf 79' lang='grc' dir='ltr'><strong>προσφερόμενα.</strong></span> <span class='ocrx_word' id='word_1_226' title='bbox 1533 1702 1700 1758; x_wconf 74' lang='grc' dir='ltr'><strong>Οὐδὲν</strong></span> <span class='ocrx_word' id='word_1_227' title='bbox 1754 1700 1804 1758; x_wconf 72' lang='grc' dir='ltr'>δι</span> 
     </span>
    </p>
   </div>
   <div class='ocr_carea' id='block_1_33' title="bbox 1920 1692 3579 1788">
    <p class='ocr_par' dir='ltr' id='par_1_33' title="bbox 1922 1692 3579 1788">
     <span class='ocr_line' id='line_1_33' title="bbox 1922 1692 3579 1788; baseline 0.007 -25"><span class='ocrx_word' id='word_1_228' title='bbox 1922 1707 2090 1781; x_wconf 90' lang='lat' dir='ltr'><strong>quod</strong></span> <span class='ocrx_word' id='word_1_229' title='bbox 2121 1706 2448 1780; x_wconf 88' lang='lat' dir='ltr'><strong>aliquando</strong></span> <span class='ocrx_word' id='word_1_230' title='bbox 2492 1708 2571 1766; x_wconf 91' lang='lat' dir='ltr'><strong>ob</strong></span> <span class='ocrx_word' id='word_1_231' title='bbox 2602 1710 2931 1781; x_wconf 85' lang='lat' dir='ltr'><strong>gratiarum</strong></span> <span class='ocrx_word' id='word_1_232' title='bbox 2980 1692 3280 1770; x_wconf 78' lang='lat' dir='ltr'><strong>actionem</strong></span> <span class='ocrx_word' id='word_1_233' title='bbox 3309 1729 3421 1788; x_wconf 89' lang='lat' dir='ltr'><strong>pro</strong></span> <span class='ocrx_word' id='word_1_234' title='bbox 3450 1692 3579 1773; x_wconf 77' lang='lat' dir='ltr'><strong>cor-</strong></span> 
     </span>
    </p>
   </div>
   <div class='ocr_carea' id='block_1_34' title="bbox 220 1792 1815 1868">
    <p class='ocr_par' dir='ltr' id='par_1_34' title="bbox 220 1792 1815 1868">
     <span class='ocr_line' id='line_1_34' title="bbox 220 1792 1815 1868; baseline 0 -21"><span class='ocrx_word' id='word_1_235' title='bbox 220 1815 262 1847; x_wconf 84' lang='grc' dir='ltr'><strong>τι</strong></span> <span class='ocrx_word' id='word_1_236' title='bbox 314 1798 522 1854; x_wconf 82' lang='grc' dir='ltr'>πάντως</span> <span class='ocrx_word' id='word_1_237' title='bbox 584 1796 964 1867; x_wconf 81' lang='grc' dir='ltr'>προσίσταται,</span> <span class='ocrx_word' id='word_1_238' title='bbox 1027 1792 1070 1846; x_wconf 81' lang='grc' dir='ltr'>εἰ</span> <span class='ocrx_word' id='word_1_239' title='bbox 1132 1798 1486 1868; x_wconf 75' lang='grc' dir='ltr'>χαριστήριον</span> <span class='ocrx_word' id='word_1_240' title='bbox 1550 1813 1672 1847; x_wconf 86' lang='grc' dir='ltr'>ποτε</span> <span class='ocrx_word' id='word_1_241' title='bbox 1718 1802 1815 1856; x_wconf 85' lang='grc' dir='ltr'>τῆς</span> 
     </span>
    </p>
   </div>
   <div class='ocr_carea' id='block_1_35' title="bbox 222 1879 1809 1959">
    <p class='ocr_par' dir='ltr' id='par_1_35' title="bbox 222 1879 1809 1959">
     <span class='ocr_line' id='line_1_35' title="bbox 222 1879 1809 1959; baseline 0.009 -37"><span class='ocrx_word' id='word_1_242' title='bbox 222 1884 341 1945; x_wconf 62' lang='grc' dir='ltr'>ζωῆς</span> <span class='ocrx_word' id='word_1_243' title='bbox 387 1884 542 1955; x_wconf 77' lang='grc' dir='ltr'>ἡμῶν</span> <span class='ocrx_word' id='word_1_244' title='bbox 582 1889 679 1942; x_wconf 83' lang='grc' dir='ltr'>τῆς</span> <span class='ocrx_word' id='word_1_245' title='bbox 722 1879 771 1932; x_wconf 82' lang='grc' dir='ltr'>ἐν</span> <span class='ocrx_word' id='word_1_246' title='bbox 822 1886 1032 1953; x_wconf 87' lang='grc' dir='ltr'>σώματι</span> <span class='ocrx_word' id='word_1_247' title='bbox 1076 1885 1167 1934; x_wconf 87' lang='grc' dir='ltr'><strong>τόν</strong></span> <span class='ocrx_word' id='word_1_248' title='bbox 1220 1884 1376 1955; x_wconf 82' lang='grc' dir='ltr'>ἄρτον</span> <span class='ocrx_word' id='word_1_249' title='bbox 1417 1886 1809 1959; x_wconf 58' lang='grc' dir='ltr'>προσφέρομεν</span> 
     </span>
    </p>
   </div>
   <div class='ocr_carea' id='block_1_36' title="bbox 218 1967 1814 2047">
    <p class='ocr_par' dir='ltr' id='par_1_36' title="bbox 218 1967 1814 2047">
     <span class='ocr_line' id='line_1_36' title="bbox 218 1967 1814 2047; baseline 0.001 -23"><span class='ocrx_word' id='word_1_250' title='bbox 218 1975 394 2047; x_wconf 70' lang='grc' dir='ltr'>ὀςτὰρ</span> <span class='ocrx_word' id='word_1_251' title='bbox 444 1974 510 2024; x_wconf 82' lang='grc' dir='ltr'>τὸ</span> <span class='ocrx_word' id='word_1_252' title='bbox 548 1971 797 2045; x_wconf 82' lang='grc' dir='ltr'>ἡμέτερον</span> <span class='ocrx_word' id='word_1_253' title='bbox 828 1971 855 2022; x_wconf 90' lang='lat'><strong>6</strong></span> <span class='ocrx_word' id='word_1_254' title='bbox 887 1974 1064 2045; x_wconf 80' lang='grc' dir='ltr'>Σωτὴρ</span> <span class='ocrx_word' id='word_1_255' title='bbox 1114 1970 1281 2043; x_wconf 79' lang='grc' dir='ltr'>ἐαυτῷ</span> <span class='ocrx_word' id='word_1_256' title='bbox 1320 1967 1414 2024; x_wconf 77' lang='grc' dir='ltr'><strong>διὰ</strong></span> <span class='ocrx_word' id='word_1_257' title='bbox 1456 1980 1550 2033; x_wconf 81' lang='grc' dir='ltr'>τῆς</span> <span class='ocrx_word' id='word_1_258' title='bbox 1579 1971 1814 2046; x_wconf 79' lang='grc' dir='ltr'>προσλή-</span> 
     </span>
    </p>
   </div>
   <div class='ocr_carea' id='block_1_37' title="bbox 216 2059 1815 2136">
    <p class='ocr_par' dir='ltr' id='par_1_37' title="bbox 216 2059 1815 2136">
     <span class='ocr_line' id='line_1_37' title="bbox 216 2059 1815 2136; baseline 0 -21"><span class='ocrx_word' id='word_1_259' title='bbox 216 2063 343 2133; x_wconf 55' lang='grc' dir='ltr'>ψεως</span> <span class='ocrx_word' id='word_1_260' title='bbox 394 2062 719 2132; x_wconf 70' lang='grc' dir='ltr'><strong>ᾠκειώσατο,</strong></span> <span class='ocrx_word' id='word_1_261' title='bbox 765 2059 935 2121; x_wconf 74' lang='grc' dir='ltr'>οὕτως</span> <span class='ocrx_word' id='word_1_262' title='bbox 974 2062 1065 2112; x_wconf 82' lang='grc' dir='ltr'>καὶ</span> <span class='ocrx_word' id='word_1_263' title='bbox 1112 2061 1171 2112; x_wconf 84' lang='grc' dir='ltr'>τὸ</span> <span class='ocrx_word' id='word_1_264' title='bbox 1219 2061 1346 2136; x_wconf 68' lang='grc' dir='ltr'>ὑπὲρ</span> <span class='ocrx_word' id='word_1_265' title='bbox 1401 2060 1588 2114; x_wconf 83' lang='grc' dir='ltr'>ἑαυτοῦ</span> <span class='ocrx_word' id='word_1_266' title='bbox 1640 2081 1815 2136; x_wconf 74' lang='grc' dir='ltr'>προσ-ι</span> 
     </span>
    </p>
   </div>
   <div class='ocr_carea' id='block_1_38' title="bbox 219 2148 1813 2225">
    <p class='ocr_par' dir='ltr' id='par_1_38' title="bbox 219 2148 1813 2225">
     <span class='ocr_line' id='line_1_38' title="bbox 219 2148 1813 2225; baseline 0.001 -22"><span class='ocrx_word' id='word_1_267' title='bbox 219 2156 479 2225; x_wconf 62' lang='grc' dir='ltr'>φερόμενον</span> <span class='ocrx_word' id='word_1_268' title='bbox 528 2148 698 2221; x_wconf 82' lang='grc' dir='ltr'>ἑαυτῷ</span> <span class='ocrx_word' id='word_1_269' title='bbox 735 2148 1081 2221; x_wconf 77' lang='grc' dir='ltr'>οἰκειούμενος</span> <span class='ocrx_word' id='word_1_270' title='bbox 1134 2148 1322 2203; x_wconf 75' lang='grc' dir='ltr'>ἑαυτοῦ</span> <span class='ocrx_word' id='word_1_271' title='bbox 1367 2158 1521 2223; x_wconf 86' lang='grc' dir='ltr'>σῶμα</span> <span class='ocrx_word' id='word_1_272' title='bbox 1564 2157 1813 2221; x_wconf 86' lang='grc' dir='ltr'>ποιεῖται,</span> 
     </span>
    </p>
   </div>
   <div class='ocr_carea' id='block_1_39' title="bbox 218 2234 1029 2313">
    <p class='ocr_par' dir='ltr' id='par_1_39' title="bbox 218 2234 1029 2313">
     <span class='ocr_line' id='line_1_39' title="bbox 218 2234 1029 2313; baseline -0.001 -19"><span class='ocrx_word' id='word_1_273' title='bbox 218 2248 298 2294; x_wconf 74' lang='grc' dir='ltr'>καὶ</span> <span class='ocrx_word' id='word_1_274' title='bbox 323 2243 452 2313; x_wconf 64' lang='grc' dir='ltr'>ἡμῖν</span> <span class='ocrx_word' id='word_1_275' title='bbox 479 2239 647 2293; x_wconf 68' lang='grc' dir='ltr'>αὐτοῦ</span> <span class='ocrx_word' id='word_1_276' title='bbox 671 2234 1029 2312; x_wconf 77' lang='grc' dir='ltr'>μεταδίδωσι.</span> 
     </span>
    </p>
   </div>
   <div class='ocr_carea' id='block_1_40' title="bbox 223 2362 1814 2449">
    <p class='ocr_par' dir='ltr' id='par_1_40' title="bbox 223 2362 1814 2449">
     <span class='ocr_line' id='line_1_40' title="bbox 223 2362 1814 2449; baseline 0.001 -32"><span class='ocrx_word' id='word_1_277' title='bbox 223 2370 409 2449; x_wconf 55' lang='grc' dir='ltr'>ειμι-»τίον</span> <span class='ocrx_word' id='word_1_278' title='bbox 460 2362 904 2449; x_wconf 57' lang='grc' dir='ltr'>πατριάρχουΑᾶ</span> <span class='ocrx_word' id='word_1_279' title='bbox 944 2368 1036 2415; x_wconf 77' lang='grc' dir='ltr'>τοῦ</span> <span class='ocrx_word' id='word_1_280' title='bbox 1073 2362 1249 2435; x_wconf 76' lang='grc' dir='ltr'>λόγου,</span> <span class='ocrx_word' id='word_1_281' title='bbox 1283 2364 1416 2449; x_wconf 31' lang='grc' dir='ltr'>οὖαὴλ</span> <span class='ocrx_word' id='word_1_282' title='bbox 1439 2363 1604 2449; x_wconf 69' lang='grc' dir='ltr'>ᾁρχή.</span> <span class='ocrx_word' id='word_1_283' title='bbox 1629 2386 1682 2449; x_wconf 43' lang='grc' dir='ltr'><strong>ἐι.</strong></span> <span class='ocrx_word' id='word_1_284' title='bbox 1703 2372 1814 2449; x_wconf 73' lang='grc' dir='ltr'><strong>Πῶς</strong></span> 
     </span>
    </p>
   </div>
   <div class='ocr_carea' id='block_1_41' title="bbox 281 2435 1811 2510">
    <p class='ocr_par' dir='ltr' id='par_1_41' title="bbox 281 2435 1811 2510">
     <span class='ocr_line' id='line_1_41' title="bbox 281 2435 1811 2510; baseline 0.001 -21"><span class='ocrx_word' id='word_1_285' title='bbox 281 2439 495 2510; x_wconf 63' lang='grc' dir='ltr'>θεληῖός</span> <span class='ocrx_word' id='word_1_286' title='bbox 520 2435 581 2489; x_wconf 73' lang='grc' dir='ltr'><strong>τε</strong></span> <span class='ocrx_word' id='word_1_287' title='bbox 604 2435 974 2497; x_wconf 24' lang='grc' dir='ltr'>καὶίᾶθέλητος</span> <span class='ocrx_word' id='word_1_288' title='bbox 1016 2443 1089 2504; x_wconf 86' lang='grc' dir='ltr'>τῷ</span> <span class='ocrx_word' id='word_1_289' title='bbox 1127 2441 1296 2510; x_wconf 81' lang='grc' dir='ltr'>ιιατρὶ</span> <span class='ocrx_word' id='word_1_290' title='bbox 1334 2437 1360 2487; x_wconf 92' lang='grc' dir='ltr'><strong>ό</strong></span> <span class='ocrx_word' id='word_1_291' title='bbox 1393 2435 1605 2510; x_wconf 74' lang='grc' dir='ltr'>θάνατος</span> <span class='ocrx_word' id='word_1_292' title='bbox 1629 2437 1811 2510; x_wconf 72' lang='grc' dir='ltr'>λέγοιτ’</span> 
     </span>
    </p>
   </div>
   <div class='ocr_carea' id='block_1_42' title="bbox 268 2506 1813 2580">
    <p class='ocr_par' dir='ltr' id='par_1_42' title="bbox 268 2506 1813 2580">
     <span class='ocr_line' id='line_1_42' title="bbox 268 2506 1813 2580; baseline 0.001 -21"><span class='ocrx_word' id='word_1_293' title='bbox 268 2509 328 2559; x_wconf 74' lang='grc' dir='ltr'>ἄν</span> <span class='ocrx_word' id='word_1_294' title='bbox 380 2506 516 2580; x_wconf 74' lang='grc' dir='ltr'>εἶναι</span> <span class='ocrx_word' id='word_1_295' title='bbox 568 2514 664 2559; x_wconf 83' lang='grc' dir='ltr'>τοῦ</span> <span class='ocrx_word' id='word_1_296' title='bbox 718 2513 958 2580; x_wconf 82' lang='grc' dir='ltr'>Χριστοῦ</span> <span class='ocrx_word' id='word_1_297' title='bbox 990 2524 1008 2580; x_wconf 55' lang='grc' dir='ltr'>ξ</span> <span class='ocrx_word' id='word_1_298' title='bbox 1044 2512 1156 2580; x_wconf 66' lang='grc' dir='ltr'><strong>⁸Καὶ.</strong></span> <span class='ocrx_word' id='word_1_299' title='bbox 1212 2506 1319 2568; x_wconf 75' lang='grc' dir='ltr'>πῶς</span> <span class='ocrx_word' id='word_1_300' title='bbox 1373 2507 1526 2560; x_wconf 83' lang='grc' dir='ltr'>πάλιν</span> <span class='ocrx_word' id='word_1_301' title='bbox 1555 2509 1601 2580; x_wconf 61' lang='grc' dir='ltr'><strong>⁸ὁ</strong></span> <span class='ocrx_word' id='word_1_302' title='bbox 1654 2506 1813 2573; x_wconf 73' lang='grc' dir='ltr'>αύτός</span> 
     </span>
    </p>
   </div>
   <div class='ocr_carea' id='block_1_43' title="bbox 272 2574 1809 2652">
    <p class='ocr_par' dir='ltr' id='par_1_43' title="bbox 272 2574 1809 2652">
     <span class='ocr_line' id='line_1_43' title="bbox 272 2574 1809 2652; baseline 0.002 -21"><span class='ocrx_word' id='word_1_303' title='bbox 272 2579 509 2652; x_wconf 74' lang='grc' dir='ltr'>συνέλθοι</span> <span class='ocrx_word' id='word_1_304' title='bbox 573 2586 656 2652; x_wconf 14' lang='grc' dir='ltr'>τῷ,</span> <span class='ocrx_word' id='word_1_305' title='bbox 705 2574 919 2650; x_wconf 77' lang='grc' dir='ltr'>πονηρῷ</span> <span class='ocrx_word' id='word_1_306' title='bbox 989 2576 1191 2639; x_wconf 85' lang='grc' dir='ltr'>θελητός</span> <span class='ocrx_word' id='word_1_307' title='bbox 1248 2597 1303 2631; x_wconf 88' lang='grc' dir='ltr'><strong>τε</strong></span> <span class='ocrx_word' id='word_1_308' title='bbox 1358 2580 1470 2652; x_wconf 80' lang='grc' dir='ltr'>ἄμα</span> <span class='ocrx_word' id='word_1_309' title='bbox 1530 2574 1659 2632; x_wconf 83' lang='grc' dir='ltr'>εἶναι</span> <span class='ocrx_word' id='word_1_310' title='bbox 1718 2585 1809 2634; x_wconf 79' lang='grc' dir='ltr'><strong>καὶ</strong></span> 
     </span>
    </p>
   </div>
   <div class='ocr_carea' id='block_1_44' title="bbox 270 2649 689 2721">
    <p class='ocr_par' dir='ltr' id='par_1_44' title="bbox 270 2649 689 2721">
     <span class='ocr_line' id='line_1_44' title="bbox 270 2649 689 2721; baseline -0.002 -19"><span class='ocrx_word' id='word_1_311' title='bbox 270 2649 516 2711; x_wconf 57' lang='lat' dir='ltr'><strong>Melum;</strong></span> <span class='ocrx_word' id='word_1_312' title='bbox 549 2649 689 2721; x_wconf 72' lang='lat'><strong>(22).</strong></span> 
     </span>
    </p>
   </div>
   <div class='ocr_carea' id='block_1_45' title="bbox 266 2751 1809 2833">
    <p class='ocr_par' dir='ltr' id='par_1_45' title="bbox 266 2751 1809 2833">
     <span class='ocr_line' id='line_1_45' title="bbox 266 2751 1809 2833; baseline 0.001 -23"><span class='ocrx_word' id='word_1_313' title='bbox 266 2756 408 2811; x_wconf 76' lang='grc' dir='ltr'>Ἐπεὶ</span> <span class='ocrx_word' id='word_1_314' title='bbox 448 2755 508 2809; x_wconf 85' lang='grc' dir='ltr'><strong>τό</strong></span> <span class='ocrx_word' id='word_1_315' title='bbox 556 2755 742 2829; x_wconf 81' lang='grc' dir='ltr'>λύτρον</span> <span class='ocrx_word' id='word_1_316' title='bbox 786 2757 915 2830; x_wconf 85' lang='grc' dir='ltr'>πρός</span> <span class='ocrx_word' id='word_1_317' title='bbox 969 2751 1066 2808; x_wconf 78' lang='grc' dir='ltr'>δύο</span> <span class='ocrx_word' id='word_1_318' title='bbox 1113 2775 1230 2809; x_wconf 89' lang='grc' dir='ltr'>τινα</span> <span class='ocrx_word' id='word_1_319' title='bbox 1283 2760 1378 2817; x_wconf 78' lang='grc' dir='ltr'>τὴν</span> <span class='ocrx_word' id='word_1_320' title='bbox 1436 2759 1693 2833; x_wconf 69' lang='grc' dir='ltr'>ἀναφορὰν</span> <span class='ocrx_word' id='word_1_321' title='bbox 1741 2761 1809 2822; x_wconf 83' lang='grc' dir='ltr'>ὡς</span> 
     </span>
    </p>
   </div>
   <div class='ocr_carea' id='block_1_46' title="bbox 189 2844 1808 2919">
    <p class='ocr_par' dir='ltr' id='par_1_46' title="bbox 189 2844 1808 2919">
     <span class='ocr_line' id='line_1_46' title="bbox 189 2844 1808 2919; baseline 0.001 -20"><span class='ocrx_word' id='word_1_322' title='bbox 418 2849 555 2917; x_wconf 80' lang='grc' dir='ltr'>ἔχει,</span> <span class='ocrx_word' id='word_1_323' title='bbox 607 2845 795 2919; x_wconf 81' lang='grc' dir='ltr'>ῥύσιόν</span> <span class='ocrx_word' id='word_1_324' title='bbox 843 2863 899 2896; x_wconf 86' lang='grc' dir='ltr'><strong>τε</strong></span> <span class='ocrx_word' id='word_1_325' title='bbox 941 2851 1041 2896; x_wconf 84' lang='grc' dir='ltr'>τῶν</span> <span class='ocrx_word' id='word_1_326' title='bbox 1098 2849 1458 2918; x_wconf 79' lang='grc' dir='ltr'>κατεχομένων</span> <span class='ocrx_word' id='word_1_327' title='bbox 1514 2844 1663 2912; x_wconf 73' lang='grc' dir='ltr'>εἶναι,</span> <span class='ocrx_word' id='word_1_328' title='bbox 1718 2852 1808 2900; x_wconf 85' lang='grc' dir='ltr'>καὶ</span> 
     </span>
    </p>
   </div>
   <div class='ocr_carea' id='block_1_47' title="bbox 190 2932 1805 3010">
    <p class='ocr_par' dir='ltr' id='par_1_47' title="bbox 190 2932 1805 3010">
     <span class='ocr_line' id='line_1_47' title="bbox 190 2932 1805 3010; baseline 0 -21"><span class='ocrx_word' id='word_1_329' title='bbox 190 2932 345 2989; x_wconf 71' lang='grc' dir='ltr'>δῶτον</span> <span class='ocrx_word' id='word_1_330' title='bbox 406 2935 639 3006; x_wconf 81' lang='grc' dir='ltr'>ὁρᾶσθαι</span> <span class='ocrx_word' id='word_1_331' title='bbox 695 2942 769 3004; x_wconf 84' lang='grc' dir='ltr'>τῷ</span> <span class='ocrx_word' id='word_1_332' title='bbox 823 2936 1145 3005; x_wconf 82' lang='grc' dir='ltr'>κατέχοντι·</span> <span class='ocrx_word' id='word_1_333' title='bbox 1206 2937 1270 2995; x_wconf 86' lang='grc' dir='ltr'>ὡς</span> <span class='ocrx_word' id='word_1_334' title='bbox 1326 2936 1417 3007; x_wconf 71' lang='grc' dir='ltr'>μὲν</span> <span class='ocrx_word' id='word_1_335' title='bbox 1470 2936 1653 3010; x_wconf 81' lang='grc' dir='ltr'>ῥύσιον</span> <span class='ocrx_word' id='word_1_336' title='bbox 1703 2945 1805 2989; x_wconf 85' lang='grc' dir='ltr'>τῶν</span> 
     </span>
    </p>
   </div>
   <div class='ocr_carea' id='block_1_48' title="bbox 1922 1796 3578 1871">
    <p class='ocr_par' dir='ltr' id='par_1_48' title="bbox 1922 1796 3578 1871">
     <span class='ocr_line' id='line_1_48' title="bbox 1922 1796 3578 1871; baseline 0.007 -19"><span class='ocrx_word' id='word_1_337' title='bbox 1922 1796 2115 1870; x_wconf 90' lang='lat' dir='ltr'><strong>porali</strong></span> <span class='ocrx_word' id='word_1_338' title='bbox 2149 1802 2355 1854; x_wconf 88' lang='lat' dir='ltr'><strong>nostra</strong></span> <span class='ocrx_word' id='word_1_339' title='bbox 2382 1798 2524 1862; x_wconf 86' lang='lat' dir='ltr'><strong>vita,</strong></span> <span class='ocrx_word' id='word_1_340' title='bbox 2555 1813 2779 1871; x_wconf 89' lang='lat' dir='ltr'><strong>panem</strong></span> <span class='ocrx_word' id='word_1_341' title='bbox 2822 1799 3169 1858; x_wconf 79' lang='lat' dir='ltr'><strong>offerimus:</strong></span> <span class='ocrx_word' id='word_1_342' title='bbox 3199 1803 3375 1861; x_wconf 87' lang='lat' dir='ltr'><strong>sicuti</strong></span> <span class='ocrx_word' id='word_1_343' title='bbox 3412 1806 3578 1865; x_wconf 90' lang='lat' dir='ltr'><strong>enim</strong></span> 
     </span>
    </p>
   </div>
   <div class='ocr_carea' id='block_1_49' title="bbox 1924 1887 3576 1961">
    <p class='ocr_par' dir='ltr' id='par_1_49' title="bbox 1924 1887 3576 1961">
     <span class='ocr_line' id='line_1_49' title="bbox 1924 1887 3576 1961; baseline 0.006 -19"><span class='ocrx_word' id='word_1_344' title='bbox 1924 1902 2142 1958; x_wconf 89' lang='lat' dir='ltr'><strong>corpus</strong></span> <span class='ocrx_word' id='word_1_345' title='bbox 2167 1890 2442 1943; x_wconf 90' lang='lat' dir='ltr'><strong>nostrum</strong></span> <span class='ocrx_word' id='word_1_346' title='bbox 2468 1887 2758 1944; x_wconf 90' lang='lat' dir='ltr'><strong>Dominus</strong></span> <span class='ocrx_word' id='word_1_347' title='bbox 2787 1904 2894 1961; x_wconf 91' lang='lat' dir='ltr'><strong>per</strong></span> <span class='ocrx_word' id='word_1_348' title='bbox 2918 1889 3398 1949; x_wconf 85' lang='lat' dir='ltr'><strong>incarnationem</strong></span> <span class='ocrx_word' id='word_1_349' title='bbox 3439 1894 3576 1953; x_wconf 89' lang='lat' dir='ltr'><strong>fecit</strong></span> 
     </span>
    </p>
   </div>
   <div class='ocr_carea' id='block_1_50' title="bbox 1925 1975 3578 2053">
    <p class='ocr_par' dir='ltr' id='par_1_50' title="bbox 1925 1975 3578 2053">
     <span class='ocr_line' id='line_1_50' title="bbox 1925 1975 3578 2053; baseline 0.006 -22"><span class='ocrx_word' id='word_1_350' title='bbox 1925 1991 2126 2044; x_wconf 88' lang='lat' dir='ltr'><strong>suum,</strong></span> <span class='ocrx_word' id='word_1_351' title='bbox 2150 1975 2230 2033; x_wconf 89' lang='lat' dir='ltr'><strong>ita</strong></span> <span class='ocrx_word' id='word_1_352' title='bbox 2259 1991 2480 2049; x_wconf 88' lang='lat' dir='ltr'><strong>panem</strong></span> <span class='ocrx_word' id='word_1_353' title='bbox 2509 1991 2695 2049; x_wconf 86' lang='lat' dir='ltr'><strong>quem</strong></span> <span class='ocrx_word' id='word_1_354' title='bbox 2723 1993 2836 2049; x_wconf 89' lang='lat' dir='ltr'><strong>pro</strong></span> <span class='ocrx_word' id='word_1_355' title='bbox 2866 1994 2931 2035; x_wconf 83' lang='lat' dir='ltr'><strong>se</strong></span> <span class='ocrx_word' id='word_1_356' title='bbox 2954 1979 3212 2053; x_wconf 91' lang='lat' dir='ltr'><strong>quisque</strong></span> <span class='ocrx_word' id='word_1_357' title='bbox 3236 1980 3430 2053; x_wconf 83' lang='lat' dir='ltr'><strong>oﬂ‘ert,</strong></span> <span class='ocrx_word' id='word_1_358' title='bbox 3461 1983 3578 2041; x_wconf 86' lang='lat' dir='ltr'><strong>sibi</strong></span> 
     </span>
    </p>
   </div>
   <div class='ocr_carea' id='block_1_51' title="bbox 1922 2064 3575 2144">
    <p class='ocr_par' dir='ltr' id='par_1_51' title="bbox 1922 2064 3575 2144">
     <span class='ocr_line' id='line_1_51' title="bbox 1922 2064 3575 2144; baseline 0.007 -24"><span class='ocrx_word' id='word_1_359' title='bbox 1922 2064 2239 2122; x_wconf 85' lang='lat' dir='ltr'><strong>vindicans</strong></span> <span class='ocrx_word' id='word_1_360' title='bbox 2289 2081 2469 2123; x_wconf 89' lang='lat' dir='ltr'><strong>suum</strong></span> <span class='ocrx_word' id='word_1_361' title='bbox 2516 2080 2736 2140; x_wconf 86' lang='lat' dir='ltr'><strong>corpus</strong></span> <span class='ocrx_word' id='word_1_362' title='bbox 2787 2066 3005 2140; x_wconf 85' lang='lat' dir='ltr'><strong>efﬁcit,</strong></span> <span class='ocrx_word' id='word_1_363' title='bbox 3046 2069 3348 2144; x_wconf 87' lang='lat' dir='ltr'><strong>nobisque</strong></span> <span class='ocrx_word' id='word_1_364' title='bbox 3400 2072 3575 2130; x_wconf 89' lang='lat' dir='ltr'><strong>retri-</strong></span> 
     </span>
    </p>
   </div>
   <div class='ocr_carea' id='block_1_52' title="bbox 1924 2153 2068 2211">
    <p class='ocr_par' dir='ltr' id='par_1_52' title="bbox 1924 2153 2068 2211">
     <span class='ocr_line' id='line_1_52' title="bbox 1924 2153 2068 2211; baseline 0.014 -2"><span class='ocrx_word' id='word_1_365' title='bbox 1924 2153 2068 2211; x_wconf 89' lang='lat' dir='ltr'><strong>buit.</strong></span> 
     </span>
    </p>
   </div>
   <div class='ocr_carea' id='block_1_53' title="bbox 1922 2352 3577 2425">
    <p class='ocr_par' dir='ltr' id='par_1_53' title="bbox 1922 2352 3577 2425">
     <span class='ocr_line' id='line_1_53' title="bbox 1922 2352 3577 2425; baseline 0.004 -17"><span class='ocrx_word' id='word_1_366' title='bbox 1922 2352 2130 2425; x_wconf 79' lang='lat' dir='ltr'><strong>Photii</strong></span> <span class='ocrx_word' id='word_1_367' title='bbox 2147 2352 2543 2422; x_wconf 74' lang='lat' dir='ltr'><strong>patriarchae,</strong></span> <span class='ocrx_word' id='word_1_368' title='bbox 2566 2366 2643 2409; x_wconf 69' lang='lat' dir='ltr'><strong>ex</strong></span> <span class='ocrx_word' id='word_1_369' title='bbox 2670 2367 2959 2420; x_wconf 75' lang='lat' dir='ltr'><strong>sermone,</strong></span> <span class='ocrx_word' id='word_1_370' title='bbox 2985 2356 3156 2425; x_wconf 84' lang='lat' dir='ltr'><strong>cujus</strong></span> <span class='ocrx_word' id='word_1_371' title='bbox 3182 2354 3423 2413; x_wconf 82' lang='lat' dir='ltr'><strong>initium</strong></span> <span class='ocrx_word' id='word_1_372' title='bbox 3451 2362 3577 2415; x_wconf 80' lang='lat' dir='ltr'><strong>est:</strong></span> 
     </span>
    </p>
   </div>
   <div class='ocr_carea' id='block_1_54' title="bbox 1997 2424 3576 2490">
    <p class='ocr_par' dir='ltr' id='par_1_54' title="bbox 1997 2424 3576 2490">
     <span class='ocr_line' id='line_1_54' title="bbox 1997 2424 3576 2490; baseline 0.009 -17"><span class='ocrx_word' id='word_1_373' title='bbox 1997 2446 2024 2473; x_wconf 87' lang='grc'><strong>‹‹</strong></span> <span class='ocrx_word' id='word_1_374' title='bbox 2057 2424 2358 2490; x_wconf 79' lang='lat' dir='ltr'><strong>Quomodo</strong></span> <span class='ocrx_word' id='word_1_375' title='bbox 2387 2429 2443 2481; x_wconf 82' lang='lat' dir='ltr'><strong>et</strong></span> <span class='ocrx_word' id='word_1_376' title='bbox 2477 2425 2828 2482; x_wconf 79' lang='lat' dir='ltr'><strong>voluntaria</strong></span> <span class='ocrx_word' id='word_1_377' title='bbox 2864 2424 3126 2483; x_wconf 70' lang='lat' dir='ltr'><strong>simulet</strong></span> <span class='ocrx_word' id='word_1_378' title='bbox 3154 2428 3576 2487; x_wconf 82' lang='lat' dir='ltr'><strong>involuntaria</strong></span> 
     </span>
    </p>
   </div>
   <div class='ocr_carea' id='block_1_55' title="bbox 1996 2496 3576 2569">
    <p class='ocr_par' dir='ltr' id='par_1_55' title="bbox 1996 2496 3576 2569">
     <span class='ocr_line' id='line_1_55' title="bbox 1996 2496 3576 2569; baseline 0.004 -19"><span class='ocrx_word' id='word_1_379' title='bbox 1996 2497 2165 2559; x_wconf 79' lang='lat' dir='ltr'><strong>Patri</strong></span> <span class='ocrx_word' id='word_1_380' title='bbox 2192 2511 2351 2569; x_wconf 83' lang='lat' dir='ltr'><strong>mors</strong></span> <span class='ocrx_word' id='word_1_381' title='bbox 2380 2496 2752 2569; x_wconf 80' lang='lat' dir='ltr'><strong>Christidici</strong></span> <span class='ocrx_word' id='word_1_382' title='bbox 2781 2503 2976 2569; x_wconf 82' lang='lat' dir='ltr'><strong>queat.</strong></span> <span class='ocrx_word' id='word_1_383' title='bbox 3008 2497 3090 2553; x_wconf 79' lang='lat' dir='ltr'><strong>Et</strong></span> <span class='ocrx_word' id='word_1_384' title='bbox 3118 2499 3409 2569; x_wconf 88' lang='lat' dir='ltr'><strong>quomodo</strong></span> <span class='ocrx_word' id='word_1_385' title='bbox 3438 2516 3576 2556; x_wconf 81' lang='lat' dir='ltr'><strong>rur-</strong></span> 
     </span>
    </p>
   </div>
   <div class='ocr_carea' id='block_1_56' title="bbox 1990 2567 3576 2631">
    <p class='ocr_par' dir='ltr' id='par_1_56' title="bbox 1990 2567 3576 2631">
     <span class='ocr_line' id='line_1_56' title="bbox 1990 2567 3576 2631; baseline 0.006 -10"><span class='ocrx_word' id='word_1_386' title='bbox 1990 2581 2091 2621; x_wconf 86' lang='lat' dir='ltr'><strong>sus</strong></span> <span class='ocrx_word' id='word_1_387' title='bbox 2128 2567 2362 2623; x_wconf 82' lang='lat' dir='ltr'><strong>accidat</strong></span> <span class='ocrx_word' id='word_1_388' title='bbox 2392 2572 2461 2623; x_wconf 85' lang='lat' dir='ltr'><strong>ut</strong></span> <span class='ocrx_word' id='word_1_389' title='bbox 2509 2567 2716 2624; x_wconf 89' lang='lat' dir='ltr'><strong>eadem</strong></span> <span class='ocrx_word' id='word_1_390' title='bbox 2746 2567 2905 2625; x_wconf 59' lang='lat' dir='ltr'><strong>mors</strong></span> <span class='ocrx_word' id='word_1_391' title='bbox 2955 2567 3195 2627; x_wconf 59' lang='lat' dir='ltr'><strong>diabolo</strong></span> <span class='ocrx_word' id='word_1_392' title='bbox 3222 2572 3576 2631; x_wconf 81' lang='lat' dir='ltr'><strong>voluntaria</strong></span> 
     </span>
    </p>
   </div>
   <div class='ocr_carea' id='block_1_57' title="bbox 1989 2639 3026 2711">
    <p class='ocr_par' dir='ltr' id='par_1_57' title="bbox 1989 2639 3026 2711">
     <span class='ocr_line' id='line_1_57' title="bbox 1989 2639 3026 2711; baseline -0.002 -19"><span class='ocrx_word' id='word_1_393' title='bbox 1989 2639 2286 2711; x_wconf 77' lang='lat' dir='ltr'><strong>simulque</strong></span> <span class='ocrx_word' id='word_1_394' title='bbox 2315 2639 2727 2696; x_wconf 83' lang='lat' dir='ltr'><strong>involontaria</strong></span> <span class='ocrx_word' id='word_1_395' title='bbox 2754 2641 2959 2711; x_wconf 83' lang='lat' dir='ltr'><strong>fuerit.</strong></span> <span class='ocrx_word' id='word_1_396' title='bbox 2998 2659 3026 2690; x_wconf 83' lang='lat'>»</span> 
     </span>
    </p>
   </div>
   <div class='ocr_carea' id='block_1_58' title="bbox 1987 2745 3571 2822">
    <p class='ocr_par' dir='ltr' id='par_1_58' title="bbox 1987 2745 3571 2822">
     <span class='ocr_line' id='line_1_58' title="bbox 1987 2745 3571 2822; baseline 0.004 -21"><span class='ocrx_word' id='word_1_397' title='bbox 1987 2745 2434 2818; x_wconf 82' lang='lat' dir='ltr'><strong>Redemptionis</strong></span> <span class='ocrx_word' id='word_1_398' title='bbox 2464 2746 2723 2819; x_wconf 89' lang='lat' dir='ltr'><strong>pretium</strong></span> <span class='ocrx_word' id='word_1_399' title='bbox 2751 2746 2983 2817; x_wconf 75' lang='lat' dir='ltr'><strong>duplici</strong></span> <span class='ocrx_word' id='word_1_400' title='bbox 3026 2746 3141 2804; x_wconf 88' lang='lat' dir='ltr'><strong>sub</strong></span> <span class='ocrx_word' id='word_1_401' title='bbox 3179 2748 3424 2806; x_wconf 87' lang='lat' dir='ltr'><strong>notione</strong></span> <span class='ocrx_word' id='word_1_402' title='bbox 3471 2765 3571 2822; x_wconf 88' lang='lat' dir='ltr'><strong>ge-</strong></span> 
     </span>
    </p>
   </div>
   <div class='ocr_carea' id='block_1_59' title="bbox 1913 2834 3568 2910">
    <p class='ocr_par' dir='ltr' id='par_1_59' title="bbox 1913 2834 3568 2910">
     <span class='ocr_line' id='line_1_59' title="bbox 1913 2834 3568 2910; baseline 0.003 -19"><span class='ocrx_word' id='word_1_403' title='bbox 1913 2836 2169 2892; x_wconf 89' lang='lat' dir='ltr'><strong>neratim</strong></span> <span class='ocrx_word' id='word_1_404' title='bbox 2223 2834 2671 2905; x_wconf 85' lang='lat' dir='ltr'><strong>consideratur,</strong></span> <span class='ocrx_word' id='word_1_405' title='bbox 2731 2835 3017 2892; x_wconf 85' lang='lat' dir='ltr'><strong>nimirum</strong></span> <span class='ocrx_word' id='word_1_406' title='bbox 3072 2840 3138 2893; x_wconf 91' lang='lat' dir='ltr'><strong>ut</strong></span> <span class='ocrx_word' id='word_1_407' title='bbox 3192 2836 3568 2910; x_wconf 88' lang='lat' dir='ltr'><strong>captivorum</strong></span> 
     </span>
    </p>
   </div>
   <div class='ocr_carea' id='block_1_60' title="bbox 1910 2924 3566 2997">
    <p class='ocr_par' dir='ltr' id='par_1_60' title="bbox 1910 2924 3566 2997">
     <span class='ocr_line' id='line_1_60' title="bbox 1910 2924 3566 2997; baseline 0.002 -16"><span class='ocrx_word' id='word_1_408' title='bbox 1910 2924 2206 2993; x_wconf 67' lang='lat' dir='ltr'><strong>redimiaa,</strong></span> <span class='ocrx_word' id='word_1_409' title='bbox 2259 2928 2440 2997; x_wconf 91' lang='lat' dir='ltr'><strong>atque</strong></span> <span class='ocrx_word' id='word_1_410' title='bbox 2488 2928 2553 2980; x_wconf 92' lang='lat' dir='ltr'><strong>ut</strong></span> <span class='ocrx_word' id='word_1_411' title='bbox 2602 2924 2975 2997; x_wconf 87' lang='lat' dir='ltr'><strong>captivorum</strong></span> <span class='ocrx_word' id='word_1_412' title='bbox 3030 2925 3281 2982; x_wconf 89' lang='lat' dir='ltr'><strong>domino</strong></span> <span class='ocrx_word' id='word_1_413' title='bbox 3333 2926 3566 2985; x_wconf 88' lang='lat' dir='ltr'><strong>donum</strong></span> 
     </span>
    </p>
   </div>
   <div class='ocr_carea' id='block_1_61' title="bbox 182 3012 1804 3101">
    <p class='ocr_par' dir='ltr' id='par_1_61' title="bbox 182 3020 1804 3099">
     <span class='ocr_line' id='line_1_61' title="bbox 182 3020 1804 3099; baseline 0.003 -25"><span class='ocrx_word' id='word_1_414' title='bbox 182 3027 549 3097; x_wconf 67' lang='grc' dir='ltr'>κατεχομένων</span> <span class='ocrx_word' id='word_1_415' title='bbox 595 3022 781 3097; x_wconf 80' lang='grc' dir='ltr'>λύτρον</span> <span class='ocrx_word' id='word_1_416' title='bbox 830 3020 891 3074; x_wconf 75' lang='grc' dir='ltr'><strong>ἂν</strong></span> <span class='ocrx_word' id='word_1_417' title='bbox 923 3024 1002 3080; x_wconf 83' lang='grc' dir='ltr'>εἴη</span> <span class='ocrx_word' id='word_1_418' title='bbox 1044 3025 1103 3075; x_wconf 91' lang='grc' dir='ltr'><strong>τό</strong></span> <span class='ocrx_word' id='word_1_419' title='bbox 1148 3028 1406 3099; x_wconf 78' lang='grc' dir='ltr'>σωτήριον</span> <span class='ocrx_word' id='word_1_420' title='bbox 1446 3025 1607 3097; x_wconf 84' lang='grc' dir='ltr'>αἷμα·</span> <span class='ocrx_word' id='word_1_421' title='bbox 1643 3027 1711 3088; x_wconf 85' lang='grc' dir='ltr'>ὡς</span> <span class='ocrx_word' id='word_1_422' title='bbox 1745 3020 1804 3079; x_wconf 75' lang='grc' dir='ltr'><strong>δὲ</strong></span> 
     </span>
    </p>
   </div>
   <div class='ocr_carea' id='block_1_62' title="bbox 1920 3012 3565 3101">
    <p class='ocr_par' dir='ltr' id='par_1_62' title="bbox 1920 3012 3565 3085">
     <span class='ocr_line' id='line_1_62' title="bbox 1920 3012 3565 3085; baseline 0.001 -15"><span class='ocrx_word' id='word_1_423' title='bbox 1920 3013 2201 3071; x_wconf 82' lang='lat' dir='ltr'><strong>oblatum.</strong></span> <span class='ocrx_word' id='word_1_424' title='bbox 2218 3013 2431 3070; x_wconf 89' lang='lat' dir='ltr'><strong>Christi</strong></span> <span class='ocrx_word' id='word_1_425' title='bbox 2443 3012 2711 3085; x_wconf 82' lang='lat' dir='ltr'><strong>sanguis,</strong></span> <span class='ocrx_word' id='word_1_426' title='bbox 2724 3016 3024 3084; x_wconf 89' lang='lat' dir='ltr'><strong>quatenus</strong></span> <span class='ocrx_word' id='word_1_427' title='bbox 3035 3013 3421 3070; x_wconf 89' lang='lat' dir='ltr'><strong>redimiarum</strong></span> <span class='ocrx_word' id='word_1_428' title='bbox 3435 3015 3565 3072; x_wconf 88' lang='lat' dir='ltr'><strong>vice</strong></span> 
     </span>
    </p>
   </div>
   <div class='ocr_carea' id='block_1_63' title="bbox 186 3107 1804 3187">
    <p class='ocr_par' dir='ltr' id='par_1_63' title="bbox 186 3107 1804 3187">
     <span class='ocr_line' id='line_1_63' title="bbox 186 3107 1804 3187; baseline 0.001 -22"><span class='ocrx_word' id='word_1_429' title='bbox 186 3110 350 3187; x_wconf 67' lang='grc' dir='ltr'>δῶρον</span> <span class='ocrx_word' id='word_1_430' title='bbox 389 3120 483 3165; x_wconf 82' lang='grc' dir='ltr'>τοῦ</span> <span class='ocrx_word' id='word_1_431' title='bbox 520 3116 834 3184; x_wconf 76' lang='grc' dir='ltr'>κατέχοντος</span> <span class='ocrx_word' id='word_1_432' title='bbox 881 3107 1131 3184; x_wconf 69' lang='grc' dir='ltr'>οὐδαμῶς</span> <span class='ocrx_word' id='word_1_433' title='bbox 1155 3133 1167 3145; x_wconf 94' lang='grc'><strong>·</strong></span> <span class='ocrx_word' id='word_1_434' title='bbox 1202 3111 1314 3165; x_wconf 79' lang='grc' dir='ltr'>ἐπεὶ</span> <span class='ocrx_word' id='word_1_435' title='bbox 1352 3118 1442 3165; x_wconf 85' lang='grc' dir='ltr'>καὶ</span> <span class='ocrx_word' id='word_1_436' title='bbox 1481 3111 1643 3166; x_wconf 78' lang='grc' dir='ltr'>πολλὰ</span> <span class='ocrx_word' id='word_1_437' title='bbox 1673 3112 1804 3168; x_wconf 78' lang='grc' dir='ltr'>ἄλλα</span> 
     </span>
    </p>
   </div>
   <div class='ocr_carea' id='block_1_64' title="bbox 184 3200 1801 3277">
    <p class='ocr_par' dir='ltr' id='par_1_64' title="bbox 184 3200 1801 3277">
     <span class='ocr_line' id='line_1_64' title="bbox 184 3200 1801 3277; baseline 0.001 -23"><span class='ocrx_word' id='word_1_438' title='bbox 184 3210 254 3274; x_wconf 69' lang='grc' dir='ltr'>τῷ</span> <span class='ocrx_word' id='word_1_439' title='bbox 308 3206 516 3276; x_wconf 80' lang='grc' dir='ltr'>κυρίως</span> <span class='ocrx_word' id='word_1_440' title='bbox 572 3200 827 3274; x_wconf 69' lang='grc' dir='ltr'>λεγομένῳ</span> <span class='ocrx_word' id='word_1_441' title='bbox 882 3204 1149 3276; x_wconf 81' lang='grc' dir='ltr'>προσόντα</span> <span class='ocrx_word' id='word_1_442' title='bbox 1189 3201 1383 3275; x_wconf 85' lang='grc' dir='ltr'>λύτρῳ,</span> <span class='ocrx_word' id='word_1_443' title='bbox 1432 3210 1492 3275; x_wconf 75' lang='grc' dir='ltr'>τῇ</span> <span class='ocrx_word' id='word_1_444' title='bbox 1551 3201 1801 3277; x_wconf 74' lang='grc' dir='ltr'>ἆφράστῳ</span> 
     </span>
    </p>
   </div>
   <div class='ocr_carea' id='block_1_65' title="bbox 184 3288 1802 3365">
    <p class='ocr_par' dir='ltr' id='par_1_65' title="bbox 184 3288 1802 3365">
     <span class='ocr_line' id='line_1_65' title="bbox 184 3288 1802 3365; baseline 0.001 -22"><span class='ocrx_word' id='word_1_445' title='bbox 184 3295 345 3365; x_wconf 69' lang='grc' dir='ltr'>ταύτῃ</span> <span class='ocrx_word' id='word_1_446' title='bbox 402 3295 497 3343; x_wconf 83' lang='grc' dir='ltr'>καὶ</span> <span class='ocrx_word' id='word_1_447' title='bbox 556 3291 683 3364; x_wconf 78' lang='grc' dir='ltr'>ὑπὲρ</span> <span class='ocrx_word' id='word_1_448' title='bbox 725 3288 877 3362; x_wconf 78' lang='grc' dir='ltr'>λόγον</span> <span class='ocrx_word' id='word_1_449' title='bbox 928 3288 988 3341; x_wconf 82' lang='grc' dir='ltr'><strong>ού</strong></span> <span class='ocrx_word' id='word_1_450' title='bbox 1035 3309 1316 3363; x_wconf 87' lang='grc' dir='ltr'>προσεστιν</span> <span class='ocrx_word' id='word_1_451' title='bbox 1365 3290 1670 3364; x_wconf 69' lang='grc' dir='ltr'>οἰκονομίαι</span> <span class='ocrx_word' id='word_1_452' title='bbox 1712 3295 1802 3344; x_wconf 86' lang='grc' dir='ltr'>καὶ</span> 
     </span>
    </p>
   </div>
   <div class='ocr_carea' id='block_1_66' title="bbox 182 3374 1800 3457">
    <p class='ocr_par' dir='ltr' id='par_1_66' title="bbox 182 3374 1800 3457">
     <span class='ocr_line' id='line_1_66' title="bbox 182 3374 1800 3457; baseline -0.002 -21"><span class='ocrx_word' id='word_1_453' title='bbox 182 3385 279 3457; x_wconf 68' lang='grc' dir='ltr'><strong>τὰρ</strong></span> <span class='ocrx_word' id='word_1_454' title='bbox 337 3385 367 3436; x_wconf 79' lang='grc'><strong>6</strong></span> <span class='ocrx_word' id='word_1_455' title='bbox 569 3383 628 3433; x_wconf 90' lang='grc' dir='ltr'><strong>τό</strong></span> <span class='ocrx_word' id='word_1_456' title='bbox 679 3378 858 3455; x_wconf 82' lang='grc' dir='ltr'>λύτρον</span> <span class='ocrx_word' id='word_1_457' title='bbox 909 3374 1113 3450; x_wconf 76' lang='grc' dir='ltr'>διδούς,</span> <span class='ocrx_word' id='word_1_458' title='bbox 1163 3380 1335 3433; x_wconf 66' lang='grc' dir='ltr'>οὐκέτι</span> <span class='ocrx_word' id='word_1_459' title='bbox 1384 3377 1663 3454; x_wconf 76' lang='grc' dir='ltr'>δυνάμενος</span> <span class='ocrx_word' id='word_1_460' title='bbox 1703 3383 1800 3433; x_wconf 81' lang='grc' dir='ltr'>κύ-</span> 
     </span>
    </p>
   </div>
   <div class='ocr_carea' id='block_1_67' title="bbox 182 3468 1799 3545">
    <p class='ocr_par' dir='ltr' id='par_1_67' title="bbox 182 3468 1799 3545">
     <span class='ocr_line' id='line_1_67' title="bbox 182 3468 1799 3545; baseline -0.002 -21"><span class='ocrx_word' id='word_1_461' title='bbox 182 3491 285 3541; x_wconf 77' lang='grc' dir='ltr'>ριος</span> <span class='ocrx_word' id='word_1_462' title='bbox 340 3470 481 3524; x_wconf 82' lang='grc' dir='ltr'>εἶναι</span> <span class='ocrx_word' id='word_1_463' title='bbox 550 3469 618 3520; x_wconf 82' lang='grc' dir='ltr'>ὧν</span> <span class='ocrx_word' id='word_1_464' title='bbox 684 3472 945 3545; x_wconf 80' lang='grc' dir='ltr'>παρέσχε,</span> <span class='ocrx_word' id='word_1_465' title='bbox 990 3472 1077 3527; x_wconf 83' lang='grc' dir='ltr'>τὴν</span> <span class='ocrx_word' id='word_1_466' title='bbox 1141 3468 1334 3541; x_wconf 80' lang='grc' dir='ltr'>ζημίαν</span> <span class='ocrx_word' id='word_1_467' title='bbox 1383 3471 1497 3542; x_wconf 82' lang='grc' dir='ltr'>ἔχει</span> <span class='ocrx_word' id='word_1_468' title='bbox 1552 3472 1690 3523; x_wconf 83' lang='grc' dir='ltr'>κατὰ</span> <span class='ocrx_word' id='word_1_469' title='bbox 1741 3471 1799 3522; x_wconf 89' lang='grc' dir='ltr'><strong>τό</strong></span> 
     </span>
    </p>
   </div>
   <div class='ocr_carea' id='block_1_68' title="bbox 186 3556 1798 3637">
    <p class='ocr_par' dir='ltr' id='par_1_68' title="bbox 186 3556 1798 3637">
     <span class='ocr_line' id='line_1_68' title="bbox 186 3556 1798 3637; baseline -0.001 -24"><span class='ocrx_word' id='word_1_470' title='bbox 186 3560 555 3637; x_wconf 63' lang='grc' dir='ltr'>ἀπαραίτητον</span> <span class='ocrx_word' id='word_1_471' title='bbox 609 3556 1036 3612; x_wconf 60' lang='grc' dir='ltr'>ἀκολουθοῦσαν</span> <span class='ocrx_word' id='word_1_472' title='bbox 1095 3556 1353 3633; x_wconf 75' lang='grc' dir='ltr'>κερδαίνει</span> <span class='ocrx_word' id='word_1_473' title='bbox 1416 3557 1466 3613; x_wconf 78' lang='grc' dir='ltr'><strong>δ’</strong></span> <span class='ocrx_word' id='word_1_474' title='bbox 1516 3562 1541 3614; x_wconf 92' lang='lat'><strong>6</strong></span> <span class='ocrx_word' id='word_1_475' title='bbox 1606 3559 1798 3629; x_wconf 79' lang='grc' dir='ltr'>λαϐὼν,</span> 
     </span>
    </p>
   </div>
   <div class='ocr_carea' id='block_1_69' title="bbox 182 3642 1799 3721">
    <p class='ocr_par' dir='ltr' id='par_1_69' title="bbox 182 3642 1799 3721">
     <span class='ocr_line' id='line_1_69' title="bbox 182 3642 1799 3721; baseline 0 -20"><span class='ocrx_word' id='word_1_476' title='bbox 182 3654 264 3701; x_wconf 72' lang='grc' dir='ltr'>καὶ</span> <span class='ocrx_word' id='word_1_477' title='bbox 315 3650 653 3701; x_wconf 83' lang='grc' dir='ltr'>καθίσταται</span> <span class='ocrx_word' id='word_1_478' title='bbox 689 3643 955 3708; x_wconf 78' lang='grc' dir='ltr'>δεσπότης</span> <span class='ocrx_word' id='word_1_479' title='bbox 1007 3642 1074 3697; x_wconf 83' lang='grc' dir='ltr'>ὧν</span> <span class='ocrx_word' id='word_1_480' title='bbox 1118 3650 1359 3721; x_wconf 83' lang='grc' dir='ltr'>πρότερον</span> <span class='ocrx_word' id='word_1_481' title='bbox 1415 3652 1511 3709; x_wconf 75' lang='grc' dir='ltr'>τὴν</span> <span class='ocrx_word' id='word_1_482' title='bbox 1559 3647 1799 3712; x_wconf 85' lang='grc' dir='ltr'>ἐξουσίαν</span> 
     </span>
    </p>
   </div>
   <div class='ocr_carea' id='block_1_70' title="bbox 180 3733 1800 3811">
    <p class='ocr_par' dir='ltr' id='par_1_70' title="bbox 180 3733 1800 3811">
     <span class='ocr_line' id='line_1_70' title="bbox 180 3733 1800 3811; baseline 0.001 -21"><span class='ocrx_word' id='word_1_483' title='bbox 180 3738 269 3790; x_wconf 66' lang='grc' dir='ltr'>οὐκ</span> <span class='ocrx_word' id='word_1_484' title='bbox 311 3737 465 3811; x_wconf 77' lang='grc' dir='ltr'>εἶχεν</span> <span class='ocrx_word' id='word_1_485' title='bbox 490 3759 504 3771; x_wconf 87' lang='grc'><strong>·</strong></span> <span class='ocrx_word' id='word_1_486' title='bbox 555 3734 779 3790; x_wconf 78' lang='grc' dir='ltr'>ἐνταῦθα</span> <span class='ocrx_word' id='word_1_487' title='bbox 830 3733 890 3789; x_wconf 67' lang='grc' dir='ltr'><strong>δί</strong></span> <span class='ocrx_word' id='word_1_488' title='bbox 937 3736 1234 3789; x_wconf 74' lang='grc' dir='ltr'>τούναντίον</span> <span class='ocrx_word' id='word_1_489' title='bbox 1282 3737 1456 3790; x_wconf 75' lang='grc' dir='ltr'>ἅπαν·</span> <span class='ocrx_word' id='word_1_490' title='bbox 1507 3739 1533 3790; x_wconf 91' lang='lat'><strong>6</strong></span> <span class='ocrx_word' id='word_1_491' title='bbox 1573 3742 1663 3811; x_wconf 75' lang='grc' dir='ltr'>μὲν</span> <span class='ocrx_word' id='word_1_492' title='bbox 1709 3757 1800 3791; x_wconf 88' lang='grc' dir='ltr'>κα-</span> 
     </span>
    </p>
   </div>
   <div class='ocr_carea' id='block_1_71' title="bbox 174 3825 1799 3903">
    <p class='ocr_par' dir='ltr' id='par_1_71' title="bbox 174 3825 1799 3903">
     <span class='ocr_line' id='line_1_71' title="bbox 174 3825 1799 3903; baseline 0 -24"><span class='ocrx_word' id='word_1_493' title='bbox 174 3830 454 3901; x_wconf 68' lang='grc' dir='ltr'>ταθέμενος</span> <span class='ocrx_word' id='word_1_494' title='bbox 518 3829 582 3878; x_wconf 85' lang='grc' dir='ltr'>τὸ</span> <span class='ocrx_word' id='word_1_495' title='bbox 646 3825 832 3902; x_wconf 79' lang='grc' dir='ltr'>λύτρον</span> <span class='ocrx_word' id='word_1_496' title='bbox 886 3826 998 3897; x_wconf 81' lang='grc' dir='ltr'>(καὶ</span> <span class='ocrx_word' id='word_1_497' title='bbox 1051 3827 1148 3900; x_wconf 72' lang='grc' dir='ltr'>γὰρ</span> <span class='ocrx_word' id='word_1_498' title='bbox 1202 3828 1375 3880; x_wconf 86' lang='grc' dir='ltr'>πάντα</span> <span class='ocrx_word' id='word_1_499' title='bbox 1425 3829 1474 3879; x_wconf 80' lang='grc' dir='ltr'><strong>έν</strong></span> <span class='ocrx_word' id='word_1_500' title='bbox 1531 3835 1593 3901; x_wconf 77' lang='grc' dir='ltr'>τῇ</span> <span class='ocrx_word' id='word_1_501' title='bbox 1649 3845 1799 3903; x_wconf 71' lang='grc' dir='ltr'>χειρὶ</span> 
     </span>
    </p>
   </div>
   <div class='ocr_carea' id='block_1_72' title="bbox 175 3910 1797 3989">
    <p class='ocr_par' dir='ltr' id='par_1_72' title="bbox 175 3910 1797 3989">
     <span class='ocr_line' id='line_1_72' title="bbox 175 3910 1797 3989; baseline 0.001 -22"><span class='ocrx_word' id='word_1_502' title='bbox 175 3919 349 3989; x_wconf 66' lang='grc' dir='ltr'>τᾶτοῦ,</span> <span class='ocrx_word' id='word_1_503' title='bbox 413 3919 508 3969; x_wconf 80' lang='grc' dir='ltr'>καὶ</span> <span class='ocrx_word' id='word_1_504' title='bbox 574 3910 697 3968; x_wconf 74' lang='grc' dir='ltr'><strong>οὐδὲ</strong></span> <span class='ocrx_word' id='word_1_505' title='bbox 742 3917 803 3968; x_wconf 87' lang='grc' dir='ltr'>τὸ</span> <span class='ocrx_word' id='word_1_506' title='bbox 850 3921 946 3967; x_wconf 83' lang='grc' dir='ltr'>τοῦ</span> <span class='ocrx_word' id='word_1_507' title='bbox 993 3912 1149 3968; x_wconf 79' lang='grc' dir='ltr'>Ἀϐελ</span> <span class='ocrx_word' id='word_1_508' title='bbox 1187 3916 1338 3989; x_wconf 63' lang='grc' dir='ltr'>αἱμα,</span> <span class='ocrx_word' id='word_1_509' title='bbox 1382 3912 1508 3969; x_wconf 75' lang='grc' dir='ltr'><strong>οὐδὲ</strong></span> <span class='ocrx_word' id='word_1_510' title='bbox 1552 3919 1644 3989; x_wconf 75' lang='grc' dir='ltr'>μὲν</span> <span class='ocrx_word' id='word_1_511' title='bbox 1695 3925 1797 3969; x_wconf 85' lang='grc' dir='ltr'>τῶν</span> 
     </span>
    </p>
   </div>
   <div class='ocr_carea' id='block_1_73' title="bbox 173 4003 1793 4081">
    <p class='ocr_par' dir='ltr' id='par_1_73' title="bbox 173 4003 1793 4081">
     <span class='ocr_line' id='line_1_73' title="bbox 173 4003 1793 4081; baseline -0.001 -22"><span class='ocrx_word' id='word_1_512' title='bbox 173 4010 477 4081; x_wconf 59' lang='grc' dir='ltr'>μαρτύρων,</span> <span class='ocrx_word' id='word_1_513' title='bbox 532 4003 631 4067; x_wconf 82' lang='grc' dir='ltr'><strong>ἔξω</strong></span> <span class='ocrx_word' id='word_1_514' title='bbox 681 4013 773 4065; x_wconf 83' lang='grc' dir='ltr'>τῆς</span> <span class='ocrx_word' id='word_1_515' title='bbox 836 4003 1000 4057; x_wconf 75' lang='grc' dir='ltr'>αὐτοῦ</span> <span class='ocrx_word' id='word_1_516' title='bbox 1062 4006 1350 4064; x_wconf 66' lang='grc' dir='ltr'>καθέστηκε</span> <span class='ocrx_word' id='word_1_517' title='bbox 1406 4009 1647 4079; x_wconf 87' lang='grc' dir='ltr'>προνοίας</span> <span class='ocrx_word' id='word_1_518' title='bbox 1703 4009 1793 4058; x_wconf 84' lang='grc' dir='ltr'>καὶ</span> 
     </span>
    </p>
   </div>
   <div class='ocr_carea' id='block_1_74' title="bbox 172 4089 1794 4170">
    <p class='ocr_par' dir='ltr' id='par_1_74' title="bbox 172 4089 1794 4170">
     <span class='ocr_line' id='line_1_74' title="bbox 172 4089 1794 4170; baseline -0.002 -21"><span class='ocrx_word' id='word_1_519' title='bbox 172 4098 373 4170; x_wconf 74' lang='grc' dir='ltr'>χειρός)</span> <span class='ocrx_word' id='word_1_520' title='bbox 431 4090 593 4147; x_wconf 67' lang='grc' dir='ltr'>οὐδὲν</span> <span class='ocrx_word' id='word_1_521' title='bbox 789 4089 1036 4151; x_wconf 76' lang='grc' dir='ltr'>δηλονότι</span> <span class='ocrx_word' id='word_1_522' title='bbox 1089 4092 1420 4167; x_wconf 79' lang='grc' dir='ltr'>ἐζημίωταιο</span> <span class='ocrx_word' id='word_1_523' title='bbox 1453 4098 1535 4157; x_wconf 88' lang='grc' dir='ltr'><strong>τίς</strong></span> <span class='ocrx_word' id='word_1_524' title='bbox 1579 4096 1679 4168; x_wconf 73' lang='grc' dir='ltr'>’γὰρ</span> <span class='ocrx_word' id='word_1_525' title='bbox 1732 4093 1794 4146; x_wconf 83' lang='grc' dir='ltr'>ἂν</span> 
     </span>
    </p>
   </div>
   <div class='ocr_carea' id='block_1_75' title="bbox 171 4181 1794 4257">
    <p class='ocr_par' dir='ltr' id='par_1_75' title="bbox 171 4181 1794 4257">
     <span class='ocr_line' id='line_1_75' title="bbox 171 4181 1794 4257; baseline 0.001 -22"><span class='ocrx_word' id='word_1_526' title='bbox 171 4184 292 4248; x_wconf 43' lang='lat' dir='ltr'><strong>aa;</strong></span> <span class='ocrx_word' id='word_1_527' title='bbox 347 4186 521 4239; x_wconf 79' lang='grc' dir='ltr'>εἰπεῖν</span> <span class='ocrx_word' id='word_1_528' title='bbox 582 4181 813 4243; x_wconf 80' lang='grc' dir='ltr'>ἐννοήσοι</span> <span class='ocrx_word' id='word_1_529' title='bbox 877 4183 947 4245; x_wconf 83' lang='grc' dir='ltr'>ὥς</span> <span class='ocrx_word' id='word_1_530' title='bbox 998 4185 1087 4255; x_wconf 77' lang='grc' dir='ltr'>μὲν</span> <span class='ocrx_word' id='word_1_531' title='bbox 1144 4191 1241 4235; x_wconf 87' lang='grc' dir='ltr'>τῶν</span> <span class='ocrx_word' id='word_1_532' title='bbox 1308 4185 1630 4257; x_wconf 86' lang='grc' dir='ltr'>θεραπόντων</span> <span class='ocrx_word' id='word_1_533' title='bbox 1698 4183 1794 4236; x_wconf 83' lang='grc' dir='ltr'>αύ-</span> 
     </span>
    </p>
   </div>
   <div class='ocr_carea' id='block_1_76' title="bbox 170 4270 1791 4346">
    <p class='ocr_par' dir='ltr' id='par_1_76' title="bbox 170 4270 1791 4346">
     <span class='ocr_line' id='line_1_76' title="bbox 170 4270 1791 4346; baseline 0 -21"><span class='ocrx_word' id='word_1_534' title='bbox 170 4282 277 4342; x_wconf 70' lang='grc' dir='ltr'>τσῡ,</span> <span class='ocrx_word' id='word_1_535' title='bbox 316 4279 417 4327; x_wconf 78' lang='grc' dir='ltr'>καὶ</span> <span class='ocrx_word' id='word_1_536' title='bbox 466 4272 537 4324; x_wconf 72' lang='grc' dir='ltr'><strong>ὧν</strong></span> <span class='ocrx_word' id='word_1_537' title='bbox 589 4270 915 4331; x_wconf 77' lang='grc' dir='ltr'>ἐκενώθησαν</span> <span class='ocrx_word' id='word_1_538' title='bbox 966 4272 1218 4344; x_wconf 80' lang='grc' dir='ltr'>αἱμάτων,</span> <span class='ocrx_word' id='word_1_539' title='bbox 1261 4274 1375 4325; x_wconf 83' lang='grc' dir='ltr'>ἔστι</span> <span class='ocrx_word' id='word_1_540' title='bbox 1429 4272 1576 4346; x_wconf 80' lang='grc' dir='ltr'>λόγος</span> <span class='ocrx_word' id='word_1_541' title='bbox 1630 4273 1791 4345; x_wconf 84' lang='grc' dir='ltr'>αύτῷ,</span> 
     </span>
    </p>
   </div>
   <div class='ocr_carea' id='block_1_77' title="bbox 172 4360 1867 4454">
    <p class='ocr_par' dir='ltr' id='par_1_77' title="bbox 172 4360 1867 4454">
     <span class='ocr_line' id='line_1_77' title="bbox 172 4360 1867 4454; baseline -0.002 -37"><span class='ocrx_word' id='word_1_542' title='bbox 172 4368 259 4416; x_wconf 73' lang='grc' dir='ltr'><strong>καί</strong></span> <span class='ocrx_word' id='word_1_543' title='bbox 304 4366 451 4438; x_wconf 77' lang='grc' dir='ltr'>μετὰ</span> <span class='ocrx_word' id='word_1_544' title='bbox 499 4362 721 4414; x_wconf 80' lang='grc' dir='ltr'>θάνατον</span> <span class='ocrx_word' id='word_1_545' title='bbox 772 4361 843 4424; x_wconf 82' lang='grc' dir='ltr'>ὧς</span> <span class='ocrx_word' id='word_1_546' title='bbox 902 4360 1170 4414; x_wconf 79' lang='grc' dir='ltr'>ἀθανάτων</span> <span class='ocrx_word' id='word_1_547' title='bbox 1198 4360 1439 4434; x_wconf 76' lang='grc' dir='ltr'>βοώντων</span> <span class='ocrx_word' id='word_1_548' title='bbox 1480 4360 1689 4432; x_wconf 60' lang='lat' dir='ltr'><strong>uxoria;</strong></span> <span class='ocrx_word' id='word_1_549' title='bbox 1734 4364 1794 4414; x_wconf 87' lang='grc' dir='ltr'><strong>τό</strong></span> <span class='ocrx_word' id='word_1_550' title='bbox 1821 4398 1867 4454; x_wconf 81' lang='lat' dir='ltr'><strong>D</strong></span> 
     </span>
    </p>
   </div>
   <div class='ocr_carea' id='block_1_78' title="bbox 1753 4449 1767 4466">
    <p class='ocr_par' dir='ltr' id='par_1_78' title="bbox 1753 4449 1767 4466">
     <span class='ocr_line' id='line_1_78' title="bbox 1753 4449 1767 4466; baseline 0 0"><span class='ocrx_word' id='word_1_551' title='bbox 1753 4449 1767 4466; x_wconf 67' lang='lat'><strong><em>9</em></strong></span> 
     </span>
    </p>
   </div>
   <div class='ocr_carea' id='block_1_79' title="bbox 174 4447 1796 4526">
    <p class='ocr_par' dir='ltr' id='par_1_79' title="bbox 174 4447 1796 4526">
     <span class='ocr_line' id='line_1_79' title="bbox 174 4447 1796 4526; baseline 0.001 -24"><span class='ocrx_word' id='word_1_552' title='bbox 174 4447 232 4504; x_wconf 62' lang='grc' dir='ltr'>δε</span> <span class='ocrx_word' id='word_1_553' title='bbox 281 4457 555 4526; x_wconf 74' lang='grc' dir='ltr'>σωτήριον</span> <span class='ocrx_word' id='word_1_554' title='bbox 605 4454 697 4503; x_wconf 86' lang='grc' dir='ltr'><strong>καί</strong></span> <span class='ocrx_word' id='word_1_555' title='bbox 746 4450 1005 4512; x_wconf 77' lang='grc' dir='ltr'>ζωοποιόν</span> <span class='ocrx_word' id='word_1_556' title='bbox 1054 4451 1186 4523; x_wconf 83' lang='grc' dir='ltr'>αἷμα</span> <span class='ocrx_word' id='word_1_557' title='bbox 1224 4458 1316 4504; x_wconf 88' lang='grc' dir='ltr'>τοῦ</span> <span class='ocrx_word' id='word_1_558' title='bbox 1362 4454 1563 4524; x_wconf 78' lang='grc' dir='ltr'>κόσμου</span> <span class='ocrx_word' id='word_1_559' title='bbox 1603 4451 1698 4504; x_wconf 74' lang='grc' dir='ltr'>οὐκ</span> <span class='ocrx_word' id='word_1_560' title='bbox 1747 4449 1796 4504; x_wconf 77' lang='grc' dir='ltr'>ἓν</span> 
     </span>
    </p>
   </div>
   <div class='ocr_carea' id='block_1_80' title="bbox 171 4539 1796 4614">
    <p class='ocr_par' dir='ltr' id='par_1_80' title="bbox 171 4539 1796 4614">
     <span class='ocr_line' id='line_1_80' title="bbox 171 4539 1796 4614; baseline 0 -21"><span class='ocrx_word' id='word_1_561' title='bbox 171 4549 283 4605; x_wconf 73' lang='grc' dir='ltr'><strong>τοίς</strong></span> <span class='ocrx_word' id='word_1_562' title='bbox 330 4541 615 4602; x_wconf 72' lang='grc' dir='ltr'>ἀθανάτοις</span> <span class='ocrx_word' id='word_1_563' title='bbox 659 4549 759 4603; x_wconf 81' lang='grc' dir='ltr'>τῆς</span> <span class='ocrx_word' id='word_1_564' title='bbox 806 4539 972 4593; x_wconf 75' lang='grc' dir='ltr'>αὗτοῦ</span> <span class='ocrx_word' id='word_1_565' title='bbox 1018 4545 1257 4613; x_wconf 85' lang='grc' dir='ltr'>προνοίας</span> <span class='ocrx_word' id='word_1_566' title='bbox 1297 4545 1531 4614; x_wconf 82' lang='grc' dir='ltr'>ταμείοις</span> <span class='ocrx_word' id='word_1_567' title='bbox 1583 4544 1796 4614; x_wconf 83' lang='grc' dir='ltr'>συνέχει</span> 
     </span>
    </p>
   </div>
   <div class='ocr_carea' id='block_1_81' title="bbox 173 4627 1795 4705">
    <p class='ocr_par' dir='ltr' id='par_1_81' title="bbox 173 4627 1795 4705">
     <span class='ocr_line' id='line_1_81' title="bbox 173 4627 1795 4705; baseline -0.001 -24"><span class='ocrx_word' id='word_1_568' title='bbox 173 4628 465 4705; x_wconf 59' lang='grc' dir='ltr'>ἀνώλεθρον</span> <span class='ocrx_word' id='word_1_569' title='bbox 548 4630 732 4702; x_wconf 78' lang='grc' dir='ltr'>αύτῷ,</span> <span class='ocrx_word' id='word_1_570' title='bbox 802 4633 899 4682; x_wconf 85' lang='grc' dir='ltr'><strong>καί</strong></span> <span class='ocrx_word' id='word_1_571' title='bbox 963 4630 1156 4701; x_wconf 73' lang='grc' dir='ltr'>φθορᾶς</span> <span class='ocrx_word' id='word_1_572' title='bbox 1224 4631 1478 4703; x_wconf 88' lang='grc' dir='ltr'>σωμάτων</span> <span class='ocrx_word' id='word_1_573' title='bbox 1541 4627 1795 4702; x_wconf 63' lang='grc' dir='ltr'>ἀνέπαφον</span> 
     </span>
    </p>
   </div>
   <div class='ocr_carea' id='block_1_82' title="bbox 177 4713 1794 4796">
    <p class='ocr_par' dir='ltr' id='par_1_82' title="bbox 177 4713 1794 4796">
     <span class='ocr_line' id='line_1_82' title="bbox 177 4713 1794 4796; baseline -0.001 -26"><span class='ocrx_word' id='word_1_574' title='bbox 177 4723 647 4796; x_wconf 72' lang='grc' dir='ltr'>συντηρούμενον;</span> <span class='ocrx_word' id='word_1_575' title='bbox 695 4719 808 4772; x_wconf 70' lang='grc' dir='ltr'>Οὐκ</span> <span class='ocrx_word' id='word_1_576' title='bbox 873 4716 1168 4791; x_wconf 80' lang='grc' dir='ltr'>ἐζημίωται</span> <span class='ocrx_word' id='word_1_577' title='bbox 1210 4723 1382 4771; x_wconf 85' lang='grc' dir='ltr'>τοίνυν</span> <span class='ocrx_word' id='word_1_578' title='bbox 1440 4717 1499 4771; x_wconf 83' lang='grc' dir='ltr'><strong>ού</strong></span> <span class='ocrx_word' id='word_1_579' title='bbox 1549 4720 1640 4790; x_wconf 77' lang='grc' dir='ltr'>μὲν</span> <span class='ocrx_word' id='word_1_580' title='bbox 1707 4713 1794 4770; x_wconf 83' lang='grc' dir='ltr'>οὖν</span> 
     </span>
    </p>
   </div>
   <div class='ocr_carea' id='block_1_83' title="bbox 174 4805 1795 4886">
    <p class='ocr_par' dir='ltr' id='par_1_83' title="bbox 174 4805 1795 4886">
     <span class='ocr_line' id='line_1_83' title="bbox 174 4805 1795 4886; baseline -0.002 -24"><span class='ocrx_word' id='word_1_581' title='bbox 174 4808 199 4857; x_wconf 67' lang='grc' dir='ltr'><strong>ὁ</strong></span> <span class='ocrx_word' id='word_1_582' title='bbox 262 4813 323 4862; x_wconf 84' lang='grc' dir='ltr'><strong>τό</strong></span> <span class='ocrx_word' id='word_1_583' title='bbox 398 4809 592 4886; x_wconf 75' lang='grc' dir='ltr'>λύτρον</span> <span class='ocrx_word' id='word_1_584' title='bbox 668 4809 1054 4881; x_wconf 77' lang='grc' dir='ltr'>καταθέμενος,</span> <span class='ocrx_word' id='word_1_585' title='bbox 1120 4805 1247 4860; x_wconf 79' lang='grc' dir='ltr'>ἀλλὰ</span> <span class='ocrx_word' id='word_1_586' title='bbox 1315 4812 1405 4860; x_wconf 89' lang='grc' dir='ltr'><strong>καί</strong></span> <span class='ocrx_word' id='word_1_587' title='bbox 1478 4826 1570 4860; x_wconf 90' lang='grc' dir='ltr'><strong>του</strong></span> <span class='ocrx_word' id='word_1_588' title='bbox 1622 4809 1795 4881; x_wconf 71' lang='grc' dir='ltr'>γένους</span> 
     </span>
    </p>
   </div>
   <div class='ocr_carea' id='block_1_84' title="bbox 176 4893 1790 4975">
    <p class='ocr_par' dir='ltr' id='par_1_84' title="bbox 176 4893 1790 4975">
     <span class='ocr_line' id='line_1_84' title="bbox 176 4893 1790 4975; baseline -0.003 -23"><span class='ocrx_word' id='word_1_589' title='bbox 176 4896 312 4969; x_wconf 64' lang='grc' dir='ltr'>ἐρῶν</span> <span class='ocrx_word' id='word_1_590' title='bbox 358 4904 559 4963; x_wconf 77' lang='grc' dir='ltr'>παντὸς</span> <span class='ocrx_word' id='word_1_591' title='bbox 604 4900 631 4952; x_wconf 91' lang='lat'><strong>6</strong></span> <span class='ocrx_word' id='word_1_592' title='bbox 682 4898 1055 4973; x_wconf 74' lang='grc' dir='ltr'>φιλάνθρωπος</span> <span class='ocrx_word' id='word_1_593' title='bbox 1100 4893 1494 4975; x_wconf 77' lang='grc' dir='ltr'>προσεκέρδησε</span> <span class='ocrx_word' id='word_1_594' title='bbox 1542 4900 1637 4956; x_wconf 74' lang='grc' dir='ltr'>τήν</span> <span class='ocrx_word' id='word_1_595' title='bbox 1685 4916 1790 4950; x_wconf 84' lang='grc' dir='ltr'>σω-</span> 
     </span>
    </p>
   </div>
   <div class='ocr_carea' id='block_1_85' title="bbox 173 4994 371 5062">
    <p class='ocr_par' dir='ltr' id='par_1_85' title="bbox 173 4994 371 5062">
     <span class='ocr_line' id='line_1_85' title="bbox 173 4994 371 5062; baseline -0.005 -19"><span class='ocrx_word' id='word_1_596' title='bbox 173 4994 371 5062; x_wconf 62' lang='grc' dir='ltr'>πρίων.</span> 
     </span>
    </p>
   </div>
   <div class='ocr_carea' id='block_1_86' title="bbox 1908 3099 3559 3176">
    <p class='ocr_par' dir='ltr' id='par_1_86' title="bbox 1908 3099 3559 3176">
     <span class='ocr_line' id='line_1_86' title="bbox 1908 3099 3559 3176; baseline 0.001 -17"><span class='ocrx_word' id='word_1_597' title='bbox 1908 3102 2196 3171; x_wconf 84' lang='lat' dir='ltr'><strong>fungitur,</strong></span> <span class='ocrx_word' id='word_1_598' title='bbox 2227 3117 2374 3159; x_wconf 90' lang='lat' dir='ltr'><strong>sane</strong></span> <span class='ocrx_word' id='word_1_599' title='bbox 2420 3101 2678 3174; x_wconf 89' lang='lat' dir='ltr'><strong>pretium</strong></span> <span class='ocrx_word' id='word_1_600' title='bbox 2705 3099 3136 3173; x_wconf 82' lang='lat' dir='ltr'><strong>redemptionis</strong></span> <span class='ocrx_word' id='word_1_601' title='bbox 3180 3101 3299 3158; x_wconf 91' lang='lat' dir='ltr'><strong>dici</strong></span> <span class='ocrx_word' id='word_1_602' title='bbox 3326 3105 3559 3176; x_wconf 84' lang='lat' dir='ltr'><strong>potest:</strong></span> 
     </span>
    </p>
   </div>
   <div class='ocr_carea' id='block_1_87' title="bbox 1908 3187 3561 3263">
    <p class='ocr_par' dir='ltr' id='par_1_87' title="bbox 1908 3187 3561 3263">
     <span class='ocr_line' id='line_1_87' title="bbox 1908 3187 3561 3263; baseline 0.001 -16"><span class='ocrx_word' id='word_1_603' title='bbox 1908 3194 2322 3248; x_wconf 88' lang='lat' dir='ltr'><strong>verumtamen</strong></span> <span class='ocrx_word' id='word_1_604' title='bbox 2369 3193 2671 3262; x_wconf 89' lang='lat' dir='ltr'><strong>quatenus</strong></span> <span class='ocrx_word' id='word_1_605' title='bbox 2718 3187 2949 3244; x_wconf 89' lang='lat' dir='ltr'><strong>donum</strong></span> <span class='ocrx_word' id='word_1_606' title='bbox 2977 3190 3272 3261; x_wconf 89' lang='lat' dir='ltr'><strong>mangoni</strong></span> <span class='ocrx_word' id='word_1_607' title='bbox 3317 3194 3426 3263; x_wconf 90' lang='lat' dir='ltr'><strong>est,</strong></span> <span class='ocrx_word' id='word_1_608' title='bbox 3457 3190 3561 3250; x_wconf 91' lang='lat' dir='ltr'><strong>illo</strong></span> 
     </span>
    </p>
   </div>
   <div class='ocr_carea' id='block_1_88' title="bbox 1907 3276 3559 3351">
    <p class='ocr_par' dir='ltr' id='par_1_88' title="bbox 1907 3276 3559 3351">
     <span class='ocr_line' id='line_1_88' title="bbox 1907 3276 3559 3351; baseline 0.001 -14"><span class='ocrx_word' id='word_1_609' title='bbox 1907 3279 2155 3337; x_wconf 89' lang='lat' dir='ltr'><strong>nomine</strong></span> <span class='ocrx_word' id='word_1_610' title='bbox 2182 3279 2268 3335; x_wconf 88' lang='lat' dir='ltr'><strong>uti</strong></span> <span class='ocrx_word' id='word_1_611' title='bbox 2295 3276 2520 3351; x_wconf 88' lang='lat' dir='ltr'><strong>nequit.</strong></span> <span class='ocrx_word' id='word_1_612' title='bbox 2555 3280 2622 3335; x_wconf 88' lang='lat' dir='ltr'><strong>Et</strong></span> <span class='ocrx_word' id='word_1_613' title='bbox 2649 3277 2900 3350; x_wconf 88' lang='lat' dir='ltr'><strong>quidem</strong></span> <span class='ocrx_word' id='word_1_614' title='bbox 2927 3277 3046 3336; x_wconf 88' lang='lat' dir='ltr'><strong>alia</strong></span> <span class='ocrx_word' id='word_1_615' title='bbox 3087 3279 3281 3338; x_wconf 88' lang='lat' dir='ltr'><strong>multa</strong></span> <span class='ocrx_word' id='word_1_616' title='bbox 3316 3280 3559 3339; x_wconf 70' lang='lat' dir='ltr'><strong>redem-</strong></span> 
     </span>
    </p>
   </div>
   <div class='ocr_carea' id='block_1_89' title="bbox 1906 3367 3561 3444">
    <p class='ocr_par' dir='ltr' id='par_1_89' title="bbox 1906 3367 3561 3444">
     <span class='ocr_line' id='line_1_89' title="bbox 1906 3367 3561 3444; baseline 0.001 -16"><span class='ocrx_word' id='word_1_617' title='bbox 1906 3369 2128 3444; x_wconf 87' lang='lat' dir='ltr'><strong>ptionis</strong></span> <span class='ocrx_word' id='word_1_618' title='bbox 2174 3368 2416 3442; x_wconf 88' lang='lat' dir='ltr'><strong>proprie</strong></span> <span class='ocrx_word' id='word_1_619' title='bbox 2457 3367 2618 3425; x_wconf 90' lang='lat' dir='ltr'><strong>dicto</strong></span> <span class='ocrx_word' id='word_1_620' title='bbox 2648 3367 2839 3441; x_wconf 89' lang='lat' dir='ltr'><strong>pretio</strong></span> <span class='ocrx_word' id='word_1_621' title='bbox 2886 3368 3110 3438; x_wconf 91' lang='lat' dir='ltr'><strong>insunt,</strong></span> <span class='ocrx_word' id='word_1_622' title='bbox 3141 3384 3280 3442; x_wconf 72' lang='lat' dir='ltr'><strong>quas</strong></span> <span class='ocrx_word' id='word_1_623' title='bbox 3321 3386 3561 3429; x_wconf 74' lang='lat' dir='ltr'><strong>arcanas</strong></span> 
     </span>
    </p>
   </div>
   <div class='ocr_carea' id='block_1_90' title="bbox 1905 3456 3558 3532">
    <p class='ocr_par' dir='ltr' id='par_1_90' title="bbox 1905 3456 3558 3532">
     <span class='ocr_line' id='line_1_90' title="bbox 1905 3456 3558 3532; baseline 0.002 -16"><span class='ocrx_word' id='word_1_624' title='bbox 1905 3460 2047 3516; x_wconf 91' lang='lat' dir='ltr'><strong>huic</strong></span> <span class='ocrx_word' id='word_1_625' title='bbox 2089 3461 2146 3516; x_wconf 88' lang='lat' dir='ltr'><strong>et</strong></span> <span class='ocrx_word' id='word_1_626' title='bbox 2187 3456 2574 3515; x_wconf 82' lang='lat' dir='ltr'><strong>inenarrabili</strong></span> <span class='ocrx_word' id='word_1_627' title='bbox 2623 3457 2976 3514; x_wconf 84' lang='lat' dir='ltr'><strong>oeconomiae</strong></span> <span class='ocrx_word' id='word_1_628' title='bbox 3024 3472 3149 3515; x_wconf 93' lang='lat' dir='ltr'><strong>non</strong></span> <span class='ocrx_word' id='word_1_629' title='bbox 3196 3463 3558 3532; x_wconf 90' lang='lat' dir='ltr'><strong>congruunt.</strong></span> 
     </span>
    </p>
   </div>
   <div class='ocr_carea' id='block_1_91' title="bbox 1907 3545 3560 3622">
    <p class='ocr_par' dir='ltr' id='par_1_91' title="bbox 1907 3545 3560 3622">
     <span class='ocr_line' id='line_1_91' title="bbox 1907 3545 3560 3622; baseline 0.001 -17"><span class='ocrx_word' id='word_1_630' title='bbox 1907 3549 2216 3622; x_wconf 90' lang='lat' dir='ltr'><strong>Siquidem</strong></span> <span class='ocrx_word' id='word_1_631' title='bbox 2249 3546 2356 3620; x_wconf 89' lang='lat' dir='ltr'>qui</span> <span class='ocrx_word' id='word_1_632' title='bbox 2391 3546 2652 3620; x_wconf 91' lang='lat' dir='ltr'><strong>pretium</strong></span> <span class='ocrx_word' id='word_1_633' title='bbox 2693 3545 2879 3617; x_wconf 93' lang='lat' dir='ltr'><strong>dedit,</strong></span> <span class='ocrx_word' id='word_1_634' title='bbox 2905 3545 3051 3621; x_wconf 93' lang='lat' dir='ltr'><strong>quia</strong></span> <span class='ocrx_word' id='word_1_635' title='bbox 3091 3547 3175 3604; x_wconf 89' lang='lat' dir='ltr'><strong>rei</strong></span> <span class='ocrx_word' id='word_1_636' title='bbox 3218 3549 3349 3620; x_wconf 89' lang='lat' dir='ltr'><strong>ejus</strong></span> <span class='ocrx_word' id='word_1_637' title='bbox 3394 3548 3560 3606; x_wconf 84' lang='lat' dir='ltr'><strong>dein-</strong></span> 
     </span>
    </p>
   </div>
   <div class='ocr_carea' id='block_1_92' title="bbox 1905 3635 3558 3711">
    <p class='ocr_par' dir='ltr' id='par_1_92' title="bbox 1905 3635 3558 3711">
     <span class='ocr_line' id='line_1_92' title="bbox 1905 3635 3558 3711; baseline 0.001 -17"><span class='ocrx_word' id='word_1_638' title='bbox 1905 3653 2049 3711; x_wconf 88' lang='lat' dir='ltr'><strong>ceps</strong></span> <span class='ocrx_word' id='word_1_639' title='bbox 2091 3636 2377 3694; x_wconf 90' lang='lat' dir='ltr'><strong>dominus</strong></span> <span class='ocrx_word' id='word_1_640' title='bbox 2407 3652 2540 3693; x_wconf 89' lang='lat' dir='ltr'><strong>esse</strong></span> <span class='ocrx_word' id='word_1_641' title='bbox 2581 3651 2708 3693; x_wconf 90' lang='lat' dir='ltr'><strong>non</strong></span> <span class='ocrx_word' id='word_1_642' title='bbox 2743 3639 2956 3708; x_wconf 90' lang='lat' dir='ltr'><strong>potest,</strong></span> <span class='ocrx_word' id='word_1_643' title='bbox 2990 3635 3418 3694; x_wconf 89' lang='lat' dir='ltr'><strong>detrimentum</strong></span> <span class='ocrx_word' id='word_1_644' title='bbox 3454 3653 3558 3695; x_wconf 92' lang='lat' dir='ltr'><strong>ne-</strong></span> 
     </span>
    </p>
   </div>
   <div class='ocr_carea' id='block_1_93' title="bbox 1906 3724 3558 3797">
    <p class='ocr_par' dir='ltr' id='par_1_93' title="bbox 1906 3724 3558 3797">
     <span class='ocr_line' id='line_1_93' title="bbox 1906 3724 3558 3797; baseline -0.001 -13"><span class='ocrx_word' id='word_1_645' title='bbox 1906 3728 2232 3784; x_wconf 89' lang='lat' dir='ltr'><strong>cessarium</strong></span> <span class='ocrx_word' id='word_1_646' title='bbox 2272 3726 2531 3796; x_wconf 85' lang='lat' dir='ltr'><strong>patitur:</strong></span> <span class='ocrx_word' id='word_1_647' title='bbox 2566 3728 2775 3782; x_wconf 87' lang='lat' dir='ltr'><strong>contra</strong></span> <span class='ocrx_word' id='word_1_648' title='bbox 2819 3724 2924 3797; x_wconf 93' lang='lat' dir='ltr'>qui</span> <span class='ocrx_word' id='word_1_649' title='bbox 2961 3725 3198 3797; x_wconf 89' lang='lat' dir='ltr'><strong>accipit,</strong></span> <span class='ocrx_word' id='word_1_650' title='bbox 3238 3725 3405 3782; x_wconf 91' lang='lat' dir='ltr'><strong>lucro</strong></span> <span class='ocrx_word' id='word_1_651' title='bbox 3453 3741 3558 3783; x_wconf 88' lang='lat' dir='ltr'><strong>au-</strong></span> 
     </span>
    </p>
   </div>
   <div class='ocr_carea' id='block_1_94' title="bbox 1904 3813 3556 3890">
    <p class='ocr_par' dir='ltr' id='par_1_94' title="bbox 1904 3813 3556 3890">
     <span class='ocr_line' id='line_1_94' title="bbox 1904 3813 3556 3890; baseline -0.002 -17"><span class='ocrx_word' id='word_1_652' title='bbox 1904 3821 2093 3889; x_wconf 85' lang='lat' dir='ltr'><strong>getur,</strong></span> <span class='ocrx_word' id='word_1_653' title='bbox 2124 3816 2313 3890; x_wconf 91' lang='lat' dir='ltr'><strong>ﬁtque</strong></span> <span class='ocrx_word' id='word_1_654' title='bbox 2356 3815 2442 3871; x_wconf 93' lang='lat' dir='ltr'><strong>rei</strong></span> <span class='ocrx_word' id='word_1_655' title='bbox 2489 3814 2777 3871; x_wconf 91' lang='lat' dir='ltr'><strong>dominus</strong></span> <span class='ocrx_word' id='word_1_656' title='bbox 2807 3828 2945 3886; x_wconf 68' lang='lat' dir='ltr'><strong>quas</strong></span> <span class='ocrx_word' id='word_1_657' title='bbox 2990 3813 3054 3869; x_wconf 92' lang='lat' dir='ltr'><strong>in</strong></span> <span class='ocrx_word' id='word_1_658' title='bbox 3101 3814 3231 3885; x_wconf 91' lang='lat' dir='ltr'><strong>ejus</strong></span> <span class='ocrx_word' id='word_1_659' title='bbox 3257 3816 3556 3886; x_wconf 89' lang='lat' dir='ltr'><strong>potestate</strong></span> 
     </span>
    </p>
   </div>
   <div class='ocr_carea' id='block_1_95' title="bbox 1903 3901 3557 3974">
    <p class='ocr_par' dir='ltr' id='par_1_95' title="bbox 1903 3901 3557 3974">
     <span class='ocr_line' id='line_1_95' title="bbox 1903 3901 3557 3974; baseline -0.003 -11"><span class='ocrx_word' id='word_1_660' title='bbox 1903 3911 2080 3964; x_wconf 88' lang='lat' dir='ltr'><strong>antea</strong></span> <span class='ocrx_word' id='word_1_661' title='bbox 2123 3920 2249 3962; x_wconf 90' lang='lat' dir='ltr'><strong>non</strong></span> <span class='ocrx_word' id='word_1_662' title='bbox 2277 3906 2423 3962; x_wconf 89' lang='lat' dir='ltr'><strong>erat.</strong></span> <span class='ocrx_word' id='word_1_663' title='bbox 2464 3907 2631 3961; x_wconf 89' lang='lat' dir='ltr'><strong>Nunc</strong></span> <span class='ocrx_word' id='word_1_664' title='bbox 2669 3916 2851 3959; x_wconf 92' lang='lat' dir='ltr'><strong>omne</strong></span> <span class='ocrx_word' id='word_1_665' title='bbox 2899 3905 3109 3958; x_wconf 89' lang='lat' dir='ltr'><strong>contra</strong></span> <span class='ocrx_word' id='word_1_666' title='bbox 3144 3904 3250 3958; x_wconf 92' lang='lat' dir='ltr'><strong>est.</strong></span> <span class='ocrx_word' id='word_1_667' title='bbox 3286 3901 3396 3968; x_wconf 87' lang='lat' dir='ltr'><strong>Qui</strong></span> <span class='ocrx_word' id='word_1_668' title='bbox 3425 3917 3557 3974; x_wconf 88' lang='lat' dir='ltr'><strong>pre-</strong></span> 
     </span>
    </p>
   </div>
   <div class='ocr_carea' id='block_1_96' title="bbox 1902 3989 3553 4066">
    <p class='ocr_par' dir='ltr' id='par_1_96' title="bbox 1902 3989 3553 4066">
     <span class='ocr_line' id='line_1_96' title="bbox 1902 3989 3553 4066; baseline -0.002 -15"><span class='ocrx_word' id='word_1_669' title='bbox 1902 3996 2053 4052; x_wconf 90' lang='lat' dir='ltr'><strong>tium</strong></span> <span class='ocrx_word' id='word_1_670' title='bbox 2079 3993 2293 4051; x_wconf 88' lang='lat' dir='ltr'><strong>obtulit</strong></span> <span class='ocrx_word' id='word_1_671' title='bbox 2329 3990 2856 4066; x_wconf 90' lang='lat' dir='ltr'><strong>(quandoquidem</strong></span> <span class='ocrx_word' id='word_1_672' title='bbox 2886 3989 3095 4046; x_wconf 90' lang='lat' dir='ltr'><strong>omnia</strong></span> <span class='ocrx_word' id='word_1_673' title='bbox 3136 3989 3199 4045; x_wconf 90' lang='lat' dir='ltr'><strong>in</strong></span> <span class='ocrx_word' id='word_1_674' title='bbox 3240 3989 3343 4047; x_wconf 89' lang='lat' dir='ltr'><strong>Dei</strong></span> <span class='ocrx_word' id='word_1_675' title='bbox 3382 3994 3553 4064; x_wconf 83' lang='lat' dir='ltr'><strong>pote-</strong></span> 
     </span>
    </p>
   </div>
   <div class='ocr_carea' id='block_1_97' title="bbox 1903 4078 3556 4155">
    <p class='ocr_par' dir='ltr' id='par_1_97' title="bbox 1903 4078 3556 4155">
     <span class='ocr_line' id='line_1_97' title="bbox 1903 4078 3556 4155; baseline -0.001 -15"><span class='ocrx_word' id='word_1_676' title='bbox 1903 4088 2051 4142; x_wconf 90' lang='lat' dir='ltr'><strong>state</strong></span> <span class='ocrx_word' id='word_1_677' title='bbox 2094 4087 2251 4150; x_wconf 91' lang='lat' dir='ltr'><strong>sunt,</strong></span> <span class='ocrx_word' id='word_1_678' title='bbox 2286 4097 2480 4155; x_wconf 84' lang='lat' dir='ltr'><strong>neque</strong></span> <span class='ocrx_word' id='word_1_679' title='bbox 2522 4080 2713 4153; x_wconf 88' lang='lat' dir='ltr'><strong>ipsius</strong></span> <span class='ocrx_word' id='word_1_680' title='bbox 2750 4078 2948 4135; x_wconf 85' lang='lat' dir='ltr'><strong>Abelis</strong></span> <span class='ocrx_word' id='word_1_681' title='bbox 2991 4093 3189 4151; x_wconf 91' lang='lat' dir='ltr'><strong>neque</strong></span> <span class='ocrx_word' id='word_1_682' title='bbox 3217 4083 3556 4154; x_wconf 87' lang='lat' dir='ltr'><strong>martyrum</strong></span> 
     </span>
    </p>
   </div>
   <div class='ocr_carea' id='block_1_98' title="bbox 1902 4168 3551 4248">
    <p class='ocr_par' dir='ltr' id='par_1_98' title="bbox 1902 4168 3551 4248">
     <span class='ocr_line' id='line_1_98' title="bbox 1902 4168 3551 4248; baseline -0.001 -18"><span class='ocrx_word' id='word_1_683' title='bbox 1902 4173 2150 4248; x_wconf 81' lang='lat' dir='ltr'><strong>sanguis</strong></span> <span class='ocrx_word' id='word_1_684' title='bbox 2178 4173 2257 4230; x_wconf 90' lang='lat' dir='ltr'><strong>ab</strong></span> <span class='ocrx_word' id='word_1_685' title='bbox 2288 4172 2418 4244; x_wconf 89' lang='lat' dir='ltr'><strong>ejus</strong></span> <span class='ocrx_word' id='word_1_686' title='bbox 2458 4168 2839 4243; x_wconf 88' lang='lat' dir='ltr'><strong>providentia</strong></span> <span class='ocrx_word' id='word_1_687' title='bbox 2879 4168 3275 4241; x_wconf 92' lang='lat' dir='ltr'><strong>dominioque</strong></span> <span class='ocrx_word' id='word_1_688' title='bbox 3318 4170 3551 4243; x_wconf 87' lang='lat' dir='ltr'><strong>abfuit),</strong></span> 
     </span>
    </p>
   </div>
   <div class='ocr_carea' id='block_1_99' title="bbox 1900 4257 3555 4335">
    <p class='ocr_par' dir='ltr' id='par_1_99' title="bbox 1900 4257 3555 4335">
     <span class='ocr_line' id='line_1_99' title="bbox 1900 4257 3555 4335; baseline -0.001 -16"><span class='ocrx_word' id='word_1_689' title='bbox 1900 4263 2018 4334; x_wconf 90' lang='lat' dir='ltr'><strong>hic,</strong></span> <span class='ocrx_word' id='word_1_690' title='bbox 2066 4263 2341 4335; x_wconf 90' lang='lat' dir='ltr'><strong>inquam,</strong></span> <span class='ocrx_word' id='word_1_691' title='bbox 2398 4259 2634 4316; x_wconf 89' lang='lat' dir='ltr'><strong>nullum</strong></span> <span class='ocrx_word' id='word_1_692' title='bbox 2692 4258 2847 4332; x_wconf 89' lang='lat' dir='ltr'><strong>cepit</strong></span> <span class='ocrx_word' id='word_1_693' title='bbox 2901 4257 3348 4316; x_wconf 91' lang='lat' dir='ltr'><strong>detrimentum.</strong></span> <span class='ocrx_word' id='word_1_694' title='bbox 3402 4263 3555 4317; x_wconf 90' lang='lat' dir='ltr'><strong>Nam</strong></span> 
     </span>
    </p>
   </div>
   <div class='ocr_carea' id='block_1_100' title="bbox 1901 4347 3556 4428">
    <p class='ocr_par' dir='ltr' id='par_1_100' title="bbox 1901 4347 3556 4428">
     <span class='ocr_line' id='line_1_100' title="bbox 1901 4347 3556 4428; baseline -0.002 -18"><span class='ocrx_word' id='word_1_695' title='bbox 1901 4354 2036 4428; x_wconf 89' lang='lat' dir='ltr'><strong>quis</strong></span> <span class='ocrx_word' id='word_1_696' title='bbox 2058 4351 2305 4410; x_wconf 90' lang='lat' dir='ltr'><strong>omnino</strong></span> <span class='ocrx_word' id='word_1_697' title='bbox 2326 4350 2670 4408; x_wconf 83' lang='lat' dir='ltr'><strong>existimare</strong></span> <span class='ocrx_word' id='word_1_698' title='bbox 2688 4348 2848 4421; x_wconf 88' lang='lat' dir='ltr'><strong>velit,</strong></span> <span class='ocrx_word' id='word_1_699' title='bbox 2865 4347 2945 4406; x_wconf 90' lang='lat' dir='ltr'><strong>ab</strong></span> <span class='ocrx_word' id='word_1_700' title='bbox 2966 4364 3038 4406; x_wconf 92' lang='lat' dir='ltr'><strong>eo</strong></span> <span class='ocrx_word' id='word_1_701' title='bbox 3057 4349 3162 4422; x_wconf 90' lang='lat' dir='ltr'><strong>qui</strong></span> <span class='ocrx_word' id='word_1_702' title='bbox 3179 4349 3556 4407; x_wconf 82' lang='lat' dir='ltr'><strong>famulorum</strong></span> 
     </span>
    </p>
   </div>
   <div class='ocr_carea' id='block_1_101' title="bbox 1903 4439 3555 4515">
    <p class='ocr_par' dir='ltr' id='par_1_101' title="bbox 1903 4439 3555 4515">
     <span class='ocr_line' id='line_1_101' title="bbox 1903 4439 3555 4515; baseline -0.003 -14"><span class='ocrx_word' id='word_1_703' title='bbox 1903 4460 2172 4509; x_wconf 89' lang='lat' dir='ltr'><strong>suorum,</strong></span> <span class='ocrx_word' id='word_1_704' title='bbox 2207 4446 2265 4500; x_wconf 89' lang='lat' dir='ltr'><strong>et</strong></span> <span class='ocrx_word' id='word_1_705' title='bbox 2303 4456 2566 4515; x_wconf 90' lang='lat' dir='ltr'><strong>quorum</strong></span> <span class='ocrx_word' id='word_1_706' title='bbox 2610 4440 2858 4511; x_wconf 85' lang='lat' dir='ltr'><strong>sanguis</strong></span> <span class='ocrx_word' id='word_1_707' title='bbox 2902 4440 3233 4496; x_wconf 80' lang='lat' dir='ltr'><strong>exhaustus</strong></span> <span class='ocrx_word' id='word_1_708' title='bbox 3281 4439 3410 4510; x_wconf 89' lang='lat' dir='ltr'><strong>fuit,</strong></span> <span class='ocrx_word' id='word_1_709' title='bbox 3456 4456 3555 4496; x_wconf 90' lang='lat' dir='ltr'><strong>cu-</strong></span> 
     </span>
    </p>
   </div>
   <div class='ocr_carea' id='block_1_102' title="bbox 1902 4528 3555 4605">
    <p class='ocr_par' dir='ltr' id='par_1_102' title="bbox 1902 4528 3555 4605">
     <span class='ocr_line' id='line_1_102' title="bbox 1902 4528 3555 4605; baseline -0.004 -14"><span class='ocrx_word' id='word_1_710' title='bbox 1902 4550 2034 4591; x_wconf 88' lang='lat' dir='ltr'><strong>ram</strong></span> <span class='ocrx_word' id='word_1_711' title='bbox 2063 4532 2231 4605; x_wconf 86' lang='lat' dir='ltr'><strong>gerit,</strong></span> <span class='ocrx_word' id='word_1_712' title='bbox 2254 4531 2479 4604; x_wconf 88' lang='lat' dir='ltr'><strong>quique</strong></span> <span class='ocrx_word' id='word_1_713' title='bbox 2503 4533 2883 4586; x_wconf 89' lang='lat' dir='ltr'><strong>mortuorum</strong></span> <span class='ocrx_word' id='word_1_714' title='bbox 2910 4532 3205 4601; x_wconf 89' lang='lat' dir='ltr'><strong>tanquam</strong></span> <span class='ocrx_word' id='word_1_715' title='bbox 3223 4528 3555 4586; x_wconf 89' lang='lat' dir='ltr'><strong>viventium</strong></span> 
     </span>
    </p>
   </div>
   <div class='ocr_carea' id='block_1_103' title="bbox 1902 4619 3555 4693">
    <p class='ocr_par' dir='ltr' id='par_1_103' title="bbox 1902 4619 3555 4693">
     <span class='ocr_line' id='line_1_103' title="bbox 1902 4619 3555 4693; baseline -0.003 -13"><span class='ocrx_word' id='word_1_716' title='bbox 1902 4622 2196 4680; x_wconf 84' lang='lat' dir='ltr'><strong>clamores</strong></span> <span class='ocrx_word' id='word_1_717' title='bbox 2240 4619 2439 4688; x_wconf 89' lang='lat' dir='ltr'><strong>audit;</strong></span> <span class='ocrx_word' id='word_1_718' title='bbox 2470 4619 2631 4693; x_wconf 90' lang='lat' dir='ltr'><strong>quis,</strong></span> <span class='ocrx_word' id='word_1_719' title='bbox 2661 4619 2936 4692; x_wconf 90' lang='lat' dir='ltr'><strong>inquam,</strong></span> <span class='ocrx_word' id='word_1_720' title='bbox 2984 4622 3175 4692; x_wconf 86' lang='lat' dir='ltr'><strong>putet,</strong></span> <span class='ocrx_word' id='word_1_721' title='bbox 3224 4619 3555 4676; x_wconf 89' lang='lat' dir='ltr'><strong>salutarem</strong></span> 
     </span>
    </p>
   </div>
   <div class='ocr_carea' id='block_1_104' title="bbox 1901 4707 3555 4786">
    <p class='ocr_par' dir='ltr' id='par_1_104' title="bbox 1901 4707 3555 4786">
     <span class='ocr_line' id='line_1_104' title="bbox 1901 4707 3555 4786; baseline -0.005 -16"><span class='ocrx_word' id='word_1_722' title='bbox 1901 4717 1959 4770; x_wconf 92' lang='lat' dir='ltr'><strong>et</strong></span> <span class='ocrx_word' id='word_1_723' title='bbox 2003 4711 2108 4786; x_wconf 90' lang='lat' dir='ltr'><strong>qui</strong></span> <span class='ocrx_word' id='word_1_724' title='bbox 2153 4709 2365 4768; x_wconf 90' lang='lat' dir='ltr'><strong>orbem</strong></span> <span class='ocrx_word' id='word_1_725' title='bbox 2406 4707 2667 4766; x_wconf 82' lang='lat' dir='ltr'><strong>viviﬁcat</strong></span> <span class='ocrx_word' id='word_1_726' title='bbox 2719 4707 3104 4779; x_wconf 88' lang='lat' dir='ltr'><strong>sanguinem,</strong></span> <span class='ocrx_word' id='word_1_727' title='bbox 3150 4707 3212 4763; x_wconf 89' lang='lat' dir='ltr'><strong>in</strong></span> <span class='ocrx_word' id='word_1_728' title='bbox 3257 4707 3555 4763; x_wconf 83' lang='lat' dir='ltr'><strong>thesauris</strong></span> 
     </span>
    </p>
   </div>
   <div class='ocr_carea' id='block_1_105' title="bbox 1905 4795 3555 4876">
    <p class='ocr_par' dir='ltr' id='par_1_105' title="bbox 1905 4795 3555 4876">
     <span class='ocr_line' id='line_1_105' title="bbox 1905 4795 3555 4876; baseline -0.004 -17"><span class='ocrx_word' id='word_1_729' title='bbox 1905 4799 2294 4876; x_wconf 79' lang='lat' dir='ltr'><strong>providentiae</strong></span> <span class='ocrx_word' id='word_1_730' title='bbox 2324 4813 2447 4855; x_wconf 64' lang='lat' dir='ltr'><strong>suae</strong></span> <span class='ocrx_word' id='word_1_731' title='bbox 2476 4796 2555 4854; x_wconf 90' lang='lat' dir='ltr'><strong>ab</strong></span> <span class='ocrx_word' id='word_1_732' title='bbox 2581 4813 2651 4855; x_wconf 89' lang='lat' dir='ltr'><strong>eo</strong></span> <span class='ocrx_word' id='word_1_733' title='bbox 2672 4811 2797 4854; x_wconf 93' lang='lat' dir='ltr'><strong>non</strong></span> <span class='ocrx_word' id='word_1_734' title='bbox 2816 4796 2999 4853; x_wconf 89' lang='lat' dir='ltr'><strong>fuisse</strong></span> <span class='ocrx_word' id='word_1_735' title='bbox 3023 4795 3393 4853; x_wconf 87' lang='lat' dir='ltr'><strong>incolumem</strong></span> <span class='ocrx_word' id='word_1_736' title='bbox 3412 4809 3555 4852; x_wconf 86' lang='lat' dir='ltr'><strong>con-</strong></span> 
     </span>
    </p>
   </div>
   <div class='ocr_carea' id='block_1_106' title="bbox 1901 4884 3551 4962">
    <p class='ocr_par' dir='ltr' id='par_1_106' title="bbox 1901 4884 3551 4962">
     <span class='ocr_line' id='line_1_106' title="bbox 1901 4884 3551 4962; baseline -0.005 -11"><span class='ocrx_word' id='word_1_737' title='bbox 1901 4896 2229 4959; x_wconf 89' lang='lat' dir='ltr'><strong>servatum,</strong></span> <span class='ocrx_word' id='word_1_738' title='bbox 2262 4892 2443 4962; x_wconf 89' lang='lat' dir='ltr'><strong>atque</strong></span> <span class='ocrx_word' id='word_1_739' title='bbox 2489 4887 2567 4945; x_wconf 90' lang='lat' dir='ltr'><strong>ab</strong></span> <span class='ocrx_word' id='word_1_740' title='bbox 2614 4886 2784 4945; x_wconf 92' lang='lat' dir='ltr'><strong>omni</strong></span> <span class='ocrx_word' id='word_1_741' title='bbox 2825 4900 3118 4960; x_wconf 86' lang='lat' dir='ltr'><strong>corporea</strong></span> <span class='ocrx_word' id='word_1_742' title='bbox 3165 4884 3551 4958; x_wconf 90' lang='lat' dir='ltr'><strong>corruptione</strong></span> 
     </span>
    </p>
   </div>
   <div class='ocr_carea' id='block_1_107' title="bbox 1899 4974 3553 5050">
    <p class='ocr_par' dir='ltr' id='par_1_107' title="bbox 1899 4974 3553 5050">
     <span class='ocr_line' id='line_1_107' title="bbox 1899 4974 3553 5050; baseline -0.004 -10"><span class='ocrx_word' id='word_1_743' title='bbox 1899 4979 2268 5040; x_wconf 82' lang='lat' dir='ltr'><strong>defensum?</strong></span> <span class='ocrx_word' id='word_1_744' title='bbox 2299 4981 2429 5035; x_wconf 91' lang='lat' dir='ltr'><strong>Non</strong></span> <span class='ocrx_word' id='word_1_745' title='bbox 2475 4976 2655 5049; x_wconf 87' lang='lat' dir='ltr'><strong>igitur</strong></span> <span class='ocrx_word' id='word_1_746' title='bbox 2700 4975 2997 5034; x_wconf 88' lang='lat' dir='ltr'><strong>damnum</strong></span> <span class='ocrx_word' id='word_1_747' title='bbox 3041 4991 3260 5050; x_wconf 90' lang='lat' dir='ltr'><strong>passus</strong></span> <span class='ocrx_word' id='word_1_748' title='bbox 3307 4977 3397 5034; x_wconf 89' lang='lat' dir='ltr'><strong>est</strong></span> <span class='ocrx_word' id='word_1_749' title='bbox 3445 4974 3553 5049; x_wconf 84' lang='lat' dir='ltr'>qui</span> 
     </span>
    </p>
   </div>
   <div class='ocr_carea' id='block_1_108' title="bbox 173 5067 2888 5147">
    <p class='ocr_par' dir='ltr' id='par_1_108' title="bbox 173 5067 2888 5147">
     <span class='ocr_line' id='line_1_108' title="bbox 173 5067 2888 5147; baseline -0.007 -7"><span class='ocrx_word' id='word_1_750' title='bbox 173 5079 421 5146; x_wconf 71' lang='lat' dir='ltr'><strong>pretium</strong></span> <span class='ocrx_word' id='word_1_751' title='bbox 452 5077 727 5147; x_wconf 86' lang='lat' dir='ltr'><strong>contulit,</strong></span> <span class='ocrx_word' id='word_1_752' title='bbox 756 5076 892 5134; x_wconf 90' lang='lat' dir='ltr'><strong>imo</strong></span> <span class='ocrx_word' id='word_1_753' title='bbox 922 5073 1189 5132; x_wconf 88' lang='lat' dir='ltr'><strong>universi</strong></span> <span class='ocrx_word' id='word_1_754' title='bbox 1214 5075 1451 5147; x_wconf 81' lang='lat' dir='ltr'><strong>generis</strong></span> <span class='ocrx_word' id='word_1_755' title='bbox 1478 5074 1670 5133; x_wconf 88' lang='lat' dir='ltr'><strong>nostri</strong></span> <span class='ocrx_word' id='word_1_756' title='bbox 1699 5074 1963 5132; x_wconf 89' lang='lat' dir='ltr'><strong>clemens</strong></span> <span class='ocrx_word' id='word_1_757' title='bbox 1986 5072 2163 5129; x_wconf 85' lang='lat' dir='ltr'><strong>Jesus</strong></span> <span class='ocrx_word' id='word_1_758' title='bbox 2196 5067 2453 5126; x_wconf 88' lang='lat' dir='ltr'><strong>salutem</strong></span> <span class='ocrx_word' id='word_1_759' title='bbox 2481 5067 2748 5125; x_wconf 85' lang='lat' dir='ltr'><strong>lucratus</strong></span> <span class='ocrx_word' id='word_1_760' title='bbox 2778 5067 2888 5122; x_wconf 86' lang='lat' dir='ltr'><strong>est.</strong></span> 
     </span>
    </p>
   </div>
   <div class='ocr_carea' id='block_1_109' title="bbox 238 5250 1792 5341">
    <p class='ocr_par' dir='ltr' id='par_1_109' title="bbox 238 5250 1792 5341">
     <span class='ocr_line' id='line_1_109' title="bbox 238 5250 1792 5341; baseline -0.006 -23"><span class='ocrx_word' id='word_1_761' title='bbox 238 5255 347 5341; x_wconf 52' lang='grc' dir='ltr'>(φλ</span> <span class='ocrx_word' id='word_1_762' title='bbox 380 5262 511 5317; x_wconf 81' lang='lat' dir='ltr'><strong>Non</strong></span> <span class='ocrx_word' id='word_1_763' title='bbox 552 5257 812 5316; x_wconf 81' lang='lat' dir='ltr'><strong>exstant</strong></span> <span class='ocrx_word' id='word_1_764' title='bbox 841 5251 911 5309; x_wconf 86' lang='lat' dir='ltr'><strong>hi</strong></span> <span class='ocrx_word' id='word_1_765' title='bbox 940 5250 1019 5308; x_wconf 90' lang='lat' dir='ltr'><strong>de</strong></span> <span class='ocrx_word' id='word_1_766' title='bbox 1047 5252 1272 5325; x_wconf 86' lang='lat' dir='ltr'><strong>azymis</strong></span> <span class='ocrx_word' id='word_1_767' title='bbox 1321 5268 1632 5311; x_wconf 88' lang='lat' dir='ltr'><strong>sermones</strong></span> <span class='ocrx_word' id='word_1_768' title='bbox 1674 5255 1792 5309; x_wconf 90' lang='lat' dir='ltr'><strong>Eu-</strong></span> 
     </span>
    </p>
   </div>
   <div class='ocr_carea' id='block_1_110' title="bbox 186 5330 1797 5525">
    <p class='ocr_par' dir='ltr' id='par_1_110' title="bbox 186 5330 1797 5525">
     <span class='ocr_line' id='line_1_110' title="bbox 186 5330 1797 5525; baseline -0.008 -62"><span class='ocrx_word' id='word_1_769' title='bbox 186 5330 579 5525; x_wconf 44' lang='lat' dir='ltr'><strong>:Efjllevem</strong></span> <span class='ocrx_word' id='word_1_770' title='bbox 593 5396 851 5484; x_wconf 74' lang='lat' dir='ltr'><strong>oppido</strong></span> <span class='ocrx_word' id='word_1_771' title='bbox 861 5394 1030 5476; x_wconf 65' lang='lat' dir='ltr'><strong>hanc</strong></span> <span class='ocrx_word' id='word_1_772' title='bbox 1046 5392 1443 5467; x_wconf 87' lang='lat' dir='ltr'><strong>objectionem</strong></span> <span class='ocrx_word' id='word_1_773' title='bbox 1456 5398 1797 5453; x_wconf 73' lang='lat' dir='ltr'><strong>Graecorum</strong></span> 
     </span>
     <span class='ocr_line' id='line_1_111' title="bbox 186 5466 1797 5525; baseline -0.002 0"><span class='ocrx_word' id='word_1_774' title='bbox 186 5480 199 5525; x_wconf 84' lang='grc' dir='ltr'><strong>ι</strong></span> <span class='ocrx_word' id='word_1_775' title='bbox 294 5481 387 5525; x_wconf 80' lang='lat' dir='ltr'><strong>cat</strong></span> <span class='ocrx_word' id='word_1_776' title='bbox 430 5476 835 5525; x_wconf 80' lang='lat' dir='ltr'><strong>Ciammnlus</strong></span> <span class='ocrx_word' id='word_1_777' title='bbox 884 5478 954 5520; x_wconf 86' lang='lat' dir='ltr'><strong>1n</strong></span> <span class='ocrx_word' id='word_1_778' title='bbox 1003 5479 1112 5521; x_wconf 88' lang='lat' dir='ltr'><strong>suo</strong></span> <span class='ocrx_word' id='word_1_779' title='bbox 1150 5466 1222 5521; x_wconf 87' lang='lat' dir='ltr'><strong>de</strong></span> <span class='ocrx_word' id='word_1_780' title='bbox 1249 5471 1473 5525; x_wconf 86' lang='lat' dir='ltr'><strong>szmo</strong></span> <span class='ocrx_word' id='word_1_781' title='bbox 1501 5466 1797 5525; x_wconf 84' lang='lat' dir='ltr'><strong>onusculo</strong></span> 
     </span>
    </p>
   </div>
   <div class='ocr_carea' id='block_1_111' title="bbox 180 5466 1798 5547">
    <p class='ocr_par' dir='ltr' id='par_1_111' title="bbox 180 5466 1798 5547">
     <span class='ocr_line' id='line_1_112' title="bbox 180 5466 1798 5547; baseline -0.007 -13"><span class='ocrx_word' id='word_1_782' title='bbox 180 5466 387 5534; x_wconf 66' lang='lat' dir='ltr'><strong>indicat</strong></span> <span class='ocrx_word' id='word_1_783' title='bbox 430 5466 835 5547; x_wconf 62' lang='lat' dir='ltr'><strong>Ciamﬁifiius</strong></span> <span class='ocrx_word' id='word_1_784' title='bbox 884 5466 954 5520; x_wconf 85' lang='lat' dir='ltr'><strong>in</strong></span> <span class='ocrx_word' id='word_1_785' title='bbox 1003 5479 1112 5547; x_wconf 70' lang='lat' dir='ltr'><strong>suo</strong></span> <span class='ocrx_word' id='word_1_786' title='bbox 1150 5466 1230 5547; x_wconf 66' lang='lat' dir='ltr'><strong>de</strong></span> <span class='ocrx_word' id='word_1_787' title='bbox 1249 5471 1473 5547; x_wconf 67' lang='grc' dir='ltr'><strong>ΛεγΨο</strong></span> <span class='ocrx_word' id='word_1_788' title='bbox 1501 5466 1798 5547; x_wconf 76' lang='lat' dir='ltr'><strong>opusculo</strong></span> 
     </span>
    </p>
   </div>
   <div class='ocr_carea' id='block_1_112' title="bbox 188 5535 1798 5618">
    <p class='ocr_par' dir='ltr' id='par_1_112' title="bbox 188 5535 1798 5618">
     <span class='ocr_line' id='line_1_113' title="bbox 188 5535 1798 5618; baseline -0.001 -21"><span class='ocrx_word' id='word_1_789' title='bbox 188 5552 300 5615; x_wconf 78' lang='lat' dir='ltr'><strong>cap.</strong></span> <span class='ocrx_word' id='word_1_790' title='bbox 329 5551 373 5604; x_wconf 80' lang='grc' dir='ltr'>ι.</span> <span class='ocrx_word' id='word_1_791' title='bbox 404 5550 556 5606; x_wconf 78' lang='lat' dir='ltr'><strong>Tum</strong></span> <span class='ocrx_word' id='word_1_792' title='bbox 578 5535 728 5618; x_wconf 71' lang='lat' dir='ltr'><strong>c’ap.</strong></span> <span class='ocrx_word' id='word_1_793' title='bbox 766 5544 830 5605; x_wconf 87' lang='lat'><strong>3,</strong></span> <span class='ocrx_word' id='word_1_794' title='bbox 860 5535 1037 5608; x_wconf 87' lang='lat' dir='ltr'><strong>apud</strong></span> <span class='ocrx_word' id='word_1_795' title='bbox 1056 5535 1634 5597; x_wconf 69' lang='lat' dir='ltr'><strong>eumdem&#39;dissol&#39;vit</strong></span> <span class='ocrx_word' id='word_1_796' title='bbox 1660 5552 1798 5596; x_wconf 86' lang='lat' dir='ltr'><strong>eam</strong></span> 
     </span>
    </p>
   </div>
   <div class='ocr_carea' id='block_1_113' title="bbox 1902 5239 3556 5317">
    <p class='ocr_par' dir='ltr' id='par_1_113' title="bbox 1902 5239 3556 5317">
     <span class='ocr_line' id='line_1_114' title="bbox 1902 5239 3556 5317; baseline -0.007 -10"><span class='ocrx_word' id='word_1_797' title='bbox 1902 5252 2140 5307; x_wconf 80' lang='lat' dir='ltr'><strong>Graecus</strong></span> <span class='ocrx_word' id='word_1_798' title='bbox 2179 5243 2552 5312; x_wconf 88' lang='lat' dir='ltr'><strong>Gennadius,</strong></span> <span class='ocrx_word' id='word_1_799' title='bbox 2574 5314 2582 5317; x_wconf 22' lang='grc' dir='ltr'>λ</span> <span class='ocrx_word' id='word_1_800' title='bbox 2605 5243 2721 5317; x_wconf 82' lang='lat' dir='ltr'><strong>qui</strong></span> <span class='ocrx_word' id='word_1_801' title='bbox 2752 5241 3057 5299; x_wconf 88' lang='lat' dir='ltr'><strong>concludit</strong></span> <span class='ocrx_word' id='word_1_802' title='bbox 3102 5243 3430 5317; x_wconf 78' lang='lat' dir='ltr'><strong>utrumque</strong></span> <span class='ocrx_word' id='word_1_803' title='bbox 3481 5239 3556 5297; x_wconf 89' lang='lat' dir='ltr'><strong>ri-</strong></span> 
     </span>
    </p>
   </div>
   <div class='ocr_carea' id='block_1_114' title="bbox 1902 5309 3552 5378">
    <p class='ocr_par' dir='ltr' id='par_1_114' title="bbox 1902 5309 3552 5378">
     <span class='ocr_line' id='line_1_115' title="bbox 1902 5309 3552 5378; baseline -0.008 0"><span class='ocrx_word' id='word_1_804' title='bbox 1902 5326 2029 5378; x_wconf 87' lang='lat' dir='ltr'><strong>tum</strong></span> <span class='ocrx_word' id='word_1_805' title='bbox 2057 5320 2180 5376; x_wconf 85' lang='lat' dir='ltr'><strong>sive</strong></span> <span class='ocrx_word' id='word_1_806' title='bbox 2225 5316 2502 5374; x_wconf 87' lang='lat' dir='ltr'><strong>Latinum</strong></span> <span class='ocrx_word' id='word_1_807' title='bbox 2537 5309 2663 5371; x_wconf 71' lang='lat' dir='ltr'><strong>siv&#39;e</strong></span> <span class='ocrx_word' id='word_1_808' title='bbox 2694 5316 2966 5371; x_wconf 62' lang='lat' dir='ltr'><strong>Gracum</strong></span> <span class='ocrx_word' id='word_1_809' title='bbox 3006 5315 3165 5369; x_wconf 90' lang='lat' dir='ltr'><strong>recte</strong></span> <span class='ocrx_word' id='word_1_810' title='bbox 3196 5326 3257 5367; x_wconf 89' lang='lat' dir='ltr'><strong>se</strong></span> <span class='ocrx_word' id='word_1_811' title='bbox 3302 5309 3552 5376; x_wconf 75' lang='lat' dir='ltr'><strong>Habere,</strong></span> 
     </span>
    </p>
   </div>
   <div class='ocr_carea' id='block_1_115' title="bbox 1975 5380 3554 5468">
    <p class='ocr_par' dir='ltr' id='par_1_115' title="bbox 1975 5380 3554 5468">
     <span class='ocr_line' id='line_1_116' title="bbox 1975 5380 3554 5468; baseline -0.009 -20"><span class='ocrx_word' id='word_1_812' title='bbox 1975 5392 2089 5463; x_wconf 78' lang='lat'><strong>(22)</strong></span> <span class='ocrx_word' id='word_1_813' title='bbox 2127 5389 2234 5445; x_wconf 87' lang='lat' dir='ltr'><strong>Est</strong></span> <span class='ocrx_word' id='word_1_814' title='bbox 2273 5385 2622 5468; x_wconf 60' lang='lat' dir='ltr'><strong>hnghotii</strong></span> <span class='ocrx_word' id='word_1_815' title='bbox 2642 5380 3554 5468; x_wconf 37' lang='grc' dir='ltr'><strong>ιῙιιιιεειῑὶοιΑιιιξιὶιξξ]οιιμίιιιιαξξζ</strong></span> 
     </span>
    </p>
   </div>
   <div class='ocr_carea' id='block_1_116' title="bbox 1903 5452 3554 5536">
    <p class='ocr_par' dir='ltr' id='par_1_116' title="bbox 1903 5452 3554 5536">
     <span class='ocr_line' id='line_1_117' title="bbox 1903 5452 3554 5536; baseline -0.01 -15"><span class='ocrx_word' id='word_1_816' title='bbox 1903 5452 2092 5536; x_wconf 78' lang='lat' dir='ltr'><strong>quani</strong></span> <span class='ocrx_word' id='word_1_817' title='bbox 2120 5476 2232 5536; x_wconf 83' lang='lat' dir='ltr'><strong>nos</strong></span> <span class='ocrx_word' id='word_1_818' title='bbox 2261 5452 2800 5536; x_wconf 74' lang='lat' dir='ltr'><strong>e_didimu_s_Sci-ip.,</strong></span> <span class='ocrx_word' id='word_1_819' title='bbox 2829 5458 2948 5513; x_wconf 89' lang='lat' dir='ltr'><strong>vet.</strong></span> <span class='ocrx_word' id='word_1_820' title='bbox 2979 5456 3019 5512; x_wconf 91' lang='lat' dir='ltr'><strong>t.</strong></span> <span class='ocrx_word' id='word_1_821' title='bbox 3051 5452 3094 5509; x_wconf 81' lang='grc' dir='ltr'><strong>ἰ.</strong></span> <span class='ocrx_word' id='word_1_822' title='bbox 3125 5452 3554 5523; x_wconf 81' lang='lat' dir='ltr'><strong>Fragmentum</strong></span> 
     </span>
    </p>
   </div>
   <div class='ocr_carea' id='block_1_117' title="bbox 1904 5530 2605 5605">
    <p class='ocr_par' dir='ltr' id='par_1_117' title="bbox 1904 5530 2605 5605">
     <span class='ocr_line' id='line_1_118' title="bbox 1904 5530 2605 5605; baseline -0.016 -10"><span class='ocrx_word' id='word_1_823' title='bbox 1904 5530 2021 5595; x_wconf 80' lang='lat' dir='ltr'><strong>lioc</strong></span> <span class='ocrx_word' id='word_1_824' title='bbox 2048 5532 2265 5605; x_wconf 86' lang='lat' dir='ltr'><strong>legitur</strong></span> <span class='ocrx_word' id='word_1_825' title='bbox 2284 5530 2393 5598; x_wconf 91' lang='lat' dir='ltr'><strong>ibi,</strong></span> <span class='ocrx_word' id='word_1_826' title='bbox 2418 5544 2483 5604; x_wconf 90' lang='lat' dir='ltr'><strong>p.</strong></span> <span class='ocrx_word' id='word_1_827' title='bbox 2513 5531 2605 5585; x_wconf 88' lang='lat'><strong>79.</strong></span> 
     </span>
    </p>
   </div>
  </div>
