4126 6272
618 259 720 319 175
1968 265 2234 321 NICETAS
2273 266 2637 325 CHONIATE
3876 288 3979 344 176

1255 388 1633 445 Damascem.
2304 390 2352 445 A

2304 390 2352 445 Α
2921 403 3023 450 Τοῦ
3062 407 3430 472 Δαμασκηνοῦ.

688 477 1115 534 Πηῗνθιτεοιειιω
1149 478 1301 532 Deus
1332 481 1389 532 et
1420 481 1586 533 Pater
1610 476 1813 534 vultne
1842 482 2141 551 quatenus
2161 482 2269 536 Pa-

2450 480 2508 534 Ὀ
2536 490 2634 535 τῶν
2679 484 2805 536 ὅλων
2849 489 2978 549 Θεὸς
3021 494 3111 540 καί
3158 496 3338 566 Πατὴρ
3376 493 3541 546 καθ’ὃ
3587 499 3790 570 Πατὴρ,
3822 497 3978 568 θελει,

616 568 703 623 ter
736 570 843 634 est,
876 580 954 620 an
975 568 1275 637 quatenus
1308 564 1501 620 Deus?
1532 565 1587 621 Si
1612 571 1914 637 quatenus
1937 569 2125 634 Pater,
2154 567 2245 623 alia

2378 570 2406 628 ἣ
2460 572 2579 623 καθ’
2618 571 2645 623 6
2685 577 2850 641 936;;
2896 574 3029 628 Ἀλλ’
3061 578 3105 629 εἰ
3148 581 3238 651 μὲν
3285 581 3405 634 καθ’
3442 581 3468 634 6
3512 588 3714 657 Πατὴρ,
3750 584 3871 638 ἄλλο
3915 590 3977 639 τό

618 657 728 714 erit
776 656 1057 712 voluntas
1082 654 1210 726 ejus
1248 671 1434 728 quam
1472 655 1628 721 Filii;
1661 672 1857 729 neque
1902 657 2064 713 enim
2104 660 2247 714 Pate:

2377 659 2538 711 αὐτοῦ
2582 664 2727 714 ἔσται
2771 666 2912 738 παρά
2952 668 3011 717 τὸ
3055 674 3147 720 τοῦ
3198 672 3321 721 Υὶοῦ
3367 671 3599 744 θέλημαο
3634 673 3692 725 οὐ
3721 677 3823 748 γὰρ
3865 681 3975 728 Πα-

616 746 780 804 idem
813 750 901 801 est
924 744 1029 818 qui
1061 743 1257 801 Filius.
1292 745 1391 800 Sin
1423 744 1545 800 vult
1568 750 1868 817 quatenus
1910 749 2085 814 Deus,
2115 749 2245 803 Deu:

2374 753 2472 823 τὴρ
2519 749 2544 802 6
2592 754 2748 813 Υἱός·
2799 753 2843 805 εἰ
2885 751 2943 807 δὲ
2987 756 3103 809 καθ’
3135 757 3160 809 ὃ
3194 762 3367 826 Θεὸς,,
3397 743 3527 823 Θεὸς
3572 759 3630 815 δὲ
3668 743 3812 816 καίό
3850 767 3977 828 Υἱός

618 839 822 892 autem
852 849 1023 906 aeque
1050 838 1138 889 est
1187 833 1359 890 Fiiius
1398 838 1455 890 et
1486 839 1733 890 sanctus
1766 834 2036 906 Spiritus,
2064 836 2247 909 utiquc

2374 842 2465 890 καί
2511 842 2570 891 τὸ
2621 847 2830 915 Πνεῦμα
2881 847 2940 895 τὸ
2994 845 3167 917 ἅγιον,
3224 849 3327 921 ἄρα
3373 853 3430 902 τὸ
3487 849 3685 924 θέλημα
3736 855 3971 926 φύσεως,

616 924 895 981 voluntas
915 927 1145 979 naturae
1168 927 1276 988 est,
1301 922 1361 979 id
1393 928 1484 979 est
1508 923 1821 979 naturalis.
1848 927 1999 995 Ergo
2030 929 2093 981 tu
2123 942 2245 998 quo

2374 932 2535 999 ἤγουν
2587 934 2826 1001 φυσικόν,
2871 938 2971 985 Καί
3029 938 3093 986 σὺ
3142 944 3268 1007 γοῦν
3310 941 3445 991 κατὰ
3494 947 3672 993 τοῦτον
3721 941 3974 1015 συλλογι-

616 1029 734 1086 que
764 1012 1030 1068 similiter
1074 1011 1498 1085 syllogismum
1542 1012 1766 1068 instrue
1796 1030 1808 1068 :
1845 1016 2245 1071 Universorun

2377 1019 2595 1090 σάμενος
2652 1017 2951 1093 ἐρώτησον
3006 1022 3065 1075 Ὀ
3117 1031 3218 1076 τῶν
3272 1025 3396 1078 ὅλων
3450 1032 3576 1090 Θεὸς
3635 1035 3725 1082 καί
3785 1036 3968 1107 Πατὴρ

615 1105 772 1159 Deus
800 1106 856 1159 et
881 1104 1067 1167 Pater,
1093 1117 1240 1157 num
1262 1107 1562 1173 quatenus
1590 1104 1759 1157 Pater
1779 1107 1885 1171 est,
1909 1103 2244 1173 sanguinea

2371 1106 2488 1160 καθ’
2534 1107 2559 1159 ὃ
2608 1113 2790 1181 Πατὴρ
2831 1108 3181 1184 προσεδέξατο
3219 1118 3277 1166 1'6
3325 1124 3417 1168 τοῦ
3462 1125 3778 1190 Μονογενοῦς
3812 1122 3967 1191 αἷμα,

617 1191 914 1262 Unigeniti
944 1190 1194 1262 excepit,
1222 1206 1302 1246 an
1331 1194 1630 1262 quatenus
1661 1192 1858 1247 Deus?
1887 1190 1948 1248 Si
1968 1198 2246 1264 quatenus

2371 1197 2489 1249 καθ’
2529 1197 2554 1249 ὃ
2593 1201 2760 1267 Θεός;
2789 1198 2926 1253 Ἀλλ’
2966 1202 3009 1254 εἰ
3045 1206 3136 1274 μὲν
3179 1204 3296 1255 καθ’
3340 1205 3366 1256 6
3415 1210 3617 1279 Πατὴρ,
3650 1206 3777 1266 ἄλλη
3806 1190 3971 1262 αὑτοῦ

612 1284 800 1347 Pater,
828 1280 947 1336 alia
976 1279 1086 1336 erit
1125 1280 1255 1350 ejus
1283 1279 1470 1334 virtus
1496 1282 1552 1335 et
1578 1280 1847 1353 operatio
1891 1296 2077 1353 quam
2108 1279 2227 1337 Filii

2370 1289 2516 1339 ἔσται
2556 1291 2697 1361 παρὰ
2738 1294 2832 1347 τὴν
2875 1297 2966 1343 τοῦ
3009 1293 3132 1344 Υίοῦ
3183 1290 3405 1366 δύναμίς
3458 1314 3511 1348 τε
3561 1300 3651 1348 καί
3702 1296 3967 1371 ἐνέργεια·

611 1385 736 1427 non
766 1368 929 1425 enim
960 1368 1118 1423 idem
1142 1370 1311 1423 Pater
1337 1383 1407 1422 ac
1432 1366 1627 1424 Filius.
1663 1369 1762 1423 Sin
1791 1372 2088 1440 quatenus
2111 1371 2240 1424 Deu:

2369 1375 2428 1428 οὗ
2479 1378 2581 1450 γὰρ
2632 1383 2812 1451 Πατὴρ
2854 1381 2879 1430 6
2914 1383 3066 1441 Υἱός·
3113 1381 3158 1433 εἰ
3199 1378 3259 1435 δὲ
3306 1384 3424 1436 καθ’
3472 1383 3497 1435 6
3549 1388 3689 1452 Θεὸς,
3731 1366 3859 1450 Θεὸς
3911 1385 3976 1442 δὲ

609 1462 700 1515 est
723 1458 975 1529 excepit,
1008 1458 1160 1511 Deus
1192 1460 1393 1512 autem
1424 1472 1595 1528 aeque
1626 1461 1713 1512 est
1761 1456 1936 1513 Filius
1979 1463 2035 1512 et
2081 1458 2234 1530 Spiri

2367 1470 2457 1517 καί
2507 1467 2533 1517 6
2577 1468 2698 1529 Υἱὸς
2743 1473 2833 1520 καί
2890 1472 2949 1521 1'6
2999 1465 3207 1543 Πνεῦμα
3251 1475 3308 1524 τὸ
3356 1472 3543 1545 ἅγιον,
3607 1476 3710 1548 ἄρα
3758 1480 3816 1529 τὸ
3875 1486 3976 1531 τοῦ

608 1553 704 1607 tus
752 1552 1020 1611 sanctus,
1053 1546 1321 1619 sequitur
1369 1549 1431 1603 ut
1472 1545 1763 1617 Unigeniti
1792 1545 2170 1618 sanguinem,
2198 1548 2237 1603 ἱ(

2366 1561 2681 1626 Μονογενοῦς
2720 1557 2851 1630 αἷμα
2889 1566 2980 1610 τοῦ
3020 1558 3125 1619 ἐνὸς
3171 1568 3264 1623 τῆς
3303 1561 3451 1633 ἁγίοις
3488 1545 3738 1638 Τριάδος,
3766 1567 3797 1625 ἡ
3832 1566 3972 1626 αὐτὴ

608 1644 720 1703 est,
749 1638 931 1694 unius
966 1637 1041 1693 de
1072 1640 1283 1693 sancta
1320 1636 1619 1702 Trinitate,
1652 1635 1869 1693 eadem
1907 1642 2117 1695 sancta
2143 1638 2234 1694 Tri

1808 1653 1869 1693 m
1907 1642 2117 1695 sancta
2143 1638 2260 1694 Tri«
2367 1642 2494 1716 ἁγία
2520 1647 2676 1720 Τριὰς
2704 1644 2822 1699 καθ’
2853 1646 2878 1699 ὁ
2909 1650 3027 1709 Θεὸς
3067 1645 3432 1723 προσεδεξατο.

603 1728 784 1797 nitas,
816 1731 1114 1800 quatenus
1146 1726 1300 1782 Deus
1331 1730 1443 1793 est,
1475 1725 1791 1798 exceperit.
2292 1746 2333 1801 Β

603 1853 704 1910 Ex
735 1852 889 1909 libro
918 1852 1204 1923 synodico
1230 1852 1419 1923 quiin
1448 1851 1676 1922 Magna
1699 1852 1975 1909 Ecclesia
2008 1852 2231 1923 legitur

2365 1863 2450 1916 Ἐκ
2478 1871 2570 1916 τοῦ
2604 1861 2886 1917 συνοδικοῦ
2926 1873 3017 1943 τοῦ
3052 1872 3537 1943 αναγινωσκομένου
3564 1869 3611 1922 ἐν
3639 1878 3701 1943 τῇ
3742 1871 3965 1943 Μεγάλῃ

2929 1936 3112 1997 Ἐκκλη
3123 1931 3214 2011 σίᾳ
3250 1931 3394 2011 (23).’
3675 1931 3684 1943 ’
3827 1931 3840 1943 ⁷
3935 1931 3948 1945 ⁸

670 2032 746 2088 Iis
791 2031 897 2104 qui
925 2030 1155 2095 dicunt,
1188 2029 1353 2103 quod
1400 2030 1689 2087 Dominus
1732 2033 1789 2086 et
1832 2031 2107 2088 Servator
2145 2047 2252 2088 no-

2427 2050 2547 2103 Τοίς
2581 2042 2821 2115 λέγουσιν
2861 2045 2937 2096 ὅτι
2966 2049 3061 2103 τὴν
3110 2044 3158 2098 ἐν
3202 2055 3274 2117 τῷ
3321 2055 3486 2121 καιρῷ
3534 2056 3625 2101 τοῦ
3670 2068 3967 2121 κοσμοσω-

597 2127 717 2178 ster
742 2121 917 2176 Jesus
949 2119 1235 2191 Christus,
1269 2123 1540 2192 tempore
1562 2118 1842 2175 salutaris
1868 2136 1991 2176 suae
2023 2121 2226 2193 passio

2356 2135 2538 2207 τηρίου
2577 2139 2669 2183 τοῦ
2722 2137 2916 2207 Κυρίου
2959 2138 3050 2185 καί
3089 2141 3221 2185 Θεοῦ
3270 2139 3359 2187 καί
3396 2118 3629 2209 Σωτῆρος
3667 2118 3811 2209 ἡμων
3842 2138 3967 2197 Ἰη-

592 2210 709 2281 nis,
728 2209 974 2282 pretiosi
997 2208 1087 2265 sui
1109 2208 1379 2281 corporis
1402 2208 1838 2281 sanguinisque
1862 2208 2221 2266 sacriﬁcium

2360 2232 2454 2277 σοῦ
2498 2231 2732 2299 Χριστοῦ
2763 2226 3162 2297 προσαχθεῖσαν
3194 2227 3319 2302 ὑπὲρ
3366 2235 3460 2289 τῆς
3498 2208 3643 2300 ἡμῶν
3694 2235 3969 2304 σωτηρίας

590 2305 888 2373 tanquam
909 2297 1177 2370 pontifex
1207 2297 1266 2353 in
1289 2297 1562 2353 humana
1590 2313 1699 2370 pro
1727 2298 1904 2353 nobis
1933 2305 2219 2372 assumpta

2356 2314 2480 2389 παρ’
2537 2314 2697 2366 αὐτοῦ
2753 2316 2938 2366 θυσίαν
2998 2323 3089 2367 τοῦ
3141 2320 3317 2388 τιμίου
3372 2317 3532 2369 αὐτοῦ
3602 2324 3844 2391 σώματός
3901 2340 3970 2373 τε

590 2393 830 2455 natura,
858 2387 1004 2460 quia
1030 2391 1087 2444 et
1113 2387 1482 2443 sacriﬁcator
1521 2391 1613 2442 est
1636 2390 1693 2442 et
1721 2387 1986 2450 victima,
2019 2393 2085 2444 ut
2122 2404 2219 2445 ma

2355 2409 2446 2456 καί
2489 2405 2724 2477 αἵματος,
2775 2406 2839 2464 ὡς
2887 2402 3169 2479 ἀρχιερέως
3207 2408 3342 2458 κατὰ
3389 2410 3446 2458 τὸ
3502 2405 3820 2481 ἀνθρώπινον
3880 2406 3974 2461 δι’

591 2493 749 2549 gnus
803 2476 885 2532 ait
927 2476 1245 2546 theologus
1301 2475 1954 2545 Gregorius,obtulerit
2001 2476 2220 2549 quiden

2354 2495 2494 2566 ἡμᾶς
2534 2499 2991 2569 χρηματίσαντος,
3039 2499 3215 2571 ὅτιπερ
3256 2498 3283 2548 6
3322 2497 3475 2558 αὐτὸς
3522 2504 3613 2551 καί
3655 2501 3810 2561 θύτης
3861 2509 3970 2557 καί

588 2570 710 2624 Deo
739 2565 917 2633 Patri,
958 2580 1081 2620 non
1125 2569 1329 2620 tamen
1377 2564 1510 2636 ipse
1561 2564 1908 2634 Unigenitus
1950 2566 2217 2639 exceperi

2356 2585 2496 2656 θῦμα
2541 2585 2679 2637 κατὰ
2723 2588 2810 2636 τὸν
2857 2583 3015 2637 πολὺν
3062 2588 3110 2637 ἐν
3156 2584 3392 2659 θεολογίᾳ
3435 2592 3739 2663 Γρηγόριον,
3786 2609 3967 2663 προσ-

586 2660 889 2729 quatenus
935 2654 1114 2724 Deus,
1142 2653 1407 2726 itemque
1450 2652 1700 2725 Spiritus
1746 2660 2033 2724 sanctus;
2062 2655 2143 2710 ita
2182 2672 2215 2710 u

2355 2677 2522 2744 ἡγαγε
2567 2675 2657 2745 μεν
2702 2672 2852 2734 αὐτὸς
2904 2681 2977 2743 τῷ
3037 2682 3149 2745 Θεῷ
3196 2680 3287 2726 καί
3343 2681 3529 2751 Πατρί,
3580 2677 3639 2729 οῦ
3694 2676 3962 2752 προσεδέ-

584 2746 702 2803 hac
725 2744 1123 2802 afﬁrmatione
1140 2742 1463 2799 excludant
1482 2743 1685 2815 ipsum
1711 2743 1809 2799 Dei
1830 2743 2113 2809 Verbum,
2131 2760 2213 2801 net

2351 2761 2474 2824 ξατο
2515 2758 2575 2815 6":
2618 2765 2683 2823 ὡς
2727 2766 2853 2824 Θεὸς
2890 2765 3020 2834 μετὰ
3062 2768 3155 2815 τόῦ
3192 2768 3396 2839 Πατρός
3438 2764 3591 2827 αὑτός
3634 2785 3687 2820 τε
3717 2768 3741 2819 6
3771 2773 3958 2821 Μονο-

583 2848 711 2892 non
754 2831 1330 2892 consubstantialem
1361 2836 1419 2887 et
1458 2831 1908 2901 congloriosum
1954 2833 2212 2905 Spiritun

2347 2854 2496 2925 γελῆς
2554 2856 2645 2904 καί
2705 2855 2763 2904 τὸ
2824 2859 3033 2924 Πνεῦμα
3088 2856 3147 2904 τὸ
3209 2853 3356 2925 ἅγιον
3387 2869 3400 2883 °
3467 2857 3537 2917 ὡς
3594 2851 3687 2907 διὰ
3746 2859 3953 2910 τούτων

584 2924 982 2994 Paracletum,
1002 2939 1037 2979 a
1062 2921 1251 2979 divini
1275 2920 1523 2979 honoris
1543 2921 1797 2995 puritate
1828 2939 1899 2980 ac
1923 2922 2213 2997 dignitate

2347 2940 2684 3005 ἀποξενοῦσιν
2725 2942 2880 2993 αὐτόν
2917 2960 2972 2993 τε
3014 2944 3101 2994 τὸν
3149 2945 3277 2995 Θεὸν
3320 2947 3486 3014 Λόγον
3534 2948 3624 2997 καί
3660 2948 3717 2996 τὸ
3756 2947 3957 3018 όμοού-

583 3015 930 3073 anathema.
2282 3096 2314 3107 ﬂ
2348 3050 2459 3084 σιον
2510 3036 2601 3083 καί
2658 3027 2910 3103 ὁμόδοξον
2962 3033 3149 3083 τούτου
3209 3032 3549 3106 Παροίκλητον
3590 3015 3798 3107 Πνεῦμα
3849 3044 3953 3100 τῆς

1404 3189 1414 3199 ι
1440 3188 1478 3200 υ
1705 3188 1757 3200 m
1804 3189 1815 3200 .
2031 3189 2080 3200 Μ
2142 3189 2153 3200 ⁸
2221 3190 2231 3200 ⁸
2276 3096 2315 3151 C
2348 3123 2655 3197 θεοπρεποῦς
2684 3122 2961 3193 ὁμοτιμίας
2990 3139 3045 3172 τε
3073 3124 3163 3172 καί
3194 3118 3362 3187 ἀξίας,
3397 3120 3644 3194 ἀνάθεμα.

653 3192 729 3248 lis
756 3190 860 3263 qui
891 3193 1201 3262 peractum
1249 3188 1518 3262 quotidie
1566 3188 1926 3245 sacriﬁcium
1959 3205 1995 3245 a
2024 3189 2235 3247 Christi

2415 3220 2536 3273 Τοῖς
2578 3215 2671 3270 τὴν
2719 3210 2833 3263 καθ’
2879 3209 3099 3267 ἑκάστην
3147 3215 3543 3284 προσαγομένην
3587 3214 3770 3266 θυσίαν
3810 3214 3951 3288 ὑπὲρ

582 3280 1000 3337 sacerdotibus
1052 3278 1260 3335 divina
1320 3279 1607 3350 mysteria
1667 3279 2060 3336 tractantibus
2110 3296 2211 3337 non

2343 3310 2444 3354 τῶν
2491 3299 2892 3374 παραλαϐόντων
2934 3298 3034 3351 ἀπὸ
3086 3307 3318 3374 Χριστοῦ
3375 3308 3474 3352 τῶν
3521 3302 3664 3353 θείων
3724 3322 3952 3374 μυστη-

579 3366 921 3425 concedunt
951 3372 1172 3422 sanctae
1207 3366 1470 3422 Trinitati
1514 3366 1730 3438 offerri,
1760 3368 2203 3427 contradicente

2343 3398 2467 3466 ρίων
2501 3394 2815 3465 ἱερουργίαν,
2848 3394 2918 3460 μὴ
2964 3384 3272 3462 δεχομένοις
3312 3396 3372 3462 τῇ
3406 3388 3534 3461 ἁγίᾳ
3556 3386 3747 3463 Τριάδι
3774 3410 3950 3466 προσ·

582 3454 805 3512 sanctis
826 3454 1163 3528 divinisque
1182 3454 1454 3510 Patribus
1474 3454 1685 3509 Basilio
1707 3459 1764 3510 et
1783 3455 2210 3527 Chrysostomo

2343 3448 2352 3466 .
2543 3448 2552 3465 .
2640 3448 2694 3465 ι.
2804 3448 2857 3460 υ.
3024 3448 3067 3460 ι..
3099 3448 3110 3462 .
3257 3448 3267 3450 ~
3346 3448 3356 3462 .
3446 3448 3520 3461 ..
3598 3448 3607 3463 .
3813 3448 3825 3466 .

2343 3483 2605 3555 ἄγεσθαι,
2665 3482 2731 3541 ὡς
2797 3477 3273 3550 ἀντίφθεγγομένοις
3332 3477 3553 3531 ἐντεῦθεν
3614 3486 3719 3542 τοῖς
3786 3479 3953 3554 ἱεροῖς

580 3544 946 3619 quibuscum
976 3543 1357 3599 consentiunt
1382 3548 1438 3599 et
1464 3543 1673 3617 reliqui
1702 3543 1862 3616 pleni
1883 3547 2003 3601 Deo
2030 3545 2209 3604 Patre:

2342 3576 2432 3623 καί
2476 3573 2632 3630 θείοις
2681 3569 2920 3641 Πατράσι
2969 3565 3215 3637 Βασιλείῳ
3258 3586 3311 3619 τε
3363 3571 3453 3619 καί
3506 3575 3575 3638 τῷ
3625 3566 3949 3644 Χρυσορῥή-

581 3633 644 3691 in
674 3631 802 3688 suis
829 3630 1208 3689 sermonibus
1237 3635 1418 3703 atque
1449 3630 1681 3705 scriptis
1707 3647 1720 3688 :
1754 3633 2097 3692 anathema.

2340 3680 2477 3733 μονι,
2525 3655 2598 3719 οἷς
2638 3663 2977 3730 συμφωνοῦσι
3024 3659 3113 3706 καί
3160 3656 3209 3707 οἱ
3251 3654 3425 3707 λοιποί
3483 3657 3715 3730 θεοφόροι
3772 3663 3948 3712 Πατέ-

2338 3769 2423 3823 ρες
2489 3747 2537 3801 ἐν
2589 3753 2699 3808 τοῖς
2753 3745 2965 3807 οἰκείοις
3018 3742 3189 3815 λόγοις
3245 3763 3299 3797 τε
3353 3748 3444 3796 καί
3502 3747 3944 3821 συγγράμμασιν,

2340 3837 2592 3911 ἀνάθεμα.

650 3923 728 3980 Iis
755 3922 860 3997 qui
911 3936 1051 3978 cum
1086 3918 1344 3976 audiunt
1390 3921 1762 3976 Servatorem
1787 3919 1850 3976 in
1877 3920 2149 3979 instituto
2190 3938 2228 3979 a

2407 3934 2527 3990 Τοῖς
2586 3923 2840 3977 ἀκούουσι
2892 3926 2981 3997 μεν
3041 3930 3134 3976 τοῦ
3189 3930 3425 3997 Σωτῆρος
3480 3926 3599 3997 περί
3653 3930 3749 3986 τῆς
3806 3928 3946 3999 παρ’

576 4029 642 4070 se
677 4012 1023 4069 divinorum
1066 4008 1496 4081 mysteriorum
1540 4007 1837 4065 sacriﬁcio
1882 4008 2180 4067 dicentem

2338 4017 2497 4070 αὐτοῦ
2559 4010 2955 4088 παραδοθείσης
3018 4020 3117 4063 τῶν
3181 4012 3325 4063 θείων
3391 4016 3695 4087 μυστηρίων
3758 4032 3940 4087 φουρ-

575 4103 706 4157 Hoc
747 4102 935 4171 facile
977 4101 1039 4155 in
1084 4114 1274 4157 meam
1319 4100 2019 4169 commemorationem“,
2060 4100 2204 4157 hanc

2334 4111 2491 4178 γίας,
2541 4103 2811 4176 λέγοντος·
2860 4107 3025 4154 Τοῦτο
3077 4106 3267 4153 ποιεῖτε
3330 4099 3403 4160 εἰς
3454 4104 3548 4158 τὴν
3609 4098 3733 4173 ἐμὴν
3798 4099 3943 4155 ἀνά-

572 4192 731 4245 recte
745 4188 1082 4255 intelligunt
1096 4188 1465 4244 vocabulum
1481 4190 2201 4261 commemorationem,se<

2336 4216 2564 4269 μνησιν,
2631 4198 2702 4266 μὴ
2773 4190 3235 4265 ἐκλαμϐανομένοις
3301 4185 3360 4242 δὲ
3426 4190 3592 4264 ὀρθῶς
3648 4194 3741 4248 τὴν
3799 4189 3943 4245 ἀνά-

573 4278 771 4335 dicere
792 4277 1018 4334 audent
1039 4277 1206 4350 quod
1229 4277 1567 4333 sacerdotes
1591 4277 1965 4350 phantastice
1990 4284 2048 4335 et
2074 4279 2202 4336 ima

2336 4306 2547 4358 μνησιν,
2584 4283 2712 4336 ἀλλὰ
2763 4281 2994 4355 τολμῶσι
3031 4280 3190 4352 λέγειν
3249 4281 3330 4332 ὅτι
3381 4284 3605 4340 καινίζει
3648 4299 3946 4352 φανταστι-

572 4366 801 4439 ginarie
855 4370 1149 4423 renovant
1203 4371 1514 4438 peractum
1563 4382 1600 4423 a
1653 4368 1963 4423 Servatore
2018 4372 2201 4425 DOStl‘t

2334 4383 2439 4436 κῶς
2485 4377 2576 4425 καί
2622 4370 2881 4431 εἰκονικῶς
2926 4373 3018 4427 τὴν
3059 4366 3141 4421 ἐπί
3178 4375 3269 4419 τοῦ
3306 4372 3482 4439 τιμίου
3530 4375 3757 4443 σταυροῦ
3786 4376 3946 4445 παρὰ

568 4458 633 4514 in
674 4456 935 4530 pretiosa
976 4470 1151 4512 cruce
1194 4454 1553 4512 sacriﬁcium
1596 4456 1687 4513 sui
1731 4458 1999 4530 corporis
2041 4462 2197 4531 atqui

2333 4470 2425 4515 τοῦ
2481 4468 2721 4535 Σωτῆρος
2775 4460 2921 4531 ἡμῶν
2982 4458 3314 4532 πραχθείσαν
3380 4458 3565 4509 θυσίαν
3630 4464 3721 4508 τοῦ
3784 4442 3941 4512 ἰδίου

569 4545 883 4616 sanguinis
904 4545 984 4601 ob
1009 4559 1398 4600 communem
1419 4545 1702 4602 humanae
1732 4550 1963 4602 naturae
1993 4547 2198 4603 redem

2335 4553 2575 4625 σώματός
2633 4568 2686 4601 τι
2738 4551 2828 4599 καὶ
2879 4549 3098 4619 αἵματος
3146 4545 3218 4608 εἰς
3258 4548 3429 4597 κοινὸν
3481 4554 3571 4606 τῆς
3601 4543 3943 4619 ἀνθρωπίνης

565 4635 835 4709 ptionem
867 4650 937 4690 ac
957 4632 1470 4707 propitiationem,
1493 4634 1641 4691 dum
1668 4636 2087 4707 quotidianam
2117 4637 2194 4693 ho

2331 4644 2528 4714 φύσεως
2555 4639 2739 4713 λύτρον
2779 4655 2833 4688 τε
2861 4639 2951 4687 καί
2981 4634 3237 4708 ἐξίλασμα
3272 4636 3303 4693 η
3346 4634 3463 4687 καθ’
3498 4634 3722 4691 ἑκάστην
3760 4654 3936 4709 προσ-

567 4725 748 4782 stiam
773 4722 1034 4781 offerunt
1062 4737 1133 4779 eo
1152 4722 1267 4779 ritu
1287 4739 1468 4796 quem
1502 4725 1782 4781 Servator
1807 4725 2196 4798 Βοωὶηιιειῖυι

2329 4724 2552 4803 αγομένη
2619 4729 2779 4780 θυσία
2841 4727 2984 4800 παρὰ
3047 4732 3145 4777 τῶν
3210 4727 3277 4777 τὰ
3347 4725 3459 4777 θεῖα
3526 4726 3938 4798 ἱερουργούντων

562 4820 767 4874 noster
802 4813 1049 4871 tradidit
1074 4832 1087 4881 ;
1117 4812 1375 4886 ideoque
1410 4813 1713 4870 diversum
1740 4828 1872 4871 esse
1902 4815 2016 4871 hoc
2042 4815 2191 4872 sacri

2327 4823 2612 4892 μυστήρια,
2658 4817 2832 4878 καθὼς
2880 4816 2905 4866 6
2954 4819 3130 4887 Σωτὴρ
3182 4815 3328 4886 ἡμῶν
3375 4819 3465 4866 καί
3514 4817 3780 4874 Δεσπότης
3826 4822 3936 4868 τῶν

562 4903 769 4960 ﬁcium
802 4907 1080 4961 astruunt
1104 4901 1184 4958 ab
1214 4900 1311 4957 illo
1342 4902 1509 4975 quod
1542 4904 1815 4959 Servator
1843 4907 2047 4959 noster
2074 4904 2191 4960 olin

2326 4905 2452 4961 ὅλων
2496 4902 2805 4980 παρέδωκε·
2853 4908 2944 4955 καί
2993 4899 3087 4955 διὰ
3132 4909 3284 4954 τοῦτο
3333 4901 3490 4960 ᾱῡλην
3544 4898 3674 4954 εἶναι
3728 4905 3937 4962 ταύτην

562 4994 811 5066 peregit,
838 4991 916 5049 ad
964 4992 1248 5065 idemque
1293 4993 1536 5049 nonnisi
1564 4993 1942 5065 phantastice
1971 4998 2028 5050 et
2071 4994 2191 5051 ima

2324 4999 2468 5071 παρὰ
2522 5000 2616 5054 τὴν
2659 4992 2710 5057 ἐξ
2759 4992 2934 5068 ἀρχῆς
2988 4999 3062 5063 τῷ
3111 4997 3314 5064 Σωτῆρι
3363 4990 3722 5064 τετελεσμένην
3777 4991 3934 5046 eiad-

563 5084 793 5154 ginarie
820 5082 1061 5151 referri;
1093 5083 1207 5151 his,
1238 5083 1511 5157 inquam,
1545 5089 1816 5156 tanquan
1869 5084 2187 5141 evacuanti

2323 5105 2502 5159 γουσι,
2548 5088 2638 5136 καί
2696 5085 2826 5156 πρὸς
2877 5081 3069 5140 ἐκείνην
3115 5088 3470 5153 φανταστικῶς
3522 5084 3612 5132 καί
3658 5079 3936 5146 εἰκονικῶς

561 5172 678 5229 bus
715 5171 1008 5229 tremendi
1043 5172 1353 5245 divinique
1396 5171 1673 5231 sacriﬁcii
1702 5172 2076 5245 mysterium,
2109 5188 2190 5246 pe:

2326 5173 2737 5249 ἀναφερομένην
2780 5174 2849 5233 ὡς
2886 5176 3095 5223 κενοῦσι
3141 5171 3199 5222 τό
3248 5178 3340 5231 τῆς
3384 5177 3600 5243 φρικτῆς
3647 5173 3741 5222 καί
3789 5172 3934 5233 θείας

629 5333 680 5369 ³⁸
719 5334 855 5390 Luc.
883 5349 1024 5403 χχιι,
1061 5338 1149 5391 19.

627 5508 938 5588 (23)_Libri
969 5510 1244 5588 synodici
1274 5514 1520 5588 Magnae,
1548 5508 1622 5588 id
1654 5512 1742 5588 est
1770 5508 2451 5588 Qonstantinopolitanw
2482 5510 2757 5569 Ecclesiae
2794 5509 2989 5565 bonas
3017 5505 3364 5579 particulas,
3391 5520 3502 5562 nos
3532 5506 3930 5567 rccitavimus
4026 5514 4029 5571 ξ

553 5579 793 5640 οχόοᾶ.
827 5584 957 5641 Vat.
985 5579 1259 5657 Spicileg.
1290 5588 1328 5638 t.
1362 5579 1471 5649 VII,
1501 5580 1563 5636 in
1588 5579 1962 5639 Praefatione.
2166 5579 2188 5585 ’
4018 5596 4027 5657 ἶ
