4126 6272
169 326 240 381 l7?
1468 326 1812 386 THESAURI
1854 330 1982 386 LIB.
2029 325 2211 387 XXIV.

3417 331 3517 388 178

165 452 423 526 ἱερουργίας
486 459 825 529 μυστήριον,
895 450 968 505 δι’
1035 453 1094 505 οὗ
1156 455 1243 505 τὸν
1317 458 1411 513 τῆς
1470 451 1758 524 μελλούσης

1889 452 2036 525 ιυοά
2077 451 2290 508 futuras
2335 452 2470 509 vitae
2510 454 2753 510 arrham
2784 453 3143 527 accipimus;
3188 456 3519 527 praesertim

167 540 273 601 ζωῆς
322 539 611 616 ἀρραϐῶνα
657 543 1031 616 λαμϐάνομεν·
1099 546 1190 594 καὶ
1246 548 1411 594 ταῦτα
1462 549 1555 594 τοῦ
1619 544 1758 595 θείου

168 633 333 701 Πατρός
387 632 643 685 Ἰωάννου
708 639 809 685 τοῦ
856 636 1124 704 πανσόφου
1176 636 1267 683 καὶ
1325 630 1762 705 χρυσορῥήμονος

168 714 544 793 διατρανοῦντος
612 729 711 782 τῆς
787 724 976 782 θυσίας
1036 723 1095 773 τὸ
1171 718 1586 793 ἀπαράλλακτον,
1671 724 1763 772 καὶ

166 814 265 880 μίαν
309 814 399 861 καὶ
436 815 537 868 τὴν
575 810 748 869 αὐτὴν
785 807 917 863 εἶναι
966 812 1250 882 φάσκοντος
1302 807 1351 861 ἐν
1400 808 1611 872 πολλαῖς
1660 818 1761 861 τῶν

168 905 241 948 τοῦ
316 898 549 972 μεγάλου
642 900 857 954 Παῦλον
940 899 1112 974 ῥητῶν
1212 897 1538 969 ἐξηγήσεσιν,
1643 897 1763 951 ἀνά-

170 988 300 1059 Θεμα.

226 1082 339 1138 τοὶς
372 1081 637 1149 χρονικὰς
688 1075 1003 1139 διαστάσεις
1047 1078 1130 1131 ἐπὶ
1176 1085 1269 1138 τῆς
1306 1076 1636 1148 καταλλαγῆς
1666 1086 1760 1139 τῆς

170 1162 470 1237 ἀνθρωπίνης
528 1169 731 1237 φύσεως
794 1169 926 1239 πρὸς
987 1170 1081 1225 τὴν
1141 1167 1278 1218 θείαν
1342 1169 1434 1217 καὶ
1498 1170 1760 1239 μακαρίαν

167 1256 304 1323 φύσιν
367 1262 464 1314 τῆς
532 1255 851 1329 ζωαρχικῆς
927 1260 1017 1308 καὶ
1090 1255 1461 1329 πανακηράτου
1535 1251 1759 1329 Τριάδος

161 1340 411 1395 ἐπινοοῦσι
447 1336 542 1395 καὶ
586 1346 979 1416 παρεισάγουσι
1012 1365 1024 1377 ·

161 1438 410 1503 μονογενεί
489 1436 639 1503 Δὸγῳ
712 1435 1086 1506 νομοθετοῦσιν
1145 1432 1198 1496 ἐξ
1264 1433 1428 1494 αὐτῆς
1492 1431 1757 1490 κατηλλά-

161 1522 280 1592 χθαι
325 1523 472 1593 ἡμᾶς
508 1529 607 1583 τῆς
643 1521 1013 1593 προσλήψεως,
1061 1523 1275 1596 ὕστερον
1312 1518 1371 1575 δὲ
1408 1529 1480 1592 τῷ
1511 1528 1625 1593 Θεῷ
1665 1526 1755 1574 καὶ

1088 1349 1180 1396 καὶ
1232 1348 1480 1418 πρότερον
1534 1347 1623 1416 μὶν
1684 1351 1757 1414 τῷ

163 1616 315 1685 Πατρὶ
356 1613 497 1662 κατὰ
545 1614 604 1663 τὸ
658 1617 920 1685 σωτήριον
967 1613 1130 1674 πάθος
1182 1619 1274 1665 τοῦ
1319 1615 1580 1664 Δεσπότου
1625 1618 1754 1686 Χρι-

167 1708 295 1766 στοῦ,
349 1707 445 1753 καὶ
498 1698 772 1775 διαιροῦσι
822 1703 891 1754 τὰ
944 1699 1238 1776 ἀδιαίρετα,
1297 1710 1397 1754 τῶν
1465 1703 1611 1754 θείων
1666 1706 1757 1754 καὶ

1869 557 2009 597 cum
2037 540 2213 596 divus
2243 544 2412 597 Pater
2440 547 2496 598 et
2520 542 2997 614 sapientissimus
3033 546 3294 599 Joannes
3339 544 3520 616 Chry-

1869 637 2175 687 sostomus
2192 632 2507 704 perspicue
2526 631 2795 688 docuerit
2809 632 3036 688 nullam
3058 648 3190 689 esse
3206 634 3518 706 utriusque

1871 720 2147 775 sacriﬁcii
2176 719 2593 787 differentiam,
2625 736 2936 793 unumque
2967 725 3022 776 et
3054 721 3215 776 ivlem
3258 720 3520 777 afﬁrma-

1868 809 2018 865 verit
2058 810 2119 865 in
2162 808 2365 865 multis
2411 809 2619 881 magni
2662 810 2825 866 Pauli
2870 810 3461 883 interpretationibus
3498 830 3511 868 :

1868 899 2211 958 anathema.

1940 1075 2013 1131 lis
2042 1075 2145 1147 qui
2176 1078 2516 1149 temporum
2539 1075 2849 1132 distantias
2874 1075 2936 1132 in
2967 1076 3378 1133 conciliatione
3406 1077 3513 1133 hu-

1868 1180 2063 1221 manae
2094 1171 2319 1221 naturae
2350 1180 2490 1220 cum
2532 1164 2733 1221 divina
2757 1165 3055 1238 beateque
3092 1165 3346 1222 viviﬁcae
3376 1182 3515 1222 san-

1866 1254 2265 1326 ctissimteque
2294 1254 2585 1310 Trinitatis
2602 1255 2940 1325 excogitant
2971 1259 3150 1327 atque
3179 1255 3469 1311 invehunt
3496 1271 3512 1322 ;

1864 1348 1920 1399 et
1950 1344 2146 1415 primo
2185 1342 2433 1415 quidem
2481 1348 2752 1400 statuunt
2792 1360 2903 1399 nos
2944 1344 3131 1401 fuisse
3165 1344 3514 1401 conciliatos

1864 1431 2172 1503 unigenito
2216 1431 2407 1488 Verbo
2447 1432 2505 1487 vi
2541 1438 2872 1505 assumpta:
2903 1434 2981 1489 ab
3009 1434 3142 1506 ipso
3170 1433 3515 1490 humanita-

1863 1520 1954 1590 tis,
1988 1526 2201 1593 postea
2229 1537 2368 1577 vero
2380 1521 2737 1578 conciliatos
2762 1538 3007 1595 quoque
3030 1525 3149 1578 Deo
3179 1522 3337 1578 Patri
3367 1528 3513 1578 tem-

1862 1626 2007 1683 pore
2030 1610 2304 1666 salutaris
2333 1610 2635 1683 passionis
2665 1611 2877 1668 Christi
2911 1612 3144 1668 Domini
3175 1631 3188 1680 ;
3223 1618 3402 1684 atque
3433 1612 3516 1668 ita

1863 1699 2140 1756 dividunt
2180 1698 2608 1768 indivisibilia;
2658 1716 2798 1757 cum
2834 1705 3044 1757 contra
3081 1700 3205 1757 divi
3232 1701 3515 1774 beatique

167 1795 420 1865 μακαρίων
474 1795 716 1865 Πατίρων
763 1787 860 1844 διὰ
900 1799 993 1843 τοῦ
1052 1799 1148 1853 τῆς
1192 1792 1488 1865 οἰκονομίας
1544 1810 1754 1863 μυστη-

1889 1790 2068 1845 ’atres
2111 1806 2217 1862 per
2246 1789 2593 1845 universum
2624 1789 2806 1846 simul
2834 1789 3266 1846 incarnationis
3295 1795 3517 1863 myste-

169 1886 265 1953 ρίου
318 1883 530 1947 παντὸς,
582 1878 903 1942 καταλλάξαι
956 1881 1096 1953 ἡμᾶς
1150 1880 1315 1951 ἐαυτῷ
1358 1884 1445 1933 τὸν
1492 1887 1753 1951 Μονογενῆ

171 1965 541 2035 ϐἱδασκὸντων,
589 1974 680 2021 καὶ
722 1966 797 2021 δι’
853 1969 1040 2022 ἑαυτοῦ
1095 1989 1150 2022 τε
1204 1975 1295 2022 καὶ
1348 1970 1485 2039 αὐτῷ
1526 1977 1597 2040 τῷ
1643 1975 1757 2039 Θεῷ

170 2064 246 2110 καὶ
308 2063 503 2132 “arpi,
560 2057 853 2119 ἀκολούθως
903 2055 964 2111 δὲ
1009 2060 1213 2121 πάντως
1265 2064 1354 2111 καὶ
1401 2066 1474 2129 τῷ
1519 2062 1760 2129 παναγίῳ

169 2152 248 2198 καὶ
308 2151 548 2218 ζωοποιῷ
601 2150 887 2220 Πνεῦματι,
939 2149 1007 2210 ὡς
1066 2156 1255 2201 καινῶν
1310 2149 1626 2221 ζητημάτων
1673 2151 1760 2199 καὶ

170 2233 378 2308 ἐκφυλων
399 2236 712 2310 ἐφωρεταίς,
745 2235 999 2310 ἀνάθεμα.

389 2387 478 2433 ΤΟ
516 2385 629 2434 ΕΠΙ
669 2387 759 2452 Τῼ.
798 2384 1176 2434 ΑΝΑΦΥΕΝἸἾ
1218 2384 1519 2434 ΛΟΓΜΑΤΙ

313 2510 488 2558 ΠΑΡΑ
529 2511 663 2559 ΤΟΥ
702 2511 1190 2559 ΠΑΝΤΕΥΓΕΝΟΥ
1227 2511 1605 2559 ΣΩΤΗΡΙΧΟΥ

601 2637 901 2685 ΓΕΓΟΝΟΣ
941 2637 1287 2686 ΣΗΜΕΙΩΜΑ
1299 2673 1311 2687 .

228 2796 366 2847 Μηνὶ
402 2792 576 2862 Μαΐῳ,
629 2789 703 2864 ιβ’
750 2792 942 2864 ἡμέρᾳ,
996 2787 1080 2844 ἰνδ
1122 2811 1176 2849 ε.
1226 2792 1631 2865 Προκαθημένου
1671 2799 1761 2844 τοῦ

169 2882 464 2933 θεοσέπτου
534 2883 684 2953 ἡμῶν
769 2879 1027 2953 βασιλέως
1127 2882 1509 2955 αὐτοκράτορος
1599 2889 1761 2955 κυροῦ

166 2968 401 3028 κανονὴλ
463 2977 556 3022 τοῦ
621 2976 896 3042 Κομνηνοῦ
959 2968 1007 3021 ἐν
1058 2978 1130 3041 τῷ
1190 2969 1423 3043 παλατίῳ
1482 2978 1581 3023 τῶν
1638 2970 1764 3023 Βλα-

166 3066 378 3127 χερνῶν,
421 3062 823 3132 παρισταμένων
985 3056 1108 3130 ἁγίᾳ
1154 3057 1314 3110 αὐτοῦ
1365 3056 1612 3130 βασιλείᾳ
1663 3066 1762 3109 τῶν

1865 1877 2021 1934 rium
2062 1878 2177 1934 sibi
2213 1893 2326 1934 nos
2366 1878 2711 1934 conciliatos
2755 1878 2834 1935 ab
2875 1879 3185 1949 Unigenito
3232 1878 3514 1947 doceant,

1867 1972 1923 2023 et
1978 1981 2085 2039 per
2129 1967 2330 2039 ipsum
2386 1970 2506 2022 Deo
2558 1967 2730 2037 Patri,
2783 1972 3339 2040 consequenterque
3392 1984 3520 2024 om-

1866 2056 2009 2111 nino
2057 2054 2237 2111 etiam
2275 2054 2652 2111 sanctissimo
2693 2059 2748 2111 et
2786 2054 3025 2111 viviﬁco
3071 2055 3353 2128 Spiritui:
3399 2056 3516 2124 his,

1864 2143 2138 2217 inquam,
2170 2148 2463 2216 tanquam
2491 2160 2787 2200 novarum
2816 2144 3221 2215 quaestionum
3250 2148 3307 2199 et
3349 2158 3518 2217 pere-

1866 2234 2176 2305 grinarum
2204 2232 2574 2302 auctoribus,
2601 2232 2948 2289 anathema.

2398 2379 2582 2434 ACTA
2639 2378 2986 2435 SYNODICA

2079 2506 2169 2559 DE
2209 2505 2541 2561 DOGMATE
2582 2504 2788 2560 CUJUS
2825 2504 3104 2560 AUCTOR
3152 2503 3308 2559 FUIT

2186 2629 2697 2686 PANTEUGENUS
2748 2630 3197 2687 SOTEBICHUS.

1938 2790 2151 2847 Mensis
2188 2790 2319 2847 Maii
2365 2790 2461 2847 die
2501 2790 2883 2858 duodecima,
2922 2790 3245 2847 indictione
3288 2791 3518 2864 quinta.

1868 2880 2226 2937 Praesidente
2276 2898 2312 2937 a
2356 2885 2473 2937 Deo
2523 2886 2809 2937 coronato
2845 2881 3208 2952 imperatore
3246 2882 3529 2953 potentis-

1872 2969 2024 3026 simo
2053 2970 2302 3026 domino
2323 2970 2589 3026 Manuele
2619 2973 2949 3038 Comneno,
2972 2970 3033 3024 in
3061 2969 3526 3026 Blachernarum

1870 3058 2115 3131 palatio,
2149 3058 2571 3114 assistentibus
2607 3063 2829 3114 sanctae
2858 3057 3156 3128 majestati
3190 3057 3318 3127 ejus
3345 3056 3522 3112 valde

163 3147 508 3219 περιποθήτων
552 3144 776 3218 ἀνεψιῶν
820 3145 984 3198 αὐτοῦ
1034 3151 1123 3199 καὶ
1174 3148 1320 3216 υἱῶν,
1368 3154 1462 3199 τοῦ
1511 3143 1759 3218 ἀοιδίμου

1889 3146 2235 3203 imabilibus
2268 3147 2544 3217 ejusdem
2573 3146 2971 3211 consobrinis,
3004 3145 3137 3200 ﬁliis
3167 3144 3411 3201 illustris
3443 3160 3531 3201 se-

166 3233 641 3311 σιϐαστοκράτορος
706 3242 870 3311 κυροῦ
927 3232 1268 3311 ’Δνδρονίκου
1333 3243 1427 3288 τοῦ
1489 3254 1764 3311 πρωτοσε-

162 3322 357 3376 εαστοῦ
382 3345 397 3357 ο

226 3418 329 3467 Καὶ
382 3412 870 3487 πρωτοϐεστιαρίου
927 3420 1089 3488 κυροῦ
1156 3414 1392 3467 Ἰωάννου
1459 3420 1551 3465 τοῦ
1619 3419 1761 3485 Κορι-

158 3508 328 3571 νενοῦ,
378 3506 471 3555 καὶ
535 3509 627 3555 τοῦ
675 3499 1003 3574 αῦταδέλγου
1062 3502 1221 3555 αὐτοῦ
1269 3509 1430 3577 κυροῦ
1487 3500 1717 3564 Ἀλεξίου
1746 3523 1759 3536 υ

218 3598 323 3645 Τοῦ
370 3593 726 3664 περιποθήτου
766 3590 984 3663 ἀνεψιοῦ
1030 3599 1126 3653 τῆς
1171 3598 1424 3665 κραταιᾶς
1474 3596 1565 3643 καὶ
1608 3590 1763 3663 ἁγίας

158 3682 309 3735 αὐτοῦ
371 3680 672 3755 βασιλείας,
725 3689 890 3759 κυροῡ
958 3682 1184 3746 ’Δλεξίου
1248 3689 1340 3736 τοῦ
1407 3684 1762 3754 Κοντοστεφάο

153 3789 235 3823 79⁸.)
258 3792 274 3805 ⁹

214 3868 321 3915 Τοῦ
371 3859 743 3914 πανσεϐάστου
795 3858 1055 3913 σεϐαστοῦ
1101 3865 1190 3913 καὶ
1229 3859 1471 3934 γαμϐροῦ
1509 3867 1601 3913 τοῦ
1636 3880 1762 3935 κρα-

152 3959 297 4002 ταιοῦ
348 3955 441 4003 καὶ
495 3949 651 4022 ἁγίου
698 3952 848 4023 ἡμῶν
898 3947 1154 4022 βασιλέως
1196 3957 1359 4023 κυροῦ
1399 3949 1636 4003 Ἰωάννου
1668 3956 1760 4002 τοῦ

154 4039 592 4100 Καντακουζηνοῦ
619 4060 634 4073 ο

210 4136 319 4183 Τοῦ
368 4128 738 4182 πανσεϐάστου
789 4125 1051 4181 σεϐαστοῦ
1108 4132 1197 4181 καὶ
1234 4127 1475 4202 γαμϐρου
1523 4137 1619 4191 τῆς
1664 4146 1762 4201 μα-

148 4220 463 4290 ιαριοτάτης
534 4222 1024 4294 πορφυρογεννήτου
1087 4222 1177 4270 καὶ
1248 4220 1600 4293 περιποθήτου
1663 4217 1759 4269 αῦ-

150 4303 413 4379 ταδέλᾳης
468 4326 559 4359 του
616 4324 875 4381 κραταιον
937 4309 1027 4358 καὶ
1088 4304 1241 4377 ἁγίου
1304 4308 1449 4378 ἡμῶν
1504 4305 1759 4378 βασιλέως

146 4402 307 4470 πυρᾶς
340 4393 642 4470 Οεοὸώρας,
669 4415 836 4471 κυρου
868 4394 1107 4449 Ἰωάννου
1130 4395 1380 4467 Ἀγγελου
1404 4416 1417 4428 ·

1869 3236 2299 3293 bastocratoris
2328 3234 2561 3291 domini
2587 3234 2912 3291 Andronici
2942 3233 3343 3307 protosebasti
3378 3252 3391 3305 ;

1942 3413 2398 3470 Protovestiario
2433 3412 2681 3471 domino
2726 3414 2956 3469 Joanne
3003 3414 3328 3476 Comneno,
3364 3413 3525 3486 ejus-

1870 3519 1989 3577 que
2023 3504 2201 3560 fratre
2232 3502 2482 3559 domino
2511 3503 2715 3560 Alexio
2748 3521 2762 3572 ;

1940 3593 2123 3650 Valde
2171 3593 2417 3651 amabili
2474 3593 2839 3650 consobrino
2895 3594 3148 3667 potentis
3211 3594 3526 3667 sanctique

1869 3683 2247 3756 imperatoris
2268 3683 2516 3740 domino
2545 3682 2749 3741 Alexio
2781 3682 3269 3757 Contostephano
3294 3703 3308 3753 ;

1941 3860 2316 3918 Pansebasto
2365 3861 2609 3918 sebasto
2646 3876 2867 3933 genero
2904 3861 3164 3934 potentis
3207 3861 3520 3933 sanctique

1868 3950 2052 4007 nostri
2080 3950 2459 4023 imperatoris
2488 3951 2737 4006 domino
2767 3952 2999 4005 Joanne
3029 3950 3440 4005 Cantacuzeno
3471 3968 3484 4017 ;

1938 4127 2309 4184 Pansebasto
2340 4127 2582 4184 sebasto
2614 4141 2833 4196 genero
2862 4125 3224 4182 beatissima;
3252 4126 3521 4199 porphy-

1866 4217 2151 4287 rogenitze
2182 4215 2481 4288 valdeque
2511 4216 2790 4271 amabilis
2829 4215 3051 4272 sororis
3094 4216 3354 4287 potentis
3380 4232 3521 4273 san-

1868 4307 2063 4379 ctique
2094 4305 2282 4361 nostri
2312 4304 2707 4376 imperatoris,
2740 4304 3004 4360 dominae
3035 4305 3382 4375 'l‘heodorue,
3415 4305 3523 4362 do-

1870 4395 2034 4451 mino
2063 4397 2290 4451 Joanne
2320 4393 2546 4463 Angelo
2580 4411 2593 4462 ;

212 4491 319 4536 Τον
390 4483 757 4537 πανσεϐάστου
820 4482 1076 4536 σοϐαστου
1131 4502 1294 4556 κυρου
1364 4484 1600 4536 Ἰωάννου
1665 4502 1754 4537 του

1941 4483 2304 4540 Pansebasto
2350 4483 2594 4539 sebasto
2641 4483 2888 4541 domino
2930 4483 3161 4540 Joanne
3215 4486 3519 4542 Contoste-

152 4574 570 4646 Κοποστεφάνον
597 4594 610 4607 ο

218 4667 321 4713 του
378 4660 746 4715 πανσεϐάστου
809 4658 1071 4714 σεϐαστου
1135 4679 1297 4736 κυρου
1365 4665 1756 4716 Κωνσταντίνου

153 4766 239 4801 του
268 4750 626 4824 Παλαιοὶώγου
652 4772 667 4785 ·

220 4844 322 4891 Tw
386 4839 757 4894 πανσοϐάστου
835 4837 1095 4893 σεϐαστου
1154 4859 1317 4915 κυρου
1375 4838 1604 4904 Ἀλεξίου
1666 4860 1757 4895 του

158 4925 503 5001 Παλαιολόγου
529 4947 543 4961 ·

220 5022 319 5069 Tw
370 5018 740 5073 πανσεϐοίστου
805 5015 1069 5071 σοϐαστου
1133 5022 1224 5072 καὶ
1289 5017 1529 5092 ίπάρχου
1594 5037 1755 5092 κυρου

160 5102 479 5180 ’ὼδρονίκου
506 5128 599 5163 του
634 5116 969 5181 Καματηρου
998 5127 1012 5142 ο

222 5200 319 5248 του
391 5196 824 5273 μεγαδοξοτάτου
918 5194 1140 5269 μεγάλου
1229 5196 1581 5271 λογαριαστου
1664 5217 1755 5251 του

166 5282 400 5340 "fama
433 5295 521 5342 καὶ
546 5288 990 5365 πρωτονοταρίου
1009 5304 1169 5357 κυρου
1201 5286 1437 5340 Ἰωάννου
1467 5308 1479 5321 ·

224 5380 315 5429 Tw
367 5377 812 5454 μεταδοξοτάτου
881 5379 1295 5449 πρωτονοταρίου
1359 5379 1452 5428 καὶ
1515 5374 1600 5429 ἐπὶ
1662 5396 1754 5429 του

165 5466 428 5524 bulum;
457 5489 629 5546 κυρου
658 5460 975 5539 Θεωδώρου
1002 5481 1094 5515 του
1115 5470 1440 5518 Στυπειώτου
1464 5484 1478 5498 -

217 5560 302 5611 Γον
361 5557 817 5636 μιγαδοξοτάτου
900 5569 1162 5624 μυστικου
1227 5573 1386 5630 κυρου
1452 5558 1755 5629 Νικηφόρον

153 5660 226 5699 τω
253 5651 467 5727 ὼρϐνου
496 5673 512 5687 ·

1911 4574 2119 4629 hano:

1912 4590 2119 4631 nan0°

1867 4590 1906 4646 Ρ
1938 4620 2302 4720 Pansebasto
2327 4661 2564 4719 sebasto
2594 4661 2842 4719 domino
2882 4663 3269 4720 Constantino
3300 4663 3518 4720 Palico-

1865 4752 2004 4809 loco
2040 4771 2050 4809 :

1968 4769 2004 4809 ο
2040 4771 2050 4782 .

1929 4768 2308 4899 ᾗδιέεθὺᾶεῑο
2338 4839 2581 4898 sebasto
2611 4841 2862 4898 domino
2901 4841 3101 4898 Alexio
3141 4841 3512 4913 Palaaologo;

1934 5018 2304 5077 Pansebasto
2348 5020 2588 5076 sebasto
2632 5024 2689 5076 et
2719 5020 2979 5092 cparcho
3005 5019 3254 5077 domino
3286 5020 3515 5078 Andro-

1862 5111 1999 5166 nico
2029 5110 2334 5165 Camatero
2362 5125 2375 5175 ;

1934 5197 2372 5256 Gloriosissimo
2413 5211 2638 5266 magno
2677 5197 3000 5267 logariasta
3030 5198 3268 5254 sebasto
3294 5201 3351 5254 et
3379 5213 3513 5270 pro-

1861 5286 2162 5345 tonotario
2183 5285 2431 5342 domino
2460 5288 2688 5343 Joanne
2723 5306 2735 5355 ;

1934 5376 2369 5435 Gloriosissimo
2407 5376 2838 5449 protonotario,
2880 5380 2937 5433 et
2976 5375 3234 5435 Caniclei
3278 5389 3514 5448 praepo-

1865 5466 1996 5535 sito,
2027 5464 2277 5523 domino
2295 5464 2608 5521 Theodoro
2640 5465 2909 5538 Stypiota
2936 5481 2950 5533 ;

1928 5553 2258 5613 Gloriosissi
2268 5570 2366 5612 mo
2378 5552 2637 5627 mystico
2648 5553 2897 5610 domino
2910 5552 3239 5624 Nicephoro
3255 5550 3510 5611 Borbno;
