4126 6272
583 339 681 392 179

1919 337 1961 391 Ν
1969 336 1990 390 Ι
1997 337 2187 392 ΕΕΤίΕ
2227 336 2594 394 ΟΗΟΝΙΑΤΕ

3837 342 3948 396 180

648 455 1084 514 Gloriosissimo
1107 471 1332 528 magno
1363 457 1692 528 drungario
1721 457 1970 514 domino
1999 459 2230 516 Joanne

2413 465 2516 512 Του
2577 455 3002 532 μεγαδοξοτάτου
3060 463 3286 534 μεγάλου
3355 461 3712 538 δρουγγαρίου
3778 483 3947 537 κυρου

574 545 1024 604 Macrembolita
1053 565 1065 614 ;

647 638 862 706 Magno
909 635 1230 710 perillustri
1277 636 1732 709 protoasecretis
1778 635 2026 695 domino
2065 637 2232 694 Nico-

578 725 676 784 lao
707 729 936 783 Zonara
963 743 976 793 ;

651 817 868 886 Magno
923 814 1244 886 perillustri
1300 817 1754 888 protocuratore
1810 819 1868 872 et
1923 815 1960 872 a
2009 815 2233 888 suppli-

579 903 750 962 cibus
779 904 990 961 libellis
1022 905 1272 962 domino
1299 905 1586 962 Michaele
1613 908 1922 963 Camatero
1955 925 1968 974 ;

650 1087 862 1156 Magno
905 1084 1224 1156 perillustri
1267 1088 1721 1157 protocuratore
1768 1084 2233 1158 nomophylace,

581 1176 638 1230 et
683 1173 1026 1230 domesticis
1065 1173 1251 1230 rebus
1301 1174 1626 1246 praposito
1673 1174 1983 1230 Theodoro
2035 1176 2238 1230 Pante-

580 1263 735 1320 chne
763 1281 782 1336 ;

650 1356 864 1422 Magno
901 1351 1218 1424 perillustri
1256 1356 1706 1425 protocuratore
1747 1357 1805 1410 et
1847 1353 2096 1410 custode
2135 1351 2238 1408 do-

583 1441 750 1500 mino
781 1441 904 1498 Elia
934 1443 1152 1498 Burteo
1177 1457 1190 1508 ;

653 1531 934 1586 Presente
961 1535 1196 1601 senatu,
1223 1533 1280 1586 et
1309 1529 1762 1586 considentibus
1810 1529 2239 1602 negotiumque

584 1619 766 1678 simul
793 1618 1112 1690 agentibus
1147 1636 1160 1686 ;

657 1708 1258 1782 Constantinopoleos
1291 1709 1635 1781 patriarcha
1665 1709 2055 1766 Constantino
2089 1725 2102 1774 ;

2343 548 2580 600 Ἶωαννου
2605 567 2697 600 του
2733 549 3158 622 Μακρεμϐολίτου
3179 573 3193 588 ο

2412 644 2514 690 Του
2571 637 2794 710 μεγάλου
2851 639 3261 712 ἐπιφανεστάτου
3328 651 3766 717 πρωτασηκρῆτις
3843 663 3952 694 κυ-

2341 746 2434 800 ρου
2463 727 2720 780 Νικολάου
2759 747 2849 780 του
2876 730 3091 805 Ζωναρᾶ
3120 753 3132 766 ·

2411 823 2514 870 Του
2606 817 2832 890 μεγάλου
2927 817 3336 892 ἐπιφανεστάτου
3431 823 3952 898 πρωτοκουράτωρος

2341 910 2432 958 καὶ
2484 905 2568 958 ἐπὶ
2624 915 2722 958 τῶν
2782 903 3008 966 δεήσεων
3063 929 3222 984 κυρου
3279 911 3497 983 Μιχαὴλ
3549 931 3637 964 του
3699 918 3954 983 Καματη-

2343 1015 2436 1070 ρου
2465 1014 2479 1029 ⁶

2415 1092 2518 1138 Του
2565 1084 2790 1157 μεγάλου
2847 1084 3254 1160 ἐπιφανεστάτου
3303 1091 3804 1163 πρωτοκουράτωρος
3861 1109 3952 1141 νο-

2346 1173 2642 1247 μοφύλακος
2693 1181 2782 1226 καὶ
2840 1175 2926 1228 ἐπὶ
2977 1186 3076 1228 τῶν
3139 1177 3407 1230 οἰκειακῶν
3451 1197 3612 1249 κυρου
3666 1175 3952 1251 Θεοδώρου

2345 1283 2434 1316 του
2463 1271 2794 1335 Παντεχνους
2816 1286 2830 1300 ο

2417 1360 2520 1405 Τοῦ
2621 1354 2844 1426 μεγάλου
2933 1353 3341 1428 ἐπιφανεστάτου
3443 1358 3958 1431 πρωτοκουράτωρος

2347 1447 2439 1494 καὶ
2469 1442 2690 1514 φύλακος
2713 1463 2874 1518 κυρου
2907 1444 3058 1497 Ἠλία
3085 1465 3176 1498 του
3209 1453 3457 1520 Βουρτεου
3483 1467 3498 1480 ·

2421 1539 2923 1609 Συμπαρισταμένης
2987 1542 3077 1590 καὶ
3133 1545 3228 1598 τῆς
3292 1537 3607 1610 συγκλήτου,
3677 1541 3766 1590 καὶ
3827 1555 3961 1589 συν-

2349 1619 2696 1698 εδριαζόντων
2755 1624 2882 1697 αὖτῇ
2939 1630 3028 1678 καὶ
3080 1623 3497 1680 συνδιαιτώντων
3545 1635 3608 1700 τῇ
3664 1629 3913 1680 ὑποθέσει
3943 1649 3957 1661 ·

2418 1719 2520 1766 Του
2555 1715 3140 1778 Κωνσταντινουπόλεως
3167 1722 3559 1770 Κωνσταντίνου
3585 1739 3598 1751 ·

655 1798 1208 1871 Hierosolymorum
1232 1798 1574 1872 patriarcha
1601 1800 1904 1856 monacho
1933 1801 2199 1866 Joanne;

2417 1809 2520 1854 Του
2550 1803 2912 1878 Ἰεροσολύμων
2942 1824 3179 1878 μοναχου
3212 1806 3448 1859 Ἰωάννου
3479 1828 3492 1840 ·

657 1887 1010 1945 Considente
1039 1887 1360 1944 nobiscum
1386 1887 1572 1944 electo
1595 1904 1839 1962 quoque
1869 1905 2108 1960 magna
2135 1887 2239 1944 Dei

581 1975 750 2034 urbis
779 1976 1108 2034 Antiochia
1141 1976 1444 2034 Sotericho
1473 1979 1853 2048 Panteugeno
1885 1997 1898 2048 ;

651 2159 796 2213 Rem
823 2154 1200 2229 propositam
1231 2155 1410 2212 simul
1436 2155 1790 2226 urgentibus
1817 2172 1830 2212 :

651 2245 1115 2318 Archiepiscopo
1135 2245 1317 2304 totius
1337 2245 1624 2317 Bulgaria
1646 2244 1951 2303 monacho
1975 2247 2236 2312 Joanne;

649 2425 1118 2496 Archiepiscopo
1150 2425 1330 2496 Cypri
1361 2424 1663 2480 monacho
1693 2426 1920 2480 Joanne
1955 2443 1969 2496 ;

649 2515 876 2570 Pariter
925 2515 1105 2570 simul
1151 2514 1534 2571 censentibus
1572 2514 1748 2570 nobis
1789 2514 2085 2588 episcopis
2125 2516 2240 2570 Cae-

577 2619 758 2660 sarea
791 2603 1116 2676 Stephano,
1150 2603 1344 2676 Cyzici
1365 2607 1614 2672 Joanne,
1656 2603 2014 2662 Nicomedia
2059 2603 2240 2659 Theo—

575 2691 884 2764 phylacto,
919 2693 1074 2748 Sida
1099 2695 1350 2756 Joanne,
1373 2693 1812 2749 Thessalonicae
1837 2693 2068 2756 Basilio,
2098 2696 2240 2748 Neo-

577 2799 859 2840 casarea
873 2785 1284 2852 Constantino,
1295 2783 1600 2840 Laodicea
1615 2783 2047 2852 Calo,Corinthi
2059 2784 2240 2840 Theo-

575 2873 749 2941 doro,
781 2871 1152 2929 Athenarum
1182 2871 1453 2942 Georgio,
1471 2872 1684 2928 Mocesi
1712 2871 1928 2938 Leone,
1947 2870 2238 2943 Naupacti

576 2961 816 3029 Basilio,
865 2961 1346 3035 Philippopoleos
1393 2963 1722 3031 Theodoro,
1763 2961 2238 3032 Adrianopoleos

577 3055 794 3120 Leone,
849 3056 1132 3126 Apamea
1179 3052 1448 3123 Georgio,
1506 3055 1778 3125 Corcyra
1827 3052 2236 3118 Constantino,

2419 1888 2853 1966 Συνεδριάζοντος
2892 1895 3016 1964 ἡμῖν
3053 1898 3142 1945 καὶ
3189 1913 3280 1946 του
3331 1894 3633 1966 ὑποψηφίου
3673 1901 3806 1948 Θεου
3846 1897 3958 1946 πό-

2347 1979 2470 2041 λεως
2521 1981 2748 2054 μεγάλης
2813 1979 3140 2054 Ἀντιοχείας
3201 1988 3510 2057 Σωτηρίχου
3571 2003 3662 2036 του
3728 1989 3927 2036 Παντευ

2346 2074 2495 2142 γένου
2523 2089 2536 2106 ο

2418 2156 2839 2213 Συνδιαιτώντων
2897 2161 3146 2222 ὡσαύτως
3217 2167 3280 2234 τῇ
3347 2161 3590 2214 ὑποθέσει
3644 2165 3730 2214 καὶ
3765 2161 3958 2233 ἠμῶνο

2417 2256 2519 2300 Του
2589 2247 3014 2322 ἀρχιεπισκόπου
3079 2250 3252 2310 πάσης
3325 2250 3644 2325 Βουλγαρίας
3706 2269 3956 2323 μοναχου

2349 2337 2586 2392 Ἰωάννου
2614 2355 2627 2368 ·

2423 2431 2524 2480 Καὶ
2555 2446 2643 2478 του
2679 2429 2890 2502 Κύπρου
2912 2445 3150 2498 μοναχου
3181 2426 3418 2480 Ἰωάννου
3444 2442 3456 2456 ·

2423 2520 2524 2569 Καὶ
2559 2511 3150 2587 συνδιαγνωμονούντων
3183 2521 3273 2568 καὶ
3311 2517 3457 2588 ἡμῶν
3495 2522 3594 2566 τῶν
3641 2514 3960 2591 ἀρχιερέων,

2349 2625 2438 2660 του
2474 2609 2792 2678 Καισαρείας
2823 2607 3096 2678 Στεφάνου,
3141 2625 3232 2657 του
3283 2607 3514 2668 Κυζίκου
3567 2605 3820 2669 Ἰωάννου,
3859 2624 3960 2656 του

2349 2692 2710 2768 Νικομηδείας
2730 2693 3116 2766 Θεοφυλάκτου,
3139 2714 3230 2746 του
3248 2690 3376 2751 Σίδη
3389 2715 3409 2756 ς
3429 2695 3689 2761 Ἰωάννου,
3703 2713 3793 2745 τον
3816 2703 3962 2747 Θεσ-

2351 2784 2625 2844 σαλονίκης
2672 2783 2965 2850 Βασιλείου,
3014 2803 3106 2834 του
3153 2787 3566 2857 Νεοκαισαρείας
3623 2789 3964 2836 Κωνσταντί-

2347 2893 2456 2940 νου,
2511 2893 2603 2924 του
2645 2870 2956 2933 Λαοδικείας
2997 2871 3186 2938 Καλου,
3227 2891 3318 2926 του
3361 2873 3609 2942 Κορίνθου
3649 2868 3958 2946 Θεοδώρου,

2349 2983 2438 3016 του
2495 2964 2722 3022 Ἀθηνῶν
2779 2967 3057 3034 Γεωργίου,
3109 2981 3197 3014 του
3253 2969 3521 3019 Μωκησου
3581 2965 3804 3031 Δέοντος,
3861 2981 3959 3014 του

2346 3055 2665 3107 Ναυπάκτου
2705 3051 2998 3122 Βασιλείου,
3033 3071 3125 3104 του
3165 3049 3618 3112 Φιλιππουπόλεως
3649 3047 3959 3124 Θεοδώρου,

575 3143 786 3200 Αῒειιὶω
841 3141 1101 3210 Nicolao,
1161 3141 1510 3199 Paronaxia
1559 3145 1810 3212 Joanne,
1872 3140 2236 3197 Mesembria

2357 3161 2438 3196 του
2499 3138 2972 3214 Ἀδριανουπόλεως
3013 3145 3242 3204 Λέοντος,
3301 3159 3393 3192 του
3445 3139 3726 3211 Ἀπαμείας
3789 3143 3962 3211 Γεωρ-

576 3232 889 3288 Theodoro
909 3232 1376 3305 Arcadiopoleos
1407 3232 1814 3298 Constantino,
1845 3231 1999 3288 Parii
2017 3231 2232 3296 Niceta,

579 3321 864 3392 Selybria
907 3323 1154 3390 Joanne,
1203 3321 1508 3392 Arabizya
1559 3321 1862 3391 Gregorio,
1899 3321 2101 3376 Lemni
2139 3321 2235 3378 Mi-

580 3409 806 3476 chaele,
841 3410 1202 3466 Heracliadis
1226 3410 1528 3466 monacho
1557 3411 1772 3466 Aoacio
1809 3428 1821 3476 ;

2345 3237 2482 3303 γίου,
2541 3250 2631 3283 του
2691 3233 2952 3302 Κερκύρας
3019 3233 3431 3298 Κωνσταντίνου,
3493 3248 3584 3281 του
3650 3226 3962 3289 Ἀτταλείας

2344 3319 2625 3383 Νικολάου,
2695 3339 2784 3370 του
2859 3318 3178 3391 Παροναξίας
3236 3316 3493 3386 Ἰωάννου,
3571 3337 3662 3369 του
3732 3323 3964 3390 Μεσημ-

2348 3410 2498 3483 ϐρίας
2543 3405 2840 3480 Θεοδώρου,
2896 3427 2989 3460 του
3033 3409 3228 3470 Βιζύης
3277 3403 3576 3478 Θεοδώρου,
3625 3425 3714 3458 του
3758 3405 3964 3480 Ἀρκα-

585 3496 898 3557 διουπόλεως
949 3503 1360 3568 Κωνσταντίνου,
1420 3505 1512 3550 τοῦ
1577 3504 1775 3572 Παρίου
1833 3503 2061 3569 Νικήτα,
2117 3506 2210 3552 τοῦ
2265 3497 2554 3573 Σηλυϐρίας
2611 3498 2870 3564 Ἰωάννου,
2939 3502 3030 3550 τοῦ
3100 3494 3420 3568 Ἀραϐιζύης
3487 3499 3796 3570 Γρηγορίου,
3861 3503 3968 3548 τοῦ

589 3592 808 3660 Λήμνου
839 3587 1082 3658 Μιχαὴλ,
1103 3595 1196 3640 τοῦ
1224 3596 1316 3648 τῆς
1335 3588 1606 3661 Ἡρακλέος
1637 3595 1874 3660 μοναχοῦ
1906 3589 2152 3642 Ἀκακίου
2179 3611 2191 3622 ·

658 3679 927 3750 Itemque
954 3676 1084 3733 aliis
1116 3677 1222 3749 qui
1249 3677 1646 3734 versabantur
1681 3678 1745 3734 in
1774 3677 1923 3734 urbe
1954 3678 2073 3734 Deo
2105 3679 2244 3736 cha-

588 3765 840 3823 rissimis
869 3765 1173 3838 episcopis
1214 3782 1227 3821 :

658 3859 971 3914 Patrarum
1001 3856 1272 3928 Georgio,
1311 3855 1710 3914 Trachala....
1761 3857 2070 3928 Hyrcania
2115 3858 2244 3914 Dio-

588 3947 786 4020 nysio,
804 3947 1266 4004 Dalisandorum
1283 3947 1694 4012 Constantino,
1710 3951 2006 4018 Argorum
2029 3951 2242 4020 Leone,

591 4036 982 4094 Demetriadis
1010 4039 1259 4106 Joanne,
1293 4040 1444 4093 Arta
1471 4035 1702 4094 Basilio.
1727 4037 2082 4094 Antandri...

667 4214 1060 4270 Praesentibus
1081 4217 1260 4272 etiam
1285 4217 1403 4274 Deo
1433 4215 1804 4276 charissimis
1833 4215 2247 4274 ecclesiasticis

595 4302 934 4374 praepositis
967 4320 980 4359 :

677 4391 848 4455 Quod
879 4391 958 4464 pii
997 4392 1152 4461 regis
1184 4409 1285 4449 cor
1313 4393 1373 4449 in
1403 4411 1592 4454 manu
1623 4395 1722 4452 Dei
1759 4396 1852 4463 sit,
1885 4400 1952 4452 ut
1990 4396 2072 4453 ait
2101 4395 2250 4452 Scri-

2425 3682 2524 3732 Καὶ
2585 3684 2684 3730 τῶν
2741 3677 3153 3751 παρευρεθέντων
3206 3672 3256 3728 ἐν
3312 3681 3374 3748 τῇ
3435 3671 3576 3728 πόλει
3631 3670 3968 3746 θεοφιλεστά·

2352 3787 2450 3819 των
2483 3766 2781 3818 ἐπισκόπων
2814 3781 2827 3796 ⁸

2421 3864 2524 3908 Του
2591 3863 2808 3928 Πατρῶν
2875 3858 3156 3927 Γεωργίου,
3225 3871 3316 3906 του
3373 3851 3794 3926 Τραχάλης....
3865 3869 3964 3904 του

2351 3950 2622 4018 Ὑρκανίας
2689 3948 2980 4015 Διονυσίου,
3051 3962 3140 3996 του
3209 3938 3541 3994 Δαλισάνδων
3627 3945 3968 3993 Κωνσταντί-

2352 4053 2460 4100 νον,
2522 4053 2613 4086 του
2667 4033 2892 4106 ’Ἀργους
2937 4036 3174 4101 Λέοντος,
3225 4050 3313 4083 του
3365 4026 3732 4104 Δημητριάδος
3783 4029 3967 4082 Ἰωάνα-

2353 4143 2462 4188 νου,
2530 4144 2621 4178 του
2682 4121 2876 4196 Ἀρτης
2945 4120 3234 4192 Βασιλείου,
3303 4139 3394 4174 του
3457 4115 3957 4193 Ἀντάνδρου.....

2427 4217 2933 4286 Συμπαρισταμένων
3009 4215 3098 4264 καὶ
3185 4218 3286 4264 τῶν
3383 4209 3782 4282 θεοφιλεστάτων
3881 4208 3970 4262 ἐκ·

2355 4303 2744 4362 κλησιαστικῶν
2775 4301 3043 4375 ἀρχόντων
3069 4321 3082 4334 ·

2428 4391 2548 4444 "Or;
2595 4387 2791 4466 καρδία
2839 4389 3092 4462 βασιλέως
3140 4387 3377 4449 εὐσεϐους
3424 4386 3472 4440 ἓν
3515 4391 3661 4460 χειρὶ
3702 4394 3858 4456 Θιου,
3893 4390 3975 4449 ὡς

597 4483 812 4553 ptura;
847 4484 902 4536 et
921 4482 1086 4554 quod
1106 4497 1230 4538 non
1245 4483 1455 4554 procul
1484 4501 1518 4540 a
1547 4485 1753 4542 divina
1777 4485 2084 4542 voluntate
2109 4500 2244 4540 con-

2359 4485 2672 4556 γέγραπται,
2717 4485 2806 4532 καὶ
2859 4481 2938 4532 ὅτι
2983 4484 3054 4552 μὴ
3101 4477 3276 4554 πόρῥω
3328 4480 3469 4538 θείας
3513 4475 3710 4549 βουλῆς
3745 4479 3803 4528 τό
3841 4479 3976 4530 κατ’

600 4567 730 4624 silia
765 4567 894 4638 ejus
942 4569 1246 4640 recedant,
1287 4571 1600 4628 manifeste
1627 4573 1802 4630 nobis
1834 4574 2066 4630 actibus
2107 4573 2254 4644 ipsis

600 4662 928 4714 coronatus
959 4673 994 4714 a
1024 4661 1144 4716 Deo
1187 4659 1518 4732 imperator
1544 4677 1706 4719 nunc
1733 4663 2030 4731 ostendit;
2071 4677 2255 4734 quem

601 4749 800 4802 mente
851 4747 1060 4803 Christi
1109 4748 1334 4804 factum
1382 4749 1626 4806 divitem
1671 4752 1864 4807 dicere
1903 4767 2252 4824 possumus:
2295 4747 2302 4756 ’

599 4839 666 4892 ut
705 4835 825 4892 divi
864 4837 1196 4909 magnique
1238 4838 1496 4910 apostoli
1523 4839 1707 4898 verba
1737 4855 2124 4913 usurpemus.
2161 4843 2254 4896 Et-

602 4925 762 4980 enim
793 4924 896 4996 qui
922 4924 1192 4982 animam
1222 4941 1397 4983 suam
1426 4943 1767 5001 corpusque
1788 4930 2006 4986 divina
2039 4929 2254 4998 guber-

603 5011 832 5068 nationi
875 5013 1195 5084 commisit,
1235 5015 1364 5072 ﬁeri
1399 5017 1607 5089 nequit
1637 5023 1704 5074 ut
1731 5019 1808 5075 ab
1834 5019 2034 5076 ofﬁcio
2065 5019 2254 5076 disce-

603 5099 727 5156 dat.
757 5100 966 5172 Itaque
987 5103 1248 5175 reliquas
1264 5119 1424 5161 nunc
1449 5107 1697 5178 quidem
1727 5123 2080 5166 enumerare
2103 5108 2256 5178 ejus-

603 5189 744 5246 dem
773 5190 1043 5264 virtutes,
1071 5193 1194 5250 sive
1217 5209 1354 5266 qua
1381 5197 1636 5254 exterius
1665 5213 1870 5270 regem
1915 5197 2132 5254 sistunt
2161 5215 2254 5254 su-

602 5293 716 5350 pra
735 5277 1070 5338 humanam
1097 5283 1500 5342 conditionem
1523 5287 1933 5358 magniﬁcum,
1963 5286 2088 5344 sive
2116 5302 2254 5358 qua

601 5366 850 5424 interius
874 5373 930 5426 et
947 5371 1268 5430 recondita
1283 5373 1700 5434 demonstrant
1719 5391 1860 5434 eum
1884 5375 2105 5432 divina
2128 5373 2256 5446 pul-

603 5455 952 5516 chritudinis
965 5461 1360 5538 archetypum
1371 5466 1606 5538 egregie
1623 5465 2066 5524 conformatum
2083 5480 2096 5532 ;
2119 5465 2252 5537 has,

601 5544 878 5620 inquam,
894 5564 1203 5612 recensere
1221 5554 1938 5627 supervacuumfortasse
1955 5553 2256 5612 videretur

603 5638 786 5710 atque
821 5639 1260 5714 importunum.

2363 4570 2514 4622 αὐτὸν
2566 4573 2861 4643 περαίνεται
2919 4564 3234 4634 διαϐούλιον,
3297 4565 3524 4637 ἀτεχνῶς
3571 4565 3747 4626 αὐτοῖς
3795 4567 3974 4639 ἔργοις

2364 4662 2390 4714 ὁ
2437 4663 2716 4732 θεοστεφὴς
2762 4661 2904 4731 ἡμῶν
2947 4657 3279 4732 αὐτοκράτωρ
3328 4659 3420 4710 καὶ
3459 4657 3577 4732 ἄρτι
3613 4650 3919 4728 παρέδειξεν
3953 4673 3966 4686 ·

2366 4749 2417 4800 ὃν
2469 4753 2560 4800 καὶ
2610 4753 2845 4821 Χριστου
2901 4765 3017 4799 νουν
3071 4745 3223 4798 εἰπών
3271 4765 3352 4807 τις
3395 4743 3806 4802 πεπλουτηκέναι
3865 4747 3972 4818 φοί-

2363 4860 2448 4894 ναι
2503 4841 2638 4892 κατὰ
2683 4841 2770 4892 τὸν
2829 4839 2960 4890 θεῖον
3015 4840 3106 4890 καὶ
3155 4839 3314 4908 μέγαν
3367 4833 3655 4888 ἀπόστολον
3682 4847 3696 4864 ·
3757 4833 3848 4888 ἅτε
3907 4833 3974 4888 δὲ

2364 4935 2452 4982 καὶ
2501 4929 2687 5001 ψυχὴν
2739 4932 2828 4980 καὶ
2887 4934 3040 4998 σῶμα
3087 4933 3149 4998 τῇ
3212 4927 3321 4997 θείᾳ
3367 4923 3676 4999 κυϐερνήσει
3703 4942 3978 4996 προσανα-

2367 5021 2588 5091 θέμενον,
2657 5017 2752 5072 οὐκ
2813 5015 2872 5068 ἂν
2945 5015 3170 5088 ἁμάρτοι
3239 5033 3334 5068 του
3401 5016 3681 5086 πρέποντος
3709 5032 3726 5048 ο
3799 5012 3977 5068 σαῦλα

2363 5111 2452 5180 μὲν
2501 5105 2588 5160 οὖν
2663 5105 2746 5159 ἐπὶ
2820 5125 2912 5158 του
2981 5108 3232 5178 παρόντος
3296 5102 3710 5176 ἄπαριθμείσθαι
3775 5105 3974 5156 τούτου

2362 5198 2795 5270 πλεονεκτήματα,
2855 5196 2958 5248 ὅσα
3027 5213 3083 5246 τε
3159 5196 3246 5246 τόν
3308 5191 3454 5255 ἐκτὸς
3515 5195 3603 5244 καὶ
3663 5195 3976 5264 φαινόμενον

2365 5285 2589 5361 βασιλέα
2644 5284 2998 5360 μεγαλουργὸν
3052 5287 3374 5359 παρίστησιν
3439 5284 3565 5355 ὑπερ
3640 5281 3918 5356 ἄνθρωπον
3957 5299 3974 5318 ο

2363 5383 2453 5432 καὶ
2503 5379 2529 5431 ὅ
2583 5395 2643 5450 γε
2696 5379 2782 5430 τὸν
2839 5374 2972 5438 ἐντὸς
3027 5377 3116 5428 καὶ
3179 5376 3527 5449 κρυπτόμενον
3598 5367 3975 5426 διαδείκνυσιν

2363 5469 2724 5540 ἐμφανέστατα
2775 5468 2901 5542 πρὸς
2947 5467 3006 5518 τὸ
3061 5483 3154 5518 του
3217 5466 3392 5518 θείου·
3450 5459 3671 5523 κάλλους
3736 5462 3974 5536 ἀρχέτυ-

2361 5575 2456 5608 πον
2513 5553 2738 5629 ἀκριϐῶς
2803 5552 3251 5625 ἐξεικονιζόμενον,
3317 5549 3556 5626 περιττὸν
3627 5549 3755 5608 ἴσως
3824 5544 3974 5612 δόξει

2362 5648 2453 5698 καὶ
2479 5644 2714 5719 ἄκαιρον.
