  <div class='ocr_page' id='page_1' title='image "/cluster/home/n/w/nwhite01/storage/ocr_20150623/140/mdp.39015022213980/098.png"; bbox 0 0 4126 6272; ppageno 0'>
   <div class='ocr_carea' id='block_1_1' title="bbox 206 296 2246 353">
    <p class='ocr_par' dir='ltr' id='par_1_1' title="bbox 206 296 2246 353">
     <span class='ocr_line' id='line_1_1' title="bbox 206 296 2246 353; baseline -0.001 -2"><span class='ocrx_word' id='word_1_1' title='bbox 206 296 287 352; x_wconf 75' lang='grc'>181</span> <span class='ocrx_word' id='word_1_2' title='bbox 1537 296 1878 353; x_wconf 74' lang='lat' dir='ltr'>THESAURI</span> <span class='ocrx_word' id='word_1_3' title='bbox 1916 297 2048 352; x_wconf 88' lang='lat' dir='ltr'>LIB.</span> <span class='ocrx_word' id='word_1_4' title='bbox 2093 296 2246 352; x_wconf 80' lang='lat' dir='ltr'>XXIV</span> 
     </span>
    </p>
   </div>
   <div class='ocr_carea' id='block_1_2' title="bbox 3466 299 3568 353">
    <p class='ocr_par' dir='ltr' id='par_1_2' title="bbox 3466 299 3568 353">
     <span class='ocr_line' id='line_1_2' title="bbox 3466 299 3568 353; baseline 0.02 -2"><span class='ocrx_word' id='word_1_5' title='bbox 3466 299 3568 353; x_wconf 81' lang='grc'>182</span> 
     </span>
    </p>
   </div>
   <div class='ocr_carea' id='block_1_3' title="bbox 208 416 1816 495">
    <p class='ocr_par' dir='ltr' id='par_1_3' title="bbox 208 416 1810 495">
     <span class='ocr_line' id='line_1_3' title="bbox 208 416 1810 495; baseline -0.001 -22"><span class='ocrx_word' id='word_1_6' title='bbox 208 419 334 478; x_wconf 71' lang='grc' dir='ltr'><strong>Πλὴν</strong></span> <span class='ocrx_word' id='word_1_7' title='bbox 389 416 524 471; x_wconf 76' lang='grc' dir='ltr'><strong>ἀλλὰ</strong></span> <span class='ocrx_word' id='word_1_8' title='bbox 589 425 767 472; x_wconf 86' lang='grc' dir='ltr'><strong>ταῦτα</strong></span> <span class='ocrx_word' id='word_1_9' title='bbox 830 423 971 492; x_wconf 90' lang='grc' dir='ltr'><strong>μόνα</strong></span> <span class='ocrx_word' id='word_1_10' title='bbox 1027 419 1227 495; x_wconf 82' lang='grc' dir='ltr'>ῥητέον,</span> <span class='ocrx_word' id='word_1_11' title='bbox 1291 417 1365 491; x_wconf 73' lang='grc' dir='ltr'>ἐφ’</span> <span class='ocrx_word' id='word_1_12' title='bbox 1425 418 1498 479; x_wconf 79' lang='grc' dir='ltr'>οἷς</span> <span class='ocrx_word' id='word_1_13' title='bbox 1567 421 1670 492; x_wconf 80' lang='grc' dir='ltr'><strong>ἄρα</strong></span> <span class='ocrx_word' id='word_1_14' title='bbox 1724 423 1810 472; x_wconf 83' lang='grc' dir='ltr'>τόν</span> 
     </span>
    </p>
   </div>
   <div class='ocr_carea' id='block_1_4' title="bbox 1927 416 3569 495">
    <p class='ocr_par' dir='ltr' id='par_1_4' title="bbox 1991 418 3569 493">
     <span class='ocr_line' id='line_1_4' title="bbox 1991 418 3569 493; baseline 0 -18"><span class='ocrx_word' id='word_1_15' title='bbox 1991 424 2156 476; x_wconf 90' lang='lat' dir='ltr'>Nunc</span> <span class='ocrx_word' id='word_1_16' title='bbox 2187 420 2388 492; x_wconf 80' lang='lat' dir='ltr'>itaque</span> <span class='ocrx_word' id='word_1_17' title='bbox 2425 419 2572 475; x_wconf 92' lang='lat' dir='ltr'>illud</span> <span class='ocrx_word' id='word_1_18' title='bbox 2603 418 2800 476; x_wconf 90' lang='lat' dir='ltr'>solum</span> <span class='ocrx_word' id='word_1_19' title='bbox 2831 418 3123 487; x_wconf 88' lang='lat' dir='ltr'>dicemus,</span> <span class='ocrx_word' id='word_1_20' title='bbox 3171 435 3276 476; x_wconf 90' lang='lat' dir='ltr'>cur</span> <span class='ocrx_word' id='word_1_21' title='bbox 3308 434 3569 493; x_wconf 70' lang='lat' dir='ltr'>praesen-</span> 
     </span>
    </p>
   </div>
   <div class='ocr_carea' id='block_1_5' title="bbox 208 507 1809 584">
    <p class='ocr_par' dir='ltr' id='par_1_5' title="bbox 208 507 1809 584">
     <span class='ocr_line' id='line_1_5' title="bbox 208 507 1809 584; baseline -0.001 -24"><span class='ocrx_word' id='word_1_22' title='bbox 208 513 426 582; x_wconf 73' lang='grc' dir='ltr'><strong>παρόντα</strong></span> <span class='ocrx_word' id='word_1_23' title='bbox 491 513 896 583; x_wconf 79' lang='grc' dir='ltr'><strong>συγκεκρότηκε</strong></span> <span class='ocrx_word' id='word_1_24' title='bbox 960 515 1181 584; x_wconf 72' lang='grc' dir='ltr'><strong>σήμερον</strong></span> <span class='ocrx_word' id='word_1_25' title='bbox 1238 507 1518 580; x_wconf 88' lang='grc' dir='ltr'><strong>σύλλογον·</strong></span> <span class='ocrx_word' id='word_1_26' title='bbox 1567 512 1636 569; x_wconf 85' lang='grc' dir='ltr'><strong>ὡς</strong></span> <span class='ocrx_word' id='word_1_27' title='bbox 1708 511 1809 582; x_wconf 76' lang='grc' dir='ltr'><strong>γὰρ</strong></span> 
     </span>
    </p>
   </div>
   <div class='ocr_carea' id='block_1_6' title="bbox 210 593 1814 670">
    <p class='ocr_par' dir='ltr' id='par_1_6' title="bbox 210 593 1814 670">
     <span class='ocr_line' id='line_1_6' title="bbox 210 593 1814 670; baseline -0.001 -22"><span class='ocrx_word' id='word_1_28' title='bbox 210 595 451 669; x_wconf 67' lang='grc' dir='ltr'><strong>ἆπόφημά</strong></span> <span class='ocrx_word' id='word_1_29' title='bbox 507 616 629 648; x_wconf 79' lang='grc' dir='ltr'><strong>τινα</strong></span> <span class='ocrx_word' id='word_1_30' title='bbox 685 603 778 650; x_wconf 82' lang='grc' dir='ltr'>καὶ</span> <span class='ocrx_word' id='word_1_31' title='bbox 837 605 933 658; x_wconf 82' lang='grc' dir='ltr'><strong>τῆς</strong></span> <span class='ocrx_word' id='word_1_32' title='bbox 999 599 1282 670; x_wconf 86' lang='grc' dir='ltr'><strong>όρθοτόμου</strong></span> <span class='ocrx_word' id='word_1_33' title='bbox 1351 593 1508 660; x_wconf 76' lang='grc' dir='ltr'><strong>δόξης</strong></span> <span class='ocrx_word' id='word_1_34' title='bbox 1569 595 1814 670; x_wconf 84' lang='grc' dir='ltr'><strong>ἀλλότρια</strong></span> 
     </span>
    </p>
   </div>
   <div class='ocr_carea' id='block_1_7' title="bbox 205 687 1811 759">
    <p class='ocr_par' dir='ltr' id='par_1_7' title="bbox 205 687 1811 759">
     <span class='ocr_line' id='line_1_7' title="bbox 205 687 1811 759; baseline -0.001 -22"><span class='ocrx_word' id='word_1_35' title='bbox 205 689 315 759; x_wconf 72' lang='grc' dir='ltr'><strong>περί</strong></span> <span class='ocrx_word' id='word_1_36' title='bbox 344 703 401 738; x_wconf 85' lang='grc' dir='ltr'>τε</span> <span class='ocrx_word' id='word_1_37' title='bbox 453 693 555 746; x_wconf 76' lang='grc' dir='ltr'><strong>τῆς</strong></span> <span class='ocrx_word' id='word_1_38' title='bbox 605 687 755 758; x_wconf 81' lang='grc' dir='ltr'><strong>παρὰ</strong></span> <span class='ocrx_word' id='word_1_39' title='bbox 798 693 895 737; x_wconf 91' lang='grc' dir='ltr'>τοῦ</span> <span class='ocrx_word' id='word_1_40' title='bbox 939 690 1132 759; x_wconf 78' lang='grc' dir='ltr'><strong>Κυρίου</strong></span> <span class='ocrx_word' id='word_1_41' title='bbox 1181 690 1270 736; x_wconf 79' lang='grc' dir='ltr'><strong>καὶ</strong></span> <span class='ocrx_word' id='word_1_42' title='bbox 1317 691 1449 738; x_wconf 85' lang='grc' dir='ltr'>Θεοῦ</span> <span class='ocrx_word' id='word_1_43' title='bbox 1505 689 1595 737; x_wconf 82' lang='grc' dir='ltr'>καὶ</span> <span class='ocrx_word' id='word_1_44' title='bbox 1633 692 1811 743; x_wconf 79' lang='grc' dir='ltr'><strong>Σωτῆ-</strong></span> 
     </span>
    </p>
   </div>
   <div class='ocr_carea' id='block_1_8' title="bbox 206 772 1814 848">
    <p class='ocr_par' dir='ltr' id='par_1_8' title="bbox 206 772 1814 848">
     <span class='ocr_line' id='line_1_8' title="bbox 206 772 1814 848; baseline 0 -23"><span class='ocrx_word' id='word_1_45' title='bbox 206 793 283 847; x_wconf 85' lang='grc' dir='ltr'>ρος</span> <span class='ocrx_word' id='word_1_46' title='bbox 339 775 491 846; x_wconf 75' lang='grc' dir='ltr'><strong>ἡμῶν</strong></span> <span class='ocrx_word' id='word_1_47' title='bbox 558 772 737 832; x_wconf 81' lang='grc' dir='ltr'><strong>Ἰησοῦ</strong></span> <span class='ocrx_word' id='word_1_48' title='bbox 805 782 1046 848; x_wconf 78' lang='grc' dir='ltr'>Χριστοῦ</span> <span class='ocrx_word' id='word_1_49' title='bbox 1111 773 1159 826; x_wconf 79' lang='grc' dir='ltr'>έν</span> <span class='ocrx_word' id='word_1_50' title='bbox 1231 781 1396 848; x_wconf 81' lang='grc' dir='ltr'><strong>καιρῷ</strong></span> <span class='ocrx_word' id='word_1_51' title='bbox 1458 782 1550 826; x_wconf 85' lang='grc' dir='ltr'>τοῦ</span> <span class='ocrx_word' id='word_1_52' title='bbox 1615 776 1814 834; x_wconf 80' lang='grc' dir='ltr'>πάθους</span> 
     </span>
    </p>
   </div>
   <div class='ocr_carea' id='block_1_9' title="bbox 207 862 1812 938">
    <p class='ocr_par' dir='ltr' id='par_1_9' title="bbox 207 862 1812 938">
     <span class='ocr_line' id='line_1_9' title="bbox 207 862 1812 938; baseline 0 -24"><span class='ocrx_word' id='word_1_53' title='bbox 207 866 478 935; x_wconf 75' lang='grc' dir='ltr'><strong>γενομένης</strong></span> <span class='ocrx_word' id='word_1_54' title='bbox 559 862 874 936; x_wconf 84' lang='grc' dir='ltr'><strong>ίλαστηρίου</strong></span> <span class='ocrx_word' id='word_1_55' title='bbox 942 872 1042 917; x_wconf 83' lang='grc' dir='ltr'>τῶν</span> <span class='ocrx_word' id='word_1_56' title='bbox 1115 864 1372 938; x_wconf 78' lang='grc' dir='ltr'>ἡμετέρων</span> <span class='ocrx_word' id='word_1_57' title='bbox 1427 863 1812 936; x_wconf 77' lang='grc' dir='ltr'>ἁμαρτημάτων</span> 
     </span>
    </p>
   </div>
   <div class='ocr_carea' id='block_1_10' title="bbox 209 949 1809 1026">
    <p class='ocr_par' dir='ltr' id='par_1_10' title="bbox 209 949 1809 1026">
     <span class='ocr_line' id='line_1_10' title="bbox 209 949 1809 1026; baseline 0 -23"><span class='ocrx_word' id='word_1_58' title='bbox 209 960 563 1026; x_wconf 70' lang='grc' dir='ltr'>προσαγωγῆς</span> <span class='ocrx_word' id='word_1_59' title='bbox 602 960 694 1004; x_wconf 87' lang='grc' dir='ltr'>τοῦ</span> <span class='ocrx_word' id='word_1_60' title='bbox 739 949 882 1004; x_wconf 80' lang='grc' dir='ltr'>ἰδίου</span> <span class='ocrx_word' id='word_1_61' title='bbox 927 957 1160 1025; x_wconf 83' lang='grc' dir='ltr'><strong>σώματός</strong></span> <span class='ocrx_word' id='word_1_62' title='bbox 1198 971 1252 1004; x_wconf 86' lang='grc' dir='ltr'>τε</span> <span class='ocrx_word' id='word_1_63' title='bbox 1297 956 1386 1005; x_wconf 83' lang='grc' dir='ltr'>καὶ</span> <span class='ocrx_word' id='word_1_64' title='bbox 1425 953 1665 1024; x_wconf 81' lang='grc' dir='ltr'><strong>αἵματος,</strong></span> <span class='ocrx_word' id='word_1_65' title='bbox 1722 955 1809 1004; x_wconf 82' lang='grc' dir='ltr'><strong>ναὶ</strong></span> 
     </span>
    </p>
   </div>
   <div class='ocr_carea' id='block_1_11' title="bbox 215 1038 1813 1117">
    <p class='ocr_par' dir='ltr' id='par_1_11' title="bbox 215 1038 1813 1117">
     <span class='ocr_line' id='line_1_11' title="bbox 215 1038 1813 1117; baseline -0.001 -24"><span class='ocrx_word' id='word_1_66' title='bbox 215 1038 281 1099; x_wconf 68' lang='grc' dir='ltr'><strong>δή</strong></span> <span class='ocrx_word' id='word_1_67' title='bbox 321 1046 409 1093; x_wconf 82' lang='grc' dir='ltr'>καὶ</span> <span class='ocrx_word' id='word_1_68' title='bbox 440 1048 539 1102; x_wconf 78' lang='grc' dir='ltr'><strong>τῆς</strong></span> <span class='ocrx_word' id='word_1_69' title='bbox 570 1043 833 1117; x_wconf 76' lang='grc' dir='ltr'>ὁσημέραι</span> <span class='ocrx_word' id='word_1_70' title='bbox 887 1045 1032 1114; x_wconf 86' lang='grc' dir='ltr'>παρά</span> <span class='ocrx_word' id='word_1_71' title='bbox 1079 1051 1178 1094; x_wconf 87' lang='grc' dir='ltr'>τῶν</span> <span class='ocrx_word' id='word_1_72' title='bbox 1227 1043 1339 1094; x_wconf 87' lang='grc' dir='ltr'><strong>θεῖα</strong></span> <span class='ocrx_word' id='word_1_73' title='bbox 1367 1044 1813 1117; x_wconf 81' lang='grc' dir='ltr'><strong>μεταχειριζομέ-</strong></span> 
     </span>
    </p>
   </div>
   <div class='ocr_carea' id='block_1_12' title="bbox 217 1129 1805 1204">
    <p class='ocr_par' dir='ltr' id='par_1_12' title="bbox 217 1129 1805 1204">
     <span class='ocr_line' id='line_1_12' title="bbox 217 1129 1805 1204; baseline 0.001 -24"><span class='ocrx_word' id='word_1_74' title='bbox 217 1151 310 1180; x_wconf 78' lang='grc' dir='ltr'>νων</span> <span class='ocrx_word' id='word_1_75' title='bbox 367 1130 724 1202; x_wconf 81' lang='grc' dir='ltr'><strong>ἱεροτιλεστῶν</strong></span> <span class='ocrx_word' id='word_1_76' title='bbox 790 1135 1070 1204; x_wconf 86' lang='grc' dir='ltr'><strong>γινομένης</strong></span> <span class='ocrx_word' id='word_1_77' title='bbox 1143 1129 1191 1182; x_wconf 87' lang='grc' dir='ltr'><strong>ἐν</strong></span> <span class='ocrx_word' id='word_1_78' title='bbox 1268 1138 1384 1193; x_wconf 86' lang='grc' dir='ltr'><strong>ταῖς</strong></span> <span class='ocrx_word' id='word_1_79' title='bbox 1453 1133 1613 1203; x_wconf 85' lang='grc' dir='ltr'>ἱεραῖς</span> <span class='ocrx_word' id='word_1_80' title='bbox 1688 1133 1805 1202; x_wconf 84' lang='grc' dir='ltr'><strong>ἀγι-</strong></span> 
     </span>
    </p>
   </div>
   <div class='ocr_carea' id='block_1_13' title="bbox 214 1219 1810 1293">
    <p class='ocr_par' dir='ltr' id='par_1_13' title="bbox 214 1219 1810 1293">
     <span class='ocr_line' id='line_1_13' title="bbox 214 1219 1810 1293; baseline 0 -23"><span class='ocrx_word' id='word_1_81' title='bbox 214 1227 401 1280; x_wconf 76' lang='grc' dir='ltr'><strong>σττίαις</strong></span> <span class='ocrx_word' id='word_1_82' title='bbox 455 1228 559 1271; x_wconf 82' lang='grc' dir='ltr'><strong>τῶν</strong></span> <span class='ocrx_word' id='word_1_83' title='bbox 617 1221 889 1280; x_wconf 70' lang='grc' dir='ltr'>ζωοποιοῦν</span> <span class='ocrx_word' id='word_1_84' title='bbox 947 1224 1269 1293; x_wconf 76' lang='grc' dir='ltr'>μυστηρίων,</span> <span class='ocrx_word' id='word_1_85' title='bbox 1311 1223 1379 1282; x_wconf 85' lang='grc' dir='ltr'><strong>ὡς</strong></span> <span class='ocrx_word' id='word_1_86' title='bbox 1429 1220 1584 1282; x_wconf 84' lang='grc' dir='ltr'><strong>αὐτὸς</strong></span> <span class='ocrx_word' id='word_1_87' title='bbox 1633 1219 1681 1272; x_wconf 81' lang='grc' dir='ltr'><strong>ἐν</strong></span> <span class='ocrx_word' id='word_1_88' title='bbox 1737 1227 1810 1290; x_wconf 83' lang='grc' dir='ltr'><strong>τῷ</strong></span> 
     </span>
    </p>
   </div>
   <div class='ocr_carea' id='block_1_14' title="bbox 206 1305 1812 1383">
    <p class='ocr_par' dir='ltr' id='par_1_14' title="bbox 206 1305 1812 1383">
     <span class='ocr_line' id='line_1_14' title="bbox 206 1305 1812 1383; baseline 0.001 -23"><span class='ocrx_word' id='word_1_89' title='bbox 206 1318 448 1380; x_wconf 81' lang='grc' dir='ltr'><strong>μνστικῷ</strong></span> <span class='ocrx_word' id='word_1_90' title='bbox 495 1305 692 1380; x_wconf 80' lang='grc' dir='ltr'><strong>δείπνῳ</strong></span> <span class='ocrx_word' id='word_1_91' title='bbox 751 1309 1070 1382; x_wconf 80' lang='grc' dir='ltr'>κατήρξατο,</span> <span class='ocrx_word' id='word_1_92' title='bbox 1123 1312 1187 1370; x_wconf 87' lang='grc' dir='ltr'><strong>ὡς</strong></span> <span class='ocrx_word' id='word_1_93' title='bbox 1242 1312 1512 1383; x_wconf 84' lang='grc' dir='ltr'><strong>ἱστοροῦσι</strong></span> <span class='ocrx_word' id='word_1_94' title='bbox 1575 1313 1640 1362; x_wconf 81' lang='grc' dir='ltr'><strong>τὰ</strong></span> <span class='ocrx_word' id='word_1_95' title='bbox 1703 1310 1812 1382; x_wconf 84' lang='grc' dir='ltr'>ἱερά</span> 
     </span>
    </p>
   </div>
   <div class='ocr_carea' id='block_1_15' title="bbox 202 1395 1811 1472">
    <p class='ocr_par' dir='ltr' id='par_1_15' title="bbox 202 1395 1811 1472">
     <span class='ocr_line' id='line_1_15' title="bbox 202 1395 1811 1472; baseline 0.001 -24"><span class='ocrx_word' id='word_1_96' title='bbox 202 1402 288 1449; x_wconf 83' lang='grc' dir='ltr'>καὶ</span> <span class='ocrx_word' id='word_1_97' title='bbox 329 1400 655 1450; x_wconf 79' lang='grc' dir='ltr'><strong>θεόπνευστα</strong></span> <span class='ocrx_word' id='word_1_98' title='bbox 710 1398 1024 1470; x_wconf 83' lang='grc' dir='ltr'><strong>Εὐαγγέλια,</strong></span> <span class='ocrx_word' id='word_1_99' title='bbox 1066 1406 1262 1472; x_wconf 67' lang='grc' dir='ltr'><strong>φρονεῖν</strong></span> <span class='ocrx_word' id='word_1_100' title='bbox 1315 1419 1370 1451; x_wconf 78' lang='grc' dir='ltr'>τε</span> <span class='ocrx_word' id='word_1_101' title='bbox 1413 1403 1503 1451; x_wconf 81' lang='grc' dir='ltr'>καὶ</span> <span class='ocrx_word' id='word_1_102' title='bbox 1557 1395 1811 1471; x_wconf 87' lang='grc' dir='ltr'><strong>δογματι-</strong></span> 
     </span>
    </p>
   </div>
   <div class='ocr_carea' id='block_1_16' title="bbox 206 1487 1810 1562">
    <p class='ocr_par' dir='ltr' id='par_1_16' title="bbox 206 1487 1810 1562">
     <span class='ocr_line' id='line_1_16' title="bbox 206 1487 1810 1562; baseline 0.001 -24"><span class='ocrx_word' id='word_1_103' title='bbox 206 1487 308 1547; x_wconf 84' lang='grc' dir='ltr'><strong>ζειν</strong></span> <span class='ocrx_word' id='word_1_104' title='bbox 355 1495 460 1538; x_wconf 82' lang='grc' dir='ltr'><strong>τῶν</strong></span> <span class='ocrx_word' id='word_1_105' title='bbox 523 1507 670 1549; x_wconf 89' lang='grc' dir='ltr'><strong>τινας</strong></span> <span class='ocrx_word' id='word_1_106' title='bbox 717 1490 1001 1562; x_wconf 81' lang='grc' dir='ltr'><strong>ἱερωμένων</strong></span> <span class='ocrx_word' id='word_1_107' title='bbox 1067 1487 1279 1540; x_wconf 80' lang='grc' dir='ltr'><strong>ἐπύθετο</strong></span> <span class='ocrx_word' id='word_1_108' title='bbox 1312 1509 1324 1522; x_wconf 80' lang='grc' dir='ltr'><strong>ο</strong></span> <span class='ocrx_word' id='word_1_109' title='bbox 1381 1487 1510 1540; x_wconf 82' lang='grc' dir='ltr'><strong>ἀλλὰ</strong></span> <span class='ocrx_word' id='word_1_110' title='bbox 1578 1495 1668 1540; x_wconf 88' lang='grc' dir='ltr'>καὶ</span> <span class='ocrx_word' id='word_1_111' title='bbox 1739 1487 1810 1548; x_wconf 82' lang='grc' dir='ltr'>εἰς</span> 
     </span>
    </p>
   </div>
   <div class='ocr_carea' id='block_1_17' title="bbox 209 1573 1810 1653">
    <p class='ocr_par' dir='ltr' id='par_1_17' title="bbox 209 1573 1810 1653">
     <span class='ocr_line' id='line_1_17' title="bbox 209 1573 1810 1653; baseline 0.001 -25"><span class='ocrx_word' id='word_1_112' title='bbox 209 1575 402 1651; x_wconf 79' lang='grc' dir='ltr'><strong>ἑτέρους</strong></span> <span class='ocrx_word' id='word_1_113' title='bbox 453 1573 563 1635; x_wconf 76' lang='grc' dir='ltr'>ἤδη</span> <span class='ocrx_word' id='word_1_114' title='bbox 605 1583 701 1636; x_wconf 79' lang='grc' dir='ltr'>τήν</span> <span class='ocrx_word' id='word_1_115' title='bbox 742 1583 894 1631; x_wconf 82' lang='grc' dir='ltr'><strong>νόσον</strong></span> <span class='ocrx_word' id='word_1_116' title='bbox 933 1580 1127 1636; x_wconf 78' lang='grc' dir='ltr'><strong>ταύτην</strong></span> <span class='ocrx_word' id='word_1_117' title='bbox 1180 1579 1510 1653; x_wconf 72' lang='grc' dir='ltr'><strong>ὐφέρπουσαν</strong></span> <span class='ocrx_word' id='word_1_118' title='bbox 1556 1581 1810 1651; x_wconf 75' lang='grc' dir='ltr'><strong>κατεμάν-</strong></span> 
     </span>
    </p>
   </div>
   <div class='ocr_carea' id='block_1_18' title="bbox 216 1663 1812 1742">
    <p class='ocr_par' dir='ltr' id='par_1_18' title="bbox 216 1663 1812 1742">
     <span class='ocr_line' id='line_1_18' title="bbox 216 1663 1812 1742; baseline 0.001 -24"><span class='ocrx_word' id='word_1_119' title='bbox 216 1667 373 1727; x_wconf 71' lang='grc' dir='ltr'><strong>θσοιεν,</strong></span> <span class='ocrx_word' id='word_1_120' title='bbox 431 1667 495 1724; x_wconf 67' lang='grc' dir='ltr'>ἣν</span> <span class='ocrx_word' id='word_1_121' title='bbox 555 1663 835 1742; x_wconf 80' lang='grc' dir='ltr'><strong>δυσέριδές</strong></span> <span class='ocrx_word' id='word_1_122' title='bbox 882 1686 1016 1729; x_wconf 88' lang='grc' dir='ltr'><strong>τινες</strong></span> <span class='ocrx_word' id='word_1_123' title='bbox 1069 1671 1158 1720; x_wconf 85' lang='grc' dir='ltr'>καὶ</span> <span class='ocrx_word' id='word_1_124' title='bbox 1211 1667 1487 1739; x_wconf 75' lang='grc' dir='ltr'>φιλόνεικοι</span> <span class='ocrx_word' id='word_1_125' title='bbox 1547 1669 1812 1742; x_wconf 79' lang='grc' dir='ltr'><strong>ἄνθρωποι</strong></span> 
     </span>
    </p>
   </div>
   <div class='ocr_carea' id='block_1_19' title="bbox 1922 509 3565 582">
    <p class='ocr_par' dir='ltr' id='par_1_19' title="bbox 1922 509 3565 582">
     <span class='ocr_line' id='line_1_19' title="bbox 1922 509 3565 582; baseline 0.001 -16"><span class='ocrx_word' id='word_1_126' title='bbox 1922 513 2039 566; x_wconf 89' lang='lat' dir='ltr'>tem</span> <span class='ocrx_word' id='word_1_127' title='bbox 2075 510 2379 582; x_wconf 85' lang='lat' dir='ltr'>synodum</span> <span class='ocrx_word' id='word_1_128' title='bbox 2403 510 2897 581; x_wconf 88' lang='lat' dir='ltr'>congregandam</span> <span class='ocrx_word' id='word_1_129' title='bbox 2930 509 3306 579; x_wconf 85' lang='lat' dir='ltr'>judicaverit.</span> <span class='ocrx_word' id='word_1_130' title='bbox 3355 510 3565 568; x_wconf 83' lang='lat' dir='ltr'>Statim</span> 
     </span>
    </p>
   </div>
   <div class='ocr_carea' id='block_1_20' title="bbox 1921 599 3568 672">
    <p class='ocr_par' dir='ltr' id='par_1_20' title="bbox 1921 599 3568 672">
     <span class='ocr_line' id='line_1_20' title="bbox 1921 599 3568 672; baseline 0 -16"><span class='ocrx_word' id='word_1_131' title='bbox 1921 615 1991 656; x_wconf 90' lang='lat' dir='ltr'>ac</span> <span class='ocrx_word' id='word_1_132' title='bbox 2045 601 2205 656; x_wconf 89' lang='lat' dir='ltr'>enim</span> <span class='ocrx_word' id='word_1_133' title='bbox 2254 599 2563 670; x_wconf 83' lang='lat' dir='ltr'>intellexit,</span> <span class='ocrx_word' id='word_1_134' title='bbox 2622 600 2963 656; x_wconf 86' lang='lat' dir='ltr'>sacerdotes</span> <span class='ocrx_word' id='word_1_135' title='bbox 3013 599 3316 672; x_wconf 88' lang='lat' dir='ltr'>quosdam</span> <span class='ocrx_word' id='word_1_136' title='bbox 3368 600 3568 657; x_wconf 80' lang='lat' dir='ltr'>fovere</span> 
     </span>
    </p>
   </div>
   <div class='ocr_carea' id='block_1_21' title="bbox 1922 687 3569 763">
    <p class='ocr_par' dir='ltr' id='par_1_21' title="bbox 1922 687 3569 763">
     <span class='ocr_line' id='line_1_21' title="bbox 1922 687 3569 763; baseline 0 -17"><span class='ocrx_word' id='word_1_137' title='bbox 1922 689 2128 746; x_wconf 85' lang='lat' dir='ltr'>animo</span> <span class='ocrx_word' id='word_1_138' title='bbox 2168 705 2236 745; x_wconf 93' lang='lat' dir='ltr'>ac</span> <span class='ocrx_word' id='word_1_139' title='bbox 2285 689 2484 745; x_wconf 85' lang='lat' dir='ltr'>verbis</span> <span class='ocrx_word' id='word_1_140' title='bbox 2537 689 2926 762; x_wconf 85' lang='lat' dir='ltr'>pronuntiare</span> <span class='ocrx_word' id='word_1_141' title='bbox 2971 687 3241 746; x_wconf 89' lang='lat' dir='ltr'>absurda</span> <span class='ocrx_word' id='word_1_142' title='bbox 3286 689 3569 763; x_wconf 80' lang='lat' dir='ltr'>quaedam</span> 
     </span>
    </p>
   </div>
   <div class='ocr_carea' id='block_1_22' title="bbox 1922 777 3570 849">
    <p class='ocr_par' dir='ltr' id='par_1_22' title="bbox 1922 777 3570 849">
     <span class='ocr_line' id='line_1_22' title="bbox 1922 777 3570 849; baseline -0.001 -15"><span class='ocrx_word' id='word_1_143' title='bbox 1922 779 2211 849; x_wconf 84' lang='lat' dir='ltr'>dogmata</span> <span class='ocrx_word' id='word_1_144' title='bbox 2253 783 2310 834; x_wconf 89' lang='lat' dir='ltr'>et</span> <span class='ocrx_word' id='word_1_145' title='bbox 2351 795 2387 834; x_wconf 93' lang='lat' dir='ltr'>a</span> <span class='ocrx_word' id='word_1_146' title='bbox 2434 783 2598 835; x_wconf 91' lang='lat' dir='ltr'>recta</span> <span class='ocrx_word' id='word_1_147' title='bbox 2647 777 2766 834; x_wconf 87' lang='lat' dir='ltr'>ﬁde</span> <span class='ocrx_word' id='word_1_148' title='bbox 2807 778 3193 835; x_wconf 81' lang='lat' dir='ltr'>abhorrentia</span> <span class='ocrx_word' id='word_1_149' title='bbox 3235 779 3393 836; x_wconf 90' lang='lat' dir='ltr'>circa</span> <span class='ocrx_word' id='word_1_150' title='bbox 3421 777 3570 835; x_wconf 92' lang='lat' dir='ltr'>illud</span> 
     </span>
    </p>
   </div>
   <div class='ocr_carea' id='block_1_23' title="bbox 1921 868 3570 943">
    <p class='ocr_par' dir='ltr' id='par_1_23' title="bbox 1921 868 3570 943">
     <span class='ocr_line' id='line_1_23' title="bbox 1921 868 3570 943; baseline -0.002 -18"><span class='ocrx_word' id='word_1_151' title='bbox 1921 869 2087 943; x_wconf 92' lang='lat' dir='ltr'>quod</span> <span class='ocrx_word' id='word_1_152' title='bbox 2143 868 2431 924; x_wconf 85' lang='lat' dir='ltr'>Dominus</span> <span class='ocrx_word' id='word_1_153' title='bbox 2481 870 2638 924; x_wconf 88' lang='lat' dir='ltr'>Deus</span> <span class='ocrx_word' id='word_1_154' title='bbox 2694 884 2764 924; x_wconf 91' lang='lat' dir='ltr'>ac</span> <span class='ocrx_word' id='word_1_155' title='bbox 2810 869 3084 924; x_wconf 89' lang='lat' dir='ltr'>Servator</span> <span class='ocrx_word' id='word_1_156' title='bbox 3135 872 3338 924; x_wconf 86' lang='lat' dir='ltr'>noster</span> <span class='ocrx_word' id='word_1_157' title='bbox 3397 871 3570 924; x_wconf 82' lang='lat' dir='ltr'>Jesus</span> 
     </span>
    </p>
   </div>
   <div class='ocr_carea' id='block_1_24' title="bbox 1922 957 3570 1030">
    <p class='ocr_par' dir='ltr' id='par_1_24' title="bbox 1922 957 3570 1030">
     <span class='ocr_line' id='line_1_24' title="bbox 1922 957 3570 1030; baseline -0.001 -16"><span class='ocrx_word' id='word_1_158' title='bbox 1922 959 2186 1014; x_wconf 86' lang='lat' dir='ltr'>Christus</span> <span class='ocrx_word' id='word_1_159' title='bbox 2216 975 2339 1013; x_wconf 85' lang='lat' dir='ltr'>suae</span> <span class='ocrx_word' id='word_1_160' title='bbox 2372 957 2671 1030; x_wconf 86' lang='lat' dir='ltr'>passionis</span> <span class='ocrx_word' id='word_1_161' title='bbox 2717 961 2984 1030; x_wconf 90' lang='lat' dir='ltr'>tempore</span> <span class='ocrx_word' id='word_1_162' title='bbox 3031 973 3138 1029; x_wconf 89' lang='lat' dir='ltr'>pro</span> <span class='ocrx_word' id='word_1_163' title='bbox 3181 960 3570 1029; x_wconf 88' lang='lat' dir='ltr'>peccatorum</span> 
     </span>
    </p>
   </div>
   <div class='ocr_carea' id='block_1_25' title="bbox 1922 1046 3569 1120">
    <p class='ocr_par' dir='ltr' id='par_1_25' title="bbox 1922 1046 3569 1120">
     <span class='ocr_line' id='line_1_25' title="bbox 1922 1046 3569 1120; baseline -0.001 -17"><span class='ocrx_word' id='word_1_164' title='bbox 1922 1053 2263 1104; x_wconf 88' lang='lat' dir='ltr'>nostrorum</span> <span class='ocrx_word' id='word_1_165' title='bbox 2285 1047 2706 1120; x_wconf 82' lang='lat' dir='ltr'>propitiatione</span> <span class='ocrx_word' id='word_1_166' title='bbox 2729 1047 2940 1103; x_wconf 80' lang='lat' dir='ltr'>obtulit</span> <span class='ocrx_word' id='word_1_167' title='bbox 2957 1046 3320 1102; x_wconf 87' lang='lat' dir='ltr'>sacriﬁcium</span> <span class='ocrx_word' id='word_1_168' title='bbox 3341 1046 3569 1118; x_wconf 86' lang='lat' dir='ltr'>proprii</span> 
     </span>
    </p>
   </div>
   <div class='ocr_carea' id='block_1_26' title="bbox 1920 1134 3569 1210">
    <p class='ocr_par' dir='ltr' id='par_1_26' title="bbox 1920 1134 3569 1210">
     <span class='ocr_line' id='line_1_26' title="bbox 1920 1134 3569 1210; baseline -0.002 -17"><span class='ocrx_word' id='word_1_169' title='bbox 1920 1138 2188 1210; x_wconf 82' lang='lat' dir='ltr'>corporis</span> <span class='ocrx_word' id='word_1_170' title='bbox 2215 1138 2667 1210; x_wconf 85' lang='lat' dir='ltr'>sanguinisque,</span> <span class='ocrx_word' id='word_1_171' title='bbox 2699 1152 2811 1193; x_wconf 93' lang='lat' dir='ltr'>nec</span> <span class='ocrx_word' id='word_1_172' title='bbox 2841 1152 2965 1192; x_wconf 92' lang='lat' dir='ltr'>non</span> <span class='ocrx_word' id='word_1_173' title='bbox 3018 1136 3175 1192; x_wconf 89' lang='lat' dir='ltr'>circa</span> <span class='ocrx_word' id='word_1_174' title='bbox 3225 1135 3373 1192; x_wconf 92' lang='lat' dir='ltr'>illud</span> <span class='ocrx_word' id='word_1_175' title='bbox 3399 1134 3569 1208; x_wconf 90' lang='lat' dir='ltr'>quod</span> 
     </span>
    </p>
   </div>
   <div class='ocr_carea' id='block_1_27' title="bbox 1919 1223 3570 1300">
    <p class='ocr_par' dir='ltr' id='par_1_27' title="bbox 1919 1223 3570 1300">
     <span class='ocr_line' id='line_1_27' title="bbox 1919 1223 3570 1300; baseline -0.002 -17"><span class='ocrx_word' id='word_1_176' title='bbox 1919 1227 1984 1284; x_wconf 88' lang='lat' dir='ltr'>ﬁt</span> <span class='ocrx_word' id='word_1_177' title='bbox 1998 1226 2268 1300; x_wconf 86' lang='lat' dir='ltr'>quotidie</span> <span class='ocrx_word' id='word_1_178' title='bbox 2294 1226 2355 1282; x_wconf 90' lang='lat' dir='ltr'>in</span> <span class='ocrx_word' id='word_1_179' title='bbox 2377 1242 2552 1282; x_wconf 90' lang='lat' dir='ltr'>sacra</span> <span class='ocrx_word' id='word_1_180' title='bbox 2573 1226 2944 1283; x_wconf 87' lang='lat' dir='ltr'>viviﬁcorum</span> <span class='ocrx_word' id='word_1_181' title='bbox 2965 1225 3391 1298; x_wconf 86' lang='lat' dir='ltr'>mysteriorum</span> <span class='ocrx_word' id='word_1_182' title='bbox 3406 1223 3570 1280; x_wconf 82' lang='lat' dir='ltr'>litur-</span> 
     </span>
    </p>
   </div>
   <div class='ocr_carea' id='block_1_28' title="bbox 1921 1312 3568 1386">
    <p class='ocr_par' dir='ltr' id='par_1_28' title="bbox 1921 1312 3568 1386">
     <span class='ocr_line' id='line_1_28' title="bbox 1921 1312 3568 1386; baseline -0.001 -14"><span class='ocrx_word' id='word_1_183' title='bbox 1921 1318 2018 1385; x_wconf 89' lang='lat' dir='ltr'>gia</span> <span class='ocrx_word' id='word_1_184' title='bbox 2072 1334 2110 1373; x_wconf 89' lang='lat' dir='ltr'>a</span> <span class='ocrx_word' id='word_1_185' title='bbox 2168 1316 2604 1381; x_wconf 78' lang='lat' dir='ltr'>sacerdotibus,</span> <span class='ocrx_word' id='word_1_186' title='bbox 2647 1315 2822 1386; x_wconf 85' lang='lat' dir='ltr'>cujus</span> <span class='ocrx_word' id='word_1_187' title='bbox 2866 1314 2951 1370; x_wconf 88' lang='lat' dir='ltr'>rei</span> <span class='ocrx_word' id='word_1_188' title='bbox 3000 1313 3226 1370; x_wconf 89' lang='lat' dir='ltr'>initium</span> <span class='ocrx_word' id='word_1_189' title='bbox 3269 1312 3404 1370; x_wconf 89' lang='lat' dir='ltr'>fecit</span> <span class='ocrx_word' id='word_1_190' title='bbox 3441 1313 3568 1386; x_wconf 92' lang='lat' dir='ltr'>ipse</span> 
     </span>
    </p>
   </div>
   <div class='ocr_carea' id='block_1_29' title="bbox 1917 1403 3568 1476">
    <p class='ocr_par' dir='ltr' id='par_1_29' title="bbox 1917 1403 3568 1476">
     <span class='ocr_line' id='line_1_29' title="bbox 1917 1403 3568 1476; baseline -0.001 -15"><span class='ocrx_word' id='word_1_191' title='bbox 1917 1408 2086 1462; x_wconf 86' lang='lat' dir='ltr'>Jesus</span> <span class='ocrx_word' id='word_1_192' title='bbox 2116 1406 2176 1460; x_wconf 92' lang='lat' dir='ltr'>in</span> <span class='ocrx_word' id='word_1_193' title='bbox 2219 1421 2392 1461; x_wconf 90' lang='lat' dir='ltr'>sacra</span> <span class='ocrx_word' id='word_1_194' title='bbox 2423 1420 2616 1472; x_wconf 79' lang='lat' dir='ltr'>coena,</span> <span class='ocrx_word' id='word_1_195' title='bbox 2649 1408 2714 1460; x_wconf 88' lang='lat' dir='ltr'>ut</span> <span class='ocrx_word' id='word_1_196' title='bbox 2739 1408 2949 1460; x_wconf 90' lang='lat' dir='ltr'>sancta</span> <span class='ocrx_word' id='word_1_197' title='bbox 2979 1407 3035 1460; x_wconf 93' lang='lat' dir='ltr'>et</span> <span class='ocrx_word' id='word_1_198' title='bbox 3063 1419 3099 1460; x_wconf 91' lang='lat' dir='ltr'>a</span> <span class='ocrx_word' id='word_1_199' title='bbox 3126 1406 3243 1459; x_wconf 93' lang='lat' dir='ltr'>Deo</span> <span class='ocrx_word' id='word_1_200' title='bbox 3272 1403 3568 1476; x_wconf 89' lang='lat' dir='ltr'>inspirata</span> 
     </span>
    </p>
   </div>
   <div class='ocr_carea' id='block_1_30' title="bbox 1919 1492 3567 1567">
    <p class='ocr_par' dir='ltr' id='par_1_30' title="bbox 1919 1492 3567 1567">
     <span class='ocr_line' id='line_1_30' title="bbox 1919 1492 3567 1567; baseline -0.002 -15"><span class='ocrx_word' id='word_1_201' title='bbox 1919 1495 2244 1564; x_wconf 83' lang='lat' dir='ltr'>Evangelia</span> <span class='ocrx_word' id='word_1_202' title='bbox 2263 1499 2547 1562; x_wconf 90' lang='lat' dir='ltr'>narrant;</span> <span class='ocrx_word' id='word_1_203' title='bbox 2575 1510 2837 1567; x_wconf 91' lang='lat' dir='ltr'>cumque</span> <span class='ocrx_word' id='word_1_204' title='bbox 2867 1492 2948 1550; x_wconf 86' lang='lat' dir='ltr'>ad</span> <span class='ocrx_word' id='word_1_205' title='bbox 2986 1492 3136 1548; x_wconf 90' lang='lat' dir='ltr'>alios</span> <span class='ocrx_word' id='word_1_206' title='bbox 3159 1509 3406 1566; x_wconf 91' lang='lat' dir='ltr'>quoque</span> <span class='ocrx_word' id='word_1_207' title='bbox 3435 1509 3567 1550; x_wconf 90' lang='lat' dir='ltr'>ma-</span> 
     </span>
    </p>
   </div>
   <div class='ocr_carea' id='block_1_31' title="bbox 1917 1584 3568 1656">
    <p class='ocr_par' dir='ltr' id='par_1_31' title="bbox 1917 1584 3568 1656">
     <span class='ocr_line' id='line_1_31' title="bbox 1917 1584 3568 1656; baseline -0.001 -14"><span class='ocrx_word' id='word_1_208' title='bbox 1917 1601 2064 1642; x_wconf 87' lang='lat' dir='ltr'>nare</span> <span class='ocrx_word' id='word_1_209' title='bbox 2095 1585 2319 1642; x_wconf 88' lang='lat' dir='ltr'>sensim</span> <span class='ocrx_word' id='word_1_210' title='bbox 2351 1584 2637 1642; x_wconf 89' lang='lat' dir='ltr'>morbum</span> <span class='ocrx_word' id='word_1_211' title='bbox 2661 1585 2825 1641; x_wconf 90' lang='lat' dir='ltr'>hunc</span> <span class='ocrx_word' id='word_1_212' title='bbox 2855 1584 3258 1654; x_wconf 84' lang='lat' dir='ltr'>cognovisset,</span> <span class='ocrx_word' id='word_1_213' title='bbox 3286 1599 3409 1656; x_wconf 93' lang='lat' dir='ltr'>quo</span> <span class='ocrx_word' id='word_1_214' title='bbox 3439 1601 3568 1640; x_wconf 88' lang='lat' dir='ltr'>mo-</span> 
     </span>
    </p>
   </div>
   <div class='ocr_carea' id='block_1_32' title="bbox 1919 1674 3572 1749">
    <p class='ocr_par' dir='ltr' id='par_1_32' title="bbox 1919 1674 3572 1749">
     <span class='ocr_line' id='line_1_32' title="bbox 1919 1674 3572 1749; baseline 0 -17"><span class='ocrx_word' id='word_1_215' title='bbox 1919 1676 2040 1732; x_wconf 87' lang='lat' dir='ltr'>rosi</span> <span class='ocrx_word' id='word_1_216' title='bbox 2069 1675 2322 1749; x_wconf 89' lang='lat' dir='ltr'>quidam</span> <span class='ocrx_word' id='word_1_217' title='bbox 2350 1675 2824 1749; x_wconf 88' lang='lat' dir='ltr'>contentiosique</span> <span class='ocrx_word' id='word_1_218' title='bbox 2847 1674 3128 1731; x_wconf 90' lang='lat' dir='ltr'>homines</span> <span class='ocrx_word' id='word_1_219' title='bbox 3157 1678 3380 1731; x_wconf 85' lang='lat' dir='ltr'>temere</span> <span class='ocrx_word' id='word_1_220' title='bbox 3405 1675 3572 1732; x_wconf 89' lang='lat' dir='ltr'>labo-</span> 
     </span>
    </p>
   </div>
   <div class='ocr_carea' id='block_1_33' title="bbox 216 1755 1816 1837">
    <p class='ocr_par' dir='ltr' id='par_1_33' title="bbox 216 1755 1810 1830">
     <span class='ocr_line' id='line_1_33' title="bbox 216 1755 1810 1830; baseline 0.001 -23"><span class='ocrx_word' id='word_1_221' title='bbox 216 1755 302 1807; x_wconf 74' lang='grc' dir='ltr'>οὐκ</span> <span class='ocrx_word' id='word_1_222' title='bbox 351 1758 509 1826; x_wconf 86' lang='grc' dir='ltr'><strong>ῖσμεν</strong></span> <span class='ocrx_word' id='word_1_223' title='bbox 573 1757 710 1817; x_wconf 87' lang='grc' dir='ltr'><strong>ὅπως</strong></span> <span class='ocrx_word' id='word_1_224' title='bbox 785 1755 1137 1830; x_wconf 77' lang='grc' dir='ltr'><strong>φρενοϐλαϐὡς</strong></span> <span class='ocrx_word' id='word_1_225' title='bbox 1206 1761 1572 1825; x_wconf 77' lang='grc' dir='ltr'><strong>νενοσηκασιν,</strong></span> <span class='ocrx_word' id='word_1_226' title='bbox 1645 1759 1810 1810; x_wconf 78' lang='grc' dir='ltr'><strong>ἔνθεον</strong></span> 
     </span>
    </p>
   </div>
   <div class='ocr_carea' id='block_1_34' title="bbox 1927 1755 3569 1837">
    <p class='ocr_par' dir='ltr' id='par_1_34' title="bbox 1927 1764 3569 1837">
     <span class='ocr_line' id='line_1_34' title="bbox 1927 1764 3569 1837; baseline -0.001 -17"><span class='ocrx_word' id='word_1_227' title='bbox 1927 1764 2165 1832; x_wconf 89' lang='lat' dir='ltr'>rabant;</span> <span class='ocrx_word' id='word_1_228' title='bbox 2194 1764 2399 1820; x_wconf 89' lang='lat' dir='ltr'>divino</span> <span class='ocrx_word' id='word_1_229' title='bbox 2423 1765 2620 1822; x_wconf 87' lang='lat' dir='ltr'>statim</span> <span class='ocrx_word' id='word_1_230' title='bbox 2634 1764 2757 1821; x_wconf 92' lang='lat' dir='ltr'>zelo</span> <span class='ocrx_word' id='word_1_231' title='bbox 2784 1768 3116 1837; x_wconf 90' lang='lat' dir='ltr'>correptus,</span> <span class='ocrx_word' id='word_1_232' title='bbox 3138 1780 3248 1836; x_wconf 91' lang='lat' dir='ltr'>pro</span> <span class='ocrx_word' id='word_1_233' title='bbox 3266 1780 3376 1821; x_wconf 90' lang='lat' dir='ltr'>suo</span> <span class='ocrx_word' id='word_1_234' title='bbox 3395 1767 3569 1820; x_wconf 69' lang='lat' dir='ltr'>recite</span> 
     </span>
    </p>
   </div>
   <div class='ocr_carea' id='block_1_35' title="bbox 218 1842 1812 1920">
    <p class='ocr_par' dir='ltr' id='par_1_35' title="bbox 218 1842 1812 1920">
     <span class='ocr_line' id='line_1_35' title="bbox 218 1842 1812 1920; baseline 0.001 -26"><span class='ocrx_word' id='word_1_235' title='bbox 218 1843 364 1904; x_wconf 73' lang='grc' dir='ltr'><strong>ζῆλον</strong></span> <span class='ocrx_word' id='word_1_236' title='bbox 434 1842 704 1896; x_wconf 79' lang='grc' dir='ltr'><strong>ἀναλαϐὼν</strong></span> <span class='ocrx_word' id='word_1_237' title='bbox 763 1845 941 1906; x_wconf 84' lang='grc' dir='ltr'><strong>ὁποῖος</strong></span> <span class='ocrx_word' id='word_1_238' title='bbox 1002 1844 1152 1907; x_wconf 81' lang='grc' dir='ltr'><strong>οὗτος</strong></span> <span class='ocrx_word' id='word_1_239' title='bbox 1222 1848 1289 1897; x_wconf 86' lang='grc' dir='ltr'>τά</span> <span class='ocrx_word' id='word_1_240' title='bbox 1351 1849 1477 1920; x_wconf 89' lang='grc' dir='ltr'><strong>πρὸς</strong></span> <span class='ocrx_word' id='word_1_241' title='bbox 1553 1845 1812 1898; x_wconf 87' lang='grc' dir='ltr'><strong>εὐσέϐειαν</strong></span> 
     </span>
    </p>
   </div>
   <div class='ocr_carea' id='block_1_36' title="bbox 220 1930 1156 2007">
    <p class='ocr_par' dir='ltr' id='par_1_36' title="bbox 220 1930 1156 2007">
     <span class='ocr_line' id='line_1_36' title="bbox 220 1930 1156 2007; baseline 0.002 -23"><span class='ocrx_word' id='word_1_242' title='bbox 220 1933 454 1994; x_wconf 74' lang='grc' dir='ltr'><strong>ζηλωτής</strong></span> <span class='ocrx_word' id='word_1_243' title='bbox 519 1941 595 2004; x_wconf 85' lang='grc' dir='ltr'><strong>τῷ</strong></span> <span class='ocrx_word' id='word_1_244' title='bbox 662 1937 775 1985; x_wconf 81' lang='grc' dir='ltr'><strong>ὄντι</strong></span> <span class='ocrx_word' id='word_1_245' title='bbox 849 1930 1104 2007; x_wconf 81' lang='grc' dir='ltr'><strong>διάπυρος</strong></span> <span class='ocrx_word' id='word_1_246' title='bbox 1142 1951 1156 1965; x_wconf 77' lang='grc' dir='ltr'><strong>ο</strong></span> 
     </span>
    </p>
   </div>
   <div class='ocr_carea' id='block_1_37' title="bbox 221 2021 1815 2098">
    <p class='ocr_par' dir='ltr' id='par_1_37' title="bbox 221 2021 1815 2098">
     <span class='ocr_line' id='line_1_37' title="bbox 221 2021 1815 2098; baseline 0.001 -24"><span class='ocrx_word' id='word_1_247' title='bbox 221 2022 366 2074; x_wconf 77' lang='grc' dir='ltr'><strong>εἰπὼν</strong></span> <span class='ocrx_word' id='word_1_248' title='bbox 452 2021 717 2096; x_wconf 75' lang='grc' dir='ltr'><strong>ἐρρῶσθαι</strong></span> <span class='ocrx_word' id='word_1_249' title='bbox 799 2026 922 2082; x_wconf 84' lang='grc' dir='ltr'><strong>τέως</strong></span> <span class='ocrx_word' id='word_1_250' title='bbox 1012 2027 1444 2095; x_wconf 86' lang='grc' dir='ltr'><strong>κατεπειγούσαις</strong></span> <span class='ocrx_word' id='word_1_251' title='bbox 1537 2032 1815 2098; x_wconf 83' lang='grc' dir='ltr'><strong>κοσμικαῖς</strong></span> 
     </span>
    </p>
   </div>
   <div class='ocr_carea' id='block_1_38' title="bbox 219 2111 1814 2187">
    <p class='ocr_par' dir='ltr' id='par_1_38' title="bbox 219 2111 1814 2187">
     <span class='ocr_line' id='line_1_38' title="bbox 219 2111 1814 2187; baseline 0.003 -25"><span class='ocrx_word' id='word_1_252' title='bbox 219 2111 543 2178; x_wconf 64' lang='grc' dir='ltr'><strong>ὑποθέσεσιν,</strong></span> <span class='ocrx_word' id='word_1_253' title='bbox 600 2112 772 2164; x_wconf 81' lang='grc' dir='ltr'><strong>ὁπόσα</strong></span> <span class='ocrx_word' id='word_1_254' title='bbox 827 2114 1016 2164; x_wconf 86' lang='grc' dir='ltr'><strong>τούτου</strong></span> <span class='ocrx_word' id='word_1_255' title='bbox 1067 2115 1126 2164; x_wconf 87' lang='grc' dir='ltr'>τό</span> <span class='ocrx_word' id='word_1_256' title='bbox 1181 2113 1345 2166; x_wconf 84' lang='grc' dir='ltr'><strong>ἔνθεον</strong></span> <span class='ocrx_word' id='word_1_257' title='bbox 1393 2114 1575 2187; x_wconf 76' lang='grc' dir='ltr'><strong>κράτος</strong></span> <span class='ocrx_word' id='word_1_258' title='bbox 1633 2112 1814 2166; x_wconf 84' lang='grc' dir='ltr'><strong>ἀλλεπ-</strong></span> 
     </span>
    </p>
   </div>
   <div class='ocr_carea' id='block_1_39' title="bbox 222 2197 1815 2274">
    <p class='ocr_par' dir='ltr' id='par_1_39' title="bbox 222 2197 1815 2274">
     <span class='ocr_line' id='line_1_39' title="bbox 222 2197 1815 2274; baseline 0.002 -24"><span class='ocrx_word' id='word_1_259' title='bbox 222 2197 441 2260; x_wconf 77' lang='grc' dir='ltr'><strong>αλληλως</strong></span> <span class='ocrx_word' id='word_1_260' title='bbox 489 2199 962 2274; x_wconf 80' lang='grc' dir='ltr'><strong>περιστοιχίζουσι</strong></span> <span class='ocrx_word' id='word_1_261' title='bbox 991 2218 1004 2232; x_wconf 93' lang='grc'><strong>·</strong></span> <span class='ocrx_word' id='word_1_262' title='bbox 1047 2208 1200 2254; x_wconf 89' lang='grc' dir='ltr'><strong>τοῦτο</strong></span> <span class='ocrx_word' id='word_1_263' title='bbox 1247 2199 1403 2253; x_wconf 81' lang='grc' dir='ltr'><strong>έκεῖνο</strong></span> <span class='ocrx_word' id='word_1_264' title='bbox 1446 2206 1504 2254; x_wconf 81' lang='grc' dir='ltr'>τό</span> <span class='ocrx_word' id='word_1_265' title='bbox 1552 2200 1600 2254; x_wconf 80' lang='grc' dir='ltr'>ἐν</span> <span class='ocrx_word' id='word_1_266' title='bbox 1643 2202 1815 2274; x_wconf 85' lang='grc' dir='ltr'><strong>Εὐαγ-</strong></span> 
     </span>
    </p>
   </div>
   <div class='ocr_carea' id='block_1_40' title="bbox 218 2284 1817 2366">
    <p class='ocr_par' dir='ltr' id='par_1_40' title="bbox 218 2284 1817 2366">
     <span class='ocr_line' id='line_1_40' title="bbox 218 2284 1817 2366; baseline 0.003 -27"><span class='ocrx_word' id='word_1_267' title='bbox 218 2287 400 2357; x_wconf 82' lang='grc' dir='ltr'><strong>γελίοις</strong></span> <span class='ocrx_word' id='word_1_268' title='bbox 461 2284 515 2340; x_wconf 79' lang='grc' dir='ltr'><strong>εὖ</strong></span> <span class='ocrx_word' id='word_1_269' title='bbox 586 2297 747 2340; x_wconf 87' lang='grc' dir='ltr'><strong>ποιῶν</strong></span> <span class='ocrx_word' id='word_1_270' title='bbox 812 2293 903 2342; x_wconf 80' lang='grc' dir='ltr'><strong>καὶ</strong></span> <span class='ocrx_word' id='word_1_271' title='bbox 961 2289 1114 2350; x_wconf 86' lang='grc' dir='ltr'><strong>αὐτὸς</strong></span> <span class='ocrx_word' id='word_1_272' title='bbox 1163 2289 1507 2343; x_wconf 84' lang='grc' dir='ltr'><strong>εὐσεϐέστατα</strong></span> <span class='ocrx_word' id='word_1_273' title='bbox 1565 2293 1817 2366; x_wconf 81' lang='grc' dir='ltr'><strong>συνεπρά-</strong></span> 
     </span>
    </p>
   </div>
   <div class='ocr_carea' id='block_1_41' title="bbox 221 2375 1816 2453">
    <p class='ocr_par' dir='ltr' id='par_1_41' title="bbox 221 2375 1816 2453">
     <span class='ocr_line' id='line_1_41' title="bbox 221 2375 1816 2453; baseline 0.003 -25"><span class='ocrx_word' id='word_1_274' title='bbox 221 2376 336 2438; x_wconf 79' lang='grc' dir='ltr'><strong>ξατο</strong></span> <span class='ocrx_word' id='word_1_275' title='bbox 380 2395 394 2411; x_wconf 89' lang='grc'><strong>·</strong></span> <span class='ocrx_word' id='word_1_276' title='bbox 458 2375 782 2440; x_wconf 70' lang='grc' dir='ltr'><strong>ἐξαπέστειλε</strong></span> <span class='ocrx_word' id='word_1_277' title='bbox 845 2381 964 2439; x_wconf 81' lang='grc' dir='ltr'><strong>τοὺς</strong></span> <span class='ocrx_word' id='word_1_278' title='bbox 1034 2377 1283 2451; x_wconf 86' lang='grc' dir='ltr'><strong>ἀγγέλους</strong></span> <span class='ocrx_word' id='word_1_279' title='bbox 1340 2379 1500 2433; x_wconf 85' lang='grc' dir='ltr'><strong>αὐτοῦ</strong></span> <span class='ocrx_word' id='word_1_280' title='bbox 1555 2380 1816 2453; x_wconf 88' lang='grc' dir='ltr'><strong>συγκαλέ-</strong></span> 
     </span>
    </p>
   </div>
   <div class='ocr_carea' id='block_1_42' title="bbox 221 2466 1814 2542">
    <p class='ocr_par' dir='ltr' id='par_1_42' title="bbox 221 2466 1814 2542">
     <span class='ocr_line' id='line_1_42' title="bbox 221 2466 1814 2542; baseline 0.004 -24"><span class='ocrx_word' id='word_1_281' title='bbox 221 2468 413 2520; x_wconf 82' lang='grc' dir='ltr'><strong>σασθαι</strong></span> <span class='ocrx_word' id='word_1_282' title='bbox 437 2470 562 2528; x_wconf 82' lang='grc' dir='ltr'><strong>τοὺς</strong></span> <span class='ocrx_word' id='word_1_283' title='bbox 618 2466 956 2530; x_wconf 80' lang='grc' dir='ltr'><strong>συλλέξοντας</strong></span> <span class='ocrx_word' id='word_1_284' title='bbox 1006 2467 1064 2520; x_wconf 80' lang='grc' dir='ltr'><strong>ἐκ</strong></span> <span class='ocrx_word' id='word_1_285' title='bbox 1092 2476 1185 2520; x_wconf 86' lang='grc' dir='ltr'>τοῦ</span> <span class='ocrx_word' id='word_1_286' title='bbox 1233 2472 1397 2542; x_wconf 89' lang='grc' dir='ltr'><strong>μέσου</strong></span> <span class='ocrx_word' id='word_1_287' title='bbox 1430 2477 1599 2522; x_wconf 83' lang='grc' dir='ltr'><strong>ταῦτα</strong></span> <span class='ocrx_word' id='word_1_288' title='bbox 1639 2467 1814 2529; x_wconf 81' lang='grc' dir='ltr'><strong>δήπου</strong></span> 
     </span>
    </p>
   </div>
   <div class='ocr_carea' id='block_1_43' title="bbox 218 2551 1818 2631">
    <p class='ocr_par' dir='ltr' id='par_1_43' title="bbox 218 2551 1818 2631">
     <span class='ocr_line' id='line_1_43' title="bbox 218 2551 1818 2631; baseline 0.004 -24"><span class='ocrx_word' id='word_1_289' title='bbox 218 2558 280 2607; x_wconf 72' lang='grc' dir='ltr'><strong>τὰ</strong></span> <span class='ocrx_word' id='word_1_290' title='bbox 309 2551 584 2608; x_wconf 76' lang='grc' dir='ltr'><strong>σκάνδαλα</strong></span> <span class='ocrx_word' id='word_1_291' title='bbox 619 2559 862 2619; x_wconf 78' lang='grc' dir='ltr'><strong>καὶτοὺς</strong></span> <span class='ocrx_word' id='word_1_292' title='bbox 908 2565 1189 2620; x_wconf 82' lang='grc' dir='ltr'><strong>ποιοῦντας</strong></span> <span class='ocrx_word' id='word_1_293' title='bbox 1216 2562 1312 2616; x_wconf 79' lang='grc' dir='ltr'><strong>τὴν</strong></span> <span class='ocrx_word' id='word_1_294' title='bbox 1361 2557 1576 2631; x_wconf 81' lang='grc' dir='ltr'><strong>ἀνομίαν</strong></span> <span class='ocrx_word' id='word_1_295' title='bbox 1617 2573 1633 2590; x_wconf 78' lang='grc'>⁸</span> <span class='ocrx_word' id='word_1_296' title='bbox 1677 2556 1818 2613; x_wconf 86' lang='grc' dir='ltr'><strong>διότι</strong></span> 
     </span>
    </p>
   </div>
   <div class='ocr_carea' id='block_1_44' title="bbox 221 2644 1817 2719">
    <p class='ocr_par' dir='ltr' id='par_1_44' title="bbox 221 2644 1817 2719">
     <span class='ocr_line' id='line_1_44' title="bbox 221 2644 1817 2719; baseline 0.003 -23"><span class='ocrx_word' id='word_1_297' title='bbox 221 2649 419 2715; x_wconf 72' lang='grc' dir='ltr'><strong>γνόντες</strong></span> <span class='ocrx_word' id='word_1_298' title='bbox 491 2647 579 2697; x_wconf 84' lang='grc' dir='ltr'><strong>τὸν</strong></span> <span class='ocrx_word' id='word_1_299' title='bbox 635 2647 788 2714; x_wconf 80' lang='grc' dir='ltr'><strong>Θεὸν,</strong></span> <span class='ocrx_word' id='word_1_300' title='bbox 858 2644 964 2717; x_wconf 84' lang='grc' dir='ltr'><strong>οὐχ</strong></span> <span class='ocrx_word' id='word_1_301' title='bbox 1023 2647 1092 2707; x_wconf 82' lang='grc' dir='ltr'><strong>ὡς</strong></span> <span class='ocrx_word' id='word_1_302' title='bbox 1163 2650 1292 2699; x_wconf 79' lang='grc' dir='ltr'><strong>Θεὸν</strong></span> <span class='ocrx_word' id='word_1_303' title='bbox 1365 2644 1646 2719; x_wconf 74' lang='grc' dir='ltr'><strong>ἐδόξασαν,</strong></span> <span class='ocrx_word' id='word_1_304' title='bbox 1710 2647 1817 2701; x_wconf 85' lang='grc' dir='ltr'><strong>ἀλλ’</strong></span> 
     </span>
    </p>
   </div>
   <div class='ocr_carea' id='block_1_45' title="bbox 223 2731 1819 2808">
    <p class='ocr_par' dir='ltr' id='par_1_45' title="bbox 223 2731 1819 2808">
     <span class='ocr_line' id='line_1_45' title="bbox 223 2731 1819 2808; baseline 0.003 -23"><span class='ocrx_word' id='word_1_305' title='bbox 223 2732 620 2806; x_wconf 70' lang='grc' dir='ltr'><strong>ἐματαιώθησαν</strong></span> <span class='ocrx_word' id='word_1_306' title='bbox 664 2736 716 2786; x_wconf 72' lang='grc' dir='ltr'><strong>ἓν</strong></span> <span class='ocrx_word' id='word_1_307' title='bbox 773 2741 886 2794; x_wconf 88' lang='grc' dir='ltr'><strong>τοῖς</strong></span> <span class='ocrx_word' id='word_1_308' title='bbox 929 2731 1299 2808; x_wconf 69' lang='grc' dir='ltr'><strong>διαλογισμοῖς</strong></span> <span class='ocrx_word' id='word_1_309' title='bbox 1350 2736 1534 2806; x_wconf 89' lang='grc' dir='ltr'><strong>αὐτῶν,</strong></span> <span class='ocrx_word' id='word_1_310' title='bbox 1590 2736 1683 2789; x_wconf 82' lang='grc' dir='ltr'><strong>εἶτ’</strong></span> <span class='ocrx_word' id='word_1_311' title='bbox 1731 2736 1819 2789; x_wconf 79' lang='grc' dir='ltr'>οὖν</span> 
     </span>
    </p>
   </div>
   <div class='ocr_carea' id='block_1_46' title="bbox 227 2821 1820 2894">
    <p class='ocr_par' dir='ltr' id='par_1_46' title="bbox 227 2821 1820 2894">
     <span class='ocr_line' id='line_1_46' title="bbox 227 2821 1820 2894; baseline 0.002 -19"><span class='ocrx_word' id='word_1_312' title='bbox 227 2822 599 2894; x_wconf 71' lang='grc' dir='ltr'><strong>συλλογισμοῖς</strong></span> <span class='ocrx_word' id='word_1_313' title='bbox 655 2843 670 2857; x_wconf 89' lang='grc'><strong>·</strong></span> <span class='ocrx_word' id='word_1_314' title='bbox 729 2827 821 2876; x_wconf 82' lang='grc' dir='ltr'><strong>καὶ</strong></span> <span class='ocrx_word' id='word_1_315' title='bbox 890 2821 1172 2882; x_wconf 75' lang='grc' dir='ltr'><strong>ἓσκοτίσθη</strong></span> <span class='ocrx_word' id='word_1_316' title='bbox 1246 2827 1276 2883; x_wconf 82' lang='grc' dir='ltr'>ἡ</span> <span class='ocrx_word' id='word_1_317' title='bbox 1339 2823 1586 2888; x_wconf 85' lang='grc' dir='ltr'><strong>ἀσύνετος</strong></span> <span class='ocrx_word' id='word_1_318' title='bbox 1651 2825 1820 2879; x_wconf 86' lang='grc' dir='ltr'><strong>αὐτῶν</strong></span> 
     </span>
    </p>
   </div>
   <div class='ocr_carea' id='block_1_47' title="bbox 225 2906 1675 2990">
    <p class='ocr_par' dir='ltr' id='par_1_47' title="bbox 225 2906 1675 2990">
     <span class='ocr_line' id='line_1_47' title="bbox 225 2906 1675 2990; baseline 0.006 -28"><span class='ocrx_word' id='word_1_319' title='bbox 225 2906 441 2984; x_wconf 77' lang='grc' dir='ltr'><strong>καρδία,</strong></span> <span class='ocrx_word' id='word_1_320' title='bbox 479 2916 571 2964; x_wconf 84' lang='grc' dir='ltr'><strong>καὶ</strong></span> <span class='ocrx_word' id='word_1_321' title='bbox 609 2913 897 2984; x_wconf 69' lang='grc' dir='ltr'><strong>φάσκοντες</strong></span> <span class='ocrx_word' id='word_1_322' title='bbox 921 2910 1051 2966; x_wconf 86' lang='grc' dir='ltr'><strong>εἶναι</strong></span> <span class='ocrx_word' id='word_1_323' title='bbox 1092 2918 1243 2987; x_wconf 75' lang='grc' dir='ltr'><strong>σοφοὶ</strong></span> <span class='ocrx_word' id='word_1_324' title='bbox 1281 2912 1675 2990; x_wconf 76' lang='grc' dir='ltr'><strong>ἐμωράνθησαν.</strong></span> 
     </span>
    </p>
   </div>
   <div class='ocr_carea' id='block_1_48' title="bbox 293 2999 1822 3077">
    <p class='ocr_par' dir='ltr' id='par_1_48' title="bbox 293 2999 1822 3077">
     <span class='ocr_line' id='line_1_48' title="bbox 293 2999 1822 3077; baseline 0.004 -24"><span class='ocrx_word' id='word_1_325' title='bbox 293 2999 468 3053; x_wconf 76' lang='grc' dir='ltr'><strong>Ἔνθεν</strong></span> <span class='ocrx_word' id='word_1_326' title='bbox 525 3020 610 3053; x_wconf 91' lang='grc' dir='ltr'>τοι</span> <span class='ocrx_word' id='word_1_327' title='bbox 664 3006 755 3054; x_wconf 79' lang='grc' dir='ltr'>καὶ</span> <span class='ocrx_word' id='word_1_328' title='bbox 817 2999 866 3054; x_wconf 78' lang='grc' dir='ltr'>ίν</span> <span class='ocrx_word' id='word_1_329' title='bbox 921 3001 1054 3074; x_wconf 80' lang='grc' dir='ltr'><strong>ἁγίῳ</strong></span> <span class='ocrx_word' id='word_1_330' title='bbox 1109 3004 1566 3077; x_wconf 76' lang='grc' dir='ltr'><strong>συναθροισθέντες</strong></span> <span class='ocrx_word' id='word_1_331' title='bbox 1604 3006 1822 3067; x_wconf 79' lang='grc' dir='ltr'><strong>ἅπαντες</strong></span> 
     </span>
    </p>
   </div>
   <div class='ocr_carea' id='block_1_49' title="bbox 224 3086 1820 3163">
    <p class='ocr_par' dir='ltr' id='par_1_49' title="bbox 224 3086 1820 3163">
     <span class='ocr_line' id='line_1_49' title="bbox 224 3086 1820 3163; baseline 0.003 -22"><span class='ocrx_word' id='word_1_332' title='bbox 224 3092 474 3162; x_wconf 82' lang='grc' dir='ltr'><strong>πνεύματι</strong></span> <span class='ocrx_word' id='word_1_333' title='bbox 541 3091 732 3142; x_wconf 85' lang='grc' dir='ltr'><strong>ὀπόσοι</strong></span> <span class='ocrx_word' id='word_1_334' title='bbox 783 3097 844 3163; x_wconf 75' lang='grc' dir='ltr'>τῇ</span> <span class='ocrx_word' id='word_1_335' title='bbox 901 3086 1150 3163; x_wconf 79' lang='grc' dir='ltr'><strong>βασιλίδι</strong></span> <span class='ocrx_word' id='word_1_336' title='bbox 1194 3099 1295 3142; x_wconf 84' lang='grc' dir='ltr'>τῶν</span> <span class='ocrx_word' id='word_1_337' title='bbox 1342 3091 1535 3144; x_wconf 88' lang='grc' dir='ltr'><strong>πόλεων</strong></span> <span class='ocrx_word' id='word_1_338' title='bbox 1600 3092 1655 3145; x_wconf 78' lang='grc' dir='ltr'>ἐκ</span> <span class='ocrx_word' id='word_1_339' title='bbox 1721 3101 1820 3145; x_wconf 85' lang='grc' dir='ltr'><strong>τῶν</strong></span> 
     </span>
    </p>
   </div>
   <div class='ocr_carea' id='block_1_50' title="bbox 224 3177 1821 3256">
    <p class='ocr_par' dir='ltr' id='par_1_50' title="bbox 224 3177 1821 3256">
     <span class='ocr_line' id='line_1_50' title="bbox 224 3177 1821 3256; baseline 0.003 -26"><span class='ocrx_word' id='word_1_340' title='bbox 224 3177 439 3249; x_wconf 74' lang='grc' dir='ltr'><strong>ἔγγιστά</strong></span> <span class='ocrx_word' id='word_1_341' title='bbox 476 3198 531 3232; x_wconf 93' lang='grc' dir='ltr'>τε</span> <span class='ocrx_word' id='word_1_342' title='bbox 566 3185 658 3232; x_wconf 84' lang='grc' dir='ltr'>καὶ</span> <span class='ocrx_word' id='word_1_343' title='bbox 713 3179 892 3255; x_wconf 79' lang='grc' dir='ltr'><strong>πόῤῥω</strong></span> <span class='ocrx_word' id='word_1_344' title='bbox 939 3181 1136 3241; x_wconf 89' lang='grc' dir='ltr'><strong>ταύτης</strong></span> <span class='ocrx_word' id='word_1_345' title='bbox 1184 3179 1452 3254; x_wconf 72' lang='grc' dir='ltr'><strong>ἔπαρχιῶν</strong></span> <span class='ocrx_word' id='word_1_346' title='bbox 1485 3179 1821 3256; x_wconf 73' lang='grc' dir='ltr'><strong>ἐπιδεδημὴ-</strong></span> 
     </span>
    </p>
   </div>
   <div class='ocr_carea' id='block_1_51' title="bbox 221 3267 1824 3346">
    <p class='ocr_par' dir='ltr' id='par_1_51' title="bbox 221 3267 1824 3346">
     <span class='ocr_line' id='line_1_51' title="bbox 221 3267 1824 3346; baseline 0.004 -30"><span class='ocrx_word' id='word_1_347' title='bbox 221 3285 378 3338; x_wconf 74' lang='grc' dir='ltr'><strong>καμεν</strong></span> <span class='ocrx_word' id='word_1_348' title='bbox 431 3267 601 3341; x_wconf 77' lang='grc' dir='ltr'><strong>βουλῇ</strong></span> <span class='ocrx_word' id='word_1_349' title='bbox 651 3273 742 3320; x_wconf 78' lang='grc' dir='ltr'><strong>καὶ</strong></span> <span class='ocrx_word' id='word_1_350' title='bbox 811 3273 992 3341; x_wconf 77' lang='grc' dir='ltr'><strong>γνώμη</strong></span> <span class='ocrx_word' id='word_1_351' title='bbox 1068 3275 1160 3321; x_wconf 88' lang='grc' dir='ltr'>τοῦ</span> <span class='ocrx_word' id='word_1_352' title='bbox 1221 3267 1621 3346; x_wconf 81' lang='grc' dir='ltr'><strong>θεοκυϐερνὴτου</strong></span> <span class='ocrx_word' id='word_1_353' title='bbox 1677 3273 1824 3344; x_wconf 76' lang='grc' dir='ltr'><strong>ἡμῶν</strong></span> 
     </span>
    </p>
   </div>
   <div class='ocr_carea' id='block_1_52' title="bbox 223 3356 1819 3434">
    <p class='ocr_par' dir='ltr' id='par_1_52' title="bbox 223 3356 1819 3434">
     <span class='ocr_line' id='line_1_52' title="bbox 223 3356 1819 3434; baseline 0.004 -28"><span class='ocrx_word' id='word_1_354' title='bbox 223 3356 643 3432; x_wconf 65' lang='grc' dir='ltr'><strong>ανᾶτοκροὲτοροςο</strong></span> <span class='ocrx_word' id='word_1_355' title='bbox 700 3359 1102 3431; x_wconf 84' lang='grc' dir='ltr'><strong>προκαθημένου</strong></span> <span class='ocrx_word' id='word_1_356' title='bbox 1159 3361 1248 3430; x_wconf 74' lang='grc' dir='ltr'><strong>μὲν</strong></span> <span class='ocrx_word' id='word_1_357' title='bbox 1308 3367 1401 3411; x_wconf 83' lang='grc' dir='ltr'>τοῦ</span> <span class='ocrx_word' id='word_1_358' title='bbox 1456 3359 1628 3412; x_wconf 82' lang='grc' dir='ltr'><strong>ἐνθέου</strong></span> <span class='ocrx_word' id='word_1_359' title='bbox 1686 3363 1819 3434; x_wconf 69' lang='grc' dir='ltr'><strong>κρά-</strong></span> 
     </span>
    </p>
   </div>
   <div class='ocr_carea' id='block_1_53' title="bbox 220 3443 1824 3522">
    <p class='ocr_par' dir='ltr' id='par_1_53' title="bbox 220 3443 1824 3522">
     <span class='ocr_line' id='line_1_53' title="bbox 220 3443 1824 3522; baseline 0.003 -26"><span class='ocrx_word' id='word_1_360' title='bbox 220 3463 339 3507; x_wconf 83' lang='grc' dir='ltr'><strong>τους</strong></span> <span class='ocrx_word' id='word_1_361' title='bbox 391 3449 576 3513; x_wconf 75' lang='grc' dir='ltr'><strong>αύτοῦ,</strong></span> <span class='ocrx_word' id='word_1_362' title='bbox 631 3449 1031 3522; x_wconf 75' lang='grc' dir='ltr'><strong>παρισταμένης</strong></span> <span class='ocrx_word' id='word_1_363' title='bbox 1085 3443 1144 3499; x_wconf 72' lang='grc' dir='ltr'>δε</span> <span class='ocrx_word' id='word_1_364' title='bbox 1197 3455 1294 3509; x_wconf 83' lang='grc' dir='ltr'><strong>τῆς</strong></span> <span class='ocrx_word' id='word_1_365' title='bbox 1343 3448 1662 3520; x_wconf 76' lang='grc' dir='ltr'><strong>συγκλήτου,</strong></span> <span class='ocrx_word' id='word_1_366' title='bbox 1697 3446 1824 3501; x_wconf 85' lang='grc' dir='ltr'>ἀλλὰ</span> 
     </span>
    </p>
   </div>
   <div class='ocr_carea' id='block_1_54' title="bbox 219 3539 1820 3611">
    <p class='ocr_par' dir='ltr' id='par_1_54' title="bbox 219 3539 1820 3611">
     <span class='ocr_line' id='line_1_54' title="bbox 219 3539 1820 3611; baseline 0.002 -23"><span class='ocrx_word' id='word_1_367' title='bbox 219 3540 304 3588; x_wconf 75' lang='grc' dir='ltr'>καὶ</span> <span class='ocrx_word' id='word_1_368' title='bbox 354 3539 504 3609; x_wconf 74' lang='grc' dir='ltr'><strong>ἡμῶν</strong></span> <span class='ocrx_word' id='word_1_369' title='bbox 541 3545 644 3588; x_wconf 82' lang='grc' dir='ltr'><strong>τῶν</strong></span> <span class='ocrx_word' id='word_1_370' title='bbox 673 3545 1025 3611; x_wconf 83' lang='grc' dir='ltr'><strong>πατριαρχῶν</strong></span> <span class='ocrx_word' id='word_1_371' title='bbox 1086 3543 1178 3590; x_wconf 84' lang='grc' dir='ltr'>τοῦ</span> <span class='ocrx_word' id='word_1_372' title='bbox 1219 3539 1820 3610; x_wconf 78' lang='grc' dir='ltr'><strong>Κωνσταντινουπόλεως,</strong></span> 
     </span>
    </p>
   </div>
   <div class='ocr_carea' id='block_1_55' title="bbox 219 3627 1824 3704">
    <p class='ocr_par' dir='ltr' id='par_1_55' title="bbox 219 3627 1824 3704">
     <span class='ocr_line' id='line_1_55' title="bbox 219 3627 1824 3704; baseline 0.002 -25"><span class='ocrx_word' id='word_1_373' title='bbox 219 3632 439 3680; x_wconf 77' lang='grc' dir='ltr'><strong>καὶτοῦ</strong></span> <span class='ocrx_word' id='word_1_374' title='bbox 503 3627 874 3700; x_wconf 82' lang='grc' dir='ltr'><strong>Ἰεροσολύμων</strong></span> <span class='ocrx_word' id='word_1_375' title='bbox 931 3629 1001 3679; x_wconf 79' lang='grc' dir='ltr'><strong>τὰ</strong></span> <span class='ocrx_word' id='word_1_376' title='bbox 1056 3634 1152 3690; x_wconf 83' lang='grc' dir='ltr'><strong>τῆς</strong></span> <span class='ocrx_word' id='word_1_377' title='bbox 1201 3629 1490 3690; x_wconf 75' lang='grc' dir='ltr'><strong>ὑποθέσεως</strong></span> <span class='ocrx_word' id='word_1_378' title='bbox 1525 3637 1596 3702; x_wconf 83' lang='grc' dir='ltr'><strong>τῷ</strong></span> <span class='ocrx_word' id='word_1_379' title='bbox 1645 3631 1824 3704; x_wconf 77' lang='grc' dir='ltr'><strong>κράτει</strong></span> 
     </span>
    </p>
   </div>
   <div class='ocr_carea' id='block_1_56' title="bbox 1223 1935 1814 1997">
    <p class='ocr_par' dir='ltr' id='par_1_56' title="bbox 1223 1935 1814 1997">
     <span class='ocr_line' id='line_1_56' title="bbox 1223 1935 1814 1997; baseline 0 -11"><span class='ocrx_word' id='word_1_380' title='bbox 1223 1939 1313 1986; x_wconf 83' lang='grc' dir='ltr'>καὶ</span> <span class='ocrx_word' id='word_1_381' title='bbox 1374 1938 1574 1997; x_wconf 74' lang='grc' dir='ltr'><strong>πάσαις</strong></span> <span class='ocrx_word' id='word_1_382' title='bbox 1638 1935 1814 1996; x_wconf 80' lang='grc' dir='ltr'><strong>ἄλλαις</strong></span> 
     </span>
    </p>
   </div>
   <div class='ocr_carea' id='block_1_57' title="bbox 220 3713 1823 3791">
    <p class='ocr_par' dir='ltr' id='par_1_57' title="bbox 220 3713 1823 3791">
     <span class='ocr_line' id='line_1_57' title="bbox 220 3713 1823 3791; baseline 0.003 -24"><span class='ocrx_word' id='word_1_383' title='bbox 220 3720 404 3769; x_wconf 82' lang='grc' dir='ltr'><strong>τούτου</strong></span> <span class='ocrx_word' id='word_1_384' title='bbox 466 3713 912 3788; x_wconf 69' lang='grc' dir='ltr'><strong>ωνδιαιτὼντων,</strong></span> <span class='ocrx_word' id='word_1_385' title='bbox 987 3721 1078 3770; x_wconf 78' lang='grc' dir='ltr'>καὶ</span> <span class='ocrx_word' id='word_1_386' title='bbox 1123 3725 1215 3770; x_wconf 85' lang='grc' dir='ltr'>τοῦ</span> <span class='ocrx_word' id='word_1_387' title='bbox 1267 3717 1570 3791; x_wconf 69' lang='grc' dir='ltr'><strong>ὐποψηφίου</strong></span> <span class='ocrx_word' id='word_1_388' title='bbox 1595 3724 1823 3772; x_wconf 82' lang='grc' dir='ltr'><strong>Θεουπό-</strong></span> 
     </span>
    </p>
   </div>
   <div class='ocr_carea' id='block_1_58' title="bbox 215 3802 1823 3881">
    <p class='ocr_par' dir='ltr' id='par_1_58' title="bbox 215 3802 1823 3881">
     <span class='ocr_line' id='line_1_58' title="bbox 215 3802 1823 3881; baseline 0.001 -25"><span class='ocrx_word' id='word_1_389' title='bbox 215 3804 332 3868; x_wconf 76' lang='grc' dir='ltr'><strong>λιως</strong></span> <span class='ocrx_word' id='word_1_390' title='bbox 393 3807 727 3879; x_wconf 82' lang='grc' dir='ltr'><strong>Ἀντιοχείας</strong></span> <span class='ocrx_word' id='word_1_391' title='bbox 774 3802 1230 3880; x_wconf 78' lang='grc' dir='ltr'><strong>συνεδριάζοντος,</strong></span> <span class='ocrx_word' id='word_1_392' title='bbox 1283 3807 1342 3859; x_wconf 91' lang='grc' dir='ltr'><strong>οὐ</strong></span> <span class='ocrx_word' id='word_1_393' title='bbox 1380 3812 1484 3881; x_wconf 81' lang='grc' dir='ltr'><strong>μὴν</strong></span> <span class='ocrx_word' id='word_1_394' title='bbox 1523 3804 1648 3861; x_wconf 75' lang='grc' dir='ltr'><strong>οὐδὲ</strong></span> <span class='ocrx_word' id='word_1_395' title='bbox 1677 3809 1823 3880; x_wconf 78' lang='grc' dir='ltr'><strong>ἡμῶν</strong></span> 
     </span>
    </p>
   </div>
   <div class='ocr_carea' id='block_1_59' title="bbox 215 3895 1822 3972">
    <p class='ocr_par' dir='ltr' id='par_1_59' title="bbox 215 3895 1822 3972">
     <span class='ocr_line' id='line_1_59' title="bbox 215 3895 1822 3972; baseline 0 -24"><span class='ocrx_word' id='word_1_396' title='bbox 215 3905 308 3948; x_wconf 72' lang='grc' dir='ltr'><strong>τῶν</strong></span> <span class='ocrx_word' id='word_1_397' title='bbox 369 3895 832 3972; x_wconf 80' lang='grc' dir='ltr'><strong>ἀρχιεπισκόπων,</strong></span> <span class='ocrx_word' id='word_1_398' title='bbox 894 3903 989 3948; x_wconf 88' lang='grc' dir='ltr'>τοῦ</span> <span class='ocrx_word' id='word_1_399' title='bbox 1046 3895 1390 3970; x_wconf 87' lang='grc' dir='ltr'><strong>Βουλγαρίας,</strong></span> <span class='ocrx_word' id='word_1_400' title='bbox 1438 3902 1528 3950; x_wconf 81' lang='grc' dir='ltr'>καὶ</span> <span class='ocrx_word' id='word_1_401' title='bbox 1570 3903 1663 3949; x_wconf 89' lang='grc' dir='ltr'>τοῦ</span> <span class='ocrx_word' id='word_1_402' title='bbox 1712 3900 1822 3951; x_wconf 82' lang='grc' dir='ltr'>Κύ-</span> 
     </span>
    </p>
   </div>
   <div class='ocr_carea' id='block_1_60' title="bbox 218 3983 1820 4058">
    <p class='ocr_par' dir='ltr' id='par_1_60' title="bbox 218 3983 1820 4058">
     <span class='ocr_line' id='line_1_60' title="bbox 218 3983 1820 4058; baseline 0.001 -22"><span class='ocrx_word' id='word_1_403' title='bbox 218 4005 375 4057; x_wconf 76' lang='grc' dir='ltr'><strong>πρου,</strong></span> <span class='ocrx_word' id='word_1_404' title='bbox 411 3995 511 4046; x_wconf 77' lang='grc' dir='ltr'><strong>τῆς</strong></span> <span class='ocrx_word' id='word_1_405' title='bbox 560 3988 807 4046; x_wconf 77' lang='grc' dir='ltr'><strong>τοιαύτης</strong></span> <span class='ocrx_word' id='word_1_406' title='bbox 857 3984 1350 4058; x_wconf 81' lang='grc' dir='ltr'><strong>ἀπολιμπανομένων</strong></span> <span class='ocrx_word' id='word_1_407' title='bbox 1383 3983 1820 4055; x_wconf 75' lang='grc' dir='ltr'><strong>συνδιαιτήσεως,</strong></span> 
     </span>
    </p>
   </div>
   <div class='ocr_carea' id='block_1_61' title="bbox 217 4074 1814 4149">
    <p class='ocr_par' dir='ltr' id='par_1_61' title="bbox 217 4074 1814 4149">
     <span class='ocr_line' id='line_1_61' title="bbox 217 4074 1814 4149; baseline 0.001 -25"><span class='ocrx_word' id='word_1_408' title='bbox 217 4075 354 4128; x_wconf 72' lang='grc' dir='ltr'><strong>αὐτὰ</strong></span> <span class='ocrx_word' id='word_1_409' title='bbox 420 4074 590 4128; x_wconf 75' lang='grc' dir='ltr'><strong>ἓκεῖνα</strong></span> <span class='ocrx_word' id='word_1_410' title='bbox 649 4079 742 4127; x_wconf 80' lang='grc' dir='ltr'><strong>καὶ</strong></span> <span class='ocrx_word' id='word_1_411' title='bbox 796 4081 886 4126; x_wconf 87' lang='grc' dir='ltr'>νῦν</span> <span class='ocrx_word' id='word_1_412' title='bbox 952 4075 1351 4146; x_wconf 72' lang='grc' dir='ltr'><strong>ὁμοφρονοῦντες</strong></span> <span class='ocrx_word' id='word_1_413' title='bbox 1408 4074 1814 4149; x_wconf 80' lang='grc' dir='ltr'><strong>ἓπικρατύνομεν</strong></span> 
     </span>
    </p>
   </div>
   <div class='ocr_carea' id='block_1_62' title="bbox 214 4159 1822 4237">
    <p class='ocr_par' dir='ltr' id='par_1_62' title="bbox 214 4159 1822 4237">
     <span class='ocr_line' id='line_1_62' title="bbox 214 4159 1822 4237; baseline 0 -21"><span class='ocrx_word' id='word_1_414' title='bbox 214 4163 245 4216; x_wconf 73' lang='grc' dir='ltr'><strong>ἃ</strong></span> <span class='ocrx_word' id='word_1_415' title='bbox 307 4163 408 4216; x_wconf 86' lang='grc' dir='ltr'>κάν</span> <span class='ocrx_word' id='word_1_416' title='bbox 474 4173 552 4236; x_wconf 80' lang='grc' dir='ltr'><strong>τῷ</strong></span> <span class='ocrx_word' id='word_1_417' title='bbox 615 4167 868 4236; x_wconf 82' lang='grc' dir='ltr'><strong>γινομένῳ</strong></span> <span class='ocrx_word' id='word_1_418' title='bbox 951 4159 1214 4236; x_wconf 86' lang='grc' dir='ltr'><strong>συνοδικῷ</strong></span> <span class='ocrx_word' id='word_1_419' title='bbox 1281 4166 1614 4237; x_wconf 80' lang='grc' dir='ltr'><strong>σημειὼματι</strong></span> <span class='ocrx_word' id='word_1_420' title='bbox 1686 4166 1822 4216; x_wconf 82' lang='grc' dir='ltr'>κατά</span> 
     </span>
    </p>
   </div>
   <div class='ocr_carea' id='block_1_63' title="bbox 213 4251 1822 4330">
    <p class='ocr_par' dir='ltr' id='par_1_63' title="bbox 213 4251 1822 4330">
     <span class='ocr_line' id='line_1_63' title="bbox 213 4251 1822 4330; baseline 0.001 -24"><span class='ocrx_word' id='word_1_421' title='bbox 213 4261 304 4312; x_wconf 65' lang='grc' dir='ltr'><strong>τήν</strong></span> <span class='ocrx_word' id='word_1_422' title='bbox 342 4254 430 4320; x_wconf 76' lang='grc' dir='ltr'><strong>κς⁹</strong></span> <span class='ocrx_word' id='word_1_423' title='bbox 453 4262 549 4306; x_wconf 85' lang='grc' dir='ltr'>τοῦ</span> <span class='ocrx_word' id='word_1_424' title='bbox 588 4255 912 4328; x_wconf 86' lang='grc' dir='ltr'><strong>’Ῑανουαρίου</strong></span> <span class='ocrx_word' id='word_1_425' title='bbox 942 4257 1106 4326; x_wconf 83' lang='grc' dir='ltr'><strong>μηνὸς</strong></span> <span class='ocrx_word' id='word_1_426' title='bbox 1155 4263 1217 4314; x_wconf 77' lang='grc' dir='ltr'><strong>τῆ</strong></span> <span class='ocrx_word' id='word_1_427' title='bbox 1231 4275 1252 4317; x_wconf 93' lang='grc' dir='ltr'>ς</span> <span class='ocrx_word' id='word_1_428' title='bbox 1293 4251 1402 4314; x_wconf 82' lang='grc' dir='ltr'><strong>ἤδη</strong></span> <span class='ocrx_word' id='word_1_429' title='bbox 1458 4254 1822 4330; x_wconf 84' lang='grc' dir='ltr'><strong>παρελθούσης</strong></span> 
     </span>
    </p>
   </div>
   <div class='ocr_carea' id='block_1_64' title="bbox 213 4339 1822 4417">
    <p class='ocr_par' dir='ltr' id='par_1_64' title="bbox 213 4339 1822 4417">
     <span class='ocr_line' id='line_1_64' title="bbox 213 4339 1822 4417; baseline 0.002 -23"><span class='ocrx_word' id='word_1_430' title='bbox 213 4345 470 4417; x_wconf 68' lang='grc' dir='ltr'><strong>τετάρτης</strong></span> <span class='ocrx_word' id='word_1_431' title='bbox 545 4341 896 4415; x_wconf 78' lang='grc' dir='ltr'><strong>ἐπινεμήσεως</strong></span> <span class='ocrx_word' id='word_1_432' title='bbox 950 4349 1046 4396; x_wconf 85' lang='grc' dir='ltr'>τοῦ</span> <span class='ocrx_word' id='word_1_433' title='bbox 1117 4339 1297 4416; x_wconf 50' lang='grc' dir='ltr'><strong>,ςχξδ’</strong></span> <span class='ocrx_word' id='word_1_434' title='bbox 1362 4345 1528 4416; x_wconf 80' lang='grc' dir='ltr'><strong>ἔτους,</strong></span> <span class='ocrx_word' id='word_1_435' title='bbox 1595 4345 1644 4396; x_wconf 81' lang='grc' dir='ltr'><strong>οἱ</strong></span> <span class='ocrx_word' id='word_1_436' title='bbox 1706 4348 1822 4397; x_wconf 88' lang='grc' dir='ltr'><strong>τότε</strong></span> 
     </span>
    </p>
   </div>
   <div class='ocr_carea' id='block_1_65' title="bbox 217 4431 1816 4506">
    <p class='ocr_par' dir='ltr' id='par_1_65' title="bbox 217 4431 1816 4506">
     <span class='ocr_line' id='line_1_65' title="bbox 217 4431 1816 4506; baseline 0.001 -22"><span class='ocrx_word' id='word_1_437' title='bbox 217 4433 543 4494; x_wconf 69' lang='grc' dir='ltr'><strong>συνελθόντες</strong></span> <span class='ocrx_word' id='word_1_438' title='bbox 627 4431 678 4484; x_wconf 75' lang='grc' dir='ltr'><strong>ἕν</strong></span> <span class='ocrx_word' id='word_1_439' title='bbox 751 4439 814 4506; x_wconf 78' lang='grc' dir='ltr'>τῇ</span> <span class='ocrx_word' id='word_1_440' title='bbox 915 4431 1178 4506; x_wconf 73' lang='grc' dir='ltr'><strong>ἁγιωτάτῃ</strong></span> <span class='ocrx_word' id='word_1_441' title='bbox 1270 4433 1480 4506; x_wconf 78' lang='grc' dir='ltr'><strong>Μεγάλῃ</strong></span> <span class='ocrx_word' id='word_1_442' title='bbox 1562 4431 1816 4506; x_wconf 71' lang='grc' dir='ltr'><strong>ἐκκλησίᾳ</strong></span> 
     </span>
    </p>
   </div>
   <div class='ocr_carea' id='block_1_66' title="bbox 1921 1852 3573 1927">
    <p class='ocr_par' dir='ltr' id='par_1_66' title="bbox 1921 1852 3573 1927">
     <span class='ocr_line' id='line_1_66' title="bbox 1921 1852 3573 1927; baseline 0.001 -18"><span class='ocrx_word' id='word_1_443' title='bbox 1921 1853 2062 1909; x_wconf 87' lang='lat' dir='ltr'>ﬁdei</span> <span class='ocrx_word' id='word_1_444' title='bbox 2088 1853 2464 1910; x_wconf 85' lang='lat' dir='ltr'>inﬂammato</span> <span class='ocrx_word' id='word_1_445' title='bbox 2491 1869 2726 1922; x_wconf 91' lang='lat' dir='ltr'>amore;</span> <span class='ocrx_word' id='word_1_446' title='bbox 2759 1853 3033 1926; x_wconf 89' lang='lat' dir='ltr'>sepositis</span> <span class='ocrx_word' id='word_1_447' title='bbox 3064 1853 3302 1909; x_wconf 88' lang='lat' dir='ltr'>interim</span> <span class='ocrx_word' id='word_1_448' title='bbox 3330 1869 3466 1927; x_wconf 61' lang='lat' dir='ltr'>quae</span> <span class='ocrx_word' id='word_1_449' title='bbox 3487 1852 3573 1910; x_wconf 91' lang='lat' dir='ltr'>in-</span> 
     </span>
    </p>
   </div>
   <div class='ocr_carea' id='block_1_67' title="bbox 1923 1941 3570 2013">
    <p class='ocr_par' dir='ltr' id='par_1_67' title="bbox 1923 1941 3570 2013">
     <span class='ocr_line' id='line_1_67' title="bbox 1923 1941 3570 2013; baseline -0.001 -15"><span class='ocrx_word' id='word_1_450' title='bbox 1923 1942 2166 1998; x_wconf 87' lang='lat' dir='ltr'>stabant</span> <span class='ocrx_word' id='word_1_451' title='bbox 2215 1942 2540 1998; x_wconf 90' lang='lat' dir='ltr'>mundanis</span> <span class='ocrx_word' id='word_1_452' title='bbox 2580 1941 2776 2011; x_wconf 90' lang='lat' dir='ltr'>curis;</span> <span class='ocrx_word' id='word_1_453' title='bbox 2811 1943 2904 1999; x_wconf 90' lang='lat' dir='ltr'>his</span> <span class='ocrx_word' id='word_1_454' title='bbox 2947 1943 3106 2000; x_wconf 91' lang='lat' dir='ltr'>enim</span> <span class='ocrx_word' id='word_1_455' title='bbox 3147 1946 3390 1999; x_wconf 90' lang='lat' dir='ltr'>sanctus</span> <span class='ocrx_word' id='word_1_456' title='bbox 3439 1943 3570 2013; x_wconf 89' lang='lat' dir='ltr'>ejus</span> 
     </span>
    </p>
   </div>
   <div class='ocr_carea' id='block_1_68' title="bbox 1922 2031 3572 2104">
    <p class='ocr_par' dir='ltr' id='par_1_68' title="bbox 1922 2031 3572 2104">
     <span class='ocr_line' id='line_1_68' title="bbox 1922 2031 3572 2104; baseline 0 -16"><span class='ocrx_word' id='word_1_457' title='bbox 1922 2032 2174 2088; x_wconf 87' lang='lat' dir='ltr'>thronus</span> <span class='ocrx_word' id='word_1_458' title='bbox 2198 2031 2325 2086; x_wconf 90' lang='lat' dir='ltr'>sine</span> <span class='ocrx_word' id='word_1_459' title='bbox 2356 2031 2798 2087; x_wconf 88' lang='lat' dir='ltr'>intermissione</span> <span class='ocrx_word' id='word_1_460' title='bbox 2826 2031 3128 2104; x_wconf 86' lang='lat' dir='ltr'>pulsatur;</span> <span class='ocrx_word' id='word_1_461' title='bbox 3160 2031 3572 2103; x_wconf 83' lang='lat' dir='ltr'>evangelicum</span> 
     </span>
    </p>
   </div>
   <div class='ocr_carea' id='block_1_69' title="bbox 1922 2120 3572 2194">
    <p class='ocr_par' dir='ltr' id='par_1_69' title="bbox 1922 2120 3572 2194">
     <span class='ocr_line' id='line_1_69' title="bbox 1922 2120 3572 2194; baseline 0 -18"><span class='ocrx_word' id='word_1_462' title='bbox 1922 2120 2071 2177; x_wconf 91' lang='lat' dir='ltr'>illud</span> <span class='ocrx_word' id='word_1_463' title='bbox 2112 2121 2458 2194; x_wconf 86' lang='lat' dir='ltr'>exemplum</span> <span class='ocrx_word' id='word_1_464' title='bbox 2509 2125 2668 2177; x_wconf 90' lang='lat' dir='ltr'>recte</span> <span class='ocrx_word' id='word_1_465' title='bbox 2719 2137 2788 2177; x_wconf 92' lang='lat' dir='ltr'>ac</span> <span class='ocrx_word' id='word_1_466' title='bbox 2830 2121 3277 2192; x_wconf 83' lang='lat' dir='ltr'>religiosissime</span> <span class='ocrx_word' id='word_1_467' title='bbox 3335 2125 3572 2178; x_wconf 87' lang='lat' dir='ltr'>secutus</span> 
     </span>
    </p>
   </div>
   <div class='ocr_carea' id='block_1_70' title="bbox 1923 2210 3574 2283">
    <p class='ocr_par' dir='ltr' id='par_1_70' title="bbox 1923 2210 3574 2283">
     <span class='ocr_line' id='line_1_70' title="bbox 1923 2210 3574 2283; baseline -0.001 -15"><span class='ocrx_word' id='word_1_468' title='bbox 1923 2215 2030 2283; x_wconf 90' lang='lat' dir='ltr'>est,</span> <span class='ocrx_word' id='word_1_469' title='bbox 2063 2211 2336 2267; x_wconf 89' lang='lat' dir='ltr'>videlicet</span> <span class='ocrx_word' id='word_1_470' title='bbox 2371 2215 2438 2266; x_wconf 90' lang='lat' dir='ltr'>ut</span> <span class='ocrx_word' id='word_1_471' title='bbox 2467 2211 2714 2282; x_wconf 80' lang='lat' dir='ltr'>angelos</span> <span class='ocrx_word' id='word_1_472' title='bbox 2741 2227 2884 2267; x_wconf 89' lang='lat' dir='ltr'>suos</span> <span class='ocrx_word' id='word_1_473' title='bbox 2903 2211 3160 2268; x_wconf 89' lang='lat' dir='ltr'>mitteret</span> <span class='ocrx_word' id='word_1_474' title='bbox 3185 2210 3265 2269; x_wconf 91' lang='lat' dir='ltr'>ad</span> <span class='ocrx_word' id='word_1_475' title='bbox 3304 2210 3574 2267; x_wconf 89' lang='lat' dir='ltr'>tollenda</span> 
     </span>
    </p>
   </div>
   <div class='ocr_carea' id='block_1_71' title="bbox 1924 2299 3573 2375">
    <p class='ocr_par' dir='ltr' id='par_1_71' title="bbox 1924 2299 3573 2375">
     <span class='ocr_line' id='line_1_71' title="bbox 1924 2299 3573 2375; baseline -0.001 -18"><span class='ocrx_word' id='word_1_476' title='bbox 1924 2300 2000 2357; x_wconf 91' lang='lat' dir='ltr'>de</span> <span class='ocrx_word' id='word_1_477' title='bbox 2021 2301 2222 2357; x_wconf 91' lang='lat' dir='ltr'>medio</span> <span class='ocrx_word' id='word_1_478' title='bbox 2252 2300 2382 2356; x_wconf 87' lang='lat' dir='ltr'>haec</span> <span class='ocrx_word' id='word_1_479' title='bbox 2411 2300 2720 2367; x_wconf 90' lang='lat' dir='ltr'>scandala,</span> <span class='ocrx_word' id='word_1_480' title='bbox 2747 2305 2805 2357; x_wconf 91' lang='lat' dir='ltr'>et</span> <span class='ocrx_word' id='word_1_481' title='bbox 2845 2316 2947 2357; x_wconf 90' lang='lat' dir='ltr'>eos</span> <span class='ocrx_word' id='word_1_482' title='bbox 2982 2301 3088 2374; x_wconf 90' lang='lat' dir='ltr'>qui</span> <span class='ocrx_word' id='word_1_483' title='bbox 3115 2305 3436 2375; x_wconf 88' lang='lat' dir='ltr'>operantur</span> <span class='ocrx_word' id='word_1_484' title='bbox 3466 2299 3573 2356; x_wconf 36' lang='lat' dir='ltr'>ini‘</span> 
     </span>
    </p>
   </div>
   <div class='ocr_carea' id='block_1_72' title="bbox 1925 2389 3579 2464">
    <p class='ocr_par' dir='ltr' id='par_1_72' title="bbox 1925 2389 3579 2464">
     <span class='ocr_line' id='line_1_72' title="bbox 1925 2389 3579 2464; baseline 0 -18"><span class='ocrx_word' id='word_1_485' title='bbox 1925 2390 2215 2464; x_wconf 91' lang='lat' dir='ltr'>quitatem</span> <span class='ocrx_word' id='word_1_486' title='bbox 2241 2406 2252 2445; x_wconf 95' lang='lat'>:</span> <span class='ocrx_word' id='word_1_487' title='bbox 2286 2389 2391 2462; x_wconf 88' lang='lat' dir='ltr'>qui</span> <span class='ocrx_word' id='word_1_488' title='bbox 2421 2393 2814 2461; x_wconf 85' lang='lat' dir='ltr'>agnoscentes</span> <span class='ocrx_word' id='word_1_489' title='bbox 2838 2389 3089 2463; x_wconf 89' lang='lat' dir='ltr'>quidem</span> <span class='ocrx_word' id='word_1_490' title='bbox 3119 2393 3327 2460; x_wconf 89' lang='lat' dir='ltr'>Deum,</span> <span class='ocrx_word' id='word_1_491' title='bbox 3350 2405 3474 2446; x_wconf 90' lang='lat' dir='ltr'>non</span> <span class='ocrx_word' id='word_1_492' title='bbox 3491 2394 3579 2447; x_wconf 83' lang='lat' dir='ltr'>ta-</span> 
     </span>
    </p>
   </div>
   <div class='ocr_carea' id='block_1_73' title="bbox 1926 2479 3576 2554">
    <p class='ocr_par' dir='ltr' id='par_1_73' title="bbox 1926 2479 3576 2554">
     <span class='ocr_line' id='line_1_73' title="bbox 1926 2479 3576 2554; baseline -0.001 -18"><span class='ocrx_word' id='word_1_493' title='bbox 1926 2497 2068 2536; x_wconf 93' lang='lat' dir='ltr'>men</span> <span class='ocrx_word' id='word_1_494' title='bbox 2087 2481 2172 2537; x_wconf 90' lang='lat' dir='ltr'>uti</span> <span class='ocrx_word' id='word_1_495' title='bbox 2204 2483 2390 2536; x_wconf 92' lang='lat' dir='ltr'>Deum</span> <span class='ocrx_word' id='word_1_496' title='bbox 2415 2479 2854 2551; x_wconf 87' lang='lat' dir='ltr'>gloriﬁcabant,</span> <span class='ocrx_word' id='word_1_497' title='bbox 2893 2480 2999 2536; x_wconf 87' lang='lat' dir='ltr'>sed</span> <span class='ocrx_word' id='word_1_498' title='bbox 3019 2480 3080 2537; x_wconf 92' lang='lat' dir='ltr'>in</span> <span class='ocrx_word' id='word_1_499' title='bbox 3113 2480 3576 2554; x_wconf 86' lang='lat' dir='ltr'>cogitationibus</span> 
     </span>
    </p>
   </div>
   <div class='ocr_carea' id='block_1_74' title="bbox 1928 2569 3578 2643">
    <p class='ocr_par' dir='ltr' id='par_1_74' title="bbox 1928 2569 3578 2643">
     <span class='ocr_line' id='line_1_74' title="bbox 1928 2569 3578 2643; baseline -0.001 -17"><span class='ocrx_word' id='word_1_500' title='bbox 1928 2570 2050 2626; x_wconf 88' lang='lat' dir='ltr'>suis</span> <span class='ocrx_word' id='word_1_501' title='bbox 2068 2569 2558 2643; x_wconf 86' lang='lat' dir='ltr'>syllogismisque</span> <span class='ocrx_word' id='word_1_502' title='bbox 2577 2574 2968 2633; x_wconf 88' lang='lat' dir='ltr'>evanuerant,</span> <span class='ocrx_word' id='word_1_503' title='bbox 2996 2586 3259 2643; x_wconf 91' lang='lat' dir='ltr'>quorum</span> <span class='ocrx_word' id='word_1_504' title='bbox 3285 2569 3578 2643; x_wconf 89' lang='lat' dir='ltr'>insipiens</span> 
     </span>
    </p>
   </div>
   <div class='ocr_carea' id='block_1_75' title="bbox 1929 2659 3578 2734">
    <p class='ocr_par' dir='ltr' id='par_1_75' title="bbox 1929 2659 3578 2734">
     <span class='ocr_line' id='line_1_75' title="bbox 1929 2659 3578 2734; baseline 0.002 -20"><span class='ocrx_word' id='word_1_505' title='bbox 1929 2673 2031 2715; x_wconf 87' lang='lat' dir='ltr'>cor</span> <span class='ocrx_word' id='word_1_506' title='bbox 2051 2659 2442 2730; x_wconf 87' lang='lat' dir='ltr'>obscuratum</span> <span class='ocrx_word' id='word_1_507' title='bbox 2473 2664 2597 2716; x_wconf 91' lang='lat' dir='ltr'>erat</span> <span class='ocrx_word' id='word_1_508' title='bbox 2623 2678 2636 2730; x_wconf 92' lang='lat'><strong>;</strong></span> <span class='ocrx_word' id='word_1_509' title='bbox 2669 2663 2726 2718; x_wconf 90' lang='lat' dir='ltr'>et</span> <span class='ocrx_word' id='word_1_510' title='bbox 2753 2660 2902 2716; x_wconf 89' lang='lat' dir='ltr'>dum</span> <span class='ocrx_word' id='word_1_511' title='bbox 2929 2659 3231 2734; x_wconf 88' lang='lat' dir='ltr'>sapientes</span> <span class='ocrx_word' id='word_1_512' title='bbox 3257 2676 3318 2716; x_wconf 90' lang='lat' dir='ltr'>se</span> <span class='ocrx_word' id='word_1_513' title='bbox 3347 2659 3578 2718; x_wconf 85' lang='lat' dir='ltr'>dictita-</span> 
     </span>
    </p>
   </div>
   <div class='ocr_carea' id='block_1_76' title="bbox 1926 2747 2643 2819">
    <p class='ocr_par' dir='ltr' id='par_1_76' title="bbox 1926 2747 2643 2819">
     <span class='ocr_line' id='line_1_76' title="bbox 1926 2747 2643 2819; baseline -0.001 -14"><span class='ocrx_word' id='word_1_514' title='bbox 1926 2747 2094 2819; x_wconf 86' lang='lat' dir='ltr'>bant,</span> <span class='ocrx_word' id='word_1_515' title='bbox 2127 2747 2267 2806; x_wconf 89' lang='lat' dir='ltr'>facti</span> <span class='ocrx_word' id='word_1_516' title='bbox 2295 2751 2436 2806; x_wconf 90' lang='lat' dir='ltr'>sunt</span> <span class='ocrx_word' id='word_1_517' title='bbox 2462 2747 2643 2806; x_wconf 83' lang='lat' dir='ltr'>stulti.</span> 
     </span>
    </p>
   </div>
   <div class='ocr_carea' id='block_1_77' title="bbox 2002 2997 3581 3073">
    <p class='ocr_par' dir='ltr' id='par_1_77' title="bbox 2002 2997 3581 3073">
     <span class='ocr_line' id='line_1_77' title="bbox 2002 2997 3581 3073; baseline 0.001 -19"><span class='ocrx_word' id='word_1_518' title='bbox 2002 2997 2407 3064; x_wconf 85' lang='lat' dir='ltr'>Quamobrem</span> <span class='ocrx_word' id='word_1_519' title='bbox 2428 2997 2490 3054; x_wconf 92' lang='lat' dir='ltr'>in</span> <span class='ocrx_word' id='word_1_520' title='bbox 2512 3007 2722 3056; x_wconf 89' lang='lat' dir='ltr'>sancto</span> <span class='ocrx_word' id='word_1_521' title='bbox 2753 2999 3097 3070; x_wconf 90' lang='lat' dir='ltr'>congregati</span> <span class='ocrx_word' id='word_1_522' title='bbox 3128 2998 3347 3073; x_wconf 90' lang='lat' dir='ltr'>Spiritu</span> <span class='ocrx_word' id='word_1_523' title='bbox 3367 3015 3581 3057; x_wconf 91' lang='lat' dir='ltr'>omnes</span> 
     </span>
    </p>
   </div>
   <div class='ocr_carea' id='block_1_78' title="bbox 1863 3086 3581 3182">
    <p class='ocr_par' dir='ltr' id='par_1_78' title="bbox 1863 3086 3581 3182">
     <span class='ocr_line' id='line_1_78' title="bbox 1863 3086 3581 3182; baseline 0.002 -40"><span class='ocrx_word' id='word_1_524' title='bbox 1863 3125 1903 3182; x_wconf 73' lang='lat' dir='ltr'>c</span> <span class='ocrx_word' id='word_1_525' title='bbox 1930 3091 2230 3161; x_wconf 88' lang='lat' dir='ltr'>quotquot</span> <span class='ocrx_word' id='word_1_526' title='bbox 2256 3086 2650 3182; x_wconf 53' lang='lat' dir='ltr'>inihacregia</span> <span class='ocrx_word' id='word_1_527' title='bbox 2672 3088 2822 3144; x_wconf 90' lang='lat' dir='ltr'>urbe</span> <span class='ocrx_word' id='word_1_528' title='bbox 2849 3093 2907 3144; x_wconf 89' lang='lat' dir='ltr'>et</span> <span class='ocrx_word' id='word_1_529' title='bbox 2933 3089 2994 3144; x_wconf 90' lang='lat' dir='ltr'>in</span> <span class='ocrx_word' id='word_1_530' title='bbox 3016 3088 3309 3182; x_wconf 53' lang='lat' dir='ltr'>pronimis</span> <span class='ocrx_word' id='word_1_531' title='bbox 3349 3088 3581 3160; x_wconf 88' lang='lat' dir='ltr'>longin-</span> 
     </span>
    </p>
   </div>
   <div class='ocr_carea' id='block_1_79' title="bbox 1931 3176 3580 3250">
    <p class='ocr_par' dir='ltr' id='par_1_79' title="bbox 1931 3176 3580 3250">
     <span class='ocr_line' id='line_1_79' title="bbox 1931 3176 3580 3250; baseline 0.001 -18"><span class='ocrx_word' id='word_1_532' title='bbox 1931 3177 2191 3250; x_wconf 89' lang='lat' dir='ltr'>quisque</span> <span class='ocrx_word' id='word_1_533' title='bbox 2220 3176 2544 3249; x_wconf 87' lang='lat' dir='ltr'>provinciis</span> <span class='ocrx_word' id='word_1_534' title='bbox 2572 3191 2905 3245; x_wconf 88' lang='lat' dir='ltr'>versamur,</span> <span class='ocrx_word' id='word_1_535' title='bbox 2949 3178 3034 3234; x_wconf 90' lang='lat' dir='ltr'>sic</span> <span class='ocrx_word' id='word_1_536' title='bbox 3068 3176 3298 3234; x_wconf 88' lang='lat' dir='ltr'>volente</span> <span class='ocrx_word' id='word_1_537' title='bbox 3330 3193 3401 3234; x_wconf 90' lang='lat' dir='ltr'>ac</span> <span class='ocrx_word' id='word_1_538' title='bbox 3435 3193 3580 3234; x_wconf 86' lang='lat' dir='ltr'>cen-</span> 
     </span>
    </p>
   </div>
   <div class='ocr_carea' id='block_1_80' title="bbox 1933 3266 3581 3342">
    <p class='ocr_par' dir='ltr' id='par_1_80' title="bbox 1933 3266 3581 3342">
     <span class='ocr_line' id='line_1_80' title="bbox 1933 3266 3581 3342; baseline 0.002 -20"><span class='ocrx_word' id='word_1_539' title='bbox 1933 3271 2096 3323; x_wconf 91' lang='lat' dir='ltr'>sente</span> <span class='ocrx_word' id='word_1_540' title='bbox 2123 3282 2159 3322; x_wconf 87' lang='lat' dir='ltr'>a</span> <span class='ocrx_word' id='word_1_541' title='bbox 2180 3269 2299 3322; x_wconf 90' lang='lat' dir='ltr'>Deo</span> <span class='ocrx_word' id='word_1_542' title='bbox 2325 3266 2662 3337; x_wconf 89' lang='lat' dir='ltr'>gubernato</span> <span class='ocrx_word' id='word_1_543' title='bbox 2702 3267 3066 3339; x_wconf 86' lang='lat' dir='ltr'>imperatore</span> <span class='ocrx_word' id='word_1_544' title='bbox 3104 3272 3312 3325; x_wconf 89' lang='lat' dir='ltr'>nostro</span> <span class='ocrx_word' id='word_1_545' title='bbox 3338 3287 3350 3336; x_wconf 93' lang='lat'>;</span> <span class='ocrx_word' id='word_1_546' title='bbox 3374 3269 3581 3342; x_wconf 67' lang='lat' dir='ltr'>praesi-</span> 
     </span>
    </p>
   </div>
   <div class='ocr_carea' id='block_1_81' title="bbox 1932 3356 3584 3429">
    <p class='ocr_par' dir='ltr' id='par_1_81' title="bbox 1932 3356 3584 3429">
     <span class='ocr_line' id='line_1_81' title="bbox 1932 3356 3584 3429; baseline 0.001 -16"><span class='ocrx_word' id='word_1_547' title='bbox 1932 3357 2108 3413; x_wconf 90' lang='lat' dir='ltr'>dente</span> <span class='ocrx_word' id='word_1_548' title='bbox 2131 3361 2341 3413; x_wconf 90' lang='lat' dir='ltr'>sancta</span> <span class='ocrx_word' id='word_1_549' title='bbox 2363 3356 2674 3428; x_wconf 90' lang='lat' dir='ltr'>majestate</span> <span class='ocrx_word' id='word_1_550' title='bbox 2705 3357 2854 3429; x_wconf 88' lang='lat' dir='ltr'>ejus,</span> <span class='ocrx_word' id='word_1_551' title='bbox 2879 3361 3112 3415; x_wconf 89' lang='lat' dir='ltr'>astante</span> <span class='ocrx_word' id='word_1_552' title='bbox 3145 3363 3358 3415; x_wconf 88' lang='lat' dir='ltr'>senatu</span> <span class='ocrx_word' id='word_1_553' title='bbox 3383 3358 3584 3415; x_wconf 90' lang='lat' dir='ltr'>nobis-</span> 
     </span>
    </p>
   </div>
   <div class='ocr_carea' id='block_1_82' title="bbox 1931 3444 3580 3521">
    <p class='ocr_par' dir='ltr' id='par_1_82' title="bbox 1931 3444 3580 3521">
     <span class='ocr_line' id='line_1_82' title="bbox 1931 3444 3580 3521; baseline 0.002 -20"><span class='ocrx_word' id='word_1_554' title='bbox 1931 3461 2050 3520; x_wconf 90' lang='lat' dir='ltr'>que</span> <span class='ocrx_word' id='word_1_555' title='bbox 2071 3444 2428 3518; x_wconf 90' lang='lat' dir='ltr'>patriarchis</span> <span class='ocrx_word' id='word_1_556' title='bbox 2442 3446 3127 3519; x_wconf 85' lang='lat' dir='ltr'>Constantinopoleos,et</span> <span class='ocrx_word' id='word_1_557' title='bbox 3140 3448 3580 3521; x_wconf 83' lang='lat' dir='ltr'>Hierosolymo-</span> 
     </span>
    </p>
   </div>
   <div class='ocr_carea' id='block_1_83' title="bbox 1930 3535 3580 3609">
    <p class='ocr_par' dir='ltr' id='par_1_83' title="bbox 1930 3535 3580 3609">
     <span class='ocr_line' id='line_1_83' title="bbox 1930 3535 3580 3609; baseline 0.001 -17"><span class='ocrx_word' id='word_1_558' title='bbox 1930 3552 2088 3603; x_wconf 93' lang='lat' dir='ltr'>rum,</span> <span class='ocrx_word' id='word_1_559' title='bbox 2119 3535 2431 3606; x_wconf 84' lang='lat' dir='ltr'>negotium</span> <span class='ocrx_word' id='word_1_560' title='bbox 2477 3535 2593 3592; x_wconf 91' lang='lat' dir='ltr'>hoc</span> <span class='ocrx_word' id='word_1_561' title='bbox 2623 3552 2761 3592; x_wconf 92' lang='lat' dir='ltr'>cum</span> <span class='ocrx_word' id='word_1_562' title='bbox 2792 3537 3112 3608; x_wconf 89' lang='lat' dir='ltr'>majestate</span> <span class='ocrx_word' id='word_1_563' title='bbox 3163 3538 3292 3609; x_wconf 92' lang='lat' dir='ltr'>ejus</span> <span class='ocrx_word' id='word_1_564' title='bbox 3322 3537 3580 3608; x_wconf 88' lang='lat' dir='ltr'>gerenti-</span> 
     </span>
    </p>
   </div>
   <div class='ocr_carea' id='block_1_84' title="bbox 1929 3624 3582 3700">
    <p class='ocr_par' dir='ltr' id='par_1_84' title="bbox 1929 3624 3582 3700">
     <span class='ocr_line' id='line_1_84' title="bbox 1929 3624 3582 3700; baseline 0.001 -19"><span class='ocrx_word' id='word_1_565' title='bbox 1929 3624 2080 3695; x_wconf 60' lang='lat' dir='ltr'>busf;</span> <span class='ocrx_word' id='word_1_566' title='bbox 2107 3640 2218 3680; x_wconf 90' lang='lat' dir='ltr'>nec</span> <span class='ocrx_word' id='word_1_567' title='bbox 2239 3639 2362 3680; x_wconf 92' lang='lat' dir='ltr'>non</span> <span class='ocrx_word' id='word_1_568' title='bbox 2383 3624 2559 3680; x_wconf 90' lang='lat' dir='ltr'>nobis</span> <span class='ocrx_word' id='word_1_569' title='bbox 2589 3624 2879 3696; x_wconf 71' lang='lat' dir='ltr'>Bulgariaa</span> <span class='ocrx_word' id='word_1_570' title='bbox 2899 3630 2956 3682; x_wconf 90' lang='lat' dir='ltr'>et</span> <span class='ocrx_word' id='word_1_571' title='bbox 2977 3627 3152 3698; x_wconf 89' lang='lat' dir='ltr'>Cypri</span> <span class='ocrx_word' id='word_1_572' title='bbox 3185 3627 3582 3700; x_wconf 89' lang='lat' dir='ltr'>archiepisco-</span> 
     </span>
    </p>
   </div>
   <div class='ocr_carea' id='block_1_85' title="bbox 1931 3713 3583 3788">
    <p class='ocr_par' dir='ltr' id='par_1_85' title="bbox 1931 3713 3583 3788">
     <span class='ocr_line' id='line_1_85' title="bbox 1931 3713 3583 3788; baseline 0.001 -18"><span class='ocrx_word' id='word_1_573' title='bbox 1931 3715 2022 3787; x_wconf 90' lang='lat' dir='ltr'>pis</span> <span class='ocrx_word' id='word_1_574' title='bbox 2061 3713 2546 3787; x_wconf 76' lang='lat' dir='ltr'>cooperantihus,</span> <span class='ocrx_word' id='word_1_575' title='bbox 2579 3714 2914 3788; x_wconf 90' lang='lat' dir='ltr'>eademque</span> <span class='ocrx_word' id='word_1_576' title='bbox 2949 3716 3343 3772; x_wconf 87' lang='lat' dir='ltr'>sentientibus</span> <span class='ocrx_word' id='word_1_577' title='bbox 3392 3721 3450 3772; x_wconf 91' lang='lat' dir='ltr'>et</span> <span class='ocrx_word' id='word_1_578' title='bbox 3482 3716 3583 3772; x_wconf 86' lang='lat' dir='ltr'>fir-</span> 
     </span>
    </p>
   </div>
   <div class='ocr_carea' id='block_1_86' title="bbox 1931 3804 3583 3877">
    <p class='ocr_par' dir='ltr' id='par_1_86' title="bbox 1931 3804 3583 3877">
     <span class='ocr_line' id='line_1_86' title="bbox 1931 3804 3583 3877; baseline 0 -16"><span class='ocrx_word' id='word_1_579' title='bbox 1931 3804 2235 3861; x_wconf 89' lang='lat' dir='ltr'>mantibus</span> <span class='ocrx_word' id='word_1_580' title='bbox 2271 3820 2408 3877; x_wconf 68' lang='lat' dir='ltr'>quin</span> <span class='ocrx_word' id='word_1_581' title='bbox 2430 3808 2487 3860; x_wconf 91' lang='lat' dir='ltr'>et</span> <span class='ocrx_word' id='word_1_582' title='bbox 2512 3804 2574 3860; x_wconf 92' lang='lat' dir='ltr'>in</span> <span class='ocrx_word' id='word_1_583' title='bbox 2603 3805 2763 3861; x_wconf 83' lang='lat' dir='ltr'>Actis</span> <span class='ocrx_word' id='word_1_584' title='bbox 2796 3805 3100 3877; x_wconf 71' lang='lat' dir='ltr'>synodicis</span> <span class='ocrx_word' id='word_1_585' title='bbox 3142 3806 3237 3860; x_wconf 87' lang='lat' dir='ltr'>die</span> <span class='ocrx_word' id='word_1_586' title='bbox 3268 3809 3334 3860; x_wconf 89' lang='lat'>26</span> <span class='ocrx_word' id='word_1_587' title='bbox 3366 3808 3583 3862; x_wconf 86' lang='lat' dir='ltr'>Janua-</span> 
     </span>
    </p>
   </div>
   <div class='ocr_carea' id='block_1_87' title="bbox 1929 3893 3576 3967">
    <p class='ocr_par' dir='ltr' id='par_1_87' title="bbox 1929 3893 3576 3967">
     <span class='ocr_line' id='line_1_87' title="bbox 1929 3893 3576 3967; baseline -0.002 -17"><span class='ocrx_word' id='word_1_588' title='bbox 1929 3894 2020 3962; x_wconf 89' lang='lat' dir='ltr'>rii,</span> <span class='ocrx_word' id='word_1_589' title='bbox 2038 3898 2256 3967; x_wconf 89' lang='lat' dir='ltr'>quarta</span> <span class='ocrx_word' id='word_1_590' title='bbox 2271 3894 2403 3965; x_wconf 88' lang='lat' dir='ltr'>jam</span> <span class='ocrx_word' id='word_1_591' title='bbox 2429 3893 2727 3966; x_wconf 69' lang='lat' dir='ltr'>praeterita</span> <span class='ocrx_word' id='word_1_592' title='bbox 2751 3893 3096 3960; x_wconf 90' lang='lat' dir='ltr'>indictione,</span> <span class='ocrx_word' id='word_1_593' title='bbox 3121 3897 3576 3950; x_wconf 78' lang='lat' dir='ltr'>annoviocmum</span> 
     </span>
    </p>
   </div>
   <div class='ocr_carea' id='block_1_88' title="bbox 1931 3981 3574 4055">
    <p class='ocr_par' dir='ltr' id='par_1_88' title="bbox 1931 3981 3574 4055">
     <span class='ocr_line' id='line_1_88' title="bbox 1931 3981 3574 4055; baseline -0.001 -17"><span class='ocrx_word' id='word_1_594' title='bbox 1931 3983 2168 4055; x_wconf 88' lang='lat' dir='ltr'>(Christi</span> <span class='ocrx_word' id='word_1_595' title='bbox 2199 3987 2354 4042; x_wconf 73' lang='grc'>1156)</span> <span class='ocrx_word' id='word_1_596' title='bbox 2383 3985 2682 4054; x_wconf 87' lang='lat' dir='ltr'>quotquot</span> <span class='ocrx_word' id='word_1_597' title='bbox 2709 3986 2851 4037; x_wconf 90' lang='lat' dir='ltr'>tunc</span> <span class='ocrx_word' id='word_1_598' title='bbox 2881 3984 3294 4038; x_wconf 91' lang='lat' dir='ltr'>convenerunt</span> <span class='ocrx_word' id='word_1_599' title='bbox 3323 3981 3385 4037; x_wconf 92' lang='lat' dir='ltr'>in</span> <span class='ocrx_word' id='word_1_600' title='bbox 3439 3997 3574 4038; x_wconf 88' lang='lat' dir='ltr'>san-</span> 
     </span>
    </p>
   </div>
   <div class='ocr_carea' id='block_1_89' title="bbox 1930 4069 3571 4144">
    <p class='ocr_par' dir='ltr' id='par_1_89' title="bbox 1930 4069 3571 4144">
     <span class='ocr_line' id='line_1_89' title="bbox 1930 4069 3571 4144; baseline -0.001 -16"><span class='ocrx_word' id='word_1_601' title='bbox 1930 4072 2196 4128; x_wconf 89' lang='lat' dir='ltr'>ctissima</span> <span class='ocrx_word' id='word_1_602' title='bbox 2233 4086 2461 4140; x_wconf 85' lang='lat' dir='ltr'>magna</span> <span class='ocrx_word' id='word_1_603' title='bbox 2490 4069 2753 4126; x_wconf 88' lang='lat' dir='ltr'>Ecclesia</span> <span class='ocrx_word' id='word_1_604' title='bbox 2787 4069 3058 4143; x_wconf 92' lang='lat' dir='ltr'>episcopi</span> <span class='ocrx_word' id='word_1_605' title='bbox 3096 4070 3428 4144; x_wconf 89' lang='lat' dir='ltr'>reliquique</span> <span class='ocrx_word' id='word_1_606' title='bbox 3461 4071 3571 4127; x_wconf 90' lang='lat' dir='ltr'>ho-</span> 
     </span>
    </p>
   </div>
   <div class='ocr_carea' id='block_1_90' title="bbox 1929 4157 3574 4233">
    <p class='ocr_par' dir='ltr' id='par_1_90' title="bbox 1929 4157 3574 4233">
     <span class='ocr_line' id='line_1_90' title="bbox 1929 4157 3574 4233; baseline -0.001 -16"><span class='ocrx_word' id='word_1_607' title='bbox 1929 4161 2124 4217; x_wconf 92' lang='lat' dir='ltr'>mines</span> <span class='ocrx_word' id='word_1_608' title='bbox 2151 4160 2536 4233; x_wconf 84' lang='lat' dir='ltr'>(quibuscum</span> <span class='ocrx_word' id='word_1_609' title='bbox 2566 4162 2623 4214; x_wconf 86' lang='lat' dir='ltr'>et</span> <span class='ocrx_word' id='word_1_610' title='bbox 2667 4157 2941 4214; x_wconf 90' lang='lat' dir='ltr'>nonnulli</span> <span class='ocrx_word' id='word_1_611' title='bbox 2970 4175 3042 4215; x_wconf 86' lang='lat' dir='ltr'>ex</span> <span class='ocrx_word' id='word_1_612' title='bbox 3082 4159 3261 4215; x_wconf 87' lang='lat' dir='ltr'>nobis</span> <span class='ocrx_word' id='word_1_613' title='bbox 3308 4159 3574 4231; x_wconf 88' lang='lat' dir='ltr'>fuerunt)</span> 
     </span>
    </p>
   </div>
   <div class='ocr_carea' id='block_1_91' title="bbox 1930 4245 3578 4321">
    <p class='ocr_par' dir='ltr' id='par_1_91' title="bbox 1930 4245 3578 4321">
     <span class='ocr_line' id='line_1_91' title="bbox 1930 4245 3578 4321; baseline -0.001 -15"><span class='ocrx_word' id='word_1_614' title='bbox 1930 4249 2010 4306; x_wconf 90' lang='lat' dir='ltr'>ad</span> <span class='ocrx_word' id='word_1_615' title='bbox 2035 4248 2408 4321; x_wconf 90' lang='lat' dir='ltr'>propositam</span> <span class='ocrx_word' id='word_1_616' title='bbox 2426 4263 2461 4304; x_wconf 92' lang='lat' dir='ltr'>a</span> <span class='ocrx_word' id='word_1_617' title='bbox 2482 4245 2866 4303; x_wconf 89' lang='lat' dir='ltr'>sanctissimo</span> <span class='ocrx_word' id='word_1_618' title='bbox 2893 4245 3188 4304; x_wconf 81' lang='lat' dir='ltr'>confratre</span> <span class='ocrx_word' id='word_1_619' title='bbox 3209 4253 3415 4305; x_wconf 90' lang='lat' dir='ltr'>nostro</span> <span class='ocrx_word' id='word_1_620' title='bbox 3437 4251 3578 4305; x_wconf 81' lang='lat' dir='ltr'>Rus-</span> 
     </span>
    </p>
   </div>
   <div class='ocr_carea' id='block_1_92' title="bbox 1930 4335 3580 4410">
    <p class='ocr_par' dir='ltr' id='par_1_92' title="bbox 1930 4335 3580 4410">
     <span class='ocr_line' id='line_1_92' title="bbox 1930 4335 3580 4410; baseline 0 -15"><span class='ocrx_word' id='word_1_621' title='bbox 1930 4339 2031 4396; x_wconf 74' lang='lat' dir='ltr'>site</span> <span class='ocrx_word' id='word_1_622' title='bbox 2060 4336 2523 4410; x_wconf 88' lang='lat' dir='ltr'>metropolitano</span> <span class='ocrx_word' id='word_1_623' title='bbox 2545 4335 2942 4393; x_wconf 88' lang='lat' dir='ltr'>Constantino</span> <span class='ocrx_word' id='word_1_624' title='bbox 2961 4337 3360 4410; x_wconf 86' lang='lat' dir='ltr'>quaestionem</span> <span class='ocrx_word' id='word_1_625' title='bbox 3380 4337 3580 4395; x_wconf 89' lang='lat' dir='ltr'>ortho-</span> 
     </span>
    </p>
   </div>
   <div class='ocr_carea' id='block_1_93' title="bbox 1930 4425 2572 4500">
    <p class='ocr_par' dir='ltr' id='par_1_93' title="bbox 1930 4425 2572 4500">
     <span class='ocr_line' id='line_1_93' title="bbox 1930 4425 2572 4500; baseline -0.008 -14"><span class='ocrx_word' id='word_1_626' title='bbox 1930 4429 2087 4485; x_wconf 84' lang='lat' dir='ltr'>doxe</span> <span class='ocrx_word' id='word_1_627' title='bbox 2106 4425 2572 4500; x_wconf 88' lang='lat' dir='ltr'>responderunt.</span> 
     </span>
    </p>
   </div>
   <div class='ocr_carea' id='block_1_94' title="bbox 221 4514 3579 4598">
    <p class='ocr_par' dir='ltr' id='par_1_94' title="bbox 221 4514 3579 4598">
     <span class='ocr_line' id='line_1_94' title="bbox 221 4514 3579 4598; baseline -0.002 -22"><span class='ocrx_word' id='word_1_628' title='bbox 221 4522 492 4598; x_wconf 68' lang='grc' dir='ltr'><strong>ἱερώτατοι</strong></span> <span class='ocrx_word' id='word_1_629' title='bbox 525 4521 793 4597; x_wconf 76' lang='grc' dir='ltr'><strong>ἀρχιερεῖς</strong></span> <span class='ocrx_word' id='word_1_630' title='bbox 839 4525 932 4574; x_wconf 77' lang='grc' dir='ltr'>καὶ</span> <span class='ocrx_word' id='word_1_631' title='bbox 979 4520 1167 4592; x_wconf 82' lang='grc' dir='ltr'><strong>λοιποὶ,</strong></span> <span class='ocrx_word' id='word_1_632' title='bbox 1199 4521 1277 4584; x_wconf 78' lang='grc' dir='ltr'><strong>οἷς</strong></span> <span class='ocrx_word' id='word_1_633' title='bbox 1322 4526 1414 4575; x_wconf 84' lang='grc' dir='ltr'>καί</span> <span class='ocrx_word' id='word_1_634' title='bbox 1441 4541 1568 4584; x_wconf 90' lang='grc' dir='ltr'><strong>τινες</strong></span> <span class='ocrx_word' id='word_1_635' title='bbox 1607 4521 1660 4586; x_wconf 83' lang='grc' dir='ltr'><strong>έξ</strong></span> <span class='ocrx_word' id='word_1_636' title='bbox 1687 4524 1833 4595; x_wconf 76' lang='grc' dir='ltr'><strong>ἡμῶν</strong></span> <span class='ocrx_word' id='word_1_637' title='bbox 1861 4530 1932 4596; x_wconf 83' lang='grc' dir='ltr'><strong>τῷ</strong></span> <span class='ocrx_word' id='word_1_638' title='bbox 1960 4523 2075 4572; x_wconf 84' lang='grc' dir='ltr'><strong>τότε</strong></span> <span class='ocrx_word' id='word_1_639' title='bbox 2106 4516 2638 4591; x_wconf 68' lang='grc' dir='ltr'><strong>πμπαρελήφθησαν,</strong></span> <span class='ocrx_word' id='word_1_640' title='bbox 2669 4515 2733 4576; x_wconf 85' lang='grc' dir='ltr'><strong>ὡς</strong></span> <span class='ocrx_word' id='word_1_641' title='bbox 2778 4517 2905 4591; x_wconf 79' lang='grc' dir='ltr'><strong>πρὸς</strong></span> <span class='ocrx_word' id='word_1_642' title='bbox 2952 4514 3205 4591; x_wconf 78' lang='grc' dir='ltr'><strong>ἐρώτησιν</strong></span> <span class='ocrx_word' id='word_1_643' title='bbox 3235 4517 3579 4591; x_wconf 84' lang='grc' dir='ltr'><strong>εἰσαχθεῐσαν</strong></span> 
     </span>
    </p>
   </div>
   <div class='ocr_carea' id='block_1_95' title="bbox 219 4605 3578 4686">
    <p class='ocr_par' dir='ltr' id='par_1_95' title="bbox 219 4605 3578 4686">
     <span class='ocr_line' id='line_1_95' title="bbox 219 4605 3578 4686; baseline -0.002 -21"><span class='ocrx_word' id='word_1_644' title='bbox 219 4614 273 4664; x_wconf 81' lang='grc' dir='ltr'>τό</span> <span class='ocrx_word' id='word_1_645' title='bbox 302 4619 601 4670; x_wconf 78' lang='grc' dir='ltr'><strong>τηνικαῦτα</strong></span> <span class='ocrx_word' id='word_1_646' title='bbox 627 4612 770 4684; x_wconf 83' lang='grc' dir='ltr'>παρά</span> <span class='ocrx_word' id='word_1_647' title='bbox 821 4615 914 4664; x_wconf 88' lang='grc' dir='ltr'>τοῦ</span> <span class='ocrx_word' id='word_1_648' title='bbox 958 4611 1238 4684; x_wconf 78' lang='grc' dir='ltr'><strong>ἱερωτάτου</strong></span> <span class='ocrx_word' id='word_1_649' title='bbox 1270 4609 1590 4684; x_wconf 73' lang='grc' dir='ltr'><strong>συναδέλφου</strong></span> <span class='ocrx_word' id='word_1_650' title='bbox 1626 4615 1772 4686; x_wconf 73' lang='grc' dir='ltr'><strong>ἡμῶν</strong></span> <span class='ocrx_word' id='word_1_651' title='bbox 1809 4614 1897 4667; x_wconf 79' lang='grc' dir='ltr'><strong>καὶ</strong></span> <span class='ocrx_word' id='word_1_652' title='bbox 1956 4607 2340 4685; x_wconf 76' lang='grc' dir='ltr'><strong>μητροπόλει-ου</strong></span> <span class='ocrx_word' id='word_1_653' title='bbox 2369 4605 2586 4669; x_wconf 83' lang='grc' dir='ltr'><strong>Ῥωσίας</strong></span> <span class='ocrx_word' id='word_1_654' title='bbox 2641 4609 3053 4674; x_wconf 78' lang='grc' dir='ltr'><strong>Κωνσταντίνου,</strong></span> <span class='ocrx_word' id='word_1_655' title='bbox 3108 4606 3327 4669; x_wconf 84' lang='grc' dir='ltr'><strong>εὐσεϐῶς</strong></span> <span class='ocrx_word' id='word_1_656' title='bbox 3366 4605 3578 4684; x_wconf 80' lang='grc' dir='ltr'><strong>ἀπεκρί-</strong></span> 
     </span>
    </p>
   </div>
   <div class='ocr_carea' id='block_1_96' title="bbox 221 4719 387 4757">
    <p class='ocr_par' dir='ltr' id='par_1_96' title="bbox 221 4719 387 4757">
     <span class='ocr_line' id='line_1_96' title="bbox 221 4719 387 4757; baseline 0.018 -3"><span class='ocrx_word' id='word_1_657' title='bbox 221 4719 387 4757; x_wconf 65' lang='lat' dir='ltr'>imo.</span> 
     </span>
    </p>
   </div>
   <div class='ocr_carea' id='block_1_97' title="bbox 288 4785 1816 4865">
    <p class='ocr_par' dir='ltr' id='par_1_97' title="bbox 288 4788 1814 4865">
     <span class='ocr_line' id='line_1_97' title="bbox 288 4788 1814 4865; baseline -0.001 -21"><span class='ocrx_word' id='word_1_658' title='bbox 288 4790 475 4865; x_wconf 74' lang='grc' dir='ltr'><strong>εἱγάρ</strong></span> <span class='ocrx_word' id='word_1_659' title='bbox 506 4793 597 4843; x_wconf 77' lang='grc' dir='ltr'><strong>καὶ</strong></span> <span class='ocrx_word' id='word_1_660' title='bbox 639 4788 913 4862; x_wconf 84' lang='grc' dir='ltr'><strong>πολλαχοῦ</strong></span> <span class='ocrx_word' id='word_1_661' title='bbox 962 4795 1059 4852; x_wconf 76' lang='grc' dir='ltr'><strong>τῆς</strong></span> <span class='ocrx_word' id='word_1_662' title='bbox 1107 4794 1320 4865; x_wconf 68' lang='grc' dir='ltr'><strong>Γραφῆς</strong></span> <span class='ocrx_word' id='word_1_663' title='bbox 1369 4791 1458 4842; x_wconf 87' lang='grc' dir='ltr'><strong>τὸν</strong></span> <span class='ocrx_word' id='word_1_664' title='bbox 1507 4788 1556 4842; x_wconf 82' lang='grc' dir='ltr'>ίν</span> <span class='ocrx_word' id='word_1_665' title='bbox 1611 4793 1710 4863; x_wconf 75' lang='grc' dir='ltr'>μιᾷ</span> <span class='ocrx_word' id='word_1_666' title='bbox 1750 4795 1814 4864; x_wconf 75' lang='grc' dir='ltr'>τῇ</span> 
     </span>
    </p>
   </div>
   <div class='ocr_carea' id='block_1_98' title="bbox 1927 4785 3573 4865">
    <p class='ocr_par' dir='ltr' id='par_1_98' title="bbox 2002 4785 3573 4860">
     <span class='ocr_line' id='line_1_98' title="bbox 2002 4785 3573 4860; baseline -0.001 -15"><span class='ocrx_word' id='word_1_667' title='bbox 2002 4787 2123 4846; x_wconf 87' lang='lat' dir='ltr'>Etsi</span> <span class='ocrx_word' id='word_1_668' title='bbox 2172 4785 2332 4844; x_wconf 90' lang='lat' dir='ltr'>enim</span> <span class='ocrx_word' id='word_1_669' title='bbox 2380 4788 2538 4860; x_wconf 72' lang='lat' dir='ltr'>saepe</span> <span class='ocrx_word' id='word_1_670' title='bbox 2578 4785 2642 4842; x_wconf 90' lang='lat' dir='ltr'>in</span> <span class='ocrx_word' id='word_1_671' title='bbox 2691 4785 2992 4859; x_wconf 89' lang='lat' dir='ltr'>Scriptura</span> <span class='ocrx_word' id='word_1_672' title='bbox 3045 4786 3381 4844; x_wconf 85' lang='lat' dir='ltr'>afﬁrmatur</span> <span class='ocrx_word' id='word_1_673' title='bbox 3409 4788 3464 4841; x_wconf 91' lang='lat' dir='ltr'>et</span> <span class='ocrx_word' id='word_1_674' title='bbox 3509 4785 3573 4844; x_wconf 91' lang='lat' dir='ltr'>in</span> 
     </span>
    </p>
   </div>
   <div class='ocr_carea' id='block_1_99' title="bbox 225 4878 1820 4954">
    <p class='ocr_par' dir='ltr' id='par_1_99' title="bbox 225 4878 1820 4954">
     <span class='ocr_line' id='line_1_99' title="bbox 225 4878 1820 4954; baseline -0.001 -22"><span class='ocrx_word' id='word_1_675' title='bbox 225 4878 513 4933; x_wconf 71' lang='grc' dir='ltr'><strong>ὑποστάσει</strong></span> <span class='ocrx_word' id='word_1_676' title='bbox 578 4881 851 4954; x_wconf 85' lang='grc' dir='ltr'><strong>νοούμενον</strong></span> <span class='ocrx_word' id='word_1_677' title='bbox 911 4883 1040 4932; x_wconf 86' lang='grc' dir='ltr'><strong>Θεόν</strong></span> <span class='ocrx_word' id='word_1_678' title='bbox 1091 4897 1146 4932; x_wconf 89' lang='grc' dir='ltr'>τε</span> <span class='ocrx_word' id='word_1_679' title='bbox 1197 4883 1287 4932; x_wconf 85' lang='grc' dir='ltr'><strong>καὶ</strong></span> <span class='ocrx_word' id='word_1_680' title='bbox 1352 4879 1639 4954; x_wconf 79' lang='grc' dir='ltr'><strong>ἄνθρωπον,</strong></span> <span class='ocrx_word' id='word_1_681' title='bbox 1699 4881 1820 4933; x_wconf 86' lang='grc' dir='ltr'><strong>Υἰὸν</strong></span> 
     </span>
    </p>
   </div>
   <div class='ocr_carea' id='block_1_100' title="bbox 225 4964 1820 5044">
    <p class='ocr_par' dir='ltr' id='par_1_100' title="bbox 225 4964 1820 5044">
     <span class='ocr_line' id='line_1_100' title="bbox 225 4964 1820 5044; baseline -0.001 -22"><span class='ocrx_word' id='word_1_682' title='bbox 225 4975 309 5022; x_wconf 74' lang='grc' dir='ltr'><strong>καὶ</strong></span> <span class='ocrx_word' id='word_1_683' title='bbox 365 4975 535 5042; x_wconf 82' lang='grc' dir='ltr'><strong>Λόγον</strong></span> <span class='ocrx_word' id='word_1_684' title='bbox 592 4975 686 5022; x_wconf 87' lang='grc' dir='ltr'>τοῦ</span> <span class='ocrx_word' id='word_1_685' title='bbox 747 4964 1028 5022; x_wconf 73' lang='grc' dir='ltr'><strong>συναῖδιου</strong></span> <span class='ocrx_word' id='word_1_686' title='bbox 1093 4969 1278 5022; x_wconf 85' lang='grc' dir='ltr'><strong>τούτου</strong></span> <span class='ocrx_word' id='word_1_687' title='bbox 1330 4971 1554 5044; x_wconf 81' lang='grc' dir='ltr'><strong>Πατρός,</strong></span> <span class='ocrx_word' id='word_1_688' title='bbox 1611 4968 1676 5022; x_wconf 80' lang='grc' dir='ltr'><strong>τὰ</strong></span> <span class='ocrx_word' id='word_1_689' title='bbox 1722 4974 1820 5030; x_wconf 80' lang='grc' dir='ltr'><strong>τῆς</strong></span> 
     </span>
    </p>
   </div>
   <div class='ocr_carea' id='block_1_101' title="bbox 225 5056 1820 5135">
    <p class='ocr_par' dir='ltr' id='par_1_101' title="bbox 225 5056 1820 5135">
     <span class='ocr_line' id='line_1_101' title="bbox 225 5056 1820 5135; baseline -0.003 -21"><span class='ocrx_word' id='word_1_690' title='bbox 225 5059 469 5135; x_wconf 72' lang='grc' dir='ltr'><strong>ἧμετέρας</strong></span> <span class='ocrx_word' id='word_1_691' title='bbox 532 5062 804 5133; x_wconf 82' lang='grc' dir='ltr'><strong>σωτηρίας</strong></span> <span class='ocrx_word' id='word_1_692' title='bbox 873 5056 1309 5131; x_wconf 64' lang='grc' dir='ltr'><strong>οἰκονομήσωτα,</strong></span> <span class='ocrx_word' id='word_1_693' title='bbox 1373 5060 1444 5120; x_wconf 82' lang='grc' dir='ltr'><strong>ὡς</strong></span> <span class='ocrx_word' id='word_1_694' title='bbox 1511 5059 1674 5130; x_wconf 76' lang='grc' dir='ltr'><strong>μέγαν</strong></span> <span class='ocrx_word' id='word_1_695' title='bbox 1727 5059 1820 5110; x_wconf 80' lang='grc' dir='ltr'><strong>καὶ</strong></span> 
     </span>
    </p>
   </div>
   <div class='ocr_carea' id='block_1_102' title="bbox 225 5146 1821 5223">
    <p class='ocr_par' dir='ltr' id='par_1_102' title="bbox 225 5146 1821 5223">
     <span class='ocr_line' id='line_1_102' title="bbox 225 5146 1821 5223; baseline -0.001 -25"><span class='ocrx_word' id='word_1_696' title='bbox 225 5157 418 5221; x_wconf 73' lang='grc' dir='ltr'><strong>πρῶτον</strong></span> <span class='ocrx_word' id='word_1_697' title='bbox 499 5147 756 5223; x_wconf 72' lang='grc' dir='ltr'><strong>ἀρχιερέα</strong></span> <span class='ocrx_word' id='word_1_698' title='bbox 825 5153 1188 5220; x_wconf 80' lang='grc' dir='ltr'><strong>προσαγαγεῖν</strong></span> <span class='ocrx_word' id='word_1_699' title='bbox 1253 5146 1435 5200; x_wconf 73' lang='grc' dir='ltr'><strong>ἑαυτὸν</strong></span> <span class='ocrx_word' id='word_1_700' title='bbox 1502 5154 1576 5217; x_wconf 85' lang='grc' dir='ltr'><strong>τῷ</strong></span> <span class='ocrx_word' id='word_1_701' title='bbox 1649 5148 1821 5220; x_wconf 80' lang='grc' dir='ltr'><strong>Πατρὶ</strong></span> 
     </span>
    </p>
   </div>
   <div class='ocr_carea' id='block_1_103' title="bbox 227 5231 1820 5310">
    <p class='ocr_par' dir='ltr' id='par_1_103' title="bbox 227 5231 1820 5310">
     <span class='ocr_line' id='line_1_103' title="bbox 227 5231 1820 5310; baseline -0.001 -22"><span class='ocrx_word' id='word_1_702' title='bbox 227 5238 403 5291; x_wconf 73' lang='grc' dir='ltr'><strong>θυσίαν</strong></span> <span class='ocrx_word' id='word_1_703' title='bbox 477 5238 739 5300; x_wconf 76' lang='grc' dir='ltr'><strong>ζωοποιόν</strong></span> <span class='ocrx_word' id='word_1_704' title='bbox 830 5239 922 5288; x_wconf 80' lang='grc' dir='ltr'><strong>καὶ</strong></span> <span class='ocrx_word' id='word_1_705' title='bbox 1003 5239 1435 5310; x_wconf 77' lang='grc' dir='ltr'><strong>κοσμοσωτήριον</strong></span> <span class='ocrx_word' id='word_1_706' title='bbox 1519 5231 1820 5294; x_wconf 80' lang='grc' dir='ltr'><strong>διείληπται</strong></span> 
     </span>
    </p>
   </div>
   <div class='ocr_carea' id='block_1_104' title="bbox 225 5319 1818 5401">
    <p class='ocr_par' dir='ltr' id='par_1_104' title="bbox 225 5319 1818 5401">
     <span class='ocr_line' id='line_1_104' title="bbox 225 5319 1818 5401; baseline -0.001 -23"><span class='ocrx_word' id='word_1_707' title='bbox 225 5331 305 5379; x_wconf 75' lang='grc' dir='ltr'><strong>καὶ</strong></span> <span class='ocrx_word' id='word_1_708' title='bbox 362 5326 712 5401; x_wconf 79' lang='grc' dir='ltr'><strong>ὡμολέγηται,</strong></span> <span class='ocrx_word' id='word_1_709' title='bbox 778 5323 887 5378; x_wconf 80' lang='grc' dir='ltr'><strong>ἀλλ’</strong></span> <span class='ocrx_word' id='word_1_710' title='bbox 934 5323 1059 5396; x_wconf 85' lang='grc' dir='ltr'><strong>οὐχ,</strong></span> <span class='ocrx_word' id='word_1_711' title='bbox 1124 5325 1188 5386; x_wconf 88' lang='grc' dir='ltr'><strong>ὦς</strong></span> <span class='ocrx_word' id='word_1_712' title='bbox 1250 5329 1386 5386; x_wconf 85' lang='grc' dir='ltr'><strong>τινές</strong></span> <span class='ocrx_word' id='word_1_713' title='bbox 1431 5341 1607 5397; x_wconf 76' lang='grc' dir='ltr'><strong>φασιν,</strong></span> <span class='ocrx_word' id='word_1_714' title='bbox 1666 5319 1818 5377; x_wconf 70' lang='grc' dir='ltr'><strong>οὐδεν</strong></span> 
     </span>
    </p>
   </div>
   <div class='ocr_carea' id='block_1_105' title="bbox 227 5411 1820 5480">
    <p class='ocr_par' dir='ltr' id='par_1_105' title="bbox 227 5411 1820 5480">
     <span class='ocr_line' id='line_1_105' title="bbox 227 5411 1820 5480; baseline -0.003 -13"><span class='ocrx_word' id='word_1_715' title='bbox 227 5418 662 5478; x_wconf 77' lang='grc' dir='ltr'><strong>ἐπαεκοινὼνηκεν</strong></span> <span class='ocrx_word' id='word_1_716' title='bbox 723 5413 798 5476; x_wconf 82' lang='grc' dir='ltr'>εἰς</span> <span class='ocrx_word' id='word_1_717' title='bbox 847 5414 910 5466; x_wconf 78' lang='grc' dir='ltr'><strong>τὸ</strong></span> <span class='ocrx_word' id='word_1_718' title='bbox 968 5414 1164 5473; x_wconf 85' lang='grc' dir='ltr'><strong>ταύτην</strong></span> <span class='ocrx_word' id='word_1_719' title='bbox 1234 5412 1428 5480; x_wconf 88' lang='grc' dir='ltr'><strong>λαϐεῖν,</strong></span> <span class='ocrx_word' id='word_1_720' title='bbox 1487 5411 1595 5466; x_wconf 77' lang='grc' dir='ltr'><strong>οὔτ’</strong></span> <span class='ocrx_word' id='word_1_721' title='bbox 1662 5411 1820 5472; x_wconf 86' lang='grc' dir='ltr'><strong>αὐτὸς</strong></span> 
     </span>
    </p>
   </div>
   <div class='ocr_carea' id='block_1_106' title="bbox 228 5502 1820 5585">
    <p class='ocr_par' dir='ltr' id='par_1_106' title="bbox 228 5502 1820 5585">
     <span class='ocr_line' id='line_1_106' title="bbox 228 5502 1820 5585; baseline -0.002 -30"><span class='ocrx_word' id='word_1_722' title='bbox 228 5502 251 5555; x_wconf 76' lang='grc' dir='ltr'><strong>ὀ</strong></span> <span class='ocrx_word' id='word_1_723' title='bbox 460 5511 613 5584; x_wconf 69' lang='grc' dir='ltr'><strong>ἡμῶν</strong></span> <span class='ocrx_word' id='word_1_724' title='bbox 681 5503 876 5560; x_wconf 74' lang='grc' dir='ltr'><strong>ἑαυτὸν</strong></span> <span class='ocrx_word' id='word_1_725' title='bbox 946 5507 1295 5577; x_wconf 76' lang='grc' dir='ltr'><strong>προσαγαγὼν</strong></span> <span class='ocrx_word' id='word_1_726' title='bbox 1355 5503 1573 5578; x_wconf 78' lang='grc' dir='ltr'><strong>ἄμωμον</strong></span> <span class='ocrx_word' id='word_1_727' title='bbox 1637 5502 1820 5575; x_wconf 78' lang='grc' dir='ltr'><strong>ἱερεῖον</strong></span> 
     </span>
    </p>
   </div>
   <div class='ocr_carea' id='block_1_107' title="bbox 229 5589 1820 5674">
    <p class='ocr_par' dir='ltr' id='par_1_107' title="bbox 229 5589 1820 5674">
     <span class='ocr_line' id='line_1_107' title="bbox 229 5589 1820 5674; baseline -0.003 -28"><span class='ocrx_word' id='word_1_728' title='bbox 229 5596 252 5646; x_wconf 85' lang='grc' dir='ltr'>ό</span> <span class='ocrx_word' id='word_1_729' title='bbox 273 5602 532 5674; x_wconf 64' lang='grc' dir='ltr'><strong>μονογενής</strong></span> <span class='ocrx_word' id='word_1_730' title='bbox 583 5595 722 5660; x_wconf 75' lang='grc' dir='ltr'><strong>Υἱὸς</strong></span> <span class='ocrx_word' id='word_1_731' title='bbox 769 5595 870 5648; x_wconf 79' lang='grc' dir='ltr'>τοῦ</span> <span class='ocrx_word' id='word_1_732' title='bbox 919 5597 1056 5646; x_wconf 80' lang='grc' dir='ltr'><strong>θεοῦ</strong></span> <span class='ocrx_word' id='word_1_733' title='bbox 1117 5594 1234 5652; x_wconf 74' lang='grc' dir='ltr'><strong>οὔτε</strong></span> <span class='ocrx_word' id='word_1_734' title='bbox 1277 5595 1382 5670; x_wconf 77' lang='grc' dir='ltr'><strong>μὴν</strong></span> <span class='ocrx_word' id='word_1_735' title='bbox 1430 5593 1489 5648; x_wconf 87' lang='grc' dir='ltr'><strong>τὸ</strong></span> <span class='ocrx_word' id='word_1_736' title='bbox 1542 5589 1820 5665; x_wconf 83' lang='grc' dir='ltr'><strong>όμοούσιον</strong></span> 
     </span>
    </p>
   </div>
   <div class='ocr_carea' id='block_1_108' title="bbox 1931 4874 3576 4948">
    <p class='ocr_par' dir='ltr' id='par_1_108' title="bbox 1931 4874 3576 4948">
     <span class='ocr_line' id='line_1_108' title="bbox 1931 4874 3576 4948; baseline -0.002 -12"><span class='ocrx_word' id='word_1_737' title='bbox 1931 4877 2212 4936; x_wconf 87' lang='lat' dir='ltr'>confesso</span> <span class='ocrx_word' id='word_1_738' title='bbox 2241 4881 2349 4945; x_wconf 86' lang='lat' dir='ltr'>est,</span> <span class='ocrx_word' id='word_1_739' title='bbox 2381 4875 2585 4934; x_wconf 70' lang='lat' dir='ltr'>aeterni</span> <span class='ocrx_word' id='word_1_740' title='bbox 2608 4875 2791 4948; x_wconf 89' lang='lat' dir='ltr'>hujus</span> <span class='ocrx_word' id='word_1_741' title='bbox 2819 4876 3007 4933; x_wconf 88' lang='lat' dir='ltr'>Patris</span> <span class='ocrx_word' id='word_1_742' title='bbox 3046 4875 3306 4932; x_wconf 89' lang='lat' dir='ltr'>Verbum</span> <span class='ocrx_word' id='word_1_743' title='bbox 3339 4874 3576 4932; x_wconf 89' lang='lat' dir='ltr'>Filium-</span> 
     </span>
    </p>
   </div>
   <div class='ocr_carea' id='block_1_109' title="bbox 1929 4965 3580 5042">
    <p class='ocr_par' dir='ltr' id='par_1_109' title="bbox 1929 4965 3580 5042">
     <span class='ocr_line' id='line_1_109' title="bbox 1929 4965 3580 5042; baseline -0.001 -17"><span class='ocrx_word' id='word_1_744' title='bbox 1929 4984 2069 5042; x_wconf 92' lang='lat' dir='ltr'>que,</span> <span class='ocrx_word' id='word_1_745' title='bbox 2087 4983 2272 5041; x_wconf 90' lang='lat' dir='ltr'>quem</span> <span class='ocrx_word' id='word_1_746' title='bbox 2283 4969 2472 5023; x_wconf 91' lang='lat' dir='ltr'>Deum</span> <span class='ocrx_word' id='word_1_747' title='bbox 2493 4965 2672 5022; x_wconf 89' lang='lat' dir='ltr'>simul</span> <span class='ocrx_word' id='word_1_748' title='bbox 2691 4968 2748 5022; x_wconf 89' lang='lat' dir='ltr'>et</span> <span class='ocrx_word' id='word_1_749' title='bbox 2767 4965 3076 5021; x_wconf 89' lang='lat' dir='ltr'>hominem</span> <span class='ocrx_word' id='word_1_750' title='bbox 3090 4965 3151 5020; x_wconf 94' lang='lat' dir='ltr'>in</span> <span class='ocrx_word' id='word_1_751' title='bbox 3169 4979 3292 5022; x_wconf 90' lang='lat' dir='ltr'>una</span> <span class='ocrx_word' id='word_1_752' title='bbox 3312 4980 3580 5038; x_wconf 88' lang='lat' dir='ltr'>persona</span> 
     </span>
    </p>
   </div>
   <div class='ocr_carea' id='block_1_110' title="bbox 1928 5053 3581 5129">
    <p class='ocr_par' dir='ltr' id='par_1_110' title="bbox 1928 5053 3581 5129">
     <span class='ocr_line' id='line_1_110' title="bbox 1928 5053 3581 5129; baseline -0.002 -15"><span class='ocrx_word' id='word_1_753' title='bbox 1928 5057 2338 5127; x_wconf 89' lang='lat' dir='ltr'>intelligimus,</span> <span class='ocrx_word' id='word_1_754' title='bbox 2364 5070 2487 5129; x_wconf 92' lang='lat' dir='ltr'>quo</span> <span class='ocrx_word' id='word_1_755' title='bbox 2526 5057 2796 5126; x_wconf 88' lang='lat' dir='ltr'>tempore</span> <span class='ocrx_word' id='word_1_756' title='bbox 2841 5057 3109 5110; x_wconf 90' lang='lat' dir='ltr'>nostram</span> <span class='ocrx_word' id='word_1_757' title='bbox 3143 5053 3402 5110; x_wconf 90' lang='lat' dir='ltr'>salutem</span> <span class='ocrx_word' id='word_1_758' title='bbox 3431 5070 3581 5128; x_wconf 92' lang='lat' dir='ltr'>ope-</span> 
     </span>
    </p>
   </div>
   <div class='ocr_carea' id='block_1_111' title="bbox 1927 5142 3578 5218">
    <p class='ocr_par' dir='ltr' id='par_1_111' title="bbox 1927 5142 3578 5218">
     <span class='ocr_line' id='line_1_111' title="bbox 1927 5142 3578 5218; baseline -0.002 -15"><span class='ocrx_word' id='word_1_759' title='bbox 1927 5146 2195 5218; x_wconf 85' lang='lat' dir='ltr'>rabatur,</span> <span class='ocrx_word' id='word_1_760' title='bbox 2221 5161 2332 5202; x_wconf 92' lang='lat' dir='ltr'>ceu</span> <span class='ocrx_word' id='word_1_761' title='bbox 2357 5159 2650 5213; x_wconf 87' lang='lat' dir='ltr'>magnum</span> <span class='ocrx_word' id='word_1_762' title='bbox 2671 5142 3056 5216; x_wconf 90' lang='lat' dir='ltr'>primumque</span> <span class='ocrx_word' id='word_1_763' title='bbox 3081 5143 3428 5214; x_wconf 90' lang='lat' dir='ltr'>pontiﬁcem</span> <span class='ocrx_word' id='word_1_764' title='bbox 3467 5144 3578 5199; x_wconf 88' lang='lat' dir='ltr'>ob-</span> 
     </span>
    </p>
   </div>
   <div class='ocr_carea' id='block_1_112' title="bbox 1927 5230 3578 5292">
    <p class='ocr_par' dir='ltr' id='par_1_112' title="bbox 1927 5230 3578 5292">
     <span class='ocr_line' id='line_1_112' title="bbox 1927 5230 3578 5292; baseline -0.003 0"><span class='ocrx_word' id='word_1_765' title='bbox 1927 5233 2131 5292; x_wconf 86' lang='lat' dir='ltr'>tulisse</span> <span class='ocrx_word' id='word_1_766' title='bbox 2159 5237 2348 5291; x_wconf 89' lang='lat' dir='ltr'>semet</span> <span class='ocrx_word' id='word_1_767' title='bbox 2364 5232 2517 5289; x_wconf 88' lang='lat' dir='ltr'>Patri</span> <span class='ocrx_word' id='word_1_768' title='bbox 2535 5231 2799 5288; x_wconf 91' lang='lat' dir='ltr'>hostiam</span> <span class='ocrx_word' id='word_1_769' title='bbox 2823 5231 3119 5287; x_wconf 86' lang='lat' dir='ltr'>viviﬁcam</span> <span class='ocrx_word' id='word_1_770' title='bbox 3141 5234 3198 5287; x_wconf 91' lang='lat' dir='ltr'>et</span> <span class='ocrx_word' id='word_1_771' title='bbox 3226 5230 3457 5286; x_wconf 89' lang='lat' dir='ltr'>mundo</span> <span class='ocrx_word' id='word_1_772' title='bbox 3481 5246 3578 5287; x_wconf 87' lang='lat' dir='ltr'>sa-</span> 
     </span>
    </p>
   </div>
   <div class='ocr_carea' id='block_1_113' title="bbox 1925 5316 3574 5396">
    <p class='ocr_par' dir='ltr' id='par_1_113' title="bbox 1925 5316 3574 5396">
     <span class='ocr_line' id='line_1_113' title="bbox 1925 5316 3574 5396; baseline -0.004 -17"><span class='ocrx_word' id='word_1_773' title='bbox 1925 5321 2227 5392; x_wconf 86' lang='lat' dir='ltr'>lutarem;</span> <span class='ocrx_word' id='word_1_774' title='bbox 2268 5335 2661 5396; x_wconf 85' lang='lat' dir='ltr'>nequaquam</span> <span class='ocrx_word' id='word_1_775' title='bbox 2698 5323 2923 5388; x_wconf 88' lang='lat' dir='ltr'>tamen,</span> <span class='ocrx_word' id='word_1_776' title='bbox 2980 5321 3046 5375; x_wconf 89' lang='lat' dir='ltr'>ut</span> <span class='ocrx_word' id='word_1_777' title='bbox 3100 5322 3256 5374; x_wconf 91' lang='lat' dir='ltr'>certe</span> <span class='ocrx_word' id='word_1_778' title='bbox 3297 5316 3574 5375; x_wconf 87' lang='lat' dir='ltr'>nonnulli</span> 
     </span>
    </p>
   </div>
   <div class='ocr_carea' id='block_1_114' title="bbox 1928 5405 3576 5483">
    <p class='ocr_par' dir='ltr' id='par_1_114' title="bbox 1928 5405 3576 5483">
     <span class='ocr_line' id='line_1_114' title="bbox 1928 5405 3576 5483; baseline -0.005 -14"><span class='ocrx_word' id='word_1_779' title='bbox 1928 5412 2115 5480; x_wconf 87' lang='lat' dir='ltr'>aiunt,</span> <span class='ocrx_word' id='word_1_780' title='bbox 2144 5411 2360 5469; x_wconf 65' lang='lat' dir='ltr'>hostiae</span> <span class='ocrx_word' id='word_1_781' title='bbox 2383 5409 2683 5483; x_wconf 87' lang='lat' dir='ltr'>particeps</span> <span class='ocrx_word' id='word_1_782' title='bbox 2709 5407 2802 5464; x_wconf 86' lang='lat' dir='ltr'>vel</span> <span class='ocrx_word' id='word_1_783' title='bbox 2825 5408 2954 5481; x_wconf 86' lang='lat' dir='ltr'>ipse</span> <span class='ocrx_word' id='word_1_784' title='bbox 2973 5406 3317 5475; x_wconf 89' lang='lat' dir='ltr'>unigenitus</span> <span class='ocrx_word' id='word_1_785' title='bbox 3346 5405 3449 5460; x_wconf 90' lang='lat' dir='ltr'>Dei</span> <span class='ocrx_word' id='word_1_786' title='bbox 3479 5405 3576 5461; x_wconf 89' lang='lat' dir='ltr'>Fi-</span> 
     </span>
    </p>
   </div>
   <div class='ocr_carea' id='block_1_115' title="bbox 1925 5491 3568 5574">
    <p class='ocr_par' dir='ltr' id='par_1_115' title="bbox 1925 5491 3568 5574">
     <span class='ocr_line' id='line_1_115' title="bbox 1925 5491 3568 5574; baseline -0.006 -16"><span class='ocrx_word' id='word_1_787' title='bbox 1925 5499 2041 5558; x_wconf 88' lang='lat' dir='ltr'>lius</span> <span class='ocrx_word' id='word_1_788' title='bbox 2068 5500 2178 5559; x_wconf 86' lang='lat' dir='ltr'>fuit</span> <span class='ocrx_word' id='word_1_789' title='bbox 2199 5502 2306 5574; x_wconf 86' lang='lat' dir='ltr'>qui</span> <span class='ocrx_word' id='word_1_790' title='bbox 2333 5514 2445 5573; x_wconf 85' lang='lat' dir='ltr'>pro</span> <span class='ocrx_word' id='word_1_791' title='bbox 2477 5498 2654 5556; x_wconf 84' lang='lat' dir='ltr'>nobis</span> <span class='ocrx_word' id='word_1_792' title='bbox 2682 5511 2746 5554; x_wconf 82' lang='lat' dir='ltr'>se</span> <span class='ocrx_word' id='word_1_793' title='bbox 2775 5497 3085 5554; x_wconf 84' lang='lat' dir='ltr'>victimam</span> <span class='ocrx_word' id='word_1_794' title='bbox 3107 5491 3568 5550; x_wconf 87' lang='lat' dir='ltr'>immaculatam</span> 
     </span>
    </p>
   </div>
   <div class='ocr_carea' id='block_1_116' title="bbox 1929 5579 3577 5659">
    <p class='ocr_par' dir='ltr' id='par_1_116' title="bbox 1929 5579 3577 5659">
     <span class='ocr_line' id='line_1_116' title="bbox 1929 5579 3577 5659; baseline -0.008 -13"><span class='ocrx_word' id='word_1_795' title='bbox 1929 5588 2195 5659; x_wconf 79' lang='lat' dir='ltr'>sistebat,</span> <span class='ocrx_word' id='word_1_796' title='bbox 2216 5589 2309 5647; x_wconf 86' lang='lat' dir='ltr'>vel</span> <span class='ocrx_word' id='word_1_797' title='bbox 2336 5587 2518 5648; x_wconf 84' lang='lat' dir='ltr'>etiam</span> <span class='ocrx_word' id='word_1_798' title='bbox 2538 5581 3073 5646; x_wconf 87' lang='lat' dir='ltr'>consubstantialis</span> <span class='ocrx_word' id='word_1_799' title='bbox 3094 5580 3292 5636; x_wconf 90' lang='lat' dir='ltr'>eidem</span> <span class='ocrx_word' id='word_1_800' title='bbox 3316 5579 3577 5646; x_wconf 64' lang='lat' dir='ltr'>vitaeque</span> 
     </span>
    </p>
   </div>
  </div>
