4126 6272
493 259 592 318 183

497 389 702 440 auctor
727 388 971 440 sanctus
1031 384 1280 458 Spiritus

495 473 675 529 nobis
729 487 803 528 ex
833 473 964 544 ejus
997 471 1268 530 instituto
1325 475 1588 530 hostiam
1643 475 1818 542 Patri,
1853 476 2031 532 Filius
2087 479 2144 532 et

497 561 753 634 Spiritus
793 561 1108 634 recipiunt.
1145 565 1506 635 Quanquam
1535 563 1712 634 igitur
1741 564 1815 620 de
1847 563 1946 620 illa
1976 564 2143 620 obla-

493 651 655 708 tione
677 652 758 706 sic
784 667 942 724 stupe
965 651 1250 722 praedicto
1269 653 1454 708 modo
1476 653 1678 708 locuta
1697 660 1786 708 est
1815 656 2140 726 Scriptura,

493 747 562 797 ut
589 745 854 805 constat;
887 756 1194 812 nusquam
1223 745 1425 796 tamen
1447 743 1506 796 in
1527 743 1740 797 eadem
1762 743 1966 798 divina
2000 744 2147 799 Scri'

497 835 678 902 ptura
719 828 1006 886 traditum
1043 829 1179 900 quis
1229 829 1510 896 inveniet,
1565 831 1734 903 quod
1771 831 2145 903 hypostatice

497 919 754 974 Verbum
803 933 866 972 se
917 917 1214 986 obtulerit,
1248 918 1310 973 id
1364 923 1452 974 est
1499 919 1662 990 quod
1701 924 1918 975 natura
1945 919 2148 975 divina

495 1009 635 1080 ipsa
663 1023 771 1078 per
811 1023 872 1062 se
907 1007 1060 1062 Patri
1097 1007 1396 1079 obtulerit,
1431 1013 1496 1064 ut
1521 1009 1616 1064 isti
1659 1015 1987 1079 nugantur,
2035 1009 2147 1065 sal-

495 1097 736 1152 viticam
813 1095 976 1152 illam
1037 1097 1224 1152 nostri
1283 1098 1517 1166 generis
1559 1099 1902 1167 victimam;
1953 1115 2150 1171 neque

496 1185 663 1254 quod
689 1184 858 1241 illam
909 1184 1092 1240 Filius
1125 1185 1304 1242 simul
1338 1201 1478 1242 cum
1523 1193 1730 1244 sancto
1777 1188 1994 1260 Spiritu
2025 1203 2144 1244 non

496 1274 804 1346 receperit.

571 1455 640 1508 Ut
671 1457 876 1510 autem
923 1451 1148 1524 scripta
1176 1469 1419 1526 quoque
1453 1454 1799 1510 testimonia
1847 1453 2151 1522 sistamus,

498 1557 636 1616 quae
663 1541 967 1612 dogmatis
1003 1541 1186 1614 hujus
1229 1544 1542 1600 veritatem
1575 1544 1879 1600 evidenter
1905 1545 2152 1600 demon-

504 1636 719 1696 strant,
743 1645 855 1699 age
879 1633 1055 1685 testes
1093 1631 1426 1703 procedant
1457 1631 1860 1688 irrefutabiles
1893 1632 2016 1688 divi
2055 1635 2154 1688 Pa-

500 1725 642 1787 tres,
688 1719 791 1791 qui
823 1717 1055 1774 disertis
1097 1719 1296 1776 verbis
1345 1738 1473 1777 rem
1518 1721 1678 1778 hanc
1728 1723 1808 1778 ad
1855 1721 2155 1794 liquidum
2189 1747 2226 1800 Β

501 1809 904 1866 deduxerunt.
933 1812 1123 1881 Atque
1153 1811 1214 1865 in
1246 1810 1455 1883 primis
1481 1827 1743 1882 magnus
1769 1815 1822 1868 et
1851 1812 1912 1866 in
1939 1810 2156 1867 divinis

501 1897 679 1954 valde
709 1902 979 1953 versatus
1015 1897 1284 1964 Basilius,
1323 1900 1494 1970 cujus
1537 1916 1744 1956 vocem
1783 1901 1951 1957 haud
1983 1916 2159 1956 secus

498 2003 687 2060 quam
705 1987 805 2043 Dei
822 2001 1031 2042 vocem
1064 1987 1501 2056 auscultamus,
1525 1989 1586 2044 in
1605 1989 1954 2062 compositae
1987 1990 2065 2045 ab
2090 2004 2159 2045 eo

499 2075 882 2146 Mystagogiie
916 2075 1198 2147 precibus
1227 2077 1310 2132 sic
1332 2077 1646 2134 manifeste
1680 2077 2014 2147 scribit,ubi
2037 2079 2166 2133 Ser-

499 2171 772 2222 vatorem
805 2164 1114 2222 Christum
1160 2166 1514 2240 alloquitur:
1551 2168 1823 2238 Dignarc,
1867 2173 1934 2222 ut
1977 2183 2014 2224 a
2063 2181 2163 2222 me

499 2261 814 2329 peccatore
845 2261 900 2312 et
953 2257 1202 2327 indigno
1233 2257 1362 2312 haec
1387 2257 1490 2312 tibi
1518 2257 1680 2314 dona
1706 2255 2054 2312 offerantur.
2081 2257 2164 2311 Tu

502 2345 664 2400 enim
697 2362 757 2400 es
785 2347 891 2417 qui
920 2347 1124 2414 ofters,
1157 2349 1214 2400 et
1257 2345 1364 2417 qui
1391 2345 1643 2414 ofierris,
1669 2351 1726 2402 et
1769 2345 1875 2418 qui
1925 2345 2160 2418 recipis,

501 2437 558 2488 et
587 2433 692 2505 qui
721 2434 1049 2506 distribuis,
1086 2433 1310 2492 Christe
1351 2437 1505 2490 Deus
1547 2441 1770 2490 noster.
1807 2436 1946 2500 Quae
1978 2435 2164 2492 verba

509 2521 975 2594 Chrysostomus
1021 2523 1080 2578 in
1111 2522 1390 2595 precibus
1429 2539 1466 2580 a
1491 2540 1552 2579 se
1579 2523 1750 2579 editas
1777 2523 2034 2594 liturgiaa
2061 2523 2163 2579 ad-

502 2615 748 2666 mittens
779 2611 946 2668 nullo
975 2611 1162 2668 modo
1191 2611 1551 2668 immutavit.
1588 2614 1742 2679 Quin
1773 2613 1954 2668 etiam
1985 2614 2162 2670 mira-

504 2699 652 2756 culis
685 2700 1108 2757 celeberrimus
1137 2701 1309 2757 divus
1355 2703 1673 2772 Gregorius
1715 2703 1778 2758 in
1813 2703 1972 2760 edito
2025 2720 2060 2758 a
2099 2718 2160 2758 se

509 2805 789 2846 sermone
831 2807 1009 2863 super
1051 2791 1395 2862 evangelica
1449 2793 1662 2848 dicto:
1703 2793 1801 2849 Hic
1845 2800 1927 2847 est.
1963 2794 2159 2848 Filius

506 2894 669 2936 meus
699 2880 951 2936 dilectus
972 2882 1040 2947 ³⁵,
1081 2881 1158 2938 ad
1191 2881 1446 2937 litteram
1473 2881 1553 2936 ita
1579 2881 1660 2938 ait
1694 2899 1706 2935 :
1739 2881 1838 2937 Hic
1869 2885 1956 2937 est
1986 2881 2162 2937 Filius

505 2983 678 3024 meus
706 2973 763 3025 et
792 2985 1005 3040 agnus,
1039 2969 1204 3028 idem
1249 2969 1530 3026 sacerdos
1587 2985 1658 3026 ac
1687 2970 1945 3035 victima,
1997 2970 2159 3026 idem

1839 262 2106 320 NlCETrE
2147 259 2495 321 CHONIATE

1330 405 1342 441 :
1389 401 1588 458 neque
1626 386 1766 442 item
1800 385 2066 442 oblatam
2111 405 2143 442 a

2272 391 2558 460 ζωαρχικόν
2599 406 2651 438 τε
2705 391 2794 438 καὶ
2851 387 2982 437 θεῖον
3023 391 3231 458 Πνεῦμα
3266 402 3276 412 ·

3749 263 3854 316 184-

3343 387 3458 435 ούτε
3499 380 3556 435 δὲ
3595 387 3686 441 τὴν
3727 385 3854 458 παρ’

2254 481 2400 550 ἡμῶν
2467 476 2773 547 τοὶουμένην
2855 475 3108 534 ζωοποιόν
3197 476 3378 526 θυσίαν
3453 477 3853 545 προσαγομένην

2255 569 2370 619 κατ’
2422 567 2573 619 αὐτόν
2621 573 2692 635 τῷ
2745 567 2936 636 Πατρὶ,
3005 566 3030 615 6
3097 566 3216 624 Υἱός
3259 569 3350 616 καὶ
3405 567 3463 614 τὸ
3523 570 3730 635 Πνεῦμα
3791 562 3852 614 οὗ

2259 652 2788 730 συμπροσὸέχονται.
2861 653 2919 706 Εἰ
2971 661 3094 724 γοῦν
3137 657 3228 704 καὶ
3279 656 3414 704 οὕτω
3471 655 3536 703 τὰ
3599 656 3710 724 περὶ
3759 659 3854 711 τῆς

2258 745 2525 820 εἰρημένης
2554 749 2762 817 πρώτης
2821 750 3172 814 προσαγωγῆς
3227 740 3525 812 “DD-axes,
3565 742 3634 800 ὡς
3691 737 3858 797 δεδή-

2257 833 2436 906 λωται,
2469 837 2783 904 γέγραπται,
2837 830 2943 882 ἀλλ’
3011 831 3138 902 οὐχὶ
3183 835 3274 882 xui
3326 831 3690 890 ύποστατικώς
3745 828 3852 879 αύ-

2257 927 2367 990 τόν,
2445 925 2512 983 ὡς
2551 927 2640 974 καὶ
2707 919 2826 972 καθ’
2885 920 3074 978 ἑαυτὴν
3121 927 3212 979 τῆς
3267 921 3402 978 θείας
3451 921 3855 992 «pocae/06612;,

2261 1014 2462 1082 φύσεως
2518 1012 2654 1062 κατὰ
2699 1013 2793 1066 τὴν
2845 1007 3012 1059 αὐτῶν
3068 1003 3333 1079 ληρωὸίαν
3373 1014 3728 1080 προσαγαγεῖν
3781 1014 3858 1076 τῷ

2261 1105 2430 1174 Πατρὶ
2491 1103 2585 1156 τὴν
2653 1101 2908 1172 σωτήριον
2967 1099 3160 1154 ἐκείνην
3219 1103 3309 1148 τοῦ
3377 1098 3628 1169 ἡμετέρου
3681 1099 3862 1166 γένους

2265 1191 2474 1258 θυσίαν,
2543 1189 2670 1239 ὅπου
2731 1183 2923 1244 δήποτε
2977 1195 3066 1246 τῆς
3129 1187 3464 1238 θεοπνεύστον
3511 1192 3548 1236 Γ
3549 1192 3718 1256 ραφῆς
3759 1203 3863 1235 πα-

2262 1273 2617 1351 ραδεδομένην
2671 1273 2873 1348 ἐφεύροι
2919 1294 3020 1344 τις,
3073 1271 3189 1326 οὐδ’
3243 1276 3324 1325 ὅτι
3361 1279 3432 1346 μὴ
3489 1277 3682 1330 ταύτην
3721 1267 3864 1344 συμ-

2263 1361 2615 1438 προσεὸέξατο
2637 1367 2722 1416 καὶ
2753 1365 2778 1415 6
2819 1367 2934 1423 Υἱός
2964 1368 3053 1416 xui
3093 1366 3150 1414 τό
3179 1370 3387 1434 Πνεῦμα
3423 1367 3480 1414 τό
3503 1363 3668 1434 ἅγιον.

2333 1453 2444 1506 Ἵνα
2511 1449 2570 1504 δὲ
2617 1457 2706 1504 xui
2753 1457 3000 1526 χρήσεων
3061 1460 3324 1524 γραφικών
3379 1455 3638 1522 φανότατα
3673 1452 3732 1501 τὸ
3769 1456 3866 1502 τοῦ

2267 1539 2528 1615 δόγματος
2601 1540 2782 1602 ἀληθὲς
2843 1546 3295 1614 παραστήσαιμεν,
3354 1542 3448 1611 ἄγε
3503 1544 3593 1592 καὶ
3663 1541 3870 1612 μάρτν’

2265 1651 2350 1706 ρες
2412 1631 2534 1704 παρ’
2605 1631 2750 1703 ἡμῶν
2818 1632 3236 1704 παραγέσθωσαν
3289 1627 3692 1702 ἀπαράγραπτοι
3751 1629 3868 1679 θεο-

2267 1725 2416 1795 φόροι
2458 1723 2700 1791 Πατέρες,
2755 1721 2803 1770 οἱ
2869 1723 2958 1769 καὶ
3004 1718 3176 1792 ῥητῶς
3224 1714 3330 1774 ἤδη
3391 1721 3460 1769 τὰ
3513 1721 3630 1790 περὶ
3677 1719 3864 1768 τούτου

2269 1807 2757 1884 ὃιατρανώσαντες’
2819 1811 2910 1858 καὶ
2964 1815 3162 1880 πρῶτον
3203 1808 3228 1857 ό
3283 1806 3444 1866 πολὺς
3495 1809 3560 1857 τὰ
3617 1807 3728 1856 θεῖα
3773 1807 3868 1856 καὶ

2272 1905 2434 1972 μέγας
2477 1897 2761 1966 Βασίλειος,
2805 1917 2863 1948 ου
2919 1901 3006 1948 καὶ
3063 1900 3156 1954 τὴν
3198 1900 3366 1967 φωνὴν
3398 1899 3464 1957 ὡς
3523 1901 3654 1948 Θεοῦ
3695 1897 3868 1966 φωνὴν

2269 1992 2559 2060 κατέχομεν
2626 1988 2866 2059 ἄντικρυς
2933 1983 2980 2035 ἐν
3053 1992 3168 2046 ταῖς
3226 1993 3316 2044 τῆς
3386 1984 3509 2058 παρ’
3567 1982 3725 2034 αὑτοῦ
3787 1981 3874 2033 ἐκ·

2271 2079 2503 2137 τεθείσης
2542 2081 2924 2146 Μυσταγωγίας
2983 2073 3190 2145 εὐχαῖς,
3251 2077 3385 2125 οὕτω
3422 2075 3632 2146 γράφων
3666 2079 3870 2142 σαφῶς,

2273 2167 2429 2224 ἡνίκα
2467 2169 2592 2239 πρός
2649 2169 2734 2216 τόν
2783 2171 2997 2236 Σωτῆρα
3053 2165 3281 2234 Χριστὸν
3353 2160 3586 2233 ἀναφέρει
3637 2163 3724 2212 τόν
3789 2157 3874 2210 λό-

2274 2275 2361 2326 γον
2396 2275 2408 2287 ·
2445 2254 2694 2316 Ἀξίωσον
2722 2253 2810 2304 ὑπ’
2855 2249 2978 2322 ἐμοῦ
3026 2259 3114 2302 τοῦ
3166 2249 3475 2323 ἅμαρτε-ὑοῦ
3519 2253 3609 2300 καὶ
3659 2246 3872 2309 ἀναξίου

2277 2339 2468 2395 δούλου
2527 2363 2620 2394 σου
2659 2341 3076 2414 προσενεχθῆναι
3135 2359 3219 2391 σοι
3275 2342 3340 2392 τὰ
3381 2335 3528 2410 δῶρα
3577 2337 3763 2391 ταῦτα.
3799 2339 3870 2388 Σὺ

2273 2435 2374 2506 γὰρ
2429 2433 2476 2483 εἶ
2517 2434 2542 2482 6
2581 2433 2903 2502 προσφέρων,
2949 2433 3040 2479 καὶ
3079 2433 3511 2502 προσφερόμενος,
3569 2431 3660 2478 καὶ
3707 2444 3878 2498 προσ-

2276 2519 2579 2594 δεχόμενος,
2619 2524 2708 2572 καὶ
2759 2513 3148 2589 διαὸιὸόμενος,
3205 2521 3400 2591 Χριστὲ
3439 2519 3464 2568 6
3515 2517 3644 2576 Θεὸς
3681 2517 3830 2587 ἡμῶν
3855 2531 3870 2544 ·

2273 2613 2300 2664 6
2332 2609 2470 2669 δῆτα
2520 2615 2608 2662 καὶ
2661 2611 2686 2660 6
2717 2615 2952 2683 χρυσοῦς
3008 2611 3102 2665 τὴν
3140 2605 3385 2678 γλῶσσαν
3443 2605 3490 2658 ἑν
3525 2613 3637 2665 ταῖς
3685 2605 3878 2676 εὐχαῖς

2273 2709 2370 2762 τῆς
2429 2699 2550 2772 παρ’
2605 2698 2765 2749 αὐτοῦ
2829 2696 3122 2757 ἐκτεθείσης
3167 2695 3530 2770 ὶεροτε).εστίας
3585 2691 3874 2766 ὃεξάμονος

2273 2791 2366 2842 οὐκ
2397 2788 2702 2846 ἡλλοίωσεν.
2755 2785 2908 2838 Ἀλλὰ
2963 2791 3052 2836 xui.
3106 2787 3130 2836 6
3185 2785 3232 2837 ἑν
3279 2787 3514 2857 θαύμασι
3559 2782 3875 2858 περιϐόητος

2275 2883 2402 2940 θεῖος
2467 2881 2745 2953 Γρηγόριος
2811 2875 2856 2927 ἐν
2915 2883 2986 2945 τῷ
3045 2875 3168 2948 παρ’
3218 2873 3376 2926 αὑτοῦ
3425 2873 3678 2926 ἐκτεθέντι
3731 2871 3876 2943 λόγῳ

2271 2969 2343 3030 εἰς
2395 2971 2451 3020 τὸ
2511 2965 2840 3038 εὐαγγελικόν
2878 2964 3056 3037 ῥητὸν,
3124 2967 3204 3030 τό,
3257 2959 3423 3024 Οὗτός
3481 2961 3619 3014 ἐστιν
3672 2963 3696 3012 6
3755 2963 3878 3021 Υἱός

505 3057 765 3116 offerens
797 3063 853 3115 et
874 3059 1132 3130 oblatus,
1155 3059 1316 3116 idem
1345 3058 1668 3116 immolans
1701 3067 1758 3116 et
1787 3059 2155 3130 immolatus,

2272 3079 2370 3133 μου
2430 3059 2454 3108 6
2524 3053 2811 3127 ἀγαπητός,
2861 3054 2997 3104 κατά
3051 3053 3197 3126 ῥῆμα
3250 3052 3384 3104 ούτω
3437 3048 3663 3118 διεξιὼν,
3703 3045 3876 3110 Οὗτός

499 3148 663 3220 idem
693 3149 894 3206 hostia
917 3148 1111 3205 factus
1139 3149 1427 3222 idemque
1457 3149 1718 3204 hostiam
1739 3149 2059 3220 recipiens.

2274 3149 2414 3203 ἐστιν
2473 3147 2497 3197 6
2565 3147 2679 3204 Υἱός
2725 3161 2825 3215 μου
2884 3147 2972 3194 xui
3018 3139 3190 3214 ἀμνὸς,
3255 3141 3280 3192 6
3333 3139 3490 3200 αὐτὸς
3559 3140 3715 3211 ἱερεύς
3777 3159 3878 3190 και

506 3239 705 3309 ἱερεῖον,
739 3239 763 3288 6
788 3236 946 3298 αὐτὸς
975 3242 1277 3313 προσφέρων
1307 3241 1396 3288 xui
1426 3256 1858 3310 προσφερόμενος,
1891 3238 1917 3288 6
1950 3237 2102 3299 αὐτὸς
2131 3239 2408 3314 ἰερουργῶν
2439 3238 2526 3286 καὶ
2571 3236 3012 3307 ἱερουργούμενος,
3046 3232 3071 3282 6
3113 3230 3262 3290 αὐτὸς
3300 3231 3460 3282 θυσία
3495 3232 3753 3302 γινόμενος
3781 3233 3880 3280 xui.

518 3324 672 3384 αὐτὸς
693 3329 778 3376 τόν
799 3327 984 3377 θυσίαν
1016 3323 1294 3397 δεχόμενος

581 3413 858 3468 Consona
895 3413 988 3468 his
1015 3413 1292 3470 Ecclesire
1327 3429 1571 3485 quoque
1605 3414 2156 3486 Hicrosolymitame

505 3500 746 3572 lampas
776 3500 1028 3573 Cyrillus
1057 3502 1118 3556 in
1157 3517 1226 3556 eo
1273 3517 1458 3573 quem
1506 3501 1581 3558 de
1621 3519 1878 3559 occursu
1921 3504 2160 3559 Domini

512 3589 750 3661 scripsit
804 3605 1115 3646 sermone:
1159 3589 1342 3658 Idem,
1371 3591 1587 3662 inquit,
1633 3597 1721 3648 est
1771 3593 2160 3662 sacriﬁcator,

510 3677 798 3750 idemque
819 3677 1076 3734 victimae
1097 3683 1386 3751 receptor.
1409 3683 1657 3752 Insuper
1685 3685 1740 3736 et
1768 3683 2071 3738 maximus
2095 3698 2162 3739 ac

513 3767 689 3822 divus
732 3767 985 3840 Cyrillus
1033 3767 1408 3824 Alexandriae
1463 3768 1760 3826 luminare
1809 3771 1870 3826 in
1923 3787 2034 3828 suo
2090 3772 2164 3828 de

514 3857 774 3929 mystica
814 3873 989 3914 ccena
1013 3862 1068 3914 et
1097 3857 1318 3914 lotione
1351 3873 1650 3929 sermone,
1675 3859 1891 3917 diserte
1918 3863 2005 3916 sic
2035 3861 2116 3916 ait
2149 3880 2160 3917 :

519 3948 828 4016 Bibamus,
852 3953 961 4005 etc.
987 3965 1172 4020 usque
1201 3949 1281 4004 ad
1305 3947 1382 4004 de
1409 3947 1734 4006 venerabili
1764 3949 2040 4006 Trinitate
2081 3952 2167 4022 (ut

520 4035 636 4093 col.
671 4037 820 4106 166).
842 4037 1006 4094 Idem
1031 4038 1092 4093 in
1115 4053 1224 4094 suo
1251 4038 1470 4110 pariter
1501 4039 1578 4093 ad
1619 4038 1856 4108 reginas
1890 4055 2167 4095 sermone

519 4125 854 4180 sacerdotio
883 4127 1096 4182 Christi
1127 4141 1288 4198 saepe
1328 4132 1828 4196 commemorato,
1863 4128 1946 4183 sic
1967 4145 2172 4200 prose-

2349 3411 2566 3486 Συνῳὸὰ
2619 3413 2825 3472 τούτοις
2863 3414 2953 3461 καὶ
3005 3410 3030 3460 ό
3083 3417 3178 3469 τῆς
3243 3407 3608 3480 Ἱεροσολύμων
3661 3405 3882 3464 Ἐκκλη-

2279 3509 2398 3566 σίας
2443 3503 2686 3575 λαμπτὴρ
2739 3499 3016 3572 ἐφθέγξατο
3094 3497 3340 3571 Κύριλ).ος
3393 3495 3439 3548 ἐν
3507 3505 3579 3565 τῷ
3651 3495 3724 3557 εἰς
3781 3500 3880 3553 τὴν

2279 3595 2416 3646 θείαν
2490 3591 2818 3646 ’Υπαπαντὴν
2900 3589 3166 3644 πονηθέντι
3240 3585 3360 3660 παρ’
3445 3588 3604 3637 αὐτοῦ
3667 3584 3806 3655 λόγῳ
3863 3601 3880 3617 .

2279 3685 2440 3743 Αὐτός
2510 3682 2534 3730 6
2595 3681 2772 3746 θύτης,
2847 3676 3024 3745 εἰπὼν,
3093 3680 3183 3727 xui
3249 3675 3404 3736 αὐτὸς
3457 3676 3482 3726 6
3540 3677 3631 3731 τὴν
3684 3675 3880 3725 θυσίαν

2277 3768 2580 3842 δεχόμενος.
2642 3767 2754 3820 Ἔτι
2805 3763 2863 3818 δε
2911 3771 3001 3817 xui
3048 3766 3072 3816 6
3119 3767 3400 3837 παμμεγας
3449 3767 3536 3816 xui
3603 3764 3884 3824 θεσπέσιος

2279 3858 2526 3932 Κύρι).λος
2583 3859 2608 3908 6
2653 3865 2742 3916 τῆς
2783 3851 3159 3928 Ἀλεξανδρέων
3204 3857 3417 3926 φωστὴρ
3473 3852 3520 3904 ἐν
3559 3860 3632 3922 τῷ
3685 3851 3758 3913 εἰς
3785 3855 3882 3904 τόν

2275 3953 2530 4024 μυστικὸν
2577 3945 2781 4000 δεῖπνον
2835 3951 2923 3997 καὶ
2974 3953 3201 4018 νιπτῆρα
3260 3943 3394 4015 ὶόγῳ
3441 3943 3621 4010 αὐτού,
3655 3939 3884 4016 διαρρή-

2278 4037 2378 4098 δην
2416 4039 2577 4098 οὕτως
2631 4035 3040 4108 ἀποφαινόμενος
3073 4051 3086 4064 ·

2277 4134 2408 4194 etc.,
2459 4141 2644 4198 usque
2689 4125 2768 4182 ad
2823 4127 3081 4196 παντίμου
3139 4117 3390 4195 Τριάὸος.
3435 4120 3526 4183 ’ος
3577 4125 3666 4171 καὶ
3709 4119 3757 4170 ἐν
3805 4127 3884 4191 τῷ

3137 4037 3368 4105 Πίνωμεν
3425 4033 3585 4084 αὐτοῦ
3623 4035 3681 4083 τό
3743 4032 3886 4102 αἷμα

519 4213 772 4286 quitur:
823 4213 1246 4271 Animadverte
1304 4215 1638 4288 quomodo,
1697 4221 1813 4272 etc.
1863 4233 2048 4288 usque
2089 4234 2158 4274 aa

2279 4218 2346 4278 εἰς
2389 4219 2480 4278 τὰς
2513 4214 2840 4288 βασιλίσσας
2867 4213 3004 4284 λόγῳ
3053 4211 3235 4276 αὑτοῦ,
3281 4209 3552 4282 πολλαχοῦ
3597 4217 3690 4272 τῆς
3741 4212 3888 4262 κατὰ

519 4304 678 4357 Deus
703 4301 883 4358 simul
914 4307 969 4359 et
993 4303 1177 4359 homo
1201 4309 1284 4372 (ut
1301 4305 1412 4360 col.
1443 4307 1584 4378 167).
1613 4309 1904 4364 Praeterea
1927 4308 2169 4380 sapiens

519 4391 922 4448 Theodoretus
949 4393 1346 4464 apostolicum
1366 4393 1566 4450 locum
1588 4411 1880 4452 enarrans
1901 4397 2006 4453 ubi
2029 4396 2170 4453 dici-

521 4483 654 4537 tur:
683 4481 797 4548 Qui
814 4497 928 4536 non
961 4481 1136 4538 habet
1167 4483 1565 4540 necessitatem
1585 4487 1848 4556 quotidie
1869 4487 2039 4555 prius
2055 4500 2170 4555 pro

522 4571 646 4626 suis
676 4570 908 4625 delictis
943 4571 1198 4626 hostiam
1231 4571 1467 4640 offerre,
1495 4574 1710 4630 deinde
1735 4589 1847 4642 pro
1870 4575 2167 4644 populi“.

521 4658 654 4715 haec
684 4658 881 4714 addit:
931 4659 1031 4714 Hic
1073 4663 1274 4715 autem
1325 4667 1629 4718 suummet
1664 4662 1882 4720 obtulit
1910 4679 2166 4735 corpus;

519 4746 684 4804 idem
712 4747 996 4804 sacerdos
1028 4751 1085 4803 et
1105 4747 1348 4804 victima
1374 4765 1388 4814 ;
1422 4755 1480 4807 et
1515 4755 1815 4823 quatenus
1841 4755 2172 4820 Deus,cum

521 4838 691 4892 Patre
721 4841 777 4892 et
808 4837 1026 4909 Spiritu
1055 4836 1286 4893 donum
1311 4839 1622 4912 recipiens.
1649 4841 1948 4896 Enarrans
1971 4845 2172 4898 autem

524 4926 877 4982 Davidicum
932 4931 1198 4982 textum:
1237 4929 1322 4982 Tu
1376 4943 1434 4983 es
1470 4929 1745 4984 sacerdos
1775 4931 1839 4984 in
1886 4935 2172 4986 aeternum

523 5015 848 5070 secundum
884 5015 1606 5073 ordinemMelchisedech
1626 5017 1692 5086 ³⁷,
1727 5017 2174 5091 sicinterpreta-

525 5107 650 5161 tur:
689 5103 996 5160 Sacriﬁcat
1019 5119 1180 5162 nunc
1207 5119 1452 5178 quoque
1476 5105 1742 5162 Christus
1772 5106 1846 5162 de
1884 5107 2040 5163 Juda
2085 5123 2176 5164 se-

526 5191 798 5248 cundum
829 5208 1074 5249 carnem
1090 5198 1292 5264 natus,
1315 5193 1424 5250 etsi
1457 5193 1607 5249 nihil
1633 5193 1681 5248 is
1702 5192 2011 5268 oﬂ'ert,sed
2029 5195 2174 5253 offe-

599 5333 646 5368 ³⁵
667 5333 866 5390 Matth.
909 5351 988 5404 In,
1027 5337 1131 5403 17;
1165 5336 1252 5402 17,
1286 5339 1340 5392 5.
1417 5335 1465 5370 ³⁵
1497 5333 1672 5391 Hebr-
1699 5351 1797 5407 VII,
1825 5341 1914 5394 27-

599 5477 712 5549 (24)
744 5477 845 5549 Hic
896 5478 953 5533 S.
1014 5477 1278 5549 Gregorii
1332 5477 1763 5549 Thaumaturgi
1807 5478 1976 5537 locus
2022 5481 2175 5540 exci-

526 5547 700 5610 disse
733 5548 966 5606 videtur
1013 5563 1086 5605 ex
1127 5547 1288 5606 calce
1337 5549 1633 5608 sermonis
1679 5547 1760 5610 ab
1795 5566 1867 5610 eo
1913 5553 2054 5612 dicti
2093 5553 2170 5612 de

2279 4309 2509 4380 Χριστὸν
2593 4305 2875 4378 ἱερωσύνης
2957 4305 3296 4374 μεμνημένος,
3380 4299 3511 4352 οὕτω
3587 4295 3810 4360 διέξεισι
3868 4321 3884 4332 ·

2279 4395 2460 4468 ’Ἄθρει
2493 4391 2550 4446 δὲ
2581 4395 2718 4454 ὅπως
2745 4396 2877 4458 etc.,
2919 4405 3103 4460 usque
3145 4389 3227 4446 ad
3269 4391 3398 4462 ὁμοῦ
3449 4390 3574 4448 Θεὸς
3633 4392 3722 4440 καὶ
3783 4389 3884 4438 οἰν-

2282 4487 2503 4560 θρωπος·
2559 4481 2712 4536 Ἀ).λά
2740 4485 2826 4533 xui
2860 4479 2884 4530 6
2935 4483 3093 4552 σοφὸς
3123 4475 3464 4552 Θεοδώρητος
3493 4480 3550 4529 τό
3587 4475 3886 4528 ἀποστολι-

2281 4577 2368 4626 κὸν
2397 4573 2554 4646 ῥητόν
2604 4567 2946 4643 διηγούμενος
3003 4571 3060 4620 τὸ
3109 4569 3276 4640 λέγον,
3321 4567 3416 4629 ’⁸ος
3459 4567 3554 4618 οὐκ
3591 4569 3702 4637 ἔχει
3752 4567 3884 4618 καθ’

2281 4665 2476 4735 ἡμέραν
2545 4659 2774 4732 ἀνάγκην
2821 4663 3068 4730 πρότερον
3133 4659 3258 4730 ὑπὲρ
3335 4663 3434 4707 τῶν
3491 4651 3636 4707 ἰδίων
3709 4653 3886 4728 ἁμαρ.

2281 4759 2403 4804 τιῶν
2491 4751 2676 4802 θυσίαν
2755 4747 3040 4822 ἀναφέρειν,
3121 4748 3298 4798 ἔπειτα
3377 4752 3477 4797 τῶν
3559 4751 3650 4796 τοῦ
3725 4743 3882 4810 λαοῦ,

2280 4841 2444 4901 οὕτως
2510 4839 2690 4908 ἐπάγει
2754 4858 2767 4870 ·
2821 4841 2921 4890 Καὶ
2975 4835 3156 4888 ἐκεῖνοι
3207 4837 3296 4906 μεν
3361 4835 3510 4906 ἔτερα
3563 4851 3886 4907 προσεφερον

2287 4933 2509 5002 θύματα,
2561 4927 2706 4987 οὗτος
2753 4922 2812 4979 δὲ
2851 4925 3035 4978 ἑαυτοῦ
3083 4929 3438 4997 προσενήνοχε
3486 4930 3670 4994 σῶμα·
3723 4921 3890 4984 αὐτὸς

2283 5021 2440 5093 ἱερεὺς
2499 5021 2588 5068 καὶ
2665 5017 2843 5088 ἱερεῖον
2899 5017 3204 5086 γενόμενος·
3267 5018 3354 5065 καὶ
3421 5012 3486 5072 ὠς
3553 5013 3696 5080 Θεὸς,
3749 5013 3892 5082 μετὰ

2283 5109 2488 5182 Πατρός
2536 5108 2625 5158 xui
2675 5106 2972 5176 Πνεύματος
3027 5106 3085 5155 τὸ
3151 5097 3318 5174 δῶρον
3373 5097 3680 5172 δεχόμενος.
3735 5099 3890 5162 Ἐξη-

2283 5199 2530 5270 γούμενος
2590 5189 2652 5246 δὲ
2709 5195 2797 5245 καὶ
2863 5195 2922 5244 τὸ
2985 5193 3258 5244 Δαυῑτικὸν
3333 5190 3510 5265 ῥητόν,
3571 5191 3629 5240 τὸ
3697 5189 3764 5239 Σύ
3843 5186 3898 5241 εἶ

1991 5338 2036 5373 ⁸⁷
2076 5339 2230 5399 Psal.
2256 5355 2364 5407 cxx,
2393 5341 2446 5394 4.

2285 5479 2498 5540 Christi
2521 5474 2850 5548 baptismo,
2867 5471 2976 5548 ubi
2996 5471 3221 5546 Optime
3257 5471 3390 5548 hmo
3417 5467 3600 5548 verba
3627 5469 3890 5542 quidem

2279 5541 2884 5626 quadrantfminime
2909 5541 3115 5604 tamén
3139 5557 3302 5600 nunc
3323 5541 3622 5613 leguntur.
