4126 6272
216 270 305 327 183
1529 277 1873 341 THESAUBI
1925 286 2053 341 LIB.
2093 288 2271 344 XXIV.

3475 299 3576 358 {86

213 396 361 467 ἱερεὺς
417 392 493 455 εἰς
560 396 654 444 τὸν
697 393 867 447 αἰῶνα
933 400 1069 449 κατὰ
1117 403 1205 456 τὴν
1257 400 1402 463 τάξιν
1448 400 1804 474 Μελχισεδὲκ,

1926 410 2180 467 rentium
2212 416 2394 485 caput
2422 419 2528 471 est.
2576 418 2803 488 Corpus
2833 417 2992 474 enim
3037 434 3216 476 suum
3244 418 3572 476 Ecclesiam

210 489 314 557 περὶ
360 492 457 544 τῆς
514 482 639 535 καθ’
697 487 901 557 ἡμέραν
982 493 1254 560 γινομένης
1298 490 1665 564 ἱεροτελεστίας
1731 494 1814 546 ού-

210 593 295 633 m;
343 574 701 647 ἡρμήνευσεν·
771 573 1044 649 Ἰερατεύει
1092 572 1151 629 δὲ
1197 583 1288 631 καὶ
1334 587 1421 631 νῦν
1469 582 1495 632 6
1553 580 1609 644 ἐξ
1637 579 1817 637 Ἰούδα

1923 498 2204 570 appellat.
2228 503 2294 556 Et
2341 503 2638 563 sacriﬁcat
2662 506 2907 578 quidem
2953 515 3019 564 ut
3070 507 3278 578 homo,
3308 508 3571 566 hostiam

1922 601 2067 643 vero
2099 589 2309 663 recipit
2333 598 2398 647 ut
2429 596 2604 650 Deus.

210 665 331 713 κατά
390 664 571 734 σάρκα
630 660 951 735 βλαστήσεις
1009 669 1256 738 Χριστὸς,
1328 674 1500 722 καίτοι
1556 668 1721 742 μηδὲν
1770 671 1927 734 αὖτὸς
1970 682 2297 753 προσφέρων,
2377 680 2505 735 ἀλλὰ
2576 692 2676 736 τῶν
2750 690 3143 761 προσφερόντων
3186 686 3378 760 κεφαλὴ
3432 708 3572 760 χφη-

215 752 441 823 ματίζων
474 773 488 784 ·

211 845 602 915 προσφερόμενα
625 841 695 902 ὧς
725 847 871 903 Θεός.

273 936 453 981 Ταῦτα
476 933 571 1002 μὲν
602 930 694 981 οὖν
738 928 794 982 ἐκ
846 931 1043 984 πολλῶν
1109 932 1257 1006 ὀλίγα
1309 939 1453 1010 παρὰ
1508 946 1606 990 τῶν
1667 940 1812 992 θείων

218 1022 446 1093 Πατέρων
519 1017 891 1093 ἐρανισάμενοι
947 1027 1076 1096 πρὸς
1142 1022 1329 1099 ἐναργῆ
1404 1033 1497 1088 τῆς
1575 1027 1815 1089 ἀληθείας

216 1111 561 1181 παράστασιν,
647 1117 711 1182 τῇ
811 1115 1052 1186 παρούσῃ
1120 1122 1291 1187 γραφῇ
1378 1113 1697 1190 ἐνετάξαμεν,
1754 1121 1813 1171 τὸ

445 1206 539 1249 τοῦ
615 1197 777 1270 λόγου
862 1200 1206 1273 ἐκφεύγοντες.
1275 1202 1481 1266 Ἔξεστι
1565 1202 1624 1258 δὲ
1704 1214 1815 1269 τοῖς

209 1284 547 1359 βουλομένοις
585 1286 902 1359 φιλοπονεῖν,
941 1295 1031 1342 καὶ
1080 1290 1133 1353 ἐξ
1183 1291 1344 1343 οὒιλων
1395 1299 1593 1369 μυρίων
1648 1298 1812 1348 συνά-

211 1206 367 1268 μῆκος

207 1395 307 1446 γειν
351 1383 445 1427 τοῦ
504 1377 646 1427 θείου
692 1372 959 1450 δόγματος
1019 1384 1111 1438 τὴν
1167 1378 1475 1454 ἀκρίϐείωμ
1540 1389 1650 1436 Τῶν
1725 1381 1812 1437 οὖν

212 1466 463 1538 θεογόρων
523 1468 770 1539 Πατέρων
832 1470 989 1528 οὕτως
1049 1471 1344 1545 όμοφρόνως
1408 1471 1684 1546 εἰρηκότων
1747 1474 1815 1525 τὰ

206 1558 314 1626 περὶ
369 1556 586 1621 τούτου,
628 1550 850 1612 εὔδηλον
915 1559 1004 1623 ὡς,
1054 1558 1280 1616 ὁπηνίκα
1326 1564 1417 1611 καὶ
1469 1561 1494 1612 6
1551 1564 1812 1623 Δεσπότης

208 1645 436 1715 Χριστός
494 1641 679 1695 ἑαυτὸν
737 1642 992 1707 ἑκουσίως
1064 1648 1279 1720 ἱέρευσε,
1338 1653 1640 1723 προσήγαγε
1721 1652 1811 1722 μὲν

206 1730 376 1783 ἑαυτὸν
424 1733 567 1783 κατὰ
618 1735 678 1784 τὸ
751 1730 1091 1808 ἀνθρώπινον,
1121 1738 1190 1798 ὡς
1249 1733 1307 1788 δὲ
1364 1741 1490 1798 Θεὸς
1530 1743 1620 1790 καὶ
1659 1738 1812 1799 αὐτὸς

208 1822 411 1891 συνάμα
476 1828 551 1890 τῷ
606 1826 777 1895 Πατρὶ
814 1827 907 1873 καὶ
944 1826 1206 1896 Πνεύματι
1242 1829 1331 1884 τήν
1404 1828 1588 1879 θυσίαν
1638 1824 1809 1881 ἀνεδὲ-
1845 1808 1890 1861 Β

206 1909 341 1972 ξατο.
401 1908 542 1961 Ἀλλ’
598 1908 647 1961 ἐν
704 1913 907 1973 τούτοις
958 1914 1049 1984 μὲν
1104 1915 1168 1965 τὰ
1212 1922 1306 1976 τῆς
1354 1915 1644 1977 ὑποθέσεως
1676 1916 1808 1990 ἐφ’ᾖ

209 2004 290 2052 καὶ
342 2004 564 2073 πρώτως
605 1999 925 2074 συνήλθομεν
958 2015 972 2030 '
1023 2006 1112 2054 καὶ
1143 2004 1277 2054 οὕτω
1319 1999 1399 2056 δεῖ
1455 2012 1651 2077 φρονεῖν
1689 2010 1811 2067 τοὺς

204 2097 292 2151 τῆς
328 2087 653 2150 Ἐκκλησίας
704 2093 991 2164 τροφίμους
1038 2092 1107 2152 ὡς
1159 2099 1253 2154 τῆς
1300 2090 1531 2167 Τριάδος
1582 2113 1812 2168 προσκυ-

204 2180 376 2237 ντςτάς·
433 2182 526 2229 καὶ
579 2176 694 2228 κατ’
744 2175 922 2250 ἀρχὴν
971 2176 1056 2230 ἐπὶ
1110 2186 1201 2231 τοῦ
1250 2187 1568 2234 Δεσποτικοῦ
1615 2184 1811 2247 πάθους

206 2270 284 2318 τόν
317 2266 650 2340 θεάνθρωπον
694 2271 866 2337 Λόγον
928 2269 987 2320 τὸ
1054 2274 1310 2343 σωτήριον
1378 2271 1518 2344 θύμα
1593 2291 1811 2346 προσεν-

207 2363 359 2425 εγκεῖν
418 2363 494 2425 τῷ
551 2360 723 2430 Πατρί
785 2375 841 2409 τε
895 2360 986 2409 καὶ
1037 2357 1203 2430 ἐαυτῷ
1282 2362 1346 2420 ὼς
1425 2368 1538 2433 Θεῷ
1593 2365 1684 2413 καὶ
1738 2369 1811 2433 τῷ

210 2448 511 2516 Πνεύματε⁴
542 2446 668 2520 παρ’
708 2446 776 2496 ὧν
823 2443 928 2498 κάκ
978 2453 1070 2499 τοῦ
1126 2452 1197 2520 μὴ
1255 2451 1395 2508 ὄντος
1444 2445 1511 2510 εἷς
1574 2453 1632 2502 τό
1681 2452 1810 2503 εἶναι

203 2535 455 2607 παρήχθη
525 2536 552 2586 ὁ
619 2535 930 2609 ἄνθρωπος⁶
1003 2536 1076 2597 οἷς
1134 2540 1225 2589 καὶ
1303 2541 1655 2613 προσέπταισε
1714 2544 1808 2599 τὴν

207 2621 405 2682 ἐντολὴν
473 2622 717 2697 παραϐάς
748 2645 761 2657 ·
843 2624 921 2685 οἷς
994 2629 1084 2678 καὶ
1145 2621 1240 2679 διὰ
1293 2635 1385 2679 τοῦ
1458 2629 1653 2689 πάθους
1716 2636 1807 2681 τοῦ

208 2712 438 2786 Χρεστού
493 2712 896 2786 καταλλάγημαο
949 2712 1077 2766 ἀλλὰ
1136 2719 1226 2767 καὶ
1267 2722 1356 2767 νῦν
1412 2718 1658 2780 ὡσαύτως
1715 2721 1809 2780 τὰς

208 2799 551 2874 ἀναιμάκτους
610 2805 796 2865 θυσίας
877 2809 940 2875 τῇ
1016 2804 1292 2877 παντελείῳ
1355 2809 1444 2858 καὶ
1511 2806 1806 2878 τελειοποιῷ

207 2887 391 2965 Τριάδι
437 2894 830 2965 προσάγεσθαι,
876 2896 970 2945 καὶ
1020 2895 1214 2953 ταύτην
1288 2897 1484 2957 ταύτας
1538 2915 1806 2970 προσαπο-

210 2975 480 3051 δέχεσθαι.

272 3070 414 3123 Ἐπεὶ
485 3066 547 3123 δε
620 3070 716 3123 ούκ
757 3067 819 3129 ἦν
881 3078 974 3123 τοῦ
1021 3070 1279 3145 βασιλέως
1338 3073 1692 3147 μεγαλονοίας,
1747 3074 1805 3127 ού

547 760 705 824 σῶμα
771 754 870 826 γὰρ
952 754 1133 808 ἑαυτοῦ
1209 761 1303 815 τήν
1360 758 1674 818 Ἐκκλησίαν
1721 759 1868 813 καλεῖ
1898 782 1911 795 ·

1978 770 2068 818 καὶ
2130 767 2374 841 ἰερατεύει
2420 775 2511 846 μὲν
2587 774 2653 836 ὠς
2729 776 3019 852 ἄνθρωπος,
3095 773 3313 849 δέχεται
3377 776 3437 830 δὲ
3509 779 3574 830 τὰ

1993 949 2187 1005 Pauca
2215 950 2344 1007 haec
2374 951 2449 1010 de
2491 953 2693 1010 multis
2735 970 2808 1011 ex
2855 954 3008 1011 divis
3054 954 3326 1011 Patribus
3372 957 3573 1014 decer-

1920 1042 2129 1111 pentes
2159 1040 2238 1096 ad
2268 1041 2603 1099 evidentem
2655 1043 2920 1100 veritatis
2969 1044 3567 1117 demonstrationem,

1919 1129 1982 1185 in
2023 1130 2187 1187 hunc
2217 1133 2714 1189 commentarium
2747 1132 3130 1203 inseruimus,
3169 1133 3572 1206 prolixitatem

1919 1219 2244 1277 verborum
2272 1222 2549 1279 vitantes.
2592 1222 2814 1280 Licebit
2854 1224 3063 1294 autemf
3099 1222 3418 1279 lucubrare
3465 1239 3571 1280 vo—

1917 1308 2196 1379 lentibus,
2231 1327 2303 1367 ex
2339 1311 2469 1369 aliis
2498 1326 2743 1384 quoque
2772 1312 3083 1385 permultis
3111 1312 3260 1368 locis
3292 1311 3571 1383 colligere

1920 1402 2074 1456 sacri
2103 1399 2406 1471 dogmatis
2434 1401 2999 1458 demonstrationes.
3029 1402 3175 1458 Cum
3204 1402 3383 1471 igitur
3410 1401 3573 1475 pleni

1922 1491 2039 1546 Deo
2070 1492 2270 1547 Patres
2301 1493 2425 1547 tam
2457 1490 2833 1548 concorditer
2861 1490 2935 1546 de
2973 1491 3089 1547 hac
3131 1507 3194 1547 re
3223 1490 3568 1564 loquantur,

1921 1577 2123 1651 palam
2154 1582 2246 1634 est
2274 1579 2440 1652 quod
2471 1596 2611 1636 cum
2642 1579 2910 1637 Christus
2944 1579 3231 1635 Dominus
3270 1595 3333 1635 se
3367 1580 3569 1652 ipsum

1920 1673 2131 1739 sponte
2162 1670 2454 1726 sacriﬁcio
2501 1669 2734 1736 obtulit,
2765 1674 3065 1744 quatenus
3096 1669 3343 1743 quidem
3384 1670 3570 1727 homo

1920 1762 2066 1823 erat,
2094 1774 2157 1814 se
2209 1759 2468 1825 obtulit;
2516 1763 2814 1832 quatenus
2859 1775 3002 1815 vero
3034 1762 3209 1829 Deus,
3240 1760 3372 1833 ipse
3418 1774 3569 1832 quo-

1918 1863 2037 1920 que
2066 1863 2206 1903 cum
2236 1851 2407 1905 Patre
2437 1852 2495 1905 et
2526 1849 2745 1920 Spiritu
2795 1849 3056 1906 hostiam
3108 1849 3348 1921 recepit.
3378 1853 3570 1922 Atque

1917 1936 1978 1992 in
2004 1936 2119 1992 hoc
2142 1938 2456 2010 proposita
2479 1937 2735 2010 quaestio
2763 1940 3030 2007 vertitur,
3062 1938 3236 2008 cuius
3267 1954 3451 1995 causa
3474 1954 3571 1993 su-

1915 2025 2151 2098 periore
2201 2042 2447 2099 quoque
2496 2030 2765 2098 tempore
2799 2026 3148 2097 congregati
3193 2026 3441 2082 fuimus.
3476 2026 3570 2084 Sic

1920 2118 2119 2171 autem
2150 2115 2400 2171 omnino
2431 2114 2669 2171 credere
2698 2119 2931 2187 oportet
2974 2114 3246 2171 Ecclesiae
3289 2114 3568 2170 alumnos

1917 2207 1976 2260 et
2004 2203 2296 2260 Trinitatis
2325 2203 2583 2261 cultores
2616 2221 2629 2260 :
2668 2219 2890 2277 nempe
2919 2209 2977 2261 et
3000 2204 3144 2260 olim
3169 2203 3229 2260 in
3280 2203 3568 2260 Passione

1917 2292 2230 2349 Dominica
2276 2293 2539 2349 Verbum
2584 2292 3054 2367 theanthropum
3093 2292 3421 2348 salutarem
3449 2293 3565 2349 ho-

1918 2382 2094 2438 stiam
2118 2381 2461 2439 exhibuisse
2483 2386 2612 2438 tum
2638 2382 2812 2450 Patri,
2843 2385 2973 2440 tum
3025 2382 3141 2455 ipsi
3170 2380 3286 2437 sibi
3315 2382 3399 2437 uti
3446 2384 3567 2439 Deo

1916 2486 2028 2528 nec
2056 2486 2178 2527 non
2211 2471 2452 2541 Spiritui
2484 2489 2498 2527 :
2547 2487 2582 2529 a
2607 2471 2831 2545 quibus
2860 2488 2933 2528 ex
2963 2470 3148 2528 nihilo
3187 2470 3267 2527 ad
3309 2470 3566 2528 existen-

1916 2559 2066 2616 dum
2107 2559 2440 2633 productus
2495 2564 2588 2617 est
2626 2561 2847 2628 homo;
2879 2576 3033 2634 quos
3061 2561 3190 2633 ipse
3227 2562 3565 2630 transgres-

1918 2650 2087 2707 sione
2132 2666 2248 2707 sua
2291 2649 2570 2720 offendit;
2602 2650 2825 2724 quibus
2876 2650 3138 2723 denique
3192 2665 3301 2722 per
3354 2648 3566 2707 Christi

1914 2739 2264 2813 passionem
2308 2740 2725 2797 reconciliatus
2772 2739 2898 2796 fuit.
2932 2740 3058 2796 Imo
3105 2754 3270 2795 nunc
3320 2753 3565 2811 quoque

1914 2828 2256 2887 incruentas
2302 2829 2534 2887 hostias
2593 2829 2864 2886 creatrici
2917 2845 3116 2885 rerum
3178 2827 3453 2885 omnium
3508 2829 3566 2883 et

1915 2919 2162 2975 auctrici
2189 2917 2452 2975 Trinitati
2480 2933 2692 2990 reapse
2722 2916 2942 2986 offerri,
2971 2932 3197 2990 easque
3228 2916 3307 2972 ab
3350 2914 3565 2972 eadem

1910 3007 2116 3081 recipi.

1987 3097 2287 3163 Quoniam
2314 3112 2456 3153 vero
2484 3096 2615 3152 fieri
2646 3110 2769 3152 non
2800 3098 3037 3168 poterat
3067 3093 3215 3168 quin
3243 3091 3562 3163 magnani-

208 3163 303 3231 μὴν
351 3156 475 3213 οὐδὲ
512 3167 608 3221 τῆς
661 3159 786 3213 καθ’
838 3162 978 3233 ἡμᾶς
1036 3158 1319 3235 ἀδελφικῆς
1373 3172 1644 3236 συμπνοῆς
1716 3168 1806 3217 καὶ

1917 3200 2050 3242 mus
2078 3184 2427 3258 imperator,
2457 3185 2722 3257 itemque
2767 3187 2977 3240 nostra
3024 3198 3274 3239 concors
3330 3197 3400 3239 ac
3441 3179 3563 3238 fra-

207 3250 462 3320 ὁμονοίας,
518 3252 578 3301 τὸ
634 3253 706 3322 μὴ
765 3252 858 3301 καὶ
914 3252 1031 3310 τοὺς
1098 3254 1323 3326 σπορέας
1384 3259 1485 3304 τῶν
1560 3252 1806 3314 ζιζανίων

208 3338 426 3391 σπεῦσαι
479 3339 652 3391 πάντα
710 3342 902 3409 τρόπον
957 3337 1287 3412 ἓφευρεθῆναί
1324 3345 1414 3393 καὶ
1469 3340 1805 3415 ἐλεγχθῆναι,

206 3430 256 3478 τό
301 3427 492 3500 γαῦλον
548 3434 706 3480 τοῦτο
755 3432 849 3480 καὶ
902 3425 1199 3490 ἆκανὸδώὃες
1245 3433 1453 3506 σπέρμα
1480 3438 1553 3501 τῷ
1592 3433 1806 3508 καθαρῷ

203 3524 289 3578 τῆς
351 3515 617 3579 εὐσεϐείας
714 3521 847 3589 σίτῳ
937 3516 1404 3592 ἐγκαταμίξαντας,
1467 3523 1557 3572 καὶ
1634 3519 1805 3593 λόγοις

203 3603 498 3668 ἀλλοκότοις
583 3604 982 3681 ἐπιχειροῦντας
1053 3608 1461 3669 κατασκευάζειν
1555 3610 1637 3661 ὅτι
1709 3618 1805 3671 τῆς

202 3686 487 3769 Νεστορίού
524 3695 731 3758 λύσσης
781 3693 899 3748 ἐστι
939 3696 1344 3773 παραπλήρωμα
1395 3700 1453 3750 τὸ
1524 3700 1667 3774 παρὰ
1708 3707 1805 3763 τῆς

203 3784 511 3845 ’ῦικλησίας
569 3780 865 3857 ὀρθοδόξως
932 3779 1401 3859 δογματιζόμενον,
1450 3788 1520 3848 ὡς
1579 3787 1647 3849 εἰς
1707 3784 1803 3842 δύο

201 3879 482 3948 Χριστούς,
536 3872 707 3947 βαϐαὶ
763 3882 855 3935 τῆς
908 3874 1190 3938 ἀπονοίαςί
1259 3875 1522 3949 οἰομένους
1577 3876 1803 3932 ἐντεῦθεν

198 3960 523 4039 διαιρεῖσθαι
551 3967 640 4016 τὸν
681 3965 1011 4040 θεάνθρωπον
1052 3967 1262 4038 Κύριον,
1321 3964 1394 4039 ἐφ’
1454 3967 1531 4028 οἷς
1588 3968 1613 4019 6
1651 3987 1803 4040 μονο-

195 4058 342 4123 γενής
377 4054 504 4115 Υἱός
557 4058 649 4106 καὶ
713 4057 888 4126 Λόγος
934 4060 1026 4106 τοῦ
1073 4058 1200 4108 Θεοῦ
1246 4053 1371 4128 παρ’
1408 4056 1554 4129 ἡμῶν
1600 4076 1802 4130 καταγ-

194 4142 427 4210 γέλλλται
476 4146 791 4218 προσφέρειν
838 4144 931 4216 μὲν
997 4145 1061 4204 ὡς
1109 4144 1403 4219 ἄνθρωπος,
1434 4146 1505 4206 ὡς
1556 4141 1616 4197 δὲ
1673 4149 1802 4209 Θεὸς

196 4235 281 4283 καὶ.
346 4228 773 4307 προσδεχεσθαι·
831 4226 1017 4290 ἐδέησε
1079 4230 1257 4285 λοιπὸν
1327 4229 1421 4286 διὰ
1494 4241 1662 4287 ταῦτα
1710 4239 1801 4288 καὶ

196 4320 335 4391 ὑμῶν
388 4329 483 4375 τοῦ
546 4322 665 4374 καθ’
721 4323 811 4375 ἕνα
866 4323 1147 4388 πυθέσθαι,
1214 4323 1350 4384 ὅπως
1408 4323 1625 4386 ἕκαστος
1689 4327 1802 4398 ἔχει

198 4414 311 4483 περὶ
341 4414 527 4464 τούτου
563 4416 915 4486 φρονήματος·
955 4415 1040 4464 ναὶ
1090 4408 1157 4470 δὴ
1208 4417 1300 4465 καὶ
1354 4414 1549 4466 τούτων
1615 4414 1801 4467 ὁπόσοι

1913 3277 2081 3331 terna
2137 3276 2397 3342 caterva,
2429 3273 2647 3330 horum
2709 3272 3069 3330 zizaniorum
3113 3275 3343 3329 satores
3396 3269 3564 3327 omni

1914 3363 2112 3419 studio
2139 3362 2415 3435 detegere
2443 3366 2625 3436 atque
2653 3378 2903 3435 arguere
2930 3365 3183 3430 curaret,
3211 3360 3316 3434 qui
3343 3374 3563 3432 nempe

1912 3451 2142 3509 malum
2168 3452 2286 3509 hoc
2329 3452 2767 3526 spinosumque
2807 3466 3015 3509 semen
3043 3449 3415 3508 orthodoxiae
3444 3449 3565 3505 fru-

1912 3544 2118 3598 mento
2167 3540 2673 3615 immiscuerunt;
2733 3541 3136 3614 absurdisque
3186 3538 3561 3597 sermonibus

1912 3630 2047 3688 ausi
2078 3634 2217 3687 sunt
2254 3630 2470 3698 dicere,
2499 3630 2667 3705 quod
2721 3635 2952 3688 rectum
3010 3629 3282 3686 Ecclesiae
3336 3629 3564 3700 dogma

1909 3721 2273 3778 Nestorianse
2292 3721 2550 3779 vesaniae
2576 3721 3056 3778 additamentum
3087 3719 3195 3788 sit;
3225 3718 3369 3791 quia
3395 3716 3561 3773 vide-

1910 3807 2047 3865 licet
2077 3813 2313 3882 putant,
2345 3808 2521 3882 quasi
2575 3809 2637 3865 in
2692 3809 2845 3865 duos
2877 3808 3143 3866 Christos
3202 3806 3366 3877 (hem
3394 3820 3563 3860 vesa-

1910 3896 2077 3953 niam
2106 3897 2143 3967 !)
2172 3898 2289 3954 isto
2317 3897 2503 3954 modo
2540 3896 2728 3953 dividi
2772 3896 3197 3967 theantropum
3225 3892 3558 3959 hominem,

1911 3983 2059 4041 dum
2084 3986 2429 4056 unigenitus
2454 3985 2631 4041 Filius
2661 3988 2719 4041 et
2745 3983 3004 4040 Verbum
3036 3981 3138 4038 Dei
3155 3996 3191 4038 a
3210 3979 3385 4036 nobis
3416 3978 3561 4035 dici—

1912 4078 2007 4131 tur
2035 4074 2247 4131 offerre
2286 4075 2533 4148 quidem
2561 4078 2627 4130 ut
2666 4074 2873 4139 homo,
2903 4071 3166 4144 recipere
3216 4085 3357 4127 vero
3406 4084 3559 4141 qua-

1909 4168 2084 4221 tenus
2132 4167 2328 4232 Deus;
2382 4164 2669 4236 quocirca
2712 4161 2942 4235 optavit
2981 4161 3329 4234 imperator,
3352 4163 3420 4215 ut
3443 4158 3561 4214 sin-

1910 4253 2035 4325 guli
2059 4257 2327 4311 vestrum
2373 4256 2729 4323 rogarentur
2770 4251 2845 4307 de
2899 4251 3013 4308 hac
3054 4265 3119 4307 re
3176 4248 3556 4315 sententiam,

1908 4357 2149 4399 necnon
2177 4342 2525 4416 quicunque
2545 4341 2729 4413 hujus
2770 4339 3012 4397 concilii
3039 4338 3357 4413 participes
3396 4340 3558 4407 sunt,

1909 4432 1958 4488 si
1988 4432 2173 4490 modo
2214 4434 2333 4489 sint
2360 4432 2590 4489 honore
2633 4430 2988 4488 diaconatus
3028 4427 3284 4503 praediti,
3312 4427 3561 4484 interro-

199 4505 285 4550 τοῦ
350 4500 606 4573 συλλόγου
657 4505 814 4577 μέρος
895 4499 1053 4572 ὄντες,
1103 4506 1193 4554 καὶ
1247 4501 1392 4554 οὗτοι
1418 4504 1477 4555 τὸ
1533 4506 1703 4577 τίμιον
1752 4502 1800 4556 ἓν

1917 4525 2144 4592 gentur.
2170 4524 2319 4580 Tum
2347 4520 2594 4594 quidem
2620 4536 2760 4577 cum
2802 4519 3014 4592 reliqui
3033 4499 3255 4575 omnes
3303 4517 3561 4573 honora—

204 4583 457 4652 διακόνοις
556 4590 1012 4654 συνεξετάζόνται.
1085 4590 1241 4644 Ἀλλὰ
1324 4599 1426 4644 τῶν
1488 4593 1580 4665 μὲν
1637 4592 1800 4646 ἄλλων

206 4674 433 4732 ἀπάντων
472 4679 690 4755 ἐντίμων
735 4674 995 4735 διακόνων
1034 4683 1149 4735 ὅσοι
1197 4689 1269 4755 τῷ
1324 4681 1577 4755 βασιλείῳ
1634 4686 1800 4757 τούτῳ

204 4773 289 4820 καὶ
318 4772 434 4844 ἰερῷ
466 4777 828 4847 παρίστανται
858 4768 1067 4844 βήματι
1111 4777 1210 4844 μιᾷ
1254 4770 1410 4845 ψυχῇ
1459 4775 1550 4825 καὶ
1595 4771 1796 4847 γλώττῃ

209 4862 623 4933 συμφρονούντων
671 4865 764 4914 καὶ
826 4859 1310 4933 συνομολογούντων
1367 4862 1434 4913 τὰ
1487 4857 1796 4934 δεδογμένα,

207 4945 232 4994 ὀ
264 4952 359 4998 τῶν
404 4948 706 5004 ἀποστόλων
761 4945 1091 5012 διδάσκαλος
1152 4952 1448 5024 Νικηφόρος
1494 4951 1521 5003 6
1578 4950 1799 5004 Βασιλά-

207 5053 289 5096 In;
316 5038 443 5110 (25),
472 5040 669 5094 αὐτίκα
725 5037 845 5091 κατ’
892 5036 1067 5111 ἀρχὰς
1117 5047 1209 5100 τῆς
1265 5040 1412 5112 ἡμῶν
1463 5043 1799 5103 συνελεύσεως

210 5123 267 5184 εἰς
316 5133 466 5198 μέσον
529 5134 765 5206 τήμερον
819 5127 1005 5181 ἑαυτὸν
1058 5126 1310 5202 ἐμϐαλὼν,
1349 5127 1510 5181 πολὺν
1563 5128 1798 5204 ἀρχῆθεν

212 5210 466 5276 ἐποιήσατο
508 5223 599 5275 τὸν
664 5217 983 5290 κατάλογον,
1033 5216 1081 5270 ἓν
1127 5219 1342 5291 ὑπηκόῳ
1397 5220 1602 5272 πάντων
1658 5220 1797 5292 ὑφη-

208 5307 470 5380 γησάμενος
505 5313 568 5365 τὸ
626 5298 913 5383 συμπεσὸν
957 5305 1093 5378 αύτῷ
1144 5309 1312 5363 αἴτιον
1361 5315 1458 5371 τῆς
1497 5313 1618 5382 περὶ
1674 5304 1800 5380 δόγέ

257 5482 360 5560 (25)
386 5488 687 5549 Basilacis
745 5486 944 5557 hujus
997 5484 1330 5561 ethOpoeias
1352 5500 1457 5543 seu
1496 5485 1800 5545 declama-

197 5568 358 5638 tiones
376 5579 623 5657 aliquot
669 5573 875 5637 edidit
911 5574 1029 5653 Leo
1063 5574 1313 5638 Allatius
1341 5576 1409 5634 in
1452 5576 1577 5635 suis
1602 5575 1799 5637 rheto-

1907 4610 2058 4669 biles
2069 4611 2326 4679 diaconi,
2348 4614 2645 4685 quotquot
2662 4610 2851 4683 regali
2868 4609 3008 4667 huic
3030 4623 3321 4681 sacroque
3344 4607 3558 4664 throno

1909 4705 2129 4770 astant,
2156 4717 2280 4758 uno
2310 4701 2514 4759 animo
2546 4717 2616 4759 ac
2654 4716 2797 4759 voce
2827 4700 3055 4771 dogma
3101 4698 3163 4756 id
3210 4696 3561 4755 conﬁteren-

1908 4794 2005 4848 tur
2032 4790 2205 4864 eique
2232 4792 2657 4861 consentirent,
2688 4789 2965 4847 Nicolaus
2994 4788 3286 4846 Basilaces
3307 4790 3557 4859 aposto-

1906 4879 2160 4938 licarum
2210 4880 2534 4938 lectionum
2577 4881 2886 4952 magister,
2920 4878 3120 4936 statim
3172 4876 3341 4933 initio
3370 4873 3561 4932 nostri

1908 4985 2285 5041 congressus,
2319 4975 2376 5028 et
2403 4971 2582 5028 hodie
2607 4970 2790 5028 etiam
2827 4969 2888 5026 in
2918 4967 3188 5025 medium
3217 4963 3556 5039 prosiliens,

1905 5058 2158 5130 longum
2188 5059 2298 5117 abs
2348 5060 2436 5116 rei
2474 5059 2641 5117 initio
2678 5058 3003 5117 verborum
3035 5056 3333 5114 ambitum
3357 5070 3552 5123 orsus,

1908 5149 2136 5207 cunctis
2179 5150 2564 5208 audientibus
2620 5149 2883 5207 rationes
2941 5147 3220 5221 exposuit
3295 5159 3557 5219 quarum

1908 5253 2094 5297 causa
2148 5239 2225 5297 de
2275 5239 2393 5296 hoc
2429 5239 2713 5312 dogmate
2769 5237 3135 5305 dubitabat;
3187 5234 3431 5292 omnino
3460 5232 3557 5289 his

1905 5341 2044 5400 quas
2079 5327 2226 5386 dixit
2250 5326 2623 5399 signiﬁcans,
2654 5341 2716 5383 se
2744 5326 3079 5400 principem
3130 5323 3264 5394 ejus
3320 5319 3557 5378 discidii

1903 5519 2041 5635 $1?
2066 5502 2401 5633 ﬁgamus.
2450 5505 2626 5562 Manu
2683 5500 2937 5574 scriptas
2989 5510 3104 5566 ego
3150 5492 3276 5551 vidi
3316 5491 3379 5547 in
3415 5487 3550 5545 cod.

1951 5591 1988 5635 a
2018 5616 2031 5631 .
2208 5617 2223 5631 .

1951 5591 2031 5636 81.
2066 5591 2223 5633 1409.
