4126 6272
501 291 603 348 18⁸7

1830 294 1874 348 Ν
1881 290 2103 349 ΙΟΕΤᾹΞ
2149 289 2520 348 ΕΗΟΝΙΑΤᾸΞ

3752 297 3864 351 188

497 414 683 471 fuisse
716 431 730 469 :
769 414 1028 488 ideoque
1052 415 1114 472 id
1140 415 1366 486 dogma
1414 431 1450 472 a
1481 430 1542 473 se
1568 431 1796 474 novum
1845 417 2154 474 existima-

2283 435 2426 476 ιατος
2489 417 2676 468 τούτου
2714 415 3025 490 ἀμφιϐολίας
3057 433 3069 447 ·
3116 412 3319 468 καὶδιὰ
3379 417 3607 468 πάντων
3685 416 3738 480 ἐξ
3788 416 3858 469 ὧν

502 507 652 573 tum,
679 519 930 576 prorsus
957 505 1116 562 nolle
1148 505 1488 562 admittere.

577 863 712 919 Jam
743 877 884 918 vero
934 878 1073 918 cum
1124 878 1236 919 nos
1285 861 1407 917 duo
1439 861 1794 934 patriarchae
1826 861 1884 917 in
1910 861 2025 916 hoc
2050 860 2160 916 do-

509 955 712 1020 gmate
733 953 1230 1021 consentiremus,
1255 967 1491 1007 necnon
1519 955 1575 1008 et
1593 967 1705 1008 nos
1727 948 2165 1022 archiepiscopi

510 1040 800 1110 Bulgaria
860 1046 916 1097 et
947 1042 1144 1114 Cypri,
1186 1041 1502 1114 caterique
1545 1056 1758 1096 omnes
1810 1040 1870 1095 in
1923 1039 2165 1111 synodo

508 1129 775 1202 episcopi
829 1130 1178 1186 unanimem
1245 1129 1601 1186 sententiam
1656 1129 1898 1186 nemine
1948 1128 2167 1184 discre-

507 1223 690 1290 pante
725 1223 1087 1286 teneremus,
1119 1235 1363 1275 necesse
1393 1219 1502 1275 fuit
1530 1219 1711 1275 etiam
1742 1218 1996 1274 electum
2022 1217 2166 1273 civi-

510 1309 648 1364 tatis
695 1309 795 1364 Dei
852 1309 1178 1366 Antiochia
1227 1325 1466 1380 magna
1519 1309 1919 1382 patriarcham
1952 1307 2167 1365 Soteri-

513 1396 721 1466 chum,
745 1398 851 1470 qui
871 1397 1192 1454 nobiscum
1217 1397 1589 1467 considebat,
1604 1398 1910 1470 propriam
1937 1401 2169 1452 senten-

512 1487 657 1542 tiam
688 1500 924 1556 rogare.
972 1489 1120 1542 Tum
1155 1502 1320 1554 vero,
1347 1485 1514 1558 quod
1544 1486 1948 1558 quarebatur,
1981 1484 2172 1541 mani-

512 1574 664 1630 feste
695 1579 1072 1646 compertum
1103 1579 1214 1631 est.
1256 1578 1308 1629 ls
1339 1575 1498 1630 enim
1545 1575 1730 1631 modo
1760 1579 1999 1648 tempus
2035 1589 2174 1647 pos-

519 1663 694 1718 cebat
746 1663 1170 1734 considerandi
1215 1669 1354 1720 ante
1383 1679 1766 1736 responsum,
1809 1664 1985 1737 quasi
2031 1679 2172 1721 vero

515 1754 686 1808 tanta
730 1752 1016 1824 temporis
1053 1752 1440 1825 intercapedo
1481 1757 1614 1824 post
1659 1752 1842 1824 hujus
1884 1753 2174 1810 adversus

516 1839 815 1896 Christum
855 1841 1245 1914 blasphemia
1275 1843 1530 1910 initium,
1563 1841 1678 1914 ipsi
1717 1842 1884 1899 haud
1910 1841 2175 1898 suffecis-

516 1933 605 1986 set
635 1929 713 1986 ad
745 1930 876 1986 sani
903 1930 1205 2002 dogmatis
1244 1931 1688 2002 cognitionem;
1747 1931 1932 1988 modo
1972 1935 2172 1988 autem

517 2017 638 2074 alia
667 2021 845 2091 atque
863 2019 980 2076 alia
1002 2036 1220 2092 parum
1248 2020 1362 2076 sibi
1383 2021 1720 2077 constantia
1743 2020 2170 2094 respondebat.

513 2108 666 2178 Ergo
697 2108 876 2164 hodie
905 2109 1306 2181 interrogatus
1337 2125 1374 2167 a
1398 2109 1600 2182 nobis,
1640 2114 1844 2166 utrum
1874 2109 2176 2166 existima-

513 2201 601 2254 ret
621 2197 815 2255 beata
851 2200 1118 2257 Trinitati
1163 2200 1523 2257 sacriﬁcium
1568 2202 1625 2256 et
1653 2199 1796 2256 olim
1844 2199 2030 2255 fuisse
2073 2198 2179 2254 ob-

515 2285 704 2343 latum
749 2291 806 2344 et
830 2303 994 2344 nunc
1041 2289 1220 2346 etiam
1252 2289 1475 2355 offerri,
1529 2293 1595 2344 ut
1646 2287 1919 2361 superior
1974 2291 2180 2342 nostra

515 2375 837 2448 explicavit
861 2378 1077 2441 oratio,
1106 2395 1186 2434 an
1231 2378 1432 2450 potius
1464 2377 1578 2434 soli
1615 2377 1769 2434 Patri
1808 2376 1991 2432 fuisse
2016 2375 2181 2432 obla-

517 2467 695 2531 tum;
750 2480 948 2538 neque
1002 2466 1110 2523 soli
1151 2466 1304 2522 Patri
1355 2465 1671 2538 respondit
1716 2465 1934 2532 offerri,
1981 2479 2180 2537 neque

516 2567 641 2608 non
671 2553 803 2609 soli.
839 2555 1144 2611 Interdum
1184 2555 1264 2612 ad
1295 2555 1596 2611 absurdae
1632 2555 1955 2611 sententias
1983 2554 2179 2610 diver-

518 2641 682 2698 tebat
733 2661 749 2710 ;
831 2657 976 2700 nam
1054 2643 1366 2700 vocabula
1439 2644 1674 2714 offerre,
1735 2643 2178 2716 hypostaticam

519 2729 665 2786 Filio
723 2731 984 2788 tribuere
1030 2733 1460 2805 proprietatem
1513 2732 1730 2799 aiebat,
1761 2732 1964 2788 nescio
2016 2732 2180 2788 unde

519 2819 681 2876 hanc
706 2819 1047 2877 doctrinam
1093 2823 1448 2894 expiscatus.
1488 2821 1766 2893 Recipere
1798 2826 2024 2889 autem,
2071 2836 2179 2894 pa-

517 2911 702 2964 terna
754 2925 1026 2981 persona
1083 2911 1394 2983 propriam
1450 2909 1788 2982 quamdam
1831 2909 2178 2966 afﬁrmabat

519 3012 650 3053 esse
712 2999 1084 3070 qualitatem,
1154 3015 1327 3072 aeque
1386 3015 1454 3056 ac
1506 2998 1752 3069 ingeniti
1797 2998 2174 3070 attributum,

521 3087 686 3159 quod
717 3087 962 3144 unicum
993 3088 1297 3161 peculiare
1321 3088 1508 3144 Patris
1539 3102 1668 3143 esse
1698 3086 2052 3144 attributum
2075 3089 2176 3142 Ec-

523 3176 702 3232 clesia
741 3191 778 3232 a
807 3182 1003 3234 vetere
1034 3178 1349 3235 traditione
1396 3176 1644 3250 accepit.
1681 3175 1903 3232 Deinde
1945 3175 2177 3234 niteba-

524 3269 620 3322 tur
671 3281 784 3321 nos
827 3282 1074 3339 quoque
1114 3267 1176 3322 in
1222 3283 1400 3324 suam
1451 3265 1812 3323 sententiam
1863 3265 2178 3322 contrariis

528 3353 893 3425 syllogismis
942 3356 1302 3426 pertrahere.
1364 3355 1421 3412 Si
1473 3355 1656 3427 enim,
1687 3359 1754 3411 ut
1799 3354 1929 3427 ipse
1958 3354 2179 3426 aiebat,

524 3441 693 3498 haud
727 3444 1040 3515 proprium
1085 3450 1349 3516 paterna
1369 3460 1646 3516 persona
1696 3448 1853 3501 esset
1895 3444 2180 3516 recipere,

529 3530 636 3586 sed
667 3529 888 3586 divina
908 3533 1129 3603 potius,
1151 3538 1218 3588 ut
1244 3548 1357 3589 nos
1380 3532 1660 3599 dicimus,
1684 3537 1938 3601 natura,
1969 3533 2184 3590 absur-

526 3617 676 3675 dum
710 3619 860 3692 quid
888 3626 1355 3694 consequeretur
1387 3637 1399 3677 :
1433 3625 1590 3677 esset
1619 3621 1780 3677 enim
1806 3624 1960 3678 Deus
2000 3621 2186 3678 modo

526 3723 940 3783 nequaquam.
1011 3714 1138 3767 Non
1193 3711 1356 3768 enim
1388 3716 1475 3767 est
1519 3711 1886 3785 sempiterna
1933 3711 2186 3781 oblatio,

529 3798 637 3856 sed
660 3803 716 3856 et
741 3805 984 3872 sumpta
1012 3800 1389 3858 humanitate
1419 3801 1732 3873 posterior,
1755 3806 1814 3858 et
1840 3817 1937 3858 res
1990 3805 2188 3857 creata

531 3892 624 3946 est
656 3907 668 3945 :
697 3894 1141 3963 proptereaque
1188 3890 1451 3962 receptio
1505 3906 1750 3964 quoque
1801 3891 1863 3946 in
1919 3891 2191 3963 quodam

529 3980 821 4052 temporis
875 3981 1072 4053 spatio
1120 3983 1202 4037 ﬁt.
1237 3983 1372 4036 Hac
1422 3979 1522 4037 ille
1576 3980 1812 4048 aiebat;
1843 3980 2018 4054 quasi
2046 3995 2192 4038 vero

531 4082 645 4124 nos
677 4074 1078 4126 statueremus
1121 4069 1389 4142 recipere
1445 4069 1638 4126 instar
1689 4085 1820 4126 esse
1867 4069 2192 4141 cujusdam

531 4154 898 4212 deﬁnitionis
947 4161 1128 4230 atque
1169 4158 1419 4216 rationis
1447 4159 1596 4230 (sive
1627 4159 1923 4231 pertinere
1977 4157 2055 4215 ad
2101 4174 2192 4215 es-

533 4244 812 4316 sentiam)
841 4244 1466 4318 incomprehensibilis
1511 4251 1569 4304 et
1597 4246 2189 4320 supersubstantialis

529 4332 802 4399 deitatis;
831 4339 1034 4390 etnon
1060 4335 1259 4406 potius
1281 4336 1440 4394 hanc
1467 4336 1900 4410 proprietatem
1925 4352 1962 4392 a
1986 4335 2192 4393 divina

531 4421 820 4492 dignitate
869 4439 1232 4482 aroeremus.
1281 4429 1415 4483 Haec
1453 4425 1563 4482 fuit
1611 4425 1965 4482 Antiocheni
2021 4423 2192 4480 electi

533 4527 778 4569 summa
802 4513 1106 4586 orationis,
1139 4530 1216 4572 ne
1238 4515 1479 4587 singula
1504 4514 1583 4572 ab
1631 4530 1704 4572 eo
1742 4514 1904 4571 dicta
1950 4528 2191 4586 percur-

531 4605 750 4674 rentes,
785 4603 1008 4661 diutius
1028 4605 1192 4662 hunc
1221 4621 1565 4663 sermonem
1591 4604 2040 4677 protrahamus.

607 4692 721 4749 Sed
747 4694 908 4751 enim
940 4700 1077 4753 ante
1107 4712 1220 4754 nos
1249 4712 1462 4754 omnes
1502 4696 1980 4769 sapientissimus
2007 4698 2065 4752 et
2088 4710 2193 4752 au-

534 4788 707 4852 gusta
730 4784 1051 4858 prudentia
1077 4786 1314 4858 plenus,
1345 4791 1403 4844 et
1432 4801 1604 4858 aque
1629 4801 1700 4842 ac
1731 4785 2016 4844 Salomon
2045 4784 2191 4842 divi-

533 4873 694 4930 nitus
736 4875 979 4933 doctam
1019 4881 1284 4933 mentem
1342 4891 1574 4946 gerens,
1626 4876 2080 4949 potentissimus
2134 4881 2192 4936 et

534 4967 777 5020 sanctus
798 4970 1000 5022 noster
1017 4965 1364 5038 imperator,
1385 4981 1509 5022 non
1529 4965 1877 5022 detrectavit
1895 4981 2087 5038 usque
2111 4967 2191 5024 ad

535 5051 878 5110 dialecticos
907 5070 1221 5112 sermones
1250 5072 1389 5112 cum
1421 5053 1772 5113 Sothericho
1801 5054 2187 5127 descendere,

532 5140 853 5215 verbisque
905 5143 1331 5201 adhortatoriis
1356 5143 1640 5200 eumdem
1683 5143 1791 5200 diu
1830 5145 2131 5202 nitebatur
2153 5163 2192 5204 a

535 5245 648 5288 sua
676 5233 970 5290 sententia
998 5233 1331 5303 retrahere;
1360 5233 1732 5304 argumentis
1762 5233 1943 5291 etiam
1968 5250 2191 5306 urgens

533 5335 646 5393 pro
675 5335 786 5377 sua
802 5319 1066 5392 ingenita
1083 5321 1271 5393 regali
1297 5322 1564 5389 scientia,
1588 5326 1647 5380 et
1668 5322 1854 5380 modo
1873 5323 1992 5381 huc
2005 5325 2191 5386 modo

533 5408 673 5464 illuc
703 5409 1114 5467 adversarium
1170 5412 1456 5468 contortis
1501 5411 2029 5485 epichirematibus
2061 5431 2190 5473 ver-

536 5512 695 5554 sens.
713 5502 867 5557 Inter
883 5504 1100 5558 catera
1121 5501 1487 5559 amanterilli
1507 5502 1569 5560 in
1583 5507 1851 5562 mentem
1865 5506 2192 5565 revocabat

538 5586 704 5647 Pauli
727 5589 915 5651 verba
941 5590 1023 5649 ad
1075 5591 1429 5664 Corinthios,
1465 5596 1532 5652 ut
1557 5593 1621 5652 id
1666 5593 1869 5668 ipsum
1911 5596 2192 5657 videlicet

2265 502 2372 557 εἷπε
2425 501 2630 567 δεικνὺς
2687 507 2764 558 ὅτι
2825 515 3025 572 πρῶτος
3091 505 3242 566 αὐτὸς
3307 503 3390 558 ἐπὶ
3437 508 3604 578 τούτῳ
3664 507 3863 579 ἡγάνά-

2264 612 2476 659 κτησεν,
2532 595 2600 655 ὡς
2632 596 2808 667 ἔφησε·
2867 603 2938 647 τῶ
2979 613 3060 646 τοι
3119 599 3208 647 καὶ
3264 594 3332 656 ὡς
3391 598 3686 668 καινοφανὶς
3735 595 3866 648 αὐτὸ

2264 681 2616 754 λογιζόμενος,
2687 683 2815 744 ὅλως
2887 691 3040 736 τοῦτο
3143 682 3236 734 οὐκ
3338 683 3486 742 ἤθελε
3559 681 3864 758 παραδέχε-

2270 773 2413 825 σθαμ

3143 682 3236 734 οὐκ

2341 863 2481 912 Ἐπεὶ
2540 856 2600 912 δὲ
2649 868 2748 912 τῶν
2807 857 2904 914 δύο
2974 869 3318 936 πατριαρχῶν
3379 863 3522 933 ἡμων
3593 863 3870 936 ὀμοφωνως

2269 945 2732 1021 γνωμοδοτοὺντων
2798 953 2863 1002 τὰ
2921 955 3038 1025 περὶ
3105 953 3312 1020 τούτου,
3373 949 3502 1003 ἀλλὰ
3565 956 3654 1003 καὶ
3721 954 3868 1024 ὴμῶν

2270 1045 2370 1088 τῶν
2452 1035 2902 1110 ἀρχιεπισκόπων,
2961 1046 3054 1090 τοῦ
3119 1058 3172 1091 τε
3241 1038 3557 1115 Βουλγαρίας
3611 1045 3700 1093 καὶ
3773 1047 3871 1092 τοῦ

2275 1129 2506 1199 Κύπρου,
2533 1131 2624 1178 καὶ
2671 1135 2762 1188 τῆς
2824 1127 3009 1189 λοιπῆς
3050 1129 3194 1201 ἡμῶν
3246 1136 3345 1179 τῶν
3408 1127 3692 1202 ἀρχιερέων
3735 1131 3872 1202 ὁμη-

2273 1218 2470 1290 γύρεως
2512 1215 2584 1278 εἰς
2651 1220 2774 1288 μίαν
2829 1222 3042 1289 γνώμην
3111 1221 3524 1293 συνερχομένων,
3590 1223 3680 1271 καὶ
3737 1220 3875 1271 κατὰ

2276 1301 2443 1377 μηδεν
2493 1323 2545 1356 τι
2574 1309 2692 1378 περὶ
2741 1308 2922 1358 τὸύτου
2990 1303 3369 1380 διαφερομένων
3416 1310 3549 1382 πρὸς
3599 1306 3874 1374 ἀλλήλους,

2278 1391 2384 1446 ἔδει
2444 1397 2534 1446 καὶ
2590 1398 2676 1446 τόν
2733 1394 3030 1467 ὑποψήφιον
3119 1397 3459 1472 πατριάρχην
3547 1396 3879 1458 Θεουπόλεως

2277 1482 2508 1555 μεγάλης
2571 1483 2893 1555 Ἀντιοχείας
2963 1489 3265 1562 Σωτήριχον
3314 1487 3379 1547 ὡς
3467 1483 3882 1560 συνεδριάζοντα

2278 1577 2368 1625 καὶ
2423 1581 2604 1626 τοῦτον
2667 1573 3004 1647 ἐρωτηθῆναι·
3081 1573 3302 1628 ἐνταῦθα
3339 1575 3530 1649 μᾶλλον
3617 1573 3677 1634 ἦν
3745 1573 3878 1629 ἰδεῖν

2277 1665 2334 1716 76
2389 1663 2702 1734 ζητούμενον
2751 1663 3153 1738 εὑρισκόμενον·
3221 1672 3309 1717 νῦν
3373 1667 3463 1738 μὲν
3527 1667 3629 1741 γὰρ
3693 1668 3878 1739 καιρὸν

2201 1768 2251 1842 ,Β
2281 1751 2448 1814 ἐζήτει
2480 1747 2806 1823 διασκέψεως
2845 1756 2974 1826 πρὸς
3039 1751 3336 1828 ἀπόκρισιν,
3391 1757 3454 1815 ὡς
3509 1754 3567 1807 οὐ
3620 1757 3878 1807 τοσούτου

2281 1848 2465 1914 καιροῦ
2519 1839 2572 1902 ἐξ
2623 1842 2683 1893 οὗ
2715 1844 3099 1918 παρεισεφθάρη
3155 1851 3307 1896 τοῦτο
3346 1846 3403 1895 76
3445 1839 3718 1904 δυσσεϐῶς
3741 1845 3882 1896 κατὰ

2283 1937 2520 2003 Χριστοῦ
2595 1929 3064 2004 βλασφημούμενον
3112 1937 3180 2004 μὴ
3229 1931 3502 2008 ἀρκοῦντος
3565 1937 3655 1985 καὶ
3689 1928 3878 2005 “τούτῳ

2283 2018 2352 2079 εἰς
2413 2015 2772 2077 διασκόπησιν
2814 2028 2908 2072 τοῦ
2947 2029 3042 2082 τῆς
3084 2022 3419 2094 ὗγιαινούσης
3475 2019 3638 2086 δόξης
3693 2027 3875 2098 φρονήο

2283 2127 2466 2180 ματος,
2491 2115 2580 2160 νῦν
2643 2105 2702 2161 δὲ
2731 2109 2840 2161 ἄλλ’
2898 2111 3026 2162 ἄττα
3053 2115 3142 2163 καὶ
3189 2111 3248 2163 οῦ
3295 2110 3648 2185 συμϐαίνοντα
3712 2111 3882 2164 ἑαυτῶ

2285 2194 2616 2273 ἀπεκρίνατο.
2703 2198 3058 2273 Ἐρωτώμενος
3146 2197 3234 2253 οὖν
3323 2206 3412 2253 καὶ
3509 2201 3660 2262 αὐτὸς
3754 2200 3886 2277 παρ’

2289 2288 2430 2359 ἡμῶν
2488 2292 2729 2361 τήμερον,
2774 2292 2989 2365 πότερον
3053 2297 3115 2361 τῇ
3176 2294 3414 2367 μακαρίᾳ
3483 2287 3677 2366 Τριάδι
3747 2290 3890 2362 λέγει

2285 2380 2380 2435 τὴν
2445 2377 2632 2429 θυσίαν
2696 2380 3012 2450 προσῆχθαι
3085 2398 3138 2431 τε
3211 2385 3301 2432 καὶ
3367 2382 3753 2453 προσάγεσθαι,
3819 2381 3893 2440 ὡς

2287 2467 2313 2516 6
2368 2464 2517 2538 λόγος
2575 2467 2776 2538 φθάσας
2838 2464 3180 2542 διετράνωσεν
3246 2468 3455 2538 ἄνωθεν,
3489 2469 3518 2528 ἣ
3582 2477 3655 2522 τῶ
3721 2473 3893 2544 Πατρὶ

2286 2558 2444 2627 μόνῳ,
2474 2557 2591 2608 οὔτε
2647 2561 2787 2628 μόνῳ
2826 2556 2964 2630 ἔλεγε
3004 2560 3170 2629 τούτῳ
3215 2560 3601 2632 προσάγεσθαι,
3652 2560 3766 2611 οὔτε
3827 2557 3890 2610 οὗ

2285 2647 2446 2715 μόνῳ.
2491 2646 2623 2697 Πότε
2657 2641 2717 2696 δε
2771 2650 2860 2698 καὶ
2913 2645 2985 2707 εἰς
3025 2644 3331 2708 ἀλλοκότους
3363 2642 3520 2710 δόξας
3551 2648 3732 2700 ἔπιπτε
3764 2663 3776 2677 ⁸
3828 2649 3890 2698 76

2285 2735 2376 2805 μὲν
2440 2735 2539 2809 γὰρ
2601 2735 2888 2806 προσάγειν
2951 2735 3308 2794 ὑποστατικὴν
3376 2733 3592 2808 ἀπένεμε
3651 2742 3725 2807 τῷ
3780 2737 3892 2806 Υἱῷ

2288 2819 2555 2892 ἰδιότητα,
2622 2823 2716 2875 οῦκ
2793 2825 2943 2896 ἴσμεν
2993 2827 3190 2882 ταύτην
3245 2825 3399 2878 πόθεν
3450 2826 3653 2900 εὐρών⁸
3714 2826 3769 2878 τὸ
3830 2809 3894 2878 δἒ

2282 2908 2688 2986 προσδέχεσθαι
2732 2919 2826 2974 τῆς
2872 2920 3130 2987 πατρικῆς
3173 2915 3512 2976 ὑποστάσεως
3539 2910 3680 2966 ἴδιόν
3707 2933 3759 2966 τι
3805 2933 3879 2967 κα

2281 3009 2434 3055 τοῦτο
2493 3001 2679 3054 ἐτίθετο
2744 3007 3018 3078 γνώρισμα
3079 3006 3210 3076 μετὰ
3272 3011 3363 3065 τῆς
3429 3003 3761 3076 ἀγεννησίας,
3827 3004 3890 3061 ἢν

2211 3109 2254 3167 C
2287 3088 2530 3150 ἰδιότητα
2560 3095 2713 3164 μόνον
2744 3099 2837 3144 τοῦ
2883 3095 3223 3167 προανάρχου
3274 3095 3475 3167 Πατρός
3522 3095 3552 3152 ἡ
3602 3092 3895 3150 Ἐκκλησία

2284 3179 2568 3255 παρελαϐεν
2644 3179 2884 3234 ἔκπαλαι·
2957 3182 3084 3234 Εἶτα
3142 3179 3210 3240 δὴ
3269 3187 3359 3235 καὶ
3455 3181 3677 3236 ἐντεῦθεν
3751 3184 3896 3254 ἡμᾶς

2286 3273 2420 3346 πρὸς
2458 3273 2515 3322 τὸ
2571 3267 2758 3322 δοκοῦν
2808 3272 2945 3344 αὐτῷ
2983 3271 3448 3345 κατεσυλλογίζετο
3495 3287 3508 3302 ⁸
3568 3271 3611 3326 εἰ
3638 3274 3738 3346 γὰρ
3785 3276 3890 3345 μὴ,

2289 3362 2458 3420 καθὼς
2521 3360 2677 3421 αὐτός
2739 3380 2921 3434 φησιν,
2992 3358 3280 3415 ἰδιαίτατον
3339 3365 3415 3420 εἴη
3474 3368 3572 3423 τῆς
3633 3369 3903 3436 πατρικῆς

2291 3451 2633 3511 ὑποστάσεως
2677 3453 2738 3502 76
2806 3446 3228 3524 προσδέχεσθαι,
3291 3450 3418 3504 ἀλλὰ
3472 3459 3563 3512 τῆς
3618 3451 3769 3517 θείας,
3825 3451 3903 3510 ὡς

2293 3541 2439 3612 ἡμεῖς
2493 3559 2675 3612 φαμεν,
2729 3542 2950 3614 φύσεως,
3000 3541 3192 3594 ἄτοπόν
3227 3560 3280 3593 τι
3324 3542 3474 3613 τάχα
3523 3538 3898 3612 συμϐήσεταισ

2296 3631 2446 3681 ἔσται
2476 3627 2594 3681 καθ’
2634 3631 2772 3702 ἡμᾶς
2811 3631 2836 3681 6
2877 3632 3002 3691 Θεὸς
3039 3633 3160 3683 ποτε
3197 3632 3287 3704 μὲν
3328 3633 3479 3699 Θεὸς,
3517 3631 3641 3683 ποτὲ
3680 3624 3739 3681 δὲ
3791 3630 3858 3680 οῦ
3882 3648 3898 3662 ο

2296 3717 2356 3770 οὐ
2394 3720 2497 3792 γὰρ
2539 3713 2731 3790 ἀίδιος,
2781 3723 2960 3791 φησὶν,
3031 3723 3377 3795 προσαγωγὴ,
3440 3717 3567 3770 ἀλλὰ
3615 3718 3747 3791 μετὰ
3799 3721 3900 3776 τὴν

2297 3804 2686 3882 ἐνανθρώπησιν
2730 3811 2820 3860 καὶ
2861 3811 3170 3881 γεγενημένη
3201 3825 3214 3840 °
3260 3805 3353 3861 διὰ
3385 3803 3444 3861 δὲ
3507 3814 3658 3860 τοῦτο
3695 3807 3904 3868 πάντως

2299 3897 2346 3948 ἓν
2373 3915 2476 3947 τινι
2500 3899 2676 3968 χρόνῳ
2724 3899 2814 3949 καὶ
2851 3899 2909 3949 τὸ
2938 3894 3360 3972 προσδέχεσθαι’
3402 3899 3576 3972 ὥσπερ
3617 3895 3676 3948 ἂν
3707 3895 3750 3948 εἰ
3801 3902 3906 3959 τῆς

2299 3983 2669 4043 ἀκαταλήπτου
2735 3989 2824 4038 καὶ
2884 3987 3198 4064 ὑπερουσίου
3282 3987 3525 4048 θεότητος
3580 3984 3696 4058 ὅρον
3780 3988 3906 4039 τινὰ

2297 4078 2387 4127 καὶ
2436 4073 2588 4148 λόγον
2632 4077 2778 4148 ἡμεῖς
2828 4079 2887 4128 τὸ
2955 4071 3374 4148 προσδέχεσθαι·
3425 4074 3708 4148 ἐτιθέμεθα,
3768 4072 3906 4128 ἀλλὰ

2298 4167 2369 4236 μὴ
2402 4170 2475 4234 τῷ
2544 4165 2696 4236 θείκῷ
2733 4166 2930 4223 ταύτην
2993 4163 3324 4238 ἀφοσιοῦντες
3390 4161 3514 4237 ἦμεν
3577 4163 3718 4217 τοῦτ’
3769 4163 3905 4217 αὐτὸ

2299 4250 2359 4305 δὲ
2410 4251 2685 4326 ἀξιώματι.
2730 4260 2909 4308 Ταῦτα
2956 4255 3045 4326 μεν
3112 4255 3138 4305 6
3191 4253 3537 4326 Ἀντιοχείας,
3568 4253 3650 4305 ἶνα
3684 4255 3781 4326 μὴ,
3838 4255 3902 4306 τὸ

2297 4341 2410 4395 καθ’
2457 4343 2673 4396 ἕκαστον
2725 4351 2826 4395 τῶν
2877 4342 3000 4417 παρ’
3038 4342 3198 4396 αὐτοῦ
3257 4343 3541 4416 λεχθέντων
3593 4339 3900 4412 ἐπεξιόντες,

2298 4431 2383 4485 ἐπὶ
2405 4431 2532 4486 πολὺ
2562 4436 2649 4486 τὸν
2685 4432 2836 4506 λόγον
2867 4432 3182 4506 ἐκτείνωμεν.

2368 4699 2453 4762 Ὠς
2484 4696 2544 4754 δι
2596 4702 2695 4776 πρὸ
2729 4701 2932 4754 πάντων
2957 4700 3104 4774 ἡμῶν
3134 4700 3160 4753 6
3203 4699 3360 4762 πολὺς
3397 4707 3458 4774 τῇ
3509 4703 3755 4774 φρονήσει
3807 4704 3905 4755 καὶ

2297 4792 2516 4865 γεραρὸς
2568 4798 2642 4861 τῷ
2683 4795 2832 4859 νοεῖν,
2865 4790 2891 4842 6
2943 4785 3280 4844 θεοδίδακτον
3347 4793 3503 4853 ὅντως
3555 4793 3717 4863 φέρων
3761 4793 3903 4843 κατὰ

2297 4882 2385 4932 τὸν
2428 4878 2732 4953 Σολομῶντα
2774 4877 3030 4952 διάνοιαν,
3072 4881 3353 4955 κράτιστος
3403 4883 3492 4934 καὶ
3571 4877 3716 4952 ἅγιος
3749 4879 3904 4951 ἡμῶν

2300 4965 2567 5041 βασιλεὺς,
2607 4973 2697 5022 καὶ
2752 4967 2800 5033 ἐς
2851 4968 3030 5042 λόγους
3077 4968 3216 5042 αὐτῷ
3268 4967 3524 5023 συνελθεῖν
3557 4966 3905 5031 διαλεκτικῶς

2297 5057 2392 5112 οῦκ
2450 5057 2746 5126 ἀπώκνησε,
2796 5061 2886 5111 καὶ
2939 5059 3146 5134 ῥήμασι
3194 5061 3616 5133 παραινετηρίοις
3681 5058 3903 5129 ὑπαγα-

2295 5149 2484 5221 γέσθαι
2513 5143 2754 5202 σπεύδων
2785 5147 2941 5201 αὐτὸν
2978 5147 3037 5201 οὐ
3096 5143 3314 5214 διέλιπε,
3346 5151 3436 5200 καὶ
3491 5152 3600 5208 τοῖς
3659 5144 3901 5218 ἐλέγχοις

2299 5236 2502 5311 βάλλων
2556 5237 2827 5311 αὐτοφυῶς
2887 5238 2914 5290 6
2969 5235 3297 5310 μεγαλοφυής
3355 5240 3445 5290 καὶ
3513 5233 3904 5310 ἕπιστημονάρ-

2296 5346 2407 5400 χης
2447 5326 2542 5380 οὐκ
2578 5325 2850 5401 ἕνοίρκησε,
2890 5330 2981 5380 καὶ
3020 5333 3108 5379 νῦν
3151 5328 3242 5399 μεν
3279 5332 3452 5397 τοῦτο,
3493 5331 3582 5376 νῦν
3633 5321 3692 5377 δέ
3730 5325 3900 5379 εκεῖνο

2296 5423 2458 5471 ποιῶν
2513 5421 2896 5492 ἀγχίστροφοις
2957 5413 3368 5491 ἓπιχειρήμασιν
3442 5413 3536 5467 οὐκ
3605 5411 3902 5486 ἀπέκαμενο

2298 5505 2348 5560 ἓν
2421 5505 2501 5568 οἷς
2572 5507 2739 5562 ἓκεῖνα
2773 5504 3088 5582 παρακαλῶν
3161 5506 3314 5561 αὐτὸν
3403 5503 3903 5580 ἐφιλανθρωπευετο,

2299 5596 2434 5654 ἄττα
2487 5592 2664 5656 δήπου
2729 5599 2820 5654 καὶ
2894 5597 3186 5673 Κορινθίοις
3252 5592 3556 5648 ίπιστίλλων
3619 5591 3647 5644 6
3734 5596 3906 5666 μέγας
