4126 6272
239 299 330 354 189
1570 299 1922 356 THESAURI
1953 301 2082 357 LIB.
2126 301 2302 356 XXIV.
3519 306 3622 363 l90

243 422 438 482 Παῦλος
477 423 855 498 προέγραψεν,
905 425 990 478 ἵνα
1043 426 1101 476 τό
1146 424 1272 476 αὐτὸ
1335 421 1578 483 δηλονότι
1641 425 1857 497 λέγωμεν

1972 439 2185 480 omnes
2218 424 2514 488 dicamus,
2536 427 2593 482 et
2618 425 2680 481 in
2709 427 2884 483 nobis
2909 443 3028 484 non
3067 429 3185 486 sint
3212 430 3621 500 schismata“;

242 515 430 576 πάντες,
457 519 548 565 καὶ
584 517 660 586 μὴ
747 513 796 565 ἐν
820 516 950 587 ἡμῖν
983 519 1265 588 σχίσματα
1283 537 1296 550 ·
1321 516 1346 566 6
1376 518 1466 588 μὲν
1499 513 1557 568 δε
1581 535 1857 588 κατηρτισ·

1971 514 2075 586 qui
2105 519 2306 570 autem
2337 515 2397 568 in
2430 530 2539 570 suo
2568 528 2678 586 pro
2692 517 2884 586 posito
2907 519 3320 592 sententiaque
3351 535 3625 592 perseve-

1969 607 2079 672 rat,
2108 602 2168 657 id
2192 606 2277 657 est
2308 602 2629 659 Ecclesiam
2661 606 2999 677 conturbat,
3024 607 3152 680 ipse
3172 608 3466 678 judicium
3491 625 3624 681 por-

1969 691 2137 747 tabit.
2167 691 2263 746 His
2295 691 2533 762 auditis,
2566 708 2702 748 cum
2743 693 2838 749 ille
2870 695 3259 751 nihilominus
3288 697 3623 754 resistendo

1969 795 2094 836 non
2151 779 2477 848 desisteret,
2536 780 2664 836 haec
2714 781 2918 839 divina
2973 784 3246 840 doctrina
3299 784 3624 842 instructus

1967 885 2108 925 vere
2138 874 2350 941 potens
2382 872 2438 925 et
2485 874 2724 926 sanctus
2755 872 3080 944 imperator
3108 879 3314 930 noster
3342 875 3574 932 addidit
3608 893 3620 930 :

1969 962 2091 1028 Age
2135 957 2450 1014 videamus
2493 959 2774 1030 quisnam
2803 961 2979 1017 timor
3005 962 3352 1034 impendeat
3380 963 3621 1033 dicenti,

1968 1047 2134 1118 quod
2165 1046 2690 1103 consubstantialis
2720 1054 2778 1104 et
2804 1049 3054 1106 invidua
3081 1051 3330 1107 Trinitas
3360 1052 3623 1108 hostiam

1968 1152 2079 1208 pro
2109 1135 2284 1191 nobis
2310 1135 2577 1192 oblatam
2608 1137 2853 1210 recipiat
2877 1155 2892 1204 ;
2912 1143 2968 1195 et
2989 1140 3312 1210 cujusnam
3342 1140 3627 1196 extribus

1969 1224 2246 1297 personis
2304 1224 2777 1294 indignationem
2825 1227 3150 1284 formidare
3207 1232 3410 1301 queat.
3471 1232 3624 1285 Num

248 606 381 673 μένος
411 600 459 654 ἐν
491 610 568 672 τῷ
602 603 754 674 αὐτῷ
785 606 868 656 νοῒ
906 607 998 655 καὶ
1027 601 1074 654 ἐν
1102 611 1163 676 τῇ
1199 604 1328 677 αὐτῇ
1360 609 1563 677 γνώμη,
1596 604 1686 656 εἴτ’
1717 604 1805 657 οὗν
1836 604 1861 654 6

251 693 518 766 ταράσσων
565 697 666 750 τήν
725 692 1071 761 Ἐκκλησίαν,
1102 693 1258 755 αὐτὸς
1288 693 1549 766 βαστᾶζει
1575 697 1632 746 τὸ
1676 699 1858 766 κρῖμα.

253 781 336 842 Ὠς
361 782 446 834 οὖν
478 783 617 834 οὕτω
659 790 857 848 ταῦτα,
887 783 912 834 6
937 778 997 835 δὲ
1016 787 1105 835 καὶ
1133 785 1207 835 ἔτι
1235 791 1329 844 τῆς
1359 783 1548 844 οἰκείας
1577 782 1862 844 ἓνστάσεως

256 871 308 923 οὗ
347 872 661 944 μεθίστατο,
695 877 790 924 καὶ
820 876 1058 925 τοιοῦτόν
1085 877 1136 925 τί
1163 893 1293 944 φησι
1317 877 1442 947 πρὸς
1473 873 1627 926 αὐτόν
1652 875 1677 926 6
1706 877 1861 945 σοφὸς

254 964 317 1012 τὰ
364 963 475 1013 θεῖα
521 971 598 1032 τῷ
653 966 766 1014 ὄντι
804 965 1056 1035 κραταιός
1092 967 1181 1015 καὶ
1218 962 1360 1035 ἅγιος
1389 965 1534 1036 ἡμῶν
1568 961 1812 1030 βασιλεύς
1842 979 1856 994 ⁸

259 1055 408 1110 Heio;
438 1049 594 1120 φόϐος
616 1049 918 1121 ἐπήρτηται
947 1054 1228 1108 σκοπητέον
1253 1059 1320 1122 τῷ
1339 1050 1543 1123 λέγοντι
1561 1055 1654 1108 τὴν
1678 1051 1859 1122 ὁμοσύ-

260 1156 366 1189 σιον
413 1143 502 1190 καὶ
557 1135 863 1214 ἀδιαίρετον
909 1135 1118 1212 Τριάδα
1162 1144 1256 1197 τὴν
1313 1140 1439 1214 ὑπὲρ
1480 1140 1624 1211 ἡμῶν
1675 1140 1860 1192 θυσιάν

252 1224 656 1299 προσδέχεσθαι
675 1249 687 1261 ο
715 1233 806 1280 καὶ
826 1233 930 1280 τίνι
949 1236 1048 1280 τῶν
1076 1236 1230 1301 τριῶν
1259 1229 1597 1282 ὑποστάσεων
1622 1232 1717 1286 τὴν
1745 1227 1859 1280 κατ’

250 1316 406 1368 αὐτοῦ
458 1315 825 1387 ἀγανάκτησιν
895 1314 1291 1380 ἐπενδείξασθαι
1339 1321 1521 1371 οἴεται.
1577 1321 1796 1391 Πότερον
1836 1318 1862 1368 6

251 1410 431 1479 Πατὴρ
459 1414 535 1477 τῷ
575 1409 797 1478 τοιούτῳ
831 1405 1086 1480 ἀνθρώπῳ
1125 1405 1480 1478 ἀγανακτήσει
1517 1408 1597 1458 ὅτι
1626 1410 1713 1459 τὸν
1744 1407 1862 1461 Υἰόν

251 1494 487 1567 ἰσότιμον
519 1496 734 1554 τίθησιν
764 1512 780 1562 ;
805 1497 999 1567 ἄπαγε.
1027 1495 1161 1548 Ἀλλ’
1195 1497 1220 1548 6
1250 1499 1372 1557 Υἱός
1397 1494 1445 1548 ἐν
1475 1497 1640 1567 τούτῳ
1663 1491 1864 1565 δυσχέ-

251 1589 397 1658 ρανεί
425 1585 508 1636 ὅτι
538 1592 614 1654 τῷ
649 1580 768 1655 ἰδίῳ
801 1589 970 1657 Πατρὶ
988 1585 1111 1658 παρ’
1143 1582 1287 1657 ἡμῶν
1313 1581 1724 1651 συνδοξάζειαη
1761 1584 1864 1636 Καὶ

249 1677 341 1742 μὴν
401 1673 566 1736 αὐτὸς
618 1681 712 1733 τῆς
771 1669 932 1736 δόξης
976 1682 1072 1735 τῆς
1116 1683 1372 1747 πατρικῆς
1418 1675 1484 1725 ὢν
1516 1672 1864 1750 ἀπαύγασμα»

247 1759 294 1813 έν
333 1761 680 1832 Εὐαγγελίοις
718 1759 853 1814 εἶπεν

251 1855 332 1902 τὸν
361 1856 577 1926 Πατέρα
612 1856 745 1924 τιμᾷ
775 1869 787 1883 ·
818 1856 907 1904 καὶ
935 1852 1017 1904 ὅτι
1043 1850 1173 1923 Ἐγὼ
1213 1856 1302 1904 καὶ
1329 1852 1354 1904 ὁ
1386 1856 1567 1924 Πατὴρ
1608 1852 1656 1903 ἓν
1688 1850 1858 1923 ἐσμεν.

901 1779 914 1794 ·
958 1761 1014 1815 Ὀ
1061 1767 1131 1835 μη
1201 1771 1365 1835 τιμῶν
1419 1765 1508 1814 τὸν
1560 1765 1681 1815 Υἱὸν
1740 1757 1864 1813 οὐδέ
1894 1785 1934 1838 Β

1971 1316 2139 1369 Pater
2177 1313 2588 1382 indignabitur
2615 1315 2755 1371 huic
2789 1315 3042 1382 homini,
3073 1317 3177 1389 qui
3208 1317 3418 1373 Filium
3457 1333 3628 1390 aeque

1975 1417 2183 1458 secum
2235 1402 2661 1458 honorandum
2701 1405 2960 1460 statuit?
3013 1420 3226 1477 apage.
3268 1409 3421 1462 Num
3453 1406 3630 1462 Filius

1975 1504 2125 1559 (“egre
2154 1489 2300 1546 feret
2330 1507 2392 1546 se
2422 1507 2559 1546 cum
2593 1508 2704 1548 suo
2737 1496 2901 1548 Patre
2931 1493 3447 1564 congloriﬁcatum
3475 1495 3504 1550 ‘I
3534 1495 3631 1550 At-

1973 1578 2076 1649 qui
2099 1579 2228 1651 ipse
2255 1596 2395 1635 cum
2422 1580 2498 1636 sit
2526 1585 2788 1652 paternas
2816 1581 3017 1652 glorias
3035 1581 3338 1654 splendor,
3359 1582 3420 1638 in
3440 1585 3628 1639 Evan-

1975 1666 2128 1735 gelio
2147 1667 2258 1723 ait:
2286 1668 2396 1734 Qui
2420 1669 2648 1724 Filium
2680 1685 2800 1725 non
2831 1670 3110 1738 honorat,
3131 1686 3205 1727 ne
3231 1671 3479 1728 Patrem
3502 1673 3627 1744 qui-

1974 1756 2105 1811 dem
2129 1756 2383 1813 honorat
2404 1758 2473 1792 39‘
2504 1777 2517 1826 ;
2547 1762 2603 1814 et
2630 1775 2642 1813 :
2675 1759 2802 1829 Ego
2823 1775 2891 1815 ac
2917 1761 3102 1816 Pater
3129 1776 3315 1817 unum
3335 1777 3538 1818 sumus
3555 1762 3622 1818 ”.

1971 1847 2125 1900 Num
2155 1846 2416 1919 denique
2446 1847 2733 1903 irascetur
2772 1855 3014 1905 sanctus
3050 1851 3318 1923 Spiritus,
3354 1853 3457 1925 qui
3487 1869 3627 1909 cum

1969 1933 2064 1990 his
2093 1935 2492 2008 sempiternus
2525 1941 2616 1992 est
2648 1941 2705 1993 et
2728 1937 2788 1992 in
2816 1939 3031 1994 eodem
3055 1940 3324 1996 residens
3354 1941 3571 1998 throno
3598 1943 3626 1999 ?

1969 2023 2202 2080 Minime
2234 2025 2519 2093 gentium.
2552 2025 2702 2082 Nihil
2732 2027 2890 2082 enim
2920 2029 2981 2082 in
3012 2029 3288 2084 Trinitate
3324 2036 3483 2086 caret
3510 2031 3624 2087 ho-

1969 2127 2134 2169 nore.
2185 2113 2408 2170 Stultus
2447 2113 2630 2184 igitur
2676 2114 2790 2170 hac
2839 2131 3020 2188 super
3047 2131 3111 2172 re
3140 2117 3337 2186 timor,
3372 2135 3442 2174 ac
3473 2133 3625 2190 pene

1967 2201 2242 2268 dixerim,
2279 2201 2664 2259 stultissimus
2678 2246 2691 2258 .

2041 2291 2208 2347 Hisce
2229 2290 2408 2362 igitur
2436 2291 2613 2349 valde
2639 2292 2829 2349 doctis
2856 2293 3237 2351 sermonibus
3257 2295 3626 2368 persuaden-

1967 2380 2130 2436 tibus
2149 2397 2319 2454 aeque
2337 2385 2393 2438 et
2413 2382 2492 2438 ad
2513 2399 2828 2440 assensum
2850 2384 3372 2458 compellentibus,
3387 2391 3629 2443 conten-

1968 2470 2144 2526 tionis
2175 2487 2298 2526 suas
2327 2471 2605 2528 duritiem
2637 2489 2708 2529 ac
2753 2475 3148 2547 pertinaciam
3184 2491 3317 2532 sero
3344 2476 3446 2532 vix
3472 2475 3625 2533 mol-

1966 2558 2136 2629 liens,
2170 2561 2523 2631 persuaderi
2555 2561 2670 2617 sibi
2701 2563 3072 2620 contrarium
3095 2564 3344 2621 tandem
3376 2570 3467 2622 est
3495 2581 3630 2638 pas-

1968 2664 2105 2716 sus;
2132 2664 2201 2704 ac
2233 2665 2338 2722 per
2358 2651 2667 2722 propriam
2694 2653 3052 2709 sententiam
3077 2654 3300 2726 scripto
3321 2655 3625 2726 traditam,

1966 2736 2134 2794 aliter
2151 2738 2468 2795 sentientes
2484 2755 2680 2812 neque
2706 2741 2980 2798 Ecclesiae
3000 2741 3336 2799 doctrinam
3361 2744 3625 2815 amplec-

1965 2829 2153 2882 tentes
2169 2827 2539 2885 anathemati
2558 2828 2840 2900 subjecit:
2865 2847 3052 2903 quam
3074 2847 3248 2888 suam
3264 2833 3623 2890 sententiam

251 2921 629 2975 καθυποϐαλεῖν
639 2925 762 2984 τοὺς
774 2926 846 2995 μή
867 2921 1004 2974 οὕτω
1021 2929 1345 2996 φρονοῦντας,
1363 2942 1432 2994 μη
1441 2917 1500 2974 δὲ
1514 2922 1856 2980 πιστεύοντας

1969 2914 2026 2971 in
2055 2916 2324 2973 medium
2353 2933 2714 2990 progressus
2743 2920 2926 2992 hujus
2963 2921 3111 2991 regii
3137 2922 3412 2993 sacrique
3445 2937 3621 2993 syne-

253 3011 319 3070 ὧς
441 3009 736 3082 Ἐκκλησία
762 3006 946 3062 δοκεῖ’
979 3009 1038 3068 ἣν
1062 3007 1121 3063 δὲ
1143 3016 1354 3083 γνώμην
1384 3009 1432 3063 έν
1462 3013 1604 3082 μέσῳ
1634 3017 1724 3061 τοῦ
1761 3006 1857 3080 βα-

1969 3004 2075 3060 drii
2099 3009 2263 3061 stans
2288 3005 2448 3076 legit,
2472 3023 2608 3078 quas
2631 3008 2712 3063 ita
2732 3009 2811 3063 ad
2828 3008 3085 3064 litteram
3109 3025 3170 3064 se
3189 3009 3457 3065 habebat
3481 3027 3494 3062 :
3519 3013 3622 3064 As-

254 3099 445 3152 σι).είου
474 3096 634 3151 τοῦδε
662 3104 753 3153 καὶ
786 3102 924 3176 ἱεροῦ
963 3096 1238 3172 συνεδρίου
1274 3099 1432 3161 αὐτὸς
1462 3097 1685 3158 ἀναστὰς
1713 3098 1854 3149 ὑπα-

1969 3094 2154 3149 sentio
2185 3111 2368 3150 sacrae
2415 3095 2755 3168 s'anctseque
2791 3097 3028 3168 synodo
3068 3097 3130 3152 in
3160 3098 3274 3153 hoc
3305 3097 3610 3168 dogmate,

1963 3183 2130 3254 quod
2180 3183 2544 3240 sacriﬁcium
2588 3190 2713 3240 tam
2743 3184 2909 3258 quod
2938 3201 3100 3241 nunc
3130 3185 3394 3254 offertur,
3425 3201 3614 3260 quam

1961 3271 2109 3327 illud
2139 3273 2216 3329 ab
2247 3273 2552 3342 unigenito
2582 3275 2726 3330 olim
2753 3275 3066 3331 incarnato
3094 3275 3286 3332 Verbo
3316 3275 3609 3347 oblatum,

1962 3366 2018 3417 et
2047 3366 2190 3418 tunc
2221 3362 2492 3420 oblatum
2519 3364 2695 3420 fuerit
2723 3369 2779 3421 et
2807 3380 2970 3420 nunc
2992 3364 3299 3436 offeratur,
3322 3369 3616 3439 tanquam

1960 3467 2154 3508 unum
2201 3453 2503 3526 idemque.
2547 3457 2613 3510 Et
2648 3455 2753 3528 qui
2794 3455 3040 3511 minime
3089 3455 3172 3512 sic
3220 3461 3443 3525 censet,
3476 3472 3616 3513 eum

1961 3541 2404 3598 anathematizo
2437 3561 2452 3609 ;
2497 3548 2554 3600 et
2612 3544 2663 3600 si
2713 3544 2862 3617 quid
2893 3545 3262 3601 contrarium
3291 3545 3618 3618 reperiatur

1961 3630 2347 3702 scriptum,id
2372 3632 2595 3704 pariter
2615 3633 3076 3691 anathematizo.
3100 3635 3441 3692 Soterichus
3464 3637 3615 3692 Pan-

1959 3724 2252 3791 teugenus
2270 3721 2619 3797 subscripsi.

255 1939 406 1993 Ἀλλὰ
434 1945 495 1993 τό
531 1948 766 2012 Πνεῦμα,
796 1940 848 1992 ὃν
883 1937 1155 1993 συναῖὃιόν
1182 1939 1294 1993 ἐστι
1315 1943 1626 2011 τούτοιςξκαὶ
1649 1941 1864 2012 σύνθρο-

253 2049 331 2082 νον
365 2046 380 2097 ;
407 2029 484 2082 Οὐ
517 2033 609 2102 μὲν
645 2026 734 2082 οὖν
765 2046 780 2063 ⁸
815 2026 940 2082 οὕδέ
984 2031 1086 2105 γὰρ
1119 2026 1270 2083 οὐδὲν
1299 2037 1394 2092 τῆς
1421 2026 1651 2105 Τριάδος
1674 2030 1862 2080 καθέσ-

251 2137 402 2175 τηκεν
435 2121 647 2192 ἄτιμον.
678 2117 769 2181 Ὡς
793 2119 1085 2193 παράλογος
1119 2121 1222 2194 ἄρα
1251 2120 1276 2170 6
1301 2124 1419 2193 περὶ
1448 2121 1634 2172 τούτου
1686 2117 1858 2190 φόϐος,

255 2208 334 2259 ἵνα
363 2213 436 2281 μὴ
469 2207 605 2279 λέγω
629 2209 797 2266 πάντη
825 2211 916 2260 καὶ
942 2207 1295 2280 ἆλογώτατος.

321 2303 438 2358 Τοῖς
468 2304 595 2368 γοῦν
620 2294 858 2350 τοιοῖσδε
878 2297 1052 2369 λόγοις
1071 2297 1203 2350 πολὺ
1243 2299 1332 2371 μὲν
1360 2298 1550 2370 ἔχουσι
1579 2299 1638 2350 τό
1681 2298 1856 2370 σοφὸν,

253 2385 356 2458 οὐχ
409 2387 566 2458 ᾗττον
611 2384 670 2440 6“:
699 2390 887 2440 τούτου
920 2391 1010 2439 καὶ
1038 2388 1096 2438 τὸ
1135 2386 1516 2459 ἆναγκαστικὸν
1545 2389 1676 2461 πρὸς
1698 2387 1860 2438 πειθὼ

254 2494 308 2528 τι
327 2480 417 2528 καὶ
449 2477 863 2548 συγκατάθεσιν,
890 2478 949 2528 τό
983 2475 1206 2550 σκληρόν
1237 2484 1329 2537 τῆς
1357 2478 1542 2529 τούτου
1573 2474 1860 2535 ἐνστάσεως

257 2570 346 2617 καὶ
383 2561 654 2618 ἀνένδοτον
679 2563 1054 2637 καταμαλάξας
1080 2563 1175 2634 ὀψέ
1205 2583 1325 2617 ποτε
1354 2563 1498 2638 μόλις
1530 2563 1682 2616 αὐτὸ)
1707 2581 1860 2634 μετα-

261 2654 390 2725 μέλῳ
429 2656 772 2726 χρησάμενον
802 2652 1325 2726 μεταϐουλεύσασθαι
1352 2657 1588 2707 πέπεικεν
1622 2669 1634 2682 ·
1679 2651 1750 2724 ἐφ’
1782 2648 1859 2712 οἷς

255 2744 548 2815 ὁμοφρονείν
588 2745 711 2816 ἡμῖν
734 2748 827 2796 καὶ
852 2742 1010 2805 αὐτὸς
1043 2745 1389 2815 συγκατέθετο
1417 2745 1854 2810 τοσοῦτον,ὤστε,

254 2838 344 2890 τήν
375 2833 566 2885 οἰκείαν
632 2838 846 2906 γνώμην
911 2832 1180 2907 ἐγγράφως
1235 2831 1518 2906 ἐκθέμενος,
1572 2830 1858 2903 ἀναθέματι

250 3193 516 3260 νέγνωσεν,
557 3185 687 3241 τάδε
724 3192 856 3263 πρὸς
887 3191 1003 3249 ἔπος
1041 3185 1523 3261 διαλαμϐάνουσαν.
1553 3187 1854 3260 Ὀμοφρονῶ

248 3285 308 3341 τῇ
346 3279 456 3350 ἱερᾷ
484 3282 575 3330 καὶ
606 3277 732 3350 ἁγίᾳ
757 3275 966 3350 συνόδῳ
990 3277 1075 3330 ἐπὶ
1098 3286 1171 3350 τῷ
1197 3283 1290 3337 τὴν
1313 3280 1497 3330 θυσίαν
1526 3281 1616 3330 καὶ
1634 3280 1738 3347 ⁸τὴν
1766 3283 1853 3328 νῦν

248 3372 667 3440 προσαγομένην,
701 3372 794 3420 καὶ
820 3373 939 3420 τότε
966 3370 1365 3442 προσαχθεῖσαν
1410 3386 1554 3441 παρα
1582 3373 1674 3418 τοῦ
1705 3384 1855 3437 μονο-

249 3465 426 3526 γενοῦς
463 3462 554 3509 καὶ
585 3455 1025 3532 όινθρωπήσαντος
1044 3461 1238 3528 Λόγου,
1269 3461 1360 3509 καὶ
1386 3461 1503 3509 τότε
1530 3455 1854 3530 προσαχθεῖ-

253 3564 368 3612 σαν,
405 3550 498 3598 καὶ
533 3554 623 3598 νῦν
663 3547 814 3598 πάλιν
843 3548 1230 3620 προσάγεσθαι,
1261 3549 1328 3608 ὡς
1366 3550 1461 3604 τὴν
1499 3545 1660 3603 αὐτὴν
1692 3540 1852 3596 οὖσαν

243 3639 334 3687 καὶ
364 3640 490 3707 μίαν
523 3657 537 3670 ο
571 3640 663 3688 καὶ
688 3644 762 3707 τῷ
791 3638 881 3708 μὲν
913 3638 1047 3688 οὕτω
1079 3642 1346 3711 φρονοῦντι
1382 3633 1612 3707 ἀνάθεμα
1639 3655 1652 3666 ·
1679 3634 1773 3686 κᾶν
1800 3653 1853 3684 τι

246 3730 371 3799 πρὸς
425 3724 725 3800 ἀνατροπὴν
787 3723 1098 3799 εὑρίσκηται
1141 3728 1511 3800 γεγραμμένον,
1572 3721 1854 3795 ἀναθέματι

245 3813 650 3886 καθυποϐάλλῳ·
687 3813 750 3867 Ἡ
790 3815 1067 3888 ὖπογραφή
1093 3828 1106 3843 ’
1151 3819 1454 3888 Σωτήριχας
1483 3814 1849 3884 Παντεύγενος.

310 3907 523 3957 Τούτων
578 3903 667 3956 οὖν
710 3904 1136 3974 συνενεχθέντων,
1192 3899 1365 3966 ίδοξεν
1413 3904 1536 3975 ἡμὶν
1575 3898 1691 3954 δίον
1722 3899 1853 3966 εἶναι

243 3995 300 4045 τὸ
368 4000 782 4052 κατασκοπῆσαι
844 3992 1022 4045 λοιπὸν
1080 3995 1169 4045 καὶ
1233 3994 1300 4045 τὰ
1359 3996 1476 4066 περὶ
1540 3999 1631 4053 τῆς
1695 3991 1852 4044 αὐτοῦ

242 4083 679 4148 καταστάσεως.,
752 4081 796 4135 εἰ
862 4082 967 4157 ἄρα
1044 4084 1153 4157 χρὴ
1226 4087 1409 4134 τοῦτον
1489 4083 1538 4134 ἐν
1619 4082 1848 4154 ίερατικῆ

244 4173 577 4225 καταστάσει
623 4174 788 4244 μένειν
838 4173 897 4224 τό
947 4169 1049 4224 ἀπὸ
1102 4167 1280 4237 τοῦδε,
1335 4172 1432 4224 εἴτε
1487 4173 1577 4222 καὶ
1633 4169 1705 4232 εἰς
1755 4169 1853 4242 ἆρ-

251 4265 437 4336 χιερέα
487 4258 828 4334 προϐιϐασθῇ
864 4275 879 4292 ο
949 4258 1141 4312 αὐτίκα
1195 4258 1284 4312 οὗν
1345 4261 1372 4313 ὁ
1422 4260 1701 4334 κράτιστος
1763 4261 1854 4310 καὶ

249 4351 395 4424 ἅγιος
471 4352 618 4424 ἡμῶν
665 4349 935 4424 βασιλεὺς,
987 4354 1080 4410 τὴν
1125 4353 1245 4426 περὶ
1281 4353 1470 4404 τούτου
1525 4351 1750 4412 ζήτησιν
1779 4353 1850 4422 μὴ

251 4439 457 4499 «bene;
523 4449 597 4512 τῷ
661 4445 896 4514 μεγίστῳ
959 4440 1139 4513 κράτει
1200 4439 1360 4494 αὐτοῦ
1415 4438 1652 4509 ἐπειπὼν,
1719 4439 1857 4492 κατὰ

250 4534 307 4583 τὸ
372 4527 565 4585 δοκοῦν
639 4532 766 4604 ἡμῖν
838 4526 1176 4603 ἐνδεχόμενον
1265 4539 1540 4592 κανονικῶς
1610 4530 1677 4583 τὰ
1735 4533 1856 4603 περὶ

253 4624 432 4674 τούτου
492 4619 740 4694 ἐπέτρεψε
799 4616 1200 4695 διαπράξασθαι
1240 4635 1254 4653 ⁸
1319 4619 1368 4674 έν
1420 4627 1554 4673 πᾶσι
1600 4621 1702 4692 γὰρ
1759 4621 1855 4678 τὴν

253 4719 349 4765 τῶν
402 4713 547 4765 θείων
596 4715 686 4764 καὶ
745 4712 895 4784 ἱερῶν
941 4713 1165 4762 κανόνων
1223 4707 1600 4785 ἀκριϐεστάτην
1658 4712 1856 4768 συντή-

257 4821 404 4873 ρησιν
503 4798 828 4854 ἆποδεκτέαν
930 4799 1215 4872 λογίζεται.
1317 4796 1857 4872 Συνδιασκεψαμένοις

259 4890 338 4943 οὖν
383 4893 507 4960 ἡμῖν
565 4890 614 4945 έν
664 4897 829 4962 κοινῷ
887 4892 1007 4962 περὶ
1069 4891 1277 4958 τούτου,
1330 4887 1628 4943 ἆππτεῦθεν
1679 4889 1858 4950 πάσης

262 4980 507 5054 ἱερατικῆς
599 4981 758 5046 ἀξίας
866 4977 1071 5040 ἀνάξιος
1141 4982 1376 5052 κέκριται
1459 4981 1486 5031 6
1559 4977 1860 5052 ὓποψὴφιος

257 5071 564 5149 ’Δντιοχιίας
621 5068 970 5130 Θεουπόλεως
1034 5074 1334 5144 Σωτήριχος
1391 5070 1417 5123 6
1465 5071 1812 5142 Παντεύγενος
1839 5083 1854 5100 ⁸

259 5160 368 5218 ἔπτά
426 5170 600 5220 τοίνυν
659 5162 719 5227 ἐξ
788 5162 945 5234 ἡμῶν
1001 5166 1100 5212 τῶν
1165 5162 1440 5236 κατωτέρω
1483 5160 1859 5236 ῥηθησομένών

2034 3901 2132 3958 His
2157 3901 2237 3958 ita
2254 3901 2836 3975 compositis,visum
2860 3905 2951 3957 est
2973 3900 3150 3957 nobis
3172 3899 3614 3973 dispiciendum

1962 4008 2207 4065 quoque
2248 3991 2374 4048 fore
2414 3991 2488 4046 de
2518 3991 2700 4062 hujus
2729 3989 3124 4054 ordinatione,
3162 4004 3381 4062 nempe
3410 3992 3614 4046 utrum

1963 4084 2263 4155 oporteret
2290 4080 2455 4136 hunc
2481 4079 2766 4152 deinceps
2796 4079 2860 4135 in
2891 4077 3289 4134 ecclesiastico
3311 4081 3468 4135 statu
3489 4094 3614 4136 ma-

1962 4187 2126 4241 nere,
2157 4170 2254 4228 vel
2279 4170 2358 4227 ad
2384 4171 2588 4244 ipsum
2626 4168 3048 4242 pontiﬁcatum
3091 4167 3454 4242 promoveri.
3489 4170 3614 4226 Sta-

1964 4262 2071 4319 tim
2114 4260 2293 4331 igitur
2319 4259 2776 4334 potentissimus
2807 4263 3169 4331 sanctusque
3197 4263 3399 4315 noster
3425 4258 3614 4332 impe-

1962 4356 2144 4425 rator,
2174 4351 2334 4408 hanc
2362 4365 2606 4423 quoque
2635 4347 3029 4423 quaestionem
3055 4349 3304 4405 minime
3335 4365 3470 4406 esse
3501 4348 3615 4404 dif-

1963 4441 2277 4500 ferendam
2307 4457 2416 4497 sua
2436 4440 2706 4496 maxima
2732 4439 3085 4497 auctoritate
3115 4455 3412 4510 annuens,
3439 4438 3615 4511 quid-

1963 4531 2111 4606 quid
2159 4530 2334 4587 nobis
2382 4530 2668 4586 canonice
2711 4529 2908 4587 facere
2945 4528 3272 4602 placuisset
3302 4528 3616 4585 concessit.

1962 4623 2136 4678 Putat
2186 4619 2346 4676 enim
2403 4635 2707 4676 sacrorum
2768 4618 3235 4691 divinorumque
3311 4631 3616 4674 canonum

1965 4713 2238 4767 exactam
2264 4707 2712 4765 observantiam
2743 4708 2805 4764 in
2825 4706 3052 4764 cunctis
3083 4705 3428 4763 tenendam.
3463 4707 3616 4774 Ergo

1965 4797 2279 4857 communi
2316 4797 2563 4855 consilio
2593 4797 3088 4864 deliberantibus,
3127 4795 3295 4851 omni
3323 4795 3384 4850 in
3409 4796 3616 4866 poste-

1965 4906 2102 4947 rum
2150 4889 2505 4946 sacerdotali
2542 4888 2832 4959 dignitate
2875 4887 3162 4957 indignus
3196 4884 3500 4957 judicatus
3530 4885 3621 4939 est

1970 4978 2307 5036 Soterichus
2357 4981 2780 5048 Panteugenus
2825 4975 3151 5032 Antiochiae
3205 4973 3306 5030 Dei
3366 4972 3619 5029 civitatis

1971 5068 2191 5124 electus
2210 5068 2572 5142 patriarcha.
2593 5069 2738 5124 Cum
2755 5081 2901 5122 vero
2922 5068 3152 5137 septem
3174 5079 3246 5120 ex
3268 5061 3444 5119 nobis
3465 5061 3622 5116 infra

1969 5155 2327 5214 nominandi
2381 5155 2807 5230 postulassent,
2840 5159 2908 5210 ut
2946 5153 3145 5226 primo
3180 5150 3516 5209 accuratius
3547 5147 3621 5202 de

281 5576 325 5616 ss
349 5581 372 5636 ι
395 5579 536 5639 cor,
569 5586 616 5644 ι,
659 5568 759 5627 10.
851 5558 935 5598 ³³¹¹
957 5557 1126 5622 10811.
1155 5574 1217 5636 ν,
1246 5563 1337 5624 23.
1415 5561 1464 5602 ³9
1485 5562 1655 5626 Joan.
1683 5579 1744 5638 x,
1766 5564 1861 5627 3οο
