4126 6272
482 256 573 307 191
1810 238 2070 303 NICITAE
2100 246 2477 304 CHONIATE

3731 247 3838 299 {92

467 375 584 431 hac
611 390 672 431 re
704 371 1160 447 dispiceremus,
1198 372 1418 430 deinde
1457 374 1518 428 in
1548 370 1665 427 alia
1692 370 1958 426 sessione
1987 386 2121 427 sen-

2239 373 2593 445 αἰτησαμένων
2637 372 3079 441 κατασκέψασθαι
3124 373 3370 443 πρότερον
3402 372 3520 441 περὶ
3550 369 3735 420 τούτου
3775 371 3837 420 τὸ

471 464 717 522 tentiam
744 465 1003 538 quisque
1035 481 1216 522 suam
1247 463 1599 537 proferrent.

543 643 669 713 Ego
699 642 944 716 quidem
994 640 1705 714 Constantinopolitanus,
1740 653 1860 694 non
1907 638 2123 695 admit-

473 732 727 788 tendum
753 731 833 788 ad
859 731 1261 787 sacerdotium
1291 731 1387 787 aio
1416 730 1599 793 hunc,
1628 728 1770 800 quia
1795 728 1923 797 jam
1960 727 2124 783 bien-

471 821 575 878 nio
591 836 714 877 non
736 820 892 877 clam
917 836 1111 893 neque
1132 820 1194 876 in
1215 819 1472 891 angulis,
1497 817 1605 873 sed
1634 815 1946 873 manifeste
1965 820 2125 873 recto

472 910 742 980 dogmati
794 911 1170 981 contradicit,
1216 925 1401 983 seque
1429 907 1743 981 publicum
1772 921 1976 978 pravae
2023 905 2126 962 do-

472 997 671 1053 ctrinae
699 998 998 1054 fautorem
1030 997 1531 1069 defensoremque
1552 994 1884 1068 proﬁtetur.

542 1090 663 1157 Ego
685 1087 1260 1161 Hierosolymitanus
1279 1087 1441 1142 idem
1459 1101 1675 1142 censeo
1698 1083 1863 1158 quod
1885 1081 2130 1139 sanctis-

473 1176 664 1232 simus
693 1176 978 1233 dominus
1005 1193 1177 1233 meus
1201 1179 1257 1232 et
1277 1174 1679 1232 consacerdos
1714 1171 2130 1230 Constantino-

472 1264 773 1337 politanus
800 1266 874 1321 de
905 1266 1019 1322 hoc
1049 1264 1359 1338 proposito
1402 1264 1498 1337 pie
1538 1269 1596 1320 et
1652 1260 1986 1319 secundum
2030 1257 2130 1316 Dei

472 1352 846 1411 voluntatem
869 1355 1092 1411 statuit.

546 1447 663 1516 Ego
692 1444 979 1514 Bulgarus
1009 1446 1105 1500 aio
1126 1443 1251 1501 ﬁeri
1281 1458 1407 1500 non
1426 1459 1607 1515 posse
1647 1445 1707 1498 ut
1730 1441 1827 1497 hic
1858 1437 2131 1496 sacerdo-

472 1532 621 1588 tium
653 1531 905 1588 retinere
948 1532 1198 1599 sinatur,
1229 1531 1372 1604 quia
1405 1535 1638 1586 tantum
1665 1533 1871 1586 contra
1900 1527 1999 1583 Dei
2031 1529 2128 1581 Ec-

473 1619 719 1676 clesiam
767 1620 1125 1677 scandalum
1173 1620 1501 1691 suscitavit,
1543 1624 1601 1674 et
1645 1618 1750 1691 qui
1787 1614 2128 1688 complures

2234 461 2547 536 τελεώτερον,
2589 459 2745 513 καὶέν
2794 459 2938 534 ἑτέρᾳ
2989 458 3284 512 συνελεύσει
3329 460 3387 510 τὸ
3440 453 3627 511 δοκοῦν
3664 457 3839 517 αὐτοῖς

2235 549 2626 622 ἀποφήνασθαι.

2306 639 2437 710 Ἐγὼ
2485 641 2574 710 μὲν
2627 638 2654 689 6
2708 636 3295 697 Κωνσταντινούπολεως
3349 631 3712 707 ἁπαράδεκτον
3762 633 3835 696 εἰς

2236 729 2517 802 ἱερωσύνην
2549 732 2731 780 τοῦτόν
2757 747 2890 800 φημι
2921 723 3069 795 εἶναι,
3110 727 3177 788 ὡς
3223 725 3309 778 ἐπὶ
3340 722 3436 778 δύο
3474 720 3582 782 ἤδη
3610 743 3841 799 χρονους

2234 816 2294 868 ού
2323 819 2496 890 κρύφα
2526 813 2640 870 οὐδ’
2668 815 2716 868 ἐν
2754 820 2937 889 γωνίᾳ,
2985 814 3112 868 ἀλλὰ
3138 822 3362 890 φανερῶς
3391 815 3530 866 κατά
3558 821 3650 865 τοῦ
3677 815 3839 885 ὀρθοῦ

2234 904 2720 980 παρρησιαζόμενον
2743 902 3126 978 δόγματος,καὶ
3146 909 3431 978 συνήγορον
3455 906 3577 955 ὅντα
3599 900 3838 975 λαμπρὸν

2236 1003 2327 1055 τῆς
2350 992 2586 1057 ἀσεϐείας
2607 999 2697 1047 καὶ
2725 998 3024 1068 πρόμαχον.

2308 1087 2437 1155 Ἐγώ
2496 1081 2556 1136 6“:
2607 1085 2632 1136 6
2676 1083 3042 1157 Ἱεροσολύμων
3113 1081 3249 1135 αύτά
3307 1088 3475 1134 ταῦτα
3532 1085 3622 1133 καὶ
3679 1079 3841 1139 αὐτὸς

2236 1176 2551 1245 γνωματεύω
2604 1173 2733 1245 ἅπερ
2806 1174 2831 1224 ό
2895 1172 3182 1244 ἁγιώτατος
3237 1170 3362 1244 ἐμοῦ
3430 1167 3689 1230 δεσπότης
3749 1174 3842 1221 καὶ

2241 1261 2634 1338 συλλειτουργὸς
2660 1264 2686 1314 6
2742 1261 3325 1322 Κωνσταντινουπόλεως
3372 1260 3457 1314 ἐπὶ
3504 1268 3566 1332 τῇ
3620 1279 3837 1332 τοιαυτῃ

2239 1353 2481 1404 ὑποθέσει
2513 1353 2797 1426 θεαρέστως
2825 1353 2956 1422 οἰγαν
2987 1355 3077 1403 καὶ
3107 1350 3324 1411 εὐσεϐῶς
3354 1350 3669 1421 ἀπεφήνατο.

2314 1440 2441 1511 Ἐγὼ
2508 1436 2568 1493 δὲ
2624 1442 2649 1492 6
2707 1439 3026 1515 Βουλγαρίας
3081 1439 3210 1511 λέγω
3268 1435 3524 1491 ἀδύνατον
3586 1436 3715 1490 εἶναι
3779 1440 3841 1488 τὸ

2238 1525 2646 1603 παραδεχθῆναι
2718 1537 2896 1582 τοῦτον
2971 1531 3111 1600 ἔχειν
3189 1530 3492 1603 ἱερωσύνην,
3606 1527 3687 1579 ὅτι
3788 1544 3846 1579 τε

2238 1626 2470 1671 τοιοῦτον
2531 1615 2820 1672 σκάνδαλον
2884 1621 3020 1671 κατά
3074 1625 3165 1680 τῆς
3226 1617 3533 1677 Ἐκκλησίας
3590 1614 3842 1689 ἐξήγειρε,

472 1707 610 1763 huic
626 1723 756 1764 esse
786 1709 1044 1765 asseclas
1074 1713 1240 1781 puto,
1260 1708 1684 1780 nescimusque
1705 1712 1907 1763 utrum
1930 1704 2008 1761 ad
2030 1718 2125 1759 ve-

2239 1712 2328 1760 xui
2384 1710 2461 1761 ὄτι
2512 1712 2602 1760 xui
2653 1704 2897 1782 διάφοροι
2945 1710 3108 1779 τούτῳ
3156 1702 3305 1779 οἶμαι
3353 1704 3844 1773 συνηκολούθησαν,

470 1796 709 1853 ritatem
757 1797 987 1854 sincero
1031 1798 1258 1871 judicio
1288 1798 1582 1854 reversuri
1630 1794 1958 1869 aliquando
1989 1794 2122 1849 sint.

472 1884 647 1951 Quod
663 1885 709 1941 si
724 1887 899 1958 juxta
924 1886 1172 1944 effatum
1206 1886 1603 1957 Dominicum,
1633 1885 1861 1942 homini
1889 1883 1995 1956 qui
2019 1882 2128 1939 mi-

469 1973 705 2030 nimum
722 1975 986 2048 aliquem
1005 1976 1232 2033 Christo
1250 1976 1591 2032 credentem
1610 1972 2124 2036 scandalizaverit,

472 2064 712 2136 expedit
740 2068 805 2121 ut
828 2064 1029 2138 lapide
1075 2065 1325 2122 molario
1350 2066 1412 2121 in
1443 2065 1573 2137 ejus
1602 2063 1825 2121 collum
1854 2061 2129 2119 immisso

471 2152 894 2225 praecipitetur,
920 2158 975 2209 et
995 2153 1055 2209 in
1083 2153 1267 2210 maris
1292 2152 1763 2227 profunditatem
1786 2150 2127 2223 jaciatur“);

471 2240 577 2312 qui
603 2241 826 2298 multos
857 2242 1014 2299 circa
1042 2241 1272 2312 dogma
1293 2240 1735 2307 scandalizavit,
1759 2244 2004 2313 quantae
2025 2237 2134 2299 erit

474 2344 671 2400 poena:
695 2329 993 2387 obnoxius
1016 2332 1044 2386 ?
1066 2333 1313 2403 Insuper
1341 2346 1414 2386 ex
1438 2328 1687 2386 diversis
1708 2327 1923 2384 divinis
1955 2342 2133 2385 cano-

474 2416 654 2472 nibus
680 2418 822 2475 satis
851 2420 1258 2490 cognoscitur,
1288 2419 1451 2474 hunc
1481 2417 1560 2474 ad
1588 2416 1989 2474 sacerdotium
2014 2416 2130 2471 mi-

473 2504 636 2563 nime
661 2506 894 2563 admitti
914 2523 1113 2580 posse,
1138 2507 1262 2564 imo
1291 2506 1751 2580 deponendum.

546 2686 665 2757 Ego
691 2701 936 2758 quoque
976 2685 1227 2758 Cyprius
1251 2685 1369 2756 aio,
1410 2700 1507 2743 me
1538 2687 1744 2758 utpote
1773 2687 2126 2741 extraneum

480 2777 656 2830 antea
679 2773 928 2845 quidem
950 2790 1074 2831 non
1099 2774 1245 2831 satis
1268 2773 1618 2846 cognovisse
1635 2789 1787 2847 quas
1816 2774 1923 2830 iste
1946 2772 2129 2829 vomit

471 2861 884 2935 blasphemias
907 2864 1198 2920 adversus
1216 2870 1447 2922 rectum
1467 2864 1739 2921 Ecclesiae
1754 2863 2001 2934 dogma.
2013 2862 2129 2919 Sed

470 2951 632 3008 enim
687 2968 761 3009 ex
810 2952 906 3009 his
946 2969 1085 3026 quae
1126 2953 1308 3010 hodie
1355 2953 1556 3026 ipsum
1595 2952 1800 3010 audivi
1831 2951 2127 3008 dicentem

2238 1803 2328 1850 xui
2375 1796 2654 1870 ἀγνοοῦμεν
2704 1797 2747 1850 εἰ
2802 1800 2932 1870 πρὸς
2990 1795 3230 1855 ἀλήθειαν
3283 1798 3411 1868 μετὰ
3461 1794 3615 1869 ὀρθοῦ
3655 1797 3848 1869 φρονή-

2238 1906 2397 1958 ματος
2452 1892 2543 1939 καὶ
2592 1891 2706 1939 τότε
2769 1888 3251 1960 ἑπιστραφῆσονται
3284 1906 3296 1918 ·
3361 1888 3450 1937 καὶ
3515 1886 3653 1957 εἴπερ
3705 1884 3846 1935 κατὰ

2238 1996 2306 2029 τα
2353 1978 2593 2050 Κυριακὰ
2635 1976 2786 2047 λόγιοι
2831 1984 2903 2046 τῷ
2946 1976 3032 2027 ἕνα
3079 1977 3197 2027 τινὰ
3235 1982 3335 2026 τῶν
3374 1981 3573 2048 μικρῶν
3606 1968 3844 2025 σκανδα-

2238 2065 2447 2118 λίσαντι
2484 2085 2584 2118 των
2630 2068 2974 2118 πιστευόντων
3029 2063 3097 2125 εἰς
3155 2066 3242 2116 τὸν
3295 2064 3527 2137 Χριστὸν
3579 2063 3844 2135 συμφέρον

2242 2153 2381 2208 ἐστὶν
2422 2158 2502 2206 ἵνα
2567 2152 2711 2217 λίθος
2765 2152 3051 2226 μυλωνικός
3108 2152 3179 2215 εἰς
3234 2153 3321 2204 τὸν
3372 2150 3639 2226 τράχηλον
3677 2149 3845 2202 αὐτοῦ

2241 2245 2534 2317 κρεμασθῇ,
2606 2248 2696 2296 καὶ
2752 2242 2823 2305 εἰς
2892 2242 3054 2314 βυθὸν
3118 2240 3388 2302 θαλάσσης
3469 2238 3752 2314 ἀπορῥιφῇ,
3819 2238 3847 2290 6

2241 2332 2455 2393 πολλούς
2514 2328 2872 2393 σκανδαλίσας
2918 2330 3004 2383 ἐπὶ
3059 2338 3132 2402 τῷ
3181 2326 3434 2403 δόγματι,
3492 2330 3647 2401 ὁποίᾳ
3693 2330 3849 2380 ἔσται

2240 2427 2469 2498 τιμωρίᾳ
2532 2417 2782 2481 ὑπόδικος
2832 2420 3045 2488 ;Ἀλλόι
3105 2424 3196 2473 καὶ
3255 2418 3311 2471 ἐκ
3373 2415 3635 2492 διαφόρων
3695 2418 3847 2469 θείων

2239 2516 2461 2564 κανόνων
2484 2514 2543 2564 τὸ
2569 2506 2933 2587 ἀπαράὸεκτον
2961 2512 3093 2584 πρὸς
3125 2509 3407 2584 ἱερωσύνην
3432 2511 3522 2561 καὶ
3546 2508 3850 2580 καθῃρημέ-

2239 2621 2322 2654 νον
2347 2608 2527 2654 τοῦτον
2559 2595 2688 2653 εἶναί
2714 2596 3143 2672 διαγινώσκει-αι.

2313 2691 2466 2746 Ἀλλὰ
2513 2689 2656 2762 κάγὼ
2716 2691 2742 2743 ό
2818 2692 3029 2765 Κύπρου
3096 2692 3248 2743 τοῦτό
3306 2707 3464 2762 φημι,
3512 2688 3581 2748 ὡς
3630 2688 3697 2739 τὰ
3749 2688 3846 2759 μὲν

2239 2780 2369 2834 ἄλλα
2404 2788 2496 2833 τοῦ
2544 2776 2735 2854 ἀνδρὸς
2789 2775 3068 2852 ἀπόδημος
3106 2779 3194 2845 ὢν,
3235 2781 3294 2830 τὸ
3337 2781 3585 2852 πρότερον
3614 2775 3672 2829 ού
3713 2778 3847 2827 σύν-

2239 2867 2365 2924 οιδα
2429 2868 2658 2942 ἀκριϐῶς
2702 2870 2803 2922 ὅσα
2856 2873 2947 2921 καὶ
3006 2867 3396 2941 βλασφημῆσαι
3447 2865 3648 2938 λέγεται
3706 2867 3851 2917 κατὰ

2238 2966 2331 3011 τοῦ
2397 2958 2554 3035 ὀρθοῦ
2618 2955 2878 3032 δόγματος
2938 2965 3031 3018 τῆς
3088 2956 3405 3017 Ἐκκλησίας
3435 2971 3450 2987 ⁶
3510 2953 3595 3027 ἀφ’
3647 2955 3715 3006 ὦν
3782 2950 3851 3007 δὲ

471 3044 608 3096 ante
638 3039 873 3111 regium
902 3046 958 3098 et
986 3041 1460 3099 ecclesiasticum
1490 3041 1795 3105 thronum.
1824 3055 1947 3097 non
1977 3054 2125 3112 pon—

2242 3052 2466 3123 σὴμερον
2494 3046 2704 3100 ἐνώπιον
2735 3055 2827 3100 τοῦ
2869 3044 3149 3119 βασιλικου
3185 3051 3276 3097 xui
3307 3046 3567 3115 ἱερατικου
3601 3040 3850 3115 βήματος

471 3129 719 3187 tiﬁcatui
751 3131 1173 3190 tantummodo
1189 3148 1331 3188 cum
1344 3147 1593 3204 prorsus
1616 3131 1886 3204 ineptum
1895 3128 2126 3202 judico,

471 3233 683 3275 verum
711 3219 891 3276 etiam
925 3220 1225 3277 diaconali
1254 3221 1467 3291 gradu,
1496 3235 1677 3292 quem
1719 3219 2011 3276 hactenus
2043 3221 2129 3273 te-

472 3307 677 3364 nuisse
706 3308 953 3380 videtur,
994 3309 1334 3380 indignum,
1361 3309 1446 3366 ita
1473 3315 1539 3366 ut
1563 3326 1638 3366 ex
1669 3309 1785 3365 hoc
1815 3308 1996 3365 etiam
2026 3306 2129 3378 eji-

477 3395 727 3453 ciendus
765 3396 1063 3455 videatur.

546 3487 671 3554 Ego
702 3485 1078 3543 Caesariensis
1106 3485 1290 3555 hunc,
1322 3490 1527 3560 utpote
1554 3501 1714 3559 saepe
1758 3483 2131 3542 orthodoxite

481 3573 891 3639 adversatum,
917 3573 996 3630 ad
1026 3574 1427 3632 sacerdotium
1456 3591 1582 3632 non
1611 3575 1881 3633 admitto.

549 3665 672 3734 Ego
703 3662 1037 3721 Corinthius
1060 3662 1264 3732 iudico
1282 3663 1445 3721 hunc
1488 3664 1656 3722 omni
1682 3663 2013 3721 sacerdotio
2039 3662 2134 3719 in-

475 3752 747 3826 dignum,
779 3755 986 3825 utpote
1027 3751 1427 3823 irreligiosum
1457 3757 1514 3811 et
1551 3752 1960 3827 blasphemias
2007 3768 2133 3810 non

479 3843 674 3901 solum
705 3847 905 3901 mente
935 3841 1258 3913 foventem,
1289 3859 1501 3900 verum
1539 3843 1719 3900 etiam
1759 3843 2130 3916 loquentem.

479 3932 769 3998 Quamvis
808 3931 970 3989 enim
1010 3931 1126 3988 illis
1173 3947 1337 3989 nunc
1366 3934 1691 3990 anathema
1719 3931 1887 4002 dixit,
1918 3931 2133 3989 nihilo-

476 4021 679 4077 minus
700 4020 1035 4078 sacerdotio
1053 4026 1109 4077 et
1128 4021 1286 4078 clero
1302 4021 1637 4079 excluditur
1650 4021 1823 4093 juxta
1837 4036 2133 4093 magnum

474 4108 870 4165 Athanasium
894 4109 1364 4167 Alexandrinum
1385 4111 1448 4167 in
1470 4110 1734 4183 Epistola
1761 4109 1842 4167 ad
1870 4109 2133 4167 Ruﬁnia-

477 4212 627 4252 num
664 4195 1039 4269 episcopum,
1065 4198 1357 4273 juxtaque
1387 4199 1538 4257 alios
1575 4199 1812 4256 divinos
1840 4214 2130 4257 canones.

480 4288 644 4344 Certe
673 4285 965 4358 synodica
994 4288 1146 4344 sexti
1165 4289 1402 4346 concilii
1425 4289 1695 4346 deﬁnitio
1723 4289 1806 4347 ita
1823 4290 2048 4362 partim
2069 4304 2132 4345 se

474 4375 662 4432 habet
689 4391 711 4431 :
741 4396 770 4427 ‹
801 4375 900 4431 His
934 4375 1138 4448 itaque
1162 4392 1301 4433 cum
1339 4379 1506 4434 omni
1530 4378 1838 4449 diligentia
1861 4394 2128 4453 curaque

480 4464 703 4522 eximia
762 4479 800 4521 a
843 4464 1023 4521 nobis
1063 4466 1422 4535 constitutis,
1457 4467 1778 4524 deﬁnimus
1807 4434 2049 4526 nemini
2064 4467 2133 4524 li-
2163 4434 2208 4489 Β

483 4570 614 4611 cere
665 4553 846 4610 aliam
896 4552 1081 4611 ﬁdem
1128 4554 1394 4627 proferre
1438 4572 1544 4612 seu
1595 4557 1992 4627 conscribere,
2042 4557 2135 4615 vel

484 4657 868 4715 componere,
901 4657 1101 4715 neque
1140 4642 1304 4700 aliud
1332 4644 1678 4716 symbolum
1701 4662 2000 4720 exponere
2031 4649 2136 4704 aut

481 4731 698 4790 docere
722 4730 820 4788 vel
843 4730 1096 4789 tradere.
1124 4753 1152 4783 ››
1186 4734 1256 4789 Et
1280 4733 1491 4805 paucis
1516 4733 1875 4809 interpositis
1906 4754 1920 4794 :
1975 4757 1999 4788 ι
2034 4735 2135 4793 Vel

483 4836 712 4879 novum
755 4820 1044 4894 loquendi
1070 4835 1283 4893 genus,
1317 4838 1421 4878 seu
1447 4822 1884 4883 vocabulorum
1925 4825 2132 4882 inven-

483 4908 707 4966 tionem
751 4908 1055 4978 invehere,
1101 4908 1179 4966 ad
1205 4910 1559 4982 dogmatum
1583 4928 1721 4986 quae
1745 4913 2131 4971 deﬁnivimus

485 4996 958 5053 subversionem.
1014 4997 1187 5064 Quod
1238 4999 1289 5055 si
1332 4998 1394 5055 id
1439 4998 1663 5058 faciant
1709 5001 1976 5075 episcopi
2030 5004 2135 5058 aut

483 5083 699 5154 clerici,
743 5085 1103 5159 episcopatu.
1142 5092 1200 5145 et
1242 5088 1522 5147 clericatu
1561 5094 1824 5149 extorres
1860 5091 2011 5149 ﬁant
2041 5110 2057 5163 ;
2085 5090 2134 5148 si

562 5498 609 5538 ἰο
632 5499 831 5561 Matth.
854 5503 1008 5577 xviii,
1027 5506 1079 5563 6.

2237 3132 2395 3190 τουδε
2452 3137 2794 3211 ἠκροασάμην
2863 3134 3100 3206 λέγοντος
3161 3136 3370 3203 τούτου,
3436 3132 3496 3185 ού
3552 3135 3702 3204 μόνον
3771 3131 3851 3194 εἰς

2240 3224 2638 3300 ἀρχιερωσύνην
2670 3220 3028 3300 ἀπαράὸεκτον
3073 3220 3204 3276 εἶναι
3249 3223 3581 3275 παντάπασιν
3611 3218 3849 3292 ἀποφαία

2239 3334 2392 3387 νομαι
2420 3313 2595 3383 αὐτὸν,
2628 3313 2757 3367 ἀλλὰ
2800 3318 2890 3366 καὶ
2932 3313 3093 3365 αύτου
3119 3332 3210 3365 του
3257 3307 3503 3364 διακόνου
3545 3309 3754 3383 βαθμου
3788 3308 3852 3360 ὃν

2242 3399 2389 3456 δοκεῖ
2416 3406 2541 3465 τέως
2572 3405 2735 3474 ἔχειν,
2753 3401 2959 3464 ἀνάξιος
2979 3402 3146 3459 πάντη
3172 3401 3513 3464 καθέστηκεν,
3540 3400 3609 3459 ὡς
3633 3395 3849 3472 ἀφαιρε-

2241 3496 2356 3545 τέου
2385 3496 2476 3546 καὶ
2499 3495 2686 3546 τούτου
2714 3492 3062 3564 τυγχάνοντος
3083 3488 3136 3553 ἐξ
3163 3488 3342 3542 αὐτου.

2314 3585 2444 3654 Ἐγὼ
2467 3578 2527 3634 δὲ
2543 3583 2567 3633 ό
2584 3585 2901 3655 Καισαρείας
2924 3583 2987 3640 ὡς
3008 3578 3255 3640 πολλάκις
3274 3578 3411 3631 κατὰ
3424 3585 3513 3638 τῆς
3533 3572 3854 3652 ὀρθοδοξίας

2244 3668 2395 3723 αὐτὸν
2425 3668 2676 3723 ἐνστάντα
2714 3668 2781 3730 εἰς
2822 3669 3102 3744 ἱερωσύνην
3128 3667 3187 3720 οὐ
3207 3663 3604 3741 παραδέχομαι.

2312 3758 2443 3831 Ἐγὼ
2501 3755 2560 3812 δὲ
2606 3761 2631 3811 6
2690 3760 2941 3833 Κορίνθου
2981 3761 3140 3834 κρίνω
3188 3775 3369 3810 τουτον
3398 3757 3571 3816 πάσης
3610 3756 3849 3828 ἱερωσύ-

2241 3869 2330 3910 νης
2360 3847 2586 3918 ἀνάξιον,
2636 3852 2700 3909 ὡς
2743 3846 2902 3906 ἀσεϐῆ
2952 3866 3007 3900 τε
3040 3850 3131 3899 xui
3167 3844 3462 3920 βλάσφημα
3512 3847 3854 3918 φρονήσαντα

2242 3944 2332 3993 xui
2369 3937 2668 3998 λαλήσαντα
2723 3952 2739 3968 ⁸
2794 3937 2836 3990 εἰ
2887 3939 2988 4013 γὰρ
3039 3940 3129 3989 καὶ
3178 3935 3464 4007 ἂναθέματι
3500 3954 3587 3987 νυν
3642 3934 3854 3987 καθυπ-

2243 4026 2440 4098 έεαλεν,
2494 4026 2624 4080 ἀλλὰ
2677 4036 2772 4089 τῆς
2832 4028 3117 4101 ἱερωσύνης
3163 4030 3253 4078 καὶ
3306 4044 3394 4078 του
3448 4023 3641 4098 κλήρου
3694 4021 3853 4075 ἐκϐέ-

2244 4117 2449 4191 ϐληται,
2509 4119 2646 4169 κατὰ
2693 4119 2782 4169 τὸν
2854 4111 3241 4189 Ἀλεξανδρείας
3303 4116 3465 4187 μέγαν
3532 4113 3852 4165 Ἀθανάσιον

2242 4206 2373 4281 πρός
2443 4205 2789 4279 Ῥουφινιανόν
2869 4204 3153 4258 ἐπίσκοπον
3213 4203 3512 4278 γράψαντα,
3571 4206 3661 4255 xui
3727 4201 3854 4254 καθ’

2244 4295 2447 4370 ἑτέρους
2513 4297 2680 4357 θείους
2740 4297 2957 4356 κανόνας
3005 4309 3019 4322 ⁶
3076 4295 3103 4346 6
3145 4296 3235 4366 μίν
3282 4312 3363 4345 τοι
3419 4286 3695 4353 συνοδικὸς
3726 4294 3854 4365 ὅρος

2243 4392 2338 4446 τῆς
2385 4385 2540 4457 ἁγίας
2580 4385 2731 4445 ἕκτης
2790 4379 3016 4437 συνόδου
3056 4383 3212 4444 οὕτως
3268 4380 3317 4434 ἐν
3368 4385 3512 4455 μέρει
3573 4376 3795 4443 διέξεισι
3833 4398 3848 4411 ·

2242 4496 2272 4526 (ι
2339 4476 2544 4527 Τούτων
2617 4479 2788 4527 τοίνυν
2863 4475 2993 4545 μετὰ
3063 4474 3241 4534 πάσης
3307 4469 3575 4545 ἀκριϐείας
3636 4488 3690 4521 τε
3751 4474 3851 4522 καὶ

2243 4562 2514 4637 ἐμμελείας
2583 4564 2916 4636 πανταχόθεν
2990 4563 3112 4636 παρ’
3186 4563 3331 4634 ἡμῶν
3386 4557 3846 4627 διατνπὼθέντων,

2244 4653 2482 4727 ὁρίζομεν
2543 4652 2717 4728 ἑτέραν
2796 4657 2976 4706 πίστιν
3054 4649 3242 4725 μηδενὶ
3296 4650 3481 4714 εξείναι
3542 4652 3840 4722 προφέρειν,

2242 4743 2404 4813 ἤγουν
2471 4742 2789 4816 συγγράφειν
2853 4741 2884 4800 ἦ
2954 4743 3250 4794 συντιθέναι
3306 4742 3484 4792 πίστιν
3546 4738 3744 4811 ἑτέραν,
3810 4738 3843 4796 ἣ

2241 4830 2579 4905 προκομίζειν
2623 4830 2654 4890 ἦ
2707 4826 2993 4899 διδάσκειν
3022 4828 3052 4889 ἣ
3108 4824 3467 4905 παραδιδόναι
3503 4827 3668 4902 ἕτερον
3703 4828 3846 4898 σύμ-

2242 4917 2410 4975 ϐολον.
2447 4940 2469 4969 ν
2508 4922 2611 4972 Καὶ
2660 4921 2789 4992 μετά
2837 4939 2955 4972 τινα
2984 4938 2999 4953 ο
3049 4935 3082 4972 ›
3128 4916 3197 4970 ’Ἡ
3235 4920 3571 4990 καινοφωνίαν
3613 4919 3735 4975 ἤτοι
3763 4914 3848 4967 li-

2243 5007 2365 5072 ξεων
2422 5006 2683 5083 ἐφεύρεσιν
2756 5010 2882 5081 πρὸς
2946 5006 3241 5082 ἀνατροπὴν
3306 5006 3532 5079 εἰσάγειν
3588 5013 3689 5058 τῶν
3753 5024 3848 5057 νυν

2241 5102 2364 5173 παρ’
2420 5099 2566 5171 ἡμῶν
2632 5093 3020 5172 διορισθέντων,
3072 5095 3387 5157 ἐπισκόπους
3439 5098 3529 5169 μὲν
3596 5098 3745 5155 ὄντας
3814 5093 3845 5152 ἣ

2241 5187 2540 5265 κληρικούς,
2585 5186 2886 5264 ἀλλοτρίους
2943 5187 3073 5242 εἶναι
3119 5197 3211 5249 τῆς
3269 5184 3556 5246 ἐπισκοπῆς
3615 5188 3707 5238 καὶ
3753 5202 3850 5236 του
