4126 6272
226 239 241 292 t
248 239 303 293 93

1532 234 1888 295 THESAURI
1928 240 2055 296 LIB.
2096 242 2276 299 XXIV.

3480 251 3584 307 194

218 359 391 433 κλήρου
419 375 433 390 ·
505 359 841 431 μονάζοντας
912 356 972 413 δὲ
1028 360 1059 419 ἦ
1125 357 1359 430 λαῐκούςς,
1391 403 1408 431 ,
1450 357 1819 433 ἀναθεματίζε-

1933 365 2216 422 monachi
2241 369 2343 424 aut
2370 365 2526 438 laici,
2550 369 2936 427 anathemate
2961 369 3270 429 feriantur.
3298 392 3326 423 »
3358 374 3585 431 Canoni

222 451 347 502 σθαι.
378 470 407 497 ιι
437 451 624 520 Τούτῳ
656 450 1088 521 συμφθέγγονται
1130 453 1219 501 καὶ
1261 451 1288 501 ό
1318 456 1409 510 τῆς
1430 448 1478 502 ἐν
1518 453 1716 523 Νικαίᾳ
1761 454 1821 503 τό

219 536 441 614 δευτερον
496 536 654 610 ἁγίας
711 534 948 590 συνόδου
1007 540 1141 610 ὅρος,
1183 542 1273 591 καὶ
1302 538 1469 614 ἔτερος
1501 541 1693 612 θεσμός
1721 547 1821 592 τῶν

217 629 361 700 ἁγίων
389 632 482 680 καὶ
516 628 775 699 θεοφόρων
803 630 1071 699 Πατέρων.

274 716 406 788 Ἐγὼ
436 713 500 769 δὲ
528 717 556 767 ό
582 716 817 773 Ἀθηνῶν
849 714 949 787 ὀψέ
986 735 1120 788 φημι
1169 719 1260 768 καὶ
1287 715 1434 789 μόλις
1462 719 1824 791 μεταμαθόντα

951 808 1042 856 καὶ
1107 812 1274 857 ταῦτα
1338 804 1637 878 ὑποιιῐιήφιον
1699 810 1824 860 ὄντα

216 896 567 970 πατριάρχην,
597 893 666 953 εἰς
706 894 997 968 ἱερωσύνην
1024 892 1118 945 οὐκ
1139 894 1201 945 οἶν
1257 912 1382 946 ποτε
1406 890 1811 969 παραδέξωμαι·

220 983 335 1036 ἀλλὰ
395 985 493 1035 κοῖν
567 1001 700 1042 τινες
766 978 1170 1057 παραδέξωνται
1203 1027 1215 1050 ,
1281 982 1463 1036 ἑαυτὸν
1528 982 1584 1047 ἐξ
1654 984 1821 1038 αὐτῶν

224 1071 602 1147 imple-6729511..

285 1162 410 1234 Ἐγὼ
428 1159 528 1215 δεό
551 1165 856 1235 Λαρίσσης,
884 1169 960 1232 τῷ
982 1161 1213 1219 Ἀθηνῶν
1237 1160 1283 1222 ἐς
1301 1162 1368 1214 τόι
1392 1165 1568 1214 λοιπόν
1592 1181 1824 1237 συμφρο-

217 1260 321 1317 νῶν,
346 1250 446 1303 ἀπὸ
485 1257 579 1311 τῆς
603 1256 697 1302 τοῦ
727 1249 961 1321 μεγάλου
999 1248 1187 1322 μᾶλλον
1214 1248 1528 1303 ’Δθανασίου
1549 1248 1823 1312 ἐπιστολῆς

212 1338 549 1414 ἁποκηρύττω
612 1345 801 1391 τοῦτον
861 1344 957 1390 τοῦ
1006 1340 1266 1413 ἱερατικοῦ
1331 1341 1524 1402 παντὸς
1586 1337 1822 1413 ἀξιώμα-

217 806 356 858 αὗτὸν
410 810 511 864 τὴν
582 803 826 857 ἀσέϐειαν
856 847 876 870 ,

211 1448 309 1491 τος.

272 1516 406 1589 Ἐγὼ
465 1513 528 1569 δέ
561 1516 587 1568 ὁ
618 1511 1111 1591 ’Λδριανουπόλεως
1161 1523 1317 1569 τοῦτο
1380 1516 1513 1589 λέγω
1538 1561 1554 1588 ,
1590 1518 1671 1569 ὅτι
1687 1561 1703 1587 ,
1736 1515 1821 1570 ἐὰν

215 1605 307 1658 ἂπό
335 1614 439 1658 τῶν
488 1607 639 1658 θείων
674 1609 767 1657 καὶ
806 1603 1087 1680 ἄχραντων
1140 1604 1519 1678 εὐαγγελιστῶν
1552 1647 1567 1674 ,
1599 1610 1690 1659 καὶ
1718 1614 1819 1659 τῶν

1929 454 2071 510 huic
2112 470 2381 512 consona
2425 458 2708 515 secundae
2764 474 3011 533 quoque
3063 461 3315 517 Nicaeum
3364 462 3585 534 synodi

1930 544 2220 614 deﬁnitio,
2246 548 2425 617 atque
2451 546 2580 603 aliae
2598 547 2779 604 etiam
2807 554 3158 607 sanctorum
3198 556 3378 625 atque
3402 567 3439 609 a
3462 554 3583 610 Deo

1931 632 2269 690 alﬂatorum
2288 637 2529 691 Patrum
2549 636 2951 695 auctoritates.

2002 725 2126 793 Ego
2151 722 2530 780 Atheniensis
2560 723 2723 781 hunc
2748 726 2849 782 vix
2875 742 3131 801 seroque
3161 743 3199 785 a
3227 745 3339 786 sua
3376 728 3584 804 impie-

1929 814 2049 868 tate
2085 812 2486 884 recedentem,
2532 817 2589 869 et
2639 813 2888 887 quidem
2935 831 3076 871 cum
3113 817 3244 887 jam
3294 823 3452 875 esset
3480 834 3584 891 pa-

1931 900 2189 958 triarcha
2218 900 2460 969 electus,
2486 901 2565 958 ad
2595 903 2998 960 sacerdotium
3020 918 3337 977 nunquam
3369 907 3584 964 admit-

1931 993 2078 1047 tam.
2127 989 2280 1057 Quin
2328 991 2376 1047 si
2426 991 2532 1064 qui
2588 1007 2730 1049 eum
2785 992 3159 1058 admiserint,
3213 1011 3310 1051 me
3356 997 3437 1054 ab
3486 997 3583 1054 his

1930 1094 2200 1150 segrego.
3045 1099 3050 1103 ~

2000 1172 2122 1239 Ego
2205 1169 2529 1225 Larissaeus
2608 1184 2748 1226 cum
2842 1170 3190 1228 Atheniensi
3260 1173 3583 1246 caeteroqui

1930 1257 2333 1326 consentiens,
2390 1256 2573 1315 fretus
2622 1259 2831 1331 magni
2892 1260 3222 1332 praesertim
3271 1261 3582 1318 Athanasii

1929 1345 2221 1419 epistola,
2291 1346 2433 1402 huic
2495 1346 2729 1403 homini
2799 1361 3044 1404 omnem
3111 1347 3580 1405 ecclesiasticam

1929 1434 2282 1506 dignitatem
2313 1435 2618 1507 abjudico.

2000 1527 2122 1597 Ego
2152 1523 2723 1598 Adrianopolitanus
2776 1526 2894 1594 aio,
2924 1526 3091 1599 quod
3139 1526 3189 1582 si
3227 1526 3580 1598 jubentibus

1927 1613 2082 1671 divis
2142 1615 2626 1688 incorruptisque
2696 1614 3102 1687 evangelistis,
3157 1616 3465 1689 sacrisque
3526 1619 3584 1673 et

216 1696 347 1769 ἱερῶν
376 1700 463 1747 xei
509 1696 657 1747 θείων
708 1698 940 1746 κανόνων
972 1736 988 1763 ,
1017 1694 1075 1746 οὐ
1116 1690 1338 1748 δύναται
1389 1703 1481 1756 τῆς
1539 1697 1817 1768 ἱερωσύνης

1933 1703 2081 1761 divis
2128 1704 2490 1771 canonibus,
2518 1704 2685 1762 haud
2721 1705 2857 1762 licet
2904 1705 3309 1763 sacerdotium
3340 1703 3585 1778 assequi

216 1783 535 1857 (τυγχάνειν)
592 1784 691 1835 κᾶν
759 1782 904 1844 ἅπαξ
977 1780 1198 1856 ἐλεγχθῇ
1269 1783 1503 1846 ἑαλωκὼς
1570 1782 1654 1837 ἐπί
1716 1805 1819 1838 τινι

216 1873 727 1948 ἁμαρτήματι,οῖοις
786 1867 855 1928 δὴ
913 1876 1288 1945 περιπίπτομεν
1345 1870 1610 1948 ἂνθρωποι
1655 1876 1814 1944 ὄντες,

219 1968 296 2015 καὶ
340 1966 431 2014 τόν
487 1960 654 2019 πηλόν
717 1967 902 2013 τοῦτον
967 1964 1053 2012 καὶ
1117 1964 1367 2034 σαρκικόν
1422 1967 1766 2035 περικείμενοι
1800 2005 1813 2030 ,

217 2059 315 2112 πῶς
356 2054 475 2103 ἑστι
515 2046 741 2103 δυνατὸν
793 2048 867 2111 εἰς
917 2050 1198 2124 ἱερωσύνην
1252 2048 1676 2125 προϐιϐασθῆνσι
1727 2054 1816 2103 τόν

218 2140 503 2212 νπονζηῇφιον
554 2139 888 2211 Ἀντιοχείας
912 2182 927 2207 ,
958 2139 1228 2212 ἄνθρωπον
1285 2140 1413 2211 ὑπὲρ
1449 2141 1515 2191 τὰ
1566 2138 1817 2202 ἐξήκοντα

219 2232 294 2287 ἔτη
345 2233 613 2300 γενόμενον
647 2272 663 2296 ,
700 2223 957 2279 δοκοῦντά
994 2246 1051 2279 τε
1103 2226 1280 2299 λόγοις
1338 2234 1519 2300 σοφοῖς
1551 2224 1816 2281 ἐνευδοκι-

218 2325 338 2387 μεῖν,
390 2321 482 2369 καὶ
557 2316 630 2378 εὶς
685 2318 1081 2389 πατριαρχικὸν
1143 2317 1320 2389 θρόνον
1379 2314 1810 2390 προϐεϐλημένον,

218 2412 297 2459 καὶ
338 2413 428 2458 νῦν
453 2407 621 2479 φάντα
659 2405 719 2457 οὗ
769 2408 925 2477 μόνον
972 2404 1155 2476 λόγους
1199 2412 1294 2465 τῆς
1345 2401 1631 2477 ὀρθοδόξου
1664 2404 1813 2457 ἁλλο-

217 2498 514 2571 τριύφρονας
536 2499 801 2562 πίστεως,
845 2490 974 2545 ἀλλὰ
1029 2498 1119 2545 καὶ
1171 2492 1325 2564 λόγον
1375 2493 1812 2569 συγγραψάμενον

217 2584 376 2658 πλήρη
443 2583 796 2657 βλασφημιῶν
859 2586 951 2634 καὶ
1013 2580 1322 2654 ἀποφημιῶν
1363 2577 1636 2634 δυσσεϐῶν
1667 2626 1682 2652 ,
1722 2587 1813 2635 καὶ

218 2674 355 2744 μόλις
389 2677 516 2726 ποτε
553 2672 967 2746 μεταπεισθέντα
1016 2676 1106 2724 καὶ
1152 2673 1518 2744 μεταμαθόντα
1572 2673 1629 2724 τὸ
1671 2670 1812 2725 εὐσε-
1846 2716 1851 2723 .

221 2761 298 2825 ϐἐς
317 2767 404 2816 καὶ
440 2767 498 2815 τό
552 2758 835 2837 ὀρθόδοξον
867 2779 880 2829 ;
914 2763 1010 2814 Διά
1058 2767 1213 2813 τοῦτο
1267 2764 1440 2812 τοίνυν
1493 2757 1618 2813 οὗδὲ
1663 2760 1816 2821 αὐτὸς

220 2851 351 2914 ἄξιον
372 2853 654 2926 ἱερωσύνης
675 2855 761 2903 τόν
790 2857 1027 2903 τοιοῦτον
1046 2848 1349 2923 λογίζομαι.

287 2955 382 3004 Καὶ
447 2950 521 3012 εἰς
587 2948 897 3008 ἆνασκοπήν
966 2948 1286 3009 συνελθόντες
1355 2949 1404 3000 οἱ
1469 2948 1660 3000 αὐτίκα
1722 2952 1818 3006 τὴν

1926 1793 2159 1850 homini
2185 1793 2269 1849 illi
2303 1793 2409 1866 qui
2438 1793 2534 1849 vel
2561 1793 2750 1851 semel
2796 1793 3052 1866 alicujus
3081 1794 3316 1868 peccati
3341 1794 3583 1851 convic-

1925 1886 2023 1939 tus
2039 1882 2235 1953 fuerit,
2248 1884 2339 1953 euj
2351 1882 2590 1939 usmodi
2615 1882 2898 1939 accidunt
2924 1884 3275 1941 hominibus
3304 1884 3419 1941 hoc
3435 1884 3581 1940 limo

1926 1976 1984 2028 et
2034 1987 2216 2028 carne
2253 1971 2661 2041 circumdatis,
2691 1975 2796 2044 qui
2837 1971 3011 2029 liceat
3041 1972 3121 2027 ad
3174 1972 3584 2029 sacerdotium

1923 2062 2257 2134 provehere
2304 2060 2465 2116 hunc
2491 2059 2744 2117 electum
2774 2060 3234 2126 Antiochenum,
3266 2060 3579 2117 hominem

1927 2151 2387 2224 sexagenariam
2433 2153 2671 2206 aetatem
2718 2152 3196 2221 praetervectum,
3245 2149 3579 2207 litteratura

1924 2240 2152 2298 clarum
2167 2282 2181 2309 ,
2204 2238 2592 2313 patriarchali
2619 2237 2750 2294 sedi
2778 2238 3167 2309 destinatum,
3196 2253 3358 2294 nunc
3377 2242 3580 2294 autem

1922 2346 2044 2387 non
2072 2329 2258 2387 modo
2315 2326 2698 2384 sermonibus
2747 2330 3015 2384 utentem
3047 2326 3127 2383 ab
3166 2327 3419 2383 orthoxa
3455 2326 3577 2383 ﬁde

1921 2418 2409 2484 abhorrentibus,
2431 2432 2640 2473 verum
2671 2416 2854 2472 etiam
2880 2414 3065 2471 libelli
3105 2420 3431 2484 auctorem,
3471 2415 3579 2489 qui

1919 2507 2312 2580 blasphemiis
2341 2505 2663 2579 impiisque
2692 2503 3169 2562 absurditatibus
3220 2508 3426 2572 scatet,
3455 2505 3579 2560 vix-

1923 2613 2041 2671 que
2070 2597 2319 2653 demum
2348 2596 2818 2670 resipiscentem,
2853 2598 2909 2650 et
2950 2593 3029 2651 ad
3062 2594 3347 2667 pietatem
3378 2594 3582 2650 ortho-

1923 2685 2292 2758 doxiamque
2312 2685 2663 2740 redeuntem
2686 2682 2715 2738 Ἰ
2750 2685 2894 2750 Quae
2915 2698 3056 2739 cum
3085 2681 3167 2738 ita
3197 2697 3262 2738 se
3291 2681 3577 2754 habeant,

1924 2789 2037 2848 ego
2066 2790 2309 2849 quoque
2335 2789 2371 2831 a
2398 2771 2735 2830 sacerdotio
2759 2772 2923 2829 hunc
2951 2770 3200 2844 repello.

2001 2955 2154 3022 Ergo
2211 2952 2292 3008 ad
2341 2950 2699 3006 scrutinium
2743 2947 3186 3018 convenientes,
3249 2947 3354 3020 qui
3399 2946 3584 3002 modo

219 3040 323 3091 κατ’
384 3040 543 3093 αὐτόν
594 3039 768 3111 ψῆφον
836 3036 1134 3110 ἐπιθέμενοι,
1193 3036 1584 3110 ἀποφαινόμεθα
1637 3044 1819 3089 τοῦτον

1933 3042 2285 3098 sententiam
2310 3043 2516 3096 contra
2535 3038 2705 3095 illum
2726 3036 3014 3105 diximus,
3040 3035 3422 3092 declaramus
3444 3050 3586 3091 eum

222 3132 494 3202 ἱερωσύνης
537 3130 719 3191 πάσης
784 3125 1015 3196 ἆνάξιον,
1050 3126 1108 3179 οὖ
1141 3122 1236 3179 διὰ
1265 3128 1331 3179 τὰ
1386 3131 1609 3200 σήμερον
1666 3130 1819 3199 μόνον

218 3219 335 3290 παρ’
385 3219 546 3271 αὑτοῦ
604 3216 895 3275 λαληθέντα
950 3217 1080 3288 μετὰ
1131 3214 1327 3278 πολλῆς
1372 3223 1465 3276 τῆς
1513 3214 1817 3284 ἄνστάσεως,

217 3303 317 3357 ἀλλ’
352 3309 426 3359 ότι
496 3325 592 3378 περ
644 3304 697 3368 ἐξ
744 3307 868 3359 ὅτου
909 3306 969 3356 τό
1011 3302 1323 3377 βλάσφημον
1367 3311 1518 3356 τοῦτο
1576 3299 1819 3378 διεθρυλ-

214 3394 339 3455 λήθη
410 3392 623 3468 δόγμα,
686 3399 778 3447 καὶ
839 3392 990 3465 λόγος
1055 3392 1251 3457 ἐξέθετο
1326 3400 1421 3453 τῆς
1477 3400 1819 3464 καινοφανοῦς

213 3488 405 3546 ταύτης
466 3487 715 3559 αἱρέσεως
765 3486 1058 3556 συνήγορος
1090 3498 1103 3513 '
1138 3485 1228 3535 και
1285 3481 1345 3534 οὐ
1392 3485 1544 3554 μόνον
1582 3483 1816 3557 προστά-

211 3593 299 3634 της
352 3572 629 3647 ἐγγράφως
682 3577 772 3625 καὶ
818 3575 1098 3647 πρόμαχος
1134 3578 1227 3632 τῆς
1277 3573 1524 3631 τοιαύτης
1582 3568 1819 3631 ἀσεϐείας

211 3659 476 3716 ἐδείκνυτο
502 3707 519 3734 ,
565 3660 697 3714 ἀλλὰ
758 3666 849 3714 καὶ
902 3659 1148 3732 ἀγράφως
1211 3659 1513 3721 πλειστάκις
1574 3656 1816 3731 διαλεγό-

209 3771 355 3823 μενος
388 3755 520 3826 πρός
587 3769 642 3804 τε
693 3748 879 3811 ἄλλους
940 3747 1161 3811 πολλοὺς
1223 3753 1314 3801 καὶ
1351 3767 1497 3811 τινας
1549 3748 1606 3810 ἐξ
1648 3750 1816 3820 ἡμῶν,

209 3841 369 3904 οὔτως
415 3835 714 3913 ἀναφανδὸν
757 3837 945 3913 ἐκύρου
1000 3841 1093 3896 τὴν
1141 3840 1386 3896 τοιαύτην
1427 3836 1688 3906 ἀσέϐειαν,
1727 3840 1820 3888 καὶ

205 3934 299 3992 τὰς
323 3940 422 3984 τῶν
447 3937 785 4007 Χριστιανῶν
822 3927 1012 4000 ψυχὰς
1041 3923 1404 3988 ἐσκανδαλιξε.
1433 3931 1535 3979 Καὶ
1572 3929 1697 3998 ἡμῖν
1726 3928 1819 3998 μὲν

206 4019 338 4072 οὕτω
366 4024 464 4078 τὴν
505 4024 734 4091 σήμερον
786 4023 895 4077 τοίς
930 4015 1139 4069 πλείοσι
1192 4022 1284 4068 τοῦ
1313 4014 1567 4086 συλλόγου
1598 4017 1664 4067 τὰ
1701 4014 1819 4066 κατ’

215 4109 374 4160 αὑτοῦ
418 4107 786 4179 ἀποπέφανται
812 4148 827 4172 ,
884 4103 934 4157 ἐν
1053 4108 1142 4157 καὶ
1170 4107 1201 4162 ἡ
1229 4112 1329 4157 τῶν
1361 4102 1408 4155 ἐν
1438 4108 1638 4175 Νικαίᾳ
1666 4121 1821 4155 συνα-

212 4199 549 4271 θροισθέντων
619 4197 765 4248 eum
823 4196 1064 4264 Πατέρων
1130 4194 1386 4266 ὁμήγυρις
1449 4190 1533 4244 ἐπὶ
1596 4199 1659 4263 τῇ
1728 4197 1820 4243 τοῦ

210 4292 589 4359 ματαιόφρονος
655 4285 860 4358 ’Δρείου
922 4283 1246 4354 καθαιρέσει,
1289 4288 1353 4352 τῇ
1417 4279 1702 4352 Ἐκκλησία
1766 4276 1819 4333 εὖ

210 4385 432 4430 ποιοῦσα
508 4370 842 4448 συνέδραμε⁶
876 4377 992 4425 τισὶ
1054 4369 1113 4424 δὲ
1174 4371 1229 4434 ἐξ
1289 4372 1458 4443 ἡμῶν,
1521 4370 1681 4442 ἣγουν
1746 4377 1819 4440 τῷ

209 4464 530 4540 Ἡρακλείας,
561 4471 635 4516 τῶ
686 4464 940 4529 Κυζίκου,
974 4469 1048 4532 τῷ
1106 4457 1283 4528 Σίδης,
1312 4468 1386 4531 τῷ
1411 4459 1815 4530 Θεσσαλονίκης,

216 4563 283 4624 τῷ
313 4559 647 4628 Καισαρείας,
680 4562 754 4624 τῷ
785 4552 1072 4618 Φιλίππων,
1113 4555 1204 4603 καὶ
1255 4559 1328 4621 τῷ
1367 4547 1696 4613 Λαοδικείας,
1724 4550 1819 4601 οὐκ

218 4641 501 4696 απεντεῦθεν
531 4638 948 4715 γνωμοδοτῆσαι
977 4643 1095 4714 περὶ
1133 4641 1319 4692 τούτου
1353 4636 1462 4692 δεῖν
1491 4634 1665 4701 ἔδοξεν
1692 4637 1821 4691 ἀλλὰ

220 4740 376 4791 σκοπῇ
386 4751 496 4803 σαι,
524 4736 619 4784 καὶ
657 4738 794 4783 οῦτω
813 4732 873 4782 τό
901 4724 1062 4791 δόξαν
1102 4725 1491 4799 ἀποφήνασθαι.

281 4932 416 4984 Μηνὶ
451 4929 625 5000 Μαΐῳ,
692 4925 756 4998 ιγ’
822 4927 1037 4998 ἡμέρᾳ,
1178 4918 1502 4989 ἰνδικτιῶνι,
1548 4920 1822 4993 προκαθη-

222 5018 359 5086 μένου
407 5026 497 5071 τοῦ
550 5019 869 5071 θεοστέπτου
913 5010 1173 5085 βασιλέως
1235 5013 1380 5084 ἡμῶν
1423 5015 1514 5063 καὶ
1561 5008 1820 5082 αὐτοκρά-

222 5122 353 5179 τορος
411 5109 554 5180 ἡμῶν
616 5102 874 5161 Μανουὴλ
903 5107 1000 5153 τοῦ
1049 5106 1317 5171 Κομνηνοῦ
1361 5098 1409 5151 ἐν
1464 5108 1537 5170 τῷ
1586 5097 1821 5167 παλατιῳ

221 5201 307 5245 τῶν
370 5195 665 5273 Βλαχερνὼν
694 5238 711 5263 ,
776 5192 1184 5266 παρισταμένων
1248 5196 1311 5260 τῇ
1381 5187 1509 5259 ἁγίᾳ
1573 5184 1825 5259 βασιλείᾳ

224 5283 366 5336 tritor}
448 5288 653 5340 πάντων
743 5289 851 5335 τῶν
941 5276 1407 5350 ἀναγεγραμμένων
1446 5319 1459 5343 ,
1531 5274 1649 5327 ἄνευ
1728 5278 1822 5324 τοῦ

222 5381 611 5451 πρωτονοταρίου
631 5420 651 5447 ,
730 5377 831 5425 τοῦ
923 5363 1151 5440 μεγάλου
1248 5361 1603 5451 δρουγγαρίου
1628 5404 1642 5430 ,
1708 5366 1821 5451 Δτοῦ

222 5447 655 5541 πρωτᾳσεκρῆτις,
688 5464 784 5515 καὶ
841 5463 942 5510 τοῦ
999 5452 1387 5525 νομοφύλακος,
1443 5447 1821 5541 συνεδριαςόν-

221 5534 305 5602 τω
522 5555 646 5608 ἄνευ
713 5555 813 5604 τοῦ
848 5545 1178 5614 ’Δντιοχείας
1237 5543 1382 5613 ἡμῶν
1441 5548 1539 5594 τῶν
1568 5543 1660 5592 καὶ
1683 5534 1824 5591 διαι-

1851 4418 1893 4471 D

1929 3130 2095 3188 omni
2116 3128 2449 3186 sacerdotio
2470 3127 2938 3199 indignum,non
2964 3123 3044 3180 ob
3062 3139 3134 3179 ea
3158 3122 3585 3179 tantummodo

1927 3238 2066 3296 quae
2092 3220 2142 3276 is
2169 3218 2351 3275 hodie
2373 3217 2560 3273 multa
2584 3231 2723 3272 cum
2740 3212 3074 3287 pertinacia
3093 3211 3328 3268 locutus
3355 3211 3585 3277 est,sed

1928 3311 2074 3386 quia
2102 3309 2181 3365 ab
2210 3308 2341 3380 ipso
2368 3305 2798 3378 blasphemum
2826 3303 2942 3359 hoc
2972 3300 3586 3372 dogmadivulgatum

1929 3402 2102 3471 est,et
2129 3396 2365 3455 libellus
2402 3396 2580 3451 etiam
2626 3392 2995 3467 perscriptus
3042 3407 3215 3448 novae
3250 3391 3436 3463 hujus
3465 3391 3587 3447 hae-

1927 3505 2128 3548 reseos
2149 3491 2428 3545 assertor.
2459 3488 2658 3557 Neque
2698 3481 2897 3539 solum
2927 3481 3386 3553 antesignamus
3403 3484 3584 3552 atque

1927 3579 2209 3637 defensor
2240 3576 2463 3648 scripto
2515 3590 2624 3630 suo
2670 3573 2923 3645 hujusce
2968 3571 3293 3645 impietatis
3341 3569 3580 3640 exstitit,

1925 3682 2136 3725 verum
2155 3665 2334 3722 etiam
2356 3663 2589 3736 absque
2608 3662 2827 3734 scripto
2845 3675 3004 3733 saepe
3026 3659 3376 3732 colloquens
3394 3657 3582 3714 modo

1928 3773 2068 3813 cum
2094 3755 2225 3812 aliis
2255 3752 2481 3823 multis,
2512 3750 2696 3807 modo
2727 3750 2908 3806 etiam
2941 3765 3080 3805 cum
3110 3752 3387 3804 nostrum
3432 3760 3582 3802 non-

1927 3845 2125 3910 nullis,
2158 3843 2242 3900 sic
2269 3841 2585 3898 manifeste
2631 3839 2887 3910 impium
2935 3837 3097 3892 hunc
3150 3849 3415 3891 errorem
3450 3849 3590 3890 san-

1928 3934 2139 4005 ciebat,
2166 3940 2223 3989 et
2253 3931 2722 3988 Christianorum
2739 3924 3062 3982 animabus
3102 3922 3393 3979 seandalo
3424 3926 3578 3978 erat.

1929 4029 1995 4083 Et
2022 4040 2134 4080 nos
2156 4037 2298 4092 ergo
2352 4016 2571 4092 synodi
2601 4016 2784 4085 hujus
2812 4028 2955 4085 pars
2982 4011 3180 4083 major
3204 4011 3263 4066 in
3292 4011 3456 4066 hunc
3484 4011 3591 4066 ho-

1927 4116 2152 4172 minem
2173 4112 2289 4167 hoc
2309 4109 2406 4164 die
2432 4102 2788 4163 sententiam
2817 4100 3098 4169 dicimus,
3122 4115 3245 4172 quo
3268 4098 3589 4159 collectum

1926 4216 2171 4278 quoque
2201 4198 2409 4256 Nicaeae
2448 4197 2795 4249 sanctorum
2832 4192 3074 4245 Patrum
3128 4188 3450 4245 concilium
3505 4188 3587 4245 ad

1926 4277 2137 4349 vesani
2213 4285 2332 4341 Arii
2409 4282 2887 4345 damnationem,
2958 4277 3227 4334 similiter
3306 4278 3582 4333 Ecclesiae

1924 4377 2221 4437 laboranti
2243 4375 2436 4447 justas
2465 4368 2772 4443 suppetias
2808 4367 3245 4425 tulit.Attamen
3274 4364 3581 4422 nonnullis

1925 4471 2201 4526 nostrum
2226 4462 2511 4520 nimirum
2545 4456 2939 4522 Heracleensi,
2982 4455 3296 4528 Cyziceno,
3328 4453 3581 4524 Sidensi,

1925 4550 2459 4616 Thessalonicensi,
2516 4546 2881 4617 Caesariensi,
2930 4544 3316 4617 Philippensi,
3374 4542 3585 4599 Laodi-

1928 4660 2095 4702 ceno.
2128 4640 2294 4699 haud
2342 4638 2541 4693 visum
2568 4639 2658 4691 est
2705 4634 2766 4689 in
2815 4631 3100 4705 praesenti
3128 4631 3202 4687 de
3237 4631 3352 4686 hoc
3377 4629 3581 4685 decer-

1925 4749 2089 4799 nere,
2113 4730 2217 4787 sed
2267 4726 2466 4785 adhuc
2512 4721 3108 4790 considerandum,et
3162 4723 3292 4776 tum
3333 4718 3582 4774 demum

1929 4820 2288 4880 sententiam
2318 4814 2654 4872 fet-endam.

1998 4909 2214 4969 Mensis
2266 4905 2398 4964 Maii
2452 4904 2548 4960 die
2594 4900 2769 4958 tertia
2816 4899 3073 4967 decima,
3106 4894 3433 4952 indictione
3488 4910 3584 4952 se-

1929 5000 2149 5066 cunda,
2186 4994 2563 5069 praesidente
2621 5006 2657 5047 a
2708 4992 2828 5045 Deo
2884 4988 3172 5044 coronato
3222 4985 3584 5058 imperatore

1930 5094 2134 5147 nostro
2158 5091 2216 5144 et
2243 5085 2490 5142 domino
2542 5078 2811 5136 Manuale
2857 5078 3187 5144 Comneno,
3218 5074 3280 5130 in
3315 5073 3584 5129 Blacher-

1929 5194 2147 5236 narum
2162 5174 2408 5249 palatio,
2435 5166 2853 5228 assistentibus
2879 5168 3102 5221 sanctae
3125 5162 3425 5234 majestati
3453 5161 3584 5232 ejus

1931 5267 2158 5325 cunctis
2204 5261 2506 5337 praedictis
2529 5302 2543 5327 ,
2592 5255 2855 5328 exceptis
2882 5253 3318 5326 protonotario,
3351 5264 3581 5318 magno

1900 5355 2256 5435 .drungario
2287 5345 2761 5424 protoasecretis,
2788 5349 2847 5400 et
2883 5340 3331 5435 nomophylace
3346 5356 3359 5404 ;
3389 5337 3581 5435 consi:

1930 5425 2212 5502 dentibus
2239 5437 2414 5496 nobis
2443 5431 2816 5509 patriarchis,
2842 5429 3074 5501 absque
3103 5425 3492 5509 Antiocheno,
3521 5426 3582 5509 et

1929 5533 2005 5591 de
2042 5532 2158 5591 hac
2199 5544 2263 5586 re
2300 5505 2761 5600 judicantibus;
2803 5517 2969 5574 socio
2994 5513 3204 5588 judicii
3224 5508 3413 5568 nostri
3439 5505 3578 5560 Bul-
