4126 6272
488 241 589 294 193

1813 223 2080 282 ΝΙΟΕΤΑΞ
2142 219 2516 280 ΟΗΟΝΙΑΤΑΕ

3735 217 3842 275 196

484 376 652 432 garo,
682 361 914 434 absque
946 357 1163 432 Cyprio
1199 356 1306 430 qui
1353 369 1477 411 non
1524 350 1805 417 interfuit,
1837 348 2013 406 nobis
2050 348 2136 403 in-

2246 350 2446 397 τώντων
2519 350 2582 416 τῇ
2661 341 2904 396 ὑποθέσει
2984 348 3331 415 πατριαρχῶν
3362 381 3378 408 ,
3441 337 3847 404 συνδιαιτῶντος

481 463 690 523 quam,
725 447 1148 525 suprascriptis
1178 443 1479 520 episcopis
1517 438 2012 514 astipulantibus.

559 734 1064 806 Quandoquidem
1093 733 1377 789 hesterna
1400 731 1531 786 acta
1551 741 1687 800 quas
1719 726 1964 799 propter
1990 727 2142 778 tem-

488 827 654 902 poris
683 824 990 897 angustias
1019 822 1174 878 lecta
1222 834 1348 876 non
1377 815 1747 883 fuere,hodie
1778 813 2024 870 demum
2053 811 2140 866 le-

491 899 690 988 genda
737 917 928 984 erant,
960 925 1158 984 neque
1210 907 1420 964 aderat
1464 921 1704 976 magnas
1736 904 1837 960 Dei
1890 899 2138 958 civitatis

487 1003 813 1062 Antiochiae
844 1002 1065 1058 electus
1096 999 1237 1056 olim
1268 995 1612 1070 patriarcha
1635 992 1972 1050 Soterichus
1993 993 2138 1046 Pan-

487 1098 803 1162 teugenus,
837 1090 946 1146 etsi
975 1089 1024 1144 is
1046 1105 1083 1144 a
1105 1088 1270 1157 regia
1317 1086 1577 1158 divaque
1607 1080 2138 1153 circumspectione

489 1182 615 1238 sine
636 1179 918 1236 dilatione
970 1190 1319 1249 comparere
1361 1173 1542 1231 hodie
1561 1174 1766 1245 jussus
1805 1171 1997 1225 fuerat
2011 1167 2138 1239 ;id-

490 1271 646 1326 circo
693 1283 937 1325 necesse
966 1267 1077 1322 fuit
1113 1265 1196 1321 illi
1219 1267 1434 1320 iterum
1458 1263 1736 1318 intimare
1755 1259 2047 1324 notitiam,
2079 1259 2140 1311 ut

490 1362 763 1416 actorum
810 1354 1048 1412 lectioni
1096 1355 1442 1420 interesset;
1488 1351 1655 1424 quod
1687 1350 1738 1405 si
1775 1349 1926 1405 forte
1956 1345 2140 1402 nollet

489 1446 880 1504 nihilominus
911 1447 1183 1499 actorum
1211 1441 1527 1497 lectionem
1557 1439 1686 1494 ﬁeri
1707 1442 2005 1510 oportere.
2036 1436 2140 1490 De-

488 1536 668 1608 legati
699 1539 840 1590 sunt
869 1532 1048 1603 igitur
1079 1531 1156 1587 ad
1185 1531 1386 1599 ipsum
1438 1543 1469 1585 e
1505 1528 1730 1584 nostris
1779 1525 2140 1599 praesulibus

493 1624 754 1681 Corinthi
818 1620 1190 1681 Theodorus.
1252 1616 1723 1689 Adrianopoleos
1785 1621 1921 1685 Leo,
1988 1613 2137 1671 Parii

2246 435 2436 507 ὁμοίως
2485 437 2575 486 καὶ
2621 431 2745 506 ἐμοῦ
2802 431 3119 506 Βουλγαρίας
3145 469 3158 496 ,
3201 433 3319 482 ἄνευ
3374 437 3467 482 τοῦ
3522 434 3732 505 Κύπρου
3772 435 3846 504 μὴ

2249 523 2802 598 συμπαρουσιάζοντος
2834 561 2848 589 ,
2891 517 3481 593 συνδιαγνωμονούντων
3537 521 3682 592 ἡμῶν
3742 527 3847 573 τῶν

2246 615 2811 687 προαναγεγραμμένων
2840 612 3042 664 πάντων
3075 609 3378 684 ἀρχιερέων.

2321 703 2462 756 Ἐπεὶ
2520 704 2580 754 τό
2643 703 2781 754 κατά
2833 704 2928 760 τήν
2976 702 3101 772 χθες
3164 701 3367 771 γεγονὸς
3430 702 3707 770 σημείωμα
3768 703 3842 771 μή

2249 794 2451 866 φθάσαν
2513 789 2908 863 ἀναγνωσθῆναι
2970 786 3064 841 διὰ
3127 791 3186 841 τὸ
3265 791 3438 840 στενὸν
3502 794 3594 840 τοῦ
3660 794 3848 863 καιροῦ

2247 881 2444 954 ἔμελλεν
2493 879 2888 952 ἀναγνωσθῆναι
2938 883 3032 937 τήν
3083 883 3342 952 σήμερον,
3384 877 3442 930 οὐ
3491 884 3661 952 παρῆν
3721 874 3779 929 δὲ
3820 879 3848 928 ὁ

2248 972 2452 1042 φθάσας
2516 970 2852 1044 πατριάρχης
2919 964 3249 1026 Θιουπόλεως
3333 964 3562 1037 μεγάλης
3639 964 3849 1018 Ἀντιο-

2245 1063 2394 1132 χείας
2460 1063 2766 1132 Σωτήριχος
2816 1058 2842 1108 ὁ
2900 1059 3241 1126 Παντεύγενος
3276 1098 3290 1124 ,
3331 1060 3421 1106 καὶ
3482 1060 3649 1106 ταῦτα
3711 1073 3850 1128 παρ-

2246 1147 2512 1220 αγγελθεὶς
2588 1148 2732 1221 παρὰ
2799 1153 2892 1207 τῆς
2959 1144 3230 1217 βασιλείου
3315 1147 3404 1196 καὶ
3482 1145 3619 1204 Θείας
3702 1163 3848 1219 περι-

2247 1247 2394 1300 ωπῆς
2445 1239 2556 1309 (26)
2609 1239 2971 1312 παρουσιάσαι
3023 1234 3376 1308 ἀνυπερθέτως
3427 1238 3520 1292 τήν
3584 1238 3837 1309 σήμερον·

2248 1325 2433 1386 ἐδέησε
2476 1324 2569 1380 διὰ
2622 1334 2788 1380 ταῦτα
2841 1330 2930 1378 καὶ
2980 1324 3132 1378 πάλιν
3191 1320 3412 1382 δοθῆναι
3467 1323 3606 1394 αὐτῷ
3638 1319 3850 1382 εἴδησιν

2249 1420 2319 1479 ὡς
2349 1420 2409 1470 ἄν
2470 1419 2807 1490 παρουσιάση
2871 1415 2950 1467 ἐπὶ
2993 1422 3054 1486 τῆ
3109 1413 3395 1485 ἀναγνώσει
3456 1420 3547 1465 τοῦ
3605 1416 3850 1466 τοιούτου

2252 1511 2613 1579 σημειώματος
2644 1521 2657 1535 ·
2692 1505 2735 1557 εἰ
2763 1508 2834 1577 μὴ
2878 1501 3121 1576 βούλοιτο
3146 1543 3160 1569 ,
3201 1507 3291 1554 καὶ
3319 1501 3534 1561 ἀπόντος
3566 1501 3724 1554 αὐτοῦ
3751 1505 3849 1560 τήν

2249 1599 2434 1650 τούτου
2486 1596 2726 1666 γενέσθαι
2762 1593 3072 1664 ἀνάγνωσιν.
3117 1591 3513 1648 Ἀπεστάλησαν
3574 1588 3660 1643 οὖν
3713 1596 3852 1664 πρὸς

491 1711 765 1770 Nicolaus
791 1725 804 1776 ;
836 1709 1203 1781 quibuscum
1229 1708 1448 1764 missus
1474 1705 1586 1762 fuit
1605 1707 1783 1763 etiam
1810 1705 2000 1776 judex
2027 1703 2136 1759 veli

2252 1686 2402 1739 αὐτὸν
2468 1683 2568 1738 ἀπὸ
2629 1685 2719 1756 μεν
2780 1691 2880 1735 τῶν
2947 1679 3230 1754 ἀρχιερέων
3292 1683 3436 1752 ἡμῶν
3503 1681 3529 1731 ὁ
3595 1681 3849 1751 Κορινθου

488 1801 751 1857 Thomas
805 1797 1191 1870 Hapluchres.
1247 1798 1311 1852 Hi
1356 1811 1494 1852 vero
1532 1811 1660 1851 rem
1705 1795 2137 1866 signiﬁcantes,

491 1889 777 1962 scriptam
823 1885 1337 1942 denuntiationem
1376 1884 1542 1958 apud
1589 1899 1728 1940 eum
1775 1882 2142 1955 reliquerunt

490 1975 900 2049 comparandi,
931 1977 1017 2032 uti
1047 1975 1273 2031 dictum
1303 1979 1408 2031 est.
1435 1974 1667 2031 Scheda
1696 1977 1897 2031 autem
1925 1973 2143 2030 tradita

487 2068 574 2125 ita
599 2066 678 2125 ad
700 2066 960 2123 litteram
989 2079 1053 2122 se
1090 2063 1396 2121 habebat:

560 2389 774 2452 Mensis
822 2387 951 2446 Maii
1004 2387 1100 2443 die
1150 2387 1322 2444 tertia
1373 2387 1630 2454 decima,
1689 2385 2012 2442 indictione
2056 2400 2144 2439 se-

491 2480 715 2549 cunda,
762 2477 1162 2551 praesentibus
1192 2477 1450 2532 diacono
1479 2479 1702 2546 Magnae
1743 2475 2014 2530 Ecclesiae
2044 2477 2143 2529 Be-

491 2569 800 2625 lissariota
854 2565 1188 2635 Theodoro,
1235 2566 1484 2635 Georgio
1534 2565 1752 2622 lectore
1812 2563 2141 2619 Antiochiae

488 2657 801 2716 modestiae
845 2654 1194 2728 praeposito,
1235 2655 1484 2725 Georgio
1537 2653 1868 2712 Scutariota
1923 2653 2140 2710 lectore

488 2746 1026 2820 Adrianopolitano
1070 2765 1083 2815 ;
1142 2744 1327 2816 regali
1370 2745 1629 2817 divoque
1683 2749 1739 2801 et
1791 2743 2140 2800 venerando

480 2835 837 2909 jussu,licet
859 2850 982 2891 non
1009 2835 1249 2906 scripta,
1298 2849 1409 2890 nos
1460 2833 1726 2906 episcopi
1790 2833 2141 2890 auctoritate

491 2923 860 2982 demandata
911 2940 947 2980 a
991 2922 1367 2979 sanctissimo
1410 2923 1658 2980 domino
1688 2927 1745 2980 et
1769 2921 2140 2979 cecumenico

2253 1771 2570 1849 Θεόδωρος,
2654 1773 2680 1824 ὁ
2754 1767 3231 1844 Ἀδριανουπόλεως
3308 1773 3448 1822 Λέων
3515 1770 3542 1820 ό

2251 1863 2506 1925 Νικόλαος
2529 1885 2543 1897 ο
2576 1858 2924 1918 συνδιεστάλη
2955 1857 3013 1913 δε
3053 1861 3258 1921 τούτοις
3285 1860 3309 1910 ὁ
3335 1862 3516 1934 κριτής
3544 1865 3636 1911 τοῦ
3677 1856 3848 1930 βήλου

2253 1959 2443 2026 Θωμᾶς
2517 1951 2853 2026 Ἀπλούχρης
2912 1970 2925 1984 ο
2988 1953 3079 2001 καὶ
3155 1944 3538 2020 διεμηνύσαντο
3629 1948 3849 2000 τούτων.

2250 2042 2604 2116 παραγγελίαν
2691 2043 2948 2115 ἔγγραφον
3038 2040 3235 2111 θέμενοι
3307 2039 3440 2108 πρὸς
3501 2035 3654 2088 αὑτὸν
3681 2076 3699 2105 ,
3767 2035 3857 2088 ἶνα

2252 2133 2614 2204 παρουσιάση,
2655 2131 2725 2192 ὡς
2772 2132 2994 2203 εἰρηται.
3040 2127 3238 2200 Ἐσχεν
3293 2128 3352 2178 τὸ
3394 2123 3515 2197 παρ’
3542 2124 3710 2178 αὐτῶν
3758 2123 3853 2176 ἐκ-

3646 1773 3846 1843 Παρίου

2251 2223 2388 2274 τεθὲν
2420 2223 2696 2292 σημείωμα
2721 2219 2893 2293 ῥητῶς
2920 2217 3135 2270 οὑτωσί.

2324 2313 2464 2367 Μηνὶ
2511 2310 2686 2380 Muigo,
2744 2305 2808 2378 ιγ’
2850 2308 3057 2381 ἡμέρᾳ,
3111 2300 3397 2357 ἰνδικτιῶνι
3453 2301 3523 2375 β’,
3581 2307 3854 2376 παρουσίᾳ

2256 2394 2501 2450 διακόνου
2568 2392 2844 2469 Θεοδώρου
2904 2404 2995 2455 τῆς
3055 2393 3295 2466 Μεγάλης
3374 2391 3683 2453 Ἐκιλησίας
3754 2399 3854 2444 τοῦ

2253 2487 2690 2561 Βελισσαριώτου,
2733 2489 2990 2557 Γεωργίου
3039 2482 3372 2554 ἀναγνώστου
3403 2480 3725 2554 ’Δντιοχείας
3754 2488 3853 2534 τοῦ

2253 2575 2337 2629 ἐπὶ
2408 2584 2502 2636 τῆς
2569 2573 2827 2639 εὐταξίας,
2888 2577 3144 2646 Γεωργίου
3222 2570 3556 2643 ἀναγνώστου
3629 2567 3853 2644 Ἃδρια-

2251 2665 2532 2726 νουπὸλεως
2596 2671 2688 2718 τοῦ
2748 2668 3160 2736 Σκουταριώτου,
3189 2661 3450 2714 Νικολάου
3515 2657 3856 2731 ἀναγνώστου

2251 2765 2342 2810 τοῦ
2409 2754 2804 2824 Ἀττικοῦ,καὶ
2865 2757 3084 2814 Λέοντος
3147 2757 3240 2804 τοῦ
3302 2747 3799 2822 Ἃδριανουπολίτου
3830 2766 3845 2780 υ

2253 2846 2353 2899 ἀπὸ
2431 2845 2712 2919 βασιλικῆς
2783 2848 2873 2898 καὶ
2957 2845 3098 2904 θείας
3168 2842 3539 2915 προσκυνήτης
3613 2837 3856 2913 ἀγράφου

2250 2937 2602 3012 προστάξεως,
2631 2937 2782 3007 ἡμεῖς
2825 2935 2873 2986 οἱ
2937 2933 3201 3006 ἀρχιερεῖς
3253 2929 3305 2992 ἐξ
3351 2929 3636 3003 ἐπιτροπῆς
3665 2936 3756 2980 τοῦ
3797 2948 3858 2982 τε

480 3013 853 3107 Ρέῗῖίξΐοῖιδη
885 3017 943 3068 et
975 3028 1022 3107 a_
1047 3012 1426 3107 εᾶᾏθίίεβίωο
1455 3012 2002 3085 ΗῘΘΓΟΒΟῙΥΠΙΟΓΠῙΠ
2039 3028 2141 3085 Ρθα·
2171 3051 2212 3107 C
2249 3027 2542 3097 ἀγιωτάτου
2602 3020 2861 3076 δεσποτου
2917 3024 3008 3074 καὶ
3067 3019 3426 3092 οἰκουμενικοῦ
3490 3019 3856 3093 πατριάρχου,

483 3103 742 3160 triarcha
783 3101 1086 3158 monacho
1115 3101 1365 3157 domino
1392 3104 1640 3166 Joanne,
1668 3102 1915 3174 insuper
1960 3103 2142 3160 etiam

483 3208 521 3249 a
546 3191 930 3248 sanctissimo
974 3191 1426 3264 archiepiscopo
1457 3192 1636 3249 totius
1664 3191 1971 3263 Bulgariee,
2002 3192 2141 3248 cha-

483 3280 724 3336 rissimo
754 3283 973 3350 patruo
1003 3279 1260 3352 potentis
1314 3281 1625 3353 sanctique
1672 3282 1856 3338 nostri
1883 3282 2142 3354 impera-

488 3369 961 3438 toris,monacho
986 3369 1258 3440 inquam,
1287 3369 1533 3426 domino
1561 3373 1787 3427 Joanne
1809 3373 2139 3443 Comneno;

483 3473 596 3514 nec
624 3472 746 3512 non
765 3456 844 3511 ad
881 3472 952 3512 ea
971 3471 1107 3528 qum
1145 3458 1206 3511 in
1254 3456 1719 3514 Blachernarum
1748 3461 1971 3531 palatio
2003 3478 2141 3518 con—

484 3545 649 3601 venit
667 3548 880 3599 sancta
896 3543 1157 3616 divaque
1179 3545 1436 3616 synodo;
1461 3547 1842 3618 pervenimus
1867 3550 1946 3606 ad
1970 3567 2142 3607 vene-

485 3632 748 3691 randum
798 3631 1180 3703 Hodegorum
1227 3633 1778 3709 caanobium,atque
1809 3638 1868 3694 in
1890 3656 2141 3712 conspe-

489 3726 655 3778 ctum
710 3719 960 3777 admissi
1012 3721 1180 3777 electi
1237 3721 1382 3778 olim
1434 3724 1788 3794 patriarchae
1841 3727 1942 3783 Dei
1973 3729 2138 3784 urbis

482 3808 815 3866 Antiochiae
870 3824 1112 3879 magnae
1151 3810 1381 3867 domini
1410 3813 1696 3870 Soterichi
1748 3818 2134 3888 Panteugeni,

475 3898 888 3956 nuntiavimus
913 3899 966 3954 ei
1008 3915 1140 3971 quae
1193 3899 1255 3954 in
1313 3901 1613 3958 mandatis
1659 3903 2006 3970 habuimus,
2039 3905 2133 3962 his

475 3988 674 4044 verbis
696 4004 707 4040 :
727 3988 1182 4045 Potentissimus
1212 3994 1269 4045 et
1295 3994 1542 4046 sanctus
1578 3991 1906 4064 imperator
1932 4001 2138 4052 noster

470 4075 651 4145 jussit
681 4075 825 4144 heri,
854 4079 918 4131 ut
965 4075 1126 4132 dicta
1170 4081 1379 4134 sancta
1437 4078 1709 4149 synodus
1741 4084 1925 4153 tuque
1955 4083 2138 4141 etiam

478 4162 658 4218 hodie
698 4163 1068 4219 conveniatis
1110 4164 1188 4220 ad
1239 4164 1556 4222 lectionem
1587 4167 1954 4226 audiendam
1982 4187 2140 4228 com-

485 4249 762 4306 mentarii
796 4251 870 4304 de
909 4251 1089 4306 rebus
1113 4252 1430 4325 disputatis
1459 4260 1517 4311 et
1543 4257 1712 4328 actis,
1748 4263 1802 4314 te
1833 4260 2134 4330 audiente,

479 4339 760 4396 hesterna
784 4337 879 4393 die
906 4355 1040 4410 quae
1063 4339 1172 4396 fuit
1191 4345 1500 4412 praesentis
1519 4347 1746 4402 mensis
1777 4348 2137 4408 duodecima

481 4442 688 4484 coram
730 4425 916 4496 regali
947 4427 1180 4496 throno,
1215 4436 1542 4505 sanctaque
1565 4440 1621 4491 et
1647 4435 1850 4494 divina
1874 4441 2132 4510 synodo.

484 4514 781 4579 Quoniam
813 4530 954 4570 vero
981 4515 1120 4571 dicti
1143 4519 1505 4577 sanctissimi
1543 4525 1898 4594 patriarchas
1917 4529 2135 4584 caeteri-

488 4618 608 4676 que
637 4602 928 4659 antistites
969 4613 1379 4664 convenerunt
1399 4609 1458 4664 in
1485 4610 1946 4672 Blachernarum
1969 4617 2136 4689 pala-

486 4692 661 4759 tio,ac
677 4691 808 4763 jam
838 4693 1194 4763 praesidente
1226 4711 1262 4751 a
1295 4699 1411 4754 Deo
1433 4707 1719 4760 coronato
1749 4703 2131 4778 imperatore,

483 4784 539 4837 et
578 4780 796 4852 synodi
827 4783 1004 4853 pleno
1053 4798 1326 4852 numero,
1362 4791 1424 4842 tu
1465 4804 1589 4845 non
1645 4793 1908 4862 adfuisti,
1963 4797 2134 4853 missi

482 4884 595 4926 nos
622 4871 863 4937 fuimus,
887 4870 972 4928 uti
1018 4871 1244 4928 dictum
1294 4880 1398 4948 est,
1429 4877 1509 4933 ad
1542 4884 1597 4936 te
1642 4880 2042 4957 invitandum,
2069 4891 2133 4944 ut

484 4957 611 5013 sine
649 4975 824 5016 mora
849 4959 1010 5016 adsis
1057 4961 1236 5018 hodie
1265 4963 1503 5022 lectioni
1537 4973 1810 5027 actorum
1829 4973 2132 5032 hesterno-

484 5061 643 5102 rum.
677 5046 832 5104 Scito
864 5049 1046 5116 enim,
1075 5052 1241 5122 quod
1271 5053 1319 5108 si
1358 5055 1605 5113 minime
1633 5058 1694 5114 id
1724 5059 1929 5130 facias,
1958 5065 2052 5121 vel
2075 5070 2129 5122 te

479 5134 726 5192 absente
768 5141 903 5193 acta
928 5137 1320 5197 nihilominus
1363 5142 1654 5214 legentur.
1687 5150 1937 5208 Coactus
1967 5155 2128 5213 enim

481 5239 520 5282 a
573 5223 696 5282 Deo
765 5222 984 5280 electus
1043 5229 1456 5289 sanctissimus
1527 5241 1729 5295 noster
1801 5240 2128 5314 imperator

551 5401 969 5482 (26).Περιωπή,
1000 5405 1195 5488 Latine
1247 5411 1705 5488 circumspectio,
1757 5425 2124 5488 vocabulum

479 5473 729 5562 honoris
775 5473 929 5562 quo,
977 5476 1188 5562 utitur“
1228 5495 1372 5562 erga
1424 5473 1780 5562 cardinales.
1803 5473 2120 5559 183335;

480 5543 573 5600 Vl.
611 5545 714 5611 PP,
770 5543 934 5617 apud
976 5560 1088 5603 nos
1139 5543 1414 5624 Spicﬂeg.
1467 5559 1506 5612 t.
1562 5543 2114 5640 "(15589557373

2248 3121 2338 3166 καὶ
2389 3114 2483 3167 τοι.)⁹
2523 3112 2816 3184 ἁγιωτάτου
2888 3111 3224 3185 πατριάρχου
3290 3106 3656 3180 Ἱεροσολύμων
3694 3125 3860 3178 μονοι-

2248 3212 2354 3277 χοῦ
2428 3210 2588 3278 κυρού
2649 3202 2926 3271 Ἰωάννου,
2997 3203 3073 3252 ἔτι
3140 3196 3199 3251 δε
3253 3202 3344 3251 καὶ
3408 3204 3501 3250 τοῦ
3558 3196 3855 3268 ἁγιωτάτου

2249 3292 2671 3365 ἀρχιεπισκόπου
2732 3293 2905 3350 πάσης
2961 3287 3281 3361 Βουλγαρίας
3342 3291 3432 3339 καὶ
3497 3286 3856 3360 περιποθήτου

2251 3383 2387 3434 θείου
2431 3388 2522 3434 τοῦ
2561 3385 2847 3455 κρατίστου
2890 3381 2980 3430 καὶ
3027 3377 3178 3448 ἁγίου
3218 3377 3365 3447 ἡμῶν
3430 3373 3685 3447 βασιΜως
3749 3392 3858 3445 μο-

2246 3478 2416 3543 ναχοῦ
2467 3478 2630 3544 κυροῦ
2681 3469 2917 3523 Ἰωάννου
2965 3473 3056 3519 τοῦ
3119 3471 3410 3537 Κομνηνοῦ,
3443 3462 3571 3516 ἀλλά
3624 3467 3713 3514 καὶ
3751 3469 3860 3525 τῆς

2249 3558 2296 3612 ἐν
2332 3569 2404 3631 τῷ
2455 3560 2691 3631 παλατίῳ
2744 3567 2841 3611 τῶν
2907 3556 3210 3628 Βλαχερνῶν
3277 3548 3687 3626 συνδραμούσης
3751 3555 3855 3610 τήν

2251 3654 2477 3722 σήμερον
2547 3651 2680 3721 ἱερᾶς
2744 3652 2834 3700 καὶ
2895 3649 3033 3708 θείας
3097 3639 3324 3696 συνόδου
3357 3640 3749 3714 ,παρεϐάλομεν
3785 3649 3855 3714 τῇ

2251 3738 2514 3812 σεϐασμίᾳ
2549 3746 2680 3811 μονῇ
2734 3746 2833 3789 τῶν
2875 3733 3113 3807 Ὀδηγῶν
3139 3777 3152 3802 ,
3185 3737 3274 3786 καὶ
3333 3732 3404 3792 εἰς
3452 3731 3570 3802 ὄψιν
3621 3728 3861 3792 ἐλθόντες

2247 3835 2320 3899 τῷ
2386 3830 2644 3900 φθάσαντι
2705 3825 3065 3900 προϐληθῆναι
3143 3823 3450 3895 πατριάρχη
3519 3817 3859 3882 Θεουπόλεως

2248 3920 2470 3994 μεγάλης
2547 3919 2866 3988 Ἀντιοχείας
2923 3921 3066 3989 κυρῷ
3131 3916 3422 3984 Σωτηρίχῳ
3485 3917 3555 3981 τῷ
3626 3915 3860 3961 Παντευ-

2246 4015 2403 4082 γένῳ,
2463 4007 2836 4081 ἀνηγγείλαμεν
2904 4003 3041 4074 αὐτῷ
3093 4003 3158 4054 τὰ
3219 3999 3520 4054 ἐνταλθέντα
3569 3999 3692 4059 ἡμῖν
3723 4040 3738 4066 ,
3779 3997 3858 4050 εἰ-

2246 4105 2424 4161 πόντες
2475 4102 2544 4160 ὡς
2590 4097 2648 4150 '0
2705 4097 2986 4170 κράτιστος
3050 4095 3139 4144 καὶ
3199 4090 3345 4163 ἃγιος
3394 4090 3538 4160 ἡμῶν
3593 4086 3855 4160 βασιλεὺς

2246 4189 2403 4262 ὥρισε
2459 4190 2595 4240 κατά
2652 4191 2743 4245 τήν
2793 4187 2923 4258 χθες
2974 4179 3229 4235 συνελθεῖν
3286 4181 3422 4231 κατά
3473 4180 3566 4236 τήν
3621 4181 3855 4250 σήμερον

2244 4283 2337 4338 τὴν
2375 4279 2623 4352 ῥηθεῖσαν
2663 4274 2816 4346 ἀγίαν
2863 4268 3080 4326 σύνοδον
3130 4274 3220 4322 καὶ
3266 4271 3322 4321 σε
3370 4266 3454 4319 ἐπὶ
3506 4273 3577 4336 τῷ
3611 4263 3853 4335 ἀναγνω-

2247 4368 2536 4425 σθῆναιτά
2585 4365 2939 4437 σημειωθέντα
2975 4360 3058 4413 ἐπὶ
3095 4365 3204 4420 τοῖς
3246 4356 3518 4414 λαληθεῐσι
3565 4358 3655 4406 καὶ
3713 4372 3854 4426 πρα-

2243 4460 2454 4529 χθεῖσιν
2519 4455 2596 4507 ἐπ’
2663 4453 2913 4530 ἀκροάσει
2967 4471 3060 4502 σου
3108 4449 3245 4500 κατά
3284 4451 3378 4506 τήν
3436 4447 3565 4517 χθὲς
3623 4441 3693 4516 ιβ’
3753 4453 3854 4498 τοῦ

2240 4551 2494 4622 παρόντος
2547 4547 2709 4618 μηνὸς
2751 4542 2834 4596 ἐπὶ
2873 4547 2963 4593 τοῦ
3015 4537 3296 4612 βασιλικοῦ
3356 4534 3598 4608 βήματος
3627 4537 3718 4585 καὶ
3749 4541 3854 4596 τῆς

2243 4638 2376 4710 ἱερᾶς
2424 4639 2513 4686 καὶ
2581 4636 2716 4693 θείας
2784 4626 3035 4684 συνόδου.
3072 4627 3218 4680 Ἐπεὶ
3250 4622 3309 4678 δὲ
3375 4626 3424 4676 οἱ
3477 4626 3564 4695 μὲν
3602 4622 3849 4696 ῥηθέντες

2239 4726 2519 4796 ἁγιώτατοι
2559 4723 2893 4796 πατριάρχαι
2937 4722 3028 4770 καὶ
3078 4719 3128 4770 οἱ
3173 4715 3345 4768 λοιποὶ
3395 4713 3660 4788 ἀρχιερεῖς
3722 4731 3850 4763 συν-

2239 4815 2392 4874 ῆλθον
2433 4814 2498 4874 εἰς
2555 4816 2612 4864 τὸ
2675 4810 2722 4863 ἐν
2776 4809 3092 4883 Βλαχέρναις
3148 4804 3393 4858 παλάτιον
3419 4845 3432 4869 ,
3461 4805 3551 4853 καὶ
3585 4801 3841 4873 προκαθί-

2241 4924 2421 4965 σαντος
2482 4909 2574 4956 τοῦ
2615 4903 2914 4973 θεοστεφοῡς
2955 4899 3100 4969 ἡμῶν
3168 4894 3545 4966 αὐτοκράτορος
3589 4894 3679 4941 καὶ
3743 4897 3839 4942 τοῦ

2240 4993 2491 5064 συλλόγου
2542 4993 2735 5052 παντὸς
2776 4988 3005 5061 πλήρους
3053 4987 3217 5050 ὄντος,
3242 4986 3307 5036 σὺ
3347 4981 3441 5033 οὐκ
3471 4975 3829 5050 ἐνεδήμησας·

2237 5081 2596 5154 ἀπεστάλημεν
2651 5081 2818 5152 ἡμεῖς,
2863 5079 2929 5138 ὡς
2994 5070 3313 5139 δεδήλωται,
3373 5067 3837 5144 μετακαλέσασθαί

2237 5191 2326 5239 σε,
2399 5169 2472 5242 ἐφ’
2627 5167 2980 5242 ἀνυπερθέτως
3041 5161 3404 5236 παρουσιάσαι
3454 5162 3546 5216 τήν
3604 5159 3837 5229 σήμερον

2235 5259 2316 5314 ἐπὶ
2537 5257 2823 5330 ἀναγνώσει
2899 5261 2997 5307 τῶν
3074 5251 3437 5325 σημιωθέντων
3513 5247 3650 5298 κατὰ
3739 5249 3836 5303 τήν

2233 5438 2522 5512 Equidem
2552 5436 2782 5509 absque
2810 5435 2925 5491 hoc
2955 5426 3264 5512 synodalis
3287 5425 3595 5512 scripturae
3614 5436 3834 5512 Effatu-

2229 5492 2705 5583 iis'fﬁﬁii‘qaanf
2716 5492 3028 5583 putassem
3051 5503 3288 5561 Latinos
3318 5515 3352 5556 a
3373 5492 3589 5553 Graecis
3614 5492 3829 5565 hujus-

2228 5578 2395 5641 inodi
2416 5578 2652 5640 titulum
2682 5578 3040 5652 sumpsisse.
