4126 6272
233 183 317 236 197

1620 201 1964 261 THESAURI
2003 206 2138 266 LIB.
2183 208 2367 268 XXIV.

3478 228 3582 285 198

238 308 378 378 χθές·
440 306 712 382 ὀφείλοντα
755 310 958 368 εἰδέναι
1014 319 1100 383 ὡς,
1160 317 1289 392 εἰμὴ
1347 327 1500 374 τοῦτο
1563 330 1820 390 ποιήσαις

1937 333 2265 402 procedere
2321 335 2397 392 ad
2451 341 2727 408 paratam
2783 344 2903 399 Deo
2983 342 3223 403 favente
3266 348 3586 408 militarem

238 403 321 450 καὶ
412 407 508 452 σοῦ
603 406 676 474 μὴ
743 401 1141 479 ἐνδημῆσαντος
1245 410 1706 482 ἀναγνωσθήσεται
1767 418 1825 470 τὸ

236 496 478 541 τοιοῦτον⁸
548 499 980 568 κατεπειγόμενος
1021 500 1121 574 γὰρ
1205 501 1231 553 ὁ
1291 500 1660 578 θεοπρόϐλητος
1736 511 1826 559 καὶ

230 580 505 650 κράτιστος
557 582 706 654 ἡμῶν
747 585 1088 663 αὐτοκράτωρ
1146 589 1360 653 ἐξελθεῖν
1424 592 1494 652 εἰς
1555 597 1650 653 τὴν
1705 614 1826 669 προ-

226 669 457 740 κειμένην
518 669 756 743 τῦτυχῶς
818 677 913 726 σὺν
972 684 1084 748 Θεῷ
1154 677 1502 754 ἔκστρατείαν,

227 755 538 829 ἐπικειμένοις

1593 679 1687 736 διά
1737 688 1826 746 τάς

638 767 906 834 κοσμικὰς
999 765 1285 839 ἀναγκαίας
1377 768 1658 846 φροντίδας
1732 773 1826 826 οὑκ

1934 420 2400 512 expeditionem,
2429 429 2698 499 {propter
2754 429 3044 489 instantes
3090 437 3584 512 necessariasque

1933 507 2168 581 imperii
2198 528 2396 581 curas,
2427 514 2596 572 haud
2613 517 2838 575 diutius
2861 520 3197 581 discessum
3237 541 3416 584 suum
3476 507 3583 601 po-

1930 601 2046 654 test
2119 599 2380 688 differre.
2433 606 2873 680 Proptereaque
2924 611 3053 668 heri
3124 599 3577 688 mandavitput

1933 687 2131 744 cuncti
2159 689 2339 746 hodie
2364 693 2782 764 convenirent;
2815 701 2872 753 et
2904 713 3067 756 nunc
3097 704 3222 760 tota
3261 703 3357 760 die
3415 687 3583 764 sedet

1933 773 1994 830 in
2026 775 2175 834 solio
2196 783 2367 835 tuum
2397 782 2751 853 praestolans
2781 786 3130 845 adventum.

225 845 331 916 ἔχει
394 847 546 900 πλέον
595 848 823 926 ἀναρτᾴν
889 859 980 913 τὴν
1038 855 1312 920 ἔξέλευσιν·
1386 867 1475 914 και
1543 857 1638 914 διὰ
1681 870 1836 916 τοῦτο
1900 866 2031 936 χθές
2093 887 2148 919 τε
2206 888 2364 944 ωρισε
2440 871 2696 927 συνελθεῖν
2744 877 2940 940 πάντας
2994 882 3129 933 κατά
3183 885 3276 941 τὴν
3325 888 3575 960 σήμερον,

225 941 303 960 ..μὶ
333 944 417 960 _.'_,
462 957 588 960 _-_,_
618 941 673 960 'IL
1012 946 1021 960 ι
1219 953 1227 960 ι
1343 952 1352 960 ι
1441 948 1454 960 ς
1583 955 1593 960 -
1727 951 1739 960 ε
1820 949 1840 960 ι
1935 957 1941 960 .

225 941 309 988 καὶ
333 944 420 987 νῦν
457 941 791 1011 προκάθηται
830 946 1145 1018 πανημεριος
1173 953 1266 1006 τὴν
1295 952 1391 1008 σὴν
1431 948 1689 1024 ἀναμένων
1719 949 2023 1026 ἐπιδημίαν.

292 1041 350 1095 Ὀ
416 1040 473 1096 ﬂ
544 1049 676 1120 πρὸς
724 1056 894 1102 ταῦτα
951 1050 1324 1126 ἀντεφθέγξατο
1413 1061 1485 1129 μὴ
1562 1055 1824 1112 δύνασθαι

225 1137 579 1206 παρουσιάσαι
631 1142 765 1209 μήτε
821 1145 1042 1214 τήμερον
1080 1149 1208 1215 μήτε
1248 1163 1426 1220 αυριον
1481 1144 1576 1200 διὰ
1629 1152 1688 1201 τό
1726 1169 1825 1203 πυ-

217 1226 428 1294 ρέττειν,
483 1227 551 1286 ὡς
615 1226 803 1298 ἓλεγεν·
855 1228 940 1282 ἐπὶ
994 1231 1171 1296 κλίνης
1250 1237 1352 1310 γὰρ
1425 1235 1668 1308 ἀνέκειτο,
1733 1244 1823 1293 καὶ

218 1309 418 1381 ἀγνοεῖν
481 1313 528 1366 εἰ
601 1313 822 1390 ἓπιταθῇ
879 1319 1021 1391 αὐτῷ
1071 1324 1137 1375 τὰ
1206 1331 1300 1387 τῆς
1349 1329 1530 1378 νόσουο
1604 1330 1827 1401 προσθέ,

215 1417 362 1472 μενος
429 1402 530 1468 ὃτι,
611 1405 768 1477 Ἐμοῦ
845 1406 1084 1480 ἀπόντος,
1139 1410 1165 1463 ὃ
1201 1414 1470 1487 αἱροῦνται
1525 1419 1827 1474 ποιησάτω-

215 1509 324 1555 σαν,
366 1490 550 1564 Ἡμεῖς
588 1489 649 1546 δὲ
689 1499 780 1547 καὶ
820 1493 973 1558 αὖθις
1043 1495 1420 1574 διελαλήσαμεν
1463 1508 1596 1580 πρὸς
1645 1505 1822 1592 αὐτὸν,

215 1583 275 1640 ὡς
304 1581 347 1634 εἰ
385 1587 461 1653 μὴ
507 1587 862 1656 παρουσιάσει
908 1588 1048 1662 ἄρτι,
1112 1589 1568 1663 ἀναγνωσθήσεται
1605 1598 1664 1648 τὸ
1705 1581 1824 1648 ἅλια-ἰ

214 1669 396 1742 mea
450 1675 701 1747 σήμερον,
752 1681 843 1728 καὶ
885 1682 1031 1730 πᾶσα
1063 1681 1195 1754 θύρα
1260 1678 1618 1754 δικαιολογίας
1656 1687 1824 1756 τούτῳ

2003 1063 2092 1119 Ad
2111 1065 2240 1121 haec
2259 1068 2574 1140 respondit
2600 1071 2960 1144 Soterichus,
2991 1075 3156 1132 haud
3187 1093 3248 1133 se
3277 1094 3458 1151 posse
3478 1083 3574 1138 vel

1932 1151 2110 1209 hodie
2145 1153 2233 1210 vel
2260 1171 2391 1212 cras
2423 1157 2656 1223 adesse,
2689 1165 2934 1233 propter
2952 1163 3166 1221 febrim
3196 1183 3318 1239 qua
3357 1184 3419 1224 se
3441 1185 3577 1226 cor-

1932 1245 2169 1314 reptum
2198 1243 2471 1314 dicebat;
2503 1263 2647 1304 nam
2677 1253 2734 1306 et
2758 1250 2818 1306 in
2848 1251 2997 1308 lecto
3030 1253 3290 1327 jacebat,
3325 1262 3383 1313 et
3413 1257 3581 1327 igna-

1931 1345 2066 1386 rum
2108 1349 2172 1388 se
2196 1349 2341 1390 num
2372 1337 2623 1393 morbus
2681 1345 2999 1413 augeretur
3054 1343 3276 1401 aiebat.
3339 1346 3584 1404 Addidit

1932 1425 2158 1491 tamen,
2191 1427 2254 1480 ut
2283 1439 2346 1480 se
2373 1441 2615 1500 quoque
2645 1428 2912 1502 absente,
2936 1433 3103 1504 quod
3125 1433 3410 1506 placitum
3427 1435 3579 1495 foret

1933 1510 2344 1572 decernerent.
2373 1517 2521 1572 Tum
2554 1533 2667 1574 nos
2689 1534 2900 1575 rursus
2933 1520 3046 1593 ipsi
3078 1522 3574 1595 signiﬁcavimus,

1933 1601 2100 1673 quod
2121 1603 2233 1658 nisi
2265 1604 2463 1660 statim
2489 1613 2884 1679 compareret,
2916 1610 3095 1667 hodie
3144 1612 3400 1682 legenda
3421 1619 3578 1673 esset

1932 1704 2026 1744 res
2069 1691 2375 1763 praedicta,
2430 1698 2608 1766 atque
2660 1697 2827 1753 omni
2912 1697 3197 1772 deinceps
3245 1700 3578 1760 defensioni

215 1757 707 1818 ἁποκλεισθὴσεται.
768 1763 1092 1836 Ἀνεγνώσθη
1139 1774 1312 1821 τοίνυν
1368 1771 1495 1824 αὑτὸ
1535 1771 1619 1825 ἐπὶ
1667 1772 1820 1845 βασι-

215 1847 230 1864 ς
329 1856 350 1863 -
401 1846 465 1864 Α.
793 1857 803 1864 .
881 1855 895 1864 .
1035 1859 1080 1864 __
1309 1861 1318 1864 _

1934 1753 2090 1835 fores
2119 1753 2577 1852 praecludendae.
2631 1787 2872 1842 Lectum
2924 1753 3580 1864 fuitigiturwsvn—dda-l‘e

213 1847 352 1900 λαοῦ
394 1846 662 1921 βήματος·
720 1857 811 1905 καὶ
871 1855 1213 1930 ἠρωτήθημεν
1272 1861 1321 1911 οἱ
1373 1864 1823 1934 παρουσιάσαντες

215 1939 566 2012 πατριάρχαι,
620 1939 767 2012 κάγὼ
832 1944 859 1994 ό
923 1944 1264 2020 Βουλγαρίας,
1305 1953 1395 2001 καὶ
1454 1951 1503 2001 οἰ
1560 1949 1822 2024 ἀρχιερεῖς

216 2028 376 2097 ἡμεῖς,
449 2027 494 2079 εἰ
561 2025 643 2081 δεῖ
705 2029 885 2084 λοιπόν
935 2035 1031 2090 τὴν
1089 2032 1378 2106 ἀνάγνωσιν
1433 2033 1674 2108 γενέσθαι
1727 2047 1818 2092 τοῦ

216 2113 498 2180 ἐκτεθέντος
528 2120 667 2170 κατὰ
702 2123 798 2178 τὴν
836 2123 988 2192 χθὲς,
1030 2123 1100 2185 ὡς
1139 2120 1456 2193 δεδήλωται,
1517 2134 1821 2201 σημειώμα-

216 2222 311 2266 τος·
367 2209 460 2258 καὶ
533 2209 600 2267 ὡς
660 2203 832 2270 οὐδεὶς
878 2208 934 2272 ἐξ
992 2212 1137 2283 ἡμῶν
1205 2211 1537 2286 ἀμφιϐάλλων
1592 2219 1724 2292 πρὸς
1759 2221 1818 2270 τὸ

218 2291 608 2364 ἀναγνωσθῆναι
691 2305 848 2350 τοῦτο
913 2297 1216 2371 ἐτύγχανεν,
1275 2300 1570 2374 ἀνεγνώσθη
1651 2305 1804 2362 αὑτό.

218 2381 346 2435 Ἐπεὶ
412 2385 503 2436 οὖν
537 2393 886 2462 πμπαρῆμεν
916 2393 1007 2440 καὶ
1073 2390 1122 2442 οἱ
1149 2393 1285 2443 κατά
1337 2396 1430 2450 τὴν
1468 2395 1594 2464 χθες
1646 2395 1816 2455 ζητή-

219 2489 388 2534 σαντες
425 2471 689 2546 ἀρχιερεῖς
749 2475 1050 2546 σκέφασθαι
1103 2483 1221 2552 περὶ
1258 2486 1350 2532 τοῦ
1391 2481 1433 2532 εἰ
1487 2478 1570 2534 δεῖ
1624 2481 1672 2535 ἓν
1706 2482 1817 2558 ἱερᾷ

215 2562 528 2614 καταστάσει
549 2581 605 2616 τε
643 2560 918 2635 εἶναι,εῖτε
979 2571 1069 2618 καὶ
1130 2575 1202 2630 εῖς
1254 2567 1507 2644 ἀρχιερέα
1560 2571 1815 2644 προϐιϐα-

220 2651 400 2706 σθῆναι
447 2654 534 2702 τὸν
575 2649 878 2709 δηλωθέντοι
915 2659 1256 2727 Παντεύγενον
1297 2660 1395 2710 εἶτε
1432 2663 1521 2711 καὶ
1579 2665 1674 2732 μὴ,
1713 2668 1812 2714 τῶν

219 2735 372 2789 ἄλλων
422 2738 663 2794 ἁπάντων
704 2741 952 2796 εἰπόντων
992 2743 1198 2808 ἀνάξιον
1251 2746 1407 2799 αὐτὸν
1447 2749 1621 2809 πάσης
1681 2751 1816 2824 ἱερα-

218 2835 361 2888 τικῆς
454 2832 828 2893 καταστάσεως
886 2829 1038 2903 εἶναι,
1115 2837 1320 2908 εἴπομεν
1394 2840 1482 2888 καὶ
1557 2839 1725 2910 ἡμεῖς,
1787 2839 1815 2890 ὃ

216 2913 510 2988 Ἡρακλείας
540 2915 804 2992 δηλονότι,
838 2923 866 2973 ὁ
929 2922 1180 2995 Κυζίκου,
1223 2926 1249 2976 ὁ
1300 2921 1476 2992 Σίδης,
1521 2928 1546 2978 ὁ
1606 2935 1814 2980 Θεσσα-

217 3002 436 3073 λονίκης,
476 3009 502 3060 ό
541 3014 973 3084 Νεοκαισαρείας,
1013 3012 1038 3062 ὁ
1079 3011 1360 3085 Φιλίππων,
1396 3013 1421 3065 ὀ
1473 3013 1812 3085 Λαοδικείας,

218 3094 280 3144 τὰ
336 3095 492 3164 αὐτὰ,
546 3103 636 3150 καὶ
702 3103 824 3172 περὶ
880 3103 1067 3152 τούτου
1127 3109 1324 3174 φρονεῖν
1361 3107 1451 3155 καὶ
1502 3103 1664 3176 λέγειν
1708 3113 1816 3166 τοῖς
1848 3105 1887 3160 C

217 3180 404 3247 λοιποῖς
467 3185 881 3261 συλλειτουργοῖς
937 3191 1103 3262 ἡμῶν,
1164 3196 1254 3244 καὶ
1307 3188 1473 3265 μηδὲν
1531 3195 1669 3265 ἔχειν
1721 3192 1817 3266 ἀμ-

222 3271 442 3341 γίεολον.

279 3361 337 3414 Ὀ
391 3367 630 3426 ταπεινὸς
657 3369 892 3439 μοναχός
940 3372 1144 3430 Λουκᾶς
1194 3374 1283 3422 καὶ
1330 3369 1448 3440 ἐλέῳ
1489 3377 1621 3424 Θεοῦ
1659 3369 1817 3447 ἀρχι-

214 3457 490 3517 επίσκοπος
545 3458 660 3516 νίας
704 3456 910 3529 Ῥώμης
976 3465 1081 3519 τοῖς
1165 3457 1214 3510 ἐν
1271 3467 1342 3530 τῷ
1385 3463 1606 3533 παρόντι
1671 3465 1815 3533 τόμῳ

212 3548 590 3616 γεγραμμένοις
629 3545 712 3597 ἐπὶ
756 3554 853 3598 τοῦ
913 3550 1014 3619 πρὸ
1083 3550 1226 3620 ἡμῶν
1275 3551 1679 3622 μακαριωτάτου
1719 3570 1816 3603 πα-

212 3635 472 3706 τριάρχου
512 3641 677 3709 κυροῦ
727 3641 1125 3690 Κωνσταντίνου
1181 3643 1479 3710 στοιχήσας
1516 3644 1616 3709 ,καὶ
1659 3639 1816 3702 αὐτὸς

211 3726 294 3773 καὶ
324 3723 511 3795 ὁρίσας
551 3724 852 3796 ὑπέγραψα.

276 3827 335 3880 Ὀ
361 3833 609 3892 ταπεινὸς
646 3835 877 3904 μοναχός
926 3832 1164 3895 Ἰωάννης
1217 3837 1307 3886 καὶ
1364 3833 1483 3906 ἐλέῳ
1515 3840 1648 3887 Θεοῦ
1705 3855 1809 3887 πα-

210 3919 475 3989 τριάρχης
523 3927 620 3980 τῆς
658 3923 852 3993 μητρὸς
900 3928 1083 3973 πασῶν
1147 3930 1245 3973 τῶν
1304 3921 1624 3981 Ἐκκλησιῶν
1664 3925 1815 3995 άγίας

212 4010 336 4057 Σιὼν
363 4006 560 4068 πόλεως
589 4005 931 4082 Ἰερουσαλὴμ
958 4011 1140 4085 ὁρίσας
1171 4010 1470 4084 ὑπέγραψα.

276 4112 336 4166 Ὀ
365 4118 604 4175 ταπεινός
649 4120 884 4188 μοναχὸς
935 4118 1172 4180 Ἰωάννης
1229 4123 1316 4171 καὶ
1381 4116 1498 4191 ἐλέῳ
1554 4124 1686 4172 Θεοῦ
1727 4117 1816 4194 ἀρ-

214 4208 568 4272 χιεπίσκσπος
597 4211 810 4279 πρώτης
851 4207 1224 4260 Ἰουστινιανοῦ
1288 4211 1379 4260 καὶ
1424 4210 1602 4270 πάσης
1662 4209 1816 4261 Βουλ-

212 4297 396 4366 ’Ῑαρίας
427 4294 454 4344 ὁ
486 4297 754 4366 Κομνηνός
773 4296 961 4370 ὁρίσας
990 4295 1294 4368 ὑπέγμαψα.

277 4380 339 4434 Εἰ
411 4386 502 4434 καὶ
557 4385 690 4454 μετὰ
768 4387 856 4436 τὸν
913 4391 1310 4458 μακαριώτατον
1388 4383 1812 4460 ἀρχιεπίσκοπον

218 4470 528 4546 Βουὶγαρίας
595 4473 879 4549 ὑπέγραψα
928 4470 1024 4526 διὰ
1060 4478 1118 4526 τὸ
1177 4477 1311 4528 θεῖον
1377 4480 1467 4528 καὶ
1533 4455 1865 4546 ἀναγκαῖονι

218 4566 305 4618 τῆς
356 4559 824 4634 ἐκκλησιαστικῇς,
884 4564 1192 4632 ὑποθέσεως,
1248 4562 1354 4615 ἀλλ’
1409 4561 1496 4616 οὖν
1553 4560 1702 4617 οὐδὲν
1759 4564 1812 4616 ἐκ

219 4652 394 4702 τούτου
445 4660 518 4722 τῷ
573 4653 736 4726 θρόνῳ
811 4660 905 4713 τῆς
962 4658 1160 4728 Σοπρου
1218 4659 1493 4725 γενήσεται
1548 4659 1816 4728 πρόκριμα

223 4735 271 4786 ἐκ
308 4748 400 4802 τῆς
451 4739 580 4813 ἐμῆς
639 4741 976 4816 ὑπογραφῆς,
1042 4744 1128 4794 τόν
1186 4743 1291 4794 ἄνω
1338 4745 1516 4808 τόπον,
1598 4742 1665 4804 ὠς
1715 4745 1814 4814 εγὼ

219 4824 360 4896 λέγω,
428 4828 482 4880 ἐκ
537 4826 802 4904 διαφόρων
835 4827 1058 4883 δικαίων
1088 4833 1283 4902 ἔχοντι·
1328 4826 1414 4882 διὸ
1457 4837 1686 4902 στοιχῶν
1725 4850 1815 4883 και

225 4914 364 4977 αὐτός
379 4927 484 4979 τοῖς
512 4918 564 4972 ἐν
615 4927 690 4991 τῷ
721 4923 868 4991 τόμῳ
907 4919 1188 4991 ὁρισθεὶσι,
1245 4918 1485 4990 φυλάττω
1535 4923 1623 4970 καὶ
1655 4918 1812 4990 ἐμαυ-

223 5012 285 5073 τῷ
339 5011 394 5059 τὸ
448 5016 544 5061 τοῦ
615 5012 804 5083 θρόνου
844 5005 1073 5061 δίκαιον.
1116 5008 1455 5081 Ἀσπάζομαι
1517 5004 1576 5060 δὲ
1613 5012 1703 5060 καὶ
1749 5010 1814 5060 τὰ

227 5101 551 5169 γεγραμμένα,
593 5101 686 5150 καὶ
747 5099 974 5157 ταύταις
1027 5103 1138 5156 ταῖς
1185 5098 1398 5158 ἐννοίαις
1445 5100 1535 5148 καὶ
1599 5100 1813 5148 πίστεσι

225 5189 576 5241 σνναποθανεῖν
631 5191 895 5260 εὔχομαι·
973 5183 1030 5237 Ὀ
1104 5188 1340 5258 μοναχὸς
1395 5184 1671 5257 ἐλάχιστος
1723 5188 1812 5237 καὶ

220 5266 323 5344 ὓέῳ
351 5283 476 5330 Θεοῦ
502 5276 948 5354 ἀρχιεπίσκοπος
971 5275 1181 5348 Κύπρου
1214 5276 1421 5333 Ἰωάννη
1434 5297 1472 5337 ς.

277 5359 329 5414 Ὀ
373 5367 574 5432 εὐτελὴς
621 5367 1065 5441 ἀρχιεπίσκοπος
1123 5372 1216 5426 τῆς
1273 5364 1631 5440 μητροπόλεως
1681 5369 1809 5416 Και-

224 5461 408 5528 σαρείας
494 5452 911 5515 Καππαδοκίας
979 5459 1222 5526 Στεφανος
1268 5455 1454 5527 ὁρίσας
1509 5451 1808 5529 ὑπέγραψα.

1931 1868 2238 1926 decretum
2260 1886 2464 1927 coram
2481 1873 2665 1942 regali
2695 1874 2913 1931 throno
2941 1893 3226 1950 ;moxque
3245 1879 3468 1936 fuimus
3487 1882 3574 1939 in-

1929 1961 2213 2029 terrogati
2235 1974 2346 2015 nos
2369 1962 2724 2033 patriarchae
2745 1963 2827 2019 ibi
2853 1972 3196 2038 praesentes,
3227 1973 3283 2024 et
3313 1985 3425 2040 ego
3448 1971 3575 2027 Bul-

1930 2048 2450 2123 garus,ceeterique
2462 2065 2573 2106 nos
2591 2052 2878 2125 episcopi,
2896 2069 3044 2110 num
3067 2071 3280 2128 reapse
3296 2057 3576 2118 facienda

1926 2137 2102 2193 lectio
2153 2137 2596 2210 hesternorum,
2644 2140 2730 2197 uti
2807 2141 3037 2198 dictum
3093 2147 3198 2215 est,
3277 2149 3569 2203 actorum.

1926 2229 2253 2298 Postquam
2275 2242 2414 2284 vero
2448 2243 2628 2284 nemo
2657 2245 2729 2285 ex
2759 2230 2935 2286 nobis
2965 2231 3293 2304 quominus
3324 2249 3395 2290 ea
3421 2235 3574 2306 lege-

1925 2321 2132 2372 rentur
2161 2317 2516 2389 ambiguum
2548 2334 2609 2375 se
2656 2319 3111 2391 demonstravit,
3132 2321 3287 2380 lecta
3305 2323 3570 2384 fuerunt.

1927 2407 2072 2461 Cum
2105 2410 2306 2462 autem
2348 2406 2702 2464 adessemus
2746 2409 2926 2465 etiam
2993 2425 3105 2466 nos
3153 2411 3252 2468 alii
3282 2413 3569 2488 episcopi,

1924 2494 2028 2567 qui
2047 2494 2245 2550 adhuc
2258 2494 2716 2552 deliberandum
2730 2497 2859 2553 heri
2872 2498 3294 2569 censebamus,
3319 2517 3464 2557 num
3477 2501 3572 2559 vel

1923 2582 1984 2638 in
2003 2583 2406 2640 ecclesiastico
2433 2587 2588 2641 statu
2618 2585 2963 2642 retinendus
2984 2593 3144 2644 esset
3165 2588 3259 2644 vel
3291 2590 3470 2646 etiam
3494 2591 3570 2648 ad

1922 2673 2394 2745 patriarchatum
2424 2675 2876 2746 promovendus
2891 2676 3214 2750 priedictus
3245 2678 3575 2752 Panteuge-

1923 2777 2057 2833 nus,
2091 2777 2313 2831 necne;
2365 2763 2590 2820 caeteris
2639 2764 2924 2821 omnibus
2964 2767 3129 2823 omni
3166 2767 3573 2826 ecclesiastico

1924 2855 2080 2907 statu
2111 2852 2428 2922 indignum
2461 2852 2926 2921 afﬁrmantibus,
2959 2870 3072 2910 nos
3101 2872 3366 2930 quoque,
3396 2860 3570 2915 Hera-

1924 2941 2171 2998 cleensis
2203 2941 2441 3008 scilicet,
2473 2943 2814 3014 Cyzicenus,
2870 2943 3153 3013 Sidensis,
3197 2945 3572 3003 Thessaloni-

1925 3031 2146 3088 censis.
2174 3032 2686 3100 Neocaesariensis,
2728 3032 3140 3105 Philippensis,
3176 3034 3563 3108 Laodicenus,

1927 3119 2184 3193 pedibus
2237 3119 2297 3175 in
2339 3119 2697 3175 sententiam
2755 3119 2993 3187 ivimus,
3033 3137 3232 3194 neque
3271 3122 3486 3179 eadem
3513 3128 3570 3182 et

1929 3211 2146 3265 sentire
2168 3216 2224 3265 et
2243 3208 2410 3281 loqui
2448 3224 2585 3263 cum
2605 3208 2848 3281 reliquis
2871 3209 3400 3268 consacerdotibus
3433 3227 3570 3269 nos-

1926 3297 2027 3353 tris
2058 3297 2292 3369 absque
2321 3296 2440 3352 ulla
2468 3296 2841 3354 dubitatione
2866 3298 3190 3356 edidimus.

1996 3387 2248 3443 Humilis
2304 3388 2640 3443 monachus
2671 3390 2878 3456 Lucas,
2919 3389 3023 3444 Dei
3060 3389 3440 3447 miseratione
3480 3406 3570 3448 ar-

1925 3476 2346 3549 chiepiscopus
2368 3491 2540 3531 novae
2571 3479 2794 3548 Romae,
2829 3477 2975 3533 actis
3005 3478 3066 3533 in
3092 3478 3370 3550 praesenti
3400 3483 3566 3537 tomo

1925 3567 2161 3639 scriptis
2191 3567 2306 3622 sub
2333 3581 2694 3638 praecessore
2733 3571 2938 3623 nostro
2985 3566 3333 3624 beatissimo
3382 3569 3566 3641 patri-

1925 3658 2108 3713 archa
2138 3655 2387 3712 domino
2415 3655 2808 3713 Constantino
2858 3655 3236 3714 consentiens
3268 3673 3380 3730 ego
3420 3673 3570 3731 quo-

1922 3763 2039 3820 que
2071 3751 2126 3804 et
2151 3745 2442 3803 deﬁniens
2467 3746 2812 3820 subscripsi.

1993 3836 2283 3892 Humililis
2313 3836 2648 3892 monachus
2691 3837 2974 3900 Joannes,
3029 3835 3131 3890 Dei
3184 3834 3568 3893 miseratione

1921 3926 2266 3998 patriarcha
2308 3927 2518 3981 matris
2575 3925 2846 3981 omnium
2889 3921 3290 3978 Ecclesiarum
3344 3927 3566 3980 sancta)

1925 4015 2066 4073 Sion
2089 4014 2254 4071 urbis
2275 4013 2629 4082 Jerusalem,
2660 4011 2954 4067 definiens
2977 4009 3325 4082 subscripsi.

1993 4105 2242 4162 Humilis
2276 4103 2614 4159 monachus
2642 4104 2902 4157 Joannes
2930 4102 3296 4166 Comnenus,
3327 4099 3430 4156 Dei
3461 4099 3569 4157 mi-

1923 4194 2218 4251 seratione
2285 4190 2778 4263 archiepiscopus
2827 4189 3034 4262 Primae
3111 4189 3460 4246 Justinianae
3512 4194 3569 4248 et

1922 4286 2102 4362 totius
2128 4282 2436 4352 Bulgarire,
2470 4280 2764 4362 deﬁniens
2805 4279 3176 4362 subscripsi;
3225 4350 3239 4362 ‘
3359 4350 3370 4362 ι

1993 4350 2351 4427 Quanquam
2376 4369 2486 4425 ego
2511 4357 2649 4425 post
2686 4351 3104 4408 beatissimum
3137 4350 3427 4421 Bulgariae
3478 4366 3569 4407 ar-

1870 4457 1889 4509 )
1922 4447 2372 4519 chiepiscopum
2405 4442 2752 4514 subscripsi,
2784 4445 3029 4497 coactus
3065 4456 3241 4496 sacra
3261 4440 3566 4497 ecclesias-

1924 4537 2020 4592 tici
2049 4533 2386 4603 argumenti
2417 4531 2791 4597 necessitate,
2823 4529 3056 4585 nullum
3101 4529 3242 4584 hinc
3283 4528 3409 4584 sedi
3451 4531 3562 4601 Cy-

1923 4624 2066 4698 priae
2095 4623 2198 4679 ﬁet
2243 4620 2700 4695 praejudicium;
2738 4619 2964 4692 quippe
3016 4617 3116 4690 qui
3178 4617 3412 4674 afﬁrmo
3469 4633 3567 4674 me

1925 4713 2143 4770 multos
2173 4713 2252 4769 ob
2282 4711 2480 4768 titulos
2503 4710 2874 4782 superiorem
2912 4714 3111 4769 tenere
3139 4706 3360 4764 locum.
3412 4709 3566 4773 Qua-

1921 4803 2197 4860 mobrem
2217 4805 2272 4857 et
2297 4801 2424 4873 ipse
2451 4799 2833 4856 consentiens
2862 4795 3122 4852 deﬁnitis
3146 4795 3206 4850 in
3243 4800 3428 4862 tomo,
3478 4798 3564 4851 at-

1923 4900 2122 4951 tamen
2147 4893 2249 4964 jus
2278 4891 2436 4947 sedis
2482 4905 2632 4945 meze
2679 4887 2826 4944 mihi
2877 4885 3138 4942 vindico.
3191 4883 3563 4955 Caeteroquin

1923 4985 2146 5056 scripta
2176 4981 2522 5054 amplector,
2558 4983 2739 5050 atque
2768 4977 2830 5032 in
2850 4977 2977 5043 hac
3008 4974 3300 5030 sententia
3323 4972 3566 5046 ﬁdeque

1921 5074 2073 5132 mori
2120 5075 2286 5144 opto.
2308 5068 2633 5126 Monachus
2655 5066 3032 5132 minimus,et
3050 5063 3151 5118 Dei
3182 5062 3565 5119 miseratione

1920 5162 2413 5235 archiepiscopus
2438 5157 2614 5230 Cypri
2640 5156 2924 5212 Joannes.

1989 5343 2128 5400 Vilis
2159 5338 2646 5412 archiepiscopus
2669 5337 2950 5391 Caesareae
2981 5328 3382 5402 metropoleos
3409 5326 3562 5396 Cap-

1918 5433 2189 5507 padociae
2222 5430 2560 5503 Stephanus
2592 5423 2887 5481 deﬁniens
2910 5418 3258 5490 subscripsi.
