4126 6272
527 239 626 292 199
1875 229 2146 284 NICE'DE
2187 225 2560 286 CHONIATE
3771 231 3883 288 200

589 360 730 416 Vilis
775 357 1157 431 metropolita
1215 353 1504 412 Heracleae
1579 356 1782 410 Petrus
1873 351 2218 408 deﬁniens!

2345 351 2404 404 '0
2434 353 2640 416 εὐτελὴς
2675 353 3060 428 μητροπολίτης
3089 354 3392 428 Ἡρακλείας
3452 361 3646 432 Πέτρος
3687 357 3877 430 ὁρίσας

519 448 869 522 subscripsi.

2276 443 2514 517 ὑπέγραψ
2524 464 2575 500 α.

589 539 730 594 Vilis
761 536 1139 609 metropolita
1183 539 1432 606 Ancyrae
1483 532 1822 606 Stephanus
1873 531 2167 588 definiens

2344 532 2402 585 Ὀ
2433 533 2636 596 εὐτελής
2665 534 3052 608 μητροπολίτης
3101 535 3355 609 ’Λγκύρας
3411 541 3655 608 Στέφανος
3691 539 3877 610 ὁρίσας

517 629 868 700 subscripsi.

2275 623 2574 696 ὑπέγραψα.

588 718 736 775 Vilis
760 715 1138 789 metropolita
1179 715 1372 787 Cyzici
1409 717 1669 770 Joannes
1699 713 1994 770 deﬁniens
2027 712 2165 768 sub-

2343 711 2401 764 Ὀ
2441 711 2642 773 εὐτελής
2667 712 3055 788 μητροπολίτης
3087 713 3318 774 Κυζίκου
3369 713 3613 775 Ἰωοίννης
3687 716 3875 789 ὁρίσας

520 808 748 881 scripsi.

2276 801 2577 875 ὑπέγραψα.

591 898 728 954 Vilis
759 895 1134 968 metropolita
1161 893 1520 952 Nicomediae
1539 893 2024 966 Theophylactus
2059 893 2165 950 de-

2345 890 2404 942 "0
2443 891 2638 952 εὐτελής
2691 891 3074 964 μήτροπολίτης
3112 889 3466 965 Νικομηδείας
3514 893 3875 966 Θεοφύλακτος

515 988 732 1044 ﬁniens
749 986 1050 1058 suscripsi.

2275 980 2458 1052 ὁρίσας
2483 979 2781 1054 ὑπέγραψα.

589 1077 955 1149 Metropolim
996 1076 1206 1132 Nicaeae
1239 1077 1373 1142 Leo,
1407 1089 1768 1146 quanquam
1815 1073 1954 1129 huic
2012 1089 2164 1145 quae-

2343 1068 2401 1120 '0
2458 1067 2844 1142 μητροπολίτης
2899 1073 3124 1130 Νικαίας
3187 1074 3349 1139 Λέων,
3405 1070 3450 1122 εἰ
3491 1075 3581 1122 καὶ
3623 1075 3694 1144 μή
3747 1092 3881 1146 παρ-

518 1167 695 1224 stioni
751 1165 1110 1223 ventilandsc
1152 1180 1272 1220 non
1305 1163 1564 1232 interfui,
1612 1163 1685 1219 de
1742 1179 1866 1234 qua
1907 1162 1969 1218 in
2017 1179 2147 1234 prae-

2275 1167 2402 1232 ἤμεν
2443 1157 2526 1212 ἐπὶ
2556 1167 2618 1231 τῇ
2663 1159 2882 1219 ζητήσει
2937 1167 3028 1220 τῆς
3089 1163 3360 1232 παρούσης
3417 1163 3728 1228 ὑποθέσεως,
3793 1164 3875 1236 ἐφ’

517 1254 670 1312 senti
691 1253 1124 1310 commentario
1138 1252 1350 1322 agitur,
1371 1250 1761 1306 nihilominus
1783 1251 2146 1306 consentiens

2275 1250 2305 1321 ᾖ
2339 1253 2428 1301 καὶ
2467 1252 2525 1300 τό
2565 1253 2725 1322 παρὸν
2769 1253 3045 1321 σημείωμα
3089 1253 3315 1321 γέγονεν,
3375 1249 3502 1302 ἀλλὰ
3555 1260 3777 1304 στοικῶν
3807 1261 3871 1328 τῇ

517 1343 799 1416 praesenti
826 1341 1044 1398 actioni
1071 1344 1126 1396 et
1153 1342 1282 1412 ipse
1315 1339 1664 1412 subscripsi.

2275 1341 2516 1412 παρούσῃ
2559 1339 2741 1412 πραξει
2781 1339 3062 1411 ὑπέγραψα
3097 1344 3186 1391 καὶ
3217 1339 3389 1402 αὐτός.

587 1431 725 1487 Vilis
784 1429 1164 1502 metropolita
1219 1427 1627 1494 Chalcedonis,
1689 1427 1796 1482 etsi
1859 1427 2164 1498 indignus,

2343 1427 2402 1480 '0
2451 1427 2652 1489 εὐτελής
2706 1427 3091 1502 μητροπολίτης
3128 1426 3485 1498 Χαλκηδόνος,
3541 1431 3584 1482 εἰ
3621 1436 3709 1484 καὶ
3756 1431 3879 1485 ἀνά-

519 1520 940 1577 Constantinus
991 1519 1370 1574 consentiens
1430 1520 1486 1572 et
1555 1516 1688 1588 ipse
1745 1515 1970 1588 pariter
2027 1516 2148 1574 sub

2275 1517 2402 1584 ξιος,
2483 1523 2867 1579 Κωνσταντῖνος
2945 1521 3244 1588 στοιχήσας
3307 1523 3394 1572 καὶ
3465 1519 3622 1582 αὐτὸς
3688 1520 3877 1594 ὁμοίως

519 1610 750 1681 scripsi.

2275 1606 2571 1680 ὒπὲγραψα.

587 1699 726 1754 Vilis
755 1697 1132 1769 metropolita
1158 1696 1308 1754 Sidae
1332 1697 1592 1752 Joannes
1623 1695 1751 1768 ipse
1780 1711 2025 1768 quoque
2069 1695 2168 1752 de-
2205 1709 2216 1762 |

2344 1696 2402 1748 Ὀ
2451 1695 2656 1758 εὐτελής
2685 1695 3071 1771 μητροπολίτης
3113 1693 3274 1759 Σίδης
3313 1697 3550 1759 Ἰωάννης
3587 1703 3673 1752 καὶ
3720 1699 3877 1762 αὐτὸς

517 1787 736 1845 ﬁniens
768 1787 1120 1860 subscripsi.

2276 1789 2456 1862 ὁρίσας
2493 1785 2793 1861 ὑπέγραψα.

588 1876 728 1932 Vilis
755 1876 1241 1948 archiepiscopus
1289 1875 1686 1947 metropoleos
1729 1875 2166 1932 Thessalonicae

2345 1877 2402 1928 '0
2431 1875 2637 1936 εὐτελής
2687 1873 3099 1949 ἀρχιεπίσκοπος
3163 1883 3258 1939 τῆς
3313 1877 3676 1952 μητροπόλεως
3745 1884 3881 1932 Θεσ-

520 1965 718 2034 Caius,
755 1965 834 2020 ita
869 1981 1104 2038 semper
1133 1980 1240 2037 per
1271 1964 1370 2020 Dei
1412 1965 1668 2034 gratiam
1719 1965 1880 2020 sensi
1932 1969 1990 2020 et
2035 1980 2149 2020 sen-

2279 1965 2554 2026 σαλονίκης
2600 1964 2785 2032 Κοίλος,
2813 1965 2947 2016 οὕτω
2979 1972 3112 2018 Θεοῦ
3160 1967 3384 2037 χάραιτι
3414 1973 3677 2040 φρονήσας
3706 1988 3758 2020 τε
3785 1974 3877 2022 καὶ

517 2055 621 2124 tio,
651 2054 830 2110 docui
859 2059 915 2112 et
944 2055 1172 2122 doceo;
1224 2057 1282 2110 et
1323 2055 1406 2109 sic
1463 2070 1653 2124 usque
1695 2053 1772 2109 ad
1830 2054 1962 2110 vitae
2017 2070 2146 2110 mea

2277 2063 2462 2130 φρονῶ,
2525 2051 2800 2106 διδάσκων
2841 2073 2894 2106 τε
2949 2060 3038 2106 καὶ
3083 2051 3325 2122 διδάξας,
3377 2061 3468 2108 καὶ
3515 2056 3648 2130 ἄχρι
3703 2057 3881 2118 τέλους

517 2143 877 2200 miserandas
917 2143 1240 2200 terminum
1268 2143 1485 2199 sentire
1512 2147 1572 2198 et
1599 2143 1814 2198 docere
1837 2141 2142 2215 spondens

2275 2151 2370 2206 τῆς
2400 2143 2618 2204 ἐλεεινῆς
2671 2162 2770 2213 μου
2821 2143 2959 2205 ζωῆς
3008 2151 3204 2218 φρονεῖν
3241 2164 3294 2197 τε
3345 2149 3431 2198 καὶ
3485 2142 3763 2198 διδάσκειν
3785 2167 3883 2198 κα-

515 2234 598 2288 uti
631 2233 693 2288 in
723 2232 1002 2305 praesenti
1035 2237 1197 2288 tomo
1239 2231 1598 2299 continetur,
1640 2236 1882 2286 secutus
1928 2235 2144 2287 caetero

2275 2236 2620 2305 τατιθέμενος,
2699 2235 2762 2292 ὡς
2831 2231 2880 2284 ἐν
2969 2241 3040 2304 τῷ
3079 2238 3298 2307 παρόντι
3345 2239 3489 2307 τὸμῳ
3549 2232 3882 2307 διείληπται,

515 2337 652 2378 rum
684 2320 1029 2392 exemplum
1050 2320 1180 2391 ipse
1205 2335 1448 2390 quoque
1493 2319 1786 2374 deﬁniens
1810 2319 2142 2390 subscripsi

2278 2321 2567 2382 ἀκολούθως
2615 2329 2726 2383 τοῖς
2769 2320 2941 2382 ἀλλοις
3006 2327 3096 2374 καὶ
3139 2322 3297 2384 αὐτὸς
3353 2323 3534 2396 ὁρίσας
3573 2325 3876 2398 ὑπέγραψα.

587 2410 728 2464 Vilis
759 2409 1141 2480 metropolita
1169 2407 1631 2479 Claudiopoleos
1673 2409 1988 2478 Gregorius
2020 2407 2165 2462 deﬁ-

2346 2412 2403 2463 Ὀ
2451 2411 2658 2472 εὐτελής
2722 2410 3110 2485 μητροπολίτης
3155 2408 3616 2474 Κλαυδιουπὸλεως
3672 2419 3876 2485 Γρηγὸ-

515 2499 688 2556 niens
721 2497 1069 2570 subscripsi.

2277 2520 2386 2574 ριος
2417 2502 2600 2574 ὁρίσας
2623 2501 2925 2574 ὑπέγραψα,

589 2587 840 2644 Humilis
903 2587 1224 2660 episcopus
1301 2585 1700 2641 sanctissimae
1760 2585 2164 2658 metropoleos

2347 2591 2404 2643 '0
2459 2594 2704 2652 ταπεινῆς
2753 2589 3037 2652 ἐπίσκοπος
3091 2599 3182 2650 τῆς
3249 2589 3542 2662 ἁγιωτάτης
3613 2599 3889 2666 μητροπό-

515 2679 916 2734 Neocaasareae
939 2675 1234 2732 deﬁniens
1268 2673 1618 2746 subscripsi.

2276 2681 2394 2740 λεως
2414 2685 2824 2756 Νεοκαισαρείας
2855 2680 3038 2754 ὁρίσας
3059 2680 3356 2754 ὑπέγραψα.

587 2764 726 2820 Vilis
809 2763 1192 2836 metropolita
1256 2762 1562 2820 Laodiceae
1623 2761 1796 2818 Calus
1869 2762 2166 2818 deﬁniens

2346 2769 2406 2822 Ὀ
2439 2770 2647 2832 εὐτελής
2683 2769 3068 2844 μητροπολίτης
3124 2765 3444 2832 Λαοδικείας
3495 2769 3656 2832 Κάλος
3691 2771 3887 2845 ὁρίσας

517 2853 870 2925 subscripsi.

2277 2859 2576 2934 ὑπέγραψα.

587 2942 734 2998 Vilis
775 2941 1263 3013 archiepiscopus
1293 2939 1695 3014 metropoleos
1727 2939 1992 2998 Corinthi
2021 2940 2166 2996 deﬁ-

2346 2948 2404 3000 Ὀ
2469 2949 2670 3010 εὐτελής
2741 2947 3158 3023 ἀρχιεπίσκοπός
3234 2969 3288 3010 τς
3349 2949 3713 3024 μητροπόλεως
3781 2957 3887 3003 Ko-

514 3033 687 3090 niens
715 3031 1064 3104 subscripsi.

2209 3057 2248 3114 ρ
2275 3039 2452 3112 ρίνθου
2495 3038 2675 3110 ὁρίσας
2705 3038 3007 3111 ὑπέγραψα.

589 3121 726 3178 Vilis
757 3121 1078 3194 episcopus
1125 3119 1532 3192 metropoleos
1582 3119 1952 3175 Athenarum
1994 3120 2169 3174 Geor-

2344 3125 2402 3178 Ὀ
2429 3125 2625 3188 εὐτελὴς
2663 3129 2941 3186 ἐπίσκοπος
2959 3135 3054 3189 τῆς
3090 3127 3430 3199 μητροπὸλως
3455 3130 3682 3186 Ἀθηνῶν
3712 3135 3887 3204 Γεωρ-

518 3212 649 3283 gius
671 3211 964 3266 deﬁniens
987 3209 1341 3282 subscripsi.

1314 3210 1341 3264 ἱ.
2274 3236 2389 3291 γιρς
2419 3218 2602 3290 ὁρίσας
2641 3217 2943 3291 ὑπέγραψα·

589 3299 727 3354 Vilis
749 3298 1128 3370 metropolita
1165 3297 1514 3354 Amastridis
1543 3299 1806 3354 Joannes
1866 3298 2164 3355 definiens

2344 3304 2402 3356 '0
2469 3304 2671 3366 εὐτελής
2745 3303 3125 3379 μητροπολίτης
3199 3301 3555 3380 Ἀμάστριδος
3639 3306 3891 3371 Ἰωάννης

518 3386 869 3458 subscripsi.

2277 3395 2462 3470 ὁρίσας
2488 3393 2788 3466 ὑπέγραψα.

588 3475 728 3530 Vilis
803 3475 1183 3546 metropolita
1245 3477 1618 3530 Mocesorum
1693 3475 1806 3528 Leo
1871 3475 2166 3532 deﬁniens

2345 3482 2403 3534 '0
2449 3481 2650 3544 εὐτελής
2710 3481 3093 3554 μητροπολίτης
3145 3489 3422 3540 Μωκησῶν
3479 3486 3620 3536 Λέων
3687 3485 3889 3556 ὁρίσα;

518 3564 866 3635 subscripsi.

2277 3571 2572 3646 ὑπέγραψα.

589 3652 728 3708 Vilis
769 3651 1149 3724 metropolita
1212 3655 1522 3706 Patrarum
1570 3651 2013 3719 Constantinus,
2060 3652 2168 3708 etsi

2345 3660 2404 3712 Ὀ
2462 3659 2665 3721 εὐτελής
2721 3658 3110 3731 μητροπολίτης
3185 3667 3399 3730 Πατρῶν
3469 3667 3885 3735 Κωνσταντῖνος¹

515 3743 697 3814 hujus
741 3742 1092 3816 quaestionis
1150 3741 1414 3796 examini
1470 3755 1859 3811 nequaquam
1885 3740 2142 3808 .interl‘ui

2278 3748 2321 3800 εἰ
2375 3751 2464 3798 καὶ
2505 3752 2575 3819 μή
2622 3754 2858 3818 παρῆμεν
2937 3746 3020 3798 ἐπὶ
3073 3755 3132 3820 τῇ
3184 3748 3406 3807 ζητήσει
3456 3757 3552 3809 τῆς
3600 3753 3887 3824 παρούσης

517 3837 718 3890 tamen
749 3831 1130 3889 consentiens
1163 3829 1444 3902 praesenti
1497 3827 1718 3884 actioni
1761 3835 1818 3884 et
1861 3830 1995 3902 ipse
2026 3831 2139 3886 sub

2276 3838 2592 3906 ὑποθέσεως,
2653 3834 2776 3893 ὰλλὴ
2849 3845 3078 3908 στοιχών
3147 3844 3210 3908 τῇ
3261 3835 3501 3910 παρούσῃ
3547 3837 3733 3910 πράξει
3784 3847 3885 3894 καὶ

515 3922 748 3994 scripsi.

2277 3929 2426 3986 αὐτὸς
2458 3924 2758 3999 ὑπέγραψα.

585 4011 723 4066 Vilis
755 4009 1135 4082 metropolita
1175 4005 1420 4061 Larissae
1466 4006 1751 4076 Georgius
1782 4013 1838 4062 et
1862 4009 1988 4078 ipse
2015 4007 2165 4064 deﬁ-

2343 4014 2400 4065 Ὀ
2459 4013 2659 4074 εὐτελής
2697 4013 3081 4084 μητροπολίτης
3137 4021 3410 4088 Λαρίσσης
3453 4021 3710 4089 Γεώργιος
3783 4025 3883 4074 καὶ

513 4099 683 4154 niens
711 4097 1058 4170 subscripsi.

2277 4103 2432 4163 αὐτὸς
2462 4104 2644 4178 ὁρίσας
2676 4102 2956 4176 ὑπέγραψα
2968 4146 2979 4158 .

587 4187 730 4242 Vilis
761 4187 1078 4258 episcopus
1107 4185 1534 4258 NiCOpolitanae
1569 4189 1792 4240 sancta:
1834 4185 1934 4240 Dei
1977 4185 2166 4241 Eccle-

2343 4191 2400 4243 Ὀ
2441 4191 2646 4254 εὐτελής
2695 4189 2974 4252 ἐπίσκοπος
3015 4199 3106 4252 τῆς
3137 4190 3184 4243 ἐν
3227 4193 3506 4245 Νικοπολει
3565 4197 3721 4265 αγίας
3777 4205 3881 4248 τοῦ

515 4277 616 4333 siae
641 4276 896 4332 Basilius
918 4281 974 4332 et
999 4277 1124 4346 ipse
1156 4275 1510 4346 subscripsi.

2275 4287 2406 4333 Θεοῦ
2439 4279 2718 4342 ἐκκλησίας
2746 4279 3010 4342 Βασίλειος
3038 4284 3124 4332 καὶ
3144 4285 3301 4343 αὐτὸς
3322 4282 3618 4355 ὑπέγραψα.

583 4365 935 4458 Theodorus
957 4365 1090 4458 vilis
1141 4364 1518 4436 metropolita
1569 4364 1978 4436 Philipporum
2021 4365 2163 4420 deﬁ-
2197 4405 2212 4458 Ι

2345 4365 2614 4442 Θεόδωρος
2645 4371 2669 4420 ὁ
2697 4369 2897 4430 εὖτελης
2934 4370 3321 4444 μητροπολίτης
3363 4370 3633 4424 Φιλίππων
3686 4373 3883 4446 ὁρίσας

511 4457 683 4512 niens
708 4454 1056 4526 subscripsi.

922 4454 1056 4526 ipsi.
2197 4454 2228 4458 —
2273 4457 2551 4530 ὑπέγραψα

583 4544 867 4613 Georgius
921 4543 1052 4598 vilis
1096 4540 1475 4614 metropolita
1515 4542 1812 4613 prameaa
1865 4541 2162 4600 deﬁniens

2341 4553 2596 4621 Γεωργιος
2643 4547 2669 4598 ὁ
2718 4547 2919 4607 εὐτελής
2943 4548 3330 4622 μητροπολίτης
3361 4549 3641 4622 Ἀπαμείας
3689 4551 3881 4623 ὁρίσας

513 4631 869 4704 subscripsi.

2269 4636 2567 4710 ὑπέγραψα.

580 4720 716 4776 Vilis
773 4719 1156 4791 metropolita
1199 4719 1470 4792 Corcyrae
1545 4718 1970 4774 Constantinus
2019 4721 2160 4776 deli-

2337 4725 2394 4778 Ὀ
2417 4725 2620 4786 εὐτελής
2675 4725 3058 4798 μητρόπολίς-ης
3127 4730 3386 4802 Κερκύρας
3420 4735 3745 4797 Κωνσταντί,
3780 4750 3873 4794 νος

509 4810 682 4867 m'ens
707 4810 1058 4882 subscripsi.

2267 4815 2451 4887 ὁρίσας
2476 4815 2777 4889 ὑπέγραψα.

579 4900 718 4954 Vilis
758 4897 1142 4970 metropolita
1193 4897 1552 4969 Methymnae
1610 4897 1854 4954 Michael
1909 4913 2159 4956 consen-

2333 4903 2391 4955 Ὁ
2476 4904 2676 4966 εύτελής
2769 4903 3156 4980 μητροπολίτης
3249 4907 3539 4979 Μηθύμνης
3634 4909 3875 4978 Μιχαὴλ

507 4987 659 5044 tiens
679 4987 1091 5058 deﬁniensque
1131 4985 1477 5058 subscripsi.

2267 4998 2562 5064 στοιχήσας
2593 4999 2681 5046 καὶ
2710 4995 2892 5068 ὁρίσας
2923 4993 3221 5069 ὑπέγραψα.

577 5079 841 5132 Joannes
863 5075 996 5131 vilis
1017 5075 1399 5147 metropolita
1439 5075 1790 5131 Paronaxiaa
1821 5081 1878 5131 et
1905 5076 2032 5148 ipse
2058 5076 2156 5132 de-

2339 5081 2571 5142 Ἰωάννης
2609 5083 2635 5133 ὁ
2693 5082 2895 5145 εὐτελής
2945 5083 3336 5155 μητροπαλίτης
3396 5083 3725 5156 Παροναξίας
3777 5093 3872 5140 καὶ

507 5165 722 5220 ﬁniens
744 5164 1095 5236 subscripsi.

2264 5170 2420 5232 αὐτὸς
2449 5171 2636 5244 ὁρίσας
2668 5171 2967 5244 ὑπέγραψα.

579 5254 854 5310 Nicolaus
883 5254 1014 5310 vilis
1033 5254 1412 5327 metropolita
1434 5253 1662 5308 Attalite
1686 5253 1980 5309 definiens
2010 5255 2152 5311 sub-

2331 5259 2854 5322 Νικόλαοςὸεὑτελής
2905 5260 3293 5336 μητροπολίτης
3337 5261 3634 5325 Ἀτταλείας
3675 5263 3872 5336 ὁρίσας

509 5343 745 5414 scripsi.

2260 5349 2559 5422 ὔπέγραψα.

577 5431 716 5488 Vilis
777 5433 1148 5505 metropolita
1211 5431 1677 5503 Acardiopoleos
1727 5433 2151 5492 Constantinus

2333 5437 2390 5488 ’0
2433 5437 2636 5500 εὐτελής
2686 5435 3168 5514 Ἀρκαδιονπόλεως
3235 5435 3618 5502 Κωνσταντῖνος
3665 5439 3862 5514 ὁρίσας

507 5519 798 5578 deﬁniens
831 5521 1185 5595 subscripsi.

928 5523 1185 5595 iscripsi.
2261 5524 2557 5600 ὑπέγραψα.
