4126 6272
239 227 310 295 ΞΜ
1535 233 1890 306 THESAURI
1929 235 2063 302 LIB.
2101 228 2258 300 XXV.
3450 241 3560 308 202

288 328 487 434 Μιχαὴλ
535 359 564 414 ὃ
621 355 830 425 εὐτελὴς
877 355 1154 426 ἐπίσκοπος
1203 366 1418 439 Λήμνου
1477 367 1666 444 ὁρίσας
1703 369 1800 426 ὑπ·
1825 389 1874 445 Α

288 451 416 523 δίψα.
1908 476 1917 516 ε

1977 367 2223 470 ltichael
2262 364 2396 426 vilis
2448 354 2765 442 episcopus
2807 362 3014 430 Lemni
3064 365 3362 430 deﬁniens
3417 372 3559 432 sub-

1930 475 2138 523 mnpm.

238 471 416 526 ιγριψα-

1908 475 2137 533 scrip31.

286 541 333 595 '0
362 541 568 604 εὐτελής
622 539 1044 618 ἀρχιεπίσκοπος
1095 553 1188 611 τῆς
1236 546 1511 623 ’Ἡρακλέος
1553 549 1798 616 ’Δκάκως

1978 548 2126 605 Vilis
2159 546 2646 622 archiepiscopus
2693 546 2988 608 Heracleae
3042 549 3293 610 Acacius
3343 567 3557 614 mona-

232 636 428 706 μοναχὸς
456 633 645 707 ὁρίσας
679 633 986 708 ὑπέγραψα.

1907 636 2058 696 chus
2086 637 2378 696 deﬁniens
2409 636 2759 712 subscripsi.

284 720 331 775 '0
357 721 557 784 εὐτελὴς
578 721 1006 798 ἀρχιεπίσκοπος
1031 725 1298 802 ’Υρκανίας
1323 731 1587 794 Διονύσιος
1616 732 1800 806 ὁρίσας

1977 727 2117 784 Vilis
2172 726 2659 801 archiepiscopus
2703 727 3016 800 Hyrcania:
3064 727 3389 803 Dyonisius
3415 731 3559 790 deﬁ-

231 811 497 888 ὑπόκραψα.
1907 815 2079 874 niens
2111 815 2459 889 subscripsi.

286 899 583 976 ’Δρχιιρέων
625 907 828 967 νείατος
860 903 957 959 εἰνὶ
1003 905 1112 980 [ita
1163 905 1320 981 cod.]
1353 904 1491 983 λόγῳ
1543 906 1642 971 ἠδὲ
1670 917 1794 985 τιμῇ

1978 906 2317 964 Antistitum
2363 904 2608 962 ultimus
2639 909 2697 964 et
2735 920 3011 964 sermone
3042 911 3102 964 et
3122 905 3371 978 honore,
3392 910 3562 982 igno-

237 997 426 1063 σκεπτὴρ
457 994 706 1066 νωνύμων
747 992 1083 1049 Δαλισανδῶν
1127 1000 1512 1062 Κωνσταντίνος
1557 999 1795 1075 ἰσοϐριθῆ

1931 991 2122 1053 )ilium
2206 993 2671 1053 Dalisandorum
2745 991 3076 1064 excubitor,
3135 998 3351 1055 mentis
3408 1013 3560 1056 meas

237 1097 309 1151 μοι
326 1083 378 1132 τὰ
400 1082 537 1154 ζυγὰ
564 1089 662 1136 τοῦ
695 1091 787 1137 νοῦ
809 1085 946 1158 φέρω
964 1088 1036 1156 τῷ
1059 1081 1288 1160 δεσπότῃ
1311 1107 1412 1161 μου
1434 1094 1795 1165 Σκουταριὼτῃ

1932 1099 2144 1142 ancem
2209 1099 2351 1157 gero
2416 1100 2627 1159 parem
2691 1084 2942 1144 domino
3006 1101 3144 1144 meo
3212 1086 3561 1145 Scutariote

235 1165 378 1230 Σίδης.

1911 1171 2165 1232 Sidensi.

286 1255 332 1312 '0
372 1256 578 1324 εὐτελὴς
630 1257 926 1326 iniquom;
989 1266 1239 1342 Πατάρων
1306 1271 1561 1342 Γεὼργιυς
1617 1266 1800 1344 ὁρίσας

1980 1265 2118 1322 Vilis
2159 1263 2451 1339 epicopus
2506 1266 2858 1324 Patarorum
2923 1265 3213 1339 Georgius
3261 1263 3564 1326 deﬁniens

224 1345 506 1422 ὑπέγραψα-ο
895 1413 904 1421 .

895 1413 904 1421 _
1912 1353 2263 1428 subscripsi.

226 1527 2794 1557 W

1135 1731 1399 1874 EX
1511 1695 2108 1878 ιωΒο
2221 1733 2650 1876 xxv

1073 2039 1445 2105 LECTORI
1486 2041 1923 2107 BENIVOLO
1963 2040 2370 2107 ANGELUS
2410 2037 2710 2109 MAIUS.

1540 2231 1777 2306 (Script.
1807 2233 1926 2288 vet.
1955 2233 2099 2290 tom.
2133 2230 2247 2304 IV.)

296 2585 336 2637 Ι.
370 2583 662 2642 lneditam
695 2586 928 2642 Graecae
963 2583 1234 2642 Ecclesiae
1256 2585 1580 2660 synodum,
1604 2586 1905 2659 dogmatis
1927 2585 2220 2657 gravitate
2250 2578 2674 2652 venerabilem,
2695 2582 3176 2658 patriarcharum
3198 2589 3256 2644 et
3285 2589 3588 2660 metropo-

238 2665 529 2729 litanorum
564 2691 830 2731 numero
864 2674 1188 2745 insignem,
1221 2675 1502 2733 Manuclis
1557 2676 1970 2747 gloriosissimi
1995 2677 2240 2733 Caesaris
2299 2676 2614 2748 praesentia
2645 2680 2701 2732 et.
2735 2676 2969 2732 actibus
3001 2677 3480 2747 cohonestatam,
3513 2692 3588 2734 ex

239 2761 588 2834 autographo
617 2768 849 2830 vetere,
874 2764 937 2818 in
966 2763 1232 2836 ipsisque
1284 2765 1502 2837 synodi
1544 2764 1952 2838 penetralibus
2004 2765 2274 2821 confecto
2319 2765 2546 2830 codice,
2577 2768 2695 2820 Deo
2735 2764 2990 2832 favente,
3024 2765 3369 2834 vulgamus.
3410 2769 3514 2822 Est
3538 2766 3589 2822 is

240 2848 411 2905 codex
457 2853 693 2907 Graecus
750 2853 1076 2908 Vaticanus
1103 2857 1261 2916 1176,
1296 2853 1746 2917 membraneus,
1777 2854 1915 2919 ἰπὶ-4,
1938 2853 2142 2910 litteris
2177 2854 2360 2927 paulo
2401 2853 2825 2924 grandioribus
2880 2870 3244 2926 summaque
3274 2854 3591 2910 sedulitate

241 2938 697 3012 ctcalligrapbia
717 2941 1015 3013 scriptus;
1047 2957 1229 3014 quem
1259 2943 1505 3015 quidem
1533 2943 1677 2998 olim
1699 2943 1846 2998 vidit
1878 2945 1990 2998 Leo
2019 2942 2377 3014 Allatius(l),
2414 2943 2520 2998 sed
2551 2941 2799 2998 ubinam
2826 2943 2874 2997 is
2893 2942 3170 3002 latitaret.
3198 2957 3592 3014 nequaquam

239 3026 528 3095 indicavit,
552 3045 714 3085 nunc
768 3037 976 3085 autem
1006 3031 1066 3086 in
1097 3031 1392 3087 Vaticanus
1439 3031 1817 3088 bibliothecae
1864 3031 2079 3104 pluteis
2121 3032 2411 3104 quaerenti
2451 3031 2599 3087 mihi
2646 3030 2818 3086 facile
2848 3030 3094 3086 occurit.
3147 3029 3427 3085 Codicem
3459 3045 3594 3085 esse

238 3118 692 3190 autographum,
723 3117 947 3175 docent
973 3120 1118 3190 ipsae
1149 3119 1494 3192 episcorum
1522 3126 1844 3194 postremae
1880 3120 2377 3192 subscriptiones,
2409 3119 2750 3175 charactere
2777 3119 3021 3191 proprio
3051 3116 3426 3187 singulorum
3448 3118 3594 3173 satis

235 3207 381 3260 vario
406 3211 464 3262 et
494 3205 724 3262 difﬁcili
745 3215 1028 3264 exaratae.
1047 3211 1293 3280 Insuper
1322 3209 1480 3265 hanc
1511 3209 1786 3282 synodici
1815 3207 2036 3264 codicis
2067 3207 2337 3260 αὖθεντίαν
2364 3205 3081 3263 demonstrantManuelis
3112 3206 3324 3284 imper.
3340 3205 3596 3278 ejusque

235 3295 502 3365 conjugis
530 3295 748 3360 Mariae,
769 3296 830 3351 in
858 3295 1052 3352 fronte
1083 3297 1305 3353 codicis
1357 3314 1506 3355 auro
1538 3304 1595 3354 et
1634 3297 1814 3354 variis
1864 3296 2167 3353 coloribus
2214 3296 2386 3369 pictae
2441 3295 2762 3366 imagines,
2799 3311 2935 3368 quae
2970 3286 3217 3351 nonnisi
3265 3294 3596 3351 viventium

233 3383 568 3457 principum
623 3383 750 3440 fieri
799 3390 1170 3456 potuerunt:
1203 3391 1444 3443 mortuo
1501 3387 1726 3460 quippe
1775 3385 2064 3450 Manuele,
2089 3401 2292 3442 rerum
2341 3385 2541 3442 statim
2592 3383 2975 3458 publicarum
3009 3400 3252 3440 summa
3283 3384 3598 3440 conversio

233 3469 378 3528 {acta
409 3479 520 3541 est,
554 3479 818 3545 tyranno
871 3473 1082 3530 oborto
1125 3475 1490 3546 Andronico,
1521 3477 1624 3549 qui
1671 3476 1913 3532 Mariam
1961 3478 2296 3545 Augustam
2325 3473 2481 3530 illico
2534 3473 2774 3543 occidit,
2794 3473 3096 3546 pauloque
3136 3477 3272 3546 post
3321 3472 3598 3529 Alexium

232 3574 500 3630 puerum,
529 3562 820 3619 Manuelis
841 3561 1164 3634 heredem,
1190 3565 1318 3636 pari
1349 3563 1567 3620 scelere
1588 3565 1887 3620 exstinxit.
1923 3564 2142 3620 Eadem
2174 3563 2443 3634 synodus
2471 3567 2669 3619 exstat
2689 3562 2867 3618 etiam
2890 3563 2950 3618 in
2980 3561 3412 3618 recentioribus
3440 3560 3598 3618 Vati-

235 3664 387 3707 cana:
426 3650 814 3708 bibliothecae
861 3650 1197 3716 codicibus,
1227 3668 1446 3725 nempe
1484 3655 1611 3708 Vat.
1645 3658 1770 3716 680.
1802 3657 1942 3723 Reg.
1968 3658 2056 3720 67,
2087 3653 2420 3725 Separatim
2464 3669 2607 3708 vero
2648 3652 3062 3723 dogmaticum
3107 3649 3392 3707 Manuelis
3436 3650 3590 3722 imp.

236 3738 480 3797 edictum
521 3741 811 3797 scribitur
851 3741 913 3796 in
947 3741 1143 3798 Ottob.
1179 3745 1302 3797 309.
1334 3744 1464 3797 Jam
1497 3742 1714 3814 synodi
1743 3742 1924 3814 hujus
1953 3741 2297 3797 historicam
2339 3741 2613 3798 notitiam
2636 3741 2797 3814 apud
2829 3739 3305 3810 Cinnamum(2),
3335 3754 3446 3794 nec
3474 3753 3602 3794 non

236 3829 382 3898 apud
413 3832 778 3888 Choniatam
801 3834 1102 3901 t3),atque
1133 3830 1535 3902 Ephrremium
1553 3833 1622 3902 (4)
1637 3831 1833 3901 legere
1860 3831 2022 3887 licet:
2041 3837 2254 3888 cmtera
2282 3847 2425 3888 vero
2455 3848 2594 3887 cum
2625 3847 2692 3887 ex
2718 3831 2850 3903 ipsa
2876 3829 3128 3885 lectione
3155 3827 3391 3900 synodi,
3411 3842 3601 3900 quam

238 3930 333 3987 ego
359 3921 629 3979 Latinam
668 3919 812 3983 feci,
838 3933 1136 3991 perquam
1165 3919 1362 3976 lucide
1392 3925 1743 3992 appareant,
1775 3920 1942 3977 nolui
1965 3920 2079 3977 hac
2109 3936 2290 3994 super
2314 3937 2377 3976 re
2397 3920 2715 3976 verbosius
2736 3917 2994 3991 praefari.

283 4050 328 4104 Η
342 4060 360 4117 )
393 4050 482 4106 De
511 4061 802 4106 comem.
828 4042 938 4099 lib.
962 4056 1025 4112 ii,
1054 4044 1138 4098 l2.

992 4057 1025 4112 l,
1054 4044 1138 4098 l2.
2139 4046 2217 4116 ('2)
2256 4045 2418 4117 Hist.
2448 4059 2545 4112 vit,

271 4115 348 4190 (3}
386 4124 549 4178 Hist.
583 4136 669 4189 vi,
703 4122 762 4173 2.

2133 4119 2214 4186 (4)
2265 4116 2378 4171 Vit.
2413 4117 2638 4171 Caesar.
2658 4129 2713 4170 v.
2739 4115 2878 4170 4746
2901 4127 3035 4188 sqq.

1665 4381 2181 4476 ΣΥΝΘΔΟΣ

1009 4590 1159 4641 ΠΕΡΙ
1196 4593 1326 4641 ΤΟΥ
1364 4592 1599 4656 ΡΗΤΟΥ,
1641 4592 1775 4661 ΟΤΙ,
1817 4593 1859 4642 Ο
1898 4592 2120 4642 ΠΑΤΙΙΡ
2157 4590 2412 4643 ΜΕΙΖΩΝ
2451 4591 2594 4640 ΜοΥ
2631 4589 2846 4641 ΕΣΤΙΝ.

1651 4847 2210 4944 SYNODUS

344 5032 674 5097 HABITA
723 5022 1143 5091 PROPTER
1185 5023 1443 5088 ILLUD
1489 5024 1845 5100 DICTUM,
1894 5023 2126 5102 QUIA,
2172 5015 2466 5087 PATER
2507 5013 2754 5086 MEUS
2797 5012 3074 5086 ΜΛ]οΒ
3115 5020 3246 5086 ΜΕ
3285 5013 3482 5085 EST.

308 5291 539 5360 Ἐιθεσις
596 5304 706 5350 τῶν
791 5291 1142 5368 πραχθέντων
1202 5289 1284 5344 ἐπὶ
1345 5298 1408 5365 τῇ
1474 5291 1696 5353 ζητήσει
1759 5300 1850 5353 τῆς
1884 5298 1924 5353 Β

2033 5291 2335 5365 Expositio
2375 5306 2584 5348 eorum
2627 5305 2765 5365 quae
2804 5293 2973 5361 gesta
2999 5294 3141 5347 sunt
3163 5289 3244 5348 ob
3275 5291 3619 5346 controver-

259 5377 524 5452 ἐξηγήσεως
585 5407 683 5440 του
747 5383 801 5436 ἐν
845 5389 921 5452 τῷ
981 5378 1114 5451 ἁγίῳ
1170 5380 1460 5453 Εὑαγγελίῳ
1515 5379 1854 5458 ἔμφερομένου

1992 5381 2122 5438 .iam
2148 5380 2635 5454 interpretatione
2661 5380 2992 5450 sententiae,
3014 5395 3153 5452 quas
3194 5379 3256 5435 in
3302 5373 3621 5446 Evangelia

260 5467 404 5541 furori
430 5484 516 5529 τοῦ
567 5475 830 5534 ἀληθινοῦ
858 5475 1000 5525 Θεοῦ
1042 5474 1133 5523 καὶ
1180 5469 1412 5544 Σωτῆρος
1467 5473 1612 5545 ἡμῶν
1681 5471 1856 5532 Ἰησοῦ

1994 5471 2200 5531 >rolata
2226 5471 2442 5544 legitur
2463 5485 2499 5528 a
2526 5485 2670 5528 vero
2703 5470 2822 5527 Deo
2845 5472 2902 5526 et
2923 5469 3235 5526 Servatore
3255 5469 3464 5524 nostro
3485 5464 3623 5517 Jesu

597 5602 864 5659 Panos.
908 5596 1014 5653 Gn.
1047 5593 1195 5655 CXL.
3090 5595 3125 5648 7
