  <div class='ocr_page' id='page_1' title='image "/cluster/home/n/w/nwhite01/storage/ocr_20150623/140/mdp.39015022213980/109.png"; bbox 0 0 4126 6272; ppageno 0'>
   <div class='ocr_carea' id='block_1_1' title="bbox 546 322 650 382">
    <p class='ocr_par' dir='ltr' id='par_1_1' title="bbox 546 322 650 382">
     <span class='ocr_line' id='line_1_1' title="bbox 546 322 650 382; baseline 0.01 -1"><span class='ocrx_word' id='word_1_1' title='bbox 546 322 650 382; x_wconf 78' lang='lat'><strong>203</strong></span> 
     </span>
    </p>
   </div>
   <div class='ocr_carea' id='block_1_2' title="bbox 1890 312 2566 385">
    <p class='ocr_par' dir='ltr' id='par_1_2' title="bbox 1890 312 2566 385">
     <span class='ocr_line' id='line_1_2' title="bbox 1890 312 2566 385; baseline 0.001 -3"><span class='ocrx_word' id='word_1_2' title='bbox 1890 326 2160 384; x_wconf 69' lang='lat' dir='ltr'><strong>meum</strong></span> <span class='ocrx_word' id='word_1_3' title='bbox 2202 312 2566 385; x_wconf 54' lang='lat' dir='ltr'><strong>canamus</strong></span> 
     </span>
    </p>
   </div>
   <div class='ocr_carea' id='block_1_3' title="bbox 3807 328 3919 383">
    <p class='ocr_par' dir='ltr' id='par_1_3' title="bbox 3807 328 3919 383">
     <span class='ocr_line' id='line_1_3' title="bbox 3807 328 3919 383; baseline 0.018 -2"><span class='ocrx_word' id='word_1_4' title='bbox 3807 328 3919 383; x_wconf 75' lang='grc'><strong>204</strong></span> 
     </span>
    </p>
   </div>
   <div class='ocr_carea' id='block_1_4' title="bbox 545 447 2180 526">
    <p class='ocr_par' dir='ltr' id='par_1_4' title="bbox 545 447 2180 520">
     <span class='ocr_line' id='line_1_4' title="bbox 545 447 2180 520; baseline 0.001 -15"><span class='ocrx_word' id='word_1_5' title='bbox 545 447 796 518; x_wconf 83' lang='lat' dir='ltr'><strong>Christo,</strong></span> <span class='ocrx_word' id='word_1_6' title='bbox 821 447 1096 506; x_wconf 86' lang='lat' dir='ltr'><strong>videlicet</strong></span> <span class='ocrx_word' id='word_1_7' title='bbox 1108 453 1286 507; x_wconf 84' lang='lat' dir='ltr'><strong>Pater</strong></span> <span class='ocrx_word' id='word_1_8' title='bbox 1309 465 1468 506; x_wconf 81' lang='lat' dir='ltr'><strong>meus</strong></span> <span class='ocrx_word' id='word_1_9' title='bbox 1497 452 1696 520; x_wconf 81' lang='lat' dir='ltr'><strong>major</strong></span> <span class='ocrx_word' id='word_1_10' title='bbox 1722 466 1814 507; x_wconf 87' lang='lat' dir='ltr'><strong>me</strong></span> <span class='ocrx_word' id='word_1_11' title='bbox 1846 456 1929 507; x_wconf 85' lang='lat' dir='ltr'><strong>est</strong></span> <span class='ocrx_word' id='word_1_12' title='bbox 1956 452 1996 504; x_wconf 90' lang='grc'><strong>¹.</strong></span> <span class='ocrx_word' id='word_1_13' title='bbox 2026 452 2180 507; x_wconf 81' lang='lat' dir='ltr'><strong>Reci-</strong></span> 
     </span>
    </p>
   </div>
   <div class='ocr_carea' id='block_1_5' title="bbox 2290 447 3911 526">
    <p class='ocr_par' dir='ltr' id='par_1_5' title="bbox 2296 449 3911 526">
     <span class='ocr_line' id='line_1_5' title="bbox 2296 449 3911 526; baseline 0.002 -23"><span class='ocrx_word' id='word_1_14' title='bbox 2296 460 2501 526; x_wconf 76' lang='grc' dir='ltr'>Χριστο</span> <span class='ocrx_word' id='word_1_15' title='bbox 2555 459 2585 502; x_wconf 84' lang='grc' dir='ltr'>ῦ</span> <span class='ocrx_word' id='word_1_16' title='bbox 2642 458 2781 517; x_wconf 77' lang='grc' dir='ltr'>τοῦ,</span> <span class='ocrx_word' id='word_1_17' title='bbox 2829 449 2889 503; x_wconf 80' lang='grc' dir='ltr'><strong>Ὀ</strong></span> <span class='ocrx_word' id='word_1_18' title='bbox 2939 456 3119 525; x_wconf 74' lang='grc' dir='ltr'>Πατήρ</span> <span class='ocrx_word' id='word_1_19' title='bbox 3178 471 3276 523; x_wconf 83' lang='grc' dir='ltr'>μου</span> <span class='ocrx_word' id='word_1_20' title='bbox 3352 452 3541 524; x_wconf 77' lang='grc' dir='ltr'>μείζων</span> <span class='ocrx_word' id='word_1_21' title='bbox 3617 455 3717 524; x_wconf 81' lang='grc' dir='ltr'>μού</span> <span class='ocrx_word' id='word_1_22' title='bbox 3774 452 3911 514; x_wconf 79' lang='grc' dir='ltr'>ἐστι,</span> 
     </span>
    </p>
   </div>
   <div class='ocr_carea' id='block_1_6' title="bbox 540 539 2188 614">
    <p class='ocr_par' dir='ltr' id='par_1_6' title="bbox 540 539 2188 614">
     <span class='ocr_line' id='line_1_6' title="bbox 540 539 2188 614; baseline 0.001 -19"><span class='ocrx_word' id='word_1_23' title='bbox 540 542 701 595; x_wconf 85' lang='lat' dir='ltr'><strong>tatur</strong></span> <span class='ocrx_word' id='word_1_24' title='bbox 729 543 930 595; x_wconf 92' lang='lat' dir='ltr'><strong>autem</strong></span> <span class='ocrx_word' id='word_1_25' title='bbox 951 540 1249 612; x_wconf 88' lang='lat' dir='ltr'><strong>quidquid</strong></span> <span class='ocrx_word' id='word_1_26' title='bbox 1279 544 1457 596; x_wconf 84' lang='lat' dir='ltr'><strong>antea</strong></span> <span class='ocrx_word' id='word_1_27' title='bbox 1485 539 1715 595; x_wconf 89' lang='lat' dir='ltr'><strong>dictum</strong></span> <span class='ocrx_word' id='word_1_28' title='bbox 1746 540 1855 597; x_wconf 90' lang='lat' dir='ltr'><strong>fuit</strong></span> <span class='ocrx_word' id='word_1_29' title='bbox 1883 541 1960 597; x_wconf 90' lang='lat' dir='ltr'><strong>ab</strong></span> <span class='ocrx_word' id='word_1_30' title='bbox 1984 542 2054 597; x_wconf 91' lang='lat' dir='ltr'><strong>iis</strong></span> <span class='ocrx_word' id='word_1_31' title='bbox 2083 540 2188 614; x_wconf 90' lang='lat' dir='ltr'><strong>qui</strong></span> 
     </span>
    </p>
   </div>
   <div class='ocr_carea' id='block_1_7' title="bbox 539 624 2188 702">
    <p class='ocr_par' dir='ltr' id='par_1_7' title="bbox 539 624 2188 702">
     <span class='ocr_line' id='line_1_7' title="bbox 539 624 2188 702; baseline 0.001 -19"><span class='ocrx_word' id='word_1_32' title='bbox 539 624 705 684; x_wconf 82' lang='lat' dir='ltr'><strong>varie</strong></span> <span class='ocrx_word' id='word_1_33' title='bbox 725 628 1080 683; x_wconf 89' lang='lat' dir='ltr'><strong>sententiam</strong></span> <span class='ocrx_word' id='word_1_34' title='bbox 1108 628 1273 684; x_wconf 86' lang='lat' dir='ltr'>illam</span> <span class='ocrx_word' id='word_1_35' title='bbox 1313 628 1679 701; x_wconf 82' lang='lat' dir='ltr'><strong>interpretati</strong></span> <span class='ocrx_word' id='word_1_36' title='bbox 1702 634 1842 684; x_wconf 84' lang='lat' dir='ltr'><strong>sunt</strong></span> <span class='ocrx_word' id='word_1_37' title='bbox 1871 647 1883 685; x_wconf 90' lang='lat'><strong>:</strong></span> <span class='ocrx_word' id='word_1_38' title='bbox 1919 635 2096 702; x_wconf 86' lang='lat' dir='ltr'><strong>atque</strong></span> <span class='ocrx_word' id='word_1_39' title='bbox 2128 630 2188 685; x_wconf 93' lang='lat' dir='ltr'><strong>in</strong></span> 
     </span>
    </p>
   </div>
   <div class='ocr_carea' id='block_1_8' title="bbox 540 712 2189 773">
    <p class='ocr_par' dir='ltr' id='par_1_8' title="bbox 540 712 2189 773">
     <span class='ocr_line' id='line_1_8' title="bbox 540 712 2189 773; baseline 0.002 -4"><span class='ocrx_word' id='word_1_40' title='bbox 540 712 811 770; x_wconf 89' lang='lat' dir='ltr'><strong>medium</strong></span> <span class='ocrx_word' id='word_1_41' title='bbox 840 714 1172 771; x_wconf 73' lang='lat' dir='ltr'><strong>afferuntur</strong></span> <span class='ocrx_word' id='word_1_42' title='bbox 1196 722 1546 773; x_wconf 91' lang='lat' dir='ltr'><strong>sanctorum</strong></span> <span class='ocrx_word' id='word_1_43' title='bbox 1598 719 1838 772; x_wconf 83' lang='lat' dir='ltr'><strong>Patrum</strong></span> <span class='ocrx_word' id='word_1_44' title='bbox 1871 718 2189 773; x_wconf 85' lang='lat' dir='ltr'><strong>auctorita-</strong></span> 
     </span>
    </p>
   </div>
   <div class='ocr_carea' id='block_1_9' title="bbox 539 800 2190 875">
    <p class='ocr_par' dir='ltr' id='par_1_9' title="bbox 539 800 2190 875">
     <span class='ocr_line' id='line_1_9' title="bbox 539 800 2190 875; baseline 0.002 -19"><span class='ocrx_word' id='word_1_45' title='bbox 539 803 665 857; x_wconf 85' lang='lat' dir='ltr'><strong>tes:</strong></span> <span class='ocrx_word' id='word_1_46' title='bbox 696 805 825 859; x_wconf 91' lang='lat' dir='ltr'><strong>tum</strong></span> <span class='ocrx_word' id='word_1_47' title='bbox 856 818 929 859; x_wconf 91' lang='lat' dir='ltr'><strong>ea</strong></span> <span class='ocrx_word' id='word_1_48' title='bbox 947 819 1083 875; x_wconf 72' lang='lat' dir='ltr'><strong>quae</strong></span> <span class='ocrx_word' id='word_1_49' title='bbox 1108 800 1327 861; x_wconf 88' lang='lat' dir='ltr'><strong>deinde</strong></span> <span class='ocrx_word' id='word_1_50' title='bbox 1356 804 1594 860; x_wconf 89' lang='lat' dir='ltr'><strong>decreta</strong></span> <span class='ocrx_word' id='word_1_51' title='bbox 1622 804 1900 873; x_wconf 87' lang='lat' dir='ltr'><strong>fuerunt;</strong></span> <span class='ocrx_word' id='word_1_52' title='bbox 1930 822 2040 861; x_wconf 88' lang='lat' dir='ltr'><strong>nec</strong></span> <span class='ocrx_word' id='word_1_53' title='bbox 2065 821 2190 859; x_wconf 93' lang='lat' dir='ltr'><strong>non</strong></span> 
     </span>
    </p>
   </div>
   <div class='ocr_carea' id='block_1_10' title="bbox 536 889 2193 966">
    <p class='ocr_par' dir='ltr' id='par_1_10' title="bbox 536 889 2193 966">
     <span class='ocr_line' id='line_1_10' title="bbox 536 889 2193 966; baseline 0.001 -21"><span class='ocrx_word' id='word_1_54' title='bbox 536 889 640 947; x_wconf 89' lang='lat' dir='ltr'><strong>illa</strong></span> <span class='ocrx_word' id='word_1_55' title='bbox 666 908 801 964; x_wconf 65' lang='lat' dir='ltr'><strong>quae</strong></span> <span class='ocrx_word' id='word_1_56' title='bbox 814 898 1167 964; x_wconf 89' lang='lat' dir='ltr'><strong>postveram</strong></span> <span class='ocrx_word' id='word_1_57' title='bbox 1188 894 1737 966; x_wconf 81' lang='lat' dir='ltr'><strong>interpretationem</strong></span> <span class='ocrx_word' id='word_1_58' title='bbox 1765 894 2002 949; x_wconf 90' lang='lat' dir='ltr'><strong>decreto</strong></span> <span class='ocrx_word' id='word_1_59' title='bbox 2025 911 2193 951; x_wconf 91' lang='lat' dir='ltr'><strong>cons-</strong></span> 
     </span>
    </p>
   </div>
   <div class='ocr_carea' id='block_1_11' title="bbox 536 978 2189 1055">
    <p class='ocr_par' dir='ltr' id='par_1_11' title="bbox 536 978 2189 1055">
     <span class='ocr_line' id='line_1_11' title="bbox 536 978 2189 1055; baseline 0.002 -21"><span class='ocrx_word' id='word_1_60' title='bbox 536 978 795 1049; x_wconf 84' lang='lat' dir='ltr'><strong>titutam,</strong></span> <span class='ocrx_word' id='word_1_61' title='bbox 830 981 1195 1040; x_wconf 90' lang='lat' dir='ltr'><strong>acciderunt.</strong></span> <span class='ocrx_word' id='word_1_62' title='bbox 1227 985 1530 1038; x_wconf 87' lang='lat' dir='ltr'><strong>Postremo</strong></span> <span class='ocrx_word' id='word_1_63' title='bbox 1563 982 1822 1053; x_wconf 86' lang='lat' dir='ltr'><strong>potentis</strong></span> <span class='ocrx_word' id='word_1_64' title='bbox 1878 982 2189 1055; x_wconf 80' lang='lat' dir='ltr'><strong>sanctique</strong></span> 
     </span>
    </p>
   </div>
   <div class='ocr_carea' id='block_1_12' title="bbox 536 1068 2191 1143">
    <p class='ocr_par' dir='ltr' id='par_1_12' title="bbox 536 1068 2191 1143">
     <span class='ocr_line' id='line_1_12' title="bbox 536 1068 2191 1143; baseline 0.002 -21"><span class='ocrx_word' id='word_1_65' title='bbox 536 1068 694 1139; x_wconf 89' lang='lat' dir='ltr'><strong>regis</strong></span> <span class='ocrx_word' id='word_1_66' title='bbox 723 1069 910 1125; x_wconf 87' lang='lat' dir='ltr'><strong>nostri</strong></span> <span class='ocrx_word' id='word_1_67' title='bbox 958 1070 1153 1142; x_wconf 88' lang='lat' dir='ltr'><strong>Porph</strong></span> <span class='ocrx_word' id='word_1_68' title='bbox 1157 1071 1472 1143; x_wconf 78' lang='lat' dir='ltr'><strong>yrogeniti,</strong></span> <span class='ocrx_word' id='word_1_69' title='bbox 1497 1073 1906 1127; x_wconf 82' lang='lat' dir='ltr'><strong>Romanorum</strong></span> <span class='ocrx_word' id='word_1_70' title='bbox 1936 1073 2191 1143; x_wconf 88' lang='lat' dir='ltr'><strong>impera-</strong></span> 
     </span>
    </p>
   </div>
   <div class='ocr_carea' id='block_1_13' title="bbox 538 1156 2190 1231">
    <p class='ocr_par' dir='ltr' id='par_1_13' title="bbox 538 1156 2190 1231">
     <span class='ocr_line' id='line_1_13' title="bbox 538 1156 2190 1231; baseline 0.002 -20"><span class='ocrx_word' id='word_1_71' title='bbox 538 1156 706 1225; x_wconf 87' lang='lat' dir='ltr'><strong>toris,</strong></span> <span class='ocrx_word' id='word_1_72' title='bbox 734 1156 967 1214; x_wconf 90' lang='lat' dir='ltr'><strong>domini</strong></span> <span class='ocrx_word' id='word_1_73' title='bbox 1011 1160 1295 1216; x_wconf 85' lang='lat' dir='ltr'><strong>Manuelis</strong></span> <span class='ocrx_word' id='word_1_74' title='bbox 1327 1159 1639 1226; x_wconf 90' lang='lat' dir='ltr'><strong>Comneni,</strong></span> <span class='ocrx_word' id='word_1_75' title='bbox 1671 1160 2190 1231; x_wconf 86' lang='lat' dir='ltr'><strong>religiosissimum</strong></span> 
     </span>
    </p>
   </div>
   <div class='ocr_carea' id='block_1_14' title="bbox 538 1244 1095 1321">
    <p class='ocr_par' dir='ltr' id='par_1_14' title="bbox 538 1244 1095 1321">
     <span class='ocr_line' id='line_1_14' title="bbox 538 1244 1095 1321; baseline 0.007 -21"><span class='ocrx_word' id='word_1_76' title='bbox 538 1244 799 1303; x_wconf 90' lang='lat' dir='ltr'><strong>edictum</strong></span> <span class='ocrx_word' id='word_1_77' title='bbox 831 1248 1095 1321; x_wconf 87' lang='lat' dir='ltr'><strong>ponitur.</strong></span> 
     </span>
    </p>
   </div>
   <div class='ocr_carea' id='block_1_15' title="bbox 1124 1375 1606 1432">
    <p class='ocr_par' dir='ltr' id='par_1_15' title="bbox 1124 1375 1606 1432">
     <span class='ocr_line' id='line_1_15' title="bbox 1124 1375 1606 1432; baseline 0.002 -3"><span class='ocrx_word' id='word_1_78' title='bbox 1124 1375 1333 1430; x_wconf 86' lang='lat' dir='ltr'><strong>ACTlO</strong></span> <span class='ocrx_word' id='word_1_79' title='bbox 1374 1378 1606 1432; x_wconf 79' lang='lat' dir='ltr'><strong>PRIMA.</strong></span> 
     </span>
    </p>
   </div>
   <div class='ocr_carea' id='block_1_16' title="bbox 609 1498 2188 1570">
    <p class='ocr_par' dir='ltr' id='par_1_16' title="bbox 609 1498 2188 1570">
     <span class='ocr_line' id='line_1_16' title="bbox 609 1498 2188 1570; baseline 0.001 -18"><span class='ocrx_word' id='word_1_80' title='bbox 609 1501 657 1553; x_wconf 83' lang='lat' dir='ltr'><strong>l.</strong></span> <span class='ocrx_word' id='word_1_81' title='bbox 680 1498 869 1554; x_wconf 88' lang='lat' dir='ltr'><strong>Tertio</strong></span> <span class='ocrx_word' id='word_1_82' title='bbox 882 1498 1010 1569; x_wconf 88' lang='lat' dir='ltr'><strong>jam</strong></span> <span class='ocrx_word' id='word_1_83' title='bbox 1042 1498 1395 1554; x_wconf 81' lang='lat' dir='ltr'><strong>ctvicesimo</strong></span> <span class='ocrx_word' id='word_1_84' title='bbox 1417 1515 1579 1554; x_wconf 93' lang='lat' dir='ltr'><strong>anno</strong></span> <span class='ocrx_word' id='word_1_85' title='bbox 1611 1499 1848 1570; x_wconf 91' lang='lat' dir='ltr'><strong>imperii</strong></span> <span class='ocrx_word' id='word_1_86' title='bbox 1883 1503 2188 1569; x_wconf 89' lang='lat' dir='ltr'><strong>sceptrum</strong></span> 
     </span>
    </p>
   </div>
   <div class='ocr_carea' id='block_1_17' title="bbox 532 1584 2186 1658">
    <p class='ocr_par' dir='ltr' id='par_1_17' title="bbox 532 1584 2186 1658">
     <span class='ocr_line' id='line_1_17' title="bbox 532 1584 2186 1658; baseline 0.001 -18"><span class='ocrx_word' id='word_1_87' title='bbox 532 1589 768 1641; x_wconf 90' lang='lat' dir='ltr'><strong>tenente</strong></span> <span class='ocrx_word' id='word_1_88' title='bbox 811 1584 1076 1643; x_wconf 78' lang='lat' dir='ltr'><strong>Manuele</strong></span> <span class='ocrx_word' id='word_1_89' title='bbox 1132 1586 1458 1653; x_wconf 88' lang='lat' dir='ltr'><strong>Comneno,</strong></span> <span class='ocrx_word' id='word_1_90' title='bbox 1490 1603 1667 1658; x_wconf 90' lang='lat' dir='ltr'><strong>quem</strong></span> <span class='ocrx_word' id='word_1_91' title='bbox 1715 1585 1776 1641; x_wconf 88' lang='lat' dir='ltr'><strong>in</strong></span> <span class='ocrx_word' id='word_1_92' title='bbox 1816 1587 1949 1658; x_wconf 90' lang='lat' dir='ltr'><strong>ipso</strong></span> <span class='ocrx_word' id='word_1_93' title='bbox 2006 1590 2186 1657; x_wconf 86' lang='lat' dir='ltr'><strong>partu</strong></span> 
     </span>
    </p>
   </div>
   <div class='ocr_carea' id='block_1_18' title="bbox 531 1674 2185 1747">
    <p class='ocr_par' dir='ltr' id='par_1_18' title="bbox 531 1674 2185 1747">
     <span class='ocr_line' id='line_1_18' title="bbox 531 1674 2185 1747; baseline 0.001 -19"><span class='ocrx_word' id='word_1_94' title='bbox 531 1688 805 1746; x_wconf 80' lang='lat' dir='ltr'><strong>purpura</strong></span> <span class='ocrx_word' id='word_1_95' title='bbox 836 1674 1087 1745; x_wconf 82' lang='lat' dir='ltr'><strong>excepit,</strong></span> <span class='ocrx_word' id='word_1_96' title='bbox 1115 1674 1405 1747; x_wconf 86' lang='lat' dir='ltr'><strong>sapientia</strong></span> <span class='ocrx_word' id='word_1_97' title='bbox 1436 1675 1514 1730; x_wconf 90' lang='lat' dir='ltr'><strong>ad</strong></span> <span class='ocrx_word' id='word_1_98' title='bbox 1535 1674 1933 1731; x_wconf 85' lang='lat' dir='ltr'><strong>vitalelumen</strong></span> <span class='ocrx_word' id='word_1_99' title='bbox 1960 1680 2185 1746; x_wconf 80' lang='lat' dir='ltr'><strong>protra-</strong></span> 
     </span>
    </p>
   </div>
   <div class='ocr_carea' id='block_1_19' title="bbox 2316 540 3916 615">
    <p class='ocr_par' dir='ltr' id='par_1_19' title="bbox 2316 540 3916 615">
     <span class='ocr_line' id='line_1_19' title="bbox 2316 540 3916 615; baseline -0.002 -21"><span class='ocrx_word' id='word_1_100' title='bbox 2316 541 2555 598; x_wconf 77' lang='grc' dir='ltr'>Δηλοῡσα</span> <span class='ocrx_word' id='word_1_101' title='bbox 2609 546 2698 592; x_wconf 87' lang='grc' dir='ltr'><strong>καὶ</strong></span> <span class='ocrx_word' id='word_1_102' title='bbox 2737 542 2803 591; x_wconf 79' lang='grc' dir='ltr'>τὰ</span> <span class='ocrx_word' id='word_1_103' title='bbox 2851 546 3097 615; x_wconf 86' lang='grc' dir='ltr'>πρότερον</span> <span class='ocrx_word' id='word_1_104' title='bbox 3146 544 3235 613; x_wconf 71' lang='grc' dir='ltr'>μὲν</span> <span class='ocrx_word' id='word_1_105' title='bbox 3288 540 3569 598; x_wconf 86' lang='grc' dir='ltr'>λαληθέντα</span> <span class='ocrx_word' id='word_1_106' title='bbox 3622 545 3765 615; x_wconf 84' lang='grc' dir='ltr'><strong>παρά</strong></span> <span class='ocrx_word' id='word_1_107' title='bbox 3812 550 3916 594; x_wconf 78' lang='grc' dir='ltr'>τῶν</span> 
     </span>
    </p>
   </div>
   <div class='ocr_carea' id='block_1_20' title="bbox 2297 626 3914 704">
    <p class='ocr_par' dir='ltr' id='par_1_20' title="bbox 2297 626 3914 704">
     <span class='ocr_line' id='line_1_20' title="bbox 2297 626 3914 704; baseline 0.001 -22"><span class='ocrx_word' id='word_1_108' title='bbox 2297 633 2355 682; x_wconf 80' lang='grc' dir='ltr'>τὸ</span> <span class='ocrx_word' id='word_1_109' title='bbox 2437 638 2682 681; x_wconf 69' lang='grc' dir='ltr'>τοιοῦτον.</span> <span class='ocrx_word' id='word_1_110' title='bbox 2742 630 2900 703; x_wconf 76' lang='grc' dir='ltr'>ῥητὸν</span> <span class='ocrx_word' id='word_1_111' title='bbox 2979 626 3239 704; x_wconf 74' lang='grc' dir='ltr'><strong>διαφόρως</strong></span> <span class='ocrx_word' id='word_1_112' title='bbox 3316 630 3743 702; x_wconf 79' lang='grc' dir='ltr'>ἐρμηνευόντων,</span> <span class='ocrx_word' id='word_1_113' title='bbox 3816 634 3914 693; x_wconf 82' lang='grc' dir='ltr'>τὰς</span> 
     </span>
    </p>
   </div>
   <div class='ocr_carea' id='block_1_21' title="bbox 2297 713 3906 794">
    <p class='ocr_par' dir='ltr' id='par_1_21' title="bbox 2297 713 3906 794">
     <span class='ocr_line' id='line_1_21' title="bbox 2297 713 3906 794; baseline -0.001 -24"><span class='ocrx_word' id='word_1_114' title='bbox 2297 720 2748 793; x_wconf 87' lang='grc' dir='ltr'>προκομισθείσας</span> <span class='ocrx_word' id='word_1_115' title='bbox 2805 738 2859 770; x_wconf 87' lang='grc' dir='ltr'><strong>τε</strong></span> <span class='ocrx_word' id='word_1_116' title='bbox 2936 713 3163 793; x_wconf 73' lang='grc' dir='ltr'>χρήσεις</span> <span class='ocrx_word' id='word_1_117' title='bbox 3230 727 3329 770; x_wconf 78' lang='grc' dir='ltr'><strong>τῶν</strong></span> <span class='ocrx_word' id='word_1_118' title='bbox 3401 720 3561 791; x_wconf 75' lang='grc' dir='ltr'>ἁγίων</span> <span class='ocrx_word' id='word_1_119' title='bbox 3642 723 3906 794; x_wconf 74' lang='grc' dir='ltr'><strong>Πατιέρων⁹</strong></span> 
     </span>
    </p>
   </div>
   <div class='ocr_carea' id='block_1_22' title="bbox 2298 806 3912 880">
    <p class='ocr_par' dir='ltr' id='par_1_22' title="bbox 2298 806 3912 880">
     <span class='ocr_line' id='line_1_22' title="bbox 2298 806 3912 880; baseline 0.002 -23"><span class='ocrx_word' id='word_1_120' title='bbox 2298 812 2387 858; x_wconf 85' lang='grc' dir='ltr'><strong>καὶ</strong></span> <span class='ocrx_word' id='word_1_121' title='bbox 2443 811 2508 858; x_wconf 80' lang='grc' dir='ltr'>τὰ</span> <span class='ocrx_word' id='word_1_122' title='bbox 2556 810 2685 878; x_wconf 84' lang='grc' dir='ltr'><strong>μετά</strong></span> <span class='ocrx_word' id='word_1_123' title='bbox 2741 816 2889 858; x_wconf 75' lang='grc' dir='ltr'>τοῦτο</span> <span class='ocrx_word' id='word_1_124' title='bbox 2948 810 3241 878; x_wconf 76' lang='grc' dir='ltr'>κνρωθέντα</span> <span class='ocrx_word' id='word_1_125' title='bbox 3270 850 3284 875; x_wconf 92' lang='grc'><strong>,</strong></span> <span class='ocrx_word' id='word_1_126' title='bbox 3348 806 3476 859; x_wconf 85' lang='grc' dir='ltr'><strong>ἀλλά</strong></span> <span class='ocrx_word' id='word_1_127' title='bbox 3530 812 3619 859; x_wconf 83' lang='grc' dir='ltr'><strong>καὶ</strong></span> <span class='ocrx_word' id='word_1_128' title='bbox 3658 812 3722 860; x_wconf 85' lang='grc' dir='ltr'><strong>τά</strong></span> <span class='ocrx_word' id='word_1_129' title='bbox 3775 812 3912 880; x_wconf 84' lang='grc' dir='ltr'><strong>μετά</strong></span> 
     </span>
    </p>
   </div>
   <div class='ocr_carea' id='block_1_23' title="bbox 2299 895 3898 970">
    <p class='ocr_par' dir='ltr' id='par_1_23' title="bbox 2299 895 3898 970">
     <span class='ocr_line' id='line_1_23' title="bbox 2299 895 3898 970; baseline 0.001 -23"><span class='ocrx_word' id='word_1_130' title='bbox 2299 902 2392 953; x_wconf 75' lang='grc' dir='ltr'>τὴν</span> <span class='ocrx_word' id='word_1_131' title='bbox 2445 899 2674 969; x_wconf 74' lang='grc' dir='ltr'>κύρωσιν</span> <span class='ocrx_word' id='word_1_132' title='bbox 2729 905 2822 957; x_wconf 83' lang='grc' dir='ltr'>τῆς</span> <span class='ocrx_word' id='word_1_133' title='bbox 2873 895 3091 956; x_wconf 67' lang='grc' dir='ltr'>ἀληθοῦς</span> <span class='ocrx_word' id='word_1_134' title='bbox 3148 897 3418 970; x_wconf 83' lang='grc' dir='ltr'>ἑρμηνείας</span> <span class='ocrx_word' id='word_1_135' title='bbox 3465 900 3898 969; x_wconf 75' lang='grc' dir='ltr'>συνενεκχθέντα.</span> 
     </span>
    </p>
   </div>
   <div class='ocr_carea' id='block_1_24' title="bbox 2304 985 3907 1058">
    <p class='ocr_par' dir='ltr' id='par_1_24' title="bbox 2304 985 3907 1058">
     <span class='ocr_line' id='line_1_24' title="bbox 2304 985 3907 1058; baseline 0.001 -22"><span class='ocrx_word' id='word_1_136' title='bbox 2304 990 2402 1037; x_wconf 81' lang='grc' dir='ltr'><strong>Καὶ</strong></span> <span class='ocrx_word' id='word_1_137' title='bbox 2445 985 2529 1036; x_wconf 86' lang='grc' dir='ltr'><strong>ἐπὶ</strong></span> <span class='ocrx_word' id='word_1_138' title='bbox 2583 987 2785 1046; x_wconf 74' lang='grc' dir='ltr'>τούτοις</span> <span class='ocrx_word' id='word_1_139' title='bbox 2843 988 2899 1035; x_wconf 87' lang='grc' dir='ltr'>τὸ</span> <span class='ocrx_word' id='word_1_140' title='bbox 2958 992 3049 1036; x_wconf 71' lang='grc' dir='ltr'>τοῦ</span> <span class='ocrx_word' id='word_1_141' title='bbox 3103 992 3353 1057; x_wconf 86' lang='grc' dir='ltr'>κραταιοὺ</span> <span class='ocrx_word' id='word_1_142' title='bbox 3413 991 3502 1037; x_wconf 87' lang='grc' dir='ltr'>καὶ</span> <span class='ocrx_word' id='word_1_143' title='bbox 3555 986 3705 1057; x_wconf 76' lang='grc' dir='ltr'>ἁγίου</span> <span class='ocrx_word' id='word_1_144' title='bbox 3759 988 3907 1058; x_wconf 75' lang='grc' dir='ltr'>ημῶν</span> 
     </span>
    </p>
   </div>
   <div class='ocr_carea' id='block_1_25' title="bbox 2303 1072 3907 1148">
    <p class='ocr_par' dir='ltr' id='par_1_25' title="bbox 2303 1072 3907 1148">
     <span class='ocr_line' id='line_1_25' title="bbox 2303 1072 3907 1148; baseline 0.002 -25"><span class='ocrx_word' id='word_1_145' title='bbox 2303 1072 2561 1145; x_wconf 84' lang='grc' dir='ltr'>βασιλέως</span> <span class='ocrx_word' id='word_1_146' title='bbox 2638 1079 3124 1147; x_wconf 63' lang='grc' dir='ltr'>Πορφυρογεννήτου</span> <span class='ocrx_word' id='word_1_147' title='bbox 3183 1079 3271 1125; x_wconf 82' lang='grc' dir='ltr'><strong>καὶ</strong></span> <span class='ocrx_word' id='word_1_148' title='bbox 3351 1077 3728 1148; x_wconf 65' lang='grc' dir='ltr'>αὐτοκράτορος</span> <span class='ocrx_word' id='word_1_149' title='bbox 3773 1074 3907 1126; x_wconf 81' lang='grc' dir='ltr'><strong>Ῥω-</strong></span> 
     </span>
    </p>
   </div>
   <div class='ocr_carea' id='block_1_26' title="bbox 2299 1162 3906 1235">
    <p class='ocr_par' dir='ltr' id='par_1_26' title="bbox 2299 1162 3906 1235">
     <span class='ocr_line' id='line_1_26' title="bbox 2299 1162 3906 1235; baseline 0.001 -23"><span class='ocrx_word' id='word_1_150' title='bbox 2299 1167 2488 1233; x_wconf 86' lang='grc' dir='ltr'>μαίων,</span> <span class='ocrx_word' id='word_1_151' title='bbox 2542 1170 2703 1227; x_wconf 74' lang='grc' dir='ltr'>κυροῦ</span> <span class='ocrx_word' id='word_1_152' title='bbox 2751 1162 2996 1220; x_wconf 76' lang='grc' dir='ltr'>Μανουηλ</span> <span class='ocrx_word' id='word_1_153' title='bbox 3057 1171 3147 1214; x_wconf 78' lang='grc' dir='ltr'>τοῦ</span> <span class='ocrx_word' id='word_1_154' title='bbox 3204 1169 3471 1235; x_wconf 76' lang='grc' dir='ltr'>Κομνηνού</span> <span class='ocrx_word' id='word_1_155' title='bbox 3532 1162 3906 1216; x_wconf 70' lang='grc' dir='ltr'>εὐσεϐέστατον</span> 
     </span>
    </p>
   </div>
   <div class='ocr_carea' id='block_1_27' title="bbox 2300 1247 2523 1302">
    <p class='ocr_par' dir='ltr' id='par_1_27' title="bbox 2300 1247 2523 1302">
     <span class='ocr_line' id='line_1_27' title="bbox 2300 1247 2523 1302; baseline -0.004 -1"><span class='ocrx_word' id='word_1_156' title='bbox 2300 1247 2523 1302; x_wconf 77' lang='grc' dir='ltr'>ῖδικτον.</span> 
     </span>
    </p>
   </div>
   <div class='ocr_carea' id='block_1_28' title="bbox 2929 1375 3278 1430">
    <p class='ocr_par' dir='ltr' id='par_1_28' title="bbox 2929 1375 3278 1430">
     <span class='ocr_line' id='line_1_28' title="bbox 2929 1375 3278 1430; baseline 0.003 -2"><span class='ocrx_word' id='word_1_157' title='bbox 2929 1379 3163 1428; x_wconf 83' lang='grc' dir='ltr'><strong>ΠΡΑΞΙΣ</strong></span> <span class='ocrx_word' id='word_1_158' title='bbox 3205 1375 3278 1430; x_wconf 77' lang='grc' dir='ltr'><strong>Α’.</strong></span> 
     </span>
    </p>
   </div>
   <div class='ocr_carea' id='block_1_29' title="bbox 2371 1495 3903 1578">
    <p class='ocr_par' dir='ltr' id='par_1_29' title="bbox 2371 1495 3903 1578">
     <span class='ocr_line' id='line_1_29' title="bbox 2371 1495 3903 1578; baseline 0.005 -30"><span class='ocrx_word' id='word_1_159' title='bbox 2371 1496 2434 1551; x_wconf 79' lang='grc' dir='ltr'>α’.</span> <span class='ocrx_word' id='word_1_160' title='bbox 2469 1495 2610 1555; x_wconf 76' lang='grc' dir='ltr'><strong>Ἤδη</strong></span> <span class='ocrx_word' id='word_1_161' title='bbox 2673 1500 2760 1549; x_wconf 84' lang='grc' dir='ltr'>τὸν</span> <span class='ocrx_word' id='word_1_162' title='bbox 2815 1497 2896 1550; x_wconf 86' lang='grc' dir='ltr'>ἐπὶ</span> <span class='ocrx_word' id='word_1_163' title='bbox 2956 1509 3027 1569; x_wconf 80' lang='grc' dir='ltr'>τῷ</span> <span class='ocrx_word' id='word_1_164' title='bbox 3086 1501 3301 1571; x_wconf 78' lang='grc' dir='ltr'><strong>εἰκοστῷ</strong></span> <span class='ocrx_word' id='word_1_165' title='bbox 3348 1510 3445 1563; x_wconf 84' lang='grc' dir='ltr'>τῆς</span> <span class='ocrx_word' id='word_1_166' title='bbox 3493 1502 3903 1578; x_wconf 73' lang='grc' dir='ltr'>αὐτοκρατορίας</span> 
     </span>
    </p>
   </div>
   <div class='ocr_carea' id='block_1_30' title="bbox 2299 1584 3902 1663">
    <p class='ocr_par' dir='ltr' id='par_1_30' title="bbox 2299 1584 3902 1663">
     <span class='ocr_line' id='line_1_30' title="bbox 2299 1584 3902 1663; baseline 0.004 -26"><span class='ocrx_word' id='word_1_167' title='bbox 2299 1590 2476 1658; x_wconf 87' lang='grc' dir='ltr'>τρίτον</span> <span class='ocrx_word' id='word_1_168' title='bbox 2524 1592 2716 1659; x_wconf 74' lang='grc' dir='ltr'>χρόνον</span> <span class='ocrx_word' id='word_1_169' title='bbox 2784 1584 3026 1649; x_wconf 79' lang='grc' dir='ltr'>ἀνύοντος</span> <span class='ocrx_word' id='word_1_170' title='bbox 3072 1590 3316 1647; x_wconf 80' lang='grc' dir='ltr'>Μανουηλ</span> <span class='ocrx_word' id='word_1_171' title='bbox 3372 1599 3463 1641; x_wconf 75' lang='grc' dir='ltr'>τοῦ</span> <span class='ocrx_word' id='word_1_172' title='bbox 3520 1590 3574 1642; x_wconf 79' lang='grc' dir='ltr'>ἐκ</span> <span class='ocrx_word' id='word_1_173' title='bbox 3622 1599 3902 1663; x_wconf 76' lang='grc' dir='ltr'>Κομνηνῶν</span> 
     </span>
    </p>
   </div>
   <div class='ocr_carea' id='block_1_31' title="bbox 2296 1674 3907 1755">
    <p class='ocr_par' dir='ltr' id='par_1_31' title="bbox 2296 1674 3907 1755">
     <span class='ocr_line' id='line_1_31' title="bbox 2296 1674 3907 1755; baseline 0.005 -30"><span class='ocrx_word' id='word_1_174' title='bbox 2296 1678 2363 1726; x_wconf 80' lang='grc' dir='ltr'>τὰ</span> <span class='ocrx_word' id='word_1_175' title='bbox 2410 1685 2504 1737; x_wconf 75' lang='grc' dir='ltr'>τῆς</span> <span class='ocrx_word' id='word_1_176' title='bbox 2563 1674 2837 1747; x_wconf 80' lang='grc' dir='ltr'>βασιλείας</span> <span class='ocrx_word' id='word_1_177' title='bbox 2898 1686 3142 1752; x_wconf 79' lang='grc' dir='ltr'>σκῆπτρα</span> <span class='ocrx_word' id='word_1_178' title='bbox 3198 1676 3466 1741; x_wconf 72' lang='grc' dir='ltr'>διέποντος</span> <span class='ocrx_word' id='word_1_179' title='bbox 3498 1723 3511 1747; x_wconf 92' lang='grc'><strong>,</strong></span> <span class='ocrx_word' id='word_1_180' title='bbox 3568 1680 3620 1731; x_wconf 81' lang='grc' dir='ltr'>ὃν</span> <span class='ocrx_word' id='word_1_181' title='bbox 3658 1686 3907 1755; x_wconf 62' lang='grc' dir='ltr'>πορφύρα</span> 
     </span>
    </p>
   </div>
   <div class='ocr_carea' id='block_1_32' title="bbox 530 1749 2180 1855">
    <p class='ocr_par' dir='ltr' id='par_1_32' title="bbox 530 1749 2180 1849">
     <span class='ocr_line' id='line_1_32' title="bbox 530 1749 2180 1849; baseline -0.001 -30"><span class='ocrx_word' id='word_1_182' title='bbox 530 1762 633 1829; x_wconf 78' lang='lat' dir='ltr'><strong>xit,</strong></span> <span class='ocrx_word' id='word_1_183' title='bbox 666 1762 951 1818; x_wconf 84' lang='lat' dir='ltr'><strong>fortitudo</strong></span> <span class='ocrx_word' id='word_1_184' title='bbox 992 1762 1155 1829; x_wconf 91' lang='lat' dir='ltr'><strong>aluit,</strong></span> <span class='ocrx_word' id='word_1_185' title='bbox 1183 1762 1333 1818; x_wconf 85' lang='lat' dir='ltr'><strong>ﬁdes</strong></span> <span class='ocrx_word' id='word_1_186' title='bbox 1385 1780 1535 1819; x_wconf 68' lang='lat' dir='ltr'><strong>verae</strong></span> <span class='ocrx_word' id='word_1_187' title='bbox 1564 1764 1863 1849; x_wconf 84' lang='lat' dir='ltr'><strong>religionis</strong></span> <span class='ocrx_word' id='word_1_188' title='bbox 1893 1764 1966 1819; x_wconf 90' lang='lat' dir='ltr'><strong>ad</strong></span> <span class='ocrx_word' id='word_1_189' title='bbox 1998 1749 2180 1835; x_wconf 86' lang='lat' dir='ltr'><strong>perfe-</strong></span> 
     </span>
    </p>
   </div>
   <div class='ocr_carea' id='block_1_33' title="bbox 2290 1749 3903 1855">
    <p class='ocr_par' dir='ltr' id='par_1_33' title="bbox 2292 1763 3903 1843">
     <span class='ocr_line' id='line_1_33' title="bbox 2292 1763 3903 1843; baseline 0.005 -27"><span class='ocrx_word' id='word_1_190' title='bbox 2292 1769 2380 1835; x_wconf 80' lang='grc' dir='ltr'><strong>μὲν</strong></span> <span class='ocrx_word' id='word_1_191' title='bbox 2439 1768 2492 1817; x_wconf 65' lang='grc' dir='ltr'>ἐκ</span> <span class='ocrx_word' id='word_1_192' title='bbox 2566 1774 2833 1839; x_wconf 79' lang='grc' dir='ltr'>μητρικῶν</span> <span class='ocrx_word' id='word_1_193' title='bbox 2898 1763 3097 1818; x_wconf 74' lang='grc' dir='ltr'>ὠδίνων</span> <span class='ocrx_word' id='word_1_194' title='bbox 3174 1769 3471 1842; x_wconf 61' lang='grc' dir='ltr'>παρέλαϐε,</span> <span class='ocrx_word' id='word_1_195' title='bbox 3542 1776 3783 1843; x_wconf 74' lang='grc' dir='ltr'>φρόνησις</span> <span class='ocrx_word' id='word_1_196' title='bbox 3840 1769 3903 1824; x_wconf 75' lang='grc' dir='ltr'>ὃε</span> 
     </span>
    </p>
   </div>
   <div class='ocr_carea' id='block_1_34' title="bbox 530 1842 2180 1929">
    <p class='ocr_par' dir='ltr' id='par_1_34' title="bbox 530 1842 2180 1925">
     <span class='ocr_line' id='line_1_34' title="bbox 530 1842 2180 1925; baseline -0.001 -17"><span class='ocrx_word' id='word_1_197' title='bbox 530 1855 686 1908; x_wconf 86' lang='lat' dir='ltr'><strong>ctam</strong></span> <span class='ocrx_word' id='word_1_198' title='bbox 714 1857 952 1907; x_wconf 62' lang='lat' dir='ltr'><strong>aetatem</strong></span> <span class='ocrx_word' id='word_1_199' title='bbox 982 1852 1296 1925; x_wconf 83' lang='lat' dir='ltr'><strong>perduxit;</strong></span> <span class='ocrx_word' id='word_1_200' title='bbox 1334 1869 1517 1925; x_wconf 90' lang='lat' dir='ltr'><strong>quem</strong></span> <span class='ocrx_word' id='word_1_201' title='bbox 1576 1859 1640 1908; x_wconf 89' lang='lat' dir='ltr'><strong>ut</strong></span> <span class='ocrx_word' id='word_1_202' title='bbox 1672 1842 1973 1910; x_wconf 81' lang='lat' dir='ltr'><strong>.Davidem</strong></span> <span class='ocrx_word' id='word_1_203' title='bbox 2028 1850 2180 1907; x_wconf 85' lang='lat' dir='ltr'><strong>Deos</strong></span> 
     </span>
    </p>
   </div>
   <div class='ocr_carea' id='block_1_35' title="bbox 2290 1842 3900 1929">
    <p class='ocr_par' dir='ltr' id='par_1_35' title="bbox 2292 1852 3900 1929">
     <span class='ocr_line' id='line_1_35' title="bbox 2292 1852 3900 1929; baseline 0.005 -25"><span class='ocrx_word' id='word_1_204' title='bbox 2292 1852 2604 1924; x_wconf 76' lang='grc' dir='ltr'>ἕμαιεύσατο</span> <span class='ocrx_word' id='word_1_205' title='bbox 2640 1898 2651 1919; x_wconf 89' lang='grc'><strong>,</strong></span> <span class='ocrx_word' id='word_1_206' title='bbox 2702 1860 2793 1907; x_wconf 73' lang='grc' dir='ltr'>καὶ</span> <span class='ocrx_word' id='word_1_207' title='bbox 2847 1852 3036 1929; x_wconf 75' lang='grc' dir='ltr'>ἀνδρία</span> <span class='ocrx_word' id='word_1_208' title='bbox 3107 1860 3496 1921; x_wconf 68' lang='grc' dir='ltr'>ἐτιθηνήσατο,</span> <span class='ocrx_word' id='word_1_209' title='bbox 3553 1866 3641 1911; x_wconf 86' lang='grc' dir='ltr'><strong>καὶ</strong></span> <span class='ocrx_word' id='word_1_210' title='bbox 3710 1865 3900 1923; x_wconf 82' lang='grc' dir='ltr'>πίστις</span> 
     </span>
    </p>
   </div>
   <div class='ocr_carea' id='block_1_36' title="bbox 529 1940 2183 2015">
    <p class='ocr_par' dir='ltr' id='par_1_36' title="bbox 529 1940 2183 2015">
     <span class='ocr_line' id='line_1_36' title="bbox 529 1940 2183 2015; baseline -0.001 -18"><span class='ocrx_word' id='word_1_211' title='bbox 529 1940 873 2014; x_wconf 88' lang='lat' dir='ltr'><strong>elegit,quia</strong></span> <span class='ocrx_word' id='word_1_212' title='bbox 894 1945 1066 2015; x_wconf 62' lang='lat' dir='ltr'><strong>aeque</strong></span> <span class='ocrx_word' id='word_1_213' title='bbox 1082 1942 1640 1998; x_wconf 88' lang='lat' dir='ltr'><strong>mansuetissimum</strong></span> <span class='ocrx_word' id='word_1_214' title='bbox 1662 1959 1789 1998; x_wconf 91' lang='lat' dir='ltr'><strong>esse</strong></span> <span class='ocrx_word' id='word_1_215' title='bbox 1810 1942 2110 2012; x_wconf 84' lang='lat' dir='ltr'><strong>cognovit,</strong></span> <span class='ocrx_word' id='word_1_216' title='bbox 2126 1947 2183 1997; x_wconf 92' lang='lat' dir='ltr'><strong>et</strong></span> 
     </span>
    </p>
   </div>
   <div class='ocr_carea' id='block_1_37' title="bbox 526 2030 2179 2103">
    <p class='ocr_par' dir='ltr' id='par_1_37' title="bbox 526 2030 2179 2103">
     <span class='ocr_line' id='line_1_37' title="bbox 526 2030 2179 2103; baseline 0.001 -17"><span class='ocrx_word' id='word_1_217' title='bbox 526 2030 604 2086; x_wconf 90' lang='lat' dir='ltr'><strong>ad</strong></span> <span class='ocrx_word' id='word_1_218' title='bbox 614 2030 848 2103; x_wconf 87' lang='lat' dir='ltr'><strong>paterni</strong></span> <span class='ocrx_word' id='word_1_219' title='bbox 859 2030 1220 2087; x_wconf 88' lang='lat' dir='ltr'><strong>diadematis</strong></span> <span class='ocrx_word' id='word_1_220' title='bbox 1231 2031 1621 2087; x_wconf 87' lang='lat' dir='ltr'><strong>obtinendam</strong></span> <span class='ocrx_word' id='word_1_221' title='bbox 1634 2032 2042 2087; x_wconf 72' lang='lat' dir='ltr'><strong>haereditatem</strong></span> <span class='ocrx_word' id='word_1_222' title='bbox 2056 2047 2179 2087; x_wconf 89' lang='lat' dir='ltr'><strong>ma-</strong></span> 
     </span>
    </p>
   </div>
   <div class='ocr_carea' id='block_1_38' title="bbox 518 2120 2174 2194">
    <p class='ocr_par' dir='ltr' id='par_1_38' title="bbox 518 2120 2174 2194">
     <span class='ocr_line' id='line_1_38' title="bbox 518 2120 2174 2194; baseline -0.001 -17"><span class='ocrx_word' id='word_1_223' title='bbox 518 2120 754 2192; x_wconf 90' lang='lat' dir='ltr'><strong>joribus</strong></span> <span class='ocrx_word' id='word_1_224' title='bbox 767 2126 914 2178; x_wconf 91' lang='lat' dir='ltr'><strong>natu</strong></span> <span class='ocrx_word' id='word_1_225' title='bbox 930 2120 1215 2177; x_wconf 86' lang='lat' dir='ltr'><strong>fratribus</strong></span> <span class='ocrx_word' id='word_1_226' title='bbox 1257 2121 1548 2188; x_wconf 84' lang='lat' dir='ltr'><strong>antetulit,</strong></span> <span class='ocrx_word' id='word_1_227' title='bbox 1563 2126 1743 2194; x_wconf 89' lang='lat' dir='ltr'><strong>atque</strong></span> <span class='ocrx_word' id='word_1_228' title='bbox 1764 2122 1843 2177; x_wconf 89' lang='lat' dir='ltr'><strong>ab</strong></span> <span class='ocrx_word' id='word_1_229' title='bbox 1872 2122 2174 2177; x_wconf 89' lang='lat' dir='ltr'><strong>orientali-</strong></span> 
     </span>
    </p>
   </div>
   <div class='ocr_carea' id='block_1_39' title="bbox 519 2208 2173 2283">
    <p class='ocr_par' dir='ltr' id='par_1_39' title="bbox 519 2208 2173 2283">
     <span class='ocr_line' id='line_1_39' title="bbox 519 2208 2173 2283; baseline 0.001 -18"><span class='ocrx_word' id='word_1_230' title='bbox 519 2208 637 2265; x_wconf 88' lang='lat' dir='ltr'><strong>bus</strong></span> <span class='ocrx_word' id='word_1_231' title='bbox 660 2210 854 2283; x_wconf 84' lang='lat' dir='ltr'><strong>plagis</strong></span> <span class='ocrx_word' id='word_1_232' title='bbox 881 2226 1075 2282; x_wconf 90' lang='lat' dir='ltr'><strong>usque</strong></span> <span class='ocrx_word' id='word_1_233' title='bbox 1102 2210 1181 2266; x_wconf 93' lang='lat' dir='ltr'><strong>ad</strong></span> <span class='ocrx_word' id='word_1_234' title='bbox 1208 2226 1498 2266; x_wconf 88' lang='lat' dir='ltr'><strong>occasum</strong></span> <span class='ocrx_word' id='word_1_235' title='bbox 1519 2211 1718 2267; x_wconf 89' lang='lat' dir='ltr'><strong>relatis</strong></span> <span class='ocrx_word' id='word_1_236' title='bbox 1756 2211 1829 2266; x_wconf 93' lang='lat' dir='ltr'><strong>de</strong></span> <span class='ocrx_word' id='word_1_237' title='bbox 1861 2211 2031 2267; x_wconf 89' lang='lat' dir='ltr'><strong>hoste</strong></span> <span class='ocrx_word' id='word_1_238' title='bbox 2055 2217 2173 2267; x_wconf 89' lang='lat' dir='ltr'><strong>tro-</strong></span> 
     </span>
    </p>
   </div>
   <div class='ocr_carea' id='block_1_40' title="bbox 518 2298 2172 2372">
    <p class='ocr_par' dir='ltr' id='par_1_40' title="bbox 518 2298 2172 2372">
     <span class='ocr_line' id='line_1_40' title="bbox 518 2298 2172 2372; baseline 0.001 -17"><span class='ocrx_word' id='word_1_239' title='bbox 518 2300 667 2371; x_wconf 69' lang='lat' dir='ltr'><strong>paeis</strong></span> <span class='ocrx_word' id='word_1_240' title='bbox 717 2298 1181 2364; x_wconf 87' lang='lat' dir='ltr'><strong>condecoravit;</strong></span> <span class='ocrx_word' id='word_1_241' title='bbox 1228 2299 1362 2365; x_wconf 86' lang='lat' dir='ltr'><strong>hoc,</strong></span> <span class='ocrx_word' id='word_1_242' title='bbox 1411 2300 1680 2372; x_wconf 88' lang='lat' dir='ltr'><strong>inquam,</strong></span> <span class='ocrx_word' id='word_1_243' title='bbox 1715 2316 1877 2356; x_wconf 91' lang='lat' dir='ltr'><strong>anno</strong></span> <span class='ocrx_word' id='word_1_244' title='bbox 1923 2301 2172 2372; x_wconf 74' lang='lat' dir='ltr'><strong>quaastio</strong></span> 
     </span>
    </p>
   </div>
   <div class='ocr_carea' id='block_1_41' title="bbox 519 2387 2171 2460">
    <p class='ocr_par' dir='ltr' id='par_1_41' title="bbox 519 2387 2171 2460">
     <span class='ocr_line' id='line_1_41' title="bbox 519 2387 2171 2460; baseline 0.002 -17"><span class='ocrx_word' id='word_1_245' title='bbox 519 2401 628 2460; x_wconf 90' lang='lat' dir='ltr'><strong>per</strong></span> <span class='ocrx_word' id='word_1_246' title='bbox 656 2387 983 2443; x_wconf 88' lang='lat' dir='ltr'><strong>Ecclesiam</strong></span> <span class='ocrx_word' id='word_1_247' title='bbox 1013 2393 1220 2444; x_wconf 87' lang='lat' dir='ltr'><strong>coorta</strong></span> <span class='ocrx_word' id='word_1_248' title='bbox 1247 2393 1354 2454; x_wconf 91' lang='lat' dir='ltr'><strong>est,</strong></span> <span class='ocrx_word' id='word_1_249' title='bbox 1382 2404 1517 2460; x_wconf 65' lang='lat' dir='ltr'><strong>quae</strong></span> <span class='ocrx_word' id='word_1_250' title='bbox 1538 2388 1631 2444; x_wconf 87' lang='lat' dir='ltr'><strong>vel</strong></span> <span class='ocrx_word' id='word_1_251' title='bbox 1662 2390 1745 2444; x_wconf 87' lang='lat' dir='ltr'><strong>uti</strong></span> <span class='ocrx_word' id='word_1_252' title='bbox 1774 2390 1950 2459; x_wconf 86' lang='lat' dir='ltr'><strong>ignea</strong></span> <span class='ocrx_word' id='word_1_253' title='bbox 1974 2389 2171 2446; x_wconf 89' lang='lat' dir='ltr'><strong>favilla</strong></span> 
     </span>
    </p>
   </div>
   <div class='ocr_carea' id='block_1_42' title="bbox 518 2475 2168 2548">
    <p class='ocr_par' dir='ltr' id='par_1_42' title="bbox 518 2475 2168 2548">
     <span class='ocr_line' id='line_1_42' title="bbox 518 2475 2168 2548; baseline 0.002 -17"><span class='ocrx_word' id='word_1_254' title='bbox 518 2475 683 2531; x_wconf 85' lang='lat' dir='ltr'><strong>tenui</strong></span> <span class='ocrx_word' id='word_1_255' title='bbox 696 2480 840 2532; x_wconf 91' lang='lat' dir='ltr'><strong>nata</strong></span> <span class='ocrx_word' id='word_1_256' title='bbox 866 2476 1181 2548; x_wconf 91' lang='lat' dir='ltr'><strong>principio,</strong></span> <span class='ocrx_word' id='word_1_257' title='bbox 1215 2476 1581 2546; x_wconf 85' lang='lat' dir='ltr'><strong>augentibus</strong></span> <span class='ocrx_word' id='word_1_258' title='bbox 1604 2476 1744 2531; x_wconf 87' lang='lat' dir='ltr'><strong>hinc</strong></span> <span class='ocrx_word' id='word_1_259' title='bbox 1769 2477 1908 2532; x_wconf 89' lang='lat' dir='ltr'><strong>inde</strong></span> <span class='ocrx_word' id='word_1_260' title='bbox 1939 2485 2168 2534; x_wconf 91' lang='lat' dir='ltr'><strong>contra-</strong></span> 
     </span>
    </p>
   </div>
   <div class='ocr_carea' id='block_1_43' title="bbox 516 2563 2171 2637">
    <p class='ocr_par' dir='ltr' id='par_1_43' title="bbox 516 2563 2171 2637">
     <span class='ocr_line' id='line_1_43' title="bbox 516 2563 2171 2637; baseline 0.002 -17"><span class='ocrx_word' id='word_1_261' title='bbox 516 2563 746 2620; x_wconf 90' lang='lat' dir='ltr'><strong>riarum</strong></span> <span class='ocrx_word' id='word_1_262' title='bbox 775 2564 1038 2637; x_wconf 90' lang='lat' dir='ltr'><strong>partium</strong></span> <span class='ocrx_word' id='word_1_263' title='bbox 1060 2564 1463 2635; x_wconf 89' lang='lat' dir='ltr'><strong>spiritibus,in</strong></span> <span class='ocrx_word' id='word_1_264' title='bbox 1487 2565 1784 2621; x_wconf 82' lang='lat' dir='ltr'><strong>excelsam</strong></span> <span class='ocrx_word' id='word_1_265' title='bbox 1811 2566 2004 2622; x_wconf 85' lang='lat' dir='ltr'><strong>facem</strong></span> <span class='ocrx_word' id='word_1_266' title='bbox 2027 2582 2171 2623; x_wconf 91' lang='lat' dir='ltr'><strong>eva-</strong></span> 
     </span>
    </p>
   </div>
   <div class='ocr_carea' id='block_1_44' title="bbox 519 2652 2172 2730">
    <p class='ocr_par' dir='ltr' id='par_1_44' title="bbox 519 2652 2172 2730">
     <span class='ocr_line' id='line_1_44' title="bbox 519 2652 2172 2730; baseline 0.002 -21"><span class='ocrx_word' id='word_1_267' title='bbox 519 2653 620 2723; x_wconf 80' lang='lat' dir='ltr'><strong>sit;</strong></span> <span class='ocrx_word' id='word_1_268' title='bbox 653 2669 849 2726; x_wconf 91' lang='lat' dir='ltr'><strong>neque</strong></span> <span class='ocrx_word' id='word_1_269' title='bbox 880 2653 1076 2710; x_wconf 88' lang='lat' dir='ltr'><strong>solum</strong></span> <span class='ocrx_word' id='word_1_270' title='bbox 1121 2652 1495 2726; x_wconf 87' lang='lat' dir='ltr'><strong>episcopales</strong></span> <span class='ocrx_word' id='word_1_271' title='bbox 1530 2654 1702 2710; x_wconf 90' lang='lat' dir='ltr'><strong>sedes</strong></span> <span class='ocrx_word' id='word_1_272' title='bbox 1735 2656 2039 2730; x_wconf 88' lang='lat' dir='ltr'><strong>corripuit,</strong></span> <span class='ocrx_word' id='word_1_273' title='bbox 2073 2672 2172 2712; x_wconf 85' lang='lat' dir='ltr'><strong>ve-</strong></span> 
     </span>
    </p>
   </div>
   <div class='ocr_carea' id='block_1_45' title="bbox 519 2742 2172 2817">
    <p class='ocr_par' dir='ltr' id='par_1_45' title="bbox 519 2742 2172 2817">
     <span class='ocr_line' id='line_1_45' title="bbox 519 2742 2172 2817; baseline 0.001 -19"><span class='ocrx_word' id='word_1_274' title='bbox 519 2758 660 2798; x_wconf 88' lang='lat' dir='ltr'><strong>rum</strong></span> <span class='ocrx_word' id='word_1_275' title='bbox 697 2742 880 2798; x_wconf 89' lang='lat' dir='ltr'><strong>etiam</strong></span> <span class='ocrx_word' id='word_1_276' title='bbox 919 2743 1291 2799; x_wconf 89' lang='lat' dir='ltr'><strong>monasticos</strong></span> <span class='ocrx_word' id='word_1_277' title='bbox 1328 2749 1517 2798; x_wconf 73' lang='lat' dir='ltr'><strong>cmtus</strong></span> <span class='ocrx_word' id='word_1_278' title='bbox 1560 2743 1805 2811; x_wconf 79' lang='lat' dir='ltr'><strong>invasit;</strong></span> <span class='ocrx_word' id='word_1_279' title='bbox 1837 2760 2034 2817; x_wconf 91' lang='lat' dir='ltr'><strong>neque</strong></span> <span class='ocrx_word' id='word_1_280' title='bbox 2061 2744 2172 2800; x_wconf 90' lang='lat' dir='ltr'><strong>hos</strong></span> 
     </span>
    </p>
   </div>
   <div class='ocr_carea' id='block_1_46' title="bbox 520 2832 2166 2904">
    <p class='ocr_par' dir='ltr' id='par_1_46' title="bbox 520 2832 2166 2904">
     <span class='ocr_line' id='line_1_46' title="bbox 520 2832 2166 2904; baseline 0.001 -17"><span class='ocrx_word' id='word_1_281' title='bbox 520 2832 963 2899; x_wconf 86' lang='lat' dir='ltr'><strong>tantummodo,</strong></span> <span class='ocrx_word' id='word_1_282' title='bbox 987 2832 1094 2888; x_wconf 90' lang='lat' dir='ltr'><strong>sed</strong></span> <span class='ocrx_word' id='word_1_283' title='bbox 1147 2832 1326 2889; x_wconf 89' lang='lat' dir='ltr'><strong>etiam</strong></span> <span class='ocrx_word' id='word_1_284' title='bbox 1376 2833 1767 2904; x_wconf 88' lang='lat' dir='ltr'><strong>magistratus</strong></span> <span class='ocrx_word' id='word_1_285' title='bbox 1818 2838 1874 2889; x_wconf 91' lang='lat' dir='ltr'><strong>et</strong></span> <span class='ocrx_word' id='word_1_286' title='bbox 1920 2834 2166 2901; x_wconf 89' lang='lat' dir='ltr'><strong>aulicos,</strong></span> 
     </span>
    </p>
   </div>
   <div class='ocr_carea' id='block_1_47' title="bbox 523 2921 2172 2995">
    <p class='ocr_par' dir='ltr' id='par_1_47' title="bbox 523 2921 2172 2995">
     <span class='ocr_line' id='line_1_47' title="bbox 523 2921 2172 2995; baseline 0.001 -18"><span class='ocrx_word' id='word_1_287' title='bbox 523 2927 802 2977; x_wconf 81' lang='lat' dir='ltr'><strong>senatum</strong></span> <span class='ocrx_word' id='word_1_288' title='bbox 824 2921 1004 2977; x_wconf 87' lang='lat' dir='ltr'><strong>simul</strong></span> <span class='ocrx_word' id='word_1_289' title='bbox 1020 2926 1077 2978; x_wconf 93' lang='lat' dir='ltr'><strong>et</strong></span> <span class='ocrx_word' id='word_1_290' title='bbox 1093 2938 1304 2978; x_wconf 89' lang='lat' dir='ltr'><strong>omnes</strong></span> <span class='ocrx_word' id='word_1_291' title='bbox 1318 2922 1423 2994; x_wconf 90' lang='lat' dir='ltr'><strong>qui</strong></span> <span class='ocrx_word' id='word_1_292' title='bbox 1449 2923 1612 2994; x_wconf 87' lang='lat' dir='ltr'><strong>regio</strong></span> <span class='ocrx_word' id='word_1_293' title='bbox 1630 2922 1689 2977; x_wconf 91' lang='lat' dir='ltr'><strong>in</strong></span> <span class='ocrx_word' id='word_1_294' title='bbox 1712 2921 1935 2995; x_wconf 88' lang='lat' dir='ltr'><strong>palatio</strong></span> <span class='ocrx_word' id='word_1_295' title='bbox 1968 2938 2172 2979; x_wconf 85' lang='lat' dir='ltr'><strong>versa-</strong></span> 
     </span>
    </p>
   </div>
   <div class='ocr_carea' id='block_1_48' title="bbox 518 3009 2172 3083">
    <p class='ocr_par' dir='ltr' id='par_1_48' title="bbox 518 3009 2172 3083">
     <span class='ocr_line' id='line_1_48' title="bbox 518 3009 2172 3083; baseline 0 -16"><span class='ocrx_word' id='word_1_296' title='bbox 518 3009 762 3067; x_wconf 83' lang='lat' dir='ltr'><strong>bantur.</strong></span> <span class='ocrx_word' id='word_1_297' title='bbox 790 3011 998 3067; x_wconf 89' lang='lat' dir='ltr'><strong>Cuncti</strong></span> <span class='ocrx_word' id='word_1_298' title='bbox 1017 3010 1291 3067; x_wconf 83' lang='lat' dir='ltr'><strong>videlicet</strong></span> <span class='ocrx_word' id='word_1_299' title='bbox 1317 3011 1468 3067; x_wconf 89' lang='lat' dir='ltr'><strong>mira</strong></span> <span class='ocrx_word' id='word_1_300' title='bbox 1498 3011 1827 3083; x_wconf 89' lang='lat' dir='ltr'><strong>pertinacia</strong></span> <span class='ocrx_word' id='word_1_301' title='bbox 1847 3018 1904 3068; x_wconf 91' lang='lat' dir='ltr'><strong>et</strong></span> <span class='ocrx_word' id='word_1_302' title='bbox 1942 3012 2172 3068; x_wconf 86' lang='lat' dir='ltr'><strong>fervore</strong></span> 
     </span>
    </p>
   </div>
   <div class='ocr_carea' id='block_1_49' title="bbox 521 3098 2171 3173">
    <p class='ocr_par' dir='ltr' id='par_1_49' title="bbox 521 3098 2171 3173">
     <span class='ocr_line' id='line_1_49' title="bbox 521 3098 2171 3173; baseline 0 -16"><span class='ocrx_word' id='word_1_303' title='bbox 521 3098 949 3157; x_wconf 84' lang='lat' dir='ltr'><strong>ardentissimo</strong></span> <span class='ocrx_word' id='word_1_304' title='bbox 985 3100 1065 3157; x_wconf 92' lang='lat' dir='ltr'><strong>ad</strong></span> <span class='ocrx_word' id='word_1_305' title='bbox 1101 3099 1364 3157; x_wconf 84' lang='lat' dir='ltr'><strong>veritatis</strong></span> <span class='ocrx_word' id='word_1_306' title='bbox 1402 3101 1793 3173; x_wconf 88' lang='lat' dir='ltr'><strong>rapiebantur</strong></span> <span class='ocrx_word' id='word_1_307' title='bbox 1830 3102 2171 3173; x_wconf 85' lang='lat' dir='ltr'><strong>vestigatio-</strong></span> 
     </span>
    </p>
   </div>
   <div class='ocr_carea' id='block_1_50' title="bbox 516 3190 2170 3264">
    <p class='ocr_par' dir='ltr' id='par_1_50' title="bbox 516 3190 2170 3264">
     <span class='ocr_line' id='line_1_50' title="bbox 516 3190 2170 3264; baseline 0.003 -20"><span class='ocrx_word' id='word_1_308' title='bbox 516 3192 889 3263; x_wconf 89' lang='lat' dir='ltr'><strong>nem.Neque</strong></span> <span class='ocrx_word' id='word_1_309' title='bbox 907 3190 1198 3247; x_wconf 90' lang='lat' dir='ltr'><strong>hactenus</strong></span> <span class='ocrx_word' id='word_1_310' title='bbox 1218 3191 1616 3248; x_wconf 89' lang='lat' dir='ltr'><strong>contentionis</strong></span> <span class='ocrx_word' id='word_1_311' title='bbox 1628 3192 1875 3248; x_wconf 87' lang='lat' dir='ltr'><strong>ﬂamma</strong></span> <span class='ocrx_word' id='word_1_312' title='bbox 1893 3193 2170 3264; x_wconf 83' lang='lat' dir='ltr'><strong>substitit,</strong></span> 
     </span>
    </p>
   </div>
   <div class='ocr_carea' id='block_1_51' title="bbox 522 3277 2175 3353">
    <p class='ocr_par' dir='ltr' id='par_1_51' title="bbox 522 3277 2175 3353">
     <span class='ocr_line' id='line_1_51' title="bbox 522 3277 2175 3353; baseline 0.004 -22"><span class='ocrx_word' id='word_1_313' title='bbox 522 3277 633 3332; x_wconf 85' lang='lat' dir='ltr'><strong>sed</strong></span> <span class='ocrx_word' id='word_1_314' title='bbox 645 3277 724 3333; x_wconf 90' lang='lat' dir='ltr'><strong>ad</strong></span> <span class='ocrx_word' id='word_1_315' title='bbox 740 3280 1095 3351; x_wconf 89' lang='lat' dir='ltr'><strong>popularem</strong></span> <span class='ocrx_word' id='word_1_316' title='bbox 1120 3296 1364 3353; x_wconf 90' lang='lat' dir='ltr'><strong>quoque</strong></span> <span class='ocrx_word' id='word_1_317' title='bbox 1385 3281 1629 3336; x_wconf 87' lang='lat' dir='ltr'><strong>turbam</strong></span> <span class='ocrx_word' id='word_1_318' title='bbox 1649 3281 1961 3353; x_wconf 88' lang='lat' dir='ltr'><strong>plebisque</strong></span> <span class='ocrx_word' id='word_1_319' title='bbox 1984 3282 2175 3337; x_wconf 90' lang='lat' dir='ltr'><strong>fecem</strong></span> 
     </span>
    </p>
   </div>
   <div class='ocr_carea' id='block_1_52' title="bbox 525 3362 2177 3439">
    <p class='ocr_par' dir='ltr' id='par_1_52' title="bbox 525 3362 2177 3439">
     <span class='ocr_line' id='line_1_52' title="bbox 525 3362 2177 3439; baseline 0.004 -20"><span class='ocrx_word' id='word_1_320' title='bbox 525 3362 1031 3423; x_wconf 83' lang='lat' dir='ltr'><strong>devenit.lnitium</strong></span> <span class='ocrx_word' id='word_1_321' title='bbox 1052 3369 1405 3439; x_wconf 73' lang='lat' dir='ltr'><strong>quaestionis</strong></span> <span class='ocrx_word' id='word_1_322' title='bbox 1427 3369 1539 3425; x_wconf 89' lang='lat' dir='ltr'><strong>fuit</strong></span> <span class='ocrx_word' id='word_1_323' title='bbox 1566 3385 1639 3424; x_wconf 85' lang='lat' dir='ltr'><strong>ex</strong></span> <span class='ocrx_word' id='word_1_324' title='bbox 1671 3369 1830 3426; x_wconf 91' lang='lat' dir='ltr'><strong>dicto</strong></span> <span class='ocrx_word' id='word_1_325' title='bbox 1856 3370 1979 3425; x_wconf 85' lang='lat' dir='ltr'><strong>veri</strong></span> <span class='ocrx_word' id='word_1_326' title='bbox 2005 3370 2103 3426; x_wconf 87' lang='lat' dir='ltr'><strong>Dei</strong></span> <span class='ocrx_word' id='word_1_327' title='bbox 2120 3373 2177 3425; x_wconf 83' lang='lat' dir='ltr'><strong>et</strong></span> 
     </span>
    </p>
   </div>
   <div class='ocr_carea' id='block_1_53' title="bbox 527 3454 2177 3530">
    <p class='ocr_par' dir='ltr' id='par_1_53' title="bbox 527 3454 2177 3530">
     <span class='ocr_line' id='line_1_53' title="bbox 527 3454 2177 3530; baseline 0.002 -20"><span class='ocrx_word' id='word_1_328' title='bbox 527 3454 858 3511; x_wconf 85' lang='lat' dir='ltr'><strong>Servatoris</strong></span> <span class='ocrx_word' id='word_1_329' title='bbox 887 3456 1079 3512; x_wconf 90' lang='lat' dir='ltr'><strong>nostri</strong></span> <span class='ocrx_word' id='word_1_330' title='bbox 1113 3459 1252 3514; x_wconf 83' lang='lat' dir='ltr'><strong>Jesu</strong></span> <span class='ocrx_word' id='word_1_331' title='bbox 1299 3457 1529 3525; x_wconf 89' lang='lat' dir='ltr'><strong>Christi,</strong></span> <span class='ocrx_word' id='word_1_332' title='bbox 1558 3474 1741 3530; x_wconf 90' lang='lat' dir='ltr'><strong>quem</strong></span> <span class='ocrx_word' id='word_1_333' title='bbox 1772 3459 1834 3514; x_wconf 91' lang='lat' dir='ltr'><strong>in</strong></span> <span class='ocrx_word' id='word_1_334' title='bbox 1876 3458 2177 3515; x_wconf 85' lang='lat' dir='ltr'><strong>Passionis</strong></span> 
     </span>
    </p>
   </div>
   <div class='ocr_carea' id='block_1_54' title="bbox 521 3542 2176 3619">
    <p class='ocr_par' dir='ltr' id='par_1_54' title="bbox 521 3542 2176 3619">
     <span class='ocr_line' id='line_1_54' title="bbox 521 3542 2176 3619; baseline 0.002 -20"><span class='ocrx_word' id='word_1_335' title='bbox 521 3547 697 3600; x_wconf 90' lang='lat' dir='ltr'><strong>nocte</strong></span> <span class='ocrx_word' id='word_1_336' title='bbox 736 3542 1065 3617; x_wconf 88' lang='lat' dir='ltr'><strong>discipulos</strong></span> <span class='ocrx_word' id='word_1_337' title='bbox 1116 3544 1524 3617; x_wconf 88' lang='lat' dir='ltr'><strong>alloquentem</strong></span> <span class='ocrx_word' id='word_1_338' title='bbox 1555 3547 1720 3619; x_wconf 91' lang='lat' dir='ltr'><strong>apud</strong></span> <span class='ocrx_word' id='word_1_339' title='bbox 1749 3547 2176 3618; x_wconf 85' lang='lat' dir='ltr'><strong>evangelistam</strong></span> 
     </span>
    </p>
   </div>
   <div class='ocr_carea' id='block_1_55' title="bbox 521 3633 2179 3708">
    <p class='ocr_par' dir='ltr' id='par_1_55' title="bbox 521 3633 2179 3708">
     <span class='ocr_line' id='line_1_55' title="bbox 521 3633 2179 3708; baseline 0.001 -19"><span class='ocrx_word' id='word_1_340' title='bbox 521 3635 816 3689; x_wconf 78' lang='lat' dir='ltr'><strong>Joannem</strong></span> <span class='ocrx_word' id='word_1_341' title='bbox 846 3633 1195 3704; x_wconf 86' lang='lat' dir='ltr'><strong>theologum</strong></span> <span class='ocrx_word' id='word_1_342' title='bbox 1223 3634 1353 3690; x_wconf 69' lang='lat' dir='ltr'><strong>haec</strong></span> <span class='ocrx_word' id='word_1_343' title='bbox 1405 3634 1599 3690; x_wconf 89' lang='lat' dir='ltr'><strong>dicere</strong></span> <span class='ocrx_word' id='word_1_344' title='bbox 1627 3636 2034 3708; x_wconf 90' lang='lat' dir='ltr'><strong>comperimus</strong></span> <span class='ocrx_word' id='word_1_345' title='bbox 2067 3653 2079 3690; x_wconf 91' lang='lat'>:</span> <span class='ocrx_word' id='word_1_346' title='bbox 2114 3636 2179 3692; x_wconf 82' lang='lat' dir='ltr'><strong>Si</strong></span> 
     </span>
    </p>
   </div>
   <div class='ocr_carea' id='block_1_56' title="bbox 524 3722 2176 3795">
    <p class='ocr_par' dir='ltr' id='par_1_56' title="bbox 524 3722 2176 3795">
     <span class='ocr_line' id='line_1_56' title="bbox 524 3722 2176 3795; baseline 0.001 -16"><span class='ocrx_word' id='word_1_347' title='bbox 524 3724 855 3795; x_wconf 73' lang='lat' dir='ltr'><strong>diligeretis</strong></span> <span class='ocrx_word' id='word_1_348' title='bbox 890 3738 1002 3790; x_wconf 89' lang='lat' dir='ltr'><strong>me,</strong></span> <span class='ocrx_word' id='word_1_349' title='bbox 1033 3722 1375 3794; x_wconf 78' lang='lat' dir='ltr'><strong>gauderetis</strong></span> <span class='ocrx_word' id='word_1_350' title='bbox 1404 3724 1629 3794; x_wconf 75' lang='lat' dir='ltr'><strong>utiqne,</strong></span> <span class='ocrx_word' id='word_1_351' title='bbox 1656 3724 1817 3794; x_wconf 84' lang='lat' dir='ltr'><strong>quod</strong></span> <span class='ocrx_word' id='word_1_352' title='bbox 1845 3724 1979 3779; x_wconf 72' lang='lat' dir='ltr'><strong>dixi</strong></span> <span class='ocrx_word' id='word_1_353' title='bbox 2014 3724 2176 3780; x_wconf 78' lang='lat' dir='ltr'><strong>vobis</strong></span> 
     </span>
    </p>
   </div>
   <div class='ocr_carea' id='block_1_57' title="bbox 523 3812 2175 3883">
    <p class='ocr_par' dir='ltr' id='par_1_57' title="bbox 523 3812 2175 3883">
     <span class='ocr_line' id='line_1_57' title="bbox 523 3812 2175 3883; baseline -0.001 -13"><span class='ocrx_word' id='word_1_354' title='bbox 523 3828 617 3871; x_wconf 87' lang='lat' dir='ltr'><strong>me</strong></span> <span class='ocrx_word' id='word_1_355' title='bbox 633 3815 723 3871; x_wconf 81' lang='lat' dir='ltr'><strong>ire</strong></span> <span class='ocrx_word' id='word_1_356' title='bbox 740 3814 822 3871; x_wconf 85' lang='lat' dir='ltr'><strong>ad</strong></span> <span class='ocrx_word' id='word_1_357' title='bbox 848 3813 1095 3871; x_wconf 80' lang='lat' dir='ltr'><strong>Patrem</strong></span> <span class='ocrx_word' id='word_1_358' title='bbox 1110 3830 1134 3876; x_wconf 87' lang='lat'><em>;</em></span> <span class='ocrx_word' id='word_1_359' title='bbox 1154 3812 1297 3883; x_wconf 83' lang='lat' dir='ltr'><strong>quia</strong></span> <span class='ocrx_word' id='word_1_360' title='bbox 1317 3812 1495 3867; x_wconf 82' lang='lat' dir='ltr'><strong>Pater</strong></span> <span class='ocrx_word' id='word_1_361' title='bbox 1513 3826 1674 3867; x_wconf 84' lang='lat' dir='ltr'><strong>meus</strong></span> <span class='ocrx_word' id='word_1_362' title='bbox 1696 3815 1897 3883; x_wconf 81' lang='lat' dir='ltr'><strong>major</strong></span> <span class='ocrx_word' id='word_1_363' title='bbox 1921 3829 2013 3869; x_wconf 88' lang='lat' dir='ltr'><strong>me</strong></span> <span class='ocrx_word' id='word_1_364' title='bbox 2032 3821 2114 3869; x_wconf 78' lang='lat' dir='ltr'><strong>est</strong></span> <span class='ocrx_word' id='word_1_365' title='bbox 2132 3815 2175 3868; x_wconf 76' lang='lat'><strong>&#39;.</strong></span> 
     </span>
    </p>
   </div>
   <div class='ocr_carea' id='block_1_58' title="bbox 520 3902 2180 3975">
    <p class='ocr_par' dir='ltr' id='par_1_58' title="bbox 520 3902 2180 3975">
     <span class='ocr_line' id='line_1_58' title="bbox 520 3902 2180 3975; baseline 0 -16"><span class='ocrx_word' id='word_1_366' title='bbox 520 3903 956 3975; x_wconf 81' lang='lat' dir='ltr'><strong>Ambigebatur</strong></span> <span class='ocrx_word' id='word_1_367' title='bbox 982 3904 1203 3974; x_wconf 90' lang='lat' dir='ltr'><strong>itaque,</strong></span> <span class='ocrx_word' id='word_1_368' title='bbox 1231 3915 1501 3974; x_wconf 90' lang='lat' dir='ltr'><strong>quanam</strong></span> <span class='ocrx_word' id='word_1_369' title='bbox 1531 3902 1760 3957; x_wconf 86' lang='lat' dir='ltr'><strong>ratione</strong></span> <span class='ocrx_word' id='word_1_370' title='bbox 1781 3917 1974 3975; x_wconf 88' lang='lat' dir='ltr'><strong>quove</strong></span> <span class='ocrx_word' id='word_1_371' title='bbox 1998 3919 2180 3959; x_wconf 91' lang='lat' dir='ltr'><strong>sensu</strong></span> 
     </span>
    </p>
   </div>
   <div class='ocr_carea' id='block_1_59' title="bbox 521 3988 1628 4064">
    <p class='ocr_par' dir='ltr' id='par_1_59' title="bbox 521 3988 1628 4064">
     <span class='ocr_line' id='line_1_59' title="bbox 521 3988 1628 4064; baseline -0.005 -15"><span class='ocrx_word' id='word_1_372' title='bbox 521 3993 720 4064; x_wconf 88' lang='lat' dir='ltr'><strong>major</strong></span> <span class='ocrx_word' id='word_1_373' title='bbox 749 3992 977 4049; x_wconf 87' lang='lat' dir='ltr'><strong>Christo</strong></span> <span class='ocrx_word' id='word_1_374' title='bbox 1005 3994 1177 4062; x_wconf 90' lang='lat' dir='ltr'><strong>pater</strong></span> <span class='ocrx_word' id='word_1_375' title='bbox 1205 3988 1628 4062; x_wconf 91' lang='lat' dir='ltr'><strong>appellaretur.</strong></span> 
     </span>
    </p>
   </div>
   <div class='ocr_carea' id='block_1_60' title="bbox 2289 1940 3895 2015">
    <p class='ocr_par' dir='ltr' id='par_1_60' title="bbox 2289 1940 3895 2015">
     <span class='ocr_line' id='line_1_60' title="bbox 2289 1940 3895 2015; baseline 0.004 -22"><span class='ocrx_word' id='word_1_376' title='bbox 2289 1941 2551 2002; x_wconf 69' lang='grc' dir='ltr'>εὐσεϐείας</span> <span class='ocrx_word' id='word_1_377' title='bbox 2597 1940 2907 2015; x_wconf 74' lang='grc' dir='ltr'>ὴνὸρὼσατο</span> <span class='ocrx_word' id='word_1_378' title='bbox 2942 1965 2953 1976; x_wconf 90' lang='grc'>·</span> <span class='ocrx_word' id='word_1_379' title='bbox 2981 1944 3034 1995; x_wconf 86' lang='grc' dir='ltr'>ὃν</span> <span class='ocrx_word' id='word_1_380' title='bbox 3089 1948 3223 1996; x_wconf 88' lang='grc' dir='ltr'><strong>κατά</strong></span> <span class='ocrx_word' id='word_1_381' title='bbox 3265 1950 3351 1997; x_wconf 85' lang='grc' dir='ltr'>τὸν</span> <span class='ocrx_word' id='word_1_382' title='bbox 3402 1944 3568 1999; x_wconf 64' lang='grc' dir='ltr'>Δαϐίδ</span> <span class='ocrx_word' id='word_1_383' title='bbox 3625 1952 3748 2007; x_wconf 80' lang='grc' dir='ltr'>Θεὸς</span> <span class='ocrx_word' id='word_1_384' title='bbox 3804 1948 3895 2011; x_wconf 81' lang='grc' dir='ltr'><strong>ἐξ-</strong></span> 
     </span>
    </p>
   </div>
   <div class='ocr_carea' id='block_1_61' title="bbox 2287 2030 3893 2107">
    <p class='ocr_par' dir='ltr' id='par_1_61' title="bbox 2287 2030 3893 2107">
     <span class='ocr_line' id='line_1_61' title="bbox 2287 2030 3893 2107; baseline 0.004 -26"><span class='ocrx_word' id='word_1_385' title='bbox 2287 2030 2523 2095; x_wconf 81' lang='grc' dir='ltr'>έλεξατο,</span> <span class='ocrx_word' id='word_1_386' title='bbox 2582 2033 2650 2092; x_wconf 82' lang='grc' dir='ltr'>ὡς</span> <span class='ocrx_word' id='word_1_387' title='bbox 2688 2033 2804 2082; x_wconf 85' lang='grc' dir='ltr'>κατ’</span> <span class='ocrx_word' id='word_1_388' title='bbox 2858 2031 3043 2084; x_wconf 80' lang='grc' dir='ltr'>ἐκεῖνον</span> <span class='ocrx_word' id='word_1_389' title='bbox 3104 2040 3393 2107; x_wconf 79' lang='grc' dir='ltr'>πραότατον</span> <span class='ocrx_word' id='word_1_390' title='bbox 3443 2039 3577 2086; x_wconf 89' lang='grc' dir='ltr'><strong>κατά</strong></span> <span class='ocrx_word' id='word_1_391' title='bbox 3620 2043 3712 2093; x_wconf 79' lang='grc' dir='ltr'><strong>την</strong></span> <span class='ocrx_word' id='word_1_392' title='bbox 3770 2037 3893 2088; x_wconf 79' lang='grc' dir='ltr'>ἐοιν-</span> 
     </span>
    </p>
   </div>
   <div class='ocr_carea' id='block_1_62' title="bbox 2283 2116 3894 2197">
    <p class='ocr_par' dir='ltr' id='par_1_62' title="bbox 2283 2116 3894 2197">
     <span class='ocr_line' id='line_1_62' title="bbox 2283 2116 3894 2197; baseline 0.004 -28"><span class='ocrx_word' id='word_1_393' title='bbox 2283 2126 2375 2169; x_wconf 79' lang='grc' dir='ltr'>τοῡ</span> <span class='ocrx_word' id='word_1_394' title='bbox 2402 2116 2626 2193; x_wconf 72' lang='grc' dir='ltr'>καρδίαν</span> <span class='ocrx_word' id='word_1_395' title='bbox 2677 2121 2979 2194; x_wconf 71' lang='grc' dir='ltr'>εὑράμενος,</span> <span class='ocrx_word' id='word_1_396' title='bbox 3037 2126 3125 2171; x_wconf 82' lang='grc' dir='ltr'><strong>καὶ</strong></span> <span class='ocrx_word' id='word_1_397' title='bbox 3164 2126 3292 2193; x_wconf 85' lang='grc' dir='ltr'>πρὸς</span> <span class='ocrx_word' id='word_1_398' title='bbox 3342 2128 3435 2179; x_wconf 79' lang='grc' dir='ltr'>τὴν</span> <span class='ocrx_word' id='word_1_399' title='bbox 3488 2132 3578 2175; x_wconf 73' lang='grc' dir='ltr'>τοῦ</span> <span class='ocrx_word' id='word_1_400' title='bbox 3632 2134 3894 2197; x_wconf 80' lang='grc' dir='ltr'>πατρικοῦ</span> 
     </span>
    </p>
   </div>
   <div class='ocr_carea' id='block_1_63' title="bbox 2287 2204 3896 2285">
    <p class='ocr_par' dir='ltr' id='par_1_63' title="bbox 2287 2204 3896 2285">
     <span class='ocr_line' id='line_1_63' title="bbox 2287 2204 3896 2285; baseline 0.002 -26"><span class='ocrx_word' id='word_1_401' title='bbox 2287 2212 2500 2279; x_wconf 69' lang='grc' dir='ltr'>στέφους</span> <span class='ocrx_word' id='word_1_402' title='bbox 2561 2204 2831 2279; x_wconf 68' lang='grc' dir='ltr'>διαδοχὴν</span> <span class='ocrx_word' id='word_1_403' title='bbox 2890 2219 2989 2261; x_wconf 84' lang='grc' dir='ltr'>τῶν</span> <span class='ocrx_word' id='word_1_404' title='bbox 3038 2208 3086 2260; x_wconf 85' lang='grc' dir='ltr'>ἐν</span> <span class='ocrx_word' id='word_1_405' title='bbox 3136 2207 3475 2283; x_wconf 62' lang='grc' dir='ltr'>αὑταὸέλφοις</span> <span class='ocrx_word' id='word_1_406' title='bbox 3532 2219 3896 2285; x_wconf 77' lang='grc' dir='ltr'>πρωτογεννὴ-</span> 
     </span>
    </p>
   </div>
   <div class='ocr_carea' id='block_1_64' title="bbox 2279 2296 3899 2375">
    <p class='ocr_par' dir='ltr' id='par_1_64' title="bbox 2279 2296 3899 2375">
     <span class='ocr_line' id='line_1_64' title="bbox 2279 2296 3899 2375; baseline 0.005 -30"><span class='ocrx_word' id='word_1_407' title='bbox 2279 2313 2379 2346; x_wconf 84' lang='grc' dir='ltr'><strong>των</strong></span> <span class='ocrx_word' id='word_1_408' title='bbox 2428 2300 2694 2368; x_wconf 82' lang='grc' dir='ltr'>προέκρινε</span> <span class='ocrx_word' id='word_1_409' title='bbox 2748 2298 2845 2364; x_wconf 86' lang='grc'><strong>(1),</strong></span> <span class='ocrx_word' id='word_1_410' title='bbox 2897 2303 2986 2349; x_wconf 84' lang='grc' dir='ltr'>καὶ</span> <span class='ocrx_word' id='word_1_411' title='bbox 3055 2296 3154 2349; x_wconf 86' lang='grc' dir='ltr'>ἀπὸ</span> <span class='ocrx_word' id='word_1_412' title='bbox 3213 2297 3467 2351; x_wconf 78' lang='grc' dir='ltr'>ἀνατολῶν</span> <span class='ocrx_word' id='word_1_413' title='bbox 3527 2301 3675 2358; x_wconf 74' lang='grc' dir='ltr'>ἡλίου</span> <span class='ocrx_word' id='word_1_414' title='bbox 3726 2306 3899 2375; x_wconf 65' lang='grc' dir='ltr'><strong>μέχρ,⁵</strong></span> 
     </span>
    </p>
   </div>
   <div class='ocr_carea' id='block_1_65' title="bbox 2283 2382 3900 2462">
    <p class='ocr_par' dir='ltr' id='par_1_65' title="bbox 2283 2382 3900 2462">
     <span class='ocr_line' id='line_1_65' title="bbox 2283 2382 3900 2462; baseline 0.005 -26"><span class='ocrx_word' id='word_1_415' title='bbox 2283 2382 2500 2458; x_wconf 80' lang='grc' dir='ltr'><strong>δυσμῶν</strong></span> <span class='ocrx_word' id='word_1_416' title='bbox 2551 2394 2659 2447; x_wconf 87' lang='grc' dir='ltr'>τοῖς</span> <span class='ocrx_word' id='word_1_417' title='bbox 2703 2388 2819 2438; x_wconf 86' lang='grc' dir='ltr'>κατ’</span> <span class='ocrx_word' id='word_1_418' title='bbox 2879 2386 3082 2460; x_wconf 77' lang='grc' dir='ltr'>ἐχθρῶν</span> <span class='ocrx_word' id='word_1_419' title='bbox 3140 2396 3406 2461; x_wconf 83' lang='grc' dir='ltr'>τροπαίοις</span> <span class='ocrx_word' id='word_1_420' title='bbox 3464 2390 3703 2462; x_wconf 78' lang='grc' dir='ltr'>ἐσέμνυνε</span> <span class='ocrx_word' id='word_1_421' title='bbox 3735 2411 3748 2422; x_wconf 93' lang='grc'><strong>·</strong></span> <span class='ocrx_word' id='word_1_422' title='bbox 3779 2398 3900 2445; x_wconf 79' lang='grc' dir='ltr'>τότε</span> 
     </span>
    </p>
   </div>
   <div class='ocr_carea' id='block_1_66' title="bbox 2282 2472 3898 2550">
    <p class='ocr_par' dir='ltr' id='par_1_66' title="bbox 2282 2472 3898 2550">
     <span class='ocr_line' id='line_1_66' title="bbox 2282 2472 3898 2550; baseline 0.005 -25"><span class='ocrx_word' id='word_1_423' title='bbox 2282 2472 2349 2533; x_wconf 80' lang='grc' dir='ltr'><strong>δὴ</strong></span> <span class='ocrx_word' id='word_1_424' title='bbox 2422 2480 2537 2526; x_wconf 83' lang='grc' dir='ltr'>τότε</span> <span class='ocrx_word' id='word_1_425' title='bbox 2596 2476 2808 2547; x_wconf 75' lang='grc' dir='ltr'>ζήτημά</span> <span class='ocrx_word' id='word_1_426' title='bbox 2858 2496 2909 2527; x_wconf 88' lang='grc' dir='ltr'><strong>τι</strong></span> <span class='ocrx_word' id='word_1_427' title='bbox 2954 2481 3080 2550; x_wconf 87' lang='grc' dir='ltr'>πρὸς</span> <span class='ocrx_word' id='word_1_428' title='bbox 3128 2483 3290 2549; x_wconf 82' lang='grc' dir='ltr'>μέσην</span> <span class='ocrx_word' id='word_1_429' title='bbox 3356 2479 3665 2536; x_wconf 85' lang='grc' dir='ltr'>Ἐκκλησίαν</span> <span class='ocrx_word' id='word_1_430' title='bbox 3722 2479 3898 2533; x_wconf 84' lang='grc' dir='ltr'>ἐνέπε-</span> 
     </span>
    </p>
   </div>
   <div class='ocr_carea' id='block_1_67' title="bbox 2283 2566 3897 2643">
    <p class='ocr_par' dir='ltr' id='par_1_67' title="bbox 2283 2566 3897 2643">
     <span class='ocr_line' id='line_1_67' title="bbox 2283 2566 3897 2643; baseline 0.004 -28"><span class='ocrx_word' id='word_1_431' title='bbox 2283 2581 2406 2615; x_wconf 86' lang='grc' dir='ltr'>σεν·</span> <span class='ocrx_word' id='word_1_432' title='bbox 2462 2566 2488 2615; x_wconf 85' lang='grc' dir='ltr'><strong>ὅ</strong></span> <span class='ocrx_word' id='word_1_433' title='bbox 2540 2569 2652 2631; x_wconf 88' lang='grc' dir='ltr'>καὶ,</span> <span class='ocrx_word' id='word_1_434' title='bbox 2711 2568 2847 2616; x_wconf 82' lang='grc' dir='ltr'>κατὰ</span> <span class='ocrx_word' id='word_1_435' title='bbox 2898 2569 3017 2627; x_wconf 82' lang='grc' dir='ltr'>τοὺς</span> <span class='ocrx_word' id='word_1_436' title='bbox 3074 2572 3166 2617; x_wconf 73' lang='grc' dir='ltr'>τοῦ</span> <span class='ocrx_word' id='word_1_437' title='bbox 3220 2570 3384 2641; x_wconf 82' lang='grc' dir='ltr'>πυρὸς</span> <span class='ocrx_word' id='word_1_438' title='bbox 3441 2571 3730 2643; x_wconf 74' lang='grc' dir='ltr'>σπινθῆρας</span> <span class='ocrx_word' id='word_1_439' title='bbox 3787 2568 3897 2622; x_wconf 89' lang='grc' dir='ltr'><strong>ἀπο</strong></span> 
     </span>
    </p>
   </div>
   <div class='ocr_carea' id='block_1_68' title="bbox 2283 2651 3896 2732">
    <p class='ocr_par' dir='ltr' id='par_1_68' title="bbox 2283 2651 3896 2732">
     <span class='ocr_line' id='line_1_68' title="bbox 2283 2651 3896 2732; baseline 0.006 -29"><span class='ocrx_word' id='word_1_440' title='bbox 2283 2651 2527 2725; x_wconf 80' lang='grc' dir='ltr'>βραχέων</span> <span class='ocrx_word' id='word_1_441' title='bbox 2559 2652 2854 2727; x_wconf 74' lang='grc' dir='ltr'>ἀρχάμενον</span> <span class='ocrx_word' id='word_1_442' title='bbox 2904 2660 3012 2716; x_wconf 85' lang='grc' dir='ltr'>τοῖς</span> <span class='ocrx_word' id='word_1_443' title='bbox 3057 2664 3152 2707; x_wconf 82' lang='grc' dir='ltr'>τῶν</span> <span class='ocrx_word' id='word_1_444' title='bbox 3204 2655 3257 2719; x_wconf 84' lang='grc' dir='ltr'><strong>ἔξ</strong></span> <span class='ocrx_word' id='word_1_445' title='bbox 3309 2657 3478 2729; x_wconf 83' lang='grc' dir='ltr'>ἐτέρας</span> <span class='ocrx_word' id='word_1_446' title='bbox 3534 2662 3658 2726; x_wconf 81' lang='grc' dir='ltr'>πρὸς</span> <span class='ocrx_word' id='word_1_447' title='bbox 3716 2658 3896 2732; x_wconf 77' lang='grc' dir='ltr'>ἑτέραν</span> 
     </span>
    </p>
   </div>
   <div class='ocr_carea' id='block_1_69' title="bbox 2283 2739 3896 2819">
    <p class='ocr_par' dir='ltr' id='par_1_69' title="bbox 2283 2739 3896 2819">
     <span class='ocr_line' id='line_1_69' title="bbox 2283 2739 3896 2819; baseline 0.004 -28"><span class='ocrx_word' id='word_1_448' title='bbox 2283 2739 2584 2793; x_wconf 77' lang='grc' dir='ltr'>ἀντιθέσεων</span> <span class='ocrx_word' id='word_1_449' title='bbox 2651 2746 2979 2814; x_wconf 74' lang='grc' dir='ltr'>πνεύμασιν,</span> <span class='ocrx_word' id='word_1_450' title='bbox 3050 2742 3133 2795; x_wconf 83' lang='grc' dir='ltr'><strong>ἐπὶ</strong></span> <span class='ocrx_word' id='word_1_451' title='bbox 3195 2748 3395 2819; x_wconf 79' lang='grc' dir='ltr'>πυρσὸν</span> <span class='ocrx_word' id='word_1_452' title='bbox 3458 2746 3728 2809; x_wconf 73' lang='grc' dir='ltr'>κατέληξεν</span> <span class='ocrx_word' id='word_1_453' title='bbox 3808 2745 3896 2800; x_wconf 78' lang='grc' dir='ltr'><strong>ἒν-</strong></span> 
     </span>
    </p>
   </div>
   <div class='ocr_carea' id='block_1_70' title="bbox 2281 2832 3897 2909">
    <p class='ocr_par' dir='ltr' id='par_1_70' title="bbox 2281 2832 3897 2909">
     <span class='ocr_line' id='line_1_70' title="bbox 2281 2832 3897 2909; baseline 0.004 -28"><span class='ocrx_word' id='word_1_454' title='bbox 2281 2835 2489 2903; x_wconf 86' lang='grc' dir='ltr'>αέριον,</span> <span class='ocrx_word' id='word_1_455' title='bbox 2540 2836 2630 2882; x_wconf 79' lang='grc' dir='ltr'>καὶ</span> <span class='ocrx_word' id='word_1_456' title='bbox 2679 2832 2849 2884; x_wconf 69' lang='grc' dir='ltr'>οὐκέτι</span> <span class='ocrx_word' id='word_1_457' title='bbox 2908 2837 3060 2904; x_wconf 81' lang='grc' dir='ltr'>μόνον</span> <span class='ocrx_word' id='word_1_458' title='bbox 3136 2839 3252 2908; x_wconf 83' lang='grc' dir='ltr'>περὶ</span> <span class='ocrx_word' id='word_1_459' title='bbox 3310 2839 3429 2896; x_wconf 78' lang='grc' dir='ltr'>τοὺς</span> <span class='ocrx_word' id='word_1_460' title='bbox 3483 2835 3897 2909; x_wconf 76' lang='grc' dir='ltr'>ἀρχιερατικούς</span> 
     </span>
    </p>
   </div>
   <div class='ocr_carea' id='block_1_71' title="bbox 2283 2918 3892 2996">
    <p class='ocr_par' dir='ltr' id='par_1_71' title="bbox 2283 2918 3892 2996">
     <span class='ocr_line' id='line_1_71' title="bbox 2283 2918 3892 2996; baseline 0.004 -26"><span class='ocrx_word' id='word_1_461' title='bbox 2283 2920 2552 2990; x_wconf 77' lang='grc' dir='ltr'>σταθμοὺς</span> <span class='ocrx_word' id='word_1_462' title='bbox 2604 2920 2967 2987; x_wconf 74' lang='grc' dir='ltr'>ὑπανηπτετο,</span> <span class='ocrx_word' id='word_1_463' title='bbox 3020 2919 3127 2971; x_wconf 85' lang='grc' dir='ltr'>ἀλλ’</span> <span class='ocrx_word' id='word_1_464' title='bbox 3184 2918 3289 2980; x_wconf 68' lang='grc' dir='ltr'><strong>ἠδη</strong></span> <span class='ocrx_word' id='word_1_465' title='bbox 3354 2928 3441 2974; x_wconf 86' lang='grc' dir='ltr'><strong>καὶ</strong></span> <span class='ocrx_word' id='word_1_466' title='bbox 3486 2928 3569 2974; x_wconf 84' lang='grc' dir='ltr'>τὸν</span> <span class='ocrx_word' id='word_1_467' title='bbox 3615 2933 3711 2975; x_wconf 84' lang='grc' dir='ltr'><strong>των</strong></span> <span class='ocrx_word' id='word_1_468' title='bbox 3745 2926 3892 2996; x_wconf 86' lang='grc' dir='ltr'>ἱερω-</span> 
     </span>
    </p>
   </div>
   <div class='ocr_carea' id='block_1_72' title="bbox 2284 3007 3895 3085">
    <p class='ocr_par' dir='ltr' id='par_1_72' title="bbox 2284 3007 3895 3085">
     <span class='ocr_line' id='line_1_72' title="bbox 2284 3007 3895 3085; baseline 0.004 -27"><span class='ocrx_word' id='word_1_469' title='bbox 2284 3011 2444 3079; x_wconf 88' lang='grc' dir='ltr'>μένων</span> <span class='ocrx_word' id='word_1_470' title='bbox 2496 3007 2781 3078; x_wconf 69' lang='grc' dir='ltr'>κατάλογον</span> <span class='ocrx_word' id='word_1_471' title='bbox 2842 3007 3104 3081; x_wconf 82' lang='grc' dir='ltr'>ἐπενέμετο</span> <span class='ocrx_word' id='word_1_472' title='bbox 3139 3029 3150 3040; x_wconf 93' lang='grc'><strong>·</strong></span> <span class='ocrx_word' id='word_1_473' title='bbox 3207 3015 3295 3063; x_wconf 85' lang='grc' dir='ltr'><strong>καὶ</strong></span> <span class='ocrx_word' id='word_1_474' title='bbox 3361 3012 3421 3063; x_wconf 65' lang='grc' dir='ltr'>οὗ</span> <span class='ocrx_word' id='word_1_475' title='bbox 3474 3020 3653 3064; x_wconf 73' lang='grc' dir='ltr'>τοῦτον</span> <span class='ocrx_word' id='word_1_476' title='bbox 3711 3018 3895 3085; x_wconf 76' lang='grc' dir='ltr'>μόνον,</span> 
     </span>
    </p>
   </div>
   <div class='ocr_carea' id='block_1_73' title="bbox 2287 3094 3892 3173">
    <p class='ocr_par' dir='ltr' id='par_1_73' title="bbox 2287 3094 3892 3173">
     <span class='ocr_line' id='line_1_73' title="bbox 2287 3094 3892 3173; baseline 0.006 -28"><span class='ocrx_word' id='word_1_477' title='bbox 2287 3094 2414 3145; x_wconf 84' lang='grc' dir='ltr'>ἀλλὰ</span> <span class='ocrx_word' id='word_1_478' title='bbox 2468 3099 2559 3146; x_wconf 86' lang='grc' dir='ltr'><strong>καὶ</strong></span> <span class='ocrx_word' id='word_1_479' title='bbox 2624 3094 2781 3156; x_wconf 85' lang='grc' dir='ltr'>ὃσους</span> <span class='ocrx_word' id='word_1_480' title='bbox 2846 3106 2944 3148; x_wconf 81' lang='grc' dir='ltr'><strong>τῶν</strong></span> <span class='ocrx_word' id='word_1_481' title='bbox 3015 3096 3219 3149; x_wconf 78' lang='grc' dir='ltr'>ἐντελῶν</span> <span class='ocrx_word' id='word_1_482' title='bbox 3296 3099 3459 3170; x_wconf 65' lang='grc' dir='ltr'>αὐχεῖ</span> <span class='ocrx_word' id='word_1_483' title='bbox 3502 3103 3569 3152; x_wconf 84' lang='grc' dir='ltr'><strong>τὰ</strong></span> <span class='ocrx_word' id='word_1_484' title='bbox 3619 3099 3892 3173; x_wconf 74' lang='grc' dir='ltr'>βασίλεια,</span> 
     </span>
    </p>
   </div>
   <div class='ocr_carea' id='block_1_74' title="bbox 2289 3182 3901 3265">
    <p class='ocr_par' dir='ltr' id='par_1_74' title="bbox 2289 3182 3901 3265">
     <span class='ocr_line' id='line_1_74' title="bbox 2289 3182 3901 3265; baseline 0.006 -31"><span class='ocrx_word' id='word_1_485' title='bbox 2289 3182 2579 3256; x_wconf 72' lang='grc' dir='ltr'>σύγκλητόν</span> <span class='ocrx_word' id='word_1_486' title='bbox 2634 3203 2688 3236; x_wconf 85' lang='grc' dir='ltr'><strong>τε</strong></span> <span class='ocrx_word' id='word_1_487' title='bbox 2742 3184 2870 3256; x_wconf 83' lang='grc' dir='ltr'>οἶμα,</span> <span class='ocrx_word' id='word_1_488' title='bbox 2957 3191 3047 3238; x_wconf 83' lang='grc' dir='ltr'><strong>καὶ</strong></span> <span class='ocrx_word' id='word_1_489' title='bbox 3119 3192 3241 3247; x_wconf 81' lang='grc' dir='ltr'>τοὺς</span> <span class='ocrx_word' id='word_1_490' title='bbox 3292 3187 3457 3249; x_wconf 65' lang='grc' dir='ltr'>ὧλως</span> <span class='ocrx_word' id='word_1_491' title='bbox 3535 3191 3599 3242; x_wconf 82' lang='grc' dir='ltr'><strong>τὰ</strong></span> <span class='ocrx_word' id='word_1_492' title='bbox 3674 3190 3901 3265; x_wconf 81' lang='grc' dir='ltr'>λαμπρά</span> 
     </span>
    </p>
   </div>
   <div class='ocr_carea' id='block_1_75' title="bbox 2285 3272 3898 3351">
    <p class='ocr_par' dir='ltr' id='par_1_75' title="bbox 2285 3272 3898 3351">
     <span class='ocr_line' id='line_1_75' title="bbox 2285 3272 3898 3351; baseline 0.004 -26"><span class='ocrx_word' id='word_1_493' title='bbox 2285 3272 2684 3344; x_wconf 72' lang='grc' dir='ltr'>περιπολοῦντας</span> <span class='ocrx_word' id='word_1_494' title='bbox 2747 3272 3007 3347; x_wconf 74' lang='grc' dir='ltr'>ἀνάκτορα</span> <span class='ocrx_word' id='word_1_495' title='bbox 3037 3320 3051 3343; x_wconf 91' lang='grc'><strong>,</strong></span> <span class='ocrx_word' id='word_1_496' title='bbox 3103 3275 3145 3327; x_wconf 85' lang='grc' dir='ltr'>εὶ</span> <span class='ocrx_word' id='word_1_497' title='bbox 3210 3282 3298 3329; x_wconf 85' lang='grc' dir='ltr'><strong>καὶ</strong></span> <span class='ocrx_word' id='word_1_498' title='bbox 3366 3282 3437 3349; x_wconf 82' lang='grc' dir='ltr'>μὴ</span> <span class='ocrx_word' id='word_1_499' title='bbox 3498 3281 3694 3341; x_wconf 81' lang='grc' dir='ltr'>πάντας</span> <span class='ocrx_word' id='word_1_500' title='bbox 3747 3277 3898 3351; x_wconf 79' lang='grc' dir='ltr'>εἶχεν</span> 
     </span>
    </p>
   </div>
   <div class='ocr_carea' id='block_1_76' title="bbox 2287 3361 3901 3441">
    <p class='ocr_par' dir='ltr' id='par_1_76' title="bbox 2287 3361 3901 3441">
     <span class='ocr_line' id='line_1_76' title="bbox 2287 3361 3901 3441; baseline 0.004 -28"><span class='ocrx_word' id='word_1_501' title='bbox 2287 3361 2717 3435; x_wconf 70' lang='grc' dir='ltr'>ἐκτεφρουμένους</span> <span class='ocrx_word' id='word_1_502' title='bbox 2810 3370 2899 3415; x_wconf 86' lang='grc' dir='ltr'><strong>καὶ</strong></span> <span class='ocrx_word' id='word_1_503' title='bbox 2996 3363 3270 3436; x_wconf 77' lang='grc' dir='ltr'>λυομένους</span> <span class='ocrx_word' id='word_1_504' title='bbox 3308 3408 3324 3435; x_wconf 90' lang='grc'><strong>,</strong></span> <span class='ocrx_word' id='word_1_505' title='bbox 3427 3366 3901 3441; x_wconf 79' lang='grc' dir='ltr'>ἀνθρακιζομένους</span> 
     </span>
    </p>
   </div>
   <div class='ocr_carea' id='block_1_77' title="bbox 2289 3448 3900 3531">
    <p class='ocr_par' dir='ltr' id='par_1_77' title="bbox 2289 3448 3900 3531">
     <span class='ocr_line' id='line_1_77' title="bbox 2289 3448 3900 3531; baseline 0.002 -28"><span class='ocrx_word' id='word_1_506' title='bbox 2289 3448 2348 3503; x_wconf 82' lang='grc' dir='ltr'><em>δέ</em></span> <span class='ocrx_word' id='word_1_507' title='bbox 2412 3471 2554 3513; x_wconf 87' lang='grc' dir='ltr'>τινας</span> <span class='ocrx_word' id='word_1_508' title='bbox 2601 3451 2789 3523; x_wconf 78' lang='grc' dir='ltr'>μᾶλλον</span> <span class='ocrx_word' id='word_1_509' title='bbox 2846 3461 2919 3523; x_wconf 78' lang='grc' dir='ltr'>τῷ</span> <span class='ocrx_word' id='word_1_510' title='bbox 2973 3472 3062 3504; x_wconf 84' lang='grc' dir='ltr'>του</span> <span class='ocrx_word' id='word_1_511' title='bbox 3113 3461 3209 3516; x_wconf 80' lang='grc' dir='ltr'>τῆς</span> <span class='ocrx_word' id='word_1_512' title='bbox 3262 3455 3505 3517; x_wconf 75' lang='grc' dir='ltr'>ἀληθείας</span> <span class='ocrx_word' id='word_1_513' title='bbox 3573 3459 3752 3531; x_wconf 77' lang='grc' dir='ltr'>ἔρωτος</span> <span class='ocrx_word' id='word_1_514' title='bbox 3793 3454 3900 3529; x_wconf 80' lang='grc' dir='ltr'><strong>ἐμ-</strong></span> 
     </span>
    </p>
   </div>
   <div class='ocr_carea' id='block_1_78' title="bbox 2286 3537 3901 3619">
    <p class='ocr_par' dir='ltr' id='par_1_78' title="bbox 2286 3537 3901 3619">
     <span class='ocr_line' id='line_1_78' title="bbox 2286 3537 3901 3619; baseline 0.005 -29"><span class='ocrx_word' id='word_1_515' title='bbox 2286 3542 2601 3612; x_wconf 81' lang='grc' dir='ltr'>πυρεύματι.</span> <span class='ocrx_word' id='word_1_516' title='bbox 2636 3539 2710 3592; x_wconf 72' lang='grc' dir='ltr'><strong>Οὗ</strong></span> <span class='ocrx_word' id='word_1_517' title='bbox 2741 3544 2904 3616; x_wconf 80' lang='grc' dir='ltr'>μέχρι</span> <span class='ocrx_word' id='word_1_518' title='bbox 2956 3537 3014 3593; x_wconf 75' lang='grc' dir='ltr'><strong>δὲ</strong></span> <span class='ocrx_word' id='word_1_519' title='bbox 3064 3546 3249 3594; x_wconf 80' lang='grc' dir='ltr'>τούτου</span> <span class='ocrx_word' id='word_1_520' title='bbox 3282 3547 3346 3596; x_wconf 77' lang='grc' dir='ltr'>τὰ</span> <span class='ocrx_word' id='word_1_521' title='bbox 3375 3553 3465 3605; x_wconf 76' lang='grc' dir='ltr'>τῆς</span> <span class='ocrx_word' id='word_1_522' title='bbox 3520 3545 3703 3615; x_wconf 76' lang='grc' dir='ltr'>φλογὸς</span> <span class='ocrx_word' id='word_1_523' title='bbox 3745 3565 3901 3619; x_wconf 83' lang='grc' dir='ltr'>περι-</span> 
     </span>
    </p>
   </div>
   <div class='ocr_carea' id='block_1_79' title="bbox 2291 3628 3904 3709">
    <p class='ocr_par' dir='ltr' id='par_1_79' title="bbox 2291 3628 3904 3709">
     <span class='ocr_line' id='line_1_79' title="bbox 2291 3628 3904 3709; baseline 0.004 -29"><span class='ocrx_word' id='word_1_524' title='bbox 2291 3633 2473 3681; x_wconf 86' lang='grc' dir='ltr'>ίστατο</span> <span class='ocrx_word' id='word_1_525' title='bbox 2501 3672 2513 3695; x_wconf 91' lang='grc'><strong>,</strong></span> <span class='ocrx_word' id='word_1_526' title='bbox 2575 3628 2700 3681; x_wconf 77' lang='grc' dir='ltr'>ἀλλά</span> <span class='ocrx_word' id='word_1_527' title='bbox 2738 3650 2797 3701; x_wconf 74' lang='grc' dir='ltr'>γε</span> <span class='ocrx_word' id='word_1_528' title='bbox 2840 3635 2929 3682; x_wconf 82' lang='grc' dir='ltr'><strong>καὶ</strong></span> <span class='ocrx_word' id='word_1_529' title='bbox 2982 3634 3068 3683; x_wconf 86' lang='grc' dir='ltr'>τὸν</span> <span class='ocrx_word' id='word_1_530' title='bbox 3114 3628 3350 3703; x_wconf 75' lang='grc' dir='ltr'>ἀγελαῖον</span> <span class='ocrx_word' id='word_1_531' title='bbox 3408 3633 3565 3706; x_wconf 73' lang='grc' dir='ltr'>ὄχλον</span> <span class='ocrx_word' id='word_1_532' title='bbox 3618 3640 3707 3687; x_wconf 83' lang='grc' dir='ltr'>καὶ</span> <span class='ocrx_word' id='word_1_533' title='bbox 3765 3640 3904 3709; x_wconf 72' lang='grc' dir='ltr'>σύρ-</span> 
     </span>
    </p>
   </div>
   <div class='ocr_carea' id='block_1_80' title="bbox 2290 3718 3899 3797">
    <p class='ocr_par' dir='ltr' id='par_1_80' title="bbox 2290 3718 3899 3797">
     <span class='ocr_line' id='line_1_80' title="bbox 2290 3718 3899 3797; baseline 0.006 -29"><span class='ocrx_word' id='word_1_534' title='bbox 2290 3737 2428 3790; x_wconf 74' lang='grc' dir='ltr'>φακα</span> <span class='ocrx_word' id='word_1_535' title='bbox 2478 3727 2571 3779; x_wconf 79' lang='grc' dir='ltr'>τῆς</span> <span class='ocrx_word' id='word_1_536' title='bbox 2638 3718 2823 3770; x_wconf 77' lang='grc' dir='ltr'>ἑαυτου</span> <span class='ocrx_word' id='word_1_537' title='bbox 2901 3728 3155 3792; x_wconf 80' lang='grc' dir='ltr'>πυρκαῑᾶς</span> <span class='ocrx_word' id='word_1_538' title='bbox 3213 3720 3404 3774; x_wconf 82' lang='grc' dir='ltr'>ἐτίθετο</span> <span class='ocrx_word' id='word_1_539' title='bbox 3478 3728 3760 3797; x_wconf 73' lang='grc' dir='ltr'>παρέργου.</span> <span class='ocrx_word' id='word_1_540' title='bbox 3822 3730 3899 3778; x_wconf 83' lang='grc' dir='ltr'><strong>Τὸ</strong></span> 
     </span>
    </p>
   </div>
   <div class='ocr_carea' id='block_1_81' title="bbox 2291 3803 3905 3882">
    <p class='ocr_par' dir='ltr' id='par_1_81' title="bbox 2291 3803 3905 3882">
     <span class='ocr_line' id='line_1_81' title="bbox 2291 3803 3905 3882; baseline 0.004 -24"><span class='ocrx_word' id='word_1_541' title='bbox 2291 3803 2350 3859; x_wconf 78' lang='grc' dir='ltr'><strong>δὲ</strong></span> <span class='ocrx_word' id='word_1_542' title='bbox 2384 3810 2590 3879; x_wconf 78' lang='grc' dir='ltr'>ζήτημα</span> <span class='ocrx_word' id='word_1_543' title='bbox 2640 3813 2757 3882; x_wconf 79' lang='grc' dir='ltr'>περὶ</span> <span class='ocrx_word' id='word_1_544' title='bbox 2814 3816 2909 3869; x_wconf 83' lang='grc' dir='ltr'>τῆς</span> <span class='ocrx_word' id='word_1_545' title='bbox 2950 3828 3039 3860; x_wconf 86' lang='grc' dir='ltr'>του</span> <span class='ocrx_word' id='word_1_546' title='bbox 3095 3808 3341 3865; x_wconf 72' lang='grc' dir='ltr'>ἀληθινοῦ</span> <span class='ocrx_word' id='word_1_547' title='bbox 3402 3819 3534 3865; x_wconf 74' lang='grc' dir='ltr'>Θεοῦ</span> <span class='ocrx_word' id='word_1_548' title='bbox 3588 3817 3675 3864; x_wconf 86' lang='grc' dir='ltr'>καὶ</span> <span class='ocrx_word' id='word_1_549' title='bbox 3720 3819 3905 3872; x_wconf 75' lang='grc' dir='ltr'><strong>Σωτῆο</strong></span> 
     </span>
    </p>
   </div>
   <div class='ocr_carea' id='block_1_82' title="bbox 2292 3896 3901 3974">
    <p class='ocr_par' dir='ltr' id='par_1_82' title="bbox 2292 3896 3901 3974">
     <span class='ocr_line' id='line_1_82' title="bbox 2292 3896 3901 3974; baseline 0.003 -27"><span class='ocrx_word' id='word_1_550' title='bbox 2292 3915 2377 3970; x_wconf 89' lang='grc' dir='ltr'><strong>ρος</strong></span> <span class='ocrx_word' id='word_1_551' title='bbox 2423 3896 2568 3966; x_wconf 78' lang='grc' dir='ltr'>ἡμῶν</span> <span class='ocrx_word' id='word_1_552' title='bbox 2608 3897 2789 3953; x_wconf 75' lang='grc' dir='ltr'>Ἰησοῦ</span> <span class='ocrx_word' id='word_1_553' title='bbox 2836 3902 3069 3970; x_wconf 75' lang='grc' dir='ltr'>Χριστοῦ</span> <span class='ocrx_word' id='word_1_554' title='bbox 3121 3908 3291 3970; x_wconf 72' lang='grc' dir='ltr'>φωνῆς</span> <span class='ocrx_word' id='word_1_555' title='bbox 3345 3898 3520 3974; x_wconf 78' lang='grc' dir='ltr'>ἀρχῆς</span> <span class='ocrx_word' id='word_1_556' title='bbox 3577 3899 3631 3951; x_wconf 85' lang='grc' dir='ltr'>ἐκ</span> <span class='ocrx_word' id='word_1_557' title='bbox 3676 3907 3901 3973; x_wconf 77' lang='grc' dir='ltr'>πρώτης</span> 
     </span>
    </p>
   </div>
   <div class='ocr_carea' id='block_1_83' title="bbox 2282 3982 2684 4057">
    <p class='ocr_par' dir='ltr' id='par_1_83' title="bbox 2282 3982 2684 4057">
     <span class='ocr_line' id='line_1_83' title="bbox 2282 3982 2684 4057; baseline -0.005 -20"><span class='ocrx_word' id='word_1_558' title='bbox 2282 3982 2636 4057; x_wconf 73' lang='grc' dir='ltr'>προύϐέϐλητο</span> <span class='ocrx_word' id='word_1_559' title='bbox 2673 4005 2684 4017; x_wconf 89' lang='grc'><strong>·</strong></span> 
     </span>
    </p>
   </div>
   <div class='ocr_carea' id='block_1_84' title="bbox 2737 3988 3902 4060">
    <p class='ocr_par' dir='ltr' id='par_1_84' title="bbox 2737 3988 3902 4060">
     <span class='ocr_line' id='line_1_84' title="bbox 2737 3988 3902 4060; baseline 0.006 -25"><span class='ocrx_word' id='word_1_560' title='bbox 2737 3988 2799 4042; x_wconf 81' lang='grc' dir='ltr'><strong>ἦν</strong></span> <span class='ocrx_word' id='word_1_561' title='bbox 2848 3993 2908 4058; x_wconf 75' lang='grc' dir='ltr'>τῇ</span> <span class='ocrx_word' id='word_1_562' title='bbox 2971 4006 3062 4038; x_wconf 82' lang='grc' dir='ltr'>του</span> <span class='ocrx_word' id='word_1_563' title='bbox 3106 3989 3306 4049; x_wconf 76' lang='grc' dir='ltr'>πάθους</span> <span class='ocrx_word' id='word_1_564' title='bbox 3362 3993 3510 4040; x_wconf 82' lang='grc' dir='ltr'>νυκτὶ</span> <span class='ocrx_word' id='word_1_565' title='bbox 3556 3997 3660 4049; x_wconf 86' lang='grc' dir='ltr'>τοῖς</span> <span class='ocrx_word' id='word_1_566' title='bbox 3719 3992 3902 4060; x_wconf 71' lang='grc' dir='ltr'><strong>μαθης⁵</strong></span> 
     </span>
    </p>
   </div>
   <div class='ocr_carea' id='block_1_85' title="bbox 519 4074 3899 4153">
    <p class='ocr_par' dir='ltr' id='par_1_85' title="bbox 519 4074 3899 4153">
     <span class='ocr_line' id='line_1_85' title="bbox 519 4074 3899 4153; baseline -0 -21"><span class='ocrx_word' id='word_1_567' title='bbox 519 4088 638 4140; x_wconf 85' lang='grc' dir='ltr'>ταῖς</span> <span class='ocrx_word' id='word_1_568' title='bbox 667 4081 859 4153; x_wconf 83' lang='grc' dir='ltr'>ὁμιλῶν</span> <span class='ocrx_word' id='word_1_569' title='bbox 886 4082 1031 4153; x_wconf 81' lang='grc' dir='ltr'>παρὰ</span> <span class='ocrx_word' id='word_1_570' title='bbox 1049 4088 1121 4151; x_wconf 83' lang='grc' dir='ltr'>τῷ</span> <span class='ocrx_word' id='word_1_571' title='bbox 1143 4078 1481 4152; x_wconf 59' lang='grc' dir='ltr'>εὐαγγελιστῇ</span> <span class='ocrx_word' id='word_1_572' title='bbox 1515 4080 1725 4152; x_wconf 76' lang='grc' dir='ltr'>Ἰωάννῃ</span> <span class='ocrx_word' id='word_1_573' title='bbox 1770 4085 1859 4133; x_wconf 88' lang='grc' dir='ltr'>καὶ</span> <span class='ocrx_word' id='word_1_574' title='bbox 1901 4081 2123 4152; x_wconf 77' lang='grc' dir='ltr'>θεολόγῳ</span> <span class='ocrx_word' id='word_1_575' title='bbox 2170 4078 2331 4147; x_wconf 71' lang='grc' dir='ltr'>λέγων</span> <span class='ocrx_word' id='word_1_576' title='bbox 2358 4075 2656 4145; x_wconf 69' lang='grc' dir='ltr'>εὑρίσκεται</span> <span class='ocrx_word' id='word_1_577' title='bbox 2691 4091 2701 4103; x_wconf 80' lang='grc'><em>’</em></span> <span class='ocrx_word' id='word_1_578' title='bbox 2744 4074 2805 4127; x_wconf 85' lang='grc' dir='ltr'><strong>Εἰ</strong></span> <span class='ocrx_word' id='word_1_579' title='bbox 2849 4075 3088 4145; x_wconf 76' lang='grc' dir='ltr'>ἠγαπᾶτέ</span> <span class='ocrx_word' id='word_1_580' title='bbox 3128 4075 3450 4150; x_wconf 79' lang='grc' dir='ltr'>με,ἐχάρητε</span> <span class='ocrx_word' id='word_1_581' title='bbox 3500 4080 3582 4146; x_wconf 84' lang='grc' dir='ltr'>οἷν,</span> <span class='ocrx_word' id='word_1_582' title='bbox 3607 4078 3686 4130; x_wconf 85' lang='grc' dir='ltr'>ὁτι</span> <span class='ocrx_word' id='word_1_583' title='bbox 3724 4075 3899 4149; x_wconf 77' lang='grc' dir='ltr'>εἷπον,</span> 
     </span>
    </p>
   </div>
   <div class='ocr_carea' id='block_1_86' title="bbox 518 4159 3904 4245">
    <p class='ocr_par' dir='ltr' id='par_1_86' title="bbox 518 4159 3904 4245">
     <span class='ocr_line' id='line_1_86' title="bbox 518 4159 3904 4245; baseline 0.002 -33"><span class='ocrx_word' id='word_1_584' title='bbox 518 4172 817 4244; x_wconf 75' lang='grc' dir='ltr'>Πορεύομαι</span> <span class='ocrx_word' id='word_1_585' title='bbox 847 4173 979 4242; x_wconf 81' lang='grc' dir='ltr'>πρὸς</span> <span class='ocrx_word' id='word_1_586' title='bbox 1014 4172 1102 4221; x_wconf 79' lang='grc' dir='ltr'>τὸν</span> <span class='ocrx_word' id='word_1_587' title='bbox 1145 4172 1351 4242; x_wconf 82' lang='grc' dir='ltr'>Πατέρα</span> <span class='ocrx_word' id='word_1_588' title='bbox 1383 4185 1395 4198; x_wconf 88' lang='grc'><strong>·</strong></span> <span class='ocrx_word' id='word_1_589' title='bbox 1425 4169 1505 4221; x_wconf 83' lang='grc' dir='ltr'><strong>ὃτι</strong></span> <span class='ocrx_word' id='word_1_590' title='bbox 1535 4170 1562 4221; x_wconf 80' lang='grc' dir='ltr'>ὁ</span> <span class='ocrx_word' id='word_1_591' title='bbox 1594 4174 1774 4245; x_wconf 78' lang='grc' dir='ltr'>Πατήρ</span> <span class='ocrx_word' id='word_1_592' title='bbox 1825 4190 1924 4242; x_wconf 74' lang='grc' dir='ltr'><strong>μου</strong></span> <span class='ocrx_word' id='word_1_593' title='bbox 1979 4171 2169 4243; x_wconf 77' lang='grc' dir='ltr'>μείζων</span> <span class='ocrx_word' id='word_1_594' title='bbox 2219 4184 2318 4238; x_wconf 86' lang='grc' dir='ltr'>μου</span> <span class='ocrx_word' id='word_1_595' title='bbox 2364 4162 2498 4216; x_wconf 84' lang='grc' dir='ltr'>ἐστι.</span> <span class='ocrx_word' id='word_1_596' title='bbox 2525 4169 2643 4222; x_wconf 85' lang='grc' dir='ltr'><strong>Πῶς</strong></span> <span class='ocrx_word' id='word_1_597' title='bbox 2682 4159 2768 4214; x_wconf 76' lang='grc' dir='ltr'>οὖν</span> <span class='ocrx_word' id='word_1_598' title='bbox 2800 4168 2889 4216; x_wconf 84' lang='grc' dir='ltr'>καὶ</span> <span class='ocrx_word' id='word_1_599' title='bbox 2940 4167 3076 4216; x_wconf 85' lang='grc' dir='ltr'><strong>κατά</strong></span> <span class='ocrx_word' id='word_1_600' title='bbox 3129 4185 3248 4217; x_wconf 89' lang='grc' dir='ltr'>τινα</span> <span class='ocrx_word' id='word_1_601' title='bbox 3296 4172 3484 4241; x_wconf 77' lang='grc' dir='ltr'>τρόπον</span> <span class='ocrx_word' id='word_1_602' title='bbox 3532 4172 3620 4219; x_wconf 82' lang='grc' dir='ltr'>καὶ</span> <span class='ocrx_word' id='word_1_603' title='bbox 3657 4168 3771 4219; x_wconf 85' lang='grc' dir='ltr'>οἷαν</span> <span class='ocrx_word' id='word_1_604' title='bbox 3803 4174 3904 4228; x_wconf 73' lang='grc' dir='ltr'>τὴν</span> 
     </span>
    </p>
   </div>
   <div class='ocr_carea' id='block_1_87' title="bbox 528 4255 2273 4335">
    <p class='ocr_par' dir='ltr' id='par_1_87' title="bbox 528 4255 2273 4335">
     <span class='ocr_line' id='line_1_87' title="bbox 528 4255 2273 4335; baseline -0.002 -24"><span class='ocrx_word' id='word_1_605' title='bbox 528 4255 772 4330; x_wconf 71' lang='grc' dir='ltr'>ἰκδοχὴν</span> <span class='ocrx_word' id='word_1_606' title='bbox 810 4259 1001 4331; x_wconf 81' lang='grc' dir='ltr'>μείζων</span> <span class='ocrx_word' id='word_1_607' title='bbox 1032 4258 1192 4311; x_wconf 77' lang='grc' dir='ltr'>αὐτου</span> <span class='ocrx_word' id='word_1_608' title='bbox 1221 4260 1248 4309; x_wconf 87' lang='grc' dir='ltr'><strong><em>ὁ</em></strong></span> <span class='ocrx_word' id='word_1_609' title='bbox 1282 4263 1461 4332; x_wconf 80' lang='grc' dir='ltr'>Πατὴρ</span> <span class='ocrx_word' id='word_1_610' title='bbox 1497 4259 1815 4331; x_wconf 85' lang='grc' dir='ltr'>ὠνόμασται,</span> <span class='ocrx_word' id='word_1_611' title='bbox 1851 4257 2147 4335; x_wconf 73' lang='grc' dir='ltr'>διηπόρητο</span> 
     </span>
    </p>
   </div>
   <div class='ocr_carea' id='block_1_88' title="bbox 592 4347 2181 4421">
    <p class='ocr_par' dir='ltr' id='par_1_88' title="bbox 592 4347 2181 4421">
     <span class='ocr_line' id='line_1_88' title="bbox 592 4347 2181 4421; baseline -0.001 -16"><span class='ocrx_word' id='word_1_612' title='bbox 592 4351 654 4405; x_wconf 79' lang='lat'><strong>2.</strong></span> <span class='ocrx_word' id='word_1_613' title='bbox 688 4347 799 4404; x_wconf 89' lang='lat' dir='ltr'><strong>Alii</strong></span> <span class='ocrx_word' id='word_1_614' title='bbox 840 4347 1087 4420; x_wconf 90' lang='lat' dir='ltr'><strong>quidem</strong></span> <span class='ocrx_word' id='word_1_615' title='bbox 1124 4347 1599 4419; x_wconf 85' lang='lat' dir='ltr'><strong>pertinacissime</strong></span> <span class='ocrx_word' id='word_1_616' title='bbox 1655 4348 1838 4405; x_wconf 88' lang='lat' dir='ltr'><strong>verba</strong></span> <span class='ocrx_word' id='word_1_617' title='bbox 1888 4350 2016 4405; x_wconf 63' lang='lat' dir='ltr'><strong>haec</strong></span> <span class='ocrx_word' id='word_1_618' title='bbox 2045 4365 2181 4421; x_wconf 89' lang='lat' dir='ltr'><strong>pro-</strong></span> 
     </span>
    </p>
   </div>
   <div class='ocr_carea' id='block_1_89' title="bbox 524 4436 2184 4509">
    <p class='ocr_par' dir='ltr' id='par_1_89' title="bbox 524 4436 2184 4509">
     <span class='ocr_line' id='line_1_89' title="bbox 524 4436 2184 4509; baseline -0.002 -14"><span class='ocrx_word' id='word_1_619' title='bbox 524 4438 804 4495; x_wconf 87' lang='lat' dir='ltr'><strong>nuntiata</strong></span> <span class='ocrx_word' id='word_1_620' title='bbox 834 4436 1242 4506; x_wconf 82' lang='lat' dir='ltr'><strong>afﬁrmabant,</strong></span> <span class='ocrx_word' id='word_1_621' title='bbox 1288 4442 1586 4509; x_wconf 89' lang='lat' dir='ltr'><strong>quatenus</strong></span> <span class='ocrx_word' id='word_1_622' title='bbox 1624 4440 1793 4494; x_wconf 91' lang='lat' dir='ltr'><strong>Pater</strong></span> <span class='ocrx_word' id='word_1_623' title='bbox 1840 4454 2028 4495; x_wconf 88' lang='lat' dir='ltr'><strong>causa</strong></span> <span class='ocrx_word' id='word_1_624' title='bbox 2073 4438 2184 4494; x_wconf 89' lang='lat' dir='ltr'><strong>fuit</strong></span> 
     </span>
    </p>
   </div>
   <div class='ocr_carea' id='block_1_90' title="bbox 527 4527 2179 4600">
    <p class='ocr_par' dir='ltr' id='par_1_90' title="bbox 527 4527 2179 4600">
     <span class='ocr_line' id='line_1_90' title="bbox 527 4527 2179 4600; baseline -0.002 -16"><span class='ocrx_word' id='word_1_625' title='bbox 527 4533 769 4585; x_wconf 56' lang='grc' dir='ltr'>εῖδει-ηδε</span> <span class='ocrx_word' id='word_1_626' title='bbox 798 4532 857 4584; x_wconf 90' lang='lat' dir='ltr'><strong>et</strong></span> <span class='ocrx_word' id='word_1_627' title='bbox 884 4527 1119 4599; x_wconf 91' lang='lat' dir='ltr'><strong>absque</strong></span> <span class='ocrx_word' id='word_1_628' title='bbox 1154 4527 1450 4600; x_wconf 90' lang='lat' dir='ltr'><strong>principio</strong></span> <span class='ocrx_word' id='word_1_629' title='bbox 1474 4532 1531 4583; x_wconf 90' lang='lat' dir='ltr'><strong>et</strong></span> <span class='ocrx_word' id='word_1_630' title='bbox 1554 4528 1915 4584; x_wconf 83' lang='lat' dir='ltr'><strong>venerandae</strong></span> <span class='ocrx_word' id='word_1_631' title='bbox 1940 4528 2070 4583; x_wconf 89' lang='lat' dir='ltr'><strong>Filii</strong></span> <span class='ocrx_word' id='word_1_632' title='bbox 2096 4527 2179 4581; x_wconf 86' lang='lat' dir='ltr'><strong>di-</strong></span> 
     </span>
    </p>
   </div>
   <div class='ocr_carea' id='block_1_91' title="bbox 525 4614 2181 4689">
    <p class='ocr_par' dir='ltr' id='par_1_91' title="bbox 525 4614 2181 4689">
     <span class='ocr_line' id='line_1_91' title="bbox 525 4614 2181 4689; baseline -0.002 -16"><span class='ocrx_word' id='word_1_633' title='bbox 525 4616 797 4674; x_wconf 77' lang='lat' dir='ltr'><strong>vinitatis</strong></span> <span class='ocrx_word' id='word_1_634' title='bbox 821 4616 885 4672; x_wconf 91' lang='lat' dir='ltr'><strong>in</strong></span> <span class='ocrx_word' id='word_1_635' title='bbox 913 4618 1113 4689; x_wconf 88' lang='lat' dir='ltr'><strong>prima</strong></span> <span class='ocrx_word' id='word_1_636' title='bbox 1126 4615 1437 4672; x_wconf 84' lang='lat' dir='ltr'><strong>nativitate</strong></span> <span class='ocrx_word' id='word_1_637' title='bbox 1460 4632 1473 4669; x_wconf 87' lang='lat'><strong>:</strong></span> <span class='ocrx_word' id='word_1_638' title='bbox 1498 4621 1556 4672; x_wconf 92' lang='lat' dir='ltr'><strong>et</strong></span> <span class='ocrx_word' id='word_1_639' title='bbox 1576 4616 1841 4688; x_wconf 81' lang='lat' dir='ltr'><strong>aliquem</strong></span> <span class='ocrx_word' id='word_1_640' title='bbox 1862 4633 1935 4674; x_wconf 80' lang='lat' dir='ltr'><strong>ex</strong></span> <span class='ocrx_word' id='word_1_641' title='bbox 1957 4614 2181 4673; x_wconf 82' lang='lat' dir='ltr'><strong>sanctis</strong></span> 
     </span>
    </p>
   </div>
   <div class='ocr_carea' id='block_1_92' title="bbox 523 4704 2223 4778">
    <p class='ocr_par' dir='ltr' id='par_1_92' title="bbox 523 4704 2223 4778">
     <span class='ocr_line' id='line_1_92' title="bbox 523 4704 2223 4778; baseline -0.003 -15"><span class='ocrx_word' id='word_1_642' title='bbox 523 4706 798 4764; x_wconf 89' lang='lat' dir='ltr'><strong>Patribus</strong></span> <span class='ocrx_word' id='word_1_643' title='bbox 848 4720 957 4778; x_wconf 91' lang='lat' dir='ltr'><strong>pro</strong></span> <span class='ocrx_word' id='word_1_644' title='bbox 1004 4721 1069 4760; x_wconf 92' lang='lat' dir='ltr'><strong>se</strong></span> <span class='ocrx_word' id='word_1_645' title='bbox 1117 4704 1519 4777; x_wconf 84' lang='lat' dir='ltr'><strong>proferebant,</strong></span> <span class='ocrx_word' id='word_1_646' title='bbox 1551 4707 1659 4777; x_wconf 93' lang='lat' dir='ltr'><strong>qui</strong></span> <span class='ocrx_word' id='word_1_647' title='bbox 1713 4706 1776 4761; x_wconf 86' lang='lat' dir='ltr'><strong>id</strong></span> <span class='ocrx_word' id='word_1_648' title='bbox 1823 4706 2053 4761; x_wconf 91' lang='lat' dir='ltr'><strong>dictum</strong></span> <span class='ocrx_word' id='word_1_649' title='bbox 2097 4704 2179 4758; x_wconf 91' lang='lat' dir='ltr'><strong>sic</strong></span> <span class='ocrx_word' id='word_1_650' title='bbox 2216 4722 2223 4725; x_wconf 27' lang='grc' dir='ltr'><em>Α</em></span> 
     </span>
    </p>
   </div>
   <div class='ocr_carea' id='block_1_93' title="bbox 526 4792 2179 4867">
    <p class='ocr_par' dir='ltr' id='par_1_93' title="bbox 526 4792 2179 4867">
     <span class='ocr_line' id='line_1_93' title="bbox 526 4792 2179 4867; baseline -0.002 -16"><span class='ocrx_word' id='word_1_651' title='bbox 526 4795 722 4853; x_wconf 89' lang='lat' dir='ltr'><strong>fuerat</strong></span> <span class='ocrx_word' id='word_1_652' title='bbox 748 4796 1206 4867; x_wconf 90' lang='lat' dir='ltr'><strong>interpretatus:</strong></span> <span class='ocrx_word' id='word_1_653' title='bbox 1235 4809 1433 4865; x_wconf 89' lang='lat' dir='ltr'><strong>neque</strong></span> <span class='ocrx_word' id='word_1_654' title='bbox 1458 4792 1774 4849; x_wconf 90' lang='lat' dir='ltr'><strong>ferendum</strong></span> <span class='ocrx_word' id='word_1_655' title='bbox 1809 4794 2058 4850; x_wconf 92' lang='lat' dir='ltr'><strong>omnino</strong></span> <span class='ocrx_word' id='word_1_656' title='bbox 2083 4794 2179 4863; x_wconf 92' lang='lat' dir='ltr'><strong>ju-</strong></span> 
     </span>
    </p>
   </div>
   <div class='ocr_carea' id='block_1_94' title="bbox 527 4880 2180 4956">
    <p class='ocr_par' dir='ltr' id='par_1_94' title="bbox 527 4880 2180 4956">
     <span class='ocr_line' id='line_1_94' title="bbox 527 4880 2180 4956; baseline -0.002 -15"><span class='ocrx_word' id='word_1_657' title='bbox 527 4885 833 4953; x_wconf 88' lang='lat' dir='ltr'><strong>dicabant,</strong></span> <span class='ocrx_word' id='word_1_658' title='bbox 849 4884 1021 4941; x_wconf 90' lang='lat' dir='ltr'><strong>sicuti</strong></span> <span class='ocrx_word' id='word_1_659' title='bbox 1044 4884 1275 4956; x_wconf 88' lang='lat' dir='ltr'><strong>aliquot</strong></span> <span class='ocrx_word' id='word_1_660' title='bbox 1301 4882 1688 4940; x_wconf 89' lang='lat' dir='ltr'><strong>ecclesiastici</strong></span> <span class='ocrx_word' id='word_1_661' title='bbox 1708 4886 1984 4941; x_wconf 90' lang='lat' dir='ltr'><strong>doctores</strong></span> <span class='ocrx_word' id='word_1_662' title='bbox 2013 4880 2180 4939; x_wconf 88' lang='lat' dir='ltr'><strong>intel-</strong></span> 
     </span>
    </p>
   </div>
   <div class='ocr_carea' id='block_1_95' title="bbox 527 4971 2182 5046">
    <p class='ocr_par' dir='ltr' id='par_1_95' title="bbox 527 4971 2182 5046">
     <span class='ocr_line' id='line_1_95' title="bbox 527 4971 2182 5046; baseline -0.004 -14"><span class='ocrx_word' id='word_1_663' title='bbox 527 4971 1124 5042; x_wconf 83' lang='lat' dir='ltr'><strong>lexerant,Christum</strong></span> <span class='ocrx_word' id='word_1_664' title='bbox 1152 4988 1391 5046; x_wconf 90' lang='lat' dir='ltr'><strong>nempe,</strong></span> <span class='ocrx_word' id='word_1_665' title='bbox 1429 4973 1610 5030; x_wconf 91' lang='lat' dir='ltr'><strong>etiam</strong></span> <span class='ocrx_word' id='word_1_666' title='bbox 1658 4972 1739 5029; x_wconf 92' lang='lat' dir='ltr'><strong>ob</strong></span> <span class='ocrx_word' id='word_1_667' title='bbox 1768 4989 1944 5029; x_wconf 92' lang='lat' dir='ltr'><strong>suam</strong></span> <span class='ocrx_word' id='word_1_668' title='bbox 1968 4972 2182 5028; x_wconf 91' lang='lat' dir='ltr'><strong>huma-</strong></span> 
     </span>
    </p>
   </div>
   <div class='ocr_carea' id='block_1_96' title="bbox 1181 5112 1389 5170">
    <p class='ocr_par' dir='ltr' id='par_1_96' title="bbox 1181 5112 1389 5170">
     <span class='ocr_line' id='line_1_96' title="bbox 1181 5112 1389 5170; baseline 0.005 -1"><span class='ocrx_word' id='word_1_669' title='bbox 1181 5114 1204 5150; x_wconf 81' lang='grc'>²</span> <span class='ocrx_word' id='word_1_670' title='bbox 1242 5112 1389 5170; x_wconf 90' lang='lat' dir='ltr'><strong>ibid.</strong></span> 
     </span>
    </p>
   </div>
   <div class='ocr_carea' id='block_1_97' title="bbox 2363 4339 3908 4420">
    <p class='ocr_par' dir='ltr' id='par_1_97' title="bbox 2363 4339 3908 4420">
     <span class='ocr_line' id='line_1_97' title="bbox 2363 4339 3908 4420; baseline 0.006 -28"><span class='ocrx_word' id='word_1_671' title='bbox 2363 4339 2437 4412; x_wconf 77' lang='grc' dir='ltr'><strong>β’⁶</strong></span> <span class='ocrx_word' id='word_1_672' title='bbox 2496 4343 2561 4393; x_wconf 83' lang='grc' dir='ltr'>Οἱ</span> <span class='ocrx_word' id='word_1_673' title='bbox 2617 4344 2707 4413; x_wconf 72' lang='grc' dir='ltr'>μὶν</span> <span class='ocrx_word' id='word_1_674' title='bbox 2763 4343 2850 4394; x_wconf 79' lang='grc' dir='ltr'>οὖν</span> <span class='ocrx_word' id='word_1_675' title='bbox 2911 4341 3334 4396; x_wconf 76' lang='grc' dir='ltr'>ἐνστατικωτατα</span> <span class='ocrx_word' id='word_1_676' title='bbox 3404 4348 3599 4404; x_wconf 80' lang='grc' dir='ltr'>ταύτην</span> <span class='ocrx_word' id='word_1_677' title='bbox 3662 4345 3908 4420; x_wconf 74' lang='grc' dir='ltr'>ῥηθῆναι</span> 
     </span>
    </p>
   </div>
   <div class='ocr_carea' id='block_1_98' title="bbox 2288 4429 3908 4505">
    <p class='ocr_par' dir='ltr' id='par_1_98' title="bbox 2288 4429 3908 4505">
     <span class='ocr_line' id='line_1_98' title="bbox 2288 4429 3908 4505; baseline 0.002 -23"><span class='ocrx_word' id='word_1_678' title='bbox 2288 4433 2383 4487; x_wconf 78' lang='grc' dir='ltr'>τὴν</span> <span class='ocrx_word' id='word_1_679' title='bbox 2452 4433 2619 4501; x_wconf 71' lang='grc' dir='ltr'>φωνὴν</span> <span class='ocrx_word' id='word_1_680' title='bbox 2693 4429 3081 4502; x_wconf 72' lang='grc' dir='ltr'>ἐγνωμοίτευον,</span> <span class='ocrx_word' id='word_1_681' title='bbox 3133 4436 3264 4485; x_wconf 89' lang='grc' dir='ltr'><strong>κατά</strong></span> <span class='ocrx_word' id='word_1_682' title='bbox 3338 4440 3498 4505; x_wconf 88' lang='grc' dir='ltr'>μόνην</span> <span class='ocrx_word' id='word_1_683' title='bbox 3552 4434 3719 4486; x_wconf 82' lang='grc' dir='ltr'>αἰτίαν</span> <span class='ocrx_word' id='word_1_684' title='bbox 3797 4444 3908 4500; x_wconf 79' lang='grc' dir='ltr'>τῆς</span> 
     </span>
    </p>
   </div>
   <div class='ocr_carea' id='block_1_99' title="bbox 2289 4515 3903 4591">
    <p class='ocr_par' dir='ltr' id='par_1_99' title="bbox 2289 4515 3903 4591">
     <span class='ocr_line' id='line_1_99' title="bbox 2289 4515 3903 4591; baseline 0.006 -24"><span class='ocrx_word' id='word_1_685' title='bbox 2289 4516 2520 4591; x_wconf 79' lang='grc' dir='ltr'>ἀχρόνου</span> <span class='ocrx_word' id='word_1_686' title='bbox 2570 4522 2656 4569; x_wconf 83' lang='grc' dir='ltr'>καὶ</span> <span class='ocrx_word' id='word_1_687' title='bbox 2705 4515 2883 4570; x_wconf 68' lang='grc' dir='ltr'>ἀιδίου</span> <span class='ocrx_word' id='word_1_688' title='bbox 2936 4526 3025 4572; x_wconf 84' lang='grc' dir='ltr'>καὶ</span> <span class='ocrx_word' id='word_1_689' title='bbox 3070 4519 3217 4582; x_wconf 85' lang='grc' dir='ltr'>ἀξίας</span> <span class='ocrx_word' id='word_1_690' title='bbox 3274 4530 3365 4582; x_wconf 78' lang='grc' dir='ltr'>τῆς</span> <span class='ocrx_word' id='word_1_691' title='bbox 3415 4522 3574 4574; x_wconf 65' lang='grc' dir='ltr'>αὐτοῦ</span> <span class='ocrx_word' id='word_1_692' title='bbox 3629 4524 3903 4591; x_wconf 81' lang='grc' dir='ltr'>θεότητος,</span> 
     </span>
    </p>
   </div>
   <div class='ocr_carea' id='block_1_100' title="bbox 2288 4606 3907 4687">
    <p class='ocr_par' dir='ltr' id='par_1_100' title="bbox 2288 4606 3907 4687">
     <span class='ocr_line' id='line_1_100' title="bbox 2288 4606 3907 4687; baseline 0.005 -30"><span class='ocrx_word' id='word_1_693' title='bbox 2288 4610 2495 4678; x_wconf 76' lang='grc' dir='ltr'>πρώτης</span> <span class='ocrx_word' id='word_1_694' title='bbox 2550 4612 2874 4677; x_wconf 74' lang='grc' dir='ltr'>γεννήσεως,</span> <span class='ocrx_word' id='word_1_695' title='bbox 2934 4615 3024 4661; x_wconf 80' lang='grc' dir='ltr'>καὶ</span> <span class='ocrx_word' id='word_1_696' title='bbox 3080 4606 3232 4661; x_wconf 79' lang='grc' dir='ltr'>τόνδε</span> <span class='ocrx_word' id='word_1_697' title='bbox 3293 4614 3410 4662; x_wconf 80' lang='grc' dir='ltr'>τινὰ</span> <span class='ocrx_word' id='word_1_698' title='bbox 3478 4619 3579 4663; x_wconf 82' lang='grc' dir='ltr'>τῶν</span> <span class='ocrx_word' id='word_1_699' title='bbox 3635 4612 3907 4687; x_wconf 78' lang='grc' dir='ltr'>θεοφὸρων</span> 
     </span>
    </p>
   </div>
   <div class='ocr_carea' id='block_1_101' title="bbox 2290 4694 3907 4772">
    <p class='ocr_par' dir='ltr' id='par_1_101' title="bbox 2290 4694 3907 4772">
     <span class='ocr_line' id='line_1_101' title="bbox 2290 4694 3907 4772; baseline 0.005 -27"><span class='ocrx_word' id='word_1_700' title='bbox 2290 4694 2451 4766; x_wconf 76' lang='grc' dir='ltr'>ἁγίων</span> <span class='ocrx_word' id='word_1_701' title='bbox 2500 4694 2571 4754; x_wconf 81' lang='grc' dir='ltr'>εἰς</span> <span class='ocrx_word' id='word_1_702' title='bbox 2627 4699 2784 4766; x_wconf 85' lang='grc' dir='ltr'>μέσον</span> <span class='ocrx_word' id='word_1_703' title='bbox 2837 4706 3073 4771; x_wconf 73' lang='grc' dir='ltr'>παρῆγον</span> <span class='ocrx_word' id='word_1_704' title='bbox 3124 4701 3255 4750; x_wconf 69' lang='grc' dir='ltr'>οὕτω</span> <span class='ocrx_word' id='word_1_705' title='bbox 3326 4702 3520 4757; x_wconf 74' lang='grc' dir='ltr'>ταύτην</span> <span class='ocrx_word' id='word_1_706' title='bbox 3581 4704 3674 4757; x_wconf 80' lang='grc' dir='ltr'>τὴν</span> <span class='ocrx_word' id='word_1_707' title='bbox 3722 4707 3907 4772; x_wconf 77' lang='grc' dir='ltr'>φωνην</span> 
     </span>
    </p>
   </div>
   <div class='ocr_carea' id='block_1_102' title="bbox 2289 4783 3909 4861">
    <p class='ocr_par' dir='ltr' id='par_1_102' title="bbox 2289 4783 3909 4861">
     <span class='ocr_line' id='line_1_102' title="bbox 2289 4783 3909 4861; baseline 0.007 -27"><span class='ocrx_word' id='word_1_708' title='bbox 2289 4783 2624 4855; x_wconf 77' lang='grc' dir='ltr'>ἐκλαϐομενον</span> <span class='ocrx_word' id='word_1_709' title='bbox 2682 4801 2694 4813; x_wconf 93' lang='grc'><strong>·</strong></span> <span class='ocrx_word' id='word_1_710' title='bbox 2754 4788 2843 4836; x_wconf 80' lang='grc' dir='ltr'>καὶ</span> <span class='ocrx_word' id='word_1_711' title='bbox 2898 4786 2992 4837; x_wconf 74' lang='grc' dir='ltr'>οὐκ</span> <span class='ocrx_word' id='word_1_712' title='bbox 3049 4785 3254 4839; x_wconf 84' lang='grc' dir='ltr'>ἀνεκτὸν</span> <span class='ocrx_word' id='word_1_713' title='bbox 3311 4788 3434 4849; x_wconf 87' lang='grc' dir='ltr'>ὃλως</span> <span class='ocrx_word' id='word_1_714' title='bbox 3509 4792 3703 4861; x_wconf 71' lang='grc' dir='ltr'>ἣγηντο</span> <span class='ocrx_word' id='word_1_715' title='bbox 3736 4833 3751 4856; x_wconf 84' lang='grc'><strong>,</strong></span> <span class='ocrx_word' id='word_1_716' title='bbox 3805 4797 3909 4845; x_wconf 81' lang='grc' dir='ltr'><strong>καὶ</strong></span> 
     </span>
    </p>
   </div>
   <div class='ocr_carea' id='block_1_103' title="bbox 2288 4870 3907 4951">
    <p class='ocr_par' dir='ltr' id='par_1_103' title="bbox 2288 4870 3907 4951">
     <span class='ocr_line' id='line_1_103' title="bbox 2288 4870 3907 4951; baseline 0.006 -28"><span class='ocrx_word' id='word_1_717' title='bbox 2288 4875 2423 4924; x_wconf 85' lang='grc' dir='ltr'><strong>κατά</strong></span> <span class='ocrx_word' id='word_1_718' title='bbox 2467 4875 2526 4923; x_wconf 87' lang='grc' dir='ltr'>τὸ</span> <span class='ocrx_word' id='word_1_719' title='bbox 2581 4870 2628 4923; x_wconf 81' lang='grc' dir='ltr'>ἐν</span> <span class='ocrx_word' id='word_1_720' title='bbox 2668 4879 2884 4947; x_wconf 82' lang='grc' dir='ltr'>Χριστῷ</span> <span class='ocrx_word' id='word_1_721' title='bbox 2938 4872 3255 4947; x_wconf 78' lang='grc' dir='ltr'>ἀνθρώπινον</span> <span class='ocrx_word' id='word_1_722' title='bbox 3304 4878 3518 4948; x_wconf 79' lang='grc' dir='ltr'>μείζονα</span> <span class='ocrx_word' id='word_1_723' title='bbox 3563 4876 3684 4951; x_wconf 85' lang='grc' dir='ltr'>παρ’</span> <span class='ocrx_word' id='word_1_724' title='bbox 3731 4878 3907 4932; x_wconf 69' lang='grc' dir='ltr'>αὑτοῦ</span> 
     </span>
    </p>
   </div>
   <div class='ocr_carea' id='block_1_104' title="bbox 2288 4962 3911 5038">
    <p class='ocr_par' dir='ltr' id='par_1_104' title="bbox 2288 4962 3911 5038">
     <span class='ocr_line' id='line_1_104' title="bbox 2288 4962 3911 5038; baseline 0.006 -26"><span class='ocrx_word' id='word_1_725' title='bbox 2288 4964 2376 5012; x_wconf 87' lang='grc' dir='ltr'>τὸν</span> <span class='ocrx_word' id='word_1_726' title='bbox 2437 4965 2646 5036; x_wconf 84' lang='grc' dir='ltr'>Πατέρα</span> <span class='ocrx_word' id='word_1_727' title='bbox 2714 4962 2940 5036; x_wconf 78' lang='grc' dir='ltr'>ῥηθῆναι</span> <span class='ocrx_word' id='word_1_728' title='bbox 2971 5007 2987 5033; x_wconf 82' lang='grc'><strong>,</strong></span> <span class='ocrx_word' id='word_1_729' title='bbox 3033 4967 3102 5026; x_wconf 82' lang='grc' dir='ltr'>ὡς</span> <span class='ocrx_word' id='word_1_730' title='bbox 3171 4963 3442 5038; x_wconf 80' lang='grc' dir='ltr'>ἀνθρώπου</span> <span class='ocrx_word' id='word_1_731' title='bbox 3506 4966 3699 5019; x_wconf 85' lang='grc' dir='ltr'>τελείου</span> <span class='ocrx_word' id='word_1_732' title='bbox 3749 4971 3911 5032; x_wconf 79' lang='grc' dir='ltr'>ὄντος</span> 
     </span>
    </p>
   </div>
   <div class='ocr_carea' id='block_1_105' title="bbox 600 5115 1104 5183">
    <p class='ocr_par' dir='ltr' id='par_1_105' title="bbox 600 5115 1104 5183">
     <span class='ocr_line' id='line_1_105' title="bbox 600 5115 1104 5183; baseline 0.002 -13"><span class='ocrx_word' id='word_1_733' title='bbox 600 5115 624 5152; x_wconf 69' lang='grc'><strong>1</strong></span> <span class='ocrx_word' id='word_1_734' title='bbox 662 5115 834 5171; x_wconf 86' lang='lat' dir='ltr'><strong>Joan.</strong></span> <span class='ocrx_word' id='word_1_735' title='bbox 866 5129 985 5183; x_wconf 78' lang='lat' dir='ltr'><strong>xw,</strong></span> <span class='ocrx_word' id='word_1_736' title='bbox 1013 5118 1104 5171; x_wconf 84' lang='lat'><strong>28.</strong></span> 
     </span>
    </p>
   </div>
   <div class='ocr_carea' id='block_1_106' title="bbox 2296 5243 3911 5327">
    <p class='ocr_par' dir='ltr' id='par_1_106' title="bbox 2296 5243 3911 5327">
     <span class='ocr_line' id='line_1_106' title="bbox 2296 5243 3911 5327; baseline 0.006 -30"><span class='ocrx_word' id='word_1_737' title='bbox 2296 5314 2307 5324; x_wconf 41' lang='lat'>.</span> <span class='ocrx_word' id='word_1_738' title='bbox 2361 5243 3760 5327; x_wconf 40' lang='lat' dir='ltr'><strong>(2)__Hanc.quaestionem_propositam_fuisse</strong></span> <span class='ocrx_word' id='word_1_739' title='bbox 3819 5252 3911 5311; x_wconf 85' lang='lat' dir='ltr'><strong>ab</strong></span> 
     </span>
    </p>
   </div>
   <div class='ocr_carea' id='block_1_107' title="bbox 2292 5316 3915 5394">
    <p class='ocr_par' dir='ltr' id='par_1_107' title="bbox 2292 5316 3915 5394">
     <span class='ocr_line' id='line_1_107' title="bbox 2292 5316 3915 5394; baseline 0.008 -25"><span class='ocrx_word' id='word_1_740' title='bbox 2292 5316 2426 5394; x_wconf 85' lang='lat' dir='ltr'><strong>ipso</strong></span> <span class='ocrx_word' id='word_1_741' title='bbox 2449 5316 2897 5394; x_wconf 73' lang='lat' dir='ltr'><strong>Manueleimp.,</strong></span> <span class='ocrx_word' id='word_1_742' title='bbox 2922 5326 3004 5375; x_wconf 73' lang='lat' dir='ltr'><strong>ait</strong></span> <span class='ocrx_word' id='word_1_743' title='bbox 3035 5316 3407 5394; x_wconf 65' lang='lat' dir='ltr'><strong>Eph&#39;rtefnius</strong></span> <span class='ocrx_word' id='word_1_744' title='bbox 3437 5337 3492 5376; x_wconf 90' lang='lat' dir='ltr'><strong>v.</strong></span> <span class='ocrx_word' id='word_1_745' title='bbox 3510 5323 3687 5394; x_wconf 45' lang='grc'>4763,</span> <span class='ocrx_word' id='word_1_746' title='bbox 3713 5338 3915 5394; x_wconf 86' lang='lat' dir='ltr'><strong>quem</strong></span> 
     </span>
    </p>
   </div>
   <div class='ocr_carea' id='block_1_108' title="bbox 2294 5387 3915 5458">
    <p class='ocr_par' dir='ltr' id='par_1_108' title="bbox 2294 5387 3915 5458">
     <span class='ocr_line' id='line_1_108' title="bbox 2294 5387 3915 5458; baseline 0.007 -18"><span class='ocrx_word' id='word_1_747' title='bbox 2294 5389 2601 5458; x_wconf 85' lang='lat' dir='ltr'><strong>auctorem</strong></span> <span class='ocrx_word' id='word_1_748' title='bbox 2630 5387 2846 5458; x_wconf 75' lang='lat' dir='ltr'><strong>legesis</strong></span> <span class='ocrx_word' id='word_1_749' title='bbox 2876 5387 3220 5447; x_wconf 83' lang='lat' dir='ltr'><strong>narrantem</strong></span> <span class='ocrx_word' id='word_1_750' title='bbox 3251 5392 3325 5447; x_wconf 92' lang='lat' dir='ltr'><strong>de</strong></span> <span class='ocrx_word' id='word_1_751' title='bbox 3355 5390 3606 5447; x_wconf 91' lang='lat' dir='ltr'><strong>concilio</strong></span> <span class='ocrx_word' id='word_1_752' title='bbox 3630 5387 3755 5450; x_wconf 67' lang='lat' dir='ltr'><strong>hoc</strong></span> <span class='ocrx_word' id='word_1_753' title='bbox 3766 5394 3915 5458; x_wconf 84' lang='lat' dir='ltr'><strong>ipso</strong></span> 
     </span>
    </p>
   </div>
   <div class='ocr_carea' id='block_1_109' title="bbox 2294 5455 3917 5537">
    <p class='ocr_par' dir='ltr' id='par_1_109' title="bbox 2294 5455 3917 5537">
     <span class='ocr_line' id='line_1_109' title="bbox 2294 5455 3917 5537; baseline 0.008 -25"><span class='ocrx_word' id='word_1_754' title='bbox 2294 5455 2373 5537; x_wconf 84' lang='lat' dir='ltr'><strong>ob</strong></span> <span class='ocrx_word' id='word_1_755' title='bbox 2396 5472 2530 5537; x_wconf 84' lang='lat' dir='ltr'><strong>eam</strong></span> <span class='ocrx_word' id='word_1_756' title='bbox 2557 5455 2945 5537; x_wconf 60' lang='lat' dir='ltr'><strong>rem&#39;coacto.</strong></span> <span class='ocrx_word' id='word_1_757' title='bbox 2974 5462 3085 5519; x_wconf 83' lang='lat' dir='ltr'><strong>Adi</strong></span> <span class='ocrx_word' id='word_1_758' title='bbox 3120 5468 3406 5535; x_wconf 75' lang='lat' dir='ltr'><strong>praeterea</strong></span> <span class='ocrx_word' id='word_1_759' title='bbox 3435 5462 3702 5520; x_wconf 88' lang='lat' dir='ltr'><strong>Nicetam</strong></span> <span class='ocrx_word' id='word_1_760' title='bbox 3753 5455 3917 5525; x_wconf 87' lang='lat' dir='ltr'><strong>Cho-</strong></span> 
     </span>
    </p>
   </div>
   <div class='ocr_carea' id='block_1_110' title="bbox 2295 5531 2914 5599">
    <p class='ocr_par' dir='ltr' id='par_1_110' title="bbox 2295 5531 2914 5599">
     <span class='ocr_line' id='line_1_110' title="bbox 2295 5531 2914 5599; baseline 0.01 -17"><span class='ocrx_word' id='word_1_761' title='bbox 2295 5531 2525 5585; x_wconf 88' lang='lat' dir='ltr'><strong>niatam</strong></span> <span class='ocrx_word' id='word_1_762' title='bbox 2544 5531 2702 5587; x_wconf 74' lang='lat' dir='ltr'><strong>Hist.</strong></span> <span class='ocrx_word' id='word_1_763' title='bbox 2734 5546 2829 5599; x_wconf 82' lang='lat' dir='ltr'><strong>vn,</strong></span> <span class='ocrx_word' id='word_1_764' title='bbox 2862 5535 2914 5588; x_wconf 83' lang='lat'><strong>5.</strong></span> 
     </span>
    </p>
   </div>
   <div class='ocr_carea' id='block_1_111' title="bbox 606 5256 2172 5330">
    <p class='ocr_par' dir='ltr' id='par_1_111' title="bbox 606 5256 2172 5330">
     <span class='ocr_line' id='line_1_111' title="bbox 606 5256 2172 5330; baseline -0.001 -15"><span class='ocrx_word' id='word_1_765' title='bbox 606 5259 683 5330; x_wconf 80' lang='grc'><strong>(1)</strong></span> <span class='ocrx_word' id='word_1_766' title='bbox 723 5256 1076 5320; x_wconf 79' lang='lat' dir='ltr'><strong>Mannelem.</strong></span> <span class='ocrx_word' id='word_1_767' title='bbox 1106 5258 1259 5314; x_wconf 92' lang='lat' dir='ltr'><strong>inter</strong></span> <span class='ocrx_word' id='word_1_768' title='bbox 1306 5256 1550 5314; x_wconf 88' lang='lat' dir='ltr'><strong>Joannis</strong></span> <span class='ocrx_word' id='word_1_769' title='bbox 1594 5257 1641 5312; x_wconf 95' lang='lat' dir='ltr'><strong>lI</strong></span> <span class='ocrx_word' id='word_1_770' title='bbox 1692 5256 1981 5330; x_wconf 85' lang='lat' dir='ltr'><strong>Comneni</strong></span> <span class='ocrx_word' id='word_1_771' title='bbox 2021 5256 2172 5330; x_wconf 90' lang='lat' dir='ltr'><strong>imp.</strong></span> 
     </span>
    </p>
   </div>
   <div class='ocr_carea' id='block_1_112' title="bbox 535 5328 2185 5406">
    <p class='ocr_par' dir='ltr' id='par_1_112' title="bbox 535 5328 2185 5406">
     <span class='ocr_line' id='line_1_112' title="bbox 535 5328 2185 5406; baseline -0.001 -21"><span class='ocrx_word' id='word_1_772' title='bbox 535 5328 693 5406; x_wconf 67' lang='lat' dir='ltr'><strong>ﬁlios</strong></span> <span class='ocrx_word' id='word_1_773' title='bbox 740 5334 903 5406; x_wconf 36' lang='lat' dir='ltr'><strong>natu-</strong></span> <span class='ocrx_word' id='word_1_774' title='bbox 947 5331 1309 5406; x_wconf 81' lang='lat' dir='ltr'><strong>minimum,</strong></span> <span class='ocrx_word' id='word_1_775' title='bbox 1365 5333 1608 5401; x_wconf 90' lang='lat' dir='ltr'><strong>propter</strong></span> <span class='ocrx_word' id='word_1_776' title='bbox 1674 5328 1937 5406; x_wconf 81' lang='lat' dir='ltr'><strong>majores</strong></span> <span class='ocrx_word' id='word_1_777' title='bbox 1991 5328 2185 5406; x_wconf 86' lang='lat' dir='ltr'><strong>regias</strong></span> 
     </span>
    </p>
   </div>
   <div class='ocr_carea' id='block_1_113' title="bbox 536 5400 2185 5472">
    <p class='ocr_par' dir='ltr' id='par_1_113' title="bbox 536 5400 2185 5472">
     <span class='ocr_line' id='line_1_113' title="bbox 536 5400 2185 5472; baseline -0.003 -13"><span class='ocrx_word' id='word_1_778' title='bbox 536 5402 735 5465; x_wconf 85' lang='lat' dir='ltr'><strong>dotes,</strong></span> <span class='ocrx_word' id='word_1_779' title='bbox 765 5400 1078 5472; x_wconf 66' lang='lat' dir='ltr'><strong>praelatum</strong></span> <span class='ocrx_word' id='word_1_780' title='bbox 1125 5401 1311 5457; x_wconf 89' lang='lat' dir='ltr'><strong>fuisse</strong></span> <span class='ocrx_word' id='word_1_781' title='bbox 1358 5400 1947 5472; x_wconf 7' lang='lat' dir='ltr'><strong>testamentoppatris</strong></span> <span class='ocrx_word' id='word_1_782' title='bbox 1986 5401 2185 5472; x_wconf 82' lang='lat' dir='ltr'><strong>utim-</strong></span> 
     </span>
    </p>
   </div>
   <div class='ocr_carea' id='block_1_114' title="bbox 585 5468 2187 5546">
    <p class='ocr_par' dir='ltr' id='par_1_114' title="bbox 585 5468 2187 5546">
     <span class='ocr_line' id='line_1_114' title="bbox 585 5468 2187 5546; baseline -0.002 -17"><span class='ocrx_word' id='word_1_783' title='bbox 585 5468 786 5546; x_wconf 73' lang='lat' dir='ltr'><strong>erium</strong></span> <span class='ocrx_word' id='word_1_784' title='bbox 808 5472 1255 5546; x_wconf 86' lang='lat' dir='ltr'><strong>adipisceretur,</strong></span> <span class='ocrx_word' id='word_1_785' title='bbox 1282 5470 1426 5546; x_wconf 79' lang='lat' dir='ltr'><strong>dicit</strong></span> <span class='ocrx_word' id='word_1_786' title='bbox 1453 5475 1667 5542; x_wconf 80' lang='lat' dir='ltr'><strong>praeter</strong></span> <span class='ocrx_word' id='word_1_787' title='bbox 1693 5468 2187 5546; x_wconf 63' lang='lat' dir='ltr'><strong>alioshistoricos</strong></span> 
     </span>
    </p>
   </div>
   <div class='ocr_carea' id='block_1_115' title="bbox 536 5488 2177 5673">
    <p class='ocr_par' dir='ltr' id='par_1_115' title="bbox 536 5488 2177 5673">
     <span class='ocr_line' id='line_1_115' title="bbox 536 5488 2177 5601; baseline -0.002 -72"><span class='ocrx_word' id='word_1_788' title='bbox 536 5488 777 5601; x_wconf 56' lang='lat' dir='ltr'><strong>perium</strong></span> <span class='ocrx_word' id='word_1_789' title='bbox 808 5488 1255 5546; x_wconf 77' lang='lat' dir='ltr'><strong>adipisceretur,</strong></span> <span class='ocrx_word' id='word_1_790' title='bbox 1282 5488 1426 5527; x_wconf 77' lang='grc' dir='ltr'>αιοιι</span> <span class='ocrx_word' id='word_1_791' title='bbox 1453 5488 1667 5542; x_wconf 75' lang='lat' dir='ltr'><strong>praeter</strong></span> <span class='ocrx_word' id='word_1_792' title='bbox 1693 5488 1841 5525; x_wconf 86' lang='lat' dir='ltr'><strong>auos</strong></span> <span class='ocrx_word' id='word_1_793' title='bbox 1870 5488 2177 5525; x_wconf 79' lang='lat' dir='ltr'><strong>mswricos</strong></span> 
     </span>
     <span class='ocr_line' id='line_1_116' title="bbox 536 5541 2177 5673; baseline -0.002 -71"><span class='ocrx_word' id='word_1_794' title='bbox 536 5544 913 5673; x_wconf 50' lang='grc' dir='ltr'>Ὡρξῐοῗωὶιιε</span> <span class='ocrx_word' id='word_1_795' title='bbox 957 5560 1017 5626; x_wconf 72' lang='lat' dir='ltr'><strong>y.</strong></span> <span class='ocrx_word' id='word_1_796' title='bbox 1069 5547 1230 5601; x_wconf 77' lang='grc'><strong>4048.</strong></span> <span class='ocrx_word' id='word_1_797' title='bbox 1262 5542 1488 5647; x_wconf 88' lang='lat' dir='ltr'><strong>collect.</strong></span> <span class='ocrx_word' id='word_1_798' title='bbox 1529 5541 1760 5611; x_wconf 43' lang='lat' dir='ltr'><strong>vat.,T.</strong></span> <span class='ocrx_word' id='word_1_799' title='bbox 1800 5542 1889 5595; x_wconf 87' lang='lat' dir='ltr'><strong>Ill.</strong></span> <span class='ocrx_word' id='word_1_800' title='bbox 1934 5544 2087 5612; x_wconf 88' lang='lat' dir='ltr'><strong>part.</strong></span> <span class='ocrx_word' id='word_1_801' title='bbox 2128 5544 2177 5598; x_wconf 84' lang='grc' dir='ltr'><strong>Ι.</strong></span> 
     </span>
    </p>
   </div>
  </div>
