4126 6272
257 279 337 336 205
1564 260 1914 335 THESAURl
1950 277 2079 333 LIB.
2118 275 2273 332 xxv.

3496 248 3601 335 νοις

258 406 361 476 μετὰ
406 411 498 464 τῆς
555 402 761 465 τελείας
825 405 1089 474 θεότητος,
1148 406 1319 467 καθώς
1364 423 1476 457 τισι
1529 412 1627 456 τῶν
1680 402 1841 475 ἁγίων

1971 401 2225 466 litatem,
2259 397 2558 469 majorem
2595 396 2992 471 appellavisse
3041 405 3296 473 Patrem,
3328 401 3603 476 quando-

260 500 332 556 τᾶς
383 491 707 555 Ἐκκλησίας
781 489 1127 546 διδασκάλων
1190 492 1502 556 ἓξείληπται.
1559 479 1696 554 ’Τοῖς
1760 488 1839 558 δε,

260 584 498 635 καὶκατὰ
544 587 704 634 τοῦτο
757 578 829 641 δὴ
887 584 950 634 τὸ
997 580 1313 657 ἀνθρώπινον
1360 582 1615 653 λεχθῆναι
1661 584 1747 641 τὸ,
1785 579 1844 632 Ὀ

265 675 418 743 Πατήρ
478 690 583 741 μου
649 675 851 742 μείζων
909 674 1013 744 μού
1060 670 1219 744 ἐστιν,
1289 668 1459 724 ἐὸοκει
1516 669 1847 745 ἇφερμηνεύε-

265 762 369 813 σθαι
395 780 406 791 ·
452 758 558 811 ἀλλ’
604 760 692 812 ὅτε
740 762 833 832 μὲν
886 763 1024 812 κατὰ
1078 764 1136 813 τὸ
1189 763 1351 813 αἴτιον
1403 763 1555 831 μόνον
1604 757 1848 831 εἰρῆσθαι

262 850 431 904 ταύτην
489 846 803 919 ἐμάνθανον,
830 849 882 899 οἱ
941 844 1172 908 διδόντες
1223 852 1303 915 τὸ,
1352 851 1443 899 καὶ
1497 844 1631 899 κατὰ
1683 848 1740 897 τὸ
1797 843 1846 896 ἐν

264 936 386 1005 αὐτῷ
423 933 747 1003 ἀνθρώπινον
802 935 1085 1006 λέγεσθαι,
1142 934 1303 988 πολλά
1352 938 1485 987 κατὰ
1546 942 1647 986 τῶν
1713 932 1848 985 οὕτω

270 1028 563 1096 Ῡρονούντων
632 1032 864 1095 συνῆγον
932 1023 1152 1077 ἐντεῦθεν
1214 1027 1282 1077 τὰ
1344 1025 1515 1076 ἄτοπα
1543 1042 1556 1055 ’
1624 1028 1714 1075 καὶ
1774 1021 1850 1084 ἐξ·

273 1113 475 1185 ιλίγχειν
516 1115 737 1172 τούτους
785 1112 1108 1188 ἐπεχείρουν,
1144 1115 1214 1175 ὡς
1263 1112 1391 1185 οὐχὶ
1439 1117 1528 1164 καὶ
1579 1113 1847 1185 ἄνθρωπον

265 1200 432 1253 τέλειον
485 1205 574 1253 τὸν
631 1201 791 1253 αὐτὸν
854 1205 1087 1275 Χριστὸν
1154 1198 1570 1274 δογματίζοντας
1603 1218 1615 1230 ·
1672 1202 1846 1274 ὥσπερ

264 1286 316 1341 δὲ
357 1295 443 1342 καὶ
484 1293 618 1362 πρὸς
664 1294 793 1363 μίαν
834 1288 1186 1362 ἁνακραθέντα
1229 1292 1404 1362 φύσιν,
1436 1294 1523 1342 καὶ
1574 1286 1667 1342 διὰ
1694 1297 1848 1341 τοῦτο

260 1386 361 1440 τοῖς
415 1383 801 1451 μονοφυσίταις
862 1380 970 1431 οἷον
1024 1384 1394 1451 συμπνέοντας.
1452 1378 1575 1431 Ὀτε
1637 1375 1696 1431 δὲ
1759 1382 1849 1429 καὶ

258 1471 381 1520 κατὰ
435 1472 496 1520 τό
567 1467 614 1520 ἐν
680 1471 851 1539 τούτῳ
918 1466 1232 1542 ἀνθρώπινον
1296 1468 1539 1539 λέγεσθαι
1603 1475 1712 1529 τοῖς
1776 1474 1849 1538 τῷ

259 1554 439 1629 τοιῷδε
503 1556 643 1628 λόγῳ
717 1559 1182 1629 προστιθεμένοις,
1251 1555 1431 1609 ἐκεῖνοι
1502 1555 1653 1609 πάλιν
1728 1575 1851 1607 κατ-

260 1651 463 1713 ήκουον,
510 1641 737 1720 διαιρεῖν
787 1646 977 1707 αὐτοὺς
1019 1649 1104 1698 τὸν
1152 1647 1239 1698 ἕνα
1279 1649 1509 1719 Χριστὸν
1549 1644 1847 1712 ἐπεϐοώντο,

1951 489 2199 562 quidem
2244 486 2508 545 Christus
2555 488 2854 559 perfectus
2886 490 3067 549 simul
3107 491 3295 549 homo
3326 494 3601 565 Deusque

1952 585 2059 635 est.
2078 578 2186 634 Alii
2213 580 2420 633 contra
2441 577 2777 634 secundum
2800 578 3133 638 humanam
3158 598 3402 655 quoque
3432 586 3602 639 natu-

1951 683 2082 723 ram
2102 664 2491 735 intelligenda
2506 665 2802 736 putabant
2814 667 3016 725 verba:
3030 669 3218 726 Pater
3229 686 3389 726 meus
3405 672 3604 741 major

1952 774 2046 815 me
2064 765 2169 823 est,
2192 759 2605 817 verumtamen
2635 756 2820 812 iidem
2844 757 2924 828 hi,
2941 759 3046 832 qui
3067 759 3245 816 etiam
3266 761 3602 817 secundum

1954 846 2288 903 humanam
2316 851 2596 901 naturam
2626 844 2849 901 dictum
2883 847 3030 904 illud
3062 848 3243 905 fuisse
3280 849 3600 923 putabant,

1954 935 2144 991 multa
2160 934 2426 991 absurda
2442 935 2516 990 de
2532 934 2601 988 iis
2621 933 3042 1007 diﬂ‘amabant,
3056 939 3161 1009 qui
3179 938 3604 995 tantummodo

1954 1030 2200 1099 propter
2219 1024 2341 1079 vim
2360 1028 2675 1095 paternam
2700 1024 2822 1080 Filii
2841 1026 3320 1093 causativam,sic
3333 1026 3605 1083 locutum

1956 1114 2257 1171 Christum
2306 1111 2607 1169 docebant
2642 1130 2655 1167 :
2687 1128 2916 1186 eosque
2964 1114 3353 1184 accusabant,
3397 1131 3502 1172 ceu
3553 1115 3606 1171 si

1957 1203 2255 1261 Christum
2284 1202 2615 1275 perfectum
2659 1201 2970 1260 hominem
3013 1220 3137 1260 non
3185 1210 3600 1277 agnoscerent,

1955 1291 2050 1347 vel
2075 1308 2148 1347 ex
2191 1308 2313 1347 una
2358 1295 2705 1347 concretum
2734 1295 2953 1348 natura
2995 1292 3323 1362 crederent,
3348 1292 3605 1366 ideoque

1957 1396 2096 1437 cum
2134 1380 2565 1452 Monophysitis
2609 1380 3040 1453 conspirarent.
3084 1381 3354 1437 Vicissim
3404 1387 3606 1438 autem

1955 1469 2016 1535 ii,
2049 1469 2154 1543 qui
2194 1468 2381 1524 verba
2421 1468 2520 1524 illa
2554 1467 2735 1524 etiam
2774 1468 2849 1525 de
2888 1469 3133 1526 homine
3171 1469 3604 1540 intelligebant,

1958 1559 2238 1629 redargui
2283 1575 2347 1613 se
2376 1557 2724 1627 cernebant,
2758 1562 3052 1632 tanquam
3084 1558 3132 1613 si
3166 1559 3409 1615 unicum
3441 1558 3606 1615 Chri-

1961 1654 2121 1706 stum
2151 1647 2504 1716 dividerent,
2543 1650 2746 1719 atque,
2780 1652 2843 1703 ut
2885 1648 3149 1704 Nestorio
3179 1647 3422 1720 placuit,
3455 1647 3609 1703 duos

260 1742 340 1788 καὶ
404 1738 471 1791 τὰ
538 1740 830 1810 Νεστορίου
900 1742 1097 1808 φρονεῖν
1131 1779 1144 1803 ,
1211 1738 1298 1787 καὶ
1363 1734 1432 1797 εἰς
1500 1731 1597 1786 δύο
1656 1738 1852 1804 τέμνειν

1971 1737 2114 1793 ﬁlios
2162 1735 2629 1801 introducerent,
2672 1753 2812 1791 cum
2860 1753 3015 1791 unus
3061 1753 3275 1809 reapse
3324 1737 3398 1792 sit
3431 1740 3610 1810 atque

261 1828 391 1886 υἱοὺς
432 1828 521 1876 τὸν
566 1826 653 1876 ἕνα
709 1828 800 1876 καὶ
859 1820 1175 1897 ἀδιαίρετον.
1232 1829 1330 1876 Καὶ
1380 1826 1635 1885 τοιούτοις
1685 1823 1855 1893 λόγοις

260 1920 341 1967 καὶ
388 1913 691 1966 ἀντιθέσεσι
751 1915 810 1964 τὸ
864 1920 961 1973 τῆς
1012 1914 1174 1984 ἁγνῆς
1232 1912 1542 1975 Ἐκκλησίας
1590 1911 1639 1964 ἓν
1703 1921 1856 1985 σῶμα

260 2010 341 2055 και
398 2001 775 2054 αδιάσπαστον
831 1998 968 2073 διχῆ
1027 1997 1284 2076 διαιρεθὲν
1342 2000 1607 2073 ἐσχίζετο,
1664 2008 1855 2076 μικροῦ

264 2089 314 2145 δε
356 2088 629 2147 διίστατο.
678 2097 762 2160 Τῷ
814 2088 872 2142 δὲ
928 2090 1290 2165 συναπέρρωγε
1342 2096 1430 2141 καὶ
1483 2093 1545 2142 τὰ
1593 2095 1710 2164 περὶ
1762 2096 1855 2148 τὴν

265 2181 548 2253 σύγκλητον
614 2185 705 2232 καὶ
765 2183 853 2231 τὸν
920 2180 1077 2231 πολὺν
1139 2181 1303 2231 πάντα
1364 2177 1551 2251 δῆμον,
1610 2189 1706 2231 τῶν
1766 2182 1856 2251 μὲν

263 2274 478 2333 τούτοις,
538 2277 641 2320 τῶν
701 2266 751 2321 δ’
813 2267 1029 2331 ἐκείνοις
1085 2272 1530 2343 συμφρονούντων,
1585 2274 1674 2320 καὶ
1741 2288 1859 2320 συν-

264 2355 369 2428 ῳδά
443 2361 804 2431 φθεγγομένων
880 2363 971 2410 καὶ
1036 2355 1462 2431 ἁντικρινομένων
1539 2365 1649 2419 τοῖς
1712 2358 1860 2430 ἔτερα

262 2446 493 2517 λέγουσιν
524 2462 540 2475 ⁸
612 2445 798 2517 ἀγυιαί
864 2454 1033 2499 ταῦτα
1099 2442 1245 2519 εἶχον
1313 2445 1403 2498 καί
1466 2445 1710 2518 λεωφόροι
1769 2452 1860 2499 καὶ

270 2540 511 2587 στενωποὶ
566 2540 658 2587 καὶ
724 2531 883 2604 οἶκοι,
949 2534 1374 2608 περιλαλῶμενα.
1442 2533 1598 2586 Ἔστι
1666 2531 1726 2587 δὲ
1787 2537 1861 2595 οἷς

266 2628 354 2675 καὶ
402 2624 566 2685 ἄλλως
616 2627 675 2676 τὸ
726 2625 888 2698 ῥητὸν
945 2622 1321 2696 ἐφηρμὴνευτο,
1363 2626 1431 2686 ὡς
1475 2632 1567 2676 τοῦ
1624 2632 1861 2696 Σωτῆρος

270 2713 369 2763 οἷον
440 2710 803 2785 ὑποδυομένου
880 2716 939 2764 τὸ
1005 2721 1099 2775 τῆς
1160 2721 1338 2774 κοινῆς
1419 2721 1519 2764 τῶν
1581 2711 1860 2788 ἀνθρώπων

269 2805 458 2873 φύσεως
496 2808 776 2876 πρόσωπον
808 2803 885 2872 (3)
913 2817 924 2829 ⁸
977 2800 1105 2854 ἀλλά
1152 2799 1221 2859 δὴ
1259 2808 1349 2855 καὶ
1395 2804 1531 2853 κατὰ
1567 2808 1720 2873 μόνον
1773 2805 1861 2854 τὸν

267 2898 353 2952 τῆς
412 2897 676 2950 κενώσεως
740 2894 933 2964 τρόπον
1002 2893 1167 2942 εἷτουν
1244 2889 1684 2962 συγκαταϐάσεως
1720 2906 1733 2918 '
1803 2890 1862 2942 οὐ

266 2983 365 3050 μὴν
413 2977 473 3033 δὲ
519 2978 649 3031 ἀλλὰ
695 2984 785 3031 καὶ
834 2981 919 3030 ὅτε
956 2980 987 3037 ἡ
1039 2988 1130 3031 τοῦ
1177 2984 1370 3052 Κυρίου
1418 2979 1552 3054 σὰρξ
1595 2979 1710 3032 καθ’
1743 2979 1862 3032 ἑαυ-

1959 1825 2328 1883 individuus.
2358 1831 2547 1897 Atque
2576 1823 2667 1879 his
2694 1825 3074 1881 sermonibus
3103 1828 3161 1882 et
3190 1825 3613 1882 contradictio-

1964 1916 2141 1971 nibus
2190 1931 2379 1969 unum
2438 1919 2619 1985 atque
2670 1913 3051 1969 individuum
3104 1918 3282 1970 castae
3336 1913 3613 1969 Ecclesiae

1964 2020 2182 2077 corpus
2215 2003 2495 2059 bifariam
2526 2001 2911 2059 scindebant:
2942 2019 3155 2075 resque
3180 2003 3309 2072 jam
3335 2018 3552 2074 parum
3578 2019 3616 2060 a

1966 2092 2284 2149 manifesto
2315 2092 2637 2147 schismate
2668 2091 2897 2147 aberat.
2925 2093 3196 2164 Namque
3228 2090 3380 2146 inter
3410 2108 3471 2146 se
3498 2091 3618 2146 dis‘

1966 2182 2200 2238 sidebat
2247 2188 2514 2249 senatus,
2558 2179 2876 2253 plebisque
2929 2178 3273 2249 multitudo,
3318 2180 3466 2234 dum
3517 2177 3618 2235 alii

1968 2271 2099 2327 aliis
2146 2269 2557 2335 adhaererent;
2592 2271 2647 2323 et
2683 2284 2823 2323 cum
2869 2267 2963 2323 his
3013 2267 3459 2343 consuirarunt,
3509 2267 3625 2324 illis

1970 2358 2476 2416 contradicerent:
2507 2362 2686 2430 atque
2711 2359 2792 2413 ita
2822 2356 2974 2423 fora,
3000 2357 3137 2426 viae,
3159 2357 3296 2426 vici,
3315 2357 3496 2423 aedes,
3524 2370 3629 2413 va-

1968 2451 2069 2505 riis
2108 2447 2488 2503 sermonibus
2530 2444 2964 2519 personabant.
2999 2445 3279 2501 Nonnulli
3303 2445 3485 2503 etiam
3515 2445 3627 2502 ali-

1968 2543 2057 2595 ter
2090 2537 2318 2593 dictum
2347 2536 2494 2593 illud
2521 2535 3091 2608 interpretabantur,
3118 2552 3227 2592 ceu
3258 2533 3308 2591 si
3355 2535 3627 2592 Servator

1970 2625 2431 2701 quodammodo
2485 2628 2713 2694 gereret
2769 2629 2996 2681 natura:
3063 2629 3283 2681 nostrae
3338 2624 3625 2680 humana;

1972 2731 2331 2790 personam;
2373 2713 2695 2786 solumque
2738 2714 3147 2784 intelligebant
3190 2712 3627 2770 extenuationis

1970 2804 2440 2876 humilitatisque
2480 2803 2735 2859 modum
2773 2820 2786 2857 :
2838 2818 3078 2858 carnem
3129 2802 3389 2874 denique
3432 2802 3627 2858 solam

1971 2911 2080 2968 per
2101 2911 2161 2949 se
2184 2892 2559 2966 spectabant,
2580 2908 2689 2946 ceu
2713 2890 2761 2945 si
2790 2906 2865 2946 ne
2887 2890 3176 2946 divinitati
3198 2891 3441 2962 quidem
3468 2895 3628 2946 esset

1974 2984 2318 3054 cunjuncta,
2333 2979 2686 3053 aliaquehuj
2698 2977 3318 3045 usmodieﬁ‘utiebant,
3334 2994 3469 3052 quas
3486 2984 3628 3050 post

267 3074 357 3124 τήν
422 3076 615 3120 νοεῖται
680 3069 884 3135 οὕτως,
954 3069 1128 3140 ὥσπερ
1206 3067 1248 3119 εἰ
1311 3065 1452 3140 μηδὲ
1524 3076 1586 3141 τῇ
1660 3071 1858 3126 θεὸτητι

1973 3089 2177 3129 veram
2211 3071 2297 3127 rei
2330 3076 2728 3126 controversae
2782 3067 3185 3136 cognitionem
3229 3067 3627 3140 Ecclesiaaque

271 3160 427 3215 ἦνωτο
453 3174 464 3186 ·
530 3162 621 3209 καὶ
685 3157 795 3209 ἄλλ’
865 3158 999 3209 ἄττα
1063 3156 1496 3231 προϐαλλομένοις
1519 3199 1532 3225 ,
1597 3157 1724 3232 ἅπερ
1793 3155 1860 3217 δὴ

1976 3159 2363 3217 concordiam
2380 3162 2744 3228 revocatam,
2763 3156 3144 3212 anathemate
3160 3155 3438 3228 perculsa
3464 3160 3624 3211 sunt.

265 3254 429 3297 ταῦτα
490 3249 624 3317 μετὰ
685 3251 782 3305 τὴν
850 3243 1017 3304 ἀληθῆ
1085 3252 1177 3297 τοῦ
1240 3246 1559 3318 ζητουμένου
1623 3255 1816 3317 γνῶσιν
1881 3253 1972 3302 καὶ
2030 3253 2125 3308 τὴν
2187 3256 2279 3309 τῆς
2344 3246 2653 3306 Ἐκκλησίας
2712 3245 2893 3297 ἕνωσιν
2953 3242 3432 3303 καθυπεϐλὴθησαη
3498 3241 3624 3295 ἁνα-

267 3335 473 3406 ϐήματι.

254 3483 268 3493 _
332 3422 400 3494 τ’,
441 3425 592 3476 Οὕτω
652 3419 719 3481 δὴ
776 3432 875 3484 τῆς
934 3421 1249 3484 Ἐκκλησίας
1308 3427 1683 3496 κυμαινομένης
1747 3432 1863 3487 ταῖς

264 3519 355 3563 τοῦ
445 3518 677 3587 πονηροῦ
760 3515 1049 3583 πνεύματος
1136 3514 1324 3586 αὔραις
1361 3553 1374 3578 ,
1462 3512 1863 3585 φιλονεικοῦντος

262 3598 483 3671 ἐκρῆξαι
541 3602 606 3652 τὰ
656 3609 752 3662 τῆς
788 3606 1019 3662 πίστεως
1070 3605 1357 3673 πείσματα,
1415 3608 1512 3662 τῆς
1566 3599 1862 3674 ὀαρογώνου

262 3694 455 3763 πέτροις
506 3697 742 3764 Χριστου
798 3698 893 3741 τοῦ
944 3692 1009 3741 τὰ
1060 3685 1320 3742 διεστῶτα
1370 3688 1719 3760 συνάψαντος,
1769 3690 1864 3742 οὐκ

260 3777 521 3850 ἐμέλησεν
578 3781 604 3830 ὁ
662 3788 754 3839 τῆς
804 3787 1064 3853 κοσμικῆς
1117 3778 1347 3851 μεγάλης
1399 3776 1622 3839 ὁλκάδος
1672 3778 1862 3853 κυϐερ-

257 3873 422 3930 νήτης
510 3866 927 3939 προϐεϐλημένος
1015 3870 1258 3941 ἡμέτερος
1347 3865 1593 3939 βασιλεὺς
1633 3882 1649 3898 ⁸
1744 3864 1862 3920 οὐδ’

258 3952 599 4018 ἓπενύσταξεν
691 3956 841 4018 οὗτος
935 3957 960 4006 ὁ
1052 3955 1329 4018 φυλάσσων
1420 3960 1508 4007 τὸν
1606 3954 1861 4007 νεόλεκτον

259 4042 476 4117 Ἰσραὴλ
528 4048 617 4096 τὸν
670 4049 760 4096 καὶ
817 4047 949 4097 Θεὸν
986 4045 1184 4119 ὁρῶντα
1233 4051 1307 4113 τῷ
1348 4052 1445 4105 τῆς
1499 4048 1688 4119 σαρκὸς
1733 4061 1861 4119 προ-

935 3957 960 4006 ὁ
1052 3955 1329 4027 φυλάσσων
1420 3960 1508 4007 τὸν

258 4131 490 4206 ﬁngunt
538 4134 902 4207 σκιαζόμενον,
958 4138 1048 4184 καὶ
1100 4141 1172 4204 τῷ
1218 4133 1359 4203 αὑτῷ
1399 4140 1512 4204 Θεῷ
1563 4134 1861 4208 καθορώμε-

258 4241 340 4273 νον
401 4229 493 4275 καὶ
546 4223 881 4296 σωζόμενον’
941 4220 1048 4274 ἀλλ’
1087 4225 1155 4283 ὡς
1209 4220 1459 4294 βασιλεὺς
1508 4229 1600 4282 τῆς
1657 4222 1864 4296 εἰρήνης

260 4315 350 4363 καὶ
414 4321 517 4363 τῶν
584 4310 1038 4369 ἐκκλησιαστικῶν
1098 4309 1560 4385 ἐπιστημονάρχης
1624 4308 1750 4362 ἐθῶν
1811 4329 1865 4362 τε

2045 3432 2096 3484 3.
2141 3428 2286 3482 Cum
2314 3426 2430 3482 hac
2454 3426 2810 3496 tempestate
2835 3422 3166 3495 jactaretur
3188 3421 3450 3480 Ecclesia
3478 3419 3624 3480 mali

1975 3516 2222 3588 spiritus
2273 3513 2480 3571 ﬂabris
2527 3511 2941 3585 perﬂantibus,
2986 3511 3434 3585 nitentibusque
3479 3511 3623 3569 ﬁdei

1970 3604 2422 3661 ﬁrmamentum
2437 3601 2781 3672 dissolvere,
2798 3601 2859 3657 id
2879 3605 2968 3657 est
2986 3600 3338 3672 angularem
3353 3598 3623 3675 lapidem

1973 3694 2267 3750 Christum
2298 3691 2405 3765 qui
2425 3689 2711 3747 distantia
2738 3690 3081 3762 conjungit;
3105 3690 3271 3746 haud
3303 3690 3623 3746 socordem

1972 3799 2034 3839 se
2050 3783 2321 3856 prwstitit
2340 3798 2440 3837 rex
2459 3785 2661 3836 noster
2680 3779 2977 3836 mundani
2995 3779 3204 3848 magni
3224 3778 3447 3848 navigii
3467 3778 3622 3834 deles

1972 3877 2100 3929 ctus
2121 3872 2519 3942 gubernator;
2542 3884 2738 3941 neque
2762 3868 3104 3924 darmitavit
3128 3867 3223 3922 hic
3250 3872 3455 3922 custos
3476 3866 3622 3922 novi

1971 3960 2204 4017 Israelis
2224 3959 2329 4032 qui
2359 3959 2548 4014 Deum
2576 3957 2850 4013 humana
2880 3971 3058 4011 carne
3084 3958 3423 4011 contectum
3457 3954 3619 4019 vidit,

1973 4055 2153 4123 atque
2188 4050 2266 4105 ab
2303 4050 2439 4121 ipso
2472 4050 2589 4103 Deo
2615 4046 2890 4101 visitatus
2917 4050 3307 4118 servatusque
3333 4043 3443 4101 fuit
3473 4063 3487 4102 :
3522 4061 3622 4101 ve-

1970 4156 2106 4197 rum
2133 4145 2426 4211 tanquam
2445 4153 2550 4193 rex
2570 4136 2758 4208 pacis,
2779 4139 2834 4191 et
2853 4133 3269 4191 ecclesiasticae
3290 4134 3621 4208 disciplinae

1973 4229 2401 4299 actionumque
2442 4224 2687 4297 sapiens
2734 4224 3099 4295 moderator,
3142 4240 3367 4295 magno
3412 4223 3620 4281 labore

1975 4319 2293 4392 studioque
2318 4317 2397 4373 ad
2432 4315 2496 4372 id
2519 4314 2826 4385 negotium
2855 4312 3142 4370 incubuit.
3175 4316 3242 4370 Et
3264 4329 3622 4392 quanquam

261 4406 352 4453 καὶ
409 4400 647 4473 πράξεων
709 4402 823 4472 (4),
890 4399 1291 4476 φιλοπονώτερον
1352 4406 1470 4473 περὶ
1533 4407 1702 4451 ταῦτα
1772 4403 1858 4451 καὶ

1974 4408 2138 4467 orbis
2158 4381 2423 4464 universi
2452 4420 2647 4473 curas,
2664 4402 2950 4459 imbrium
2971 4402 3249 4473 instar,in
3274 4418 3336 4460 se
3355 4388 3627 4477 quotidie

264 4495 761 4565 φροπιστικὼτερον
819 4485 1139 4543 διατίθεται.
1197 4486 1365 4542 Οὐδὲν
1416 4491 1507 4558 μὲν
1567 4490 1721 4547 ἦττον
1777 4492 1866 4539 καὶ

269 4587 367 4629 τῶν
432 4580 695 4654 ὁσημέραι
770 4587 1250 4651 παρεμπιπτουσῶν
1315 4579 1450 4630 κατὰ
1512 4579 1605 4639 τὰς
1681 4576 1869 4652 ὄμϐρι-

271 4672 423 4738 paid;
484 4672 742 4741 σταγόνας
807 4674 1078 4740 κοσμικῶν
1151 4663 1437 4743 φροντίδων
1513 4664 1869 4738 ἀντιποιούμε-

272 4776 371 4821 νος,
404 4758 515 4810 ὅλον
574 4755 636 4811 δὲ
692 4759 832 4830 ὅμως
892 4754 1072 4808 ἑαυτὸν
1129 4760 1412 4824 συντείνας,
1463 4754 1536 4827 ἔφ’
1586 4755 1625 4826 ᾧ
1670 4758 1731 4807 τὸ
1779 4758 1870 4827 μὲν

273 4855 445 4899 νοσοῦν
499 4849 756 4920 ὑγιῶσαι,
808 4849 903 4898 καὶ
964 4848 1023 4897 τὸ
1080 4841 1360 4920 διαρῥαγὲν
1427 4841 1721 4919 ἁρτιῶσαι·
1778 4847 1869 4895 καὶ

274 4939 392 5007 πρὸς
436 4943 560 5011 μίαν
611 4933 774 4998 αὖθις
824 4936 896 4987 τὰ
950 4934 1120 4986 πάντα
1175 4940 1487 5006 συναγαγεῖν
1543 4930 1862 5006 ὁλομελειαν.

278 5023 511 5083 Ἐντεῦθεν
575 5033 670 5083 καὶ
738 5029 850 5081 ὅσα
924 5024 1070 5097 παρὰ
1132 5018 1394 5099 διαφόρων
1463 5024 1872 5097 θεοφορουμένων

336 5208 405 5279 (3)
438 5209 586 5269 Hinc
619 5202 988 5279 Victorinus
1013 5200 1540 5279 Commainepist.
1572 5200 1652 5257 ad
1682 5198 1872 5279 Galat.

430 5300 501 5353 ιγ,
548 5300 610 5341 v.
686 5282 782 5354 14,
838 5269 1287 5354 (ρουθοιλγᾳι.
1345 5269 1536 5354 ι.“Ιιι,
1594 5277 1750 5354 part.
1813 5286 1874 5339 υ,

262 5342 424 5427 ρ.”48)
457 5342 578 5415 ait:
617 5342 1037 5427 Catholicam
1084 5342 1352 5399 Chn‘stus
1393 5342 1616 5427 corpus
1648 5343 1728 5399 ad
1757 5357 1877 5427 om:

256 5415 370 5488 ἆευι
404 5415 732 5489 hominem
789 5415 1062 5489 Ιιαρᾳίιε
1108 5430 1278 5472 omne
1329 5415 1489 5486 quod
1533 5429 1746 5489 passus
1780 5418 1874 5489 est

248 5484 613 5562 amoma
647 5494 854 5570 fecit,
898 5485 970 5542 id
1007 5491 1091 5541 est
1131 5492 1197 5542 ut
1238 5484 1432 5543 amitis
1475 5499 1618 5543 caro
1652 5486 1719 5541 in
1764 5484 1876 5540 illo

239 5580 519 5652 Wa
543 5577 661 5633 sit.

1974 4502 2215 4557 ruentes
2238 4496 2571 4561 sustineret,
2596 4493 2783 4551 nihilo
2803 4498 3009 4550 tamen
3039 4493 3238 4550 minus
3268 4497 3391 4550 toto
3417 4494 3623 4551 animo

1977 4589 2142 4646 dedit
2179 4602 2429 4659 operam
2459 4589 2524 4640 ut
2565 4599 2727 4654 aegra
2774 4586 3032 4648 sanaret,
3059 4583 3308 4656 disjecta
3356 4583 3619 4649 sarciret,

1979 4684 2158 4751 atque
2196 4676 2275 4733 ad
2305 4676 2592 4731 unitatem
2630 4677 2847 4729 cuncta
2882 4688 3090 4728 rursus
3134 4673 3411 4729 membra
3450 4673 3627 4727 redu‘

1978 4773 2150 4824 ceret.
2181 4763 2585 4832 Quamobrem
2628 4762 2950 4818 sententias
2996 4762 3178 4816 etiam
3218 4759 3624 4832 complurium

1976 4856 2404 4930 inspiratorum
2424 4850 2961 4923 theologorumque
2980 4849 3296 4905 hominum
3314 4864 3495 4920 super
3509 4848 3626 4904 hoc

1976 4944 2288 5023 proposito
2336 4943 2589 5015 scriptas
2632 4938 2829 5010 colligi
2875 4938 3321 5011 ordinatimque
3362 4937 3426 4993 in
3467 4937 3625 4993 libro

1978 5033 2220 5111 disponi
2264 5031 2521 5087 curavit:
2554 5033 2736 5101 atque
2764 5027 2879 5083 has
2925 5025 3207 5083 divorum
3243 5027 3626 5083 auctoritates

2049 5193 2125 5268 (4)
2159 5192 2390 5251 Mallem
2406 5189 2479 5268 id
2506 5191 2875 5268 reservatum
2902 5182 3376 5268 pontiﬁcibus‘et
3397 5184 3628 5268 episco‘

2049 5201 2125 5268 (4)
2159 5201 2390 5251 Mallem
2416 5201 2479 5247 id
2506 5201 2875 5246 reservatum
2896 5201 3289 5313 Fonuncrnus
3317 5201 3376 5242 et
3402 5201 3626 5257 episco«

2026 5269 2097 5349 is,
2115 5261 2564 5349 ςμρισιιαλίείιιά
2586 5276 2835 5349 διερεθιξὲ
2851 5274 2897 5349 9
2912 5257 3200 5349 92129.?
3218 5260 3626 5349 retersit?

2026 5285 2097 5338 IS,
2115 5284 2378 5349 quorum
2402 5284 2564 5319 1‘3qu
2586 5284 2825 5316 sacrum
2856 5284 3123 5338 uinciou
3144 5284 3200 5313 υι
3218 5284 3496 5336 μυιυδιιιδ.
3512 5284 3626 5311 uno.

1983 5284 2051 5412 Et
2072 5339 2322 5412 quidem
2352 5336 2593 5412 Graecus
2633 5331 3004 5412 Ephraamius
3028 5328 3194 5383 haud
3226 5342 3415 5412 unum
3440 5326 3631 5412 dilati;

1985 5391 3036 5482 dati—Byiantinum__imp.erator.em,
3096 5403 3414 5482 propterea
3461 5391 3629 5467 quod

1932 5504 1935 5505 ν
1983 5482 2133 5539 nihil
2160 5469 2226 5536 in
2253 5469 3001 5543 ecclesiastica’disciplina
3023 5472 3416 5524 novaverant.
