4126 6272
269 277 352 334 209
1578 270 1928 331 THESAURI
1971 269 2102 328 LlB.
2152 269 2302 330 XXV.
3517 272 3622 328 210

271 405 638 472 προσκυνοῦμεν
690 399 720 456 ὃ
752 395 977 474 οἴδαμεν
1006 419 1018 436 ο
1061 398 1143 454 ὅτι
1185 399 1214 460 ἡ
1251 399 1488 472 σωτηρία
1528 395 1583 453 ἐκ
1611 403 1712 453 τῶν
1742 396 1868 454 Ἰου-
1899 445 1900 452 η

1991 411 2283 471 ιιιειιιιιᾶω
2307 399 2508 456 tamen
2530 395 2706 455 nobis
2731 395 2966 454 claritas
2984 395 3115 468 ejus
3137 393 3434 468 patefacta
3459 409 3620 451 com-

272 485 403 541 δαίων
434 487 603 545 ἐστίν.

1990 485 2344 559 irobataque
2375 491 2519 546 erat.
2553 490 2857 546 Postremo
2884 485 3184 542 interdum
3213 485 3298 542 ita
3325 484 3619 558 loqueba-

270 581 359 648 tur,
381 582 684 652 tanquam
715 577 1070 637 Judaaorum
1099 592 1422 650 personam
1449 575 1817 638 adscivisset.
1841 591 1904 632 se
1927 575 1988 632 in
2017 591 2224 634 eorum
2257 591 2581 634 numerum
2612 575 3000 645 ascribendo;
3034 581 3099 631 ut
3129 591 3266 631 cum
3300 574 3620 634 Samarita—

271 681 340 723 naa
363 668 479 724 ait:
524 668 642 724 Vos
671 667 952 726 adoratis
980 668 1140 740 quod
1168 668 1439 738 nescitis;
1466 681 1572 723 nos
1602 667 1926 723 adoramus
1956 667 2115 738 quod
2141 667 2358 723 scimus
2386 684 2399 723 :
2429 667 2572 739 quia
2603 667 2766 723 salus
2791 681 2866 724 ea:
2892 665 3115 722 Judaeis
3155 671 3236 722 est
3258 666 3305 724 ⁷.

273 797 352 848 Του
386 793 540 865 ἁγίου
585 798 888 867 Γρηγοριου
932 812 1024 846 του
1075 791 1328 864 Θεολόγου
1377 790 1432 844 ἐκ
1476 799 1567 846 τοῦ
1612 787 1856 866 δευτέρου

1988 794 2182 852 Sancti
2207 795 2474 868 Gregorii
2523 793 2794 866 Theologi
2832 809 2908 852 ex
2936 796 3209 852 oratione
3241 793 3502 852 secunda
3544 794 3617 852 de

710 881 870 956 λόγου
901 889 993 935 τοῦ
1021 887 1138 958 περὶ
1163 885 1286 935 Tim}

1247 889 1286 933 ni
1311 881 1407 952 (6).
2701 885 2876 953 Filio,

335 1004 379 1058 ι’.
412 1007 482 1059 Τὸ
528 1007 632 1079 γὰρ
687 1002 758 1065 δὴ
811 1005 977 1077 λέγειν
1029 1007 1109 1059 ὅτι
1154 1025 1245 1058 του
1289 1006 1424 1057 κατά
1455 1007 1543 1056 τὸν
1590 1005 1859 1078 ἄνθρωπον

2039 1013 2090 1064 5.
2120 1008 2320 1066 Dicere
2363 1012 2586 1079 autem,
2616 1009 2782 1083 quod
2809 1009 2982 1066 Pater
3027 1009 3224 1079 major
3265 1007 3491 1064 Christo
3518 1009 3611 1076 sit,

280 1098 522 1166 νοουμένου
575 1095 796 1166 μείζων,
853 1093 1037 1156 ἀληθὲς
1093 1097 1203 1167 μὲν,
1251 1093 1307 1145 οὗ
1356 1097 1488 1166 μέγα
1538 1089 1610 1148 δέ.
1657 1097 1721 1146 Τί
1755 1095 1857 1172 γὰρ

1982 1102 2267 1172 ;uatenus
2303 1098 2400 1156 hic
2430 1099 2612 1157 modo
2637 1097 2983 1169 intelligitur
3005 1113 3258 1181 ;verum
3281 1097 3340 1153 id
3365 1097 3611 1172 quidem

275 1186 325 1236 τό
348 1185 662 1256 θαυμαστὸν,
698 1183 742 1236 εἰ
762 1182 954 1255 μείζων
984 1181 1255 1256 ἀνθρώπου
1287 1185 1449 1249 Θεός;

1984 1191 2074 1254 est,
2107 1188 2272 1244 haud
2297 1193 2502 1246 tamen
2542 1204 2855 1258 magnum.
2898 1187 3051 1259 Quid
3078 1187 3238 1245 enim
3269 1186 3511 1253 mirum,
3563 1187 3613 1246 si

269 1314 358 1362 Τοῦ
393 1308 547 1378 ἁγίου
587 1308 930 1373 Ἀθανασίου,
976 1306 1031 1359 ἐκ
1067 1314 1160 1360 τοῦ
1204 1303 1534 1360 διαλεκτικοῦ
1581 1306 1756 1379 λόγου,
1804 1307 1857 1361 ὃν

1144 1314 1160 1358 ;
1204 1303 1534 1360 διαλεκτικοῦ
1581 1306 1756 1379 λόγου,
1804 1307 1857 1361 δν
1968 1275 2124 1332 Deus
2153 1277 2397 1336 homine
2428 1277 2618 1353 major
2643 1277 2773 1335 est?

328 1395 612 1454 ἐποιήσατο
662 1393 711 1446 ἰν
751 1403 812 1468 τῇ
841 1398 976 1447 κατά
1021 1399 1244 1448 Νίκαιαν
1283 1395 1411 1469 ἁγίᾳ
1445 1400 1622 1469 πρώτῃ
1656 1395 1852 1470 μεγάλῃ

1982 1401 2024 1459 5'.
2081 1403 2408 1460 Athanasii
2458 1419 2535 1461 ex
2584 1404 2992 1474 disputatione
3046 1417 3225 1474 quam
3281 1402 3490 1460 habuit
3548 1404 3611 1460 in

325 1480 530 1555 συνόδῳ
569 1486 697 1556 πρὸς
741 1487 827 1536 τὸν
868 1481 1070 1558 Ἀρειον

2035 1499 2248 1549 sancta
2273 1495 2474 1563 prima
2516 1493 2767 1550 Nicena
2803 1507 3027 1564 magna
3057 1491 3286 1562 synodo
3320 1491 3609 1550 adversus

327 1608 387 1670 ζ·
427 1609 751 1670 Ἀθανοὶσιος
795 1608 906 1661 εἶπε
935 1629 950 1643 ο
1001 1613 1141 1670 Τίνες
1196 1605 1284 1661 οὖν
1331 1617 1606 1678 κοπιῶσιν,
1650 1611 1854 1686 ἄνθρω-
1886 1627 1931 1683 Β
2035 1584 2264 1638 Anum-

263 1717 342 1751 ποι
392 1697 422 1756 ἦ
485 1697 738 1769 ἄγγελος
797 1696 1000 1770 Ἀρειος
1056 1697 1226 1751 εἰπενο
1287 1696 1527 1771 ’Ἄγγελοι
1587 1698 1858 1773 ἀσώματοι

2037 1711 2088 1762 6.
2119 1707 2477 1764 Athanasius
2508 1708 2677 1765 dixit:
2715 1708 2972 1775 Quinam
3028 1708 3207 1778 igitur
3249 1707 3607 1778 fatigantur;

260 1789 610 1858 τυγχάνουσι,
664 1789 795 1862 πρὸς
846 1790 906 1838 τό
958 1783 1329 1848 διακονοῦντας
1381 1787 1567 1850 αὐτοὺς
1617 1791 1855 1862 καμάτου

1979 1797 2336 1864 hominesne,
2371 1814 2448 1854 an
2479 1797 2718 1867 angeli?
2753 1797 2924 1853 Arius
2954 1796 3140 1854 dixit:
3181 1797 3389 1866 Angeli
3415 1797 3608 1853 incor-

260 1883 431 1949 πεῖραν
470 1880 546 1947 μὴ
597 1873 800 1927 λαϐεῖν·
865 1874 1133 1950 ἀνθρώπου
1175 1873 1234 1928 δὲ
1260 1878 1318 1928 τὸ
1346 1877 1554 1948 κάμνειν
1583 1873 1721 1931 ἴδιον
1765 1875 1860 1931 διὰ

1980 1886 2132 1957 porei
2163 1891 2320 1953 sunt,
2342 1892 2406 1942 ut
2432 1903 2569 1942 cum
2601 1887 2714 1960 ipsi
2737 1887 3096 1954 ministrant,
3118 1885 3353 1943 nullum
3376 1886 3609 1942 lassitu-

260 1970 345 2022 τὴν
391 1972 486 2017 του
538 1970 774 2037 σώματος
826 1963 1040 2038 βαρεῖαν
1099 1965 1274 2023 ὁλκήν.
1324 1964 1636 2030 Ἀθανοίσιος
1682 1969 1854 2020 εἶπεν·

1982 1973 2122 2030 iinis
2153 1975 2630 2047 experimentum
2675 1974 3022 2048 percipiant.
3067 1979 3138 2030 At
3175 1974 3436 2030 hominis
3473 1990 3611 2046 pro-

263 2057 316 2106 Ὀ
371 2052 461 2106 οὖν
530 2056 721 2126 Κύριος
792 2062 900 2114 πῶς
971 2053 1261 2120 ἐκοπίασα
1341 2059 1631 2129 Γέγραπται
1693 2059 1792 2131 γὰρ
1839 2076 1852 2090 ·

1981 2063 2164 2118 arium
2201 2067 2290 2118 est
2319 2063 2571 2133 fatigari,
2613 2069 2856 2136 propter
2885 2077 3130 2131 gravem
3157 2077 3376 2134 nempe
3403 2077 3610 2135 corpo-

260 2142 459 2204 ’Ῑιςσους
491 2139 553 2196 δὲ
601 2147 920 2203 κεκοπιακὼς
959 2141 1014 2195 ἐκ
1061 2151 1157 2204 τῆς
1194 2140 1515 2217 ὁδοιπορίας,
1565 2144 1853 2206 ἐκαθέζετο.

1983 2151 2045 2206 'is
2076 2151 2316 2208 molem.
2351 2152 2715 2208 Athanasius
2747 2151 2930 2207 dixit:
2966 2150 3282 2216 Quomodo
3313 2166 3454 2220 ergo
3486 2151 3612 2206 fati-

261 2233 458 2307 Ἀρειος
528 2229 664 2285 εἶπεν
705 2253 718 2266 ο
799 2235 1091 2304 Συνήγαγές
1151 2252 1235 2305 με,
1306 2235 1376 2296 ὡς
1451 2233 1730 2296 ἠθέλησας,
1801 2235 1857 2287 ἐκ

1981 2247 2139 2312 ζιιίιιε
2169 2247 2255 2298 est
2277 2243 2565 2298 Dominus
2581 2243 2608 2298 ?
2637 2242 2933 2314 Scriptum
2960 2241 3120 2296 enim
3144 2245 3257 2296 est:
3279 2242 3451 2297 Jesus
3475 2256 3610 2298 vero

262 2341 342 2374 τον
385 2319 821 2398 παραδείγματος
859 2331 959 2374 τῶν
1008 2321 1232 2394 ἀγγέλων
1281 2329 1368 2376 καὶ
1415 2333 1514 2376 τῶν
1555 2323 1852 2398 ἀνθρώπων,

1981 2331 2261 2402 'atigatus
2291 2347 2366 2389 ex
2401 2335 2634 2402 itinere,
2670 2331 2969 2388 sedebat“.
2999 2329 3172 2385 Arius
3203 2328 3387 2385 dixit:
3413 2331 3483 2386 Ut
3509 2345 3610 2385 ve-

263 2415 335 2464 ὅτι
374 2414 479 2485 οὐχ
518 2416 588 2475 ὡς
631 2417 750 2473 Θεὸς
795 2416 963 2482 Λόγος
1002 2411 1295 2481 ἐκοπίασεν,
1337 2413 1443 2465 ἀλλ’
1483 2417 1567 2466 ἵνα
1614 2423 1742 2488 φανῇ
1777 2418 1858 2469 ὅτι

1989 2421 2140 2492 uisti,
2159 2437 2226 2476 eo
2249 2437 2362 2490 me,
2381 2421 2733 2491 angelorum
2751 2420 3189 2491 hominumque
3204 2418 3495 2491 exemplo,
3513 2418 3613 2475 ad-

268 2504 449 2573 σάρκα,
523 2505 585 2560 ἣν
644 2501 738 2554 ουκ
792 2498 906 2574 εἶχε
957 2506 1206 2575 πρότερον
1258 2504 1284 2554 6
1339 2508 1509 2574 Λόγος
1562 2509 1652 2556 καί
1709 2508 1854 2567 Θεὸς,

1983 2509 2206 2577 iuxisti,
2236 2515 2297 2566 ut
2326 2510 2514 2566 fatear
2542 2510 2806 2565 Verbum
2834 2524 2957 2564 non
2988 2513 3053 2564 ut
3081 2510 3268 2564 Deum
3298 2507 3612 2577 fatigatum

264 2594 446 2650 ταύτην
493 2590 732 2643 ἀνέλαϐεν
763 2607 777 2622 ο
833 2587 928 2644 διά
980 2598 1130 2644 τοῦτο
1185 2599 1245 2664 τῇ
1310 2598 1468 2667 σαρκὶ
1517 2600 1857 2668 συνεχώρησε

1986 2614 2116 2667 esse,
2147 2598 2254 2654 sed
2284 2603 2349 2654 ut
2389 2603 2704 2672 appareret
2739 2613 2984 2654 carnem
3015 2597 3192 2663 hanc,
3222 2612 3410 2668 quam
3441 2601 3615 2654 antea

265 2685 481 2751 πάσχειν
525 2683 594 2732 τά
621 2676 757 2751 ἴδια,
793 2682 877 2732 ἶνα
919 2688 1047 2753 φανῇ
1095 2682 1175 2733 ὅτι
1207 2681 1340 2754 σάρξ
1372 2681 1529 2736 ἐστιν.
1566 2684 1856 2745 Αθανάσιος

1985 2687 2224 2742 Verbum
2245 2692 2302 2744 et
2325 2691 2478 2743 Deus
2499 2704 2620 2744 non
2643 2687 2926 2755 habebat,
2946 2685 3371 2757 assumpsisse:
3393 2685 3614 2740 idcirco

266 2767 362 2822 εἷπε
385 2792 397 2803 ·
431 2774 684 2842 Μέμνησο
723 2775 806 2823 ὅτι
849 2770 1286 2844 προωμολόγηται
1328 2773 1407 2824 ὅτι
1435 2775 1712 2844 πανταχοῦ
1755 2775 1856 2826 πά-

1986 2778 2132 2832 :arni
2159 2793 2295 2850 quae
2327 2779 2440 2834 sibi
2461 2781 2630 2834 erant
2654 2777 2898 2849 propria
2926 2776 3049 2847 pati
3077 2775 3363 2846 permisit,
3400 2779 3462 2830 ut
3492 2789 3615 2830 car-

262 2877 423 2929 ρεστιν
455 2861 480 2910 6
521 2865 692 2930 Λόγος
739 2864 830 2911 καὶ
871 2863 1020 2920 Θεός,
1061 2858 1266 2933 Ἀρειος
1304 2861 1436 2913 εἶπεν
1462 2877 1475 2890 ⁸
1539 2862 1852 2934 ’Λραρότως.

1987 2882 2108 2922 lem
2137 2883 2266 2922 esse
2297 2866 2543 2922 evidens
2575 2866 2758 2921 ﬁeret.
2790 2864 3154 2920 Athanasius
3184 2864 3368 2918 dixit:
3397 2866 3616 2919 Memor

261 2947 559 3009 Ἀθανιὶσιος
583 2946 739 3000 εἶπενο
769 2949 835 3001 Εἴ
857 2949 943 3000 οὖν
965 2968 1240 3021 πανταχου
1257 2952 1500 3025 πάρεστι,
1532 2955 1670 3013 τίνος
1699 2953 1858 3004 ἕνεκεν

1987 2957 2076 3025 iis,
2109 2957 2611 3026 concessumjam
2640 2971 2771 3010 esse
2801 2954 3058 3008 Verbum
3089 2956 3145 3007 et
3175 2955 3360 3006 Deum
3391 2949 3616 3022 ubique

263 3038 490 3106 ἔφασκεν,
538 3038 600 3089 Ὀ
649 3042 835 3111 Πατήρ
867 3056 968 3110 μου
1020 3039 1046 3089 6
1078 3037 1290 3110 πέμψας
1343 3058 1405 3111 με
1436 3042 1624 3102 μείζων
1677 3038 1856 3106 ieris;

1988 3043 2268 3099 exsistere.
2297 3043 2468 3099 Arius
2488 3043 2651 3098 dixit.
2683 3044 2852 3096 Recte
2875 3038 3228 3095 admodum.
3259 3037 3617 3093 Athanasius

265 3123 453 3197 Ἀριιος
486 3123 641 3179 εἶπενο
677 3125 973 3200 Παρακαλῶ
1005 3145 1080 3195 σι,
1105 3132 1175 3200 μὴ
1199 3127 1417 3201 ὀκνήσῃς
1444 3127 1778 3200 ἀποκαλύψαι
1803 3133 1860 3180 τό

1988 3133 2154 3188 lixit:
2191 3131 2246 3189 Si
2291 3131 2472 3202 igitur
2512 3131 2737 3202 ubique
2783 3143 3052 3201 praesens
3080 3131 3189 3193 est,
3233 3142 3502 3199 quanam
3541 3126 3617 3182 de

258 3213 498 3286 κάλυμμα
518 3215 622 3267 ἀπὸ
648 3235 740 3268 του
780 3218 1087 3290 γράμματος
1111 3215 1158 3267 ἐν
1189 3218 1368 3287 τάχει.
1400 3223 1532 3270 Λίαν
1570 3220 1671 3290 γάρ
1708 3217 1860 3270 ἀνιῶ-

1989 3238 2155 3278 3ausa
2197 3222 2314 3277 ait:
2365 3223 2548 3277 Pater
2584 3235 2767 3287 meus,
2808 3219 2914 3290 qui
2939 3218 3099 3273 misit
3141 3232 3251 3282 me,
3293 3218 3491 3286 major
3527 3232 3618 3272 me

255 3323 368 3374 μαι.
390 3304 700 3366 Ἀθανοίσιος
721 3301 877 3358 εἶπεν·
901 3309 985 3366 Τίς
1014 3303 1153 3357 ἐστιν
1174 3306 1200 3356 6
1221 3311 1554 3378 κεκοπιακὼς,
1571 3309 1810 3380 οἶνθρωπο
1820 3327 1858 3372 ς,

1985 3318 2054 3369 est
2081 3316 2110 3368 ?
2139 3312 2312 3367 Arius
2352 3310 2536 3366 dixit:
2585 3309 2845 3366 Obsecro
2881 3311 2959 3377 te,
2998 3322 3074 3363 ne
3118 3306 3377 3377 graveris
3413 3305 3614 3361 velum

257 3391 284 3447 ἦ
342 3393 367 3444 ὁ
409 3397 540 3455 Θεὸς
588 3399 789 3464 Λόγος;
841 3393 1046 3468 Ἀρειος
1095 3390 1230 3446 εἶπεν
1273 3414 1286 3428 ο
1341 3393 1659 3468 Ἀνθρωπος.
1709 3395 1862 3449 Ἀθα-

1988 3417 2008 3458 ι
2033 3401 2226 3457 littera
2263 3415 2449 3473 quam
2495 3398 2608 3454 cito
2639 3397 2969 3453 detrahere.
3003 3394 3185 3451 Valde
3229 3395 3389 3450 enim
3427 3409 3617 3465 angor

252 3487 428 3545 νασιος
457 3481 612 3536 εἶπεν·
639 3484 845 3537 Οὔκουν
869 3488 958 3536 σόν
989 3483 1102 3536 ἐστι
1131 3488 1189 3536 τό
1217 3492 1404 3543 νοῆσαι
1432 3485 1631 3550 λοιπόν,
1661 3485 1860 3562 ’Ἄρειος

1986 3491 2194 3546 mimo.
2221 3488 2587 3546 Athanasius
2610 3487 2786 3542 dixit:
2813 3486 2955 3552 Quis
2975 3486 3256 3554 fatigatus
3279 3489 3382 3554 est,
3406 3483 3615 3540 homo-

253 3569 382 3626 εἶπεν
405 3593 418 3606 ·
464 3573 837 3648 Κατελαϐόμην
871 3593 965 3626 σου
1016 3579 1102 3626 τόν
1139 3583 1256 3627 νοῦν
1287 3573 1334 3626 ἐν
1373 3585 1444 3646 τῷ
1487 3576 1621 3647 λόγῳ
1668 3580 1854 3649 τούτῳ.

1985 3597 2064 3648 1e,
2093 3596 2170 3636 an
2199 3583 2352 3636 Deus
2377 3578 2637 3634 Verbum
2659 3578 2686 3633 ?
2711 3577 2884 3632 Arius
2909 3575 3090 3631 dixit:
3125 3578 3332 3632 Homo.
3367 3574 3614 3630 Athana-

252 3665 346 3734 ὅτι,
393 3661 486 3717 τοῦ
527 3672 661 3718 Θεοῦ
723 3670 898 3735 Λόγου
938 3683 1215 3735 πανταχου
1263 3670 1537 3738 παρόντος,
1581 3662 1738 3725 δῆλον
1777 3669 1857 3719 ὅτι

1984 3671 2089 3725 sius
2119 3669 2297 3725 dixit:
2340 3672 2531 3726 Tuum
2561 3667 2740 3738 igitur
2767 3666 2898 3737 jam
2928 3670 3019 3721 est
3044 3665 3391 3733 intelligere.
3438 3663 3613 3720 Arius

251 3749 342 3803 διὰ
386 3760 482 3812 τὴν
523 3756 698 3829 σάρκα
745 3750 902 3823 εἶπεν,
942 3753 1001 3804 Ὀ
1043 3758 1222 3826 Πατήρ
1291 3773 1391 3824 μου
1460 3755 1484 3806 6
1549 3755 1754 3827 πέμψας
1792 3775 1856 3829 με

1981 3758 2152 3827 iixit;
2199 3758 2467 3830 Percipio
2515 3755 2662 3828 quid
2697 3760 2798 3810 tuo
2828 3755 2943 3809 hoc
2971 3768 3262 3826 responso
3291 3749 3610 3820 intelligas,

247 3844 436 3912 μείζων
502 3842 664 3910 ἔστιν,
733 3848 830 3902 τὴν
892 3838 1226 3915 βαδίζουσαν
1279 3847 1367 3894 καί
1424 3852 1711 3913 κοπιῶσαν,
1766 3849 1855 3897 καὶ

1980 3864 2179 3921 tempe
2209 3864 2347 3905 cum
2396 3850 2548 3904 Deus
2580 3844 2838 3901 Verbum
2883 3841 3108 3912 ubique
3137 3840 3312 3906 adsit,
3362 3855 3609 3911 prorsus

249 3931 346 3986 ἀπὸ
391 3937 554 3988 τόπου
616 3933 688 3995 εἰς
744 3936 903 3987 τόπον
957 3934 1124 4005 έτερον
1186 3933 1531 4007 πορευομένην
1567 3971 1579 3984 .
1627 3932 1854 3996 Ἀληθῶς

1983 3943 2240 3995 :onstare
2291 3937 2493 4009 ipsum
2545 3937 2790 4008 propter
2816 3945 3062 3986 carnem
3109 3927 3374 3984 dixisse:
3425 3928 3612 3984 Pater

245 4022 408 4095 εἰρθειῖις
438 4025 552 4096 εχει
581 4030 758 4078 τοῦτο.
1960 4044 2124 4085 meus
2154 4027 2255 4100 qui
2273 4028 2427 4082 misit
2445 4025 2858 4093 me,majorme
2883 4024 2988 4076 est.
3018 4021 3165 4075 Caro
3192 4017 3352 4074 enim
3379 4017 3611 4088 gradie-

1961 4115 2138 4172 batur
2163 4121 2220 4171 et
2246 4113 2630 4183 fatigabatur,
2660 4113 2718 4166 et
2749 4125 2784 4165 a
2805 4107 2940 4164 loco
2970 4107 3032 4163 in
3055 4106 3256 4162 locum
3282 4105 3608 4176 migrabat.

377 4226 482 4274 Τοῦ
512 4218 668 4291 ἁγίου
701 4217 1055 4291 ’Λμγιλοχίου
1094 4216 1149 4269 ἐκ
1174 4237 1265 4271 του
1291 4220 1426 4271 κατά
1449 4218 1723 4293 Ἀρειανῶν
1883 4221 1927 4277 D
1960 4205 2006 4258 θ’

1094 4216 1149 4269 ἐκ
1174 4237 1265 4271 του
1291 4220 1426 4271 κατὰ
1449 4218 1723 4293 Ἀρειανῶν
1883 4221 1927 4277 ι)
1960 4205 2123 4260 Certe
2152 4203 2214 4259 id
2238 4207 2393 4258 recte
2423 4216 2485 4256 se
2513 4198 2714 4256 habet.

918 4306 1073 4379 λόγου
1096 4309 1214 4379 (8).”
2029 4312 2091 4369 S.
2121 4309 2534 4381 Amphitochii

2029 4312 2091 4369 S.
2121 4309 2534 4381 Amphitochii
2559 4321 2634 4365 ex
2660 4319 2927 4363 sermone
2947 4303 3232 4361 adversus
3253 4304 3531 4361 Arianos.

320 4434 386 4496 ξ.
429 4438 525 4489 Διά
565 4453 722 4488 τουτο
759 4435 863 4506 γάρ
907 4440 982 4491 πῆ
1030 4435 1119 4504 μεν
1161 4431 1501 4504 ἀνηγμένους,
1541 4454 1612 4494 πη
1664 4431 1724 4489 δὲ
1751 4456 1850 4489 τα..

2029 4443 2082 4493 ’7.
2117 4436 2344 4492 Idcirco
2391 4449 2553 4492 nunc
2591 4431 2852 4500 sublimi,
2883 4445 3044 4485 nunc
3081 4428 3293 4486 humili
3339 4428 3605 4486 oratione

253 4529 453 4586 πεινοὺς
493 4527 788 4597 φθέγγομαι
844 4521 1068 4593 λόγους·
1119 4523 1201 4573 ἱνα
1231 4518 1326 4574 διὰ
1362 4525 1452 4594 μὲν
1501 4531 1600 4575 τῶν
1649 4524 1850 4597 ὑφηλῶν

1979 4532 2126 4594 itor;
2152 4540 2370 4598 nempe
2408 4527 2473 4580 ut
2500 4521 2763 4589 sublimi,
2794 4519 3182 4576 inhabitantis
3220 4517 3397 4575 Verbi
3438 4517 3608 4575 nobi-

262 4629 346 4662 τον
397 4612 705 4673 ἕνοικουντος
752 4611 909 4683 λόγου
965 4607 1230 4674 ἀποδείξω
1281 4615 1375 4669 τὴν
1433 4611 1704 4684 εὐγένειαν,
1760 4611 1854 4668 διὰ

1978 4617 2185 4674 itatem
2226 4615 2673 4676 demonstrem;
2721 4608 2935 4665 humili
2995 4614 3218 4678 autem,
3266 4607 3607 4664 comitantis

262 4695 318 4752 ἴε
373 4710 467 4753 τῶν
517 4710 771 4755 ταπεινῶν
825 4708 924 4762 τῆς
971 4697 1324 4772 ἐνοικουμένης
1372 4704 1562 4775 σαρκός
1614 4708 1853 4777 γνωρίσω

1975 4705 2156 4761 iarnis
2193 4703 2600 4759 inﬁrmitatem
2643 4697 2996 4768 signiﬁcem.
3042 4699 3110 4752 Et
3143 4696 3393 4753 iterum:
3433 4695 3604 4751 Modo

261 4791 322 4839 τέι
372 4789 581 4851 ἀσθενῆ.
645 4795 749 4844 Καὶ
786 4789 964 4842 πάλιν·
1019 4795 1096 4848 Πῆ
1156 4792 1246 4862 μὲν
1285 4787 1506 4861 ἐμαυτὸν
1557 4793 1671 4844 ἴσον
1725 4791 1853 4864 λέγω

1971 4810 2057 4850 me
2087 4793 2239 4849 Patri
2269 4791 2584 4866 aequalem,
2622 4789 2805 4846 modo
2837 4791 3067 4843 Patrem
3097 4786 3390 4856 majorem
3420 4783 3555 4839 dico
3588 4801 3600 4839 :

263 4886 330 4947 τῷ
371 4885 545 4954 ιιατρι,
589 4888 662 4940 πῆ
714 4877 774 4933 δι
818 4881 1039 4952 μείζονα
1077 4883 1162 4931 τὸν
1208 4883 1452 4951 Πατέρα’
1503 4879 1561 4932 οὐ
1610 4885 1852 4954 μαχόμε-

1974 4899 2158 4958 neque
2205 4883 2334 4955 ipse
2383 4881 2528 4939 mihi
2561 4894 2858 4953 repugno,
2907 4877 3014 4934 sed
3042 4892 3139 4932 me
3183 4875 3370 4931 Deum
3408 4874 3603 4932 homi-

327 5040 345 5071 τ
375 5041 531 5098 toan.
556 5057 635 5112 iv,
662 5041 756 5097 2'2.
840 5039 862 5074 ⁸
891 5037 1039 5095 ibid.
1074 5043 1123 5095 6.

330 5204 400 5271 (6)
424 5205 562 5263 Edit.
598 5204 860 5276 Maurin.
893 5203 1164 5276 t.rl,orat.
1199 5205 1286 5267 30,
1317 5202 1345 5274 ἓ
1375 5207 1429 5257 ’7.
1725 5274 1732 5276 ξ
1763 5273 1776 5276 Α
2029 5205 2191 5274 (8)1n
2217 5197 2974 5276 S.Amphilochiireliqujis
2989 5199 3154 5271 apud
3177 5197 3604 5276 Combeﬁsium

324 5269 394 5337 (7)
439 5278 584 5336 Edit.
636 5275 904 5349 manrin.
940 5275 979 5327 t.
1038 5275 1099 5349 ll,
1161 5289 1219 5345 p.
1278 5269 1426 5349 2l0._
1454 5276 1633 5330 Porro
1681 5273 1849 5349 vides
1957 5269 2155 5348 p.149
2195 5269 2423 5349 citatur'
2444 5274 2604 5330 idem
2643 5273 2740 5328 hic
2786 5269 2986 5349 titulus
3011 5269 3255 5349 {sermo
3297 5269 3604 5349 vergipse

265 5342 496 5406 Graecam
527 5347 740 5406 saeculi
763 5362 843 5402 xii
869 5340 1180 5418 synodum
1206 5344 1619 5418 agnovissent
1645 5347 1850 5418 genui-
1959 5340 2187 5418 periit:
2217 5348 2297 5402 ita
2337 5351 2539 5418 tamen
2585 5349 2650 5399 ut
2687 5340 2980 5418 particula
3017 5341 3298 5418 quaedam
3341 5340 3604 5418 vaticani

259 5428 382 5492 nam
400 5421 710 5479 Athanasii
737 5408 1107 5492 opus',q_uod
1134 5408 1344 5492 postea
1365 5417 1608 5492 Maurini
1632 5408 1850 5492 aliique
1958 5408 2139 5492 hujus
2169 5417 2488 5492 fragmenti
2526 5408 2801 5492 occurrat
2843 5412 3020 5492 etiam
3037 5408 3222 5492 apud
3237 5408 3600 5492 praedictum

253 5489 409 5566 _critici
434 5497 593 5552 inter
639 5479 881 5566 Spurio.
912 5479 1321 5544 Aihana'siana
1346 5486 1713 5546 conﬁdenter
1734 5479 1850 5545 éol-
1959 5479 2407 5566 Combeﬁsium,
2432 5505 2490 5560 p.
2519 5489 2644 5557 146,
2671 5500 2812 5542 cum
2841 5481 3045 5538 titulo:
3077 5479 3148 5536 In
3174 5479 3352 5546 illud,
3381 5498 3409 5525 «
3434 5479 3604 5531 Pater

240 5557 587 5627 locaverunt.
684 5557 704 5566 ’
1959 5563 2158 5632 major
2179 5574 2272 5617 me
2300 5565 2405 5617 est.
2435 5557 2466 5610 Si
