4126 6272
504 298 611 363 211

1840 289 2108 379 ΝΙΟΕΤΔΕ
2145 282 2530 345 CHONIATE.

3760 293 3870 379 ξιξ

508 439 773 499 nemque
791 424 1171 495 demonstro;
1196 426 1403 489 Deum,
1429 417 1793 477 sublimitate
1822 416 2118 473 sermonis
2147 434 2162 477 :

2276 431 2358 475 νος
2405 411 2631 484 έμαυτῷ,
2680 412 2807 465 ἀλλὰ
2847 409 3049 476 δεικνύς
3086 415 3152 477 ὣς
3195 420 3319 479 Θεός
3372 416 3478 490 εἰμι
3526 423 3614 472 καὶ
3660 420 3870 494 ἄνθρω-

509 498 1204 584 hominem,humilitate.
1218 516 1416 585 Neque
1431 515 1631 566 tamen
1645 524 1747 564 cor
1756 511 2025 563 vestrum
2042 510 2162 561 tur-
2196 498 2199 509 ’

510 602 707 675 betur,
732 604 877 677 quia
906 603 1029 659 dixi
1057 602 1254 659 vobis:
1286 601 1468 657 Pater
1487 615 1649 654 meus
1684 598 1885 667 major
1921 611 2012 651 me
2041 601 2158 662 est;

512 694 712 766 major
740 692 899 750 enim
918 696 1006 749 est
1028 692 1129 749 illo
1148 691 1254 764 qui
1274 690 1352 747 ad
1374 706 1514 745 eum
1535 686 1841 753 vadit,non
1862 686 1962 741 illo
1979 683 2083 757 qui
2102 684 2163 740 in

512 784 650 858 ipso
678 788 798 854 est;
824 799 971 839 nam
1001 788 1301 855 quatenus
1332 783 1486 836 Deus
1529 793 1685 843 sum,
1714 778 1777 832 in
1798 777 1971 830 Patre
1997 790 2160 846 sum;

515 878 818 947 quatenus
847 876 1049 928 autem
1077 872 1283 939 homo,
1306 869 1387 925 ad
1410 867 1647 923 Patrem
1665 865 1847 921 vado.
1863 864 1966 920 Illo
1987 863 2166 933 igitur

518 962 717 1033 major
744 965 912 1017 Pater
948 965 1055 1029 est,
1085 960 1192 1033 qui
1230 959 1309 1015 ad
1332 959 1535 1031 ipsum
1557 955 1722 1011 vadit
1752 970 1912 1023 ;non
1936 953 2035 1009 illo
2061 953 2167 1025 qui

520 1065 759 1123 semper
776 1050 838 1106 in
859 1050 994 1122 ipso
1010 1053 1115 1106 est.
1145 1053 1333 1122 Atque
1352 1052 1413 1102 ut
1432 1045 1618 1102 verba
1638 1043 1716 1100 ad
1739 1040 2168 1115 compendium

521 1139 850 1207 conferam,
881 1140 1079 1213 major
1119 1137 1300 1194 simul
1326 1140 1415 1193 est
1451 1141 1631 1209 atque
1661 1131 1938 1206 aequalis:
1973 1131 2171 1203 major

521 1229 857 1286 sciscitante
881 1231 1053 1298 :Quot
1074 1243 1266 1299 panes
1296 1226 1549 1283 habetis”
1564 1226 1590 1281 ?
1607 1221 1855 1296 aequalis
1876 1220 2171 1293 populum

520 1320 869 1375 universum
891 1318 1161 1390 quinque
1185 1315 1450 1390 panibus
1475 1312 1806 1369 saturanti:
1849 1309 2046 1380 major
2081 1310 2171 1364 in-

522 1412 886 1476 terrogante:
928 1406 1180 1464 Ubinam
1212 1407 1509 1460 Lazarum
1540 1402 1826 1472 posuistis
1852 1400 1897 1434 ¹⁰
1918 1400 1945 1455 ?
1973 1413 2170 1470 aequa-

522 1495 597 1552 lis
618 1497 903 1551 Lazarum
929 1496 1105 1565 jussu
1126 1493 1466 1549 suscitanti:
1497 1490 1693 1561 major
1722 1488 1990 1543 dicente:
2034 1486 2173 1553 Quis

522 1598 617 1640 me
654 1585 849 1654 tetigit
881 1583 971 1637 “‘2
1018 1581 1268 1654 aequalis
1300 1583 1658 1652 perpetuum
1692 1574 2171 1631 haemorrhoissae

525 1671 758 1727 ﬂuxum
790 1671 1048 1727 sistenti:
1077 1672 1273 1742 major
1293 1669 1626 1725 dormiente
1645 1667 1706 1722 in
1727 1679 1954 1738 puppe,
1973 1680 2174 1736 aequa-

2271 512 2405 560 πος·
2455 503 2582 561 Θεὸς
2618 498 2708 573 μὲν
2750 501 2807 553 ἐκ
2853 510 2952 554 τῶν
2992 498 3225 573 ὑψηλῶν,
3263 505 3531 579 ἄνθρωπος
3576 500 3634 560 δὲ
3672 498 3727 560 ἔκ
3769 516 3870 561 τῶν

2272 596 2541 644 ταπεινῶν.
2605 589 2760 643 Ἀλλὰ
2813 595 2884 663 μὴ
2949 595 3296 668 ταρασσέσθω
3361 596 3503 667 ὑμῶν
3559 598 3591 653 ἡ
3646 594 3869 670 καρδία,

2274 681 2354 731 ὅτι
2419 675 2560 730 εἶπον
2612 680 2755 753 ὑμῖν,
2802 679 2861 732 Ὀ
2923 686 3103 756 Ηατήρ
3164 702 3264 755 μου
3323 685 3501 757 μεῖζον
3557 687 3657 759 μού
3713 684 3867 739 ἔστι·

2273 769 2465 839 μείζων
2518 770 2620 842 γάρ
2687 767 2799 821 ἔστι
2849 776 2939 822 τοῦ
2989 776 3332 844 πορευομένου
3383 777 3510 849 πρὸς
3574 775 3749 843 αὐτὸν,
3808 775 3869 829 οὐ

2274 863 2367 908 τοῦ
2414 859 2553 918 ὄντος
2600 855 2650 910 ἐν
2699 858 2839 928 αὐτῷ
2863 875 2876 888 '
2928 862 2999 923 ὡς
3034 863 3136 933 γὰρ
3167 865 3293 922 Οεός
3326 861 3435 934 εἰμι
3465 861 3516 915 ἓν
3551 870 3623 932 τῷ
3654 869 3825 937 Πατρί
3852 884 3866 898 ·

2277 946 2410 997 ὥστε
2475 949 2544 1008 ὡς
2605 948 2870 1022 ἄνθρωπος
2941 953 3230 1025 πορεύομαι
3295 955 3427 1027 πρὸς
3486 956 3572 1005 τὸν
3639 958 3870 1029 Πατέρα.

2279 1034 2505 1087 Ἐκείνου
2549 1033 2636 1088 οὖν
2683 1038 2873 1110 μείζων
2924 1040 2950 1091 6
2984 1044 3187 1113 Πατὴρ,
3230 1048 3323 1093 τοῦ
3360 1046 3702 1116 πορευομένου
3737 1048 3875 1120 πρὸς

2280 1123 2454 1196 αὐτόν³
2502 1124 2560 1177 ού
2603 1133 2694 1178 τοῦ
2726 1124 2805 1179 ἀεὶ
2853 1129 2999 1191 ὄντος
3036 1127 3084 1180 ἐν
3122 1128 3262 1201 αὐτῷ
3292 1150 3304 1163 ·
3354 1134 3444 1182 καὶ
3475 1132 3557 1183 ἵνα
3604 1136 3877 1205 συντόμως

2280 1216 2426 1279 εἴπω,
2477 1215 2666 1285 μείζων
2711 1213 2822 1268 ἐστὶ
2869 1222 2958 1269 καὶ
3006 1221 3153 1281 ἵσος’
3201 1223 3313 1281 ἴσος
3362 1227 3453 1271 τοῦ
3501 1218 3556 1272 ἐκ
3584 1225 3729 1274 πέντε
3770 1222 3876 1296 ἄρ-

2281 1321 2381 1353 των
2427 1299 2595 1375 δῆμον
2640 1303 2917 1378 ὁλόκληρον
2965 1310 3324 1379 κορεννύντος·
3376 1309 3567 1380 μείζων
3613 1317 3704 1361 τοῦ
3753 1310 3879 1385 ἐρω-

2280 1399 2484 1457 τῶντος,
2531 1399 2640 1445 Ποῦ
2689 1398 2774 1446 τὸν
2826 1396 3071 1469 Λάζαρον
3119 1399 3422 1464 τεθείκατες
3480 1401 3597 1459 ἶσος
3640 1418 3731 1451 του
3790 1402 3881 1452 τόν

2286 1481 2528 1556 Λάζαρον
2595 1480 2907 1545 ἀνιστῶντος
2970 1484 3106 1556 λόγῳ
3135 1504 3148 1516 '
3216 1485 3407 1558 μείζων
3467 1494 3560 1539 τοῦ
3616 1486 3877 1559 λέγοντος,

2283 1574 2375 1629 Τίς
2421 1591 2521 1642 μου
2570 1571 2779 1642 ἦψατο;
2820 1576 2931 1634 ’ἰσος
2959 1582 3049 1625 τοῦ
3095 1576 3189 1636 τὰς
3228 1573 3513 1637 ἁκενώτους
3563 1579 3736 1647 πηγὰς
3781 1585 3883 1640 τῆς

2286 1658 2671 1734 αἰμοῤῥοούσης
2728 1661 3079 1736 ξηράναντος·
3136 1664 3327 1735 μείζων
3384 1672 3476 1717 τοῦ
3533 1662 3880 1729 καθεύδοντος

527 1761 602 1817 Iis
627 1760 779 1818 mari
806 1760 1139 1832 increpanti
1164 1781 1180 1816 :
1213 1761 1407 1831 major
1435 1774 1506 1813 eo
1534 1772 1717 1829 quem
1743 1755 2056 1811 damnavit
2080 1753 2165 1809 Pi-

2286 1747 2368 1800 ἐπὶ
2415 1756 2476 1821 τῇ
2532 1753 2738 1824 πρύμνῃ
2766 1772 2777 1782 ·
2820 1755 2931 1811 ἶσος
2972 1760 3064 1804 τοῦ
3096 1751 3437 1824 ἐπιτιμῶντος
3486 1762 3548 1826 τῇ
3594 1754 3833 1827 θαλάσσῃ
3863 1772 3876 1785 ⁶

524 1849 717 1917 latus;
745 1849 992 1922 aequalis
1015 1849 1067 1906 ei
1092 1848 1196 1922 qui
1217 1846 1513 1904 mundum
1531 1844 1921 1902 damnatione
1940 1843 2171 1899 liberat:

526 1938 724 2007 major
751 1952 822 1993 eo
841 1937 946 2010 qui
966 1936 1211 2009 alapam
1238 1950 1602 2007 crucemque
1625 1932 1904 1989 sustinuit
1930 1948 2069 1987 cum
2089 1930 2175 1987 la-

527 2025 831 2095 tronibus;
862 2025 1113 2100 aequalis
1132 2026 1187 2082 ei
1215 2026 1318 2098 qui
1354 2024 1647 2081 latronem
1676 2022 1861 2092 gratis
1886 2020 2171 2092 justiﬁca-

523 2115 642 2171 vit:
695 2116 893 2187 major
939 2131 1010 2172 eo
1039 2117 1145 2188 qui
1173 2120 1337 2171 veste
1370 2113 1629 2170 nudatus
1661 2111 1790 2182 fuit,
1830 2109 2079 2183 aequalis
2116 2111 2171 2165 ei

522 2203 630 2277 qui
658 2204 929 2261 animam
960 2210 1169 2260 ornat:
1211 2203 1405 2275 major
1429 2218 1499 2258 eo
1530 2201 1624 2257 cui
1649 2201 2006 2274 propinatur
2035 2215 2170 2255 ace-

520 2297 651 2349 tum
676 2311 692 2362 ;
722 2292 974 2365 aequalis
999 2293 1052 2349 ei
1072 2292 1176 2365 qui
1198 2292 1511 2364 proprium
1542 2289 1901 2358 sanguinem
1929 2304 2002 2345 ex
2032 2288 2169 2344 vino

519 2379 693 2437 facit:
735 2381 934 2452 major
969 2397 1042 2437 eo
1071 2380 1175 2454 qui
1218 2378 1673 2436 dissolutionem
1708 2376 1918 2449 templi
1961 2377 2043 2447 (id
2081 2381 2171 2433 est

519 2469 788 2541 corporis
817 2470 930 2539 sui)
948 2485 1166 2542 passus
1183 2473 1300 2533 est;
1325 2466 1570 2538 aequalis
1601 2467 1652 2522 ei
1682 2465 1789 2539 qui
1815 2482 1992 2521 suum
2026 2471 2169 2522 tem-

516 2555 688 2629 plum
715 2556 800 2628 (id
828 2562 917 2613 est
948 2557 1188 2628 corpus)
1221 2555 1564 2620 suscitavit;
1598 2554 1716 2622 illo,
1741 2554 2014 2626 inquam,
2042 2570 2167 2610 ma-

512 2645 630 2717 jor,
656 2646 797 2702 huic
826 2646 1098 2719 aequalis.
1126 2648 1189 2701 Et
1210 2647 1445 2700 iterum.
1475 2643 1648 2699 Haud
1673 2643 1946 2715 pluribus
1966 2643 2165 2699 verbis

512 2749 625 2790 vos
655 2734 962 2792 morabor.
991 2735 1210 2803 Cernis,
1242 2733 1536 2799 haeretice,
1569 2748 1839 2805 quonam
1864 2733 2061 2804 major
2090 2733 2165 2789 sit

513 2822 703 2890 Pater,
743 2837 815 2877 eo
842 2821 1128 2878 nimirum
1166 2820 1270 2895 qui
1310 2821 1431 2876 ait:
1462 2821 1607 2876 ‘Jam
1646 2822 1834 2890 plura
1865 2821 2162 2876 vobiscum

512 2924 635 2965 non
667 2910 885 2981 loquar
927 2911 1016 2982 1’,'
1040 2925 1163 2966 non
1200 2925 1271 2965 eo
1295 2909 1401 2982 qui
1441 2908 1618 2965 dicit:
1649 2910 1786 2965 Non
1824 2910 2163 2980 relinquam

512 3013 613 3054 vos
642 2999 947 3068 orphanos
962 2998 1007 3033 ³³
1031 3015 1045 3065 ;
1069 3001 1290 3055 etenim
1310 2998 1607 3054 vobiscum
1628 3014 1759 3053 sum
1786 2998 2019 3054 cunctis
2036 2998 2165 3054 die-

513 3087 617 3143 bus
648 3102 833 3159 usque
862 3087 945 3144 ad
971 3087 1176 3145 saeculi
1203 3089 1765 3144 consummationem
1793 3088 1857 3140 ιι.
1889 3118 1958 3126 -
1998 3088 2164 3143 Venit

506 3177 788 3247 princeps
819 3176 998 3246 huius
1023 3177 1253 3244 mundi,
1286 3192 1475 3248 neque
1505 3180 1567 3231 in
1596 3191 1689 3231 me
1716 3176 2044 3248 quidquam
2070 3177 2164 3232 in-

507 3265 667 3321 venit
695 3266 762 3319 ”.
789 3264 996 3323 Cernis
1028 3281 1301 3337 quonam
1333 3264 1410 3320 sit
1439 3265 1637 3335 major
1660 3283 1674 3331 ;
1697 3263 1792 3318 ille
1815 3263 2041 3321 scilicet
2058 3264 2164 3337 qui

510 3368 716 3409 coram
741 3353 1114 3425 principibus
1137 3354 1462 3410 damnatus
1484 3352 1610 3423 fuit,
1634 3369 1758 3409 non
1776 3368 1846 3408 eo
1868 3352 1971 3425 qui
1992 3370 2165 3409 mun-

513 3441 658 3497 dum
689 3440 847 3498 fecit.
880 3443 1125 3512 Surgite
1150 3458 1349 3498 eamus
1382 3441 1522 3497 hinc
1547 3443 1610 3496 ’⁸.
1647 3443 1918 3506 Quonam
1964 3442 2164 3511 major

511 3534 600 3584 est
622 3530 838 3585 Pater?
875 3545 1093 3601 nempe
1142 3529 1406 3586 dicente:
1440 3529 1704 3598 Eamus;
1750 3546 1872 3585 non
1905 3530 2158 3599 d‘cente,

510 3618 814 3675 Habitabo
836 3618 1132 3675 vobiscum
1155 3626 1209 3675 et
1232 3619 1619 3673 inambulabo
1642 3619 1783 3673 "J8.
1803 3620 2013 3689 —-Ego
2034 3636 2163 3676 sum

530 3709 664 3764 vitis
686 3722 827 3764 vera
852 3709 896 3742 ¹⁹
914 3724 926 3773 ;
945 3706 1139 3763 cernis
1170 3722 1442 3779 quonam
1468 3707 1664 3776 major
1694 3706 1769 3762 sit
1796 3709 1970 3764 Pater
1983 3709 2158 3764 nimi-

510 3811 647 3853 rum
678 3796 911 3852 dicente
954 3814 967 3852 :
1028 3797 1156 3867 Ego
1194 3812 1323 3851 sum
1377 3796 1550 3861 vitis;
1584 3811 1706 3851 non
1734 3794 2004 3852 dicente:
2038 3800 2160 3869 Ego

511 3900 720 3943 veram
751 3886 933 3942 vitem
962 3884 1253 3959 plantavi.

617 4010 681 4067 S.
719 4009 946 4081 Cyrilli
970 4024 1046 4065 ex
1076 4008 1323 4065 homilia
1346 4008 1411 4063 in
1443 4009 1652 4064 Ramos
1678 4008 2049 4066 Palmarum.

586 4173 640 4226 8.
663 4168 776 4224 Sed
797 4168 1078 4240 quamvis
1098 4168 1405 4225 rationalis
1422 4174 1635 4226 natura
1648 4174 1855 4227 nostra
1871 4185 2159 4243 persona-

2281 1837 2472 1910 μείζων
2524 1858 2615 1890 του
2668 1845 2965 1912 κρινομένου
3010 1840 3097 1893 ἐπί
3132 1841 3360 1894 Πιλάτου
3389 1863 3401 1875 ·
3452 1846 3569 1905 ἶσος
3624 1850 3715 1895 τοῦ
3766 1848 3887 1917 κρέ’

2285 1944 2409 1987 σεως
2461 1925 2836 2000 ἑλευτεροῡντος
2890 1934 2975 1982 τόν
3025 1935 3258 2002 κόσμον·
3314 1932 3506 2003 μείζων
3562 1939 3655 1983 τοῦ
3716 1932 3879 2006 ῥαπι-

2286 2018 2518 2087 ζομένου,
2566 2017 2757 2089 μείζων
2803 2026 2894 2070 τοῦ
2939 2024 3392 2093 συσταυρουμένου
3442 2019 3693 2093 λῃσταίςο
3763 2022 3879 2082 ἶσος

2280 2111 2371 2154 τοῦ
2435 2109 2527 2162 τήν
2588 2105 2785 2179 λῃστὴν
2838 2103 3162 2170 δικαιουντος
3227 2106 3422 2181 δωρεάν
3447 2126 3460 2138 ·
3528 2114 3716 2180 μείκων
3779 2117 3877 2161 τοῦ

2278 2197 2632 2265 γυμνουμένου
2679 2198 2773 2252 τήν
2823 2194 3056 2254 ἐσθῆτα·
3107 2199 3224 2258 ἶσος
3269 2204 3360 2249 τοῦ
3404 2196 3732 2259 στολίζοντος
3780 2200 3880 2254 τὴν

2279 2281 2464 2354 ψυχήν
2496 2304 2509 2315 ·
2551 2282 2742 2354 μείζων
2794 2303 2885 2336 του
2946 2285 3288 2357 ποτιζομένου
3341 2286 3475 2348 ὅξος
3518 2288 3634 2346 ἶσος
3673 2292 3763 2337 τοῦ
3816 2288 3881 2337 τὸ

2278 2376 2463 2424 οἰκεῖον
2502 2371 2856 2443 οἰνοχοούντος
2894 2374 3025 2445 αἷμα
3073 2376 3196 2446 (9)·
3253 2375 3443 2447 μείζων
3489 2381 3581 2426 τοῦ
3629 2373 3881 2445 λυομένου

2276 2480 2399 2512 ναου
2426 2482 2438 2492 ·
2484 2462 2598 2521 ἶσος
2625 2468 2718 2513 τοῦ
2764 2465 2850 2513 καὶ
2887 2465 3017 2535 μετὰ
3045 2467 3138 2521 τήν
3180 2462 3329 2516 λύσιν
3380 2467 3467 2516 τόν
3505 2465 3688 2515 οἰκεῖον
3734 2462 3882 2533 ἐγεί-

2276 2569 2461 2624 ραντος
2509 2555 2648 2603 ναόν·
2704 2549 2896 2604 ἐκείνου
2948 2552 3159 2624 μείζων,
3205 2555 3391 2605 τούτου
3442 2556 3577 2615 ἶσος.
3614 2556 3714 2604 Καὶ
3762 2554 3879 2605 ποί-

2274 2638 2353 2691 λιν
2384 2660 2397 2672 ο

2275 2730 2463 2802 partit,
2502 2734 2635 2790 τίνος
2681 2731 2871 2802 μείζων
2919 2731 3062 2783 ἐστιν
3114 2733 3139 2784 6
3189 2737 3382 2807 Πατὴρ,
3438 2731 3529 2784 τοῦ
3593 2730 3822 2801 λέγοντος
3857 2752 3870 2764 ·

2276 2817 2466 2869 Οὐκέτι
2516 2817 2682 2870 πολλὰ
2735 2818 2944 2878 λαλήσω
3008 2821 3119 2892 μεθ’
3183 2820 3362 2892 ὑμῶν·
3431 2821 3490 2873 ού
3551 2827 3642 2872 τοῦ
3697 2818 3875 2889 λέγον-

2464 2640 2652 2694 Οὐκέτι
2702 2640 2867 2693 πολλὰ
2914 2641 3125 2701 λαλήσω
3188 2643 3300 2714 μεθ’
3348 2644 3509 2714 ὑμῶν.
3560 2644 3738 2716 Ὀρᾲς,
3790 2644 3879 2694 αἱ-

2274 2924 2394 2967 τος·
2451 2905 2561 2958 Οὐκ
2611 2906 2798 2979 ἀφήσω
2854 2911 2990 2980 ὑμᾶς
3054 2909 3340 2981 ὀρφανούς·
3403 2909 3514 2982 μεθ’
3570 2912 3711 2982 ὑμῶν
3764 2912 3870 2985 γέρ

2275 2994 2381 3067 εἰμι
2446 2998 2620 3057 πάσας
2694 2999 2787 3058 τὰς
2842 3000 3039 3070 ἡμέρας
3093 2999 3187 3060 ἕως
3249 3008 3345 3059 τῆς
3421 2999 3730 3064 συντελείας.
3799 3034 3872 3043 -

2272 3083 2523 3158 Ἔρχεται
2571 3087 2597 3137 6
2657 3087 2839 3160 ἄρχων
2895 3094 2986 3139 τοῦ
3039 3091 3241 3160 κόσμου
3295 3092 3385 3140 καὶ
3435 3086 3485 3141 ἐν
3541 3088 3654 3161 ἐμοὶ
3706 3091 3872 3164 εὑρή-

2273 3192 2353 3225 σει
2405 3170 2577 3226 οὐδέν.
2636 3174 2788 3248 Ὀρᾴς
2844 3180 2981 3238 τίνος
3037 3179 3149 3229 ἐστὶ
3203 3176 3417 3248 μείζων,
3477 3186 3571 3230 τοῦ
3630 3184 3873 3253 κρινομέ-

2269 3281 2357 3313 νου
2424 3261 2502 3314 in"
2556 3262 2738 3334 ὄψεσιν
2786 3263 3077 3336 ἀρχόντων,
3135 3265 3194 3317 ού
3247 3273 3339 3318 τοῦ
3394 3272 3717 3329 ποιήσαντος
3768 3273 3870 3328 τήν

2271 3350 2610 3424 οἰκουμένην·
2688 3352 3000 3427 Ἐγείρεσθε,
3088 3355 3292 3427 ἄγωμεν
3376 3353 3600 3409 ἔντευθεν
3646 3377 3660 3390 -
3744 3358 3873 3428 ὁρᾷς

2269 3445 2407 3501 τίνος
2454 3439 2567 3493 ἐστὶ
2617 3441 2806 3512 μείζων
2841 3443 2866 3493 6
2907 3447 3104 3516 Πατὴρ,
3160 3450 3252 3495 τοῦ
3304 3443 3535 3515 λέγοντος
3572 3443 3812 3516 ’Ἄγωμεν
3846 3462 3861 3474 ·

2270 3529 2329 3580 οὐ
2400 3538 2491 3581 τοῦ
2552 3530 2786 3602 λέγοντος
2820 3551 2833 3564 '
2897 3530 3182 3590 Ἐνοικήσω
3256 3530 3306 3584 έν
3371 3534 3492 3605 ὑμῖν
3552 3537 3642 3586 καὶ
3703 3536 3871 3606 ἐμπε-

2268 3625 2567 3693 ριπατήσω·
2641 3652 2710 3660 -
2779 3621 2909 3692 Ἐγώ
2965 3621 3072 3693 εἰμι
3136 3624 3166 3680 ἠ
3235 3622 3456 3694 ἄμπελος
3523 3625 3553 3682 ἠ
3618 3622 3869 3683 anaus-

2272 3714 2408 3782 Ορᾶς
2438 3713 2574 3771 τίνος
2604 3708 2717 3763 ἐστὶ
2753 3711 2945 3782 μείζων
2987 3715 3013 3762 ό
3045 3716 3247 3785 Πατήρ,
3290 3720 3381 3764 τοῦ
3426 3711 3662 3783 λέγοντος
3684 3734 3697 3746 ·
3730 3713 3871 3784 Ἐγώ

2271 3797 2376 3869 εἰμι
2431 3800 2461 3856 ἡ
2523 3798 2789 3870 ἄμπελος·
2845 3799 2905 3850 ού
2968 3807 3061 3852 τοῦ
3120 3799 3377 3872 λέγοντος,
3435 3801 3568 3872 Ἐγὼ
3611 3800 3876 3874 ἐφύτευσα

2270 3886 2494 3960 ἄμπελον
2526 3887 2790 3947 ἀληθινήν.

2338 4018 2441 4066 Τοῦ
2469 4013 2623 4085 cit-7:109
2647 4013 2903 4089 Κυρίλλου
2930 4012 2984 4066 ἐκ
3013 4021 3106 4067 τοῦ
3139 4015 3209 4078 εἰς
3234 4018 3299 4068 τὰ
3328 4018 3458 4069 Βάῑα
3479 4015 3633 4088 λόγου
3659 4016 3794 4087 (10).

2341 4174 2409 4233 η’·
2451 4174 2650 4246 ’Θμως,
2682 4175 2727 4228 εἰ
2755 4180 2844 4228 καὶ
2894 4177 3067 4234 ἡνώοη
3099 4177 3217 4230 καθ’
3262 4179 3554 4230 ὑπόστασιν
3606 4183 3678 4246 τῷ
3710 4180 3877 4248 Λόγῳ

512 4257 643 4316 liter
671 4257 869 4313 Verbo
902 4257 1069 4313 unita
1101 4257 1230 4328 fuit,
1262 4274 1384 4314 non
1415 4263 1617 4315 tamen
1647 4263 1737 4315 est
1764 4263 2024 4331 aequata.
2052 4258 2164 4325 Qui

2276 4265 2301 4322 ἠ
2354 4262 2536 4336 los/ixi)
2597 4267 2741 4338 ἡμῶν
2798 4268 2974 4337 φύσις,
3030 4264 3139 4318 ἀλλ’
3185 4266 3279 4319 οὐκ
3333 4266 3538 4326 ἰσώθη·
3594 4271 3708 4327 Πῶς
3759 4268 3875 4339 γὰρ

515 4346 677 4403 enim
701 4345 829 4402 ﬁeri
854 4350 1069 4418 potest,
1100 4350 1167 4403 ut
1186 4346 1511 4419 temporale
1541 4343 1886 4419 exaequetur
1905 4352 2161 4415 aeterno;

512 4435 577 4492 id
603 4434 770 4508 quod
798 4434 1008 4491 habuit
1032 4435 1289 4503 initium,
1317 4436 1371 4490 ei
1400 4437 1567 4507 quod
1593 4436 1719 4491 sine
1750 4435 1916 4491 initio
1941 4437 2075 4492 est?
2100 4440 2165 4492 Et

510 4524 697 4598 paulo
726 4527 898 4596 post,
926 4524 1238 4589 Quomodo
1259 4525 1454 4595 inquit
1479 4546 1491 4579 :
1519 4527 1648 4596 Ego
1678 4531 1732 4581 et
1754 4525 1955 4595 Pater,
1978 4542 2159 4581 unum

509 4629 714 4669 sumus
735 4616 763 4669 7
786 4612 865 4668 ob
896 4612 1200 4669 ccelestem
1232 4614 1452 4669 scilicet
1481 4619 1618 4670 ante
1647 4613 1866 4670 saecula
1889 4614 2163 4671 nativita-

508 4709 649 4759 tem.
684 4701 1003 4768 Quomodo
1028 4702 1210 4758 Pater
1247 4717 1411 4758 meus
1439 4705 1640 4772 major
1664 4717 1759 4759 me
1777 4709 1862 4758 est
1883 4706 1909 4757 .9
1937 4702 2017 4758 ob
2043 4707 2158 4758 ter-

504 4806 719 4850 renum
749 4807 822 4846 ex
846 4790 1087 4860 Virgine
1116 4795 1337 4857 ortum,

784 4881 1073 4951 Ejusdem
1102 4895 1178 4937 ea:
1202 4866 1474 4936 sermone
1502 4880 1586 4937 ad
1609 4882 1865 4951 reginas.

572 4992 624 5045 9.
657 4990 730 5045 At
755 4988 1067 5060 quomodo
1107 4986 1158 5043 is
1186 4986 1415 5057 angelis
1455 4985 1654 5042 minor
1681 4987 1888 5058 evasit,
1920 4986 2025 5060 qui
2070 4986 2151 5043 ab

496 5077 610 5135 illis
630 5076 936 5143 adoratur,
978 5089 1221 5150 unaque
1248 5092 1386 5131 cum
1408 5078 1576 5131 Patre
1595 5076 1761 5146 regni
1790 5075 2005 5132 solium
2035 5075 2144 5132 ob-

2276 4352 2595 4410 ὶσωθήσεται
2656 4352 2728 4425 τῷ
2787 4360 3081 4427 προαιωνίῳ
3144 4360 3203 4408 τὸ
3257 4360 3605 4430 πρόσφατον;
3665 4355 3694 4412 ἡ
3758 4363 3878 4416 πῶς

2273 4443 2657 4514 ὁμοιωθήσεται
2681 4452 2752 4512 τῷ
2783 4441 2999 4513 ἀναρχῳ
3030 4447 3087 4494 τό
3118 4445 3339 4515 ἔναρχον
3369 4461 3383 4510 ;
3418 4448 3519 4497 Καὶ
3545 4441 3654 4514 μετ’
3688 4441 3871 4515 ὀλίγαι

2273 4538 2389 4592 Πῶς
2438 4536 2632 4604 φησίν·
2694 4531 2817 4601 Ἐγὺ
2865 4537 2954 4584 καὶ
3008 4533 3033 4584 ό
3090 4536 3270 4604 Πατὴρ
3323 4533 3372 4585 ἓν
3410 4531 3598 4604 ἐσμεν;
3638 4538 3701 4603 τῇ
3757 4533 3875 4584 ἄνω

2267 4631 2367 4703 πρὸ
2404 4629 2598 4678 αἰώνων
2636 4632 2889 4698 γιννήσει,
2921 4632 3052 4693 Πῶς,
3078 4625 3137 4679 Ὀ
3181 4632 3362 4700 Πατήρ
3401 4646 3501 4699 μου
3530 4627 3721 4699 μείζων
3761 4631 3874 4700 μού

2266 4717 2379 4770 ἔστι
2402 4734 2416 4785 ;
2449 4724 2511 4775 τῆ
2540 4718 2681 4769 κάτω
2718 4714 2774 4767 ἐκ
2799 4717 3059 4790 Παρθένου
3080 4721 3339 4788 γεννήσει.

2347 4885 2450 4931 Του
2486 4898 2646 4930 αυτ-ου
2667 4878 2723 4930 ἐκ
2753 4895 2843 4929 του
2875 4888 2943 4938 εις
2963 4878 3055 4939 τὰς
3088 4875 3415 4950 βασιλίσσας
3449 4875 3606 4949 λόγου
3632 4880 3680 4948 (1
3699 4878 3767 4948 1).

2332 4984 2391 5038 θ’.
2479 4991 2591 5045 Πῶς
2655 4979 2742 5036 οὖν
2817 4982 3113 5042 ἠλάττωται
3188 4985 3331 5058 παρὰ
3410 4987 3530 5045 τοὺς
3613 4980 3872 5056 ἀγγέλους

2257 5077 2283 5129 ό
2336 5078 2467 5148 πρὸς
2515 5073 2683 5126 αὐτῶν
2722 5074 3189 5145 φροσκυνούμενος,
3272 5074 3298 5125 ό
3348 5067 3596 5147 σύνεδρος
3636 5077 3812 5147 Πατρί
3850 5092 3865 5140 ;

2313 5201 2359 5235 ¹²
2388 5202 2534 5254 Joan
2557 5213 2675 5264 xw,
2708 5200 2794 5251 30.
2903 5197 2948 5231 ¹³
2977 5196 3119 5252 ibid.
3158 5199 3244 5252 18.
3342 5198 3386 5231 ³⁸
3416 5196 3615 5253 Matth.
3644 5212 3861 5263 xxvm,

566 5204 587 5238 θ
610 5199 817 5259 Matth.
853 5216 948 5263 xv,
986 5203 1072 5256 34.
1179 5201 1225 5236 ¹⁰
1253 5202 1423 5268 Joan,
1444 5216 1526 5263 x1,
1558 5203 1643 5255 34.
1752 5201 1794 5235 ¹¹
1837 5202 2010 5256 Marc.
2038 5216 2098 5268 v,
2130 5204 2218 5257 31.

490 5278 579 5329 20.
666 5273 710 5306 ¹⁵
741 5274 916 5327 Joan.
948 5287 1064 5337 xxv,
1098 5276 1189 5328 30.
1267 5273 1313 5308 ¹⁶
1339 5271 1485 5327 ibid.
1514 5272 1602 5327 31.
1710 5272 1824 5311 “J8
1853 5272 2033 5329 Levii.
2064 5289 2214 5338 xxvn,
2252 5276 2336 5327 12.

559 5399 632 5458 (9)
688 5400 969 5451 Notemus
1029 5397 1103 5452 de
1159 5395 1551 5451 eucharistica
1604 5396 2105 5451 transsubstantia

482 5470 640 5525 tione
681 5467 1091 5526 testimonium
1133 5466 1495 5523 catholicum
1533 5466 1910 5523 ecclesiastici
1944 5468 2126 5523 Patris

476 5539 657 5598 valde
700 5536 939 5607 nobilis,
979 5538 1088 5613 qui
1123 5538 1344 5596 smeulo
1390 5544 1606 5619 quarto
1648 5543 1786 5610 post
1826 5537 2124 5595 Christum

2444 5273 2483 5305 λε’
2515 5272 2681 5325 Joan.
2712 5283 2805 5331 xv,
2836 5269 2906 5322 1.’

2234 5396 2518 5451 ﬂorebat.

2312 5471 2424 5535 (10)
2454 5465 2603 5522 Edit.
2634 5463 2816 5536 Paris,
2850 5466 2886 5518 t.
2914 5464 2981 5527 V,
3020 5468 3171 5536 part.
3200 5480 3262 5535 ιι,
3296 5478 3358 5534 p.
3380 5466 3508 5536 49],
3536 5466 3663 5521 498.

2309 5534 2423 5610 (11)
2448 5535 2601 5592 Edit.
2633 5534 2725 5589 cit.
2769 5539 2811 5590 t.
2836 5552 2887 5604 v,
2918 5534 3068 5606 part.
3101 5551 3162 5601 ιι,
3190 5534 3251 5608 p.
3284 5536 3402 5590 133.
3442 5535 3510 5611 D.
