4126 6272
229 246 319 305 ιιε
1546 246 1858 321 mussans

1975 248 2076 311 .IB.
2125 248 2278 305 xxv.
3494 246 3604 337 ait

228 372 349 427 Ἀλλ’
386 376 502 426 ἵστι
526 378 703 446 σαφὴς
730 373 765 431 ἡ
800 377 1067 448 πρόφασις
1087 391 1100 403 ·
1133 375 1375 426 καθίκετο
1398 374 1500 447 γὰρ
1531 370 1580 424 ἒν
1604 379 1708 431 τοίς
1735 380 1832 432 τῆς

1967 370 2128 428 inet?
2157 374 2221 427 In
2272 372 2561 443 promptu
2611 373 2704 426 est
2736 372 3089 445 responsio:
3120 375 3272 435 Nam
3319 388 3596 448 corpore,

233 460 613 536 ἂνθρωπότητος
674 466 915 534 μέτροις,
965 465 1151 515 καὶτὸ
1205 461 1550 520 ἀποθνήσκειν
1605 452 1835 532 πεφυκός

1965 461 2109 533 ιιιοᾱ
2133 460 2288 516 mori
2316 462 2538 532 posset,
2562 465 2899 533 assumpto,
2926 461 3006 519 ad
3033 462 3323 519 humanas
3359 467 3594 520 natura

231 560 367 623 σῶμα
404 551 601 619 λαϐὼν,
640 547 788 603 ἴδιόν
819 570 875 604 τε
906 551 1031 603 αὗτὸ
1078 553 1445 623 ποιησάμενος,
1478 549 1525 601 ἐν
1556 549 1697 619 αὐτῷ
1735 553 1832 601 πέ-

1964 548 2317 605 nﬁrmitates
2346 564 2407 604 se
2432 548 2634 621 ipsum
2655 548 2916 619 demisit,
2943 550 3005 606 in
3029 566 3222 624 eoque
3252 550 3434 608 veluti
3452 567 3592 626 pro-

228 643 366 694 πονθε
396 641 549 706 ἑκὼν,
578 644 667 693 καὶ
718 649 841 703 ταῖς
876 639 1120 693 ἀνωτάτω
1151 637 1331 703 δόξαις
1363 647 1705 712 στεφανοῦται
1737 635 1832 690 διὰ

1962 638 2070 694 )rio
2097 642 2493 712 spontaneam
2525 641 2782 694 mortem
2813 640 3117 697 sustinuit.
3147 640 3237 698 0b
3256 655 3392 697 eam
3412 656 3591 714 porro

226 733 278 781 τὸ
304 732 492 798 πάθος,
526 732 599 791 ὡς
625 726 699 782 δι’
728 730 890 783 αὐτοῦ
928 735 1270 805 καταργήσας
1310 734 1394 783 τὸν
1446 732 1682 801 Θάνατον,
1739 733 1829 781 καὶ

1959 732 2193 784 nortem
2244 732 2300 783 et
2346 726 2716 800 passionem,
2774 744 3030 784 summae
3062 729 3266 798 gloriae
3295 745 3588 787 coronam

228 820 483 894 ἄπρακτον
524 818 801 894 ἀποφήνας
830 826 927 878 τὴν
960 822 1152 895 φθοράν
1174 838 1187 850 ·
1221 822 1310 873 ἅτε
1341 816 1409 879 δὴ
1450 825 1540 872 καὶ
1571 821 1825 893 ὑπάρχων

1955 815 2266 873 )romeruit
2287 833 2300 884 ;
2332 815 2559 887 quippe
2577 814 2683 887 qui
2710 814 2845 887 ipsa
2862 816 2988 872 vita
3002 821 3060 872 et
3082 817 3452 890 incorruptio
3472 822 3584 890 est,

229 907 490 983 ἀφθαρσία
517 914 611 961 καὶ
670 910 808 969 ζωή.
833 907 997 961 Ὀταν
1046 905 1133 962 οὖν
1175 910 1381 967 Ἰησοῦν
1438 908 1692 983 ὀνομάζῃ,
1732 912 1823 961 καὶ

1954 911 1991 962 η
2019 910 2274 961 mortem
2305 903 2585 973 abolevit,
2611 908 2669 960 et
2688 904 3137 977 corruptionem
3167 906 3335 962 omni
3362 906 3419 963 vi
3443 920 3583 981 spo-

228 998 551 1057 ἠλαττῶσθαι
612 997 739 1070 λέγῃ
807 1002 955 1074 παρὰ
1007 1000 1127 1061 τοὺς
1181 997 1430 1071 ἀγγέλους
1493 998 1666 1067 αὐτόν,
1728 997 1822 1050 οὐκ

1954 995 2119 1050 iavit.
2152 994 2297 1049 Cum
2318 993 2520 1049 Iesum
2549 1008 2690 1064 ergo
2719 993 3015 1064 nominat,
3046 999 3103 1050 et
3132 993 3360 1066 angelis
3386 995 3583 1053 mino-

236 1089 486 1161 ᾶνϐρωπον
543 1087 644 1139 ἀινὰ
691 1093 848 1162 μέρος
889 1093 979 1139 καὶ
1021 1084 1224 1157 ὶδικῶς,
1276 1087 1383 1139 ἀλλ’
1415 1087 1570 1139 αὐτὸν
1608 1094 1818 1158 νοοῦμεν

1952 1099 2054 1139 ’θω
2079 1081 2387 1154 praedicat,
2407 1096 2529 1137 non
2562 1081 2907 1154 simpliciter
2929 1098 3042 1138 nos
3069 1083 3398 1154 hominem,
3424 1099 3581 1141 seor-

232 1178 312 1226 τόν
334 1182 616 1247 Μονογενῆ,
639 1184 1070 1250 παραχωροῦντα
1098 1184 1188 1228 τοῦ
1210 1180 1462 1250 προῦχειν
1484 1175 1819 1247 οἰκονομικῶς

1949 1188 2183 1244 :umque
2241 1186 2310 1227 ac
2365 1185 2473 1242 per
2527 1185 2590 1225 se
2644 1170 2908 1243 positum
2936 1216 2950 1241 ,
3003 1176 3202 1229 mente
3262 1172 3578 1246 concipere

208 1272 324 1327 ’τοῖς
348 1265 517 1335 ἁγίοις
544 1264 792 1336 ἀγγέλοις
817 1281 829 1293 ·
867 1266 946 1317 ὅτι
1000 1264 1212 1337 ἀληθεία
1236 1270 1434 1338 γέγονεν
1483 1266 1752 1336 ἄνθρωπος
1790 1266 1815 1316 6

1948 1264 2193 1334 iportet;
2251 1259 2359 1314 sed
2399 1260 2725 1332 ipsummet
2765 1260 3147 1331 Unigenitum
3190 1265 3437 1334 propter
3488 1260 3577 1319 in-

218 1361 305 1416 τῆς
335 1354 535 1406 ἐκείνων
562 1357 839 1429 ὑπεροχῆς
878 1356 1202 1426 ἡττώμενοςο
1228 1357 1295 1406 τὰ
1326 1350 1385 1406 δε
1414 1362 1506 1416 τῆς
1550 1355 1815 1428 ὑπεροχῆς

1948 1349 2287 1407 :arnationis
2313 1348 2587 1404 ordinem
2616 1348 2880 1421 potiores
2916 1353 3119 1422 partes
3146 1347 3376 1420 angelis
3417 1349 3577 1407 defe-

214 1450 312 1504 τοίς
338 1443 509 1513 ἁγίοις
538 1441 795 1513 ἀγγέλοις,
821 1444 904 1494 ὅτι
921 1447 1008 1494 καὶ
1030 1442 1122 1504 ἔξω
1156 1446 1368 1517 σαρκὸς,
1396 1447 1486 1494 καὶ
1516 1448 1606 1494 τοῦ
1636 1443 1811 1493 τεθνά-

1946 1443 2169 1495 ἐῃῐθω.
2200 1441 2346 1494 Nam
2372 1437 2477 1509 qui
2504 1436 2866 1493 excellentia
2913 1437 3153 1494 illorum
3191 1438 3402 1495 cedere
3424 1454 3575 1511 prm-

213 1551 287 1583 ναι
312 1537 585 1604 κρείττους
626 1532 767 1583 εἰσί·
816 1536 1087 1602 γεγονότος
1116 1529 1163 1582 ἐν
1201 1534 1403 1591 τούτοις
1427 1538 1521 1582 τοῦ
1558 1533 1680 1583 Υἱοῡ
1721 1527 1814 1583 διὰ

1944 1527 2171 1599 licatur,
2232 1527 2281 1581 is
2333 1541 2469 1582 vere
2529 1525 2716 1581 homo
2771 1524 2966 1582 factus
3022 1526 3415 1597 dignoscitur.
3465 1527 3573 1586 Illa

212 1623 296 1676 τὴν
346 1620 592 1672 ἑκούσιον
634 1624 878 1672 κένωσιν.
910 1619 1046 1672 Ἀλλ’
1077 1622 1102 1671 6
1144 1619 1328 1695 βραχὺ
1382 1640 1510 1694 παρ,
1565 1618 1812 1690 ἀγγέλους

1942 1623 2120 1674 ιυῐθω
2179 1619 2523 1672 sanctorum
2567 1614 2926 1686 angelorum
2980 1617 3304 1674 eminentia
3355 1616 3418 1673 in
3452 1617 3571 1675 hoc

209 1708 587 1782 ἠλαττωμένος,
619 1705 716 1760 διὰ
764 1728 830 1779 γε
866 1713 927 1760 τὸ
963 1718 1056 1770 τῆς
1095 1708 1492 1782 ἁνθρωπότητος
1522 1713 1727 1784 μέτρον,
1760 1709 1808 1761 ἐν

1938 1707 2216 1779 )rsecipue
2246 1704 2442 1777 posita
2470 1707 2576 1775 est,
2610 1708 2666 1760 et
2687 1704 2856 1777 quod
2881 1721 3061 1762 carne
3080 1711 3218 1762 sunt
3242 1706 3567 1778 immunes,

209 1799 435 1872 ὑπεροχῇ
488 1801 729 1859 θεότητος
778 1799 868 1868 ὧν,
910 1807 1279 1871 προσκυνεῖται
1326 1801 1448 1875 παρ’
1497 1799 1684 1866 αὐτῶν,
1717 1805 1806 1852 καὶ

1942 1801 1974 1852 ιῑ
1999 1797 2165 1869 quod
2186 1795 2365 1851 morti
2392 1810 2518 1850 non
2549 1800 2691 1850 sunt
2719 1795 2967 1852 obnoxii
2995 1813 3008 1851 :
3036 1796 3131 1853 his
3179 1801 3383 1854 autem
3409 1796 3571 1855 inﬁr-

207 1883 465 1959 ἐνίδρυται
493 1889 701 1952 Θὼκοις,
724 1886 819 1949 οὓς
838 1894 1172 1960 περιιστᾶσιν
1203 1886 1383 1940 ἐκεῖνοι
1412 1886 1807 1960 δοξολογοῡντες

1940 1884 2224 1942 nitatibus
2251 1887 2496 1954 propter
2513 1882 2918 1940 voluntariam
2942 1883 3413 1942 exinanitionem
3429 1885 3569 1944 sub-

208 1972 296 2041 ἑιεὶ,
327 1982 420 2029 καὶ
440 1985 544 2028 τῶν
577 1972 853 2048 δυνάμεων
879 1976 1035 2028 αὐτὸν
1058 1975 1396 2048 ὀνομάζοντες
1422 1980 1632 2053 Κύριον.

1941 1980 2102 2032 ectus
2153 1972 2262 2028 fuit
2308 1972 2503 2028 Filius.
2555 1974 2774 2028 Verum
2830 1976 3157 2045 enimvero,
3189 1975 3295 2048 qui
3323 1981 3570 2048 propter

201 2063 476 2122 humana:
508 2071 740 2121 natura;
779 2066 1189 2121 conditionem
1217 2066 1533 2138 paululum
1562 2066 1717 2123 infra
1746 2066 1995 2138 angelos
2021 2065 2357 2119 minoratus
2377 2060 2593 2117 dicitur
2611 2061 2679 2133 ²⁰,
2737 2060 2791 2116 is
2827 2061 2892 2117 in
2920 2062 3159 2119 deitatis
3215 2062 3569 2122 excellentia

204 2155 513 2219 exsistens,
544 2154 625 2210 ab
649 2154 766 2210 illis
796 2158 1105 2227 adoraturr,
1135 2156 1525 2228 considetque
1562 2157 1623 2211 in
1653 2156 1723 2212 iis
1753 2153 2084 2229 majestatis
2104 2151 2357 2217 thronis,
2379 2165 2536 2223 quos
2586 2148 2670 2205 illi
2706 2150 3119 2207 venerabundi
3158 2152 3568 2225 undequaque

205 2242 462 2312 cingunt,
494 2243 806 2300 indefesso
836 2243 1091 2299 laudum
1121 2244 1427 2317 praeconio
1471 2244 1642 2302 illum
1681 2245 2049 2313 extollentes,
2086 2256 2157 2297 ac
2185 2240 2475 2295 virtutum
2496 2238 2818 2295 Dominum
2847 2239 3242 2311 appellantes.

205 2390 295 2436 Τοῦ
316 2385 469 2457 ἁγίου
501 2385 742 2439 Ἰωάννου
769 2392 864 2437 τοῦ
891 2390 1274 2471 Χρυσοστόμου
1301 2389 1436 2437 κατὰ
1465 2386 1686 2459 Ἀρείου,
1712 2392 1802 2440 καὶ

294 2457 305 2471 .
402 2462 411 2471 .
488 2463 527 2473 ,η
546 2458 558 2473 ,
697 2458 715 2473 .
843 2460 852 2470 .
974 2457 999 2473 .-
1038 2459 1049 2470 ρ
1210 2463 1218 2473 .
1284 2456 1289 2461 ι
1332 2465 1404 2473 ..η
1585 2463 1594 2473 .
1690 2465 1727 2473 -.

1933 2387 1974 2443 5⁷.
2004 2383 2258 2473 Joannis
2286 2381 2698 2473 Chrysgstomi
2742 2388 2953 2473 contra
2972 2382 3240 2473 "lirium,
3261 2389 3326 2467 et.
3344 2385 3562 2473 inlin-

268 2457 335 2517 εἱς
357 2453 449 2509 ’τόν
488 2458 910 2529 Εὖαγγελισμὸν,
939 2453 999 2508 οὗ
1028 2459 1057 2514 ἡ
1084 2453 1250 2530 apii),
1278 2456 1305 2506 ἑ(
1332 2465 1405 2530 Τῇ
1437 2453 1800 2532 πρότέρᾳᾚυ-

1979 2456 2436 2532 nuntiationem
2468 2455 2768 2532 Deiparaz,
2819 2453 3070 2511 homilia
3122 2469 3255 2527 qua
3301 2456 3562 2528 incipit:

267 2536 420 2601 ριακῇ
454 2551 484 2578 7)
791 2526 799 2529 '
1117 2526 1125 2530 ‘
1153 2526 1187 2528 Π
1381 2526 1390 2530 1
1477 2526 1486 2531 1
1595 2526 1604 2532 Ι
1642 2526 1650 2530 1

1156 2526 1187 2528 ’⁷
1381 2526 1390 2530 ⁷
1477 2526 1486 2531 ’
1595 2526 1604 2532 ’
1642 2526 1650 2530 ’
1978 2526 2362 2584 Ρνεεσεάθηιε
2391 2526 2720 2582 Dominica.
2755 2547 2785 2576 »

272 2650 321 2708 ι’.
348 2651 467 2704 Ἐὰν
498 2656 651 2724 εἶτε-ρ’
698 2652 833 2723 Ἐγὼ
882 2650 930 2702 ἐν
968 2660 1040 2723 τῷ
1090 2657 1279 2727 Πατρὶ,
1311 2657 1401 2705 καὶ
1449 2654 1475 2705 6
1526 2658 1709 2726 Πατὴρ
1750 2653 1799 2705 ἐν

1982 2656 2068 2710 to.
2104 2652 2162 2708 Si
2189 2650 2567 2723 dixeritzEgo
2590 2655 2647 2708 et
2673 2651 2849 2709 Pater
2875 2666 3070 2710 unum
3099 2668 3338 2720 sumus,
3355 2654 3564 2728 ipsum

210 2737 334 2813 ἐμοὶ,
357 2741 517 2793 αὐτοῦ
544 2740 757 2793 ἀκούετε
783 2763 794 2774 ·
831 2740 916 2793 ἐὰν
946 2744 1062 2814 εἴπῃ
1091 2763 1103 2774 ·
1143 2741 1202 2793 Ὀ
1223 2741 1463 2816 ἑωρακὼς
1500 2742 1587 2815 ἐμὲ
1608 2742 1799 2815 ἑώρακε

1937 2741 2125 2797 ludite.
2164 2742 2223 2797 Si
2251 2740 2465 2796 dixerit
2496 2759 2510 2796 :
2536 2740 2669 2810 Ego
2713 2741 2779 2797 in
2805 2741 2996 2798 Patre
3035 2746 3095 2799 et
3147 2741 3339 2799 Pater
3378 2744 3444 2799 in
3472 2758 3566 2800 me

209 2833 288 2880 τόν
317 2836 539 2903 Πατέρα,
596 2830 760 2882 αὐτοῦ
815 2828 1059 2883 ἀκούετε·
1114 2830 1172 2883 οὗ
1220 2833 1320 2905 γὰρ
1364 2827 1432 2890 δὴ
1472 2829 1726 2902 ψεύδεται
1763 2834 1793 2890 ἡ
1828 2840 1838 2884 4

1934 2837 2011 2898 ει,
2043 2830 2250 2902 ipsum
2276 2828 2498 2885 audite.
2549 2829 2607 2887 Si
2652 2828 2868 2901 dixerit
2898 2847 2912 2885 :
2943 2829 3058 2898 Qui
3084 2830 3236 2887 vidit
3271 2846 3384 2902 me,
3413 2832 3563 2888 vidit

211 2916 464 2975 ’Δλήθεια·
525 2917 611 2971 ἐὰν
652 2922 773 2991 εῖπῃ
801 2935 815 2948 ο
841 2917 900 2970 Ὀ
930 2918 1137 2990 πέμψας
1168 2938 1229 2989 με
1268 2924 1446 2993 Πατὴρ
1477 2923 1666 2992 μείζων
1697 2940 1797 2993 μου

1935 2921 2171 2990 ’atrem,
2204 2918 2407 2990 ipsum
2446 2917 2687 2987 audite;
2728 2917 2952 2973 Veritas
2981 2918 3142 2975 enim
3181 2934 3307 2977 non
3352 2919 3564 2977 menti-

210 3002 330 3075 ἐστι,
353 3015 506 3060 τοῦτο
532 3012 604 3080 μὴ
641 3009 767 3080 θροή
780 3026 909 3065 σητε
930 3028 942 3039 ·
966 3006 1023 3059 οὗ
1053 3010 1152 3081 γὰρ
1183 3009 1400 3064 Θεότητα
1428 3012 1553 3081 πρὸς
1581 3010 1800 3066 θεότητα

1932 3023 2018 3063 ur.
2054 3008 2112 3063 Si
2141 3006 2356 3062 dixerit
2388 3022 2402 3060 :
2432 3005 2548 3072 Qui
2567 3006 2730 3061 misit
2752 3020 2846 3061 me
2868 3006 3087 3076 Pater,
3112 3008 3308 3076 major
3335 3022 3429 3063 me
3454 3010 3561 3085 est,

206 3093 343 3167 λέγει,
375 3096 482 3148 ἀλλ’
508 3099 591 3149 ὅτι
624 3098 808 3158 θεότης
840 3105 936 3157 τῆς
978 3094 1374 3168 ἁνθρωπότητος
1410 3097 1602 3169 μείζων
1622 3114 1635 3127 ·
1668 3101 1797 3172 πρὸς

1935 3096 1967 3152 d
1994 3111 2106 3152 vos
2136 3111 2212 3152 ne
2240 3099 2457 3151 terreat
2483 3112 2496 3149 :
2529 3108 2729 3166 neque
2759 3093 2921 3151 enim
2950 3094 3326 3151 divinitatem
3349 3094 3564 3152 divini-

204 3187 256 3235 τὸ
281 3190 449 3257 μεῖζον
476 3190 537 3237 τὸ
565 3184 777 3238 ἔλαττον
809 3184 1117 3257 ἁρμόζεται.

1935 3186 2008 3243 ati
2039 3185 2321 3258 opponit;
2355 3181 2463 3239 sed
2491 3182 2573 3241 ait
2618 3181 2996 3268 divinitatem
3025 3184 3326 3257 majorem
3348 3183 3564 3242 huma-

1901 3276 2125 3343 nitate;
2158 3289 2254 3329 res
2277 3273 2476 3329 minor
2501 3270 2579 3328 ad
2602 3271 2900 3343 majorem
2936 3271 3205 3339 refertur.

199 3366 293 3412 Τοῦ
316 3363 470 3414 αὑτοῦ
494 3362 549 3414 ἐκ
579 3371 681 3414 τῶν
710 3363 994 3437 ἐρμηνειῶν
1014 3370 1105 3422 τῆς
1124 3366 1249 3435 πρὸς
1266 3361 1531 3436 Ἐϐραίους
1551 3363 1796 3417 Ἐπιστο-

869 3433 960 3493 λῆς
985 3435 1003 3505 (
1012 3435 1120 3505 13).

1930 3382 2189 3452 Ejusdem
2218 3395 2294 3438 ea:
2319 3381 2817 3449 interpretatione
2832 3378 3123 3450 Epistolas
3141 3380 3224 3438 ad
3248 3382 3559 3442 Hebrzos.

872 3448 960 3493 Αῆς
985 3448 1120 3493 (13).

262 3539 344 3593 ια’.
399 3543 497 3591 Τόν
546 3535 605 3591 δὲ
654 3537 845 3613 βραχύ
885 3558 937 3590 τι
974 3547 1096 3611 παρ’
1136 3538 1381 3609 ἀγγέλους
1419 3539 1791 3612 ἠλαττωμένον,

1976 3543 2062 3601 ll.
2088 3543 2560 3614 Aliquantulum
2584 3542 2755 3612 infra
2797 3543 3044 3614 angelos
3084 3543 3453 3602 minoratum
3473 3545 3560 3602 vi-

195 3632 335 3696 ;Gw'i,
376 3626 637 3701 βλέπομεν
668 3628 882 3685 Ἰησοῦν
914 3623 1009 3679 διὰ
1038 3630 1094 3678 τὸ
1150 3628 1370 3700 πάθημα
1407 3635 1498 3680 τοῦ
1552 3630 1791 3683 θανάτου.

1927 3632 2125 3701 lemus,
2158 3631 2374 3705 inquit,
2398 3633 2593 3688 Iesum
2619 3636 2871 3710 propter
2897 3634 3109 3688 mortis
3134 3633 3556 3701 passionem".

192 3712 314 3767 Εἶτα
334 3720 557 3790 χρηστὰ
612 3715 790 3782 πάλιν,
831 3714 963 3785 Δόξῃ
1031 3720 1119 3767 καὶ
1174 3723 1301 3788 τιμῇ
1363 3714 1789 3789 ἐστεφανωμένον.

1934 3720 2126 3775 )einde
2155 3736 2363 3776 rursus
2405 3717 2570 3775 bona
2609 3718 2864 3791 adjecit:
2890 3719 3103 3777 Gloria
3132 3724 3191 3777 et
3220 3719 3446 3778 honore
3471 3737 3563 3778 co-

192 3800 355 3870 Εἷδες,
386 3814 497 3867 πῶς
525 3805 671 3875 αὐτῷ
699 3808 873 3855 πάντα
902 3807 1131 3879 ἦρμοσε;
1162 3809 1231 3857 T6
1260 3808 1361 3878 γὰρ
1386 3804 1571 3880 βραχὺ
1603 3811 1706 3858 τίνι
1732 3807 1793 3858 ἄν

1930 3816 2183 3865 ὀηαιιιηι
2196 3811 2266 3865 ³³.
2297 3808 2502 3864 .Viden’
2531 3812 2597 3864 ut
2621 3812 2840 3864 cuncta
2868 3808 2948 3864 ad
2976 3808 3290 3865 hominem
3316 3824 3559 3866 accom-

192 3893 218 3950 ξ
248 3895 384 3964 αὐτῷ
441 3893 695 3968 ἁρμόσειε
729 3893 925 3964 μᾶλλον
979 3902 1050 3964 τῷ
1080 3902 1218 3968 τρεῖς
1255 3897 1452 3969 ἡμέρας
1477 3915 1523 3947 εν
1553 3892 1658 3968 ᾄδῃ
1710 3916 1792 3967 γει

1929 3897 2207 3954 nodavit?
2236 3900 2384 3954 Nam
2405 3895 2554 3953 illud
2582 3897 3059 3968 aliquantulum,
3089 3896 3334 3953 cuinam
3359 3897 3558 3968 magis

188 3988 366 4054 νομέιῳ
395 3988 532 4055 μόνα
561 4000 575 4048 ;
609 3982 745 4035 Ἀλλ’
789 3981 896 4053 οὐχ
946 3984 1070 4053 ἡμῖν
1111 3991 1217 4045 τοῖς
1262 3983 1477 4035 ἐπιπολὺ
1529 3986 1792 4057 φθειρομέ-

1927 4002 2084 4059 [uam
2106 3986 2161 4041 ei
2194 3984 2536 4056 congruerit
2584 3983 2692 4056 qui
2729 3987 2849 4040 tres
2880 3982 3307 4043 tantummodo
3336 3982 3465 4041 dies
3492 3985 3556 4043 in

188 4088 303 4133 νοις,
332 4069 461 4124 Εἶτα
489 4070 647 4123 πάλιν
695 4076 1040 4145 παρακατιὼν
1072 4070 1209 4141 λέγει
1228 4089 1239 4100 ·
1277 4072 1338 4123 Εἰ
1384 4075 1481 4147 γὰρ
1511 4074 1536 4123 6
1561 4092 1790 4147 προσκυ-

1925 4074 2101 4130 nferis
2133 4073 2401 4131 mansit?
2431 4074 2594 4129 Certe
2619 4071 2797 4129 nobis
2826 4070 3310 4145 haudquaquam
3339 4073 3445 4146 qui
3475 4073 3554 4132 ad

184 4164 412 4233 νούμενος
441 4161 530 4212 ὑπ’
563 4159 821 4231 ἀγγέλων,
852 4165 1033 4230 φησιν,
1066 4160 1321 4231 ἠνέσχετο
1362 4158 1546 4234 βραχύ
1591 4182 1641 4214 τι
1666 4163 1787 4236 παρ’

1920 4179 2149 4233 ongum
2173 4168 2411 4234 tempus
2442 4160 2904 4232 corrumpimur.
2922 4160 3143 4217 Deinde
3155 4161 3547 4233 progrediens

190 4245 401 4317 ἆγίελων
428 4253 573 4321 ἔχειν
602 4246 699 4300 διὰ
732 4252 810 4315 σε,
841 4247 1203 4317 πολλῷμᾱλλον
1232 4253 1319 4317 σὺ,
1365 4250 1390 4300 6
1433 4258 1530 4301 τῶν
1562 4249 1788 4322 ἀγγέλων

1919 4253 1980 4308 Lit
2007 4270 2020 4307 :
2051 4255 2201 4307 Nam
2237 4252 2288 4306 si
2318 4250 2370 4305 is
2400 4249 2507 4322 qui
2536 4249 2843 4316 adoratur,
2892 4249 3107 4323 inquit,
3168 4249 3248 4307 ab
3298 4251 3548 4324 angelis,

188 4333 412 4409 ὀάττων,
448 4340 623 4390 πάντα
654 4342 823 4411 φέρειν
851 4335 1087 4408 ὀφείλεις.

1923 4338 2474 4412 ustinuitquiddam
2491 4337 2691 4393 minus
2704 4337 2927 4395 habere
2943 4354 3130 4412 quam
3150 4338 3349 4412 angeli
3368 4355 3549 4417 prop-

188 4430 267 4480 ter
293 4433 363 4490 te,
383 4428 578 4483 multo
608 4426 812 4497 magis
848 4431 910 4480 tu
940 4426 1043 4497 qui
1088 4441 1150 4480 es
1191 4427 1384 4483 minor
1445 4428 1695 4498 angelis,
1742 4428 2136 4485 debesomnia
2163 4432 2405 4501 propter
2426 4426 2629 4500 ipsum
2656 4427 2942 4500 perferre.

190 4546 271 4600 Ἐκ
312 4559 401 4611 τῆς
463 4550 673 4623 ὁμιλίας
724 4556 821 4601 τοῦ
888 4547 1044 4633 ἁγίου
1077 4549 1428 4673 Ἀζφιλοχίου
1492 4551 1780 4605 ἐπισκόπου

257 4622 460 4673 Ἰκονίου
510 4623 583 4673 εἰς
636 4626 732 4673 τὸ’
764 4643 793 4672 ι(
826 4619 887 4672 Ὀ
927 4625 1144 4673 αποστεί
1177 4641 1238 4673 ας
1277 4641 1339 4673 με
1370 4626 1551 4673 [latim
1593 4626 1781 4673 μείζων

1915 4553 1987 4609 2’2:
2012 4551 2260 4608 homilia
2304 4551 2503 4608 sancti
2550 4549 2960 4621 Amphilochii
2992 4554 3248 4624 episcopi
3272 4553 3544 4613 Iconien-

1960 4625 2039 4673 εἰς
2068 4627 2131 4673 in
2160 4624 2319 4673 illud
2348 4640 2362 4673 :
2396 4644 2425 4673 «
2454 4621 2571 4673 Oui
2618 4624 2779 4673 misit
2804 4620 2918 4673 me'
2943 4624 3150 4673 Pater-
3203 4626 3403 4673 maior
3451 4641 3544 4673 me

257 4622 460 4675 Ἰκονίου
492 4621 583 4682 εἰς
636 4626 698 4674 τό
719 4642 732 4654 ’
764 4643 793 4672 ι(
826 4621 887 4672 Ὀ
927 4621 1238 4683 ἀποστείλας
1274 4641 1339 4694 με
1370 4626 1551 4698 Πατὴρ
1590 4626 1781 4696 μείζων

257 4696 345 4761 μού
370 4692 479 4746 ἐστι
514 4716 537 4744 ι
562 4694 701 4765 (14).

1960 4625 2046 4750 si:
2068 4627 2131 4679 in
2160 4624 2319 4680 illud
2348 4640 2362 4678 :
2396 4644 2425 4673 «
2454 4621 2571 4689 Qui
2618 4624 2779 4681 misit
2804 4621 2918 4681 me'
2942 4624 3150 4694 Pater,
3178 4621 3403 4697 _ma,jor
3451 4641 3546 4688 me

1960 4711 2018 4751 es
2052 4736 2065 4750 .
2097 4715 2125 4744 »
2178 4717 2187 4729 ·

256 4713 345 4761 μου
370 4713 479 4746 εστι
514 4713 701 4761 )(14).
1960 4713 2065 4751 εει.
2097 4715 2125 4744 ››
2178 4717 2187 4729 σ

360 4818 480 4871 εἰπε
508 4820 645 4870 κατὰ
674 4821 830 4869 ποῖον
860 4812 1009 4886 λόγον
1039 4814 1196 4887 λέγεις
1231 4819 1319 4869 τὸν
1346 4820 1553 4891 Πατέρα
1570 4816 1785 4889 μείζονα

1962 4821 2050 4875 12.
2100 4818 2204 4875 Dic
2242 4819 2392 4876 mihi
2441 4834 2717 4893 quonam
2768 4835 2954 4879 sensu
3005 4820 3098 4879 ais
3133 4824 3370 4880 Patrem
3397 4821 3540 4880 Filio

256 5025 298 5060 ²⁶
323 5028 489 5086 Hebr.
521 5046 587 5098 ιι,
618 5033 674 5085 9.
757 5028 803 5062 ²¹
840 5025 990 5082 ibid.
1063 5028 1112 5089 υ
1142 5026 1290 5085 ibid.

251 5235 348 5309 (12)
399 5237 561 5292 Hanc
630 5228 965 5309 hom_i_l_iam
1018 5230 1187 5309 inter
1220 5232 1462 5309 Spurias
1527 5232 1779 5309 collocat
1884 5239 2101 5309 Verum
2125 5237 2258 5309 ipsa
2307 5237 2560 5294 materia
2593 5236 2816 5295 codicis
2842 5235 3116 5295 Vaticani
3146 5243 3236 5297 est
3286 5240 3536 5298 inedita.

194 5298 663 5383 gentiauconius,
698 5308 739 5359 t.
778 5303 869 5366 XI,
924 5315 985 5380 ρἶ
1012 5305 1133 5356 858.
1163 5298 1452 5383 Ain-Grani.
1476 5310 1632 5383 certe
1663 5307 1776 5362 sub
1887 5308 2016 5364 Imo
2045 5298 2187 5383 vero
2206 5308 2369 5383 idem
2422 5324 2620 5383 sermo
2674 5309 2930 5383 videtur,
2962 5310 3070 5383 qui
3108 5325 3294 5383 supra
3322 5310 3539 5383 dicitur

188 5372 773 5453 lanueleﬂomnenp
807 5372 1131 5453 gegpjn‘am
1157 5373 1605 5453 existimabant.
1886 5386 2100 5453 contra
2128 5381 2409 5453 Agrianos.
2443 5380 2673 5453 Etenim
2700 5380 2868 5453 locus
2888 5372 3063 5453 apud
3103 5372 3218 5436 nos
3246 5380 3382 5448 (col.
3405 5380 3533 5453 209)

235 5448 331 5526 (l3)
365 5451 515 5526 ﬁdit.
547 5444 771 5526 M_o_ntf.
812 5449 858 5526 ι.
887 5443 994 5526 )fll,
1024 5442 1230 5526 homil.
1258 5461 1424 5526 iv,t_p..
1454 5448 1517 5501 41
1552 5452 1623 5501 Α.
1887 5451 2099 5526 citatus
2113 5450 2343 5526 _dicitur
2375 5451 2541 5526 apud
2585 5442 3011 5506 Combeﬁsiu’m
3035 5465 3109 5506 ex
3143 5442 3422 5506 sermone
3471 5442 3535 5503 in

230 5513 332 5591 (14)
348 5521 581 5579 Titulus
594 5513 1772 5589 hicexstatapudmmbeiisiumm.£45.
1885 5521 2070 5578 illud:
2098 5523 2287 5578 Pater
2314 5513 2515 5592 major
2533 5536 2628 5578 me
2655 5526 2759 5579 est.
3371 5544 3375 5557 ι
3518 5536 3523 5543 ’
