4126 6272
507 269 618 328 215

1846 261 2119 324 ΝΙΟΕἹῈ
2163 260 2536 327 CHONIATE

3762 286 3869 344 216

507 389 855 482 majorem?
907 389 1080 448 Haud
1118 405 1263 482 ego,
1323 387 1536 482 inquit,
1585 389 1741 460 dico,
1794 390 1902 448 sed
1949 390 2169 448 dicenti

2292 400 2368 446 τοῦ
2405 396 2566 463 Υίοῦ;
2604 396 2714 452 Οῦκ
2758 397 2875 474 ἐγὼ,
2919 407 3068 476 φησὶ,
3096 403 3247 477 λέγω,
3280 405 3408 463 ἀλλα
3443 426 3516 479 τῳ
3543 407 3741 482 λέγοντι
3764 414 3874 464 πεί·

511 481 714 542 credo.
746 483 1006 554 Ipsemet
1033 481 1195 538 enim
1227 483 1308 538 ait
1341 500 1354 538 :
1389 480 1502 548 Qui
1529 483 1689 539 misit
1709 497 1804 540 me
1825 483 2023 551 Pater,
2044 496 2168 539 ma-

503 576 612 646 jor
639 587 732 630 me
762 577 865 631 est.
903 571 961 628 Si
989 571 1211 628 dicenti
1240 569 1455 640 credis,
1481 571 1610 644 jam
1637 577 1703 628 tu
1729 587 1766 630 a
1790 572 2169 629 contentione

514 662 754 729 desiste,
789 665 846 718 et
870 675 982 731 ego
1012 676 1254 734 quoque
1285 659 1556 731 linguam
1587 660 1902 720 cohibeho.
1933 660 2168 734 ipsique

518 752 664 810 Filio
690 750 1111 824 permittamus
1159 749 1384 825 proprii
1413 750 1708 808 sermonis
1737 751 2172 824 interpretatio-

515 857 680 903 nem.
708 839 819 896 Ain
849 854 1011 909 ergo,
1046 839 1316 910 Domine,
1371 855 1476 898 cur
1516 839 1700 897 modo
1739 840 1924 896 dicis:
1954 841 2085 912 Ego
2116 846 2170 898 et

517 931 696 988 Pater
727 944 912 985 unum
963 943 1200 993 sumus;
1234 927 1418 984 modo
1458 933 1697 985 autem:
1755 928 1869 996 Qui
1895 930 2054 985 misit
2083 945 2172 987 me

518 1020 720 1087 Pater,
746 1019 946 1087 major
969 1032 1060 1073 me
1079 1020 1211 1074 est?
1237 1017 1296 1074 Si
1326 1017 1540 1090 major,
1557 1019 1869 1090 quomodo
1887 1017 2174 1091 aequalis?

524 1107 575 1164 si
596 1105 866 1178 aequalis,
909 1104 1221 1178 quomodo
1248 1105 1489 1176 major?
1526 1107 1672 1176 Ego,
1701 1106 1915 1178 inquit,
1947 1111 2170 1163 utrum-

521 1210 642 1272 que
662 1193 898 1250 af’ﬁrmo
933 1211 945 1249 :
975 1209 1119 1250 nam
1151 1197 1208 1249 et
1233 1195 1432 1263 major
1458 1210 1554 1250 me
1585 1199 1690 1262 est,
1725 1200 1780 1251 et
1803 1195 1948 1251 mihi
1973 1211 2175 1268 aequa-

521 1280 634 1340 lis:
668 1294 887 1351 nempe
921 1279 1254 1335 secundum
1300 1278 1692 1347 divinitatem,
1750 1279 2038 1352 aequalis;
2085 1296 2176 1336 se-

524 1369 794 1432 cundum
849 1368 1348 1434 incarnationem,
1395 1369 1609 1440 major.
1666 1372 1787 1440 Ego
1820 1369 2064 1442 aequalis
2094 1369 2176 1426 illi

524 1475 683 1522 sum,
714 1461 1016 1530 quatenus
1045 1456 1125 1512 ab
1165 1471 1236 1512 eo
1285 1457 1518 1527 genitus
1554 1477 1567 1514 :
1597 1459 1792 1530 major
1818 1457 1914 1515 ille
1942 1474 2040 1516 me
2066 1463 2173 1526 est,

522 1551 822 1623 quatenus
850 1561 962 1618 ego
993 1561 1066 1604 ex
1088 1545 1321 1622 Virgine
1349 1551 1525 1603 natus
1555 1563 1711 1604 sum.

521 1657 624 1720 Ex
653 1655 905 1724 epistola
933 1654 998 1712 S.
1025 1653 1238 1729 Leonis
1259 1668 1436 1723 papae
1481 1656 1757 1729 Romani,
1789 1671 1923 1729 quae
1949 1656 2176 1713 dicitur

1023 1726 1304 1782 columna
1332 1732 1506 1782 rectao
1527 1727 1686 1795 ﬁdei.

594 1836 684 1891 13.
717 1835 802 1889 Ita
830 1847 954 1888 non
983 1831 1257 1903 ejusdem
1299 1835 1530 1888 natura
1570 1837 1658 1890 est
1703 1832 1936 1892 dicere:
1965 1835 2096 1906 Ego
2121 1841 2175 1892 et

523 1926 706 1986 Pater
730 1938 916 1981 unum
937 1935 1178 1992 sumus;
1203 1926 1262 1979 et
1279 1922 1476 1980 dicere
1500 1940 1513 1979 :
1536 1923 1718 1982 Pater
1737 1928 1936 1996 major
1953 1942 2045 1984 me
2069 1933 2173 1983 est.

527 2013 814 2082 Quamvis
843 2013 1004 2070 enim
1035 2013 1098 2069 in
1128 2013 1382 2070 Domino
1407 2015 1550 2070 Jesu
1581 2015 1814 2073 Christo
1863 2016 1964 2072 Dei
1989 2021 2046 2074 et
2072 2017 2176 2075 ho-

523 2104 702 2164 minis
732 2119 856 2160 una
880 2117 1142 2175 persona
1171 2101 1281 2169 sit;
1314 2102 1477 2162 aliud
1525 2108 1729 2161 tamen
1777 2110 1885 2172 est.
1925 2107 2087 2164 unde
2117 2107 2178 2165 in

525 2201 781 2267 utroque
828 2192 1170 2253 communis
1217 2198 1308 2250 est
1356 2193 1740 2261 contumelia,
1796 2195 1962 2253 aliud
2017 2197 2179 2257 unde
2259 2218 2276 2233 θ

527 2282 869 2342 communis
901 2286 992 2338 est
1020 2281 1229 2352 gloria.
1255 2284 1334 2337 De
1354 2287 1559 2338 nostro
1581 2284 1741 2340 enim
1763 2283 1844 2340 illi
1869 2289 1957 2342 est
1982 2288 2180 2343 minor

527 2376 696 2443 Patre
723 2371 1108 2439 humanitas;
1157 2370 1232 2428 de
1271 2371 1440 2429 Patre
1483 2370 1566 2429 illi
1623 2379 1711 2428 est
1741 2373 1989 2448 aequalis
2041 2391 2180 2431 cum

527 2464 698 2520 Patre
726 2460 1024 2517 divinitas.

531 2640 592 2699 S.
624 2641 936 2699 Anastasii
961 2639 1290 2710 capitulum
1320 2642 1634 2709 septimum
1665 2657 1740 2700 ex
1761 2643 2056 2700 sexdecim
2081 2644 2182 2700 ad-

1004 2727 1208 2769 versus
1235 2713 1709 2784 Monophysitas.

610 2823 695 2878 14.
730 2820 842 2888 Qui
871 2819 1290 2893 philosophice
1313 2819 1407 2876 vel
1428 2821 1990 2895 potiusinsipienter
2018 2823 2187 2880 aiunt

535 2926 780 2970 carnem
832 2909 1052 2966 factam
1102 2923 1234 2965 esse
1282 2909 1555 2966 divinam
1606 2917 2033 2984 aequatamque
2086 2913 2186 2970 Dei

535 2999 748 3068 Verbo,
807 2997 1012 3055 dicant
1066 2996 1243 3054 nobis
1294 3003 1492 3054 utrum
1533 2999 1699 3055 haud
1748 3001 2186 3057 contrectabilis

2279 485 2454 576 θομαι·
2487 487 2639 551 οὗτος
2663 491 2762 562 γὰρ
2786 488 2927 544 ἔστιν
2949 493 2974 545 ό
3001 492 3173 549 εἰπών·
3195 494 3254 549 '0
3276 495 3581 559 ἀποστείλας
3596 517 3659 571 με
3690 503 3871 576 Πατὴρ

2276 575 2469 648 μείζων
2497 580 2598 650 μού
2629 577 2792 636 ἐστιν.
2823 581 2886 634 Εἰ
2909 591 2980 654 τῷ
3008 582 3207 655 λέγοντι
3234 588 3408 659 πείθῃ,
3439 595 3642 641 παῦσον
3678 594 3769 642 καὶ
3807 575 3873 642 σὺ

2278 667 2372 723 τὴν
2395 666 2580 737 μάχην
2632 667 2778 740 κάγὼ
2828 670 3062 725 συστελῶ
3100 677 3194 733 τὴν
3233 673 3479 744 γλῶσσαν
3505 696 3518 710 ο
3572 680 3659 730 καὶ
3702 673 3873 749 δῶμεν

2277 760 2350 823 τῷ
2398 755 2502 826 riga
2526 758 2613 808 τόν
2642 757 2827 812 οἰκεῖον
2865 759 3014 832 λόγον
3064 762 3400 836 ἑρμηνεῦσαι.
3423 764 3547 818 Εἰπὲ
3574 775 3721 838 γοῦν,
3748 769 3876 820 Δέσο

2278 861 2432 910 ποτα,
2489 841 2636 899 διατί
2674 852 2796 902 ποτὲ
2833 853 2923 921 μὲν
2971 850 3158 924 λέγεις·
3209 851 3336 926 Ἐγὼ
3368 858 3458 906 xui
3514 856 3540 908 6
3589 860 3769 930 Πατὴρ
3822 855 3874 910 ἓν

2281 930 2452 1006 ἐσμεν,
2494 939 2617 990 ποτὲ
2667 933 2744 1004 δι,
2773 937 2830 990 Ὀ
2884 938 3191 1004 ἀποστείλας
3241 962 3306 1015 με
3345 947 3526 1017 Πατὴρ
3552 945 3744 1016 μείζων
3771 947 3874 1018 μού

2281 1020 2457 1091 ἕστινς
2490 1024 2549 1078 Εἰ
2577 1025 2786 1098 μείζων,
2818 1037 2922 1090 πῶς
2952 1033 3104 1097 ῖσος;
3138 1030 3182 1084 εἰ
3227 1035 3362 1098 ἶσος,
3411 1040 3513 1094 πῶς
3550 1034 3768 1105 μείζων;
3798 1036 3880 1087 Tu

2283 1108 2380 1166 δύο
2409 1111 2540 1184 λέγω
2564 1135 2577 1148 ·
2613 1112 2790 1174 ἐπειδὴ
2820 1123 2909 1170 καὶ
2938 1123 3128 1187 μείζων
3153 1140 3254 1194 μου
3286 1119 3396 1173 ἐστὶ
3435 1126 3524 1174 xui
3561 1125 3672 1183 ἶσος
3694 1144 3706 1156 ο
3740 1125 3881 1176 κατὰ

2283 1206 2376 1258 τὴν
2410 1203 2625 1260 θεότητα
2654 1207 2789 1270 ἶσος,
2831 1210 2967 1259 κοιτά
3004 1213 3092 1266 τὴν
3151 1213 3441 1281 οἰκονομίαν
3492 1211 3705 1282 μείζων.
3733 1209 3881 1273 Ἰσος

2284 1290 2442 1343 αὐτοῦ
2495 1290 2620 1364 εἰμι,
2672 1291 2852 1353 insidi)
2909 1296 2961 1360 ἐξ
3009 1298 3167 1352 αὐτοῦ
3216 1299 3527 1370 ἐγεννήθην’
3560 1300 3750 1373 μείζων
3776 1320 3880 1374 μου

2283 1380 2441 1453 ἐστὶν,
2476 1378 2654 1444 ἐπειδὴ
2690 1382 2745 1437 ἐκ
2774 1392 2868 1447 τῆς
2895 1388 3157 1461 Παρθένου
3183 1385 3475 1459 ἐγεννήθῆν.

2285 1669 2414 1726 Ἀπὸ
2444 1679 2540 1734 τῆς
2570 1671 2847 1751 ἐπιστολῆς
2875 1681 2966 1727 τοῦ
2997 1673 3146 1751 ἀγίου
3185 1679 3400 1751 ᾼίονςος
3450 1677 3641 1751 πάππα
3679 1677 3882 1751 Ῥώμης

2522 1753 2616 1806 τῆς
2643 1744 2916 1819 λεγομένης
2950 1744 3144 1809 στήλης
3172 1744 3479 1823 όρθοὸοξίας
3510 1749 3644 1820 (15).

2359 1849 2444 1923 ιγ’.
2473 1851 2652 1913 Οὕτως
2678 1852 2735 1906 οῦ
2768 1861 2862 1915 τῆς
2890 1853 3049 1916 αὐτῆς
3069 1852 3181 1908 ἔστι
3211 1858 3410 1928 φύσεως
3440 1858 3497 1908 τό
3522 1854 3684 1927 λέγειν
3711 1876 3724 1890 ο
3745 1855 3881 1928 Ἐγώ

2284 1947 2375 1996 xui
2398 1943 2424 1994 6
2453 1947 2630 2018 Πατὴρ
2661 1946 2710 1996 ἓν
2741 1946 2920 2016 ἐσμενο
2953 1950 3044 1998 καὶ
3087 1949 3144 1999 τὸ
3193 1943 3353 2017 λέγειν
3377 1961 3390 1975 ⁶
3438 1945 3498 1998 Ὀ
3547 1951 3726 2020 Πατὴρ
3775 1967 3882 2020 μου

2285 2032 2476 2106 μείζων
2505 2051 2604 2105 μου
2637 2031 2777 2085 ἐστιν
2802 2054 2814 2067 ·
2848 2033 2892 2088 εἰ
2934 2038 3024 2087 xui
3071 2037 3138 2087 1'6:
3186 2034 3414 2108 μάλιστα
3449 2038 3551 2110 γὰρ
3576 2034 3625 2087 ἐν
3649 2045 3721 2107 τῷ
3747 2044 3886 2089 Δεσ-

2285 2126 2420 2195 πότη
2451 2127 2624 2179 Ἰησοῦ
2654 2130 2890 2197 Χριστῷ,
2922 2131 3013 2176 τοῦ
3068 2131 3201 2177 Θεοῦ
3255 2128 3343 2177 καὶ
3395 2131 3485 2177 τοῦ
3535 2123 3806 2199 ἀνθρώπου
3833 2127 3888 2178 ἓν

2289 2211 2403 2265 ἔστι
2458 2217 2754 2287 πρόσωπον,
2811 2214 2946 2285 ὅμως
3009 2214 3176 2287 ἕτερον
3238 2213 3379 2265 ἐστιν
3428 2211 3586 2266 ἐκεῖνο
3634 2211 3686 2276 ἐξ
3733 2213 3793 2265 οὔ
3833 2213 3889 2266 ἐν

2289 2301 2511 2375 ἑκατέρῳ
2551 2306 2718 2354 κοινόν
2750 2300 2862 2354 ἐστι
2891 2305 2949 2354 τὸ
2993 2311 3088 2364 τῆς
3143 2301 3338 2377 ὕϐρεως
3362 2319 3374 2332 '
3407 2307 3496 2354 xui
3525 2304 3712 2375 ἕτερον,
3747 2301 3799 2367 ἐξ
3825 2303 3892 2360 οὗ

2289 2395 2457 2444 κοινὸν
2488 2395 2545 2444 1'6
2567 2400 2662 2453 τῆς
2693 2387 2852 2454 δόξης
2883 2393 3228 2450 καθέστηκεν·
3262 2391 3313 2456 ἐξ
3345 2394 3488 2464 ἡμῶν
3509 2394 3598 2465 μὲν
3619 2393 3719 2463 γὰρ
3744 2390 3891 2446 ἐστιν

2293 2482 2433 2551 αὐτῷ
2466 2483 2494 2540 ἠ
2530 2479 2761 2534 ἐλάσσων
2793 2501 2884 2534 του
2917 2485 3122 2554 Πατρός
3165 2479 3528 2556 ἀνθρωπότης·
3565 2480 3664 2536 ἀπὸ
3695 2477 3755 2535 δὲ
3794 2501 3893 2535 του

2293 2574 2495 2645 Πατρός
2523 2570 2660 2626 ἐστιν
2688 2570 2827 2642 αὐτῷ
2857 2572 2882 2630 ὃ
2914 2572 3044 2645 μετά
3077 2578 3169 2624 τοῦ
3201 2574 3402 2647 Πατρός
3430 2574 3522 2630 ἴση
3559 2571 3758 2633 θεότης.

2291 2751 2382 2807 Ἐκ
2411 2758 2510 2802 τῶν
2539 2746 2722 2812 δεκαεξ
2750 2748 3034 2822 κεφαλαίων
3062 2757 3161 2801 τῶν
3192 2751 3324 2802 κατά
3369 2756 3468 2822 των
3515 2754 3894 2821 Μονοφυσιτῶν

2575 2841 2668 2875 του
2699 2817 2849 2894 ἁγίου
2881 2821 3229 2874 Ἀναστασίου
3259 2823 3319 2873 1'6
3357 2817 3600 2893 ἕϐδομον.

2369 2926 2460 2988 ιδ’.
2500 2931 2566 2982 Oi.
2596 2929 2901 3002 φιλοσόφως,
2942 2928 3132 3002 μᾶλλον
3175 2925 3234 2981 δε
3286 2926 3490 3000 ἀσόφως
3539 2927 3765 3000 λέγοντες
3809 2928 3896 2980 ὅτι

2297 3018 2560 3077 ἀπεθεώθη
2603 3023 2692 3071 καὶ
2743 3019 2906 3076 ἰσώθη
2949 3020 2977 3076 ἡ
3028 3017 3161 3092 σὰρξ
3189 3025 3260 3089 τῷ
3298 3024 3430 3070 Θεου
3467 3021 3642 3089 Λόγῳ,
3676 3019 3896 3069 εἴπωσιν

534 3105 800 3167 quoque,
827 3086 1166 3157 invisibilis,
1213 3091 1269 3144 et
1314 3086 1833 3162 incircumscripta
1885 3094 2020 3162 post
2047 3107 2184 3148 con-

2297 3111 2421 3182 ἠμῖν
2453 3108 2496 3162 εἰ
2525 3111 2628 3184 ἄρα
2658 3113 2748 3161 καὶ
2778 3107 3148 3180 ἀψληλάφητος
3187 3113 3273 3160 καὶ
3309 3109 3528 3181 ἀόρατος
3571 3111 3660 3160 καὶ
3685 3105 3900 3180 ἀπερίγ-

529 3179 902 3252 iunctionem
932 3192 1070 3232 cum
1103 3175 1203 3231 Dei
1229 3175 1421 3232 Verbo
1462 3192 1602 3234 caro
1631 3178 1903 3234 evaserit.
1939 3179 2110 3245 Quod
2139 3181 2188 3236 si

535 3269 620 3324 ita
643 3271 750 3336 est,
778 3265 1111 3322 incarnatio
1142 3263 1389 3336 quidem
1415 3265 1562 3321 nihil
1601 3265 1763 3322 aliud
1789 3267 1904 3324 nisi
1930 3269 2185 3342 phanta-

537 3357 628 3414 sia
657 3359 1082 3428 spectrumque
1111 3359 1218 3410 est.
1253 3353 1357 3410 Sin
1390 3370 1528 3411 vero
1565 3356 1676 3412 has
1718 3357 2037 3429 qualitates
2065 3374 2188 3415 non

537 3445 738 3510 habet,
766 3443 1078 3516 quomodo
1095 3447 1333 3519 aequata
1355 3448 1445 3502 est
1465 3444 1982 3521 incircumscripto
2009 3452 2188 3522 atque

535 3531 821 3592 invisibili
840 3531 868 3587 ?

539 3641 601 3702 S.
637 3639 915 3711 Gregorii
939 3639 1198 3711 Nysseni
1219 3652 1295 3694 ea:
1313 3653 1582 3694 sermone
1609 3639 1684 3696 de
1706 3640 2028 3700 divinitate
2046 3643 2194 3701 Filii

773 3710 1084 3782 sanctique
1113 3710 1394 3780 Spiritus,
1426 3715 1482 3767 et
1511 3711 1583 3767 de
1609 3711 1976 3770 Abrahamo.

616 3895 702 3950 15.
750 3893 895 3949 Cum
947 3890 1127 3962 igitur
1153 3887 1416 3945 Verbum
1464 3888 1626 3960 dicit,
1657 3905 1718 3947 se
1746 3907 1861 3947 non
1884 3907 2059 3962 posse
2092 3896 2190 3965 fa-

544 3998 694 4049 cere,
726 3981 1112 4056 perspicuum
1171 3983 1262 4036 est
1307 3993 1430 4037 non
1483 3979 1688 4036 deitati
1739 3980 2031 4050 unigeniti
2071 3983 2194 4039 Filii

543 4071 960 4145 impotentiam
979 4069 1327 4137 attribuere;
1356 4067 1462 4125 sed
1484 4068 1952 4126 imbecillitatem
1975 4077 2193 4129 nostrte

544 4165 776 4219 naturae
827 4160 1218 4231 impotentem
1271 4173 1400 4214 esse
1433 4158 1652 4214 testari.
1713 4159 1956 4217 lnﬁrma
1993 4165 2194 4218 autem

546 4266 688 4308 caro
713 4253 823 4314 est,
851 4245 1373 4320 quemadmodum
1423 4248 1710 4320 scriptum
1744 4252 1834 4304 est
1877 4267 1889 4304 :
1929 4249 2194 4319 Spiritus

2294 3218 2484 3275 ραπτος
2509 3201 2639 3272 μετά
2675 3203 2769 3257 την
2817 3200 2997 3252 ἕνωσιν
3036 3199 3065 3256 ἠ
3113 3197 3245 3272 σάρξ
3280 3206 3352 3268 τῷ
3398 3205 3512 3268 Θεςῦ
3542 3203 3708 3268 Λόγῳ.
3743 3196 3804 3249 Εἰ
3836 3193 3902 3250 δὲ

2295 3295 2468 3356 τοῦτο,
2527 3293 2785 3361 φαντασία
2834 3289 3038 3352 πάντως
3089 3291 3179 3339 καὶ
3241 3289 3467 3348 δόκησις
3508 3288 3538 3344 ἠ
3584 3285 3854 3358 οἰκονομία
3883 3306 3900 3322 σ

2297 3377 2341 3430 εἰ
2385 3374 2436 3430 δ’
2464 3378 2522 3430 οὐ
2553 3397 2719 3432 ταυτα
2759 3380 2913 3450 ἔσχεν
2942 3378 2971 3436 ἠ
3023 3376 3172 3451 σὰρξ,
3218 3384 3327 3439 πῶς
3383 3376 3546 3434 ἐσώθη
3579 3384 3650 3446 τῲ
3681 3372 3902 3448 ἀπεριγ-

2295 3469 2472 3542 ράπτῳ
2503 3466 2648 3539 (16);

2297 3652 2400 3700 Τοῦ
2431 3644 2581 3718 ἀγίου
2614 3650 2904 3770 lgor/apice
2943 3651 3035 3697 τοῦ
3065 3647 3285 3705 Νύσσης
3324 3642 3378 3696 ἐκ
3410 3650 3499 3695 τοῦ
3535 3641 3690 3716 λόγου
3736 3641 3904 3696 αὐτοῦ

2369 3725 2458 3770 τοῦ
2497 3722 2616 3770 περὶ
2673 3723 2880 3770 εότητος
2908 3719 3031 3770 Υιοῦ
3060 3722 3150 3770 xui
3189 3721 3335 3770 ανίου
3362 3718 3657 3770 Πνεῦματος
3695 3719 3784 3766 xui
3825 3713 3904 3770 εἰς

2369 3713 2616 3790 τοῦίπερὶ
2640 3713 2880 3780 θεότητος
2908 3719 3031 3772 Υιοῦ
3060 3722 3150 3770 xui
3189 3721 3335 3790 αγίου
3362 3713 3657 3789 Πνεῦματος
3695 3719 3784 3766 xui
3825 3713 3905 3777 εἰς

2369 3792 2456 3841 τὸν
2488 3789 2726 3863 Ἀϐραάμ
2747 3791 2884 3862 (ii).

2375 3896 2450 3955 ιε’.
2480 3897 2640 3950 Ὀταν
2686 3898 2774 3951 οὖν
2823 3897 3173 3971 ἀποφαίνηται
3215 3897 3240 3948 ὁ
3277 3893 3430 3967 λόγος
3467 3895 3549 3946 ὅτι
3587 3893 3645 3946 οὐ
3678 3889 3908 3946 δύναται

2301 3994 2484 4056 ποιεῖν,
2517 3983 2676 4046 δῆλον
2695 3990 2776 4041 ὅτι
2805 3987 2932 4059 οὐχὶ
2969 3996 3031 4060 τῇ
3069 3989 3270 4045 θεότητι
3307 3993 3400 4038 τοῦ
3447 3991 3765 4056 Μονογενοῦς
3803 3989 3905 4041 τὴν

2304 4075 2599 4151 ἀδυναμίαν
2628 4080 3001 4151 προστίθησιν,
3033 4075 3158 4128 ἀλλά
3183 4084 3245 4149 τῇ
3278 4074 3516 4147 ἀσθενείᾳ
3537 4083 3626 4136 τῆς
3651 4075 3908 4148 ἡμετέρας

2304 4171 2500 4240 φύσεως
2521 4175 2917 4244 προσμαρτυρεί
2938 4171 2995 4220 1'6
3023 4163 3300 4221 ἀδύνατον.
3329 4164 3574 4225 Ἀσθενὴς
3600 4161 3658 4216 δε
3682 4165 3710 4221 ἡ
3741 4161 3905 4236 σάρξ,

2303 4259 2474 4320 καθὼς
2505 4262 2816 4330 γέγραπται,
2845 4259 2925 4309 ὅτι
2950 4273 2962 4286 '
3009 4260 3078 4309 T6
3118 4259 3206 4328 μεν
3231 4262 3433 4328 πνεῦμα
3461 4255 3744 4328 πρόθυμον,
3776 4254 3807 4310 ἡ
3841 4248 3911 4304 δε

547 4339 786 4413 quidem
817 4341 1130 4406 promptus
1151 4341 1256 4394 est.
1281 4350 1424 4391 caro
1454 4340 1648 4393 autem
1681 4338 1924 4406 inﬁrma
1947 4340 2013 4394 ³⁸.
2044 4341 2184 4409 Ergc

2307 4346 2440 4419 σὰρξ
2471 4346 2729 4408 ἀσθενής·
2763 4345 2947 4398 οὐκοῦν
2987 4342 3062 4398 δι’
3089 4343 3386 4418 ἀμφοτέρων
3436 4343 3674 4401 ἀληθεύει
3719 4343 3748 4399 ἡ
3787 4343 3912 4394 θεία

547 4443 657 4502 per
686 4431 938 4498 utraque
964 4439 1174 4480 verum
1195 4423 1340 4480 dicit
1367 4423 1569 4482 divina
1599 4425 1922 4498 Scriptura,
1961 4427 2108 4482 dum
2140 4430 2198 4484 et

549 4519 846 4588 majorem
896 4515 1128 4571 Patrem
1176 4511 1508 4580 conﬁtetur,
1549 4518 1606 4569 et
1659 4514 1956 4588 aequalem
1988 4515 2194 4574 Filium

548 4620 676 4663 non
702 4606 915 4674 negat;
947 4617 1094 4659 nam
1140 4600 1246 4657 ubi
1299 4600 1550 4658 Verbum
1586 4603 1922 4661 humanam
1969 4610 2198 4678 spectat

549 4697 853 4762 naturam,
881 4707 1021 4748 eum
1041 4692 1149 4762 qui
1178 4705 1301 4747 non
1326 4691 1603 4758 cernitur,
1631 4693 1927 4764 majorem
1956 4708 2028 4750 eo
2057 4693 2200 4750 dicit

551 4799 684 4841 esse
713 4781 817 4856 qui
841 4796 947 4855 per
971 4794 1215 4837 carnem
1237 4777 1593 4836 cernebatur
1619 4797 1632 4836 :
1666 4781 1769 4836 sed
1804 4780 1906 4836 ubi
1936 4785 2198 4838 mentem

552 4871 633 4928 ad
659 4871 1034 4929 divinitatem
1059 4867 1245 4938 ducit,
1266 4867 1480 4924 desinit
1502 4867 1632 4924 haec
1662 4869 1908 4940 majoris
1925 4875 1981 4926 et
2007 4870 2200 4926 mino-

551 4960 634 5018 ris
685 4959 1090 5033 eomparatio;
1147 4972 1378 5030 proque
1421 4957 1515 5014 his
1569 4958 1769 5014 unitas
1797 4957 2196 5031 praedicatur:

551 5050 682 5121 Ego
711 5056 766 5108 et
808 5050 998 5106 Pater
1025 5063 1212 5105 unum
1239 5062 1463 5105 sumus.
1517 5050 1590 5106 At
1639 5063 1711 5105 ea
1747 5064 1885 5121 quae
1933 5064 2039 5122 per
2063 5049 2202 5106 inae-

551 5140 903 5217 qualitatem
921 5137 1176 5205 variant,
1209 5151 1402 5196 unum
1422 5152 1558 5196 esse
1581 5152 1706 5195 non
1729 5142 2005 5214 possunt.

623 5317 674 5355 ³³
703 5314 902 5374 Matth.
929 5331 1081 5382 xxvr,
1114 5317 1204 5372 41.

619 5496 731 5569 (l5)
759 5493 908 5569 Edit.
945 5493 1288 5569 Ballerin,_t.
1315 5495 1358 5562 Ι,
1389 5509 1450 5569 p.
1474 5497 1597 5569 823.

619 5568 733 5640 (t6)
750 5566 849 5626 llis
872 5582 1032 5642 stepe
1059 5566 1277 5627 similia
1304 5566 1444 5627 sunt
1481 5567 1544 5626 in
1570 5567 1817 5643 Hodego
1844 5568 2012 5644 apud
2039 5571 2193 5630 Ana-

2304 4441 2500 4507 Γραφὴ,
2543 4440 2633 4488 καὶ
2688 4437 2746 4486 τό
2785 4435 2962 4507 μεῖζον
3012 4433 3360 4506 όμολογουσα,
3414 4436 3504 4483 xui
3555 4435 3613 4482 τὸ
3666 4433 3778 4482 ἴσον
3825 4436 3905 4502 μὴ

2306 4523 2632 4598 ἀρνουμένηο
2674 4525 2793 4576 ὅταν
2843 4525 2944 4597 γὰρ
3000 4526 3130 4597 πρὸς
3181 4526 3238 4575 τό
3301 4520 3616 4593 ἀνθρώπινον
3668 4520 3694 4571 6
3749 4519 3912 4591 λόγος

2307 4614 2496 4689 βλέπῃ,
2537 4613 2752 4687 μείζονα
2793 4612 3032 4686 ὁμολογεῖ
3068 4619 3161 4664 τοῦ
3192 4608 3284 4663 διὰ
3310 4615 3500 4684 σαρκός
3524 4612 3781 4684 ὁρωμένου
3814 4613 3908 4662 τόν

2305 4709 2376 4778 μὴ
2411 4705 2668 4779 ὁρώμενον
2693 4720 2705 4732 '
2754 4704 2874 4755 ὅταν
2929 4698 2985 4755 δε
3038 4705 3163 4776 πρὸς
3198 4703 3254 4753 τό
3306 4702 3438 4753 θεῖον
3467 4707 3772 4773 χειραγωγῇ
3807 4704 3908 4758 τὴν

2310 4793 2566 4863 διάνοιαν,
2595 4792 2742 4868 ἀργεῖ
2765 4798 2856 4844 τοῦ
2886 4795 3119 4866 μείζονος
3149 4795 3238 4842 xui
3278 4797 3367 4842 τοῦ
3394 4788 3650 4851 ἐλάττονος
3697 4789 3727 4845 ἡ
3773 4807 3912 4860 συγ-

2307 4889 2516 4958 κριτικὴ
2569 4883 2700 4941 αὕτη
2753 4880 3185 4956 ἀντιπαραθεσις·
3236 4884 3326 4932 καὶ
3375 4877 3488 4932 ἀντὶ
3515 4881 3702 4931 τούτου
3731 4878 3914 4941 ἑνότης

2308 4976 2650 5048 κηρύττεται⁶
2687 4970 2817 5043 Ἐγὼ
2851 4975 2941 5022 xui
2987 4971 3013 5022 6
3063 4973 3240 5044 Πατήρ
3289 4970 3338 5023 ἓν
3378 4967 3546 5043 ἐσμεν.
3577 4970 3655 5022 Tu
3684 4963 3744 5021 δὲ
3772 4987 3914 5041 παρ-

2310 5063 2605 5138 ηλλαγμένα
2631 5062 2766 5114 κατά
2797 5063 2852 5114 τὸ
2874 5061 3072 5123 ἄνισον,
3104 5059 3153 5115 ἓν
3184 5056 3313 5113 εἶναι
3338 5058 3396 5112 οὐ
3428 5054 3669 5112 δύναται.

2305 5490 2938 5577 sustentarent“?
2963 5505 3100 5577 ίὶξιΡ·
3129 5491 3212 5577 ¹³;

2377 5567 2491 5641 (17)
2521 5559 2669 5624 Edit.
2695 5564 2880 5636 Paris,
2910 5567 2950 5622 t.
2981 5559 3074 5632 Ill,
3107 5576 3164 5636 p.
3189 5559 3287 5618 471
3323 5560 3384 5616 c.
