4126 6272
219 306 293 363 ΞΠ

650 437 769 488 Τοῦ
811 433 964 507 ἁγίου
996 433 1374 507 Αὖγονστίνου.

273 547 352 610 ις’.
378 547 686 620 ἐπὶγνωθι
724 554 824 611 τὴν
852 548 1036 611 διττὴν
1075 553 1229 625 φύσιν
1270 557 1362 604 τοῦ
1399 557 1634 624 Χριστοῦ
1667 566 1680 582 ⁸
1721 556 1816 610 τὴν

221 637 334 688 Θείαν
363 632 432 696 δή
464 636 630 710 λέγω,
675 644 776 698 τὴν
816 643 940 699 ἴσην
990 642 1338 716 ὑπάρχουσαν
1374 648 1447 710 τῷ
1479 645 1647 714 Πατρί
1679 661 1692 675 ο
1726 639 1816 696 καὶ

219 729 293 784 τήν
317 724 672 804 ἀνθρωπείαν,
706 730 773 792 ἧς
799 731 991 802 μείζων
1018 729 1160 784 ἔστιν
1197 732 1223 784 ὀ
1249 735 1428 806 Πατήρ
1461 730 1597 803 (18).

559 851 672 899 Τοῦ
713 851 1064 920 Δαμασκηνοῦ
1101 867 1213 922 κεφ.
1245 847 1288 924 ρ’
1320 848 1454 918 (19).

284 959 360 1024 ιζ’.
417 965 519 1015 Καὶ
572 965 914 1037 σεσάρκωται
951 969 1121 1017 τοίνυν
1164 966 1190 1018 ό
1234 969 1424 1037 Λόγος,
1479 968 1569 1017 καὶ
1607 971 1702 1026 τῆς
1740 962 1812 1016 οἰ-

224 1052 350 1110 κείας
393 1048 684 1113 ἂύλὸτητος
723 1052 820 1105 οὐκ
873 1051 1114 1116 ἐξέστηκε
1167 1070 1180 1083 ·
1231 1058 1321 1106 καὶ
1374 1053 1482 1114 ὅλος
1538 1055 1810 1128 σεσάρκω-

227 1155 324 1206 ται,
392 1144 478 1192 καὶ
541 1140 662 1203 ὅλος
725 1140 869 1194 ἐστὶν
932 1140 1314 1216 ἀπερίγραπτος
1380 1163 1394 1176 ο
1474 1145 1812 1216 σμικρὺνεται

227 1237 520 1298 σωματικῶς
562 1235 656 1284 καὶ
697 1230 1051 1299 συστέλλεται,
1103 1238 1193 1285 καὶ
1243 1235 1420 1294 θείκῶς
1468 1231 1607 1284 ἐστιν
1683 1230 1811 1284 ἀπε-

214 1321 513 1390 ρίγραπτος,
575 1320 636 1372 οὐ
702 1326 1274 1394 συμπαρεκτεινομένης
1327 1329 1421 1383 τῆς
1479 1325 1672 1397 σαρκὸς
1716 1321 1810 1373 αἵδ’

213 1412 298 1460 τοῦ
343 1414 405 1478 τῇ
466 1405 843 1483 ἁπεριγράπτῳ
898 1410 1056 1466 αὐτοῦ
1108 1412 1334 1469 θεότητι.
1373 1410 1524 1473 Ὀλος
1576 1414 1665 1483 μὲν
1723 1411 1810 1462 οὖν

213 1491 315 1549 ἐστι
355 1499 488 1560 Θεὸς
536 1497 750 1567 τελειος,
791 1498 899 1572 οὐχ
946 1499 1058 1552 ὅλον
1103 1496 1162 1552 δι
1213 1504 1341 1563 Θεὸς
1371 1521 1385 1534 ο
1428 1500 1486 1552 οὐ
1525 1503 1626 1575 γὰρ
1657 1504 1808 1572 μόνον

214 1587 356 1651 Θεὸς,
387 1583 519 1637 ἀλλὰ
542 1591 631 1638 καὶ
658 1589 964 1660 ἄνθρωπος·
996 1593 1082 1641 καί
1117 1588 1232 1651 ὅλος
1267 1589 1457 1652 τέλειος
1480 1591 1749 1664 ἄνθρωπος
1792 1605 1804 1619 ⁸

211 1671 308 1744 οὐχ
343 1672 461 1726 ὅλον
491 1670 552 1727 δε
581 1676 855 1749 ἄνθρωπος
889 1697 902 1711 ·
935 1677 995 1730 οὐ
1032 1681 1185 1752 μόνον
1222 1680 1324 1755 γὰρ
1350 1680 1642 1754 ἄνθρωπος,
1681 1676 1810 1730 ἀλλὰ

209 1765 291 1814 καὶ
323 1766 424 1816 Θεό
434 1783 474 1826 ς.

215 1957 296 2012 Ἐκ
346 1967 441 2013 τοῦ
490 1966 698 2035 πρώτου
746 1961 957 2036 βιϐλίου
1009 1973 1108 2018 τῶν
1155 1973 1450 2040 Θησαυρῶν
1502 1973 1593 2019 τοῦ
1659 1970 1806 2038 ἁγίου

393 2049 652 2124 Κυρίλλου
679 2050 736 2104 ἐκ
761 2061 853 2106 τοῦ
884 2050 1159 2108 ἑνδεκάτου
1199 2055 1475 2128 κεφαλαίου
1496 2055 1628 2127 (20).

284 2163 371 2221 ιη’.
410 2163 575 2218 Ὀταν
612 2166 734 2240 λέγῃ
789 2174 1018 2241 Χριστὸς
1057 2170 1240 2223 ἑαυτοῦ
1299 2175 1387 2224 τὸν
1442 2177 1648 2244 Πατέρα
1703 2177 1810 2245 μεί-

218 2255 354 2318 ζονα,
409 2257 559 2308 ἔσται
615 2257 768 2309 πάλιν
823 2267 886 2330 τῇ
949 2258 1307 2332 ἀνθρωπότητι
1342 2267 1548 2336 πρέπων
1587 2261 1806 2334 ὅλογος,

220 2344 272 2394 οὐ
329 2352 420 2405 τῆς
480 2347 619 2410 Θείας
720 2346 905 2408 οὐσίας
993 2349 1151 2402 αὐτοῦ
1208 2356 1571 2424 κατηγόρημα,
1638 2355 1706 2412 ὡς
1760 2351 1810 2404 ἐν

219 2433 447 2489 ᾶάττοσι
511 2440 768 2512 κειμένης,
843 2439 872 2496 ἣ
974 2442 1022 2490 ἐν
1117 2441 1195 2504 οἷς
1264 2441 1405 2493 ἐστιν
1467 2444 1492 2494 ό
1557 2447 1810 2513 γεννήσας

219 2523 381 2581 αὐτόν.
421 2529 522 2579 Καὶ
569 2525 722 2577 πάλιν
784 2534 980 2600 προῖὼν
1018 2545 1032 2558 ο
1073 2527 1211 2589 Ἰσος
1254 2531 1357 2604 ἄρα
1403 2538 1474 2600 τῷ
1516 2536 1683 2604 Πατρὶ
1722 2536 1810 2583 καὶ

220 2613 484 2684 ὀμοούσιος
534 2615 560 2665 ὅ
609 2616 744 2676 Υἱός.
790 2616 1141 2690 Οἰκονομικώς
1181 2615 1240 2671 δε
1293 2619 1534 2692 εἰρῆσθαι
1573 2622 1810 2672 πιστεύο-

221 2720 300 2772 μεν
347 2701 427 2756 ἐπὶ
480 2711 572 2756 τοῦ
614 2709 817 2779 Πατρός
855 2709 915 2757 τὸ
959 2708 1155 2778 μεῖζον.
1216 2706 1378 2760 ’Ὁταν
1415 2712 1516 2782 γὰρ
1557 2707 1808 2782 ἐνανθρω-

220 2798 378 2854 ﬁlio-1;
408 2799 661 2865 φαίνεται,
692 2799 810 2848 τότε
834 2801 920 2848 καὶ
949 2801 1099 2849 τοῦτό
1131 2817 1288 2870 φησιν
1313 2800 1376 2859 ὡς
1411 2800 1699 2870 ἄνθρωπος.

331 2915 432 2962 Τοῦ
472 2909 636 2962 αὐτοῦ
665 2909 716 2963 ίν
747 2907 955 2982 ἑϐδόμῳ
995 2919 1094 2964 τῶν
1118 2915 1244 2985 πρὸς
1271 2911 1508 2986 Ἑρμείαν
1533 2912 1691 2985 λόγῳ.

287 3024 363 3082 ιϐ’.
427 3027 823 3098 Ἀνθρωπότητι
888 3029 989 3101 γὰρ
1053 3028 1170 3082 καθ’
1232 3031 1412 3081 ἕνωσιν
1477 3029 1807 3101 οἰκονομικὴν

223 3110 515 3187 ἀπορρήτως
569 3119 944 3188 συνενηγμένος
989 3118 1014 3168 ὅ
1062 3115 1116 3170 ἐκ
1183 3126 1315 3172 θεοῦ
1383 3123 1552 3190 Λόγος
1615 3127 1806 3172 νοεῖται
1838 3142 1879 3198 C

220 3207 436 3274 Χριστός
479 3217 495 3233 ⁸
587 3202 826 3277 ἀνωτέρω
901 3208 990 3276 μεν
1047 3204 1462 3279 ἀνθρωπὸτητος,
1526 3210 1590 3268 ὡς
1657 3211 1808 3280 φύσει

219 3295 331 3352 Θεὸς
382 3297 472 3344 καὶ
540 3293 662 3353 Υἱός
701 3313 717 3328 ο
772 3294 1033 3365 amcam»
1075 3291 1134 3348 δέ
1179 3315 1230 3347 τι
1261 3295 1443 3370 βραχὺ
1481 3305 1571 3349 τοῦ
1597 3296 1644 3348 ἐν
1677 3294 1804 3370 δόξῃ

217 3380 537 3453 Θεοπρεποῡς,

215 3470 421 3538 ἔφασκεν
470 3485 484 3500 ⁸

625 3383 697 3442 ὡς
782 3383 1072 3454 ἄνθρωπος,
1156 3387 1437 3458 Τοιγάρτοι
1518 3389 1640 3438 ποτε
1720 3389 1808 3457 μὲν

533 3469 593 3522 Ὀ
641 3470 886 3543 ἑωρακὼς
936 3470 1021 3543 ἐμὲ
1067 3471 1256 3546 ἑώρακε
1291 3477 1377 3525 τόν
1425 3479 1650 3548 Πατέρα.
1686 3479 1804 3543 Καὶ,

214 3555 341 3629 Ἐγὼ
407 3563 496 3612 καὶ
551 3578 577 3611 ο
637 3565 820 3632 Πατὴρ
871 3561 919 3614 ἓν
972 3560 1142 3633 ἐσμεν.
1179 3565 1306 3616 ﬂori
1338 3559 1398 3615 δὲ
1445 3563 1510 3614 αὖ
1548 3563 1720 3630 πάλιν,
1751 3563 1810 3615 Ὁ

215 3653 385 3725 Πατήρ
429 3669 532 3722 μου
557 3650 749 3723 μείζων
775 3669 876 3723 μου
899 3650 1062 3710 ἐστιν.

209 3769 306 3816 Τοῦ
335 3769 488 3838 ἁγίου
517 3771 812 3840 Γρηγορίου
847 3774 938 3819 τοῦ
969 3767 1225 3845 Θεολὸγου
1257 3767 1312 3820 ἐκ
1340 3776 1431 3822 τοῦ
1470 3774 1678 3845 πρώτου
1718 3777 1809 3822 τοῦ

705 3843 826 3912 περὶ
855 3840 975 3891 Υὶοῡ
1003 3839 1154 3912 λόγου
1177 3840 1308 3911 (21).

272 3953 340 4007 κ’.
410 3957 479 4006 Σὺ
540 3949 603 4005 δέ
648 3972 739 4025 μοι
790 3956 1109 4027 καταριθμει
1171 3959 1299 4030 πρὸς
1347 3959 1514 4008 ταῦτα
1577 3959 1643 4008 τα
1715 3966 1811 4018 τῆς

209 4039 576 4114 ἀγνωμοσύνης
618 4043 836 4116 ῥήματα
871 4061 883 4076 ι
935 4046 1014 4108 τὸ,
1049 4049 1174 4097 Θεόν
1204 4064 1303 4118 μου
1336 4051 1425 4098 καὶ
1465 4049 1588 4106 Θεὸς
1618 4047 1760 4118 ὑμῶν
1793 4068 1805 4080 -

206 4133 279 4196 τό,
311 4132 504 4204 μείζων
535 4147 550 4161 ⁹
595 4135 675 4197 τὸ,
717 4135 892 4185 ἔκτισε
939 4148 952 4164 '
985 4137 1063 4202 τὸ,
1090 4135 1303 4206 ἡγίασε,
1337 4138 1436 4188 Καὶ
1462 4135 1572 4206 μετ’
1605 4135 1754 4206 ὀλίγα
1792 4152 1805 4166 °

207 4224 403 4272 Τούτων
456 4225 561 4296 γὰρ
616 4223 838 4274 ἕκαστον
898 4221 956 4274 οὐ
1021 4222 1252 4294 χαλεπὸν
1309 4229 1399 4276 καὶ
1460 4227 1594 4276 κατὰ
1657 4228 1810 4299 μέρος

210 4307 464 4372 ἐπεξιόντα
521 4311 832 4380 ἐξηγεῖσθαί
882 4330 962 4363 τοι
1015 4317 1146 4385 πρὸς
1207 4317 1266 4366 τὸ
1315 4312 1682 4366 εὐσεϐέστατον
1721 4319 1809 4366 καὶ

210 4396 569 4472 ἀνακαθαίρειν
619 4403 676 4452 τὸ
727 4398 776 4451 ἐν
808 4407 917 4459 τοῖς
959 4403 1236 4475 γράμμασι
1283 4421 1602 4475 προσ-κόμμα
1634 4424 1646 4436 ’
1681 4406 1725 4455 εἰ
1752 4421 1810 4473 γε

1535 305 1896 367 THESAURI
1926 308 2056 367 LIB.
2087 311 2248 372 XXV.

1847 435 1901 492 Α

3474 317 3583 379 218

2533 439 2596 499 S.
2647 439 2979 512 Augustini

2001 554 2085 611 16.
2119 556 2392 624 Agnosce
2424 555 2727 627 geminam
2759 555 3160 613 substantiam
3191 555 3400 614 Christi
3435 575 3448 625 ;
3489 556 3578 614 di—

1923 643 2130 700 vinam
2173 643 2410 712 scilicet,
2444 661 2566 717 qua
2594 644 2844 718 aequalis
2876 650 2965 702 est
2992 645 3147 702 Patri
3174 661 3188 712 ;
3217 645 3572 712 humanam,

1923 748 2047 806 qua
2078 735 2269 806 major
2297 739 2386 791 est
2409 738 2596 792 Pater.

2160 851 2522 908 Damasceni
2547 853 2880 922 capitulum
2919 853 3322 911 centesimum.

1997 969 2058 1022 Π
2074 1009 2087 1022 .
2109 968 2173 1022 Et
2191 982 2332 1023 caro
2352 967 2530 1038 igitur
2548 968 2814 1024 Verbum
2838 968 3062 1024 factum
3082 972 3194 1034 est,
3209 971 3264 1024 et
3287 971 3570 1025 naturam

1923 1069 2098 1110 suam
2126 1056 2376 1112 materia
2406 1063 2708 1129 expertem
2736 1073 2859 1112 non
2889 1055 3110 1113 amisit.
3141 1060 3352 1113 Totum
3381 1057 3572 1114 incar-

1919 1148 2130 1199 natum
2157 1149 2248 1200 est
2263 1150 2317 1200 et
2338 1150 2526 1202 totum
2557 1152 2645 1202 est
2664 1146 3274 1219 incircumscriptum.
3293 1145 3570 1203 Minuitur

1921 1233 2306 1305 corporaliter
2331 1235 2792 1307 etcontrahitur,
2821 1234 3105 1290 divinitus
3136 1239 3334 1291 autem
3366 1238 3572 1291 manet

1919 1321 2222 1379 infinitum
2269 1341 2282 1379 :
2325 1340 2520 1396 neque
2567 1339 2709 1379 vero
2751 1325 2881 1394 ejus
2935 1340 3074 1380 caro
3126 1325 3462 1380 extenditur
3492 1325 3572 1381 ad

1919 1411 2192 1482 ejusdem
2243 1413 2570 1469 divinitatis
2620 1413 2996 1468 inﬁnitatem.
3043 1416 3220 1469 Totus
3259 1415 3438 1483 igitur
3483 1417 3572 1470 est

1919 1501 2074 1555 Deus
2105 1501 2400 1573 perfectus
2429 1518 2442 1567 ;
2475 1518 2670 1574 neque
2699 1507 2897 1558 tamen
2931 1503 3061 1573 ejus
3090 1502 3445 1558 universitas
3483 1505 3572 1558 est

1919 1591 2113 1656 Deus;
2160 1605 2282 1645 non
2325 1593 2485 1646 enim
2543 1590 2962 1646 tantummodo
3002 1595 3090 1646 est
3132 1593 3306 1655 Deus,
3357 1607 3567 1647 verum

1919 1681 2098 1734 etiam
2129 1680 2339 1737 homo.
2395 1683 2572 1736 Totus
2617 1681 2913 1752 perfectus
2942 1686 3031 1737 est
3067 1681 3252 1737 homo
3289 1697 3302 1746 ;
3334 1696 3458 1737 non
3488 1685 3570 1738 ta-

1838 1794 1881 1850 B
1920 1785 2056 1826 men
2080 1770 2209 1840 ejus
2240 1770 2600 1828 universitas
2640 1776 2728 1826 est
2755 1770 2939 1827 homo
2971 1788 2984 1826 :
3019 1787 3215 1843 neque
3249 1771 3406 1827 enim
3439 1775 3569 1828 tan-

1919 1860 2234 1918 tummodo
2259 1866 2350 1916 est
2377 1860 2584 1925 homo,
2617 1876 2824 1916 verum
2850 1861 3031 1916 etiam
3059 1864 3234 1917 Deus.

1916 1976 2017 2033 Ex
2041 1977 2236 2046 primo
2264 1977 2418 2033 libro
2463 1978 2897 2034 Thesaurorum
2926 1977 2984 2031 S.
3019 1977 3251 2046 Cyritli,
3286 1990 3420 2046 cap.
3471 1976 3564 2033 XI.

1996 2167 2077 2219 18.
2112 2165 2256 2220 Cum
2280 2164 2541 2219 Christus
2570 2163 2730 2230 dicit,
2758 2166 2987 2220 Patrem
3011 2163 3302 2234 majorem
3327 2178 3391 2217 se
3415 2177 3566 2230 esse,

1919 2269 2118 2308 sermo
2148 2253 2244 2308 hic
2283 2253 2638 2309 humanitati
2679 2253 2833 2308 illius
2862 2253 3156 2318 convenit,
3197 2267 3319 2307 non
3370 2255 3571 2307 autem

1921 2341 2190 2398 divinam
2233 2342 2508 2412 ejusdem
2551 2341 2875 2398 essentiam
2906 2342 3087 2408 laedit,
3122 2342 3301 2414 quasi
3331 2341 3574 2396 inferior

1921 2432 1996 2487 sit
2027 2432 2280 2488 Genitori
2313 2448 2440 2486 suo.
2477 2434 2541 2486 Et
2568 2431 2724 2487 intra
2773 2449 2785 2486 :
2838 2430 3103 2503 Aiqualis
3161 2431 3340 2500 igitur
3383 2435 3473 2486 est
3520 2435 3576 2487 et

1920 2521 2448 2578 consubstantialis
2508 2521 2663 2578 Patri
2711 2520 2906 2576 Filius.
2955 2519 3387 2576 Incarnationis
3431 2535 3572 2576 vero

1919 2626 2103 2666 causa
2132 2611 2433 2666 credimus
2462 2613 2692 2666 Patrem
2716 2611 3010 2681 majorem
3034 2626 3069 2666 a
3091 2609 3237 2665 Filio
3268 2615 3568 2666 vacatum.

1919 2703 2066 2756 Cum
2094 2701 2250 2755 enim
2292 2699 2729 2756 humanitatem
2772 2699 3100 2773 assumpsit
3132 2703 3258 2755 tum
3290 2697 3470 2754 etiam
3511 2701 3574 2754 ut

1916 2789 2102 2845 homo
2126 2788 2240 2844 hoc
2262 2788 2428 2846 dixit.

1990 2907 2272 2976 Ejusdem
2305 2908 2367 2962 in
2406 2910 2649 2975 septimo
2685 2921 3024 2962 sermonum
3055 2905 3136 2960 ad
3162 2905 3491 2960 Hermiam.

1989 3027 2074 3078 t9.
2109 3023 2468 3079 Humanitati
2498 3039 2604 3095 per
2628 3038 2851 3078 nexum
2884 3022 3330 3094 hypostaticum
3360 3020 3568 3076 ineffa-

1917 3111 2110 3168 biliter
2139 3113 2528 3181 conjunctum
2582 3112 2682 3166 Dei
2721 3111 3001 3174 Verbum,
3049 3109 3315 3166 Christus
3357 3108 3569 3164 intelli-

1919 3201 2115 3271 gitur:
2176 3203 2449 3272 superior
2485 3201 2732 3272 quidem
2779 3199 3173 3265 humanitate,
3223 3203 3428 3270 utpote
3467 3214 3570 3254 na-v

1919 3296 2050 3347 tura
2085 3294 2238 3346 Deus
2269 3297 2326 3345 et
2357 3290 2530 3346 Filius
2562 3307 2574 3345 :
2608 3290 2944 3345 minoratus
2965 3294 3168 3344 autem
3190 3288 3570 3360 aliquantum

1917 3379 2073 3435 infra
2103 3379 2355 3448 gloriam
2400 3381 2518 3434 Deo
2569 3380 2840 3448 dignam,
2873 3384 3075 3451 utpote
3117 3379 3322 3434 homo.
3356 3379 3573 3444 Quam-

1919 3467 2129 3523 obrem
2159 3468 2344 3523 modo
2373 3468 2520 3523 dixit
2553 3485 2564 3523 :
2608 3469 2722 3534 Qui
2757 3469 2907 3524 vidit
2958 3484 3069 3538 me,
3111 3467 3260 3524 vidit
3298 3468 3568 3524 Patrem.

1921 3561 2064 3614 ltem
2097 3573 2110 3611 :
2141 3559 2270 3628 Ego
2310 3565 2364 3615 et
2408 3561 2604 3616 Pater
2638 3574 2824 3614 unum
2857 3575 3080 3616 sumus.
3113 3557 3286 3615 Modo
3317 3563 3518 3614 autem
3551 3573 3565 3612 :

1917 3648 2103 3704 Pater
2131 3663 2294 3704 meus
2314 3651 2511 3718 major
2548 3665 2638 3704 me
2663 3655 2766 3706 est.

1917 3764 1982 3820 S.
2019 3763 2288 3835 Gregorii
2342 3765 2618 3837 Theotogi
2650 3781 2725 3822 ex
2754 3779 3022 3822 sermone
3055 3766 3253 3834 primo
3285 3764 3358 3819 de
3389 3763 3562 3819 Filio.

1987 3958 2077 4010 20.
2104 3959 2182 4012 Tu
2215 3971 2354 4011 vero
2393 3955 2539 4010 mihi
2568 3954 2700 4010 illas
2727 3953 3078 4009 vecordium
3121 3949 3440 4006 hominum
3467 3964 3568 4004 vo-

1920 4059 2017 4100 ces
2047 4061 2336 4100 enumera
2367 4061 2380 4099 ε
2413 4047 2559 4100 Deus
2591 4059 2751 4099 meus
2793 4048 2849 4098 et
2906 4042 3060 4097 Deus
3100 4044 3314 4103 υεείεν,
3362 4042 3421 4094 et
3447 4053 3568 4094 ma-

1910 4137 2034 4204 jor,
2083 4139 2138 4189 et
2178 4135 2425 4201 creavit,
2466 4138 2521 4188 et
2562 4131 2982 4198 sanetiﬁcavit.
3041 4133 3105 4185 Et
3153 4126 3336 4201 paulo
3369 4127 3562 4183 infra:

1923 4224 2058 4277 Haec
2103 4223 2264 4278 enim
2314 4220 2549 4291 singula
2607 4218 2908 4288 sigillatim
2986 4218 3286 4291 persequi,
3348 4217 3568 4289 pioque

1921 4327 2098 4367 sensu
2139 4310 2457 4382 explicare,
2491 4309 2735 4364 minime
2765 4307 3003 4364 difficile
3030 4313 3114 4364 est
3141 4327 3155 4375 ;
3178 4311 3358 4378 atque
3388 4305 3568 4361 offen-

1920 4399 2186 4456 diculum
2219 4397 2386 4468 illud,
2429 4398 2592 4468 quod
2623 4397 2682 4451 in
2703 4396 2908 4452 litteris
2937 4396 3186 4465 exsistit,
3226 4409 3566 4460 removere;

212 4495 550 4558 προσπταίεις
595 4493 778 4556 ὅντως,
822 4487 951 4540 ἀλλὰ
979 4497 1048 4561 μή
1102 4490 1226 4542 ἑκὼν
1257 4498 1585 4564 κακουργεῖς.
1615 4491 1718 4544 Ἐνὶ
1751 4488 1808 4545 δὲ

1931 4489 1966 4544 si
1996 4487 2178 4543 modo
2208 4503 2343 4542 vere
2379 4485 2653 4555 offendis,
2696 4489 2751 4539 et
2785 4499 2906 4539 non
2933 4483 3132 4555 potius
3160 4482 3234 4537 de
3273 4479 3570 4536 industria

214 4576 457 4648 ιεγαλαίῳ
483 4580 551 4630 τὰ
589 4581 680 4649 μὲν
706 4576 1005 4649 ὑψηλότερα
1030 4583 1265 4652 πρόσαγε
1304 4588 1365 4651 τῇ
1399 4580 1600 4637 θεότητι
1621 4586 1710 4632 καὶ
1740 4589 1800 4653 τῇ

217 4671 451 4734 κρείττονι
472 4671 628 4739 φύσει
653 4668 838 4719 παθῶν
865 4673 952 4718 καὶ
988 4675 1244 4740 σώματος,
1279 4671 1344 4721 τὰ
1367 4665 1426 4721 δὲ
1453 4675 1805 4744 ταπεινότερα,

219 4759 283 4822 τῷ
312 4757 534 4828 σννθὲτῳ
586 4776 678 4809 και
717 4763 794 4825 τῷ
844 4752 937 4808 διὰ
977 4760 1034 4809 σὲ
1059 4760 1324 4812 κενωθέντι
1349 4761 1439 4810 καὶ
1470 4760 1805 4834 σαρκωθέντι.

555 5059 661 5113 Τοῦ
693 5055 859 5108 αὑτοῦ
890 5053 944 5107 ἐκ
972 5063 1064 5108 τοῦ
1095 5056 1254 5109 αὐτοῦ
1274 5056 1450 5128 λόγον.

288 5169 376 5228 ια’.
419 5177 506 5234 Τίς
543 5169 634 5225 οὖν
695 5169 896 5243 ἀντερεῖ
952 5169 1103 5243 λόγος
1165 5177 1367 5246 κτίσμα
1413 5174 1504 5244 μὲν
1568 5172 1811 5245 λέγεσθαι

290 5420 743 5498 (18)Υθειὶεδειῐί
794 5419 940 5498 mihi
985 5422 1370 5498 occurritghic
1402 5422 1588 5498 locus
1646 5425 1809 5498 apud

231 5493 356 5562 Aug.
411 5494 473 5550 in
499 5496 681 5551 Joan.
728 5496 898 5557 tract,
951 5508 1187 5564 Lxxvm,
1237 5496 1292 5552 3.
1331 5493 1417 5551 lbi
1463 5493 1814 5554 tamen'est

229 5575 598 5634 agnoscamus
630 5578 760 5620 non
792 5579 1060 5634 agnosce.

286 5636 390 5708 (t9)
425 5639 490 5694 In
518 5635 796 5695 editione
833 5635 1154 5708 Lequienii,
1186 5637 1270 5696 De
1285 5636 1566 5709 ﬁd.orth.
1595 5637 1699 5696 lib.
1729 5653 1808 5709 ιιι,

1920 4591 2155 4648 peccas.
2202 4576 2271 4630 Ut
2317 4579 2518 4628 autem
2571 4571 2919 4628 summatim
2963 4570 3186 4638 dicam,
3227 4573 3292 4624 tu
3321 4567 3567 4640 quidem

1921 4663 2272 4720 sublimiora
2295 4662 2454 4717 dicta
2483 4661 2792 4729 divinitati,
2824 4659 3328 4732 passionibusque
3358 4663 3416 4713 et
3442 4672 3568 4712 cor-

1919 4770 2062 4826 pore
2093 4753 2317 4824 experti
2360 4756 2609 4817 naturm,
2657 4750 2912 4806 attribue
2947 4767 2959 4816 ;
3013 4748 3333 4805 humiliora
3363 4751 3565 4801 autem

1919 4843 2257 4913 composito
2283 4839 2516 4896 homini
2538 4840 2742 4911 tuique
2767 4854 2954 4894 causa
2973 4836 3274 4894 exinanito
3295 4839 3352 4891 et
3371 4835 3566 4890 incar-

1918 4935 2080 4987 nato.

2273 5054 2558 5126 Ejusdem
2601 5068 2676 5110 ex
2699 5053 2895 5109 eodem
2926 5065 3214 5108 sermone.

1990 5172 2374 5239 2t.Qutenam
2401 5185 2544 5242 ergo
2570 5169 2720 5227 ratio
2746 5171 2926 5239 vetat,
2975 5167 3304 5240 quominus
3344 5167 3573 5222 creatu-

1919 5442 2053 5500 cap.
2087 5432 2140 5494 7,
2174 5429 2289 5500 ῐενῐ,
2321 5441 2379 5500 p.
2413 5429 2539 5500 ἳίξξ.

1993 5486 2106 5570 (‘20)
2127 5486 2400 5555 'Editic‘it.
2427 5502 2464 5551 t.
2485 5498 2564 5570 _v,
2596 5497 2749 5567 part.
2776 5509 2816 5564 ι,
2839 5509 2900 5566 p.
2927 5497 3018 5570 ss,
3043 5495 3209 5570 ‘A,_et
3237 5503 3297 5561 p.
3331 5489 3399 5541 86
3432 5486 3494 5541 Β.

1992 5565 2106 5642 (21)
2133 5570 2282 5627 Edit.
2313 5565 2563 5637 Maurin,
2592 5565 2630 5623 tl
2659 5571 2701 5637 l,
2734 5565 2882 5624 orat.
2919 5568 3009 5632 29,
3037 5565 3064 5630 §
3098 5566 3181 5618 18.
