4126 6272
505 223 612 279 219

1817 222 2088 278 NICETIE
2118 222 2537 295 CHQNITATE

3751 228 3858 289 220

506 359 640 401 ram
689 345 1057 418 Sapientiam
1097 345 1371 403 dicamus
1422 346 1758 403 secundum
1813 350 2151 404 terrestrem

2269 353 2351 406 τὴν
2408 353 2595 421 Σοφίαν
2650 351 2784 402 κατὰ
2841 353 2935 407 τὴν
2992 352 3133 403 κάτω
3189 354 3450 422 γέννησιν,
3509 354 3736 423 γέννημα
3800 346 3858 403 δε

506 431 883 488 nativitatem
934 452 948 501 ;
1000 433 1208 489 Filium
1257 436 1457 490 autem
1511 436 1847 492 secundum
1893 436 2154 509 primam

2269 440 2398 490 κατά
2426 443 2518 496 τὴν
2548 443 2757 513 πρώτην
2796 444 2887 492 καὶ
2924 438 3070 492 πλέον
3095 438 3324 497 ἄληπτον
3352 457 3366 507 ;

506 520 828 593 magisque
855 522 1525 595 incomprehensibilem
1544 522 1570 576 ‘I

505 609 850 685 S.Joannz_'s
884 612 1247 685 Damascem'
1296 612 1378 667 ad
1426 626 1520 668 eos
1572 615 1681 683 qui
1730 619 1973 685 rogant,
2003 617 2157 673 sitne

743 680 974 739 Christi
994 696 1247 752 persona
1276 689 1498 752 creata,
1519 680 1601 740 an
1630 680 1920 743 inc-reatu.

579 861 668 914 22.
700 859 804 914 Dei
826 858 1005 915 Verbi
1034 875 1313 932 persona,
1343 865 1480 919 ante
1508 878 1752 920 carnem
1780 868 2158 938 assumptam

510 945 768 1019 simplex
809 952 954 1018 erat,
1001 964 1113 1005 nec
1153 950 1511 1023 composita.
1551 969 1801 1026 corpore
1832 969 2064 1026 expers,
2103 959 2161 1010 et

509 1033 791 1091 increata.
834 1037 915 1091 Ex
955 1053 1077 1109 quo
1120 1043 1323 1094 autem
1371 1055 1615 1096 carnem
1658 1042 1938 1115 suscepit,
1992 1040 2159 1097 carni

509 1136 755 1195 quoque
783 1139 1043 1196 persona
1070 1127 1228 1184 facta
1247 1133 1357 1198 est,
1385 1131 1838 1204 compositaque
1869 1133 2059 1187 evasit
2085 1147 2159 1188 ex

508 1211 840 1283 divinitate,
869 1230 1058 1287 quam
1079 1232 1395 1289 nunquam
1421 1235 1543 1275 non
1565 1218 1798 1289 habuit,
1813 1226 1869 1276 et
1886 1237 1957 1276 ex
1979 1236 2157 1276 carne

509 1316 699 1373 quam
741 1306 1076 1378 assumpsit
1108 1324 1121 1362 :
1157 1307 1426 1380 geritque
1456 1309 1609 1365 adeo
1639 1309 1894 1381 duplicis
1929 1315 2158 1365 naturae

508 1391 928 1462 proprietates,
962 1398 1166 1465 utpote
1194 1411 1330 1467 quae
1360 1396 1421 1451 in
1450 1397 1691 1453 duabus
1714 1398 1944 1454 naturis
1963 1398 2159 1453 nosci-

507 1482 623 1535 tur.
658 1481 788 1546 Quo
816 1480 883 1536 ﬁt
910 1485 975 1538 ut
1005 1498 1125 1539 una
1155 1484 1488 1556 eademque
1517 1500 1776 1558 persona
1805 1492 1861 1541 et
1886 1486 2159 1543 divinita-

509 1568 588 1624 tis
617 1570 848 1625 ratione
870 1569 1136 1628 increata
1164 1573 1256 1643 sit,
1299 1579 1355 1629 et
1384 1580 1583 1631 creata
1620 1575 1851 1632 ratione
1877 1576 2157 1633 humani-

2262 622 2365 669 Τοῦ
2396 615 2547 688 ἁγίου
2580 617 2816 670 Ἰωάννου
2845 626 2937 670 τοῦ
2978 625 3327 691 Δαμασκηνοῦ
3375 621 3509 692 πρὸς
3537 622 3657 692 τοὺς
3693 616 3863 688 λέγον-

2334 707 2446 757 τας,
2472 690 2502 746 ἠ
2531 690 2825 762 ὑπόστασις
2861 696 2951 742 τοῦ
2981 690 3217 762 Χριστοῦ
3248 690 3459 762 κτιστὴ,
3489 690 3519 748 ἦ
3554 691 3804 750 ἅκτιστος
3840 702 3859 718 ⁸

2339 765 2460 831 Κεφ.
2483 758 2596 833 ρκζ
2635 762 2773 829 (22).

2336 864 2442 939 κβ’.
2484 866 2543 919 Ἠ
2583 869 2872 929 ὑπόστασις
2918 875 3010 920 τοῦ
3060 875 3193 921 Θεοῦ
3245 872 3419 940 Λόγου
3457 872 3588 941 πρὸς
3617 872 3709 929 τὴς
3736 888 3865 943 σαρ-

2265 960 2469 1015 κώσεως
2524 955 2658 1015 ἁπλῆ
2710 952 2771 1028 ᾖν
2818 961 2905 1009 καὶ
2958 955 3233 1018 ἆσύνθετος
3280 962 3369 1010 καὶ
3426 956 3706 1029 ἀσώματος
3769 964 3864 1010 καὶ

2267 1044 2528 1105 οἴκτιστος.
2580 1047 2913 1117 Σαρκωθεῖσα
2965 1042 3025 1098 δὲ
3072 1047 3201 1103 αὕτη
3241 1050 3418 1118 γέγονε
3445 1052 3535 1098 xui
3592 1054 3653 1119 τῇ
3705 1052 3867 1122 σαρκὶ

2266 1134 2558 1194 ὑπόστασις
2608 1150 2621 1162 ·
2675 1139 2764 1185 xui
2827 1137 3003 1205 γέγονε
3061 1137 3300 1197 σύνθετος
3353 1133 3406 1186 ἐκ
3471 1137 3731 1199 θεότητος,
3802 1134 3869 1196 ἧς

2266 1218 2407 1292 εἶχεν
2462 1220 2559 1290 ἀεὶ,
2613 1227 2702 1274 καὶ
2743 1221 2796 1286 ἐξ
2846 1224 2909 1284 ἧς
2964 1222 3277 1296 προσείληφε
3324 1227 3516 1295 σαρκός
3545 1238 3560 1253 ⁶
3595 1226 3684 1275 καὶ
3726 1227 3868 1297 φέρει

2265 1318 2365 1362 τῶν
2421 1307 2519 1363 δύο
2569 1314 2767 1382 φύσεων
2821 1314 2888 1364 τὰ
2932 1308 3213 1385 ἰδιώματα,
3257 1311 3304 1364 ἐν
3345 1309 3474 1365 δυσὶ
3511 1312 3867 1384 γνωριζομένη

2265 1406 2380 1460 ταῖς
2419 1403 2657 1472 φύσεσιν.
2708 1400 2869 1453 Ὥστε
2933 1406 3022 1453 καὶ
3059 1401 3190 1459 αύτὴ
3238 1406 3334 1474 μία
3372 1402 3688 1467 ὑπόστασις,
3721 1401 3870 1453 ἄκτι-

2269 1493 2391 1550 στός
2431 1493 2485 1541 τέ
2530 1488 2641 1540 ἔστι
2689 1498 2751 1562 τῇ
2801 1492 3025 1553 θεότητι,
3052 1495 3141 1542 καὶ
3170 1496 3358 1548 κτιστὴ
3387 1499 3449 1562 τῇ
3480 1488 3866 1564 ἀνθρωπότητι,

2266 1578 2426 1650 ὁρατή
2461 1597 2515 1630 τε
2539 1584 2628 1630 καὶ
2651 1577 2888 1652 ἀόρατος.
2921 1579 3063 1633 Ἐπεῖ
3091 1578 3491 1651 ἀναγκαζόμεθα
3522 1576 3743 1651 διαιρεῖν
3775 1582 3868 1631 τόν

510 1656 649 1712 tatis
674 1674 687 1725 ;
716 1654 966 1714 visibilis
997 1661 1176 1716 simul
1207 1667 1264 1717 et
1300 1663 1641 1722 invisibilis.
1673 1667 1821 1720 Nam
1849 1664 2073 1737 alioqui
2096 1665 2156 1720 in

2269 1667 2351 1720 ἕνα
2381 1670 2629 1743 Χριστόν,
2687 1665 2784 1721 δύο
2813 1670 2909 1729 τὰς
2943 1670 3264 1729 ὑποστάσεις
3296 1667 3547 1739 λέγοντες,
3577 1669 3606 1727 ἦ
3640 1673 3734 1726 τήν
3763 1676 3869 1719 τῶν

511 1760 614 1801 eas
652 1747 960 1817 angustias
985 1749 1380 1820 adducemur,
1411 1757 1477 1809 ut
1503 1753 1599 1809 vel
1626 1769 1818 1809 unum
1850 1753 2158 1811 eumdem-

2269 1760 2464 1829 φύσεων
2504 1755 2773 1829 ἀρνεῖσθαι
2802 1754 3057 1830 διαφοράν
3089 1775 3102 1790 ο
3146 1762 3235 1810 καὶ
3266 1762 3464 1834 τροπήν
3508 1758 3733 1829 εἰσάγειν
3774 1762 3871 1810 καὶ

509 1849 630 1907 que
683 1836 977 1893 Christum
1020 1839 1385 1910 dividamus,
1439 1843 1594 1899 duas
1645 1859 1940 1916 personas
1993 1859 2154 1900 asse-

509 1924 737 1996 rendo;
767 1926 864 1983 vel
912 1932 1264 1987 naturarum
1307 1932 1751 1990 distinctionem
1793 1933 2153 2000 inﬁciantes,

512 2015 961 2073 conversionem
990 2024 1095 2075 aut
1118 2021 1537 2079 confusionem
1566 2023 1949 2080 inducamus.

509 2102 797 2174 Ejusdem
824 2107 1159 2176 capitulum
1400 2113 1474 2169 de
1500 2117 1862 2170 naturarum
1884 2114 2157 2184 proprie-

1300 2198 1320 2237 ι
1362 2198 1452 2238 us.

1300 2198 1452 2238 ιοιιε.

579 2263 670 2321 23.
711 2266 1004 2323 Eumdem
1034 2285 1212 2340 porro
1256 2269 1579 2331 Dominum
1628 2278 1900 2330 nostrum
1956 2274 2159 2329 Jesum

511 2352 834 2425 Christum,
857 2361 915 2412 et
941 2357 1270 2429 perfectum
1302 2363 1511 2430 Deum,
1539 2366 1596 2418 et
1614 2363 1943 2434 perfectum
1968 2362 2161 2418 homi‘

511 2455 654 2497 nem
703 2444 1123 2515 praedicantes,
1168 2448 1284 2504 hoc
1330 2450 1703 2521 proﬁtemur,
1764 2450 2048 2506 eumdem
2104 2454 2161 2506 et

513 2530 722 2586 omnia
749 2532 993 2600 habere,
1034 2552 1168 2607 quae
1211 2541 1381 2609 pater
1409 2538 1610 2604 habet,
1638 2544 1885 2611 excepta
1914 2538 2160 2610 ingeniti

512 2622 920 2694 proprietate;
970 2625 1023 2681 ei
1053 2627 1259 2683 omnia
1304 2629 1466 2699 item,
1509 2645 1644 2702 quae
1683 2630 1914 2702 primus
1942 2629 2158 2693 Adam,

515 2714 764 2782 excepto
794 2711 920 2769 solo
962 2719 1232 2785 peccato,
1275 2716 1390 2773 hoc
1415 2723 1523 2784 est,
1556 2733 1777 2790 corpus
1804 2722 1861 2774 et
1891 2720 2159 2775 animam

512 2798 742 2855 ratione
776 2804 833 2856 et
873 2800 1261 2873 intelligentia
1297 2806 1611 2877 prieditam
1659 2825 1672 2860 :
1732 2807 1879 2880 quin
1931 2806 2160 2862 habere

513 2887 693 2944 etiam
719 2904 881 2960 eum,
908 2891 994 2947 uti
1022 2891 1262 2949 duabus
1289 2895 1521 2950 naturis
1563 2901 2033 2953 consentaneum
2051 2899 2160 2963 est,

512 2976 782 3050 duplices
819 2985 1171 3038 naturarum
1213 2984 1476 3042 duarum
1503 2986 1808 3043 naturales
1834 2986 2161 3059 proprieta-

2267 1849 2536 1918 σύγχυσιν
2549 1888 2562 1901 .

2266 2124 2368 2171 Τοῦ
2414 2116 2573 2169 αὐτοῦ
2636 2115 2907 2187 κεφάλαιον
2950 2114 3031 2187 ρξ’
3096 2118 3216 2187 περὶ
3249 2122 3348 2167 τῶν
3406 2111 3700 2186 ἰδιωμάτων
3761 2121 3871 2165 τῶν

2870 2186 3067 2258 φύσεων
3125 2186 3255 2257 (23).

2339 2276 2440 2349 κγ’.
2507 2275 2702 2328 Τελειον
2776 2271 2835 2327 δὲ
2910 2278 3039 2328 Θεὸν
3117 2274 3479 2347 ὁμολογοῦντες
3560 2276 3646 2326 τόν
3709 2272 3875 2325 αύτόν

2271 2367 2460 2436 Κύριον
2513 2365 2659 2435 ἡμῶν
2708 2364 2911 2421 Ἰησοῦν
2959 2367 3210 2435 Χριστὸν,
3277 2368 3367 2415 καὶ
3422 2362 3606 2414 τέλειον
3671 2363 3879 2434 ἄνθρω-

2268 2473 2385 2520 πον,
2433 2457 2594 2525 φαμεν
2650 2456 2737 2504 τὸν
2792 2453 2945 2505 αὐτὸν
3006 2456 3174 2505 πάντα
3235 2454 3376 2524 ἔχειν
3416 2454 3516 2504 ὅσα
3571 2453 3596 2502 ὁ
3658 2455 3875 2518 Πατὴο,

2268 2540 2401 2598 πλην
2450 2540 2761 2612 ἀγεννησίας
2802 2559 2814 2570 ·
2865 2546 2955 2592 καὶ
2999 2543 3169 2593 πάντα
3224 2543 3363 2612 ἔχειν
3409 2541 3511 2592 ὅσα
3557 2541 3582 2591 ό
3614 2535 3794 2611 Ἀδὰμ
3847 2541 3876 2591 ὁ

2268 2638 2469 2704 πρῶτος
2522 2627 2660 2702 δίχα
2689 2635 2852 2702 μόνης
2901 2638 2995 2692 τῆς
3046 2630 3299 2702 ἁμαρτίας
3328 2644 3342 2658 ⁸
3379 2629 3528 2681 ἅτινά
3558 2627 3672 2681 ἐστι
3713 2636 3879 2701 σῶμα

2269 2724 2358 2771 xui
2395 2718 2550 2791 ψυχὴ
2600 2720 2782 2791 λογικη
2842 2739 2895 2772 τε
2937 2724 3027 2772 καὶ
3053 2721 3203 2791 νοερά
3235 2737 3246 2748 ·
3282 2719 3423 2790 ἔχειν
3463 2714 3521 2770 δὲ
3548 2720 3701 2769 αύτόν
3730 2736 3874 2768 κατ-

2270 2807 2491 2868 αλλὴλως
2538 2816 2651 2870 ταῖς
2707 2804 2837 2861 δυσὶ
2884 2811 3072 2880 φύσεσι
3112 2805 3277 2861 διπλᾶ
3313 2811 3378 2859 τὰ
3407 2815 3505 2859 τῶν
3537 2802 3634 2858 δύο
3665 2808 3874 2878 φύσεων

2272 2898 2468 2968 φυσικὰ
2526 2893 2791 2968 ὶδιωματα
2839 2917 2853 2930 ο
2924 2893 3021 2948 δύο
3070 2895 3298 2956 θελήσεις
3355 2896 3599 2967 φυσικὰς,
3636 2895 3773 2946 θείαν
3815 2912 3875 2946 τε

2270 2990 2360 3037 xui
2407 2985 2731 3059 ἀνθρωπίνην
2762 2999 2778 3014 ⁰
2823 2990 2913 3037 καὶ
2947 2984 3195 3057 ἐνεργείας
3257 2980 3354 3036 δύο
3394 2986 3636 3055 φυσικὰς,
3682 2986 3777 3039 τήν
3817 3001 3877 3035 τε

512 3047 646 3138 tes;
698 3070 814 3127 hoc
843 3075 952 3143 est,
983 3074 1138 3130 duas
1163 3075 1469 3133 naturales
1498 3047 1862 3144 voluntates:
1891 3047 2160 3132 divinam

2273 3075 2409 3127 θείαν
2438 3078 2528 3124 καὶ
2557 3078 2650 3132 τὴν
2677 3072 3001 3146 ἀνθρωπίνην
3025 3092 3036 3105 '
3062 3078 3152 3125 xui
3177 3072 3491 3135 αὐτεξούσια
3519 3069 3618 3124 δύο
3646 3073 3876 3143 φυσικὰ,

513 3162 572 3216 et
605 3158 941 3217 humanam
974 3181 987 3218 :
1032 3163 1187 3219 duas
1222 3165 1366 3222 item
1400 3167 1705 3222 naturales
1759 3165 2159 3239 operationes,

513 3247 784 3305 divinam
807 3255 865 3306 et
889 3251 1224 3309 humanam
1268 3272 1283 3322 ;
1326 3255 1481 3311 duas
1511 3256 1816 3311 naturales
1844 3254 2072 3311 arbitrii
2098 3254 2164 3309 li-

514 3335 1082 3400 bertates,divinam
1102 3347 1159 3397 et
1173 3343 1536 3400 humanam:
1558 3360 1628 3400 ac
1647 3345 1907 3416 denique
1926 3344 2163 3416 sapien-

516 3424 662 3483 tiam
681 3428 740 3480 et
762 3426 1072 3484 scientiam
1100 3430 1422 3501 duplicem,
1440 3432 1708 3488 divinam
1731 3438 1789 3489 et
1806 3434 2158 3488 humanam.

517 3516 667 3571 Nam
695 3529 835 3570 cum
867 3517 1133 3587 ejusdem
1165 3534 1237 3574 ac
1270 3522 1435 3575 Pater
1465 3520 1814 3584 substantiae
1854 3521 1946 3585 sit,
1980 3520 2162 3576 libere

514 3602 645 3659 vult
673 3608 728 3658 et
751 3605 874 3674 agit
896 3611 957 3662 ut
987 3607 1142 3661 Deus
1175 3624 1189 3662 :
1220 3622 1426 3664 rursus
1455 3624 1594 3665 cum
1632 3608 2164 3666 consubstantialis

519 3692 594 3748 sit
620 3692 818 3764 nobis,
841 3693 1023 3750 libere
1060 3695 1201 3753 item
1235 3696 1359 3752 vult
1378 3702 1435 3753 et
1463 3699 1605 3771 agit,
1633 3702 1698 3755 ut
1718 3698 1923 3754 homo.
1972 3697 2164 3771 Ipsius

517 3781 678 3838 enim
703 3782 998 3839 miracula
1023 3790 1178 3851 sunt,
1212 3785 1399 3858 ipsius
1419 3802 1661 3859 quoque
1684 3789 2017 3857 passiones.

516 3873 616 3929 Ex
641 3874 902 3929 secunda
933 3874 997 3930 S.
1038 3875 1243 3930 Leonis
1275 3891 1457 3945 papae
1499 3876 1758 3932 Romani
1792 3877 1873 3932 ad
1913 3879 2163 3933 Leonem

586 3951 1007 4012 imperatorem
1027 3948 1297 4015 epistola,
1325 3950 1493 4016 cuius
1511 3954 1596 4003 est
1616 3949 1956 4016 inscriptio:
1983 3971 2009 3994 σι
2031 3949 2161 4003 Glo-

584 4017 908 4090 riosissimo
929 4022 983 4072 et
1017 4020 1510 4090 tranquillissima
1526 4020 1654 4089 ﬁlio
1678 4020 1946 4089 Augusto
1958 4020 2160 4087 Leoni,

586 4088 701 4140 Leo
729 4089 1057 4156 episcopus.
1095 4110 1122 4136 ››

587 4176 676 4229 24.
698 4173 766 4228 In
780 4190 923 4231 vero
941 4177 1040 4231 Dei
1060 4181 1238 4248 atque
1257 4178 1520 4234 hominis
1534 4178 1885 4247 Filio,Verbi
1896 4182 1952 4236 et
1968 4179 2165 4235 carnis

517 4276 643 4319 una
660 4276 921 4333 persona
941 4268 1048 4331 est,
1062 4280 1196 4335 quae
1217 4265 1695 4337 inseparabiliter
1711 4272 1892 4339 atque
1914 4268 2166 4323 indivise

2272 3163 2405 3215 θεῖόν
2434 3181 2485 3215 τε
2522 3167 2612 3214 xui
2651 3161 2967 3235 ἀνθρώπινον
2992 3180 3003 3191 ·
3038 3166 3127 3214 καὶ
3159 3166 3342 3234 σοφίαν
3366 3167 3456 3213 xui
3484 3169 3695 3232 γνῶσιν,
3725 3161 3878 3211 θείαν

2268 3269 2322 3303 τε
2351 3256 2441 3303 xui
2480 3249 2821 3324 ἀνθρωπίνην.
2853 3251 3160 3323 Ὀμοούσιος
3182 3253 3283 3323 γὰρ
3308 3251 3376 3301 ὢν
3406 3258 3477 3321 τῷ
3502 3254 3610 3320 Θεῷ
3639 3253 3728 3300 xui
3761 3253 3881 3300 Πα-

2268 3344 2375 3414 τρὶ,
2406 3339 2747 3403 αὐτεξουσίως
2798 3340 2927 3393 θέλει
2955 3344 3044 3392 καὶ
3074 3341 3266 3413 ἐνεργεί
3290 3341 3354 3399 ὡς
3378 3344 3505 3400 Θεός
3548 3356 3561 3367 ·
3590 3339 3881 3409 ὁμοούσιος

2272 3424 2331 3480 δὲ
2369 3435 2458 3480 xui
2488 3431 2632 3501 ἡμῖν,
2683 3428 3032 3492 αὐτεξουσίως
3061 3429 3191 3482 θέλει
3221 3433 3312 3479 xui
3352 3426 3546 3500 ἐνεργεί
3567 3430 3634 3486 ὡς
3664 3426 3876 3498 ἅνθρω-

2268 3537 2364 3578 πος
2419 3519 2445 3569 ό
2507 3518 2680 3580 αὐτὸς.
2715 3518 2884 3570 Αύτου
2934 3520 3035 3591 γὰρ
3079 3519 3146 3569 τὰ
3172 3519 3432 3588 θαύματα,
3473 3516 3631 3568 αὐτου
3668 3518 3760 3566 καὶ
3807 3513 3883 3566 τὰ

2269 3608 2575 3679 παθήματα.

2273 3872 2359 3925 Ἐκ
2423 3880 2514 3933 τῆς
2565 3870 2810 3948 θευτέρας
2868 3872 3141 3933 ἐπιστολῆς
3240 3878 3331 3948 τού
3408 3868 3586 3948 ᾲγίου
3651 3871 3882 3948 Λεζοντος

2340 3945 2531 4018 πάππα
2576 3940 2777 4016 Ῥώμης
2829 3948 2953 4018 πρὸς
3015 3948 3218 4018 ῥέοντα
3264 3945 3349 3994 τόν
3399 3940 3667 4018 βασιλέα..
3704 3940 3769 3998 ἧς
3843 3942 3876 3998 ἡ

2341 4014 2622 4086 ἐπιγραφὴ,
2653 4011 2683 4065 (ἱ
2709 4024 2791 4087 Τῷ
2818 4011 3267 4088 ὑπερενὸοξοτάτῷ
3293 4017 3381 4066 καὶ
3400 4011 3743 4085 ⁷γοιληνοτιεὲτειρ
3772 4018 3884 4081 υιῷ

2341 4085 2629 4159 Αὐγούστῳ
2662 4085 2864 4155 Λέοντι,
2898 4085 3037 4140 Λέων
3078 4086 3354 4144 ἐπίσκοπος
3384 4085 3517 4151 (214).
3558 4104 3578 4132 ι

2344 4174 2445 4232 κδ’.
2499 4185 2582 4247 Τῷ
2621 4175 2802 4234 ἀληθεῖ
2854 4183 2946 4228 τοῦ
2992 4183 3125 4228 Θεοῦ
3174 4179 3264 4227 καὶ
3314 4173 3586 4245 ἀνθρώπου
3636 4172 3740 4239 Υὶῷ
3780 4178 3883 4222 τοῦ

2273 4286 2327 4319 τε
2372 4271 2544 4338 Λόγου
2623 4271 2713 4318 xui
2777 4274 2868 4326 τῆς
2926 4268 3119 4339 σαρκός
3166 4264 3215 4317 ἓν
3281 4265 3516 4335 ὑπάρχει
3566 4264 3882 4332 πρόσωπον,

519 4365 875 4408 communes
892 4350 1076 4407 habet
1095 4352 1377 4409 actiones.
1400 4355 1798 4423 lntelligendas
1815 4360 2017 4411 tamen
2029 4359 2161 4410 sunt

2275 4359 2395 4429 ὅπερ
2454 4357 2763 4428 ἀχωρίστως
2827 4360 2918 4408 καὶ
2993 4352 3305 4429 ἀδιαιρέτως
3370 4354 3543 4411 κοινὰς
3602 4350 3715 4419 syri
3780 4353 3884 4412 τὰς

518 4440 795 4513 ipsorum
844 4455 1097 4511 operum
1136 4441 1472 4511 qualitates,
1510 4449 1567 4500 et
1596 4443 1839 4499 sincerae
1860 4444 2003 4500 ﬁdei
2028 4460 2167 4500 oon-

517 4527 908 4599 templatione
955 4528 1323 4585 cernendum
1373 4536 1478 4593 est,
1527 4531 1607 4588 ad
1635 4548 1771 4604 quae
1803 4532 2170 4604 provehatur

518 4615 827 4673 humilitas
856 4617 1074 4687 carnis,
1092 4623 1148 4674 et
1176 4618 1253 4674 ad
1273 4634 1409 4690 quin
1433 4619 1748 4676 inclinetur
1769 4620 2024 4677 altitudo
2048 4620 2169 4676 dei-

517 4706 657 4774 tatis
689 4727 703 4762 :
739 4705 888 4780 quid
926 4707 999 4763 sit
1026 4706 1194 4780 quod
1221 4723 1363 4764 caro
1400 4708 1528 4765 sine
1558 4709 1746 4765 Verbo
1776 4725 1899 4765 non
1937 4711 2079 4779 agit,
2111 4714 2170 4766 et

518 4796 667 4869 quid
687 4796 764 4853 sit
788 4795 955 4868 quod
985 4796 1242 4852 Verbum
1265 4796 1391 4853 sine
1413 4812 1592 4853 carne
1616 4813 1740 4853 non
1769 4798 1947 4854 efﬁcit
1974 4798 2003 4855 ?
2034 4798 2169 4855 Sine

519 4885 700 4942 .Verbi
732 4886 895 4942 enim
924 4885 1191 4957 potentia
1215 4901 1324 4941 nec
1353 4886 1692 4958 conciperet
1718 4886 1896 4958 Virgo
1926 4902 2037 4942 nec
2066 4902 2169 4959 pa-

518 4979 673 5031 reret
752 4980 811 5031 et
838 4976 967 5031 sine
995 4975 1242 5031 veritate
1285 4976 1484 5043 carnis
1509 4976 1797 5033 obvoluta
1834 4976 2051 5048 pannis
2082 4976 2168 5031 in-

518 5062 708 5126 fantia
735 5078 860 5119 non
902 5064 1143 5134 jaceret.
1198 5063 1332 5120 Sine
1374 5064 1548 5120 Verbi
1590 5064 1858 5137 potentia
1895 5080 2017 5120 non
2067 5064 2169 5120 ad-

520 5156 761 5208 orarent
786 5151 937 5224 Magi
964 5167 1244 5224 puerum,
1266 5152 1436 5209 stella
1463 5152 1659 5208 indice
1686 5152 2085 5218 declaratum;
2113 5156 2171 5209 et

594 5497 708 5575 Qa)
734 5496 884 5575 Edit.
912 5497 1192 5575 Lequien.
1226 5499 1313 5556 De
1349 5498 1656 5575 ﬁd.‘forth.
1692 5499 1797 5558 lib.
1837 5517 1911 5572 ιν,
1942 5516 2078 5575 cap.
2113 5506 2167 5557 5.

591 5569 702 5641 (23)
735 5569 907 5642 Oper.
932 5569 1030 5628 cit.
1054 5569 1160 5639 lib,
1181 5574 1526 5659 II,‘cap..l3,

2273 4445 2502 4519 πράξεις.
2561 4452 2645 4498 Δεῖ
2717 4452 2846 4497 νοεῖν
2934 4445 3069 4516 ὅμως
3128 4443 3296 4494 αὐτῶν
3352 4448 3452 4493 τῶν
3549 4442 3708 4511 ἔργων
3780 4440 3887 4498 τὰς

2274 4538 2553 4595 ποιότητας
2608 4551 2621 4564 ⁵
2689 4539 2777 4586 xui
2828 4541 2889 4606 τῇ
2941 4537 3253 4591 κατανοήσει
3301 4538 3398 4592 τῆς
3440 4528 3743 4600 εἰλικρινους
3782 4547 3885 4578 πι-

2280 4642 2434 4684 στεως
2505 4619 2587 4676 δεῖ
2657 4625 2905 4697 καθορᾷν,
2952 4620 3037 4674 ἐπὶ
3093 4627 3221 4673 ποῖα
3273 4621 3362 4692 μὲν
3413 4620 3443 4676 ἡ
3522 4624 3613 4676 τῆς
3674 4619 3885 4687 σαρκός

2274 4715 2562 4786 προάγεται
2590 4717 2914 4777 ταπεινότης,
2947 4710 3031 4764 ἐπὶ
3067 4718 3194 4763 ποῖα
3219 4706 3277 4762 δὲ
3316 4712 3374 4760 τὸ
3415 4707 3543 4777 ὕψος
3571 4714 3663 4767 τῆς
3695 4707 3885 4763 θεότη-

2275 4822 2362 4863 τος
2418 4802 2760 4854 ἐπικλίνεται·
2825 4806 2914 4852 καὶ
2955 4804 3007 4851 τί
3067 4802 3155 4871 μὲν
3209 4797 3370 4861 ἐστὶν,
3429 4798 3551 4868 ὅπερ
3621 4792 3755 4868 σὰρξ
3815 4792 3881 4845 ού

2274 4894 2491 4965 πράττει
2545 4888 2685 4963 δίχα
2729 4910 2819 4942 του
2865 4893 3039 4960 Λόγου
3072 4909 3084 4921 ·
3126 4891 3178 4939 τί
3219 4883 3278 4939 δὲ
3331 4888 3407 4943 εἰη
3456 4885 3578 4957 ὅπερ
3624 4884 3649 4933 ὁ
3698 4885 3884 4953 Λόγος

2274 4983 2441 5054 χωρὶς
2480 4988 2572 5040 τῆς
2619 4983 2813 5053 σαρκός
2863 4978 2956 5030 ούκ
3005 4976 3296 5049 ἐργάζεται.
3348 4977 3487 5044 Δίχα
3526 4974 3615 5043 μὲν
3645 4973 3746 5045 γὰρ
3777 4979 3884 5033 τῆς

2272 5077 2363 5122 τοῦ
2422 5074 2597 5141 Λόγου
2656 5065 2920 5139 δυνάμεως
2957 5062 3068 5117 οὐδ’
3117 5063 3179 5116 ἂν
3209 5066 3239 5122 ἡ
3273 5064 3533 5136 Παρθένος
3577 5058 3879 5129 συνέλαϐεν⁹

2276 5155 2399 5213 οὐδὲ
2426 5160 2624 5211 ἔτεκεν·
2675 5153 2814 5229 δίχα
2860 5152 2919 5208 δὲ
2942 5162 3037 5215 τῆς
3076 5151 3315 5211 ἀληθείας
3373 5158 3469 5211 τῆς
3525 5149 3722 5220 σαρκὸς
3782 5148 3883 5199 οὐκ

2348 5494 2633 5570 (24)Ε(11ι.
2664 5493 2936 5550 Ballerin.
2968 5495 3006 5546 t.
3034 5489 3077 5557 Ι,
3102 5504 3162 5563 p.
3186 5490 3342 5544 1366.
