4126 6272
242 206 312 281 221
1553 209 1900 298 transsuat
1926 209 2060 266 LIB.
2093 211 2225 275 xxv

3459 214 3572 275 222

252 330 296 382 ἂν
330 330 674 405 κεκαλυμμένη
737 342 856 396 τοίς
905 337 1118 412 ῥάκεσιν
1171 337 1334 389 ἔκειτο
1388 339 1653 397 νηπιότης.
1711 339 1813 389 Καὶ

1925 334 2047 390 sine
2075 335 2324 392 veritate
2353 336 2552 392 carnis
2588 350 2715 393 non
2738 334 3094 408 juberentur
3137 335 3201 392 in
3246 338 3571 410 Egyptum

252 416 357 492 δίχα
392 425 474 493 μὲν
512 431 614 485 τῆς
654 431 756 476 τοῦ
806 430 983 497 Λόγου
1035 422 1303 500 δυνάμεως
1342 425 1434 479 οὐκ
1464 424 1524 478 ἂν
1556 427 1813 498 προσεκύ-

248 531 373 569 νησαν
428 511 478 565 οἱ
518 516 701 585 Μάγοι
753 519 816 567 τό
871 512 1105 583 παιδίον,
1172 520 1232 568 τό
1295 518 1394 569 ὑπὸ
1462 523 1555 568 τοῦ
1592 518 1813 588 μηνύον-

242 619 304 661 τος
327 599 541 675 ἀστέρος
597 599 922 677 δηλούμενον
955 621 968 634 ·
1024 601 1164 677 δίχα
1202 599 1259 657 δὲ
1309 613 1401 665 τῆς
1448 604 1690 666 ἀληθείας
1718 611 1815 666 τῆς

241 693 408 765 σαρκός
462 691 562 743 οὐκ
617 690 677 743 ἂν
746 692 999 746 ἐκελεύετο
1044 697 1105 746 1'6
1158 690 1369 747 παιδίον
1421 693 1492 755 εἰς
1547 694 1813 766 Αἴγυπτον

236 782 617 854 μεταφέρεσθαι,
674 786 769 833 καὶ
844 789 937 835 τοῦ
1011 785 1145 835 κατά
1202 787 1291 835 τόν
1344 779 1585 859 Ἡρώδην
1661 781 1813 845 ὑπεξ-

236 868 436 938 άγεσθαι
485 865 749 942 διωγμοῦ.
803 876 907 923 Καὶ
947 868 1081 944 δίχα
1114 874 1206 945 μὲν
1256 864 1347 933 τῆς
1376 878 1467 924 τοῦ
1504 875 1677 944 Λόγου
1719 867 1811 923 δυ-

235 958 416 1029 νάμεως
490 958 586 1010 οὐκ
658 957 722 1010 ἂν
795 959 964 1032 ἔλεγεν
1016 964 1046 1020 ἠ
1108 966 1245 1034 φωνὴ
1320 969 1412 1014 τοῦ
1478 964 1703 1036 Πατρός,
1763 958 1815 1025 ἐξ

238 1046 448 1121 οὐρανῶν
523 1046 795 1120 ἀφεθεῖσα,
873 1050 1041 1111 Οὗτός
1113 1049 1255 1103 ἐστιν
1330 1052 1355 1102 6
1429 1053 1546 1111 Υἱός
1622 1070 1721 1123 μου
1788 1051 1815 1102 6

238 1133 511 1206 ἀγαπητός,
565 1135 614 1188 ἐν
668 1137 709 1208 ᾧ
766 1135 1052 1196 ηὐδόκησα
1084 1158 1095 1169 ·
1150 1136 1289 1212 δίχα
1346 1136 1404 1192 δὲ
1440 1148 1529 1200 τῆς
1572 1139 1816 1201 ἀληθείας

228 1231 314 1276 τοῦ
372 1230 613 1297 σώματος
668 1227 765 1279 οὐκ
812 1226 875 1279 ἂν
933 1232 1396 1304 προσεμαρτύρατο
1469 1231 1496 1280 6
1535 1229 1811 1292 Ἰωάννης·

224 1309 327 1367 Ἴδε
395 1316 425 1365 6
477 1313 647 1385 ἀμνὸς
715 1323 812 1368 τοῦ
887 1323 1048 1383 Θεοῦ,
1106 1319 1132 1369 6
1189 1321 1346 1391 αἴρων
1396 1323 1493 1377 τὴν
1559 1318 1816 1391 ἁμαρτίαν

219 1409 308 1454 τού
355 1406 589 1474 κόσμου.
647 1409 748 1458 Καὶ
799 1402 941 1477 δίχα
991 1410 1081 1478 μὲν
1130 1414 1224 1467 τῆς
1276 1414 1366 1459 τοῦ
1431 1412 1606 1478 Λόγου
1659 1403 1816 1459 δυνά-

217 1512 341 1564 μεως
401 1492 501 1547 οὐκ
557 1492 618 1546 ἂν
666 1492 858 1565 ίγένετο
914 1503 1013 1547 τῶν
1060 1515 1116 1549 τε
1158 1495 1506 1549 ἀσθενούντων
1560 1499 1591 1555 ἠ
1655 1498 1816 1570 ῥῶσις

219 1587 303 1634 καὶ
344 1590 446 1633 τῶν
478 1584 768 1635 τεθνεώτων
810 1586 843 1643 ἡ
886 1584 1208 1646 ζωοποίησις
1242 1605 1252 1614 ·
1289 1583 1424 1657 δίχα
1454 1583 1514 1639 δὲ
1560 1595 1658 1649 τῆς
1689 1585 1817 1643 ἰιλη-

1920 425 2224 481 transferri
2274 442 2445 498 puer,
2477 430 2534 482 et
2580 425 2658 482 ab
2688 426 2933 485 Herodis
2962 427 3378 498 persecutione
3425 426 3569 482 sub-

1921 515 2082 570 duci.
2114 514 2252 571 Sine
2277 514 2450 571 Verbi
2497 515 2763 588 potentia
2792 530 2915 571 non
2944 515 3167 572 diceret
3216 531 3335 571 vox
3375 514 3569 571 Patris

1922 604 2105 675 missa
2129 605 2204 661 de
2225 604 2407 661 caelo:
2430 605 2548 662 Hic
2573 611 2659 661 est
2671 605 2863 661 Filius
2892 620 3054 662 meus
3084 605 3430 672 dilectus,in
3451 620 3568 677 quo

1918 695 2070 750 mihi
2092 694 2233 750 bene
2263 695 2655 763 complacui“
2675 712 2688 764 ;
2712 696 2770 749 et
2791 693 2915 749 sine
2945 693 3188 750 veritate
3219 692 3417 751 carnis
3443 707 3569 749 non

1922 787 2346 855 protestaretur
2374 782 2636 838 Joannes
2666 799 2680 837 :
2712 782 2866 839 Ecce
2908 784 3101 853 Agnus
3139 784 3267 849 Dei,
3307 797 3438 839 ecce
3465 781 3572 855 qui

1924 873 2084 929 tollit
2113 877 2362 942 peccata
2408 872 2623 928 mundi
2640 872 2708 928 ³⁵.
2745 871 2879 927 Sine
2920 871 3097 927 Verbi
3133 871 3401 944 potentia
3443 885 3569 926 non

1921 960 2085 1016 fieret
2142 961 2572 1031 redintegratio
2620 960 2936 1031 debilium,
2980 965 3037 1018 et
3065 960 3379 1016 viviﬁcatio
3412 975 3571 1016 mor-

1923 1055 2162 1106 tuorum
2188 1067 2201 1116 ;
2230 1056 2287 1106 et
2316 1051 2441 1106 sine
2466 1051 2710 1107 veritate
2737 1050 2931 1106 carnis
2964 1066 3074 1106 nec
3125 1049 3296 1106 cibus
3336 1048 3566 1121 jejuno,

1922 1156 2033 1196 nec
2060 1157 2309 1195 somnus
2349 1146 2507 1196 esset
2534 1140 2914 1196 necessarius
2947 1139 3218 1210 fatigato.
3264 1142 3571 1196 Postremo

1924 1230 2049 1285 sine
2083 1230 2255 1285 Verbi
2289 1230 2554 1302 potentia
2599 1245 2724 1286 non
2767 1243 2833 1285 se
2887 1228 3172 1285 Dominus
3201 1229 3361 1285 Patri
3388 1229 3574 1301 proﬁ-

1922 1323 2144 1375 teretur
2172 1317 2501 1390 sequalem;
2533 1322 2591 1374 et
2616 1318 2744 1373 sine
2765 1318 3011 1373 veritate
3040 1317 3238 1373 carnis
3262 1333 3385 1373 non
3409 1318 3572 1375 idem

1924 1407 2145 1464 diceret
2173 1410 2405 1463 Patrem
2455 1423 2519 1462 se
2547 1422 2678 1463 esse
2715 1407 3012 1479 majorem
3045 1424 3059 1463 :
3109 1423 3246 1463 cum
3279 1407 3574 1464 catholica

1923 1496 2075 1551 ﬁdes
2109 1503 2431 1568 utrumque
2461 1496 2764 1569 suscipiat,
2779 1500 3100 1569 utrumque
3126 1495 3571 1570 defendat,qua3

1927 1586 2261 1642 secundum
2289 1585 2730 1641 confessionem
2746 1585 2906 1641 beati
2931 1584 3187 1657 apostoli
3205 1587 3570 1656 Petri,unum

221 1672 355 1732 θείας
401 1678 505 1731 τῆς
565 1676 761 1745 σαρκός
816 1676 936 1726 οὔτε
986 1679 1148 1746 τροφή
1201 1683 1275 1745 τῷ
1326 1678 1647 1743 νηστεύοντι,
1704 1680 1815 1729 οὔτε

1927 1676 2224 1731 Christum
2258 1674 2355 1729 Dei
2414 1674 2530 1730 vivi
2564 1673 2792 1741 Filium,
2831 1678 2891 1729 et
2916 1673 3227 1729 hominem
3282 1673 3471 1730 credit
3516 1678 3574 1731 et

220 1763 315 1829 μὴν
368 1759 534 1821 ὕπνος
573 1758 858 1831 ἀναγκαῖος
898 1763 1137 1835 ὑπῆρχεν
1199 1772 1271 1835 τῷ
1329 1767 1660 1820 κοπιάσαντι.
1718 1771 1818 1818 Καὶ

219 1851 272 1900 τὸ
309 1845 380 1906 δὴ
431 1852 594 1923 πέρας
617 1845 757 1921 δίχα
802 1853 893 1923 μὲν
936 1860 1029 1914 τῆς
1066 1860 1159 1905 τοῦ
1190 1857 1364 1925 Λόγου
1407 1851 1669 1927 δυνάμεως
1723 1853 1819 1906 οὐκ

219 1935 277 1987 ἂν
320 1937 511 1990 ἑαυτὸν
576 1939 602 1991 6
663 1941 852 2013 Κύριος
923 1943 1039 1993 ἶσον
1111 1949 1185 2012 τῷ
1261 1946 1442 2015 Πατρὶς
1489 1946 1822 2015 τυγχάνοντα

219 2026 471 2098 ὡμολόγει
498 2043 516 2057 ⁸
576 2023 716 2098 δίχα
762 2025 824 2082 δὲ
863 2038 954 2091 τῆς
1009 2028 1248 2092 ἀληθείας
1292 2050 1384 2084 του
1444 2038 1684 2105 σώματος
1725 2033 1819 2086 οὐκ

221 2113 275 2165 ἂν
312 2117 339 2166 6
379 2115 573 2177 ἑαυτός
594 2116 729 2187 ἔλεγε
769 2118 987 2190 μείζονα
1024 2117 1154 2171 εἶναι
1197 2119 1382 2173 ἑαυτοῦ
1431 2124 1520 2173 τόν
1561 2126 1768 2196 Πατέρα
1799 2138 1814 2154 ⁶

219 2204 361 2256 ὁπότε
415 2209 511 2257 καὶ
549 2206 580 2263 ἡ
624 2205 877 2265 καθολικὴ
918 2213 1096 2269 πίστις
1150 2209 1389 2284 ἑκάτερον
1429 2207 1666 2282 δέχεται,
1725 2217 1816 2265 καὶ

220 2291 449 2368 ἕκεὶτερον
495 2292 717 2366 ἑκδικεί,
761 2300 877 2359 ἣτις
927 2303 1061 2350 κατά
1106 2304 1202 2357 τὴν
1245 2299 1523 2372 ὁμολογίαν
1573 2310 1667 2354 τοῦ
1709 2323 1816 2375 μα-

218 2388 391 2455 καρίου
424 2382 722 2437 ἀποστόλου
776 2389 998 2458 Πέτρου,
1052 2388 1140 2440 ἕνα
1176 2392 1409 2463 Χριστόν
1458 2393 1547 2441 τόν
1576 2393 1694 2443 Υίὸν
1725 2399 1816 2444 τοῦ

1925 1767 2204 1825 Verbum.
2247 1763 2533 1831 Quamvis
2579 1763 2781 1835 itaque
2827 1761 2907 1820 ab
2953 1761 3055 1818 illo
3100 1762 3285 1834 initio,
3334 1778 3458 1835 quo
3505 1763 3571 1820 in

1927 1862 2095 1913 utero
2123 1853 2374 1924 virginis
2395 1852 2662 1907 Verbum
2691 1867 2832 1908 caro
2870 1850 3095 1907 factum
3137 1856 3246 1918 est,
3273 1852 3421 1907 nihil
3462 1867 3572 1907 un-

1926 1961 2105 2019 quam
2134 1945 2284 2000 inter
2304 1945 2624 2012 utramque
2642 1939 2900 1995 formam
2928 1939 3236 1995 divisionis
3264 1940 3570 2011 exstiterit,

1927 2041 1986 2092 et
2010 2049 2118 2107 per
2149 2031 2359 2090 omnia
2386 2031 2755 2085 incrementa
2774 2043 3063 2100 corporea
3092 2027 3268 2083 unius
3296 2043 3573 2100 personas

1925 2124 2145 2181 fuerint
2171 2120 2349 2177 totius
2402 2116 2692 2190 temporis
2730 2116 3032 2182 actiones;
3068 2131 3144 2172 ea
3187 2115 3318 2188 ipsa
3347 2119 3571 2186 tamen,

1925 2230 2063 2287 quas
2099 2209 2577 2283 inseparabiliter
2599 2207 2759 2264 facta
2806 2210 2966 2275 sunt,
2990 2204 3160 2263 nulla
3187 2206 3574 2278 permistione

1926 2300 2389 2367 contundimus;
2444 2297 2553 2354 sed
2591 2297 2765 2369 cujus
2815 2296 3022 2353 formae
3073 2296 3168 2366 sit,
3214 2311 3290 2353 ex
3322 2311 3576 2369 operum

1924 2392 2209 2466 qualitate
2231 2388 2540 2445 sentimus.

217 2477 341 2523 Θεοῦ
376 2481 471 2525 τοῦ
511 2474 728 2541 ζῶντος,
767 2479 859 2527 καὶ
887 2476 1157 2550 ἄνθρωπον
1175 2479 1410 2533 πιστεύει
1437 2484 1527 2531 καὶ
1566 2484 1753 2550 Λόγον.
1789 2481 1848 2534 Εἰ
1867 2488 1957 2535 καὶ
1985 2484 2052 2533 τὰ
2089 2479 2324 2553 μάλιστα
2351 2483 2522 2530 τοίνυν
2548 2475 2603 2538 ἐξ
2639 2474 2829 2536 ἕκείνης
2858 2483 2953 2537 τῆς
2982 2473 3128 2548 ἀρχῆ
3141 2494 3183 2541 ς,
3211 2472 3298 2548 ἀφ’
3324 2474 3389 2535 ἧς
3425 2473 3476 2527 ὶν
3504 2483 3568 2535 τῆ

218 2567 406 2637 γαστρί
442 2570 538 2623 τῆς
587 2565 857 2636 Παρθένου
897 2565 924 2616 6
956 2569 1125 2636 Λόγος
1159 2568 1308 2637 γέγνε
1349 2566 1502 2639 σὰρξ,
1534 2568 1674 2620 τουτ’
1705 2571 1819 2622 ἔστι
1862 2573 2035 2643 σάρκα
2063 2567 2258 2637 ἔλαϐεν,
2298 2564 2399 2620 οὐδ
2426 2569 2507 2619 ὃτι
2534 2563 2623 2618 οὖν
2670 2562 2732 2623 ἧν
2764 2560 3072 2640 διαιρέσεως
3103 2563 3298 2636 μεταξὺ
3339 2570 3433 2625 τῆς
3457 2565 3570 2617 ἕκα-

219 2654 358 2723 τίρας
384 2661 592 2725 μορφῆς
623 2670 639 2683 θ
677 2657 768 2705 καὶ
802 2650 877 2706 δι’
920 2653 1128 2715 ἁπάσης
1158 2655 1427 2717 αὐξήσεως
1475 2666 1797 2730 σωματικῆς,
1852 2660 1959 2722 ἑνὸς
1996 2664 2281 2734 προσώπου
2331 2659 2386 2709 αἱ
2421 2675 2515 2709 του
2551 2658 2739 2715 παντὸς
2772 2658 2968 2726 χρόνου
2998 2652 3211 2727 πράξεις
3247 2656 3521 2724 γεγόνασιν
3552 2667 3568 2683 ⁰

222 2738 346 2809 ὅμως
385 2741 521 2793 αὐτὰ
558 2762 747 2808 ταυτα,
789 2742 922 2817 άπερ
951 2741 1263 2816 ἀχωρίστως
1287 2749 1576 2816 γεγένηται,
1602 2748 1721 2798 κατ’
1749 2744 1999 2823 οὐδεμίαν
2030 2746 2292 2820 ἐπιμιξίαν
2321 2748 2613 2817 συγχέομεν
2646 2759 2659 2773 ⁸
2688 2742 2819 2795 ἀλλὰ
2841 2746 2998 2804 ποίας
3024 2744 3103 2800 εἴη
3134 2749 3359 2815 μορφῆς,
3391 2739 3446 2792 εκ
3474 2747 3537 2799 τῆ
3548 2759 3570 2802 ς

222 2835 315 2878 τῶν
352 2832 508 2903 ἔργων
539 2838 821 2892 ποιότητος
861 2832 1237 2904 αἰσθανόμεθα.

224 2931 523 2989 Ἀθανασίου
582 2937 876 2991 ἐπισκόπου
933 2936 1328 3015 Ἀλεξαρδριίας
1392 2948 1485 2993 τοῦ
1554 2942 1814 3015 ὁμολογη-

888 3047 981 3079 του
1009 3029 1143 3099 (25).

282 3130 370 3186 κε’.
422 3130 590 3185 Ὀσαι
651 3138 824 3186 τοίνυν
876 3139 1117 3187 ταπειναί
1177 3134 1333 3199 λέξεις
1389 3141 1478 3189 καὶ
1541 3139 1685 3210 ἥογα,
1747 3137 1815 3198 εἰς

213 3221 270 3269 1'6
298 3228 452 3291 σῶμα
489 3228 586 3273 τοῦ
636 3224 761 3275 Υἱοῦ
813 3227 1151 3297 γεγραμμένα
1186 3228 1288 3276 νόει
1323 3241 1336 3253 ⁸
1393 3226 1494 3277 ὅσα
1533 3221 1592 3277 δὲ
1630 3222 1817 3288 ἔνδοξα

212 3310 511 3381 γράμματα,
569 3310 641 3372 εἰς
684 3316 779 3369 τὴν
832 3320 925 3363 τον
958 3316 1131 3383 Λόγου
1187 3314 1422 3371 θεότητα.
1452 3312 1613 3366 Ὀταν
1664 3321 1817 3386 πεινᾲ

208 3400 336 3467 μετὰ
387 3401 447 3449 νό
504 3408 814 3471 νηστεῦσαι,
869 3407 963 3452 τοῦ
1013 3408 1251 3473 σώματος
1307 3401 1617 3476 ἐλάττωμα·
1664 3404 1817 3461 ἡνίκα

212 3481 269 3536 δε
341 3486 397 3538 ἐκ
474 3493 623 3541 πέντε
676 3492 847 3564 ἄρτων
908 3493 1024 3550 τοὺς
1077 3495 1309 3552 πεντάκις
1364 3490 1571 3564 χιλίους
1620 3488 1814 3564 ἄνδρας

209 3583 373 3648 χωρὶς
446 3572 679 3630 παιδίων
734 3583 827 3630 καὶ
883 3588 1140 3649 γυναικῶν
1194 3583 1384 3654 τρέφει,
1439 3585 1528 3633 καὶ
1602 3576 1815 3633 δώδεκα

209 3672 450 3736 κοφίνους
509 3668 725 3741 πλήρεις
785 3668 1099 3740 κλασμάτων
1167 3673 1486 3744 περισσεύει,
1553 3678 1647 3732 τῆς
1708 3672 1812 3723 θεό-

209 3772 361 3818 τητος
414 3764 515 3809 τοῦ
572 3761 745 3827 Λόγου
803 3760 863 3808 τό
902 3758 1066 3828 ἔργον.
1104 3756 1286 3809 Ἠνίκα
1325 3754 1384 3809 δὲ
1435 3756 1520 3810 ἐπὶ
1556 3761 1614 3810 1'6
1650 3778 1812 3833 προσ-

206 3845 482 3915 κεφάλαιον
540 3845 593 3898 ἓν
648 3854 721 3915 τῷ
777 3845 942 3917 πλοίῳ
980 3852 1245 3918 κοιμᾶται,
1307 3845 1647 3908 ἀναπαύσεως
1704 3866 1813 3900 σω-

208 3943 434 4003 ματικῆς
494 3937 641 4007 ξογον
675 3956 687 3967 ·
748 3936 871 3986 ὅταν
923 3942 1216 4008 περιπατῶν
1257 3934 1339 3986 ἐπὶ
1390 3943 1484 3997 τῆς
1543 3935 1816 3997 θαλάσσης

209 4020 383 4096 ἀπειλῇ
446 4032 559 4085 τοῖς
607 4043 812 4096 κυμασι
848 4028 943 4075 καὶ
990 4031 1099 4083 τοῖς
1156 4022 1381 4093 ἀνέμοις,
1424 4029 1617 4091 Σιώπα,
1659 4028 1813 4095 πεφί-

208 4132 369 4180 μωσο,
435 4112 592 4173 εὐθὺς
652 4110 829 4165 ἀκούει
880 4114 1027 4186 παρὰ
1080 4120 1180 4163 τῶν
1236 4110 1285 4164 ἄν
1338 4121 1410 4182 τῷ
1469 4111 1632 4184 πλοίῳ
1684 4115 1814 4184 μεθ-

208 4201 365 4273 ὅρκων
413 4201 833 4275 ὁμολογούντων,
889 4199 1124 4262 ’Δληθώς
1187 4208 1322 4253 Θεοῦ
1374 4203 1494 4263 Υἱός
1548 4200 1612 4257 εἶ.
1653 4201 1814 4255 Ὀταν

209 4291 365 4351 ἑστὼς
438 4294 572 4364 πρὸς
644 4298 719 4361 τῷ
793 4294 1029 4361 μνήματι
1106 4289 1355 4362 Λαζάρου
1428 4287 1655 4365 δακρύῃ,
1724 4295 1816 4344 καὶ

211 4382 431 4440 ὁπηνίκα
490 4383 729 4451 πάσχειν
779 4378 968 4451 ἔμελλε,
1177 4397 1189 4409 ⁶
1252 4380 1539 4455 Περίλυπός
1591 4380 1731 4433 ἔστιν
1781 4384 1810 4441 ἠ

212 4468 360 4540 ’ξιυχή
412 4490 514 4542 μου
573 4470 664 4531 ἕως
715 4470 963 4533 θανάτου,
1005 4473 1094 4521 καὶ
1152 4466 1390 4542 ἀδημονῇ
1425 4483 1442 4501 ⁸
1490 4475 1581 4523 καὶ
1629 4474 1689 4523 τὸ
1726 4474 1817 4541 μὶν

216 4567 409 4631 πνεῦμα
434 4567 528 4620 τῆς
555 4561 803 4618 θεότητος
821 4558 1091 4630 πρόθυμον
1112 4557 1181 4619 είς
1209 4564 1385 4610 πᾶσαν
1414 4558 1709 4631 οἰκονομίαν
1738 4558 1817 4611 λέ-

221 4665 304 4717 η,
334 4654 424 4707 τὴν
464 4644 525 4702 δὲ
570 4650 747 4721 σάρκα
787 4645 1008 4717 ἀσθενῇ,
1040 4653 1132 4698 τοῦ
1171 4652 1411 4719 σώματος
1457 4645 1713 4714 ἀσθένεια,
1757 4651 1816 4699 τό

222 4732 480 4792 λυπεῖσθαι
532 4742 628 4791 καὶ
685 4733 978 4808 ἀδημονεῖν
1011 4751 1023 4763 ·
1093 4736 1214 4787 ὅταν
1273 4735 1609 4797 κελευστικῶς
1666 4736 1812 4809 λέγῃ,

230 4825 433 4900 Λάζαρε,
471 4824 629 4901 δεῦρο
666 4826 789 4890 ἔξω,
819 4827 917 4875 καὶ
946 4820 1132 4881 ἀνίστη
1166 4824 1267 4884 ζῶν
1314 4826 1341 4875 6
1377 4828 1555 4897 νεκρός
1591 4829 1816 4900 τετραή-

230 4930 358 4987 μρος
383 4914 485 4977 ἤδη
516 4917 791 4989 λελυμένος
825 4912 880 4979 (ὃ
904 4912 1000 4964 οὐκ
1028 4911 1221 4983 ἐγένετο
1260 4912 1349 4966 ἀπ’
1376 4911 1551 4987 ἀρχῆς
1572 4921 1669 4976 τῆς
1698 4918 1816 4966 κτίο

234 5009 374 5075 πως).
402 5016 490 5071 τῆς
518 5011 768 5065 θεότητος
797 5005 862 5055 τὸ
903 5008 1140 5072 σημεῖον.

266 5186 308 5223 ³⁵
333 5186 536 5247 Matth.
574 5203 669 5251 ιιι,
704 5188 772 5239 l7
805 5197 823 5248 ;
866 5193 1032 5243 xvm,
1061 5181 1112 5233 5.
1190 5178 1238 5215 ’⁵
1270 5180 1439 5235 Joan.
1470 5176 1515 5242 I,
1545 5182 1636 5234 29.

212 5438 220 5445 .
246 5361 802 5450 (25)_5€9".‘?““b9§
817 5351 1058 5450 ,εὲξηίὲίδ
1080 5352 1654 5450 ¹.θ.εξ⁴ἱῖί.³,¹ἓςθὲἓ“ὲ,ίξὲ
1682 5369 1821 5450 fRB‘

183 5423 272 5508 rio,
304 5423 386 5500 iii
401 5423 667 5503 dicitur,
715 5440 923 5508 opere
972 5423 1656 5508 S_._‘A_thanasii_de'ﬁde
1681 5423 1814 5508 sua,

173 5492 551 5597 «1566:3133
572 5492 827 5567 Latinio
850 5499 922 5553 in
952 5492 1090 5549 edit.
1119 5496 1368 5552 Maurin.
1398 5498 1441 5551 t.
1483 5494 1554 5565 II,
1594 5509 1656 5567 p.
1689 5497 1812 5552 629.

1993 2944 2055 2999 S.
2094 2942 2407 3000 Athanasii
2429 2940 2682 3009 episcopi
2703 2936 3103 2994 Alexandrini
3126 2935 3499 3006 confessoris.

1993 3144 2082 3195 25.
2114 3139 2372 3192 Cunctas
2401 3134 2581 3205 igitur
2600 3131 2860 3189 humiles
2889 3130 3179 3187 dictiones
3199 3129 3274 3186 de
3293 3128 3419 3185 Filii
3448 3144 3574 3185 cor-

1921 3244 2066 3300 pore
2095 3227 2345 3298 scriptas
2375 3223 2684 3280 existima:
2719 3220 3011 3292 gloriosas
3055 3223 3258 3276 autem
3286 3217 3576 3274 dictiones

1923 3316 2003 3373 ad
2028 3314 2208 3370 Verbi
2237 3313 2606 3369 divinitatem
2638 3309 2810 3367 refer.
2862 3313 3008 3367 Cum
3048 3308 3235 3364 esurit
3263 3313 3398 3382 post
3419 3306 3575 3379 jeju—

1922 3404 2112 3471 nium,
2145 3401 2413 3476 corporis
2454 3406 2540 3457 est
2588 3398 2905 3455 inﬁrmitas
2920 3417 2939 3470 ;
2990 3413 3128 3455 cum
3172 3402 3373 3455 autem
3401 3394 3576 3469 quin-

1922 3510 2040 3567 que
2062 3493 2321 3566 panibus
2348 3491 2612 3547 virorum
2637 3489 2903 3562 quinque
2930 3487 3137 3557 millia,
3168 3486 3400 3561 absque
3428 3500 3574 3560 pue-

1921 3583 2002 3638 ris
2035 3580 2525 3653 mulieribusque,
2558 3583 2806 3644 saturat,
2841 3582 2899 3634 et
2927 3577 3249 3633 duodecim
3279 3575 3574 3648 cophinos

1922 3671 2274 3741 fragmentis
2306 3669 2535 3742 implet,
2560 3669 2674 3725 hoc
2699 3684 2736 3724 a
2755 3666 2927 3723 Verbi
2956 3666 3264 3723 divinitate
3283 3663 3570 3737 procedit.

1925 3761 2070 3816 Cum
2096 3761 2159 3816 in
2184 3760 2323 3815 navi
2362 3759 2553 3832 capite
2599 3756 2889 3813 reclinato
2935 3755 3176 3819 dormit,
3206 3754 3267 3808 id
3298 3766 3575 3823 corpora-

1921 3848 1995 3904 lis
2024 3849 2253 3921 requiei
2300 3846 2611 3919 prOprium
2650 3849 2738 3900 est
2770 3861 2784 3899 :
2830 3859 2971 3899 cum
3024 3849 3224 3898 autem
3254 3838 3576 3895 ambulans

1923 3953 2106 4009 supra
2128 3954 2294 3993 mare
2314 3935 2597 3991 ﬂuctibus
2618 3932 2929 4004 ventisque
2957 3931 3262 4002 imperans
3285 3927 3366 3983 ait
3392 3944 3406 3982 :
3429 3926 3573 3995 Sile,

1922 4029 2273 4094 obmutesce,
2317 4025 2514 4079 statim
2547 4021 2713 4077 audit
2738 4018 2911 4075 navis
2949 4018 3144 4074 socios
3182 4033 3322 4072 cum
3379 4031 3576 4072 sacra-

1924 4120 2128 4171 mento
2151 4113 2520 4169 afﬁrmantes
2545 4126 2558 4163 :
2599 4111 2743 4166 Vere
2764 4108 2958 4165 Filius
2987 4107 3098 4163 Dei
3135 4121 3193 4163 es
3209 4108 3278 4161 ²⁶.
3310 4107 3459 4162 Cum
3490 4119 3578 4159 se-

1924 4204 2132 4276 pulcro
2162 4201 2367 4256 Lazari
2398 4203 2606 4255 astans
2636 4197 3037 4269 lacrymatur;
3061 4198 3115 4251 et
3141 4211 3280 4251 cum
3308 4192 3578 4267 passioni

1924 4292 2238 4365 proximus
2278 4290 2419 4345 dicit
2451 4306 2464 4344 :
2520 4289 2728 4343 Tristis
2754 4293 2838 4343 est
2879 4287 3089 4343 anima
3119 4300 3245 4342 mea
3274 4298 3460 4356 usque
3496 4282 3579 4339 ad

1928 4388 2172 4439 mortem
2201 4386 2378 4452 atque
2408 4378 2646 4446 taediat;
2697 4382 2754 4433 et
2780 4375 3106 4431 divinitatis
3133 4374 3382 4447 quidem
3408 4371 3578 4443 spiri-

1926 4474 2055 4526 tum
2084 4469 2163 4525 ad
2192 4482 2371 4525 omne
2392 4482 2546 4538 opus
2574 4464 3002 4521 incarnationis
3029 4467 3309 4537 paratum
3339 4461 3577 4528 ait,car-

1925 4574 2066 4613 nem
2118 4560 2319 4612 autem
2349 4554 2688 4621 inﬁrmam;
2727 4553 2857 4609 haec
2890 4556 2983 4607 est
3012 4551 3281 4607 videlicet
3309 4548 3577 4621 corporis

1926 4646 2261 4711 inﬁrmitas,
2301 4660 2435 4716 quae
2478 4643 2744 4699 tristatur
2770 4646 2951 4714 atque
2979 4639 3214 4707 tasdiat;
3248 4654 3385 4694 cum
3435 4652 3575 4692 vero

1924 4732 2279 4806 imperative
2325 4732 2513 4788 dicit:
2553 4732 2800 4798 Lazare,
2850 4731 2983 4787 veni
3023 4728 3218 4798 foras,
3264 4724 3575 4795 surgitque

1922 4821 2222 4878 redivivus
2250 4821 2357 4894 qui
2407 4820 2849 4893 quatriduanus
2886 4819 3017 4889 jam
3064 4815 3309 4872 faatcbat
3350 4811 3581 4883 (cujus-

1923 4911 2091 4967 modi
2114 4927 2209 4966 res
2231 4910 2311 4966 ab
2324 4909 2471 4966 orbe
2492 4909 2735 4965 condito
2754 4921 3071 4980 nunquam
3092 4899 3578 4973 acciderat),hmc

1926 5000 2254 5057 divinitatis
2283 4998 2719 5056 demonstratio
2743 5001 2853 5053 est.

1713 5178 1762 5213 ⁸⁸
1788 5178 1965 5232 Marc.
2001 5193 2077 5246 IV,
2110 5180 2198 5232 39.

1927 5326 2073 5408 Item
2101 5351 2275 5424 paria
2292 5348 2477 5424 habet
2504 5346 2739 5424 Nicetas
2760 5341 3156 5424 Aquileiensis
3182 5341 3245 5396 in
3272 5333 3577 5413 opusculo

1924 5424 2011 5480 De
2037 5412 2273 5481 ratione
2301 5421 2439 5490 ﬁdei
2465 5434 2503 5474 a
2527 5432 2624 5473 me
2652 5412 2980 5485 divulgato.
3562 5422 3569 5445 ~‘
