4126 6272
502 277 607 330 223

1847 261 2118 322 NICETE
2156 259 2531 319 CHONIATE

3759 215 3864 314 εει

503 398 566 454 S.
600 395 819 468 Cyrilli
860 408 936 452 ea:
967 393 1117 450 libro
1164 407 1323 472 nono
1351 392 1546 472 operis
1585 391 1658 449 de
1697 391 2052 449 adoratione
2101 389 2165 445 in

2290 391 2375 441 Γοῦ
2405 385 2558 460 ἁγίου
2603 383 2856 458 Κυρίλλου
2915 381 3015 472 ἀπό
3061 391 3153 438 τοῦ
3193 383 3399 438 ίννάτου
3422 383 3600 472 ’λόγου
3631 387 3721 436 τοῦ
3749 390 3868 458 περὶ

1215 465 1454 534 spiritu.

577 582 667 636 26.
699 579 829 632 Non
861 574 1038 646 igitur
1079 589 1322 652 aequare
1371 571 1588 646 poterit
1625 569 1948 628 divinitatis
1979 567 2165 625 excel-

506 665 752 724 lentiam
775 665 1046 725 humana
1071 669 1287 722 natura
1314 681 1326 732 ;
1358 661 1418 718 id
1447 662 1607 718 enim
1631 661 1759 719 fieri
1787 661 2032 716 minime
2063 673 2168 732 Ρο-

508 761 638 818 test.
663 759 888 829 Itaque,
919 759 985 811 ut
1008 755 1113 828 qui
1142 754 1334 814 nostri
1355 753 1563 810 similis
1595 753 1786 808 factus
1811 755 1983 822 esset,
2011 751 2166 807 talis-

510 861 630 922 que
667 845 1110 916 intelligeretur,
1143 842 1383 901 dicebat
1413 860 1425 902 :
1463 843 1648 899 Pater
1698 843 1894 911 major
1921 857 2013 898 me
2061 846 2164 908 est,

515 951 654 992 cum
685 939 887 991 tamen
916 935 1078 990 idem
1104 950 1176 990 ex
1206 939 1421 991 natura
1441 933 1766 988 divinitatis
1790 932 2040 1008 aequalis
2073 931 2164 1002 sit,

513 1029 570 1083 et
599 1024 785 1084 nihilo
807 1023 1051 1081 inferior
1077 1023 1423 1080 excellentia
1455 1022 1764 1080 Genitoris.

1169 1131 1228 1188 ις.
1259 1131 1504 1202 Cyrilli.

527 1293 546 1304 ,,
583 1243 671 1298 27.
701 1243 906 1297 Nonne
936 1239 1010 1295 de
1042 1239 1178 1311 ipso
1211 1238 1494 1310 scriptum
1533 1241 1622 1294 est
1653 1237 1989 1294 inferiorem
2015 1253 2164 1304 esse,

514 1329 681 1404 quod
724 1329 803 1385 ad
839 1329 1274 1385 humanitatem
1307 1328 1534 1390 attinet,
1562 1331 1884 1399 praestante
1929 1327 2169 1396 angelo-

513 1434 650 1475 rum
679 1423 929 1483 natura;
952 1417 1226 1488 infraque
1251 1418 1468 1472 horum
1496 1416 1749 1484 gloriam
1771 1416 1953 1488 paulo
1977 1419 2170 1473 mino-

515 1506 763 1563 ratum?
802 1509 886 1562 Ita
916 1510 1020 1560 est.
1058 1505 1210 1561 Dixit
1257 1506 1416 1560 enim
1447 1505 1670 1560 Paulus
1705 1521 1718 1559 :
1769 1506 1923 1561 Eum
1971 1511 2168 1562 autem

518 1599 622 1669 qui
640 1598 871 1654 modico
894 1611 1072 1668 quam
1099 1597 1303 1666 angeli
1324 1598 1658 1652 minm‘atus
1676 1601 1778 1662 est,
1793 1597 2058 1652 videmus
2077 1599 2170 1654 Je-

517 1701 667 1750 sum,
695 1691 940 1754 propter
971 1688 1305 1754 passionem
1339 1687 1568 1752 mortis,
1622 1687 1822 1755 gloria
1866 1693 1920 1742 et
1949 1687 2172 1744 honore

519 1782 888 1832 coro-natum.
919 1777 992 1830 At
1019 1774 1164 1846 quid
1207 1791 1405 1832 causa;
1437 1775 1532 1840 sit,
1568 1791 1674 1830 cur
1706 1775 1842 1832 licet
1885 1781 2173 1848 praestan-

519 1864 732 1921 tiorem
771 1869 1052 1920 naturam
1079 1865 1236 1920 nacti
1267 1880 1542 1936 supernae
1575 1864 1826 1921 civitatis
1855 1865 2086 1933 incolae,
2119 1871 2176 1924 et

521 1953 849 2010 certissima
872 1958 1050 2026 atque
1075 1953 1418 2010 indubitata
1441 1969 1690 2026 prorsus
1715 1955 1814 2010 Dei
1832 1956 2175 2024 cognitione

518 2043 770 2115 praediti,
804 2042 974 2099 illum
1006 2044 1110 2115 qui
1141 2047 1355 2099 natura
1395 2042 1634 2098 inferior
1663 2050 1770 2110 est,
1804 2049 1861 2101 et
1904 2043 2176 2118 ipsorum

522 2131 718 2201 gloriae
741 2131 917 2191 cedit.
945 2131 1326 2188 adorandum
1357 2131 1619 2202 fecerint,
1652 2149 1904 2205 expone,
1947 2151 2174 2206 quasso.

526 2221 818 2294 Equidem
871 2226 986 2277 tum
1009 2221 1136 2292 jam
1170 2225 1309 2277 sunt
1355 2222 1449 2278 hae
1503 2227 1720 2294 partes.
1757 2223 1956 2291 Igitur,
1994 2223 2044 2278 si
2091 2228 2180 2280 est

519 2293 682 2365 idem
717 2313 773 2366 ct
801 2309 1047 2366 inferior
1077 2310 1273 2376 simul,
1307 2313 1364 2366 et
1391 2293 1949 2382 incomparabiliter
1990 2315 2181 2370 excel-

522 2397 670 2460 lens,
701 2397 874 2454 facile
905 2398 1240 2453 tribuemus
1262 2398 1618 2454 humanitati
1649 2399 1711 2454 id
1740 2400 1905 2472 quod
1929 2401 2177 2457 inferius

527 2489 634 2554 est,
663 2485 826 2557 quod
857 2486 918 2541 in
959 2501 1096 2542 eam
1125 2502 1390 2556 congrue
1419 2487 1577 2543 cadit
1602 2488 1882 2558 (multum
1912 2491 2070 2545 enim
2091 2491 2177 2546 di-

526 2578 640 2630 stat
671 2575 748 2629 ab
779 2574 1007 2644 angelis
1036 2579 1252 2631 natura
1289 2575 1613 2643 hominis):
1646 2576 1849 2633 deitati
1877 2593 2021 2634 vero
2051 2595 2178 2636 om-

526 2663 628 2720 nia
655 2663 979 2735 superanti,
1017 2666 1464 2736 supereminere
1508 2670 1564 2722 et
1603 2666 1784 2722 attolli
1844 2685 2030 2740 supra
2081 2686 2176 2724 res

527 2757 843 2821 creatas,et
871 2753 1024 2810 ultra
1053 2769 1297 2810 omnem
1323 2755 1676 2811 rationalem
1699 2756 2096 2814 substantiam
2120 2763 2176 2816 et

529 2857 708 2898 omne
739 2857 960 2898 nomen
990 2843 1156 2914 quod
1185 2843 1552 2909 nominatur,
1578 2844 2044 2903 substantialiter
2072 2863 2173 2904 ex-

527 2929 736 2986 cedere
765 2931 1187 2987 concedemus.
1222 2931 1326 2987 Sin
1354 2937 1552 2988 autem
1581 2934 1758 2990 etiam
1792 2935 2024 3008 absque
2051 2951 2174 2992 car-

527 3023 690 3101 ne,et
717 3019 991 3075 nondum
1023 3020 1559 3076 humanitativelut
1588 3023 1875 3079 insertum
1895 3025 2174 3081 Verbum-

2511 465 2606 519 τῆς
2637 454 2692 508 ἓν
2713 459 2968 530 πνεύματι
2985 456 3238 534 λατρείας.
3265 463 3387 530 Κεφ.
3491 454 3623 526 (26).

2343 563 2444 626 κζ’.
2477 560 2678 618 Οὐκοῦν
2707 564 2802 617 οὐκ
2831 563 3167 624 ἰσοστατήσει
3194 572 3284 626 τῆς
3317 565 3552 625 θεότητος
3581 563 3872 634 ὑπεροχαῖς

2273 655 2332 707 τὸ
2373 652 2688 728 ἀνθρώπινον
2720 675 2733 687 ·
2792 652 2982 707 πολλοῦ
3037 673 3098 726 γε
3153 658 3242 707 καὶ
3301 649 3400 706 δεῖ.
3456 654 3738 726 Τοιγάρτοι
3781 652 3874 702 xui

2273 744 2492 816 ἔφασκεν
2515 746 2583 805 ὡς
2603 741 2721 796 καθ’
2743 745 2772 802 ἡ
2779 749 2882 816 μᾶς
2909 747 3126 816 γεγονὼς
3151 747 3245 798 καὶ
3277 744 3570 815 νοούμενος·
3597 739 3656 792 Ὀ
3687 743 3871 812 Πατήρ

2273 851 2373 905 μου
2414 833 2603 904 μείζων
2634 834 2734 908 μού
2765 830 2898 900 ἐστι,
2941 837 3112 885 καίτοι
3141 833 3277 886 κατὰ
3301 834 3455 904 φύσιν
3483 832 3720 890 θεότητος
3753 828 3874 880 ἰσο-

2273 925 2468 995 μέτρως
2499 923 2657 994 ἔχων,
2702 925 2786 974 κοιὶ
2814 929 2907 986 τῆς
2940 928 3032 975 τοῦ
3068 925 3302 985 τίκοντος
3329 921 3599 996 ὑπεροχῆς
3635 916 3743 991 οὐχ
3771 917 3875 976 ἠτ-

2272 1017 2496 1084 τὼμενος
2509 1054 2523 1068 .

2700 1125 2803 1172 Τοῦ
2841 1118 2996 1192 ἁγίου
3028 1117 3281 1192 Κυρίλλου
3307 1118 3444 1190 (27).

2343 1224 2442 1290 κζ’.
2473 1224 2539 1278 Ἣ
2570 1227 2672 1300 γὰρ
2702 1226 2832 1298 οὐχὶ
2875 1230 3165 1302 γέγραπται
3215 1230 3334 1300 περὶ
3375 1224 3537 1278 αὐτου
3569 1224 3638 1286 ὦς
3683 1222 3877 1295 ὑφιζή-

2277 1335 2406 1368 σειεν
2465 1314 2524 1367 ἂν
2579 1318 2713 1368 κατά
2772 1336 2829 1388 γε
2879 1320 2938 1370 τό
2997 1315 3314 1390 ἀνθρώπινον
3377 1319 3470 1368 καὶ
3521 1317 3618 1373 τὴν
3683 1312 3878 1386 ἀμείνω

2277 1407 2448 1477 φύσιν,
2507 1409 2750 1458 τουτέστι
2802 1410 2895 1464 τὴν
2961 1405 3318 1477 εὐαγγελικήν,
3373 1409 3460 1457 xui
3523 1411 3618 1464 τῆς
3675 1401 3878 1455 ἐκείνων

2277 1492 2495 1554 εὐκλείας
2545 1494 2700 1546 νοοῐτ’
2759 1493 2820 1547 ἂν
2876 1497 3138 1552 ἡττᾶσθαι
3198 1493 3421 1568 βραχύ;
3471 1492 3700 1552 ’Δὶ-ηθές.
3739 1489 3880 1562 Ἔφη

2275 1585 2376 1655 γὰρ
2435 1583 2460 1634 ό
2515 1582 2716 1644 Παυλος
2749 1600 2760 1614 ·
2821 1586 2918 1636 Τὸν
2987 1581 3046 1636 δὲ
3115 1581 3298 1658 βραχύ
3353 1602 3406 1635 τι
3461 1581 3583 1656 παρ’
3633 1578 3886 1651 ἀγγέλους

2277 1671 2631 1745 ἠλαττωμένον
2714 1670 2968 1746 βλέπομεν
3045 1672 3250 1729 Ἰησουν
3344 1667 3440 1724 διὰ
3527 1674 3586 1722 τὸ
3657 1671 3892 1741 πάθημα

2277 1769 2369 1815 τοῦ
2465 1763 2684 1814 θανάτου
2719 1804 2731 1828 ,
2813 1758 2941 1835 δόξῃ
3037 1766 3126 1814 xui
3218 1769 3342 1834 τιμῇ
3448 1759 3888 1832 ἐστεφανωμένον.

2279 1846 2406 1906 Εἶτα
2443 1855 2494 1902 τί
2549 1852 2816 1920 παθόντες,
2859 1851 2968 1904 εἰπέ
3021 1861 3132 1923 μοι,
3173 1855 3348 1902 καίτοι
3401 1853 3495 1908 τὴν
3563 1846 3751 1920 ἀμείνω
3793 1848 3895 1918 φύε-

2465 1763 2684 1814 θανάτου
2719 1804 2731 1828 ,

2283 1959 2365 1993 σιν
2403 1938 2653 2012 λαχόντες
2691 1943 2739 1992 οὶ
2777 1945 2871 1998 τὴν
2909 1942 3014 1992 ἄνω
3050 1939 3306 2015 τρίϐοντες
3363 1937 3530 2004 πόλιν,
3573 1941 3662 1988 καὶ
3715 1934 3898 1987 ἀπλα-

2281 2037 2340 2088 νῆ
2400 2047 2500 2081 που
2565 2031 2770 2090 πάντως
2831 2033 2919 2081 καὶ
2983 2027 3402 2104 ἀπαραλόγιστον
3465 2031 3557 2085 τὴν
3619 2025 3705 2078 ἐπὶ
3771 2032 3900 2095 Θεῷ

2283 2125 2472 2187 γνῶσιν
2547 2118 2980 2185 πεπλουτηκότες,
3048 2122 3134 2171 τὸν
3209 2116 3258 2169 ἐν
3333 2120 3498 2189 μείονι
3571 2117 3722 2186 φύσει
3797 2117 3902 2165 κοιὶ

2285 2211 2502 2260 κατόπιν
2565 2209 2758 2266 ἥκοντα
2811 2215 2900 2268 τῆς
2956 2206 3167 2268 ἐνούσης
3223 2205 3456 2267 εὐκλείας
3515 2203 3708 2268 αὐτοῖς,
3750 2201 3901 2255 ἐποι-

2286 2303 2434 2349 οῦντο
2494 2301 2876 2371 προπυνητόν,
2931 2299 3152 2369 φράσαις
3208 2295 3289 2362 ἂν,
3331 2292 3369 2346 ὦ
3411 2295 3598 2368 ἑταῖρε.
3643 2296 3746 2346 Καὶ
3785 2295 3901 2365 μὴν

2285 2391 2374 2437 καὶ
2411 2389 2561 2438 τουτο
2599 2389 2658 2456 γέ
2713 2385 2850 2438 ἐστιν
2901 2383 3008 2444 ἤδη
3073 2389 3182 2438 σόν.
3241 2385 3466 2454 Οὐκουν,
3508 2387 3644 2457 εἴπερ
3687 2380 3828 2434 ἐστὶν
3873 2383 3902 2433 ὀ

2285 2475 2442 2537 αὐτὸς
2481 2473 2700 2526 ἐλάττων
2737 2494 2790 2527 τε
2826 2475 2938 2546 οἶμα
2973 2479 3063 2526 καὶ
3103 2473 3150 2527 ἐν
3201 2482 3310 2536 τοῖς
3367 2472 3700 2547 ἁσυγκρίτως
3737 2471 3904 2541 ὑπερ-

2285 2569 2555 2636 κειμένοις,
2620 2561 2969 2636 ἀπονεμοῡμεν
3037 2564 3280 2635 εὐκρινῶς
3343 2569 3406 2634 τῇ
3475 2565 3564 2634 μεν
3623 2558 3904 2632 ἀνθρωπό-

2281 2673 2403 2712 τητι
2459 2655 2517 2704 τὸ
2591 2659 2800 2724 χωροῦν
2857 2651 2934 2704 ἐπ’
2993 2652 3124 2725 αὐτῇ
3200 2655 3516 2726 πρεπόντως,
3569 2652 3626 2702 τὸ
3683 2647 3905 2700 ἔλαττον

2283 2743 2448 2818 (παρὰ
2497 2741 2626 2795 πολὺ
2681 2744 2782 2814 γὰρ
2843 2739 3070 2813 ἀγγέλων
3127 2739 3398 2815 ἀνθρώπου
3462 2739 3639 2811 φύσις)
3670 2751 3684 2767 ⁸
3727 2743 3790 2807 τῇ
3835 2731 3907 2788 δὲ

2281 2833 2408 2904 ὑπὲρ
2465 2833 2644 2883 πάνπα
2703 2832 2906 2888 θεότητι
2965 2833 3024 2883 τὸ
3083 2830 3424 2904 ὑπερκεῖσθαι
3463 2847 3516 2880 τε
3552 2831 3643 2878 καὶ
3682 2825 3908 2899 ὑπεραι-

2285 2918 2388 2975 δειν
2445 2923 2511 2974 τὰ
2567 2923 2764 2993 γενητὰ
2823 2926 2914 2974 xui
2952 2923 3130 2982 πάσης
3193 2918 3425 2972 ἐπέκεινα
3459 2919 3677 2990 λογικῆς
3715 2915 3909 2972 οὐσίας

2287 3015 2377 3063 καὶ
2429 3013 2619 3071 παντὸς
2676 3011 2926 3084 ὀνόματος
2983 3007 3212 3081 διᾴττειν
3266 3005 3558 3069 οὗσιωδώς.
3603 3006 3664 3058 Εἰ
3703 3001 3761 3057 δὲ
3824 3000 3901 3064 δή

527 3091 676 3182 ipsis
713 3125 958 3182 quoque
987 3111 1215 3180 angelis
1269 3111 1516 3167 inferius
1546 3129 1672 3168 esse
1704 3121 2036 3185 censeatur,
2069 3116 2182 3172 mir

2290 3105 2379 3153 καὶ
2419 3097 2558 3172 ὃίχα
2586 3103 2799 3166 σαρκὸς,
2840 3103 2928 3152 καὶ
2960 3103 3101 3151 οὔπω
3138 3105 3246 3159 τοῖς
3283 3097 3398 3150 καθ’
3439 3098 3579 3168 ἡμας
3615 3095 3721 3147 οἷον
3764 3112 3911 3165 συμ-

529 3215 644 3254 nus
674 3198 918 3269 quidem
953 3201 1060 3255 erit
1087 3199 1292 3272 ipsum
1323 3201 1444 3256 suis
1475 3203 1779 3268 creaturis,
1805 3219 1875 3259 ac
1900 3209 2182 3276 praeterea

533 3285 813 3340 adorator
837 3305 850 3353 ;
883 3302 992 3342 nec
1019 3289 1070 3343 ei
1095 3289 1224 3356 jam
1251 3295 1556 3344 succurret
1585 3297 1688 3346 aut
1714 3285 2186 3362 patrocinabitur

531 3373 777 3428 demum
820 3379 1023 3430 nostra
1055 3376 1341 3432 defensio.
1378 3379 1549 3443 Quod
1595 3381 1642 3434 si
1691 3381 1815 3435 hinc
1861 3382 2057 3438 dicere
2115 3399 2186 3439 ac

535 3461 749 3516 sentire
778 3463 1032 3533 impium
1058 3469 1146 3518 est
1166 3464 1345 3518 simul
1377 3481 1446 3520 ac
1484 3465 1959 3538 fallacissimum,
1992 3471 2189 3528 minor

537 3553 737 3604 autem
765 3555 870 3618 est,
898 3551 1188 3622 quoniam
1220 3556 1276 3606 et
1303 3552 1486 3609 homo
1518 3559 1603 3609 est
1628 3573 1640 3622 ;
1669 3557 1868 3628 utique
1907 3565 2191 3630 sequetur

539 3636 600 3692 id
630 3653 756 3693 esse
779 3639 1190 3710 cogitandum,
1223 3639 1444 3698 scilicet
1473 3642 1851 3701 adoratorem
1877 3662 2190 3721 esse,qua-

537 3730 711 3784 tenus
737 3727 921 3784 homo
948 3731 1051 3785 est.

1213 4017 1512 4088 Ejusdem.

609 4123 700 4178 28.
733 4123 880 4178 Cum
920 4125 1120 4180 autem
1151 4123 1480 4195 apostolico
1511 4125 1671 4181 dicto
1715 4127 2023 4195 insultent,
2065 4145 2196 4202 per-

537 4207 679 4264 inde
707 4224 778 4264 ac
807 4211 856 4264 si
883 4213 962 4266 ad
985 4211 1300 4281 vulgarem
1327 4213 1594 4285 aliquam
1619 4215 1926 4272 hominem
1958 4216 2199 4275 referre-

542 4301 655 4366 tur,
671 4313 781 4367 age
803 4301 990 4354 totam
1015 4304 1368 4357 sententiam
1394 4303 1471 4359 ab
1491 4305 1659 4360 initio
1681 4311 2200 4381 repetamus,qua-

2291 3189 2508 3252 πλακεὶς
2567 3191 2592 3240 ὁ
2661 3193 2851 3260 Λόγός,
2910 3193 2967 3241 τό
3023 3207 3083 3259 γε
3141 3187 3188 3238 ἐν
3253 3186 3492 3239 ἐλάττοσι
3544 3185 3748 3237 κεῖσθαι
3807 3173 3911 3234 καὶ

2297 3279 2462 3330 αὐτῶν
2529 3277 2804 3340 ἀνεικὸτως
2871 3276 3181 3351 ἀποφέροιτο
3250 3283 3350 3328 τῶν
3419 3273 3661 3346 ἀγγέλων,
3739 3290 3908 3343 μενων

2297 3374 2386 3444 μέν
2426 3369 2540 3421 ἐστι
2593 3376 2692 3420 τῶν
2753 3364 2902 3420 ἰδίων
2950 3369 3272 3439 κτισμάτων,
3315 3371 3404 3418 καὶ
3445 3369 3569 3439 πρός
3619 3381 3676 3433 γε
3729 3362 3908 3432 τούτῳ

2297 3461 2690 3533 προσκυνητὴς,
2769 3453 2919 3509 οὐδὲν
2994 3458 3342 3528 ἐπαμύνοντος
3403 3454 3432 3514 ἢ
3493 3448 3914 3527 ὑπερδικούντος

2299 3550 2374 3600 ἔτι
2419 3566 2512 3598 του
2563 3544 2684 3620 πὰρ’
2737 3547 2861 3617 ἡμῖν
2919 3543 3095 3616 λόγου.
3139 3543 3200 3596 Εἰ
3258 3541 3316 3596 δὲ
3357 3539 3424 3600 δὴ
3467 3545 3612 3593 ταυτὶ
3653 3539 3812 3610 φάναι
3849 3557 3912 3590 τι

2298 3641 2388 3689 καὶ
2439 3641 2635 3708 φρονεῖν
2701 3631 2955 3697 δυσσεϐὲς
3010 3653 3063 3686 τε
3125 3633 3237 3705 ἅμα
3299 3635 3388 3684 xui
3455 3629 3850 3704 σφαλερώτατον
3890 3644 3906 3658 ’

2300 3731 2453 3800 μείων
2513 3721 2591 3790 δὲ,
2653 3725 2732 3776 ὅτι
2792 3728 2882 3776 καὶ
2939 3723 3255 3797 ἄνθρωπος·
3299 3721 3479 3792 ἕψεταί
3534 3737 3634 3772 που
3691 3719 3911 3778 πάντως

2298 3816 2456 3869 ἐκεῖνο
2520 3822 2650 3868 νοεῖν
2684 3831 2696 3844 ·
2756 3819 3122 3888 προσκυνητὴς
3175 3813 3277 3888 γάρ
3338 3810 3470 3879 ἐστι,
3527 3809 3608 3862 ὅτι
3661 3810 3750 3860 xui
3815 3807 3910 3860 ἄν⁹

2300 3909 2524 3981 θρωπος.

2859 4015 2962 4064 Τοῦ
2993 4008 3154 4062 αὐτοῦ
3195 4008 3328 4080 (28).

2377 4119 2476 4180 κη’.
2556 4115 2767 4178 Ἐπειδὴ
2866 4114 2925 4171 δὲ
3015 4122 3108 4176 τὴν
3195 4114 3548 4173 ἁποστολικήν
3637 4111 3888 4175 κατεξανι

2310 4216 2470 4263 στᾶσι
2541 4211 2719 4284 ῥῆσιν,
2779 4211 2846 4269 ὡς
2921 4206 2997 4260 ἐπ’
3065 4205 3336 4280 ἀνθρώπου
3403 4211 3575 4257 κοινοῦ
3647 4221 3917 4276 προσνενε-

2308 4302 2521 4372 γμένην,
2613 4302 2726 4372 φέρε
2799 4297 3020 4370 λέγωμεν
3112 4295 3304 4356 ἂὸντες
3388 4293 3477 4346 ἀπ’
3554 4291 3730 4367 ἀρχῆς
3803 4299 3917 4343 τῶν

541 4391 715 4468 tenus
745 4385 824 4442 ad
849 4387 1188 4444 institutum
1222 4407 1564 4448 sermonem
1590 4395 1865 4465 pertinet.
1901 4396 2182 4468 Scriptun

2310 4391 2673 4462 γεγραμμένων
2757 4391 2918 4459 μέχρι
3005 4384 3332 4448 καταλήξεως
3417 4391 3512 4445 τῆς
3583 4381 3917 4455 ἀποχρώσης

541 4461 746 4546 itaque
776 4480 864 4532 est
891 4495 903 4532 :
927 4477 1082 4532 Eum
1119 4483 1316 4534 autem
1347 4481 1451 4550 qui
1487 4461 1718 4538 modico
1764 4499 1944 4554 quam
1999 4461 2205 4556 a-ngeli

539 4564 876 4619 minoratus
907 4571 1010 4628 est,
1045 4566 1312 4623 videmus
1343 4567 1540 4624 Jesum
1578 4577 1826 4640 propter
1869 4573 2202 4641 passionem

541 4653 748 4708 mortis
773 4655 964 4724 gloria
988 4659 1044 4710 et
1068 4653 1293 4712 honore
1320 4660 1784 4714 coronatumEt
1807 4662 1990 4730 paulo
2011 4662 2198 4731 infra.

544 4743 688 4797 Ecce
719 4743 898 4807 enim,
943 4747 999 4799 et
1043 4741 1291 4815 quidem
1324 4743 1700 4815 apertissime
1739 4763 1880 4802 cum
1910 4747 2070 4804 dicat
2097 4749 2205 4805 mi-

541 4835 821 4888 noratum
857 4831 1010 4888 infra
1039 4831 1286 4901 angelos
1319 4838 1566 4905 propter
1591 4835 1938 4906 passionem
1972 4837 2200 4903 mortis,

544 4924 723 4991 atque
743 4921 822 4978 ob
853 4921 913 4976 id
945 4925 1300 4978 coronatum
1331 4937 1462 4978 esse
1501 4921 1692 4991 gloria
1721 4927 1778 4978 et
1805 4923 2053 4988 honore,
2077 4941 2206 4981 ma-

543 5009 935 5065 niresteillum
963 5009 1227 5066 ostendit
1254 5009 1328 5066 de
1358 5026 1483 5083 quo
1513 5011 1700 5067 verba
1728 5010 1884 5080 fecit,
1913 5012 2203 5070 nimirum

546 5097 923 5166 Unigenitum
953 5115 966 5154 :
995 5099 1350 5172 participem
1384 5099 1544 5155 enim
1567 5100 1648 5154 ait
1667 5099 1892 5158 factum
1915 5115 2048 5160 esse
2077 5117 2204 5160 car-

543 5186 637 5243 nis
676 5190 730 5244 et
761 5186 1072 5259 sanguinis
1109 5187 1360 5263 perinde
1394 5204 1464 5248 ac
1489 5203 1629 5248 nos.

619 5438 730 5518 (es)
775 5438 1042 5518 _Edit;cit.
1073 5445 1114 5500 t.
1139 5445 1181 5510 I,
1207 5449 1402 5518 μου
1431 5445 1497 5500 n.

548 5511 730 5638 62(427D)
762 5513 848 5570 De
902 5511 1229 5586 Trinitate,‘
1262 5515 1484 5586 dialog.
1543 5529 1618 5584 ιν,
1667 5515 1707 5570 t.
1740 5514 1804 5584 ν,
1845 5516 1999 5585 part.
2053 5529 2095 5585 1,
2133 5528 2195 5588 p.

2313 4485 2384 4547 τῷ
2421 4476 2589 4548 λόχῳ.
2637 4479 2929 4548 Γέγραπται
2981 4479 3150 4526 τοίνυν
3181 4487 3195 4504 ·
3237 4477 3336 4526 Τόν
3376 4468 3436 4525 δὲ
3475 4469 3657 4544 βραχύ
3687 4489 3741 4522 τι
3781 4471 3920 4544 παρ’

3403 4563 3608 4620 Ἰησοῦν
3679 4556 3776 4612 διὰ
3849 4565 3920 4614 τὸ

2312 4657 2535 4728 πάθημα
2568 4675 2658 4707 του
2687 4656 2908 4707 θανάτου
2945 4649 3072 4725 δόξῃ
3105 4658 3196 4706 καὶ
3223 4659 3348 4724 τιμῇ
3381 4649 3811 4724 ἐστεφανωμένον.
3841 4680 3920 4692 -

2315 4565 2558 4639 ἀγγέλους
2633 4565 2984 4638 ἠλαττωμένον
3065 4562 3320 4636 βλέπομεν

2315 4751 2417 4800 Καὶ
2475 4743 2584 4818 μετ’
2640 4743 2831 4816 ὀλίγα’
2887 4739 3026 4797 Ἰδοὺ
3065 4745 3188 4816 γὰρ,
3249 4738 3366 4794 ἰδοὺ
3396 4745 3485 4792 xui
3541 4739 3681 4812 μάλα
3729 4747 3922 4810 σαφῶς

2313 4834 2646 4893 ἠλαττῶσθαι
2681 4833 2840 4904 λέγων
2881 4832 3036 4884 αὐτὸν
3083 4833 3224 4903 παρά
3261 4833 3382 4891 τοὺς
3421 4828 3669 4902 ἀγγέλους
3717 4823 3814 4879 διὰ
3852 4833 3919 4882 τὸ

2311 4925 2534 4996 πάθημα
2569 4929 2662 4975 τοῦ
2703 4924 2944 4992 θανάτου,
3005 4922 3351 4993 κατεστέφθαι
3401 4939 3460 4991 γε
3515 4925 3618 4991 μὴν
3658 4913 3731 4970 δι’
3781 4918 3922 4972 αὐτό

2311 5019 2436 5084 τιμῇ
2471 5029 2524 5065 τε
2561 5015 2651 5063 καὶ
2677 5007 2826 5083 δόξῃ,
2870 5011 3183 5066 καθίστησιν
3214 5006 3408 5080 ἐμφανῆ
3438 5008 3524 5060 τὸν
3561 5006 3640 5077 ἐφ’
3749 5013 3926 5058 ποιεῖ-

2311 5119 2398 5154 ται
2425 5103 2546 5162 τοὺς
2587 5099 2768 5172 λόγους
2799 5115 2811 5129 ·
2865 5095 3029 5158 δῆλοη
3070 5094 3129 5150 δὲ
3186 5101 3264 5150 ὅτι
3303 5099 3390 5149 τὸν
3427 5101 3684 5166 Μονογενῆ
3713 5107 3727 5124 ⁸
3770 5113 3926 5166 μετέ-

2313 5193 2574 5260 σχηκέναι
2617 5192 2718 5262 γάρ
2761 5207 2918 5261 φησιν
2950 5187 3104 5240 αὐτὸν
3131 5187 3348 5260 αἵματος
3377 5189 3466 5238 xui
3513 5185 3707 5260 σαρκὸς
3745 5203 3926 5256 παρα.

2311 5276 2410 5336 πλη
2420 5281 2546 5341 σίως
2575 5278 2720 5350 ἡμῖν.

2383 5417 2750 5568 (Ξὸζὲδίιὲοε.
2781 5437 2952 5508 Quod
2981 5453 3136 5496 unus
3165 5443 3248 5496 est
3281 5435 3572 5504 Christus,
3603 5435 3726 5502 LV,
3751 5437 3916 5506 part.

2383 5527 2442 5568 ι).
2659 5553 2670 5565 .

2311 5529 2349 5577 ι,
2381 5527 2442 5586 p.
2474 5527 2576 5568 ’ωδ
2607 5527 2670 5568 rs.
