4126 6272
250 235 317 298 ἥδ
1159 244 1176 258 ⁸
1532 222 1878 291 THESAURI
1918 229 2048 288 LIB.
2087 230 2241 290 XXV.

1839 358 1888 413 Α

669 366 780 416 Τοῦ
811 360 1198 436 Χρυσοστόμον
1223 351 1358 430 (29).

305 468 377 524 κδ’.
428 466 594 524 Ἀλλὰ
669 472 764 522 καὶ
825 470 1110 545 περιφέρων
1185 470 1277 525 τὴν
1345 466 1533 540 σάρκα,
1597 463 1813 538 ἀφίησιν

254 558 377 616 minis
430 559 496 610 τὰ
549 565 650 620 τῆς
709 559 914 630 φύσεως
979 555 1316 629 ἐλαττώματα
1369 555 1664 627 ὑπομεῖναι,
1723 557 1814 606 καὶ

249 645 468 718 civilium,
505 653 599 701 καὶ
658 649 1007 716 καθεσθῆναι,
1061 649 1149 698 καὶ
1215 645 1470 698 κοπιάσαι
1505 663 1518 676 ο
1560 643 1704 705 τέλος
1757 639 1816 696 δε

244 741 313 789 καὶ
362 735 446 789 ἐπὶ
488 740 575 789 τὸν
617 739 849 811 σταυρόν
908 733 1204 811 ἐρχόμενος,
1263 731 1480 806 ἀφίησιν
1540 732 1703 790 αὐτὴν
1752 733 1818 784 τὰ

241 835 312 888 τῆς
347 829 539 901 σαρκός
595 828 782 879 παθεῖν
815 841 829 855 ·
874 821 970 878 διὰ
1004 831 1158 876 τοῦτο
1205 827 1295 876 καὶ
1330 826 1542 898 κρουνοὶ
1583 819 1816 895 ἱδρώτων

240 919 550 990 κατεῳέροντο
640 913 694 978 ἐξ
787 913 948 975 αὐτῆς
980 928 995 945 ⁸
1071 917 1161 966 καὶ
1247 912 1464 984 ἅγγελος
1539 912 1816 986 ηὑρίσκετο

241 1005 383 1063 αὐτὴν
421 1001 720 1079 διακρατῶν
754 1021 766 1033 ·
801 1009 894 1056 καὶ
943 1001 1202 1068 λυπεῖται,
1241 1007 1331 1054 καὶ
1383 997 1642 1074 ἀδημονεῖ
1669 1014 1684 1029 ⁶
1727 1003 1817 1052 καὶ

241 1098 328 1166 γὰρ
362 1100 511 1169 πρινὴ
552 1103 722 1147 ταῦτα
749 1094 928 1164 εἰπεῖν,
963 1099 1143 1164 φησὶν,
1165 1091 1224 1145 Ἠ
1253 1091 1406 1165 ψυχή
1436 1111 1536 1164 μου
1567 1092 1814 1164 τετάρακ-

238 1200 352 1235 ται·
392 1188 499 1252 καὶ,
559 1183 851 1258 Περίλυπός
899 1181 1038 1235 ἐστιν
1093 1183 1122 1240 ἡ
1165 1180 1319 1253 ψυχή
1369 1201 1470 1254 μον
1528 1182 1622 1244 ἕως
1662 1181 1816 1233 θανά-

231 1292 331 1326 τον.

859 1385 964 1433 Τοῦ
993 1377 1178 1435 αὐτοῦ.

287 1483 419 1544 λ’.“Ο
447 1482 509 1540 δί
528 1487 759 1561 Χριστός
794 1492 950 1558 σῶμα
978 1486 1204 1558 καθαρόν
1232 1482 1621 1558 ἁμαρτημάτων
1655 1478 1817 1556 εἶχεν,

225 1576 277 1628 οὐ
314 1584 550 1650 φυσικῶν
582 1574 821 1646 ἀναγκῶν
869 1572 1261 1646 ἀπηλλαγμένον
1294 1588 1308 1604 ’
1359 1571 1468 1626 ἐπεὶ
1498 1568 1622 1626 οὐδὲ
1670 1580 1824 1646 σῶμα

226 1663 304 1724 ἓν.

612 1778 716 1825 Τοῦ
757 1769 914 1844 ἁγίου
946 1769 1265 1844 ’Λμϐροσίου
1296 1770 1426 1842 (30).

288 1876 383 1934 λα’.
441 1878 533 1941 Ὠς
595 1881 869 1954 ἄνθρωπος
935 1875 1022 1930 οὖν
1076 1873 1358 1944 ἐνδοιάζει,
1417 1878 1486 1939 ὡς
1552 1877 1824 1952 ἄνθρωπος

227 1964 591 2041 ἕκταροίττεται
623 1984 636 1999 '
679 1968 739 2021 ού
785 1967 1098 2043 ταράττεται
1123 1970 1224 2042 γὰρ
1264 1969 1293 2026 ἡ
1331 1957 1556 2040 δύναμις
1607 1963 1731 2020 οὐδὲ
1788 1969 1818 2027 ἡ

232 2056 402 2119 θεότης
458 2055 644 2128 αὐτοῦ,
684 2050 790 2110 ἀλλ’
824 2056 854 2117 ἡ
897 2057 1050 2128 ψνχή
1109 2057 1420 2132 ταράττεται
1457 2061 1547 2108 καὶ
1581 2057 1822 2130 σπαράτ-

228 2164 361 2200 τεται
427 2147 568 2200 κατὰ
620 2150 714 2206 τὴν
773 2155 872 2208 τῆς
933 2143 1253 2220 ἀνθρωπίνης
1321 2147 1645 2220 σαθρότητος
1694 2150 1823 2220 πρό-

231 2232 397 2308 ληψιν.

796 2347 902 2395 Τοῦ
933 2341 1090 2395 αὑτοῦ
1118 2341 1254 2413 (31).

295 2450 384 2504 λς.
414 2449 474 2504 '0
523 2447 612 2504 οὖν
651 2453 761 2510 ἶσος
818 2448 868 2502 ἕν
922 2457 985 2522 τῇ
1039 2456 1172 2504 Θεοῦ
1202 2456 1373 2523 μορφῇ
1409 2448 1643 2503 ἐλάσσων
1673 2448 1721 2503 ἐν
1759 2457 1821 2524 τῇ

235 2539 522 2612 προσλήψει
560 2548 658 2600 τῆς
688 2541 906 2612 σαρκός,
945 2543 1034 2591 καὶ
1064 2547 1136 2609 τῷ
1175 2540 1330 2591 πάθει
1367 2546 1460 2592 τοῦ
1502 2538 1774 2614 ἀνθρώπου
1807 2560 1823 2575 ·

234 2636 336 2689 πῶς
361 2631 462 2703 γὰρ
490 2624 723 2686 ἠδύνατο
761 2628 793 2684 ἠ
830 2626 960 2684 αύτὴ
991 2629 1142 2698 φύσις
1167 2625 1383 2679 ἐλάττων
1410 2625 1538 2680 εἶναι
1576 2633 1666 2681 καὶ
1694 2632 1821 2698 ian;

236 2722 340 2777 Πῶς
365 2714 445 2786 δὲ,
478 2715 565 2768 ἐὰν
595 2716 818 2768 ἔλαττων
845 2715 980 2786 ἐστὶ,
1008 2717 1076 2768 τὰ
1104 2715 1236 2768 αὐτὰ
1259 2725 1395 2769 ποιεῖ
1426 2717 1616 2789 ὁμοίως
1640 2717 1769 2792 οἱπερ
1797 2717 1822 2769 ό

237 2810 406 2879 Πατὴρ
445 2813 627 2872 ποιεῖ;
693 2809 794 2858 Καὶ
831 2807 934 2879 γὰρ
984 2809 1100 2857 τίνα
1127 2809 1317 2879 τρόπον
1364 2807 1393 2864 ἠ
1429 2805 1559 2864 αὐτὴ
1599 2805 1826 2880 ἐνέργεια

235 2889 482 2968 διαφόρου
514 2894 628 2947 ἐστὶ
661 2890 970 2966 δυνάμεως
1009 2899 1096 2953 Μή
1151 2913 1204 2946 τι
1233 2894 1394 2956 οὕτως
1433 2891 1654 2948 δύναται
1693 2894 1824 2971 ἐνερ-

234 2991 330 3053 γεῖν
356 2986 382 3036 ό
424 2988 617 3052 ἥττων,
649 2983 768 3035 καθ’
791 2984 844 3035 ὃν
882 2986 1071 3056 τρόπον
1101 2984 1127 3034 ό
1158 2986 1388 3055 μείζωνς
1416 2985 1446 3043 ἣ
1481 2989 1578 3057 μία
1599 2983 1824 3058 ἐνέργεια

3469 235 3575 302 226

2529 355 2968 428 Chrysostomi.

1992 464 2080 518 29.
2121 461 2237 519 Sed
2283 477 2462 519 carne
2506 470 2837 538 assumpta,
2868 467 3007 524 sinit
3033 483 3170 526 eam
3200 473 3432 528 naturae
3478 473 3574 530 in-

1923 550 2235 609 ﬁrmitates
2273 553 2556 626 perferre,
2581 554 2857 613 videlicet
2909 562 2966 614 et
3013 559 3196 628 sitire,
3246 566 3304 618 et
3339 562 3575 635 requie-

1925 657 2107 714 scere,
2143 646 2200 698 et
2221 641 2499 700 laborare
2525 661 2539 700 z
2573 643 2834 718 denique
2855 646 2934 704 ad
2960 664 3198 706 crucem
3228 651 3571 724 deveniens,

1927 730 2064 787 sinit
2092 747 2336 788 carnem
2366 749 2503 805 quae
2535 738 2676 790 sunt
2703 736 2950 808 propria
3003 738 3279 810 ejusdem
3327 742 3574 814 perpeti.

1925 819 2368 894 Proptereaque
2399 826 2456 878 et
2507 822 2744 880 sudoris
2775 825 2880 881 rivi
2911 841 2984 882 ex
3014 843 3085 883 ea
3112 827 3480 897 deﬂuebant,
3521 834 3580 886 et

1926 909 2180 981 angelus
2210 911 2492 984 apparuit
2529 912 2694 969 illam
2734 914 3114 985 confortans;
3147 923 3204 973 et
3227 919 3493 976 tristatur
3521 923 3580 977 et

1926 1005 2143 1056 maesta
2176 1005 2284 1057 est.
2326 1003 2473 1057 Nam
2522 1007 2580 1058 et
2608 1007 2936 1076 antequam
2967 1005 3096 1062 haec
3138 1006 3360 1064 diceret
3392 1024 3405 1062 :
3433 1010 3578 1065 Ani-

1925 1105 2045 1160 ma,
2067 1089 2282 1163 inquit,
2309 1107 2438 1148 mea
2470 1093 2714 1150 turbata
2739 1101 2844 1160 est,
2873 1095 3018 1153 Item
3051 1114 3064 1152 :
3102 1098 3310 1155 Tristis
3341 1105 3422 1155 est
3449 1100 3578 1157 ani-

1926 1193 2026 1236 ma
2056 1194 2188 1236 mea
2217 1195 2402 1252 usque
2433 1181 2513 1238 ad
2541 1188 2809 1240 mortem.

2604 1378 2910 1449 Ejusdem.

2002 1485 2095 1539 30.
2137 1481 2366 1540 Christo
2397 1487 2597 1541 autem
2629 1500 2848 1558 corpus
2873 1489 2998 1543 erat
3026 1486 3289 1560 peccatis
3331 1501 3575 1562 purum,

1930 1586 2055 1628 non
2094 1576 2296 1629 tamen
2350 1573 2729 1630 naturalibus
2785 1575 3238 1634 necessitatibus
3277 1578 3568 1637 alienum.

1933 1660 2173 1734 Alioqui
2200 1677 2420 1736 corpus
2448 1678 2570 1720 non
2599 1663 2832 1720 fuisset.

2473 1771 2688 1827 Sancti
2710 1771 3018 1829 Ambrosii.

2003 1878 2093 1933 3t.
2133 1876 2203 1933 Ut
2233 1875 2419 1934 homo
2465 1892 2606 1948 ergo
2645 1877 2894 1945 dubitat,
2928 1883 2994 1936 ut
3042 1879 3228 1938 homo
3269 1881 3568 1940 turbatur.

1932 1967 2062 2022 Non
2097 1965 2371 2023 turbatur
2395 1967 2525 2038 ejus
2555 1967 2764 2036 virtus,
2797 1983 2919 2024 non
2949 1969 3225 2026 turbatur
3249 1971 3378 2041 ejus
3426 1972 3578 2028 divi-

1931 2055 2123 2123 nitas;
2157 2055 2258 2111 sed
2301 2055 2576 2112 turbatur
2603 2055 2828 2126 _anima
2859 2073 2874 2112 :
2908 2056 3189 2114 turbatur
3241 2060 3576 2116 secundum

1930 2143 2217 2202 humanae
2244 2143 2580 2216 fragilitatis
2607 2145 3107 2218 assumptionem.

2589 2342 2900 2413 Ejusdem.

2005 2449 2092 2502 32.
2117 2446 2382 2520 Equalis
2412 2461 2555 2518 ergo
2593 2447 2656 2504 in
2692 2449 2793 2505 Dei
2813 2448 3032 2517 forma,
3065 2449 3264 2508 minor
3283 2450 3345 2507 in
3376 2467 3580 2509 suscee

1932 2535 2136 2609 plione
2157 2537 2354 2593 carnis
2376 2540 2434 2593 et
2455 2537 2720 2594 hominis
2752 2537 3056 2609 passione.
3091 2541 3240 2596 Nam
3270 2541 3581 2613 quomodo

1933 2625 2146 2682 eadem
2167 2631 2373 2698 posset
2398 2628 2595 2684 minor
2615 2642 2744 2683 esse
2769 2628 3142 2700 aequalisque
3166 2631 3410 2686 natura?
3433 2633 3584 2696 Quo.

1933 2714 2118 2770 modo
2151 2719 2354 2771 autem
2401 2715 2450 2771 si
2478 2716 2678 2772 minor
2723 2719 2832 2786 est,
2877 2717 3090 2773 eadem
3143 2719 3409 2775 similiter
3443 2719 3583 2776 facit

1934 2819 2068 2875 quas
2097 2806 2265 2860 Pater
2289 2803 2472 2860 facit?
2497 2808 2645 2860 Nam
2670 2804 3190 2876 quemadmodum
3211 2807 3425 2863 eadem
3443 2823 3584 2880 ope-

1930 2891 2084 2948 ratio
2122 2891 2374 2948 diversaa
2420 2897 2576 2948 esset
2602 2894 2917 2964 potestatis
2941 2894 2970 2948 ‘I
3000 2895 3302 2965 Numquid
3349 2896 3431 2950 sic
3471 2911 3580 2966 ρο.

1933 2985 2046 3036 test
2073 2981 2290 3047 minor,
2341 2981 2865 3052 quemadmodum
2922 2982 3118 3052 major
3163 2983 3448 3054 operari?
3481 2987 3584 3038 aut

233 3067 444 3125 δύναται
475 3070 628 3141 εἶναι,
671 3075 800 3124 ὅπου
842 3067 1093 3146 διάφορος
1120 3071 1272 3124 ούσία
1312 3071 1460 3140 ﬁeri;
1501 3078 1682 3125 Τοίνυν
1704 3072 1823 3126 λάϐε

1943 3085 2057 3124 una
2085 3068 2353 3140 operatio
2382 3073 2577 3140 potest
2605 3085 2753 3136 esse,
2813 3069 2918 3124 ubi
2952 3069 3191 3125 diversa
3245 3069 3584 3126 substantia

232 3164 312 3213 τόν
345 3167 577 3236 Χριστὸν
600 3163 740 3214 κατὰ
779 3165 872 3220 τὴν
915 3162 1136 3220 ϐιότητα
1171 3166 1244 3234 μὴ
1289 3158 1551 3215 δύνασθαι
1581 3161 1825 3215 ἐλάττονα

227 3248 481 3321 λέγεσθαι.

634 3364 738 3411 Τοῦ
771 3355 923 3430 ἁγίου
958 3357 1252 3429 Ἀγάθωνος
1289 3361 1415 3429 (32).

293 3463 389 3536 λγ’.
437 3469 542 3518 Καὶ
583 3463 634 3516 ἕν
691 3469 799 3536 ὅσῳ
840 3459 1161 3516 δείκνυσινὸ
1214 3468 1375 3536 μέγας
1400 3462 1716 3538 ’Λμϐρόσιος
1752 3468 1823 3538 μή

227 3546 487 3607 δύνασθαι
526 3548 785 3624 διαφόρου
850 3549 1117 3625 δυναμεως
1172 3556 1292 3624 μίαν
1349 3555 1596 3626 ἐνέργειαν
1655 3554 1827 3628 ὑπαρ-

221 3661 356 3712 χειν,
416 3638 561 3714 μηδὲ
618 3646 707 3700 τὴν
767 3640 1028 3693 ἐλάσσονα
1067 3638 1325 3694 δύνασθαι
1385 3638 1597 3716 ἐνεργεῖν
1635 3645 1702 3694 τὰ
1739 3650 1830 3703 τῆς

221 3731 479 3800 μείζονος,

220 3813 484 3871 δύνασθαι
538 3819 773 3871 νοεῖσθαι
828 3822 924 3876 τὴν
978 3818 1250 3892 ἐνέργειαν,
1321 3815 1664 3872 ἀποδείκνυσι
1730 3841 1827 3893 φα-

560 3733 678 3782 0-37:
754 3732 885 3782 ὅπου
963 3727 1207 3802 διάφορος
1281 3730 1436 3782 οὐσία
1506 3733 1638 3801 ἐστὶ,
1706 3736 1829 3804 μίαν

218 3917 377 3981 νεροῐς
456 3911 734 3980 μηνύμασι
811 3910 870 3959 τό
946 3912 1017 3980 μὴ
1098 3904 1358 3960 δύνασθαι
1395 3913 1537 3980 ’μίαν
1605 3914 1828 3982 φυσικὴν

217 3994 471 4069 ἐνέργειαν
537 3999 681 4068 ἔχειν
747 3998 840 4048 τάν
894 3998 1114 4053 θεότητα
1151 4001 1241 4048 καὶ
1294 4002 1387 4054 τὴν
1455 3995 1830 4071 ἀνθρωπότητα

215 4093 299 4136 τοῦ
353 4092 595 4158 Χριστοῦ
624 4104 638 4117 ⁸
704 4084 748 4137 εἰ
805 4090 896 4137 καὶ
937 4084 1044 4147 ἐνὸς
1081 4091 1365 4158 προσώπου
1418 4082 1544 4138 εἶναι
1581 4093 1830 4158 γινώσκο-

217 4191 320 4243 μεν,
407 4179 504 4226 καὶ
579 4176 714 4246 μετὰ
787 4181 878 4234 τῆς
955 4162 1183 4232 ἀλλήλῶν
1267 4179 1538 4236 κοινωνίας
1612 4175 1828 4249 ἐνεργεῖν

218 4262 550 4336 Θεωροῦνταιο
593 4260 763 4314 Ὀπου
826 4267 997 4314 τοίνυν
1048 4267 1202 4334 μείων
1262 4269 1350 4315 καὶ
1411 4262 1628 4316 ἐλάττων
1686 4264 1826 4340 ἐνέρ-

215 4369 331 4419 γεια
384 4351 615 4421 λέγεται,
665 4350 724 4402 ού
762 4355 882 4423 περὶ
923 4357 1067 4422 μιᾶς,
1121 4349 1248 4403 ἀλλά
1302 4357 1419 4425 περὶ
1460 4349 1556 4404 δύο
1595 4363 1826 4425 φυσικῶν

216 4446 306 4488 τοῦ
346 4438 453 4499 ἑνὸς
492 4446 732 4512 Χριστοῦ
790 4437 1050 4511 ἐνεργειῶν
1101 4448 1404 4515 φανεροῦται
1443 4442 1577 4512 (33).
1626 4473 1687 4482 --
1726 4448 1826 4495 Καὶ

217 4534 387 4579 ταῦτα
428 4531 519 4600 μὲν
551 4529 690 4580 εἶπεν
731 4529 1108 4603 ἑπικυροῡσαό
1142 4529 1262 4587 ἕκτη
1298 4524 1518 4591 σύνοδος
1564 4532 1628 4582 τὰ
1684 4533 1828 4606 παρὰ

222 4624 312 4667 τοῦ
360 4617 513 4690 ἁγίου
555 4617 878 4690 ’Λμϐροσίου
938 4622 1240 4692 γραφέντα·
1295 4621 1324 4678 ἡ
1383 4616 1443 4672 δέ
1500 4639 1560 4692 γε
1616 4626 1824 4694 πέμπτη

225 4703 444 4768 σύνοδος
479 4715 652 4760 ταῦτα
691 4706 977 4779 ἓξεφώνησε
1027 4713 1147 4782 περὶ
1203 4708 1362 4769 αὐτῆς
1417 4713 1505 4761 καὶ
1565 4718 1663 4760 τῶν
1727 4710 1829 4763 λοι-

221 4802 332 4845 πῶν
394 4797 558 4868 ἁγίων
623 4805 725 4848 τῶν
799 4800 916 4849 τότε
980 4796 1343 4868 συνελθόντων,
1423 4799 1504 4849 ότι
1560 4800 1830 4870 Δεχόριεοα

225 4884 390 4937 πάντα
441 4890 507 4938 τα
545 4885 671 4958 παρ’
713 4885 883 4938 αὐτῶν
934 4890 1052 4960 περὶ
1113 4894 1209 4947 τῆς
1271 4886 1431 4961 ὀρθῆς
1483 4891 1707 4949 πίστεως
1764 4887 1830 4948 εἰς

233 4975 530 5049 κατάκρισιν
607 4984 711 5028 τῶν
790 4975 1064 5047 αἰρετικῶν
1139 4973 1402 5028 ἐκτεθέντα
1435 4991 1448 5004 ·

453 5069 551 5118 Καὶ

1528 4980 1628 5028 Καὶ
1701 4979 1830 5048 μετά

236 5075 385 5113 τηου
453 5069 551 5118 Καὶ
616 5067 663 5117 εἰ
720 5083 801 5126 τις
867 5063 1048 5117 ἑαυτὸν
1086 5071 1183 5125 τῆς
1239 5062 1288 5116 ἐν
1345 5063 1524 5125 αύτοίς
1565 5069 1832 5127 κοινωνίας

295 5345 400 5422 (g9)
413 5347 810 5422 Sequentium
824 5345 988 5419 apud
1003 5346 1834 5422 Chrysostomumverborum

242 5415 431 5492 sedem
460 5415 892 5492 véstigandam
917 5415 1240 5492 perotium
1263 5418 1508 5475 eruditis
1531 5420 1832 5492 permitto.

302 5489 517 5566 (οολεξ
547 5489 705 5566 oper
731 5491 823 5546 De
843 5489 983 5566 ﬁde,
1010 5489 1123 5566 lib.
1144 5505 1203 5558 ιι,
1234 5505 1366 5565 cap.
1401 5492 1455 5559 7,
1487 5489 1552 5548 nI
1584 5495 1672 5550 56.

298 5560 548 5635 (sum).
583 5560 688 5624 cit.
721 5576 862 5635 cap.
886 5562 942 5631 8,
973 5575 1032 5620 η.
1063 5564 1157 5622 70.

1933 3159 2059 3213 est?
2089 3160 2292 3228 Itaque
2323 3158 2526 3229 accipe
2571 3156 2873 3213 Christum
2930 3157 3265 3213 secundum
3314 3158 3583 3214 divinita-

1935 3251 2073 3316 tem,
2097 3245 2394 3301 minorem
2423 3260 2545 3301 non
2568 3261 2745 3317 posse
2770 3244 2906 3301 dici.

2459 3351 2672 3409 Sancti
2697 3353 3055 3424 Agathonis.

2007 3463 2094 3516 33.
2129 3460 2195 3514 Et
2244 3457 2390 3515 dum
2444 3458 2702 3516 ostendit
2735 3474 2995 3529 magnus
3050 3459 3421 3535 Ambrosius,
3461 3479 3586 3521 non

1935 3563 2112 3622 posse
2134 3548 2387 3604 diversae
2404 3549 2712 3622 potestatis
2742 3564 2927 3604 unam
2948 3551 3358 3621 operationem
3375 3553 3585 3610 existe-

1937 3654 2145 3706 re,nec
2176 3639 2471 3693 minorem
2499 3654 2679 3710 posse
2700 3637 3112 3711 operariquod
3137 3656 3452 3712 magnam;
3475 3658 3585 3699 nec

1939 3727 2042 3782 ubi
2069 3727 2308 3783 diversa
2339 3727 2675 3782 substantia
2707 3731 2812 3792 est,
2859 3743 3044 3782 unam
3084 3745 3260 3798 posse
3288 3731 3582 3800 operatio-

1937 3831 2076 3872 nem
2098 3815 2366 3885 intelligi,
2390 3815 2760 3871 demonstrat
2783 3815 3111 3870 manifestis
3140 3815 3394 3884 indiciis,
3416 3819 3585 3888 quod

1936 3920 2061 3963 non
2089 3905 2278 3976 possit
2325 3920 2508 3959 unam
2547 3903 2882 3959 naturalem
2914 3904 3325 3974 operationem
3359 3904 3584 3963 habere

1939 3993 2220 4048 divinitas
2253 3997 2309 4048 et
2328 3993 2675 4048 humanitas
2706 3990 3088 4060 Christi,licet
3115 3992 3291 4046 unius
3310 4008 3581 4065 persona:

1938 4097 2068 4138 esse
2099 4086 2446 4149 noscantur,
2481 4085 2536 4136 et
2565 4079 2817 4136 alterum
2857 4095 2994 4134 cum
3028 4079 3271 4136 alterius
3311 4097 3584 4139 commu-

1937 4173 2115 4227 nione
2164 4170 2400 4242 operari
2432 4175 2768 4226 cernantur.
2804 4168 2910 4224 Ubi
2935 4169 3139 4241 itaque
3169 4171 3366 4242 major
3404 4173 3586 4229 etmi-

1936 4275 2047 4314 nor
2076 4258 2291 4314 dicitur
2319 4257 2610 4330 operatio,
2645 4272 2770 4313 non
2823 4257 2899 4312 de
2942 4273 3065 4313 una
3094 4257 3199 4314 sed
3229 4259 3303 4314 de
3343 4259 3584 4317 duabus

1935 4347 2309 4405 naturalibus
2361 4347 2539 4402 unius
2593 4346 2805 4402 Christi
2856 4347 3307 4417 operationibus
3351 4349 3586 4407 intima-

1939 4445 2051 4495 tur.
2078 4474 2140 4483 -
2167 4442 2354 4510 Atque
2399 4437 2527 4492 haec
2553 4437 2801 4508 quidem
2851 4442 3018 4494 sexta
3049 4437 3318 4510 synodus
3347 4439 3585 4497 decreto

1935 4528 2359 4600 ﬁrmavit,quse
2383 4526 2657 4583 videlicet
2678 4531 2921 4583 sanctus
2949 4527 3305 4584 Ambrosius
3339 4530 3588 4602 scripse-

1936 4623 2044 4675 rat.
2089 4619 2306 4684 Quinta
2335 4633 2476 4673 vero
2508 4617 2780 4689 synodus
2801 4622 2931 4673 tum
2951 4617 3091 4674 huic
3123 4620 3432 4675 sententiae
3461 4625 3582 4676 tum
3637 4651 3639 4654 -

1936 4707 2180 4778 reliquis
2233 4711 2578 4762 sanctorum
2646 4707 2883 4761 Patrum
2952 4711 3456 4777 congregatarum
3504 4707 3588 4764 sic

1938 4795 2420 4851 acclamaverat:
2479 4794 2817 4866 Recipimus
2869 4799 3103 4866 cuncta,
3139 4811 3273 4866 quas
3324 4795 3404 4850 ab
3441 4795 3589 4866 ipsis

1940 4886 2098 4941 circa
2121 4891 2342 4940 rectam
2388 4885 2568 4940 tidem
2602 4884 2833 4956 prolata
2881 4889 3022 4939 sunt
3063 4885 3143 4940 ad
3171 4885 3590 4940 haereticorum

1943 4974 2526 5031 condemnationem.
2557 4976 2633 5029 Et
2660 4975 2848 5042 paulo
2867 4979 3022 5043 post.
3049 4976 3112 5029 Et
3142 4974 3190 5028 si
3217 4975 3350 5046 quis
3381 4974 3460 5030 ab
3484 4974 3592 5031 ho-

1941 5080 2078 5121 rum
2099 5079 2397 5120 consensu
2417 5067 2605 5119 semet
2632 5061 2946 5133 abstrahit,
2974 5063 3271 5120 contraria
3305 5063 3587 5132 sentiens,

2012 5346 2126 5414 (32)
2185 5348 2266 5403 Ex
2318 5343 2529 5403 concil.
2584 5359 2643 5400 ll!
2691 5342 3164 5416 Constantinop.,
3229 5343 3323 5400 ed.
3389 5339 3588 5409 Coleti,

1944 5419 2458 5620 tiliiliii’iiécfgiigs'
2481 5491 2674 5548 exstat
2704 5489 2897 5547 textus
2951 5485 3118 5558 apud
3155 5485 3401 5544 citatum
3452 5494 3590 5536 con-

1946 5576 1995 5618 Cl
2044 5576 2168 5620 um.
2342 5587 2346 5592 -

1946 5576 2168 5620 culum.
2342 5587 2346 5592 '
