4126 6272
554 279 659 346 ἑετ
1899 279 2165 344 NICETE
2209 281 2574 342 CHONIATE
3802 287 3903 344 22s

551 415 650 470 hic
674 417 966 487 quoniam
1019 417 1181 470 recta
1208 411 1328 468 ﬁde
1360 429 1420 468 se
1452 411 1754 468 abalienat
1791 411 2201 484 hiereticisque

2325 417 2542 484 χωρίσει
2566 415 2632 464 τὰ
2680 411 2882 463 ἐναντία
2931 419 3143 486 φρονῶν,
3183 411 3208 461 ό
3245 430 3494 480 τοιουτος,
3528 411 3705 464 ἑαυτὸν
3761 411 3902 465 ἁλλο-

553 509 968 568 connumerat,
999 507 1211 560 merito
1235 519 1270 558 a
1300 507 1506 560 sancta
1531 503 1634 558 Dei
1663 501 1922 558 Ecclesia
1951 501 2200 558 damna-

553 597 649 649 tur
678 597 856 666 atque
885 593 1254 650 anathemati
1290 593 1625 664 subjicitur.

560 809 660 864 Ex
712 809 1009 878 synodicis
1047 823 1174 878 quae
1222 809 1472 862 Romam
1521 808 1684 878 misit
1733 812 1974 860 sanctus
2021 807 2204 860 Pater

631 877 830 935 noster
860 877 1230 948 Sophronias
1257 877 1612 948 patriarcha
1634 879 2203 945 Hierosolymorum,

633 951 704 1005 de
732 951 1032 1006 dominica
1061 951 1500 1006 incarnatione.
1552 955 1606 1003 et
1637 949 1796 1018 quod
1834 950 1908 1002 sit
1941 963 2094 1002 unus
2135 962 2208 1002 ea:

637 1023 926 1077 Trim'tate
946 1023 1112 1077 Jesus
1143 1021 1418 1078 Christus
1447 1021 1641 1075 Filius
1671 1021 1782 1075 Dei
1822 1025 1875 1074 et
1917 1020 2208 1074 Dominus

631 1099 848 1150 noster.

628 1202 718 1257 34.
751 1203 870 1256 Nos
911 1217 1102 1256 unum
1152 1200 1448 1256 Christum
1479 1203 1536 1255 et
1563 1200 1775 1255 Filium
1805 1199 2207 1268 incarnatum,

553 1304 772 1360 nempe
803 1289 1086 1356 Verbum,
1115 1289 1480 1354 asserimus;
1513 1293 1569 1344 et
1599 1289 1842 1344 unicam
1892 1289 2021 1357 ejus
2071 1287 2212 1342 sub-

554 1379 834 1434 stantiam
867 1379 1270 1450 compositam
1291 1378 1566 1444 dicimus,
1600 1381 1658 1432 et
1689 1377 1844 1432 duas
1877 1377 2004 1446 ejus
2032 1375 2210 1432 conﬁ-

553 1469 748 1522 temur
773 1466 1387 1535 naturas,voluntates
1413 1471 1594 1537 atque
1625 1465 2026 1536 operationes.
2055 1467 2212 1518 Duas

553 1570 798 1626 quoque
828 1554 1102 1624 ejusdem
1137 1554 1306 1608 Verbi
1347 1553 1448 1610 Dei
1501 1554 1848 1608 nativitates
1889 1553 2208 1622 credimus,

553 1657 740 1696 unam
761 1642 1008 1712 quidem
1035 1659 1106 1697 ex
1131 1643 1250 1697 Deo
1271 1645 1436 1698 Patre
1471 1658 1656 1714 quam
1681 1641 2142 1713 intemporalem
2160 1645 2216 1695 et

2313 509 2468 572 τριών
2499 505 2587 553 καὶ
2617 509 2708 560 τῆς
2731 500 2887 574 ὀρθῆς
2925 505 3147 560 πίστεως
3177 505 3267 550 καὶ
3307 507 3416 562 τοῖς
3445 504 3720 574 αἰρετικοῖς
3747 521 3902 552 συνα-

2311 591 2530 666 ριομὼν,
2567 587 2782 650 δικαίως
2821 592 2919 642 ὑπὸ
2968 597 3063 651 τῆς
3101 590 3250 660 ἁγίας
3279 597 3370 641 τοῦ
3419 598 3553 644 Θεοῦ
3605 590 3905 650 Ἐκκλησίας

2311 685 2674 754 κατακρίνεται
2695 685 2783 731 καὶ
2813 677 3243 752 ἁναθεματίζεται
3273 678 3401 749 (34).

2313 801 2444 858 Ἀπὸ
2477 814 2574 856 τῶν
2619 801 2906 856 συνοὸικὼν
2959 805 3026 854 ὧν
3055 803 3277 874 ἔπεμψεν
3318 802 3364 854 ὲν
3388 802 3554 875 Ῥώμῃ
3613 803 3638 854 ὀ
3669 802 3716 854 ἐν
3747 803 3908 873 ἁγίοις

2389 881 2563 958 Πατὴρ
2597 879 2739 946 ἡμῶν
2765 881 3044 954 Σωγρόνιος
3065 873 3370 949 πατιοὲρχης
3401 873 3765 946 Ἰεροσολύμων
3795 880 3908 958 περὶ

2388 955 2481 1008 τῆς
2522 941 2771 1018 ἐνσιὶρκου
2811 941 3102 1018 οἰκονομίας
3131 941 3237 996 του’
3262 941 3368 1006 ἐνὸς
3397 941 3492 1006 τῆς
3513 941 3666 1016 ἁγίας
3687 941 3910 1016 Τριάδος

2388 1019 2562 1076 Ἰησοῦ
2621 1017 2856 1091 Χριστοῦ
2898 1017 2990 1068 τοῦ
3049 1019 3173 1070 Tia-3
3233 1023 3324 1068 τοῦ
3387 1023 3520 1068 Θεοῦ
3563 1017 3653 1067 καὶ
3721 1023 3909 1090 Κυρίου

2391 1110 2556 1162 ημων.

2391 1193 2490 1249 λὸ“’.
2532 1197 2708 1268 Ἡμεῖς
2781 1198 2866 1247 ἕνα
2939 1198 3169 1268 Χριστὸν
3235 1199 3323 1246 καὶ
3385 1197 3506 1245 Υὶόν
3561 1197 3648 1246 τόν
3719 1213 3912 1267 σαρκω-

2325 1289 2472 1338 θέντα
2510 1291 2675 1356 Λόγον
2729 1283 3071 1356 πρεσϐεύομεν
3108 1301 3118 1312 ·
3171 1288 3260 1334 καὶ
3291 1287 3413 1354 μίαν
3445 1283 3605 1334 αὐτου
3657 1287 3750 1340 τὴν
3792 1285 3914 1334 ὑπὸ·

2327 1397 2512 1428 στασιν
2549 1376 2759 1447 λέγομεν
2792 1377 3032 1427 σύνθετον
3065 1391 3078 1403 ’
3123 1379 3214 1425 καὶ
3251 1377 3298 1424 ἐν
3341 1369 3494 1424 δυσὶν
3540 1373 3692 1424 αὐτόν
3743 1373 3916 1444 ὁμολο-

2321 1484 2510 1536 γουμεν
2565 1471 2678 1524 ταῖς
2745 1467 2956 1534 φύσεσι,
3030 1462 3286 1533 θελήμασί
3341 1481 3394 1512 τε
3453 1466 3542 1514 καὶ
3596 1461 3912 1534 ἐνεργείαις·

2324 1559 2412 1606 καὶ
2466 1551 2562 1606 δύο
2619 1561 2710 1605 τοῦ
2759 1553 2918 1604 αὑτοῦ
2971 1557 3097 1604 Θεοῦ
3147 1557 3322 1622 Λόγου
3361 1556 3622 1621 γεννήσεις
3673 1553 3916 1602 πιστεύο-

2325 1663 2414 1716 μεν
2450 1661 2462 1672 ·
2511 1648 2633 1715 μίαν
2673 1645 2762 1714 μὲν
2801 1647 2894 1699 τὴν
2939 1639 2993 1692 ἐκ
3023 1648 3154 1692 Θεοῦ
3193 1645 3282 1690 καὶ
3333 1643 3549 1712 Πατρός,
3603 1640 3665 1696 ἣν
3695 1641 3917 1713 ἄχρονον

558 1729 985 1800 sempiternam
1028 1731 1290 1796 scimus;
1323 1747 1394 1786 ex
1425 1731 1676 1802 Deipara
1725 1735 1913 1786 matre
1941 1730 2210 1788 alteram.

2325 1739 2414 1786 καὶ
2487 1730 2654 1784 ἀίδιον
2729 1729 2978 1804 οἴδαμεν·
3057 1736 3146 1782 καὶ
3221 1727 3464 1801 δευτέραν
3539 1735 3626 1786 τὴν
3701 1729 3756 1780 ἐκ
3833 1738 3920 1790 τῆς

558 1833 744 1890 quam
767 1823 821 1873 et
853 1835 1144 1890 nuperam
1179 1823 1234 1874 et
1259 1819 1653 1890 temporalem
1681 1819 2125 1886 cognoscimus.
2155 1811 2216 1871 Et

561 1911 913 1962 naturarum
968 1908 1357 1980 proprietates
1429 1909 1650 1963 servari
1715 1907 1990 1970 dicimus,
2060 1907 2213 1961 duas

561 2010 779 2066 nempe
809 1995 1093 2068 physicas
1120 1997 1475 2063 voluntates,
1501 2003 1556 2052 et
1577 1997 1729 2052 duas
1760 1997 2042 2067 physicas
2073 2011 2212 2066 ope-

561 2083 842 2139 rationes.
885 2089 948 2140 Et
977 2091 1274 2157 quatenus
1305 2087 1456 2140 Deus
1489 2091 1597 2156 est,
1631 2085 2210 2141 consubstantialem

561 2172 760 2243 ipsum
801 2175 956 2229 Patri
996 2174 1370 2230 afﬁrmamus
1403 2191 1415 2228 :
1468 2176 1634 2231 Matri
1671 2181 1868 2230 autem
1911 2173 2210 2244 nobisque

559 2264 1382 2336 consubstantialem,quaten
1393 2283 1460 2319 us
1475 2266 1652 2321 homo
1666 2265 2061 2326 est.eumdem
2079 2281 2211 2336 pro-

559 2351 908 2405 nuntiamus
935 2370 948 2418 ;
983 2351 1273 2406 visibilem
1299 2353 1524 2424 puriter
1553 2357 1610 2408 et
1635 2353 2010 2417 invisibilem,
2044 2367 2210 2407 crea-

555 2443 684 2492 tum
729 2445 786 2493 et
835 2439 1190 2505 increatum,
1231 2456 1590 2512 corporeum
1647 2447 1704 2496 et
1761 2442 2208 2512 incorporeum,

555 2526 1040 2582 contrectabilem
1107 2533 1165 2582 et
1223 2529 1798 2598 incontrectabilem,
1845 2529 2212 2586 circumscri-

555 2618 730 2686 ptum
760 2621 816 2671 et
836 2617 1451 2689 incircumscriptum,
1471 2624 1772 2674 terrenum
1803 2623 1862 2674 et
1887 2619 2205 2688 caelestem,

561 2719 743 2760 carne
761 2721 900 2760 cum
925 2706 1202 2762 rationali
1223 2707 1430 2762 anima
1451 2709 1768 2779 prieditum
1791 2713 1849 2765 et
1871 2708 2050 2764 simul
2065 2707 2213 2763 divi-

563 2793 768 2858 nitate,
793 2809 1094 2865 nuperum
1125 2800 1180 2850 et
1227 2797 1678 2868 sempiternum,
1709 2797 1999 2853 humilem
2031 2803 2088 2852 et
2115 2813 2211 2852 ex-

2327 1827 2583 1874 Θεοτόκου
2640 1825 2856 1895 μητρός,
2899 1821 2960 1878 ἣν
3017 1825 3106 1870 καὶ
3171 1823 3469 1892 πρόσφατον
3528 1823 3617 1869 καὶ
3669 1822 3920 1889 χρονικὴν

2324 1909 2647 1982 ἐπιστάμεθα
2679 1931 2692 1942 ο
2757 1915 2845 1960 καὶ
2912 1911 2976 1960 τὰ
3039 1917 3137 1958 τῶν
3195 1911 3390 1978 φύσεων
3453 1909 3710 1978 φάσκομεν
3770 1909 3920 1968 σύζε-

2327 2003 2450 2051 σοαι
2504 1997 2620 2051 ἴδια
2651 2016 2662 2028 ·
2721 2003 2958 2049 τουτέστι
2999 1993 3096 2048 δύο
3145 1997 3340 2066 φυσικὰ
3384 1995 3666 2066 θελήματα,
3707 1991 3921 2047 καὶδύο

2323 2093 2549 2160 φυσικὰς
2624 2085 2920 2162 ἐνεργείας·
2999 2091 3088 2136 καὶ
3164 2087 3439 2156 όμοούσιον
3515 2087 3578 2143 ὡς
3649 2087 3778 2135 Θεὸν
3853 2093 3920 2152 τῷ

2325 2184 2490 2252 Πατρὶ
2547 2181 2632 2228 τόν
2689 2177 2842 2227 αὐτόν
2903 2173 3261 2248 ἀναγράφομεν
3303 2188 3317 2201 '
3379 2177 3466 2224 καὶ
3521 2175 3802 2243 όμοούσιον
3861 2181 3919 2244 τῇ

2321 2272 2484 2339 μητρὶ
2531 2271 2621 2317 καὶ
2675 2267 2796 2336 ἡμῖν
2827 2268 2914 2316 τόν
2964 2265 3118 2314 αὐτόν
3168 2265 3234 2322 ὡς
3281 2263 3550 2332 ἄνθρωπον
3598 2264 3864 2333 φάσκομεν
3897 2281 3910 2293 ο

2322 2357 2504 2426 ὁρατόν
2546 2355 2701 2405 αὐτόν
2748 2358 2836 2404 καὶ
2885 2351 3140 2425 ἀόρατον²
3193 2353 3401 2401 κτιστόν
3455 2353 3542 2400 τόν
3603 2350 3763 2401 αὐτόν
3821 2353 3920 2400 ὡσ-

2321 2448 2490 2505 αύτως
2525 2449 2616 2496 καὶ
2667 2445 2912 2496 ἅκτιστον
2944 2459 2955 2471 ·
3021 2451 3172 2512 σῶμα
3227 2443 3314 2491 τόν
3363 2439 3518 2490 αὐτὸν
3565 2445 3656 2490 καὶ
3709 2437 3923 2510 ἀσώμα-

2319 2553 2402 2585 τον
2441 2549 2454 2562 ⁸
2517 2533 2678 2585 ἁπτόν
2731 2536 2817 2584 τόν
2875 2531 3030 2582 αὐτόν
3083 2535 3174 2581 καὶ
3222 2527 3474 2599 ἀνέπαφον
3509 2545 3522 2558 ·
3570 2530 3923 2602 περι-γραπτὸν

2319 2626 2406 2674 τὸν
2451 2622 2606 2674 αὐτὸν
2645 2627 2734 2672 καὶ
2766 2619 3147 2694 ἀπερίγραπτον
3179 2632 3196 2650 ⁸
3231 2616 3452 2688 ἐπίγειον
3499 2619 3588 2667 τόν
3627 2617 3782 2668 αὐτόν
3837 2621 3924 2668 καὶ

2321 2711 2558 2786 οὐράνιον
2593 2727 2605 2740 ·
2677 2713 2850 2783 σάρκα
2911 2713 2998 2761 τὸν
3065 2708 3220 2760 αὐτὸν
3287 2705 3634 2776 ἐψυχωμένην
3704 2704 3925 2776 λογικῶς

2328 2806 2420 2854 καὶ
2488 2802 2707 2857 ϐιότητα
2739 2816 2750 2828 ·
2811 2803 3111 2872 πρόσφατον
3174 2800 3258 2848 τὸν
3323 2795 3476 2846 αὑτὸν
3551 2798 3642 2846 καὶ
3703 2791 3876 2846 ἀίδιον
3909 2803 3920 2814 '

567 2881 816 2942 celsum,
851 2888 906 2937 et
934 2899 1334 2956 quaecumque
1360 2885 1614 2956 duplicis
1635 2887 2110 2958 inseparabiliter
2129 2901 2214 2940 re-

565 2971 876 3043 periuntur
905 2979 1154 3028 naturas.
1185 2976 1252 3028 Et
1281 2973 1563 3030 sublimia
1605 2975 1853 3046 quidem
1892 2975 1942 3030 is
1981 2990 2214 3046 semper

2328 2977 2620 3053 ἀμερίστως
2685 2979 2981 3052 εὑρίσκεται
3039 2979 3259 3047 φύσεως.
3323 2978 3424 3026 Καὶ
3477 2975 3544 3024 τὰ
3601 2975 3691 3044 μὲν
3753 2969 3926 3042 ὑψηλὰ

565 3059 800 3130 habuit,
827 3065 1028 3132 utpote
1057 3063 1424 3134 sempiterna
1445 3069 1663 3120 natura
1686 3065 1998 3136 praeditus;
2023 3065 2214 3120 humi-

2329 3070 2568 3142 ὑπῆρχεν
2599 3067 2696 3130 ἀεὶ,
2749 3071 2818 3127 ὡς
2848 3069 3002 3138 φύσιν
3065 3067 3202 3135 ἔχων
3241 3059 3415 3114 αῖδιον
3447 3079 3459 3092 ·
3503 3063 3570 3112 τὰ
3617 3057 3675 3112 δέ
3713 3061 3926 3112 ταπεινά

562 3147 645 3204 lia
671 3165 813 3204 vero
834 3155 1078 3222 propter
1099 3168 1210 3206 nos
1237 3153 1520 3208 extremis
1539 3154 1914 3226 temporibus
1939 3155 2216 3212 immuta-

563 3237 760 3292 bilitcr
793 3240 1026 3304 ascivit,
1055 3247 1298 3312 propter
1323 3247 1702 3314 assumptum
1733 3243 2066 3300 humanam
2113 3261 2218 3300 na-

563 3327 979 3390 turam.Quare
997 3344 1156 3384 unus
1184 3329 1362 3384 simul
1385 3346 1518 3386 esse
1541 3331 2008 3402 deprehenditur
2037 3339 2216 3405 atque

565 3413 716 3467 duo:
749 3429 906 3468 unus
926 3415 1170 3486 quidem
1193 3417 1526 3473 secundum
1558 3419 2005 3478 subsistentiam
2036 3429 2216 3494 atque

565 3513 914 3572 personam,
958 3503 1079 3558 duo
1109 3519 1249 3560 vero
1279 3505 1612 3563 secundum
1660 3509 1823 3581 ipsas
1862 3515 2109 3566 naturas
2147 3527 2217 3566 ac

568 3597 875 3654 naturales
907 3615 1116 3655 earum
1146 3603 1559 3674 proprietates,
1585 3605 1859 3662 videlicet
1895 3607 2216 3663 voluntatis

569 3691 626 3741 et
655 3687 1036 3758 operationis.
1069 3691 1323 3762 Utraque
1371 3693 1530 3748 enim
1569 3689 1776 3750 forma
1821 3712 1962 3751 cum
2007 3700 2218 3752 mutua

569 3781 995 3834 communione
1016 3785 1298 3852 operatur
1326 3783 1490 3854 quod
1519 3785 1832 3855 prOprium
1863 3785 1954 3840 sui
1979 3791 2068 3840 est
2092 3799 2102 3837 :
2137 3787 2218 3842 ita

563 3871 635 3922 'ut
663 3867 920 3922 Verbum
947 3875 1225 3941 operetur
1249 3871 1416 3944 quod
1438 3872 1616 3928 Verbi
1641 3874 1954 3946 proprium
1975 3879 2061 3930 est
2077 3892 2214 3930 cum

568 3959 839 4030 corporis
889 3959 1352 4028 communione;
1395 3978 1614 4034 corpus
1660 3967 1862 4018 autem
1904 3979 2039 4035 qua:
2078 3969 2218 4020 sunt

567 4047 814 4118 propria
830 4048 1078 4118 peragit,
1101 4065 1222 4104 non
1249 4049 1374 4105 sine
1397 4049 1568 4106 Verbi
1594 4051 2214 4122 cooperatione.Porro

568 4149 642 4188 ex
657 4133 750 4188 his
779 4151 968 4190 unum
995 4137 1284 4209 prodigiis
1301 4145 1596 4208 coruscat,
1623 4139 1878 4197 alterum
1909 4145 2214 4198 contume-

566 4221 677 4276 lias
705 4223 1046 4293 perpetitur.

743 4328 803 4383 S.
847 4329 1062 4386 Basilii
1085 4333 1149 4388 in
1179 4335 1340 4390 illud
1367 4351 1392 4392 .·
1429 4358 1458 4386 ‹‹
1489 4338 1618 4408 Ego
1647 4354 1778 4395 sum
1809 4339 1966 4394 vitis.
1999 4357 2032 4392 ›

2325 2893 2564 2941 ταπεινόν
2591 2893 2676 2940 τόν
2727 2888 2882 2940 αὐτόν
2943 2892 3032 2938 καὶ
3071 2889 3354 2957 ὑπέρτατον
3387 2904 3400 2916 ·
3441 2887 3532 2935 καὶ
3587 2884 3688 2934 ὅσα
3743 2880 3921 2941 διττῆς

2329 3155 2404 3209 δί’
2461 3159 2599 3228 ἡμᾶς
2653 3157 2700 3206 ἐν
2748 3161 2925 3228 χρόνῳ
2985 3153 3198 3226 ἐσχάτῳ
3257 3151 3516 3226 ἀτρέπτως
3573 3151 3794 3221 ἐγένετο,
3859 3151 3926 3208 ὡς

2327 3249 2482 3318 φύσιν
2555 3245 2861 3318 προσλαϐὼν
2935 3249 3028 3302 τὴν
3096 3242 3429 3317 ἀνθρώπειον.
3489 3244 3588 3292 Καὶ
3669 3241 3813 3291 ἔστιν
3879 3237 3926 3289 ἓν

2325 3341 2415 3388 καὶ
2483 3331 2579 3386 δύο
2637 3337 2662 3386 ὁ
2719 3335 2876 3395 αὑτός
2931 3333 3308 3404 γνωριζόμενος
3341 3349 3354 3363 ³
3405 3329 3454 3382 ἓν
3517 3331 3608 3400 μὲν
3657 3330 3798 3380 κατὰ
3839 3331 3926 3382 τὴν

2324 3427 2619 3476 ὑπόστασιν
2649 3428 2739 3476 καὶ
2783 3427 2841 3474 τό
2873 3428 3169 3496 πρόσωπον,
3201 3417 3298 3472 δύο
3347 3415 3405 3470 δὲ
3443 3419 3576 3469 κατά
3605 3419 3696 3478 τὰς
3745 3419 3928 3488 φύσεις

2325 3513 2487 3574 αὐτὰς
2553 3519 2641 3564 καὶ
2703 3515 2792 3573 τὰς
2844 3514 3067 3581 φυσικὰς
3125 3509 3292 3562 αὐτῶν
3350 3503 3636 3574 ἰδιότητας,
3689 3504 3828 3576 λέγω
3871 3499 3929 3556 δὲ

2328 3605 2614 3678 Θελήματος
2661 3607 2749 3654 καὶ
2787 3601 3040 3677 ἐνεργείας
3067 3618 3080 3630 ·
3142 3599 3450 3673 ἐνεργούσης
3505 3597 3753 3670 ἑκατέρας
3791 3614 3927 3669 μορ-

2327 3703 2424 3767 φῆς
2469 3697 2600 3766 μετὰ
2628 3701 2715 3752 τῆς
2746 3695 2960 3765 θατέρου
3011 3695 3294 3754 κοινωνίας,
3327 3691 3447 3762 ὅπερ
3485 3683 3623 3738 ἴδιον
3672 3687 3880 3758 ἔσχηκε
3908 3697 3922 3712 '

2323 3803 2412 3835 του
2452 3787 2541 3856 μεν
2591 3787 2763 3852 Λόγου
2816 3781 3263 3856 κατεργαζομένου
3315 3776 3453 3830 τουθ’
3501 3779 3620 3848 ὅπερ
3681 3773 3800 3826 ἐστὶ
3838 3779 3930 3824 τοῦ

2325 3877 2499 3944 Λόγου
2529 3891 2660 3944 μετα
2695 3879 2791 3932 τῆς
2819 3875 3088 3929 κοινωνίας
3113 3876 3205 3920 τοῦ
3235 3885 3495 3940 σωματος,
3543 3884 3634 3916 του
3665 3859 3725 3916 δε
3753 3869 3930 3934 σώμα-

2324 3982 2412 4024 τος
2457 3960 2798 4020 ἐκετελοῦντος
2845 3959 2972 4031 οἱπερ
3021 3957 3132 4009 ἐστὶ
3159 3963 3249 4008 τοῦ
3304 3961 3566 4027 σώματος,
3596 3969 3934 4012 κοινωνοντος

2325 4053 2465 4122 αὑτῴ
2525 4072 2618 4102 του
2680 4055 2853 4121 Λόγου
2907 4057 2997 4108 τῆς
3051 4046 3301 4120 πράξεως.
3347 4049 3447 4096 Καὶ
3497 4045 3556 4094 τό
3607 4045 3700 4114 μὲν
3761 4039 3932 4092 αὐτῶν

2323 4137 2609 4213 διαλάμπει
2661 4147 2770 4200 τοῖς
2826 4140 3080 4209 Οαύμασι,
3112 4138 3170 4186 τὸ
3203 4130 3261 4186 δὲ
3315 4141 3432 4194 ταῖς
3470 4130 3680 4204 ὕϐρεσιν
3728 4131 3936 4181 ὑποπέ-

2321 4249 2511 4286 πτωκε.

2500 4337 2606 4392 Τοῦ
2635 4337 2790 4409 ἁγίου
2817 4335 3090 4389 Βασιλείαν
3130 4333 3200 4409 είς
3233 4335 3314 4401 τὸ,
3349 4355 3378 4383 ι(
3409 4333 3544 4403 Ἐγώ
3571 4329 3682 4402 εἰμι
3713 4331 3745 4388 ἡ

2901 4407 3125 4480 ἄμπελος
3155 4405 3284 4474 (35).
3311 4427 3340 4454 ››

643 4527 730 4579 35.
755 4523 856 4580 Hic
879 4541 976 4580 me
999 4525 1294 4584 invadunt
1321 4529 1597 4604 haeretici,
1629 4535 1916 4607 aiuntque
1945 4552 1958 4590 :
1985 4533 2042 4591 Si
2077 4532 2212 4588 vitis
2242 4453 2290 4508 Β

572 4617 661 4670 est
691 4615 984 4678 Servator,
1013 4631 1122 4671 nos
1153 4618 1450 4689 palmites,
1483 4624 1747 4694 agricola
1771 4630 1974 4680 autem
2012 4627 2212 4698 Pater;

569 4717 782 4760 rursus
803 4705 852 4760 si
871 4704 1144 4776 palmites
1163 4709 1436 4779 ejusdem
1451 4719 1680 4770 naturai
1701 4717 2037 4788 sunt,cujus
2055 4719 2216 4788 vitis,

569 4793 704 4850 vitis
725 4797 926 4850 autem
945 4811 1067 4851 non
1087 4803 1176 4852 est
1193 4799 1470 4870 agricola:
1481 4803 2026 4874 consubstantialis;
2043 4807 2218 4864 Filius

569 4883 816 4954 quidem
856 4884 1130 4954 ejusdem
1160 4893 1252 4944 est
1275 4895 1498 4947 natura:
1529 4895 1704 4964 cujus
1742 4910 1854 4950 nos
1885 4911 2219 4968 sumusque

565 4984 684 5026 nos
711 4971 906 5042 ipsius
945 4987 1130 5043 pars:
1169 4991 1294 5032 non
1343 4983 1543 5036 autem
1596 4981 1774 5036 Filius
1824 4982 2096 5052 ejusdem
2133 4989 2221 5040 est

565 5063 798 5116 natura
825 5061 1000 5132 cujus
1025 5065 1212 5134 Pater,
1267 5067 1374 5124 sed
1403 5070 1655 5126 omnino
1705 5070 1955 5126 alienus.
1989 5071 2218 5137 Quibus

564 5148 1338 5220 respondebimus,vocatos
1363 5174 1476 5214 nos
1503 5175 1636 5215 esse
1657 5175 1781 5216 non
1805 5159 2043 5216 deitatis
2063 5161 2219 5217 illius

566 5235 867 5307 palmites,
902 5240 1006 5295 sed
1053 5245 1250 5300 carnis
1271 5265 1290 5318 ,-
1331 5248 1666 5304 secundum
1709 5264 1848 5303 eum
1879 5249 1984 5320 qui
2023 5249 2170 5306 dixit
2203 5270 2216 5320 ;

567 5325 685 5380 Nos
743 5328 898 5384 enim
948 5345 1151 5388 sumus
1199 5349 1416 5405 corpus
1465 5335 1694 5393 Christi
1733 5341 1792 5391 et
1827 5337 2096 5394 membra
2145 5354 2221 5396 ex

2390 4533 2474 4590 λε’.
2523 4535 2776 4588 Ἐνταυθοί
2813 4553 2904 4606 μοι
2957 4531 3372 4590 ἐπισκήπτουσίν
3420 4531 3470 4580 οἱ
3526 4529 3786 4600 αἰρετικοὶ
3843 4527 3938 4576 καὶ

2323 4645 2480 4698 φασιν
2509 4643 2522 4654 ·
2557 4625 2617 4678 Εἰ
2667 4623 2890 4696 ἄμπελος
2943 4623 3083 4694 μενό
3114 4625 3310 4694 Σωτὴρ,
3355 4619 3598 4689 κλήματα
3645 4612 3708 4666 δὲ
3755 4615 3934 4686 ἡμεῖς,

2323 4717 2551 4788 γεωργός
2614 4710 2672 4764 δὲ
2735 4715 2761 4764 ό
2811 4717 3005 4785 Πατὴρ,
3069 4712 3136 4762 τὰ
3193 4706 3252 4760 δι
3299 4707 3546 4780 κλήματα
3599 4705 3810 4776 ὁμοφυῆ
3869 4707 3934 4772 τῇ

2325 4803 2558 4876 ἀμπέλῳ,
2613 4805 2644 4860 ἡ
2709 4799 2769 4853 δε
2823 4801 3044 4873 ἄμπελος
3099 4798 3204 4870 οὐχ
3255 4799 3480 4870 ὁμοφυὴς
3530 4801 3601 4864 τῷ
3655 4797 3888 4866 γεωργῷ
3921 4803 3936 4818 ⁸

2327 4893 2550 4965 ὁμοφυὴς
2589 4894 2694 4966 ἄρα
2735 4893 2859 4962 ἡμῖν
2907 4891 2933 4940 ὁ
2983 4890 3121 4956 Υἱὸς,
3157 4891 3246 4939 καὶ
3292 4891 3447 4960 μέρος
3497 4887 3646 4956 ἡμεῖς
3717 4899 3890 4933 αυτου
3923 4895 3940 4912 ⁶

2327 4983 2434 5054 οὐχ
2471 4982 2700 5054 ὁμοφυὴς
2743 4976 2802 5031 δὲ
2857 4987 2929 5048 τῷ
2973 4981 3141 5051 Πατρὶ
3169 4977 3196 5026 ό
3225 4977 3367 5042 Υἱός,
3400 4973 3526 5024 ἀλλὰ
3576 4973 3714 5024 κατὰ
3765 4969 3944 5021 πάντα

2329 5071 2622 5146 ἀλλότριος.
2687 5072 2827 5142 Πρὸς
2889 5067 2980 5128 οὓς
3053 5065 3264 5141 ἐρουμεν
3297 5081 3310 5092 ·
3381 5062 3457 5115 Οὐ
3521 5069 3618 5122 τῆς
3687 5061 3946 5117 θεότητος

2328 5161 2507 5231 αὐτοῦ,
2577 5159 2705 5210 ἀλλὰ
2760 5165 2851 5218 τῆς
2901 5159 3094 5230 σαρκός
3157 5157 3357 5228 εἴρηκεν
3421 5153 3559 5221 ἡμᾶς
3615 5149 3641 5199 ὁ
3697 5149 3946 5220 Χριστὸς

2327 5255 2606 5322 κλήματα·
2667 5249 2803 5300 κατὰ
2851 5249 2938 5298 τόν
2981 5244 3190 5296 εἰπόντα
3223 5260 3234 5272 ·
3291 5239 3462 5312 Ἡμεῖς
3499 5241 3598 5311 γὰρ
3659 5234 3825 5308 ἐσμεν
3883 5236 3945 5286 τὸ

2331 5349 2486 5412 σῶμα
2527 5347 2618 5392 τοῦ
2677 5343 2912 5413 Χριστοῦ
2955 5339 3046 5386 καὶ
3099 5333 3228 5404 μέλη
3286 5332 3344 5384 ἐκ
3395 5332 3602 5404 μέρους.
3662 5330 3776 5378 Καὶ
3833 5325 3950 5378 πά-

640 5531 755 5611 (ξῇ)
783 5531 1106 5611 E_x_concil.
1133 5537 1230 5594 cit.
1253 5543 1292 5596 t.
1325 5539 1436 5611 VII,
1461 5541 1808 5611 p.897-899,

643 5603 760 5674 (35)
786 5605 1092 5666 Adversus
1109 5603 1498 5682 Eunomiuin',
1517 5610 1626 5667 lib.
1649 5627 1712 5668 1v
1729 5610 1828 5668 ed.
1855 5611 2142 5688 Garnerii,
2171 5619 2216 5690 ιε
2243 5617 2294 5690 Ι,
2319 5629 2388 5691 p.
2414 5619 2544 5673 29!.
