4126 6272
257 263 325 319 ιιι
1539 253 1884 369 THESAURl
1923 269 2053 324 LIB.
2090 252 2245 323 XXV.

3467 262 3573 334 ἐν)

265 387 450 439 λινούκ
497 385 692 440 οἴδατε
726 392 811 443 ὅτι
856 394 924 444 τὰ
972 397 1190 463 σώματα
1226 392 1371 462 ἡμῶν
1413 390 1539 463 μέλη
1580 397 1816 463 Χριστοῦ

1950 393 2179 448 varie”.
2205 394 2272 448 Et
2302 407 2576 449 rursum:
2606 393 2857 451 Nescitis
2877 396 3038 467 quod
3068 412 3324 467 corpora
3350 406 3572 473 vestra,

262 476 382 543 iam;
417 478 527 529 Οὐκ
579 478 653 538 εἰς
692 485 792 538 τὴν
848 482 1068 539 θεότητα
1097 476 1183 532 οὖν
1221 487 1312 531 τοῦ
1360 484 1556 551 Λόγου,
1589 481 1697 531 ἀλλ’
1747 481 1818 542 εἰς

257 572 319 623 ri:
356 566 674 638 ἀνθρωπίνην
715 570 884 621 αὐτοῦ
913 575 1205 645 παρουσίαν
1249 568 1480 642 ἀναφέρω
1517 573 1595 641 τὸ,
1627 570 1754 643 Ἐγὼ
1782 573 1813 629 ἡ

250 655 433 725 έιιπελος
458 679 471 688 ·
505 659 664 728 ἡμεῖς
693 661 797 731 γὰρ
831 662 969 711 κατά
998 663 1054 711 τό
1087 667 1239 731 σῶμα
1274 666 1365 709 τοῦ
1396 664 1589 734 Κυρίου
1632 679 1819 731 συγγε-

245 753 318 805 νξῖς
340 745 481 817 ἐσμεν
504 769 516 779 ·
551 752 643 799 καὶ
684 748 845 810 αὐτὸς
880 746 976 801 διὰ
1018 757 1170 800 τοῦτο
1216 744 1350 800 εἶπεν
1376 764 1387 776 ’
1425 749 1724 820 Ἀπαγγελώ
1760 752 1818 800 τὸ

242 838 374 907 ἄιομά
429 856 523 887 σον
572 844 683 897 τοῖς
743 834 994 909 ἀδελφοῖς
1048 858 1185 909 μου·
1236 842 1323 889 καὶ
1372 840 1544 913 ὥσπερ
1599 837 1707 890 ἐστὶ
1755 842 1821 890 τὰ

240 924 454 996 κλήματα
491 926 753 996 ὀμοούσια
791 934 884 986 τῆς
933 925 1158 998 ἀμπελου
1199 931 1287 977 καὶ
1342 926 1394 989 ἐξ
1441 927 1634 988 αὐτῆς,
1686 927 1819 979 οὕτω

241 1018 314 1063 καὶ
339 1015 501 1083 ἡμεῖς,
538 1016 757 1085 ὁμογενῆ
807 1018 875 1066 τὰ
908 1021 1123 1086 σώματα
1151 1018 1356 1086 ἔχοντες
1387 1024 1458 1086 τῷ
1495 1021 1698 1088 σώματι
1728 1022 1819 1067 τοῦ

245 1107 434 1173 Κυρίου,
467 1101 519 1152 ἐκ
548 1110 641 1154 τοῦ
672 1103 1027 1176 πληρώματος
1053 1104 1212 1155 αὐτοῦ
1236 1103 1586 1176 λαμϐάνομεν·
1617 1103 1820 1157 κάκεῖνο

232 1189 365 1263 ῥίζαν
402 1193 587 1262 ἔχομεν
638 1192 707 1251 εἰς
752 1197 845 1250 τὴν
896 1190 1182 1245 ἀνάστασιν
1234 1198 1323 1245 καὶ
1377 1198 1471 1252 τὴν
1535 1199 1819 1268 σωτηρίαν.

230 1279 276 1332 Ὀ
312 1276 368 1331 δὲ
398 1286 578 1356 Πατήρ
624 1284 831 1353 εἴρηται
863 1283 889 1331 ό
926 1286 1155 1355 γεωργός
1179 1298 1191 1310 '
1227 1283 1382 1345 αὐτὸς
1411 1285 1511 1355 γὰρ
1541 1283 1821 1356 εἰργάσατο

226 1364 308 1420 διὰ
349 1378 440 1420 τοῦ
484 1375 659 1440 Λόγον
690 1375 786 1428 τὴν
830 1370 1078 1439 ἄμπελον,
1113 1373 1223 1431 ἣτις
1267 1371 1379 1423 ἐστὶ
1407 1376 1465 1423 τὸ
1505 1370 1822 1447 ἀνθρώπινον

222 1466 302 1509 τοῦ
332 1464 604 1534 Σωτῆροςο
640 1465 732 1510 καὶ
773 1459 934 1521 αὐτὸς
984 1456 1056 1510 δι’
1096 1460 1254 1512 αὑτοῦ
1303 1466 1394 1512 τοῦ
1426 1466 1599 1532 Λόγον
1630 1466 1724 1519 τὴν
1756 1460 1825 1521 εἰς

222 1545 485 1619 βασιλείαν
516 1551 642 1620 ἡμῖν
675 1545 800 1600 ὁδὸν
832 1550 1136 1620 ἡτοίμασεν.

266 1679 364 1725 Τοῦ
402 1679 799 1756 Χρυσοστόμου
840 1674 1021 1745 ὁμιλία
1058 1674 1126 1734 κζ
1165 1674 1231 1735 εἰς
1269 1677 1327 1726 τὸ
1365 1677 1502 1727 κατὰ
1539 1674 1778 1731 Ἰωάννην

678 1745 747 1816 οῖγ
757 1765 828 1796 ιον
863 1745 1177 1817 Εὐαγγέλιον
1216 1750 1268 1812 (3
1276 1747 1328 1816 6)
1339 1788 1352 1801 .

282 1868 383 1932 λς’,
428 1870 492 1921 Εἰ
549 1871 617 1921 τὰ
675 1868 881 1940 ἐπίγεια
938 1866 1077 1921 εἶπον
1137 1870 1277 1941 ὑμῖν,
1339 1873 1431 1921 καὶ
1488 1869 1547 1920 ού
1602 1873 1823 1922 πιστεύ-

224 1977 325 2023 ετε,
380 1967 534 2023 πῶς,
591 1957 678 2009 ἐὰν
742 1962 869 2010 εἴπω
922 1959 1042 2024 ύμῖν
1108 1960 1175 2010 τὰ
1236 1958 1553 2031 ἐπουράνια,
1602 1961 1823 2010 πιστεύ-

226 2065 350 2103 σετε.
417 2051 557 2112 Καὶ,
627 2043 818 2107 Οὐδεὶς
884 2045 1197 2105 ἀναϐέϐηκεν
1259 2047 1325 2107 εἰς
1408 2050 1494 2098 τὸν
1569 2047 1822 2121 οὐρανὸν,

226 2135 264 2187 εἰ
316 2140 386 2207 μή
458 2137 486 2187 ὁ
548 2135 604 2187 ἐκ
669 2143 760 2188 τοῦ
829 2137 1052 2210 ούρανοῦ
1118 2134 1394 2205 καταϐὰς,
1462 2137 1488 2187 6
1554 2139 1674 2197 Υἱός
1734 2144 1825 2189 τοῦ

229 2222 495 2297 ὼθρωπον
541 2225 568 2275 6
619 2225 688 2275 ὢν
740 2223 788 2275 ἐν
848 2232 921 2295 τῷ
980 2224 1197 2299 οὐρανῷ.
1260 2228 1389 2286 Tibi;
1438 2220 1498 2275 δὲ
1555 2223 1826 2299 ἀνθρώπου

231 2312 439 2365 ἐνταῦθα
515 2313 576 2365 ού
637 2319 734 2371 τὴν
805 2317 981 2385 σάρκα
1056 2313 1328 2375 ἐκάλεσεν,
1398 2313 1504 2366 ἀλλ’
1572 2313 1671 2366 ἀπὸ
1734 2324 1829 2376 τῆς

230 2401 486 2464 ἐλάττονος
569 2402 750 2463 οὐσίας
817 2402 932 2454 ὅλον
1011 2401 1190 2455 ἑαυτὸν
1215 2447 1228 2471 ,
1298 2403 1360 2455 ἶν’
1426 2403 1589 2464 οὕτως
1661 2407 1787 2456 εἴπω
1810 2446 1826 2471 ,

1925 481 2190 537 membra
2224 479 2452 536 Christi
2477 483 2679 536 sunt28
2703 481 2731 537 ?
2761 485 2889 540 Non
2914 484 3093 554 igitur
3111 486 3190 543 ad
3221 488 3396 545 Verbi
3422 489 3575 547 divi-

1926 569 2192 633 nitatem.
2230 568 2338 624 sed
2385 569 2464 625 ad
2492 570 2834 626 humanum
2862 573 2994 643 ejus
3033 574 3366 632 adventum
3392 578 3577 637 verba

1924 657 2143 713 refero:
2162 658 2291 727 Ego
2306 672 2435 713 sum
2458 659 2592 713 vitis
2604 660 2671 713 ’9.
2694 662 2807 717 Nos
2824 661 2984 716 enim
3007 664 3341 721 secundum
3357 682 3577 738 corpus

1927 748 2165 817 cognati
2209 763 2422 805 sumus
2470 748 2725 803 Domini.
2760 751 2825 804 Et
2866 750 2993 821 ipse
3041 758 3360 825 propterea
3387 755 3575 825 dixit;

1925 835 2231 891 Nuntiabo
2261 851 2473 891 nomen
2509 842 2676 892 tuum
2718 838 3012 907 fratribus
3041 842 3261 898 meis“.
3295 845 3361 898 Et
3404 844 3580 903 sicuti

1927 924 2204 997 palmites
2250 924 2792 982 consubstantiales
2823 932 2960 982 sunt
2987 928 3090 984 viti
3118 946 3193 985 ex
3220 946 3414 1004 eaque
3442 949 3580 1005 pro-

1929 1012 2171 1078 cedunt,
2212 1012 2295 1068 sic
2326 1018 2382 1068 et
2419 1029 2532 1070 nos
2575 1015 2956 1085 homogenea
3001 1032 3257 1090 corpora
3289 1020 3580 1078 habentes

1929 1102 2165 1174 corpori
2213 1101 2443 1172 Christi,
2475 1119 2548 1158 ex
2598 1103 2727 1173 ejus
2774 1104 3146 1176 plenitudine
3196 1109 3579 1181 accipimus;

1927 1189 2110 1261 idque
2131 1190 2429 1247 habemus
2450 1191 2631 1247 veluti
2645 1192 2913 1249 radicem
2933 1197 3380 1254 resurrectionis
3399 1202 3580 1272 atque

1931 1277 2159 1333 salutis.
2208 1281 2376 1334 Pater
2420 1294 2561 1334 vero
2614 1278 2830 1357 dicitur
2874 1281 3184 1351 agricola;
3230 1284 3362 1356 ipse
3416 1286 3581 1343 enim

1930 1382 2035 1439 per
2065 1367 2323 1423 Verbum
2353 1367 2612 1425 excoluit
2640 1370 2843 1436 vitem,
2870 1387 3007 1443 quae
3038 1377 3126 1428 est
3152 1374 3340 1446 ipsius
3377 1377 3583 1433 Serva-

1929 1456 2074 1511 toris
2116 1457 2508 1525 humanitas;
2538 1457 2667 1529 ipse
2709 1458 2957 1516 demum
2983 1476 3090 1532 per
3133 1462 3296 1519 idem
3322 1464 3582 1523 Verbum

1930 1544 2091 1601 viam
2121 1546 2295 1601 nobis
2326 1546 2405 1602 ad
2429 1562 2686 1616 regnum
2715 1549 2929 1605 munit.

1934 1670 2340 1740 Chrysostomi
2384 1686 2462 1727 ex
2508 1672 2757 1727 homiiia
2794 1677 2861 1727 27
2902 1675 2966 1728 in
3010 1681 3289 1734 sanctum
3328 1678 3584 1735 Joannis

2544 1744 2966 1814 Evangeiium.

2005 1869 2090 1921 36.
2114 1866 2184 1922 Si
2199 1871 2438 1921 terrena
2453 1866 2585 1921 dixi
2604 1867 2783 1929 vobis,
2804 1873 2988 1923 etnon
3006 1871 3277 1941 creditis;
3293 1874 3584 1943 quomodo

1932 1956 1986 2010 si
2008 1955 2219 2011 dixero
2245 1957 2407 2010 vobis
2433 1957 2713 2021 caelestia,
2741 1958 2991 2013 credetis
3003 1958 3289 2016 3i‘iNema
3315 1964 3583 2020 ascendit

1935 2046 1998 2099 in
2020 2045 2255 2111 emlum,
2278 2047 2397 2100 nisi
2423 2048 2529 2116 qui
2551 2046 2623 2102 de
2647 2048 2792 2102 caelo
2820 2048 3141 2104 descendit.
3173 2051 3364 2105 Filius
3392 2052 3584 2108 homi-

1936 2134 2029 2188 nis
2060 2135 2163 2204 qui
2190 2139 2275 2188 est
2306 2133 2369 2188 in
2401 2135 2546 2190 εωιο
2559 2136 2626 2189 ⁸³.
2655 2135 2863 2191 Filium
2890 2136 3151 2193 hominis
3180 2137 3277 2193 hic
3303 2155 3427 2194 non
3453 2156 3586 2196 car-

1935 2238 2076 2278 nem
2099 2222 2349 2287 vocavit,
2375 2223 2479 2278 sed
2508 2239 2544 2279 a
2574 2225 2805 2280 minore
2836 2225 3171 2282 substantia
3198 2243 3260 2282 se
3288 2226 3501 2296 totum,
3523 2234 3591 2286 ut

1936 2311 2019 2368 ita
2068 2311 2290 2377 dicam,
2319 2312 2670 2369 nominavit.
2701 2313 2859 2370 Solet
2896 2313 3056 2371 enim
3087 2332 3245 2388 saepe
3293 2312 3330 2374 ε.
3379 2317 3591 2376 divini-

1936 2405 2076 2471 tate,
2110 2416 2271 2473 saape
2317 2401 2460 2457 item
2491 2402 2570 2457 ab
2618 2402 2991 2460 humanitate
3022 2419 3084 2459 se
3114 2410 3306 2461 totum
3348 2421 3586 2465 vocare.

232 2490 456 2562 ὠνόμασε
496 2499 590 2542 νῦν
616 2512 629 2525 ·
675 2496 767 2544 καὶ
813 2494 919 2565 ’γὰρ
966 2499 1119 2544 τοῦτο
1165 2494 1277 2553 ἔθος
1319 2492 1480 2563 αὐτῷ,
1510 2491 1756 2553 πολλάκις
1795 2495 1885 2565 μὲν
1924 2489 2026 2543 ἀπὸ
2068 2498 2161 2550 τῆς
2210 2492 2469 2560 θεότητος,
2512 2490 2759 2554 πολλάκις
2808 2489 2868 2545 δὲ
2916 2491 3015 2546 ἀπὸ
3056 2503 3152 2556 τῆς
3194 2493 3592 2571 ἀνθρωπότητος

230 2582 282 2630 τό
312 2586 411 2632 πᾶν
447 2580 643 2635 καλεῖν.

296 2668 386 2729 λζ.
447 2670 556 2741 Ἐφ’
621 2671 797 2720 ἰκανὸν
850 2665 911 2720 δὲ
972 2676 1069 2731 τῆς
1116 2678 1215 2721 τῶν
1282 2672 1527 2722 τοιούτων
1585 2675 1831 2745 χρήσεων

236 2762 495 2829 γινομένης
562 2757 951 2819 κατεξετάσεως
975 2800 990 2824 ,
1057 2763 1147 2810 καὶ
1223 2764 1467 2832 πρότερον
1550 2762 1638 2830 μὲν
1703 2759 1834 2810 πο).-

236 2844 367 2907 λείκις
430 2848 455 2897 6
521 2846 902 2918 φιλοθεὼτατος
966 2846 1110 2906 οὗτος
1180 2849 1325 2918 ἡμῶν
1394 2845 1640 2919 βασιλεὺς
1707 2867 1836 2899 συν-

241 2930 562 2989 διεσκοπείτο
638 2940 759 3009 περὶ
834 2942 930 2986 τοῦ
995 2937 1339 3008 πράγματοςο
1405 2938 1489 2988 ότὲ
1554 2942 1643 3008 μέν
1724 2954 1838 2987 τισι

237 3027 439 3089 τούτων,
504 3027 593 3076 ότέ
646 3021 697 3075 δ’
750 3022 979 3092 ἐκείνων,
1038 3020 1463 3097 ὃιομιλούμενοςο
1506 3027 1616 3077 ἔστι
1671 3022 1721 3076 6"

238 3118 319 3164 καὶ
378 3121 527 3185 κοινῇ
610 3121 711 3164 τῶν
782 3132 932 3174 τινας
995 3118 1114 3187 περὶ
1188 3117 1382 3166 τούτων
1459 3111 1838 3188 διαφερομένων

237 3203 707 3275 ἐπικαλούμενος,
783 3206 876 3253 καὶ
943 3210 1031 3261 τῆς
1096 3201 1540 3277 όρθοτομουμένης
1600 3208 1690 3254 καὶ
1754 3202 1842 3254 εῦ-

240 3290 410 3351 σεϐοῦς
482 3291 762 3364 ἑρμηνείας
835 3288 1297 3363 ἀντιποιούμενος,
1366 3290 1426 3348 ἢν
1502 3290 1554 3342 ἐκ
1628 3290 1842 3362 χειλέων

237 3386 549 3452 προὲνεγκεν
603 3380 798 3432 αὐτίκα
852 3386 967 3440 τοῖς
1021 3379 1311 3452 λεγομένοις
1365 3381 1525 3440 οὕτως
1590 3378 1842 3432 ἐπιϐαλὼν

234 3468 290 3519 ἐκ
340 3475 562 3543 πρώτης
637 3476 737 3529 τῆς
793 3475 889 3520 τοῦ
958 3468 1257 3541 ζητηματος
1317 3467 1651 3543 ἀκροάσεως·
1711 3469 1846 3520 ὥστε

234 3563 353 3611 ποτε
401 3563 498 3610 καὶ
542 3554 737 3627 τοιῷδε
782 3565 855 3627 τῷ
904 3555 1284 3631 ἐπιχειρήματι
1328 3560 1663 3632 χρήσασθαι.
1705 3557 1846 3610 Ἐπεὶ

233 3650 330 3721 γάρ
362 3667 512 3700 τισιν
560 3643 735 3699 ἑὸόκει
782 3647 924 3698 κατὰ
962 3664 1019 3697 το
1062 3654 1152 3706 τῆς
1199 3655 1377 3707 κοινῆς
1418 3656 1518 3698 τῶν
1568 3645 1847 3719 ἀνθρώπων

236 3740 438 3806 φύσεως
514 3741 799 3809 πρόσωπον
872 3740 967 3792 τὴν
1042 3739 1291 3793 τοιαύτην
1348 3740 1518 3807 φωνὴν
1593 3733 1849 3807 ἐκλαμϐά-

236 3831 453 3897 νεσόαι,
510 3830 631 3878 τότε
703 3822 772 3883 δὴ
843 3825 995 3885 οὗτος
1060 3826 1087 3876 ό
1155 3827 1401 3897 θεόσοφος
1472 3823 1723 3896 βασιλεὺς
1777 3830 1848 3894 τῷ

238 3916 440 3987 μεγάλῳ
504 3920 599 3967 καὶ
667 3913 1088 3985 θεολογικωτάτῳ
1156 3914 1451 3985 Ἀθανασίῳ
1514 3917 1849 3986 προεντῦχὼν

239 4000 595 4077 διαλεγομένῳ
651 4007 781 4077 πρός
836 4002 1086 4075 Ἀρειον,
1148 4008 1239 4055 καὶ
1307 4010 1488 4055 τοῦτον
1554 4001 1850 4074 ἀνατρέπειν

242 4092 648 4161 σπουδάζοντι,
719 4094 789 4155 εἰς
873 4092 1088 4153 ἀνίσους
1166 4095 1346 4164 φύσεις
1410 4097 1504 4151 τὴν
1574 4094 1851 4165 όμοούσιον

241 4182 394 4253 ἁγίαν
474 4180 790 4255 διαιροῦντα
853 4178 1102 4255 Τριάδα,
1169 4188 1260 4235 καὶ
1335 4178 1699 4255 δευτερεύοντα
1760 4186 1853 4232 τοῦ

242 4279 451 4349 Πατρός
500 4277 590 4325 τὸν
636 4279 885 4345 μονογενῆ
932 4274 1052 4325 Υὶόν
1100 4269 1228 4324 εἶναι
1272 4271 1507 4343 λέγοντα,
1551 4274 1641 4321 καὶ
1687 4271 1851 4342 ταύτῃ

2013 2673 2103 2726 37.
2130 2672 2457 2742 Postquam
2485 2670 2631 2726 satis
2659 2669 2754 2726 has
2784 2674 3024 2728 Patrum
3053 2673 3435 2730 auctoritates
3463 2690 3594 2747 per-

1941 2774 2144 2830 pensas
2186 2760 2445 2827 fuerunt,
2474 2761 2533 2815 in
2561 2762 2771 2832 primis
2795 2762 3042 2834 quidem
3073 2779 3143 2819 ac
3176 2781 3593 2836 saepenumero

1946 2851 2065 2904 Deo
2105 2849 2524 2904 dilectissimus
2571 2854 2776 2905 noster
2802 2867 2908 2906 rex
2948 2853 3064 2907 hoc
3102 2854 3412 2922 negotium
3455 2870 3597 2910 cum

1946 2938 2172 2992 caeteris
2217 2937 2616 3009 expendebat,
2666 2940 2851 2994 modo
2889 2940 2999 2995 hos
3035 2941 3218 2997 modo
3265 2942 3398 2997 illos
3448 2942 3595 2999 allo-

1777 3023 1838 3076 οὗ
1877 3043 1917 3098 ρ
1948 3042 2161 3097 quens.
2188 3026 2487 3081 Interdum
2510 3042 2652 3081 vero
2682 3032 2738 3082 et
2767 3029 3056 3096 gregatim
3088 3028 3438 3102 aliquotqui
3467 3045 3597 3085 sen-

1948 3114 2145 3170 tentiis
2174 3113 2550 3170 dissidebant
2577 3129 2939 3182 convocans,
2970 3120 3195 3171 rectam
3225 3117 3598 3187 religiosam-

1949 3218 2067 3275 que
2098 3202 2648 3274 interpretationem
2692 3202 3051 3261 defendebat
3066 3222 3084 3276 ,
3113 3221 3298 3277 quam
3327 3206 3458 3280 ipse
3495 3223 3600 3265 ore

1953 3307 2064 3347 suo
2085 3291 2284 3346 statim
2301 3290 2414 3346 illis
2435 3290 2832 3363 signiﬁcabat,
2850 3293 2994 3365 quia
3013 3294 3114 3350 vix
3134 3294 3341 3352 audito
3363 3301 3599 3353 contro-

1951 3380 2165 3436 versiae
2192 3380 2378 3441 initio,
2407 3380 2490 3435 sic
2520 3396 2648 3436 rem
2678 3380 2810 3453 ipse
2835 3381 2946 3437 sibi
2970 3389 3371 3454 persuaserat.
3404 3387 3601 3452 Quare

1954 3467 2282 3541 aliquando
2310 3467 2395 3523 sic
2426 3468 2604 3524 etiam
2634 3476 3086 3540 argumentatus
3123 3477 3234 3528 est.
3267 3475 3414 3530 Cum
3440 3475 3602 3531 enim

1952 3556 2260 3613 nonnullis
2289 3557 2592 3614 videretur
2615 3558 2694 3614 ad
2718 3559 3059 3628 generalem
3085 3560 3404 3618 hominum
3428 3567 3604 3620 natu-

1955 3662 2088 3701 ram
2119 3645 2412 3702 trahenda
2453 3662 2583 3702 esse
2613 3648 2944 3719 evangelici
2985 3647 3128 3705 dicti
3169 3650 3599 3724 interpretatio,

1958 3734 2155 3790 Caesar
2175 3738 2378 3790 autem
2399 3751 2660 3808 superno
2689 3735 2916 3793 lumine
2942 3738 3263 3794 instructus
3291 3740 3353 3794 in
3395 3738 3608 3810 magni

1958 3823 2302 3895 summique
2342 3823 2602 3894 theologi
2625 3825 2932 3881 Athanasii
2962 3825 3270 3895 dialogum
3300 3841 3439 3882 cum
3468 3827 3605 3883 Ario

1957 3910 2234 3967 habitum
2276 3912 2504 3980 incidit,
2532 3913 2613 3968 ob
2654 3913 2821 3968 illum
2856 3914 3310 3982 coarguendum
3340 3915 3445 3986 qui
3473 3929 3608 3971 san-

1960 4004 2119 4055 ctam
2168 4000 2869 4074 consubstantialemque
2896 4000 3239 4057 Trinitatem
3270 4002 3333 4058 in
3359 4006 3608 4061 naturas

1960 4089 2225 4160 impares
2268 4089 2595 4159 dividebat,
2634 4089 3097 4162 inferioremque
3138 4091 3297 4147 Patri
3340 4092 3611 4164 unigeni-

1963 4182 2093 4233 tum
2145 4177 2355 4233 Filium
2404 4176 2661 4244 dicebat,
2703 4182 2882 4251 atque
2928 4178 3043 4235 hoc
3088 4180 3221 4252 ipso
3268 4182 3611 4252 evangelica

1964 4266 2124 4323 dicto
2155 4266 2235 4322 ad
2264 4282 2387 4321 suae
2415 4266 2712 4321 haereseos
2740 4269 3289 4339 propugnationem
3318 4269 3614 4328 abuteba-

244 4359 311 4420 δὴ
361 4371 423 4435 τῇ
477 4369 620 4434 φωνῇ
664 4365 797 4436 πρὸς
844 4363 1184 4436 παράστασιν
1231 4369 1324 4420 τῆς
1371 4360 1560 4419 οἰκείας
1611 4360 1839 4430 αἱρέσεωέ

1965 4360 2083 4414 tur.
2114 4353 2426 4412 Athanasii
2455 4369 2598 4425 ergo
2638 4355 2771 4428 ipsa
2798 4356 2984 4413 verba
3012 4358 3209 4415 Caesar
3234 4358 3298 4415 in
3342 4358 3614 4417 medium

245 4449 631 4523 ἐποχρὼμενον
654 4492 675 4516 ,
758 4452 851 4509 τὰς
930 4448 1122 4501 ἐκείνου
1207 4448 1463 4508 συλλαϐὰς
1542 4447 1614 4508 εἰς
1698 4452 1856 4519 μέσον

248 4548 504 4613 παρῆγε,
571 4542 706 4613 πρὸς
781 4538 988 4611 ’Ἄρειον
1051 4538 1281 4609 λέγοντος
1349 4537 1510 4609 (37)’
1581 4557 1610 4587 ‹‹
1672 4539 1759 4596 Τίς
1832 4537 1858 4587 ὁ

253 4635 641 4695 κεκοπιακώςς
714 4629 989 4703 ἅνθρωπος
1061 4628 1091 4686 ἢ
1170 4631 1297 4688 Θεὸς
1370 4631 1602 4698 Αόγος;
1681 4631 1861 4699 Αρειος

260 4716 431 4771 εἶπεν
502 4719 833 4792 Ἀνθρωπος.
896 4717 1201 4778 Ἀθανάσιος
1258 4714 1392 4769 εἶπεν
1426 4737 1438 4750 ³
1511 4715 1713 4768 Ούκοῦν
1772 4718 1861 4766 σόν

262 4802 373 4858 ἐστι
419 4812 478 4860 τὸ
530 4815 724 4867 νοῆσαι
775 4806 979 4860 λοιπόν.
1032 4804 1233 4879 ’Ἄρειος
1285 4802 1393 4858 εἶπε
1419 4825 1433 4840 ο
1494 4802 1862 4875 Κατελαϐόμην

268 4912 361 4946 σου
412 4901 497 4949 τὸν
553 4904 673 4950 νοῦν
734 4895 783 4948 ἐν
833 4901 908 4965 τῷ
962 4894 1096 4966 λόγῳ
1150 4897 1354 4965 τοῦτον
1407 4896 1523 4960 ὅτι,
1583 4900 1675 4945 τοῦ
1731 4897 1865 4945 Θεοῦ

276 4990 435 5055 Λογου
466 4992 752 5059 πανταχοῦ
798 4987 1074 5058 παρόντος,
1117 4979 1276 5042 δῆλον
1315 4984 1395 5035 ὅτι
1436 4979 1530 5035 διὰ
1554 4986 1650 5041 τήν
1696 4982 1871 5055 σάρκα

271 5068 442 5145 εἶπεν,
501 5074 561 5129 Ὀ
643 5077 834 5147 Πατὴρ
899 5073 926 5123 6
985 5071 1195 5145 πέμψας
1268 5075 1459 5144 μείζων
1532 5090 1633 5143 μου
1709 5068 1867 5139 ἐστι,

270 5166 359 5219 τήν
401 5162 744 5237 βαδίζουσαν
803 5166 898 5213 καὶ
952 5169 1219 5214 κοπιῶσαν
1276 5165 1366 5213 καὶ
1415 5158 1516 5212 ἀπὸ
1570 5163 1732 5212 τόπου
1800 5158 1872 5219 εἰς

357 5327 460 5385 ²⁷Ι
512 5329 648 5385 Cor.
692 5339 793 5394 xu,
857 5324 955 5378 27.

1068 5321 1115 5356 ³⁸
1154 5323 1176 5377 l
1223 5323 1353 5378 Cor.
1404 5335 1482 5388 VI,
1538 5322 1629 5375 15.

264 5395 308 5432 ⁸³
342 5398 486 5457 ibid.
525 5403 620 5458 13.

327 5562 434 5635 (36)
471 5561 633 5619 Edit.
668 5549 1007 5615 Montfauc.
1038 5554 1080 5609 t.
1104 5552 1243 5624 VIII,
1267 5566 1329 5624 p.
1359 5550 1485 5620 153,
1520 5552 1641 5610 154.

1747 5318 1798 5354 ²⁹
1833 5319 2003 5375 Joan.
2062 5335 2156 5392 xv,
2214 5324 2273 5376 5.

1969 4445 2183 4514 attulit,
2227 4444 2520 4501 adversus
2566 4444 2768 4501 Arium
2810 4444 3219 4519 disputantis:
3264 4470 3286 4499 ι
3322 4448 3433 4514 Qui
3476 4448 3615 4506 fati-

1971 4540 2145 4606 gatus
2208 4539 2338 4600 est,
2406 4533 2670 4590 homone
2727 4550 2806 4592 an
2875 4539 3026 4592 Deus
3079 4537 3387 4594 Verbum?
3444 4538 3617 4595 Arius

1970 4624 2154 4680 dixit.
2187 4625 2397 4679 Homo.
2428 4622 2789 4679 Athanasius
2830 4624 3015 4681 dixit:
3046 4628 3237 4682 Tuum
3274 4627 3452 4696 igitur
3487 4627 3620 4697 jam

1972 4719 2062 4769 est
2096 4711 2442 4782 intelligere.
2489 4713 2683 4781 Arius,
2726 4712 2958 4785 inquit:
3007 4714 3272 4787 Percipio
3318 4711 3469 4786 quid
3517 4718 3621 4771 tuo

1972 4803 2089 4858 hoc
2156 4816 2450 4873 responso
2514 4801 2812 4874 intelligas
2861 4819 2877 4870 ;
2945 4819 3200 4876 nempe,
3266 4818 3407 4858 cum
3464 4804 3624 4859 Deus

1974 4890 2235 4947 Verbum
2262 4890 2489 4962 ubique
2521 4889 2696 4959 adsit,
2727 4888 2933 4962 palam
2970 4907 3100 4947 esse
3136 4892 3338 4964 ipsum
3377 4895 3627 4964 propter

1977 4995 2223 5037 carnem
2254 4979 2474 5036 dixisse
2503 4996 2516 5035 ε
2548 4979 2730 5037 Pater
2755 4994 2938 5052 meus,
2970 4982 3077 5052 qui
3101 4982 3261 5037 misit
3287 4994 3399 5046 me,
3426 4984 3630 5054 major

1977 5085 2071 5126 me
2097 5075 2199 5125 est.
2229 5071 2363 5125 Haec
2391 5067 2554 5124 enim
2583 5067 2969 5138 gradiebatur
2997 5072 3055 5125 et
3082 5068 3470 5141 fatigabatur,
3496 5072 3554 5126 et
3590 5082 3631 5125 ε.

1977 5157 2112 5214 loco
2141 5158 2203 5214 in
2230 5157 2435 5214 locum
2462 5156 2785 5226 migrabat.
2813 5159 2979 5215 Certe
3005 5156 3068 5213 id
3091 5163 3251 5214 recte
3281 5172 3345 5212 se
3368 5156 3573 5213 habet.
3596 5176 3629 5207 »

2385 5319 2436 5354 ³ο
2471 5318 2629 5376 Psal.
2689 5335 2800 5391 xxx,
2857 5321 2955 5377 23.
3074 5318 3119 5354 ³¹
3156 5319 3337 5374 Joan.
3394 5328 3478 5382 lu,
3530 5318 3626 5372 i2.

2054 5549 2170 5622 (37)
2208 5551 2424 5609 Recole
2451 5566 2640 5624 supra
2663 5553 2788 5609 not.
2828 5546 2887 5609 7.
