4126 6272
568 272 666 342 231

1907 258 2173 333 Nicena
2218 258 2590 332 caenum

3810 264 3909 336 133

564 382 757 479 Atque
784 404 868 463 ita
893 401 1258 461 Athanasius
1288 399 1811 474 interpretabatur,
1842 413 1969 457 non
1999 415 2212 457 secun-

2324 402 2480 454 τόπον
2558 400 2725 475 ἕτερον
2803 399 3173 473 πορευομένην.
3242 398 3476 462 Ἀληθῶς
3552 396 3716 475 ὀρθῶς
3804 401 3912 474 ἔχει

566 496 714 553 dum
743 494 1015 551 divinam
1044 490 1442 549 substantiam
1471 489 1600 547 haec
1627 489 1925 548 Christum
1964 504 2215 562 passum

565 584 772 651 fuisse,
793 582 900 639 sed
922 580 1256 638 secundum
1276 595 1462 653 quam
1483 579 1763 636 induerat
1783 594 2027 636 carnem
2047 581 2217 635 natu-

565 672 795 730 ralibus
835 671 966 728 sine
1004 673 1250 744 peccato
1294 668 1621 726 obnoxiam
1660 667 2067 741 passionibus.
2107 669 2215 723 Ha-

565 761 816 835 buitque
858 761 920 817 in
966 760 1061 816 his
1109 758 1579 815 consentientem
1625 758 1851 827 Arium,
1884 754 2216 813 conceden-

566 856 810 926 temque
856 851 1151 923 majorem
1197 847 1316 905 dici
1355 851 1587 905 Patrem
1636 846 1863 904 Christo
1915 851 2215 920 quatenus

567 941 751 999 homo
798 946 904 1010 est.
958 943 1125 1014 Aque
1171 938 1311 995 hinc
1354 937 1553 995 valide
1604 937 1940 1010 invicteque
1979 935 2215 993 conclu-

567 1030 749 1088 debat
769 1031 980 1098 Caasar,
1002 1044 1395 1103 nequaquam
1422 1027 1503 1084 ad
1527 1026 1868 1099 generalem
1897 1026 2216 1084 hominum

566 1125 848 1178 naturam
894 1118 1167 1177 retulisse
1215 1134 1509 1189 magnum
1562 1117 1959 1174 Athanasium
2007 1115 2219 1175 Christi

566 1210 831 1267 dictum:
863 1208 1047 1266 Pater
1068 1209 1269 1279 major
1297 1214 1404 1267 est.
1437 1207 1550 1274 Qui
1580 1206 1741 1263 enim
1784 1206 1913 1263 ﬁeri
1960 1209 2217 1279 poterat.

565 1303 633 1357 ut
663 1297 1044 1356 adversarius
1085 1297 1258 1354 Arius
1287 1297 1349 1352 in
1378 1296 1472 1352 his
1514 1295 1695 1353 rebus
1726 1295 2132 1364 acutissimus,
2162 1297 2220 1350 et

565 1388 628 1446 in
653 1387 1034 1445 sermonibus
1058 1386 1419 1444 ventilandis
1450 1385 1894 1453 solertissimus,
1919 1388 2221 1458 pateretur

566 1495 858 1551 magnum
914 1479 1078 1535 hunc
1125 1476 1319 1533 virum
1369 1476 1444 1532 de
1497 1477 1613 1533 alio
1671 1475 1983 1532 individuo
2029 1474 2217 1549 loqui,

567 1584 759 1643 eoque
811 1570 1045 1623 Patrem
1099 1565 1294 1622 dicere
1354 1565 1649 1637 majorem
1692 1582 1705 1621 :
1762 1564 1910 1621 dum
1961 1564 2090 1638 ipse
2144 1563 2220 1621 de

568 1658 798 1716 Christo
828 1659 1141 1729 quaereret,
1174 1659 1354 1728 atque
1382 1656 1499 1711 hoc
1530 1654 1841 1725 Unigenito
1881 1653 2102 1711 diceret
2130 1669 2220 1711 se-

2324 496 2498 545 τοῦτο.
2551 491 2651 542 Καὶ
2693 486 2827 540 οὕτω
2873 491 2945 560 μὴ
2992 491 3126 541 κατὰ
3172 492 3267 550 τὴν
3321 491 3459 543 θείαν
3518 489 3701 543 ὀύσίαν
3748 497 3913 544 ταῦτα

2322 580 2504 631 παθεῖν
2567 579 2655 630 τὸν
2716 580 2942 651 Χριστὸν
2999 576 3366 654 ἐρμηνεύοντος
3392 623 3407 650 ,
3480 577 3605 632 ἆλλά
3683 579 3802 632 καθ’
3854 580 3913 640 ἦν

2325 667 2531 742 ἓφόρεσε
2591 669 2764 742 σάρκα
2812 674 2917 729 τοῖς
2969 676 3208 741 φυσικοῖς
3262 673 3351 723 καὶ
3408 665 3749 730 ἀδιαϐλήτοις
3795 670 3914 723 ὑποσ

2322 758 2558 821 κειμένην
2608 757 2821 820 πάθεσι,
2869 759 2962 808 καὶ
3018 764 3197 810 τοῦτον
3255 753 3323 817 δὴ
3391 761 3478 811 τόν
3533 756 3738 834 Ἀρειον
3800 776 3913 811 amb

2326 846 2464 899 ιέντα
2534 852 2634 898 τῶν
2710 843 2988 918 λεγομένων
3066 848 3319 919 ἔχοντος,
3393 851 3483 900 καὶ
3554 850 3612 900 τὸ
3703 846 3914 920 μείζονα

2322 933 2564 1008 λέγεσθαι
2607 936 2696 987 τὸν
2741 938 2950 1010 Πατέρα
2997 936 3067 999 ὡς
3108 934 3379 1011 ἀνθρώπου
3409 943 3500 991 τοῦ
3542 934 3647 998 ἰνὸς
3680 943 3914 1012 Χριστοῦ

2328 1026 2681 1097 συντιθέμενον
2714 1043 2729 1058 ο
2787 1021 3057 1077 κάντεῦθεν
3137 1023 3525 1099 ἀναμφιλέκτως
3598 1030 3688 1080 καὶ
3757 1026 3912 1100 ἰσχν-

2323 1121 2428 1189 ρῶς
2490 1111 2784 1189 ἑπεπέραινε
2855 1116 2927 1186 μὴ
3006 1115 3144 1167 κατὰ
3202 1119 3297 1174 τὴν
3362 1118 3539 1174 κοινὴν
3600 1115 3756 1189 φύσιν
3820 1123 3916 1168 τῶν

2328 1200 2607 1277 ἀνθρώπων
2671 1202 2834 1275 λέγειν
2911 1204 2999 1256 τὸν
3077 1204 3239 1276 μέγαν
3303 1203 3613 1258 Ἀθανάσιον
3679 1203 3918 1278 εἰρῆσθαι

2325 1293 2469 1366 παρά
2514 1298 2606 1345 τοῦ
2660 1296 2897 1365 Χριστοῦ
2948 1292 3036 1344 τὸν
3095 1296 3300 1369 Πατέρα
3352 1291 3602 1366 μείζονα·
3658 1302 3768 1357 πῶς
3817 1297 3915 1370 γὰρ

2327 1379 2388 1433 ἂν
2426 1384 2516 1433 καὶ
2567 1381 2593 1433 6
2641 1378 3128 1454 ἆντικαθιστάμενος
3172 1385 3374 1458 Ἀρειος
3427 1391 3528 1436 τῶν
3578 1381 3695 1459 περὶ
3756 1384 3919 1438 ταῦτά

2327 1488 2381 1523 τι
2444 1471 2721 1542 τυγχάνων
2779 1466 2995 1543 δεινῶν,
3064 1474 3153 1523 καὶ
3220 1467 3573 1545 ἀκριϐολογεῖν
3638 1464 3792 1535 εἰδὼς
3855 1472 3918 1528 τὰ

2326 1559 2572 1633 λεγόμενα
2606 1603 2620 1626 ,
2685 1563 2773 1612 τὸν
2833 1564 2994 1633 μέγαν
3054 1566 3233 1614 τοῦτον
3295 1557 3466 1638 ἄνδρα
3529 1558 3738 1628 ἒδέξατο
3803 1567 3918 1640 περὶ

2329 1648 2503 1722 ἑτέρου
2561 1646 2754 1722 ἀτόμου
2816 1644 3175 1722 διαλεγόμενον
3202 1691 3216 1717 ,
3272 1647 3510 1704 κάκείνου
3568 1648 3783 1723 λέγοντα
3837 1657 3921 1707 τὸν

569 1746 838 1801 cundum
873 1760 1049 1801 suam
1088 1748 1372 1800 naturam
1414 1746 1646 1800 Patrem
1684 1744 2023 1815 majorem?
2059 1745 2216 1799 Tunc

2331 1741 2538 1812 Πατέρα
2600 1738 2858 1811 μείζονα,
2924 1738 2950 1790 6
3006 1743 3124 1811 περὶ
3184 1746 3419 1814 Χριστοῦ
3483 1741 3771 1811 συζητῶν;
3838 1747 3923 1795 καὶ

572 1833 735 1890 enim
761 1833 922 1890 idem
953 1832 1253 1889 evenisset
1282 1848 1353 1889 ac
1383 1831 1436 1888 si
1475 1831 1579 1897 illi,
1618 1832 1725 1905 qui
1768 1831 1950 1888 falces
1988 1835 2219 1905 petunt,

571 1921 947 1993 audiuntque
978 1920 1091 1977 sibi
1112 1920 1343 1991 ligones
1363 1920 1670 1990 denegari,
1692 1920 1941 1975 minime
1972 1919 2036 1975 id
2065 1934 2221 1989 aegre

570 2009 810 2067 ferrent.
845 2009 959 2067 Sed
1006 2024 1202 2082 neque
1247 2009 1413 2064 aliter
1451 2010 1698 2065 Nicaeum
1745 2008 1955 2081 primae
2004 2007 2224 2080 synodi

568 2102 793 2165 Patres,
821 2098 940 2155 Arii
988 2099 1170 2170 hujus
1213 2097 1503 2153 adversus
1547 2096 1919 2167 unigenitum
1960 2096 2222 2154 Verbum

569 2187 872 2257 haeresim,
903 2203 1040 2260 quae
1065 2187 1144 2243 ab
1176 2201 1247 2242 eo
1273 2200 1496 2242 nomen
1523 2185 1830 2257 contraxit,
1863 2184 2224 2241 refutassent

570 2277 642 2347 (is
670 2277 833 2333 enim
877 2275 1071 2332 Verbo
1116 2274 1449 2332 secundum
1478 2273 1748 2331 divinam
1779 2274 1907 2345 ejus
1941 2273 2218 2330 substan—

567 2365 712 2422 tiam
765 2363 1276 2422 accommodabat
1331 2362 1666 2419 dictiones:
1719 2363 1963 2419 C’reavit
2013 2378 2125 2433 me,
2166 2365 2223 2418 et

564 2453 831 2511 Fidelem
870 2454 926 2509 ei
950 2453 1057 2524 qui
1083 2467 1144 2508 se
1181 2452 1344 2523 fecit,
1378 2455 1437 2507 et
1478 2452 1825 2521 Apostolum
1866 2467 1938 2508 ac
1977 2452 2221 2521 pontiﬁ-

569 2556 693 2598 cem
737 2542 1116 2612 confessionis
1167 2540 1442 2611 nostrce);
1482 2539 1597 2595 nisi
1637 2540 1935 2611 ejusmodi
1970 2539 2221 2596 locutio-

568 2645 677 2686 nes
708 2630 786 2686 ad
826 2628 1037 2685 Christi
1084 2628 1523 2684 humanitatem
1553 2628 1908 2684 retulissent.
1955 2631 2103 2684 Nam
2145 2628 2221 2684 de

569 2719 776 2776 divina
816 2724 1033 2775 natura
1077 2718 1362 2790 scriptum
1400 2717 1905 2791 pronuntiarunt:
1942 2718 2009 2774 In
2057 2718 2223 2788 prin-

571 2809 725 2880 cipio
781 2813 915 2866 erat
986 2807 1287 2877 Verbum;
1339 2812 1440 2863 et:
1499 2806 1628 2879 Ego
1686 2814 1741 2864 et
1796 2807 1977 2864 Pater
2030 2822 2219 2864 unum

569 2914 794 2965 sumus,
822 2901 879 2955 et
904 2914 1040 2971 quae
1064 2897 1159 2953 his
1190 2901 1330 2952 sunt
1358 2896 1595 2954 similia.

2329 1829 2515 1880 τούτου
2563 1828 2629 1888 ὡς
2689 1834 2988 1899 μονογενοῦς
3039 1829 3162 1880 Υἱοῦ
3218 1830 3350 1881 κατὰ
3404 1833 3499 1889 τήν
3551 1832 3705 1904 φύσιν
3765 1829 3924 1905 λέγων

2332 1912 2460 1969 εἶναι
2527 1918 2614 1967 τόν
2679 1917 2885 1990 Πατέρα
2950 1915 3219 1988 μείζονας
3286 1920 3485 1970 Ταυτόν
3547 1920 3649 1993 γὰρ
3720 1916 3784 1972 ἃν
3864 1916 3924 1979 ἧν

2329 2010 2434 2067 τοῖς
2499 2005 2634 2057 κατὰ
2693 2008 2788 2063 τὴν
2861 2010 3145 2080 παροιμίαν
3206 2006 3344 2078 οἴμας
3408 2010 3499 2079 μὲν
3565 2007 3924 2080 ἐκζητοῦσιν,

2331 2091 2716 2169 ἀπαρνουμένας
2801 2089 2861 2146 δε
2942 2096 3031 2155 τὰς
3117 2097 3321 2168 σκάφας
3382 2097 3707 2169 μανθάνουσι
3766 2099 3926 2171 (38),

2329 2185 2421 2234 καὶ
2479 2185 2551 2253 μὴ
2616 2184 2747 2253 πρὸς
2808 2184 2902 2240 τὴν
2961 2180 3238 2256 ἀπόκρισιν
3306 2179 3754 2259 δυσχεραίνουσιν
3791 2205 3807 2221 ο
3868 2185 3927 2239 ού

2330 2273 2432 2343 μὴν
2468 2267 2604 2322 ’ἀλλ’
2662 2266 2786 2322 οῦδὲ
2850 2268 3015 2334 ἄλλως
3076 2273 3126 2324 οἱ
3189 2279 3286 2334 τῆς
3350 2270 3399 2325 ἄν
3458 2277 3656 2347 Νικαίᾳ
3710 2280 3929 2349 πρώτης

2332 2354 2557 2412 συνόδου
2635 2365 2708 2429 τῷ
2773 2358 2952 2433 Ἃρείῳ
3032 2362 3197 2432 τούτῳ
3270 2365 3365 2421 τὴν
3433 2361 3717 2436 ἐπωνύμως
3796 2367 3932 2418 κατὰ

2330 2455 2422 2501 τοῦ
2482 2455 2783 2520 μονογενοῦς
2843 2452 3019 2521 Λόγου
3082 2454 3271 2524 μανίαν
3335 2451 3780 2529 ἔναπεκρούσαντο

2328 2540 2515 2590 τούτου
2580 2538 2867 2591 ὑποστάσει
2932 2541 3068 2592 κατὰ
3132 2545 3226 2599 τὴν
3304 2542 3442 2596 θείαν
3519 2542 3701 2596 ούσίαν
3770 2563 3930 2620 προσ-

2330 2629 2580 2688 άπτοντος
2641 2631 2733 2686 τὴν
2783 2634 2913 2697 τοῦ,
2976 2627 3186 2682 Ἐκτισέ
3250 2649 3350 2703 με,
3413 2636 3620 2704 φωνὴν,
3681 2638 3778 2687 καὶ
3836 2639 3930 2692 τὴν

2329 2723 2438 2787 τοῦ,
2504 2718 2700 2769 Πιστὸν
2765 2723 2837 2787 τῷ
2902 2721 3185 2776 ποιήσαντι
3249 2718 3425 2787 αὐτὸν,
3492 2724 3582 2773 καὶ
3646 2725 3742 2780 τήν
3810 2729 3929 2789 τοῦ,

2328 2807 2426 2857 Τὸν
2475 2803 2757 2857 ἀπόστολον
2806 2810 2897 2858 καὶ
2941 2805 3192 2880 ἀρχιερέα
3242 2815 3337 2872 τῇν
3384 2808 3664 2881 ὁμολογίας
3709 2813 3927 2884 ἡμῶν)’

2330 2893 2373 2947 εἰ
2401 2897 2471 2967 μὴ
2506 2896 2598 2957 τὰς
2640 2898 2881 2956 τοιαύτας
2910 2898 3079 2968 φωνὰς
3122 2905 3196 2968 τῷ
3232 2905 3324 2950 τοῦ
3353 2906 3590 2973 Χριστοῦ
3618 2898 3926 2973 ἀνθρωπίνῳ

572 2983 846 3060 ἀπένειμαν
874 3007 887 3020 ο
928 2990 1047 3060 περὶ
1092 2988 1194 3061 γὰρ
1238 2992 1332 3047 τῆς
1385 2986 1521 3046 θείας
1559 2987 1753 3058 φύσεως
1790 2987 1870 3053 τὸ,
1917 2983 1995 3038 Ἐν
2035 2981 2177 3059 ἀρχῇ
2231 2980 2292 3057 ᾖν
2331 2982 2357 3034 6
2401 2987 2590 3056 Λόγος,
2630 2988 2935 3059 παρήγαγον
2960 3006 2972 3019 ·
3019 2989 3108 3038 καὶ
3150 2988 3230 3054 τὸ,
3280 2986 3410 3060 Ἐγὼ
3447 2990 3538 3041 καὶ
3585 2989 3611 3041 6
3652 2993 3839 3066 Πατὴρ
3878 2988 3927 3043 ἓν

569 3074 720 3149 ἐσμεν
745 3096 757 3110 ·
799 3078 888 3129 καὶ
926 3076 1026 3128 ὅσα
1064 3077 1268 3135 τούτοις
1305 3078 1588 3148 παρόμοια.

638 3168 727 3221 38.
771 3165 913 3221 Huic
971 3165 1203 3238 optimo
1259 3180 1331 3219 ac
1380 3169 1693 3236 tantopere
1747 3161 2215 3219 demonstrativo
2257 3161 2297 3218 C

567 3259 944 3324 argumento,
971 3253 1151 3309 aliam
1181 3269 1424 3325 quoque
1452 3252 1669 3323 adjecit
1696 3252 1988 3308 miriﬁcus
2018 3254 2217 3308 Caesar

568 3342 1110 3407 conﬁrmationem,
1135 3342 1548 3411 restringendo
1574 3340 1795 3397 scilicet
1823 3357 1894 3397 ac
1924 3339 2217 3396 subtiliter

566 3430 923 3502 explicando
970 3435 1312 3486 sanctorum
1341 3429 1520 3492 dicta,
1556 3434 1620 3485 ut
1648 3434 2005 3501 opportune,
2040 3432 2219 3501 prout

564 3536 675 3593 par
693 3523 818 3574 erat
839 3516 1324 3588 intelligerentur.
1344 3518 1435 3574 Sic
1454 3518 1615 3573 enim
1633 3517 1848 3573 aiebat.
1866 3520 2013 3574 Cum
2031 3517 2217 3589 aliqui

567 3610 888 3664 occurrunt
911 3605 1183 3661 Ecclesiae
1208 3605 1551 3662 defensores
1579 3606 1778 3661 Patres
1809 3605 2034 3661 dictum
2066 3605 2216 3662 illud

566 3696 930 3769 explicantes
964 3693 1299 3750 secundum
1330 3694 1495 3766 quod
1527 3696 1690 3750 Pater
1720 3710 1904 3750 causa
1930 3698 2022 3750 est
2050 3693 2215 3750 caele-

569 3788 676 3843 stis
707 3785 1051 3853 nativitatis,
1082 3784 1144 3839 hi
1170 3789 1312 3840 tunc
1349 3783 1423 3839 de
1452 3783 1738 3853 unigeniti
1768 3782 1892 3838 Filii
1940 3783 2040 3839 Dei
2086 3800 2215 3856 per-

567 3892 719 3933 sona
770 3874 1102 3944 theologice
1138 3873 1202 3929 id
1248 3873 1475 3938 dicunt,
1503 3878 1567 3928 ut
1594 3872 2080 3929 adversariorum
2106 3889 2214 3930 ora

565 3964 904 4035 occludant,
933 3965 1036 4037 qui
1066 3962 1462 4019 differentiam
1493 3961 1555 4017 in
1587 3976 1770 4017 unam
1810 3962 2211 4035 eamdemque

564 4061 844 4112 naturam
892 4053 1221 4119 invehunt;
1250 4052 1367 4125 ipsi
1414 4056 1614 4109 autem
1663 4053 1860 4107 Patres
1907 4051 2213 4108 afﬁrmant

562 4144 727 4201 haud
751 4143 986 4199 differre
1026 4159 1063 4198 a
1102 4147 1351 4216 paterna
1397 4141 1519 4198 Filii
1567 4146 1884 4208 naturam;
1918 4157 2114 4214 neque
2147 4141 2209 4197 in

562 4232 757 4304 gradu
777 4234 1006 4302 majore
1028 4235 1258 4289 Patrem
1281 4231 1519 4302 versari,
1540 4231 1715 4304 quasi
1736 4230 2083 4286 substantiae
2104 4245 2211 4285 seu

562 4325 792 4377 naturae
830 4320 1053 4376 habeat
1093 4320 1512 4377 differentiam.
1555 4320 1669 4377 Sed
1713 4318 1996 4392 quamvis
2041 4322 2211 4375 Pater

562 4409 795 4465 dicatur
840 4410 1034 4480 major
1058 4425 1093 4465 a
1126 4408 1287 4478 Filio,
1318 4409 1382 4464 id
1424 4414 1625 4465 tamen
1650 4408 1877 4464 dictum
1906 4408 2210 4480 sempiter-

2398 3160 2494 3221 λη’.
2540 3163 2657 3217 Ἐπί
2706 3159 2765 3216 δὲ
2806 3171 2878 3235 τῷ
2926 3165 3144 3237 τοιούτῳ
3192 3163 3391 3242 ἆρίστῷ
3432 3170 3524 3220 καὶ
3571 3162 3930 3240 ἀποδεικτικῳ

2327 3258 2418 3303 τοῦ
2478 3251 2634 3323 λόγου
2710 3249 3082 3327 ἐπιχειρήματι
3146 3258 3233 3307 καὶ
3305 3255 3500 3314 ταύτην
3565 3258 3592 3308 6
3663 3258 3932 3319 θειότατος

2327 3338 2554 3413 ἐπήγαγε
2618 3339 2867 3414 βασιλεὺς
2930 3347 3023 3400 τὴν
3081 3345 3162 3396 ἐπὶ
3223 3351 3329 3405 τοὶς
3388 3348 3743 3419 προκειμένοις
3803 3365 3935 3419 συγο

2325 3434 2573 3504 κρότησιν
2597 3451 2609 3463 ·
2675 3430 3066 3484 καταλεπτύνων
3131 3433 3236 3485 οἶον
3296 3438 3387 3485 καὶ
3455 3434 3783 3507 ἰσχνο).ογῶν
3836 3438 3933 3497 τὰς

2324 3526 2420 3570 τῶν
2474 3518 2634 3590 ἁγίων
2692 3522 2860 3592 φωνὰς
2915 3521 3049 3581 ὅπως
3104 3523 3239 3573 κατά
3294 3525 3473 3597 καιρὸν
3512 3525 3576 3583 ὡς
3628 3519 3739 3576 ἔδει
3797 3542 3935 3596 παρο

2325 3608 2685 3682 ελαμϐάνοντο.
2741 3609 2885 3681 "Ore,
2931 3613 3054 3685 γὰρ,
3107 3614 3342 3682 ἔφασκεν,
3394 3614 3725 3686 εὑρίσκονται
3795 3631 3933 3675 τινες

2322 3707 2419 3750 τῶν
2476 3707 2569 3761 τῆς
2624 3698 2932 3760 Ἐκκλησίας
2984 3701 3303 3774 ὑπερμάχων
3371 3705 3609 3774 Πατέρων
3665 3706 3768 3760 τὴν
3826 3721 3935 3755 τοι-

2324 3790 2482 3845 αύτην
2522 3792 2689 3860 φωνὴν
2736 3790 2871 3839 κατὰ
2915 3790 2971 3840 τὸ
3011 3790 3175 3840 αἴτιον
3222 3796 3313 3849 τῆς
3355 3786 3594 3841 ἀνωτάτω
3630 3795 3935 3861 γεννήσεως

2323 3874 2672 3949 ἐξηγούμενοι,
2722 3881 2836 3929 τότε
2879 3872 2947 3935 δὴ
3002 3880 3115 3950 περὶ
3159 3884 3255 3937 τῆς
3305 3884 3396 3929 τοῦ
3442 3885 3753 3950 μονογενοῦς
3796 3881 3931 3931 Υίοῦ

2320 3973 2411 4018 τοῦ
2457 3972 2589 4019 Θεοῦ
2619 3967 2957 4027 ὑποστάσεως
2989 3965 3341 4037 θεολογοῦντες
3380 3973 3531 4019 τοῦτο
3563 3963 3929 4037 διδάσκουσι,

2320 4057 2437 4116 τούς
2510 4050 2931 4129 ἓτεροὸοξοῦντας
2986 4053 3447 4126 ἐπιστομίζοντες,
3507 4052 3770 4131 διαφορὰν
3841 4057 3931 4108 ἐπὶ

2318 4152 2409 4203 τῆς
2455 4149 2578 4216 μιᾶς
2644 4143 2805 4206 αὐτῆς
2851 4143 3153 4214 εἰσάγοντας
3204 4146 3440 4215 φύσεωςο
3490 4149 3580 4196 καὶ
3637 4140 3935 4207 ἀποδεῖξαι

2321 4229 2625 4304 βουλόμενοι
2654 4228 2819 4304 μηδὲν
2865 4252 2918 4284 τι
2964 4235 3099 4285 κατὰ
3128 4235 3281 4305 φύσιν
3330 4240 3422 4286 τοῦ
3453 4236 3660 4305 Πατρός
3707 4229 3935 4287 διίστα-

2321 4322 2445 4373 σθαι
2480 4324 2567 4373 τὸν
2606 4323 2744 4390 Υὶὸν,
2773 4317 2912 4396 μηδὲ
2956 4325 3043 4374 τόν
3085 4321 3300 4395 μείζονα
3341 4321 3528 4396 κλῆρον
3573 4320 3791 4394 ἐπέχειν
3839 4323 3935 4375 τὸν

2319 4414 2526 4484 Πατέρα
2568 4407 2661 4463 διὰ
2707 4414 2763 4463 τὸ
2803 4420 2893 4472 τῆς
2940 4410 3119 4471 ούσίας
3166 4414 3329 4463 εἶτουν
3370 4414 3567 4483 φύσεως
3614 4408 3664 4462 ἐν
3715 4414 3937 4473 τούτοις

562 4514 709 4555 nam
749 4498 1019 4568 orginem
1060 4515 1449 4571 causamque,
1478 4498 1539 4554 id
1591 4504 1683 4555 est
1728 4498 1806 4554 ad
1843 4498 2210 4554 ineffabilem

2323 4495 2587 4574 διάφορον.
2641 4499 2773 4552 Ἀλλ’
2822 4500 2867 4553 εἰ
2915 4506 3006 4554 καὶ
3048 4499 3232 4553 ἑαυτοῦ
3280 4500 3471 4573 μείζων
3528 4502 3741 4573 εἴρηται
3782 4501 3942 4573 παρὰ

561 4586 1166 4660 inexplicabilemquc
1209 4588 1672 4659 generationem,
1716 4588 1995 4659 referunt,
2028 4586 2210 4644 veluti

563 4677 640 4733 de
675 4676 981 4748 unigenito
1012 4676 1151 4733 Filio
1187 4676 1288 4732 Dei
1316 4677 1705 4749 personaliter
1732 4677 2077 4750 eloquentes
2106 4695 2120 4746 ;
2152 4680 2212 4733 et

564 4766 647 4823 sic
668 4766 843 4823 unice
863 4771 1006 4821 tunc
1026 4765 1471 4835 intelligendam
1495 4767 1813 4823 dictionem
1845 4767 2031 4823 aiunt.
2061 4769 2210 4824 Cum

563 4860 764 4912 autem
810 4853 1099 4925 unigeniti
1147 4854 1327 4910 Verbi
1377 4854 1850 4912 incarnationem
1908 4860 2206 4928 spectant,

561 4950 740 5017 atque
770 4946 848 5001 ad
874 4945 1008 5015 conj
1021 4948 1226 5000 unctas
1253 4943 1563 5000 inconfuse
1594 4950 1839 5001 naturas
1869 4961 2209 5003 sermonem

558 5038 1275 5107 convertunt,earumque
1296 5033 1693 5091 differentiam
1716 5033 1963 5089 deﬁnire
1978 5034 2204 5106 volunt,

556 5126 700 5178 tunc
730 5122 942 5179 Christi
980 5139 1223 5196 quoque
1252 5123 1611 5180 humanitati
1658 5124 1818 5180 hanc
1846 5122 2207 5181 locutionem

556 5210 1043 5267 accommodant.
1069 5213 1314 5283 Magnus
1339 5212 1516 5283 igitur
1543 5211 1859 5281 theologus
1892 5211 2206 5281 Gregorius

554 5300 652 5357 hic
699 5301 762 5356 in
808 5300 1076 5358 medium
1118 5302 1552 5376 proferebatur,
1599 5301 1704 5373 qui
1758 5305 1894 5372 post
1942 5302 2204 5372 priorem

553 5389 1102 5462 interpretationem
1136 5392 1472 5448 secundum
1502 5406 1752 5446 causam
1781 5389 1998 5446 divinae
2028 5406 2202 5461 gena

553 5478 819 5549 rationis,
850 5480 1006 5537 hanc
1048 5497 1290 5555 quoque
1320 5479 1541 5552 adjecit
1567 5496 1580 5536 :
1614 5478 1765 5534 Nam
1809 5477 2005 5536 dicere
2036 5481 2203 5552 quod

627 5584 738 5662 (3S)
776 5587 992 5648 Zenob.
1025 5589 1310 5663 proverb.
1335 5604 1377 5660 1,
1411 5589 1501 5644 83.

2318 4596 2409 4640 τοῦ
2447 4590 2573 4642 Υἰοῦ
2625 4590 2650 4641 6
2700 4593 2904 4664 Πατὴρ,
2942 4592 3067 4663 πρὸς
3108 4590 3343 4663 ἄναρχον
3382 4587 3557 4664 ἀρχὴν
3594 4593 3687 4642 καὶ
3722 4591 3938 4659 αἰτίαν,

2316 4681 2557 4730 τουτέστι
2615 4683 2709 4737 τὴν
2764 4676 2987 4754 δι’ῥρητον
3042 4682 3323 4751 γέννησιν,
3369 4681 3426 4731 τό
3497 4684 3701 4731 τοιοῦτο
3768 4679 3940 4754 ῥητὸν

2320 4764 2677 4841 ἀναφέρουσιν,
2708 4770 2777 4830 ὡς
2822 4772 2940 4841 περὶ
2987 4775 3078 4821 τοῦ
3117 4774 3419 4841 μονογενοῦς
3466 4769 3591 4821 Υἰοῦ
3638 4776 3742 4819 τοῦ
3796 4775 3942 4822 Θεοῦ

2317 4857 2685 4919 ύποστατικώς
2735 4860 2821 4910 τὸν
2886 4856 3035 4929 λόγον
3097 4855 3385 4930 ἐκφέροντες
3427 4877 3438 4889 ·
3500 4855 3560 4909 ού
3622 4859 3817 4928 μέντοι
3879 4854 3945 4910 δε

2317 4949 2406 4997 καὶ
2456 4948 2588 4998 κατὰ
2640 4947 2836 5003 ταύτην
2895 4949 3054 5017 μόνην
3110 4943 3394 5016 ἐπάγουσιν
3443 4943 3602 5001 αὐτὴν
3651 4941 3945 5016 ἐκλαμϐάο

2316 5035 2516 5090 νεσθαι.
2569 5033 2692 5087 Ὀτε
2749 5031 2808 5088 δὲ
2863 5037 2946 5087 τὸν
2997 5041 3244 5107 μονογενῆ
3303 5036 3468 5106 Λόγον
3522 5038 3947 5106 σεσαρχωμένον

2320 5124 2520 5197 θεωρεῖν
2584 5126 2774 5196 ἔχουσι
2834 5128 2925 5177 καὶ
2985 5126 3109 5199 πρὸς
3170 5125 3266 5184 τὰς
3330 5120 3377 5174 ἐν
3447 5121 3585 5193 αύτῳ
3648 5122 3949 5196 ἡνωμένας

2314 5211 2634 5284 ἀσυγχύτως
2700 5215 2881 5285 φύσεις
2937 5219 3280 5286 χειραγωγεῖν
3342 5214 3428 5263 τὸν
3493 5210 3642 5281 λόγον
3721 5211 3951 5284 ἐπιχει-

2311 5310 2465 5378 ροῦσι
2512 5307 2603 5355 καὶ
2656 5298 2962 5377 ὃιευκρινεῖν
3010 5304 3068 5353 τὸ
3117 5299 3165 5353 ἐν
3216 5303 3428 5361 ταύταις
3485 5295 3775 5372 διάφορον,
3826 5305 3953 5355 τότε

2311 5395 2399 5444 καὶ
2450 5400 2512 5466 τῇ
2558 5391 2621 5444 -ἑν
2676 5398 2748 5462 τῷ
2807 5397 3022 5464 Χριστῷ
3080 5388 3442 5463 ἆνθρωπὸτητι
3504 5391 3598 5446 τὴν
3668 5392 3952 5449 τοιαύτην

2313 5485 2480 5554 φωνὴν
2536 5479 3018 5557 προσαρμόζουσιν.
3071 5477 3128 5532 '0
3184 5481 3363 5551 μέγας,
3418 5473 3505 5531 οὖν
3558 5474 3605 5529 ἄν
3680 5476 3958 5556 θεολογίᾳ
