4126 6272
228 238 297 295 133
1482 232 1828 294 TllESAURl

1896 231 2019 287 LIB.
2059 235 2208 290 XXV.
3420 239 3525 297 234

235 366 431 436 Γρηγόρεος
456 359 700 417 ἐντεῦθεν
723 361 798 425 εἰς
830 366 987 435 μέσον
1011 367 1279 436 παρήγετο
1302 363 1434 435 μετὰ
1463 366 1556 421 τὴν
1582 363 1764 435 προτέ-
1805 356 1856 411 Α

1900 357 2137 428 3hristo,
2166 364 2463 432 quatenus
2494 361 2680 418 homo
2704 361 3065 431 intelligitur,
3111 365 3283 436 pater
3333 366 3529 436 major

231 472 296 527 ραν
313 454 410 505 κατὰ
435 456 496 503 τό
521 454 697 504 αῖτιον
729 460 826 513 τῆς
859 454 998 514 θείας
1025 457 1302 523 γεννήσεως
1326 451 1616 524 ἑρμηνείαν,
1647 449 1769 503 ἐπά-

1901 454 1970 503 ist
1998 467 2012 515 ;
2040 465 2251 506 verum
2282 451 2341 506 id
2381 452 2650 524 quidem,
2680 452 2786 507 sed
2828 468 2951 507 non
2999 468 3313 523 magnum.
3375 454 3530 521 Quid

227 545 382 613 γωνκαὶ
404 548 579 593 ταῦτα
612 562 625 575 ·
663 564 689 589 ‹‹
717 544 790 594 Τὸ
819 544 925 616 γὰρ
953 539 1019 600 δὴ
1052 541 1213 613 λέγειν
1257 543 1336 593 ὅτι
1384 547 1476 593 τού
1523 543 1658 593 κατά
1680 543 1769 592 τὸν

1903 537 2041 592 enim
2075 539 2316 609 mirum,
2345 540 2394 594 si
2426 540 2620 611 major
2640 540 2883 596 homine
2909 540 3063 596 Deus
3088 540 3219 597 est?
3242 545 3532 599 Praeterea

222 631 428 704 ἄνθρωπον
452 633 742 703 νοουμένου
765 629 961 703 μείζων
991 628 1176 694 ἀληθὲς
1204 633 1316 703 μὲν,
1344 630 1402 684 ού
1433 633 1571 703 μέγα
1610 626 1689 686 δέ.
1712 633 1774 682 Τί

1901 627 2132 683 senioris
2162 645 2408 703 quoque
2428 632 2629 686 Romae
2661 629 3079 686 sanctissimus
3118 647 3280 704 papa
3312 635 3425 689 Leo
3456 632 3530 688 de

215 721 289 791 γὰρ
312 723 358 772 τὸ
378 721 706 791 θαυμαστὸν,
741 719 787 773 εἰ
811 719 1005 792 μείζων
1026 718 1300 794 ἀνθρώπου
1327 723 1485 786 Θεός;
1513 742 1539 769 ››
1566 719 1773 792 Ἐφεξῆς

1905 732 1996 772 ioc
2025 717 2183 773 dicto
2209 718 2542 775 edisserens
2568 739 2581 776 :
2617 720 2751 776 Sine
2775 719 2967 787 Verbi,
3010 720 3223 793 inquit,
3264 722 3534 793 potentia.

214 803 259 861 (ἢ
267 812 345 860 καὶ
365 810 389 860 ὁ
407 816 467 867 τῆ
480 829 502 869 ς
520 808 841 882 παλαιτέρας
857 807 1053 882 Ῥώμης
1068 809 1361 881 ἁγιώτατος
1374 811 1587 870 πάπποις
1608 812 1772 878 Λέων,

1905 821 2006 861 ton
2033 806 2253 863 diceret
2276 824 2395 864 vox
2429 809 2610 865 Patris
2634 809 2825 865 missa
2853 808 2931 864 de
2954 809 3123 874 coelo,
3155 811 3274 867 Hic
3317 818 3400 867 est
3433 813 3534 868 Fi-

208 893 311 951 τάδι
326 894 687 970 διαλαμϐάνων
711 919 725 932 ·
771 919 801 949 ‹‹
853 902 994 971 Δίχα
1022 901 1114 971 μὲν
1142 907 1232 961 τῆς
1261 906 1350 952 τοῦ
1401 904 1572 970 Λόγου
1617 894 1775 951 δυνά-

1910 896 2001 951 ius
2030 911 2190 953 meus
2221 898 2474 954 dilectus
2499 900 2564 954 in
2592 914 2708 970 quo
2738 898 2887 954 mihi
2913 898 3055 955 bene
3093 901 3432 968 complacui
3470 902 3537 957 Et

207 1005 316 1058 μεως
338 987 425 1039 οὐκ
450 986 510 1039 ἂν
541 987 710 1060 ἔλεγεν
731 988 763 1047 ἡ
800 992 940 1060 φωνῆ
968 995 1061 1042 τοῦ
1086 991 1291 1063 Πατρός
1322 986 1377 1052 ἐξ
1401 987 1629 1061 ούρανών
1659 985 1772 1059 Eque.

1903 984 2012 1040 sine
2051 986 2287 1042 veritate
2343 987 2541 1043 carnis
2580 1002 2703 1043 non
2749 991 3180 1058 protestaretur
3219 990 3485 1044 Joannes
3519 1005 3532 1043 :

210 1077 338 1128 θεῖσα
362 1076 518 1138 Οὗτός
547 1075 691 1130 ἐστιν
724 1077 752 1129 ὁ
782 1078 900 1139 Υἱός
928 1097 1031 1151 μου
1059 1079 1085 1131 ὁ
1121 1076 1410 1150 ἀγαπητὸς,
1444 1076 1492 1130 ἐν
1523 1100 1563 1150 ῳ
1607 1072 1776 1136 ηὐδό-

1908 1074 2040 1130 Ecce
2066 1076 2278 1145 Agnus
2306 1076 2416 1132 Dei
2463 1077 2569 1147 qui
2606 1076 2765 1131 tollit
2806 1084 3116 1144 peccatum
3160 1077 3439 1133 mundi...
3471 1079 3537 1132 Et

207 1184 331 1223 κεσα
354 1187 367 1199 -
397 1163 532 1239 δίχα
560 1162 622 1220 δὲ
646 1175 746 1230 τῆς
776 1165 1021 1231 ἀληθείας
1038 1174 1131 1221 τοῦ
1154 1172 1399 1240 σώματος
1426 1167 1520 1221 οὐκ
1540 1166 1600 1218 ἃν
1626 1184 1775 1238 προε-

1909 1163 1974 1219 ςὶο
2000 1179 2070 1218 ex
2101 1163 2309 1219 ordine
2338 1165 2752 1237 unusquisque
2774 1167 3311 1238 Patrum,quorum
3336 1171 3538 1222 aucto-

196 1258 466 1330 μαρτύρετο
496 1256 708 1314 Ἰωάννη
719 1275 762 1322 ς,
792 1253 880 1310 ’Ἱδ
883 1276 904 1310 ε
926 1258 951 1309 ὀ
974 1256 1156 1329 Ἀμνός
1180 1264 1270 1309 τοῦ
1291 1265 1423 1311 Θεοῦ
1451 1259 1476 1309 ὁ
1507 1260 1664 1330 αἴρων
1686 1264 1778 1314 τῆν

1908 1252 2088 1308 'itates
2118 1268 2303 1324 supra
2331 1257 2468 1308 sunt
2495 1253 2861 1326 perscriptae,
2890 1253 2951 1308 in
2982 1270 3083 1309 ore
3111 1254 3360 1310 Caesaris
3388 1258 3537 1323 erat,

194 1344 434 1419 ἁμαρτίαν
462 1352 555 1397 τοῦ
585 1350 795 1417 κόσμου
820 1362 834 1375 °
870 1350 962 1398 καὶ
993 1342 1145 1407 αὖθις
1172 1346 1392 1408 ἕκαστος
1419 1354 1520 1399 τῶν
1547 1343 1780 1418 ἀνωτέρω

1914 1356 2183 1413 anquam
2232 1343 2279 1396 si
2331 1341 2632 1416 impressa
2679 1341 2864 1399 verba
2917 1358 3126 1399 eorum
3183 1348 3385 1401 mente
3436 1344 3539 1400 ha-

188 1440 677 1509 ιαταγιγραμμένων
709 1438 977 1509 Πατέρων,
1020 1435 1091 1498 ὡς
1142 1436 1229 1489 οἷα
1269 1443 1361 1487 τοῦ
1410 1433 1665 1509 βασιλέως
1694 1432 1780 1485 ἐπὶ
1891 1430 2075 1487 beret.

187 1522 420 1594 γλώσσης
450 1526 625 1598 ὥσπερ
654 1522 1051 1599 ἐγγεγραμμένα
1077 1526 1142 1577 τὰ
1166 1525 1374 1599 ῥήματα
1402 1527 1660 1597 φέροντος.

248 1629 343 1687 19’.
375 1629 492 1681 Οὐκ
514 1630 726 1701 ἠρκεῖτο
754 1634 960 1692 τούτοις
984 1631 1010 1683 ὀ
1035 1628 1245 1704 ἀκάμας
1264 1635 1354 1683 καὶ
1383 1638 1536 1703 σῶμα
1554 1634 1645 1681 καὶ
1664 1635 1781 1680 νοῦν

1965 1631 2051 1685 39.
2078 1631 2279 1702 Neque
2308 1634 2508 1686 tamen
2539 1630 2636 1686 hic
2658 1630 2920 1688 substitit
2940 1630 3275 1688 indefessus
3293 1647 3542 1706 corpore

186 1716 448 1790 βασιλεὺς,
485 1716 614 1770 ἀλλὰ
642 1724 733 1771 καὶ
763 1720 933 1795 ἔτερόν
962 1738 1014 1771 τι
1042 1720 1382 1792 ποριζόμενος
1423 1717 1780 1791 ἑπενθύμημα,
1812 1710 1815 1763 ί

1916 1733 1963 1773 ιο
1994 1723 2193 1773 mente
2224 1721 2441 1783 Caesar,
2475 1720 2580 1775 sed
2608 1719 2794 1776 alium
2823 1736 3070 1793 quoque
3112 1721 3358 1794 protulit
3387 1722 3545 1792 cogi-

186 1814 285 1869 τοίς
310 1806 668 1881 προλαϐοῦσιν
698 1806 862 1880 ἐπῆγε
892 1805 1205 1882 διατρανοῦν
1235 1817 1336 1861 τῶν
1368 1808 1417 1860 ἐν
1454 1817 1524 1879 τῷ
1568 1816 1783 1882 Χριστῷ

1918 1813 2081 1863 atum
2114 1824 2311 1879 suum,
2345 1825 2465 1881 quo
2490 1809 2814 1882 explicaret
2839 1814 3194 1868 naturarum
3223 1811 3286 1867 in
3316 1811 3544 1868 Christo

184 1898 447 1969 ἡνωμίνων
480 1901 682 1962 φύσεων
711 1900 771 1949 τὸ
803 1893 1089 1972 ἀδιαιρέτῳ
1130 1899 1417 1950 ὑποστάσει
1443 1899 1783 1969 σεσωσμένων

1915 1897 2375 1967 :onjunctarum,
2410 1897 2580 1953 salva
2612 1898 2792 1953 unica
2813 1897 3124 1956 individua
3152 1899 3544 1973 persona,dif-

185 1981 446 2059 διάφορον.
476 1990 548 2038 T6
576 1988 679 2059 γὰρ
699 1985 1030 2046 καταπλουτῆ
1041 2005 1132 2039 σαι
1161 1992 1255 2046 τὴν
1282 1986 1436 2058 ἁγίαν
1464 1992 1556 2038 τοῦ
1591 1989 1784 2059 Κυρίου

1915 1986 2228 2041 ’erentiam.
2260 1989 2411 2043 Nam
2443 1986 2591 2059 quia
2621 1990 2831 2043 sancta
2878 1987 3115 2044 Domini
3167 2003 3328 2056 caro,
3379 1992 3544 2061 post-

189 2076 350 2148 σάρκα
367 2077 438 2127 τόι
465 2083 561 2134 τῆς
589 2073 998 2149 προσλαϐούσης
1027 2075 1190 2133 αὐτὴν
1220 2078 1458 2136 θεότητος
1493 2074 1788 2146 αὐχήματα

1915 2091 2082 2148 [nam
2115 2076 2450 2148 assumpsit
2475 2092 2611 2133 eam
2641 2075 2950 2146 divinitas,
2987 2077 3263 2147 gloriosis
3301 2078 3544 2134 dotibus

186 2162 718 2236 προσλαμϐανομένων
739 2171 912 2229 τινῶν,
931 2168 1020 2216 καὶ
1042 2166 1203 2238 ταύτῃ
1237 2168 1585 2239 προσκόπτειν
1608 2158 1729 2215 κινδ
1730 2182 1786 2214 υ-

1917 2170 2183 2221 nstructa
2210 2165 2459 2235 fuit;ea
2484 2182 2548 2222 re
2590 2165 2866 2223 nonnulli
2922 2183 3046 2223 non
3097 2168 3225 2224 sine
3279 2168 3546 2241 periculo

187 2257 439 2322 νευόντων,
475 2255 545 2314 ὡς
575 2255 663 2303 καὶ
690 2256 811 2327 περὶ
839 2254 908 2305 τὰ
950 2255 1151 2324 φυσικὰ
1196 2257 1287 2305 καὶ
1316 2249 1388 2305 616‘
1393 2251 1615 2310 ιάϐλητα
1643 2252 1783 2308 πάθη

1917 2255 2112 2310 :rroris
2144 2255 2467 2311 utebantur
2492 2277 2505 2321 ;
2537 2255 2622 2312 ita
2651 2259 2717 2312 ut
2739 2254 2815 2312 de
2843 2256 3223 2313 naturalibus
3254 2257 3379 2314 sine
3408 2274 3546 2331 pec-

188 2348 501 2412 καιδοτομείν
532 2344 658 2403 τούς
681 2341 893 2413 λόγους,
925 2347 1016 2393 καὶ
1046 2340 1456 2395 ἀποστέλλεσθαι
1485 2341 1647 2412 λέγειν
1683 2359 1785 2392 πα-

1918 2348 2029 2399 εειἰο
2054 2344 2438 2416 passiouibus
2452 2344 2688 2399 Domini
2716 2360 2905 2402 novos
2924 2351 3185 2403 sererent
3205 2362 3547 2414 sermones;

193 2430 340 2488 ϐητὴν
365 2429 499 2483 εἶναι
530 2436 625 2488 τὴν
654 2431 1084 2504 προσληφθεῖσαν
1129 2452 1201 2503 τῳ
1235 2436 1412 2505 Κυρίῳ
1445 2433 1618 2503 σάρκα
1654 2431 1790 2481 κατὰ

1919 2432 2267 2505 minimeque
2297 2433 2589 2489 auderent
2631 2432 2933 2490 afﬁrmare
2975 2435 3332 2505 passibilem
3366 2435 3548 2493 fuisse

191 2523 271 2576 τὴν
312 2527 412 2571 τῶν
450 2526 662 2594 σαρκῶν
707 2522 887 2592 φύσιν,
928 2526 1116 2591 καὶτῷ
1156 2521 1402 2581 ἑκουσίως
1433 2524 1519 2572 τὸν
1559 2521 1789 2591 Χριστὸν

1917 2526 2272 2595 issumptam
2308 2537 2344 2579 a
2372 2521 2603 2578 Christo
2633 2538 2877 2579 carnem
2909 2524 3245 2581 secundum
3272 2526 3546 2583 carnium

190 2609 357 2661 παθεῖν
384 2610 519 2681 ὑπὲρ
542 2610 691 2680 ἡμῶν
726 2613 858 2683 πρὸς
890 2617 1045 2662 τοῦτο
1076 2607 1486 2684 ἀποχρωμένων,
1518 2612 1609 2660 καὶ
1650 2605 1789 2658 ἁπο-

1918 2627 2095 2683 psam
2128 2623 2441 2679 naturam;
2477 2611 2984 2686 abuterenturque
3006 2613 3083 2670 ad
3104 2613 3163 2669 id
3191 2620 3547 2685 argumento

194 2690 501 2749 δεεστώντων
534 2696 698 2755 αὐτὴν
729 2705 823 2750 τοῦ
852 2700 992 2750 κατὰ
1034 2700 1185 2770 φύσιν
1226 2699 1428 2760 πάθους
1475 2702 1565 2749 καὶ
1593 2704 1656 2755 τῆ
1668 2717 1688 2756 ς
1717 2714 1792 2747 νε·-

1920 2699 2020 2767 llo,
2052 2700 2219 2773 quod
2251 2700 2515 2756 Christus
2540 2705 2753 2773 sponte
2779 2717 2889 2773 pro
2937 2702 3117 2759 nobis
3157 2719 3375 2777 passus
3420 2710 3545 2773 est;

192 2790 425 2855 κγώσεως
448 2808 461 2820 ο
492 2787 646 2849 οὗτος
674 2791 768 2839 καὶ
795 2791 890 2845 τὴν
933 2786 1326 2860 λεχθησομένην
1370 2786 1648 2859 ἐπαγωγὴν
1697 2792 1793 2846 τῆς

1920 2793 1981 2843 ta
2010 2794 2072 2844 ut
2104 2789 2305 2861 ipsum
2335 2789 2594 2845 naturali
2623 2790 2910 2863 passione
2940 2807 3008 2846 ac
3040 2792 3400 2848 mortalitate
3430 2794 3549 2849 exi-

197 2872 368 2937 ἇννοίας
394 2881 686 2950 προήνεγκε
710 2894 723 2906 ·
756 2884 878 2950 περί
906 2876 1007 2950 γὰρ
1062 2874 1362 2950 ἰδιωμάτων
1400 2881 1490 2928 καὶ
1538 2875 1791 2948 αὐχημά-

1920 2882 2131 2933 nerent
2161 2896 2173 2945 ;
2203 2878 2320 2946 his,
2374 2879 2645 2950 inquam,
2694 2880 2892 2934 Caesar
2947 2880 3348 2952 excogitatam
3391 2897 3427 2937 a
3484 2898 3549 2938 se

198 2981 284 3014 των
310 2964 673 3037 ριλοσοφήσας
703 2970 795 3017 καὶ
834 2973 909 3036 τῷ
962 2962 1265 3039 διαιρετικῷ
1316 2973 1414 3017 τῶν
1448 2966 1793 3036 ὑποκειμένων

1919 2967 2277 3033 sententiam,
2298 2982 2484 3039 quam
2509 2968 2639 3037 jam
2670 2967 2965 3037 dicemus,
2988 2968 3452 3040 opposuit.Nam
3474 2969 3548 3026 de

196 3050 675 3128 ὶότῳχρησόμενος
703 3060 824 3108 τίνα
871 3058 965 3127 μὲν
1013 3058 1079 3107 τὰ
1129 3051 1413 3126 ἰδιώματα,
1466 3059 1585 3107 τίνα
1624 3050 1683 3106 δὲ
1729 3054 1795 3105 τὰ

1922 3054 2290 3111 diomatibus
2314 3060 2370 3110 et
2397 3055 2472 3111 de
2493 3055 2767 3127 gloriosis
2809 3055 3051 3112 dotibus
3089 3056 3426 3129 disputans,
3466 3061 3550 3115 at-

196 3141 473 3216 αὐχήματα
505 3140 864 3218 διετράνωσε⁶
896 3145 964 3195 τὰ
1005 3146 1095 3215 μὲν
1141 3139 1230 3195 οὖν
1283 3140 1551 3216 ἰδιώματα
1590 3144 1795 3214 φύσεως

1921 3161 2019 3217 {ue
2049 3148 2367 3214 utramque
2391 3159 2515 3198 rem
2544 3148 2823 3200 accurate
2854 3142 3550 3220 distinguens,quamam

194 3226 326 3300 εἶναι,
356 3241 461 3284 τῶν
490 3232 919 3305 ὁμολογουμένων
952 3230 1168 3287 ἐτίθετο.
1206 3236 1305 3285 Καὶ
1352 3239 1478 3304 γοῦν
1526 3239 1622 3292 τῆς
1654 3233 1796 3291 θείας

1922 3234 2023 3288 sint
2042 3231 2640 3304 idiomata,quaenam
2659 3232 2803 3288 item
2826 3232 3103 3302 gloriosa}
3125 3234 3551 3311 dotes,perspi-

190 3326 271 3373 καὶ
292 3327 565 3395 μακαρίας
596 3320 644 3374 ἐν
776 3329 1081 3396 μοναρχικῇ
1113 3318 1307 3396 Τριάὸι
1345 3325 1546 3394 φύσεως
1574 3318 1795 3393 ἰδιώμα-

1923 3338 2012 3377 zue
2043 3320 2414 3376 enucleabat.
2443 3323 2507 3377 Et
2528 3320 2819 3379 idiomata
2862 3322 3106 3395 quidem
3144 3326 3391 3399 propria
3418 3341 3552 3384 esse

189 3427 245 3459 τα
266 3414 325 3461 τὸ
349 3410 745 3486 ἀπερίγραπτον
776 3411 941 3482 ἔλεγε,
975 3414 1033 3462 1'6
1064 3412 1334 3477 ἄκτιστον,
1361 3413 1420 3463 τὸ
1448 3411 1674 3467 αἰώνιον,
1707 3415 1797 3463 καὶ

1926 3416 2155 3475 naturae.
2184 3416 2353 3466 extra
2376 3409 2817 3468 dubitationem
2847 3412 3133 3485 ponebat.
3152 3418 3231 3470 Ac
3260 3414 3481 3472 divinae
3498 3420 3555 3472 et

186 3498 339 3550 τᾶλλα
370 3497 443 3558 δὴ
475 3503 544 3551 τὰ
574 3502 776 3561 τούτοις
801 3500 1109 3572 ὁμοστοιχα
1134 3517 1145 3529 ·
1181 3500 1475 3573 αὐχήματα
1504 3496 1563 3552 δὲ
1581 3502 1793 3566 ταύτης,

1926 3504 2115 3566 )eataa,
2150 3500 2209 3555 in
2242 3499 2630 3557 monarchica
2658 3500 2960 3572 Trinitate,
2992 3506 3221 3560 naturae
3264 3503 3555 3562 idiomata

186 3594 286 3651 τοῖς
318 3587 781 3662 ἀπηριθμημένοις
815 3586 1079 3662 ἰδιώμασι
1116 3593 1469 3663 παρετόμενα,
1501 3592 1558 3641 τό
1601 3606 1796 3640 παντο-

1926 3606 2038 3643 :sse
2067 3588 2328 3658 dicebat,
2360 3594 2421 3644 ut
2461 3589 2694 3646 inﬁnita
2740 3590 2836 3661 sit,
2866 3591 3149 3661 increata,
3187 3594 3555 3666 sempiterna

189 3671 438 3750 δνναμον,
471 3682 532 3730 τὸ
584 3678 859 3745 ζωοποιόν,
914 3681 1005 3729 καὶ
1050 3678 1151 3730 ὅσα
1192 3680 1387 3740 ταύτης
1433 3686 1528 3740 τῆς
1587 3676 1794 3740 τάξεως.

1926 3677 2159 3750 iliisque
2189 3678 2540 3748 hujusmodi
2565 3679 3032 3752 proprietatibus
3060 3681 3310 3753 praedita
3338 3702 3350 3738 :
3385 3683 3555 3739 dotes

188 3765 445 3820 Ἐντεῦθεν
476 3772 570 3819 καὶ
599 3775 907 3840 πφοσεπῆγε
930 3771 1026 3825 τὴν
1052 3774 1143 3819 τοῦ
1172 3772 1367 3841 Κυρίου
1394 3770 1563 3839 σάρκα
1584 3774 1683 3818 τῶν
1710 3768 1798 3837 μὲν

1923 3772 2109 3822 iutem
2146 3766 2447 3837 gloriosas
2500 3768 2788 3840 praedicta
2834 3768 3127 3825 idiomata
3178 3771 3552 3837 comitantes,

184 3854 519 3928 αὐχημάτων
542 3857 747 3916 πάντως
767 3862 1061 3928 μετασχεῖν
1107 3862 1198 3907 τοῦ
1228 3855 1652 3931 προσλαϐομένου
1678 3855 1800 3906 τάύ⁴

1928 3855 2434 3928 >mnipotentiam,
2462 3856 2811 3913 viviﬁcandi
2861 3857 3166 3924 virtutem,
3208 3863 3388 3931 atque
3439 3860 3557 3916 alia

182 3961 271 4001 την
297 3952 623 4018 μονογενοῦς
652 3953 807 4013 Θεοῦ,
842 3944 936 3997 οἶτε
966 3949 1056 3996 καὶ
1083 3944 1337 4004 ζωοποιόν
1366 3964 1420 3997 τε
1476 3949 1562 3996 καὶ
1616 3962 1800 3996 παντο-

1932 3950 2266 4001 >rnamenta
2291 3945 2612 4016 ejusmodi.
2632 3944 2853 4000 Deinde
2881 3945 3298 4017 concludebat,
3323 3948 3561 4005 Domini

184 4028 435 4107 δύναμον,
474 4034 537 4087 ού
563 4037 739 4107 μέντοι
766 4053 830 4105 γε
857 4041 959 4086 τῶν
1006 4029 1304 4105 ἰδιωμάτων
1338 4043 1432 4095 τῆς
1473 4035 1613 4095 θείας
1644 4032 1801 4084 αὐτοῦ

1931 4050 2163 4091 :arnem'
2179 4035 2428 4090 omnino
2458 4034 2775 4107 praeditam
2800 4034 2986 4090 fuisse
3015 4034 3293 4104 gloriosis
3318 4037 3560 4095 dotibus

183 4126 384 4191 θύσεως
415 4146 430 4159 ο
461 4122 593 4177 οὔδε
622 4127 721 4196 γάρ
749 4124 1144 4196 ἀπερίγραπτὸς
1167 4122 1328 4190 ἐστιν,
1377 4121 1501 4176 οὐδὲ
1530 4124 1801 4188 οἴκτιστος,

1936 4124 2099 4180 livini
2140 4123 2440 4192 Unigeniti
2467 4139 2504 4179 a
2526 4138 2650 4196 quo
2680 4128 2773 4180 est
2794 4128 3132 4196 assumpta,
3165 4125 3380 4183 virtute
3412 4128 3565 4184 scili-

178 4208 299 4266 ὁδε
326 4216 570 4289 ἄχρονος
600 4208 691 4264 δια
719 4215 786 4264 τὰ
813 4212 1133 4283 αὐχήματα.
1170 4212 1393 4279 Οὐκοῦν,
1436 4210 1641 4285 ἐπείπερ
1687 4209 1803 4262 ἐκα-

1934 4217 2005 4269 :et
2033 4211 2375 4268 viviﬁcandi
2401 4217 2456 4267 et
2486 4211 2959 4285 omnipotentia;
2989 4228 3112 4269 non
3166 4218 3368 4273 tamen
3417 4215 3563 4273 divi-

176 4304 298 4369 τέρα
328 4310 435 4354 τῶν
469 4306 676 4373 φύσεων
706 4298 791 4352 ἐπὶ
816 4308 920 4352 τῶν
942 4297 1144 4351 οἰκείων
1167 4296 1469 4370 ἰδιωμάτων
1496 4299 1805 4371 ἀσύγχυτος

1935 4319 2008 4358 ue
2035 4305 2263 4357 natura:
2296 4300 2705 4357 idiomatibus.
2744 4303 2893 4357 Nam
2920 4302 3157 4360 etiamsi
3198 4303 3383 4363 habet
3435 4305 3564 4377 glo-

177 4390 360 4457 ξμεινε,
388 4396 445 4444 τί
502 4394 564 4443 τό
604 4390 1030 4465 προσιστάμενον
1077 4386 1299 4441 ἐντεῦθεν
1335 4393 1392 4441 τὸ
1441 4390 1618 4462 μεῖζον
1666 4390 1806 4463 παρὰ

1934 4392 2106 4447 'iosas
2138 4389 2326 4461 dotes,
2358 4405 2480 4444 non
2508 4389 2729 4446 idcirco
2762 4395 2962 4447 tamen
2993 4392 3226 4450 inﬁnita
3281 4399 3372 4450 est
3402 4410 3563 4465 caro,

175 4480 385 4542 τούτοις
416 4478 688 4553 ἑνθεωρεῖν
722 4499 737 4512 ο
769 4482 862 4529 καὶ
890 4484 1001 4536 τοῖς
1020 4485 1112 4538 τῆς
1145 4478 1282 4539 θείας
1307 4480 1508 4549 φύσεως
1542 4474 1804 4549 ἐὸιωμασι

1936 4480 2325 4546 relincreata,
2367 4478 2462 4534 vel
2511 4482 2649 4535 ante
2697 4484 2992 4552 tempora.
3050 4482 3230 4552 Igitur
3272 4483 3565 4557 quoniam

175 4569 235 4616 τό
264 4567 533 4640 ὑπερέχον
562 4565 864 4638 ἀπονέμειν,
896 4572 961 4636 τῇ
994 4566 1122 4637 πρὸς
1150 4566 1245 4628 τὰς
1270 4574 1364 4629 τῆς
1393 4584 1584 4639 σαρκος
1609 4561 1804 4623 ἰδιότη-

1940 4575 2172 4640 itraque
2205 4572 2420 4623 natura
2446 4568 2509 4623 in
2538 4568 2797 4641 propriis
2826 4569 3216 4626 idiomatibus
3246 4570 3569 4629 inconfusa

176 4671 269 4720 τας
298 4658 515 4732 παραθὲ
538 4675 584 4709 ει
615 4655 887 4729 ἑπόμενον.

1943 4661 2161 4723 nanet;
2194 4656 2336 4712 hinc
2364 4671 2749 4728 cognoscere,
2768 4657 3422 4732 inquit,licetquonam
3440 4675 3572 4732 per-

1919 4747 2106 4803 tineat
2132 4744 2278 4800 illud
2310 4745 2641 4818 epithetum
2662 4748 2878 4813 maior,
2895 4746 2967 4802 de
2997 4763 3121 4819 quo
3147 4763 3309 4803 nunc
3335 4753 3572 4804 contro-

1917 4835 2119 4891 versia
2150 4836 2215 4890 tit
2241 4851 2253 4888 :
2285 4838 2641 4909 oportetque
2671 4834 2889 4892 divinae
2920 4842 3152 4892 naturae
3183 4835 3574 4893 idiomatibus

1922 4923 2182 4996 gradum
2258 4923 2670 4989 sublimiorem
2727 4924 3068 4990 attribuere,
3102 4930 3577 4983 consentaneum

782 5080 789 5087 ,
1574 5038 1577 5039 ν
1921 5013 2356 5084 comparationi
2388 5028 2525 5068 cum
2559 5013 2754 5069 carnis
2772 5013 3261 5086 proprietatibus.

261 5104 330 5171 μ’.
362 5112 537 5159 ταῦτα
565 5108 660 5178 μὲν
691 5104 784 5157 οὖν
815 5107 914 5155 τοῦ
943 5099 1226 5174 βασιλικοῦ
1255 5104 1389 5168 νοὸς,
1422 5102 1453 5160 ἦ
1505 5099 1696 5173 μᾶλλον
1728 5099 1808 5150 εἰ-

1991 5105 2080 5157 40.
2116 5103 2212 5156 Hie
2242 5101 2424 5171 igitur
2446 5102 2666 5172 regalis
2705 5103 2942 5170 mentis,
2983 5103 3078 5158 vel
3118 5104 3320 5177 potius
3365 5104 3580 5161 huma-

202 5198 327 5257 πεῖν,
357 5204 446 5247 τοῦ
477 5204 579 5248 τῶν
630 5194 981 5268 ἀνθρωπίνων
1022 5194 1148 5242 νόων
1203 5188 1458 5262 βασιλέως
1498 5193 1811 5262 πορίσματα

1952 5205 2141 5247 larum
2172 5190 2463 5247 mentium
2513 5192 2689 5262 regis,
2722 5188 3165 5265 propositiones
3209 5197 3390 5267 atque
3438 5209 3581 5248 con-

204 5282 623 5357 ῑάγεννήματαξ
655 5288 755 5336 καὶ
794 5288 895 5341 τῆς
941 5279 1276 5352 ύπερχρύσου
1323 5278 1559 5350 γλώττης
1613 5276 1813 5347 γλυκίω

1943 5277 2223 5335 :lusiones
2246 5283 2436 5347 erant,
2461 5277 2804 5352 linguaeque
2833 5294 3031 5334 aureae
3085 5278 3359 5335 dulciora
3398 5276 3572 5331 melle

205 5366 396 5435 ῑιᾶιτος
422 5372 835 5447 ἀπαγγελματα.
878 5369 1023 5422 Ἐπεὶ
1055 5363 1115 5420 δὲ
1143 5366 1329 5428 πολλὰς
1369 5370 1460 5439 μὲν
1506 5371 1691 5426 νύκτας
1725 5364 1812 5417 ἀῦ-

1958 5366 2120 5423 tfata.
2178 5366 2511 5440 Postquam
2568 5372 2771 5424 autem
2818 5366 3160 5440 complures
3221 5371 3426 5423 noctes
3491 5364 3583 5417 in-

204 5471 373 5531 πνους,
414 5464 606 5527 πολλάς
654 5459 710 5517 δ’
765 5461 979 5531 ἡμέρας
1018 5452 1359 5533 ἐμφρόντιδας
1419 5457 1690 5524 ἑξετελεσε,
1721 5458 1813 5508 καὶ

2010 5470 2167 5514 mnos
2194 5456 2534 5528 multosque
2564 5456 2692 5513 dies
2725 5456 2787 5512 in
2816 5457 3035 5512 harum
3076 5471 3282 5513 rerum
3329 5450 3580 5510 medita—
3637 5535 3639 5538 ⁴

200 5536 309 5600 δέων
333 5554 492 5629 ἔκρινε
517 5558 579 5608 τὸ
612 5546 841 5609 εὐσεϐὲς
892 5540 1318 5620 διατρανωθῆναι
1362 5554 1454 5608 τῆς
1491 5545 1814 5617 ἐξηγήσεως,

1950 5546 2086 5605 ione
2105 5547 2500 5619 consumpsit,
2513 5546 2871 5604 existimans
2891 5547 3166 5617 oportere
3177 5541 3577 5602 orthodoxam

426 5664 684 5720 Ρλτκοει.
733 5656 850 5714 Gn.
893 5650 1045 5715 CXL.

3125 5653 3160 5704 8
