4126 6272
607 251 713 305 235

608 370 753 428 dicti
785 367 1114 438 evangelici
1142 367 1691 440 interpretationem
1725 369 1801 424 ad
1830 368 2129 441 liquidum
2159 369 2258 425 de-

608 460 749 517 duci
773 477 787 527 ;
812 475 888 515 ne
919 457 999 513 ob
1021 461 1150 528 ejus
1173 457 1627 528 ambiguitatem
1659 458 2258 515 cordainﬁrmiorum

607 548 1143 622 perturbarentur:
1195 545 1274 601 ad
1332 551 1667 601 extremum
1717 547 2128 603 sanctissimos
2153 563 2258 620 pa-

606 637 900 696 triarchas
929 650 1288 707 sacramque
1305 640 1361 690 et
1381 635 1649 691 divinam
1675 638 2060 707 congregavit
2080 653 2258 708 syno-

607 727 778 796 dum,
813 726 893 781 ad
925 740 1112 798 quam
1167 729 1472 780 senatores
1524 741 1768 797 quoque
1824 731 2252 791 convenerunt,

607 814 1006 889 praesentibus
1037 814 1216 869 etiam
1242 813 1780 869 illustrissimorum
1811 816 2085 869 omnium
2130 831 2254 870 mo-

607 905 1009 962 nasteriorum
1039 902 1384 958 abbatibus.
1417 905 1482 958 Et
1511 903 1704 959 Caesar
1747 904 1991 975 quidem
2033 904 2254 959 reside-

605 994 712 1051 bat
733 994 794 1049 in
815 993 982 1062 regio
1009 992 1244 1061 throno,
1278 992 1383 1063 qui
1413 997 1498 1046 est
1527 993 1588 1047 in
1621 992 1892 1048 conclavi
1933 1009 2099 1048 mare
2130 1009 2256 1047 ver-

604 1099 710 1138 sus
741 1081 949 1151 magni
975 1080 1178 1153 palatii
1208 1096 1401 1152 nuper
1431 1081 1510 1136 ab
1540 1080 1670 1153 ipso
1696 1084 1930 1137 Caesare
1950 1082 2252 1150 exstructi,

603 1171 772 1245 quod
797 1169 1153 1226 occidentali
1184 1169 1350 1224 urbis
1383 1185 1558 1226 muro
1603 1170 1897 1238 imminet,
1949 1170 2255 1241 habetque

599 1260 664 1318 id
693 1260 981 1317 conclave
1012 1261 1091 1315 ad
1119 1258 1252 1330 ipso
1275 1259 1542 1315 Manuale
1563 1275 1787 1314 nomen
1814 1275 1827 1312 :
1869 1276 1992 1331 quo
2017 1261 2077 1314 in
2120 1259 2254 1316 loco

600 1348 1075 1408 innumerabiles
1131 1348 1512 1420 imperatoris
1563 1348 1844 1404 victorias
1891 1349 2059 1404 brevi
2105 1364 2253 1420 gyro

601 1439 1081 1511 comprehensas
1111 1452 1207 1492 ars
1237 1436 1510 1508 pictoria,
1553 1437 1750 1492 aureis
1802 1438 2022 1510 lapillis
2053 1439 2253 1494 varios

599 1529 961 1586 interserens
988 1525 1239 1588 colores,
1269 1529 1448 1598 prout
1490 1524 1618 1580 ﬁeri
1661 1527 1876 1597 potuit,
1917 1527 2248 1599 descripsit.

600 1619 701 1674 Hic
721 1617 832 1672 fuit
861 1615 1195 1671 consistorii
1219 1613 1424 1682 locus;
1452 1614 1656 1686 ibique
1686 1615 1934 1672 deﬁnita
1955 1623 2093 1672 sunt
2118 1633 2251 1689 quae

1944 244 2215 302 NICETJE
2258 245 2626 308 ΟΗΟΝΙΑΤίΕ

3854 254 3959 308 236

2369 373 2453 425 ἵνα
2481 381 2551 447 μή
2586 383 2656 446 τῷ
2689 372 2868 448 ἀδήλῳ
2907 378 3104 436 ταύτης
3132 375 3188 426 αἱ
3215 382 3315 426 τῶν
3346 373 3712 447 ἀπαγεστίρων
3742 373 3962 450 καρδίαι

2368 459 2402 514 δ
2409 468 2796 539 ιαταράττοιντο
2821 487 2833 499 ο
2866 465 3007 526 τέλος
3036 469 3154 525 τοῦς
3183 464 3498 535 ἁγιωτάτους
3523 468 3855 538 πατριάρχας
3875 471 3958 517 καὶ

2365 557 2458 610 τὴν
2489 556 2624 624 ἱερὰν
2655 560 2744 607 καὶ
2777 557 2916 607 θείαν
2945 556 3256 626 συνήθροισε
3288 549 3504 604 σύνοδον
3536 569 3548 583 °
3593 552 3698 604 ἀλλ’
3749 551 3872 606 οὐδὲ
3909 557 3961 607 οἱ

2363 649 2458 704 τῆς
2492 642 2782 714 συγκλήτου
2817 642 3014 716 βουλῆς
3045 641 3375 695 ἀπελείποντο
3401 663 3414 674 ·
3446 650 3691 714 παρῆσαν
3723 640 3781 694 δὲ
3801 648 3890 695 καὶ
3912 645 3961 695 οἱ

2363 739 2462 782 τῶν
2494 729 2890 805 ἐπισημοτάτων
2918 741 3100 784 πασῶν
3130 739 3294 803 μονῶν
3311 733 3692 803 καθηγούμενοι
3717 748 3729 762 '
3762 736 3959 784 καὶτὸν

2363 822 2454 891 μεν
2483 822 2509 872 ὁ
2542 820 2819 893 βασιλικός
2851 818 2964 892 εἶχε
2991 823 3163 894 θρόνος
3203 819 3252 872 ἐν
3282 828 3354 890 τῷ
3392 824 3524 894 πρὸς
3555 819 3810 872 θάλατταν
3840 823 3960 873 23m-

2363 913 2480 983 ρῴῳ
2504 919 2596 962 τοῦ
2627 909 2674 962 ἐν
2706 919 2777 981 τῷ
2808 911 3014 982 μεγάλῳ
3038 910 3273 979 παλατίῳ
3294 927 3508 982 νεουργη
3520 910 3688 968 θέντος
3720 913 3864 962 οἴκου
3885 919 3960 980 τῷ

2365 996 2577 1070 βασιλεί
2606 1009 2695 1052 τοῦ
2727 997 2762 1052 δ
2766 1005 3075 1075 υτικωτέρου
3099 1005 3311 1071 τείχους
3333 998 3628 1072 ἐφύπερθεν,
3663 1006 3958 1072 φερώνυμον

2361 1092 2450 1146 τὴν
2481 1089 2668 1148 κλῆσιν
2699 1091 2755 1142 ἐκ
2785 1100 2880 1152 τῆς
2909 1099 2999 1144 τοῦ
3032 1090 3279 1148 Μανουήλ
3309 1095 3649 1164 προσρήσεως
3678 1094 3919 1163 φέροντος
3941 1105 3955 1120 '

2363 1179 2411 1229 ἓν
2513 1185 2726 1230 καὶτῶν
2777 1177 3189 1252 δυσαριθμήτων
3226 1180 3640 1252 κατορθωμάτων
3672 1187 3762 1230 τοῦ
3809 1180 3962 1231 αὐτο-

2361 1269 2614 1343 κράτορος
2645 1268 2839 1343 βραχέ’
2866 1272 2998 1321 ἄττα
3025 1267 3401 1341 παραλαϐοῦσα
3426 1271 3456 1326 ἡ
3491 1269 3766 1342 ζωγράφος
3793 1272 3958 1340 τέχνη

2361 1356 2419 1408 ἐκ
2447 1361 2803 1430 καταχρύσων
2844 1355 3089 1430 ψηφίδων
3123 1357 3516 1431 ποικιλοχρόοις
3562 1356 3752 1430 ἑτέραις
3790 1356 3963 1409 Emm-

2359 1450 2642 1518 γνυμένων,
2674 1449 2744 1509 ως
2774 1446 2932 1518 εἶχεν,
2963 1443 3342 1520 ἑνδιεγράψατο
3368 1468 3380 1479 ·
3415 1447 3638 1498 ἐνταῦθα
3679 1450 3768 1517 μεν
3800 1443 3867 1504 δὴ
3897 1450 3963 1498 τὰ

2360 1543 2456 1595 τῆς
2482 1535 2856 1598 συνελεύσεως·
2893 1545 3169 1608 κυροῦνται
3201 1533 3260 1588 δέ
3288 1538 3353 1587 τὰ
3401 1537 3805 1608 ὑποτεταγμένα,
3838 1538 3961 1608 ὀμο-

2359 1627 2800 1696 γνωμονησάντων
2829 1624 3086 1694 ἀλλήλοις,
3119 1634 3216 1677 τῶν
3255 1644 3310 1676 τε
3357 1625 3660 1696 ἁγιωτάτων
3705 1645 3961 1699 πατριαρ-

599 1706 757 1763 infra
786 1721 1105 1779 ponemus,
1133 1705 1642 1760 consentientibus
1670 1705 1822 1762 inter
1849 1723 1913 1762 se
1945 1707 2242 1762 sanctissi-

2359 1722 2492 1784 χὼν,
2523 1723 2622 1765 τῶν
2656 1717 2940 1785 ίερωτάτων
2983 1713 3286 1788 ἀρχιερέων,
3318 1722 3410 1766 τοῦ
3463 1717 3723 1788 ἱερατικοῦ
3769 1714 3960 1766 λοιποῦ

596 1797 718 1854 mis
743 1793 1122 1870 patriarchis,
1167 1793 1713 1867 sacratissimisque
1757 1795 2247 1868 archiepiscopis,

597 1887 952 1959 reliquoque
981 1883 1346 1940 sacerdotali
1372 1888 1547 1952 coetu,
1595 1889 1652 1941 et
1699 1885 2079 1942 senatoribus
2123 1887 2245 1941 uni-

597 1976 825 2042 versis;
859 1974 944 2030 sic
998 1973 1236 2031 favente
1283 1976 1452 2046 pacis
1501 1976 1642 2042 Deo,
1700 1989 1937 2030 necnon
1988 1973 2252 2045 religiosi

595 2065 788 2123 nostri
818 2080 856 2122 a
883 2067 1004 2121 Deo
1035 2063 1306 2120 coronati
1334 2063 1719 2137 imperatoris
1745 2063 1890 2119 zelo.
1921 2063 2002 2119 De
2029 2064 2121 2118 his
2144 2079 2249 2118 au-

597 2159 720 2212 tem
745 2159 943 2212 tomus
973 2169 1218 2228 quoque
1248 2153 1624 2226 conscriptus
1653 2152 1780 2224 fuit,
1816 2154 1876 2209 in
1907 2169 2030 2226 quo
2061 2151 2140 2210 ad
2163 2153 2252 2208 lit-

596 2249 789 2305 teram
809 2244 1123 2319 sequentia
1150 2243 1551 2302 continentur.

1268 2439 1473 2496 ACTIO
1519 2440 1584 2493 II.

598 2582 822 2642 Mensis
859 2581 1075 2639 Martii
1108 2581 1204 2638 die
1245 2582 1530 2647 secunda,
1581 2582 1924 2640 indictiom’s
1975 2585 2126 2640 XIV
2157 2585 2252 2642 die

1299 2677 1540 2744 quarta.

672 2783 724 2836 1.
754 2777 1112 2836 Praesidente
1169 2794 1207 2835 a
1262 2781 1383 2834 Deo
1436 2783 1722 2835 coronato
1787 2784 1996 2836 sancto
2044 2784 2248 2836 nostro

593 2885 734 2942 rege
755 2873 812 2926 et
837 2870 1198 2943 imperatore
1227 2869 1477 2926 domino
1521 2870 1791 2926 Manuelo
1824 2871 2151 2941 Comneno,
2183 2871 2244 2927 in

597 2959 829 3034 tropico
858 2958 1129 3015 conclavi
1161 2958 1473 3015 meridiem
1503 2975 1733 3024 versus,
1765 2976 1986 3031 nempe
2034 2961 2094 3016 in
2125 2977 2248 3018 ma-

598 3051 702 3123 gni
728 3049 934 3123 palatii
969 3048 1623 3122 porphyromanuelico
1651 3049 1902 3105 triclinio
1937 3067 1950 3118 ;
2007 3051 2247 3107 astanti—

594 3140 713 3196 bus
740 3142 962 3194 sancta:
1007 3137 1310 3208 majestati
1355 3138 1505 3208 ejus,
1540 3137 1908 3194 amabilibus
1937 3139 2244 3195 consobri-

594 3229 712 3292 nis,
741 3227 879 3283 ﬁliis
908 3226 1114 3299 inclyti
1170 3226 1670 3284 sebastocratoris
1723 3227 1957 3284 domini
2014 3230 2246 3284 Andro-

595 3315 962 3384 nici,scilicet
990 3315 1411 3387 protosebasto
1436 3321 1494 3372 et
1521 3317 1976 3388 protovestiario
2007 3317 2246 3372 domino

595 3405 832 3460 Joanne
855 3402 1186 3469 Comneno,
1219 3402 1469 3475 ejusque
1512 3402 1691 3459 fratre
1742 3403 1992 3460 domino
2043 3405 2246 3462 Alexio

598 3495 939 3558 Comneno;
969 3491 1215 3548 amabili
1244 3492 1610 3548 consobrino
1639 3494 1898 3564 potentis
1932 3497 2245 3567 sanctique

593 3580 783 3639 nostri
810 3580 991 3650 regis,
1042 3579 1290 3636 domino
1343 3580 1687 3637 Andronico
1747 3583 2075 3652 Comneno,
2125 3585 2245 3641 ﬁlio

594 3668 954 3745 pansebasti
986 3668 1298 3725 celsissimi
1341 3669 1572 3725 domini
1614 3671 1907 3726 Theodori
1952 3674 2241 3739 Batatzae;

593 3761 772 3818 fratre
793 3759 924 3831 ejus
951 3762 1008 3814 et
1035 3758 1285 3814 amabili
1315 3759 1685 3815 consobrino
1721 3759 1978 3832 potentis
2024 3763 2243 3818 sancti-

591 3866 711 3924 que
741 3849 931 3906 nostri
950 3849 1108 3918 regis
1134 3847 1385 3905 domino
1407 3848 1609 3904 Alexio
1641 3851 1970 3919 Comneno,
1996 3852 2242 3908 amabili

2359 1802 2673 1874 καταλόγου,
2700 1808 2788 1855 καὶ
2821 1803 3127 1876 ξυμπάντων
3153 1811 3251 1854 τῶν
3280 1811 3374 1863 τῆς
3401 1802 3756 1874 συγκλητικῆς
3775 1823 3963 1876 γερου-

2363 1897 2503 1960 σίας,
2535 1889 2751 1964 εῦδοκίᾳ
2775 1901 2864 1944 τοῦ
2890 1901 2981 1953 τῆς
3011 1893 3216 1965 εἰρήνης
3246 1899 3379 1944 Θεοῦ
3424 1898 3512 1944 καὶ
3539 1889 3781 1964 διαπύρῳ
3812 1893 3961 1964 ζήλῳ

2359 1991 2451 2035 τοῦ
2484 1982 2721 2044 εὐσεϐοῦς
2751 1985 2896 2055 ἡμῶν
2925 1988 3014 2035 καὶ
3049 1985 3350 2054 θεοστεφοῦς
3399 1982 3781 2057 αὐτοκράτορος
3803 2000 3815 2012 ·
3870 1983 3963 2036 ἐπὶ

2363 2068 2430 2130 δὴ
2463 2075 2668 2134 τούτοις
2696 2077 2784 2125 καὶ
2806 2077 2964 2146 τόμος
2995 2071 3269 2139 ἐκτίθεται,
3302 2067 3432 2126 τάδε
3479 2073 3612 2123 κατὰ
3656 2072 3803 2148 ῥῆμα
3849 2067 3941 2125 διε

2360 2161 2500 2223 ξιών.

2985 2449 3217 2500 ΠΡΑΞΊΣ
3259 2445 3328 2501 Β’.

2358 2593 2498 2648 Μηνὶ
2528 2593 2747 2664 Μαρτίῳ
2776 2586 3012 2661 δευτέρα,
3040 2591 3210 2663 ἡμέρᾳ
3251 2590 3469 2661 τετάρτη
3508 2585 3833 2650 ἰνδικτιῶνος
3864 2586 3960 2644 ιδ’.

2429 2784 2495 2842 α’.
2525 2786 2926 2858 Προκαθημένου
2958 2792 3050 2837 τοῦ
3083 2786 3393 2838 θεοστίπτου
3425 2784 3574 2856 ἁγίου
3601 2789 3748 2856 ήμῶν
3796 2783 3962 2857 βασι-

2355 2873 2475 2934 λέως
2504 2879 2593 2926 καὶ
2616 2874 2991 2947 αὐτοκράτορος
3020 2882 3179 2946 κυροῦ
3210 2874 3456 2931 Μανουήλ
3476 2882 3566 2926 τοῦ
3592 2881 3882 2946 Κομνηνοῦ,
3909 2875 3958 2927 ἐν

2355 2970 2417 3034 τῇ
2452 2965 2660 3035 ῦπερῲᾳ
2685 2971 2904 3038 τροπικῇ
2938 2971 2996 3034 τῇ
3031 2967 3157 3034 πρὸς
3186 2963 3515 3036 μεσημϐρίαν
3541 2973 3632 3015 τοῦ
3665 2964 3712 3014 ἐν
3756 2973 3829 3034 τῷ
3869 2984 3958 3037 με-

2356 3053 2496 3124 γάλῳ
2514 3051 2748 3122 παλατίῳ
2775 3051 3372 3124 πορφυρομανουηλάτου
3394 3051 3678 3124 τρικλίνου,
3696 3072 3800 3124 παρ
3811 3073 3958 3105 ιστα-

2358 3146 2518 3212 μένων
2547 3148 2610 3213 τῇ
2645 3141 2771 3212 ἁγία
2803 3139 3051 3212 βασιλεία
3094 3141 3254 3192 αὐτοῦ
3284 3150 3382 3192 τῶν
3429 3143 3789 3213 περιποθητων
3841 3142 3956 3194 ἁνε-

2357 3229 2490 3300 ψιών
2522 3230 2681 3282 αὐτοῦ
2710 3235 2799 3281 καὶ
2820 3232 2942 3280 υἱῶν
2974 3237 3062 3280 τοῦ
3087 3226 3335 3301 ἀοιδίμου
3363 3229 3839 3302 σεϐαστοκράτορος
3869 3251 3958 3281 κυο

2355 3326 2450 3393 ροῦ
2478 3315 2834 3394 Ἀνδρονίκου,
2869 3326 2959 3370 τοῦ
2989 3317 3426 3393 πρωτοσεϐαστοῦ
3452 3323 3542 3370 καὶ
3571 3318 3960 3392 πρωτοϐεστια-

2355 3411 2472 3482 ρίου
2500 3415 2662 3482 κυροῦ
2691 3408 2928 3460 Ἰωάννου
2955 3416 3047 3459 τοῦ
3081 3413 3368 3479 Κομνηνου2
3403 3412 3492 3459 καὶ
3514 3415 3606 3459 τοῦ
3627 3403 3847 3460 αὐταδέ)
3860 3428 3959 3479 φου

2357 3495 2514 3548 αὐτοῦ
2547 3503 2709 3570 κυροῦ
2741 3496 2966 3558 Ἀλεξίου
2993 3504 3084 3548 τοῦ
3119 3503 3386 3568 Κομνηνοῦ
3415 3517 3428 3530 ο
3477 3505 3567 3548 τοῦ
3598 3499 3960 3569 περιποθήτου

2357 3583 2569 3654 ἀνεψιοῦ
2600 3594 2692 3636 τοῦ
2717 3593 2970 3657 κραταιοῦ
3001 3591 3091 3637 καὶ
3120 3585 3272 3656 ἁγίου
3304 3587 3448 3656 ἡμῶν
3480 3583 3759 3657 βασιλέως,
3793 3595 3962 3660 κυροῦ

2366 3671 2686 3747 Ανδρονίκου
2714 3683 2803 3726 νοῦ
2838 3681 3103 3746 Κομνηνου
3135 3684 3226 3726 τοῦ
3271 3678 3387 3726 υίοῦ
3432 3683 3522 3727 τοῦ
3562 3673 3936 3727 πανσεϐαστου

2353 3766 2607 3836 περτάτου
2633 3773 2795 3836 κυροῦ
2837 3761 3114 3838 Θεοδώρου
3157 3773 3248 3816 τοῦ
3291 3767 3557 3827 Βατάτζου
3594 3786 3606 3797 ·
3652 3773 3744 3816 τοῦ
3795 3765 3962 3817 αὐτα-

2355 3849 2388 3903 δ
2393 3852 2542 3924 έλφου
2566 3853 2726 3906 αὑτοῦ
2751 3859 2839 3905 καὶ
2861 3857 3212 3926 περιποθήτου
3241 3853 3454 3924 ἀνεψιοῦ
3474 3861 3566 3905 τοῦ
3591 3863 3844 3926 κραταιοῦ
3867 3861 3962 3906 καὶ

587 3939 860 4014 patruele
880 3937 1138 4012 potentis
1173 3937 1489 4010 sanctique
1535 3937 1718 3993 nostri
1763 3938 1940 4006 regis,
1986 3945 2130 3995 nato
2170 3957 2243 3996 ex

588 4028 839 4086 amabili
884 4031 1102 4100 patruo
1145 4027 1403 4099 potentis
1452 4027 1765 4100 sanctique
1822 4029 2009 4084 nostri
2063 4029 2237 4100 regis,

587 4116 962 4191 pansebasto
993 4116 1327 4172 celsissimo
1385 4115 1636 4172 domino
1692 4118 2080 4173 Constantino
2125 4125 2239 4173 An-

588 4205 744 4279 gelo,
777 4205 1046 4277 domino,
1080 4205 1354 4276 inquam,
1377 4207 1604 4262 Joanne
1636 4208 1836 4272 Duca;
1870 4205 2050 4262 fratre
2081 4209 2132 4277 ej
2146 4224 2240 4262 us-

585 4296 750 4364 dem,
782 4293 1027 4350 amabili
1056 4299 1275 4366 nepote
1297 4296 1556 4367 potentis
1609 4301 1666 4351 et
1696 4297 1886 4352 sancti
1931 4297 2116 4354 nostri
2147 4315 2239 4353 re-

584 4385 700 4456 gis,
732 4384 985 4440 domino
1015 4384 1361 4440 Andronico
1392 4387 1591 4452 Duca;
1625 4401 1846 4454 genero
1895 4387 2154 4458 potentis
2183 4391 2240 4442 et

2353 4392 2518 4441 Δουκα
2552 4411 2564 4422 -
2595 4398 2685 4441 τοῦ
2721 4386 3044 4462 αῦταδέλφου
3079 4391 3259 4458 αὐτοῦ,
3307 4399 3398 4442 τοῦ
3445 4392 3799 4463 περιποθήτου
3836 4391 3964 4454 ἐξα-

583 4472 777 4530 sancti
795 4472 983 4528 nostri
1014 4472 1172 4541 regis
1200 4472 1438 4529 sebasto
1467 4473 1717 4529 domino
1758 4476 1984 4529 Joanne
2031 4476 2235 4530 Canta-

2353 4474 2536 4549 δέλφου
2569 4487 2659 4530 τοῦ
2690 4488 2942 4553 κραταιοῦ
2974 4485 3062 4531 καὶ
3094 4479 3248 4550 ἁγίου
3302 4481 3447 4551 ἡμῶν
3480 4478 3752 4550 βασιλέως,
3785 4491 3965 4553 κυροῦ

582 4577 840 4631 cuzeno;
873 4577 1096 4631 genero
1123 4562 1382 4634 potentis
1407 4568 1462 4619 et
1486 4563 1676 4620 sancti
1725 4564 1911 4619 nostri
1939 4565 2096 4629 regis
2121 4564 2234 4619 do-

2353 4563 2685 4641 Ἀνδρονίκου
2712 4576 2803 4619 τοῦ
2831 4572 3000 4620 Δούκα
3023 4586 3034 4597 ’
3067 4575 3157 4619 τοῦ
3187 4567 3426 4640 γαμϐρόν
3461 4577 3552 4620 τοῦ
3580 4578 3840 4640 κραταιου
3869 4578 3965 4621 καὶ

578 4651 748 4709 mino
773 4651 1164 4710 Constantino
1197 4655 1394 4719 Duca;
1425 4652 1666 4708 sebasto
1696 4651 1945 4708 domino
1983 4652 2233 4708 Gudelio

575 4741 905 4798 Tzicandile
935 4761 948 4812 ;
982 4741 1222 4798 sebasto
1251 4746 1308 4797 et
1335 4757 1562 4811 magno
1591 4739 1988 4796 hetaeriarcha
2034 4742 2233 4797 domi-

574 4847 656 4889 no
687 4832 935 4906 Georgio
980 4831 1354 4901 Palaologo;
1417 4831 1656 4887 sebasto
1694 4829 1948 4884 domino
2003 4833 2231 4887 Joanne

572 4921 778 4991 Duca;
811 4922 1054 4979 sebasto
1080 4925 1136 4976 et
1183 4919 1515 4976 domestico
1570 4917 1850 4974 vestiario
1883 4919 2144 4990 potentis
2173 4925 2230 4974 et

572 5010 766 5066 sancti
822 5011 1012 5067 nostri
1055 5009 1212 5080 regis
1270 5009 1519 5065 domino
1582 5007 1787 5063 Alexio
1845 5009 2222 5080 Petralipha;

2352 3940 2502 4012 ἁγίου
2529 3944 2673 4014 ἡμῶν
2702 3941 2981 4014 βασιλέως,
3007 3951 3169 4015 κυροῦ
3221 3943 3451 4005 Ἀλεξίου
3493 3951 3583 3995 τοῦ
3640 3949 3919 4014 Κομνηνοῦ
3947 3964 3959 3976 ο

2350 4038 2442 4082 τοῦ
2464 4035 2814 4104 περιποθήτου
2833 4029 3111 4103 ἐξαδέλφου
3133 4039 3229 4084 τοῦ
3245 4039 3498 4106 κραταιοῦ
3517 4035 3608 4084 καὶ
3631 4031 3783 4103 ἁγίου
3807 4035 3962 4104 ἡμῶν

2351 4119 2627 4193 βασιλέως,
2658 4129 2751 4174 τοῦ
2777 4125 2892 4175 υἱοῦ
2922 4130 3014 4174 τοῦ
3035 4125 3386 4196 περιποθήτου
3413 4125 3548 4174 θείου
3575 4130 3665 4174 τοῦ
3696 4132 3964 4193 κραταιοῦ

2348 4215 2438 4263 καὶ
2467 4211 2618 4282 ἁγίου
2665 4213 2810 4284 ήμῶν
2867 4211 3145 4284 βασιλέως,
3185 4220 3275 4264 τοῦ
3322 4210 3964 4285 πανσεϐαστοῦπερτάτου

2347 4309 2510 4373 κυροῦ
2544 4307 2925 4353 Κωνσταντίνου
2957 4309 3049 4352 τοῦ
3099 4301 3365 4372 Ἄγγελον,
3397 4310 3559 4376 κυροῦ
3592 4301 3832 4354 Ἰωάννου
3865 4311 3966 4354 τοῦ

2345 4654 2498 4726 ἁγίου
2530 4659 2675 4728 ἡμῶν
2709 4656 2988 4729 βασιλέως,
3013 4667 3104 4708 τοῦ
3123 4657 3382 4710 σεϐαστοῦ
3408 4665 3568 4732 κυροῦ
3594 4659 3840 4710 Ἰωάννου
3864 4668 3962 4710 τοῦ

2345 4746 2782 4806 Καντακουζηνοῦ
2816 4764 2827 4775 ’
2865 4756 2956 4798 τοῦ
2985 4746 3226 4818 γαμϐροῦ
3257 4755 3348 4798 τοῦ
3379 4754 3630 4821 κραταιοῦ
3677 4753 3768 4798 καὶ
3797 4748 3961 4820 ἁγίου

2340 4835 2484 4904 ἡμῶν
2517 4833 2800 4906 βασιλέως,
2829 4844 2989 4909 κυροῦ
3033 4841 3420 4888 Κωνσταντίνου
3457 4844 3547 4888 τοῦ
3596 4839 3765 4886 Δουκα
3797 4855 3808 4865 ·
3865 4846 3963 4889 τοῦ

2341 4921 2600 4974 σεϐαστοῦ
2627 4932 2788 4997 κυροῦ
2816 4922 3092 4977 Γουδελίου
3138 4933 3229 4977 τοῦ
3275 4922 3594 4985 Τζικανδίλη
3618 4941 3628 4951 ·
3659 4933 3750 4976 τοῦ
3787 4926 3964 4979 σεϐα-

2339 5019 2466 5063 στοῦ
2497 5017 2586 5064 καὶ
2607 5013 2833 5084 μεγάλου
2867 5014 3232 5088 ἑταιρειάρχου
3255 5023 3417 5088 κυροῦ
3448 5018 3701 5087 Γεωργίου
3723 5023 3823 5065 τοῦ
3852 5023 3965 5068 Πα-

568 5098 811 5155 sebasto
841 5103 900 5156 et
943 5099 1279 5155 domestico
1344 5097 1625 5154 vestiario
1648 5097 1905 5170 potentis
1946 5104 2002 5153 et
2034 5099 2225 5153 sancti

563 5188 754 5244 nostri
773 5188 928 5258 regis
959 5186 1187 5243 domno
1222 5185 1444 5241 Isaacio
1479 5189 1672 5253 Duca;
1722 5185 1960 5242 sebasto
2017 5193 2072 5240 et
2119 5186 2209 5242 do-

561 5275 817 5333 mestico
869 5275 1152 5332 vestiario
1185 5275 1446 5346 potentis
1491 5280 1547 5331 et
1601 5275 1791 5331 sancti
1832 5277 2017 5331 nostri
2064 5277 2220 5344 regis

561 5366 810 5423 domino
869 5365 1070 5421 Alexio
1129 5365 1427 5436 Rogerio;
1489 5364 1727 5421 sebasto
1779 5371 1834 5422 et
1888 5365 2218 5421 domestico

558 5457 838 5514 vestiario
870 5455 1128 5529 potentis
1173 5461 1230 5512 et
1260 5454 1451 5511 sancti
1490 5456 1676 5512 nostri
1725 5458 1883 5526 regis
1935 5464 1988 5511 et
2047 5457 2120 5512 ch
2166 5472 2216 5511 r-

561 5547 778 5608 tulario
841 5547 1093 5618 domino
1153 5546 1499 5604 Andronico
1561 5547 1954 5615 Lombardo;
2013 5552 2215 5620 proto-

2333 5098 2603 5171 λαιολόγου
2638 5123 2648 5134 ο
2682 5110 2772 5153 τοῦ
2807 5101 3065 5154 σεϐαστοῦ
3103 5112 3263 5176 κυροῦ
3306 5104 3542 5156 Ἰωάννου
3592 5111 3682 5152 τοῦ
3723 5107 3914 5157 Δοῦκα
3950 5130 3962 5139 ·

2331 5198 2422 5241 τοῦ
2455 5190 2714 5243 σεϐαστοῦ
2740 5198 2828 5244 καὶ
2854 5193 3045 5244 οἰκείου
3076 5191 3416 5266 βεστιαρίτου
3451 5200 3543 5244 τοῦ
3568 5204 3832 5263 κραταιοῦ
3867 5202 3968 5249 καὶ

2334 5278 2485 5350 ἁγίου
2521 5282 2666 5352 ἡμῶν
2699 5279 2979 5352 βασιλέως,
3011 5291 3173 5354 κυροῦ
3216 5283 3446 5344 Ἀλεξίου
3477 5289 3566 5332 τοῦ
3598 5282 3919 5357 Πετραλίφα
3949 5308 3963 5320 ο

2329 5376 2418 5419 τοῦ
2453 5368 2712 5421 σεϐαστοῦ
2738 5376 2826 5422 καὶ
2849 5371 3040 5423 οἰκείου
3074 5369 3412 5444 βεστιαρίτου
3435 5379 3527 5423 τοῦ
3566 5386 3837 5442 κραταιοῦ
3867 5384 3966 5430 καὶ

2329 5454 2482 5527 ἁγίου
2513 5460 2658 5530 ἡμῶν
2696 5457 2972 5531 βασιλέως,
2995 5468 3156 5532 κυροῦ
3183 5461 3447 5512 Ίσαακίου
3476 5468 3567 5512 τοῦ
3603 5462 3781 5513 Δούκα
3811 5484 3823 5496 ·
3863 5477 3966 5519 τοῦ

2329 5544 2588 5600 σεϐαστοῦ
2630 5553 2720 5600 καί
2767 5548 2959 5601 οἰκείου
3013 5548 3358 5622 βεστιαρίτόυ
3397 5556 3490 5600 τοῦ
3540 5558 3808 5620 κραταιοῦ
3863 5557 3966 5608 καί
