4126 6272
217 206 284 264 m
1473 203 1820 266 THESAURI
1859 201 1987 259 LIB.
2034 209 2185 267 xxv.
3428 226 3535 285 233

232 332 467 405 ἃγίινῇξιῶν
501 329 800 405 βασιλέως,
828 342 997 408 κυροῦ
1028 334 1253 398 Ἀλεξίου
1285 344 1376 389 τοῦ
1404 335 1637 410 Ῥογέρη·
1681 337 1774 386 1'05

1890 331 2260 425 nobilissimo
2289 342 2343 397 et
2374 345 2637 415 eparcho
2665 345 2879 403 Basilio
2928 345 3239 407 Camatero
3272 367 3286 419 ;
3333 355 3539 425 proto-

232 420 411 474 σεθιαστοῦ
434 427 529 474 καὶ
586 422 792 475 οἰκείου
864 429 1199 499 Βεστιαρίτου
1253 433 1346 478 τοῦ
1398 432 1650 498 κραταιοῦ
1686 427 1777 475 καὶ

1890 422 2260 514 nobilissimo
2294 433 2517 489 lsaacio
2544 434 2866 505 Acolutho;
2898 437 3277 496 nobilissimo
3333 420 3390 497 et
3418 442 3538 514 pri-

1886 513 2127 571 micerio
2170 517 2657 580 bardariotarum
2706 524 2929 585 Basilio
2962 528 3289 601 Tripsycho
3319 532 3375 588 et
3410 513 3535 590 non

1884 604 2095 677 paucis
2113 606 2264 676 aliis,

228 509 328 581 ἑγιον
348 512 476 582 ἡμῶν
505 509 799 583 βασιλέως,
862 516 953 564 καὶ
970 514 1353 589 χαρτουλαρίου
1385 509 1685 589 κυροῦ’Λνδ
1688 531 1748 587 ρο

222 604 322 650 νίζον
356 607 438 651 τοῦ
499 596 862 673 Λαμπαρδοὶθ
910 609 1000 653 τοῦ
1058 601 1617 675 πρωτονωϐελισσίμου
1683 605 1773 654 καὶ

216 686 400 764 ἐπάρχου
429 688 706 761 βασιλείου
738 697 837 743 τοῦ
900 697 1238 766 Καριατηροῦ·
1296 699 1388 745 τοῦ
1436 690 1774 765 πρωτονωϐε-

211 776 416 851 λισσίρου
447 777 720 832 ’Ῑσαακίου
749 786 848 833 τοῦ
904 780 1233 835 Ἀκολοῦθου·
1267 789 1360 834 τοῦ
1393 780 1774 852 νωϐελισσίμου

206 871 275 919 καὶ
314 871 652 943 πριμικηρίου
734 874 838 921 τῶν
908 866 1287 946 βαρδαριωτῶν
1366 869 1635 924 Βασιλείου
1685 875 1775 923 τοῦ

202 957 470 1031 Τριψῦχον·
502 962 595 1010 καὶ
624 957 814 1034 ἐτέρων
848 958 942 1011 οὐκ
979 958 1176 1033 ὀλίγων.

1910 1100 1915 1105 -
1956 1075 2483 1133 2.Considentibus
2523 1077 2916 1136 sanctissimis
2932 1081 3537 1157 patriarchis,nempe

1888 1165 2264 1221 sanctissimo
2277 1170 2333 1221 et
2350 1167 2722 1222 mcumenico
2738 1168 3082 1241 patriarcha
3097 1169 3346 1227 domino
3362 1173 3538 1241 Luca,

1886 1254 2263 1311 sanctissimo
2291 1256 2629 1327 patriarcha
2650 1256 2813 1312 urbis
2841 1257 2939 1312 Dei
2965 1274 3203 1328 magnae
3221 1261 3541 1318 Antiochia

1887 1342 2135 1400 domino
2167 1344 2513 1415 Athanasio,
2549 1347 2605 1400 et
2629 1346 3009 1402 sanctissimo
3041 1348 3385 1420 patriarcha
3411 1350 3542 1407 Hie-

1886 1433 2326 1499 rosolymitano
2408 1432 2659 1488 Domino
2720 1433 3068 1507 Nicephero:
3142 1438 3543 1508 praesentibus

182 1536 331 1603 φοροῦ
366 1550 379 1561 ·
439 1533 844 1602 παρισταμένων
921 1535 1012 1582 καὶ
1093 1534 1379 1603 ἱερωτάτων
1468 1529 1775 1606 ἀρχιερέων,

1890 1522 2067 1578 etiam
2091 1521 2509 1578 sacratissimis
2538 1521 2856 1595 episcopis,
2886 1523 3179 1580 Heracleae
3239 1526 3540 1599 Michaele,

179 1628 259 1670 τοῦ
334 1619 646 1691 Ἡρακλείας
712 1618 962 1690 Μιχαὴλ,
1024 1628 1112 1672 τοῦ
1199 1620 1488 1693 Ἀμασείας
1548 1626 1773 1686 Νικήτα,

1890 1610 2078 1683 Cyzici
2103 1610 2336 1678 Basilio,
2361 1611 2721 1667 Nicomediae
2749 1611 3050 1681 Michaele,
3112 1612 3386 1672 Amaseee
3445 1616 3544 1673 Ni-

176 1716 259 1760 τοῦ
312 1708 609 1768 Militaui;
642 1713 869 1777 Νικήτα,
915 1716 1007 1761 τοῦ
1051 1715 1089 1762 Γ
1092 1718 1300 1783 αγγρνὲιν
1360 1711 1615 1774 Ἰωάννου,
1683 1718 1775 1763 τοῦ

1890 1705 2037 1763 ceta,
2066 1699 2361 1756 Melitenes
2389 1699 2610 1768 Niceta,
2643 1702 3020 1773 Gangrorum
3047 1705 3296 1774 Joanne,
3350 1707 3543 1778 Myro-

173 1800 357 1871 Μύρων
414 1804 817 1872 Χριστοφορουέ
862 1806 955 1850 τοῦ
1011 1802 1261 1867 Κορίνθου
1316 1795 1615 1872 Θεοδώρου,
1683 1807 1776 1852 τοῦ

1890 1805 2022 1845 rum
2049 1789 2491 1862 Christophoro,
2527 1791 2792 1847 Corinthi
2814 1792 3144 1865 Theodoro,
3174 1794 3544 1853 Athenarum

175 1887 402 1945 Ἀθηνῶν
422 1886 709 1955 Νικολάου,
737 1894 833 1939 τοῦ
882 1893 1148 1945 Memno-05
1198 1893 1396 1955 Λουκᾶ,
1438 1896 1531 1940 τοῦ
1573 1893 1777 1961 Κρήτης

1890 1878 2150 1949 Nicolao,
2174 1878 2386 1935 Mocesi
2409 1880 2585 1949 Luca,
2628 1880 2808 1936 Cretae
2854 1883 3103 1945 Joanne,
3159 1885 3543 1956 Trapezuntis

172 1976 433 2044 Ἰωάννου,
476 1984 571 2028 τοῦ
622 1979 1016 2050 Τραπεζοῦντος
1062 1977 1304 2051 Μιχαὴλ,
1359 1985 1449 2029 τοῦ
1495 1982 1777 2051 Λαρίσσης

1890 1967 2186 2037 Michaele,
2208 1968 2456 2023 Larisste
2483 1969 2731 2041 Joanne,
2774 1968 3260 2043 Philippopoleos
3302 1972 3543 2043 Basilio,

168 2066 428 2132 Ἰωάννου,
464 2072 559 2117 τοῦ
604 2063 1059 2125 Φιλιππουπόλεως
1098 2065 1392 2126 Βασίλειον,
1453 2086 1544 2118 του
1592 2062 1775 2119 Ῥόδου

1890 2057 2084 2113 Rhodi
2113 2060 2324 2123 Leone,
2381 2057 2792 2130 Philipporum
2831 2060 3083 2126 Joanne,
3118 2060 3538 2135 Hadrianopo-

1885 2146 2009 2203 leos
2045 2149 2258 2217 Leone,
2300 2144 2681 2220 Hierapoleos
2707 2147 2981 2218 Georgio,
3005 2149 3312 2223 Mitylenes
3332 2151 3538 2225 Potho,

1887 2239 1927 2292 N
1935 2252 2005 2292 eo
2013 2242 2320 2308 petrarum
2334 2235 3107 2309 Euthymio,Euchaitarum
3122 2239 3536 2306 Constantino,

1886 2324 2238 2381 Amastridis
2258 2328 2510 2393 Joanne,
2542 2325 2881 2382 Theborum
2906 2321 3177 2398 kJoanne,
3234 2330 3546 2387 Serrarum

1885 2415 2217 2481 Theodoro,
2267 2414 2396 2470 Eni
2432 2416 2682 2483 Joanne,
2738 2415 2971 2472 Dristra‘.
3027 2418 3241 2487 Leone,
3270 2418 3540 2490 Corcyrae

1885 2504 2294 2571 Constantino,
2325 2502 2522 2575 Abydi
2563 2503 3227 2578 Michaele,Methymnae
3275 2507 3540 2577 Nicolao,

1886 2593 2356 2651 Lacedaemonias
2371 2595 2590 2664 Niceta,
2621 2594 3090 2667 Arcadiopoleos
3120 2597 3534 2669 Constantino,

1885 2683 2035 2738 Parii
2057 2683 2319 2752 Nicolao,
2350 2682 2727 2739 Prmconnesi
2757 2684 3003 2755 Isaacio,
3039 2682 3322 2757 Selybriaa
3356 2686 3545 2743 Theo-

1883 2772 2046 2839 dulo,
2103 2773 2272 2828 Derci
2326 2775 2573 2839 Joanne,
2616 2771 2887 2828 Anchiali
2946 2774 3297 2845 Stephano:
3333 2781 3539 2832 astan-

174 2875 256 2917 105
311 2869 543 2926 Μιλήτου
598 2870 827 2936 Νικήτα,
881 2874 976 2919 τοῦ
1031 2872 1335 2941 Μαρωνείας
1399 2876 1625 2942 Νικητα,
1682 2890 1772 2923 του

1890 2863 2045 2920 tibus
2095 2862 2274 2919 etiam
2331 2863 2431 2920 Dei
2475 2861 2908 2920 amantissimis
2960 2862 3374 2920 ecclesiasticis
3396 2880 3545 2937 prie-

176 2953 653 3028 Ἀρκαδιουπολεως
707 2961 1126 3025 Κωνσταντίνου,
1189 2965 1283 3010 τοῦ
1340 2963 1539 3033 Παρίου
1612 2966 1773 3014 Νικο-
1880 2956 2110 3030 positis.

169 3042 310 3111 λάου,
362 3055 458 3100 τοῦ
512 3051 910 3120 Προικοννήσου
955 3045 1243 3111 Ἰσαακίου,
1281 3056 1373 3100 τοῦ
1423 3048 1694 3122 Σελυϐρίας
1719 3048 2028 3117 Θιοδούλου,
2052 3052 2141 3098 τοῦ
2170 3047 2359 3117 Δέρκου
2384 3040 2643 3111 Ἰωάννου,
2674 3044 2765 3093 καὶ
2795 3047 2889 3093 τοῦ
2933 3040 3215 3115 Ἀγγιαλου
3238 3043 3494 3116 Στεφάνου
3520 3061 3534 3078 ο

170 3140 678 3211 τυμπαρισταμένων
704 3141 794 3189 καὶ
824 3144 926 3189 τῶν
964 3135 1364 3207 θεοφιλεστάτων
1394 3136 1841 3196 ἐκκλησιαστικὼν
1871 3139 2161 3212 ἀρχόντων.

228 3224 301 3295 τ’.
368 3227 518 3280 Ἐπεὶ
602 3230 705 3298 πρό
782 3244 936 3277 τινων
977 3226 1179 3298 ἡμερῶν
1252 3228 1443 3298 ἔφθασε
1485 3226 1776 3289 λαληθῆναι

1957 3231 2010 3283 3.
2035 3220 2332 3290 Quoniam
2362 3223 2501 3276 ante
2535 3216 2761 3291 aliquoi
2785 3216 2912 3274 dies
2943 3234 3141 3277 sermo
3172 3235 3210 3277 ει
3238 3221 3543 3280 nonnullis

164 3312 311 3383 2070;
372 3318 522 3387 παρά
578 3334 729 3368 τινων
802 3317 925 3388 περὶ
980 3322 1071 3366 τοῦ
1146 3318 1284 3376 ὅπως
1327 3323 1520 3369 νοεῖται
1576 3320 1656 3383 τὸ,
1719 3318 1777 3371 Ὀ

1890 3317 2231 3373 commotus
2270 3310 2398 3380 fuit,
2430 3307 2742 3382 quomodo
2772 3308 3159 3379 intelligenda
3202 3312 3319 3370 sint
3355 3313 3544 3375 verba

169 3408 346 3476 Πατήρ
408 3424 513 3475 μου
594 3404 788 3476 μείζων
826 3405 930 3475 μού
986 3401 1116 3473 ἐστι,
1175 3403 1427 3463 συνῆλθον
1495 3406 1777 3478 προστάξει

1890 3408 2075 3464 Pater
2099 3417 2261 3458 meus
2290 3402 2489 3471 major
2513 3414 2605 3457 me
2636 3403 2741 3465 est,
2765 3405 3174 3457 convenerunt
3199 3402 3379 3474 jussu
3415 3420 3543 3461 ma-

167 3500 253 3554 τῆς
338 3493 616 3554 Βασιλείας
676 3513 778 3565 μου
871 3496 1101 3565 σήμερον
1174 3494 1224 3544 οἱ
1309 3490 1649 3566 ἐνδημοῦντες
1714 3503 1774 3568 τῇ

1890 3493 2119 3567 jestatis
2143 3506 2293 3548 meas
2321 3488 2633 3560 hodie,qui
2660 3492 2829 3545 erant
2850 3487 2912 3544 in
2938 3504 3165 3560 magna
3178 3490 3324 3548 urbe
3341 3492 3539 3565 ponti-

165 3583 507 3652 urﬁloxolu
556 3582 848 3657 ἀρχιερεῖς,
899 3586 992 3633 καὶ
1054 3582 1405 3655 ἠρωτήθησαν
1455 3585 1595 3645 ὅπως
1642 3592 1777 3638 νοεῖ-

1890 3582 2529 3652 ﬁces,rogatiquesunt
2557 3577 2807 3651 quinam
2849 3594 3066 3636 sensus
3109 3580 3185 3636 sit
3211 3582 3541 3653 evangelici

167 3688 240 3720 τυ
296 3678 359 3724 τὸ
418 3679 661 3725 τοιοῦτον
736 3668 1071 3743 εὐαγγελικὸν
1121 3671 1299 3744 ῥητόν.
1356 3678 1562 3747 Πρῶτος
1609 3678 1777 3727 τοίνυν

1890 3674 2071 3745 hujus
2099 3670 2258 3727 dicti.
2278 3668 2508 3726 Primus
2537 3682 2681 3739 ergo
2721 3667 3115 3724 Heracliensis
3134 3673 3381 3739 rogatus
3409 3685 3541 3726 sen-

166 3777 184 3808 s
234 3761 557 3836 Ἡρακλείας
605 3760 886 3834 ἆρωτηθεὶς
933 3759 980 3811 εἰ
1025 3762 1083 3811 τὸ
1134 3759 1191 3814 Ὀ
1241 3766 1418 3833 Πατήρ
1456 3781 1556 3833 μου
1588 3763 1777 3834 μείζων

1890 3762 2159 3826 tentiam,
2195 3776 2272 3815 an
2301 3757 2489 3814 verba
2510 3757 2688 3813 Pater
2705 3773 2869 3813 meus
2898 3760 3098 3828 major
3120 3772 3212 3813 me
3241 3763 3345 3829 est,
3377 3757 3540 3815 dicta

163 3856 253 3916 μού
308 3850 484 3906 ἔστιν.
560 3852 768 3922 εἴρηται
798 3850 951 3923 παρὰ
989 3856 1082 3901 τοῦ
1134 3854 1329 3923 Κυρίου
1361 3855 1451 3903 καί
1501 3858 1635 3904 Θεοῦ
1689 3857 1777 3905 καὶ

1890 3851 2107 3907 fuerint
2136 3865 2172 3905 a
2200 3848 2456 3903 Domino
2486 3850 2544 3903 et
2565 3848 2683 3902 Deo
2708 3850 2766 3902 et
2791 3847 3100 3902 Servatore
3153 3850 3360 3902 nostro
3401 3846 3541 3902 Jesu

161 3943 393 4012 Σωτῆρος
446 3942 604 4012 ἡμῶν
657 3938 832 3996 Ἰησοῦ
885 3944 1143 4011 Χριστοῦ,
1212 3944 1302 3991 καὶ
1380 3942 1516 3992 κατὰ
1576 3945 1671 3999 τὴν
1727 3942 1777 3993 εν

1890 3939 2116 3996 Christo
2136 3938 2316 3995 etiam
2341 3934 2681 3991 secundum
2713 3949 2892 3990 suam
2944 3937 3209 3990 creatam
3256 3936 3541 3991 naturam

162 4027 293 4099 τλτῷ
345 4034 580 4087 κτιστὴν
624 4029 777 4099 φύσιν
836 4028 957 4079 καθ’
1018 4030 1081 4084 ἣν
1136 4031 1229 4079 καὶ
1278 4031 1518 4095 πέπονθε,
1579 4024 1777 4083 δέδωκε

1890 4028 1946 4084 in
1977 4044 2100 4101 qua
2131 4032 2187 4083 et
2226 4041 2441 4098 passus
2467 4027 2594 4092 est;
2648 4022 2944 4079 concessit
3001 4022 3155 4079 Patri
3209 4023 3542 4096 epithetum

164 4125 225 4185 τῷ
280 4125 464 4193 Burgi.
507 4123 603 4170 καὶ
641 4120 777 4169 κατὰ
794 4123 955 4169 τοῦτο
996 4134 1054 4167 το
1082 4116 1290 4187 μείζων·
1324 4123 1415 4170 καὶ
1473 4120 1563 4179 τὰς
1593 4117 1777 4179 λοιπὰς

1890 4120 2084 4189 major
2113 4120 2205 4183 ;et
2230 4119 2474 4171 caeteras
2496 4127 2742 4186 quoque
2782 4110 2944 4169 eﬁ‘ati
2978 4112 3160 4184 hujus
3192 4118 3541 4172 sanctorum

164 4204 227 4265 εἰς
288 4217 453 4262 τοῦτο
523 4215 629 4259 τῶν
698 4206 860 4278 ἁγίων
957 4210 1200 4279 Πατέρων
1285 4206 1550 4278 ἱξηγήσεις
1624 4206 1777 4260 εἰπὼν

1890 4211 2124 4264 Patrum
2165 4201 2681 4277 interpretationes
2728 4218 2791 4259 se
2829 4201 3142 4259 admittere
3179 4204 3346 4262 dixit.
3381 4206 3542 4280 Cyzi-

164 4293 557 4370 ἐκδέχεσθαι.
616 4295 675 4349 '0
737 4296 971 4357 Κυζίκου
1014 4302 1108 4357 τῆς
1174 4294 1333 4357 αὐτῆς
1414 4293 1520 4350 εἷπε
1567 4301 1777 4368 γνώμης

1890 4310 2073 4353 cenus
2103 4294 2162 4351 ia
2191 4293 2405 4350 eadem
2433 4291 2729 4348 sententia
2758 4307 2824 4348 se
2863 4307 2999 4348 esse
3022 4292 3187 4364 dixit,
3213 4309 3402 4368 quam
3424 4295 3541 4351 He-

166 4382 289 4438 ώαι
332 4395 407 4458 τῷ
458 4384 796 4461 Ἠρακλείας.
849 4384 909 4438 Ὁ
966 4380 1330 4457 Νικομηδείας
1376 4384 1471 4457 ἔφη
1517 4388 1607 4453 ὡς,
1642 4385 1777 4438 Ἐπεὶ

1890 4383 2199 4442 racliensis
2227 4381 2555 4455 protulerat
2585 4380 3049 4437 Nicomediensis
3078 4381 3227 4439 dixit
3258 4401 3271 4440 :
3319 4386 3441 4455 Ego
3466 4384 3543 4442 de

163 4476 247 4524 τόν
303 4477 396 4530 ἕνα
459 4481 554 4529 καὶ
594 4471 898 4547 ἀδιαίρετον
937 4476 1025 4525 τὸν
1074 4477 1323 4547 Χριστὸν,
1379 4479 1468 4526 καὶ
1515 4493 1646 4547 μετα
1685 4479 1777 4532 τὴν

1894 4475 2069 4532 unius
2090 4478 2146 4528 et
2176 4470 2472 4528 individui
2504 4470 2735 4541 Christi,
2776 4471 2957 4527 etiam
2985 4477 3122 4547 post
3175 4472 3543 4531 ineﬂabilem

166 4564 435 4635 ἱφραστσν
513 4566 787 4639 σάρκωσιν
836 4562 888 4615 ἐν
975 4558 1105 4615 δυσὶ
1153 4564 1344 4634 φύσεσι
1405 4565 1578 4637 θεωρῶ
1630 4561 1777 4636 ἀτρε-

1890 4560 2391 4628 incarnationem,
2424 4558 2666 4617 duabus
2708 4559 2940 4616 naturis
2982 4560 3543 4620 inconvertibilibus

168 4668 319 4714 κτοις
356 4660 447 4708 καὶ.
476 4653 838 4725 ἀσυγχύτους,
872 4655 1109 4722 ακτίστῳ
1151 4669 1206 4703 τε
1254 4656 1345 4704 καὶ
1400 4660 1612 4724 κτιστῇ,
1642 4652 1777 4704 ἀπα-

1891 4658 1951 4709 et
1988 4650 2340 4718 inconfusis,
2373 4650 2638 4706 increata
2668 4649 2889 4706 scilicet
2918 4653 2975 4707 et
3014 4654 3233 4718 creata,
3258 4651 3544 4724 impassi-

174 4740 243 4790 ἢεί
289 4763 347 4795 τε
398 4751 489 4797 καὶ
544 4745 789 4814 meum,
850 4738 1241 4812 ἐπιλαμϐάνομαι
1317 4744 1376 4793 τὸ
1447 4740 1777 4812 εὐαγγελικὸν

1892 4741 1995 4797 bili
2016 4744 2073 4795 et
2100 4738 2388 4811 passibili.
2411 4738 2675 4808 intelligo
2695 4738 3113 4809 evangelicum
3142 4740 3392 4811 dictum,
3439 4743 3547 4797 Pa-

385 4839 462 4898 τό,
520 4834 580 4887 Ὁ
641 4832 831 4905 Πατὴρ
901 4847 1007 4902 μου
1062 4828 1254 4901 μείζων
1328 4831 1430 4901 μου
1497 4828 1632 4899 ἐστι,
1693 4834 1777 4882 καὶ

1893 4837 1986 4888 ter
2022 4843 2186 4885 meus
2214 4829 2420 4899 major
2447 4843 2539 4885 me
2560 4833 2641 4884 est
2679 4843 2693 4894 ;
2724 4842 2944 4900 nempe
2969 4828 3151 4884 etiam
3182 4827 3262 4884 ad
3280 4830 3545 4884 creatam

183 4925 300 4971 ατὰ
326 4923 443 4996 ξτὴν
485 4923 533 4977 ἄν
595 4923 745 4992 αὐτῷ
798 4922 1028 4975 κτιστήν
1084 4937 1135 4969 τε
1175 4924 1263 4971 καὶ
1306 4920 1547 4977 παθητὴν
1604 4922 1777 4991 φύσιν·

1891 4918 2079 4992 ipsius
2102 4915 2569 4989 passibilemque
2590 4918 2872 4972 naturam
2908 4914 2972 4970 id
3023 4914 3247 4973 refero:
3297 4915 3548 4991 recipio-

1894 5024 2010 5082 que
2037 5006 2217 5063 simul
2240 5006 2391 5063 alias
2417 5021 2663 5080 quoque
2683 5005 2787 5078 huj
2799 5022 2938 5063 usce
2950 5005 3092 5063 dicti
3110 5007 3546 5081 interpretatio-

1893 5114 2027 5163 nes,
2049 5112 2203 5171 quas
2234 5095 2506 5175 Ecclesia:
2532 5095 2965 5153 illuminatores
2985 5098 3546 5169 pronuntiaverunt.

1894 5190 1957 5244 In
1990 5185 2458 5243 Nicomediensis
2484 5185 2842 5242 sententiam
2870 5185 3131 5258 pedibus
3152 5203 3214 5243 se
3260 5188 3345 5244 ire
3372 5192 3550 5245 Ama-

1897 5292 2079 5333 senus
2104 5275 2275 5331 dixit.
2310 5275 2622 5332 Melitensis
2654 5274 2771 5334 ait:
2798 5277 2921 5345 Ego
2939 5274 3192 5331 audiens
3226 5276 3548 5333 Dominum

1897 5372 2170 5423 nostrum
2191 5367 2391 5421 Jesum
2423 5364 2721 5421 Christum
2750 5363 2813 5421 in
2842 5363 3177 5435 Evangeliis
3202 5364 3501 5421 dicentem
3530 5381 3545 5419 :

267 1080 328 1154 β’.
380 1078 825 1156 Συνεδριαζόντων
875 1093 977 1135 τῶν
1027 1086 1328 1156 άγιωτάτων
1402 1093 1771 1160 πατριαρχῶν,

202 1179 280 1224 τοῦ
312 1172 598 1244 ἀγιωτάτου
662 1178 759 1225 καὶ
799 1174 1160 1246 οἰκουμενικοῦ
1220 1176 1559 1248 πατριάρχου
1615 1181 1775 1247 κυροῦ

190 1267 359 1315 Λουκᾶ
391 1282 403 1293 ·
470 1270 563 1314 τοῦ
643 1263 945 1334 άγιωτάτου
1019 1266 1347 1338 πατριάρχου
1450 1263 1778 1325 Θεουπόλεως

184 1350 405 1423 mult;
459 1350 794 1424 ’Δντιοχείας
858 1359 1023 1427 κυροῦ
1101 1354 1437 1407 Ἀθανασίου·

184 1440 467 1512 ἁγιωττάου
522 1442 860 1515 πατριάρχου
950 1440 1316 1514 Ἰεροσολύμων
1390 1450 1551 1517 κυροῦ
1603 1449 1776 1500 Νικη-

1521 1358 1611 1405 καὶ
1684 1360 1776 1405 τοῦ

172 2159 447 2223 Λέοντος,
510 2173 604 2206 του
660 2153 930 2208 Φιλίππων
960 2155 1215 2221 Ἰωαννου,
1266 2163 1355 2207 τοῦ
1404 2152 1778 2227 Ἀδριανουπό-

171 2244 283 2305 hu;
311 2247 554 2311 Λέοντος,
580 2251 670 2296 τοῦ
707 2243 1042 2317 Ἰεραπολεως
1075 2249 1356 2317 Γεωργίου,
1400 2252 1495 2296 τοῦ
1542 2245 1775 2304 Μιτυλη-

172 2351 254 2394 nc;
274 2334 479 2400 Ηοθου,
512 2339 604 2384 τοῦ
631 2337 754 2385 νέων
787 2338 1008 2406 Πατρῶν
1038 2332 1325 2404 Εὐθυμίου,
1376 2341 1469 2385 τοῦ
1500 2333 1775 2405 Εὐχαῐτων

177 2426 590 2487 Κωνσταντίνου,
621 2430 710 2474 τοῦ
754 2417 1123 2495 ’Δμάστριδος
1181 2422 1439 2489 Ἰωάννου,
1473 2431 1564 2475 τοῦ
1594 2423 1776 2481 Θηϐῶν

175 2509 430 2577 Ἰωάννου,
455 2520 551 2563 τοῦ
582 2510 776 2585 Σερρῶν
801 2507 1108 2582 Θεοδώρου,
1156 2518 1246 2565 τοῦ
1306 2515 1459 2564 Αἴνου
1517 2512 1772 2583 Ἰωάννου,

171 2610 254 2652 τοῦ
281 2608 550 2675 Δρίστρας
575 2606 813 2668 Λέοντος,
870 2607 964 2652 τοῦ
1024 2603 1289 2674 Κερκύρας
1352 2607 1763 2661 Κωνσταντίνου.

170 2697 252 2740 τοῦ
278 2686 510 2742 Ἄϐυδον
554 2688 796 2761 Μιχαὴλ,
848 2696 951 2741 τσῦ
998 2692 1291 2761 Μηθύμνης
1341 2690 1620 2757 Νικολάου,
1675 2701 1770 2745 105

174 2776 595 2850 Aacduc‘uoviu;
638 2781 872 2837 Νικὰτα.
930 2786 1023 2830 τοῦ
1071 2778 1413 2854 Μεσημϐρίας
1470 2777 1772 2856 Θεοδώρου,

189 5007 550 5088 πνδεχόμενος
572 5018 667 5068 καὶ
691 5014 793 5074 τὰς
829 5006 988 5066 ἀλλας
1017 5012 1133 5080 περὶ
1176 5016 1268 5060 τοῦ
1324 5027 1564 5060 τοιουτου
1621 5008 1784 5082 ῥητοῦ

190 5092 443 5170 ieiunia;
475 5106 534 5168 ἂς
564 5106 618 5158 οἱ
673 5110 778 5162 τῆς
812 5094 1137 5157 Ἐκκλησίας
1191 5105 1460 5172 φωστῆρες
1517 5097 1781 5172 εἰρηκασι.

187 5188 240 5238 TI
458 5191 897 5270 ἀπαραλλάκτως
943 5183 1104 5253 λέγειν
1165 5193 1235 5255 τῷ
1286 5182 1641 5258 Νικομηδείας
1696 5190 1785 5239 καὶ

183 5276 199 5325 ὁ
265 5280 538 5356 Ἀμασιίας
624 5276 959 5355 ἐφθέγξατο,
1043 5270 1100 5324 Ὀ
1173 5273 1463 5338 Μελιτηνῆς
1514 5272 1649 5329 εἶπεν
1707 5278 1787 5326 ὅτι

182 5366 402 5440 ’ἑκούσας
458 5382 554 5430 τοῦ
616 5372 837 5443 Κυρίου
873 5363 1026 5432 ἡμῶν
1057 5359 1232 5418 Ἰησοῦ
1283 5370 1516 5436 Χριστοῦ
1554 5364 1788 5436 λέγοντος

172 5454 209 5507 έν
234 5459 332 5527 τοῖς
368 5463 726 5540 εὐαγγελίοις
755 5456 825 5507 Ὀ
886 5453 1079 5540 ηατὴρ
1118 5471 1215 5522 μου
1269 5453 1458 5523 μείζων
1513 5456 1615 5526 μού
1652 5450 1787 5523 ἔστι,

164 5547 269 5625 λέγω
311 5537 811 5634 τοῦτο-εἰρηκέναι
862 5537 1028 5592 αὐτόν
1079 5543 1166 5592 καὶ
1210 5543 1344 5593 κατὰ
1388 5546 1482 5601 τὴν
1547 5540 1596 5594 ἓν
1649 5541 1790 5614 αὐτῷ

1898 5456 2077 5511 Pater
2104 5469 2267 5510 meus
2296 5456 2494 5524 major
2516 5469 2609 5509 me
2633 5458 2738 5522 est,
2782 5453 2877 5509 aio
2929 5452 3047 5507 hoc
3080 5453 3199 5508 dici
3247 5453 3430 5508 etiam
3471 5451 3548 5505 de

1902 5546 2104 5601 creata
2132 5541 2408 5613 ejusdem
2432 5546 2674 5600 natura.
2700 5538 3059 5613 Gangrensis
3084 5537 3231 5595 dixit
3262 5541 3414 5607 :Ego
3444 5551 3548 5592 au-
