4126 6272
630 238 732 291 239
1964 227 2236 284 NlCE’l‘JE
2275 225 2642 283 CHONIATIE
3891 230 3994 282 240

626 357 799 414 diens
833 354 1154 411 Dominum
1187 353 1518 410 dicentem:
1545 355 1718 410 Pater
1747 369 1907 410 meus
1963 354 2159 421 major
2188 367 2255 404 mi

2390 354 2605 408 κτιστὴν
2645 351 2822 420 φύσιν·
2883 350 2944 400 Ὀ
2977 356 3224 424 Γαγγρῶν
3279 355 3414 400 εἶπεν
3456 350 3554 403 ὅτι.
3597 349 3855 412 Ἀκούσας
3903 359 3991 403 τοῦ

626 453 728 516 est,
753 446 849 502 aio
879 445 941 500 id
962 443 1039 500 ab
1071 460 1142 498 eo
1164 443 1278 498 dici
1311 443 1491 498 etiam
1518 444 1850 499 secundum
1897 446 2255 512 assumptau

2392 443 2584 514 Κυρίου
2624 439 2874 509 λέγοντος,
2923 439 2982 490 Ὀ
3033 445 3212 512 Πατήρ
3269 459 3368 510 μου
3442 438 3633 510 μείζων
3695 442 3796 510 μού
3857 439 3988 505 ἐστι,

623 537 959 592 humanam
991 537 1289 588 naturam.
1311 532 1778 604 Myrensisdixit:
1809 532 2252 602 Utinterpretan

2387 526 2518 598 ).ἐγω
2561 535 2714 579 τοῦτο
2779 529 3036 600 εἰρηκέναι
3093 528 3248 579 αὐτὸν
3293 533 3382 578 καὶ
3430 529 3563 578 κατά
3607 533 3700 585 τὴν
3733 528 3987 602 ἀνθρωπί-

621 627 718 680 tur
745 627 989 678 sanctus
1035 620 1308 681 Basilius,
1359 625 1415 674 et
1459 619 1773 688 theologus
1831 619 2170 689 Gregorius,
2225 632 2250 670 e

2387 636 2477 674 νην
2511 619 2664 688 φύσιν
2695 622 2788 676 τὴν
2832 617 2952 692 παρ’
2997 617 3158 669 αὐτον
3203 616 3650 689 προσληφθεῖσαν.
3701 615 3757 668 Ὀ
3799 620 3990 691 Μύρων

626 713 1108 785 Chrysostomus,
1129 711 1210 764 sic
1234 714 1289 764 et
1310 725 1420 778 ego
1449 709 1562 764 hoc
1583 709 1825 765 effatum
1849 710 2203 780 interpretor
2225 723 2252 758 e

2390 703 2522 758 εἶπεν
2573 708 2656 774 ὡς,
2715 709 2896 768 Καθὼς
2930 706 3196 779 ἐρμηνεύει
3235 713 3388 758 τοῦτο
3446 708 3471 760 ὁ
3533 708 3676 777 ἅγιος
3729 706 3990 766 Βασίλειος

623 803 884 874 accipio:
927 805 984 856 et
1002 799 1292 872 quoniam
1320 799 1416 854 alii
1440 815 1682 872 quoque
1719 799 2060 870 complures
2089 800 2252 850 sanet

2387 799 2477 846 καὶ
2535 797 2559 846 ὁ
2615 795 2869 867 Θεολόγος
2909 801 3198 871 Γρηγὸριος
3250 800 3338 847 καὶ
3384 797 3408 847 ὁ
3463 801 3860 870 Χρυσοοντομος,
3907 796 3983 868 ερ-

622 891 922 954 dixerunt,
947 888 1314 944 (economicc
1345 889 1406 942 id
1437 904 1473 944 a
1503 887 1730 942 Christo
1766 888 2015 954 dictum,
2065 889 2246 956 quate

2385 887 2589 956 μηνεύω
2637 893 2788 938 τοῦτο
2827 884 2969 956 κάγὼ
3023 891 3113 938 καὶ
3174 882 3426 957 δέχομαιο
3481 884 3588 937 ἐπεὶ
3630 882 3689 938 δὲ
3709 891 3798 936 καὶ
3825 885 3987 958 ἕτεροι

620 995 736 1035 nus
753 995 970 1050 nempe
997 979 1182 1034 homo
1214 981 1322 1046 est,
1365 993 1438 1031 ne
1491 976 1585 1032 his
1616 976 1862 1048 quidem
1907 972 2249 1031 contradico

2385 973 2562 1024 πρὶὶοὶ
2621 982 2722 1026 τῶν
2787 975 2946 1044 ἁγίων
3016 971 3154 1028 εἶπον
3189 975 3529 1047 οἰκονομικῶς
3585 983 3738 1026 τοῦτο
3794 973 3985 1046 λεχθῆ-

2385 1081 2468 1112 ναι
2533 1061 2652 1137 παρ’
2713 1063 2873 1115 αὐτοῦ
2941 1071 3177 1137 Χριστοῦ
3248 1065 3377 1116 καθό
3444 1067 3644 1138 γέγονεν
3693 1063 3984 1138 ἄνθρωπος,

685 1163 739 1216 4.
773 1157 1109 1216 Corinthius
1133 1155 1214 1212 ait
1243 1173 1254 1210 :
1287 1156 1566 1226 Majorem
1595 1157 1833 1211 Patrem
1869 1154 2135 1210 Christus
2191 1153 2250 1207 di

1496 1173 1566 1210 tm
1595 1157 1833 1211 Patrem
1869 1154 2135 1210 Christus
2191 1153 2250 1207 di
2385 1147 2508 1202 οὐδὲ
2547 1155 2747 1212 τοὺτοις
2778 1154 3125 1223 ἑναντιοῦμαι.

614 1249 717 1316 xit,
751 1249 930 1304 etiam
962 1251 1261 1318 quatenus
1289 1245 1613 1300 exinanivit
1635 1262 1720 1312 se,
1747 1249 1804 1300 et
1825 1260 2014 1316 usque
2043 1242 2120 1298 ad
2149 1259 2243 1297 cor

2458 1235 2522 1292 δ’.
2590 1240 2648 1292 Ὀ
2717 1243 2969 1314 Κορίνθου
3033 1240 3166 1294 εἶπεν
3233 1245 3314 1294 ὅτι
3379 1242 3610 1301 Μείζονα
3665 1244 3750 1292 τὸν
3779 1247 3986 1317 Πατέρα

615 1353 732 1410 pus
761 1353 821 1392 se
844 1335 1081 1393 demisit
1111 1339 1322 1406 sponte
1359 1335 1464 1406 qui
1529 1339 1654 1390 erat
1710 1334 2058 1402 altissimus,
2101 1333 2244 1387 susti

2385 1332 2577 1402 εἴρηκε,
2633 1335 2720 1383 καὶ
2774 1332 2998 1383 καθόσον
3055 1333 3294 1383 ἐκένωσεν
3369 1331 3569 1397 ἑαυτὸν,
3613 1335 3704 1382 καί
3761 1331 3985 1390 κατῆλθε

613 1429 867 1498 nuitque
899 1440 1142 1480 carnem
1170 1423 1472 1494 suscipere
1493 1422 1828 1488 inconfuse,
1854 1421 2242 1477 inconvertihi

2383 1437 2548 1492 μεχρι
2605 1425 2694 1470 καὶ
2747 1425 2985 1492 σώματος
3035 1419 3158 1472 ἑκὼν
3217 1421 3241 1470 ὁ
3273 1419 3540 1490 Ὕψιστοῦ
3581 1425 3670 1472 καὶ
3727 1421 3983 1492 ἠνέσκεπ

612 1515 764 1582 liter,
795 1511 1256 1580 indivisibiliter,
1278 1510 1670 1582 ejusdemque
1683 1511 1890 1583 recipit
1908 1511 2234 1566 meonomic

2387 1511 2556 1580 σάρκα
2612 1507 2922 1580 προσλαϐεῖν
2977 1507 3320 1580 ἀσυγχύτως,
3387 1509 3671 1581 ἀτρέπτως,
3740 1506 3981 1584 ἀδιαιρέ-

613 1603 929 1675 passiones
961 1602 1088 1656 sine
1107 1607 1354 1672 peccato
1377 1615 1388 1665 ;
1411 1604 1666 1656 mortem
1694 1600 1953 1672 denique
1981 1600 2155 1656 nobis
2176 1615 2242 1655 sa

2381 1615 2494 1656 τως-
2560 1603 2648 1648 καὶ
2701 1601 2768 1650 τὰ
2817 1607 3036 1650 τοιαῦτα
3105 1594 3400 1656 ἀδιάϐλητοι
3463 1600 3604 1656 παθη
3669 1595 3983 1660 κατεδέξατο

613 1693 872 1748 lutarem
902 1695 960 1746 et
988 1707 1236 1747 causam
1285 1695 1504 1746 nostrae
1551 1691 2024 1759 resurrectionis,
2095 1691 2232 1760 cuju

2379 1685 2736 1758 οἰκονομικῶς·
2809 1693 2898 1738 καὶ
2966 1690 3183 1740 θάνατον
3253 1691 3510 1760 σωτήριον
3541 1689 3667 1759 ἡμῖν
3723 1691 3810 1739 καὶ
3849 1685 3981 1740 ἀνα-

613 1785 790 1837 antea
811 1795 916 1853 spe
939 1779 1314 1835 carebamus.
1351 1779 1729 1834 Atheniensis
1765 1779 1942 1834 dixit:
1999 1783 2239 1834 Servato

2381 1777 2614 1836 στάσεως
2663 1775 2923 1849 πρόξενον,
2973 1778 3032 1838 ἧς
3089 1777 3180 1828 οὐκ
3238 1779 3448 1848 εἴχομεν
3502 1775 3690 1830 ἐλπίδα
3710 1781 3979 1852 πρότερον.

613 1873 816 1925 noster
847 1872 1019 1938 Deus,
1063 1867 1349 1923 ineffabili
1391 1867 1802 1924 misericordia
1839 1867 2030 1922 factus
2089 1867 2242 1921 etiau

2376 1862 2432 1914 Ὀ
2485 1864 2711 1921 Ἀθηνῶν
2773 1861 2926 1918 εἶπεν·
2995 1865 3052 1916 Ὀ
3093 1871 3268 1936 Σωτὴρ
3336 1868 3480 1938 ἡμῶν
3544 1869 3696 1928 Θεὸς,
3759 1871 3979 1938 γενόμε-

613 1957 908 2031 perfectus
955 1958 1159 2024 homo,
1242 1956 1738 2029 quandoquidem
1805 1957 2242 2028 theanthropun

2376 1971 2454 2010 νος
2505 1949 2576 2003 δι’
2627 1955 2820 2024 ἄφατον
2871 1953 3002 2006 θεον
3061 1961 3150 2006 καὶ
3200 1954 3464 2025 ἄνθρωπος
3524 1955 3733 2022 τέλειος,
3791 1953 3979 2014 ἐπειδὴ

613 2047 874 2104 Verbum
925 2051 1034 2116 est,
1094 2062 1217 2102 una
1269 2047 1637 2120 hypostasis,
1687 2063 1932 2120 unaque
1987 2063 2242 2118 persona

2380 2041 2704 2110 θέκνθρωπος
2743 2045 2811 2092 ὧν
2867 2047 3032 2112 Λόγος
3081 2049 3178 2113 μία
3243 2045 3532 2104 ὑποστασίς
3595 2041 3706 2095 ἐστι
3771 2049 3862 2095 καὶ
3937 2045 3983 2096 ἓν

611 2141 856 2210 propter
881 2151 1188 2193 summam
1219 2135 1480 2191 duarum
1507 2141 1862 2192 naturarum
1903 2136 2240 2206 conjunctin

2377 2133 2651 2201 πρόσωπον
2711 2125 2803 2181 δια
2851 2135 2937 2188 τὴν
3003 2129 3164 2202 ἂκραν
3223 2133 3402 2183 ἕνωσιν
3449 2141 3546 2183 τῶν
3597 2129 3692 2184 δύο
3751 2136 3979 2204 φύσεοιινι

611 2242 753 2282 nem
777 2242 792 2294 ;
815 2241 927 2296 ego
957 2225 1206 2298 quidem
1229 2241 1264 2280 a
1294 2225 1515 2280 sanctis
1545 2225 1734 2290 disco,
1762 2225 1928 2297 quod
1969 2229 2234 2296 quatcuu

2377 2219 2618 2288 μανθάνω
2687 2216 2786 2270 ἀπὸ
2850 2227 2948 2270 τῶν
3014 2220 3169 2288 ἁγίων
3235 2221 3333 2284 ὅτι,
3405 2223 3472 2282 ὡς
3539 2225 3628 2292 μὲν
3677 2223 3985 2284 ὑπόστασις

613 2319 701 2371 est
727 2314 1090 2386 hypostasis,
1116 2329 1312 2386 neque
1335 2313 1484 2370 Patri
1509 2314 1767 2369 cohzeret
1785 2329 1978 2385 neque
2007 2313 2241 2386 Spiritui

2379 2309 2497 2358 οὔτε
2553 2315 2624 2378 τῷ
2665 2313 2832 2382 Πατρὶ
2876 2313 3191 2360 συνάπτεται
3239 2315 3328 2362 καὶ
3389 2319 3459 2380 τῷ
3527 2313 3810 2382 Πνεύματι,
3861 2317 3983 2364 οὔτε

613 2419 809 2474 neque
836 2401 1012 2458 matri
1035 2401 1130 2458 vel
1159 2401 1353 2457 nobis.
1386 2403 1728 2458 Secundum
1771 2403 1948 2473 igitur
1991 2403 2242 2457 humani

2375 2403 2434 2466 τῇ
2498 2401 2658 2471 μητρὶ
2712 2401 2798 2447 καὶ
2857 2399 3002 2468 ἡμῖν’
3061 2401 3196 2449 κατα
3247 2405 3372 2468 γοῦν
3450 2403 3544 2456 τὴν
3605 2399 3981 2473 ἁνθρωπότνῖτα

613 2494 821 2558 tatem,
854 2505 976 2562 qua
1001 2490 1180 2546 matri
1205 2490 1500 2562 nobisque
1527 2489 1953 2554 communicat,
1987 2490 2242 2545 existim:

2375 2485 2494 2536 καθ’
2553 2486 2610 2542 ὂν
2659 2483 2976 2538 ἐπικοινωνεί
3017 2494 3076 2558 τῇ
3127 2491 3286 2560 μητρὶ
3343 2493 3431 2539 καὶ
3489 2490 3614 2559 ἡμῖν
3661 2492 3858 2560 νομίζω
3915 2489 3980 2542 εἰ-

612 2579 814 2652 ipsum
844 2578 1066 2633 dixisse
1095 2581 1324 2634 Patrem
1351 2579 1666 2649 majorem.
1691 2579 2029 2650 Amplector
2065 2585 2241 2633 auteu

2374 2577 2588 2642 ρηκέναι
2637 2573 2790 2625 αὐτὸν
2843 2575 3057 2646 μείζονα
3111 2577 3198 2626 τὸν
3259 2579 3478 2650 Πατέρα·
3565 2574 3876 2648 ἀσπάζομαι
3925 2575 3982 2629 δε

614 2671 962 2723 sanctorum
983 2683 1227 2739 quoque
1253 2667 1327 2722 de
1349 2668 1463 2723 hoc
1501 2668 1660 2723 dicto
1695 2670 2042 2723 sententias.
2077 2671 2234 2724 Moce

2374 2667 2463 2712 καὶ
2513 2665 2578 2713 τὰ
2634 2669 2750 2738 περὶ
2821 2673 2910 2716 τοῦ
2961 2668 3196 2716 τοιούτου
3227 2666 3386 2738 ῥητοῦ
3415 2674 3512 2716 τῶν
3562 2671 3724 2736 αγίων
3761 2667 3972 2740 ῥήσεις.

614 2756 782 2812 sinus
813 2756 996 2812 dixit:
1047 2759 1328 2828 Majorem
1385 2757 1619 2813 Patrem
1675 2757 1938 2830 appellat
1977 2758 2241 2814 Christus

2373 2750 2430 2802 Ὀ
2473 2758 2738 2808 Μωκησον
2790 2753 2923 2805 εἶπεν
2977 2755 3058 2805 ὅτι
3127 2755 3354 2813 Μείζονα
3403 2754 3586 2806 ἑαυτοῦ
3636 2758 3722 2806 τὸν
3773 2761 3983 2829 Πατέρα

615 2846 788 2902 sicuti
820 2851 1039 2903 sanctas
1080 2847 1302 2918 synodi
1333 2851 1698 2920 sanctusque
1723 2846 1984 2902 afﬁrmat
2011 2851 2244 2918 Aposto-

2373 2838 2536 2906 καὶεί,
2567 2844 2740 2902 καθὼς
2779 2845 2832 2894 αἱ
2861 2841 3010 2913 ἅγιαι
3057 2841 3271 2894 σύνοδοι
3319 2845 3465 2894 καὶὸ
3514 2844 3668 2913 α’γιος
3719 2842 3976 2896 Ἀποστο-

610 2933 730 2991 lus.
757 2935 864 2991 Aio
890 2935 1069 3005 igitur
1107 2936 1402 3007 majorem
1427 2936 1648 2991 dixisse
1671 2939 1924 3005 Patrem,
1965 2941 2232 3008 quatenu

2371 2927 2458 2990 λος
2524 2926 2684 2985 εἶπον.
2718 2935 2864 3002 Λέγω
2925 2927 3010 2982 οὖν
3071 2932 3286 3004 μείζονα
3349 2933 3607 3004 εἰρηκέναι
3661 2931 3816 2984 αὐτὸν
3888 2936 3976 2984 τὸν

610 3025 792 3082 Filius
815 3041 1060 3082 carnem
1090 3031 1310 3082 nostra:
1341 3026 1598 3082 similem
1630 3025 1743 3082 sibi
1765 3025 1975 3082 ascivit
2005 3041 2075 3081 ac
2132 3041 2238 3081 san

2373 3023 2579 3092 Πατέρα
2643 3023 2772 3072 καθό
2830 3027 3167 3078 κεκοινώνηκε
3239 3021 3624 3094 παραπλησίως
3667 3025 3791 3093 ἡμῖν
3851 3041 3979 3094 σαρ-

613 3115 882 3186 guinem,
906 3119 964 3170 et
1007 3119 1310 3187 quatenus
1359 3119 1622 3172 creatam
1663 3121 1944 3170 naturam
1971 3115 2174 3180 habet,
2203 3113 2242 3168 it

2369 3109 2454 3166 κὸς
2497 3112 2587 3158 καὶ
2641 3111 2879 3179 αἵματος,
2923 3114 3012 3160 καὶ
3075 3112 3209 3160 κατὰ
3253 3113 3344 3166 τὴν
3403 3107 3454 3160 ἐν
3531 3109 3673 3178 αὐτῷ
3747 3114 3971 3166 κτιστὴν

611 3219 736 3276 qua
760 3203 942 3258 etiam
968 3219 1183 3275 passus
1232 3207 1338 3260 est.
1392 3204 1685 3260 Cretensis
1715 3203 1897 3260 dixit:
1947 3207 2066 3273 Ego
2122 3219 2238 3257 cun

2373 3199 2526 3266 φύσιν
2595 3197 2711 3248 καθ’
2795 3196 2854 3254 ἣν
2923 3202 3014 3248 xui.
3073 3199 3335 3248 πέπονθεν.
3415 3196 3473 3248 Ὀ
3539 3203 3748 3268 Κρήτης
3816 3194 3971 3250 εἶπεν·

613 3295 740 3346 ctas
763 3297 1108 3346 sanctorum
1136 3291 1460 3347 sententias
1481 3308 1662 3362 super
1678 3291 2082 3361 eft‘atozyaler
2101 3307 2242 3348 mea;

2387 3278 2586 3356 Ἔγωγε
2631 3287 2802 3345 πασας
2863 3287 2951 3345 τας
3001 3287 3184 3359 ῥήσεις
3225 3294 3324 3338 τῶν
3382 3285 3541 3356 ἁγίων
3589 3287 3680 3347 τὰς
3713 3291 3832 3360 περί
3859 3293 3973 3352 τοῦ,

611 3383 812 3452 major
835 3396 927 3435 me
947 3387 1026 3436 est
1059 3382 1376 3452 recipiens,
1408 3398 1483 3438 ne
1515 3381 1680 3438 illam
1710 3383 1956 3454 quidem
2009 3383 2240 3454 repudii

2381 3380 2422 3424 Ο
2493 3379 2671 3448 Πατήρ
2739 3393 2838 3446 μον
2929 3379 3119 3446 μείζων
3181 3374 3282 3447 μοῦ
3349 3373 3512 3438 ἐστιν,
3575 3372 3979 3447 ἀποδεχόμενος

611 3486 750 3542 quae
777 3469 840 3524 id
871 3469 1388 3540 intelligitdictum
1433 3472 1769 3526 secundum
1823 3471 2240 3527 humanitatem

2371 3460 2490 3514 οόδὲ
2529 3466 2585 3514 τὸ
2635 3467 2770 3514 κατα
2815 3466 2882 3514 τα
2949 3462 3274 3537 ἀνθρώπινον
3327 3459 3456 3516 εἶναι
3497 3464 3711 3536 μείζονα
3741 3461 3979 3536 ἀποπέμ-

611 3557 676 3614 id
713 3562 824 3624 est,
853 3558 1186 3613 secundum
1216 3558 1426 3614 Christi
1451 3563 1714 3614 creatam
1741 3565 2043 3626 naturam,
2067 3561 2240 3633 inqut

2371 3571 2556 3623 πομαι,
2608 3555 2722 3608 ἤτοι
2769 3553 2904 3603 κατα
2958 3554 3052 3610 τὴν
3103 3551 3149 3603 ἐν
3193 3552 3330 3622 αὐτῷ
3373 3560 3443 3622 τῷ
3502 3559 3716 3625 Χριστῷ
3745 3559 3978 3611 κτιστήν

611 3648 792 3704 etiam
822 3663 1042 3720 passus
1073 3651 1187 3702 est:
1219 3649 1646 3720 consentioque
1678 3653 1734 3704 et
1774 3649 2072 3719 sutfragor
2119 3667 2230 3706 con

2373 3643 2547 3712 φύσιν,
2597 3641 2712 3692 καθ’
2759 3645 2821 3698 ἤν
2875 3645 2964 3692 καὶ
3018 3643 3254 3694 πέπονθε·
3331 3650 3635 3716 συμφρονῶν
3687 3647 3780 3693 καὶ
3831 3661 3977 3714 συμ-

609 3735 777 3794 fratri
808 3753 946 3794 meo
987 3737 1365 3804 Ileracliensi,
1415 3743 1474 3793 et
1512 3739 1889 3810 synodorum
1942 3742 2238 3796 sententia

2372 3731 2714 3802 φθεγγόμενος
2757 3739 2827 3799 τῷ
2883 3727 3184 3801 συναδῦφῳ
3221 3749 3320 3802 μου
3377 3739 3448 3800 τῷ
3503 3729 3830 3803 Ἡρακλείας
3887 3737 3981 3783 καὶ

609 3827 964 3900 amptector.
1015 3827 1360 3884 Secundum
1389 3827 1577 3884 verba
1621 3829 1914 3884 Cretensis
1949 3829 2095 3884 dixit
2132 3846 2238 3885 seu

2369 3821 2436 3870 τα
2463 3817 2712 3889 λεχθέντα
2754 3821 2898 3892 παρά
2945 3827 3045 3870 τῶν
3105 3816 3338 3872 συνόδων
3370 3819 3862 3890 κατασπαζόμενος.
3895 3823 3977 3872 Τὰ

607 3916 854 3974 tentiam
877 3915 1056 3972 etiam
1067 3916 1514 3989 Trapezuntius.
1539 3917 1864 3972 Larissaeus
1882 3917 2056 3974 dixit:
2075 3919 2236 3974 Vertat

2371 3905 2505 3958 αὐτα
2573 3915 2642 3958 τῶ
2709 3912 2916 3980 Κρήτης
2969 3905 3073 3960 εἶπε
3119 3907 3284 3980 λέγειν
3339 3913 3428 3960 καὶ
3479 3909 3504 3959 ὁ
3548 3909 3977 3982 Τραπεζοῦντος.

607 4007 783 4061 Pater
803 4021 964 4062 mens
989 4021 1188 4075 major
1207 4020 1299 4061 me
1319 4011 1421 4070 est,
1447 4004 1960 4078 deprehendimus
1981 4023 2016 4062 a
2039 4009 2236 4063 sancti;

2367 3995 2425 4047 Ὀ
2483 4002 2762 4070 Λαρίσσης
2819 3994 2943 4048 εἷπε¹
2978 4001 3066 4062 Τὸ,
3120 3997 3178 4048 Ὀ
3243 4003 3420 4071 Πατήρ
3487 4017 3588 4070 μου
3639 4001 3834 4070 μείζων
3877 4003 3981 4071 μού

606 4094 884 4164 theologo
916 4097 1217 4166 Gregorio,
1263 4111 1486 4166 magno
1519 4097 1756 4164 Basilio,
1813 4101 1870 4154 et
1915 4115 1952 4154 a
2010 4099 2235 4170 Chryso

2369 4087 2529 4150 ἐστιν,
2589 4087 2892 4159 εὑρίσκομεν
2947 4084 3048 4137 ἀπὸ
3107 4095 3205 4137 τὼν
3249 4085 3430 4156 ἁγίων,
3484 4093 3576 4139 τοῦ
3607 4105 3660 4138 τε
3707 4087 3981 4158 Θεολόγου

608 4186 806 4238 stomo
825 4183 1119 4239 intellecta
1149 4185 1483 4241 secundum
1507 4185 1853 4258 qualitatem
1887 4187 2237 4243 causativau

2369 4178 2684 4247 Γρηγορίου,
2746 4182 2838 4225 τοῦ
2905 4173 3130 4247 μεγάλου
3197 4174 3468 4228 Βασιλείου
3493 4179 3583 4226 καὶ
3643 4182 3736 4226 τοῦ
3759 4181 3985 4249 Χρυσο-

604 4269 1022 4344 honoremque
1051 4273 1255 4344 patris,
1289 4278 1344 4328 et
1365 4275 1542 4346 quasi
1573 4275 1652 4329 ob
1674 4275 2110 4347 discipulorum
2167 4293 2232 4332 so

2369 4266 2588 4334 στόμου,
2637 4263 2880 4314 καὶκατὰ
2908 4266 2966 4314 τὸ
3017 4267 3182 4314 αἴτιον
3209 4268 3298 4315 καὶ
3359 4260 3454 4316 διὰ
3515 4269 3608 4322 τὴν
3635 4267 3820 4334 τιμὴν,
3889 4270 3985 4316 καὶ

603 4357 1012 4431 latiumtdicta
1041 4361 1276 4418 fuerint.
1314 4363 1430 4418 Sed
1475 4363 1620 4434 quia
1647 4365 1815 4432 {novi
1867 4381 1901 4421 a
1948 4365 2232 4422 nonnulli:

2365 4354 2496 4426 πρὸς
2594 4356 2919 4426 παρηγορίαν
2981 4361 3078 4403 τῶν
3157 4355 3404 4424 μαθητῶν
3480 4350 3979 4424 ἔκλαμϐανὸμενον.

603 4448 828 4504 sanctis
878 4449 1186 4518 aftirmari,
1250 4450 1336 4506 sic
1393 4451 1659 4506 locutum
1698 4452 1882 4508 fuisse
1935 4455 2232 4510 Dominuu

2365 4439 2508 4492 Ἐπεὶ
2567 4440 2624 4492 δὲ
2681 4441 2905 4513 εὑρίσκω
2959 4443 3102 4502 τινας
3173 4450 3271 4493 τῶν
3327 4440 3488 4512 ἁγίων
3527 4442 3764 4512 λέγοντας
3839 4442 3985 4514 εἰρη-

602 4537 780 4593 etiam
802 4543 1046 4610 propter
1075 4537 1535 4606 humanitatem,
1569 4540 1646 4594 ad
1677 4557 1865 4613 quam
1887 4558 1949 4596 se
1991 4543 2230 4599 demisit

2363 4533 2505 4580 κέναι
2567 4535 2722 4580 τοῦτο
2786 4533 2873 4580 τὸν
2939 4533 3124 4604 Κύριον
3182 4535 3272 4582 καὶ
3325 4532 3462 4582 κατὰ
3521 4533 3578 4582 τὸ
3619 4528 3981 4602 ἀνθρώπινον,

599 4629 781 4697 atque
814 4633 880 4682 ut
907 4625 1194 4681 humanae
1219 4641 1340 4680 sum
1363 4631 1594 4682 naturae
1617 4627 1802 4685 ﬁdem
1832 4629 2070 4698 faceret,
2095 4631 2228 4687 haut

2361 4619 2494 4670 καθὸ
2571 4615 2908 4670 ἐταπείνωσεν
2993 4619 3173 4670 ἑαυτὸν
3241 4622 3308 4680 ὡς
3373 4619 3526 4671 θέλων
3583 4623 3983 4674 πιστώσασθαι

599 4728 712 4785 ego
727 4729 972 4788 quoque
1007 4714 1340 4787 amplector
1371 4715 1749 4773 sententiam.

2357 4710 2450 4764 τὴν
2509 4704 2829 4779 ἀνθρωπείαν
2907 4711 3061 4779 φύσιν
3129 4711 3223 4766 τὴν
3297 4705 3348 4758 ἓν
3405 4707 3568 4778 αὐτῷ,
3645 4705 3981 4783 ἀσπάζομαι

2357 4803 2512 4847 τοῦτο
2543 4799 2632 4846 καὶ
2655 4793 2826 4856 αὐτὸς.

667 4899 723 4952 5.
773 4893 1129 4951 Rhodiensis
1151 4893 1336 4951 dixit:
1379 4894 1678 4960 Quoniam
1727 4897 1848 4954 scio
1898 4897 2246 4955 theanthro-

2427 4901 2480 4954 επ
2570 4901 2628 4953 Ὀ
2710 4898 2891 4954 Ῥόδου
2961 4899 3112 4954 εἶπεν·
3159 4903 3298 4956 Ἐπεὶ
3363 4903 3587 4978 εὑρίσκω
3671 4905 3761 4954 τὸν
3831 4907 3985 4960 θεάν.

592 4999 742 5056 pum
781 4983 1050 5040 Verbum
1100 4984 1436 5041 secundum
1481 4987 1882 5042 oeconomiam
1911 4989 2102 5044 multa
2150 4991 2221 5045 di-

2358 4993 2558 5064 θρωπον
2633 4995 2799 5060 Λόγον
2874 4991 3213 5063 οἰκονομικῶς
3269 4992 3482 5062 λέγοντα
3535 4990 3718 5058 πολλὰ,
3783 4994 3846 5057 ἑξ
3913 4993 3987 5046 ὧν

591 5073 980 5136 xisse,veluti
1033 5073 1180 5128 illud
1235 5074 1306 5130 de
1355 5075 1450 5130 die
1515 5081 1711 5132 autem
1741 5077 1854 5132 illa
1883 5085 2063 5148 atque
2093 5077 2220 5134 hort

2360 5079 2467 5132 ἔστι
2527 5085 2617 5132 καὶ
2682 5083 2763 5149 τὸ,
2857 5085 2982 5153 Περὶ
3045 5090 3142 5142 τῆς
3197 5083 3390 5155 ἡμέρας
3457 5079 3652 5142 ἐκείνης
3713 5087 3815 5136 καὶ
3881 5093 3989 5150 τῆς

588 5177 760 5217 nemo
791 5163 920 5229 scit,
970 5178 1159 5234 neque
1181 5165 1388 5232 angeli
1413 5178 1602 5236 neque
1627 5165 1824 5220 Filius
1849 5183 1862 5232 ;
1916 5165 2011 5220 aio
2042 5165 2217 5237 ipsun

2359 5173 2484 5244 ὥρας
2545 5165 2721 5231 οὐδεὶς
2777 5165 2916 5221 οἶδεν
2973 5165 3146 5236 οὐδὲν,
3199 5167 3324 5222 οὐδὲ
3383 5173 3432 5222 οἱ
3499 5169 3710 5242 ἄγγελοι
3767 5170 3914 5226 οὐδὲ
3961 5179 3988 5228 ὁ

589 5249 814 5307 dixisse
845 5251 985 5308 item
1017 5255 1192 5310 Pater
1213 5255 1404 5322 major
1427 5267 1518 5310 me
1547 5259 1630 5310 est
1657 5253 2045 5320 oeconomice,
2073 5255 2132 5309 id
2155 5271 2216 5310 es

2354 5259 2494 5326 Υἱὸς,
2579 5257 2710 5329 λέγω
2779 5258 3038 5332 εἰρηκέναι
3105 5257 3260 5310 αὐτόν
3325 5265 3414 5311 καὶ
3478 5261 3559 5325 τὸ,
3643 5257 3702 5310 Ὀ
3775 5267 3983 5332 Πατήρ

587 5339 922 5396 secundum
979 5347 1244 5398 creatam
1283 5359 1461 5398 suam
1515 5346 1839 5398 naturam:
1892 5342 2216 5415 accedoqut

2479 5323 2488 5326 -
2641 5323 2653 5329 -
2823 5323 2831 5332 .
3548 5323 3553 5325 -
3953 5323 3964 5340 ι

2362 5365 2446 5398 ιον
2503 5351 2694 5418 μειζων
2757 5351 2857 5419 μού
2924 5345 3084 5412 ἐστιν,
3117 5347 3474 5419 οἰκονομικῶς,
3514 5351 3760 5400 τουτέστι
3837 5358 3991 5406 κατὰ

585 5433 934 5488 sanctorum
973 5431 1150 5488 etiam
1199 5429 1383 5512 hujus
1440 5429 1582 5487 dicti
1618 5429 2214 5514 interpretationibus

2354 5439 2436 5494 τὴν
2501 5439 2719 5494 κτιστὴν
2777 5437 2932 5508 φύσιν
2985 5441 3078 5494 τὴν
3137 5435 3184 5488 ἓν
3241 5435 3400 5488 αὐτῶ·
3427 5437 3850 5510 προστιθέμενος
3881 5451 3983 5497 καὶ
