4126 6272
250 266 312 323 241
1547 263 1894 323 THESAURI
1932 267 2058 323 LIB.
2101 269 2255 326 XXV.

3486 271 3591 327 242

244 399 321 453 ταῖς
356 400 445 443 τῶν
505 391 697 463 ἁγίων
752 391 1055 465 ἐξηγήσεσι
1107 401 1197 446 τοῦ
1249 394 1484 446 τοιούτου
1526 392 1710 466 ῥητοῦ.
1767 389 1823 442 Ὀ

1941 392 2515 467 Philippopolitanus
2536 392 2683 449 dixit
2710 409 2724 447 :
2759 391 3055 457 Quoniam
3084 390 3277 464 pridie
3308 407 3378 448 ex
3405 393 3592 449 eccle-

1123 485 1262 536 Ἐπεὶ
1337 484 1472 534 κατὰ
1543 485 1633 539 τὴν
1698 482 1828 552 χθὲς

238 577 539 644 παρεγενόμην
571 570 692 624 ἀπὸ
741 581 848 635 τῆς
884 572 1183 644 λαχούσης,
1225 592 1310 645 με,
1362 577 1452 624 καὶ
1500 571 1592 623 οὐκ
1638 567 1828 628 ἐδυνὴ-

242 482 431 535 φιὶιππου
438 481 654 545 πόλεως
731 480 880 535 εἶπεν
958 486 1041 553 ὡς,

237 663 301 718 θην
334 663 485 736 εὒρεῖν
534 667 788 735 χρήσεις
841 670 947 713 τῶν
1004 662 1163 732 ἁγίων
1220 665 1337 733 περὶ
1378 668 1467 713 τοῦ
1511 662 1826 731 ζητουμένου

234 750 376 823 ῥητοῦ,
418 749 557 821 λέγω
614 752 709 802 ὅτι
759 750 838 810 οἷς
887 747 1029 802 εἶπον
1067 751 1115 801 οἱ
1145 757 1412 822 φωστῆρες
1439 752 1530 800 καὶ
1561 744 1826 800 διδασκα-

235 837 294 890 λοι
336 839 498 911 ἡμῶν,
550 841 663 891 εἶτε
722 837 967 909 ὑψηλῶς,
1027 842 1189 910 ἤγουν
1231 839 1361 890 κατὰ
1418 841 1512 895 τὴν
1563 838 1668 889 οἶνω
1718 839 1828 907 γέν-

237 933 357 985 νήσιν
408 926 525 979 καθ’
581 928 652 986 ᾖν
706 932 803 979 καὶ
840 932 975 999 τιμᾷ
1019 931 1105 979 τὸν
1137 930 1343 1000 Πατέρα
1370 943 1382 956 ⁸
1434 929 1533 978 εἴτε
1562 923 1827 999 ἀνθρωπι-

239 1027 341 1084 κῶς,
388 1014 636 1075 δηλονότι
690 1021 833 1069 κατὰ
893 1022 988 1077 τὴν
1042 1016 1097 1068 ἐκ
1144 1026 1235 1078 τῆς
1285 1017 1650 1089 Ἀειπαρθένου
1706 1018 1827 1087 γέν-

243 1126 391 1174 νησιν,
441 1108 560 1158 καθ’
618 1107 682 1164 ἢν
747 1103 817 1165 δὴ
878 1106 1260 1181 παραπλησίως
1307 1107 1430 1177 ἡμῖν
1492 1109 1685 1180 σαρκὸς
1742 1107 1829 1155 καὶ

239 1198 430 1267 «iure;
469 1201 844 1259 κεκοινώνηκε,
891 1200 984 1252 τὴν
1037 1200 1253 1253 κτιστὴν
1302 1198 1457 1267 φύσιν
1503 1199 1593 1246 καὶ
1649 1195 1825 1251 παθη-

229 1290 312 1343 τὴν
369 1286 489 1336 καθ’
559 1284 623 1341 ἣν
691 1289 786 1336 καὶ
850 1285 1070 1336 πέπονθε
1124 1282 1562 1359 προσλαϐόμενος,
1623 1285 1829 1343 τούτοις

226 1375 525 1446 συντίθεμαι
609 1378 704 1425 καὶ
789 1373 968 1435 αὐτὸς.
1065 1372 1125 1425 Ὀ
1198 1373 1462 1427 Φιλίππων
1540 1368 1672 1426 εἶπεν
1746 1373 1828 1423 ὅτι

221 1463 433 1523 Διπὶοῦς
501 1463 572 1513 ὢν
633 1463 662 1514 6
731 1466 956 1536 Χριστὸς
1024 1460 1077 1514 ἐκ
1148 1464 1289 1524 θείας
1350 1466 1441 1513 καὶ
1501 1461 1827 1534 ἀνθρωπίνης

218 1555 438 1625 θύσεως,
494 1552 716 1624 μείζονα
766 1554 855 1604 τὸν
912 1555 1142 1625 Πατέραε
1173 1554 1346 1625 εἴρηαι
1384 1552 1520 1603 κατὰ
1578 1554 1672 1608 τὴν
1733 1548 1824 1599 ἀν-

218 1644 537 1714 Θρωπὸτητα
581 1645 673 1693 καὶ
718 1645 814 1699 τὴν
856 1640 1028 1693 αἰτίαν
1074 1645 1165 1692 καὶ
1210 1645 1305 1698 τὴν
1343 1642 1470 1713 πρὸς
1508 1642 1593 1691 τὸν
1622 1642 1828 1713 Πατέρα

1939 481 2025 537 sia
2052 498 2187 538 mea
2210 484 2327 539 huc
2348 482 2613 556 perveni,
2640 481 3036 553 nondumque
3056 480 3222 552 potui
3244 485 3591 538 sanctorum

1938 571 2319 628 auctoritates
2374 573 2447 628 de
2496 576 2884 627 controverso
2932 569 3090 625 dicto
3122 570 3435 639 nancisci;
3494 569 3591 627 aio

1939 675 2033 714 me
2066 661 2345 716 assentiri
2380 659 2689 717 sententiis
2719 674 2872 733 quas
2920 657 3355 715 illuminatores
3396 658 3590 731 magi-

1937 749 2160 821 strique
2196 750 2382 806 nostri
2430 750 2847 823 protulerunt;
2890 749 3057 821 quod
3098 748 3386 805 nimirum
3427 748 3590 806 Chri-

1938 844 2062 893 stus
2096 838 2187 894 vel
2216 840 2501 895 divinitus
2534 839 2616 895 sic
2647 839 2880 894 Patrem
2913 838 3167 895 honorat
3194 842 3440 910 propter
3469 853 3589 895 cce-

1935 925 2143 983 lestem
2208 929 2579 984 nativitatem
2633 943 2646 993 ;
2713 927 2809 982 vel
2880 926 3229 982 humanitus
3302 926 3585 999 loquitur,

1936 1022 2178 1087 propter
2207 1033 2380 1072 suam
2411 1034 2484 1073 ex
2514 1019 2802 1089 perpetua
2832 1015 3066 1084 Virgine
3098 1014 3487 1084 nativitatem,
3510 1015 3589 1071 ob

1935 1120 2121 1175 quam
2152 1122 2323 1178 neque
2350 1123 2420 1162 ac
2451 1121 2563 1161 nos
2591 1105 2756 1161 carni
2787 1110 2842 1161 et
2869 1104 3152 1174 sanguini
3182 1104 3591 1160 communica-

1935 1193 2034 1262 vit,
2071 1202 2267 1250 creata
2292 1194 2975 1266 videlicctpassibilique
3006 1199 3221 1249 natura
3253 1198 3587 1266 assumpta,

1933 1278 1995 1333 in
2024 1297 2144 1352 qua
2171 1283 2352 1339 etiam
2377 1299 2595 1356 passus
2640 1288 2745 1339 est.
2780 1282 3174 1355 Philippensis
3207 1282 3353 1339 dixit
3389 1301 3402 1339 :
3437 1283 3590 1348 Quia.

1935 1367 2160 1441 duplex
2183 1377 2274 1427 est
2300 1373 2563 1428 Christus
2594 1387 2667 1427 ex
2696 1371 2897 1428 divina
2921 1371 3314 1444 humanaque
3344 1375 3584 1437 natura,

1935 1458 2229 1530 majorem
2274 1463 2504 1517 Patrem
2548 1460 2696 1517 dixit
2738 1460 3079 1517 secundum
3124 1460 3584 1526 humanitatem,

1935 1554 2114 1621 atque
2145 1550 2225 1605 ob
2255 1549 2604 1622 qualitatem
2630 1550 3005 1606 c‘ausativam
3035 1550 3448 1622 honoremque
3478 1564 3588 1621 pa-

1934 1638 2037 1694 tris
2063 1654 2075 1704 ;
2109 1639 2387 1711 quamvis
2416 1639 2612 1695 eidem
2642 1639 2715 1695 sit
2744 1638 2994 1712 aequalis
3014 1639 3351 1695 secundum
3379 1637 3590 1695 divini-

214 1736 395 1803 τιμὴν,
444 1734 566 1793 ἶσος
608 1731 676 1782 ὢν
732 1731 873 1801 αὐτῷ
921 1732 1057 1782 κατὰ
1102 1734 1196 1788 τὴν
1237 1731 1473 1787 ϐιότητα.
1511 1727 1571 1781 Ὀ
1599 1725 1822 1801 Ἀδρια-

1936 1733 2138 1784 tatem.
2174 1729 2780 1801 Hadrianopolitanus
2804 1729 2953 1786 dixit
2984 1746 2997 1785 :
3033 1729 3144 1796 Qui
3171 1729 3337 1785 carni
3363 1733 3422 1785 et
3455 1744 3589 1785 san-

209 1820 506 1880 νονποὶεως
565 1821 701 1872 εἶπεν
731 1841 743 1852 ·
802 1819 863 1872 Ὀ
919 1823 1114 1895 σαρκὸς
1177 1824 1267 1871 καὶ
1331 1820 1553 1891 αἵματος
1598 1819 1822 1892 ὑπερθυ-

211 1915 337 1970 σίως
407 1914 820 1977 κεκοινωνηκὼς,
884 1914 1065 1967 καινήν
1130 1928 1245 1961 τινα
1307 1904 1617 1982 οεανδρικὴν
1682 1905 1822 1978 ἐνέρ-

210 2018 353 2069 γειαν
419 1999 553 2070 ἡμῖν
605 1997 1052 2070 πεπολιτευμένος,
1106 1997 1211 2068 οὐχ
1276 2000 1339 2057 ὡς
1404 2001 1475 2069 μὴ
1536 1997 1821 2069 ἄνθρωπος,

205 2086 317 2151 Et},
357 2090 436 2148 ὡς
486 2085 544 2147 ἐξ
599 2083 903 2160 ἀνθρώπων,
963 2084 1243 2159 ἀνθρώπων
1297 2085 1549 2154 ἐπέκεινα,
1610 2083 1824 2157 μείζονα

203 2182 401 2226 ἑαυτοῦ
450 2178 543 2225 τὸν
585 2178 790 2249 Πατέρα
832 2170 962 2239 εἶπε,
1012 2176 1187 2234 καθὼς
1228 2175 1254 2224 6
1298 2177 1459 2246 μὴας
1514 2176 1819 2247 Χρυσόστο-

206 2281 319 2331 μος,
354 2282 455 2313 χαι
483 2263 510 2313 6
555 2260 932 2323 Πηλουσιωτης
972 2258 1245 2335 Ἰσίδωρος
1283 2260 1697 2336 ἐφηρμήνευσαν,
1736 2266 1821 2313 ναὶ

202 2356 306 2421 μὲν
364 2355 465 2403 καὶ
522 2351 550 2401 ὁ
599 2352 859 2411 θειότατος
908 2350 1175 2424 Κύριὶλος.
1229 2354 1376 2422 Λέγω
1435 2347 1493 2403 δὲ
1532 2352 1612 2402 ὅτι
1652 2354 1823 2424 εἴρηκε

201 2448 356 2493 τοῦτο
418 2445 514 2492 καὶ
566 2443 634 2502 ὡς
687 2442 961 2515 ἄνθρωπος
1019 2437 1112 2492 διὰ
1166 2444 1260 2499 τὴν
1318 2438 1365 2491 ἐν
1418 2440 1559 2509 αὐτῷ
1600 2444 1821 2497 κτιστήν

202 2532 363 2599 οὖσιν
417 2530 542 2581 καθ’
602 2529 662 2586 ἣν
719 2534 810 2581 καὶ
872 2530 1137 2582 πέπονθεν.
1191 2536 1248 2581 '0
1304 2528 1632 2602 Ἰεραπόλεως
1688 2524 1821 2580 εἶπεν

200 2619 286 2669 ὁτι
329 2625 407 2691 Τῇ
452 2626 638 2690 γνωμῃ
682 2626 774 2671 τοῦ
805 2617 1112 2691 Ἡρακλείας
1155 2623 1246 2670 καὶ
1289 2626 1380 2670 τοῦ
1438 2622 1645 2690 Κρήτης
1697 2615 1819 2668 ἁκο-

199 2707 377 2758 λονθῶ
452 2705 539 2760 ἐπὶ
604 2714 787 2761 πᾶσιν.
856 2707 915 2759 Ὀ
984 2707 1281 2769 Μιτυλήνης
1348 2709 1439 2780 ἔφη
1513 2708 1615 2771 ὅτι,
1679 2706 1821 2759 Ἐπεὶ

204 2797 437 2870 εὑρίσκω
510 2799 601 2848 τὸν
680 2800 845 2869 μέγαν
913 2796 1224 2848 ’Λπόστολον
1300 2795 1515 2867 λέγοντα
1588 2797 1687 2861 ὅτι,
1762 2794 1820 2846 Ὁ

204 2889 325 2945 Tui;
390 2893 486 2937 τοῦ
552 2892 689 2938 Θεοῦ
747 2883 991 2937 ἐκένωσεν
1057 2884 1234 2937 ἑαυτὸν
1295 2883 1557 2947 ἁκενώτως
1619 2887 1821 2957 μορφὴν

203 2969 398 3027 δούλου
443 2973 639 3041 λαϐὼν,
688 2973 822 3046 λέγω
876 2974 1032 3027 εἰπεῖν
1069 2977 1157 3026 τὸν
1196 2980 1413 3049 Σωτῆρα
1475 2977 1562 3025 τὸν
1615 2977 1823 3045 Πατέρα

1936 1817 2101 1886 guini
2131 1817 2663 1888 supernaturaliter
2691 1817 3082 1890 participavit,
3115 1833 3339 1874 novam
3370 1832 3587 1891 quam-

1933 1906 2076 1961 dam
2108 1905 2517 1962 theandricam
2543 1907 2953 1979 operationem
2975 1906 3142 1979 apud
3165 1922 3278 1962 nos
3307 1906 3584 1977 exseruit,

1931 2010 2053 2050 non
2084 1995 2250 2068 quod
2288 2011 2410 2051 non
2455 2001 2610 2052 esset
2646 1996 2854 2062 homo,
2887 1996 2993 2051 sed
3021 1995 3200 2052 veluti
3225 2013 3298 2052 ex
3329 1996 3589 2051 homini-

1930 2084 2045 2140 bus
2076 2101 2259 2157 supra
2285 2085 2582 2152 homines,
2603 2086 2897 2157 majorem
2928 2089 3159 2141 Patrem
3189 2101 3375 2158 quam
3413 2100 3475 2139 se
3502 2084 3586 2140 di-

1931 2174 2034 2239 xit,
2063 2174 2236 2229 sicuti
2277 2190 2535 2244 magnus
2583 2171 3046 2247 Chrysostomus
3077 2179 3135 2230 et
3165 2173 3458 2229 Pelusiota
3488 2172 3588 2229 Isi.

1932 2262 2117 2329 dorus
2164 2263 2529 2336 interpretati
2570 2268 2727 2331 sunt,
2777 2265 2901 2320 imo
2953 2264 3134 2320 etiam
3176 2262 3431 2318 eximius
3476 2264 3585 2334 Cy-

1932 2353 2121 2409 rillus.
2179 2354 2284 2410 Aio
2316 2359 2515 2409 tamen
2551 2355 2847 2411 Christum
2874 2354 2935 2410 id
2966 2355 3185 2410 dixisse
3227 2354 3407 2411 etiam
3437 2369 3583 2426 qua-

1932 2448 2105 2497 tenus
2134 2442 2319 2498 homo
2351 2448 2494 2512 erat,
2526 2448 2770 2517 pronter
2793 2448 3058 2500 creatam
3082 2458 3256 2499 suam
3277 2447 3581 2511 naturam,

1930 2531 1990 2585 in
2013 2546 2134 2602 qua
2165 2538 2218 2586 et
2255 2547 2474 2604 passus
2509 2538 2614 2588 est.
2649 2532 3126 2605 Hierapolitanus
3156 2533 3303 2588 dixit
3332 2547 3394 2587 se
3419 2547 3584 2604 pror-

1930 2638 2033 2676 sus
2079 2621 2362 2677 accedere
2409 2621 2488 2677 ad
2520 2622 2912 2679 Heracliensis
2943 2627 3000 2679 et
3029 2623 3319 2680 Cretensis
3345 2628 3582 2679 senten-

1930 2710 2095 2763 tiam.
2132 2708 2495 2781 Mitylenaeus
2535 2710 2720 2767 dixit:
2768 2710 3065 2776 Quoniam
3099 2712 3244 2766 novi
3288 2727 3581 2782 magnum

1929 2798 2282 2870 Apostolum
2323 2798 2620 2856 dicentem
2651 2802 2720 2868 ³³,
2747 2801 2912 2873 quod
2953 2800 3130 2857 Filius
3173 2801 3272 2856 Dei
3312 2801 3581 2872 seipsum

1930 2888 2260 2945 exinanivit
2283 2904 2537 2946 manens
2559 2890 3125 2958 inexhaustus,cum
3157 2890 3310 2946 servi
3326 2891 3581 2947 formam

1928 2978 2174 3051 accepit,
2207 2978 2303 3034 aio
2333 2995 2370 3034 a
2401 2981 2713 3036 Servatore
2738 2979 2961 3034 dictum
3002 2982 3235 3035 Patrem
3285 2978 3580 3050 majorem

198 3064 423 3133 μείζονα
476 3066 619 3115 κατὰ
665 3067 761 3122 τὴν
812 3062 1190 3139 ἁνθρωπὸτητα
1243 3066 1364 3122 ἤτοι
1407 3067 1502 3121 τὴν
1558 3062 1820 3133 συγκατοί-

1931 3068 2260 3124 secundum
2293 3069 2733 3125 humanitatem
2774 3069 2899 3125 sive
2938 3068 3369 3125 demissionem
3397 3073 3580 3142 atque

195 3149 356 3205 ϐασιν
402 3159 498 3206 καὶ
552 3157 652 3212 τήν
698 3156 938 3219 κένωσιν,
994 3154 1167 3215 καθὼς
1223 3153 1249 3203 6
1293 3153 1692 3227 θαυματουργός
1734 3153 1822 3223 μέ-

189 3261 293 3310 γας
350 3247 654 3317 Γρηγόριος
706 3238 962 3294 διδάσκει
1012 3261 1092 3313 με,
1161 3245 1441 3316 Γρηγὸριος
1500 3242 1526 3292 6
1576 3242 1817 3304 Νύσσης,

188 3337 284 3385 καὶ
354 3334 381 3385 6
449 3334 610 3404 ἅγιος
676 3331 952 3407 Κύριλλος,
1016 3336 1105 3384 καὶ
1157 3332 1183 3383 6
1260 3330 1409 3403 ἅγιος
1465 3331 1814 3394 Ἀθανάσιος·

185 3424 354 3490 ξγουν
413 3425 561 3474 κατά
610 3425 709 3479 τὴν
754 3419 804 3472 ἐν
858 3420 1004 3492 αὐτῷ
1041 3422 1196 3492 φύσιν
1235 3424 1329 3478 τὴν
1381 3416 1688 3492 βαδίσασαν
1730 3425 1820 3473 καὶ

183 3514 563 3566 κοπιάσασαν.

254 3600 336 3656 5'.
372 3600 441 3654 Ὀ
488 3605 617 3653 νέων
666 3606 886 3676 Πατρῶν
927 3594 1035 3653 εἶπε
1062 3615 1075 3629 ⁸
1124 3602 1195 3652 Τὸ
1233 3602 1469 3653 ταπεινὸν
1499 3607 1652 3652 τοῦτο
1674 3600 1820 3674 ῥῆμα

250 3734 269 3758 ,
326 3690 390 3743 Ὀ
450 3694 640 3762 Πατήρ
691 3709 792 3761 μου
842 3689 1035 3762 μείζων
1086 3690 1185 3762 μού
1239 3687 1400 3758 ἔστιν,
1445 3689 1607 3750 οὕτως
1664 3687 1820 3741 εἰπεῖν

188 3788 293 3830 νοῶ
334 3784 431 3833 τὸν
487 3786 757 3852 Μονογενῆ
816 3778 936 3832 καθ’
988 3777 1040 3830 ὃν
1082 3777 1232 3850 λόγον
1274 3783 1364 3831 καὶ
1410 3780 1475 3830 τὰ
1525 3777 1683 3830 λοιπά
1720 3786 1818 3829 τῶν

188 3873 585 3944 ταπεινοτέρων
648 3864 880 3921 δέδωκεν
948 3867 1133 3938 ἐαυτῷ,
1202 3872 1294 3927 τήν
1357 3867 1650 3940 οἰκονομίαν
1717 3863 1823 3925 δη-

187 3953 370 4011 λονότι
432 3960 811 4031 πιστούμενος,
865 3961 958 4010 καὶ
1014 3958 1093 4009 ὅτι
1138 3960 1275 4010 κατὰ
1325 3955 1568 4015 ἀλήθειαν
1623 3957 1819 4030 ἄνθρω-

188 4064 287 4110 πος
356 4051 600 4120 γέγονεν·
666 4046 728 4100 Ὀ
789 4046 1069 4120 Εὖχαῖτων
1136 4044 1242 4099 εἶπε
1273 4065 1286 4080 ο
1349 4050 1495 4118 Λέγω
1560 4049 1625 4107 ὡς
1688 4047 1825 4098 κατά

190 4140 249 4187 τὸ
306 4142 487 4191 αἴτιον
544 4142 639 4190 καὶ
680 4140 776 4196 τὴν
832 4141 993 4210 τιμὴν
1031 4141 1120 4189 καὶ
1164 4139 1294 4211 πρὸς
1351 4139 1679 4210 παρηγορίαν
1723 4143 1821 4188 τῶν

188 4228 456 4295 μαθητῶν
499 4232 594 4280 καὶ
633 4224 729 4281 διὰ
773 4230 869 4287 τὴν
922 4228 1173 4299 ἡμετέραν
1217 4228 1391 4301 σάρκα
1436 4225 1498 4284 ἣν
1552 4223 1819 4279 ἀνελάϐετο

191 4317 598 4391 παραπλησίως
643 4318 772 4389 ἡμῖν
819 4319 1140 4376 κοινωνήσας
1193 4318 1385 4389 σαρκὸς
1438 4319 1528 4367 καὶ
1574 4316 1817 4389 αἵματος.

185 3692 244 3740 τὸ

190 4401 254 4455 Ὀ
325 4403 697 4480 ’Δμςίστριδος
763 4401 900 4459 εἶπεν
967 4407 1049 4458 ὅτι
1123 4401 1389 4479 Οὗδεμίαν
1452 4413 1652 4479 χρῆσιν
1718 4412 1819 4456 τῶν
1847 4440 1890 4495 D

200 4491 371 4564 ἃγίων
452 4495 858 4570 ἀποπέμπομαι,
941 4493 1071 4547 ἀλλὰ
1137 4497 1312 4557 πάσας
1386 4490 1762 4569 προσδέχομαι
1803 4514 1816 4527 ι

200 4589 297 4636 καὶ.
373 4590 513 4639 κατὰ
571 4594 730 4640 τοῦτο
795 4591 897 4637 νοῶ
963 4585 1044 4636 ὅτι
1107 4580 1240 4637 εἶπεν
1302 4584 1329 4637 6
1404 4586 1591 4660 Κύριος
1673 4584 1819 4657 ἡμῶν

203 4671 422 4739 Ἰησοῦς
488 4679 725 4752 Χριστὸς
791 4676 875 4728 ὅτι
934 4672 995 4726 Ὀ
1061 4678 1237 4748 Πατήρ
1304 4692 1406 4747 μου
1471 4676 1661 4746 μείζων
1718 4674 1819 4745 μού

212 4756 350 4831 ἔστι,
388 4768 479 4818 καὶ
519 4767 657 4819 κατὰ
700 4767 761 4817 τό
813 4762 1138 4837 ἀνθρώπινον
1169 4776 1183 4793 ·
1230 4760 1548 4839 ἀνθρώπινον
1583 4757 1644 4815 δὲ
1688 4760 1822 4833 λέγω

214 4854 306 4908 τήν
373 4852 794 4928 συγκατοίϐασιν,
863 4856 961 4910 τὴν
1025 4855 1259 4919 κένωσιν,
1328 4856 1423 4911 τὴν
1484 4855 1817 4918 ταπείνωσιν,

217 4944 304 4993 uti
360 4948 417 4996 τὸ
477 4944 869 5018 παραπλησίως
935 4940 1061 5013 ἡμῖν
1118 4949 1434 5001 κοινωνῆσαι
1491 4938 1685 5016 σαρκὸς
1732 4943 1823 4992 καὶ

225 5030 467 5101 ιὶμτος²
524 5039 614 5089 καὶ
665 5036 810 5087 κατὰ
858 5033 951 5084 τὸν
1000 5029 1145 5102 ἅγιον
1193 5031 1525 5095 Ἀθανάσιον,
1573 5026 1668 5082 διὰ
1726 5032 1821 5087 τὴν

230 5112 271 5166 ἓν
318 5122 453 5195 αὖτῷ
501 5128 724 5184 κτιστὴν
776 5124 945 5195 φύσιν
991 5123 1085 5178 τὴν
1133 5122 1466 5174 κοπιάσασαν
1517 5124 1605 5173 καὶ
1657 5113 1821 5192 βαδί-

235 5222 399 5281 σασιν,
440 5216 560 5270 καθ’
605 5215 670 5275 ἣν
720 5216 823 5266 καὶ
863 5209 1137 5268 πέπονθεν,
1176 5209 1234 5262 '0
1284 5208 1471 5269 Θηϐῶν
1521 5210 1611 5282 ἔφη
1662 5208 1824 5260 ’Ἒπεὶ

225 5300 300 5350 τὸν
340 5306 450 5359 Υἱάν
504 5308 856 5381 maria—rma
928 5302 1020 5349 καὶ
1071 5295 1491 5373 συνδημιουργὸν
1540 5305 1613 5369 τῷ
1660 5300 1821 5369 Πατρὶ

221 5383 346 5469 ςῖδα,
387 5393 460 5452 δι’
499 5398 669 5454 αὐτοῦ
722 5394 842 5467 γὰρ
894 5390 991 5440 καὶ
1036 5391 1154 5451 τοὺς
1190 5388 1377 5450 αἰῶνας
1407 5387 1666 5455 ἐποίησεν,
1709 5388 1826 5439 ἴσον

246 5602 292 5640 ³³
318 5602 595 5681 Philippi
619 5612 697 5667 ιι,
734 5595 809 5648 7.

1927 3156 2416 3226 exinanitionem,
2449 3157 2973 3231 quemadmodum
3004 3174 3100 3214 me
3148 3157 3366 3214 docent
3402 3157 3578 3215 thau-

1926 3252 2240 3318 maturgus
2273 3248 2612 3317 Gregorius,
2637 3252 2943 3320 Nyssenus
2976 3247 3589 3323 Gregorius,sanctus.

1928 3336 2200 3409 Cyrillus,
2233 3340 2290 3392 et
2320 3341 2562 3393 sanctus
2599 3337 2966 3394 Athanasius
3003 3354 3017 3405 ;
3064 3336 3336 3393 videlicet
3360 3353 3578 3394 secun-

1926 3427 2071 3481 dum
2103 3424 2266 3481 illam
2296 3425 2427 3496 ejus
2450 3429 2731 3484 naturam
2749 3443 2884 3501 quae
2907 3424 3262 3483 ambulabat
3289 3428 3347 3483 et
3369 3424 3581 3496 fatiga-

1924 3513 2122 3572 batur.

1997 3608 2048 3661 6.
2096 3606 2511 3680 Neopatrensis
2557 3606 2750 3664 dixit:
2803 3607 3095 3663 Humilem
3129 3607 3288 3664 hanc
3326 3604 3578 3663 locutio-

1926 3709 2066 3750 nem
2091 3711 2104 3749 :
2137 3696 2321 3752 Pater
2346 3710 2509 3752 meus
2540 3699 2740 3767 major
2762 3711 2852 3753 me
2879 3703 2963 3753 est
2989 3695 3286 3769 prolatam
3313 3692 3577 3763 intelligo

1928 3783 2007 3839 ab
2030 3783 2345 3854 Unigenito
2376 3785 2589 3841 eadem
2621 3786 2848 3842 ratione
2878 3802 3000 3856 qua
3029 3790 3276 3841 caeteras
3303 3782 3580 3838 humilio-

1925 3889 2022 3928 res
2054 3876 2254 3945 partes
2283 3872 2399 3929 sibi
2421 3873 2996 3938 attribuit,videlicet
3020 3878 3079 3928 ut
3099 3871 3578 3928 incarnationem

1928 3976 2102 4017 suam
2151 3966 2483 4030 testaretur,
2517 3967 2573 4018 et
2601 3962 2766 4035 quod
2798 3962 2983 4018 homo
3012 3976 3225 4033 reapse
3251 3959 3576 4016 exsisteret.

1927 4050 2339 4107 Euchaitensis
2368 4050 2516 4108 dixit
2540 4069 2554 4106 :
2598 4051 2704 4106 Aio
2735 4051 2816 4105 sic
2862 4050 3131 4108 locutum
3160 4049 3337 4106 fuisse
3364 4064 3576 4105 secun-

1927 4138 2072 4195 dum
2119 4139 2489 4197 causativam
2535 4138 2884 4212 qualitatem
2917 4139 3333 4212 honoremque
3370 4138 3576 4203 Patris,

1927 4235 1982 4284 et
2011 4227 2090 4284 ob
2119 4227 2555 4300 discipulorum
2595 4227 2899 4297 solatium,
2932 4233 2988 4285 et
3025 4233 3269 4302 propter
3308 4232 3578 4285 nostram

1928 4332 2114 4389 quam
2164 4317 2290 4390 ipse
2341 4321 2751 4390 assumpserat
2796 4334 3061 4386 carnem,
3120 4318 3576 4374 communicaris

1927 4423 2100 4480 teque
2130 4423 2200 4464 ac
2231 4423 2345 4464 nos
2384 4408 2548 4464 carni
2590 4412 2647 4465 et
2692 4408 2990 4480 sanguini.
3036 4407 3449 4465 Amastrianus
3493 4406 3579 4464 di-

1925 4499 2010 4555 xit
2035 4515 2047 4552 :
2082 4497 2317 4554 Nullam
2349 4513 2379 4553 e
2409 4497 2580 4554 dictis
2601 4499 2765 4572 apud
2795 4505 3037 4556 sanctos
3071 4498 3377 4556 sententiis
3404 4513 3580 4571 repu-

1926 4587 2046 4658 dio,
2094 4585 2200 4642 sed
2246 4591 2494 4644 cunctas
2540 4588 2913 4661 amplector;
2963 4593 3020 4645 et
3066 4588 3402 4645 secundum
3448 4587 3579 4644 illas

1925 4675 2204 4732 existimo
2244 4675 2459 4732 dixisse
2499 4677 2821 4733 Dominum
2859 4681 3133 4735 nostrum
3173 4678 3374 4733 Jesum
3412 4676 3579 4731 Chri-

1925 4768 2080 4821 tum:
2114 4766 2302 4822 Pater
2320 4780 2481 4822 meus
2502 4768 2701 4837 major
2720 4773 2923 4839 meast,
2940 4770 2998 4822 et
3012 4765 3346 4824 secundum
3366 4765 3579 4821 huma-

1928 4853 2178 4910 nitatem
2211 4872 2224 4923 ;
2258 4853 2696 4911 humanitatem
2722 4860 2925 4912 autem
2954 4855 3089 4911 dico
3127 4852 3578 4924 demissionem,

1925 4942 2419 5013 exinanitionem,
2476 4944 2980 5012 humiliationem,
3021 4948 3359 5016 nostraeque
3381 4943 3580 4999 carnis

1929 5038 1986 5088 et
2035 5031 2350 5103 sanguinis
2403 5032 2962 5105 participationem;
3021 5036 3202 5104 atque
3256 5033 3322 5087 ut
3382 5035 3581 5087 censet

1928 5127 2175 5177 sanctus
2195 5121 2582 5190 Athanasius,
2596 5125 2842 5195 propter
2853 5124 3117 5178 creatam
3128 5121 3178 5191 ej
3192 5136 3260 5175 us
3277 5124 3578 5190 naturam,

1928 5227 2064 5285 quae
2093 5211 2413 5268 laborabat
2432 5215 2489 5267 et
2516 5210 2899 5281 fatigabatur,
2930 5210 2990 5266 in
3016 5225 3138 5283 qua
3168 5209 3346 5265 etiam
3365 5224 3582 5281 passus

1931 5304 2042 5357 est.
2071 5302 2389 5358 Thebanus
2419 5301 2567 5358 dixit
2600 5318 2613 5356 :
2658 5301 2954 5366 Quoniam
2998 5299 3207 5356 Filium
3252 5303 3581 5354 creatorem

1933 5394 2360 5464 auctoremque
2389 5406 2587 5448 rerum
2622 5403 2743 5445 una
2770 5405 2905 5446 cum
2929 5391 3095 5446 Patre
3117 5386 3239 5442 scio
3270 5402 3283 5441 :
3311 5400 3453 5441 nam
3478 5397 3584 5458 per
