4126 6272
558 307 665 362 243

1905 313 2171 370 NICETIE
2213 312 2594 377 ΟΗΟΝΙΑΤΑΕ

3829 315 3934 372 264

560 426 765 518 ipsum
791 427 968 484 Pater
1006 428 1142 486 fecit
1165 433 1222 488 et
1252 434 1473 490 saecula
1501 452 1515 506 ;
1556 434 1781 493 idcirco
1818 436 2029 493 Filium
2060 437 2217 493 Patri

2334 443 2439 513 ἔχω
2487 452 2667 497 τοῦτον
2704 453 2775 515 τῷ
2820 447 3008 518 Πατρί.
3062 443 3201 495 Ἐπεὶ
3244 437 3296 493 δ’
3337 436 3471 494 εἶπεν
3521 440 3603 490 ὅτι
3644 438 3702 492 Ὀ
3753 420 3931 497 Ιίαιιηῐιρ

560 517 860 591 aequalem
891 534 1127 578 censeo.
1164 522 1281 580 Sed
1301 525 1595 596 quoniam
1615 526 1766 583 dixit
1795 546 1807 584 :
1849 527 2029 585 Pater
2057 544 2217 586 meus

557 610 761 679 major
787 624 878 666 me
896 613 999 681 est,
1021 612 1525 687 propositumque
1547 616 1737 688 pridie
1768 617 1877 673 fuit
1901 622 1961 673 ut
1994 618 2217 691 disqui-

556 701 787 754 reretur
809 714 1082 771 quanam
1107 700 1222 757 hac
1243 701 1318 759 de
1338 718 1401 758 re
1421 704 1855 761 nonnullorum
1868 713 2216 765 sanctorum

557 802 734 844 mens
779 787 1030 856 fuisset;
1081 805 1296 846 censeo
1343 791 1405 848 id
1448 792 1676 855 dictum
1708 794 1890 851 fuisse
1922 811 1957 851 a
1988 795 2216 851 Christo

558 874 741 931 etiam
784 876 1121 933 secundum
1153 877 1597 938 humanitatem
1638 886 1695 939 et
1737 882 2216 941 humiliationem

555 963 896 1037 miramque
908 965 1336 1023 demissionem
1350 968 1426 1025 ad
1437 969 1773 1028 humanam
1787 987 1971 1044 quam
1989 988 2216 1027 assum-

558 1054 678 1127 psit
704 1059 1010 1126 naturam,
1040 1056 1099 1112 in
1131 1072 1254 1129 qua
1280 1074 1404 1114 non
1428 1075 1602 1116 secus
1622 1065 1802 1134 atque
1830 1077 1942 1117 nos
1971 1061 2138 1117 carni
2161 1066 2218 1118 et

558 1144 845 1212 sanguini
884 1146 1281 1218 participavit.
1333 1148 1630 1204 Serrensis
1678 1150 1871 1206 dixit:
1920 1150 2216 1216 Quoniam

557 1232 973 1302 evangelicum
990 1234 1103 1289 hoc
1126 1234 1351 1292 dictum
1373 1253 1386 1291 :
1410 1239 1591 1295 Pater
1605 1254 1767 1295 meus
1783 1242 1984 1309 major
1999 1255 2089 1295 me
2110 1244 2214 1309 est,

557 1322 749 1377 sancti
774 1324 973 1379 Patres
1005 1323 1104 1379 alii
1135 1324 1306 1380 aliter
1335 1325 1702 1399 interpretati
1744 1334 1884 1384 sunt
1915 1346 1927 1397 ;
1968 1334 2027 1384 et
2064 1345 2214 1403 quo-

555 1411 723 1467 niam
749 1411 969 1468 horum
997 1413 1271 1470 nonnulli
1301 1416 1478 1472 etiam
1514 1417 1848 1473 secundum
1876 1418 2216 1477 humanita-

554 1503 680 1557 tem
711 1501 829 1557 hoc
856 1501 1041 1558 fuisse
1073 1502 1376 1575 prolatum
1407 1504 1808 1572 afﬁrmarunt,
1838 1507 2061 1580 recipio
2093 1524 2217 1564 am-

554 1589 904 1663 plectorque
934 1597 1183 1649 cunctas
1216 1600 1566 1651 sanctorum
1586 1597 1830 1653 Patrum
1861 1598 2211 1670 locutiones,

554 1694 804 1751 unaque
833 1681 991 1737 hanc
1019 1697 1158 1754 quae
1188 1682 1416 1743 dictum
1445 1684 1622 1742 refert
1648 1685 1727 1741 ad
1753 1686 2214 1744 humanitatem.

2326 549 2425 602 μου
2482 536 2820 605 μείζο›ν,μού
2867 533 2998 598 ἐστι,
3058 535 3148 583 καὶ
3218 528 3457 585 ἐτυπώθη
3522 536 3583 600 τῇ
3644 532 3931 601 προτεραίᾳ

2325 620 2766 683 κατιξετασθῆναι
2822 631 2930 684 πῶς
2983 640 3118 682 τινες
3181 628 3280 671 τῶν
3341 618 3502 690 ἁγίων
3568 619 3878 690 προσέθεντο
3914 634 3925 645 ·

2325 714 2414 761 καὶ
2465 715 2601 763 κατὰ
2656 716 2715 764 τό
2764 710 3083 785 ἀνθρώπινον
3131 718 3228 761 νοῶ
3278 714 3431 760 τοῦτο
3498 706 3740 780 εἰρῆσθαι
3804 706 3926 780 παρ’

2325 799 2483 852 αὐτοῦ
2528 796 2621 852 διὰ
2685 806 2777 859 τὴν
2836 806 3146 855 ταπείνωσιν
3199 802 3289 851 καὶ
3347 801 3441 854 τὴν
3497 797 3661 868 ἄκραν
3720 815 3925 867 συγκα-

2322 887 2542 940 τάϐασιν
2597 894 2725 963 πρὸς
2772 895 2863 949 τὴν
2919 892 3072 962 φύσιν
3114 908 3205 946 την
3257 886 3580 962 ἀνθρωπίνην
3632 884 3690 951 ἢν
3738 904 3902 960 προσ-ε

2324 976 2524 1046 λάϐετο,
2584 980 2699 1033 καθ’
2754 979 2813 1037 ἣν
2861 978 3244 1053 παραπλησίως
3295 978 3419 1048 ἡμῖν
3471 977 3665 1049 σαρκός
3708 978 3798 1026 καὶ
3847 975 3923 1027 αἶο

2324 1086 2487 1137 ματος
2537 1075 2920 1127 κεκοινώνηκεν.
2972 1067 3030 1119 Ὀ
3079 1065 3273 1140 Σεῤῥών
3328 1066 3460 1118 εἶπεν
3515 1066 3593 1115 ὅτι
3646 1068 3714 1115 Τὸ
3776 1063 3927 1135 εὐαί-

2323 1155 2524 1227 γελικόν
2577 1165 2728 1209 τοῦτο
2774 1159 2931 1232 ῥητόν
2974 1160 3052 1227 τὸ,
3105 1155 3163 1208 Ὀ
3215 1160 3390 1228 Πατήρ
3445 1173 3545 1225 μου
3590 1156 3779 1225 μείζων
3827 1156 3928 1225 μού

2324 1242 2455 1311 ἐστι,
2528 1242 2774 1320 διάφοροι
2835 1254 2934 1297 τῶν
3001 1245 3162 1316 ἁγίων
3221 1247 3459 1317 Πατέρων
3530 1238 3790 1315 διαφόρως
3839 1244 3932 1292 εύ-

2322 1338 2584 1406 ρηκασιν·
2634 1333 2742 1387 ἐπεὶ
2796 1331 2854 1387 δὲ
2901 1353 3029 1394 τινες
3085 1335 3276 1385 τούτων
3320 1336 3409 1383 καὶ
3453 1333 3590 1382 κατὰ
3632 1333 3687 1381 τὸ
3739 1329 3935 1403 ἀνθρω-

2322 1441 2467 1473 πινον
2527 1420 2667 1475 εἷπον
2725 1423 2990 1495 εἰρῆσθαι,
3058 1418 3392 1493 ἀποδέχομαι
3451 1423 3541 1491 μὲν
3604 1424 3690 1471 xui
3756 1418 3932 1471 ἀσπά-

2325 1510 2486 1583 ζομαι
2558 1515 2734 1575 πάσας
2815 1515 2908 1574 τὰς
2982 1520 3081 1564 τῶν
3159 1511 3320 1583 ἁγίων
3419 1513 3653 1584 [Ιατέρων
3737 1512 3929 1581 φωνὰς,

2326 1598 2455 1653 ἁλλὰ
2513 1598 2579 1659 δὴ
2637 1606 2727 1653 xui
2772 1605 2967 1659 τκύτην
3024 1605 3118 1659 τὴν
3176 1601 3313 1652 κατὰ
3364 1601 3421 1651 τὸ
3481 1597 3796 1671 ἀνθρώπινον
3852 1597 3934 1649 λέ-

2323 1709 2547 1762 γουσαν.
2631 1689 2976 1765 Ἀνθρώπινον
3062 1687 3122 1742 δὲ
3189 1692 3317 1760 λέγω
3388 1692 3480 1746 τὴν
3548 1687 3598 1740 ἐν
3650 1687 3788 1757 αύτῲ
3858 1694 3934 1756 τῷ

557 1765 755 1837 Porro
783 1769 1227 1827 humanitatem
1274 1771 1541 1844 intelligo
1578 1779 1845 1837 creatam
1888 1776 1950 1833 in
1984 1776 2215 1832 Christo

2334 1787 2537 1852 Χριστῷ
2586 1784 2805 1838 κτίστην
2860 1782 3035 1851 φύσιν,
3091 1779 3207 1831 καθ’
3262 1777 3321 1837 ἢν
3365 1776 3749 1849 παραπλησίως
3803 1778 3934 1848 ἡμῖν

557 1860 865 1932 naturam,
900 1860 967 1916 in
1013 1876 1137 1934 qua
1186 1877 1358 1935 asque
1400 1879 1472 1919 ac
1508 1879 1620 1921 nos
1650 1865 1818 1923 carni
1847 1870 1904 1922 et
1932 1865 2217 1935 sanguini

560 1948 1055 2007 communicavit.
2186 2014 2191 2019 ,

633 2042 684 2092 7.
735 2038 1010 2095 Enensis
1062 2039 1255 2098 dixit:
1297 2041 1533 2098 Domini
1580 2046 1639 2100 et
1676 2044 1777 2099 Dei
1808 2046 1865 2100 et
1891 2044 2218 2101 Servatoris

559 2128 753 2187 nostri
780 2130 919 2184 Jesu
944 2129 1155 2187 Christi
1195 2146 1530 2197 sermones,
1564 2131 1750 2188 modo
1779 2133 2220 2189 humanitatem

560 2221 855 2292 spectant,
904 2220 1090 2275 modo
1141 2221 1496 2278 sententiam
1535 2222 1614 2278 ad
1658 2221 2030 2278 divinitatem
2078 2221 2220 2277 diri-

561 2313 732 2380 gunt.
766 2311 913 2367 Cum
943 2309 1125 2379 igitur
1152 2311 1590 2368 humanitatem
1627 2311 2049 2385 respiciebant,
2082 2317 2222 2368 tunc

566 2402 841 2457 Servator
887 2400 1184 2469 majorem
1231 2404 1464 2457 Patrem
1505 2393 1921 2467 conﬁtebatur,
1972 2407 2037 2457 ut
2074 2417 2220 2456 verse

563 2489 993 2545 incarnationis
1017 2489 1205 2545 ﬁdem
1219 2489 1459 2547 faceret.
1485 2493 1606 2547 Hoc
1624 2495 1827 2547 autem
1847 2492 1933 2547 sic
1962 2491 2221 2563 affirmo,

565 2581 635 2635 ut
686 2580 930 2633 caeteras
977 2593 1102 2633 non
1144 2593 1430 2651 respuam
1481 2584 1832 2636 sanctorum
1880 2580 2218 2652 opiniones.

568 2664 916 2722 Dristrensis
964 2666 1159 2738 primo
1206 2667 1455 2738 quidem
1493 2667 1722 2724 dixerat
1770 2684 1832 2724 se
1872 2684 2010 2724 cum
2051 2669 2224 2724 Athe-

568 2753 763 2811 niensi
783 2754 1163 2827 metropolita
1191 2756 1526 2813 consentire
1554 2774 1566 2811 :
1598 2756 1816 2813 deinde
1835 2757 2040 2814 audita
2061 2773 2122 2813 re
2134 2773 2226 2814 ve-

568 2843 919 2901 rendissimi
949 2848 1005 2901 et
1031 2844 1240 2914 magni
1262 2846 1560 2902 oeconomi
1593 2847 1904 2915 sententia,
1937 2850 2021 2905 ait
2051 2863 2116 2903 se
2147 2847 2225 2902 ab

570 2934 949 2993 Atheniensis
978 2940 1179 2992 mente
1203 2934 1532 3003 discedere,
1556 2942 1736 3009 atque
1766 2936 1841 2992 ad
1862 2937 2230 2993 reverendis—

573 3024 711 3081 simi
742 3026 1099 3083 sententiam
1131 3023 1416 3081 accedere
1459 3041 1716 3099 eamque
1762 3026 1956 3098 sequi.
2008 3029 2229 3098 Corcy-

2329 1872 2522 1943 σαρκὸς
2551 1875 2641 1922 καὶ
2666 1872 2890 1941 αἳματος
2913 1874 3296 1926 κεκοινώνηκεν.

2400 2045 2466 2109 ξ’.
2504 2047 2561 2099 Ὀ
2612 2050 2766 2100 Αἴνου
2805 2041 2939 2099 εἶπεν
2971 2064 2983 2077 ’
3027 2048 3092 2098 Οἱ
3130 2052 3219 2099 τοῦ
3266 2048 3460 2117 Κυρίου
3514 2048 3603 2097 καὶ
3655 2050 3789 2096 Θεοῦ
3840 2046 3942 2095 καὶ

2329 2144 2561 2210 Σωτῆρος
2646 2138 2789 2207 ἡμῶν
2874 2136 3050 2194 Ἰησοῦ
3134 2140 3356 2207 Χριοτοϋ
3430 2133 3575 2205 λόγοι
3642 2135 3765 2184 ποτε
3839 2136 3941 2205 μὲν

2328 2230 2459 2298 πρὸς
2520 2228 2578 2277 τό
2638 2223 2955 2299 ἀνθρώπινον
3020 2223 3278 2296 ἀφεώρων,
3344 2225 3467 2275 ποτε
3533 2218 3591 2275 δὲ
3672 2225 3798 2295 πρὸς
3881 2225 3943 2275 τὸ

2333 2317 2464 2369 θεῖον
2511 2314 2898 2388 ἐχειραγώγουν
2941 2317 3030 2372 τὴν
3081 2310 3336 2367 διάνοιαν.
3384 2311 3506 2363 Ὀτε
3538 2318 3663 2381 γοῦν
3706 2314 3832 2384 πρὸς
3881 2314 3944 2362 τό

2332 2402 2653 2478 ἀνθρώπινον
2731 2400 3069 2472 ἁπετείνοντο,
3142 2406 3257 2454 τότε
3333 2402 3358 2452 ὁ
3432 2405 3611 2471 Σωτὴρ
3683 2399 3948 2471 ὡμολόγει

2334 2496 2420 2544 τόν
2474 2496 2681 2564 Πατέρα
2731 2492 2947 2563 μείζονα
3003 2492 3208 2558 ἑαυτοῦ,
3259 2492 3604 2561 πιστούμενος
3658 2493 3751 2546 την
3800 2488 3949 2541 οἰκο-

2331 2586 2541 2652 νομίαν.
2588 2584 2738 2651 Λέγω
2791 2576 2849 2632 δὲ
2894 2587 3046 2632 τοῦτο
3085 2581 3216 2651 μετὰ
3256 2586 3356 2631 τῶν
3407 2577 3568 2630 ἄλλων
3612 2577 3678 2628 ὧν
3712 2579 3761 2628 οἰ
3796 2577 3952 2649 ἅγιοι

2333 2669 2590 2741 λέγουσιν.
2643 2668 2700 2721 Ὀ
2747 2675 3005 2742 Δρίστρας
3062 2677 3243 2741 πρῶτα
3302 2671 3391 2740 μὲν
3450 2665 3583 2719 εἶπεν
3642 2667 3951 2740 ὁμοφρόνως

2335 2766 2533 2831 φρονεῖν
2587 2766 2656 2828 τῷ
2718 2757 3076 2832 μητροπολίτη
3147 2757 3376 2814 Ἀθηνῶν
3411 2776 3424 2788 ·
3494 2755 3601 2808 ἐπεὶ
3665 2751 3723 2806 δὲ
3788 2755 3951 2809 ὔστε-

2333 2866 2421 2920 ρον
2490 2848 2789 2920 ὴκροάσατο
2847 2855 2943 2907 τῆς
2984 2852 3195 2918 γνώμης
3247 2852 3338 2896 τοῦ
3396 2846 3681 2919 ύπερτίμου
3723 2850 3811 2896 καὶ
3852 2864 3949 2917 με·

2332 2936 2494 3007 γαλου
2540 2937 2831 3008 οἰκονόμου,
2891 2934 3191 3008 μεταϐαλὼν
3240 2931 3393 3001 εἶπεν,
3456 2932 3779 3006 ἀφίστασθαι
3846 2937 3945 3006 μὲν

2334 3033 2429 3087 τῆς
2481 3033 2572 3077 τοῦ
2622 3025 2848 3082 Ἀθηνῶν
2908 3030 3139 3096 γνώμης,
3187 3024 3561 3097 προστίθεσθαι
3614 3018 3672 3075 δὲ
3724 3029 3787 3087 τῇ
3847 3028 3947 3074 τοῦ

568 3113 762 3171 rensis
796 3113 945 3170 dixit
971 3132 987 3169 :
1022 3114 1438 3186 Comperimus
1463 3113 1525 3171 in
1552 3115 1878 3186 evangeliis
1907 3131 1943 3171 a
1975 3114 2224 3175 Domino

2338 3116 2621 3188 ύπερτίμου
2669 3121 2871 3185 γνώμη,
2916 3118 3007 3165 καὶ
3061 3116 3225 3185 ταύτῃ
3273 3119 3527 3182 στοιχεῖν.
3558 3110 3616 3163 Ὁ
3666 3114 3947 3185 Κερκύρων

570 3205 806 3260 Patrem
825 3204 1121 3274 majorem
1145 3202 1359 3272 dici,et
1381 3203 1568 3259 Deum
1594 3219 1839 3277 quoque
1870 3220 2068 3267 suum,
2089 3220 2227 3260 cum

574 3291 690 3350 ait:
717 3297 895 3348 Deum
915 3308 1109 3349 meum
1139 3299 1193 3350 et
1213 3296 1403 3351 Deum
1434 3300 1694 3350 vestrum
1719 3296 1789 3349 “.
1818 3294 2106 3351 Existimo
2129 3310 2230 3350 au-

572 3385 699 3438 tem
719 3380 1030 3454 utriusque
1056 3382 1335 3443 dictionis
1355 3398 1565 3455 parem
1591 3399 1727 3439 esse
1755 3384 1901 3440 vim.
1934 3383 2232 3450 Quoniam

574 3483 716 3526 vero
773 3470 1204 3540 Damascenus,
1253 3470 1356 3540 ait,
1405 3470 1758 3528 humanitus
1797 3487 1935 3528 cum
1988 3470 2236 3528 mentali

578 3557 957 3613 distinctione
1007 3560 1193 3614 Deum
1240 3574 1415 3615 suum
1457 3559 1686 3615 dictum
1725 3576 1858 3617 esse
1908 3560 2143 3616 Patrem
2199 3576 2235 3616 a

576 3645 834 3703 Domino
859 3664 873 3716 ;
894 3646 1107 3703 eadem
1137 3646 1371 3703 ratione
1403 3663 1643 3718 censeo,
1670 3652 1961 3719 majorem
1991 3665 2236 3722 quoque

581 3734 951 3809 appellatum
993 3736 1197 3792 fuisse.
1247 3737 1316 3791 Et
1358 3736 1538 3793 simul
1585 3738 1809 3811 recipio
1845 3745 2092 3794 cunctas
2121 3739 2235 3795 hac

578 3841 761 3899 super
783 3841 847 3885 re
877 3829 1222 3882 sanctorum
1248 3826 1494 3886 Patrum
1518 3826 1867 3898 sententias,
1884 3828 1985 3901 qui
2008 3828 2233 3882 dictum

577 3916 642 3973 id
678 3915 859 3973 etiam
902 3914 979 3971 ad
1016 3915 1458 3972 humanitatem
1511 3914 1858 3974 retulerunt.
1909 3917 2237 3989 Abydenus

576 4004 761 4062 dixit:
814 4008 935 4077 Ego
984 4005 1142 4063 hanc
1182 4005 1417 4062 Domini
1455 4004 1781 4060 dictionem
1815 4005 2011 4061 sciens
2038 4022 2073 4062 a
2102 4021 2237 4060 san-

580 4095 685 4150 ctis
715 4094 992 4150 Patribus
1021 4099 1077 4149 et
1114 4094 1385 4151 Ecclesiae
1415 4093 1764 4151 doctoribus
1792 4095 1955 4151 varie
1981 4094 2235 4167 explica-

580 4186 726 4251 tam,
757 4181 854 4238 aio
883 4184 968 4237 sic
997 4182 1220 4238 dixisse
1250 4182 1550 4239 Christum
1590 4183 1768 4239 etiam
1810 4189 1870 4239 ut
1900 4183 2230 4249 hominem,

578 4275 880 4343 quatenus
921 4286 1092 4343 {eque
1131 4287 1200 4327 ac
1229 4286 1340 4326 nos
1371 4271 1536 4329 carni
1567 4276 1622 4329 et
1652 4272 1932 4343 sanguini
1964 4288 2234 4327 commu-

578 4357 820 4416 nicavit.
858 4359 1087 4437 Sequor
1117 4364 1316 4415 autem
1349 4360 1741 4435 Heracliensis
1779 4376 2021 4433 quoque
2059 4366 2117 4416 et
2145 4359 2233 4415 Ni-

579 4447 981 4503 comediensis
1046 4449 1422 4505 sententiam.
1488 4450 1923 4522 Methymnaeus
1981 4449 2231 4517 dixerat,

580 4536 750 4607 sequi
775 4551 837 4591 se
867 4536 1252 4609 Corcyrensis
1292 4539 1649 4595 sententiam
1681 4556 1695 4594 ε
1746 4544 1959 4610 postea
2008 4544 2230 4605 tamen,

577 4624 795 4680 auditis
829 4626 1309 4698 patriarcharum
1345 4628 1605 4700 judiciis,
1642 4632 1872 4684 mutata
1912 4633 2110 4685 mente
2151 4628 2233 4682 ait

575 4730 640 4772 se
672 4715 978 4775 discedere
1025 4734 1062 4775 a
1112 4719 1490 4792 Corcyrensis
1533 4718 1845 4783 sententia,
1890 4723 2068 4791 atque
2115 4717 2229 4774 illis

576 4807 1092 4864 sanctissimorum
1120 4809 1601 4881 patriarcharum
1628 4808 1954 4865 adhaerere.

575 4902 754 4969 γνώμῃ
816 4918 828 4931 ο

2305 3222 2311 3228 ’
2341 3200 2473 3256 εἶπεν
2516 3223 2528 3235 ·

2599 3204 2913 3275 Εὐρίσκεται
2979 3200 3027 3253 ἐν
3092 3208 3201 3262 τοῖς
3262 3200 3590 3273 Εὐαγγελίοις
3654 3201 3681 3252 ό
3750 3203 3951 3275 Κύριος

2339 3296 2429 3344 καὶ
2519 3294 2733 3363 μείζονα
2835 3290 3021 3342 ἑαυτοῦ
3121 3293 3205 3340 τὸν
3281 3293 3488 3364 Πατέρα
3584 3288 3762 3362 λέγων,

2342 3383 2470 3434 Θεὸν
2528 3379 2688 3431 αὐτοῦ
2737 3378 2787 3431 ἐν
2846 3386 2917 3447 τῷ
2970 3376 3133 3449 λέγειν
3199 3381 3290 3431 xui
3345 3383 3474 3431 Θεόν
3525 3396 3625 3450 μου
3663 3382 3754 3429 καὶ
3813 3381 3957 3430 Θεὸν

2341 3470 2503 3541 ὑμῶν.
2544 3467 2801 3540 Ἠγόύμαι
2839 3462 2896 3519 δε
2934 3465 3198 3540 ἀμφότερα
3239 3469 3307 3519 τὰ
3364 3465 3593 3539 ὀνόματα
3642 3461 3959 3539 ἱσοδύναμα

2835 3290 3021 3342 ἑαυτοῦ
3121 3293 3205 3340 τὸν
3281 3293 3488 3342 Πατέρα
3584 3290 3762 3342 λέγων.
3854 3293 3955 3340 καὶ

2343 3555 2507 3610 εἶναι’
2562 3557 2669 3609 ἐπεὶ
2719 3563 2843 3627 γοῦν
2894 3575 3051 3628 φησιν
3105 3558 3129 3607 ὁ
3187 3558 3532 3628 Δαμασκηνὸς
3578 3553 3964 3631 ἀνθρωποπρε-

2342 3656 2447 3711 πῶς
2513 3644 2607 3699 διὰ
2661 3651 2755 3706 τὴν
2813 3646 2926 3699 κατ’
2991 3645 3219 3699 ἐπίνοιαν
3273 3642 3532 3721 διαίρεσιν
3591 3648 3717 3699 Θεὸν
3783 3646 3963 3698 αὐτοῦ

3134 3738 3220 3787 τόν
3299 3736 3484 3807 Κύριον
3566 3753 3698 3806 φημι
3757 3751 3769 3763 ·

2343 3827 2557 3900 μείζονα
2625 3826 2808 3878 ἑαυτοῦ
2871 3826 3035 3887 οὕτως
3087 3823 3276 3887 ἐξεῖπεν
3310 3841 3323 3853 ο

2344 3738 2601 3811 εἰρηκέναι
2664 3740 2748 3788 τὸν
2820 3738 3047 3809 Πατέρα,
3134 3738 3220 3787 τόν
3299 3738 3484 3807 Κύριον
3566 3753 3698 3806 φημι
3757 3751 3769 3763 ·
3860 3740 3966 3787 καὶ

3393 3821 3785 3896 ἀποδεχόμενος
3861 3829 3967 3876 καὶ

2342 3917 2518 3977 πάσας
2568 3917 2657 3975 τὰς
2701 3920 2819 3987 περὶ
2868 3917 3064 3968 τούτων
3107 3922 3206 3966 τῶν
3264 3913 3421 3985 ἁγίων
3471 3917 3711 3987 Πατέρων
3778 3916 3967 3985 φωνὰς

2342 4012 2441 4056 τῶν
2494 4008 2584 4055 καὶ
2640 4005 2775 4055 κατά
2823 4006 2880 4055 τὸ
2931 4000 3246 4076 ἀνθρώπινον
3292 4001 3533 4075 εἰρῆσθαι
3580 4009 3730 4054 τοῦτο
3772 4000 3975 4073 λεγόν-

2339 4112 2457 4147 των.
2489 4091 2546 4144 Ὀ
2594 4088 2819 4145 Ἀϐύδου
2867 4088 3003 4144 εἶπεν
3032 4112 3044 4124 ·
3096 4091 3245 4164 Ἐγὼ,
3287 4095 3380 4150 τὴν
3437 4098 3529 4143 τοῦ
3576 4094 3773 4164 Κυρίου
3825 4094 3974 4143 ταύ-

2342 4201 2435 4239 την
2484 4184 2652 4254 φωνὴν
2699 4185 2792 4239 τὴν
2839 4180 3101 4253 λέγουσιν,
3160 4181 3240 4232 ὅτι
3278 4177 3335 4231 Ὀ
3381 4184 3563 4253 Πατήρ
3607 4198 3705 4251 μου
3749 4180 3976 4250 μείζων

2341 4273 2443 4343 μού
2482 4267 2642 4339 ἐστιν,
2694 4266 2844 4330 εἰδὼς
2873 4272 2987 4332 τούς
3039 4268 3221 4340 ἁγίους
3266 4272 3502 4343 Πατέρας
3549 4272 3637 4320 καὶ
3679 4263 3977 4321 διδασκά-

2340 4357 2454 4421 λους
2519 4368 2613 4420 τῆς
2693 4357 3003 4419 Ἐκκλησίας
3074 4360 3207 4410 κατὰ
3268 4357 3554 4433 διαφόρους
3618 4355 3984 4431 ἐξηγησαμέ-

2339 4468 2458 4510 νους
2512 4447 2773 4517 ἐπιϐολὰς,
2818 4448 2950 4519 λέγω
3015 4447 3272 4520 εἰρηκέναι
3339 4450 3425 4498 τὸν
3484 4450 3672 4519 Κύριον
3729 4452 3833 4499 καὶ
3904 4452 3984 4508 ὡς

2340 4539 2625 4610 ἄνθρωπον.
2686 4537 2805 4590 καθ’
2856 4536 2881 4588 ὃ
2950 4536 3328 4609 παραπλησίως
3390 4537 3514 4607 ἡμῖν
3592 4538 3794 4610 σαρκός
3873 4543 3985 4591 καὶ

2341 4628 2561 4700 αἵματος
2629 4631 2964 4684 κεκοινώνηκε
3010 4647 3023 4658 ·
3098 4632 3297 4697 στοιχῶ
3373 4621 3432 4677 δὲ
3496 4628 3583 4676 καὶ
3647 4632 3708 4696 τῇ
3760 4634 3979 4701 γνώμῃ

2338 4725 2429 4769 τοῦ
2493 4734 2546 4768 τε
2642 4714 2940 4788 Ἡρακλείας
3036 4718 3125 4767 καὶ
3222 4722 3315 4766 τοῦ
3407 4709 3791 4785 Νικομηδείας,
3912 4715 3983 4770 ‘0

2338 4807 2630 4878 Μηθύμνης
2699 4801 2806 4857 εἶπε
2884 4807 2973 4877 μὲν
3051 4810 3287 4876 στοιχεῖν
3354 4810 3417 4876 τῇ
3490 4811 3580 4855 τοῦ
3669 4808 3987 4880 Κερκύρων

906 4898 1291 4972 ἀκροασάμενος
1363 4894 1422 4950 δὲ
1494 4899 1626 4971 μετὰ
1707 4905 1876 4949 ταῦτα
1940 4904 2040 4948 τῶν
2105 4903 2508 4971 πατριαρχικῶν
2581 4903 2819 4967 γνωμῶν,
2886 4891 3188 4966 μεταϐαλὼν
3255 4888 3389 4945 εἶπεν
3457 4890 3785 4964 ἀφίστασθαι
3877 4896 3988 4968 μὲν

573 4991 670 5044 τῆς
694 4993 785 5038 τοῦ
827 4990 1100 5061 Κερκύρων
1122 4991 1302 5058 γνώμη
1315 5006 1354 5052 ς,
1388 4992 1620 5057 στοιχεῖν
1645 4981 1679 5039 δ
1682 4989 1703 5036 ὲ
1728 4992 1839 5046 ταῖς
1868 4994 1966 5038 τῶν
1992 4985 2295 5056 ἁγιωτάτων
2324 4991 2692 5059 πατριαρχῶν.

644 5076 696 5128 8.
739 5076 1232 5131 Lacedaemonius
1256 5075 1443 5131 dixit:
1473 5073 1804 5131 Verborum
1834 5075 2021 5132 Pater
2064 5091 2226 5132 naeus

569 5163 770 5233 major
798 5180 888 5219 me
907 5170 989 5219 est
1020 5164 1537 5235 interpretationes
1568 5165 1664 5220 SS.
1690 5166 1929 5220 Patrum
1964 5162 2230 5234 Gregorii

569 5249 856 5320 theologi,
906 5252 1101 5308 Basilii
1149 5251 1362 5322 Magni,
1409 5256 1467 5309 et
1522 5252 1932 5325 Chrysostomi
1979 5268 2229 5310 veneror

569 5339 914 5412 recipioque
947 5359 960 5396 :
1006 5341 1097 5397 aio
1130 5340 1377 5413 insuper
1401 5357 1642 5397 carnem
1671 5342 1903 5398 ratione
1934 5346 1992 5399 et
2019 5343 2228 5401 anima

567 5428 884 5502 praeditam
909 5434 1251 5504 susceptam
1264 5445 1301 5487 a
1314 5429 1569 5488 Domino
1579 5434 1800 5489 nostrae
1817 5431 2022 5490 salutis
2041 5448 2228 5490 causa

640 5623 686 5662 3‘
724 5627 892 5683 Joan.
927 5641 1018 5683 xx.
1056 5631 1136 5683 17.

2406 5074 2471 5132 η’.
2523 5081 2581 5127 Ὀ
2633 5069 3057 5145 Λακεδαιμονίας
3110 5068 3247 5125 εἶπεν
3305 5073 3387 5124 ὅτι
3440 5074 3542 5133 Τὰς
3578 5074 3698 5145 πέρὶ
3744 5080 3859 5125 τοῦ
3922 5074 3997 5130 '0

2342 5169 2523 5238 Πατήρ
2603 5183 2703 5236 μου
2778 5165 2969 5236 μείζων
3062 5164 3161 5236 μού
3248 5160 3389 5214 ἐστιν
3484 5161 3751 5235 ἑρμηνείας
3868 5176 3996 5220 τῶν

2340 5252 2499 5324 ἁγίων
2555 5256 2817 5328 Πατέρων,
2885 5255 3048 5324 ἤγουν
3123 5256 3414 5327 Γρηγορίου
3488 5256 3581 5303 τοῦ
3662 5248 3992 5325 Θεολόγου,

2341 5342 2612 5395 Βασίλειον
2698 5349 2789 5394 τοῦ
2866 5339 3116 5414 μεγάλου,
3198 5344 3289 5393 καὶ
3362 5347 3455 5393 τοῦ
3533 5346 4000 5418 Χρυσοπόμου,

2335 5439 2614 5508 προσκυνῶ
2660 5436 2752 5485 καὶ
2801 5427 3143 5506 ἀποδέχομαι
3175 5451 3188 5463 ·
3238 5429 3369 5506 λέγω
3429 5424 3488 5483 δὲ
3540 5428 3713 5502 σάρκα
3780 5432 4004 5489 ἔννουν
