4126 6272
219 314 291 374 ibi

1537 303 1886 364 THESAUBI
1924 305 2059 364 LIB.
2109 306 2240 362 XXV

3438 306 3544 360 246

228 442 293 490 καὶ
332 435 552 507 ιμιξιυχον
609 432 948 505 ἀνειληφέναι
994 435 1080 486 τὸν
1136 435 1323 507 Κύρων
1375 429 1468 486 διὰ
1509 436 1602 490 τὴν
1663 433 1785 502 ἡμε-

1918 429 2086 485 ‘uisse
2110 437 2122 486 ξ
2156 435 2212 486 et
2238 433 2482 504 propter
2496 431 2677 499 hanc,
2703 428 2931 486 dictum
2963 426 3042 485 ab
3063 442 3134 484 eo
3156 425 3394 484 Patrem
3419 443 3549 484 ma-

226 531 335 593 τέραν
382 527 654 597 σωτῃρίαυ
717 540 732 552 °
787 528 882 575 καὶ
940 524 1070 576 κατὰ
1123 525 1316 580 ταύτην
1376 521 1538 593 λέγειν
1607 521 1791 572 ἑαυτοῦ

223 615 393 686 μείζονα
435 617 523 664 τὸν
592 616 830 684 Πατέρα.
898 610 956 662 Ὀ
1013 611 1350 684 Μεσημϐρίας
1407 607 1514 664 εἶπε
1565 618 1628 680 τῇ
1699 614 1791 660 τοῦ

219 703 477 774 Ἡρακλείας
548 707 731 773 φνώμῃ
803 708 1056 772 στοιχεῖν.
1119 705 1176 752 Ὀ
1233 700 1465 759 Μιλήτου
1533 697 1641 751 εἷπε
1699 699 1789 763 Τὸ,

215 800 258 844 Ὀ
301 797 474 863 Πατήρ
535 811 633 861 μου
690 790 886 861 μείζων
952 792 1050 860 μού
1106 788 1267 859 ἐστιν,
1317 790 1456 842 οὕτω
1519 796 1620 840 νοῶ
1702 790 1794 838 καὶ

213 886 324 934 κατὰ
363 885 418 931 τὸ
476 879 528 932 ἐν
581 888 655 949 τῷ
704 887 927 951 Χριστῷ
975 877 1288 952 ἀνθρώπινον
1357 876 1792 949 ἐκλαμϐάνεσθαι,

212 971 258 1023 οὐ
310 972 444 1021 κατὰ
488 965 669 1030 δοξαν,
726 967 788 1020 οὐ
829 970 966 1020 κατὰ
1023 973 1193 1038 τιμὴν,
1258 967 1316 1020 οὐ
1357 969 1493 1021 κατὰ
1523 965 1693 1033 ἀξίαν,
1737 963 1794 1016 οὐ

213 1063 332 1112 κατα
376 1054 618 1129 δύναμιν,
684 1056 743 1109 οὗ
783 1058 922 1108 κατὰ
967 1054 1224 1120 ἐξουσίαν,
1253 1057 1312 1110 οὐ
1353 1059 1490 1108 κατά
1518 1075 1568 1108 τι
1605 1054 1795 1125 ἕτερον,

217 1151 304 1201 ὅσα
354 1156 440 1206 τῆς
491 1148 633 1208 θείας
681 1143 844 1207 δόξης
883 1164 937 1198 τε
996 1151 1084 1198 καὶ
1140 1145 1537 1218 μεγαλειότητος
1598 1165 1610 1176 ·
1670 1141 1799 1194 ἀλλὰ

213 1241 333 1289 κατὰ
405 1241 462 1290 τό
529 1235 576 1288 ἐν
659 1234 801 1304 αὐτῷ
880 1253 1113 1297 κτιστον,
1181 1236 1310 1288 καθὸ
1375 1240 1463 1286 καὶ
1528 1233 1794 1286 πέπονθεν.

211 1325 334 1381 Ἐπεὶ
400 1321 459 1376 δὲ
505 1329 595 1375 καὶ
643 1331 738 1384 τῆς
780 1328 994 1394 γνώμης
1031 1331 1121 1375 τοῦ
1175 1320 1501 1394 συναὸἳλφου
1549 1340 1649 1393 μου
1707 1325 1799 1372 τοῦ

202 1410 550 1484 Νικομηδείας
631 1413 1002 1484 ἠκροασάμην,
1066 1413 1136 1473 ὡς
1209 1411 1374 1472 καλῶς
1440 1409 1640 1482 ἐχούσῃ
1709 1413 1800 1460 καὶ

202 1522 351 1573 ταυτῃ
435 1504 626 1572 ἕπομαι
674 1503 812 1552 κατὰ
863 1503 1052 1554 πάντα.
1108 1500 1167 1552 Ὀ
1238 1504 1536 1571 Μαρωνείας
1593 1495 1727 1550 εἶπεν
1785 1513 1798 1527 ⁸

204 1592 335 1644 Ἐπεὶ
389 1593 619 1662 εὑρίσκω
681 1593 771 1642 τὸν
837 1593 998 1660 μέγαν
1055 1589 1343 1654 Βασίλειον,
1406 1591 1492 1640 τὸν
1551 1586 1802 1656 Θεολόγον

203 1689 237 1734 Γ
237 1686 505 1754 ρηγοριον,
565 1683 652 1731 τὸν
723 1682 1121 1752 Χρυσόστομον,
1179 1685 1268 1731 καὶ
1325 1682 1412 1730 τὸν
1470 1677 1619 1746 ἅγιον
1673 1677 1803 1730 Ἰσί-

1895 519 2106 590 jorem.
2141 519 2614 576 Mesembriensis
2633 518 2779 575 dixit
2807 533 2871 573 se
2902 517 3293 574 Heracliensis
3319 516 3548 590 judicio

1901 608 2295 665 subscribere.
2328 609 2580 666 Milesius
2606 608 2790 664 dixit:
2825 607 3013 663 Verba
3036 608 3217 664 Pater
3237 623 3401 664 meus
3424 621 3551 663 ma-

1891 699 1994 767 jor
2017 714 2109 754 me
2133 706 2215 755 est
2245 699 2406 754 dicta
2434 697 2697 768 intelligo
2730 696 2911 753 etiam
2951 697 3288 754 secundum
3341 694 3555 754 Christi

1901 787 2337 845 humanitatem
2371 806 2383 843 :
2417 805 2540 845 non
2562 789 2895 844 secundum
2927 787 3204 857 gloriam,
3233 787 3550 851 honorem,

1902 877 2273 949 dignitatem,
2294 879 2594 948 virtutem,
2611 881 2984 950 potestatem,
3001 876 3090 931 vel
3109 876 3276 932 aliud
3295 875 3553 949 quodvis

1904 968 2123 1024 divinm
2176 969 2378 1038 gloriae
2409 973 2467 1025 et
2494 967 2932 1038 magnitudinis
2962 972 3420 1035 ornamentum;
3449 966 3557 1022 sed

1907 1057 2245 1112 secundum
2283 1062 2564 1114 naturam
2603 1058 2732 1128 ejus
2781 1060 3044 1113 creatam
3085 1055 3147 1111 in
3183 1071 3309 1128 qua
3336 1070 3557 1127 passus

1907 1151 2011 1201 est.
2041 1151 2320 1202 Attaman
2351 1153 2680 1220 postquam
2713 1151 2769 1203 et
2796 1145 3114 1203 confratris
3144 1146 3264 1201 mei
3295 1145 3560 1201 Nicome-

1907 1233 2131 1290 diensis
2175 1237 2534 1292 sententiam
2575 1235 2836 1293 intellexi
2873 1239 3031 1292 recte
3090 1249 3153 1291 se
3204 1234 3556 1300 habentem,

1907 1324 2046 1378 huic
2077 1327 2256 1380 etiam
2283 1340 2529 1397 prorsus
2559 1323 2893 1381 subscribo.
2938 1322 3323 1380 Maroniensis
3362 1322 3511 1378 dixit
3542 1338 3556 1378 :

1911 1414 2204 1478 Quoniam
2231 1414 2535 1486 comperio
2562 1429 2857 1484 magnum
2880 1412 3179 1479 Basilium,
3215 1411 3563 1480 theologum

1912 1504 2277 1574 Gregorium,
2315 1505 2834 1576 Chrysostomnm:
2868 1507 2925 1558 et
2955 1506 3234 1558 sanctum
3264 1501 3564 1557 lsidorum

1910 1591 2179 1646 retulisse
2218 1593 2404 1648 verba
2456 1593 2575 1660 illa,
2623 1592 2806 1648 alium
2848 1591 3096 1663 quidem
3136 1590 3216 1648 ad
3242 1590 3560 1655 honorem,

1913 1679 2096 1736 alium
2125 1681 2203 1736 ad
2227 1683 2576 1754 qualitatem
2614 1683 3006 1745 causativam,
3041 1681 3228 1736 alium
3257 1679 3337 1736 ad
3374 1677 3562 1736 disci-

201 1767 364 1842 δωρον
401 1769 667 1838 λέγοντας,
720 1771 807 1819 τὸν
845 1771 935 1840 μὲν
981 1764 1075 1820 διὰ
1115 1773 1294 1840 τιμὴν,
1346 1770 1433 1818 τὸν
1473 1763 1533 1819 δὴ
1582 1767 1718 1820 κατὰ
1746 1767 1803 1817 τὸ

1918 1768 2191 1840 pulorum
2239 1770 2542 1842 solatium,
2604 1771 2830 1843 recipio
2869 1770 2984 1826 hos
3029 1774 3210 1841 atque
3253 1766 3558 1840 approbo.

199 1864 376 1923 ait-tow,
420 1861 509 1910 τὸν
555 1853 614 1910 δὲ
659 1853 754 1909 διὰ
799 1858 1135 1930 παραμυθίαν
1195 1865 1294 1907 τῶν
1349 1857 1614 1928 μαθητῶν,
1651 1851 1805 1924 δίχο-

197 1968 290 2019 μαι
327 1951 542 2005 τούτους
600 1950 690 1998 καὶ
748 1943 1059 2016 ἀπάξομαι
1089 1963 1101 1974 ·
1163 1951 1248 1997 ναὶ⁹
1283 1949 1384 2015 μὴν
1414 1943 1542 1996 ἀλλὰ
1571 1947 1805 2003 καὶτοὺς

199 2037 434 2098 εἰπόντας
494 2035 737 2109 εἰρῆσθαι
777 2042 931 2086 τοῦτο
978 2037 1122 2106 παρὰ
1167 2042 1259 2085 τού
1307 2038 1500 2105 Κυρίου
1547 2032 1805 2104 οἰκονομι-

195 2135 314 2191 κῶς,
369 2129 490 2183 ἦτοι
546 2125 680 2179 κατὰ
728 2126 789 2176 τὸ
841 2121 1178 2196 ἀνθρώπινον,
1236 2118 1480 2179 δηλονότι
1530 2123 1662 2174 κατά
1712 2125 1805 2180 τήν

195 2214 240 2266 ἐν
281 2214 428 2284 αὐτῷ
479 2220 699 2285 Χριστῷ
737 2213 978 2270 παθητὴν
1025 2217 1113 2265 καὶ
1139 2216 1359 2270 κτιστήν
1391 2214 1567 2283 φύσιν,
1597 2209 1716 2264 καθ’
1745 2209 1804 2267 ἣν

195 2308 280 2356 xui.
313 2303 590 2358 πέπονθεν.

262 2393 326 2450 θ’.
399 2391 459 2445 Ὀ
521 2387 1008 2465 ’Δρκαδιουπόλεως
1060 2392 1204 2444 εἶπεν.
1253 2411 1266 2424 ·
1321 2389 1502 2452 Ὀπως
1553 2391 1643 2462 μὲν
1699 2388 1806 2442 εἶπε

195 2487 270 2548 τὸ,
334 2481 395 2533 '0
459 2485 639 2554 Πατήρ
708 2501 814 2553 μου
872 2481 1060 2551 μείζων
1121 2483 1220 2552 μού
1289 2477 1452 2544 ἐστιν,
1512 2481 1538 2531 ὁ
1616 2480 1805 2550 Κύριος

195 2576 281 2624 καὶ
325 2574 454 2630 Θεὸς
505 2570 651 2642 ἡμῶν
702 2569 914 2630 Ἰησοῦς
958 2573 1206 2641 χριστὸς,
1257 2567 1447 2629 ἐκεῖνος
1482 2564 1621 2620 οἶδεν
1652 2567 1807 2626 αὑτός

195 2663 223 2712 ὁ
262 2666 534 2731 γινώσκων
588 2666 679 2711 καὶ
724 2667 832 2718 πῶς
873 2657 1237 2730 ἔνηνθρώπησε
1278 2677 1291 2692 ’
1333 2659 1561 2710 καθόσον
1607 2653 1666 2709 δι
1717 2659 1807 2707 καὶ

198 2759 295 2802 τῶν
370 2752 722 2802 θεοπνεύστων
798 2747 962 2819 ἁγίων
1039 2752 1274 2821 Ιιατίρὼν
1363 2747 1567 2818 ἑκάστῳ
1645 2747 1808 2818 χάρις

197 2838 520 2912 ἐπιμετρήθη
578 2839 797 2905 οἶνωθεν,
855 2840 916 2889 τὸ
987 2838 1144 2910 ῥητὸν
1217 2839 1528 2908 θεοκινήτῳς
1629 2837 1807 2910 ἡρμή-

198 2947 341 2980 νευσε
395 2946 409 2959 ·
486 2932 579 2979 καὶ
642 2926 762 2978 καθ’
825 2928 981 2987 ὅσους
1040 2925 1101 2977 ἂν
1154 2931 1380 3001 τρόπους
1445 2927 1805 2998 ἡρμήνευσαν,

199 3014 384 3070 οὐδένα
453 3020 654 3068 τούτων
726 3015 844 3068 κατ’
901 3012 1089 3068 οὐδένα
1153 3015 1305 3086 λόγον
1367 3013 1726 3086 ἀποϐάλλομαι
1791 3029 1804 3042 '

198 3104 319 3158 ἐι)λὰ
356 3108 547 3166 πάντες
597 3100 800 3176 σχεδὸν
855 3109 945 3157 καὶ
1000 3106 1138 3156 κατὰ
1187 3108 1246 3156 τὸ
1287 3103 1606 3176 ἀνθρώπινον
1645 3102 1806 3154 αὐτοῦ

191 3197 452 3267 εἰρηκέναι
509 3203 667 3246 τοῦτο
721 3190 864 3246 εἶπον
911 3196 996 3246 τὸν
1061 3195 1249 3267 Κύριον
1297 3210 1310 3223 ο
1357 3197 1446 3245 καὶ
1495 3190 1807 3263 ἀσπάζομαι

188 3290 278 3337 καὶ
327 3293 485 3336 τοῦτο
530 3288 622 3336 καὶ
672 3278 1041 3355 ἀποδέχομαι.
1100 3281 1244 3336 Ἐπεὶ
1299 3278 1359 3335 δέ
1417 3279 1592 3353 βλέπω
1653 3279 1808 3332 αὐτὸν

185 3374 276 3426 ἕνα
302 3379 395 3426 uti
444 3377 538 3425 τὸν
582 3370 738 3424 αὐτὸν
783 3375 908 3424 ὄντα
952 3372 1089 3423 κατὰ
1124 3375 1219 3430 τὴν
1250 3371 1570 3437 ὑπόστασιν,
1611 3365 1710 3422 δύο
1750 3364 1809 3421 δε

184 3466 323 3516 κατὰ
375 3468 475 3521 τήν
525 3461 809 3535 ἑτερότητα
865 3459 914 3512 ἕν
973 3459 1111 3531 αὐτῴ
1162 3456 1262 3512 δύο
1303 3462 1533 3530 φύσεων,
1573 3465 1810 3511 κατανοῶ

183 3560 347 3607 umis
417 3554 509 3604 τὸν
559 3552 748 3624 Κύριον
807 3549 1023 3621 μείζονα
1065 3548 1228 3602 αὐτοῦ
1281 3567 1369 3601 τον
1419 3552 1626 3620 Πατέρα
1675 3547 1811 3598 κατὰ

179 3647 278 3698 τὴν
334 3642 387 3693 ἐν
445 3639 591 3709 αὐτῷ
643 3642 867 3696 κτιστήν
905 3645 1002 3700 τῆς
1041 3641 1236 3711 σαρκὸς
1278 3639 1454 3703 φύσιν,
1482 3637 1598 3690 καθ’
1630 3636 1692 3696 ἣν
1721 3639 1811 3689 καὶ

182 3732 468 3785 πέπονθεν.
551 3727 610 3781 Ὀ
684 3731 886 3802 Παρίου
936 3727 1070 3781 εἶπεν
1104 3748 1117 3762 ·
1196 3727 1335 3781 Ἐπεὶ
1381 3727 1608 3801 εὑρίσκω
1665 3727 1812 3786 τινὰς

182 3831 284 3872 τῶν
367 3815 717 3872 διδασκάλων
782 3826 883 3877 τῆς
931 3815 1242 3876 Ἑκκλησίας
1295 3815 1663 3890 ἑρμηνεύοντας
1729 3816 1806 3884 τὸ,

182 3916 226 3961 Ο
293 3913 481 3982 Πατήρ
538 3927 640 3980 μου
701 3906 893 3978 μείζων
943 3909 1043 3978 μού
1127 3905 1263 3973 ἐστι,
1329 3907 1464 3958 κατὰ
1527 3901 1813 3979 διαφόρους

183 4005 434 4072 τρόπους,
488 4002 578 4049 ναὶ
635 4001 738 4068 μὴν
790 4000 882 4049 καὶ
933 3999 1070 4049 κατὰ
1130 3998 1190 4047 τὸ
1244 3993 1580 4069 ἀνθρώπινον,
1643 3993 1813 4046 ἀσπά-

186 4091 350 4161 ζομαι
410 4089 612 4147 πάντας
661 4101 675 4115 ⁸
741 4085 874 4158 λέγω
927 4082 985 4139 δὲ
1035 4084 1351 4157 ἀνθρώπινον
1408 4090 1504 4143 τὴν
1564 4082 1612 4136 ἐν
1670 4083 1810 4152 αὐτῷ

187 4183 363 4252 σάρκα
426 4179 489 4236 ἣν
543 4175 597 4239 ἐξ
651 4177 796 4248 ἡμῶν
862 4174 1232 4250 προσελάϐετο.
1299 4173 1358 4228 ⁸0
1424 4178 1810 4249 Προικοννήσου

191 4269 298 4323 εἶπε
336 4272 433 4340 μὲν
496 4272 740 4337 στοιχεῖν
795 4272 859 4336 τῇ
908 4270 1089 4339 γνώμῃ
1131 4272 1223 4318 τοῦ
1270 4263 1500 4322 Ἀθηνῶν
1555 4283 1569 4296 ·
1625 4261 1816 4336 ἀκροα-

191 4363 420 4428 σάμενος
465 4352 530 4408 δε
581 4363 679 4407 τῶν
735 4361 956 4426 γνωμῶν
1003 4362 1107 4406 τῶν
1135 4353 1440 4425 ἁγιωτάτων
1468 4358 1813 4426 πατριαρχῶν

194 4446 502 4514 μεταϐαλὼν
566 4441 702 4496 εἶπεν
775 4443 1104 4515 ἀφίστασθαι
1156 4446 1244 4514 μὲν
1309 4449 1406 4502 τῆς
1463 4447 1670 4514 γνώμης
1722 4446 1814 4492 τοῦ

197 4534 451 4603 Ἀθηνῶν,
514 4540 752 4606 στοιχεῖν
803 4528 866 4586 δε
912 4539 1026 4594 ταῖς
1072 4537 1303 4604 γνώμαις
1359 4539 1459 4584 τῶν
1516 4530 1816 4602 ἁγιωτάτων

199 4633 570 4700 πατριαρχών.
641 4622 700 4675 "O
765 4620 1055 4697 Σηλυϐρίας
1097 4617 1231 4676 εἶπεν
1280 4637 1292 4650 ·
1350 4620 1710 4692 Ἐντυγχάνων
1752 4626 1814 4692 τῇ

201 4715 280 4776 εις
325 4720 405 4776 τὸ,
471 4714 533 4769 ’0
565 4718 750 4786 Πατήρ
806 4731 908 4785 μου
971 4713 1161 4783 μείζων
1219 4713 1320 4784 μου
1368 4709 1526 4778 ἐστιν,
1578 4710 1824 4783 ἑρμηνείᾳ

211 4811 302 4854 τοῦ
372 4805 524 4876 ἁγίου
610 4800 897 4876 Κυρίλλου,
967 4805 1058 4853 καὶ
1123 4802 1375 4876 εὑρίσκων
1441 4797 1597 4852 αὐτὸν
1670 4805 1822 4854 τοῦτο

219 4891 448 4963 λέγοντα,
492 4916 522 4944 ιι
567 4898 683 4952 Πῶς
730 4909 888 4964 φησι,
930 4889 1060 4962 Ἐγὼ
1105 4895 1195 4942 καὶ
1234 4891 1259 4942 ὁ
1291 4893 1472 4964 Πατὴρ
1520 4888 1568 4942 ἓν
1607 4886 1757 4960 ἐσμεν
1807 4909 1822 4961 ;

209 4980 268 5051 τῇ
321 4984 420 5035 ἀνω
470 4986 574 5059 πρὸ
637 4981 843 5034 αἰώνων
897 4983 1134 5051 γεννήσει
1168 4995 1180 5009 ⁸
1232 4987 1342 5041 πῶς
1405 4977 1460 5043 ὀ
1495 4982 1676 5052 Πατήρ
1725 4996 1826 5050 μου

219 5072 389 5138 μείζων
440 5077 545 5148 μού
598 5070 721 5124 ἔστι
767 5075 881 5140 ;τῇ
942 5070 1083 5120 κάτω
1147 5067 1206 5122 ἔκ
1259 5069 1520 5143 Παρθένου
1570 5071 1826 5138 γεννήσει,

221 5174 403 5236 ποιχῶ
447 5173 512 5239 τῇ
569 5169 668 5216 τοῦ
700 5160 868 5232 ἁγίου
902 5153 1234 5230 διδασκαλίᾳ
1260 5175 1272 5188 '
1321 5153 1713 5230 ἀποδεχόμενος
1742 5176 1831 5226 καὶ

217 5251 296 5312 τὰς
335 5262 428 5306 τῶν
489 5253 685 5329 ἐτέρων
746 5247 918 5319 ἁγίων
979 5247 1147 5318 φωνάς
1204 5262 1215 5275 ·
1287 5249 1351 5306 ὡς
1413 5243 1467 5297 ἐκ
1528 5252 1620 5298 τοῦ
1671 5244 1831 5297 αὐτοῦ

212 5343 290 5392 ui
329 5342 432 5407 ἐνὸς
486 5345 806 5414 πνεύματος
868 5334 1254 5408 ἕκφωνηθείσας
1308 5351 1320 5364 ⁸
1367 5344 1492 5389 νοῶν
1549 5333 1601 5398 ἐξ
1654 5333 1830 5387 αὐτῶν

206 5436 288 5486 ui
332 5438 470 5490 κατὰ
523 5436 588 5487 τὸ
652 5428 706 5483 ἓν
765 5422 844 5498 τῷ
895 5422 1110 5501 Χριστῷ
1152 5423 1489 5502 ἀνθρώπινον,
1529 5428 1692 5495 ἤγουν
1739 5427 1834 5480 τὴν

272 5577 313 5617 ’³
329 5581 513 5642 Joan.
550 5587 644 5636 xx
657 5611 675 5644 ,
709 5569 807 5629 30.

1914 1862 2163 1932 Insuper
2201 1865 2255 1916 et
2303 1877 2407 1917 eos
2456 1860 2562 1933 qui
2609 1864 2879 1927 censent,
2908 1860 3139 1916 dictum
3169 1859 3232 1915 id
3261 1875 3298 1916 a
3337 1857 3568 1916 Christo

1913 1949 2095 2006 fuisse
2125 1951 2514 2020 oeconomica,
2541 1949 2604 2006 id
2633 1954 2739 2014 est,
2774 1949 3144 2019 humanitus,
3174 1953 3239 2005 ut
3267 1947 3568 2018 signiﬁca-

1912 2045 1998 2094 ret
2029 2040 2375 2110 passibilem
2405 2045 2790 2113 creatamque
2813 2045 3097 2096 naturam
3127 2055 3324 2105 suam,
3353 2038 3417 2094 in
3445 2051 3570 2110 qua

1912 2144 2124 2200 reapse
2150 2145 2367 2202 passus
2391 2133 2497 2185 est.

1987 2407 2038 2457 9.
2070 2397 2630 2472 Arcadiopolitanus
2661 2399 2744 2456 ait
2771 2413 2785 2453 :
2819 2400 3096 2466 Quonam
3127 2412 3310 2454 sensu
3333 2395 3565 2470 dixerit,

1914 2494 2100 2548 Pater
2127 2504 2289 2546 meus
2311 2491 2510 2560 major
2535 2505 2628 2545 me
2647 2494 2753 2558 est,
2783 2488 3071 2545 Dominus
3095 2490 3154 2544 et
3181 2489 3336 2543 Deus
3364 2490 3572 2544 noster

1912 2585 2080 2639 Jesus
2131 2581 2421 2646 Christus,
2492 2581 2619 2652 ipse
2675 2579 2803 2648 scit,
2860 2579 2968 2652 qui
3019 2579 3202 2635 etiam
3254 2577 3568 2651 quomodo

1914 2671 2106 2726 factus
2136 2670 2208 2725 sit
2235 2669 2630 2737 homo,novit.
2669 2667 2866 2724 Sancti
2906 2673 3108 2723 autem
3139 2669 3365 2736 Patres,
3388 2668 3571 2738 prout

1915 2758 2238 2830 unicuique
2259 2757 2451 2828 gratia
2480 2772 2736 2829 superne
2761 2756 2904 2812 data
2935 2755 3064 2825 fuit,
3087 2757 3172 2812 ita
3194 2755 3310 2811 hoc
3339 2754 3569 2811 dictum

1915 2846 2282 2920 interpretati
2335 2850 2474 2902 sunt
2522 2861 2536 2900 :
2584 2861 2846 2918 quarum
2903 2861 3046 2916 ergo
3095 2843 3569 2916 explicationum

1914 2937 2141 2993 nullam
2200 2935 2473 2992 excludo.
2543 2937 2967 2990 Verumtamen
3023 2933 3295 3005 plerique
3351 2947 3566 2989 omnes

1917 3028 2094 3083 etiam
2119 3025 2458 3080 secundum
2487 3024 2927 3079 humanitatem
2960 3023 3047 3078 sic
3069 3023 3338 3077 locutum
3368 3021 3570 3077 Domi-

1838 3141 1878 3196 ο
1915 3132 2062 3171 num
2085 3114 2560 3182 afﬁrmaverunt,
2581 3128 2768 3184 quam
2787 3116 2843 3167 et
2862 3126 2974 3180 ego
3001 3110 3358 3166 sententiam
3372 3109 3569 3182 probo

1915 3205 2280 3276 recipioque.
2327 3201 2627 3267 Quoniam
2668 3217 2810 3257 vero
2846 3200 3024 3256 video
3090 3199 3386 3268 Christum
3437 3213 3568 3256 esse

1915 3310 2105 3349 unum
2154 3290 2492 3348 secundum
2530 3305 2878 3363 personam,
2911 3288 3215 3361 duplicem
3240 3291 3570 3345 autem'se-

1918 3382 2181 3438 sundum
2225 3381 2486 3435 duarum
2536 3378 2598 3434 in
2641 3394 2712 3436 eo
2753 3381 3106 3434 naturarum
3136 3377 3565 3445 diversitatem,

1916 3471 2193 3526 existimo
2223 3468 2448 3525 dictum
2491 3484 2529 3524 a
2555 3468 2813 3524 Domino
2863 3469 3116 3526 Patrem
3157 3468 3448 3538 majorem
3474 3482 3570 3522 se-

1917 3560 2187 3616 cundum
2224 3561 2488 3615 creatam
2535 3573 2710 3614 suam
2765 3560 3066 3625 naturam,
3115 3557 3179 3613 in
3218 3571 3343 3628 qua
3389 3556 3570 3612 etiam

1917 3666 2138 3723 passus
2167 3653 2277 3704 est.
2310 3648 2520 3703 Parius
2548 3647 2696 3703 dixit
2719 3646 2900 3713 :Quia
2920 3647 3225 3719 comperio
3241 3645 3567 3702 nonnullos

1920 3739 2192 3794 Ecclesiae
2222 3737 2497 3793 doctores
2527 3736 2944 3808 interpretatos
2963 3751 3096 3792 esse
3125 3734 3308 3792 verba
3338 3752 3351 3790 :
3384 3736 3572 3790 Pater

1917 3844 2080 3886 meus
2119 3829 2317 3898 major
2361 3842 2455 3883 me
2491 3832 2577 3884 est
2620 3826 2736 3882 alio
2784 3825 2934 3882 alios
2981 3825 3189 3894 modo,
3233 3827 3292 3879 et
3318 3822 3568 3894 quidem

1919 3919 2096 3974 etiam
2128 3917 2463 3972 secundum
2490 3915 2951 3983 humanitatem,
2982 3929 3094 3983 ego
3133 3927 3344 3968 omnes
3385 3908 3570 3966 laudo

1921 4007 2270 4064 sententias:
2304 4005 2440 4061 dico
2457 4009 2658 4060 autem
2676 4002 3139 4070 humanitatem,
3172 4015 3416 4057 carnem
3438 3998 3571 4069 ejus

1919 4113 2106 4170 quam
2137 4111 2210 4151 ex
2234 4094 2411 4150 nobis
2440 4092 2666 4148 ascivit.
2698 4088 3148 4146 Preeconnesius
3177 4088 3410 4144 dixerat
3439 4102 3570 4144 sec-

1920 4187 2031 4243 tari
2071 4201 2135 4240 se
2178 4182 2551 4240 Atheniensis
2609 4180 2964 4236 sententiam
3009 4186 3021 4228 2
3079 4194 3290 4235 verum
3349 4176 3570 4235 auditis

1921 4273 2435 4332 sanctissimorum
2454 4269 2926 4343 patriarcharum
2938 4269 2958 4339 j
2969 4267 3202 4337 udiciis,
3215 4267 3574 4339 resipiscens

1923 4365 2005 4420 ait
2029 4361 2306 4419 recedere
2337 4375 2399 4416 se
2440 4359 2517 4415 ab
2547 4357 2910 4424 Atheniensi,
2937 4357 3106 4429 sequi
3131 4373 3276 4413 vero
3315 4355 3572 4412 sanctis-

1923 4453 2107 4510 simos
2136 4449 2526 4525 patriarchas.
2561 4447 2953 4520 Selybriensis
2984 4447 3127 4504 dixit
3153 4463 3166 4502 :
3191 4448 3338 4503 Cum
3358 4445 3578 4503 verbo-

1925 4560 2061 4600 rum
2107 4543 2293 4598 Pater
2337 4555 2500 4597 meus
2537 4541 2738 4609 major
2785 4555 2878 4594 me
2914 4543 2997 4595 est
3027 4535 3577 4609 interpretationem

1925 4634 2176 4703 legerim
2254 4631 2446 4686 sancti
2502 4628 2721 4702 Cyrilli,
2792 4628 3308 4700 compererimque
3372 4626 3576 4698 ipsum

1930 4724 2225 4779 dicentem
2263 4737 2276 4777 :
2309 4721 2625 4786 Quomodo
2657 4719 2756 4775 ait.
2797 4720 2927 4790 Ego
2953 4725 3009 4776 et
3047 4720 3233 4775 Pater
3265 4733 3452 4773 unum
3482 4731 3578 4770 su-

1932 4814 2154 4870 mus”?
2180 4811 2456 4868 videlicet
2481 4809 2815 4869 secundum
2845 4814 3131 4866 aeternam
3168 4806 3569 4863 nativitatem.

1935 4901 2252 4970 Quomodo
2282 4902 2385 4958 ait.
2422 4899 2605 4958 Pater
2631 4915 2794 4956 meus
2829 4902 3025 4971 major
3061 4914 3152 4955 me
3182 4896 3318 4954 est?
3361 4893 3584 4951 scilicet

1937 4991 2270 5049 secundum
2299 4995 2637 5047 terrestrem
2668 5005 2740 5046 ex
2768 4989 3002 5062 Virgine
3031 4986 3404 5043 nativitatem
3446 5002 3459 5041 :
3491 4998 3581 5040 se-

1914 5098 2092 5156 .quor
2115 5080 2305 5137 sancti
2333 5080 2443 5136 viri
2471 5079 2806 5136 doctrinam
2838 5095 2851 5145 ;
2889 5079 2971 5133 ita
3000 5082 3203 5134 tamen
3241 5078 3309 5131 ut
3349 5077 3588 5130 caetero-

1937 5187 2072 5227 rum
2101 5169 2430 5226 locutiones
2460 5167 2732 5242 probem,
2770 5171 3062 5239 tanquam
3089 5181 3162 5221 ex
3195 5164 3410 5220 eodem
3440 5176 3588 5218 uno-

1940 5277 2055 5334 que
2087 5259 2294 5332 spiritu
2333 5259 2628 5330 profectas
2663 5276 2676 5326 ;
2726 5273 2798 5312 ex
2851 5256 2942 5311 his
2982 5268 3370 5326 cognoscens,
3404 5251 3586 5306 etiam

1944 5349 2275 5405 secundum
2317 5346 2776 5413 humanitatem,
2818 5344 2879 5400 id
2927 5348 3014 5400 est
3064 5346 3326 5398 creatam
3370 5335 3589 5395 Christi

1945 5442 2243 5499 naturam,
2273 5436 2333 5491 in
2357 5452 2479 5508 qua
2508 5440 2564 5493 et
2592 5450 2808 5507 passus
2852 5448 2963 5504 pro
3008 5431 3183 5487 nobis
3212 5432 3322 5498 est,
3358 5425 3587 5481 dictum
