4126 6272
528 255 633 308 247

1862 252 2145 310 ΝΙΟΕΤλΕ
2183 253 2555 312 ΟΗΟΝΙΑΤΑΞ

3787 256 3894 313 248

528 374 710 440 fuisse
739 376 918 430 Pater
940 388 1103 430 meus
1144 376 1347 445 major
1386 391 1477 432 me
1519 382 1621 433 est.
1667 377 1976 434 Dereensie
2006 378 2174 448 dixit,

2306 378 2338 430 ἓν
2389 380 2529 451 αὐτῷ
2560 384 2780 438 κτίστην
2808 382 2987 452 φύσιν,
3026 377 3148 431 καθ’
3174 382 3237 437 ἦν
3266 383 3356 433 καὶ
3383 380 3603 433 πέπονθε
3640 376 3677 433 δ
3682 380 3717 431 ι’
3736 380 3893 453 ἡμᾶς,

526 464 611 521 ire
668 480 730 519 se
778 461 1035 534 pedibus
1068 463 1129 519 in
1170 466 1525 522 sententiam
1556 468 1872 525 Cretensis.
1904 467 2183 524 Similiter

528 553 708 609 etiam
741 551 1149 608 Anchialensis
1180 551 1326 608 dixit
1357 571 1419 609 se
1446 571 1690 627 prorsus
1723 573 1859 612 cum
1893 558 2182 627 suffragio

529 642 819 699 Cretensis
836 641 1201 713 conspirare.

607 826 690 891 10,
720 819 1272 877 Re‘lel‘eudissimus
1303 826 1360 878 et
1388 839 1649 893 magnus
1676 840 2030 880 oeconomus
2062 824 2179 879 ait:

528 910 702 968 Multa
726 909 971 982 quidem
993 909 1190 965 dicere
1220 910 1530 980 haberem,
1558 914 1960 985 quamobrem
1984 912 2182 968 existi-

526 1014 690 1054 mem
719 998 947 1053 dictum
970 1014 1005 1053 a
1034 998 1288 1054 Domino
1322 1002 1553 1056 Patrem
1579 1002 1873 1072 majorem
1898 1002 1978 1057 ob
2009 1017 2183 1056 suam

528 1088 707 1145 etiam
758 1087 1241 1156 humanitatem;
1293 1094 1606 1146 contentus
1650 1098 1850 1147 tamen
1901 1107 2002 1146 ero
2043 1106 2184 1162 apo—

530 1176 742 1234 stolico
764 1175 1074 1232 brevitatis
1094 1192 1281 1232 causa
1309 1177 1490 1234 effalo
1516 1194 1592 1235 ea:
1634 1196 1753 1236 uno
1788 1196 2005 1245 omnrs,
2060 1189 2184 1235 (um

527 1267 634 1337 qui
674 1266 1035 1333 sanctiﬁcat,
1059 1270 1184 1319 tum
1223 1268 1591 1335 sanctiﬁcati
1609 1287 1623 1337 ;
1659 1273 1838 1341 utque
1867 1268 1982 1323 hac
2023 1267 2185 1323 verbi

528 1370 651 1411 uno
681 1352 1193 1424 interpretatione,
1232 1354 1399 1424 quod
1437 1371 1656 1428 nempe
1686 1356 2027 1413 communis
2058 1373 2185 1412 om-

527 1444 699 1500 nium
740 1445 909 1498 Pater
946 1445 1036 1496 est
1078 1444 1254 1506 Deus,
1296 1448 1363 1499 ut
1390 1444 1578 1500 factor
1607 1451 1788 1518 atque
1819 1451 2052 1501 creator
2084 1463 2097 1512 ;
2130 1449 2189 1500 et

528 1532 779 1605 quidem
809 1530 988 1586 etiam
1027 1530 1214 1602 ipsius
1259 1532 1487 1603 Christi,
1522 1539 1819 1605 quatenus
1851 1536 2034 1590 homo
2078 1540 2183 1589 est.

529 1620 798 1691 Nihilque
845 1618 1170 1685 absonum,
1217 1620 1265 1675 si
1306 1622 1642 1678 secundum
1696 1623 1854 1679 hanc
1893 1624 2187 1679 rationem

2294 469 2535 541 ἱερῆσθαι
2601 474 2658 523 τὸ
2713 468 2772 522 '0
2831 473 3012 543 Πατὴρ
3054 488 3154 541 μου
3207 469 3399 541 μείζων
3465 471 3564 541 μού
3618 468 3779 536 ἐστιν,
3836 469 3895 523 '0

2290 563 2479 631 Δερκου
2508 558 2643 612 εἶπεν
2675 561 2893 612 ἕπεσθαι
2920 566 2981 631 τῇ
3010 564 3187 630 γνώμη
3215 566 3309 610 τοῦ
3352 562 3559 633 Κρήτης
3588 556 3636 610 ἐν
3673 565 3892 612 ἅπασιν*

2291 649 2478 719 ὁμοίως
2508 644 2566 701 δὲ
2593 653 2683 700 καί
2722 649 2747 701 ό
2785 646 3071 720 Ἀγχιάλου
3099 645 3206 700 εἶπε
3243 655 3305 720 τῇ
3348 654 3441 699 τοῦ
3473 651 3683 722 Κρήτης
3710 654 3892 721 γνώμη

2292 735 2341 788 ἐν
2371 744 2506 789 πᾶσι
2549 744 2801 809 στοιχεῖν.

2365 825 2412 895 ι’,
2478 824 2535 877 Ὀ
2604 825 2885 899 ὑπέρημος
2952 828 3040 877 καὶ
3132 829 3295 896 μέγας
3386 824 3651 897 οἰκονόμος
3724 827 3888 878 εἶπεν·

2293 916 2456 985 Εἶχον
2512 918 2602 987 μὲν
2671 913 2835 967 πολλὰ
2909 914 3065 967 εἰπεῖν
3129 914 3263 974 ὅπως
3317 920 3415 966 νοῶ
3483 912 3741 987 εἰρηκέναι
3809 918 3896 967 τὸν

2297 1005 2484 1077 Κύριον
2542 1003 2757 1074 μείζονα
2814 1006 2905 1055 τόν
2953 1006 3160 1076 Πατέρα
3214 1006 3305 1054 καὶ
3341 1004 3479 1054 κατά
3515 1005 3573 1054 τὸ
3634 1001 3898 1076 ἀνθρώπι-

2291 1110 2375 1145 νον
2407 1112 2421 1124 ·
2453 1090 2715 1166 ἀρκοῦμαι
2753 1089 2812 1144 δὲ
2851 1099 2923 1161 τῷ
2973 1089 3301 1161 ἀποστολικῷ
3360 1091 3504 1165 ῥητῷ
3552 1087 3646 1144 διὰ
3687 1090 3901 1165 βραχυ-

2293 1180 2468 1252 λογίαν
2528 1189 2600 1251 τῲ
2663 1181 2825 1240 οὕτως
2874 1179 3093 1251 λέγοντι,
3158 1182 3222 1239 ὡς
3291 1179 3376 1240 Ἐξ
3440 1177 3545 1240 ἑνός
3607 1182 3811 1252 πάντες,
3873 1180 3899 1233 ὃ

2293 1287 2348 1321 τε
2397 1268 2627 1341 ἁγιάζων
2678 1273 2768 1321 καὶ
2808 1270 2856 1320 οἰ
2896 1268 3234 1340 ἁγιαζόμενοι
3277 1287 3290 1300 ·
3331 1272 3422 1319 καὶ
3465 1276 3538 1339 τῷ
3594 1267 3899 1343 ἑρμηνεύον-

2295 1377 2346 1410 τι
2403 1361 2461 1409 τό
2529 1356 2581 1420 ἐξ
2632 1357 2762 1421 ἐνὸς,
2821 1358 2901 1409 ὅτι
2956 1360 3123 1418 κοινὸς
3188 1357 3393 1409 πάντων
3440 1361 3610 1431 πατὴρ
3677 1356 3819 1410 ἔστιν
3875 1359 3901 1411 ό

2298 1449 2448 1514 Θεὸς,
2499 1450 2568 1509 ὡς
2628 1451 2849 1508 κτίστης
2905 1451 2995 1498 καὶ
3046 1442 3392 1519 δημιουργὸς,
3462 1452 3550 1498 καὶ
3607 1446 3768 1499 αὐτοῦ
3830 1443 3899 1506 δή

2297 1543 2388 1587 τοῦ
2438 1542 2675 1609 Χριστοῦ
2717 1531 2812 1587 διὰ
2862 1539 2920 1587 τό
2960 1533 3277 1607 ἀνθρώπινον
3339 1534 3519 1587 αὑτοῦ.
3582 1540 3684 1588 Καὶ
3749 1532 3903 1589 οὐδὲν

2304 1624 2514 1686 ἀπεικός
2565 1624 2609 1675 εἰ
2646 1626 2783 1676 κατά
2835 1627 2921 1676 τὸν
2967 1624 3117 1695 λόγον
3164 1631 3346 1676 τοῦτον
3397 1623 3612 1696 μείζονα
3648 1628 3736 1676 τὸν
3793 1632 3903 1678 Πα-

534 1709 835 1779 majorem
868 1710 1099 1794 Patrem
1130 1723 1191 1763 se
1228 1707 1474 1766 homine
1505 1711 1670 1768 dixit.
1700 1715 1949 1780 Magnus
1982 1716 2190 1769 Scevo-

2306 1718 2426 1787 τέρα
2464 1717 2638 1787 εἴρηκε
2691 1717 2781 1765 καὶ
2829 1716 2895 1773 ως
2947 1714 3237 1788 ἄνθρωπος.
3265 1711 3327 1765 '0
3371 1717 3531 1785 μέγας
3585 1713 3906 1786 πευοφύλαξ

531 1797 764 1871 phylax
784 1795 933 1852 dixit
948 1793 1267 1868 :jNondum
1293 1799 1354 1855 in
1377 1802 1663 1873 apostolis
1685 1803 1866 1875 plena
1895 1804 2193 1875 ﬁrmaque

532 1891 661 1944 erat
688 1887 764 1942 de
796 1888 1104 1942 Servatore
1147 1885 1299 1943 ﬁdes
1342 1904 1355 1955 ;
1404 1896 1845 1964 proptereaque
1895 1894 2195 1963 majorem

532 1992 743 2032 curam
774 1973 1126 2048 postulabat
1150 1976 1368 2033 horum
1397 1979 1737 2049 inﬁrmitas,
1766 1997 1952 2054 quam
1975 1981 2196 2038 divina:

532 2066 737 2137 gloria:
765 2062 1323 2139 magnitudinisque
1349 2068 1798 2127 demonstratio.
1834 2072 2027 2137 Quare
2058 2087 2197 2128 cum

530 2156 754 2214 Iudaeis
787 2170 995 2229 parem
1032 2164 1148 2217 Deo
1178 2174 1238 2214 se
1265 2158 1458 2215 facere
1503 2160 1671 2216 visus
1703 2167 1811 2228 est,
1839 2162 2069 2234 lapides
2099 2162 2200 2218 ad‘

531 2263 741 2303 versus
777 2266 916 2307 eum
960 2251 1345 2308 sustulerunt.
1396 2250 1579 2321 Igitur
1624 2257 1687 2307 ut
1715 2252 2029 2323 puritatem
2059 2268 2198 2307 cum

535 2338 657 2393 Deo
690 2337 1090 2407 subtraheret,
1136 2339 1463 2395 exilitatem
1514 2356 1689 2396 suam
1742 2340 2198 2397 demissionem.

534 2440 656 2496 que
700 2432 757 2481 et
797 2428 1201 2486 humilitatem
1250 2432 1455 2499 aperte
1510 2443 1806 2493 asserens,
1856 2429 2201 2493 humanita-

536 2512 734 2586 tisque
763 2516 1083 2573 modulum
1131 2532 1255 2573 non
1291 2517 1639 2586 indignans,
1677 2523 2200 2591 congruentesque

537 2603 945 2660 extenuationi
974 2605 1306 2662 locutiones
1335 2621 1458 2661 non
1480 2605 1830 2677 repudians,
1855 2611 2199 2679 opportuno

538 2692 810 2763 tempore
834 2694 1127 2766 majorem
1145 2698 1375 2752 Patrem
1396 2694 1737 2767 appellavit,
1757 2701 2055 2767 quatenus
2072 2696 2201 2768 ipse

543 2780 700 2835 servi
736 2780 996 2839 formam
1020 2786 1610 2856 acceperat.Magnus
1637 2783 1985 2841 sacellarius
2012 2784 2160 2840 dixit
2184 2802 2197 2839 :

543 2868 924 2939 Unigenitum
938 2871 1197 2928 Verbum
1223 2872 1321 2928 Dei
1347 2877 1401 2928 et
1430 2872 1639 2939 Patris,
1658 2888 1910 2945 prosper
1934 2878 2203 2929 nostram

538 2956 799 3015 salutem
860 2960 1262 3026 exinanitum,
1339 2965 1522 3033 atque
1583 2960 1664 3017 ad
1722 2961 2203 3017 incarnationem

540 3063 735 3121 usque
755 3049 1110 3119 demissum,
1138 3049 1220 3105 ait
1237 3048 1300 3104 in
1325 3048 1680 3120 Evangeliis,
1705 3050 2060 3106 Palermeus
2080 3064 2203 3106 ma-

534 3143 640 3211 jor
662 3157 756 3200 me
779 3146 885 3207 est,
915 3138 1191 3195 videlicet
1218 3137 1399 3194 etiam
1424 3145 1672 3211 propter
1703 3138 2202 3208 incarnationem,

542 3246 614 3287 ac
661 3234 945 3288 naturam
1009 3227 1346 3284 humanam
1392 3244 1581 3298 quam
1624 3227 1901 3284 comitem
1940 3227 2205 3285 habebat

543 3317 898 3392 passibilem
950 3319 1360 3389 creatamque,
1415 3333 1554 3389 quae
1611 3332 1825 3389 reapse
1878 3333 2058 3388 passa
2097 3321 2203 3387 est.

546 3404 995 3477 Chartophylax
1032 3403 1182 3459 dixit
1222 3419 1236 3458 :
1295 3404 1595 3469 Quoniam
1649 3403 1995 3474 unigenitus
2029 3405 2207 3460 Filius

546 3497 670 3553 Dei.
715 3495 867 3552 Patri
915 3493 1452 3550 consubstantialis
1483 3494 1833 3567 honoreque
1859 3511 1987 3567 par,
2019 3495 2209 3568 perte-

545 3590 677 3642 ctus
695 3587 866 3652 Deus,
883 3584 1068 3640 homo
1089 3597 1333 3654 quoque
1354 3583 1652 3654 perfectus
1672 3589 1916 3656 propter
1934 3591 2205 3640 nostram

544 3674 800 3735 salutem
852 3673 1045 3730 factus
1105 3679 1213 3745 est,
1248 3688 1419 3745 aeque
1465 3688 1533 3729 ac
1575 3688 1685 3728 nos
1738 3672 1933 3729 carnis
1963 3674 2204 3743 sangui-

543 3765 759 3837 nisque
792 3765 1181 3839 participans,
1232 3763 1457 3820 idcirco
1504 3762 1798 3833 majorem
1835 3766 2063 3818 Patrem
2096 3778 2205 3834 ap-

542 3856 811 3929 pellavit,
834 3856 1015 3913 etiam
1038 3853 1375 3912 secundum
1408 3855 1669 3908 creatam
1692 3855 1975 3907 naturam
2006 3868 2201 3920 suam,

539 3944 604 4000 in
632 3962 758 4018 qua
786 3948 844 4002 et
873 3959 1096 4017 passus
1122 3948 1235 4001 est.
1265 3941 1622 3999 Canstrisius
1647 3938 1795 3995 dixit
1841 3956 1855 3995 :
1902 3942 2022 4010 Ego
2049 3957 2202 4013 quo-

540 4049 659 4105 que
688 4033 830 4099 scio,
867 4034 1020 4089 inter
1048 4030 1381 4103 exegeticas
1424 4033 1771 4087 sanctorum
1823 4028 2065 4084 Patrum
2107 4045 2203 4085 ex-

538 4121 892 4194 plicationes
911 4122 1070 4179 cﬁ‘ati
1086 4122 1290 4192 hujus,
1307 4118 1631 4177 nonnullos
1647 4117 2202 4181 affirmare,dictum

540 4210 603 4267 id
654 4209 843 4266 fuisse
886 4211 1067 4268 etiam
1123 4210 1198 4265 de
1262 4208 1639 4266 humanitate
1701 4226 1713 4260 :
1764 4207 2202 4264 humanitatem

540 4301 744 4355 autem
771 4297 1038 4368 intelligo
1071 4302 1371 4370 quatenus
1428 4298 1610 4353 homo
1662 4295 1856 4352 factus
1903 4300 2009 4352 est.
2076 4299 2201 4352 lmo

539 4386 720 4443 etiam
769 4385 997 4442 dictum
1048 4385 1313 4456 intelligo
1367 4385 1700 4442 secundum
1743 4384 2200 4443 substantialem

538 4474 979 4548 physicamque
1021 4475 1313 4531 rationem
1378 4474 1774 4532 humanitatis
1803 4490 1939 4546 quas
1967 4473 2027 4530 in
2066 4475 2199 4547 ipso

538 4568 650 4631 est,
679 4564 852 4634 cujus
870 4568 1134 4620 creatam
1152 4563 1552 4620 substantiam
1573 4563 1945 4637 hypostatice
1974 4564 2201 4621 increa-

539 4657 612 4709 ιω
644 4653 993 4710 substantias
1033 4653 1267 4710 unitam
1303 4658 1359 4709 et
1399 4654 1743 4709 deiﬁcatam
1786 4652 1866 4709 ob
1892 4669 2196 4711 summam

536 4741 1043 4815 conjunctionem,
1078 4757 1199 4798 non
1228 4742 1541 4799 inconfuse
1574 4741 1770 4798 solum
1797 4746 1854 4799 et
1881 4741 2194 4801 inconver-

2305 1803 2438 1854 εἶπεν
2481 1817 2494 1829 ·
2538 1804 2697 1854 Οὔπω
2753 1803 2817 1853 τά
2892 1809 2989 1862 τῆς
3054 1801 3407 1877 πληροφορίας
3473 1810 3566 1863 τῆς
3628 1807 3747 1877 περὶ
3813 1810 3905 1856 τοῦ

2305 1898 2541 1964 Σωτῆρος
2590 1898 2694 1951 τοῖς
2743 1889 3049 1951 ἀποστόλοις
3106 1888 3166 1948 ἦν
3229 1889 3422 1964 βέϐαια
3453 1908 3466 1921 ’
3507 1889 3725 1944 καὶδιὰ
3751 1899 3905 1946 τοῦτο

2306 1979 2536 2039 πλείονος
2598 1977 2875 2054 φροντίδος
2929 1979 3142 2042 ἠξιοῦτο
3193 1981 3224 2037 ἠ
3287 1983 3483 2032 τούτων
3552 1978 3811 2052 ἀσθένεια,
3873 1983 3903 2041 ἣ

2307 2071 2336 2126 ἡ
2396 2076 2490 2129 τῆς
2546 2070 2689 2128 θείας
2760 2065 2923 2132 δόξης
2993 2073 3083 2121 καὶ
3162 2067 3561 2141 μεγαλειότητος
3622 2064 3907 2131 ἀνάδειξις.

2305 2156 2429 2210 Ὀτε
2491 2165 2614 2229 γοῦν
2657 2158 2855 2211 ἰσόθεόν
2909 2159 3064 2210 αὐτὸν
3126 2160 3175 2210 οἱ
3207 2154 3459 2211 Ἰουδαῖοι
3498 2158 3626 2220 ὅλως
3665 2156 3910 2231 ἐνόμισαν

2306 2245 2566 2317 λέγεσθαι,
2624 2246 2797 2307 λίθους
2854 2247 2983 2321 ἦραν
3037 2243 3115 2298 ἔπ’
3154 2245 3308 2298 αὐτόν
3340 2267 3352 2280 ·
3401 2243 3487 2299 διὸ
3534 2249 3594 2298 τό
3638 2244 3912 2318 ἀνθρωπό-

2308 2354 2464 2396 τητος
2505 2335 2598 2387 οὐκ
2646 2334 2914 2408 ἀτιμάζων
2960 2339 3168 2409 μέτρον,
3227 2339 3347 2397 τοὺς
3393 2343 3456 2408 τῇ
3506 2341 3721 2388 κενώσει
3784 2339 3913 2410 πρέ-

2308 2442 2498 2485 ποντας
2554 2423 2647 2475 οῦκ
2713 2421 3142 2496 ἀποπεμπόμενος
3188 2422 3392 2495 λόγους,
3435 2423 3482 2476 ἐν
3538 2431 3611 2493 τῷ
3667 2427 3919 2495 πρέποντι

2308 2521 2474 2586 καιρῷ
2516 2513 2730 2584 μείζονα
2787 2514 2897 2565 εἶπε
2943 2515 3030 2564 τόν
3076 2516 3300 2585 Πατέρα,
3359 2512 3450 2565 ἅτε
3492 2515 3695 2587 μορφὴν
3725 2508 3920 2564 δοῦλον

2308 2598 2495 2654 λαϐὼν.
2555 2600 2612 2652 '0
2670 2604 2835 2673 μέγας
2903 2599 3239 2673 σακελλάριος
3290 2601 3425 2653 εἶπεν
3453 2616 3467 2630 ·
3522 2599 3581 2652 '0
3632 2605 3921 2672 μονογενὴς

2315 2695 2484 2762 Λόγος
2535 2698 2626 2743 τοῦ
2672 2698 2806 2744 Θεοῦ
2856 2697 2945 2743 καί
2994 2694 3197 2763 Πατρός
3252 2694 3344 2743 καὶ
3383 2687 3478 2743 διὰ
3523 2695 3617 2749 τὴν
3663 2692 3919 2765 ἡμετέραν

2313 2785 2576 2853 σωτηρίαν
2630 2782 2863 2840 κενωθεὶς
2918 2783 3009 2831 καὶ
3073 2780 3173 2831 ὑπὸ
3237 2780 3478 2832 σύνθεσιν
3534 2777 3709 2845 ἐλθὼν,
3776 2776 3918 2831 εἶπεν

2310 2865 2359 2918 ἐν
2418 2868 2770 2939 Εὐαγγελίοις,
2840 2868 2898 2919 Ὀ
2954 2873 3136 2940 Πατήρ
3189 2887 3290 2940 μου
3338 2868 3529 2940 μείζων
3602 2870 3701 2940 μού
3774 2865 3914 2935 ἐστι,

2310 2961 2402 3009 καὶ
2461 2953 2555 3009 διὰ
2609 2961 2703 3016 τὴν
2764 2958 3024 3024 σύνθεσιν,
3075 2960 3236 3028 ἤγουν
3292 2953 3385 3008 διὰ
3446 2959 3505 3008 τὸ
3564 2961 3783 3031 φορέσαι
3818 2960 3917 3015 τὴν

2313 3045 2642 3119 ἀνθρωπίνην
2699 3048 2855 3117 φύσιν
2915 3050 3011 3105 τὴν
3060 3047 3304 3104 παθητὴν
3364 3049 3454 3098 καὶ
3508 3050 3747 3112 κτιστήν,
3798 3048 3918 3106 ἡτις

2312 3140 2403 3187 καὶ
2459 3136 2725 3188 πέπονθεν.
2793 3134 2851 3186 '0
2918 3133 3259 3210 χαρτοφῦλαξ
3314 3141 3469 3187 εἶπεν.
3527 3133 3666 3188 Ἐπεὶ
3732 3136 3757 3186 ό
3820 3153 3919 3207 μο-

2312 3230 2524 3297 νογενής
2576 3227 2696 3286 Υἱὸς
2743 3231 2834 3277 τοῦ
2885 3231 3019 3277 Θεοῦ
3072 3226 3098 3276 ό
3142 3225 3422 3296 ὁμοούσιος
3483 3231 3557 3295 τῷ
3614 3228 3785 3299 Πατρὶ
3822 3227 3917 3276 καὶ

2316 3315 2582 3387 ὁμότιμος,
2656 3317 2782 3374 Θεὸς
2852 3313 3039 3374 τελειος
3094 3314 3184 3380 ὧν,
3256 3318 3346 3365 καὶ
3401 3313 3670 3387 ἄνθρωπος
3731 3317 3917 3385 γέγονε

2314 3402 2517 3472 τέλειος,
2573 3400 2668 3455 διὰ
2720 3407 2811 3461 τὴν
2877 3403 3129 3477 ἡμετέραν
3205 3406 3470 3474 σωτηρίαν
3534 3401 3916 3475 παραπλησίως

2315 3494 2439 3564 ἡμῖν
2503 3496 2788 3565 μετασχὼν
2856 3492 3069 3564 αἳματος
3140 3496 3230 3544 καὶ
3286 3494 3498 3564 σαρκός,
3548 3491 3763 3564 μείζονα
3826 3496 3920 3546 τὸν

2316 3586 2522 3658 Πατέρα
2577 3583 2711 3634 εἶπεν
2757 3581 2941 3634 ἑαυτοῦ
2978 3584 3069 3633 καὶ
3114 3581 3246 3633 κατά
3296 3585 3390 3638 τὴν
3429 3579 3479 3632 ἕν
3517 3580 3659 3651 αὐτῷ
3693 3586 3923 3641 κτιστήν

2315 3676 2491 3743 φύσιν,
2548 3672 2665 3725 καθ’
2715 3670 2775 3729 ἣν
2822 3675 2911 3723 καὶ
2959 3671 3227 3726 πέπονθεν.
3281 3678 3324 3724 0
3363 3675 3700 3743 κανστρίσιος
3729 3672 3868 3725 εἶπεν
3904 3690 3921 3705 ⁸

2316 3758 2457 3813 Οἶδα
2492 3762 2582 3833 μὲν
2630 3764 2721 3812 καὶ
2770 3759 2924 3821 αὐτὸς
2969 3758 3017 3811 ἐν
3056 3766 3170 3821 ταῖς
3201 3764 3316 3834 περὶ
3344 3766 3438 3811 τοῦ
3476 3761 3713 3812 τοιούτου
3748 3758 3921 3833 ῥητοῦ

2313 3850 2645 3923 ἐξηγητικαῐς
2700 3850 3087 3922 ὑπαγορεύσεσι
3118 3857 3239 3903 ,τῶν
3307 3848 3468 3921 ἁγίων
3514 3853 3775 3925 Πατέρων,
3823 3856 3922 3904 κοιὶ

2312 3943 2381 4003 ὡς
2431 3941 2700 4016 ἄνθρωπον
2762 3939 3019 4012 εἰρηκέναι
3075 3945 3228 3992 τοῦτο
3286 3941 3373 3991 τόν
3430 3941 3619 4013 Κύριον
3675 3938 3924 4012 λέγοντάς

2308 4050 2454 4093 τινας
2489 4051 2500 4063 ·
2538 4032 2671 4081 οὕτω
2722 4024 2781 4081 δε
2817 4036 2915 4081 νοῶ
2975 4030 3054 4096 τό,
3087 4030 3156 4091 ὡς
3204 4028 3495 4102 ἄνθρωπον.
3537 4028 3669 4081 καθό
3707 4033 3923 4101 γέγονεν

2309 4120 2575 4192 ἄνθρωπος
2635 4117 2694 4171 οὐ
2746 4121 2849 4191 μὴν
2915 4116 3042 4169 ἀλλὰ
3080 4122 3170 4170 καὶ
3211 4119 3345 4170 κατὰ
3380 4120 3468 4170 τὸν
3521 4114 3756 4177 οὐσιώδη
3824 4126 3927 4175 καὶ

2310 4211 2527 4281 φυσικὸν
2587 4204 2827 4266 δηλονότι
2877 4205 3029 4279 λόγον
3089 4214 3181 4267 τῆς
3227 4203 3276 4258 ἓν
3310 4204 3451 4278 αὐτῷ
3499 4205 3923 4282 ἀνθρωπότητος,

2310 4298 2371 4358 ἧς
2430 4300 2489 4349 τὸ
2547 4299 2756 4350 κτιστόν
2817 4298 3185 4358 ὑποπατικώς
3214 4297 3394 4349 ἑνωθὶν
3439 4304 3511 4368 τῷ
3558 4294 3785 4369 ἀκτίστῳ
3823 4304 3927 4352 καὶ

2313 4387 2495 4440 θεωθὲν
2560 4385 2613 4450 ἐξ
2667 4387 2827 4462 ἄκρας
2889 4385 3135 4453 ἐνώσεως,
3195 4384 3291 4438 οῦκ
3365 4383 3684 4458 ἀσυγχύτους
3756 4391 3924 4459 μόνον

2308 4481 2398 4529 καὶ
2453 4475 2839 4549 ἀμεταϐλήτως,
2911 4474 3040 4541 ἀλλά
3089 4470 3157 4534 δὴ
3215 4478 3307 4527 καὶ
3374 4470 3732 4543 ἀδιαστάτως,
3815 4484 3929 4551 μιᾷ

2306 4570 2664 4640 προσκυνήσει
2716 4570 3083 4637 προσκυνεῖται
3135 4561 3184 4616 έν
3258 4571 3332 4635 τῷ
3371 4561 3602 4635 ἀκτίστῳ
3669 4568 3831 4637 Λόγῳ
3903 4583 3922 4598 θ

2305 4660 2396 4709 καὶ
2452 4664 2579 4715 Θεος
2631 4654 2816 4715 τελειος
2854 4673 2985 4727 μετα
3047 4662 3145 4715 τῆς
3203 4652 3399 4715 οἰκείας
3452 4651 3700 4726 ἀτρεψίας
3756 4656 3924 4730 ὑπερ-

2305 4754 2445 4819 φυῶς
2482 4743 2595 4797 ἐστί
2626 4762 2680 4797 τε
2716 4748 2807 4796 καὶ
2832 4742 3164 4817 ὀνομάζεται.

533 4831 791 4902 tibiliter,
821 4847 1035 4889 verum
1065 4831 1248 4889 etiam
1298 4830 1708 4893 immobiliter,
1755 4830 1932 4887 unica
1972 4830 2373 4891 admiratione
2415 4848 2777 4890 veneramur
2820 4835 2879 4889 et
2924 4828 3186 4889 colimus
3225 4830 3289 4887 in
3324 4831 3590 4888 increato
3648 4830 3856 4892 Verbo
3898 4853 3919 4893 :

540 4922 817 4994 Deusque
844 4921 1146 4993 perfectus
1185 4921 1242 4976 in
1275 4920 1521 4993 propria
1550 4919 2111 4977 inconvertibilitate
2136 4922 2489 4981 mirabiliter
2509 4926 2598 4979 est
2618 4926 2674 4979 et
2702 4920 3070 4979 nominatur.

610 5014 692 5065 lt.
736 5009 1193 5065 Heferendarius
1239 5010 1427 5065 dixit:
1487 5010 1633 5065 Cum
1664 5007 1767 5064 diu
1795 5025 1975 5082 super
2016 5025 2195 5067 evan-

532 5097 721 5168 gelico
751 5097 910 5154 dicto
937 5100 1123 5155 Paler
1146 5114 1310 5156 meus
1338 5102 1537 5169 major
1557 5114 1649 5156 me
1677 5104 1759 5155 est
1786 5099 2042 5171 quaestio
2070 5100 2193 5170 agi-

530 5192 772 5254 taretur,
815 5193 1019 5244 utrum
1061 5190 1238 5246 etiam
1272 5189 1609 5247 secundum
1639 5187 1875 5245 Domini
1905 5187 2189 5247 divinita-

531 5283 650 5335 tem
682 5295 717 5335 a
747 5281 970 5336 sanctis
997 5280 1410 5338 sacerdotibus
1441 5280 1659 5337 nostris
1687 5278 1964 5352 divisque
2000 5282 2185 5337 Patri-

526 5365 644 5423 bus
689 5367 836 5423 illud
875 5368 1243 5427 intellectum
1294 5370 1514 5436 fuerit;
1557 5384 1818 5442 cumque
1864 5369 1990 5443 ejus
2024 5369 2186 5427 effati

530 5472 773 5512 sensum
808 5459 1305 5520 considet-assem.
1330 5466 1506 5533 prout
1531 5460 1604 5516 dc
1627 5475 1697 5515 eo
1727 5460 2183 5532 pronuntiatum

528 5550 660 5604 est:
712 5547 907 5620 deque
949 5550 1157 5605 codem
1202 5549 1531 5609 collocutus
1562 5566 1686 5608 non
1725 5548 1908 5607 semel
1936 5549 2183 5607 fuissem

2377 5012 2462 5068 ια’.
2520 5012 2579 5064 '0
2630 5006 3054 5087 ῥαιφερενδιίριος
3110 5006 3246 5065 εἶπεν
3294 5026 3309 5042 ⁶
3373 5008 3453 5065 Ἐν
3519 5018 3681 5086 καιρῷ
3748 5012 3924 5086 ἱκανῷ

2301 5110 2394 5163 τῆς
2457 5104 2575 5174 περὶ
2630 5107 2722 5153 τοῦ
2780 5098 3113 5171 εὖαγγελικοῦ
3171 5100 3335 5175 ῥητου
3400 5105 3515 5154 τοῦ.
3598 5098 3656 5152 '0
3721 5105 3920 5178 Πατὴρ

2299 5210 2400 5263 μου
2458 5191 2648 5263 μείζων
2710 5192 2811 5263 μού
2863 5188 2995 5255 ἔστι,
3055 5193 3323 5262 γενομένης
3378 5188 3645 5250 ζητήσεως
3705 5188 3750 5240 εἰ
3818 5193 3927 5245 καί

2297 5282 2435 5332 κατά
2472 5284 2530 5333 τὸ
2588 5277 2638 5331 ἐν
2693 5286 2766 5349 τῷ
2827 5282 3003 5352 Κυρίῳ
3064 5276 3381 5353 ἀνθρώπινον
3419 5279 3565 5352 παρά
3589 5283 3694 5338 τοῖς
3730 5276 3922 5350 ἁγίοις

2296 5365 2663 5442 μυσταγωγοῖς
2728 5369 2874 5440 ἡμῶν
2912 5370 3003 5419 καὶ
3055 5368 3318 5439 θεοφόροις
3374 5368 3644 5440 Πατριίσιν
3709 5364 3925 5431 ἐξείλη-

2295 5478 2443 5525 πται,
2486 5463 2575 5510 καὶ
2612 5462 2706 5516 τὴν
2767 5462 2888 5532 περὶ
2935 5460 3122 5510 τούτου
3181 5459 3375 5511 ἔννοιαν
3444 5454 3912 5533 ἀναλογιζόμενος,

2295 5550 2432 5610 ὅπως
2484 5551 2679 5621 ἔφησαν
2731 5550 2843 5622 περὶ
2896 5549 3109 5618 τούτου,
3158 5550 3247 5600 καὶ
3303 5542 3741 5621 διομιλησάμενος
3774 5544 3915 5601 δια-
