4126 6272
254 318 321 377 2L9
1576 310 1925 374 THESAURI
1957 314 2087 371 LlB.
2120 317 2271 375 XXV.

3468 322 3588 381 250

263 446 375 514 969»;
424 447 497 510 τῷ
557 438 861 512 ἁγιωτάτῳ
916 441 1062 513 ἡμῶν
1119 436 1344 514 δεσπότῃ
1403 445 1493 493 καὶ
1544 438 1828 510 οἰκοῦμενι-

1940 452 2075 493 cum
2097 440 2477 499 sanctissimo
2502 441 2752 498 Domino
2773 448 2830 498 et
2855 443 3228 501 cecumenico
3255 450 3463 503 nostro
3480 462 3587 518 pa-

260 538 306 601 ιῴ
349 530 694 603 πατριάρχη,
742 528 1106 602 κατελαϐόμην
1154 535 1248 588 τὴν
1313 529 1539 601 μεγάλην
1596 528 1826 597 ἁγιωσύ-

256 636 317 675 νην
341 617 495 668 αὐτοῦ
546 615 863 678 ἀκολούθως
915 624 1023 679 τοῖς
1074 617 1248 686 ἁγίοις
1284 620 1555 692 Πατράσιν
1611 612 1826 687 διερμη-

944 711 1035 759 καὶ
1085 706 1282 779 ἐμμένοι
1342 715 1403 779 τῇ
1461 713 1554 767 τῆς
1600 703 1829 777 μεγάλης

879 802 1080 868 γνώμη.
1166 794 1221 848 Ὀ
1287 795 1829 868 ὑπομνηματογράφος

248 880 355 936 εἶπεν
404 885 486 935 ὅτι
528 884 965 959 Ἀκροασοὶμενος
1016 893 1117 937 τῶν
1179 893 1394 958 γνωμῶν
1454 892 1553 936 τῶν
1602 882 1827 954 ἁγιωτά-

252 709 457 758 πύονσαν
522 708 585 757 τό
657 706 827 780 ῥητόν
878 727 892 740 ·

250 794 513 865 ἁγιωσύνης
603 793 777 847 αὐτοῦ

248 992 327 1024 των
362 981 751 1048 πατριαρχῶν,
817 972 1006 1046 ἓπομαι
1070 976 1303 1035 ταύταις.
1377 973 1435 1025 Ὀ
1509 974 1827 1047 ἱερομνήμων

250 1059 360 1114 εἶπεν
387 1078 400 1091 ⁵
462 1060 698 1134 Ἐπομαι
741 1066 838 1115 καὶ
876 1062 1031 1123 αὐτὸς
1077 1070 1189 1124 ταῖς
1230 1068 1464 1135 γνώμαις
1513 1069 1611 1114 τῶν
1665 1060 1825 1131 ἁγιω-

251 1154 395 1203 τάτων
432 1159 813 1224 πατριαρχῶν.
872 1150 932 1203 Ὀ
998 1149 1080 1204 ἐπι
1142 1160 1241 1204 τῶν
1305 1153 1533 1223 γονάτων
1581 1148 1688 1221 εἶπε
1738 1153 1827 1200 καὶ

248 1239 376 1301 αὐτὸς
423 1242 494 1292 τὰ
540 1239 678 1292 αὐτὰ
746 1239 933 1311 λέγειν.
995 1239 1053 1293 '0
1124 1236 1451 1302 διδάσκαλος
1508 1236 1640 1292 εἶπεν
1674 1259 1687 1271 ·
1744 1235 1827 1298 Εἷς

241 1329 370 1400 ἐμῶν
424 1326 544 1381 ἐστι
597 1324 931 1390 διδάσκαλος
984 1333 1073 1381 καὶ
1120 1330 1429 1401 καθηγητὴς
1487 1329 1512 1380 6
1553 1331 1823 1402 Χριστός·

238 1420 411 1469 τούτου
454 1419 701 1490 μαθητὴν
752 1419 1041 1492 ὸρθόφρονα
1085 1423 1356 1489 γινώσκων
1402 1421 1490 1470 τόν
1540 1415 1828 1488 ἁγιώτατον

238 1507 376 1578 ἡμῶν
438 1503 706 1565 δεσπότην
751 1511 845 1559 καὶ
891 1506 1244 1579 οἰκονμενικὸν
1296 1508 1655 1581 πατριάρχην,
1692 1525 1831 1557 στοι-

235 1603 311 1666 χῶ
362 1604 427 1668 τῇ
486 1598 677 1648 τοῦτον
724 1601 931 1669 γνώμη.
987 1595 1046 1648 '0
1101 1597 1511 1669 ὑπομιμνήσκων
1575 1592 1710 1648 εἶπεν
1767 1595 1832 1654 ὡς

236 1680 396 1746 Εἰδὼς
452 1691 693 1758 Χριστοῦ
737 1688 929 1760 χάριτι
970 1688 1056 1737 τὸν
1098 1685 1388 1758 ἁγιώτατον
1438 1687 1584 1757 ἡμῶν
1637 1679 1830 1736 δεσπό-

1939 527 2195 584 triarcha
2215 546 2229 585 :
2249 532 2525 599 cognovi,
2561 547 2848 603 magnam
2876 533 3253 589 sanctitatem
3276 535 3407 605 ejus
3428 535 3591 592 haud

1934 614 2307 690 aliterquam
2332 626 2573 675 sanctos
2607 623 2804 676 Patres
2829 620 2887 675 id
2914 621 3159 678 citatum
3193 622 3586 697 interpretari.

1935 708 2141 762 Maneo
2165 708 2344 777 igitur
2372 710 2434 765 in
2475 725 2710 778 magnae
2737 710 3067 766 sanctitatis
3107 711 3236 782 ejus
3268 713 3584 770 sententia.

1938 792 2048 858 Qui
2078 799 2169 850 est
2197 810 2231 851 a
2271 797 2718 853 commentariis
2741 796 2889 852 dixit
2915 814 2927 850 :
2954 800 3183 870 Sequor
3210 816 3365 872 quas
3385 801 3590 858 audivi

1936 883 2261 939 sententias
2314 886 2833 942 sanctissimorum
2896 888 3404 958 patriarcharum.
3464 890 3589 947 Hie-

1935 986 2292 1029 romnemon
2324 974 2507 1031 dixit:
2540 977 2772 1048 Sequor
2818 983 3014 1045 etego
3061 977 3588 1035 sanctissimorum

1936 1059 2419 1131 patriarcharum
2449 1063 3064 1120 scnteutias.Minister
3080 1082 3119 1119 a
3137 1065 3392 1135 genibus
3413 1066 3581 1139 dixit,

1936 1164 2001 1203 se
2043 1164 2288 1223 quoque
2344 1153 2402 1207 in
2460 1153 2521 1209 id
2575 1155 2939 1225 conspirare.
2999 1153 3335 1226 Prreccptor
3387 1155 3585 1212 dixit:

1938 1239 2101 1292 Unus
2131 1246 2219 1295 est
2246 1248 2578 1313 praeceptor
2608 1249 2808 1297 noster
2837 1248 2896 1297 et
2921 1248 3267 1301 antecessor
3280 1244 3581 1303 Christus:

1935 1326 2108 1397 cujus
2160 1344 2298 1385 cum
2331 1330 2601 1387 noverim
2631 1331 3035 1387 orthodoxam
3067 1347 3197 1388 esse
3225 1332 3590 1405 discipulum

1937 1417 2383 1473 sanctissimum
2416 1425 2692 1476 nostrum
2719 1420 3034 1476 dominum
3063 1426 3120 1476 et
3147 1422 3590 1478 mcumenicum

1936 1505 2366 1577 patriarcham,
2398 1508 2477 1564 ad
2493 1509 2676 1580 hujus
2707 1509 3065 1566 sententiam
3093 1510 3590 1568 accedo.Monitor

1935 1592 2122 1651 dixit:
2159 1597 2458 1662 Quoniam
2516 1597 2751 1655 favente
2809 1600 2930 1654 Deo
2978 1598 3427 1655 sanctissimum
3482 1615 3589 1657 no-

1938 1687 2127 1739 strum
2178 1686 2500 1742 Dominum
2541 1692 2696 1743 recte
2739 1687 3096 1743 sentientem
3127 1688 3286 1755 novi,
3327 1689 3588 1745 retinen-

232 1792 319 1831 την
344 1773 516 1848 ὀρθῶς
542 1781 852 1847 φρονοῦντα,
894 1778 984 1826 καὶ
1034 1776 1171 1827 κατὰ
1216 1777 1309 1836 τὰς
1360 1769 1681 1849 παραδόσείς
1726 1781 1826 1823 τῶν

1940 1774 2180 1846 temque
2231 1774 2511 1831 divorum
2566 1779 2808 1832 Patrum
2867 1776 3237 1841 traditiones,
3276 1793 3501 1851 sequor
3528 1783 3589 1836 et

235 1863 378 1915 θείων
432 1866 704 1931 Πατέρων,
761 1863 954 1933 ἕπομαι
997 1867 1088 1915 καὶ
1139 1863 1292 1925 6:676;
1343 1870 1450 1925 τοίς
1501 1861 1625 1935 παρ’
1669 1861 1828 1913 αὐτοῦ

233 1949 546 2010 λαὶηθεῖσιν.
575 1954 655 2005 Τὰ
696 1950 832 2004 αὐτὰ
887 1954 1053 2025 τούτῳ
1108 1948 1218 2005 εἶπε
1261 1955 1352 2004 καὶ
1400 1953 1428 2004 ὁ
1477 1960 1679 2026 πρῶτος
1729 1951 1832 2024 ἄρ-

235 2061 344 2113 χων
410 2048 518 2093 τῶν
582 2038 893 2099 ἐκκλησιῶν.
964 2040 1023 2094 '0
1104 2044 1343 2115 μαῖστωρ
1417 2048 1518 2094 τῶν
1598 2041 1830 2114 ῥητόρων

238 2136 343 2182 εἰπε
398 2145 413 2160 ⁸
476 2132 548 2182 Τὸ
617 2132 756 2183 κατὰ
830 2132 889 2182 τὸ
963 2127 1279 2204 ἀνθρώπινον
1355 2129 1617 2202 εἰρημένον
1689 2131 1834 2204 παρὰ

234 2226 326 2269 τῶν
418 2217 583 2290 ἁγίων
657 2223 748 2271 καὶ
824 2220 1076 2293 θεοφόρων
1142 2223 1415 2294 Πατέρων,
1530 2219 1663 2271 οὕτω
1742 2236 1832 2290 μοι

233 2308 466 2361 νοεῖσθαι
528 2306 877 2365 κατείληπται
917 2328 930 2342 ο
965 2307 1036 2360 ἐνὶ
1087 2311 1175 2381 μὲν
1230 2308 1386 2380 λόγῳ,
1432 2309 1511 2360 ὅτι
1567 2309 1594 2359 ό
1651 2311 1830 2380 Πατὴρ

236 2397 425 2468 ἔμεινεν
478 2394 528 2449 ἰν
566 2394 647 2459 οἷς
685 2393 747 2455 ἦν
778 2395 859 2449 ἀεί
886 2414 900 2430 ⁸
942 2398 968 2450 ό
1010 2393 1070 2450 δὲ
1125 2398 1248 2459 Υἱός
1285 2401 1377 2456 τὴν
1435 2396 1668 2449 ἑκούσιον
1708 2397 1831 2448 ὑπο-

236 2489 409 2556 μείνας
462 2489 681 2538 κένωσιν
740 2484 792 2538 ἐν
848 2493 912 2558 τῇ
971 2494 1067 2539 τοῦ
1107 2482 1297 2540 δούλου
1362 2493 1534 2560 μορφῇ
1589 2484 1779 2543 κατέϐη
1814 2506 1827 2519 ·

238 2570 386 2646 ἑτέρῳ
430 2569 486 2626 δ’
547 2573 615 2626 αὖ
672 2578 811 2626 κατὰ
863 2577 952 2626 τόν
1003 2575 1120 2648 ὃρον
1175 2579 1267 2627 καὶ
1309 2573 1459 2646 λόγον
1525 2580 1617 2635 τῆς
1666 2592 1831 2648 προσ-

235 2659 518 2734 ληφθείσης
583 2662 725 2733 αὐτῷ
798 2661 1123 2737 ἀνθρωπίνης
1180 2670 1401 2725 κτιστῆς
1476 2667 1567 2715 καὶ
1641 2664 1834 2725 θνητῆς

238 2753 456 2821 φύσεως.
510 2757 570 2804 Ὅ
626 2748 870 2825 δεύτερος
935 2752 1204 2825 όστιςὶριος
1259 2749 1371 2805 εἶπε
1420 2758 1536 2813 ταῖς
1599 2756 1832 2824 γνώμαις

240 2848 333 2891 τῶν
360 2839 665 2913 ἁγιωτάτων
702 2849 1050 2914 πατριαρχῶν
1075 2849 1331 2912 στοιχεῖν.

305 2927 401 3002 ιβ’.
450 2929 512 2983 Ὀ
555 2928 849 3002 ἁγιώτατος
902 2937 1049 3003 ημῶν
1089 2926 1351 2993 δεσπότης
1406 2934 1497 2983 καί
1546 2929 1830 3002 οἰκουμενι-

238 3021 318 3079 κός
348 3021 692 3095 πατριάρχης
737 3018 875 3073 εἶπεν
929 3020 1010 3071 ὅτι
1057 3019 1202 3092 Ἐμοὶ
1252 3016 1500 3072 δοκοῦσιν
1529 3021 1646 3072 ὅσοι
1691 3021 1831 3073 εἷπον

1935 1860 2067 1933 ipse
2092 1861 2427 1919 doctrinam
2449 1865 2598 1936 ejus.
2630 1869 2791 1920 Idem
2818 1865 3157 1922 dixitetiam
3178 1866 3411 1938 primus
3429 1882 3584 1940 pra»

1937 1950 2171 2022 positus
2216 1952 2629 2009 ecclesiarum.
2690 1953 2963 2022 Magister
3017 1954 3343 2010 rhetorum
3380 1955 3529 2012 dixit
3570 1972 3583 2011 :

1934 2039 2109 2107 Quod
2143 2042 2332 2097 sancti
2361 2040 2600 2114 divique
2632 2044 2829 2097 Patres
2859 2041 3081 2097 dictum
3104 2042 3246 2097 illud
3269 2043 3349 2099 ad
3375 2043 3592 2101 huma-
3656 2072 3657 2075 η

1939 2128 2184 2185 nitatem
2216 2129 2564 2199 retulerunt,
2595 2130 2654 2186 id
2678 2130 2823 2186 mihi
2853 2132 2937 2186 sic
2966 2131 3421 2201 intelligendum
3435 2131 3596 2189 vide-

1940 2221 2068 2283 tur;
2120 2218 2337 2291 partim
2369 2218 2616 2291 quidem
2657 2221 2800 2291 quia
2848 2221 3017 2275 Pater
3063 2221 3124 2275 in
3187 2220 3312 2275 suis
3344 2220 3593 2278 dotibus

1942 2321 2182 2379 semper
2206 2307 2570 2379 permansit;
2605 2313 2664 2364 at
2704 2307 2880 2365 Filius
2912 2307 3313 2365 voluntariam
3340 2309 3586 2367 subiens

1940 2397 2408 2455 exinanitionem
2440 2398 2517 2454 ad
2546 2398 2703 2455 servi
2742 2398 3000 2455 formam
3049 2399 3362 2456 descendit
3398 2416 3412 2456 :
3452 2415 3590 2473 par-

1939 2487 2043 2543 tim
2075 2502 2218 2542 vero
2248 2487 2586 2543 secundum
2612 2489 3229 2562 circumscriptionem
3267 2489 3600 2546 rationem-

1938 2590 2056 2646 que
2088 2580 2414 2647 assumptaa
2442 2575 2521 2633 ab
2552 2592 2623 2633 eo
2654 2576 2940 2633 humanae
2963 2582 3177 2634 creatas
3202 2577 3598 2650 mortalisque

1939 2669 2189 2719 naturae.
2219 2665 2529 2720 Secundus
2562 2666 2852 2721 Ostiarius
2883 2665 3032 2721 dixit
3070 2666 3595 2723 sanctissimorum

1938 2751 2414 2824 patriarcharum
2448 2755 2755 2809 sententiis
2786 2769 2914 2809 sese
2945 2753 3272 2812 adhaerere.

2014 2936 2097 2987 1‘2.
2119 2932 2543 2988 Sanctissimus
2567 2938 2771 2989 noster
2791 2933 3077 2989 dominus
3104 2939 3159 2989 et
3183 2934 3593 2991 oecumenicus

1942 3021 2284 3093 patriarcha
2311 3021 2496 3078 dixit:
2529 3022 2663 3078 Mihi
2703 3022 2940 3079 videtur
2979 3028 3276 3096 quotquot
3325 3024 3593 3097 episcopi

237 3109 331 3158 τῶν
383 3106 675 3184 ἀρχιερέων
735 3112 828 3160 καὶ
876 3117 976 3161 τῶν
1040 3106 1308 3183 ἀρχόντων
1371 3111 1502 3161 κατά
1537 3111 1597 3160 τό
1658 3106 1706 3159 ἓν
1758 3114 1829 3179 τῷ

1944 3126 2015 3166 ac
2036 3110 2349 3183 praepositi
2374 3110 2450 3166 de
2482 3110 2692 3167 Christi
2725 3112 3098 3168 humanitate
3128 3111 3288 3168 dicta
3317 3110 3589 3169 afﬁrma-

236 3202 443 3269 Χριστῷ
487 3195 812 3273 ἁνθρωπινον
888 3197 1132 3271 εἰρῆσθαι
1181 3201 1270 3265 τὸ,
1324 3196 1385 3249 '0
1459 3200 1673 3271 Παρτήρ
1731 3216 1831 3269 μου

231 3286 419 3354 μείζων
458 3288 560 3359 μού
591 3284 737 3339 ἔστιν
770 3307 782 3320 ·
825 3289 990 3359 ἤγουν
1036 3288 1174 3339 κατὰ
1217 3291 1312 3346 τὴν
1368 3285 1418 3339 ἓν
1447 3286 1590 3357 αὐτῷ
1640 3284 1835 3361 ἂνθρω-

230 3378 380 3434 πίνην
435 3375 661 3434 κτιστήν
720 3378 901 3449 φύσιν,
962 3376 1081 3429 καθ’
1130 3376 1191 3435 ἣν
1237 3380 1327 3428 καὶ
1365 3377 1629 3443 πέπονθεν,
1672 3374 1833 3448 ὀρθῶς

230 3468 315 3516 καὶ
369 3462 759 3541 ἁπροσκόπτως
812 3468 904 3518 καὶ
952 3468 1085 3538 πρός
1147 3469 1242 3524 τὴν
1317 3467 1571 3539 ἔρὼτησιν
1623 3462 1835 3517 ἆποκοὶ-

227 3555 405 3606 »εσθαι
444 3574 459 3588 ο
494 3556 547 3607 οἳ
606 3550 668 3607 δε
712 3552 883 3615 ἄλλως
932 3552 1213 3629 εἰρηκότες,
1255 3553 1430 3627 ἆσαφῆ
1488 3555 1833 3626 ποιησάμενοι

225 3647 317 3700 τήν
356 3641 669 3718 ἀπόκρισιν,
719 3646 811 3697 καὶ
865 3641 1057 3716 μᾶλλον
1094 3647 1223 3717 πρὸς
1275 3642 1525 3707 ἀλλήλους
1564 3647 1636 3716 μὴ
1690 3661 1833 3715 συμ-

227 3737 578 3802 γωνήσαντες,
640 3728 766 3785 οὐδὲ
820 3734 951 3806 πρός
998 3736 1093 3792 τὴν
1158 3731 1412 3807 ἐρώτησιν
1464 3728 1687 3785 δοκοῦσί
1741 3750 1832 3804 μοι

225 3816 634 3896 ἀποκρίνασθαι,
679 3821 741 3873 '0
793 3820 1079 3893 ἁγιώτατος
1123 3824 1464 3897 πατριάρχης
1505 3819 1831 3881 Θεουπόλεως

223 3908 457 3981 μεγάλης
515 3910 852 3984 Ἀντιοχείας
908 3906 1045 3963 εἶπεν
1092 3910 1335 3985 εἰρῆσθαι
1380 3913 1461 3979 τό,
1521 3909 1581 3963 '0
1647 3914 1828 3985 Πατήρ

223 4016 320 4068 μον
374 3999 575 4072 μείζων
622 4002 725 4073 μού
769 3998 901 4069 ἔστι,
940 4002 1087 4074 παρὰ
1135 4007 1228 4054 τοῦ
1274 4002 1509 4074 Χριστοῦ
1560 4003 1651 4052 καὶ
1695 4000 1832 4052 κατὰ

223 4091 315 4144 τὴν
386 4087 804 4164 ἑνανθρὼπησιν,
872 4093 965 4142 καὶ
1024 4092 1083 4142 τό
1154 4090 1202 4142 ἓν
1269 4088 1410 4160 αὐτῷ
1473 4096 1546 4160 τῷ
1611 4095 1830 4163 Χριστῷ

222 4182 436 4230 κτιστόν
484 4196 544 4231 τε
597 4182 687 4231 καὶ
729 4180 985 4237 παθητόν.
1038 4177 1098 4231 '0
1148 4178 1439 4251 ἁγιώτατος
1488 4181 1829 4252 πατριάρχης

219 4261 593 4340 Ἱεροσολύμων
644 4264 778 4320 εἶπεν
804 4285 818 4300 ·
891 4266 1124 4340 Ἐφθασε
1182 4271 1240 4321 τό
1304 4274 1516 4340 Πνεῦμα
1565 4270 1623 4319 τὸ
1679 4266 1828 4339 ἅγιον

220 4357 278 4406 τό
321 4362 366 4408 0
408 4359 597 4431 Πατήρ
644 4375 745 4429 μου
785 4356 981 4430 μείζων
1025 4360 1126 4430 μού
1182 4355 1345 4426 ἔστιν,
1391 4355 1704 4431 ἑρμηνεῦσαι
1735 4353 1832 4410 διὰ

1940 3203 2082 3256 runt
2105 3198 2326 3256 verba:
2359 3200 2538 3256 Pater
2574 3215 2737 3257 meus
2768 3203 2966 3270 major
2999 3216 3093 3258 me
3120 3207 3224 3267 est,
3267 3199 3329 3256 id
3377 3205 3467 3256 est
3509 3218 3598 3257 se-

1941 3285 2211 3343 cundum
2241 3287 2371 3358 ejus
2401 3292 2665 3344 creatam
2700 3291 3029 3344 humanam
3070 3294 3347 3346 naturam
3380 3288 3442 3344 in
3471 3304 3599 3362 qua

1941 3380 1998 3431 et
2022 3390 2244 3447 passus
2278 3379 2388 3441 est,
2417 3379 2574 3432 recte
2604 3379 2663 3432 et
2689 3375 2982 3433 inoffense
3027 3380 3206 3450 atque
3255 3376 3334 3433 ad
3375 3392 3598 3449 propo-

1942 3465 2124 3521 situm
2170 3464 2588 3537 respondisse:
2640 3466 2746 3540 qui
2805 3471 3008 3524 autem
3067 3466 3234 3523 aliter
3290 3466 3591 3533 dixerunt,

1941 3554 2199 3610 obscure
2228 3554 2620 3627 respondisse
2657 3555 2957 3625 videntur,
3007 3556 3133 3612 imo
3173 3556 3326 3612 inter
3363 3572 3427 3613 se
3479 3555 3597 3612 dis-

1941 3641 2155 3699 cordes
2187 3658 2382 3715 neque
2429 3642 2508 3699 ad
2545 3643 2924 3716 propositum
2956 3643 3364 3700 collineantes.
3416 3644 3597 3700 Sanc-

1944 3732 2209 3788 tissimus
2258 3731 2602 3805 patriarcha
2631 3731 2798 3788 urbis
2846 3732 2949 3789 Dei
2995 3747 3235 3802 magnae
3265 3732 3592 3788 Antiochia:

1939 3820 2275 3889 ait,dictum
2296 3820 2480 3878 fuisse
2491 3822 2678 3879 Pater
2692 3837 2855 3878 meus
2876 3823 3075 3892 major
3088 3834 3181 3878 me
3199 3826 3286 3877 est
3307 3837 3344 3877 a
3358 3819 3590 3879 Christo

1939 3910 2121 3968 etiam
2151 3910 2488 3967 secundum
2527 3910 3007 3967 incarnationem
3045 3914 3431 3981 creatamque
3459 3909 3591 3980 ejus

1938 4003 2218 4055 naturam
2249 4014 2319 4056 ac
2366 3998 2742 4072 passibilem.
2794 3996 3222 4055 Sanctissimus
3251 3995 3593 4069 patriarcha

1939 4087 2514 4160 Hierosolymitanus
2535 4086 2705 4143 dixit:
2728 4088 2754 4143 J
2760 4102 2858 4143 am
2874 4089 3119 4143 sanctus
3134 4085 3385 4159 Spiritus
3406 4083 3594 4142 verba

1939 4178 2133 4234 Pater
2151 4192 2315 4234 meus
2333 4178 2534 4247 major
2547 4191 2638 4233 me
2658 4182 2743 4233 est
2759 4174 3197 4248 explicavitper
3209 4178 3447 4231 sanctos
3469 4189 3593 4231 ma-

1941 4281 2221 4339 gnosque
2251 4265 2689 4322 illuminatores
2733 4263 3027 4336 Ecclesiae,
3062 4268 3598 4339 sacrosanctasque

1940 4355 2235 4430 synodos.
2267 4355 2512 4428 Recipio
2536 4353 2717 4426 igitur
2733 4358 2981 4411 cunctas
3015 4353 3360 4411 traditiones
3389 4368 3597 4410 secun-

220 4451 317 4497 τῶν
376 4445 543 4518 ἁγίων
619 4450 710 4500 καὶ
756 4446 994 4520 μεγάλων
1046 4452 1223 4520 φωστη
1230 4468 1332 4523 ρων
1370 4453 1467 4509 τῆς
1512 4446 1829 4510 Ἐκκλησίας

1940 4446 2085 4503 dum
2115 4461 2271 4519 quas
2300 4444 2404 4501 illa
2433 4442 2615 4500 verba
2639 4440 2936 4501 intellecta
2966 4448 3122 4500 sunt.
3140 4442 3437 4510 Quoniam
3450 4457 3593 4500 vero

221 4539 311 4588 καὶ
366 4546 468 4590 τῶν
524 4537 685 4611 ἁγίων
730 4540 817 4590 καὶ
878 4540 1024 4613 ἱερῶν
1079 4534 1313 4591 συνόδων
1353 4553 1369 4569 ⁸
1414 4534 1647 4611 δέχομαι
1703 4545 1828 4611 γοῦν

225 4626 398 4689 πάσας
446 4630 539 4689 τὰς
575 4622 813 4700 ἂδοχὰς
860 4626 980 4681 καθ’
1017 4625 1078 4690 ἃς
1108 4628 1440 4702 ἡρμηνινσαν
1483 4627 1611 4681 αὐτό
1642 4640 1657 4659 '
1700 4626 1831 4681 ἕπει-

230 4706 297 4771 δῆ
347 4714 625 4789 εὑρήκασιν
681 4717 764 4770 ὅτι
801 4718 868 4778 ὡς
924 4717 1050 4778 Θεὸς
1087 4715 1277 4780 τέλειος
1306 4720 1399 4770 καὶ
1444 4718 1512 4780 ὡς
1558 4717 1828 4790 ἄνθρωπος

228 4801 410 4868 τέλειος
465 4809 672 4880 εἴρηκεν
719 4806 747 4859 ὁ
807 4804 969 4868 αὐτὸς
1023 4809 1259 4880 Χριστὸς
1286 4808 1345 4860 τὸ
1383 4810 1619 4861 τοιοῦτον
1646 4805 1826 4881 ῥητόν,

234 4892 387 4961 ἤγουν
430 4897 501 4960 ὡς
557 4896 698 4969 ἔχων
760 4893 811 4949 ἓν
851 4894 1022 4968 ἑαυτῷ
1078 4899 1174 4957 τήν
1227 4899 1451 4956 κτιστήν
1516 4897 1674 4970 φύσιν
1738 4898 1829 4950 καὶ

233 4983 481 5058 παθητὴν,
527 4985 650 5040 καθ’
689 4984 752 5046 ἣν
790 4989 883 5039 καὶ
931 4986 1171 5053 πέπονθε,
1221 4984 1355 5059 λέγω
1410 4984 1503 5039 καί
1556 4984 1713 5051 αὐτὸς
1762 4987 1830 5040 τὰ

237 5068 358 5125 εὖτὰ
382 5079 470 5129 καὶ
498 5074 559 5130 66
582 5071 820 5150 δύναμαι
854 5073 1147 5149 ἆρνείσθαι.

300 5161 376 5233 ιγ’.
459 5168 671 5222 Τούτων
758 5168 898 5219 οὕτω
989 5165 1451 5238 γνωματευθέντων
1520 5166 1665 5240 παρὰ
1725 5170 1825 5219 τῶν

232 5243 517 5318 ἁγιωτάτων
579 5261 963 5333 πατριαρχῶν,
1054 5253 1404 5327 ἠρωτήθησαν
1486 5254 1536 5307 οἱ
1614 5252 1826 5326 ἀσαφῶς

228 5348 664 5414 Way-27:66:03;
732 5344 895 5398 εἰπεῖν
915 5386 932 5413 ,
1021 5341 1067 5396 εἰ
1136 5349 1252 5406 ταῖς
1336 5349 1437 5396 τῶν
1518 5344 1825 5416 ἄγιωτάτων

226 5443 554 5511 πατριαρχων
605 5440 855 5511 γνώμαις
915 5440 1255 5505 στοιχοῦσιν,
1296 5436 1395 5488 εἶτε
1441 5436 1531 5487 καὶ
1576 5438 1671 5508 μή.
1696 5421 1699 5425 4
1721 5436 1824 5488 Καὶ

222 5516 396 5604 αὐτίκα
439 5528 466 5581 ὁ
519 5530 716 5604 Μύρων
767 5521 881 5579 εἷπε
928 5523 1150 5585 ταύταις
1177 5527 1433 5595 στοιχεῑνε
1461 5521 1522 5577 '0
1567 5524 1821 5597 Κορίνθου

216 5603 313 5666 εἷπε
337 5624 426 5672 καὶ
470 5603 635 5681 αὐτὸς
671 5616 898 5675 ταύταις
953 5618 1212 5685 στοιχεῖν,
1254 5606 1398 5689 μηδὲ
1435 5613 1484 5666 ἄν
1532 5619 1595 5689 τῇ
1635 5616 1815 5688 γνώμῃ

1939 4535 2319 4594 afﬁrmarunt
2348 4536 2567 4603 Patres,
2598 4531 2828 4589 dictum
2867 4532 2984 4590 hoc
3032 4548 3068 4590 a
3116 4531 3348 4589 Christo
3399 4531 3589 4589 fuisse

1936 4632 2066 4684 tum
2097 4629 2398 4699 quatenus
2426 4639 2604 4680 verus
2628 4623 2782 4680 Deus
2799 4627 2907 4687 est,
2936 4627 3064 4680 tum
3085 4621 3261 4679 etiam
3291 4626 3591 4696 quatenus

1941 4731 2115 4772 verus
2156 4712 2366 4785 homo,
2415 4712 2522 4787 qui
2567 4728 2789 4786 nempe
2819 4716 3083 4769 creatam
3113 4709 3589 4784 passibilemque

1936 4808 2218 4861 naturam
2249 4800 2456 4871 habet,
2486 4801 2549 4858 in
2576 4817 2703 4875 qua
2753 4800 2936 4858 etiam
2983 4816 3204 4874 passus
3234 4801 3364 4866 est;
3397 4796 3493 4854 aio
3523 4797 3588 4854 id

1936 4893 2136 4970 ipsum
2162 4908 2274 4965 ego
2303 4907 2570 4968 quoque,
2598 4907 2795 4966 neque
2813 4889 3048 4949 inﬁcias
3077 4889 3162 4946 ire
3189 4902 3371 4961 queo.

2013 5167 2095 5222 l3.
2132 5163 2456 5235 Postquam
2483 5159 2580 5218 hee
2609 5158 2918 5218 sententiae
2967 5174 3005 5216 a
3043 5150 3443 5215 sanctissimis
3485 5170 3593 5230 pa-

1935 5251 2210 5309 triarchis
2265 5249 2437 5307 dictae
2493 5249 2755 5319 fuerunt,
2810 5245 3160 5317 interrogati
3219 5249 3359 5301 sunt
3394 5244 3437 5299 ii
3487 5242 3594 5316 qui

1937 5343 2315 5399 subobscure
2355 5337 2711 5397 sententiam
2733 5338 3028 5406 dixerant,
3058 5341 3260 5392 utrum
3300 5333 3380 5390 ad
3416 5347 3589 5389 sanc-

1934 5431 2303 5489 tissimorum
2329 5427 2560 5502 judicia
2588 5421 2964 5496 accederent,
2990 5440 3200 5483 necne.
3237 5422 3591 5491 Primusque

1930 5520 2213 5594 Myrensis
2263 5519 2413 5577 dixit
2458 5516 2819 5576 consentire.
2893 5513 3234 5573 Corinthius
3298 5507 3447 5565 dixit
3522 5521 3584 5560 se

1929 5625 2176 5686 quoque
2186 5608 2281 5668 his
2303 5604 2846 5681 suﬂ'ragari,neque
2864 5600 3232 5661 contrarium
3242 5594 3583 5670 quidquam
