4126 6272
515 318 623 383 251

525 530 826 586 Christum
872 532 1186 603 passiones
1227 533 1352 586 sine
1402 537 1650 603 peccato
1688 528 2080 586 oeconomice.
2112 525 2172 580 id

527 624 613 676 est
642 636 797 688 vere,
850 620 1166 690 recepisse.
1207 621 1583 676 Atheniensis
1623 620 1770 676 dixit
1826 633 1888 673 se
1931 631 2174 688 quoque

525 710 1042 766 sanctissimorum
1084 710 1559 781 patriarcharum
1613 708 1938 764 sententias
1982 704 2170 776 sequi.

528 797 804 854 Similiter
871 799 1248 863 Larissensis,
1299 799 1676 864 Rhodiensis,
1755 794 2172 865 Philippensis,

526 887 772 943 easdem
805 889 1016 943 sectari
1047 888 1499 943 conﬁrmarunt.
1520 885 1940 958 Neopa'trensis
1973 888 2172 939 autem

527 976 674 1036 dixit
693 981 997 1047 postremo
1028 977 1331 1031 sententiae
1354 993 1477 1032 suae
1500 974 1794 1031 vocabulo
1823 973 2046 1028 addere
2086 985 2173 1036 se,

527 1071 835 1135 assumpta
867 1082 1049 1122 carne
1073 1073 1279 1122 creata.
1310 1067 1719 1137 passibilique,
1742 1067 1804 1120 in
1831 1080 1950 1135 qua
1973 1068 2026 1118 et
2044 1076 2176 1130 pas-

526 1170 624 1209 sus
638 1160 740 1210 est.
766 1155 1033 1210 :Enensis
1049 1155 1209 1209 dixit:
1234 1172 1294 1210 se
1316 1170 1559 1226 quoque
1578 1159 1712 1225 post
1731 1156 2035 1207 sententiae
2053 1164 2176 1203 suae

526 1243 732 1313 verba,
756 1250 822 1298 ut
844 1246 1282 1300 incarnationis
1295 1245 1471 1313 ﬁdem
1489 1245 1742 1313 faceret;
1765 1243 2026 1311 itemque
2043 1243 2177 1293 ante

532 1331 730 1392 verba.
769 1332 878 1387 hoc
917 1339 1113 1388 autem
1143 1333 1228 1388 sic
1258 1333 1492 1400 afﬁrmo
1523 1337 1590 1387 ut
1621 1337 1865 1387 caeteras
1898 1343 2016 1382 non
2057 1340 2177 1382 res-

525 1435 710 1489 puam
740 1426 1076 1476 sanctorum
1119 1422 1440 1488 opiniones,
1470 1418 1919 1490 supperaddere
1943 1423 2176 1471 senten-

531 1509 624 1565 tias
665 1527 811 1575 sum,
845 1516 1049 1577 utpote
1077 1511 1181 1580 qui
1223 1525 1464 1565 carnem
1503 1511 1906 1576 assumpserat
1953 1510 2177 1561 morta-

530 1599 643 1654 lem
669 1599 1149 1668 passibilemque,
1177 1602 1239 1652 in
1267 1614 1384 1668 qua
1409 1599 1682 1654 videlicet
1719 1602 1774 1652 et
1810 1611 2020 1664 passus
2072 1598 2176 1649 est.

528 1689 845 1757 Cocyreeus
890 1687 1038 1742 dixit
1088 1687 1364 1742 recedere
1410 1704 1471 1742 se
1511 1702 1760 1758 prorsus
1809 1702 1846 1739 a
1889 1681 2182 1738 sententia

531 1791 664 1844 sua,
694 1780 874 1846 atque
920 1777 998 1833 ad
1028 1776 1158 1831 illas
1197 1776 1676 1847 patriarcharum
1725 1772 2029 1830 accedere.
2069 1773 2175 1828 Ma-

2292 1775 2480 1833 θνητην
2536 1781 2626 1827 καὶ
2695 1778 2958 1844 παθητὴν,
3018 1776 3146 1828 παθ’

531 1879 686 1933 gnus
716 1864 1122 1936 scevophylax
1143 1865 1542 1934 interrogatus
1572 1870 1628 1919 et
1652 1864 1804 1935 ipse,
1825 1867 2022 1916 utrum
2045 1873 2181 1914 san-

531 1951 934 2014 ctissimorum
953 1953 1429 2026 patriarcharum
1453 1953 1757 2008 sententiis
1776 1951 2179 2015 assentiretur,

533 2039 616 2096 ait
663 2055 727 2097 se
761 2040 838 2096 ad
889 2048 1255 2112 postremam
1317 2042 1624 2096 sententias
1681 2056 1804 2095 suae
1834 2038 2179 2102 dictionem,

531 2133 826 2199 quatenus
859 2131 982 2198 ipse
1024 2132 1181 2187 servi
1217 2132 1483 2199 formam
1538 2134 1866 2198 acceperat,
1925 2125 2181 2196 adjicere

528 2217 718 2274 verba
742 2234 1097 2290 carnemque
1114 2221 1400 2276 visibilem
1422 2219 1898 2276 contrectabilem
1918 2220 2180 2272 creatam

530 2307 1041 2376 circumscriptam
1067 2315 1123 2365 et
1148 2309 1492 2377 passibilem
1523 2311 1955 2375 assumpserat,
1973 2305 2033 2358 in
2062 2317 2182 2374 qua

522 2410 740 2464 reapse
759 2403 814 2452 et
837 2411 1052 2464 passus
1079 2396 1588 2468 est.Subdiditque
1619 2411 1682 2450 se
1699 2393 2182 2467 patriarcharum

531 2500 776 2555 quoque
828 2487 1134 2542 sententiis
1193 2487 1517 2542 adhaerere.
1584 2488 1831 2553 Magnus
1887 2484 2029 2537 item
2082 2497 2180 2538 sa-

533 2572 806 2627 cellarius
867 2574 949 2629 ait
998 2575 1164 2646 sequi
1215 2591 1276 2630 se
1346 2575 1866 2630 sanctissimorum
1928 2570 2180 2642 patriar-

529 2661 783 2716 charum
804 2663 1146 2718 sententias.
1180 2664 1537 2719 Canstrisius
1574 2663 1723 2718 dixit
1744 2678 1808 2717 se
1841 2661 2054 2732 pariter
2074 2675 2178 2731 pa-

530 2750 922 2806 triarcharum
970 2751 1206 2819 judiciis
1251 2752 1652 2824 acquiescere.
1696 2752 1964 2821 Denique
1998 2749 2178 2805 etiam

533 2838 821 2908 magister
845 2840 1152 2894 rhetorum
1179 2857 1317 2896 cum
1357 2841 1569 2895 iisdem
1601 2840 1945 2910 conspirare.
1987 2854 2046 2891 se
2077 2837 2176 2892 ait.

535 2927 679 2981 Cum
729 2942 872 2996 ergo
918 2943 1129 2984 omnes
1184 2929 1649 2995 consensissent,
1705 2944 1816 2983 nec
1854 2926 2178 2999 quisquam

531 3014 854 3084 ambiguus
905 3017 1034 3086 jam
1103 3023 1459 3090 superesset,
1520 3018 1676 3074 facta
1729 3022 1822 3072 est
1868 3032 1903 3074 a
1947 3013 2177 3072 cunctis

1854 315 2124 372 ΝΙΟΕΤᾹΞ
2161 313 2538 374 ΕΗΟΝΙΑὩΕ

521 442 583 498 in
626 457 736 502 sua
779 442 1072 497 sententia
1123 442 1472 513 protulisse;
1519 441 1744 514 quippe
1791 438 1895 511 qui
1945 437 2175 492 dixerat

2284 436 2442 490 αὐτοῦ
2505 439 2691 500 αὐταῖς
2737 438 3056 500 ἐναντιωθείς
3112 453 3126 470 ⁶

3188 438 3257 497 ὡς
3305 435 3455 488 εἰπὼν
3517 435 3564 487 ἐν
3617 435 3744 507 αὐτῇ
3810 437 3875 488 τὰ

2279 529 2421 584 πάθη
2488 532 2552 580 τὰ
2610 525 2909 584 ἁδιάϐλητα
2984 527 3342 598 οἰκονομικῶς,
3414 529 3578 578 εἶτουν
3651 523 3872 589 ἀληθῶς,

2280 618 2367 666 τὸν
2413 620 2642 690 Χριστὸν
2699 613 3108 678 καταδέξασθαι.
3157 614 3213 666 Ὀ
3273 614 3501 672 Ἀθηνῶν
3567 619 3657 664 καὶ
3723 613 3876 674 αὐτὸς

2280 711 2396 766 ταῖς
2464 712 2695 778 γνώμαις
2775 715 2872 758 τῶν
2958 705 3256 777 ἁγιωτάτων
3340 711 3684 778 πατριαρχῶν
3769 699 3876 756 εἶπε

2284 802 2538 864 στοιχεῖν.
2571 794 2629 847 Ὀ
2662 800 2940 870 Λαρίσσης
2987 793 3096 847 εἷπε
3139 798 3227 846 καὶ
3279 792 3434 854 αὐτὸς
3473 793 3690 846 ἕπεσθαι
3743 793 3875 844 ταύ-

2281 902 2412 943 ταις·
2456 882 2677 954 Ὁμοίως
2728 890 2820 936 καὶ
2871 886 2896 934 ὁ
2947 879 3128 936 Ῥόδου
3178 884 3397 942 ταύταις
3447 883 3556 934 εἷπε
3613 886 3871 950 στοιχεῖν.

2285 977 2385 1024 Καὶ
2443 973 2468 1023 ὁ
2531 973 2794 1025 Φιλίππων
2852 977 2943 1024 καὶ
3002 972 3160 1033 αὐτὸς
3209 968 3316 1024 εἶπε
3368 972 3586 1030 ταύταις
3636 970 3874 1026 ἕπεσθαι.

2281 1059 2339 1112 Ὀ
2380 1059 2438 1114 ὃε
2485 1068 2624 1115 Νέων
2671 1071 2884 1138 Πατρῶν
2932 1063 3270 1136 προστιθέναι
3319 1057 3427 1113 εἷπε
3481 1068 3553 1130 τῷ
3601 1059 3876 1129 τελευταίῳ

2282 1151 2483 1224 ῥήματι
2565 1160 2659 1214 τῆς
2732 1157 2938 1224 γνώμης
3001 1151 3160 1203 αὑτοῦ
3233 1152 3384 1219 (39),
3474 1151 3648 1224 σάρκα
3709 1148 3880 1200 λαϐὼν

2285 1246 2506 1298 κτιστην
2597 1246 2687 1294 καὶ
2769 1243 3043 1308 καθητὴν,
3123 1241 3242 1293 καθ’
3317 1240 3378 1297 ἢν
3459 1243 3550 1291 καὶ
3625 1239 3869 1292 πέπονθε.

2288 1335 2388 1382 Καὶ
2445 1332 2470 1381 ὁ
2512 1333 2664 1384 Αἴνου
2724 1327 2784 1383 δὲ
2829 1335 2919 1383 καὶ
2961 1329 3117 1391 αὐτὸς
3179 1332 3308 1401 μετὰ
3353 1331 3413 1380 τὸ
3460 1327 3512 1380 ἓν
3569 1335 3632 1399 τῇ
3695 1333 3876 1398 γνώμη

2287 1419 2448 1470 αὑτοῦ
2526 1424 2880 1492 γεγραμμένον
2962 1421 3114 1488 (40),
3184 1423 3282 1483 τὸ,
3358 1419 3703 1489 πιστούμενος
3787 1421 3882 1474 τὴν

2712 1514 2802 1561 καὶ
2865 1511 2965 1580 πρὸ
3027 1516 3136 1569 τοῦ,
3217 1510 3367 1578 Λέγω
3434 1503 3494 1559 δε
3543 1514 3692 1558 τοῦτο
3751 1507 3885 1577 μετὰ

2286 1601 2377 1647 καὶ
2433 1605 2534 1648 τῶν
2600 1597 2763 1649 ἄλλων
2818 1598 2886 1648 ὧν
2952 1599 3002 1649 οἱ
3057 1596 3201 1667 οἶγιοι
3255 1595 3489 1666 λέγουσι,
3546 1595 3885 1669 προστιθέναι

2289 1682 2396 1737 εἶπε
2461 1695 2523 1758 τῇ
2592 1693 2771 1759 γνώμη
2831 1686 2993 1739 αὐτοῦ
3059 1705 3142 1755 το,
3206 1688 3271 1745 ὡς
3336 1689 3425 1738 καὶ
3480 1686 3652 1757 σάρκα
3715 1683 3886 1736 λαϐὼν

3225 1774 3285 1832 ἣν
3351 1771 3492 1832 δῆτα
3549 1777 3638 1826 καὶ
3690 1777 3886 1825 πέπον-

2292 1864 2392 1914 θεν.
2450 1863 2510 1916 '0
2562 1861 2622 1916 δέ
2668 1884 2727 1936 γε
2786 1869 3057 1939 Κερκύρων
3115 1863 3248 1916 εἶπεν
3298 1862 3620 1935 ἀφίστασθαι
3660 1861 3886 1914 καθόλου

3395 1953 3612 2005 ἔπεσθαι
3669 1947 3727 2003 δὴ
3770 1958 3892 2012 ταῖς

2287 1507 2580 1579 οἰκονομίαν
2629 1523 2644 1538 ⁸

2287 1959 2386 2004 τῶν
2439 1954 2561 2028 παρ’
2611 1954 2774 2006 αὐτοῦ
2827 1955 3292 2026 γνωματευθέντων
3329 1967 3341 1980 ·

2288 2047 2515 2113 γνώμαις
2575 2051 2674 2094 τῶν
2739 2051 3108 2117 πατριαρχῶν.
3175 2049 3233 2094 Ὁ
3315 2039 3472 2113 μᾶγας
3543 2038 3886 2112 σκευοφυλαξ,

2289 2127 2565 2203 ἐρωτηθεὶς
2613 2136 2704 2184 καὶ
2754 2131 2911 2191 αὐτὸς
2962 2131 3006 2184 εἰ
3047 2138 3163 2192 ταῖς
3215 2136 3448 2202 γνώμαις
3502 2137 3602 2181 τῶν
3650 2127 3893 2200 ἁγιωτά-

2288 2238 2388 2271 των
2440 2229 2786 2295 πατριαρχῶν
2838 2222 3034 2289 ἕπεται,
3098 2219 3206 2273 εἷπε
3265 2221 3600 2292 προστιθέναι
3657 2220 3746 2290 μὲν
3796 2222 3897 2270 καὶ

2288 2316 2362 2379 τῷ
2391 2308 2664 2362 τελευταίώ
2715 2309 2916 2384 ῥήματι
2979 2316 3074 2370 τῆς
3119 2315 3333 2381 γνώμης
3375 2307 3536 2361 αὐτοῦ
3593 2307 3705 2377 (4-1)
3756 2325 3893 2380 μορ-

2291 2402 2390 2468 φὴν
2478 2394 2668 2452 δούλου
2742 2398 2932 2466 λαϐὼν,
2994 2401 3072 2465 τὸ,
3135 2403 3224 2450 καὶ
3301 2399 3474 2471 σάρκα
3540 2397 3734 2469 ὁρατήν
3797 2399 3898 2448 καὶ

2290 2485 2460 2544 am)»
2525 2493 2615 2541 καὶ
2674 2492 2893 2546 κτιστήν
2951 2492 3042 2539 καὶ
3113 2491 3473 2560 περιγραπτὴν
3554 2490 3644 2537 καὶ
3707 2486 3896 2542 παθη-

2289 2581 2405 2645 τὴν,
2472 2579 2590 2630 καθ’
2667 2578 2728 2636 ἣν
2798 2575 2939 2638 δῆτα
3007 2582 3098 2630 καὶ
3169 2579 3433 2631 πίπονθεν.
3493 2573 3618 2628 Εἶπε
3676 2572 3736 2627 δὲ
3787 2579 3890 2627 καὶ

2288 2675 2401 2727 ταῖς
2454 2677 2553 2720 τῶν
2625 2675 2967 2741 πατριαρχῶν
3044 2672 3278 2739 γνώμαις
3351 2673 3605 2737 στοιχεῖν.
3685 2669 3787 2718 Καὶ
3854 2665 3888 2716 ὀ

2289 2760 2450 2828 μέγας
2525 2755 2856 2830 σακελλάριος
2920 2761 3011 2808 καὶ
3071 2755 3226 2816 αὐτὸς
3293 2752 3428 2807 εἶπεν
3501 2753 3720 2806 ἕπεσθαι
3771 2760 3895 2815 ταῖς

2286 2851 2519 2916 γνώμαις
2576 2853 2676 2896 τῶν
2739 2844 3038 2916 ἁγιωτάτων
3095 2851 3463 2917 πατριαρχῶν.
3539 2849 3582 2894 Ο
3631 2847 3891 2914 κανστρί-

2290 2951 2401 2993 σιος
2431 2932 2538 2986 εἷπε
2574 2938 2664 2985 καὶ
2715 2932 2872 2994 αὐτὸς
2925 2939 3156 3004 στοιχεῖν
3202 2939 3321 2993 ταῖς
3360 2936 3594 3003 γνώμαῖς
3644 2939 3746 2983 τῶν
3782 2950 3888 2982 ποι-

2287 3030 2578 3094 τριαρχῶν.
2609 3025 2709 3074 Καὶ
2737 3023 2764 3072 ὁ
2815 3023 3054 3096 μαίστωρ
3105 3017 3164 3073 δε
3220 3030 3319 3072 τῶν
3364 3021 3599 3096 ῥητόρων
3643 3025 3736 3072 καὶ
3786 3019 3890 3072 αὖο-

531 3103 730 3160 fausta
769 3105 1144 3177 acclamatio,
1187 3123 1393 3163 mense
1446 3111 1502 3164 et
1556 3107 1880 3162 indictione
1939 3119 2175 3176 supras-

2286 3114 2368 3172 τὸς
2431 3115 2650 3173 ταύταις
2724 3119 2960 3182 στοιχεῖν
3047 3114 3267 3183 εἴρηκεν.
3342 3109 3425 3171 Ὦς
3494 3107 3582 3162 οὖν
3665 3110 3893 3170 ἅπαντες

533 3193 756 3265 criptis,
781 3208 941 3250 anno
964 3199 1122 3251 6674.

1101 3533 1304 3588 ACTIO
1362 3535 1611 3589 TERTIA
1680 3563 1685 3567 -

529 3655 750 3710 Mensis
770 3655 983 3711 Martii
996 3655 1090 3711 die
1104 3657 1646 3727 sexta,indictionis
1666 3659 1820 3723 XIV,
1841 3659 1936 3715 die
1955 3661 2172 3728 prima.

601 3784 659 3839 1.
699 3781 1052 3837 Praasidente
1084 3798 1118 3838 a
1142 3785 1258 3838 Deo
1287 3789 1572 3838 coronato
1598 3784 2012 3856 potentissimo
2044 3801 2176 3841 san-

530 3874 745 3941 ctoque
779 3875 986 3926 nostro
1042 3886 1180 3941 rege
1239 3876 1295 3927 et
1349 3871 1710 3942 imperatore
1751 3872 1996 3928 domino
2053 3873 2176 3929 Ma-

528 3959 703 4014 nuele
732 3960 1037 4015 Comneno
1063 3961 1123 4015 in
1153 3960 1367 4016 eodem
1413 3961 1641 4032 tropico
1679 3960 1980 4025 conclavi;
2023 3961 2175 4017 assi-

526 4048 806 4104 dentibus
835 4050 1076 4104 sublimi
1106 4050 1406 4120 majestati
1445 4052 1595 4122 ejus,
1647 4049 1899 4122 despota
1929 4049 2174 4106 amabili

527 4153 747 4207 genero
773 4144 992 4195 sanctae
1021 4140 1349 4211 majestatis
1379 4141 1509 4212 ejus
1539 4139 1787 4196 domino
1809 4139 2174 4206 Alexio,san-

528 4226 792 4281 ctissimo
824 4233 878 4282 et
925 4231 1295 4284 cecumenico
1334 4230 1680 4301 patriarcha
1709 4230 1954 4284 domino
1978 4233 2170 4298 Luca;

528 4315 906 4370 sanctissimo
945 4317 1287 4388 patriarcha
1317 4318 1483 4373 urbis
1538 4319 1638 4374 Dei
1676 4335 1912 4388 magnae
1975 4319 2173 4374 Antio-

527 4404 676 4458 chiae
724 4404 969 4459 domino
1001 4406 1367 4475 Athanasio;
1418 4408 1799 4465 sanctissimo
1831 4409 2172 4481 patriarcha

2287 3203 2644 3273 ὡμοφώνησοιν
2711 3205 2801 3252 καὶ
2871 3197 3045 3262 οὐδεὶς
3117 3199 3394 3273 ὑπελείφθη
3454 3197 3745 3272 διχονοῶν,
3806 3204 3896 3270 γέ-

2285 3307 2403 3360 γονε
2439 3308 2529 3340 και
2581 3291 2723 3362 παρὰ
2775 3290 2980 3341 πάντων
3042 3290 3072 3346 ἡ
3128 3288 3357 3361 εὐφημία
3394 3292 3521 3361 μηνὶ
3577 3292 3667 3341 καὶ
3726 3283 3899 3340 ἰνδικ-

2287 3385 2432 3430 τιὼνι
2459 3385 2565 3436 τοίς
2595 3381 3079 3452 προφιγραμμίνοις
3107 3380 3254 3440 ἔτους
3285 3373 3470 3450 σχοδ’.

2917 3541 3151 3593 ΠΡΑΞΙΣ
3178 3536 3253 3594 Γ’.

2354 3667 2494 3721 Μηνὶ
2523 3667 2743 3739 Μαρτίῳ
2775 3664 2919 3736 ἕκτη,
2949 3666 3118 3738 ἡμέρᾳ
3146 3668 3326 3738 πρώτη
3372 3659 3694 3725 ἰνδικτιῶνος
3716 3658 3814 3714 ιδ’·

2357 3789 2423 3847 α’.
2475 3791 2876 3863 Προκαθημένου
2930 3796 3021 3842 τοῦ
3082 3791 3392 3842 θεοστὲπτου
3458 3791 3741 3861 κρατίστου
3796 3791 3899 3840 καὶ

2285 3877 2434 3951 ἁγίου
2474 3879 2619 3950 ἡμῶν
2643 3876 2901 3951 βασιλέως
2922 3884 3012 3932 καὶ
3042 3877 3417 3952 αὐτοκράτορος
3447 3884 3609 3954 κυροῡ
3637 3877 3896 3935 Μανουὴλ

2282 3976 2375 4020 τοῦ
2407 3975 2674 4041 Κομνηνοῡ
2713 3967 2762 4020 ἐν
2882 3968 3008 4040 αὐτῇ
3043 3970 3250 4040 ὑπερῷα
3301 3975 3520 4042 τροπικῇ
3558 3984 3570 3996 ·
3607 3963 3896 4042 συνεδρια-

2289 4061 2476 4121 ζόντων
2505 4066 2577 4128 τῷ
2606 4055 2758 4130 ἐνθέῳ
2779 4061 2957 4132 κράτει
2995 4057 3156 4110 αὑτοῦ
3194 4064 3284 4109 τοῦ
3317 4053 3576 4110 δεσπότου
3609 4060 3700 4108 καὶ
3738 4075 3900 4130 περι-

2282 4149 2516 4205 ποθήτου
2551 4146 2794 4220 γαμϐροῦ
2841 4155 2938 4209 τῆς
2975 4146 3126 4220 ἁγίας
3184 4145 3339 4198 αὐτοῦ
3389 4144 3656 4218 βασιλείας
3719 4154 3900 4219 κυροῡ

2286 4235 2520 4299 Ἀλεξίου
2555 4252 2568 4265 ·
2601 4243 2694 4288 τοῦ
2727 4235 3019 4308 ἁγιωτάτου
3047 4239 3136 4288 καὶ
3166 4235 3521 4307 οἰκονμενικοῦ
3545 4236 3904 4308 πατριάρχου

2283 4333 2446 4398 κυροῡ
2474 4329 2656 4378 Λουκᾶ
2687 4341 2700 4354 ⁸
2742 4331 2834 4376 τοῦ
2865 4323 3162 4397 ἁγιωτάτου
3194 4326 3530 4400 πατριάρχου
3553 4321 3904 4388 Θεουπὸλεως

2283 4414 2513 4488 μεγάλης
2538 4414 2861 4486 Ἀντιοχείας
2889 4421 3051 4488 κυροῦ
3081 4413 3397 4466 Ἀθανασίου
3433 4429 3445 4442 ·
3491 4417 3580 4464 καὶ
3605 4419 3696 4464 τοῦ
3726 4411 3908 4484 ἁγιω-

527 4492 1074 4564 Hierosolymorum
1102 4494 1346 4550 domino
1409 4496 1780 4568 Nicephoro;
1834 4478 2171 4553 astantibus

2284 4478 2441 4555 τάτου
2459 4505 2797 4579 πατριάρχου
2816 4478 3180 4577 Ἱεροσολύμων
3197 4509 3359 4575 κυροῡ
3378 4505 3675 4574 Νικηφόρον
3691 4514 3706 4529 ⁵
3729 4520 3845 4576 παρ
3856 4523 3908 4554 ι-

523 4581 749 4653 potenti
779 4587 1106 4652 sanctoque
1159 4588 1365 4638 nostro
1395 4585 1520 4654 regi
1573 4585 1939 4640 amabilibus
1989 4602 2175 4660 nepo-

526 4668 685 4724 tibus
715 4669 864 4740 ejus,
888 4669 1027 4724 ﬁliis
1057 4670 1258 4744 inclyti
1287 4671 1484 4728 fratris
1517 4675 1852 4744 majestatis
1874 4693 2018 4739 suae,
2041 4693 2175 4749 por—

526 4757 906 4831 phyrogeniti
937 4764 993 4815 et
1020 4759 1442 4818 sebastocratis
1475 4762 1706 4818 domini
1737 4765 2081 4831 Andronici,
2111 4766 2174 4822 id

523 4852 612 4904 est
636 4849 1070 4920 protovestiaro
1094 4849 1342 4906 domino
1367 4853 1676 4918 Joanne,et
1698 4853 1944 4910 domino
1970 4854 2173 4912 Alexio

528 4939 871 5005 Comnenis;
895 4939 1138 4996 amabili
1165 4940 1434 5012 patruele
1454 4942 1712 5014 potentis
1730 4945 2040 5018 sanctique
2059 4962 2170 5002 no-

531 5027 634 5082 stri
647 5029 802 5096 regis
822 5029 1072 5084 domino
1092 5031 1325 5086 Joanne
1351 5030 1660 5098 Duca,ﬁlio
1680 5032 1886 5106 inclyti
1908 5035 2168 5109 Porphy-

523 5117 778 5186 rogeniti
806 5123 862 5172 et
892 5119 1382 5178 sebastocratori‘s
1397 5121 1629 5178 domini
1650 5123 2173 5190 Andronici,ama-

527 5203 662 5260 bilis
692 5205 890 5278 patrui
922 5213 1142 5265 sanctae
1161 5209 1492 5281 majestatis
1518 5211 1676 5282 ejus;
1697 5211 1944 5268 amabili
1964 5229 2174 5270 conso-

529 5294 704 5350 brino
730 5296 988 5368 potentis
1008 5303 1064 5355 et
1083 5301 1273 5356 sancti
1295 5301 1481 5357 nostri
1504 5301 1663 5372 regis
1690 5301 1939 5357 domino
1953 5303 2178 5358 Andro-

525 5384 936 5456 nico,Caesaris
966 5387 1091 5446 ﬁlio
1119 5409 1138 5462 ;
1173 5391 1540 5448 amabilibus
1571 5391 1952 5450 consobrinis
1983 5393 2178 5450 sancti

627 5532 722 5677 ξιξ
749 5533 891 5677 iis:
919 5535 1014 5664 2:.-

2286 4596 2549 4665 σταμένων
2613 4600 2683 4663 τῷ
2742 4599 2975 4668 κραταιῷ
3023 4596 3114 4645 καὶ
3153 4591 3283 4665 ἁγίῳ
3332 4592 3476 4666 ἡμῶν
3521 4589 3733 4664 βασιλεῖ
3784 4601 3909 4645 τῶν

2280 4683 2640 4756 περιποθητων
2667 4679 2888 4753 ἀνεψιῶν
2938 4681 3119 4753 αὐτοῦ,
3165 4688 3266 4734 τῶν
3309 4683 3433 4733 υἱῶν
3487 4686 3575 4733 τοῦ
3635 4675 3910 4753 ἀοιδίμου

2281 4769 2605 4845 αὗταδέλφου
2643 4779 2738 4834 τῆς
2783 4771 2938 4843 ἁγίας
2990 4771 3152 4826 αὐτοῦ
3207 4769 3482 4844 βασιλείας
3529 4788 3909 4845 πορφυρογεν-

2279 4865 2435 4918 νητου
2528 4865 2617 4913 καὶ
2702 4859 3177 4936 σεϐαστοκράτορος
3263 4867 3424 4934 κυροῦ
3504 4854 3857 4934 ’Δνδρονίκου
3895 4903 3914 4932 ,

2278 4957 2372 5003 τοῦ
2424 4969 2478 5004 τε
2532 4949 2974 5025 πρωτοσεϐαστοῦ
3041 4954 3130 5003 καὶ
3182 4948 3662 5026 πρωτοϐεστιαρίου
3717 4959 3916 5024 κυροῡ

2283 5037 2541 5108 Ἰωάννου,
2604 5044 2694 5092 καὶ
2738 5046 2832 5092 τοῦ
2900 5045 3062 5114 κυροῡ
3119 5037 3353 5101 Ἀλεξίου
3402 5045 3503 5090 τῶν
3555 5043 3849 5109 Κομνηνῶυ
3897 5063 3915 5076 ο

2281 5136 2373 5181 τοῦ
2421 5129 2777 5202 περιποθήτου
2815 5125 3096 5202 ἕξαδέλφου
3153 5135 3247 5180 τοῦ
3288 5134 3537 5203 κραταιοῦ
3590 5130 3679 5178 καὶ
3732 5125 3919 5198 ἁγίου

2282 5219 2428 5291 ἡμῶν
2493 5215 2754 5290 βασιλέως
2823 5224 2989 5292 κυροῦ
3065 5217 3304 5271 Ἰωάννου
3373 5223 3464 5268 τοῦ
3522 5217 3711 5284 Δούκα,
3796 5227 3923 5271 τοῦ

2283 5305 2400 5358 υἱοῦ
2447 5313 2541 5358 τοῦ
2605 5303 2854 5382 ἀοιδίμου
2921 5311 3410 5382 πορφυρογεννήτου
3476 5309 3566 5357 καὶ
3633 5301 3926 5361 σεϐαστο..

2283 5397 2533 5471 κράτορος
2578 5404 2741 5472 κυροῦ
2805 5391 3145 5475 ’Δνδρονίκου
3198 5403 3292 5448 τοῦ
3342 5395 3694 5472 περιποθήτου
3745 5395 3926 5452 θείου

2357 5539 2472 5618 (4t)
2509 5543 2652 5615 Pas.
2674 5543 2765 5602 49.
