4126 6272
323 256 390 312 1⁵³
1621 255 1905 317 ranam]

2012 256 2132 317 LIB.
2177 258 2331 320 XXV.

3551 264 3659 324 2M-

329 387 390 439 τίς
422 378 568 448 ἁγίας
600 378 779 432 αὐτοῦ
813 379 1090 455 βασιλείας
1113 400 1127 414 '
1163 390 1253 437 τοῦ
1295 386 1646 459 περιποθήτου
1686 382 1896 455 ἀνεψιοῦ

2012 387 2194 441 nostri
2217 389 2374 458 regis
2401 389 2930 462 Contostephanis,
2950 389 3199 446 domino
3227 390 3457 447 Joanne
3479 393 3538 447 et
3555 389 3662 446 do-

324 474 386 519 τοῦ
406 476 661 542 κραταιοῦ
692 472 793 525 καὶ
835 469 992 542 ἁγίου
1022 473 1165 545 ἡμῶν
1205 471 1459 545 βασιλέως
1496 481 1659 547 κυροῦ
1683 470 1897 547 Ἀνδρο-

322 562 431 611 rixas
459 576 553 611 του
584 561 706 611 υἱοῦ
726 566 828 611 τοῦ
864 564 1126 634 Καίσαρος
1143 575 1157 593 '
1189 570 1286 614 τῶν
1301 564 1659 636 περιποθήτων
1679 560 1898 632 ἀνιψιῶν

318 654 385 699 τοῦ
408 645 668 718 βασιλέως
689 650 844 720 ἡμῶν
867 656 961 702 τοῦ
1000 649 1174 721 ἁγίου,
1206 660 1304 704 τῶν
1337 653 1782 723 Κοντοστεφάνων,
1806 657 1898 705 τοῦ

316 756 360 789 τι
381 742 558 809 κυρίου
587 737 839 791 Ἰωάννου
870 745 963 793 καὶ
989 748 1082 793 τοῦ
1118 749 1279 815 κυροῦ
1307 741 1536 805 Ἀλεξίου
1566 758 1578 773 °
1615 750 1716 795 τῶν
1754 761 1898 814 περι-

314 828 533 883 ποθήτων
574 825 804 899 ἀνεψιῶν
846 836 941 882 τοῦ
982 828 1236 902 βασιλέως
1281 833 1426 903 ἡμῶν
1471 839 1562 883 τοῦ
1601 830 1773 902 ἁγίου,
1801 838 1898 883 τῶν

315 918 421 968 υἱῶν
445 923 539 969 τοῦ
588 921 892 992 μακαρίτου
949 921 1300 993 πιριποθήτου
1339 919 1578 994 γαμϐροῦ
1631 928 1721 980 τῆς
1746 919 1901 990 ἁγίας

316 1006 457 1057 αὐτοῦ
486 1003 766 1077 βασιλείας
797 1014 895 1060 τοῦ
921 1007 1545 1082 πανσεϐαστοῦπερτάτου
1585 1016 1746 1085 κυροῦ
1777 1016 1904 1063 9:0-

320 1090 471 1167 δώρου
494 1101 591 1148 τοῦ
625 1097 925 1163 Βατάτςου,
960 1105 1051 1150 τοῦ
1069 1117 1123 1151 τε
1150 1106 1316 1171 nuper)
1343 1095 1678 1171 Ἀνδρονίκου
1699 1103 1899 1151 καὶτοῦ

309 1191 456 1256 ξυροῦ
483 1183 719 1247 ’Δλεξίου
740 1199 755 1215 ·
789 1192 886 1238 τοῦ
927 1189 1274 1260 περιποθήτου
1303 1184 1579 1260 ὶξαδέλφου
1610 1195 1701 1240 τοῦ
1737 1186 1898 1260 βασι-

305 1269 418 1331 λέως
445 1273 594 1343 ἡμῶν
620 1280 716 1325 τοῦ
762 1272 940 1344 ἁγίου,
983 1283 1143 1347 πυροῦ
1176 1277 1410 1329 Ἰωάννου
1452 1284 1543 1329 τοῦ
1592 1278 1760 1330 Δούκα
1807 1283 1900 1328 τοῦ

303 1362 411 1413 υἱοῦ
438 1368 535 1414 τοῦ
561 1358 816 1434 ἀοιδίμου
866 1368 1136 1438 Καίσαρος
1157 1372 1250 1418 τοῦ
1281 1370 1550 1440 Βρυεννίου
1574 1383 1587 1396 ·
1619 1372 1712 1417 τοῦ
1750 1384 1899 1439 περι-

302 1451 528 1508 ποθήτου
585 1447 871 1523 ἕξαδίλφου
922 1460 1015 1505 τοῦ
1073 1452 1332 1526 βασιλέως
1385 1456 1530 1527 ἡμῶν
1573 1463 1666 1508 τοῦ
1723 1454 1896 1525 ἁγίου,

298 1547 454 1613 πυροῦ
486 1538 722 1603 ’Δλεξίου
750 1548 846 1594 ⁴τοῦ
879 1548 1118 1614 Κομηνου
1165 1551 1259 1597 τοῦ
1298 1546 1414 1597 υἱοῦ
1442 1551 1534 1597 τοῦ
1571 1561 1901 1616 πανυπερσι-

299 1628 498 1684 ϐαστου
525 1650 539 1664 ο
603 1639 702 1683 τῶν
760 1634 1120 1705 περιποθήτων
1180 1630 1469 1706 ἕξαὸιλφων
1507 1641 1600 1686 τοῦ
1641 1632 1902 1706 βασιλέως

2006 475 2174 531 mino
2232 477 2480 543 Alexio;
2562 478 2926 535 aiuabilibus
3013 478 3391 535 consobrinis
3470 478 3662 535 sancti

2006 565 2196 621 nostri
2232 567 2415 635 regis,
2446 567 2589 623 ﬁliis
2615 567 2776 623 beati
2805 571 2862 622 et
2882 566 3164 623 amabilis
3201 568 3407 636 generi
3438 572 3663 625 sanctas

2006 653 2335 721 majestatis
2396 656 2566 727 ejus,
2613 655 2979 728 pansebasto
3029 655 3362 712 celsissimo
3412 656 3663 713 domino

2005 741 2314 797 Theodoro
2374 746 2608 800 Vatatze
2638 786 2651 811 ,
2710 748 2768 800 et
2825 744 3076 800 domino
3150 745 3495 802 Andronico
3528 787 3542 813 ,
3604 750 3664 802 et

2006 829 2257 887 domino
2316 833 2558 899 Alexio;
2607 833 2855 891 amabili
2908 833 3174 905 patruele
3219 834 3409 890 sancti
3469 822 3661 891 nostri

2004 920 2163 989 regis
2200 920 2450 979 domino
2503 925 2737 979 Joanne
2785 924 2947 981 Duca
2991 921 3117 977 ﬁlio
3169 923 3374 995 inclyti
3413 922 3661 981 Cessatis

2007 1009 2327 1079 Bryennii;
2379 1010 2627 1067 amabili
2683 1011 2951 1083 patruele
3011 1011 3199 1067 sancti
3254 1012 3442 1067 nostri
3477 1012 3658 1083 regis,

2007 1097 2257 1154 domino
2280 1099 2484 1155 Alexio
2517 1103 2822 1158 Comneno
2860 1100 2984 1156 ﬁlio
3022 1099 3372 1173 pansebasti
3410 1101 3664 1157 celsissiv-

2007 1188 2139 1255 mi;
2194 1188 2563 1245 amabilibus
2612 1190 2998 1262 patruelibus
3065 1190 3256 1246 sancti
3320 1191 3510 1247 nostri
3573 1206 3663 1247 re-

2008 1276 2120 1345 gis,
2153 1276 2291 1332 ﬁliis
2323 1277 2604 1334 amabilis
2651 1279 2849 1350 patrui
2899 1282 3120 1335 sancta
3146 1278 3477 1350 majestatis
3506 1279 3660 1350 ejus,

2007 1364 2356 1437 pansebasti
2405 1366 2715 1423 celsissimi
2762 1367 2993 1423 domini
3031 1367 3400 1423 Constantini
3431 1367 3659 1438 Angeli,

2006 1452 2258 1509 domino
2311 1457 2574 1521 Joanne,
2632 1455 2883 1510 domino
2941 1454 3171 1520 Alexio,
3226 1455 3478 1511 domino
3542 1461 3662 1511 An-

2008 1541 2280 1610 dronico,
2322 1549 2380 1599 et
2409 1543 2658 1603 domino
2688 1544 2956 1611 Isaacio;
3004 1544 3374 1616 pansebasto
3418 1543 3663 1601 sebasto

2007 1638 2067 1688 et
2095 1647 2314 1701 genero
2352 1633 2610 1705 potentis
2640 1634 2952 1706 sanctique
2989 1634 3178 1689 nostri
3216 1634 3376 1704 regis
3413 1634 3664 1693 domino

300 1720 441 1790 ἡμῶν
470 1726 566 1771 τοῦ
590 1718 765 1791 ἁγίου,
793 1728 896 1772 τῶν
925 1723 1049 1775 υἱῶν
1078 1724 1429 1797 περιποθήτου
1464 1724 1598 1776 θείου
1626 1730 1718 1782 τῆς
1745 1722 1903 1792 ἁγίας

2012 1721 2239 1777 Joanne
2290 1723 2744 1790 Cantacuzeno;
2786 1722 3167 1795 pansebasto
3192 1723 3434 1779 sebasto
3471 1727 3530 1779 et
3568 1738 3666 1794 ge-

299 1806 459 1860 αῦτοῦ
489 1804 773 1878 βασιλείας
790 1814 884 1861 τοῦ
920 1809 1546 1884 πανσοϐαστοῦπερτάτου
1572 1817 1732 1885 κυροῦ
1760 1816 1899 1862 Κων-

304 1897 579 1947 στάντίνου
634 1903 728 1947 τοῦ
757 1895 1027 1968 Ἀγγίλου,
1075 1904 1169 1952 τοῦ
1226 1918 1279 1952 τε
1319 1906 1481 1972 κυροῦ
1506 1898 1764 1969 Ἰωαννου,
1808 1905 1900 1951 τοῦ

300 1991 460 2057 πυροῦ
494 1983 747 2056 Ἀλεξίου,
779 1993 873 2037 τοῦ
903 1987 1065 2060 κυροῦ
1094 1983 1449 2060 Ἀνδρονίκου,
1482 1992 1572 2040 καὶ
1600 1995 1691 2039 τοῦ
1738 1995 1900 2061 κυροῦ

302 2073 570 2126 ’ἰσαακίου
595 2088 611 2105 ⁸
640 2082 733 2127 τοῦ
756 2075 1125 2129 πανσιϐάστου
1155 2075 1414 2131 σεϐαστοῦ
1437 2083 1526 2131 καὶ
1544 2075 1783 2152 γαμϐροῦ
1810 2085 1901 2130 τοῦ

297 2170 555 2234 κραταιοῦ
586 2168 677 2216 καὶ
707 2163 863 2236 ἁγίου
890 2167 1036 2238 ἡμῶν
1064 2164 1321 2239 βασιλέως
1358 2174 1521 2238 κυροῦ
1548 2168 1784 2220 Ἰωάννου
1810 2175 1901 2219 τοῦ

302 2255 740 2315 Καντακουζηνοῦ
763 2270 778 2286 ·
810 2260 903 2305 τοῦ
944 2253 1308 2307 πανσιϐάστου
1359 2254 1615 2309 σεϐαστοῦ
1652 2260 1742 2307 καὶ
1765 2275 1901 2328 γαμ-

299 2339 427 2415 ϐροῦ
456 2349 551 2393 τοῦ
605 2340 869 2414 βασιλέως
916 2343 1062 2415 ἡμῶν
1110 2350 1202 2395 τοῦ
1256 2344 1409 2415 ἁγίου
1444 2351 1606 2416 κυροῦ
1637 2351 1904 2397 Κωνσταν·

296 2434 439 2483 τίνου
470 2438 566 2483 τοῦ
594 2433 767 2487 Δούκα
787 2452 802 2466 ο
835 2438 931 2483 τοῦ
959 2431 1320 2485 πανσιϐάστου
1351 2432 1606 2485 σεϐαστοῦ
1636 2438 1726 2485 καὶ
1762 2453 1903 2505 γαμ-

299 2516 427 2593 ϐροῦ
476 2526 574 2571 τοῦ
622 2527 879 2593 κραταιοῦ
928 2525 1019 2572 καὶ
1056 2519 1208 2592 ἁγίου
1237 2523 1384 2593 ἡμῶν
1429 2520 1707 2595 βασιλέως,
1743 2529 1905 2595 κυροῦ

301 2607 493 2684 Ἰωσὴρ
525 2616 620 2661 τοῦ
648 2616 953 2685 Βρυεννίου·
1003 2616 1097 2662 τοῦ
1139 2610 1501 2664 πανσεϐάστιου
1535 2611 1793 2664 σεϐαστοῦ
1817 2615 1906 2663 καὶ

299 2697 544 2771 γαμϐροῦ
574 2705 669 2751 τοῦ
696 2697 960 2772 βασιλέως
987 2700 1135 2772 ἡμῶν
1177 2708 1269 2753 τοῦ
1297 2704 1450 2773 ἁγίου
1480 2709 1642 2774 κυροῦ
1669 2701 1906 2754 Ἰωάννου

301 2793 394 2837 τοῦ
436 2785 810 2860 Ἀρϐαντινοῦο
864 2795 959 2840 τοῦ
1014 2790 1378 2841 πωσεόάστου
1432 2788 1690 2842 σεϐαστοῦ
1745 2796 1906 2862 κυροῦ

304 2879 517 2939 Λέοντος
544 2883 639 2928 τοῦ
686 2879 1019 2949 Καμύτερος·
1050 2884 1144 2929 τοῦ
1184 2876 1544 2930 πανσεϐάστου
1582 2885 1746 2951 κυροῦ
1772 2879 1908 2930 Ἀλε-

305 2962 416 3025 ξίου
479 2972 575 3019 τοῦ
625 2971 830 3039 Βρανᾶ·
886 2973 978 3018 τοῦ
1032 2965 1398 3019 πανσὲϐάστου
1439 2965 1696 3019 σεϐαστοῦ
1744 2974 1906 3039 κυροῦ

2005 1825 2151 1866 nero
2212 1811 2404 1866 sancti
2477 1812 2637 1882 regis
2695 1811 2888 1867 nostri
2952 1811 3202 1867 domino
3270 1812 3660 1869 Constantino

2006 1900 2217 1966 Duca;
2285 1899 2654 1970 pansebasto
2716 1899 2954 1956 sebasto
3020 1905 3079 1955 et
3142 1916 3363 1970 genero
3400 1902 3659 1973 potentis

2004 1987 2164 2059 regis
2226 1988 2413 2042 nostri
2464 1988 2714 2043 domino
2758 1988 3016 2060 Josepho
3069 1988 3397 2061 Bryennio;
3441 2004 3658 2062 panse-

2005 2074 2180 2133 basto
2216 2076 2461 2132 sebasto
2500 2080 2557 2133 et
2604 2091 2825 2146 genero
2874 2076 3059 2132 sancti
3114 2077 3270 2147 regis
3329 2078 3519 2133 nostri
3555 2076 3662 2136 do-

2010 2164 2176 2220 mino
2250 2167 2479 2222 Joanne
2539 2165 2909 2232 Arbantino;
2987 2165 3352 2237 pansebasto
3415 2165 3664 2222 sebasto

2009 2254 2259 2311 domino
2328 2254 2522 2311 Leone
2589 2254 2943 2327 Camytere;
2995 2253 3363 2327 pansebasto
3424 2254 3665 2311 sebasto

2010 2343 2266 2399 domino
2296 2340 2501 2399 Alexio
2542 2346 2781 2412 Brana;
2852 2343 3221 2415 pansebasto
3267 2342 3511 2401 sebasto
3563 2344 3669 2399 do-

2013 2432 2178 2488 mino
2240 2431 2569 2505 Nicephoro
2613 2432 2950 2505 Bryennio;
3003 2432 3369 2506 pansebasto
3430 2431 3671 2489 sebasto

2011 2522 2262 2579 domino
2303 2523 2550 2578 Gudelio
2599 2521 2925 2579 Tzicandile
2959 2542 2972 2591 ;
3012 2521 3380 2595 pansebasto
3432 2521 3673 2579 sebasto

2013 2610 2263 2667 domino
2320 2611 2530 2668 Alexio
2595 2615 2903 2669 Comneno
2956 2628 2969 2666 :
3020 2612 3387 2683 pansebasto
3431 2610 3671 2668 sebasto

2013 2705 2070 2757 et
2131 2716 2358 2771 magno
2417 2701 2811 2757 hetaeriarcha
2859 2700 3106 2756 domino
3145 2701 3396 2771 Georgio
3448 2699 3671 2757 Palaao-

2011 2789 2195 2859 logo;
2236 2790 2602 2861 pansebasto
2651 2791 2894 2846 sebasto
2943 2789 3121 2845 fratre
3188 2790 3319 2861 ejus
3379 2804 3670 2859 germano

2012 2879 2262 2935 domino
2294 2879 2683 2935 Constantino
2708 2897 2722 2946 ;
2755 2878 3124 2951 pansebasto
3150 2878 3390 2933 sebasto
3420 2877 3669 2933 domino

2012 2968 2216 3023 Alexio
2240 2967 2574 3037 Palasologo
2609 2985 2622 3031 ;
2655 2968 3029 3038 pansebasto
3081 2966 3319 3021 sebasto
3349 2970 3407 3021 et
3444 2980 3671 3036 magno

302 3051 582 3107 Γουδελίου
609 3062 703 3106 τοῦ
731 3050 1057 3114 Τξικανδίλη
1084 3075 1096 3087 ·
1138 3063 1231 3107 τοῦ
1256 3054 1619 3108 πανσεϐάστου
1649 3054 1905 3108 σεϐαστοῦ

2013 3054 2345 3126 drungario
2406 3055 2655 3110 domino
2712 3054 3053 3109 Andronico
3116 3056 3471 3120 Camatero;
3523 3067 3672 3124 pan-

300 3151 463 3217 πυροῦ
516 3142 753 3206 Ἀλεξίου
799 3150 895 3195 τοῦ
946 3148 1240 3216 Κομνηνοῦ·
1302 3151 1391 3196 τοῦ
1430 3143 1789 3197 πανσεϐάστου
1821 3163 1907 3196 σε-

300 3230 502 3285 ϐαστοῦ
531 3237 623 3285 καὶ
652 3231 883 3305 μεγάλου
914 3231 1278 3306 ἑταιρειάρχου
1317 3240 1479 3307 κυροῦ
1520 3238 1777 3308 Γεωργίου
1816 3240 1909 3285 τοῦ

297 3321 693 3395 Παλαιολόγουο
743 3328 838 3374 τοῦ
881 3320 1246 3375 πανσεϐάστου
1296 3321 1553 3375 σεϐαστοῦ
1605 3328 1694 3375 καὶ
1749 3323 1909 3375 αὗτα-

304 3404 492 3483 δέλφου
542 3410 705 3462 αὐτοῦ
749 3416 913 3485 κυροῦ
963 3414 1355 3462 Κωνσταντίνου
1381 3426 1393 3439 ·
1426 3417 1516 3462 τοῦ
1543 3409 1908 3463 πανσεϐάστου

302 3497 565 3552 σεϐαστοῦ
583 3505 755 3572 κυροῦ
779 3496 1012 3561 Ἀλεξίου
1046 3505 1139 3550 τοῦ
1166 3497 1523 3570 Παλαιολόγου
1544 3520 1558 3533 ·
1604 3506 1695 3552 τοῦ
1724 3517 1886 3552 πανσε

301 3585 502 3642 ϐάστου
572 3587 838 3641 σεϐαστοῦ
903 3591 993 3639 καὶ
1049 3587 1275 3659 μεγάλου
1334 3585 1689 3663 δρουγγαρίου
1747 3596 1910 3662 κυροῦ

302 3675 648 3754 ’Δνδρονίκου
695 3685 791 3730 τοῦ
850 3683 1210 3751 Καματηροῦ·
1263 3686 1355 3729 τοῦ
1416 3676 1780 3731 πανσεϐάστου
1822 3697 1909 3731 σε-

302 3765 503 3821 εαστοῦ
532 3774 701 3842 κυροῦ
733 3766 975 3818 Ἰωάννου
993 3772 1088 3817 τοῦ
1116 3768 1529 3839 Κοντοπεφάνου
1554 3787 1567 3799 ο
1599 3774 1689 3819 τοῦ
1718 3784 1909 3818 πανσε-

302 3854 499 3910 Scia-rw
535 3854 800 3909 σεϐαστοῦ
828 3858 921 3907 καὶ
975 3860 1392 3929 πρωτονοταρίου
1435 3861 1595 3928 κυροῦ
1644 3855 1911 3909 Βασιλείου

299 3954 389 3999 τοῦ
420 3951 779 4019 Καματηροῦ·
810 3951 903 3996 τοῦ
919 3942 1728 4019 πρωτονωϐελισσιμοῦπερτάτου
1750 3950 1913 4019 κυροῦ

299 4035 529 4108 Μιχαὴλ
548 4042 644 4087 τοῦ
663 4032 915 4107 Ἀγγέλου
933 4053 945 4065 ·
981 4038 1070 4084 τοῦ
1097 4031 1911 4110 πρωτονωϐελισσιμοῦπερτάτοῦ

299 4123 581 4198 λογοθὶτου
602 4130 698 4176 τοῦ
734 4119 937 4197 δρόμου
974 4125 1063 4173 καὶ
1090 4120 1474 4196 ὅρφανοτρόφου
1504 4129 1665 4196 κυροῦ
1689 4121 1914 4195 Μιχαὴλ

302 4222 393 4265 τοῦ
418 4208 899 4288 Ἀγιοθεοδωρίτου
920 4231 933 4243 ·
968 4216 1061 4262 τοῦ
1097 4209 1912 4287 πρωτονωϐελισσιμοῦπερτάτου

305 4300 388 4356 ἐπὶ
418 4310 510 4355 τοῦ
544 4300 849 4356 Κανικλείου
871 4305 1037 4373 κυροῦ
1059 4298 1296 4352 Ἰωάννου
1320 4307 1414 4351 τοῦ
1439 4306 1760 4374 Καματηροῦ
1776 4341 1788 4354 .
1820 4306 1913 4351 τοῦ

307 4392 883 4466 μεγαλεπιφανεστάτου
904 4396 1378 4463 πρωτοασηκρῆτις
1415 4396 1507 4441 τοῦ
1544 4388 1913 4463 Μακρεμϐολι-

310 4499 425 4532 του·
480 4501 577 4535 του
625 4476 1191 4553 πρωτονωϐελισσίμου
1243 4483 1334 4531 καὶ
1365 4477 1601 4552 ἔπάρχου
1640 4479 1911 4533 Βασιλείου

313 4578 400 4621 τοῦ
424 4575 773 4644 Καματηροῡ·
807 4575 903 4620 τοῦ
949 4566 1508 4639 πρωτονωϐιλισσίμου
1536 4566 1619 4619 ἐπὶ
1663 4576 1763 4620 τῶν
1794 4565 1915 4626 δεή-

319 4676 435 4710 σεων
462 4665 552 4712 καὶ
583 4658 813 4733 φύλακος
831 4654 1061 4728 Μιχαὴλ
1081 4658 1178 4708 τάῦ
1208 4662 1556 4731 Καματηρου·
1588 4664 1680 4710 τοῦ
1704 4676 1913 4734 πρωτο-

317 4749 687 4823 νωειλισσίμου
718 4748 997 4802 ’ἰσαακίου
1020 4752 1111 4797 τοῦ
1142 4745 1482 4799 Ἀκολούθουυ
1529 4753 1622 4798 τοῦ
1667 4744 1911 4799 νωϐε).ισ-

319 4843 467 4910 σίμου
493 4844 581 4892 καὶ
605 4839 966 4915 πριμικηρίου
997 4841 1095 4886 τῶν
1116 4831 1501 4910 βαρδαριωτῶν
1519 4834 1790 4889 Βασιλείου
1823 4832 1913 4888 τοῦ

318 4928 580 5003 Τριοζιῦχου
600 4950 614 4964 ·
647 4934 744 4981 τοῦ
768 4923 1191 4998 νωϐελλισσίμου
1233 4929 1327 4978 καὶ
1373 4929 1723 4999 αοιαίστωρος
1751 4930 1913 5000 Γεωρ-

316 5020 421 5085 γίου
447 5027 536 5072 τοῦ
563 5018 834 5092 Μαγγάνη
854 5030 869 5046 ⁸
902 5020 1001 5066 τοῦ
1044 5012 1620 5087 μεγαλεπιφανεστάτου
1642 5008 1914 5071 δικαιοδό-

2015 3143 2254 3199 sebasto
2304 3143 2544 3199 sebasto
2591 3142 2841 3197 domino
2886 3141 3118 3197 Joanne
3139 3140 3668 3213 Contostephano;

2014 3232 2379 3306 pansebasto
2444 3230 2685 3287 sebasto
2734 3235 2791 3286 et
2832 3229 3242 3304 protonotario
3289 3229 3538 3286 domino
3569 3232 3673 3286 Ba-

2018 3319 2148 3379 silio
2201 3322 2558 3387 Camatero;
2607 3317 3161 3393 protonobilissimo
3202 3316 3530 3374 celsissimo
3568 3317 3674 3374 do-

2017 3409 2182 3466 mino
2222 3408 2499 3465 Michaele
2532 3406 2800 3478 Angelo;
2841 3406 3393 3480 protonobilissimo
3418 3406 3675 3464 celcissi-

2017 3514 2119 3554 mo
2143 3498 2448 3568 logotheta
2505 3513 2720 3553 cursus
2781 3501 2837 3552 et
2882 3496 3381 3570 orphanotropho
3424 3496 3675 3555 domino

2016 3588 2293 3645 Michaele
2337 3585 2865 3659 Hagiotheodorita
2902 3606 2915 3656 ;
2956 3586 3513 3660 protonobilissimo
3560 3586 3675 3643 cel-

2018 3675 2254 3732 sissimo
2295 3674 2549 3731 Caniclei
2588 3675 2843 3747 praeside
2880 3675 3130 3730 domino
3179 3676 3407 3730 Joanne
3463 3676 3672 3733 Cama-

2017 3768 2185 3833 tero;
2218 3780 2442 3833 magno
2491 3770 2548 3819 et
2600 3763 3001 3819 illustrissimo
3050 3763 3510 3836 protoasecretis
3548 3764 3672 3818 Ma-

2018 3853 2371 3910 crembolita
2402 3868 2416 3919 ;
2466 3851 3022 3925 protonobilissimo
3062 3855 3121 3906 et
3155 3850 3419 3922 eparcho
3458 3850 3670 3906 Basilio

2019 3944 2373 4010 Camatero;
2455 3940 3013 4014 protonobilissimo
3069 3955 3107 3996 a
3171 3937 3544 4012 supplicibus
3596 3937 3664 3994 li-

2017 4030 2191 4088 bellis
2244 4038 2301 4086 et
2349 4030 2601 4087 custode
2664 4027 2942 4085 Michaele
2988 4029 3348 4094 Camatero;
3389 4031 3673 4099 protono-

2017 4120 2310 4177 bilissimo
2349 4119 2580 4176 Isaacio
2625 4117 2957 4186 Acolutho;
3009 4115 3392 4173 nobilissimo
3437 4121 3495 4174 et
3552 4116 3671 4190 pri-

2018 4210 2263 4267 micerio
2312 4209 2795 4265 bardariotarum
2852 4206 3070 4263 Basilio
3129 4206 3507 4279 Tripsycho;
3563 4222 3671 4263 no-

2019 4298 2311 4356 bilissimo
2358 4304 2414 4353 et
2443 4302 2742 4370 quaestore
2782 4296 3034 4367 Georgio
3081 4298 3413 4365 Mangane;
3446 4310 3674 4366 magno

2019 4394 2078 4447 et
2118 4388 2517 4444 illustrissimo
2575 4385 2911 4442 dicaaodota
2960 4400 3160 4441 rerum
3205 4385 3676 4440 domesticarum

2018 4477 2345 4534 Theodoro
2382 4474 2760 4544 Pantechne;
2824 4473 3355 4547 protocurOpalata
3422 4472 3675 4543 Georgio

2022 4567 2315 4641 Scylitze;
2386 4564 2919 4639 protocuropalata
2983 4570 3040 4620 et
3096 4563 3466 4635 judiciorum
3522 4578 3673 4636 prae-

2020 4656 2148 4713 side
2200 4659 2429 4712 Joanne
2479 4654 2812 4722 Carianita;
2851 4653 3220 4725 curopalatis
3275 4656 3331 4708 et
3364 4649 3675 4723 judicibus

2020 4746 2141 4802 Beli
2185 4750 2243 4801 et
2290 4741 2676 4818 hippodromi
2723 4742 3083 4814 praesidibus
3122 4739 3372 4808 Georgio
3411 4737 3675 4809 Splenia-

2019 4836 2110 4892 rio
2153 4838 2210 4890 et
2263 4832 2651 4890 Constantino
2704 4832 3019 4902 Mesarita;
3085 4827 3394 4902 judicibus
3448 4825 3566 4882 Beli
3614 4827 3674 4882 et

2018 4922 2409 4999 hippodromi
2473 4919 2836 4994 praesidibus
2901 4920 3131 4977 Thema
3194 4914 3552 4989 Hapluchire
3614 4918 3674 4972 et

2023 5018 2216 5072 Leone
2236 5012 2681 5069 Monasteriota.

312 5122 392 5159 του
471 5114 558 5164 καὶ
633 5108 724 5163 ιιτῖ
811 5110 921 5156 τῶν
1002 5101 1270 5155 οἰκειακῶν
1336 5098 1619 5176 Θεοδώρου
1693 5110 1787 5157 τοῦ
1858 5110 2127 5178 Παντεχνῆ
2156 5125 2169 5139 ·
2237 5109 2329 5155 τοῦ
2396 5098 2967 5178 πρωτοκουροπαλάτου
3035 5100 3292 5172 Γεωργίου
3358 5099 3453 5147 τοῦ
3535 5100 3672 5147 Σκυ-

306 5193 441 5265 λίτζη
471 5218 487 5235 ⁸

576 5206 675 5255 τοῦ
771 5192 1359 5269 πρωτοκουροπαλάτου
1426 5198 1516 5246 καὶ
1579 5192 1663 5247 ὀπὶ
1727 5200 1831 5246 τῶν
1911 5199 2132 5268 κρίσεων
2187 5192 2427 5247 Ἰωάννου
2495 5198 2588 5245 τοῦ
2675 5193 2987 5265 Καριανίτου
3016 5204 3029 5217 '
3106 5193 3209 5239 τῶν
3272 5181 3674 5257 κουροπαλατῶν

297 5296 376 5347 καὶ
415 5301 603 5369 κριτῶν
660 5296 762 5345 τοῦ
810 5281 990 5342 Βήλου
1045 5287 1137 5336 καὶ
1174 5281 1258 5337 ini
1302 5277 1398 5336 τοῦ
1445 5280 1775 5362 ἱπποδρόμου
1823 5288 2083 5360 Γεωργιου
2130 5290 2223 5338 τοῦ
2280 5280 2647 5369 Σπληνιαρίου,
2701 5282 2792 5332 καὶ
2850 5279 3241 5369 Κωνσταντίνου
3302 5278 3401 5369 τοῦ
3441 5277 3675 5369 γεσαριέ

292 5400 372 5437 του
393 5404 410 5420 ο
445 5363 575 5439 ’τῶν
624 5385 840 5457 κριτῶν
894 5378 989 5426 τοῦ
1044 5371 1206 5433 Βήλου
1261 5376 1356 5428 καὶ
1414 5369 1499 5426 ἐπὶ
1571 5381 1666 5429 τοῦ
1724 5369 2055 5449 ἱπποδρόμου
2118 5377 2287 5447 Θωμᾶ
2328 5377 2420 5424 τοῦ
2478 5368 2851 5441 ’Δαλούχιιρος
2895 5369 2987 5419 καὶ
3039 5367 3258 5425 Λέοντος
3309 5364 3403 5412 τοῦ
3458 5363 3675 5411 Μονασ⁸¹

280 5490 366 5555 τηρ
374 5479 544 5534 ιῶτου.
