4126 6272
483 276 590 330 255

1819 268 2092 330 NICETIE
2133 269 2507 328 (ΖΗΟΝΙΑΤᾹΞ

3739 270 3841 324 256

555 401 607 450 2.
671 396 1020 452 Astantibus
1085 399 1268 456 etiam
1339 399 1758 458 sacratissimis
1813 395 2130 468 episcOpis,

2317 395 2386 468 β’.
2441 407 2835 474 Περισταμενων
2893 399 2981 448 καὶ
3043 395 3329 468 ἱερωτάτων
3389 389 3696 465 ἀρχιερέων,
3753 398 3842 443 τοῦ

487 484 781 542 Heracleae
841 485 1159 556 Michaele,
1211 490 1393 559 Cyzici
1445 490 1664 546 Basilio
1694 533 1708 556 ,
1777 485 2134 542 Nicomediae

487 572 786 636 Michaele,
837 578 1106 630 Amaseae
1149 577 1366 642 Niceta,
1409 577 1700 634 Melitenes
1741 576 1958 638 Niceta,
1989 577 2138 628 Gan-

489 677 735 732 grorum
787 664 1014 718 Joanne
1045 708 1060 732 ,
1128 668 1426 737 Myrorum
1497 664 1954 736 Cliristophoro,
2025 665 2139 718 Co-

489 750 671 806 rinthi
736 752 1044 808 Theodoro
1079 797 1092 822 ,
1163 756 1528 810 Athenarum
1589 754 1872 824 Nicolao,
1925 751 2140 808 Mocesi

493 841 671 907 Luca,
725 842 904 896 Cretae
949 844 1198 906 Joanne,
1251 845 1633 916 Trapezuntis
1685 841 1983 902 Michaele.
2043 843 2140 896 La-

491 928 656 984 rissae
729 930 1000 993 Joanne,
1074 932 1556 1004 Philippopoleos
1637 932 1892 996 Basilio,
1953 929 2144 984 Rhodi

495 1019 704 1080 Leone,
725 1017 1132 1090 Philipporum
1165 1023 1414 1089 Joanne,
1437 1019 1942 1092 Hadrianopoleos
1973 1021 2144 1074 Geor-

495 1105 612 1174 gio,
679 1106 980 1178 Mitylencs
1029 1110 1240 1178 Pollio,
1307 1113 1734 1181 Neopalrarum
1803 1106 2141 1177 Euthymio,

493 1195 918 1251 Euchaitarnm
977 1200 1363 1254 Constantino
1393 1237 1426 1266 ,.
1460 1199 1814 1254 Amastridis
1877 1200 2104 1252 Joanne
2129 1241 2142 1258 ,

491 1283 829 1339 Thebarum
895 1287 1148 1356 Joanne,
1193 1289 1500 1344 Serrarum
1579 1287 1890 1343 Theodoro
1925 1327 1938 1350 ,
2015 1285 2146 1340 fEni

495 1373 744 1436 Joanne,
811 1372 1049 1428 Dristrze
1117 1377 1327 1438 Leone,
1395 1379 1666 1445 Corcyra;
1732 1373 2144 1438 Constantino,

493 1459 690 1529 Abydi
723 1460 1023 1529 Michaele,
1071 1464 1428 1534 Methymna:
1477 1463 1737 1528 Nicolao,
1773 1463 2146 1518 Lacedaemo-

493 1564 608 1604 nias
639 1551 860 1616 Niceta,
896 1551 1066 1606 Mileti
1124 1553 1340 1608 Niceta.
1377 1555 1666 1608 Maroneae
1717 1553 1932 1619 Niceta,
1973 1556 2148 1606 Arca-

496 1636 806 1708 diopoleos
838 1641 1248 1708 Constantino,
1281 1641 1434 1697 Parii
1475 1641 1734 1711 Nicolao,
1772 1639 2148 1696 Prceconnesi

495 1725 743 1792 Isaacio,
777 1727 1388 1800 Selybrite'l‘heodulo,
1419 1731 1582 1786 Derci
1605 1733 1854 1800 Joanne,
1877 1727 2144 1784 Anchiali
2177 1745 2214 1798 Β

497 1814 820 1886 Stephano.

567 2066 620 2118 3.
661 2063 1011 2120 Astantibus
1058 2065 1238 2122 etiam
1271 2066 1370 2122 Dei
1408 2065 1838 2122 amantissimis
1877 2065 2142 2122 dominis

495 2153 850 2224 praepositis,
910 2157 1411 2211 reverendissimo
1455 2162 1510 2211 et
1563 2171 1788 2226 magno
1827 2170 2144 2210 (BC-01101110

495 2239 720 2310 Alexio,
753 2258 979 2312 magno
1006 2243 1444 2316 scevophylace
1481 2247 1727 2308 Joanne,
1777 2259 2002 2313 magno
2054 2259 2145 2298 sa-

498 2329 737 2385 cellario
765 2332 1088 2404 Stephano,
1130 2332 1598 2405 chartophylace
1617 2335 1862 2394 Joanne,
1893 2331 2142 2388 canstri-

499 2419 589 2473 sio
623 2421 918 2490 Samuele,
951 2421 1354 2477 referendario
1382 2422 1680 2488 Michaele,
1705 2438 1740 2477 a
1783 2425 2148 2477 commenta-

498 2507 600 2562 riis
633 2509 1042 2575 Constantino,
1071 2510 1562 2566 hieromnemone
1585 2511 1850 2578 Georgio,
1877 2510 2148 2565 ministro

499 2609 535 2649 a
566 2595 819 2665 genibus
853 2599 1258 2656 Constantino.
1287 2600 1572 2669 magistro
1596 2606 1936 2653 sanctorum
1963 2600 2150 2652 Evan-

500 2685 794 2754 geliorum
849 2687 1110 2754 Nicolao,
1162 2689 1454 2744 monitore
1487 2689 1899 2750 Constantino,
1949 2695 2148 2760 proto-

501 2774 829 2846 prasposito
889 2775 1271 2831 ecclesiarum
1316 2777 1646 2842 Theodoro,
1685 2777 1967 2846 magistro
1995 2776 2150 2832 Basi-

497 2863 598 2933 lio,
627 2871 684 2920 et
715 2865 982 2922 secundo
1008 2865 1248 2922 ostiario
1281 2868 1547 2938 Myrone.

571 3207 625 3262 4.
667 3206 940 3277 Majestas
971 3223 1107 3263 mea
1139 3205 1555 3278 subscriptura
1585 3203 1680 3261 die
1713 3204 1983 3261 secunda
2003 3220 2149 3277 prae-

503 3295 691 3351 sentis
722 3295 904 3352 Martii
943 3295 1181 3351 decreto
1208 3295 1447 3351 condito
1477 3299 1534 3350 et
1559 3293 1711 3350 lecto
1766 3295 1916 3350 circa
1971 3293 2152 3350 inter-

502 3383 897 3455 pretationem
930 3383 1258 3454 evangelici
1305 3383 1446 3439 dicti
1479 3401 1492 3438 :
1523 3385 1702 3440 Pater
1749 3399 1911 3440 meus
1955 3385 2151 3452 major

503 3489 592 3529 me
621 3477 722 3542 est,
763 3472 948 3528 voluit
993 3471 1492 3544 subscriptionem
1523 3487 1696 3528 suam
1735 3487 1856 3527 non
1889 3472 2017 3528 sine
2047 3470 2152 3528 ad-

503 3561 833 3618 ditamento
888 3577 1196 3635 peragere,
1260 3561 1428 3633 quod
1482 3561 1686 3633 palam
1745 3561 1965 3618 lectum
2021 3561 2149 3626 fuit,

505 3655 686 3722 atque
715 3652 796 3706 ita
820 3649 898 3707 ad
927 3650 1182 3706 litteram
1215 3666 1278 3706 se
1307 3649 1508 3706 habet.
1555 3651 1781 3722 Sequor
1827 3649 2151 3706 sententias

505 3739 1022 3796 sanctissimorum
1072 3739 1554 3812 patriarcharum
1581 3753 1888 3810 sacrasque
1915 3743 1972 3793 et
1996 3737 2152 3793 divas

507 3829 747 3901 synodi,
781 3830 997 3902 aioque
1026 3829 1221 3900 ipsam
1253 3827 1489 3884 Domini
1526 3843 1790 3892 carnem,
1817 3828 1871 3884 vi
1897 3827 2153 3898 conjun-

505 3919 715 3975 ctionis
744 3918 934 3991 ipsius
990 3917 1334 3982 exaltatam,
1362 3933 1668 3990 supraque
1697 3931 1942 3973 omnem
1967 3915 2154 3971 hono-

503 4024 632 4066 rem
662 4007 1014 4066 collocatam
1049 4009 1152 4082 (ita
1183 4013 1246 4064 ut
1297 4008 1411 4064 hoc
1441 4007 1662 4064 eximio
1689 4023 1850 4062 nexu
1878 4005 2156 4063 deiﬁcata

505 4101 602 4170 sit)
633 4100 1102 4164 immutabiliter,
1123 4099 1572 4165 invariabiliter,
1595 4097 1927 4166 inconfuse,
1953 4097 2154 4154 incon-

505 4187 868 4258 vertibiliter,
899 4188 1292 4261 hypostaticaa
1323 4188 1762 4260 coniunctionis
1784 4187 1974 4258 gratia
1997 4187 2156 4242 inse-

505 4277 841 4350 parabilem
865 4277 1414 4351 indivisibilemque
1436 4285 1802 4340 manentem.
1819 4275 1998 4333 simul
2017 4292 2155 4333 cum

507 4372 854 4424 assumente
879 4367 1074 4438 ipsam
1107 4371 1225 4424 Deo
1255 4367 1468 4436 Verbo,
1515 4369 1644 4440 pari
1691 4368 1920 4424 honore
1960 4366 2073 4424 coli
2102 4369 2159 4423 et

507 4458 770 4526 adorari,
801 4458 980 4515 unica
1031 4459 1402 4528 adoratione,
1434 4459 1719 4532 regioque
1758 4463 1814 4515 et
1841 4458 2046 4516 divino
2095 4457 2156 4514 in
2189 4449 2231 4504 Β

509 4547 660 4604 solio
683 4547 760 4604 ad
783 4548 966 4604 Patris
987 4547 1296 4604 dexteram
1317 4549 1574 4604 residere
1596 4565 1609 4615 ;
1643 4553 1848 4620 utpote
1873 4565 2010 4621 quae
2033 4547 2156 4618 glo-

507 4635 698 4694 riosas
728 4636 1048 4694 divinitatis
1077 4637 1248 4694 dotes
1296 4637 1517 4709 adepta
1565 4642 1655 4694 est
1698 4637 1878 4694 salvis
1917 4641 2158 4694 natura-

507 4743 638 4784 rum
671 4727 1156 4802 proprietatibus.

580 4929 631 4980 5.
673 4928 998 4998 Postquam
1043 4921 1222 4994 igitur
1249 4921 1564 4996 probabile
1613 4923 2008 4980 sanctissimis
2052 4940 2157 4998 pa-

507 5012 784 5070 triarchis
817 5028 1120 5085 sacraeque
1159 5017 1216 5070 et
1243 5013 1398 5069 divas
1427 5013 1664 5086 synodo
1701 5012 1900 5069 visum
1930 5019 2020 5070 est
2041 5014 2156 5071 hoc

511 5101 1014 5166 additamentum.
1069 5103 1164 5160 cui
1215 5108 1270 5160 et
1325 5104 1438 5178 ipsi
1485 5103 1928 5174 consonabant,
1977 5107 2158 5176 prout

507 5191 784 5264 ipsaamet
814 5193 1120 5250 sententias
1171 5195 1588 5250 demonstrant
1623 5211 1760 5267 quae
1805 5194 1867 5248 in
1919 5191 2156 5250 decreto

510 5282 748 5354 scriptae
777 5287 918 5340 sunt
947 5285 1074 5352 (etsi
1098 5299 1221 5341 non
1247 5285 1328 5342 ita
1363 5285 1480 5342 late
1511 5285 1572 5340 in
1611 5283 1684 5340 iis
1729 5285 1843 5340 hac
1883 5299 2067 5358 super
2093 5299 2156 5340 re

507 5371 908 5444 perscriptum
947 5378 1060 5446 est,
1085 5375 1230 5447 quia
1257 5373 1333 5430 de
1379 5389 1452 5430 ea
1499 5373 1745 5430 minime
1776 5387 1974 5430 sermo
2004 5371 2154 5445 fuit),

509 5459 867 5534 subscripsit
897 5463 1185 5534 majestas
1231 5479 1366 5520 mea
1400 5479 1537 5520 cum
1562 5463 1677 5519 hoc
1704 5463 2146 5520 additamenta.

511 5549 648 5608 Erat
671 5557 874 5610 autem
898 5551 1212 5611 rubricatis
1239 5552 1446 5611 litteris
1477 5552 1582 5608 sic.

2244 491 2548 566 Ἡρακλείας
2577 492 2819 564 Μιχαὴλ,
2853 499 2944 544 τοῦ
2979 493 3208 552 Κυζίκου
3241 487 3528 558 Βασιλείου,
3561 495 3653 539 τού
3691 493 3844 538 Νικο-

2248 578 2474 653 μηδείας
2505 582 2741 655 Μιχαὴλ,
2771 589 2861 634 τοῦ
2881 581 3163 652 Ἀμασείας
3187 581 3414 640 Νικητα,
3441 583 3532 630 τοῦ
3553 575 3844 635 Μελιτηνῆς

2247 675 2475 736 Νικητα,
2503 681 2596 724 του
2629 678 2875 744 Γαγγρῶν
2904 670 3161 734 Ἰωάννου,
3189 674 3280 719 τού
3334 669 3522 737 Μύρων
3549 668 3844 737 Χριστοφόο

2247 777 2363 832 ρου,
2395 767 2487 811 του
2521 761 2771 832 Κορίνθου
2823 754 3120 832 Θεοδώρου,
3167 762 3258 806 τοῦ
3285 755 3514 812 Ἀθηνῶν
3563 752 3843 820 Νικολάου,

2251 855 2342 899 τοῦ
2375 855 2638 906 Μωκησου
2667 855 2865 917 Λουκᾱ,
2897 855 2990 900 του
3017 851 3226 919 Κρήτης
3253 845 3508 914 Ἰωάννου,
3533 851 3622 895 τοῦ
3653 851 3849 917 Τραπε-

2255 937 2462 997 ζοῦντος
2499 937 2742 1008 Μιχαὴλ,
2789 945 2880 989 τοῦ
2925 940 3200 1010 Λαρίσσης
3237 934 3494 1000 Ἰωάννου,
3539 939 3632 984 τοῦ
3671 931 3848 985 Φιλιπ-

2253 1025 2544 1086 πουπόλεως
2571 1025 2855 1092 Βασιλείου,
2879 1033 2970 1077 τοῦ
2995 1021 3178 1077 Ῥόδου
3203 1027 3440 1086 Λέοντος,
3469 1029 3561 1073 τοῦ
3585 1021 3849 1074 Φιλίππων

2259 1114 2512 1185 Ἰωάννου,
2543 1115 2632 1167 τοὺ
2667 1113 3140 1188 Ἀδριανουπόλεως
3158 1118 3395 1174 Λέοντος,
3416 1119 3506 1163 τοὺ
3525 1109 3852 1186 Ἰεραπόλεως

2257 1208 2536 1275 Γεωργίου,
2591 1213 2682 1256 του
2731 1204 3032 1264 Μιτυλήνης
3081 1203 3273 1270 Πόθον,
3325 1209 3417 1253 τοῦ
3469 1205 3608 1254 Νέων
3641 1207 3854 1272 Πατρῶν

2259 1293 2545 1364 Εὐθυμίου,
2577 1301 2668 1344 τοῦ
2697 1293 2970 1364 Εὑχαίτων
3007 1295 3418 1358 Κωνσταντίνου,
3445 1297 3538 1341 τοῦ
3571 1288 3858 1361 Ἀμάστρι-

2257 1378 2346 1440 δος
2395 1382 2651 1450 Ἰωάννου,
2707 1389 2798 1434 τοῦ
2853 1387 3112 1456 Δρίστρας
3151 1385 3382 1451 Λέοντος,
3439 1387 3532 1431 τοῦ
3592 1381 3858 1452 Κερκύρας

2259 1475 2668 1540 Κωνσταντίνου,
2699 1479 2789 1524 τού
2809 1467 3036 1524 Ἀϐύδου
3069 1468 3310 1542 Μιχαὴλ,
3341 1476 3431 1520 τοῦ
3461 1467 3735 1539 Μεθύμνης
3755 1473 3857 1518 Νι-

2255 1557 2463 1629 κολάου,
2497 1567 2590 1611 τοῦ
2645 1555 3070 1632 Λακεδαιμονίοις
3097 1563 3322 1623 Νικήτα,
3353 1565 3443 1608 τοῦ
3495 1556 3732 1614 Μιλήτου
3763 1561 3857 1608 Νι·

2254 1655 2408 1716 κητα,
2461 1655 2552 1700 τοῦ
2605 1652 2908 1720 Μαρωνείας
2953 1653 3178 1708 Νικήτα,
3227 1653 3318 1698 τοῦ
3372 1641 3858 1719 ’Λρκαδιουπόλεως

2257 1741 2668 1807 Κωνσταντίνου,
2717 1745 2808 1789 τοῦ
2861 1741 3056 1808 Παρίου
3103 1734 3383 1804 Νικολάου,
3416 1741 3509 1786 τοῦ
3541 1737 3856 1807 Προικόννη-

2257 1843 2350 1874 σου
2383 1825 2672 1892 Ἰσαακίου,
2699 1833 2790 1877 τοῦ
2853 1824 3134 1898 Σηλυϐρίας
3185 1820 3502 1888 Θεοδοὺλου,
3543 1829 3636 1874 τοῦ
3663 1825 3856 1896 Δέρκου

2255 1912 2510 1980 Ἰωάννου,
2539 1918 2628 1966 καὶ
2657 1921 2745 1965 τοῦ
2779 1912 3067 1984 Ἀγχιάλου
3097 1913 3370 1985 Στεφάνου.

2323 2073 2394 2144 γ’.
2435 2079 2944 2147 Συμπαρισταμένων
2973 2077 3064 2126 καὶ
3096 2081 3196 2126 τῶν
3227 2072 3632 2144 θεοφιλεστάτων
3663 2067 3860 2122 δεσπο-

2253 2171 2408 2214 τικῶν
2433 2161 2718 2237 ἀρχόντων,
2753 2171 2841 2214 τοῦ
2872 2165 3157 2237 ὑπερτίμου
3195 2167 3286 2214 καὶ
3323 2160 3548 2234 μεγάλου
3579 2160 3858 2230 οἰκονόμου

2255 2251 2508 2319 Ἀλεξίου,
2537 2261 2628 2304 τοῦ
2683 2251 2908 2324 μεγάλου
2949 2251 3332 2324 σκευοφύλακος
3357 2251 3614 2316 Ἰωάννου,
3647 2255 3738 2300 τοῦ
3768 2267 3862 2320 με-

2255 2341 2416 2412 γάλου
2461 2341 2800 2415 σακελλαρίου
2833 2343 3107 2412 Στεφάνου,
3135 2349 3226 2392 τοῦ
3259 2338 3660 2412 χαρτοφύλακος
3688 2336 3864 2390 Ἰωάν-

2255 2449 2366 2494 νου,
2421 2438 2514 2482 τού
2553 2435 2896 2502 κανστρισίου
2945 2429 3222 2501 Σαμουὴλ,
3279 2437 3377 2480 τοῶ
3426 2423 3863 2502 ραιφερενδαρίου

2257 2519 2500 2590 Μιχαὴλ,
2552 2527 2645 2570 του
2700 2521 3244 2591 ὑπομνηματογράφου
3301 2523 3716 2581 Κωνσταντίνου,
3769 2521 3864 2568 τοῦ

2261 2611 2624 2680 ἱερομνήμονος
2657 2613 2934 2682 Γεωργίου,
2967 2615 3060 2659 του
3085 2606 3166 2659 ἐπὶ
3195 2615 3295 2659 τῶν
3331 2609 3556 2678 γονάτων
3589 2613 3862 2658 Κωνστοιν-

2257 2702 2420 2764 τίνου,
2453 2705 2542 2749 του
2573 2694 2904 2749 διδασκάλου
2929 2705 3027 2748 τῶν
3051 2697 3208 2768 ἁγίων
3229 2693 3862 2766 ΕύαγγελίωνΝικολάου,

2259 2793 2350 2838 τοῦ
2402 2788 2888 2858 ὑπομιμνήσκοντος
2949 2790 3364 2854 Κωνσταντίνου,
3395 2792 3487 2836 τοῦ
3523 2789 3728 2857 πρώτου
3761 2785 3860 2856 ἄρ-

2258 2894 2448 2947 χοντος
2487 2883 2584 2926 τῶν
2639 2873 2925 2928 ἐκκλησιῶν
2971 2872 3246 2948 Θεοδώρου
3295 2881 3386 2926 τοῦ
3428 2875 3730 2947 μαίστώρος
3757 2881 3861 2923 τῶν

2255 2967 2490 3040 ῥητόρων
2537 2965 2830 3034 Βασιλείου,
2862 2970 2952 3017 καὶ
2991 2972 3082 3017 τοῦ
3141 2961 3385 3036 δευτέρου
3425 2962 3697 3034 ὀστιαριου
3747 2964 3864 3014 Μύ-

2181 3089 2220 3144 C
2257 3073 2432 3127 ρωνος.

2333 3210 2378 3266 δ’
2411 3213 2469 3266 Ἦ
2503 3211 2752 3286 βασιλεία
2775 3231 2893 3281 μου,
2919 3211 3179 3284 μέλλουσα
3203 3211 3510 3286 ὑπογράψαι
3539 3209 3585 3264 ἐν
3625 3217 3696 3282 τῷ
3725 3211 3870 3262 κατά

2261 3307 2354 3360 τήν
2383 3299 2628 3378 δευτέραν
2658 3310 2750 3355 τοῦ
2777 3306 3030 3376 παρόντος
3059 3305 3296 3374 Μαρτίου
3333 3304 3491 3374 μηνός
3515 3303 3744 3372 γεγονότι
3772 3305 3870 3352 καὶ

2263 3391 2643 3464 ἀναγνωσθέντι
2675 3395 3005 3464 σημειώματι
3043 3390 3128 3442 ἐπὶ
3165 3397 3227 3462 τῇ
3262 3389 3506 3464 ἑρμηνείᾳ
3532 3395 3620 3441 τοῦ
3649 3389 3868 3460 εὐαγγε-

2259 3479 2408 3534 λικου
2463 3481 2628 3555 ῥητοῦ
2672 3487 2786 3550 τοῦ,
2829 3479 2888 3531 Ὀ
2939 3483 3120 3552 Πατὴρ
3168 3498 3268 3550 μου
3318 3479 3508 3550 μείζων
3555 3481 3654 3550 μου
3699 3475 3870 3543 ἐστιν,

2261 3572 2291 3629 ἠ
2304 3570 2417 3628 θέλη
2427 3588 2484 3622 σε

2262 3661 2590 3732 ὑπογραφὴν,
2625 3657 2654 3715 ἢ
2711 3662 2801 3709 καὶ
2833 3656 3129 3728 ἀνεγνώσθη
3179 3655 3246 3717 εἰς
3276 3655 3518 3724 ἐπήκοον,
3547 3658 3753 3728 ἔχουσα
3781 3653 3872 3708 ἐπὶ

2564 3572 2694 3642 μετά
2754 3569 3062 3644 προσθήκης
3126 3569 3460 3626 ποιήσασθαι
3517 3572 3610 3624 τὴν
3671 3565 3874 3618 οἰκείαν

2259 3748 2438 3811 λέξεων
2497 3749 2688 3808 οὕτως·
2731 3753 2937 3818 Στοιχῶ
2985 3752 3096 3806 ταῖς
3145 3751 3374 3818 γνώμαις
3425 3753 3524 3798 τῶν
3562 3743 3870 3816 ἁγιωτάτων

2262 3843 2610 3912 πατριαρχῶν
2639 3839 2728 3887 καὶ
2747 3842 2841 3895 τῆς
2868 3836 3003 3908 ἱερᾶς
3027 3837 3116 3885 καὶ
3149 3835 3286 3894 θείας
3316 3827 3562 3900 συνόδου,
3591 3835 3680 3883 καὶ
3707 3831 3868 3903 λέγω,

2263 3928 2343 3978 ὅτι
2369 3925 2499 3984 αὕτη
2541 3925 2572 3982 ἢ
2605 3923 2738 3998 σὰρξ
2774 3931 2864 3975 τοῦ
2903 3927 3097 3995 Κυρίου
3128 3921 3182 3986 ἐξ
3232 3921 3396 3984 αὐτῆς
3425 3921 3648 3982 ἐνώσεως
3671 3922 3874 3993 ὑπερν-

2263 4015 2502 4087 ψωθεῖσα
2525 4017 2614 4066 καὶ
2663 4009 2904 4064 ἀνωτάτω
2935 4014 3112 4072 πάσης
3143 4019 3301 4084 τιμῆς
3329 4013 3686 4084 ὑπερκειμένη,
3722 4013 3788 4070 ὡς
3821 4009 3878 4071 ἐξ

2263 4106 2425 4178 ἄκρας
2467 4103 2687 4162 ἑνώσεως
2718 4103 2958 4175 ὁμόθετος
2994 4104 3262 4174 γενομένη,
3305 4099 3689 4173 ἀμεταϐλήτους,
3719 4097 3878 4151 ἀναλ-

2263 4191 2508 4260 λοιὼτως,
2543 4190 2858 4264 ἀσυγχύτως
2887 4194 2976 4242 καὶ
3005 4188 3266 4264 ἀτρέπτως
3311 4185 3345 4241 δ
3351 4192 3404 4242 ιά
3431 4193 3524 4247 τὴν
3551 4187 3668 4240 καθ’
3699 4189 3876 4240 ὑπόσ-

2265 4302 2416 4336 τασιν
2447 4283 2648 4348 ἕνωσιν,
2671 4285 2758 4334 καὶ
2783 4279 3088 4354 ἀχώριστος
3109 4285 3201 4332 καὶ
3232 4275 3598 4339 ἀδιάσπαστος
3637 4283 3881 4352 μένουσα

2266 4380 2338 4444 τῷ
2367 4370 2771 4446 προσλαϐομένῳ
2815 4369 2974 4427 αὑτὴν
3002 4377 3114 4441 Θεῷ
3145 4373 3320 4440 Λόγῳ,
3353 4367 3596 4430 ἰσοκλεῶς
3623 4366 3766 4438 αύτῷ
3797 4387 3882 4420 τι·

2265 4468 2429 4534 μᾶται
2456 4465 2547 4513 καὶ
2571 4466 2940 4533 προσκυνεῖται
2969 4463 3068 4532 μιᾷ
3103 4463 3483 4534 προσκυνήσει”
3515 4461 3606 4509 καὶ
3641 4464 3746 4516 τοῖς
3774 4453 3882 4528 βα-

2269 4550 2490 4613 σιλικοῖς
2513 4553 2602 4603 καὶ
2633 4551 2790 4611 θείοις
2841 4543 3220 4622 ἔγκαθίδρυται
3261 4549 3444 4609 θώκοις
3477 4545 3531 4599 ἐκ
3561 4543 3746 4608 δεξιῶν
3777 4554 3882 4598 τοῦ

2267 4643 2490 4716 Πατρός,
2521 4643 2585 4700 ὡς
2640 4641 2707 4692 τὰ
2757 4646 2854 4701 τῆς
2895 4639 3132 4699 θεότητος
3170 4637 3462 4710 αὐχήματα
3502 4634 3880 4694 καταπλουτή-

2269 4731 2430 4797 σασα,
2463 4730 2764 4801 σωζομένων
2795 4735 2894 4780 τῶν
2923 4722 3200 4785 ὶδίοτήτων
3229 4735 3328 4779 τῶν
3361 4729 3578 4800 φύσεων.

2339 4925 2391 4982 ε’.
2420 4925 2507 4987 Ὠς
2531 4925 2618 4978 οὗν
2641 4923 2830 5000 ἀρεστὴ
2853 4930 2964 4986 τοῖς
2987 4943 3042 4977 τε
3065 4922 3376 4996 ἁγιωτάτοις
3400 4921 3759 4998 πατριάρχαις
3781 4923 3886 4974 καὶ

2264 5021 2327 5086 τῇ
2363 5015 2476 5089 ἱερᾷ
2499 5019 2590 5067 καί⁹
2618 5016 2731 5082 θείᾳ
2783 5009 2990 5086 συνόδῳ
3041 5009 3236 5082 ἔδοξεν,
3268 5013 3338 5074 ὡς
3367 5011 3502 5064 οὕτω
3547 5014 3640 5062 καὶ
3691 5008 3886 5071 αὐτοῖς

2265 5111 2536 5176 φρονοῦσι,
2566 5105 2737 5164 καθὼς
2754 5106 2845 5156 καὶ
2871 5100 2972 5156 ἀπὸ
2993 5109 3092 5154 τῶν
3116 5108 3332 5174 γνωμῶν
3360 5099 3526 5154 αὐτῶν
3547 5097 3886 5172 ἐμφαίνεται,

2263 5199 2362 5247 τῶν
2388 5191 2436 5244 ἓν
2467 5199 2539 5263 τῷ
2581 5189 2866 5252 δηλωθέντι
2893 5197 3225 5265 σημειώματι
3255 5189 3718 5264 ἀναγεγραμμένων
3749 5187 3886 5258 (κᾶν

2265 5287 2337 5358 μὴ
2370 5281 2684 5358 πλατύτερον
2703 5285 2769 5336 τά
2791 5285 2908 5355 περὶ
2931 5283 3117 5335 τούτου
3140 5279 3188 5332 ἐν
3219 5279 3402 5341 αύταίς
3429 5277 3652 5354 ἐγράφη,
3682 5273 3716 5329 δ
3723 5279 3779 5328 ιά
3821 5281 3888 5330 τὸ

2265 5368 2404 5446 μηδέ
2431 5379 2665 5426 τοιοῦτον
2705 5371 2856 5444 λόγον
2887 5371 3250 5444 εἰσαχθῆναι),
3279 5369 3548 5442 ἀπεγράφη
3601 5369 3744 5441 ποιρά
3775 5374 3886 5428 τῆς

2267 5461 2540 5536 βασιλείας
2570 5481 2670 5534 μου
2703 5463 2834 5535 μετά
2861 5465 2948 5514 καὶ
2989 5469 3081 5522 τῆς
3111 5461 3355 5519 τοιαύτης
3388 5458 3688 5533 προσθήκης
3709 5472 3721 5484 ”
3753 5451 3890 5528 εἶχε

2267 5547 2326 5604 δὲ
2353 5555 2444 5605 καὶ
2473 5547 2546 5605 δι’
2578 5549 2803 5630 ἐρυθρῶν
2833 5552 3173 5626 γραμμάτων.
