4148 6288
311 227 404 280 251
1627 207 1982 273 THESAUBI
2018 212 2152 271 LIB.
2193 215 2340 272 XXV.
3550 228 3655 283 232

378 347 432 399 Ὀ
488 344 701 406 εὐτελὴς
764 343 1179 419 ἆρχιεπίσκοπος
1244 345 1432 416 Δέρκου
1493 342 1734 404 Ἰωάννης
1797 342 1907 416 όρί-

2086 341 2332 397 Humilis
2359 343 2850 418 archiepiscopus
2877 344 3042 401 Derci
3069 348 3329 404 Joannes
3359 348 3654 406 deﬁniens

322 456 409 497 σας
435 435 740 512 ὑπέγραψα.

2035 428 2364 503 iubscripsi.

377 526 434 579 '0
491 525 704 588 εὐτελὴς
782 524 1198 597 ἀρχιεπισκοπος
1248 523 1465 584 Γοτθίας
1516 521 1748 582 Ἰωάννης
1800 520 1908 594 ὁρί-

2087 518 2334 574 Humilis
2391 521 2876 596 archiepiscopus
2934 523 3158 580 Gothiae
3207 525 3464 583 Joannes
3505 527 3656 585 deﬁ-

312 635 405 678 σας
433 615 740 689 ὑπέγραψα.

2035 606 2183 662 iiens
2214 609 2562 683 subscripsi.

376 705 437 758 '0
469 705 668 767 εὐτελὴς
721 703 1136 777 ἆρχιεπίσκοπος
1194 699 1480 774 ’Δγχιάλου
1511 701 1755 774 Στέφανος
1799 700 1906 773 ὁρί-

2087 698 2334 754 Humilis
2385 701 2870 774 archiepiscopus
2898 701 3166 760 Anchiali
3187 706 3522 778 Stephanus
3552 707 3657 765 de-

308 814 408 858 σας
433 794 737 868 ὑπέγραψα.

2035 785 2230 842 iniens
2255 788 2598 862 subscripsi.

377 885 438 937 ’0
518 883 718 944 εὐτελὴς
806 880 1192 956 μητροπολίτης
1263 883 1672 954 Νεοκαισαρείας
1740 880 1907 932 Βασί-

2087 877 2340 934 Humilis
2385 880 2764 954 metropolita
2793 884 3188 940 Neocmsareze
3237 885 3505 955 Basilius,
3537 887 3657 944 exi-

304 974 466 1041 λειος,
515 972 895 1044 ἀπαιτούμενος
949 970 1048 1023 ἀπὸ
1101 977 1194 1023 τοῦ
1247 975 1529 1043 προσόντος
1579 965 1789 1022 δικαίου

2035 971 2190 1036 gente
2221 969 2352 1038 jure
2407 971 2807 1026 sanctissimae
2864 970 3134 1028 Ecclesiae
3165 989 3338 1042 meae,
3369 979 3432 1031 ut
3488 993 3660 1049 supe-

2013 1055 2137 1111 rius
2168 1064 2304 1112 ante
2335 1061 2664 1130 Myrensem
2698 1061 3158 1130 subscriberem,
3189 1063 3331 1135 quia
3362 1065 3457 1120 hic
3485 1081 3661 1122 vene-

2015 1145 2220 1202 rabilis
2253 1153 2449 1202 tomus
2510 1149 2819 1204 absolutus
2860 1149 2968 1204 fuit
3007 1151 3178 1222 eique
3228 1151 3656 1228 subscriptum,

2015 1241 2152 1291 ante
2211 1251 2394 1306 quam
2449 1252 2560 1305 ego
2625 1253 3008 1294 consecrarer
3052 1240 3390 1313 episcopus,
3439 1243 3660 1301 idcirco

2013 1324 2110 1380 hic
2131 1325 2424 1381 deﬁniens
2457 1326 2804 1398 subscripsi.

309 1064 553 1136 λαχούσῃ
605 1083 668 1136 με
717 1063 980 1136 ἁγιωτάτῃ
1018 1061 1302 1133 Ἐκκλησία
1362 1061 1551 1114 ἄνωθεν
1587 1067 1678 1111 τοῦ
1717 1062 1906 1131 Μύρων

311 1153 637 1226 ὑπογράψαι,
687 1149 782 1204 διὰ
828 1155 885 1204 τὸ
944 1149 1340 1208 συντελεσθῆναι
1394 1153 1486 1202 καὶ
1542 1149 1908 1224 ὑπογραφῆναι

303 1247 393 1297 τὸν
448 1245 706 1296 θειότατον
750 1249 931 1294 τοῦτον
984 1245 1138 1313 τόμον
1187 1242 1287 1315 πρὸ
1339 1245 1431 1292 τοῦ
1477 1240 1908 1312 χειροτονηθῆναί

298 1330 387 1408 με,
423 1334 605 1406 ὁρίσας
639 1331 865 1384 ἐνταῦθα
901 1328 1204 1406 ΰπίγραψα.

370 1422 436 1475 Ὀ
493 1421 696 1482 εὐτελὴς
747 1419 1138 1494 μητροπολίτης
1188 1420 1403 1473 Ἰκονίου
1453 1418 1694 1480 Ἰωάννης
1745 1417 1907 1469 ἀπαι-

299 1513 549 1583 τούμενος
596 1509 697 1561 ἀπὸ
737 1516 830 1561 τοῦ
868 1527 1153 1581 προσόντος
1185 1503 1395 1559 δικαίου
1447 1515 1509 1579 τῇ
1557 1506 1799 1579 λαχούσῃ
1847 1525 1910 1578 με

303 1601 580 1672 ἁγιωτάτῃ
634 1597 922 1669 Ἐκκλησία
977 1598 1168 1649 ἄνωθεν
1217 1603 1307 1649 τοῦ
1362 1598 1612 1670 Κορίνθου
1669 1595 1909 1669 ὑπογρά-

2089 1414 2340 1470 Humilis
2395 1416 2772 1488 metropolita
2824 1417 3002 1472 Iconii
3053 1417 3334 1491 Joannes,
3391 1422 3662 1492 exigente

2012 1505 2145 1575 jure
2179 1505 2568 1560 sanctissimas
2603 1505 2875 1561 Ecclesiae
2908 1523 3078 1574 meae,
3107 1513 3170 1562 ut
3218 1510 3493 1580 superius
3523 1515 3660 1568 ante

2019 1595 2388 1650 Corinthium
2439 1595 2902 1664 subscriberem,
2961 1597 3104 1669 quia
3153 1597 3250 1652 hic
3307 1600 3661 1656 venerabilis

301 1689 428 1760 ψαι,
487 1685 584 1740 διὰ
651 1691 709 1739 τὸ
779 1685 1174 1745 συντελεσθῆναι
1242 1689 1332 1737 καὶ
1397 1686 1761 1760 ὑπογραφῆναι
1821 1688 1908 1736 τόν

2035 1700 2217 1739 :omus
2271 1685 2584 1740 absolutus
2640 1685 2749 1740 fuit
2787 1685 2961 1758 eique
3015 1687 3441 1760 subscriptum.
3498 1692 3660 1744 ante-

305 1782 572 1832 θειότατον
609 1783 788 1829 τοῦτον
846 1780 1002 1848 τόμον
1057 1779 1158 1850 πρὸ
1214 1781 1304 1826 τοῦ
1361 1776 1795 1848 χειροτονηθῆναί
1825 1793 1908 1846 με,

308 1864 493 1943 όρίδας
517 1865 742 1919 ἐνταῦθα
779 1864 1078 1940 ὑπέγραψα.

951 2011 1183 2062 ΠΡΑΞῙΣ
1224 2015 1259 2060 Δ
1277 2047 1291 2061 .

390 2137 452 2188 α’.
513 2136 698 2209 Ἐγγύς
758 2132 817 2188 δε
870 2142 930 2208 τῇ
1008 2137 1346 2208 Κυριωνύμου
1405 2133 1912 2209 παρεισελαυνούσης

317 2227 530 2301 ἡμέρας,
591 2225 712 2278 καθ’
781 2223 841 2283 ἢν
905 2226 972 2276 τὰ
1031 2227 1149 2295 περὶ
1205 2230 1301 2284 τῆς
1355 2231 1452 2274 τῶν
1496 2222 1658 2294 ἁγίων
1708 2223 1910 2276 εἰκόνων

311 2313 725 2376 ἀναστηλώσεως
778 2311 857 2365 ἐπ’
923 2312 1237 2373 Ἐκκλησίας
1287 2308 1543 2364 συνοδικά
1590 2308 1624 2364 δ
1631 2311 1912 2364 ιαλαλείται

311 2405 724 2478 συγγράμματα,
773 2405 864 2455 καὶ
918 2404 984 2453 τὰ
1055 2409 1149 2463 τῆς
1202 2397 1506 2476 ὄρθοδοξίας
1559 2399 1911 2470 ἀνακηρύττε-

305 2513 422 2563 ται,
481 2491 762 2545 ἐκτίθενται
833 2493 922 2564 μὲν
980 2489 1232 2562 κεφάλαια
1285 2493 1520 2563 τέτταρα,
1558 2496 1628 2560 τῷ
1680 2486 1739 2542 δὲ
1797 2510 1914 2542 συν-

307 2579 481 2653 οδικῷ
530 2579 717 2654 βιϐλίῳ
765 2578 1275 2652 ἐγκαταγράφονται·
1327 2583 1416 2630 καὶ
1447 2578 1606 2630 αὐτοῦ
1658 2575 1716 2631 δὲ
1755 2577 1914 2652 βασι-

304 2671 438 2732 λέως
493 2674 550 2722 τὸ
608 2671 1043 2743 αὐτοκρατορικόν
1108 2669 1440 2742 περιθεμένου
1503 2663 1770 2740 διάδημα,
1826 2673 1916 2720 καὶ

311 2768 429 2822 τοῖς
501 2759 811 2831 ἁγιωτάτοις
872 2759 1235 2832 πατριάρχαις
1312 2761 1394 2807 καὶ
1470 2764 1562 2808 τοῦ
1630 2759 1916 2832 ὶερωτάτων

312 2853 524 2902 πάντων
588 2847 872 2924 ἀρχιερέων
939 2853 1106 2918 χοροῦ
1153 2848 1245 2907 τὰς
1321 2846 1460 2919 ἱερὰς
1532 2846 1918 2905 συνεισελθότος

312 2934 629 3010 κιγκλίδας,
689 2939 714 2988 ό
775 2936 1152 3006 συντεθειμένος
1213 2939 1388 3008 τόμος,
1467 2938 1531 2994 ὡς
1589 2937 1811 3006 εἴρηται,
1853 2941 1913 3005 τῇ·

2017 1790 2202 1846 quam
2227 1789 2338 1844 ego
2368 1790 2749 1830 consecrarer
2794 1775 3134 1848 episcopus,
3167 1776 3388 1833 idcirco
3433 1778 3530 1835 hic
3557 1777 3661 1834 de-

2016 1862 2230 1918 ﬁniens
2257 1863 2601 1936 subscripsi.

2563 2007 2770 2062 ACTIO
2813 2007 3121 2072 QUARTA.

2095 2138 2140 2188 1.
2176 2132 2715 2205 Appropinquante
2761 2133 3069 2189 Dominica
3106 2133 3221 2204 die,
3254 2151 3376 2208 qua
3416 2135 3664 2192 recitan-

2019 2227 2114 2279 tur
2161 2223 2399 2278 decreta
2451 2222 2739 2293 synodica
2795 2223 3274 2296 praedicaturque
3329 2224 3667 2282 orthodoxa

2021 2311 2313 2368 sententia
2385 2310 2458 2366 de
2523 2316 2858 2367 restaurata
2929 2317 3271 2369 sanctarum
3330 2313 3666 2386 imaginum

2022 2401 2205 2468 cultu,
2252 2400 2560 2472 proposita
2627 2400 2866 2458 fuerunt
2904 2402 3168 2474 capitula
3204 2406 3463 2474 quatuor
3491 2419 3668 2476 syno-

2021 2491 2277 2562 dicoque
2306 2490 2363 2545 in
2388 2489 2541 2546 libro
2578 2491 2911 2563 prescripta
2937 2509 2949 2546 :
2983 2491 3236 2564 ipsoque
3256 2508 3394 2563 rege
3414 2494 3668 2564 impera-

2021 2581 2173 2637 toria
2202 2579 2476 2634 redimito
2509 2595 2752 2648 corona,
2793 2585 2848 2635 et
2878 2581 3275 2636 sanctissimis
3316 2581 3669 2654 patriarchis

2023 2669 2548 2740 sacratissimoque
2575 2671 2846 2724 omnium
2888 2670 3300 2741 episcoporum
3330 2677 3485 2726 caatu
3512 2672 3671 2726 intra

2025 2775 2226 2814 sacros
2281 2757 2581 2812 cancellos
2633 2775 2694 2814 se
2752 2759 3221 2830 recipientibus;
3275 2761 3667 2832 compositus,

2027 2847 2110 2902 uti
2142 2847 2364 2900 dictum
2399 2850 2506 2902 est.
2538 2851 2736 2900 tomus
2764 2847 2984 2900 invicta
3013 2848 3168 2916 regis
3201 2864 3386 2902 manu
3416 2847 3668 2912 delatus,

2026 2951 2205 3006 super
2231 2935 2482 3005 mystica
2504 2934 2847 3005 cmlestique
2878 2935 3118 3006 ponitur
3150 2952 3393 2990 mensa:
3432 2941 3488 2990 et
3526 2951 3670 2992 con-

317 3026 659 3101 ἆπροσμάχῳ
725 3028 911 3078 τούτου
973 3023 1185 3096 παλάμῃ
1265 3029 1554 3100 φερόμενος,
1623 3027 1766 3098 παρὰ
1827 3028 1916 3082 τὴν

2035 3025 2265 3079 cinnata
2299 3022 2562 3094 capitula
2591 3037 2730 3077 cum
2782 3022 3254 3094 praecedentibus
3303 3023 3531 3094 scriptis
3564 3039 3671 3096 ap-

313 3121 583 3190 μυστικὴν
639 3121 730 3168 καὶ
777 3115 1017 3188 οὐρανίαν
1058 3113 1355 3166 ἀνατίθεται
1397 3113 1675 3187 τράπεζαν·
1729 3117 1816 3164 καὶ
1855 3116 1921 3165 τὰ

315 3208 629 3259 συντεθέντα
712 3203 966 3276 κεφάλαια
1029 3210 1137 3264 τοῖς
1211 3201 1568 3276 προλαϐόντως
1634 3201 1916 3274 ἐγγεγραμ-

311 3300 489 3370 μένοις
540 3299 1002 3365 συνεκφὼνοῦνται,
1049 3296 1137 3344 καὶ
1197 3298 1302 3352 τοῖς
1357 3291 1662 3343 συνελθοῦσι
1725 3295 1919 3364 γνωρί-

313 3387 518 3447 ζονται·
550 3382 584 3434 ἆ
619 3387 710 3434 καὶ
738 3381 823 3434 ἐπὶ
849 3380 1028 3444 λέξεων
1058 3384 1192 3433 οὕτω
1223 3377 1664 3452 διαλαμϐάνουσι.

392 3472 465 3528 Α’.
501 3503 569 3513 -
714 3477 836 3533 Τοῖς
875 3475 945 3542 μὴ
989 3471 1152 3545 ὀρθῶς
1180 3472 1273 3531 τὰς
1313 3477 1415 3522 τῶν
1445 3469 1607 3540 ἁγίων
1653 3465 1919 3522 διδασκά-

309 3565 416 3617 λων
483 3573 575 3623 τὴς
630 3569 722 3614 τοῦ
772 3568 905 3614 Θεοῦ
963 3559 1272 3619 Ἐκκλησίας
1331 3560 1470 3620 θείας
1525 3563 1692 3631 φωνὰς
1735 3557 1920 3630 ἐκλαμ-

310 3651 638 3724 ϐανομένοις,
698 3654 788 3702 καὶ
840 3651 906 3700 τὰ
973 3656 1150 3720 σαφῶς
1204 3653 1293 3700 καὶ
1349 3643 1617 3720 ἀριδὴλως
1665 3645 1712 3698 ἐν
1741 3647 1920 3708 αὑταῖς

314 3738 415 3793 διὰ
479 3749 574 3801 τῆς
664 3745 757 3790 τοῦ
825 3737 974 3808 ἁγίου
1037 3741 1331 3808 Πνεῦματος
1394 3738 1614 3810 χάριτος
1681 3736 1921 3810 εἰρημένα

311 3831 722 3905 παρερμηνεύειν
757 3845 811 3880 τε
840 3829 929 3878 καὶ
985 3831 1340 3901 περιστρέφειν
1382 3828 1736 3898 πειρωμένοις,
1791 3823 1918 3876 ἀνά-

317 3921 476 3992 θεμα.

393 4007 554 4064 Β’,-
591 4004 656 4077 γ’.
713 4011 822 4057 Τῶν
880 4001 1322 4078 παραδεχομένων
1380 4006 1473 4059 τὴν
1529 4008 1620 4053 τοῦ
1675 4001 1919 4059 ἀληθινοῦ

312 4103 453 4150 Θεοῦ
505 4099 598 4147 καὶ
641 4100 882 4169 Σωτῆρος
929 4094 1071 4164 ἡμῶν
1120 4093 1295 4150 Ἰησοῦ
1325 4097 1560 4166 Χριστοῦ
1593 4096 1754 4162 φωνὴν
1802 4095 1916 4158 τὴν,

307 4183 374 4237 Ὀ
425 4189 611 4258 Πατήρ
667 4202 767 4255 μου
824 4185 1014 4254 μείζων
1054 4185 1153 4254 μου
1207 4179 1342 4247 ἐστι,
1382 4179 1621 4252 λέγεσθαι
1674 4187 1766 4231 σῦν
1810 4186 1919 4240 ταῖς

307 4275 526 4335 λοιπαῖς
580 4273 870 4347 ἑρμηνείαις
935 4279 1034 4322 τῶν
1098 4271 1278 4341 ἁγίων,
1336 4273 1595 4340 Πατίρων,
1645 4289 1733 4321 και
1787 4273 1921 4321 κατὰ

2029 3111 2364 3184 probantur
2434 3116 2919 3184 congregatoque
2990 3112 3165 3167 coetui
3244 3112 3668 3184 prteleguntur,

2028 3216 2162 3272 qua:
2195 3199 2570 3254 adamussim
2600 3199 2725 3254 haec
2754 3203 2942 3255 erant.

2100 3465 2141 3519 Ι.
2177 3498 2242 3504 η-
2265 3470 2315 3518 '2.
2351 3465 2424 3519 Iis
2455 3465 2557 3536 qui
2589 3465 2750 3520 haud
2780 3468 2936 3520 recte
2965 3469 3309 3520 sanctorum
3358 3465 3676 3522 doctorum

2031 3556 2306 3611 Ecclesia
2363 3556 2461 3610 Dei
2522 3555 2893 3610 venerabiles
2939 3555 3270 3611 locutiones
3329 3556 3673 3628 excipiunt;

2029 3661 2286 3717 quaeque
2319 3650 2519 3716 aperte
2565 3647 2995 3716 manifesteque
3022 3643 3102 3699 ibi
3147 3660 3253 3717 per
3283 3645 3473 3699 sancti
3499 3645 3679 3717 Spiri-

2030 3737 2124 3789 tus
2173 3734 2426 3802 gratiam
2476 3735 2635 3789 dicta
2678 3740 2837 3804 sunt,
2867 3750 3150 3805 perversa
3198 3734 3679 3806 interpretatione

2030 3824 2428 3895 pessumdare
2460 3824 2746 3894 nituntur,
2783 3822 3106 3879 anathema
3140 3823 3232 3877 sit.

2101 4006 2168 4057 ll.
2195 4035 2259 4043 —
2291 4008 2346 4058 3.
2377 4005 2593 4057 Eorum
2631 4002 2734 4074 qui
2756 4001 2877 4055 veri
2910 4001 3009 4056 Dei
3035 4004 3091 4056 et
3119 4000 3447 4056 Servatoris
3491 3999 3681 4056 nostri

2027 4094 2165 4147 Jesu
2219 4091 2427 4145 Christi
2475 4090 2797 4145 dictionem
2829 4091 3004 4145 Pater
3040 4106 3201 4145 meus
3247 4092 3440 4161 major
3468 4105 3559 4146 me
3595 4094 3682 4145 est

2029 4180 2385 4247 intelligunt,
2416 4196 2553 4234 cum
2586 4178 2827 4250 reliquis
2860 4180 2955 4234 SS.
2985 4182 3223 4233 Patrum
3254 4177 3684 4251 interpretatio.

2029 4267 2229 4334 nibus.
2263 4268 2440 4322 etiam
2495 4267 2569 4322 de
2619 4267 2831 4322 Christi
2884 4267 3280 4337 humanitate,
3314 4268 3373 4322 in
3441 4283 3565 4340 qua
3625 4270 3683 4324 et

307 4369 410 4423 τήν
466 4363 514 4416 ἐν
583 4362 722 4432 αὐτῷ
791 4359 1170 4434 ἁνθρωπότητα
1232 4358 1350 4410 καθ’
1411 4359 1470 4416 ἣν
1524 4363 1613 4410 καὶ
1683 4360 1916 4426 πέπονθε,

2035 4374 2194 4430 pass:
2227 4374 2251 4410 s
2285 4363 2392 4424 est,
2416 4357 2587 4410 sicuti
2615 4356 2832 4410 diserte
2854 4355 2914 4410 in
2936 4355 3137 4411 multis
3167 4372 3202 4412 a
3235 4359 3351 4412 Deo
3377 4355 3684 4428 inspiratis

313 4456 489 4514 καθὼς
519 4447 817 4526 διαρρήδην
875 4448 922 4502 ἐν
975 4449 1179 4509 πολλοῖς
1234 4456 1332 4500 τῶν
1366 4450 1710 4500 θεοπνεύστων
1757 4449 1918 4519 λόγων

323 4545 491 4595 αὐτῶν
537 4544 588 4594 οἱ
635 4543 775 4613 ἅγιοι
819 4543 1039 4613 Πατέρες
1069 4537 1554 4610 ἀνακηρύττουσιν·
1608 4538 1683 4589 ἔτι
1723 4533 1781 4588 δὲ
1829 4542 1919 4589 καὶ

318 4633 563 4704 λεγόντων
617 4636 704 4683 τὸν
761 4629 917 4681 αὐτὸν
967 4631 1198 4703 Χριστὸν
1242 4629 1376 4679 κατὰ
1404 4630 1498 4684 τήν
1539 4625 1722 4678 ἑαυτοῦ
1751 4628 1922 4698 σάρκα

317 4725 503 4776 παθεῖν
533 4721 716 4772 αἰωνία
754 4723 958 4791 μνήμη.

392 4812 460 4866 Γ.
493 4842 561 4852 -
595 4807 660 4864 δ’.
706 4816 826 4870 Τοῖς
873 4815 1051 4858 νοοῦσι
1100 4810 1190 4857 καὶ
1247 4806 1612 4877 φθεγγομένοις
1657 4809 1751 4862 τὴν
1797 4806 1920 4856 θέω-

318 4923 403 4956 σιν
450 4907 540 4953 τοῦ
602 4897 1014 4973 προσλὴμματος
1078 4894 1388 4967 μετάμειψιν
1451 4901 1543 4954 τῆς
1598 4890 1920 4967 ἀνθρωπίνης

315 4995 519 5065 φύσεως
586 4988 654 5050 εἰς
721 4989 963 5043 θεότητα’
1027 4989 1117 5036 καὶ
1193 4987 1263 5055 μὴ
1330 4989 1578 5055 φρονοῦσι
1644 4980 1696 5043 ἐξ

315 5080 560 5150 ἇνὼσεως,
620 5080 758 5137 θείας
805 5079 896 5148 μὲν
944 5071 1091 5136 ἀξίας
1161 5078 1250 5124 καὶ
1309 5071 1708 5144 μεγαλειότητος
1760 5089 1921 5142 μετα-

1761 4981 1922 5042 αὐτῆς

316 5179 468 5243 σχεῖν
519 5173 578 5222 τό
632 5175 790 5240 σῶμα
826 5172 920 5216 τοῦ
979 5167 1192 5236 Κυρίου,
1241 5167 1330 5214 καὶ
1377 5161 1787 5234 προσκυνεῖσθαι
1826 5166 1924 5232 μιᾷ

313 5266 671 5336 προσκυνήσει
725 5255 777 5308 ἕν
819 5262 894 5324 τῷ
960 5250 1360 5328 προσ-λαϐομένω
1420 5250 1545 5301 αὐτὸ
1588 5255 1701 5319 Θεῷ
1748 5254 1919 5321 Λόγῳ,

311 5358 399 5407 καὶ
456 5348 584 5406 εἶναι
636 5349 916 5422 ὁμότιμον,
956 5338 1231 5416 ὁμόδοξον,
1262 5341 1533 5403 ζωοποιόν,
1587 5337 1806 5399 ἰσοκλεες
1850 5345 1922 5408 τῷ

307 5453 414 5501 Θεῶ
443 5449 535 5498 καὶ
577 5441 762 5513 Πατρὶ
807 5437 899 5485 καὶ
945 5440 1014 5502 τῷ
1059 5434 1296 5502 παναγὶῳ
1333 5433 1610 5502 Πνεῦματι,
1662 5432 1750 5479 καὶ
1795 5430 1924 5500 όμό-

297 5506 493 5617 θρίων.
534 5535 612 5608 μὴ
673 5506 860 5602 μέντοι
901 5540 962 5592 γε
1009 5521 1250 5593 γενέσθαι
1311 5521 1589 5592 όμοούσιον
1666 5525 1738 5587 τῷ
1787 5524 1921 5588 Θεῷ·

2032 4445 2414 4501 sermonibus
2469 4445 2591 4500 suis
2636 4445 2823 4500 sancti
2869 4445 3071 4500 Patres
3119 4445 3559 4517 depraedicant;
3592 4445 3683 4500 in-

2031 4553 2214 4608 super
2240 4551 2447 4589 eorum
2475 4534 2578 4606 qui
2611 4533 2917 4589 afﬁrmant
2959 4535 3240 4598 eumdem
3272 4534 3574 4590 Christum
3621 4533 3684 4590 in

2031 4642 2141 4681 sua
2162 4640 2340 4679 carne
2371 4639 2578 4679 revera
2606 4623 2788 4679 fuisse
2817 4639 3068 4695 passum
3095 4643 3108 4692 ;
3141 4630 3363 4680 aeterna
3392 4624 3686 4680 memoria

2035 4715 2130 4769 sit.

2104 4803 2194 4857 Ill.
2229 4804 2378 4856 -4.
2437 4801 2508 4855 lis
2569 4801 2674 4874 qui
2729 4801 3160 4857 incarnationis
3243 4799 3686 4858 deiﬁcationem

2032 4891 2374 4946 existimant
2404 4891 2692 4961 aiuntque
2724 4905 2851 4944 esse
2885 4891 3167 4944 humanae
3197 4895 3425 4944 naturae
3448 4888 3509 4944 in
3538 4888 3688 4945 divi-

2030 4980 2276 5036 nitatem
2329 4978 2821 5049 conversionem;
2873 4994 3067 5050 neque
3099 4978 3351 5034 credunt
3379 4978 3458 5034 ob
3489 4977 3686 5050 ipsam

2032 5069 2519 5139 conjunctionem
2553 5083 2768 5138 corpus
2809 5067 3053 5139 quidem
3086 5067 3318 5123 Domini
3349 5067 3556 5124 divina
3603 5068 3690 5123 di-

2033 5159 2257 5227 gnitate
2285 5164 2339 5212 et
2368 5157 2824 5212 honoriﬁcentia
2851 5156 2985 5224 frui,
3011 5157 3309 5230 unicaque
3336 5158 3688 5227 adoratione

2033 5247 2269 5302 adorari
2303 5247 2361 5302 in
2405 5251 2748 5301 assumente
2780 5245 2928 5301 illud
2982 5249 3099 5301 Deo
3154 5247 3382 5316 Verbo;
3413 5248 3688 5321 adeoque

2033 5351 2162 5391 esse
2185 5335 2363 5391 simul
2390 5335 2765 5404 honorabile,
2801 5335 3149 5405 gloriosum,
3170 5335 3490 5407 vivificum,
3526 5337 3687 5408 paris

2034 5443 2171 5482 cum
2203 5430 2318 5480 Deo
2343 5429 2508 5480 Patre
2535 5425 3038 5497 sanctissimeque
3071 5425 3291 5498 Spiritu
3323 5426 3587 5494 honoris,
3626 5426 3690 5481 in

2034 5517 2370 5589 eodemque
2429 5515 2646 5571 throno
2677 5514 2927 5582 sedere;
2986 5531 3108 5571 non
3165 5521 3366 5572 tamen
3425 5513 3688 5570 consub-
