4126 6272
479 201 582 256 263

1803 189 2075 248 NICETr'E
2123 183 2515 242 ῦΗΟΝΙΑΤιΕ.

3728 185 3837 240 264

477 320 752 380 stantiale
783 325 920 388 Deo,
950 320 1032 377 ita
1070 325 1134 376 ut
1160 319 1442 392 physicas
1488 319 1572 376 rei
1625 321 1838 374 creatae
1864 313 2127 388 proprie-

2246 311 2306 370 ὡς
2364 307 2612 370 ἐκστῆναι
2663 319 2761 363 τῶν
2817 318 3046 383 φυσικῶν
3122 304 3396 368 ἰδιοτήτων
3453 313 3543 360 τοῦ
3593 315 3830 370 κτιστοῦ,

476 415 625 467 tates
684 410 939 476 amittat,
982 423 1202 480 nempe
1245 407 1884 478 circumscriptionem,
1935 407 1991 457 ct
2025 417 2132 454 cre-

475 505 601 557 tera
622 515 756 571 quire
777 498 840 554 in
864 498 1074 552 Christi
1098 497 1368 552 humana
1399 502 1616 552 natura
1641 497 2000 556 cernuntur;
2027 488 2132 544 sed

481 593 696 662 putant
723 587 1162 643 humanitatem
1186 600 1536 641 conversam
1560 584 1744 642 fuisse
1774 583 1832 638 in
1863 579 2134 637 divinita-

477 678 550 735 tis
582 675 1014 742 substantiam;
1050 675 1131 732 ita
1161 678 1225 730 ut
1253 673 1393 730 hinc
1424 672 1791 730 concludant
1817 671 1913 726 vel
1943 669 2132 742 phan-

477 767 756 822 tasticain
785 764 967 820 fuisse
998 768 1175 836 atque
1205 763 1368 819 haud
1401 779 1604 818 veram
1652 759 1884 817 Domini
1943 757 2132 814 incar-

478 855 788 912 nationem
815 857 872 910 et
897 852 1264 925 passionem,
1297 852 1391 906 vel
1423 851 1716 922 Unigeniti
1763 847 2132 906 divinitatem

478 958 726 1018 passam
757 941 944 998 fuisse
971 959 982 1010 ;
1012 940 1338 996 anathema
1369 939 1464 995 sit.

551 1033 640 1087 1V.
669 1061 735 1070 —
781 1035 833 1085 5.
865 1033 1082 1084 Eorum
1123 1029 1226 1101 qui
1265 1027 1492 1098 dicunt,
1542 1042 1788 1084 carnem
1813 1024 2050 1082 Domini
2077 1022 2136 1078 vi

482 1118 922 1188 conjunctionis
959 1117 1148 1190 ipsius
1177 1116 1521 1184 exaltatam,
1555 1130 1862 1188 supraque
1891 1127 2136 1170 omnem

480 1208 774 1264 honorem
817 1207 1168 1264 collocatam
1203 1206 1308 1274 (ita
1349 1211 1411 1261 ut
1435 1206 1551 1261 hoc
1585 1205 1803 1260 eximio
1829 1218 1986 1260 nexu
2019 1201 2137 1257 dei~

481 1297 661 1353 ﬁcata
693 1297 786 1367 sit)
813 1294 1284 1360 immutabiliter,
1313 1293 1764 1362 invariabiliter,
1801 1291 2134 1357 iuconfuse,

480 1385 1030 1452 inconvertibiliter,
1057 1385 1448 1456 hypostaticaa
1480 1382 1920 1454 conjunctionis
1947 1381 2139 1452 gratia

481 1475 973 1548 inseparabilem,
1001 1473 1549 1546 indivisibilemque
1579 1476 1926 1530 manentem
1959 1471 2139 1528 simul

484 1581 626 1620 cum
681 1567 1028 1620 assumente
1093 1563 1292 1634 ipsam
1348 1565 1467 1617 Deo
1513 1562 1725 1633 Verbo,
1759 1561 2138 1634 parihonore

2239 407 2327 450 του
2357 407 2731 472 περιγραπτοῦ,
2762 404 2852 452 καὶ
2893 409 2992 450 τῶν
3030 398 3222 452 λοιπῶν
3260 405 3359 449 τῶν
3416 395 3465 448 ἐν
3639 394 3836 469 ἁνθρω-

2241 493 2362 540 πεία
2423 491 2572 560 φύσει
2637 495 2729 541 τοῦ
2795 496 3030 563 Χριστού
3100 489 3454 562 θεωρουμένων
3497 503 3510 516 ·
3593 504 3836 558 μεταμει-

2243 578 2434 648 φθῆναι
2487 573 2546 630 δὲ
2603 578 2676 641 εἰς
2721 583 2815 636 τὴν
2879 580 3120 640 θεότητος
3173 577 3376 644 οὐσίαν,
3427 578 3496 637 ὡς
3548 573 3602 626 ἐκ
3648 575 3836 627 τούτου

2241 665 2466 737 εἰσάγειν
2528 667 2558 726 ἦ
2615 671 2872 740 φαντασίᾳ
2922 672 3013 720 καὶ
3063 665 3156 720 οὐκ
3192 665 3408 739 ἀληθείᾳ
3453 667 3714 738 γεγονέναι
3742 668 3838 722 τὴν

2243 753 2632 828 ἐνανθρωπησιν
2684 764 2774 808 τοῦ
2829 761 3021 831 Κυρίου
3080 760 3170 808 καὶ
3216 757 3283 808 τὰ
3323 755 3548 825 ﬁdem?)
3601 758 3695 812 τὴν
3745 760 3836 808 τοῦ

2242 851 2562 918 Μονογενοῦς
2593 848 2814 905 θεότητα
2842 848 3045 912 παθεῖν,
3073 843 3322 918 ἀνάθεμα.

2315 1022 2540 1079 Δ’.-ε’.
2580 1031 2690 1078 Τῶν
2727 1023 2973 1096 λεγόντων
3022 1025 3102 1077 ὄτι
3152 1025 3182 1082 ἡ
3239 1023 3372 1096 σὰρξ
3415 1031 3507 1075 τοῦ
3541 1027 3734 1092 Κυρίου
3790 1022 3844 1088 ἐξ

2245 1113 2404 1174 αὐτῆς
2453 1114 2679 1176 ἔνώσεως
2731 1113 3156 1187 ὑπερυψωθεῖσα,
3205 1117 3295 1166 καὶ
3345 1111 3616 1166 ότιωτάτων
3665 1115 3844 1175 πάσης

2243 1211 2398 1276 τιμῆς
2447 1205 2805 1277 ὑπερκειμένη,
2863 1206 2928 1264 ὡς
2997 1202 3050 1266 ἐξ
3107 1205 3274 1277 ἄκρας
3349 1201 3576 1265 ἐνὼσεως
3633 1204 3846 1275 όμόθεος

2245 1297 2508 1366 γενομένη,
2590 1292 2972 1366 ἁμεταϐλὴτως,
3069 1291 3439 1361 ἁναλλοιώτως,
3523 1291 3844 1365 ἁσυγχύτως

2244 1388 2335 1435 καὶ
2391 1382 2672 1458 ἀτρέπτως,
2721 1379 2814 1434 διὰ
2843 1387 2936 1441 τὴν
2987 1381 3105 1434 καθ’
3137 1383 3430 1434 ὑπόστασιν
3495 1383 3698 1452 ἕνωσιν⁹
3753 1401 3848 1434 και

2247 1472 2546 1546 ἀχώριστος
2598 1474 2688 1524 καὶ
2755 1467 3120 1530 ἀδιάσπαστος
3149 1474 3378 1543 μένουσα
3425 1477 3496 1540 τῷ
3553 1468 3844 1545 προσλαϐο-

2245 1567 2377 1634 μένῳ
2426 1563 2588 1618 αὐτὴν
2637 1565 2744 1614 Θεῶ
2787 1564 2961 1632 Λόγῳ,
3011 1559 3250 1620 ἰσοκλεῶς
3303 1559 3443 1630 αὐτῷ
3490 1565 3708 1630 τιμᾶται
3753 1563 3846 1611 καὶ

485 1652 601 1708 coli
663 1657 721 1707 et
785 1651 1045 1717 adorari,
1081 1651 1258 1706 unica
1329 1651 1700 1722 adoratione,
1767 1651 2052 1723 regioque
2083 1653 2137 1706 et

2246 1657 2616 1725 προσκυνεῖται
2660 1656 2759 1722 μιᾷ
2813 1654 3186 1722 προσκυνήσει,
3231 1653 3321 1702 καὶ
3364 1654 3474 1708 τοῖς
3541 1646 3846 1720 βασιλικοῖς

485 1740 689 1796 divino
716 1740 773 1795 in
795 1739 942 1795 solio
965 1738 1041 1794 ad
1067 1739 1254 1794 Patris
1277 1739 1585 1795 dexteram
1609 1739 1902 1804 residere;
1933 1741 2138 1810 utpote

485 1845 624 1902 quae
657 1828 986 1884 Divinitatis
1031 1829 1199 1883 dotes
1235 1827 1524 1898 gloriosas
1564 1827 1782 1900 adepta
1811 1833 1918 1896 est,
1961 1826 2138 1882 salvis

484 1923 839 1976 naturarum
863 1917 1358 1989 proprietatibus:
1385 1915 1469 1972 sic
1490 1917 1839 1986 dicentium,
1861 1916 2136 1988 inquam,

483 2012 707 2064 aeterna
733 2007 1024 2062 memoria
1055 2006 1148 2062 sit.

552 2101 604 2152 6.
647 2099 780 2152 Haec
839 2095 1166 2167 quotannis
1224 2095 1436 2152 eadem
1506 2096 1602 2152 die
1633 2095 1942 2152 Dominica
1999 2109 2139 2149 cum

481 2189 661 2242 antea
717 2184 882 2240 dictis
939 2200 1068 2239 esse
1114 2183 1456 2256 proﬁtenda
1507 2184 1814 2240 decretum
1867 2187 1980 2240 est.
2013 2183 2139 2238 Imo

479 2289 644 2341 vero,
667 2289 806 2328 cum
831 2289 938 2344 per
967 2273 1026 2326 id
1055 2277 1290 2344 tempus
1321 2272 1699 2328 ordinandus
1726 2279 1880 2328 esset
1905 2275 2140 2328 Neocae-

485 2378 676 2418 sareas
709 2363 1052 2432 episcopus,
1087 2361 1162 2415 ad
1195 2365 1404 2416 ctetcra
1427 2377 1560 2433 quae
1583 2362 1662 2416 ob
1703 2361 2140 2434 explorandam

481 2451 705 2506 mentis
765 2449 1185 2504 orthodoxiam
1241 2449 1539 2520 descripta
1585 2455 1774 2516 erant,
1801 2450 1917 2504 hoc
1961 2449 2138 2506 etiam

479 2542 623 2596 tunc
648 2539 1013 2610 imperatum
1039 2542 1125 2594 est
1146 2538 1373 2593 recitari
1397 2537 1487 2593 his
1523 2538 1902 2594 adamussim
1921 2537 2134 2594 verbis.

561 2813 614 2863 7.
657 2806 844 2864 Etiam
899 2807 1232 2880 amplector
1287 2811 1344 2864 et
1407 2808 1692 2880 proﬁteor
1748 2824 1822 2865 ea
1885 2825 2021 2881 quae
2065 2809 2140 2866 de

487 2895 666 2952 eﬁ‘ato
697 2895 1008 2951 Dominico
1037 2895 1094 2950 in
1119 2896 1341 2952 sanctis
1374 2896 1746 2968 Evangeliis:
1779 2899 1958 2953 Pater
1976 2913 2138 2953 meus

2245 1745 2335 1792 καὶ
2397 1742 2552 1800 θείοις
2578 1737 2953 1814 ἐγκαθίδρυται
3007 1741 3191 1798 θώκοις
3247 1737 3302 1790 ἐκ
3353 1733 3535 1800 δεξιῶν
3591 1743 3684 1789 τοῦ
3737 1744 3847 1790 Πα-

2245 1833 2384 1901 τρός,
2447 1831 2514 1890 ὡς
2572 1831 2638 1880 τὰ
2677 1837 2772 1890 τῆς
2841 1829 3076 1888 θεότητος
3133 1827 3426 1899 αὐχήματα
3481 1825 3848 1883 καταπλουτή-

2249 1938 2410 1983 σασα,
2463 1919 2765 1990 σωζομένων
2805 1925 2901 1969 τῶν
2943 1914 3218 1975 ἰδιοτὴτων
3259 1923 3360 1968 τῶν
3403 1917 3623 1988 φύσεων,
3655 1914 3846 1968 αἰωνια

2246 2009 2276 2065 ἡ
2310 2011 2510 2080 μνήμη.

2323 2095 2376 2156 ς’.
2407 2101 2585 2148 Ταῦτα
2639 2092 2704 2153 δὴ
2763 2099 2853 2147 καὶ
2901 2092 3126 2156 ἐτησίως
3153 2095 3288 2146 κατὰ
3343 2095 3538 2151 ταύτην
3589 2097 3682 2152 τὴν
3733 2112 3842 2145 κυ-

2245 2191 2501 2260 ριώνυμον
2589 2186 3022 2256 συνεκφωνεῖσθαι
3094 2189 3200 2244 τοῖς
3276 2188 3624 2258 προγραφεῖσι
3693 2184 3850 2235 κεκύ-

2245 2294 2429 2349 ρωται·
2481 2273 2540 2325 οὐ
2588 2277 2741 2345 μόνον
2793 2269 2852 2326 δὲ
2905 2272 3033 2326 ἁλλὰ
3079 2277 3168 2325 καὶ
3214 2275 3358 2346 παρὰ
3409 2279 3502 2324 τοῦ
3556 2277 3856 2330 τηνικαῦτα

2246 2367 2363 2416 τότε
2411 2363 2849 2435 χειροτονηθῆναι
2922 2360 3186 2433 μέλλοντος
3243 2359 3528 2434 ἀρχιερέως
3574 2368 3669 2422 τῆς
3715 2366 3856 2412 Nsc-

2247 2455 2536 2524 καισαρέων
2611 2449 2823 2514 πόλεως,
2883 2456 2989 2510 τοῖς
3047 2452 3189 2524 παρὰ
3255 2457 3346 2501 τοῦ
3409 2453 3654 2523 πρότερον
3717 2451 3856 2522 πρὸς

2248 2539 2529 2612 ἀσφάλειαν
2577 2545 2670 2590 τοῦ
2736 2537 2930 2590 ἑαυτῶν
2979 2543 3305 2610 φρονήματος
3357 2541 3696 2610 γραφομένοις
3753 2541 3856 2590 καὶ

2245 2637 2413 2681 ταῦτα
2471 2625 2943 2698 συνεξησφάλισται
2995 2630 3125 2701 πρὸς
3176 2629 3291 2688 ἔπος
3351 2626 3485 2678 οὕτω
3539 2622 3854 2700 διαλαμϐά-

2245 2737 2417 2772 νοντα·

2322 2805 2384 2870 ζ’.
2415 2805 2528 2860 ’Ἐτι
2579 2805 2990 2878 κατασπάζομαι
3037 2809 3127 2858 καὶ
3173 2805 3404 2878 ὁμολογῶ
3454 2807 3522 2858 τὰ
3573 2808 3692 2875 περὶ
3745 2812 3849 2868 τῆς

2249 2895 2296 2948 ἐν
2343 2901 2453 2954 τοῖς
2513 2893 2679 2964 ἁγίοις
2731 2893 3062 2966 Εὐάγγελίοις
3119 2899 3436 2954 Δεσποτικῆς
3491 2899 3660 2965 φωνῆς
3722 2899 3848 2962 τῆς,

484 2988 684 3054 major
717 3000 808 3040 me
839 2991 924 3041 est
983 2985 1202 3040 tradita
1232 2990 1370 3040 sunt
1395 3000 1432 3040 a
1459 2967 1682 3041 sanctis
1713 2985 2008 3057 Patribus,
2037 2986 2137 3042 de-

2246 2967 2304 3036 εΟ
2355 2987 2534 3056 Πατήρ
2590 3001 2690 3054 μου
2747 2983 2938 3054 μείζων
2991 2985 3092 3054 μού
3150 2980 3282 3049 ἐστι,
3337 2983 3483 3055 παρὰ
3533 2989 3633 3034 τῶν
3681 2980 3849 3050 ἁγίων

485 3073 710 3130 clarata
741 3078 943 3130 autem
973 3074 1030 3128 in
1085 3073 1364 3144 religioso
1396 3078 1580 3143 tomo,
1613 3075 1718 3147 qui
1769 3075 2139 3146 compositus

483 3167 572 3219 est
617 3167 768 3219 nutu
820 3162 1107 3218 divinitus
1159 3163 1434 3234 inspirati
1509 3163 1770 3234 potentis
1827 3163 2140 3236 sanctique

481 3251 670 3308 nostri
694 3253 853 3320 regis
882 3251 1376 3322 Porphyrogeniti
1407 3256 1463 3306 et
1492 3251 1872 3324 imperatoris
1911 3253 2140 3308 domini

483 3339 768 3396 Manuelis
799 3341 1120 3393 Comneni:
1153 3355 1370 3411 nempe
1401 3339 1568 3411 quod
1591 3339 1955 3396 locutionem
1985 3341 2140 3396 hanc

483 3427 728 3502 protulit
785 3427 1074 3482 Dominus
1123 3433 1179 3482 et
1231 3431 1384 3484 Deus
1435 3434 1636 3484 noster
1663 3429 1838 3484 Jesus
1875 3430 2142 3486 Christus

487 3513 668 3570 etiam
702 3514 1036 3568 secundum
1074 3531 1244 3569 suam
1278 3521 1540 3572 creatam
1599 3517 2142 3591 circumscriptam-

460 3617 608 3674 .que
639 3607 918 3658 naturam
950 3603 1008 3656 in
1039 3619 1162 3674 qua
1199 3607 1256 3658 et
1284 3620 1505 3676 passus
1535 3609 1642 3660 est.
1675 3607 1913 3678 Recipio
1939 3612 2142 3664 autem

489 3689 565 3746 de
593 3689 896 3746 locutione
925 3690 1039 3745 hac
1072 3695 1310 3746 caeteras
1368 3708 1613 3764 quoque
1659 3699 2004 3751 sanctorum
2037 3697 2142 3752 Pa-

491 3783 647 3834 trum
707 3779 1243 3852 interpretationes.
1277 3785 1468 3852 Atque
1503 3781 1632 3838 haec
1664 3798 1698 3838 a
1735 3785 1966 3839 cunctis
2007 3800 2145 3840 con-

487 3868 789 3925 secrandis
810 3869 1087 3940 deinceps
1114 3869 1416 3941 episcopis
1448 3869 1787 3941 proﬁtenda
1816 3887 1946 3928 esse
1973 3889 2145 3928 cons-

483 3956 721 4014 titutum
748 3963 856 4013 est.

554 4049 606 4100 8.
639 4047 737 4101 His
759 4046 927 4112 actis,
959 4046 1140 4102 unius
1173 4047 1274 4102 Dei
1304 4047 1569 4104 Ecclesia
1593 4048 1658 4104 in
1685 4065 1876 4104 unum
1918 4065 2138 4123 corpus

479 4133 655 4190 rediit
709 4139 766 4189 et
815 4135 980 4190 unita
1035 4140 1155 4194 est:
1208 4135 1690 4208 exclamavitque
1744 4154 1883 4193 cum
1914 4153 2138 4208 magno

481 4221 670 4276 Paulo
702 4240 716 4276 :
753 4221 1029 4278 Christus
1055 4230 1139 4280 est
1171 4239 1303 4292 pax
1332 4233 1561 4290 nostra,
1595 4229 1702 4297 qui
1717 4228 1861 4297 fecit
1883 4233 2141 4298 utraque

483 4323 671 4365 unum
693 4311 762 4344 35'
790 4326 802 4374 ;
835 4314 892 4365 et
919 4326 1079 4380 eum,
1103 4311 1208 4382 qui
1237 4328 1407 4384 aeque
1436 4329 1505 4368 ac
1537 4315 1822 4370 Salomon
1843 4317 2137 4386 sapientia
2169 4355 2215 4410 υ

481 4397 685 4454 infusa
739 4397 1026 4470 praeditus
1082 4405 1226 4465 erat,
1251 4401 1525 4472 apprime
1555 4403 1876 4474 paciﬁcum
1909 4410 1964 4460 et
2003 4421 2136 4461 vere

484 4490 738 4542 unctum
767 4487 1000 4542 Domini
1029 4503 1230 4558 regem
1257 4489 1686 4558 magniﬁcavit.

1020 4719 1225 4776 ACTIO
1267 4719 1544 4784 QUINTA.

562 4851 610 4903 l.
654 4849 854 4919 Neque
882 4850 1084 4902 tamen
1110 4845 1344 4900 interim
1372 4845 1741 4904 dormitabat
1785 4849 1835 4904 is
1865 4851 1968 4922 qui
1994 4851 2141 4908 ziza-

483 4935 652 4992 nium
683 4936 743 4990 in
769 4934 1072 5004 religionis
1118 4933 1310 4990 tritico
1359 4951 1554 4990 serere
1608 4937 1892 5005 molitur;
1942 4954 2141 5011 neque

480 5039 663 5097 porro
683 5023 1030 5079 demoratus
1062 5025 1170 5084 est.
1204 5039 1400 5094 neque
1433 5023 1726 5081 malitiam
1755 5026 1860 5080 diu
1892 5027 2135 5084 distulit.

478 5112 584 5169 sed
611 5125 883 5166 rumores
915 5111 1128 5166 iterum
1161 5111 1574 5182 insonuerunt,
1608 5114 1709 5184 qui
1747 5121 2138 5186 pel-sanatum

477 5215 673 5273 nuper
693 5200 1144 5254 Christianitatis
1176 5216 1394 5272 corpus
1421 5201 1762 5258 exulcerare
1794 5203 2133 5262 tentabant:

479 5291 804 5361 denuoque
833 5289 1320 5361 obloquebantur
1374 5289 1646 5361 quidam,
1707 5293 2016 5350 conditum
2050 5300 2135 5352 to—

559 5465 628 5510 85'
653 5465 866 5537 Ephes.
899 5481 957 5538 ιι,
995 5469 1082 5523 14.

2250 3075 2490 3144 Πατέρων
2547 3068 2916 3146 παραδοθέντα
2958 3075 3050 3122 καὶ
3103 3067 3540 3144 διατράνωθέντα,
3592 3071 3691 3122 ὑπὸ
3753 3077 3851 3122 τοῦ

2250 3159 2502 3222 εὐσεϐοῦς’
2547 3163 2708 3231 τόμου
2769 3167 2864 3212 τοῦ
2935 3158 3222 3222 ἐκτεθέντος
3278 3162 3556 3232 θεοκινητῳ
3629 3161 3852 3232 νεύματι

2249 3257 2339 3302 τού
2378 3255 2632 3324 κραταιοῦ
2673 3253 2764 3301 καὶ
2800 3247 2952 3319 ἁγίου
2995 3250 3140 3322 ἡμῶν
3185 3247 3442 3321 βασιλέως
3483 3255 3853 3323 Πορφυρογεν-

2248 3345 2400 3396 νὴτου
2449 3342 2538 3389 καὶ
2576 3337 2954 3412 αὐτοκράτορος
2992 3345 3154 3410 κυροῦ
3205 3337 3453 3396 Μανουὴλ
3496 3344 3586 3390 τοῦ
3641 3343 3854 3410 Κομνη-

2249 3435 2359 3480 νοῡθ
2401 3431 2562 3498 ἤγουν
2601 3427 2679 3479 ὅτι
2707 3430 2801 3485 τὴν
2855 3430 3024 3498 φωνὴν
3053 3429 3248 3484 ταύτην
3307 3429 3508 3500 εῖρηται
3560 3428 3588 3478 ὁ
3654 3427 3855 3499 Κύριος

2250 3522 2340 3570 καὶ
2396 3520 2524 3578 Θεὸς
2571 3518 2716 3588 ἡμῶν
2765 3517 2973 3578 Ἰησοὺς
3025 3519 3271 3588 Χριστὸς,
3326 3520 3417 3568 καὶ
3465 3517 3601 3568 κατὰ
3650 3518 3742 3572 τήν
3801 3513 3854 3566 ἐν

2251 3605 2392 3676 αὐτῷ
2437 3608 2654 3664 κτιστὴν
2702 3609 2791 3658 καὶ
2838 3609 3195 3678 περιγραπτὴν
3253 3607 3424 3678 φύσιν,
3480 3603 3598 3655 καθ’
3647 3604 3707 3662 ἦν
3756 3608 3856 3658 καὶ

2249 3696 2486 3748 πέπονθε.
2529 3697 2762 3766 Δέχομαι
2793 3689 2852 3745 δὲ
2901 3697 2992 3745 καὶ
3021 3696 3112 3754 τάς
3141 3698 3260 3768 περὶ
3287 3701 3377 3746 τοῦ
3406 3695 3644 3746 τοιούτου
3683 3693 3854 3766 ῥητοῦ

2251 3784 2420 3856 ἑτέρας
2476 3783 2742 3855 ἑρμηνείας
2805 3790 2905 3833 τῶν
2973 3781 3134 3852 ἁγίων
3205 3784 3461 3855 Πατέρων.
3526 3780 3686 3856 Ἀπερ
3753 3788 3854 3835 καὶ

2249 3872 2424 3944 ἑφεξῆς
2481 3875 2530 3923 οἱ
2585 3873 2999 3946 χειροτονεῖσθαι
3057 3870 3316 3943 μέλλοντες
3362 3873 3542 3932 πάντες
3580 3868 3858 3946 ἁρχιεροίς

2250 3963 2450 4034 ὡρίσθη
2461 3981 2556 4012 σαν
2584 3959 2816 4032 ἁσφαλίξ
2821 3961 2986 4014 εσθαι.

2320 4049 2385 4106 η’.
2425 4055 2604 4121 Γέγονε
2654 4057 2856 4102 ταῦτα·
2913 4053 3004 4100 καὶ
3053 4049 3082 4106 ἡ
3133 4055 3224 4101 τοῦ
3263 4048 3368 4110 ἐνὸς
3397 4056 3532 4104 Θεοῦ
3562 4049 3859 4107 Ἐκκλησία

2247 4141 2378 4210 πρὸς
2425 4137 2472 4190 ἓν
2505 4143 2756 4209 συνήγετο
2813 4141 2900 4188 καὶ
2941 4141 3223 4194 συνήνωτο·
3277 4141 3368 4189 καὶ
3412 4139 3547 4190 κατὰ
3569 4141 3654 4190 τὸν
3683 4140 3858 4210 μέγαν

2249 4227 2467 4278 Παῦλον·
2517 4231 2747 4300 Χριστός
2799 4223 2938 4278 ἐστιν
3000 4227 3030 4283 ἡ
3090 4225 3264 4299 εἰρήνη
3329 4227 3474 4298 ἡμῶν
3535 4228 3561 4280 ό
3617 4231 3862 4292 ποιήσας

2245 4318 2310 4366 τὰ
2371 4313 2634 4389 ἀμφότερα
2691 4313 2758 4380 ἓν,
2790 4311 3140 4386 ἁνακέκραγε·
3197 4318 3288 4367 καὶ
3353 4319 3442 4366 τὸν
3507 4317 3640 4367 κατὰ
3701 4313 3856 4367 Σολο-

2245 4411 2422 4476 μῶντα
2469 4407 2528 4456 τὸ
2575 4411 2665 4464 τῆς
2733 4408 3026 4478 φρονήσεως
3085 4405 3240 4475 χύμα
3321 4403 3696 4462 πλουτήσαντα
3755 4409 3858 4458 καί

2247 4492 2645 4564 εἰρηνικώτατον
2713 4490 2914 4552 ἀληθῶς
2961 4495 3046 4544 τὸν
3095 4494 3324 4567 Χριστὸν
3377 4497 3570 4566 Κυρίου
3619 4489 3859 4565 βασιλέα

2247 4580 2708 4655 προσεμεγάλυνεν.

2881 4725 3118 4776 ΠΡΛΞΙΣ
3147 4722 3216 4778 E'.

2321 4845 2383 4898 α’.
2444 4848 2602 4900 Ἀλλὰ
2643 4849 2744 4923 γὰρ
2799 4848 2893 4900 οὐκ
2939 4845 2999 4906 ἦν
3053 4846 3254 4920 ἀμελεῖν
3301 4851 3389 4901 τὸν
3437 4851 3700 4926 ἄγρυπνον
3746 4863 3860 4907 τῶν

2252 4937 2496 4996 ζιζανίων
2529 4941 2726 5012 σπορέα
2771 4945 2842 5008 τῷ
2887 4945 2981 4998 τῆς
3029 4937 3287 5001 εὐσεϐείας
3335 4943 3465 5012 σίτῳ
3498 4938 3864 4996 ἐπιϐουλεύονο

2249 5043 2332 5078 τοι·
2377 5031 2561 5079 οὔκουν
2593 5023 2707 5078 οὐδ’
2760 5025 3048 5092 ἀνεϐάλετο,
3095 5024 3218 5079 οὐδὲ
3244 5031 3332 5085 τὴν
3383 5033 3569 5082 κακίαν
3617 5028 3702 5083 ἐπὶ
3749 5053 3864 5105 μα-

2248 5120 2370 5191 κρὸν
2446 5117 2716 5188 ὑπερέθετο
2748 5129 2762 5144 ³
2845 5114 2948 5166 ἁλλ’
3009 5117 3458 5190 ὐποτονθορυσμοί
3513 5137 3642 5180 τινες
3693 5121 3862 5174 πάλιν

2249 5199 2632 5277 ἐπανηχοῡντο,
2680 5208 2736 5256 τὸ
2785 5204 3100 5258 συνουλωθὲν
3139 5202 3246 5264 ἤδη
3304 5213 3397 5259 τοῦ
3447 5215 3546 5259 τῶν
3593 5215 3862 5282 Χριστω-

2247 5297 2416 5366 νύμων
2517 5300 2754 5366 σώματος
2837 5293 3121 5358 ἁναξαίνειν

3217 5293 3626 5368 ἀποπειρώμενοι
3659 5315 3672 5330 ·
3755 5306 3862 5364 καὶ,
