4126 6272
230 236 309 292 263
1520 230 1871 296 THESAURI
1906 236 2038 296 LIB.
2080 232 2233 295 XXV.

3455 238 3565 294 266

238 356 347 431 λόγοι
374 357 521 411 πάλιν
557 358 654 412 τὸν
709 355 988 413 ἐκτεθέντα
1014 361 1172 434 τόμον
1226 366 1321 424 τῆς
1350 356 1601 435 ἀσαφείας
1639 361 1791 417 ἀπαι-

1912 376 2085 420 mum
2126 358 2489 434 synodicum
2530 357 2923 419 obscuritatis
2958 355 3393 431 insimulantes,
3422 360 3568 418 serio

239 454 447 521 τιὼρινοι,
483 453 579 503 καὶ
625 452 1043 525 παρερμηνεύειν
1101 452 1192 512 τὰς
1252 449 1806 527 ἔγκατα-γεγραμμένας

236 543 395 609 γνώμας
410 539 838 612 ἐπιχειροῦντες,
856 543 947 591 καὶ
967 536 1288 592 ἁναστατοῦν
1310 559 1449 603 τινας
1474 539 1802 615 βιαζόμενοι·

230 626 418 678 ἐντεῦθεν
481 632 577 681 καὶ
655 623 951 690 συνοδικῆς
1024 631 1301 701 γενομένης
1381 629 1756 693 κατεξετάσεως
1786 672 1802 700 ,

228 709 321 766 δέον
387 713 568 787 ἐκρίθη
633 720 729 768 καὶ
806 719 867 768 τό
934 724 1050 792 περι
1113 719 1304 770 τούτων
1372 716 1592 777 λυθῆναι
1654 736 1805 793 περι-

224 801 569 876 θρυὶλούμενον
610 822 625 836 ·
675 808 769 857 καὶ⁵
830 812 957 876 γοῦν
1038 808 1293 881 ἔγγραφον
1377 809 1618 866 συνετέθη
1713 810 1804 860 καὶ

220 899 300 954 τῆς
351 894 490 954 θείας
520 889 750 947 συνόδου
798 897 958 967 μέσον
1001 892 1298 968 ἐξελαλὴθη,
1325 893 1543 950 τοιᾶσδέ
1579 915 1711 958 τινος
1749 900 1804 949 ὅν

220 980 542 1056 περιλήψεως.

288 1085 361 1160 β’.
395 1095 594 1161 Στοιχῶ
623 1096 688 1163 τῇ
742 1094 925 1164 γνώμη
978 1098 1068 1144 τοῦ
1118 1096 1404 1165 κρατίστου
1453 1097 1542 1145 καὶ
1599 1095 1800 1147 θεοστέ-

221 1194 342 1229 πτου
388 1174 533 1249 ἁγίου
581 1179 731 1250 ἡμῶν
785 1177 1042 1252 βασιλέως
1105 1185 1195 1233 καὶ
1261 1181 1659 1256 αὐτοκράτορος,
1713 1187 1803 1236 καὶ

214 1272 299 1318 τοῦ
349 1265 646 1337 ἁγιωτάτου
701 1286 804 1339 μου
854 1264 1112 1322 δεσπότου
1150 1273 1239 1322 καὶ
1288 1270 1645 1344 οἰκουμενικοῦ
1700 1292 1801 1326 παο

212 1355 484 1429 τριάρχου,
527 1360 619 1409 καὶ
678 1364 778 1409 τῶν
844 1355 1025 1432 ἐτέρων
1085 1357 1385 1431 ἁγιωτάτων
1435 1370 1800 1436 πατριαρχῶν,

209 1451 294 1496 τοῦ
348 1463 405 1497 τε
458 1444 794 1508 Θεουπόλεως
865 1446 1098 1518 μεγάλης
1154 1448 1498 1521 Ἀντιοχείας,
1559 1454 1648 1503 καὶ
1707 1458 1801 1503 τοῦ

205 1532 583 1607 Ἰεροσολύμων,
637 1540 729 1587 καὶ
764 1543 858 1599 τῆς
908 1538 1044 1610 ἱερᾶς
1100 1541 1187 1589 καὶ
1224 1540 1360 1599 θείας
1406 1536 1631 1592 συνόδου
1657 1560 1669 1573 ·
1710 1545 1801 1594 καὶ

205 1623 363 1674 πάντα
397 1624 485 1674 τόν
522 1628 596 1695 μὴ
631 1626 855 1687 ταύταις
906 1622 1231 1697 ἀμεταθέτως
1272 1632 1363 1681 καὶ
1408 1631 1536 1700 μετα
1572 1630 1799 1703 καθαρᾶς

202 1708 451 1770 ἀκολουθῇ
461 1728 630 1764 σαντα
685 1708 868 1766 συνειδ
872 1717 901 1770 1';
911 1732 1009 1766 σεω
1019 1734 1058 1783 ς,
1100 1717 1130 1773 ἣ
1181 1717 1385 1769 ἐναντία
1446 1736 1509 1791 φρ
1516 1723 1600 1777 ονή
1611 1737 1795 1789 σαντα,

199 1797 368 1862 ἑξότου
436 1803 499 1853 τὸ
556 1808 715 1874 κῦρος
767 1803 824 1854 αἱ
867 1810 1108 1856 τοιαῦται
1158 1813 1362 1878 γνῶμαι
1409 1806 1676 1880 εἰλήφασιν
1706 1852 1721 1878 ,
1762 1812 1793 1868 ἣ

199 1883 290 1940 δια
334 1886 462 1960 βίου
516 1894 871 1962 φρονήσαντα,
912 1889 1198 1965 ἀναθέματι
1250 1893 1624 1948 καθυποϐάλ).ω
1653 1938 1666 1963 ,
1706 1902 1796 1950 καὶ

197 1974 415 2048 ἐμαυτόν
474 1973 554 2044 δε,
604 1977 648 2029 εἰ
698 1981 772 2051 μὴ
841 1977 1005 2041 οὑτως
1056 1982 1184 2051 ἔχω.
1222 1981 1363 2035 Ἐπεὶ
1406 1979 1466 2036 δὲ
1504 1981 1795 2038 σκάνδαλον

193 2062 453 2137 ἑνέπεσεν,
489 2064 572 2119 ὃτι
612 2071 742 2128 τινες
780 2070 871 2140 μὲν
909 2071 1001 2131 τὰς
1049 2071 1296 2132 τοιαύτας
1337 2077 1545 2146 γνώμας
1598 2093 1793 2149 παρερ-

195 2156 487 2225 μηνιύουσι
513 2197 529 2223 ,
567 2153 799 2226 λέγοντες
833 2161 906 2229 μὴ
972 2159 1204 2212 νοεῖσθαι
1257 2164 1351 2219 τὴν
1406 2169 1498 2214 τοῦ
1549 2160 1794 2221 ἀληθινοῦ

197 2251 327 2296 θεοῦ
356 2248 452 2297 καὶ
488 2251 727 2320 Σωτῆρος
774 2246 923 2319 ἡμῶν
961 2246 1140 2305 Ἰησοῦ
1191 2256 1425 2323 Χριστοῦ
1480 2256 1648 2324 φωνὴν
1677 2257 1794 2320 τὴν,

174 2331 248 2394 ,Ὀ
291 2337 479 2407 Πατήρ
517 2353 620 2407 μου
667 2335 862 2408 μείζων
919 2333 1050 2409 ἐστὶ,
1083 2338 1359 2415 καθώσπερ
1415 2344 1548 2394 κατά
1607 2338 1794 2415 διαφό-

192 2440 308 2495 ρους
357 2422 638 2495 ἐξηγήσεις
703 2425 848 2500 παρὰ
884 2432 982 2476 τῶν
1041 2427 1295 2500 θεοφόρων
1354 2429 1514 2501 ἁγίων
1555 2435 1795 2505 Πατέρων

192 2513 523 2585 ἡρμηνευθη,
560 2518 652 2566 καὶ
680 2512 798 2566 κατ’
831 2512 992 2573 αὐτὴν
1030 2519 1124 2573 τήν
1177 2515 1228 2568 ἐν
1255 2524 1326 2587 τῷ
1382 2519 1521 2591 αὐτῷ
1577 2528 1794 2596 Χριστῷ

192 2598 523 2677 ἅνθρωπίνην
578 2606 799 2662 κτιστην
837 2607 928 2655 καὶ
973 2610 1330 2679 πιριγραπτὴν
1360 2610 1533 2680 φύσιν,
1561 2611 1661 2663 καθ
1734 2612 1794 2670 ἣν

189 2692 433 2751 παθητὴν
488 2696 606 2745 τότε
642 2708 806 2745 ουσαν
852 2697 940 2746 καὶ
994 2697 1230 2764 πέπονθε,
1271 2700 1401 2770 μόνῃ
1444 2694 1502 2752 δε
1538 2705 1598 2773 τῇ
1639 2707 1795 2754 κενώ-

191 2785 414 2840 σειρτήν
464 2784 714 2840 τοιαύτην
777 2786 948 2855 φωνὴν
1011 2789 1452 2859 προσαρμόζουσι
1493 2804 1507 2818 ⁶
1537 2793 1666 2853 τινὲς
1735 2787 1795 2844 δὲ

188 2876 275 2923 καὶ
310 2878 379 2943 τῇ
421 2872 559 2923 κατὰ
595 2870 756 2943 ψιλὴν
814 2871 1042 2925 ἐπίνοιαν
1094 2870 1352 2948 διαιρέσει
1407 2881 1497 2936 τὴν
1548 2898 1794 2938 τοιαυτην

187 2967 277 3012 τοῦ
330 2965 536 3035 Κυρίου
589 2966 760 3033 φωνὴν
813 2960 1153 3035 ἀπονέμουσι,
1203 2960 1428 3035 λέγοντες
1486 2975 1793 3043 προσαρμό-

1911 454 2153 526 ptarum
2206 449 2291 506 ibi
2339 449 2772 507 sententiarum
2824 462 3073 505 sensum
3135 451 3567 521 pervertentes,

1913 545 2263 614 sectamque
2283 539 2399 597 sibi
2425 538 2687 598 conﬂare
2715 543 3025 596 conantes.
3052 539 3245 603 Quam
3271 553 3401 596 rem
3426 554 3570 597 cum

1913 629 2185 702 synodus
2210 627 3094 699 considerasset,necessarium
3123 642 3253 685 esse
3277 626 3572 700 judicavit

1910 733 2185 776 rumores
2208 717 2562 791 hujusmodi
2591 714 3425 791 ccmprimere.0uamobrem
3448 718 3569 776 for-

1912 807 2078 865 mula
2102 807 2442 881 composita
2470 807 2792 882 mediaque
2812 806 2875 864 in
2905 805 3142 879 synodo
3170 805 3415 866 recitata
3433 806 3565 872 fuit,

1911 895 2087 968 cujus
2110 894 2475 954 continentia
2500 895 2654 956 haec.

1980 1095 2034 1147 2.
2077 1093 2307 1165 Sequor
2356 1091 2718 1150 sententiam
2763 1088 3225 1165 potentissimia
3252 1091 3375 1148 Deo
3400 1105 3572 1150 coro-

1908 1179 2034 1237 nati
2080 1180 2272 1237 sancti
2326 1181 2514 1239 nostri
2554 1181 2712 1254 regis
2762 1184 2820 1238 et
2842 1179 3240 1254 imperatoris,
3271 1194 3382 1238 nec
3432 1196 3561 1239 non

1910 1269 2274 1327 sanctissimi
2321 1271 2441 1327 mei
2466 1269 2697 1327 domini
2718 1274 2776 1327 et
2806 1269 3161 1327 meumenici
3185 1268 3566 1343 patriarchas.

1909 1362 1965 1415 et
1984 1358 2238 1415 aliorum
2268 1358 2785 1416 sanctissimorum
2818 1358 3322 1431 patriarcharum,
3342 1371 3567 1433 nempe

1908 1447 2074 1504 urbis
2112 1449 2210 1505 Dei
2250 1463 2491 1521 magna:
2540 1447 2964 1515 Antiochite,ac
2993 1448 3565 1521 Hierosolymorum,

1908 1553 2215 1610 sacrisque
2245 1544 2303 1594 et
2344 1537 2565 1595 divinae
2591 1537 2830 1612 synodi.
2866 1540 2927 1593 Et
2955 1537 3305 1611 quicunque
3339 1538 3435 1595 his
3464 1538 3566 1594 fir-

1908 1626 2080 1682 miter
2113 1630 2169 1683 et
2197 1643 2337 1683 cum
2358 1642 2513 1699 pura
2549 1626 2918 1684 conscientia
2948 1642 3072 1683 non
3103 1625 3446 1695 adhaeserit,
3468 1620 3568 1685 vel

1906 1718 2205 1774 contraria
2234 1718 2504 1787 senserit,
2523 1723 2850 1792 postquam
2874 1717 2968 1774 th
2999 1717 3287 1775 doctrina;
3304 1716 3564 1775 deﬁnitae

1904 1805 2145 1864 fuerunt
2172 1807 2267 1864 vel
2295 1806 2357 1864 in
2387 1813 2698 1880 posterum
2731 1807 2963 1877 sentiet,
2992 1823 3129 1864 eum
3174 1821 3287 1880 ego
3319 1808 3565 1866 anathea

1905 1896 2051 1951 mati
2082 1896 2359 1969 subjieio,
2395 1912 2613 1970 meque
2666 1897 2819 1953 adeo
2847 1896 3071 1970 ipsum,
3097 1896 3214 1953 nisi
3265 1897 3349 1953 sic
3378 1897 3567 1954 credi-

1903 1984 2069 2041 dero.
2105 1985 2402 2052 Quoniam
2434 2001 2576 2042 vero
2618 1984 2975 2041 scandalum
3004 1984 3230 2055 incidit,
3244 1989 3566 2058 propterea

1902 2072 2068 2146 quod
2084 2073 2355 2130 nonnulli
2386 2074 2496 2131 has
2528 2073 2851 2130 sententias
2872 2086 3065 2147 prava
3081 2072 3563 2147 interpretatione

1901 2163 2319 2234 pessumdant,
2350 2162 2616 2220 dicentes
2645 2178 2769 2219 non
2799 2162 3045 2235 intelligi
3068 2162 3192 2219 veri
3218 2161 3319 2219 Dei
3347 2165 3406 2220 et
3435 2164 3565 2220 Ser—

1903 2252 2125 2308 vatoris
2152 2251 2339 2308 nostri
2366 2253 2506 2308 Jesu
2548 2251 2759 2308 Christi
2804 2250 3168 2308 locutionem
3198 2252 3380 2309 Pater
3400 2266 3563 2309 meus

1901 2341 2098 2409 major
2125 2356 2216 2398 me
2259 2347 2363 2411 est,
2389 2339 2563 2397 sicuti
2597 2339 2772 2412 juxta
2819 2340 3091 2397 diversas
3119 2344 3468 2398 sanctorum
3505 2344 3564 2397 et

1902 2428 2336 2501 inspiratorum
2402 2433 2642 2487 Patrum
2687 2429 3205 2501 interpretationes
3266 2428 3565 2503 explicata

1902 2517 2029 2581 fuit,
2063 2517 2245 2573 etiam
2290 2517 2631 2575 secundum
2668 2517 3007 2575 humanam
3045 2517 3260 2576 Christi
3295 2522 3562 2575 creatam

1902 2606 2543 2681 circumseriptamque
2574 2612 2875 2673 naturam,
2898 2607 2957 2663 in
2983 2623 3108 2681 qua
3139 2611 3265 2664 tum
3291 2606 3563 2679 passibili

1901 2710 2117 2768 reapse
2144 2711 2365 2768 passus
2388 2701 2512 2752 est:
2539 2695 2645 2752 sed
2662 2696 2767 2752 uni
2799 2696 3187 2753 exinanitioni
3210 2695 3565 2768 hujusmodi

1902 2784 2225 2841 dictionem
2247 2784 2364 2856 ipsi
2395 2783 2900 2840 accommodant:
2930 2784 3183 2856 quidam
3208 2799 3353 2840 vero
3380 2784 3563 2840 etiam

1902 2872 2236 2929 secundum
2292 2872 2535 2928 unicam
2591 2888 2663 2928 ac
2708 2872 3041 2944 simplicem
3115 2871 3561 2928 distinctionem

1902 2961 2229 3017 mentalem
2280 2961 2408 3016 haec
2460 2959 2649 3016 verba
2697 2958 3065 3028 intelligunt;
3099 2958 3366 3014 dicentes
3404 2961 3563 3014 recte

185 3048 290 3109 ζειν
342 3053 567 3120 ταύτην,
595 3052 750 3103 ὁπότε
787 3051 820 3108 ἡ
854 3058 947 3103 τοῦ
1016 3056 1210 3128 Κυρίου
1253 3053 1387 3129 σὰρξ
1439 3064 1631 3110 νοεῖται
1677 3058 1791 3113 καθ’

1905 3066 1970 3106 se
1999 3050 2222 3106 habere
2271 3048 2658 3117 locutionem,
2687 3048 2738 3103 si
2767 3064 2875 3120 per
2905 3045 3121 3103 mentis
3142 3045 3563 3118 praecisionem

180 3137 372 3197 ἑαυτὴν
427 3140 799 3215 κεχωρισμένη
854 3146 946 3200 τῆς
1011 3142 1267 3209 θεότητος,
1322 3143 1495 3220 ὣσπερ
1550 3146 1593 3199 εἰ
1655 3145 1795 3221 μηδὲ

178 3228 357 3287 esse:
392 3245 412 3262 ο
448 3229 573 3281 καθ’
603 3230 658 3281 ὃν
695 3233 889 3303 τρόπον
931 3233 1020 3282 καὶ
1059 3227 1221 3289 δούλη
1281 3237 1370 3286 καὶ
1410 3232 1673 3307 ἀγνοοῦσα
1709 3237 1795 3291 λέ-

176 3336 325 3386 γεται
357 3338 373 3352 -
404 3323 499 3371 καὶ
539 3314 633 3370 δια
678 3326 835 3371 τοῦτο
877 3322 1015 3371 κατὰ
1050 3323 1143 3377 τὴν
1174 3324 1310 3373 κατά
1350 3321 1511 3392 ψιλὴν
1563 3324 1793 3379 ἐπίνοιαν

177 3403 489 3483 διαίρεσιν,
537 3409 606 3469 ὡς
648 3410 891 3482 εῖρηται,
950 3407 1162 3480 λέγουσι
1217 3415 1311 3470 τὴν
1377 3418 1545 3485 φωνὴν
1599 3419 1791 3475 ταύτην

177 3495 448 3569 εἰρῆσθαι,
501 3496 564 3555 ἣν
613 3498 639 3548 ὁ
697 3497 854 3558 αὐτὸς
890 3501 1126 3571 Χριστὸς
1171 3500 1197 3551 ὀ
1254 3504 1373 3564 Θεὸς
1427 3504 1572 3575 ἡμῶν
1619 3508 1791 3578 εἴρηκε

174 3590 307 3637 κατὰ
361 3592 465 3644 τήν
515 3584 566 3637 ἐν
631 3585 773 3657 αὐτῷ
843 3585 1171 3661 ἀνθρωπίνην
1230 3596 1450 3650 κτιστήν
1497 3599 1587 3645 καὶ
1636 3613 1788 3670 περι-

172 3680 421 3746 γραπτήν
460 3676 638 3747 φύσιν,
669 3675 792 3727 καθ’
822 3678 886 3734 ἣν
923 3681 1014 3729 καὶ
1068 3679 1313 3731 πέπονθεν
1348 3696 1361 3709 ⁸
1394 3682 1424 3740 ἣ
1467 3686 1556 3735 καὶ
1603 3685 1683 3735 ὅτι
1730 3687 1788 3736 τό

173 3772 263 3824 τῆς
326 3771 515 3825 κοινῆς
589 3766 791 3836 φύσεως
869 3762 1219 3838 ὑποδυόμενος
1290 3774 1570 3841 πρόσωπον
1634 3777 1787 3825 τοῦτό

172 3871 298 3920 φησι
341 3870 358 3883 ·
425 3852 549 3905 καθ’
614 3852 667 3904 ὃν
723 3856 917 3926 τρόπον
954 3852 1157 3925 λέγεται
1193 3861 1284 3908 καὶ
1322 3859 1351 3915 ἡ
1393 3856 1783 3932 ἐγκατάλειψις,

172 3943 297 4017 imp
369 3942 491 3997 ἐστὶ
553 3951 663 4005 τοῖς
733 3945 1011 4019 θεηγόροις
1070 3948 1313 4020 Πατράσι
1366 3955 1630 4022 πτοσώπῳ
1691 3959 1787 4014 τῆς

169 4042 345 4095 κοινῆς
406 4041 512 4085 τῶν
572 4031 862 4108 ἀνθρώπων
914 4034 1115 4104 φύσεως
1178 4033 1591 4111 ἐπιλαμϐανομένη
1629 4060 1641 4073 ·
1697 4046 1787 4094 καὶ

169 4128 280 4183 τους
307 4124 593 4185 τοιούτους
619 4119 1005 4176 καθυποϐάλλω
1033 4132 1105 4195 τῷ
1135 4122 1440 4199 ἁναθέματι.

234 4368 303 4440 γ’.
347 4370 419 4425 Αἱ
455 4373 633 4444 μέντοι
679 4377 891 4444 γνῶμαι
924 4387 939 4403 ’
973 4371 1131 4444 ἤγουν
1160 4376 1191 4433 ἡ
1224 4378 1314 4448 μὲν
1362 4385 1452 4431 τοῦ
1498 4384 1781 4454 κρατίστου

170 4457 488 4512 θωπέπτου
556 4458 709 4532 ἁγίου
764 4462 915 4533 ἡμῶν
962 4461 1337 4537 αὐτοκράτορος
1400 4470 1514 4540 ἔχει
1574 4469 1738 4533 οὓτως
1764 4488 1776 4501 ·

164 4550 378 4619 Στοιχῶ
448 4556 564 4609 ταῖς
616 4554 854 4622 γνώμαις
913 4558 1012 4601 τῶν
1072 4553 1375 4623 ἁγιωτάτων
1436 4569 1782 4634 πατριαρχῶν

164 4640 258 4687 καὶ
287 4646 381 4697 τῆς
434 4639 576 4699 θείας
611 4642 705 4691 καὶ
764 4640 902 4713 ἱερᾶς
954 4637 1179 4695 συνόδου
1213 4660 1225 4672 ’
1253 4649 1343 4697 καὶ
1379 4644 1508 4718 λέγω
1538 4650 1619 4701 ὅτι
1648 4648 1779 4710 αὓτη

165 4722 195 4779 ἦ
253 4726 392 4800 σὰρξ
444 4734 540 4779 τοῦ
598 4731 837 4801 Κυρίου,
898 4726 953 4791 ἐξ
999 4729 1162 4793 αὐτῆς
1220 4731 1445 4797 ἐνωσεως
1498 4737 1781 4813 ὑπερυψω-

170 4811 339 4881 θεῖσα,
397 4820 494 4867 καὶ
552 4811 804 4868 ἀνωτάτω
855 4817 1031 4878 πάσης
1084 4828 1239 4891 τιμῆς
1293 4824 1671 4898 ὑπερκειμένη,
1713 4829 1783 4890 ὡς

167 4897 217 4962 ἓξ
259 4904 435 4978 ἄκρας
494 4902 727 4966 ἐνὼσεως
782 4904 993 4976 όμόθεος
1055 4913 1332 4981 γενομένη,
1389 4897 1780 4985 ἀμεταϐλητως,

168 4986 546 5062 ἔυαλλοιώτως,
588 4991 915 5066 ἀσυγχῦτως
941 5000 1031 5048 καὶ
1081 4998 1365 5072 ἀτρέπτως,
1408 4997 1501 5074 δια
1527 5009 1622 5062 τὴν
1661 5007 1779 5059 καθ’

165 5078 460 5138 ὑπόστασιν
522 5083 733 5152 ἕνωσιν,
782 5087 873 5135 καὶ
930 5080 1230 5158 ἀχώριστος
1281 5093 1371 5141 καὶ
1410 5088 1780 5155 ἀδιάσπαστος

164 5172 388 5239 μένθυσα
452 5180 530 5245 τῷ
595 5169 1010 5247 προσλαϐομένῳ
1074 5175 1235 5234 αὐτὴν
1294 5185 1408 5250 Θεῷ
1456 5186 1630 5255 Λόγῳ,
1662 5183 1778 5236 ἰσο-

161 5256 311 5325 ius};
351 5262 501 5335 αὐτῷ
557 5266 792 5335 τιμᾶται
848 5264 938 5312 καὶ
993 5274 1366 5338 προσκυνεῖται
1405 5276 1502 5341 μιᾷ
1549 5291 1779 5346 προσκυ-

158 5350 298 5406 ἠσὶι
334 5367 353 5384 ⁸
396 5358 491 5407 καὶ
544 5358 663 5411 τοῖς
704 5347 1006 5425 βασιλικοῖς
1056 5359 1143 5406 καὶ
1202 5357 1353 5417 θείοις
1398 5356 1778 5435 ἐγκαθίδρυται

160 5438 333 5510 θάκοις
381 5441 441 5499 εκ
482 5439 684 5506 δεξιῶν
753 5443 853 5491 τοῦ
900 5444 1121 5516 Πατρός,
1161 5446 1232 5507 ὡς
1284 5447 1350 5499 τὰ
1387 5456 1480 5511 τῆς
1534 5453 1779 5517 θεότητος

430 5574 703 5631 Pis-son.
752 5564 862 5622 Gn.
905 5563 1047 5624 CXL.

1901 3155 2043 3196 caro
2065 3138 2297 3195 Domini
2326 3137 2459 3211 ipsa
2491 3152 2595 3209 per
2626 3152 2688 3192 se
2724 3142 2782 3193 et
2805 3136 3036 3209 absque
3067 3135 3373 3192 divinitate
3397 3135 3561 3208 cogi-

1903 3234 2075 3297 tetur,
2097 3233 2391 3301 tanquam
2410 3243 2485 3283 ne
2509 3226 2675 3283 unita
2699 3226 2945 3299 quidem
2969 3230 3125 3282 esset
3141 3242 3154 3293 ;
3170 3226 3343 3298 juxta
3371 3241 3561 3299 quam

1900 3318 2194 3375 rationem
2222 3321 2279 3372 et
2308 3331 2483 3372 serva
2520 3321 2576 3372 et
2603 3315 2798 3372 inscia
2829 3314 3070 3383 dicitur;
3112 3320 3556 3389 proptereaque

1900 3406 2235 3463 secundum
2283 3404 2617 3477 simplicem
2643 3404 2861 3460 mentis
2899 3402 3354 3460 distinctionem
3376 3403 3563 3461 verba

1897 3496 2027 3551 haec
2071 3493 2305 3567 prolata
2349 3492 2675 3563 afﬁrmant,
2707 3508 2842 3567 qua:
2866 3508 3077 3565 reapse
3102 3492 3263 3549 idem
3290 3492 3556 3549 Christus

1900 3588 2051 3641 Deus
2072 3588 2276 3640 noster
2299 3582 2448 3638 dixit
2473 3582 2807 3639 secundum
2835 3598 3011 3638 suam
3040 3581 3379 3639 humanam
3397 3598 3559 3638 crea-

1896 3676 2020 3729 tam
2068 3672 2703 3746 c1rcumscriptamque
2744 3676 3046 3741 naturam,
3081 3669 3143 3726 in
3200 3685 3324 3742 qua
3375 3669 3557 3725 etiam

1894 3776 2114 3834 passus
2134 3766 2255 3817 est:
2286 3761 2375 3817 vel
2393 3761 2575 3817 etiam
2604 3760 2814 3816 dicunt
2836 3758 3133 3815 Christum
3158 3758 3243 3812 sic
3263 3756 3554 3825 locutum,

1895 3855 2195 3918 quatenus
2227 3850 2569 3906 communis
2606 3852 2838 3905 naturae
2867 3861 3199 3919 personam
3228 3859 3555 3916 repraesen-

1894 3939 2091 4006 tabat;
2125 3939 2460 3995 secundum
2511 3954 2699 4011 quam
2751 3937 3046 3992 rationem
3106 3933 3323 3990 dicitur
3374 3932 3557 3990 etiam

1893 4028 2197 4086 derelictio
2228 4029 2289 4083 in
2315 4042 2511 4098 cruce,
2546 4042 2733 4098 quam
2776 4027 2892 4080 Deo
2935 4022 3208 4095 inspirati
3242 4023 3448 4079 Patres
3478 4022 3555 4079 de

1892 4117 2234 4175 communis
2262 4115 2581 4173 hominum
2633 4118 2864 4170 naturae
2899 4127 3163 4185 persona
3209 4110 3549 4184 arcipiunt;

1889 4206 2005 4264 hos
2068 4205 2267 4273 etiam,
2311 4204 2583 4277 inquam,
2640 4201 2727 4257 sic
2802 4200 3119 4273 opinantes
3179 4200 3553 4257 anathemati

1891 4293 2167 4365 subjicio.

1960 4387 2014 4439 3.
2057 4384 2141 4439 En
2170 4384 2370 4438 autem
2401 4378 2565 4451 ipsas
2586 4375 2931 4433 sententias.
2966 4378 3032 4432 Et
3059 4375 3309 4448 quidem
3335 4380 3547 4450 potem.

1890 4470 2102 4528 tissimi
2122 4486 2159 4526 a
2179 4473 2298 4526 Deo
2320 4466 2591 4524 coronati
2608 4465 2796 4523 sancti
2815 4464 3003 4521 nostri
3020 4464 3398 4537 imperatoris
3419 4481 3549 4523 sene

1893 4559 2074 4617 tentia
2103 4560 2184 4615 ita
2216 4573 2279 4614 se
2308 4556 2749 4628 habet.Sequor
2786 4554 3110 4611 sententias
3139 4555 3548 4612 sanctissimo-

1888 4664 2027 4705 rum
2068 4646 2548 4721 patriarcharum
2582 4649 2639 4701 et
2674 4643 2891 4699 divinae
2922 4647 3267 4714 sanctasque
3305 4643 3545 4715 synodi,

1890 4740 2110 4811 aioque
2146 4736 2344 4809 ipsam
2362 4733 2611 4818 .Domini
2662 4747 2908 4789 carnem
2961 4730 3380 4801 conjunctione
3405 4746 3546 4787 cum

1890 4828 2081 4883 Verbo
2107 4817 2756 4895 exaltatam,supraque
2779 4833 3025 4878 omnem
3046 4819 3342 4875 honorem
3367 4817 3543 4875 collo-

1891 4920 2111 4983 catam,
2133 4914 2236 4986 (ita
2263 4919 2328 4969 ut
2354 4913 2468 4968 hoc
2495 4911 2713 4967 eximio
2734 4924 2897 4966 nexu
2915 4906 3195 4963 deiﬁcata
3216 4906 3306 4979 sit)
3325 4906 3544 4964 immu-

1888 5004 2163 5074 tabiliter,
2217 4999 2669 5063 invariabiliter,
2713 4995 3548 5063 ineonfuse,inconvertibi1i-

1888 5091 2395 5166 ter,hypostaticre
2415 5089 2549 5161 conj
2558 5087 2854 5145 unctionis
2871 5085 3061 5157 gratia
3073 5084 3544 5160 inseparabilem

1887 5181 2435 5254 indivisibilemque
2447 5181 2965 5244 manentem,cum
2984 5175 3544 5249 assumentcipsam

1889 5277 2008 5331 Deo
2038 5272 2258 5342 Verbo,
2285 5270 2416 5344 pari
2456 5268 2688 5326 honore
2716 5265 2832 5324 coli
2861 5267 2919 5322 et
2945 5262 3208 5337 adorari,
3231 5264 3412 5323 unica
3438 5263 3545 5321 ad-

1887 5363 2177 5432 oratione,
2208 5361 2494 5432 regioque
2545 5363 2601 5415 et
2647 5354 2853 5413 divino
2906 5353 2971 5410 in
3015 5353 3166 5409 solio
3218 5354 3300 5410 ad
3357 5351 3543 5410 Patris

1886 5452 2196 5510 dexteram
2243 5450 2525 5516 residere,
2575 5450 2781 5519 utpote
2818 5459 2954 5518 quae
3002 5441 3333 5499 Divinitatis
3370 5442 3541 5497 dotes

3225 5568 3257 5623 9
