4126 6272
549 314 660 367 267.
1891 304 2174 364 NICETJE

2278 305 2592 368 lONlATE
3808 318 3907 374 268

547 433 842 506 gloriosas
865 433 1088 506 adepta
1108 435 1215 500 est,
1245 431 1427 490 salvis
1455 434 1807 488 naturarum
1837 430 2176 502 proprietati

2272 449 2288 487 L
2320 431 2613 504 αὐχήματα
2632 436 3136 507 καταπλουτήσασα,
3165 437 3467 509 σωζομένων
3492 446 3596 490 τῶν
3637 435 3901 498 ἱδιοτήτων

545 522 686 582 bus.

2316 530 2416 573 τῶν
2448 525 2512 593 φύ
2521 542 2666 574 σεων.

615 615 670 668 4.
716 611 1090 669 Sanctissimi
1119 614 1323 668 autem
1375 608 1566 665 nostri
1601 607 1830 664 domini
1857 609 2211 665 mcumenici

2389 607 2454 665 δ’.
2491 611 2549 663 Ἠ
2591 609 2650 664 δὲ
2689 621 2781 664 τοῦ
2847 614 3142 686 ἁγιωτάτου
3201 616 3345 686 ημῶν
3399 611 3660 668 δεσπότου
3707 623 3794 669 καὶ
3829 619 3900 670 οἰ·-

543 701 904 774 patriarchaa
933 700 1227 757 sententia
1256 698 1392 755 talis
1418 697 1547 752 fuit.
1572 695 1708 753 Mihi
1739 696 2017 752 videntur
2038 704 2172 768 quoi

2315 708 2622 770 κουμενικου
2695 706 3028 776 πατριάρχου
3088 703 3247 763 οὓτως
3305 705 3448 773 (42)’
3478 707 3560 756 ὅτι
3619 705 3763 776 Ἐμοὶ
3825 704 3904 759 δο-

543 796 696 864 quot
717 791 989 863 episcopi
1039 806 1112 846 ac
1139 787 1447 861 praepositi
1478 786 1556 842 de
1585 786 1797 843 Christi
1836 786 2172 842 humanitat

2315 797 2498 839 κοῡσιν
2537 790 2653 840 ὅσοι
2683 792 2823 842 εἶπον
2862 800 2962 843 τῶν
3004 791 3290 866 ἀρχιερέων
3351 797 3441 844 καὶ
3489 801 3589 843 τῶν
3647 792 3903 867 ἀρχόντων

543 880 704 937 dicta
732 878 1112 936 afﬁrmat-unt
1154 877 1370 934 verba:
1395 877 1574 932 Pater
1596 891 1757 930 meus
1774 878 1972 944 major
1993 892 2084 931 me
2100 889 2172 930 esi

2315 880 2451 927 κατὰ
2488 881 2546 928 τό
2599 877 2648 929 ἐν
2712 888 2784 949 τῷ
2845 889 3055 954 Χριστῷ
3105 879 3423 952 ἀνθρώπινον
3480 882 3725 954 εἰρῆσθαι
3753 883 3905 951 τό,’0

541 968 606 1024 id
630 972 719 1024 est
746 967 1085 1022 secundum
1111 967 1243 1037 ejus
1269 969 1534 1028 creatam
1562 964 1896 1020 humanam
1924 970 2170 1019 natura]:

2316 971 2495 1040 Πατήρ
2557 987 2658 1038 μου
2709 969 2900 1040 μιιζων
2968 973 3068 1042 μού
3125 969 3288 1031 ἐστιν,
3345 975 3504 1042 ἤγουν
3555 976 3690 1024 κατά
3738 979 3826 1031 τήν
3861 972 3905 1025 ἐν

540 1058 606 1113 in
642 1073 766 1129 qua
800 1061 855 1111 et
881 1071 1100 1128 passus
1129 1060 1236 1124 est,
1270 1061 1427 1110 recte
1475 1058 1532 1108 et
1572 1052 1867 1108 inoffense
1920 1058 2099 1124 atque
2129 1069 2169 1108 al

2315 1057 2454 1126 αὐτῷ
2522 1056 2847 1130 ἀνθρωπίνην
2906 1066 3126 1117 κτιστην
3193 1064 3366 1131 φύσιν,
3401 1062 3519 1113 καθ’
3562 1062 3621 1119 ἢν
3659 1069 3748 1115 καὶ
3817 1069 3906 1116 πέμ

541 1145 921 1218 propositum
967 1143 1352 1216 respondisse
1387 1160 1400 1197 :
1435 1141 1540 1215 qui
1588 1147 1787 1198 autem
1845 1140 2012 1196 aliter
2042 1141 2170 1196 dixe

2314 1148 2514 1211 πονθεν,
2567 1146 2732 1220 ὀρθῶς
2785 1154 2874 1200 καὶ
2933 1148 3310 1221 ἀπροσκόπτως
3357 1155 3446 1201 καὶ
3485 1154 3614 1222 πρὸς
3653 1156 3746 1210 τὴν
3785 1150 3905 1226 ἐρώ-

541 1240 700 1303 runt,
721 1233 980 1291 obscure
1020 1231 1409 1304 respondisse
1462 1230 1760 1295 videntur,
1794 1229 1915 1285 imo
1955 1230 2107 1285 inter
2145 1246 2170 1283 s

2312 1254 2467 1292 τησιν
2505 1234 2890 1309 ἀποκρίνασθαι
2939 1255 2950 1266 ·
2999 1241 3048 1290 0i.
3088 1235 3147 1290 δε
3200 1239 3362 1301 άλλως
3401 1239 3688 1314 εἰρηκότες,
3733 1240 3903 1313 ἀσαφῆ

541 1323 851 1381 discordes
866 1338 1065 1395 neque
1094 1321 1174 1377 ad
1204 1319 1582 1393 propositum
1624 1316 2031 1374 collineantes.
2067 1321 2170 1375 Sa:

2313 1327 2655 1396 ποιησάμενοι
2691 1331 2783 1383 τήν
2824 1325 3122 1400 ἀπόκρισιν,
3172 1333 3262 1380 καὶ
3319 1327 3508 1400 μᾶλλον
3563 1333 3695 1403 πρός
3760 1329 3907 1389 ἀλλή-

541 1412 797 1468 ctissimi
831 1416 1034 1470 autem
1087 1409 1252 1465 urbis
1306 1407 1409 1463 Dei
1457 1421 1696 1476 magnae
1732 1406 2058 1462 Antiochia:
2101 1423 2170 1478 pa

2312 1411 2428 1472 λους
2478 1418 2550 1484 μὴ
2621 1421 3080 1486 συμφωνήσαντες,
3145 1413 3269 1468 οὐδὲ
3334 1421 3460 1492 πρὸς
3513 1423 3606 1476 τὴν
3660 1418 3907 1492 ἐρώτησιν

540 1500 837 1576 triarchae,
870 1500 999 1555 haec
1021 1497 1151 1553 fuit.
1179 1494 1604 1552 Sanctissimus
1648 1494 1992 1566 patriarcha
2041 1495 2169 1550 urbi

2315 1496 2538 1554 δοκοῦσι
2611 1522 2700 1574 μοι
2765 1503 3170 1578 ἀποκρίνασθαι.
3223 1505 3281 1557 Ἠ
3336 1502 3394 1557 δὲ
3457 1514 3551 1558 τοῦ
3617 1511 3905 1577 ἀγιωτάτου

542 1589 648 1646 Dei
670 1605 912 1660 magna:
929 1586 1261 1643 Antiochiae
1283 1585 1382 1650 ait,
1408 1583 1634 1639 dictum
1655 1584 1840 1639 fuisse
1871 1600 1906 1639 a
1938 1585 2165 1640 Christo

2311 1593 2648 1665 πατριάρχου
2706 1593 3024 1654 Θεουπόλεως
3080 1594 3310 1667 μεγάλης
3351 1595 3674 1666 Ἀντιοχείας
3723 1596 3907 1659 οὓτως.

541 1679 730 1734 Pater
755 1693 915 1734 meus
961 1679 1156 1743 maior
1176 1689 1266 1730 me
1309 1679 1414 1742 est,
1439 1673 1620 1730 etiam
1651 1672 1985 1728 secundum
2016 1675 2170 1729 inca]

2311 1678 2370 1730 Ὀ
2462 1680 2742 1750 ἀγιωτατος
2830 1685 3172 1757 πατριάρχης
3265 1684 3593 1747 Θεόυπόλεως
3685 1686 3909 1758 μεγάλης

540 1771 849 1822 nationem
861 1769 1246 1835 creatamque
1260 1778 1436 1817 suam
1461 1766 1740 1817 naturam
1763 1779 1828 1817 ac
1836 1762 2169 1833 passibilem

2318 1768 2640 1840 Ἀντιοχείας
2705 1767 2839 1822 εἶπεν
2889 1771 3132 1843 εἰρῆσθαι
3170 1777 3228 1823 τό
3261 1789 3272 1800 ·
3302 1772 3360 1824 Ὀ
3424 1778 3606 1847 Πατήρ
3674 1794 3776 1846 μου
3812 1781 3916 1847 μεί-

545 1855 915 1912 Sanctissimi
957 1852 1218 1925 denique
1251 1849 1800 1921 Hierosolymorum
1848 1852 2174 1922 patriarcha

2317 1857 2417 1916 ζων
2473 1877 2574 1929 μου
2613 1863 2756 1932 παρά
2793 1867 2885 1912 τοῦ
2938 1867 3196 1934 Χριστοῦ,
3244 1867 3336 1914 καὶ
3370 1865 3504 1916 κατὰ
3540 1867 3634 1920 τὴν
3674 1862 3917 1938 ἑνανθρω-

543 1943 847 2016 ejusmodi
870 1942 1163 1998 sententia
1180 1940 1743 1996 fuit.Sanctissimus
1768 1939 2172 2014 Hierosolymo

2314 1964 2476 2002 πησιν
2535 1950 2623 1997 καὶ
2682 1951 2740 1998 το
2792 1946 2840 1998 ἐν
2903 1948 3044 2018 αὐτῷ
3080 1956 3153 2018 τῷ
3207 1956 3423 2020 Χριστῷ
3458 1955 3670 2003 κτιστόν
3721 1971 3778 2004 τε
3831 1956 3918 2004 καὶ

539 2049 679 2089 rum
708 2032 1050 2104 patriarcha
1070 2031 1221 2087 dixit
1241 2047 1253 2083 :
1272 2029 1301 2084 J
1308 2045 1409 2085 am
1442 2033 1686 2084 sanctus
1719 2028 1970 2100 Spiritus
1991 2031 2168 2085 verba

2311 2036 2563 2091 παθητόν,
2613 2034 2670 2086 Ἠ
2729 2032 2788 2087 δὲ
2827 2044 2919 2087 τοῦ
2971 2037 3263 2106 ἀγιωτάτου
3304 2040 3642 2112 πατριάρχου
3702 2039 3917 2115 Ἰεροσο-

539 2123 727 2178 Pater
769 2137 933 2179 meus
972 2121 1171 2190 major
1208 2134 1300 2174 me
1340 2123 1444 2187 est,
1479 2115 1800 2188 explicavit
1830 2132 1936 2188 per
1966 2124 2168 2173 sancto

2310 2120 2483 2192 λύμων
2541 2121 2705 2184 οὕτως
2737 2139 2748 2151 ·
2781 2122 2840 2174 Ὀ
2889 2123 3176 2194 ἀγιώτατος
3237 2127 3578 2200 πατριάρχης
3633 2127 3918 2203 Ἱεροσολύ-

540 2225 922 2283 magnosque
968 2208 1404 2264 illuminatores
1436 2205 1734 2268 Ecclesim,
1766 2212 2169 2262 sacrosanctas

2310 2231 2418 2281 μων
2485 2207 2618 2262 εἶπεν
2654 2232 2665 2243 ~
2717 2211 2945 2282 Ἐφθασε
3006 2217 3066 2264 τὸ
3145 2220 3351 2284 Πνεῦμα
3410 2219 3468 2266 τό
3508 2215 3656 2286 ἅγιον
3713 2221 3773 2269 τὸ
3810 2238 3822 2250 ·
3860 2217 3916 2269 “Ο

541 2316 660 2375 que
692 2299 982 2372 synodos.
1018 2297 1260 2370 Recipio
1303 2297 1484 2366 igitur
1534 2302 1782 2351 cunctas
1830 2297 2170 2352 traditiones

2311 2305 2490 2372 Πατήρ
2530 2319 2631 2370 μου
2689 2301 2878 2371 μείζων
2935 2304 3035 2372 μού
3085 2301 3246 2370 ἐστιν,
3304 2302 3618 2376 ἑρμηνεῦσαι
3679 2301 3776 2358 διὰ
3819 2315 3915 2357 τῶν

542 2389 880 2446 secundum
903 2403 1056 2460 quas
1084 2387 1187 2442 illa
1209 2385 1396 2441 verba
1413 2383 1710 2440 intellecta
1740 2386 2171 2448 sunt.Quonian

2308 2386 2465 2457 ἁγίων
2525 2393 2614 2439 καὶ
2665 2387 2897 2459 μεγάλων
2948 2394 3232 2463 φωστήρων
3283 2397 3377 2451 τῆς
3435 2391 3754 2454 Ἐκκλησίας
3828 2397 3916 2446 καὶ

540 2493 685 2534 vero
731 2475 1110 2533 atﬁrmarunt
1158 2475 1396 2535 Patres,
1451 2472 1678 2528 dictum
1733 2472 1846 2528 hoc
1889 2489 1926 2530 a
1973 2474 2169 2530 Christi

2307 2485 2406 2526 τῶν
2434 2476 2593 2546 ἀγίων
2649 2483 2738 2528 καὶ
2786 2479 2929 2549 ἱερῶν
2985 2475 3219 2529 συνόδων
3254 2495 3265 2506 ·
3302 2475 3534 2550 δέχομαι
3570 2490 3700 2552 γοῦν
3741 2486 3917 2544 πάσας

543 2567 730 2623 fuisse
760 2571 890 2622 tum
942 2569 1239 2636 quatenus
1293 2577 1469 2617 verus
1516 2564 1668 2616 Deus
1719 2568 1828 2628 est,
1861 2568 1987 2617 tum
2020 2563 2172 2618 etian

2308 2568 2402 2627 τάς
2464 2562 2698 2636 ἐκδοχὰς
2759 2568 2876 2618 καθ’
2935 2565 2992 2626 ἃς
3048 2569 3380 2639 ἡρμήνευσαν
3441 2569 3591 2626 αὑτό.
3654 2570 3802 2624 Ἐπεὶ
3859 2568 3917 2624 δε

543 2660 846 2730 quatenus
875 2670 1050 2709 verus
1087 2653 1294 2718 homo,
1335 2651 1439 2724 qui
1469 2666 1687 2722 nempe
1717 2657 1982 2707 creatam
2012 2653 2172 2724 passi

2308 2654 2579 2724 εἰρήκασιν
2620 2655 2700 2706 ὁτι
2754 2660 2843 2706 καὶ
2884 2659 2951 2716 ὡς
3001 2659 3126 2715 Θεὸς
3165 2655 3371 2724 τέλειος,
3403 2662 3494 2708 καὶ
3548 2661 3614 2718 ὡς
3641 2661 3921 2733 ἄνθρωπος

546 2744 854 2816 bilemque
880 2745 1157 2798 naturam
1189 2740 1459 2808 habet,in
1485 2755 1608 2811 qua
1637 2739 1816 2794 etiam
1840 2756 2056 2811 passus
2087 2747 2175 2796 est

2307 2742 2494 2803 τέλειος
2537 2744 2735 2817 εἰρηκεν
2790 2745 2816 2795 ό
2857 2745 3014 2806 αὐτὸς
3069 2748 3293 2816 Χριστός
3349 2749 3405 2797 τό
3461 2756 3701 2799 τοιοῦτον
3740 2751 3917 2824 ῥητόν,

545 2833 642 2890 aio
671 2832 734 2888 id
755 2833 957 2904 ipsum
999 2845 1112 2899 ego
1137 2843 1402 2902 quoque,
1433 2843 1631 2900 neque
1660 2828 1891 2883 inﬁcias
1913 2830 1995 2884 ire
2021 2845 2174 2902 queo

2310 2834 2470 2901 ἤγουν
2502 2831 2570 2892 ὡς
2599 2834 2734 2902 ἔχων
2765 2831 2814 2882 ἐν
2855 2832 3018 2902 ἐαυτῷ
3049 2836 3141 2889 τήν
3176 2837 3396 2890 κτιστήν
3418 2837 3572 2904 φύσιν
3610 2843 3710 2889 καὶ
3742 2840 3919 2895 παθη-

546 2921 646 2977 His
672 2925 875 2977 autem
923 2918 1231 2975 sententiis
1275 2917 1577 2986 sigillatim
1631 2915 2040 2988 subscriptum
2061 2919 2170 2974 fuit

2309 2923 2404 2977 τὴν
2443 2920 2558 2970 καθ’
2595 2921 2654 2977 ἣν
2681 2925 2768 2972 καὶ
2795 2923 3012 2972 πέπονθε
3045 2935 3058 2948 ⁸
3099 2920 3230 2991 λέγω
3269 2927 3358 2973 καὶ
3390 2923 3541 2984 αὐτὸς
3563 2929 3631 2976 τὰ
3671 2926 3808 2979 αὐτὰ
3831 2930 3919 2978 καὶ

546 3026 752 3083 eaeque
773 3009 942 3065 lectas
971 3014 1111 3064 sunt
1128 3007 1407 3064 audiente
1434 3005 1816 3062 sanctissimo
1830 3007 2175 3063 oecumenici

2311 3009 2370 3060 οὐ
2425 3005 2654 3080 δύναμαι
2703 3008 2970 3083 ἀρνεῖσθαι
3003 3025 3014 3037 ·
3047 3011 3071 3061 ὅ
3110 3015 3199 3062 καὶ
3247 3012 3542 3084 ὑπεγράφη,
3586 3014 3921 3087 ὑναγνωσθεν

548 3098 890 3156 Patriarcha
937 3096 1264 3168 divinaque
1323 3100 1379 3151 et
1441 3109 1617 3150 sacra
1669 3094 1928 3166 synodo,
1968 3111 2073 3166 per
2103 3097 2177 3150 De

2313 3095 2360 3148 ἐν
2399 3100 2603 3168 ἐπηκόῳ
2668 3106 2760 3150 τοῦ
2817 3098 3108 3169 ἁγιωτάτου
3166 3102 3253 3150 καὶ
3312 3099 3676 3172 οἰκουμενικοῡ
3737 3123 3923 3177 πατρι-

547 3188 1046 3246 amantissimum
1068 3201 1361 3257 magnum
1389 3183 1888 3256 scevophylacem
1913 3186 2176 3240 Joannen

2315 3185 2487 3259 ἁρχου
2541 3191 2630 3239 καὶ
2683 3196 2772 3248 τῆς
2832 3189 2971 3248 θείας
3020 3192 3110 3239 καὶ
3168 3189 3305 3260 ἱερᾶς
3358 3188 3580 3243 συνόδου
3643 3197 3799 3266 παρὰ
3836 3200 3925 3245 τοῦ

546 3275 1243 3349 pantechnem.Denique
1262 3273 1566 3345 adjectum
1591 3280 1681 3328 est
1701 3272 2008 3328 decretum
2027 3290 2175 3345 syno

2319 3273 2707 3345 θεοφιλεστάτου
2768 3275 2994 3347 μεγάλου
3083 3275 3453 3347 σέευοφύλακος
3516 3279 3762 3334 Ἰωάννου
3838 3289 3926 3334 τοῦ

551 3364 778 3427 dicum,
837 3365 1006 3436 cujus
1070 3363 1504 3419 continentiam
1571 3363 1635 3416 in
1699 3362 2174 3433 consequentibu

2317 3369 2612 3434 Παντεχνῆ.
2664 3363 2781 3416 Ἐπὶ
2846 3361 2905 3416 δὲ
2959 3366 3126 3435 τούτῳ
3165 3370 3255 3417 καὶ
3297 3372 3574 3441 σημείωμα
3634 3367 3930 3424 συνοὸικόν

550 3453 793 3508 damus,
2316 3451 2537 3519 ἐξετέθη,
2570 3460 2738 3504 ταῦτα
2773 3458 2862 3504 καὶ
2901 3452 3026 3504 αὐτό
3051 3453 3223 3526 ῥητῶς
3255 3450 3618 3528 διηγούμενον,

1143 3558 1347 3614 ACTlO
1391 3558 1628 3614 SEXTA.

2943 3562 3177 3612 ΠΡΛΞΙΣ
3221 3559 3286 3623 ς-’.

551 3666 773 3723 Mensis
821 3664 1034 3721 Martii
1079 3663 1178 3720 die
1222 3665 1518 3733 vicesima,
1580 3663 1927 3718 indictionis
1973 3662 2180 3718 decima

2186 3677 2212 3717 Β
2423 3669 2564 3722 Μηνὶ
2592 3671 2809 3738 Μαρτίῳ
2837 3665 2902 3732 κ’,
2935 3668 3104 3738 ἡμέρᾳ
3139 3672 3319 3741 πρώτη
3365 3665 3694 3734 ἰνδικτιῶνος
3723 3670 3815 3724 ιδ’.

1068 3759 1322 3826 quarm,
1352 3753 1448 3809 die
1469 3752 1694 3822 prima.

626 3869 674 3920 1.
716 3861 1079 3920 Przesidente
1113 3859 1492 3917 sanctissimo
1529 3863 1735 3915 nostro
1773 3859 2023 3915 domino
2046 3875 2210 3914 mcu-

2390 3860 2452 3915 α’.
2495 3863 2897 3935 Προκαθημένου
2963 3868 3055 3912 τοῦ
3103 3859 3398 3931 ἀγιωτάτου
3451 3867 3598 3937 ἡμῶν
3662 3863 3936 3920 δεσπότου

550 3953 791 4011 menico
837 3951 1184 4025 patriarcha
1235 3949 1487 4005 domino
1543 3951 1700 4004 Luca
1742 3948 1802 4003 in
1855 3948 2179 4004 occidental

2317 3955 2408 4002 καὶ
2453 3951 2810 4022 οἰκουμενίκοῦ
2850 3969 3185 4025 πατριάρχου
3243 3961 3406 4025 κυροῦ
3472 3962 3660 4007 Λουκᾶ
3721 3960 3774 4009 ἓν
3834 3965 3944 4017 τοῖς

551 4044 1024 4100 catechumeneo
1041 4058 1054 4107 ;
1074 4038 1527 4096 considentibus
1555 4037 1926 4101 Caesariensi,
1943 4038 2180 4092 Nicome

2320 4039 2556 4100 δυτικοίς
2659 4044 3118 4111 κατηχουμενείοις
3162 4056 3174 4069 ⁶
3254 4039 3708 4116 συνεδριαζόντων
3755 4089 3770 4113 ,
3851 4054 3943 4098 τοῦ

552 4130 1159 4198 diensi,Melitenensi,
1184 4127 1534 4199 Gangrensi,
1562 4127 1905 4193 Larissensi,
1928 4127 2181 4181 Cretensi

2321 4133 2659 4202 Καισαρείας,
2717 4136 2808 4179 τοῦ
2875 4124 3252 4199 Νικομηδείας,
3308 4138 3400 4182 τοῦ
3458 4131 3789 4201 Μελιτηνῆς,
3854 4142 3948 4186 τοῦ

551 4219 1123 4290 Philippopolitano,
1149 4216 1544 4287 Euchaitensi,
1589 4215 1979 4287 Philippensi,
2013 4215 2180 4270 Hiera

2320 4223 2586 4289 Γαγγρών,
2615 4223 2709 4268 τοῦ
2748 4222 3048 4291 Λαρίσσης,
3080 4225 3172 4268 τοῦ
3214 4223 3444 4291 Κρήτης,
3481 4229 3574 4272 τοῦ
3633 4223 3948 4276 Φιλεππου-

550 4306 843 4380 politano,
884 4307 1169 4374 Serrensi,
1221 4305 1536 4376 Abydeno,
1588 4304 1940 4371 Paronaxio,
1974 4303 2179 4360 Milesio

2324 4306 2533 4370 πόλεως,
2574 4314 2664 4357 τοῦ
2730 4305 3026 4377 Εὐχαίτων,
3067 4313 3158 4356 τοῦ
3215 4306 3501 4376 Φιλίππων,
3541 4318 3640 4362 τοῦ
3711 4312 3953 4388 ⁵Ιεραπό-

551 4396 1102 4468 Arcadiopolitano,
1127 4395 1322 4465 Pario,
1348 4394 1794 4458 Prceconnesio,
1831 4393 2180 4466 Selybriensi

2320 4394 2460 4463 λεως,
2511 4402 2603 4446 τοῦ
2669 4393 2897 4468 Σερρῶν,
2958 4401 3050 4446 τοῦ
3111 4391 3360 4462 Ἀϐύδου,
3415 4405 3506 4449 τοῦ
3573 4401 3949 4474 Παροναξίας,

551 4460 969 4549 Anchialensi;
1000 4460 1337 4540 astantibus
1393 4483 1657 4539 dominis
1707 4460 2079 4554 praepositis;
2113 4483 2180 4537 De

2322 4491 2411 4534 τοῦ
2462 4482 2696 4540 Μιλήτου
2722 4526 2737 4550 ,
2797 4489 2888 4534 τοῦ
2953 4479 3431 4555 Ἀρκαδιουπολεως
3462 4527 3475 4553 ,
3535 4495 3634 4538 τοῦ
3666 4460 3676 4474 ⁸
3712 4495 3951 4564 Παρίου,

552 4573 1008 4631 amantissimus
1044 4588 1305 4642 magnus
1337 4571 1743 4644 scevophylax
1767 4574 2028 4627 Joannes
2057 4574 2177 4626 Pan

2331 4579 2411 4624 τοῦ
2465 4576 2875 4645 Προικόννησον,
2916 4579 3006 4622 τοῦ
3066 4571 3367 4644 Σηλυϐρίας,
3413 4579 3501 4626 καὶ
3555 4584 3653 4627 τοῦ
3715 4579 3960 4652 ’Λγχιά-

551 4663 816 4730 technes,
838 4667 905 4716 ut
927 4677 990 4716 se
1022 4661 1189 4717 omni
1217 4660 1563 4732 suspicione
1579 4666 1885 4732 purgaret,
1913 4659 2085 4716 sicuti
2106 4675 2180 4730 pa

2326 4659 2409 4710 λου
2469 4680 2480 4692 ο
2540 4665 2938 4732 παρισταμένων
2987 4665 3078 4712 καὶ
3136 4657 3462 4714 δεσποτικῶν
3510 4663 3809 4737 ἀρχόντων
3866 4686 3879 4698 ⁸
3930 4670 3955 4720 ὁ

549 4751 675 4809 lam
712 4753 776 4808 ﬁt
801 4767 867 4807 ex
887 4749 1414 4823 progredientibus
1441 4748 1659 4821 synodi
1689 4748 1960 4816 decretis,
1997 4748 2178 4803 sisten

2333 4747 2712 4820 θεοφιλέστατος
2780 4753 2939 4820 μέγας
2989 4749 3312 4821 σκευοφύλαξ
3369 4752 3614 4814 Ἰωάννης
3670 4757 3700 4807 ό
3757 4765 3962 4811 Παντε-

553 4857 616 4898 se
660 4841 839 4898 hodie
885 4840 1028 4910 legit
1071 4854 1144 4894 ex
1189 4837 1389 4894 libello
1420 4837 1849 4894 continentiam
1871 4838 2022 4908 ejus.
2046 4838 2182 4892 Post

2335 4842 2472 4906 ίνὴς,
2515 4836 2694 4888 ἑαυτὸν
2748 4835 3080 4889 ἀπαλλάττων
3134 4841 3311 4900 πάσης
3362 4841 3618 4912 ὑποψίας,
3657 4849 3816 4898 καθά
3864 4844 3964 4903 δη-

549 4947 738 5003 quam
774 4931 954 5000 igitur
988 4929 1120 4984 haec
1159 4927 1312 4983 lecta
1339 4931 1479 4982 sunt
1505 4926 1744 4998 publice
1775 4941 1981 4982 coram
2009 4931 2178 4982 nostri

2340 4933 2500 4976 λοῦται
2537 4933 2645 4985 τοῖς
2701 4924 2933 4999 προϐᾶσι
2986 4922 3282 4987 συνοδικοῐς
3341 4937 3695 5003 σημιὼμασι
3723 4977 3738 5002 ,
3775 4956 3969 5012 παρα·-

550 5021 965 5076 mediocritate
1013 5032 1307 5089 sacraque
1361 5015 1598 5088 synodo
1627 5057 1641 5082 ,
1682 5015 1743 5070 in
1781 5015 1896 5072 hac
1926 5014 2179 5070 schedula

2343 5016 2452 5074 ,τὰς
2489 5018 2583 5072 τὴν
2639 5019 2885 5089 σήμερον,
2919 5013 3110 5084 ἀνέγνω
3150 5013 3250 5067 ἀπὸ
3300 5017 3597 5094 εἰληταρίου
3641 5026 3717 5075 τὰ
3775 5026 3972 5077 ὑποτε-

547 5123 774 5164 nomen
820 5123 999 5162 suum
1043 5106 1414 5178 subscripsit,
1447 5119 1631 5176 seque
1665 5103 1832 5159 omni
1871 5103 2174 5176 suspicion

2351 5107 2547 5174 αγμένα
2579 5118 2592 5130 ·
2626 5105 2690 5162 ὡς
2727 5103 2816 5154 οὖν
2874 5101 3066 5173 ἀνέγνω
3126 5110 3294 5157 ταῦτα
3344 5104 3430 5158 ἐπὶ
3481 5117 3672 5161 κοινοῦ
3735 5120 3838 5167 καὶ
3898 5114 3977 5168 ἐν-

549 5196 852 5270 purgavit,
878 5196 960 5251 ita
991 5199 1058 5250 ut
1089 5195 1401 5267 superiora
1432 5193 1652 5264 synodi
1691 5193 1931 5248 decreta
1957 5193 2106 5248 nihil
2133 5210 2178 5250 8.1

2348 5197 2482 5243 imo»
2534 5199 2630 5252 τῆς
2666 5192 2812 5262 ἡμῶν
2851 5196 3192 5265 μετριότητος
3229 5199 3318 5247 καὶ
3367 5203 3461 5257 τῆς
3502 5197 3651 5266 ἱερᾶς
3698 5201 3977 5275 συνόδου,

549 5287 752 5357 ipsum
785 5286 916 5355 jam
939 5284 1277 5341 attinerent.
1313 5281 1536 5338 Deinde
1567 5285 1878 5338 exaratum
1905 5281 1965 5337 in
1999 5282 2178 5337 eaden

2354 5300 2370 5330 ν
2434 5288 2508 5350 τῷ
2573 5282 2791 5350 τοιούτῳ
2854 5285 3063 5352 χαρτίῳ
3121 5283 3450 5355 ὑπέγραψεν,
3505 5283 3708 5339 ἑαυτὸν
3789 5295 3983 5356 πάσης

553 5375 845 5431 schedula
861 5374 1152 5445 scriptum
1165 5373 1267 5442 huj
1280 5371 1718 5443 usmodi,eique
1743 5386 1850 5444 per
1871 5371 2180 5443 complure

2354 5369 2552 5440 ποψίας
2607 5367 2910 5438 ἀπήλλαξεν,
2971 5367 3251 5442 ἀπρακτεῖν
3310 5372 3618 5444 ὀφειλόντων
3691 5380 3831 5432 ὅσον
3897 5383 3981 5436 ἐπ’

550 5462 679 5519 dies
702 5461 1194 5534 subscripserunt
1213 5460 1311 5517 alii
1330 5475 1576 5533 quoque
1597 5459 1887 5531 episcopi,
1900 5459 2045 5531 quia
2063 5475 2179 5516 non

2352 5459 2464 5528 νᾶτῷ
2509 5477 2600 5510 και
2655 5466 2754 5509 τῶν
2810 5466 3194 5531 προγεγονότων
3262 5457 3552 5513 συνοδικῶν
3632 5447 3981 5547 σημειωμά·

622 5588 733 5660 (42)
771 5585 914 5643 Vide
942 5585 1056 5643 col.
1078 5589 1202 5642 250.
