4126 6272
199 243 278 299 Μ
1499 242 1849 298 THESAURI

1888 242 2018 300 LIB.
2071 240 2252 296 XXIV.
3456 243 3570 299 270

207 385 280 417 των
298 367 392 434 (43)
413 362 550 420 Εἶτα
580 363 1088 439 ἐγκατεστρωμένον
1128 363 1191 437 ἦν
1220 364 1270 418 ἐν
1302 365 1441 436 αύτῷ
1467 367 1526 417 τὸ
1558 372 1793 417 τοιοῦτον

1909 363 2044 420 nulli
2076 362 2432 420 scandalum
2473 361 2548 419 de
2591 362 2722 420 aliis
2752 368 3173 438 sumpserant;
3205 365 3312 439 qui
3354 366 3559 424 nolue-

213 460 428 527 ἔγγραφον·
487 454 580 506 ἐπὶ
639 451 708 506 δὲ
775 463 853 524 τῷ
914 459 1261 529 προγραφέντι
1333 453 1594 527 ἐγγράφῳ,
1658 457 1796 506 κατὰ

217 541 441 617 διαφόρους
503 545 718 615 ἡμέρας
792 543 1101 617 ὑπέγραψαν
1164 549 1255 595 καὶ
1311 545 1475 618 ἕτεροι
1527 541 1795 617 ἀρχιερεῖς

212 629 281 684 διὰ
302 637 353 684 τὸ
389 629 866 690 πανδαλισθῆναί
916 651 1058 694 τινας
1109 640 1210 684 τῶν
1253 631 1538 706 ἀρχιερέων
1583 637 1674 683 καὶ
1716 624 1796 684 ἐπ’

208 721 368 782 trimi;-
394 726 485 773 καὶ
516 721 681 773 θίλειν
714 725 811 772 καὶ
843 724 1056 782 τούτους
1085 718 1251 794 μηδέν
1297 720 1529 791 ὑποψίας
1568 717 1795 792 ἵνδαλμα

203 811 293 861 κατ’
344 812 534 875 αὐτῶν,
587 810 716 883 παρ’
780 807 1054 880 οὶῳδήτινι
1103 811 1389 872 σώζεσθαι.
1442 809 1490 860 οἱ
1517 815 1608 860 καὶ
1638 809 1792 867 ἦσαν’

201 901 420 971 eihi-39¢»
453 902 842 971 Χριστοφόρος,
877 900 904 950 6
943 903 1222 973 Λαρίσσης
1258 899 1513 963 Ἰωάννης,
1547 899 1573 949 6
1611 895 1793 949 Ῥόδου

201 993 345 1055 Λέων,
403 989 430 1038 6
492 984 978 1060 Ἀδριανουπόλεως
1043 991 1210 1054 Λέων,
1278 987 1304 1038 6
1376 991 1517 1039 Νέων
1576 992 1792 1058 Πατρῶν

1897 459 2038 510 runt
2057 454 2238 509 ullam
2270 453 2632 525 suspicionis
2665 455 2925 526 speciem
2956 455 3031 510 de
3065 470 3128 510 se
3160 455 3327 527 apud
3353 471 3560 528 quem-

1897 543 2041 599 libet
2071 558 2410 614 superesse.
2469 544 2648 598 Erant
2684 547 2888 598 autem
2917 544 3017 598 hi:
3063 546 3366 615 Myrorum
3407 545 3564 601 Chri-

1901 632 2241 703 stophorus,
2277 631 2518 687 Larissa:
2542 633 2826 700 Joannes,
2856 631 3048 687 Rhodi
3069 633 3206 700 Leo,
3226 633 3560 690 Hadriano-

1900 721 2108 793 poleos
2141 723 2272 789 Leo,
2325 723 2761 792 Neopatrarum
2810 720 3186 792 Euthymius,
3223 722 3564 778 Thebarum

1899 810 2179 879 Joannes,
2216 812 2507 864 Maroneae
2556 809 2827 865 Nicetas:
2866 809 2942 864 de
2991 825 3254 881 quorum
3301 811 3564 882 singulo-

1901 914 2038 954 rum
2069 897 2616 970 subscriptionibus
2661 897 2904 954 condita
2933 902 3071 953 sunt
3117 897 3357 955 decreta
3383 916 3566 972 syno-

1902 987 2036 1042 dica
2066 986 2287 1042 tenoris
2318 985 2609 1056 ejusdem.

204 1077 464 1148 Εὐθύμιος,
503 1078 530 1127 6
572 1075 767 1134 Θηϐῶν
808 1077 1070 1141 Ἰωάννης,
1145 1081 1235 1128 καὶ
1274 1077 1300 1126 6
1337 1080 1636 1148 Μαρωνείας
1661 1080 1914 1136 Νικήτας·
1956 1077 2024 1126 ὧν
2072 1075 2147 1147 ἐφ’
2177 1075 2401 1128 ἑκάστου
2438 1077 2713 1148 ύπογραφῆ
2745 1079 2836 1128 καὶ
2887 1079 3252 1148 σημείωματα,
3305 1072 3563 1130 συνοδικά

201 1164 472 1235 ἐξετίθεντο,
503 1173 599 1226 τῆς
630 1164 799 1225 αὐτῆς
827 1166 952 1217 ὄντα
975 1161 1264 1237 δυνάμεως.

256 1270 303 1343 β’
338 1273 480 1324 Μετὰ
517 1268 578 1323 δὲ
606 1279 778 1323 ταῦτα
805 1276 896 1322 καὶ
925 1272 1091 1344 ἕτερον
1130 1269 1323 1344 προέϐη
1367 1266 1644 1323 συνοδικόν
1686 1289 1790 1329 ση-

190 1364 396 1431 ptisana,
431 1359 635 1412 αύτολεὶ
667 1361 869 1412 οὑτωσὶ
893 1363 1158 1434 περιέχον,

320 1515 464 1568 Μηνὶ
491 1508 778 1582 Ἀπριλλίῳ
820 1507 868 1573 ς’
897 1510 1067 1581 ἡμέρᾳ
1104 1504 1151 1560 δ’
1193 1504 1518 1570 ὶνδικτιῶνος
1553 1505 1643 1562 ιδ’.

252 1627 659 1697 Προκαθημένου
709 1629 894 1677 Αουκᾶ
937 1630 1028 1674 τοῦ
1080 1622 1375 1693 ἁγιωτάτου
1414 1631 1559 1695 ημῶν
1592 1619 1789 1675 δεσπό-

185 1734 270 1766 του
328 1719 419 1765 καὶ
482 1713 847 1784 οἱχουμενικοῦ
907 1713 1242 1784 πατριάρχου
1311 1710 1360 1761 ἐν
1425 1718 1535 1772 τοῖς
1598 1707 1792 1773 δεξιοῖς

186 1803 472 1865 ἀλεξιαιιοίς
535 1805 1023 1872 κατηχουμενείοις·
1096 1796 1507 1874 συνεδριζόντων
1573 1807 1635 1872 τῇ
1704 1819 1789 1872 με·

182 1893 311 1964 γάλη
370 1892 645 1962 ἁγιωσύνῃ
714 1890 877 1942 αὐτοῦ
954 1892 1239 1962 ἱερωτάτων
1306 1888 1592 1963 ἀρχιερέων
1617 1933 1633 1958 ,
1694 1897 1787 1940 τοῦ
1817 1871 1861 1924 Β

183 1986 523 2055 Καισαρείας,
577 1986 670 2031 τοῦ
720 1975 1095 2050 Νικομηδείας,
1144 1986 1236 2030 τοῦ
1283 1982 1518 2046 Νικαίος,
1550 1985 1641 2030 τοῦ
1688 1984 1791 2030 Με-

179 2071 408 2137 λιτηνῆς,
473 2077 566 2120 τοῦ
625 2075 898 2142 Γαγγρῶν,
960 2075 1053 2119 τοῦ
1125 2072 1342 2142 Καρίας,
1404 2075 1497 2118 τοῦ
1545 2068 1782 2131 Ἰκονίου,

179 2168 264 2210 τού
291 2159 577 2232 Κορίνθου,
609 2164 702 2208 τοῦ
752 2164 1041 2223 Μωκησοῡ,
1095 2164 1188 2207 τοῦ
1235 2161 1462 2230 Κρήτης,
1511 2161 1604 2207 τοῦ
1647 2163 1790 2228 Τρα-

180 2249 479 2314 mhi-neq,
529 2249 622 2297 τοῦ
675 2244 961 2315 Φιλίππων,
1016 2251 1108 2295 τοῦ
1159 2243 1506 2317 ’1εραπόλεως,
1551 2251 1644 2296 τού
1690 2250 1792 2296 Μι-

180 2336 418 2403 τυλήνης,
483 2342 575 2386 τού
641 2333 849 2399 Θηϐῶν,
916 2341 1007 2385 τοῦ
1073 2331 1304 2407 Σερῥῶν,
1366 2339 1458 2384 τοῦ
1516 2337 1790 2407 Δρίστρας,

177 2435 262 2478 τοῦ
325 2429 622 2500 Κερκύρας,
679 2431 772 2476 τοῦ
835 2419 1084 2490 Ἀϐύδου,
1134 2430 1224 2474 τοῦ
1277 2422 1533 2488 Μιλήτου,
1564 2429 1654 2474 τοῦ
1683 2429 1794 2475 Μα-

176 2522 428 2589 ρωνείας,
483 2522 577 2566 τοῦ
625 2518 848 2586 Παρίου,
917 2520 1008 2564 τοῦ
1073 2511 1381 2586 Σηλυϐρίας,
1457 2519 1548 2564 τοῦ
1612 2516 1792 2581 Νίκης,

175 2613 263 2658 καὶ
305 2614 405 2658 τοῦ
464 2605 782 2676 Ἀγχιάλου·
850 2608 1248 2677 παρισταμένων
1314 2607 1404 2654 καὶ
1469 2602 1795 2674 θεοφιλεστά-

176 2713 273 2745 των
344 2692 677 2746 δισποτικῶν
741 2690 1029 2766 ἆρχοντων·
1091 2692 1118 2742 6
1178 2690 1567 2761 θεοφιλέστατος
1607 2687 1796 2742 διάκο-

178 2802 264 2844 νος
307 2788 404 2835 καὶ
447 2787 794 2856 κανστρίσιος
859 2789 955 2840 τῆς
1009 2778 1300 2850 ἁγιωτάτης
1347 2787 1440 2831 τοῦ
1480 2786 1612 2831 Θεοῦ
1642 2780 1800 2852 μεγά-

183 2872 272 2933 λης
358 2872 642 2931 ἐκκλησίας
720 2868 983 2942 Σαμουὴλ,
1060 2870 1233 2928 πάσης
1330 2868 1554 2938 ὑποψίας
1619 2869 1798 2920 ἑαυτὸν

183 2961 546 3029 ἀπαλλάττων,
586 2962 726 3011 κατὰ
760 2963 857 3016 τήν
881 2959 1130 3029 τετάρτην
1161 2964 1254 3008 τοῦ
1299 2961 1550 3031 παρόντος
1591 2957 1802 3030 Ἀπριλ-

358 2872 642 2931 ἐκκλησίας

181 3049 292 3100 λλον
337 3054 504 3122 μηνὸς
558 3047 644 3101 ἐπὶ
686 3054 779 3099 τοῦ
850 3049 1014 3118 μέσου
1063 3048 1206 3112 στὰς,
1263 3051 1354 3097 καὶ
1420 3049 1480 3096 τὸ
1537 3042 1800 3119 διαφόρως

179 3140 322 3211 παρά
389 3157 545 3190 τινων
615 3138 904 3208 ἱερωτάτων
980 3133 1264 3208 ἀρχιερέων
1339 3139 1430 3185 καὶ
1498 3132 1801 3204 θεοφλεστά-

174 3247 271 3280 των
341 3226 624 3300 ἀρχόντων
713 3223 1041 3294 ἁναγνωσθέν
1124 3229 1214 3274 καὶ
1293 3223 1586 3296 ὑπογραφὲν
1666 3221 1799 3280 εἰλη-

171 3319 354 3388 τάριον
418 3314 518 3367 δινὰ
584 3320 772 3388 χεῖρας
832 3311 1024 3380 λαϐὼν,
1091 3311 1158 3372 εἰς
1223 3310 1442 3369 ἐπήκοον
1506 3318 1594 3362 τοῦ
1663 3313 1798 3385 ἱεροῦ

173 3403 460 3478 συνεδρίου
511 3402 705 3474 ἀνέγνω
760 3404 828 3454 τὰ
884 3399 933 3452 ἰν
969 3399 1110 3452 αὐτῶ
1157 3403 1490 3474 γεγραμμένα
1533 3402 1664 3471 μετὰ
1708 3405 1798 3452 καὶ

1974 1277 2026 1328 2.
2069 1275 2205 1329 Post
2225 1272 2352 1328 haec
2373 1271 2541 1329 aliud
2558 1289 2803 1346 quoque
2829 1273 3052 1346 prodiit
3077 1273 3439 1346 synodicum
3459 1275 3562 1331 de-

1903 1367 2131 1418 cretum
2153 1362 2316 1418 hisce
2349 1361 2573 1420 verbis.

1900 1452 2120 1507 Mensis
2171 1452 2406 1521 Aprilis
2449 1453 2544 1506 die
2575 1457 2762 1519 sexta,
2803 1458 3028 1524 quarta
3065 1455 3407 1510 indictioms
3456 1454 3556 1511 de-

2504 1545 2669 1596 cima:
2698 1547 2953 1612 quartae.

1971 1628 2325 1684 Praesidente
2359 1630 2516 1684 Luca
2549 1629 2932 1685 sanctissimo
2977 1634 3184 1688 nostro
3213 1631 3463 1688 domino
3500 1634 3559 1688 et

1900 1717 2271 1773 oecumenico
2298 1717 2640 1790 patriarcha
2664 1719 2725 1772 in
2756 1717 2965 1774 dextro
2987 1719 3261 1776 alexiano
3281 1721 3536 1776 catechu

1899 1821 2113 1862 meneo
2139 1824 2152 1872 ;
2183 1805 2635 1861 considentibus
2658 1822 2796 1860 cum
2829 1822 3057 1876 magna
3087 1809 3399 1864 sanctitate
3426 1811 3476 1879 ej
3489 1825 3558 1863 us

1898 1895 2321 1949 sacratissimis
2351 1893 2667 1964 episcopis,
2694 1893 3063 1964 Caesariensi,
3094 1897 3555 1965 Nicomediensi,

1897 1983 2154 2048 Nicasno,
2185 1981 2568 2051 Melitenensi,
2608 1983 2959 2054 Gangrensi,
2995 1983 3188 2053 Cario,
3239 1985 3552 2052 lconiensi,

1899 2070 2221 2136 Corinthio,
2273 2070 2592 2131 Mocesino,
2639 2071 2920 2141 Cretensi,
2975 2072 3384 2144 Trapezuntio,
3433 2073 3557 2128 Phi-

1897 2159 2174 2231 lippensi,
2205 2157 2671 2230 Hierapolitano,
2699 2158 3052 2230 Mitylenaao,
3086 2159 3394 2230 Thebano,
3429 2163 3554 2217 Ser‘

1898 2248 2076 2313 rensi,
2105 2247 2436 2315 Dristrensi,
2463 2246 2795 2320 Corcyraeo,
2828 2247 3142 2319 Abydeno,
3171 2249 3554 2318 Milesio,Ma-

1899 2337 2198 2404 roneensi,
2228 2337 2419 2404 Pario,
2455 2335 3506 2408 Selybriensi,Nicensi,Anchialensi
3538 2357 3552 2408 ;

1901 2426 2238 2482 astantibus
2265 2425 2368 2481 Dei
2412 2426 2841 2482 amantissimis
2885 2426 3149 2482 dominis
3179 2428 3553 2500 praepositis;

1904 2515 2004 2571 Dei
2034 2515 2488 2572 amantissimus
2518 2515 2813 2571 diaconus
2839 2521 2897 2572 et
2921 2517 3275 2572 canstrisius
3306 2519 3557 2574 sanctis-

1903 2605 2070 2660 simae
2110 2605 2209 2660 Dei
2257 2620 2495 2674 magnae
2549 2603 2818 2660 Ecclesiae
2865 2605 3126 2676 Samuel,
3171 2607 3338 2663 omni
3366 2609 3558 2682 suspi-

1904 2694 2075 2749 cione
2105 2700 2293 2749 semet
2311 2694 2594 2760 liberans,
2625 2697 2841 2766 quarta
2869 2693 2964 2750 die
3004 2696 3317 2766 praesentis
3345 2697 3561 2768 Aprilis

1904 2784 1966 2838 in
1995 2783 2197 2838 medio
2213 2782 2564 2849 consistens,
2592 2787 2650 2838 et
2662 2784 2792 2854 jam
2824 2783 3224 2855 multipliciter
3249 2801 3285 2840 a
3309 2786 3562 2842 nonnul-

1905 2872 1977 2927 lis
2023 2871 2444 2927 sacratissimis
2490 2871 2790 2944 episcopis
2860 2873 3080 2942 Deique
3128 2874 3560 2929 amantissimis

1906 2960 2246 3032 praepositis
2293 2960 2516 3015 lectum
2563 2963 2621 3014 et
2673 2959 3079 3030 subscriptum
3129 2959 3399 3015 libellum
3445 2976 3563 3033 pm

1908 3048 2190 3103 manibus
2243 3053 2472 3115 tenens,
2525 3047 2806 3102 audiente
2860 3062 3030 3102 sacro
3084 3047 3369 3118 synedrio
3422 3048 3566 3119 legit

1908 3137 2336 3193 continentiam
2385 3137 2534 3208 ejus,
2594 3136 2860 3208 itemque
2919 3135 3402 3193 additamentum
3448 3139 3565 3210 ipsi

1908 3226 2269 3280 subnexum.
2304 3227 2501 3281 Causa
2542 3225 2674 3296 ejus
2714 3225 2799 3280 rei
2859 3224 3072 3291 fuerat,
3124 3229 3292 3298 quod
3324 3225 3565 3284 inventa

1907 3315 2115 3370 charta
2150 3313 2343 3370 fuerat
2385 3329 2468 3368 ea;
2510 3313 2824 3369 continens
2875 3329 3011 3386 quae
3040 3313 3102 3369 in
3145 3314 3562 3373 additamento

1907 3402 2454 3475 perscribebantur,
2488 3402 2583 3457 his
2612 3401 2886 3458 videlicet
2905 3401 3125 3458 verbis.

171 3496 512 3568 προσθήκης,
545 3493 924 3564 προστεθείσης
948 3489 1107 3560 αὐτῷ,
1134 3486 1228 3541 διὰ
1257 3492 1315 3540 τὸ
1354 3489 1624 3562 εὑρεθῆναι
1660 3489 1870 3563 χάρτην
1889 3499 2109 3544 τοιαῦτα
2140 3488 2562 3563 διαλαμϐάνοντα
2591 3492 2676 3544 οἶα
2715 3493 2742 3550 ὁ
2779 3493 3056 3567 προσθήκη
3087 3499 3370 3568 περιεῖχεν·
3410 3495 3440 3554 ἧ
3471 3498 3562 3548 καὶ

172 3579 304 3634 εἶπεν
331 3583 427 3635 ἐπὶ
449 3581 632 3643 λέξεων
658 3579 815 3633 οὕτω.

237 3670 306 3741 γ’.
353 3674 505 3724 Ἐπεὶ
547 3666 609 3721 δὲ
654 3674 744 3721 καὶ
792 3671 1014 3742 χαρτίον
1059 3665 1360 3739 ἐνεφανίσθη
1398 3666 1522 3737 ἔχον
1561 3665 1720 3726 οὕτως
1749 3665 1798 3717 ἐν

176 3767 520 3833 ιαταρχαῑς⁶
609 3757 745 3811 Ἐκεῖ
825 3752 1120 3808 ἐδειλίασαν
1197 3754 1350 3826 φόϐον
1439 3755 1498 3806 οὗ
1572 3754 1666 3806 οὐκ
1736 3755 1798 3812 ἦν

179 3849 352 3918 φάεος,
415 3849 816 3919 ἐν-προσήταις
869 3850 1145 3918 Προφήτης
1197 3844 1308 3916 οἶμα
1370 3849 1461 3895 καὶ
1531 3841 1795 3915 βασιλεὺς,

181 3941 334 4008 ἔξεο-ἐ
403 3957 511 3990 που
579 3935 787 4006 ψάλλων
852 3933 901 3985 ἐν
957 3937 1231 4006 πνεύματι,
1296 3935 1680 4006 παρατούμενον
1740 3928 1801 3983 δὲ

181 4032 314 4079 ιατὰ
365 4045 435 4079 το
483 4024 626 4084 τέλος
672 4022 720 4076 ἐν
767 4025 992 4082 τούτοις·
1044 4023 1086 4074 εἰ
1129 4030 1256 4094 γοῦν
1313 4022 1587 4094 ἁπερέχειν
1641 4024 1798 4092 φασίν

183 4119 231 4166 αἱ
275 4121 490 4190 Γραφαὶ
533 4121 628 4166 τοῦ
680 4119 920 4185 Χριστοῦ
975 4114 1061 4162 τὸν
1112 4115 1318 4185 Πατέρα
1348 4114 1473 4174 (li-4),
1513 4111 1643 4160 καθὸ
1674 4113 1800 4168 τέως

183 4207 330 4268 εὗτος
385 4205 488 4257 οὐκ
533 4202 931 4274 ἑνηνθρώπησεν
965 4243 978 4267 ,
1033 4197 1185 4253 οὐδὲν
1239 4202 1414 4252 καινὸν
1479 4198 1523 4250 εἰ
1577 4203 1668 4249 καὶ
1739 4199 1800 4248 τὸ

180 4297 358 4364 μεῖζον
417 4297 567 4364 ἔχειν
611 4301 703 4344 του
770 4289 820 4341 ἐν
879 4289 1019 4361 αύτῳ
1073 4288 1393 4362 ἀνθρωπίνου
1461 4285 1802 4346 διανοητικώς

182 4385 622 4452 φαντασθήσεταί
647 4399 761 4432 τισι
794 4383 887 4430 καὶ
923 4376 1235 4452 ῥηθήσεται.
1279 4376 1437 4430 Ὥστε
1478 4372 1537 4429 δὲ
1575 4381 1664 4427 καὶ
1697 4380 1802 4434 τοῖς

179 4477 326 4546 παρὰ
372 4480 480 4524 τῶν
529 4469 692 4540 ἁγίων
743 4467 984 4540 ῥηθεῖσιν
1033 4467 1303 4538 ὁμοφώνως
1370 4467 1562 4537 ἔχοντα
1634 4461 1804 4524 δεῖξαι

181 4570 352 4613 ταῦτα
405 4565 475 4613 τα
541 4555 862 4629 δεδογμένα,
928 4557 1053 4627 ἡμῖν
1102 4554 1387 4626 λεγέτωσαν
1464 4553 1628 4620 οὗτοι,
1714 4555 1804 4602 καὶ

182 4652 334 4721 ἡμεῖς
386 4653 752 4718 σιωπήσομεν·
811 4646 866 4696 ἐν
926 4641 984 4695 δὲ
1030 4651 1100 4714 τῷ
1150 4645 1370 4714 τοιούτῳ
1433 4645 1609 4715 χάρτη
1677 4641 1807 4712 μετά

184 4746 273 4791 καὶ
338 4739 509 4792 ἄλλων
568 4744 720 4788 τινῶν
809 4732 1230 4804 ἁπεμφαινὸντων
1320 4735 1412 4782 καὶ
1505 4726 1806 4802 ἀπαὸὁντων

189 4834 313 4902 πρὸς
371 4833 442 4881 τὰ
486 4832 585 4887 τής
637 4825 798 4896 ἁγίας
855 4830 950 4873 τοῦ
991 4829 1122 4875 Θεοῦ
1151 4820 1434 4880 καθολικῆς
1462 4825 1552 4871 καὶ
1582 4817 1806 4871 ἀποστο-

1980 3672 2031 3725 3.
2057 3669 2348 3735 Quoniam
2375 3669 2664 3726 schedula
2693 3670 2993 3742 apparuit,
3014 3671 3187 3741 cujus
3214 3671 3448 3728 initium
3469 3678 3563 3730 est

1908 3758 2021 3814 hoc
2046 3775 2058 3813 :
2094 3761 2187 3814 Ibi
2209 3767 2583 3829 expaverunt
2613 3761 2824 3815 timore
2853 3760 2958 3814 ubi
2982 3775 3102 3815 non
3129 3766 3260 3816 erat
3285 3763 3462 3816 timor
3487 3763 3556 3830 3°,

1908 3847 2206 3919 Propheta
2235 3865 2511 3904 summus
2532 3847 2815 3919 idemque
2843 3863 2948 3902 rex
2978 3848 3302 3918 inspiratus
3326 3848 3473 3903 dixit
3494 3849 3558 3904 in

1907 3937 2162 4003 Psalmo,
2194 3937 2256 3992 id
2299 3938 2466 4010 quod
2513 3937 2697 3992 modo
2727 3937 2806 3992 ad
2835 3937 3057 3991 exitum
3088 3936 3415 3993 deductum
3444 3943 3554 3994 est.

1908 4026 2135 4081 Etenim
2166 4026 2214 4080 si
2240 4027 2475 4082 Patrem
2518 4026 2809 4082 extollunt
2847 4041 3033 4097 supra
3080 4026 3379 4082 Christum
3412 4028 3560 4083 Scri-

1908 4120 2120 4185 pturae,
2148 4130 2269 4186 quo
2295 4120 2564 4186 tempore
2594 4114 2869 4169 nondum
2906 4121 3147 4170 venerat
3179 4115 3256 4170 ad
3285 4117 3558 4172 incarna-

1907 4204 2156 4268 tionem,
2187 4203 2269 4259 nil
2295 4203 2560 4275 profecto
2601 4204 2740 4258 novi
2782 4209 2891 4270 est,
2936 4204 3104 4276 quod
3135 4205 3427 4276 majorem
3458 4208 3558 4264 Pa-

1910 4297 2059 4348 trem
2072 4293 2443 4348 humanitate
2464 4291 2674 4347 Christi
2695 4292 2946 4363 quidam
2969 4308 3131 4349 nunc
3151 4294 3561 4364 imaginantur

1910 4386 2088 4454 atque
2119 4381 2443 4438 afﬁrmant.
2487 4383 2914 4437 Verumtamen
2942 4381 3038 4437 isti
3087 4383 3136 4438 si
3189 4389 3343 4440 certe
3386 4385 3561 4441 nobis

1909 4470 2409 4527 demonstrabunt
2446 4469 2604 4526 dicta
2627 4486 2738 4526 sua
2765 4487 2902 4526 cum
2942 4477 3292 4529 sanctorum
3316 4489 3563 4546 quoque

1913 4562 2219 4618 sententiis
2245 4561 2610 4632 conspirare,
2634 4566 2764 4616 tum
2783 4562 3029 4617 demum
3059 4561 3360 4620 silentium
3386 4564 3564 4620 nobis

1912 4650 2241 4722 imponent.
2271 4653 2337 4704 In
2366 4649 2578 4704 eadem
2609 4655 2810 4705 autem
2842 4649 3150 4712 schedula,
3193 4657 3408 4722 preter
3446 4653 3568 4709 alia.

1913 4739 2196 4812 quaedam
2227 4739 2612 4794 abhorrentia
2639 4743 2695 4794 et
2724 4738 2970 4795 dissona
3000 4755 3036 4794 a
3077 4745 3299 4796 sancta;
3328 4741 3430 4795 Dei
3461 4756 3565 4796 ca-

1914 4829 2147 4885 tholicae
2173 4832 2230 4884 et
2261 4827 2601 4900 apostolicae
2640 4828 2917 4884 Ecclesiae
2944 4830 3286 4886 rectissimis
3312 4830 3564 4899 dogma-

189 4916 328 4979 λιτῆς
394 4917 718 4974 Ἐκκλησίας
780 4913 1047 4987 ὀρθότατα
1109 4907 1353 4983 δόγματα
1385 4952 1399 4977 ,
1487 4913 1578 4960 καὶ
1641 4914 1800 4958 ταῦτα

1915 4918 2094 4986 tibus,
2115 4917 2245 4972 haec
2269 4933 2514 4989 quoque
2544 4917 3026 4973 continebantur.
3061 4917 3216 4973 Mitto
3245 4919 3405 4974 enim
3430 4921 3566 4974 Am-

196 5003 578 5078 ᾲιπῑριέχιταιο
649 5003 816 5075 ἐῶμεν
884 5000 988 5070 γὰρ
1047 4998 1209 5070 λέγειν
1295 4997 1643 5070 ’Δμφιλοχίου
1716 4998 1806 5046 καὶ

257 5220 303 5256 ⁸⁸
336 5220 491 5278 Psal.
523 5233 655 5284 xm,
692 5220 748 5271 5.

259 5416 360 5486 (43)
397 5416 543 5474 Vide
568 5410 692 5471 col.
722 5410 862 5487 262.
1274 5476 1310 5487 ν

259 5475 357 5558 (44)
395 5487 736 5558 Nimirum,
759 5483 835 5558 ut
853 5475 1129 5558 nonnulli
1156 5476 1476 5558 explicant,
1506 5478 1809 5558 quatenus

199 5546 376 5621 uicto}
393 5546 488 5620 εει
506 5556 649 5619 Filii
670 5546 970 5614 Pater,ut
995 5547 1056 5602 in
1081 5546 1560 5620 precedentihus
1580 5546 1810 5604 dictum

1915 5006 2307 5079 philochium,
2322 5005 2728 5074 Ambrosium,
2750 5004 3020 5077 aliosque
3041 5004 3205 5061 haud
3226 5021 3455 5078 paucos
3479 5007 3566 5062 in-

1916 5402 2044 5469 fuit;
2072 5415 2208 5472 quae
2237 5404 2439 5457 tamen
2465 5397 2739 5472 res_nihil
2761 5395 2902 5454 Filio
2938 5394 3214 5467 detrahit,
3247 5410 3446 5468 neque
3476 5396 3570 5450 in-

1917 5469 2196 5530 feriat-em
2219 5472 2377 5528 Patri
2394 5469 2716 5527 constituit.
