4126 6272
517 285 618 342 271

1841 267 2107 354 meum;
2147 266 2528 336 CHONIATIE

3790 290 3902 357 272

522 407 781 480 spiratos
812 405 990 476 viros,
1017 419 1276 478 quorum
1331 403 1433 461 alii
1479 403 1766 461 audacter
1806 401 1882 459 de
1925 403 2041 459 hoc
2069 403 2178 459 do-

2295 403 2611 479 Ἀμϐροσίου
2668 407 2756 457 καὶ
2817 403 2996 480 ἐτέρων
3061 402 3152 460 οδκ
3215 405 3400 480 ὀλίγων
3465 416 3899 488 πνωματοφὸρων

523 501 722 565 gmate
753 495 936 550 locuti
985 498 1142 560 sunt,
1189 498 1486 566 quantum
1516 497 1672 549 certe
1709 493 1842 566 ipsa
1871 492 2057 549 verba
2084 508 2178 550 so-

524 591 671 640 nant
698 603 709 638 :
741 583 838 640 alii
862 584 1061 655 ipsum
1091 588 1294 654 aperte
1325 598 1447 654 prae
1480 599 1542 637 se
1574 582 1854 638 tulerunt.
1888 585 1954 638 Et
1984 582 2176 638 infra:

527 678 710 732 Mente
738 673 982 746 quidem
1019 673 1335 739 Christum,
1372 676 1552 744 prout
1579 672 1763 728 homo
1792 677 1900 737 est,
1941 687 2182 744 separa-

530 764 633 820 tim
663 761 976 831 imaginari
1000 777 1012 826 ;
1043 761 1320 833 atqueita
1347 761 1641 831 majorem
1670 762 1804 832 ipso
1830 764 2061 818 Patrem
2083 777 2182 817 co-

530 854 747 923 gitare;
782 857 959 924 atque
1007 851 1164 907 hanc
1209 850 1587 920 schedulam,
1636 856 1933 924 quatenus
1963 851 2184 908 scilicet

529 946 743 1015 praeter
761 939 1161 996 orthodoxam
1186 939 1464 1011 pietatem
1488 939 1784 1012 loquitur;
1811 945 1868 996 et
1891 939 2017 995 haec
2048 940 2182 1012 ipsa

533 1030 751 1085 sanctis
782 1029 1058 1084 Patribus
1090 1027 1311 1082 nostris
1332 1027 1516 1083 verba
1535 1028 1857 1099 injuriosa;
1877 1033 1934 1084 et
1958 1028 2183 1084 contin-

535 1135 670 1190 gere
707 1117 820 1173 sibi
854 1117 1194 1173 distinctam
1233 1115 1414 1171 veluti
1443 1115 1652 1172 Christi
1693 1116 2129 1172 humanitatem
2163 1134 2181 1184 ;

534 1214 714 1280 atque
761 1207 842 1262 ita
880 1206 1174 1276 majorem
1223 1205 1361 1278 ipso
1408 1206 1642 1261 Patrem
1683 1205 1996 1275 judicare;
2030 1207 2180 1271 haec,

2291 490 2512 569 ἀνδρῶν·
2575 494 2642 546 ὡν
2694 496 2743 547 οἱ
2797 498 2887 568 μὲν
2934 496 3170 572 τολμηρὰ
3217 505 3334 573 περὶ
3382 508 3474 553 τοῦ
3531 505 3766 554 τοιούτου
3807 501 3899 555 δό-

2288 603 2490 656 γματος
2554 582 2931 657 ἀπεφθέγξαντο
2965 627 2980 653 ,
3047 589 3168 640 ὅσον
3232 592 3368 641 κατὰ
3431 593 3492 642 τὸ
3556 600 3652 643 τῶν
3715 591 3898 654 λέξεων

2289 677 2592 749 πρόχειρον⁹
2634 673 2684 726 οἱ
2746 671 2804 727 δὲ
2849 679 2938 728 καὶ
2987 675 3222 749 ἐνέφηναν
3259 687 3432 738 τοῦτο.
3470 685 3570 733 Καὶ
3599 684 3894 753 κατωτέρωο

2291 769 2630 837 Σκιαγραγείν
2676 767 2846 835 μέντοι
2901 773 2973 836 τῷ
3022 773 3091 836 νῷ
3144 769 3202 819 τὸ
3249 771 3385 820 κατὰ
3432 772 3664 843 Χριστὸν
3696 768 3898 843 ἀνθρώ-

2290 870 2457 917 πίνον,
2516 855 2605 903 καὶ
2653 855 2784 904 οὕτω
2847 857 3063 925 μείζονα
3126 874 3212 908 τον
3275 860 3482 931 Πατέρα
3543 854 3894 910 διανοεῖσθαιο

2291 943 2499 993 καὶτὸν
2548 949 2780 994 τοιοῦτον
2831 945 3060 1016 χάρτην,
3119 946 3323 997 καθόσα
3371 941 3580 1004 δηλαδή
3619 949 3766 1021 παρὰ
3806 949 3898 998 τὸν

2293 1029 2444 1103 ὀρθὸν
2504 1039 2598 1092 τῆς
2661 1029 2921 1094 εὐσεϐείας
2977 1029 3198 1096 διέξεισι
3249 1033 3421 1106 λογον,
3474 1040 3564 1087 καὶ
3635 1035 3769 1087 αὐτά
3823 1031 3893 1094 δὴ

2292 1126 2460 1170 ταῦτα
2516 1121 2582 1171 τὰ
2632 1125 2751 1194 περὶ
2801 1129 2901 1172 τῶν
2953 1120 3114 1192 ἁγίων
3175 1127 3413 1195 Πατέρων
3456 1125 3602 1195 ἡμῶν
3641 1123 3900 1196 ἀπὸφημα

2291 1207 2523 1281 ῥήματα,
2586 1213 2676 1260 καὶ
2735 1211 2793 1261 τὸ
2851 1213 3296 1284 σκιαγραφεῐσθαι
3349 1215 3408 1264 τὸ
3451 1215 3588 1265 κατὰ
3629 1215 3716 1265 τὸν
3757 1221 3899 1288 Χρι-

532 1297 806 1369 inquam,
832 1295 1152 1351 manifesto
1185 1294 1438 1363 subjicio
1470 1293 1876 1360 anathemati;
1922 1295 2185 1367 itemque

537 1402 676 1442 eum
715 1383 822 1456 qui
859 1383 942 1438 sic
989 1384 1191 1439 credat
1219 1383 1313 1439 vel
1362 1382 1606 1449 scribat,
1637 1381 1727 1437 vel
1758 1383 2085 1456 scripturus
2112 1383 2188 1439 sit

538 1479 642 1532 aut
687 1474 1040 1540 crediturus,
1075 1471 1351 1544 quisquis
1390 1470 1484 1539 sit,
1529 1469 1649 1527 sive
1695 1487 1808 1542 ego
1865 1471 1984 1528 sive
2031 1473 2184 1529 alius

536 1563 859 1638 quispiam.

2297 1301 2418 1350 στὸν
2473 1297 2806 1372 ἀνθρωπινον,
2874 1305 2963 1352 καὶ
3025 1300 3157 1353 οὕτω
3233 1305 3450 1374 μείζονα
3511 1306 3598 1354 τὸν
3687 1306 3900 1378 Πατέρα

2293 1390 2481 1439 τούτου
2540 1383 2883 1454 διανοεῖσθαι,
2948 1387 3168 1464 λαμπρῶ
3214 1389 3591 1443 καθυποϐάλλω
3637 1400 3710 1463 τῷ
3764 1389 3897 1444 ἀνα-

2299 1478 2483 1548 θέματι
2529 1478 2662 1547 (45)·
2711 1481 2802 1529 καὶ
2847 1480 2932 1528 τὸν
2972 1485 3139 1531 ταῦτα
3169 1487 3451 1554 φρονοῦντα
3487 1485 3575 1533 καὶ
3605 1483 3899 1555 γράφοντα,

2298 1569 2396 1618 εἶτε
2423 1567 2544 1618 ποτε
2573 1565 2846 1640 γράψοντα
2869 1570 2899 1625 ἦ
2944 1573 3286 1641 φρονήσοντα,
3317 1571 3492 1632 ὁποῖος
3539 1570 3600 1622 ἂν
3656 1575 3747 1623 καὶ
3793 1573 3898 1639 εἴη,

2299 1657 2398 1707 εἴτε
2435 1653 2532 1722 ἐγὼ
2559 1657 2658 1708 εἴτε
2687 1657 2876 1730 ἔτερος.

607 1748 661 1801 4.
715 1747 1039 1818 Postquam
1086 1740 1264 1811 igitur
1305 1739 1430 1796 haec
1459 1738 1618 1810 legit,
1664 1745 1722 1797 et
1750 1757 1957 1798 coram
1983 1745 2190 1798 nostra
2220 1773 2258 1828 Β

535 1835 985 1902 mediocritate,
1035 1847 1326 1904 sacraque
1374 1830 1721 1886 considente
1773 1829 2136 1887 fraternitate
2171 1872 2186 1899 ,

533 1925 673 1981 huic
713 1923 912 1981 libello
961 1921 1352 1993 subscripsit;
1396 1919 1704 1976 decretum
1732 1924 1820 1976 est
1843 1919 2024 1976 hodie
2053 1920 2186 1992 qui-

533 2014 672 2071 dem
699 2016 920 2087 ipsum,
951 2013 1045 2069 his
1077 2010 1353 2085 peractis,
1381 2025 1630 2083 pergere
1653 2026 1830 2082 porro
1863 2014 1921 2066 ct
1943 2009 2189 2066 ulterius

529 2104 844 2176 praegredi,
877 2102 1050 2159 sicuti
1079 2105 1136 2158 et
1178 2099 1327 2157 alios
1357 2100 1462 2173 qui
1499 2099 1724 2156 caeteris
1753 2098 1969 2155 libellis
2015 2098 2187 2154 subs-

529 2191 880 2266 cripserant,
928 2190 1275 2263 versarique
1316 2189 1636 2247 nobiscum
1677 2193 1735 2245 et
1778 2188 1977 2244 ofﬁcio
2018 2186 2189 2257 fungi

527 2299 668 2340 cum
688 2287 894 2340 nostra
919 2279 1333 2338 mediocritate
1361 2283 1416 2335 et
1443 2295 1577 2335 cun
1614 2283 1826 2335 sancta
1860 2277 2186 2350 divinaque

529 2372 784 2444 synodo.
813 2372 1016 2427 Visum
1038 2371 1286 2442 insuper
1310 2372 1420 2434 est,
1439 2373 1652 2442 printer
1677 2367 1964 2440 capitula,
1993 2382 2186 2439 nuper

528 2463 872 2529 constituta,
893 2458 1186 2532 synodico
1213 2463 1397 2529 torno,
1423 2458 1527 2530 qui
1554 2458 1615 2513 in
1642 2457 2011 2513 orthodoxiae
2033 2456 2183 2512 festo

527 2546 625 2604 die
652 2548 943 2618 legendus
973 2552 1148 2614 esset,
1180 2547 1308 2603 haec
1340 2562 1470 2602 esse
1501 2546 1860 2617 adjicienda.
1882 2575 1954 2588 —
1982 2546 2054 2600 Iis
2078 2545 2182 2618 qui

524 2643 819 2710 respuunt
857 2642 1204 2693 sanctorum
1251 2639 1491 2692 Patrum
1520 2635 1876 2704 locutiones,
1916 2651 2053 2707 quae
2102 2635 2182 2691 ad

523 2731 821 2783 rectorum
858 2725 1130 2782 Ecclesiae
1154 2725 1248 2781 Dei
1277 2725 1635 2794 dogmatum
1657 2724 2180 2780 conﬁrmationem

524 2812 698 2872 dictae
733 2818 893 2882 sunt,
925 2813 1258 2882 Athanasii,
1290 2812 1509 2885 Cyrilli,
1537 2811 1852 2880 Ambrosii,
1872 2809 2179 2884 Amphilo-

523 2904 661 2972 chii,
693 2902 966 2976 inspirati
1014 2919 1051 2959 a
1096 2906 1215 2959 Deo
1246 2902 1462 2959 Leonis
1509 2906 1683 2975 Papae
1713 2901 1921 2958 veteris
1950 2904 2176 2970 Roma,

2293 2907 2488 2974 θείσας,
2553 2906 2890 2974 Ἀθανασίὸυ,
2962 2905 3235 2981 Κυρίλλου,
3293 2905 3632 2980 ’Λμϐροσίου,
3702 2905 3896 2977 Ἀμφῐ-

524 2989 939 3066 aliorumque;
970 3009 1082 3049 nec
1125 3007 1249 3048 non
1287 2991 1746 3065 repudiantibus
1781 2991 2178 3047 oecumenica-

2293 2996 2492 3066 λοχίου,
2546 3003 2640 3048 τοῦ
2689 2997 2938 3070 θεηγόρου
2997 3000 3215 3058 Λίνοτος
3256 2997 3446 3048 πάππα
3491 3003 3585 3057 τῆς
3613 2992 3901 3070 πρεσϐυτέ-

521 3099 658 3140 rum
685 3081 1060 3156 synodorum
1091 3086 1283 3151 actus,
1329 3086 1582 3154 quartae,
1613 3081 1885 3155 inquam,
1913 3086 1970 3137 et
1999 3085 2178 3137 sextae

2293 3105 2376 3146 οας
2429 3085 2650 3158 Ῥώμης,
2717 3090 2806 3138 καὶ
2862 3093 2961 3137 τῶν
3016 3084 3227 3138 λοιπῶν
3289 3085 3364 3138 ἔτι
3419 3083 3479 3138 δὲ
3535 3089 3624 3137 καὶ
3671 3086 3736 3136 τά
3793 3093 3898 3137 τῶν

2321 3174 2332 3184 ε
2595 3183 2613 3188 -.
2829 3169 2884 3188 rh
3156 3165 3170 3176 ⁵
3263 3176 3272 3188 ι
3418 3182 3438 3188 .-
3637 3175 3648 3188 1
3890 3177 3898 3188 ι

523 3174 847 3231 anathema
876 3173 968 3229 sit.

2293 3174 2649 3246 οἰκουμενικῶν
2719 3169 2954 3226 συνόδων
3023 3165 3304 3248 πρακτικὰ,
3376 3182 3468 3234 τῆς
3531 3175 3776 3249 τετάρτης
3842 3177 3901 3226 τε

2287 3283 2420 3337 φημι
2457 3269 2548 3316 καὶ
2598 3270 2693 3325 τῆς
2751 3265 2904 3326 ἕκτης
2961 3267 3032 3336 μὴ
3071 3263 3579 3336 κατασπαζομένοις,
3639 3261 3896 3334 ἀνάθεμα.

2359 3372 2398 3406 ε.
2467 3353 2671 3405 Τούτων
2737 3351 2996 3420 ἁπάντων,
3053 3354 3118 3414 ὡς
3180 3355 3269 3424 μεν
3331 3352 3500 3413 οἰκίας
3549 3350 3632 3404 ἐπὶ
3674 3355 3768 3409 τὴν
3807 3355 3888 3404 πε.

2287 3461 2410 3516 τραν
2439 3440 2868 3514 τεθεμελιωμένης
2892 3440 3352 3516 περικαλλέστατος
3385 3442 3584 3516 ὄροφος,
3612 3443 3675 3500 ἣν
3701 3444 3902 3515 πέτραν

2291 3529 2422 3584 εἶναι
2475 3550 2561 3583 τον
2609 3535 2838 3605 Χριστόν
2884 3532 2909 3582 ὁ
2961 3536 3121 3604 μέγας
3181 3530 3380 3592 Παῦλος
3425 3527 3682 3594 ἐδίδαξεν·
3725 3532 3795 3592 ὡς
3839 3527 3905 3585 δε

2291 3629 2466 3693 πηγῆς
2503 3624 2560 3672 τὸ
2591 3629 2682 3681 τῆς
2730 3619 2988 3682 εὐσεϐείας
3037 3616 3181 3694 ὕδωρ
3227 3617 3610 3684 ἀναδιδούσης,
3669 3625 3905 3693 σφραγίς

2371 1740 2436 1797 δ’.
2468 1751 2550 1805 Ὠς
2596 1741 2684 1798 οὖν
2740 1743 2927 1818 ἀνέγνω
2975 1753 3142 1799 ταῦτα
3186 1749 3277 1799 καὶ
3315 1745 3395 1800 ἐπ’
3445 1747 3561 1819 ὄψει
3607 1755 3702 1810 τῆς
3753 1749 3904 1820 ἡμῶν

2296 1837 2631 1908 μετριότητος
2678 1838 2768 1886 καὶ
2820 1843 2910 1896 τῆς
2966 1832 3416 1911 συνεδριαζούσης
3473 1838 3610 1910 ἱερᾶς
3675 1832 3906 1908 ἀδελφὸ-

2296 1942 2452 1984 τητος
2504 1922 2551 1974 ἐν
2599 1932 2670 1996 τῷ
2721 1927 2938 1997 τοιούτῳ
2994 1924 3269 2000 εἱληταρίῳ
3319 1925 3636 2001 ὑπέγραψεν,
3695 1929 3902 2000 ὡρίσθη

2295 2016 2389 2071 τὴν
2446 2017 2670 2086 σήμερον
2723 2013 2875 2066 αὐτὸν
2932 2017 3022 2087 μὲν
3083 2013 3376 2078 ἀκολούθως
3435 2020 3747 2090 προκόπτειν
3807 2020 3909 2069 καὶ

2297 2097 2594 2176 προοδεύειν
2643 2101 2727 2154 ἐπὶ
2780 2105 2844 2154 τὰ
2899 2105 3187 2177 ἔμπροσθεν
3234 2106 3408 2180 ὥσπερ
3473 2109 3563 2158 καὶ
3617 2108 3736 2166 τοὺς
3791 2103 3910 2156 λοι-

2296 2194 2426 2251 ποὺς
2451 2195 2566 2252 τοὺς
2608 2189 2656 2244 ἓν
2698 2199 2802 2253 τοῖς
2859 2191 3048 2268 ἑτέροις
3097 2192 3409 2270 εἰληταρίοις
3465 2193 3898 2266 ὑπογράψανταςο

2295 2284 2386 2332 καὶ
2443 2288 2503 2352 τῇ
2572 2282 2716 2353 ἡμῶν
2779 2283 3132 2354 συνέρχεσθαι
3176 2287 3266 2335 καὶ
3337 2281 3744 2357 συλλειτουργείν
3805 2301 3901 2355 μισ

2293 2374 2549 2444 τριότητι,
2594 2373 2690 2422 παὶ
2740 2378 2804 2442 τῇ
2867 2372 2980 2444 ἱερᾴ
3025 2375 3114 2423 καὶ
3170 2373 3282 2444 θείᾳ
3330 2367 3556 2442 συνόδῳ·
3596 2372 3897 2446 προστεθῆο

2291 2479 2375 2510 ναι
2441 2455 2500 2511 δε
2557 2463 2647 2512 καὶ
2698 2465 2804 2520 τοῖς
2868 2461 3093 2531 ἔναγχος
3156 2459 3400 2513 ἐντεθεῖσι
3464 2458 3756 2532 κεφαλαίοις
3820 2468 3897 2532 τῷ

2291 2550 2426 2600 κατὰ
2481 2553 2568 2606 τὴν
2635 2549 2814 2624 ἑορτὴν
2899 2558 2994 2612 τῆς
3079 2545 3382 2613 ὁοθοδοξίας
3455 2548 3898 2622 ἀναγνωσκομένῳ

2293 2633 2556 2709 συνοὸικῷ
2619 2642 2707 2690 καὶ
2761 2646 2949 2696 ταῦτα.
3008 2669 3077 2679 --
3118 2645 3239 2700 Τοῖς
3305 2637 3739 2712 ἀποϐαλλομένοις
3796 2641 3901 2702 τὰς

2288 2735 2387 2780 τῶν
2435 2727 2597 2800 ἁγίων
2649 2732 2890 2801 Πατέρων
2947 2730 3135 2801 φωνὰς,
3189 2732 3284 2791 της
3343 2728 3429 2780 ἐπὶ
3480 2730 3736 2781 συστάσει
3790 2737 3898 2780 τῶν

2288 2816 2452 2888 ὀρθῶν
2509 2825 2604 2878 τῆς
2655 2825 2747 2868 τοῦ
2793 2824 2926 2870 Θεοῦ
2984 2817 3279 2880 Εκκλησίας
3334 2813 3612 2889 δογμάτων
3669 2815 3900 2890 ἐκφωνη-

597 3354 647 3405 ὅ.
691 3349 792 3406 His
823 3348 1129 3417 omnibus,
1164 3355 1458 3424 tanquam
1487 3349 1697 3407 domui
1737 3366 1919 3424 super
1947 3354 2180 3423 petram

524 3434 808 3504 fundatae,
837 3438 1311 3510 pulcherrimum
1332 3443 1557 3495 tectum
1587 3439 1854 3510 accessit,
1877 3456 2064 3512 quam
2082 3455 2184 3512 pe-

527 3532 683 3583 tram
723 3542 856 3582 esse
891 3527 1190 3582 Christum
1234 3543 1495 3597 magnus
1544 3524 1761 3583 Paulus
1802 3527 2096 3594 docuit“;
2129 3532 2188 3584 et

530 3620 825 3686 tanquam
857 3614 1006 3670 fonti
1025 3613 1446 3670 orthodoxiam
1473 3631 1699 3687 aquam
1724 3615 1996 3672 fundenti
2031 3617 2187 3686 sigil-

530 3702 654 3758 lum
690 3719 930 3759 sacrum
953 3707 1010 3758 et
1040 3703 1390 3772 genuinum;
1415 3703 1674 3776 denique
1696 3709 1988 3778 tanquam
2012 3705 2187 3762 horto

530 3788 770 3862 lignum
800 3793 935 3850 vitee
960 3792 1207 3849 habenti
1227 3796 1400 3864 porta
1427 3793 1914 3866 inexpugnabilis
1941 3796 2192 3851 accessit

531 3882 936 3954 potentissimi
962 3883 1273 3955 sanctique
1301 3883 1493 3939 nostri
1521 3885 1677 3954 regis
1707 3885 1988 3956 edictum,
2024 3884 2192 3957 quod

2297 3711 2408 3782 ἱερα
2446 3715 2535 3762 καὶ
2583 3708 2872 3771 ἀνόθευτοςο
2916 3712 2985 3770 ὡς
3025 3705 3083 3761 δὲ
3131 3713 3301 3768 κήπου
3339 3713 3396 3763 τὸ
3435 3719 3531 3771 τῆς
3568 3713 3704 3773 ζωῆς
3745 3708 3905 3770 ξύλον

2296 3801 2513 3869 ἔχοντος
2591 3797 2725 3855 πύλη
2806 3796 3242 3870 ἀκαταμοξχητος,
3318 3801 3375 3850 τὸ
3448 3805 3539 3850 τοῦ
3611 3816 3906 3871 κρατιστου

2298 3890 2442 3959 ἡμῶν
2467 3871 2574 3938 καὶ.
2596 3886 2749 3958 ἁγίου
2791 3885 3049 3959 βασιλέως
3096 3891 3300 3958 γέγονεν
3351 3883 3578 3958 ἵδικτον,
3624 3887 3786 3948 οὕτως
3819 3887 3907 3940 ἐπ’

533 3973 616 4029 ita
643 3987 704 4028 se
742 3972 943 4030 habet.

609 4065 660 4117 6.
701 4061 931 4119 Manuel
959 4062 1020 4118 in
1052 4062 1280 4121 Christo
1298 4066 1416 4121 Deo
1441 4063 1634 4120 ﬁdelis
1661 4079 1765 4120 rex
1786 4063 2190 4136 Porphyroge-

535 4151 718 4222 nitus,
748 4155 856 4208 etc.

2300 3976 2466 4028 αὐτῶν
2502 3972 2856 4047 διαξαμϐάνον
2883 3984 2983 4027 τῶν
3007 3974 3204 4038 λέξεων.

2373 4050 2436 4126 '7'.
2470 4065 2717 4123 Μανουηλ
2743 4063 2790 4116 ἓν
2822 4072 3038 4138 Χριστῷ
3065 4073 3136 4137 τῷ
3176 4072 3289 4137 Θεῷ
3319 4068 3505 4127 πιστὸς
3549 4063 3798 4139 βασιλεὺς
3847 4085 3910 4126 κ.

2299 4173 2346 4210 1'.
2377 4155 2426 4212 λ.

616 4275 939 4345 (Manuelis
969 4278 1223 4333 edictum
1239 4281 1374 4349 jam
1400 4280 1694 4336 edidimus
1724 4280 1787 4335 in
1819 4285 1973 4336 tomo
1993 4285 2193 4352 nostra
2227 4279 2568 4347 CXXXIII,
2585 4295 2718 4338 cum
2747 4281 2889 4337 aliis
2922 4280 3184 4352 ejusdem
3213 4280 3593 4352 imperatoris
3619 4279 3831 4336 consti-

1820 4350 2149 4408 tutionibus
2163 4353 2617 4416 ecclesiasticis).

617 4469 753 4524 Erat
777 4474 977 4525 autem
1008 4471 1124 4527 hoc
1149 4472 1665 4543 religiosissimum
1692 4475 1952 4532 edictum
1996 4475 2191 4533 subsi-

2369 4475 2463 4530 Ἢν
2495 4473 2554 4529 δὲ
2593 4479 2650 4530 τὸ
2687 4484 2916 4530 τοιοῦτον
2970 4476 3336 4532 εὐσεϐέστατον
3383 4474 3585 4531 ῖδικτον
3636 4477 3911 4537 ὑποσεση-

546 4563 796 4629 gnatum
826 4559 1023 4615 rubris
1051 4561 1258 4617 litteris
1288 4579 1474 4619 manu
1513 4566 1756 4638 pr0pria
1793 4567 2187 4638 potentissimi

2299 4571 2560 4641 μασμένον
2615 4575 2675 4640 τῇ
2731 4567 3023 4641 αὐτοχείρω
3068 4566 3437 4643 ἐρυθρογράφῳ
3486 4568 3757 4640 ὑπογραφῇ
3807 4576 3910 4620 τοῦ

546 4655 602 4705 et
630 4649 822 4704 sancti
862 4650 1047 4705 nostri
1090 4651 1488 4724 imperatoris,
1533 4671 1740 4711 mense
1786 4657 1992 4728 Aprili,
2043 4657 2196 4713 indi-

545 4738 743 4796 ctione
773 4741 922 4806 XIV;
957 4739 1269 4813 sigilloque
1299 4759 1484 4799 aureo
1512 4745 1834 4802 munitum.

1092 4939 1297 4997 ACTIO
1341 4941 1651 5001 SEPTIMA.

622 5044 677 5098 1.
719 5041 859 5101 Post
884 5044 999 5102 hoc
1027 5044 1247 5103 lectum
1277 5050 1616 5106 venerabile
1647 5050 1908 5110 edictum
1939 5052 2189 5125 regium,

546 5131 771 5204 prodiit
796 5135 1156 5206 synodicum
1186 5135 1492 5196 decretum
1521 5140 1720 5197 verbis
1750 5140 1843 5196 his
1871 5157 1884 5197 :

620 5424 664 5461 ετ
708 5423 729 5481 I
771 5429 902 5499 Cor,
931 5442 982 5496 x,
1005 5427 1059 5485 4.

621 5626 733 5703 (45)
773 5625 1054 5684 Videlicet
1079 5624 1159 5686 ob
1188 5629 1417 5686 metum
1446 5626 1778 5689 Nestoriani
1803 5619 2038 5693 erroris.

2299 4664 2579 4734 κρατίστου
2629 4663 2716 4710 καὶ
2770 4658 2922 4730 ἁγίου
2969 4659 3113 4731 ἡμῶν
3154 4657 3533 4733 αὐτοκρατορος
3578 4660 3712 4710 κατά
3759 4666 3912 4730 μῆνα

2301 4747 2601 4822 Ἀπριλλίου
2636 4745 2936 4800 ἰνὸικτιὼνα
2966 4744 3060 4819 ιδ’,
3109 4753 3199 4801 καὶ
3245 4757 3426 4822 χρυσῆ
3476 4743 3748 4821 σφραγῖδα
3785 4746 3907 4802 ἐπι-

2303 4843 2593 4913 φερόμενον.

2936 4951 3129 5003 ΠΡΑΞῙ
3138 4956 3170 5002 Σ
3195 4947 3266 5005 Ζ’.

2371 5054 2436 5110 α’.
2512 5061 2615 5108 Τοῦ
2658 5051 2718 5109 δὲ
2755 5057 2990 5109 τοιού-ου
3032 5054 3316 5130 βασιλικοῦ
3361 5058 3450 5107 καὶ
3510 5055 3644 5106 θείου
3693 5048 3915 5106 ἱδίκτου

2301 5143 2733 5217 ἀναγνωσθέντος,
2760 5149 3038 5218 σημείωμα
3060 5143 3252 5219 προέϐη
3288 5139 3584 5206 συνοδικὸν,
3612 5136 3717 5193 τοξςῖ
3722 5159 3742 5192 ε
3767 5145 3915 5195 κατά

2301 5235 2449 5312 ῥῆμα
2475 5230 2720 5297 διεῦξιόν·
