4126 6272
211 262 288 317 273
1527 259 1874 319 THESAURI
1912 262 2039 319 LIB.
2080 263 2234 321 XXV.

1825 387 2121 447 Alliensis
2172 389 2406 460 Aprilis
2455 391 2552 450 die
2607 399 2850 464 quarta,
2905 395 3250 454 incitationis
3327 399 3568 458 decima;

234 392 363 462 ιΜηνὶ
385 387 687 463 Ἀπριλλίῳ
712 385 791 461 δ’,
824 391 995 464 ἡμέρα
1032 385 1252 465 δευτέρα
1292 382 1616 451 ἰνδικτιῶνος
1643 385 1731 445 ιδ’.

263 566 656 642 Προϐαθημὲνου
721 574 824 620 1'06
892 571 1070 620 Λουκᾶ
1132 573 1224 620 τοῦ
1287 565 1580 639 ἁγιωτάτου
1646 568 1793 640 ἡμῶν

210 654 423 711 δεσπότοῡ
461 662 560 710 καὶ
596 657 980 730 οἰκουμενικοῦ
1039 657 1376 732 πατριάρχου
1427 653 1476 707 ἐν
1528 662 1635 716 τοῖς
1703 652 1792 709 δε-

210 748 311 810 ξιοῖς
350 746 648 810 memor;
691 750 1170 820 κατηχουμενείοις
1195 767 1206 780 ·
1239 741 1685 820 συνεδριαζόντων
1723 753 1788 818 τῇ

206 837 368 910 μεγάλη
426 837 710 909 ἁγιωσὺνῇ
775 836 940 889 αὐτοῦ
1004 837 1286 911 ἱερωτάτων
1351 833 1655 908 ἀρχιερέων,
1698 840 1791 886 τοῦ

207 927 432 993 Κυζίκου,
484 933 582 979 τοῦ
633 921 1025 998 Νικομηδείας,
1057 932 1152 978 τοῦ
1208 927 1456 991 Νικαίας,
1497 931 1590 976 106
1629 923 1790 977 Μελι-

203 1026 361 1079 τηνῆς,
406 1023 498 1068 τοῦ
558 1021 836 1090 Γαγγρῶν,
889 1021 982 1067 τοῦ
1035 1017 1468 1089 Νεοκαισαρείας,
1527 1020 1619 1066 τοῦ
1673 1015 1790 1066 Μύ-

205 1125 312 1178 ρων,
348 1113 434 1157 106
489 1109 718 1179 Καρίας,
785 1111 880 1157 τοῦ
937 1103 1173 1169 Ἰκονίου,
1227 1110 1319 1154 τοῦ
1383 1105 1656 1174 Κορίνθου,
1696 1107 1788 1154 τοῦ

201 1201 468 1258 Μωκησοῡ,
519 1201 615 1246 τοῦ
656 1193 914 1264 Ἀθηνῶν,
969 1200 1059 1246 τοῦ
1099 1192 1382 1264 Φιλίππων,
1443 1199 1535 1244 τοῦ
1575 1187 1788 1266 Ἀδρια-

194 1284 482 1348 νουπόλεως,
506 1291 602 1336 τοῦ
629 1285 892 1358 Σμύρνης,
923 1288 1013 1334 τοῦ
1044 1281 1338 1354 Εὐχαίτων,
1373 1288 1464 1334 τοῦ
1496 1281 1788 1355 Ἀμάστρι-

196 1370 293 1440 3ος,
324 1381 415 1426 τοῦ
454 1371 672 1437 Θηϐῶν,
703 1380 796 1425 τοῦ
844 1374 1022 1438 Αἶνον,
1052 1378 1143 1423 1'06
1187 1373 1476 1446 Κερκύρων,
1508 1378 1600 1423 τοῦ
1626 1370 1787 1424 Ἀϐύ-

195 1459 296 1533 δου,
337 1471 431 1515 106
472 1461 819 1538 Ιιαροναξίας,
872 1468 964 1514 106
1000 1459 1260 1528 Μιλήτου,
1314 1467 1406 1512 1'06
1458 1465 1783 1533 Μαρωνείας,

191 1560 271 1604 τοῦ
299 1549 815 1626 Ἀρκαδιουπόλεως,
856 1558 949 1603 τοῦ
981 1554 1201 1624 Παρίου,
1241 1555 1334 1601 106
1374 1554 1782 1623 Προικοννὴσου,

189 1651 272 1695 1'06
298 1642 594 1716 Σηλυϐρίας
618 1647 710 1694 καὶ
743 1649 836 1694 106
876 1646 1040 1701 Νίκης
1064 1660 1077 1674 ο
1113 1643 1513 1714 παρισταμένων
1564 1644 1654 1692 καὶ
1679 1641 1784 1693 θεο-

191 1731 493 1803 9ιλεστάτων
521 1728 558 1784 δ
563 1738 852 1783 εσποτικῶν
878 1727 1164 1802 ἀρχόντων.

356 1817 514 1873 Ὀδοὶ
571 1820 730 1889 ζωῆς,
786 1816 1051 1890 διανόημα
1085 1825 1187 1871 τῶν
1251 1825 1470 1871 συνετῶν
1504 1833 1517 1848 ‘

185 1906 373 1985 καρδίᾳ
404 1906 604 1985 ἀνδρὸς
643 1908 815 1982 ἀγαθῇ
876 1915 1033 1981 σοφία
1071 1903 1204 1962 Θεοῦ
1237 1924 1250 1938 ·
1292 1908 1459 1960 ταῦτά
1501 1912 1633 1980 φησί
1677 1929 1777 1962 που

1063 1998 1236 2058 αὐτοῖς
1295 1994 1353 2050 δὲ
1390 1999 1696 2073 πράγμασιν
1752 2000 1779 2050 ὁ

1575 1822 1666 1871 καὶ
1734 1818 1781 1872 ἓν

183 1998 228 2052 ἓν
279 2003 605 2074 Παροιμίαις
661 2000 687 2050 ό
726 1997 962 2070 Σολομῶν
995 2015 1008 2029 ·

185 2086 524 2152 θεοδίδακτος
554 2091 701 2161 ἡμῶν
750 2088 1084 2162 αὐτοκράτωρ
1139 2086 1214 2160 ἐφ’
1269 2088 1432 2159 ἐαυτῷ
1470 2089 1773 2160 τετελεσμέ-

179 2199 236 2230 να
269 2178 536 2243 ὑπέδειξε,
578 2180 671 2238 τὰς
716 2177 787 2240 εἰς
826 2181 921 2236 τὴν
975 2175 1137 2236 ἀληθῆ
1175 2176 1314 2237 ζωὴν
1350 2181 1440 2230 καὶ
1496 2175 1776 2252 ἀνώλεθρον

184 2266 481 2340 ἐπαγούσας
538 2264 694 2329 ὁδοὺς
743 2274 856 2329 τοῖς
903 2266 1062 2318 αὑτοῦ
1103 2265 1515 2340 θεοκυϐερνήτοις
1556 2263 1776 2326 διανοή-

177 2377 303 2428 μασι
331 2362 426 2409 καὶ
458 2360 714 2428 νόημασι,
747 2359 838 2408 καὶ
893 2364 1002 2417 τοῖς
1053 2364 1147 2417 τῆς
1201 2358 1500 2414 θεοκινήτου
1539 2355 1775 2427 γλώττης

177 2445 330 2498 r3106
368 2447 576 2521 ῥήμασι
627 2451 788 2497 πᾶσιν
829 2445 1233 2517 ἑτοιμασάμενος
1270 2466 1282 2478 -
1352 2444 1440 2497 ἅτε
1491 2450 1562 2517 μὴ
1622 2449 1774 2517 μόνον

173 2538 235 2586 τὰ
297 2533 347 2586 ἐν
415 2539 565 2606 μέσῳ
626 2533 801 2586 σκῶλα
871 2541 1149 2608 περιαιρῶν
1201 2539 1290 2585 καὶ
1363 2538 1771 2608 προσκόμματα,

172 2623 293 2675 ἀλλὰ
335 2629 430 2676 καὶ
495 2626 564 2676 τὰ
613 2631 720 2684 τοῖς
775 2623 985 2686 πολλοῖς
1041 2625 1306 2698 προσάντη
1361 2628 1449 2676 καὶ
1507 2620 1776 2682 δυσνόητα

172 2711 510 2785 έξῦμαλίξων,
543 2718 636 2765 καὶ
679 2711 828 2765 εὐθέα
866 2719 974 2775 τοῖς
1033 2719 1274 2764 συνιοῦσι
1322 2716 1412 2764 καὶ
1468 2713 1774 2786 εὑρίσκουσι

169 2811 382 2873 γνῶσιν,
423 2803 847 2876 ἀπεργαζόμενος
881 2819 893 2830 ·
952 2805 1042 2854 καὶ
1081 2803 1181 2877 γὰρ
1238 2803 1304 2854 τὰ
1341 2803 1477 2864 κατᾲ
1513 2805 1606 2860 τὴν
1658 2798 1773 2854 δευ-

171 2897 316 2964 τέραν
394 2900 486 2944 τοῦ
554 2899 838 2966 προσεχώς
911 2889 1251 2966 παρελθόντος
1314 2895 1550 2965 Μαρτίου
1616 2896 1774 2965 μηνός

166 2984 495 3054 πραχθέντα,
559 2985 652 3032 καὶ
697 2986 989 3038 τηνικαῦτα
1034 2983 1123 3051 μὲν
1170 2983 1229 3032 τὸ
1275 2983 1430 3054 κύρος
1475 3001 1538 3054 τῃ
1585 3000 1639 3033 τε
1676 2989 1772 3042 τῆς

162 3071 307 3141 ἡμῶν
364 3074 714 3143 μετριότητος
775 3073 866 3122 καὶ
914 3076 1030 3130 ταῖς
1074 3078 1174 3121 τῶν
1236 3069 1415 3146 ἑτέρων
1473 3069 1772 3142 ἁγιωτάτων

158 3168 518 3234 πατριαρχῶν
569 3164 662 3211 καὶ
713 3167 806 3219 τῆς
867 3159 1006 3234 ἱερᾶς
1071 3154 1296 3212 συνόδου
1347 3164 1575 3232 γνώμαις
1623 3156 1770 3224 δεξά-

154 3268 298 3319 μενοι,
332 3253 478 3300 κατὰ
507 3245 569 3301 δὲ
624 3253 720 3306 τὴν
770 3251 924 3306 ἕκτην
977 3255 1069 3300 τοῦ
1108 3248 1269 3301 αὐτοῦ
1316 3251 1499 3321 μηνὸς,
1556 3253 1646 3302 καὶ
1705 3269 1768 3322 τῃ

153 3337 578 3412 αὐτοκρατορικῃ
623 3336 750 3410 ἁγία
804 3341 952 3410 χειρὶ
1005 3335 1470 3410 ἕρυθρογραφέντα,
1526 3345 1636 3400 τοῖς
1676 3336 1773 3390 ἀνα

148 3433 323 3479 πᾶσαν
354 3425 516 3479 πόλιν
561 3431 652 3478 καὶ
680 3431 867 3501 χώραν
912 3430 1002 3478 καὶ
1030 3434 1187 3485 νῆσον
1230 3431 1320 3479 καὶ
1369 3430 1582 3501 ἤπειρον
1631 3423 1771 3486 δῆλα

146 3518 394 3583 γενέσθαι
447 3513 787 3587 βουλόμενος,
843 3515 926 3566 ἵνα
971 3515 1157 3577 πάντες
1207 3519 1296 3567 καὶ
1337 3518 1475 3568 κατὰ
1516 3519 1610 3573 τὴν
1652 3534 1767 3567 τοι-

145 3608 300 3662 αύτην
366 3601 712 3677 δογμπικήν
775 3606 1008 3675 κύρωσιν
1072 3600 1367 3677 ὀρθοὸοξεῑν
1424 3607 1634 3677 ἔχωσι·
1675 3609 1763 3656 καὶ

142 3700 207 3762 μή
283 3703 416 3756 ταῖς
493 3702 592 3756 τῆς
664 3692 865 3754 πλάνης
942 3689 1180 3756 ἀνοδίαις
1256 3697 1762 3767 συμπεριφέρωνται,

145 3786 270 3836 θείειν
328 3787 710 3859 προσκυνητον
771 3782 967 3846 ἆξέθετο
1042 3781 1263 3852 ῖδικτον,
1322 3789 1412 3836 καὶ
1485 3787 1616 3858 πρὸς
1670 3788 1763 3842 τὴν

143 3873 280 3944 ἐμῶν
310 3878 672 3948 μετριότητα,
714 3877 804 3924 καὶ
831 3877 926 3930 τὴν
969 3874 1105 3946 ἱερὰν
1136 3878 1226 3925 καὶ
1256 3874 1393 3925 θείαν
1443 3871 1767 3936 ἐξαπέστειλε

141 3961 364 4018 ’τὰ-»θεῖον
392 3985 409 3998 ·
445 3964 471 4017 ὃ
497 3966 591 4014 καὶ
622 3961 938 4034 ἀπεγνώσθη
974 3960 1056 4014 ἐπὶ
1078 3969 1274 4029 κοινοῦ,
1321 3964 1444 4034 ἔχον
1474 3961 1558 4015 ἐπὶ
1587 3961 1764 4026 λέξεων

141 4054 276 4105 σῦτω
297 4077 314 4088 ·

207 4143 278 4212 γ’.
321 4141 587 4201 Μανουηλ
643 4140 693 4194 ἐν
738 4148 956 4216 Χριστῷ
994 4149 1067 4214 τῷ
1115 4148 1221 4215 Θεῷ
1268 4146 1458 4206 πιστὸς
1499 4141 1771 4216 βασιλεὺς,

141 4235 676 4305 Πορφυρογέννητος,
751 4231 1016 4304 Ῥωμαίων
1109 4231 1466 4306 αὐτοκράτωρ,
1565 4231 1774 4286 εὐσεϐέ-

141 4339 368 4390 στατος,
417 4319 782 4387 ἀεισέϐαστος,
838 4325 1162 4393 Αὔγουστος,
1193 4321 1507 4398 Ἰσαυρικὸς,
1566 4322 1773 4375 Κιλικι-

751 4230 1016 4304 Ῥωμαίων

3468 281 3575 335 274-

2396 469 2628 535 quartae
2656 464 2753 521 die
2787 468 3072 525 secunda.

1973 567 2328 626 Praesidente
2384 572 2544 627 Luca
2574 573 2954 630 sanctissimo
2983 579 3189 632 nostro
3223 577 3470 637 domino
3503 571 3565 638 et

1903 658 2280 715 (Ecumenico
2331 659 2671 730 patriarcha
2701 661 2760 717 in
2789 662 3032 719 dextero
3083 664 3356 724 alexiano
3405 675 3560 726 cate-

1902 745 2272 816 chumeneo;
2297 748 2534 804 assiden
2547 749 2700 805 tibus
2725 767 2963 821 magnae
2987 754 3284 811 sanctitati
3306 757 3435 828 ejus
3465 776 3556 816 sa-

1901 835 2247 892 cratissimis
2268 837 2590 911 episcopis,
2626 840 2936 912 Cyziceno,
2970 842 3426 911 Nicomediensi,
3463 849 3555 904 Ni-

1901 940 2090 992 caeno,
2177 926 2563 996 Melitenensi,
2639 931 2984 1004 Gangrensi,
3065 935 3550 1005 Neocaesariensi,

1899 1014 2179 1086 Myrensi,
2235 1015 2422 1087 Cario,
2487 1017 2802 1081 lconiensi,
2853 1021 3172 1088 Corinthio,
3232 1025 3546 1098 Mocesino,

1896 1105 2262 1174 Atheniensi,
2288 1107 2679 1180 Philippensi,
2714 1109 3307 1183 Hadrianopolitano,
3353 1115 3552 1187 Smyr-

1897 1196 2093 1259 nensi,
2151 1199 2558 1269 Neopatrensi,
2626 1199 3020 1266 Euchaitensi,
3088 1203 3544 1277 Amastridensi,

1895 1285 2515 1354 Thebano,.}Enensi,
2571 1289 2940 1360 Corcyrensi,
2993 1289 3308 1364 Abydeno.
3368 1296 3546 1350 Paro-

1895 1375 2096 1435 naxio,
2120 1375 2356 1445 Milesio,
2387 1378 2738 1446 Maronensi,
2772 1377 3318 1450 Arcadiopolitano,
3350 1383 3542 1454 Pario,

1895 1466 2331 1536 Praeconnesio,
2394 1466 2781 1539 Salybriensi,
2850 1469 3139 1537 Nicensi;
3201 1472 3540 1530 astantibus

1895 1554 2076 1612 etiam
2107 1555 2209 1611 Dei
2237 1557 2667 1613 amantissimis
2697 1557 2958 1615 dominis
2981 1561 3341 1633 praepositis.

1960 1825 2013 1876 2.
2045 1825 2164 1880 Viae
2190 1823 2348 1893 vitae,
2389 1825 2669 1895 cogitatio
2699 1826 3130 1899 prudentium;
3168 1835 3222 1886 et
3269 1831 3332 1886 in
3363 1834 3540 1890 corde

1890 1909 2039 1968 bono
2084 1914 2218 1979 viri,
2247 1915 2544 1983 sapientia
2587 1915 2698 1971 Dei
2717 1916 2784 1968 ⁸⁸.
2822 1918 2940 1970 Hoc
2990 1917 3072 1972 ait
3107 1917 3170 1972 in
3207 1920 3538 1990 proverbiis

1892 2000 2204 2069 Salomon;
2227 2018 2288 2058 re
2311 2006 2514 2058 autem
2529 2019 2688 2071 vera,
2707 2019 2743 2059 a
2764 2005 2881 2059 Deo
2902 2005 3117 2060 doctus
3133 2008 3535 2079 nosterimpe-

1886 2093 2049 2145 rator
2071 2089 2131 2144 in
2154 2106 2214 2146 se
2236 2091 2563 2162 perfectum
2584 2090 3016 2148 demonstravit
3036 2110 3050 2159 ;
3067 2093 3214 2150 dum
3230 2094 3310 2150 ad
3331 2111 3536 2152 veram

1885 2179 2412 2251 immortalemque
2426 2181 2612 2236 vitam
2639 2180 2926 2237 ducentes
2956 2183 3200 2239 semitas
3218 2183 3339 2239 suis
3361 2200 3396 2240 a
3416 2185 3536 2242 Deo

1885 2268 2059 2324 rectis
2084 2269 2444 2339 cogitatibus
2476 2274 2532 2326 et
2552 2271 2840 2338 consiliis,
2886 2271 3130 2344 suisque
3154 2289 3189 2327 a
3212 2276 3330 2329 Deo
3359 2279 3534 2332 motio

1883 2356 2103 2427 lingua:
2120 2358 2313 2414 verbis
2327 2360 2554 2415 cunctis
2565 2359 2912 2415 hominibus
2924 2363 3296 2433 praeparavit:
3311 2363 3536 2436 quippe

1884 2447 1990 2519 qui
2014 2462 2136 2503 non
2167 2447 2363 2504 solum
2393 2449 2827 2521 impedimenta
2857 2450 2932 2505 de
2981 2450 3182 2506 medio
3211 2452 3448 2508 sustulit
3480 2459 3537 2509 et

1884 2536 2264 2604 offendicula,
2297 2554 2507 2593 verum
2560 2539 2742 2595 etiam
2797 2554 2868 2594 ea
2921 2555 3057 2611 quae
3104 2540 3306 2596 multis
3345 2542 3537 2599 ardua

1883 2632 2055 2683 erant
2075 2631 2254 2700 atque
2278 2644 2493 2701 aspera
2507 2632 2563 2684 et
2578 2629 2876 2684 intellectu
2893 2628 3157 2686 difficilia
3173 2630 3531 2703 explanavit,

1881 2716 2201 2789 faciliaque
2249 2717 2508 2774 reddidit
2533 2718 2603 2773 iis
2633 2719 2737 2790 qui
2774 2718 3088 2774 inveniunt
3133 2720 3533 2792 comprehen-

1882 2804 2154 2878 duntque
2180 2807 2838 2862 eruditionem.htenim
2860 2822 2950 2874 ea,
2979 2823 3116 2878 quae
3143 2807 3238 2862 die
3267 2808 3535 2864 secunda

1881 2895 2153 2966 proxime
2178 2896 2456 2967 praeteriti
2477 2895 2663 2951 Martii
2692 2895 2918 2950 mensis
2948 2899 3193 2966 peracta
3211 2895 3465 2965 fuerant,
3484 2913 3516 2952 e

1882 2987 2025 3040 tunc
2073 2983 2592 3040 conﬁrmationem
2619 2999 2655 3039 a
2684 2987 2890 3038 nostra
2913 2983 3321 3039 mediocritate
3352 2989 3531 3055 atque

1806 3093 1846 3148 ρ
1880 3087 1918 3129 a
1933 3077 2282 3128 caaterorum
2301 3072 2812 3128 sanctissimorum
2827 3072 3304 3142 patriarcharum
3320 3087 3531 3128 sacrae-

1879 3176 1997 3234 que
2015 3161 2232 3234 synodi
2257 3161 2554 3231 suffragiis
2584 3166 2941 3232 acceperant
2959 3178 2971 3228 ;
2991 3165 3211 3217 sanctae
3226 3177 3363 3216 vero
3380 3161 3532 3232 ejus-

1878 3251 2014 3307 dem
2046 3250 2269 3306 mensis
2290 3249 2385 3305 die
2422 3250 2820 3322 imperatoriae
2847 3254 3068 3307 sanctae
3089 3266 3306 3305 manus
3333 3250 3531 3306 rubris

1875 3339 2083 3397 litteris
2113 3340 2451 3413 subscripta
2476 3340 2750 3407 fuerant;
2778 3356 2918 3395 cum
2943 3340 3227 3396 omnibus
3255 3340 3526 3407 urbibus,

1876 3431 2248 3501 regionibus,
2281 3430 2514 3499 insulis,
2547 3430 2893 3497 continenti,
2946 3430 3148 3502 palam
3177 3430 3313 3489 ﬁeri.
3336 3430 3529 3502 vellet,

1879 3526 1943 3577 ut
1992 3520 2222 3577 cunctis
2249 3520 2524 3576 homines
2553 3520 2886 3576 secundum
2930 3521 3086 3577 hanc
3121 3521 3532 3590 dogmaticam

1875 3609 2286 3667 deﬁnitionem
2316 3614 2476 3665 recta
2494 3609 2614 3665 ﬁde
2644 3615 2967 3673 uterentur,
3001 3626 3196 3682 neque
3222 3610 3280 3664 in
3303 3626 3533 3666 errores

1872 3698 2196 3771 impervios
2251 3699 2639 3766 deferrentur,
2682 3699 2954 3755 divinum
2998 3698 3532 3769 venerandumque

1874 3791 2187 3861 proposuit
2215 3787 2498 3857 edictum,
2531 3795 2712 3860 atque
2748 3790 2826 3842 ad
2858 3793 3124 3844 nostram
3152 3787 3531 3841 mediocrita-

1874 3883 1992 3935 tem
2034 3893 2390 3950 sacramque
2419 3881 2475 3933 et
2503 3877 2770 3932 divinam
2798 3877 2953 3931 misit
2980 3875 3324 3947 synodum;
3365 3875 3533 3947 quod

1875 3972 1932 4025 et
1952 3983 2154 4025 coram
2177 3967 2459 4023 omnibus
2488 3966 2709 4022 lectum
2741 3965 2867 4035 fuit,
2898 3970 3078 4038 atque
3107 3965 3192 4020 ita
3220 3980 3282 4020 se
3315 3962 3534 4020 habet:

1948 4146 2004 4203 3.
2037 4143 2269 4200 Manuel
2294 4144 2355 4199 in
2386 4141 2618 4200 Christo
2649 4146 2768 4199 Deo
2811 4141 3003 4198 ﬁdelis
3058 4158 3160 4198 rex
3194 4143 3531 4216 Porphyro-

1883 4234 2142 4306 genitus,
2157 4236 2566 4289 Romanorum
2587 4231 3270 4304 imperator,piissimus,
3296 4248 3532 4304 semper

1884 4324 2179 4389 sebastus,
2210 4325 2535 4393 Augustus,
2557 4321 2874 4390 Isauricus,
2903 4321 3195 4390 Cilicicus,
3224 4323 3532 4377 Armenia-

131 4414 249 4478 κός,
320 4411 658 4487 ’Δρμενικὸς,
736 4409 1081 4484 Δαλματικός,
1161 4411 1480 4487 Οὗγγρικός,
1565 4413 1776 4465 Βοσθνι⁶

1892 4430 2013 4481 cus,
2047 4413 2430 4481 Dalmaticus,
2463 4412 2814 4481 Ungaricus,
2851 4410 3229 4477 Bosthnicus,
3273 4412 3531 4467 Chrova-

127 4504 258 4568 κός,
330 4499 698 4575 Χροϐατικός,
749 4501 1007 4567 Λαζικός,
1053 4497 1338 4564 Ἰϐηδικός,
1399 4500 1772 4574 Βουλγαρικὸς,

508 4593 785 4661 Ζεκχικός,
863 4589 1186 4664 Χαξαρικός,
1263 4592 1530 4659 Γοτθικὸς,
1590 4592 1774 4643 θεοκυ-

137 4675 426 4750 Sig-axx,
490 4678 806 4752 κληρονόμος
872 4684 968 4731 τοῦ
1040 4683 1330 4752 στέμματος
1385 4687 1478 4733 106
1551 4678 1775 4752 μεγάλου

146 4770 591 4829 ιωνσταντίνου,
639 4773 725 4820 καὶ
758 4768 915 4841 ψυχῇ
953 4773 1222 4842 νεμόμενος
1262 4770 1434 4822 πάντα
1488 4770 1554 4820 τὰ
1590 4770 1776 4820 τούτου

155 4851 393 4910 δίκαια·
477 4861 548 4920 ὡς
622 4878 772 4912 τινων
849 4857 1328 4918 ἀποστατησάντων
1403 4866 1496 4912 τοῦ
1559 4859 1778 4932 κράτους

130 4587 429 4660 Σερεαὸς,

159 4945 335 5015 ἡμῶν,
375 4957 488 5009 τοῖς
539 4956 631 5002 τοῦ
688 4948 1044 5023 φιλοχρίστου
1082 4951 1227 5023 ἡμῶν
1273 4953 1466 5010 παντὸς
1506 4947 1633 5002 λαοῦ
1688 4955 1778 5009 τῆς

170 5035 523 5105 θιεγνλοὶκτου
588 5041 733 5114 ἡμῶν
812 5035 1099 5112 βασιλίδος
1155 5039 1370 5108 πόλεως,
1428 5042 1501 5093 ἔτι
1566 5035 1625 5092 δὲ
1688 5043 1779 5091 καὶ

174 5129 305 5179 πᾶσι
329 5137 438 5192 τοῖς
485 5137 586 5184 τῶν
627 5133 729 5184 ὑπό
775 5133 876 5188 τὴν
907 5135 997 5189 τῆς
1033 5130 1283 5205 ἡμετέρας
1326 5127 1600 5203 βασιλείας
1630 5127 1778 5193 ἐξου-

181 5229 293 5267 εἰαν
338 5227 527 5293 χωρῶν
566 5220 935 5296 ἠπειρωτικῶν
981 5235 1035 5272 τε
1083 5225 1172 5273 καὶ
1227 5219 1506 5274 θαλαττίων
1537 5219 1781 5293 οἰκήτορ-

186 5319 280 5360 ειν,

250 5390 316 5452 δ’.
351 5398 410 5451 Εἰ
456 5403 745 5477 μακαρίζει
810 5399 1014 5469 Πέτρον
1061 5401 1294 5472 Χριστὸς
1336 5401 1426 5453 τὸν
1464 5397 1512 5454 ἓν
1557 5397 1786 5455 ἀποστό-

252 5588 292 5628 ”
316 5595 473 5661 Prov.
498 5613 576 5674 γι,
606 5597 683 5656 23
706 5609 725 5664 ς
750 5587 1011 5660 XIV...”-

1884 4507 2058 4569 ticus,
2090 4503 2328 4573 lazicus,
2358 4502 2637 4573 Ibericus,
2673 4501 3037 4571 Bulgaricus,
3069 4502 3362 4570 Servicus,
3401 4505 3534 4558 Zec-

1885 4594 2107 4660 chicus,
2141 4591 2518 4658 Chazaricus,
2552 4590 2851 4656 Gothicus,
2891 4606 2927 4646 a
2959 4593 3076 4646 Deo
3107 4589 3387 4658 directus,
3414 4590 3534 4644 hae-

1883 4699 1979 4742 res
2000 4697 2236 4739 coronae
2267 4681 2472 4751 magni
2488 4680 2874 4749 Constantini,
2891 4679 3094 4736 animo
3122 4683 3363 4749 gestans
3391 4693 3532 4734 cun-

1887 4778 1980 4830 cta
2008 4772 2188 4843 hujus
2203 4771 2734 4843 jura,quanquam
2755 4769 3028 4825 nonnulli
3058 4785 3094 4825 a
3115 4773 3318 4824 nostro
3348 4768 3534 4838 impe-

1885 4863 1973 4919 rio
1989 4860 2359 4928 defecerunt;
2379 4859 2656 4915 universo
2677 4864 2884 4916 nostro
2905 4858 3294 4931 philochristo
3308 4855 3534 4929 populo

1885 4951 2064 5021 regiae
2111 4953 2329 5006 nostrae
2364 4964 2401 5005 a
2449 4951 2567 5004 Deo
2599 4948 2911 5003 custoditus
2959 4947 3147 5011 urbis,
3180 4943 3536 5016 cunctisque

1885 5039 2137 5113 imperio
2153 5042 2358 5094 nostro
2386 5037 2674 5108 subjectis
2687 5036 3051 5094 terrestrium
3073 5034 3537 5092 maritimarum-

1888 5145 2007 5203 que
2027 5127 2343 5200 regionum
2371 5124 2603 5184 incolis.

1964 5399 2018 5456 4.
2059 5396 2116 5455 Si
2139 5394 2386 5454 beatum
2411 5391 2699 5466 praedicat
2721 5395 2958 5450 Petrum
3003 5391 3263 5449 Christus
3299 5387 3539 5458 aposto-
