4126 6272
617 346 723 403 275

1947 344 2223 402 NICETE
2279 341 2647 402 CHONIATIE
3865 347 3962 402 276

615 469 814 526 lorum
854 485 1165 528 summum
1213 471 1470 544 apicem,
1493 474 1817 544 propterea
1855 469 2024 542 quod
2059 484 2271 526 omnes

2382 467 2488 530 λοις
2539 471 2971 542 κορυφαιότατον,
3023 467 3134 520 ἐπεί
3189 468 3471 542 προφθάνει
3497 467 3692 529 πάντας
3741 473 3815 528 τῷ
3853 465 3964 522 δια-

615 559 919 630 prmcessit
945 559 1172 616 fervore
1195 561 1444 624 amoris,
1459 566 1515 616 et
1529 559 1731 632 ipsum
1746 563 1994 615 testatus
2017 558 2125 613 fuit
2143 573 2272 612 esse

617 647 940 718 Christum,
975 649 1077 706 Dei
1105 649 1356 706 viventis
1385 648 1630 714 Filium;
1663 652 1870 718 utpote
1899 662 1937 702 a
1961 649 2078 702 Deo
2104 649 2274 703 Patre

615 738 975 808 mysterium
999 737 1066 792 de
1087 737 1188 793 illo
1218 738 1496 804 edoctus;
1525 736 1822 810 quidnam
1849 735 2012 792 aliud
2039 735 2272 791 beatius

617 825 751 880 erit.
784 855 840 866 -—
876 825 1250 898 Sequebatur
1278 825 1496 882 deinde
1518 826 1868 881 universum
1901 839 2085 896 supra
2109 840 2146 880 a
2171 839 2274 879 no-

617 913 711 969 bis
741 914 1030 986 scriptum
1071 915 1353 972 edictum.
1388 919 1694 972 Postremo
1724 915 1854 970 bene
1894 913 2275 970 addebantur

615 1001 898 1058 verba.——
931 1007 1257 1076 Postquam
1289 1004 1466 1078 igitur
1486 1003 1690 1076 palam
1723 1003 2133 1060 venerandum
2157 1002 2272 1059 hoc

616 1090 880 1147 edictum
911 1092 1132 1150 lectum
1177 1093 1304 1160 fuit,
1357 1099 1645 1150 consueta
1675 1092 1753 1150 ab
1786 1091 2073 1148 omnibus
2113 1092 2274 1148 facta

615 1184 706 1236 est
736 1181 1108 1252 acclamatio,
1141 1183 1374 1238 invictae
1397 1183 1699 1253 majestati
1731 1182 1863 1252 ejus
1889 1180 2272 1236 stabilitatem

611 1267 800 1324 vitam
856 1269 1451 1344 incolumitatemque
1501 1271 1799 1328 diutinam
1838 1269 2272 1344 comprecanti-

612 1356 730 1414 bus
745 1401 758 1415 .

780 1447 916 1502 Haec
944 1445 1126 1516 igitur
1158 1446 1242 1504 ita
1267 1451 1436 1518 gesta
1457 1449 1600 1502 sunt
1622 1451 1802 1520 atque
1822 1446 2128 1504 absoluta.
2165 1449 2271 1502 Ve.-

611 1541 958 1592 rumtamen
987 1550 1114 1590 non
1139 1535 1396 1592 cessavit
1422 1540 1698 1606 tentator,
1727 1536 2055 1610 quominus
2080 1536 2272 1592 Eccle-

614 1625 717 1680 sire
747 1623 1060 1679 moliretur
1101 1623 1654 1697 perturbationem;
1687 1641 1884 1698 neque
1933 1641 1997 1682 se
2025 1625 2268 1692 vietum,

612 1712 894 1787 quamvis
915 1728 1021 1785 per
1047 1729 1234 1785 supra
1254 1713 1413 1769 dicta
1437 1718 1607 1783 gesta
1627 1713 1890 1785 fugatus,
1913 1715 2113 1770 fassus
2142 1718 2231 1770 est
2254 1731 2266 1768 :

609 1817 823 1859 verum
839 1801 1062 1874 quibus
1074 1801 1686 1874 actibus‘primitivam
1705 1803 1836 1874 ipse
1853 1803 2105 1873 gloriam
2123 1803 2271 1858 ami-

2382 1801 2855 1874 προσωμολόγησεν
2888 1817 2900 1830 ·

613 1891 928 1958 sit,iisdem
955 1891 1219 1948 maxime
1251 1892 1542 1948 adversus
1572 1892 1849 1948 homines
1880 1897 2104 1950 struere
2125 1893 2274 1948 solet

609 1979 908 2036 insidias:
951 1979 1106 2035 laeva
1156 1979 1404 2052 quidem
1461 1995 1700 2052 semper
1754 1985 1921 2052 parte
1980 1980 2273 2038 hostiliter

612 2068 971 2140 aggrediens
1000 2087 1012 2134 ;
1041 2067 1300 2125 dexteras
1327 2075 1528 2125 autem
1570 2069 1954 2126 simulatione
1993 2069 2272 2126 fraudem

609 2157 918 2230 obtegens,
944 2173 1084 2214 esea
1114 2158 1357 2214 scillicet
1384 2157 1658 2226 hamum,
1693 2159 2031 2216 mortiferas
2053 2159 2272 2216 herbas

608 2247 802 2303 mellis
847 2248 1259 2318 perunctione.
1303 2247 1395 2302 Sic
1452 2263 1595 2317 ergo
1652 2247 1760 2303 iste
1791 2248 2274 2304 sacratissimum

607 2353 855 2409 quoque
875 2337 1082 2392 Nicaeae
1111 2335 1556 2406 metropolitam
1588 2351 1805 2408 parum
1829 2335 2022 2392 abfuit
2046 2338 2192 2410 quin
2213 2337 2272 2392 in

609 2424 786 2480 fatale
817 2425 1134 2496 projiceret
1173 2424 1528 2494 periculum,
1558 2424 1640 2480 ita
1669 2430 1734 2479 ut
1771 2441 1848 2480 ne
1873 2441 2108 2480 sacram
2141 2425 2273 2498 qui-

609 2513 748 2568 dem
772 2527 1102 2584 personam
1135 2513 1527 2568 stationemve
1557 2511 1697 2569 huic
1718 2513 2011 2586 reliquam
2035 2513 2271 2602 faceret,

610 2600 932 2674 profundis
963 2599 1137 2672 aquis
1160 2617 1384 2666 merso,
1411 2601 1574 2657 unde
1605 2617 1848 2674 prorsus
1879 2607 2120 2659 enatare
2150 2599 2272 2658 non

609 2693 837 2762 posset.
868 2690 923 2744 Is
957 2690 1116 2746 enim
1147 2687 1478 2760 gloriosum
1512 2689 1626 2746 sibi
1652 2691 2015 2748 existimavit
2045 2693 2092 2748 si
2124 2709 2274 2764 prm-

610 2778 794 2834 fracte
823 2778 882 2832 in
931 2777 1148 2833 divinis
1175 2778 1356 2834 rebus
1391 2779 1690 2835 resisteret
1716 2798 1728 2847 ;
1755 2780 2042 2851 ignorans
2073 2781 2273 2836 videli-

610 2871 702 2922 cet
727 2865 941 2933 zelum,
966 2867 1071 2938 qui
1099 2867 1430 2922 seeundum
1466 2867 1775 2924 scientiam
1805 2884 1924 2924 non
1945 2869 2274 2936 est,divina

611 2957 916 3028 Scriptura
939 2961 1103 3018 teste,
1120 2955 1198 3011 ab
1223 2955 1483 3011 Ecclesia
1506 2973 1638 3012 esse
1663 2959 2274 3028 respuendum.Quod

609 3049 813 3100 autem
843 3045 972 3100 haec
1003 3044 1089 3100 ita
1117 3061 1179 3100 se
1209 3045 1495 3116 habeant,
1521 3047 1825 3101 decretum
1860 3047 2073 3118 synodi
2097 3051 2274 3118 jussu

608 3134 918 3192 conditum
944 3133 1150 3208 palam
1180 3135 1375 3204 faciet,
1409 3136 1574 3210 quod
1606 3141 1695 3194 est
1731 3137 2104 3210 hujusmodi.

1163 3421 1368 3477 ACTIO
1419 3421 1692 3478 OCTAVA
1706 3463 1718 3476 .

611 3507 831 3564 Mensis
857 3508 1009 3564 Maii
1036 3507 1132 3564 die
1166 3515 1353 3632 δοκεῖ,
1381 3509 1729 3634 ίηάίῖιίοηίε
1758 3510 1998 3566 decimae
2041 3517 2276 3582 quartae

1328 3595 1379 3634 ιε
1405 3595 1511 3634 sex
1542 3595 1600 3634 α.

1328 3595 1379 3635 le
1405 3595 1600 3637 sexta.

688 3689 742 3740 1.
777 3683 1136 3740 Praesidente
1165 3686 1323 3740 Luca
1365 3687 1744 3742 sanctissimo
1789 3693 1996 3744 nostro
2027 3689 2277 3745 domino

613 3780 670 3828 et
692 3773 1066 3829 cacumenieo
1099 3772 1447 3845 patriarcha
1491 3775 1552 3830 in
1591 3775 1836 3832 dextero
1869 3777 2146 3834 alexiano
2187 3795 2280 3834 ca-

614 3863 1044 3929 techumeneo;
1097 3861 1500 3920 assidentibus
1555 3880 1792 3932 magnae
1825 3867 2122 3922 sanctitati
2151 3868 2278 3940 ejus

612 3952 1031 4009 sacratissimis
1093 3951 1392 4024 episcopis
1453 3953 1824 4017 Cmsariensi,
1897 3956 2276 4022 Heraeliensi,

617 4041 924 4116 Cyziceno,
983 4041 1438 4112 Nicomediensi,
1496 4041 1880 4112 Melitenensi,
1933 4046 2278 4116 Gangrensi,

617 4129 809 4194 Cario,
869 4130 1184 4196 Mocesino,
1256 4131 1540 4193 Cretensi,
1599 4131 2011 4202 'l'rapezuntio,
2064 4134 2279 4205 Philip-

607 4215 798 4286 pensi,
831 4217 1650 4291 Mitylenensi,Neopatrensi,
1682 4219 2078 4288 Euchaitensi,
2105 4229 2280 4278 Ama-

611 4303 912 4366 stridensi,
963 4308 1248 4373 Serrensi,
1278 4309 1584 4374 Thebano,
1626 4307 1886 4377 iEnensi,
1941 4315 2275 4380 Apameen-

609 4391 679 4462 si,
705 4391 1019 4462 Abydeno.
1050 4393 1521 4466 Lacedmmonio,
1541 4396 1896 4462 Paronaxio,
1917 4399 2276 4472 Arcadiopo-

2381 561 2536 630 πείρῳ
2567 566 2660 618 τῆς
2692 555 3022 629 ἀγαπήσεως,
3077 561 3168 608 καὶ
3207 564 3388 608 τοῦτον
3448 553 3576 608 εἶναι
3617 560 3704 608 τόν
3747 562 3963 628 Χριστὸν

2384 643 2697 700 διατείνει-αι
2749 650 2834 698 τὸν
2865 654 2957 698 τοῦ
3007 653 3151 699 Θεοῶ
3195 653 3287 698 τοὺ
3315 645 3502 706 ζῶντος
3547 647 3687 712 Υἰὸν,
3719 645 3807 698 ἅτε
3833 650 3965 719 παρὰ

2383 743 2473 788 τοῦ
2501 739 2702 808 Πατρός
2739 734 3120 806 ἀποκαλυφθεὶς
3147 738 3206 786 τὸ
3232 733 3346 786 κατ’
3371 733 3560 786 ἐκεῖνον
3588 738 3894 806 μυστήριον,
3917 755 3966 786 τι

2383 821 2574 881 δήποτ’
2605 823 2664 874 ἂν
2695 827 2773 880 εἰη
2805 829 3250 897 μακαριστότερον
3277 841 3291 887 ;
3325 850 3387 858 —
3413 827 3512 876 Καὶ
3539 821 3720 894 ἐφεξῆς
3745 831 3964 896 περιεῖχε

2381 915 2517 964 κατὰ
2535 913 2682 986 ῥῆμα
2704 916 2762 964 τὸ
2791 917 3082 987 προγραφεν
3113 912 3249 964 ἅπαν
3281 907 3502 964 ῖδικτον·
3537 917 3628 964 καὶ
3649 915 3777 983 μετὰ
3803 921 3961 990 τοῦτο,

2379 1009 2549 1054 ταῦτα
2570 1002 2760 1076 ῥητῶς.
2795 1033 2863 1040 -
2893 999 2981 1063 Ὠς
3019 998 3106 1054 οὖν
3137 1001 3209 1062 εἰς
3247 1001 3470 1060 ἐπήκοον
3495 1003 3553 1052 τὸ
3583 1008 3813 1054 τοιοῦτον
3849 1021 3964 1076 προ-

2383 1093 2638 1148 πυνητόν
2666 1086 2870 1142 ῖδικτον
2903 1087 3228 1161 ἀνεγνώσθη,
3259 1092 3288 1147 ἡ
3325 1091 3557 1151 συνήθης
3593 1092 3738 1163 παρὰ
3777 1092 3964 1141 πάντων

2380 1183 2582 1252 γέγονεν
2623 1178 2874 1250 εὐφημία,
2909 1185 3192 1250 συμφώνως
3223 1177 3572 1248 ἑπευξαμένων
3621 1185 3693 1248 τῷ
3739 1176 3965 1249 ἀηττήτῳ

2379 1271 2560 1342 κράτει
2612 1266 2772 1319 αὐτοῦ
2832 1263 3086 1338 διαμονὴν
3135 1273 3226 1318 καὶ
3283 1267 3421 1328 ζωὴν
3475 1270 3566 1318 καὶ
3618 1267 3794 1338 ὑγείαν
3841 1287 3966 1339 μακ-

2377 1361 2592 1431 ραίωνα.

2449 1445 2503 1499 ε’.
2548 1453 2724 1498 Ταῦτα
2787 1449 2878 1517 μὲν
2929 1442 3016 1498 οὖν
3079 1446 3244 1506 οὕτως
3309 1448 3502 1502 ἤνυστο
3554 1449 3645 1496 καὶ
3693 1444 3964 1496 τετέλεστο·

2378 1512 2540 1588 Ἀλλὰ
2567 1537 2668 1610 γὰρ
2719 1531 2844 1587 οὐδὲ
2899 1533 3055 1586 πάλιν
3104 1533 3303 1592 ἀπέστη
3337 1535 3362 1585 ὁ
3415 1537 3723 1607 πειραστὴς,
3763 1537 3852 1586 τόν
3891 1531 3968 1584 ἐκ-

2379 1623 2753 1681 κλησιαστικὸν
2810 1620 3244 1695 διαμελετώμενος
3307 1623 3543 1695 τάραχον
3572 1637 3584 1650 ³
3629 1618 3752 1674 οὐδὲ
3814 1621 3972 1682 εἰςτὰ

2381 1712 2549 1765 ὀπίσω
2610 1715 2878 1785 πεμφθείς,
2947 1710 3049 1764 ἀπὸ
3099 1720 3199 1764 τῶν
3264 1710 3624 1784 προλαϐόντων
3679 1715 3772 1768 τὴν
3823 1711 3970 1768 ἧτταν

2961 1799 3066 1854 ἀλλ’
3125 1802 3200 1862 οἷς
3275 1800 3426 1862 αὐτὸς
3485 1809 3582 1862 τῆς
3644 1797 3971 1872 πρωτοδότου

2383 1888 2544 1952 δόξης
2609 1893 2867 1942 ἔκπτωσιν
2923 1895 3318 1963 κατακέκριται,
3381 1891 3588 1950 τούτοις
3636 1893 3727 1942 καὶ
3793 1887 3970 1959 μᾶλλον

2381 1985 2474 2038 τὴν
2527 1981 2662 2032 κατά
2722 1987 2822 2030 τῶν
2890 1977 3168 2051 ἀνθρώπων
3239 1976 3514 2035 ἐπιϐουλὴν
3569 1979 3972 2048 συγκατεσκευά-

2385 2072 2525 2132 ζεται
2559 2085 2570 2097 ⁶

2381 2154 2719 2228 προσϐάλλων
2755 2176 2766 2188 ·
2809 2163 2870 2227 τῇ
2907 2152 2965 2207 δὲ
2995 2163 3094 2206 τῶν
3150 2151 3331 2217 δεξιῶν
3389 2159 3651 2226 φαντασίᾳ
3701 2152 3972 2227 περικαλύ-

3173 2246 3242 2305 ὡς
3296 2240 3498 2296 δελέατι
3537 2246 3693 2314 φάναι
3729 2247 3790 2296 τὸ
3837 2243 3975 2312 ἄγκι-

2627 2065 2682 2118 ἐκ
2734 2076 2831 2120 τῶν
2896 2065 3181 2140 ἀριστερῶν
3221 2069 3310 2138 μὲν
3346 2068 3514 2124 πάντη
3561 2083 3614 2118 τε
3653 2069 3744 2118 καὶ
3781 2065 3974 2125 πάντως

2381 2263 2520 2296 πτων
2563 2247 2622 2296 τὸ
2665 2247 3078 2318 σκαιωρουμενον
3110 2261 3122 2272 ·

2385 2352 2556 2405 στρον,
2596 2333 2626 2391 ἡ
2697 2335 2787 2392 τὰς
2853 2335 3173 2404 θανασίμους
3240 2336 3369 2392 πόας
3428 2340 3490 2404 τῇ
3554 2337 3858 2406 περιχρίσει
3893 2336 3974 2382 τοῦ

2381 2419 2586 2493 μέλιτος
2621 2443 2631 2452 -
2676 2421 2809 2472 οὕτω
2840 2429 2961 2492 γοῦν
3015 2421 3150 2472 οὑτω
3202 2426 3292 2472 καὶ
3343 2423 3431 2474 τὸν
3467 2422 3741 2492 ἱερώτατον
3794 2436 3975 2492 μητρο-

2381 2509 2599 2566 πολίτην
2672 2515 2915 2570 Νικαίας,
2975 2519 3168 2584 μικροῦ
3239 2506 3366 2578 δεῖν,
3433 2516 3500 2569 εἰς
3575 2507 3973 2572 ἁνυπεξάλυκτον

2382 2603 2681 2668 κατήνεγκεν
2767 2594 3028 2664 κίνδυνον,
3105 2602 3173 2660 ὡς
3245 2594 3385 2670 μηδὲ
3459 2599 3754 2650 ὑπόστασιν
3825 2597 3975 2664 τούτῳ

2383 2688 2789 2760 περιλειφθῆναι,
2849 2687 3050 2760 βαθέων
3107 2693 3300 2762 μέχρις
3356 2683 3563 2740 ὑδάτων
3603 2687 3972 2758 κατενεχθέντι,

2383 2783 2472 2829 καὶ
2511 2777 2869 2839 ἀνανηξασθαι
2919 2777 3060 2838 τελος
3098 2777 3190 2830 οὐκ
3221 2781 3400 2849 ἔχοντι
3434 2798 3446 2809 ·
3479 2777 3567 2828 ἅτε
3613 2773 3680 2832 δὴ
3726 2777 3978 2847 νομίζοντι

2383 2865 2658 2918 κάλλιστον
2735 2863 2863 2918 εἶναι
2921 2871 3014 2922 την
3070 2865 3154 2918 ἐπὶ
3201 2873 3309 2926 τοῖς
3370 2867 3521 2924 θείοις
3577 2866 3669 2918 οὐκ
3729 2859 3975 2918 εὐένόότον

2384 2956 2663 3006 ἔνστασιν·
2709 2953 2977 3026 ἀγνοοῦντι
3023 2951 3081 3006 δὲ
3112 2955 3252 3026 ὅμως
3300 2956 3365 3014 ὡς
3404 2956 3429 3005 ό
3475 2959 3546 3026 μὴ
3603 2954 3722 3004 κατ’
3776 2951 3950 3020 ἑπίγνω

2387 3062 2470 3094 σιν
2525 3042 2678 3102 ζῆλος
2751 3047 2893 3118 παρὰ
3107 3045 3220 3115 θείᾳ
3276 3049 3476 3117 Γραφῇ,
3531 3051 3627 3103 τῆς
3681 3039 3977 3096 Ἐκκλησίας

2385 3131 2694 3194 ἀπόϐλητος,
2721 3131 2843 3184 Ὀτι
2875 3129 2932 3184 δὲ
2974 3141 3143 3184 ταῦτα
3171 3139 3351 3184 τοῦτον
3401 3135 3513 3203 ἔχει
3559 3135 3648 3184 τόν
3677 3135 3883 3204 τρόπον,
3923 3125 3974 3174 τὸ

2385 3217 2677 3284 συνοδικῶς
2709 3219 2906 3273 ἐκτεθὲν
2955 3217 3332 3294 παραδηλώσει
3373 3225 3690 3293 σημείωμα·
3744 3222 3854 3290 ἔχει
3886 3215 3973 3286 γὰρ

2384 3311 2542 3367 οὕτω.

2991 3419 3226 3470 ΠΡΑΞΙΣ
3289 3415 3366 3470 Η.

2597 3509 2735 3564 Μηνὶ
2765 3507 2918 3576 Μαΐῳ
2961 3503 3030 3572 ς’,
3055 3506 3226 3577 ἡμέρᾳ
3341 3499 3660 3564 ἰνδικτιῶνος
3689 3499 3747 3556 ιδ
3765 3543 3778 3556 .

2459 3683 2523 3736 α’.
2594 3686 2998 3757 Προκαθημένου
3075 3689 3256 3736 Λουκᾶ
3327 3691 3418 3734 τοῦ
3491 3681 3788 3752 ἁγιωτάτου
3846 3679 3982 3747 ἡμῶν

2390 3769 2648 3826 δεσπότου
2709 3777 2798 3824 καὶ
2859 3773 3215 3843 οὶκουμενικοῡ
3276 3773 3612 3846 πατριάρχου
3651 3769 3704 3822 ὧν
3757 3775 3864 3828 τοίς
3909 3760 3988 3815 δε-

2391 3861 2514 3923 ξιοῖς
2594 3861 2883 3924 ἀλεξιακοίς
2956 3866 3422 3932 κατηχουμενείοις
3454 3877 3466 3890 ·
3547 3856 3984 3932 συνεδριαξόντων

2515 3949 2710 4022 μεγάλῃ
2782 3950 3046 4020 ἁγιωσύνῃ
3125 3949 3285 4000 αὐτοῦ
3344 3951 3630 4020 ίερωτάτων
3714 3945 3984 4020 ἀρχιερέων

2389 4047 2480 4092 τοῦ
2539 4044 2877 4111 Καισαρείας.
2930 4046 3022 4090 τοῦ
3087 4037 3406 4112 Ἡρακλείας,
3474 4043 3568 4088 τοῦ
3627 4041 3846 4108 Καρίας,
3901 4035 3986 4082 τού

2387 4133 2676 4192 Μωκησοῡ,
2727 4134 2817 4178 τοῦ
2879 4131 3108 4198 Κρήτης,
3169 4132 3262 4176 τοῦ
3311 4124 3725 4198 Τραπεζοῦντος,
3765 4127 3853 4173 τοῦ
3905 4123 3986 4172 Φι-

2386 4215 2608 4270 λίππων.
2672 4223 2762 4266 τού
2839 4214 3150 4284 Μιτυλήνης,
3206 4221 3297 4266 τοῦ
3371 4217 3512 4266 Νέων
3589 4219 3828 4285 Πατρῶν,
3902 4211 3986 4256 τοῦ

2389 4305 2684 4376 Εὐχαιτων,
2742 4311 2833 4356 τοῦ
2893 4299 3264 4375 Ἀμάστριδος,
3319 4310 3412 4354 τοῦ
3463 4300 3678 4376 Σερῤὠν’
3733 4305 3824 4352 τοῦ
3884 4303 3988 4350 Θη-

2388 4393 2510 4464 ϐῶν,
2534 4401 2624 4446 τοῦ
2655 4396 2828 4456 Αἴνου,
2857 4399 2948 4444 τοῦ
2971 4392 3272 4463 ’Δπαμείας,
3299 4398 3390 4442 τον
3423 4387 3674 4456 Ἀϐύδου,
3709 4395 3800 4441 τοὺ
3831 4391 3986 4438 Λακε-

607 4480 813 4546 litano,
849 4481 1037 4550 Pario,
1091 4482 1470 4554 Selybriensi,
1523 4483 1779 4550 Nicensi,
1817 4486 2112 4554 Brysensi,
2145 4491 2272 4544 Der-

2389 4479 2685 4552 δαιμονίας,
2727 4489 2816 4532 του
2849 4479 3190 4552 Παροναξίας,
3221 4486 3312 4530 τοῦ
3359 4475 3864 4552 Ἀρκαδιουπόλεως,
3899 4477 3984 4523 τοῦ

609 4569 804 4636 censi;
841 4571 1179 4625 astantibus
1207 4571 1386 4628 etiam
1421 4572 1520 4628 Dei
1562 4572 1987 4628 amantissimis
2015 4576 2276 4632 dominis

607 4653 970 4726 praepositis.

681 4835 733 4890 2.
775 4835 1028 4904 Tempus
1079 4835 1321 4890 tacendi
1349 4841 1403 4891 et
1435 4841 1666 4906 tempus
1695 4839 1999 4910 loquendi,
2033 4841 2275 4912 sapiens

610 4923 994 4978 Ecclesiastes
1015 4921 1248 4990 dicit”;
1277 4921 1371 4978 his
1401 4923 1596 4980 verbis
1629 4925 1900 4982 sobrium
1935 4929 2273 4984 curdatum-

608 5027 727 5083 que
741 5011 1076 5067 auditorem
1093 5011 1434 5068 admonens
1453 5029 1526 5068 ne
1542 5015 1688 5087 quid
1709 5016 2049 5073 inconsulte
2069 5017 2272 5090 loqua-

609 5104 706 5154 tur
749 5115 946 5172 neque
972 5099 1440 5172 intemperanter
1462 5101 1636 5159 labiis
1662 5103 1894 5160 effutiat
1921 5148 1933 5172 ,
1966 5121 2174 5160 verum
2206 5111 2270 5160 ut

610 5191 787 5242 antea
807 5187 1068 5259 exploret
1099 5189 1520 5263 discernatque
1550 5193 1718 5264 quod
1767 5199 1966 5248 mente
1997 5193 2262 5264 revolvit,

611 5275 943 5348 seduloque
975 5277 1331 5343 consideret,
1363 5296 1438 5336 ne
1489 5281 1742 5337 vitiosus
1800 5299 1996 5337 sermo
2041 5297 2110 5336 ex
2167 5297 2267 5337 ore

607 5369 814 5421 nostro
861 5365 1162 5439 procedat,
1199 5369 1303 5424 sed
1345 5375 1548 5426 contra
1581 5372 1629 5426 si
1659 5372 1795 5443 quis
1821 5376 1908 5425 est
1956 5369 2154 5424 bonus
2209 5377 2266 5425 et

609 5453 908 5524 salutaris,
942 5460 1120 5529 atque
1159 5457 1366 5516 alienae
1397 5459 1782 5518 aediﬁcationi
1821 5459 2094 5514 idoneus.
2131 5462 2265 5515 Ηεεο

677 5651 725 5686 ³9
765 5653 901 5710 Eec.
931 5651 1066 5720 lien,
1095 5659 1150 5714 7.

2388 4576 2606 4644 Παρίου,
2635 4577 2726 4620 του
2759 4567 3066 4640 Σηλυϐρίας,
3099 4575 3187 4620 τοῦ
3235 4572 3422 4628 Νίκης,
3455 4574 3546 4618 τοὺ
3587 4568 3842 4638 Βρύσεως,
3899 4567 3984 4610 τοὺ

2385 4663 2574 4732 Δέρκου
2609 4676 2624 4690 ’
2659 4661 3058 4732 παρισταμένων
3089 4659 3180 4708 καὶ
3223 4655 3626 4722 θεοφιλεστάτων
3663 4651 3981 4706 ὃεσποτικών

2384 4747 2678 4822 ἀρχόντων.

2455 4835 2524 4908 β’.
2599 4837 2790 4908 Καιρὸς
2839 4839 2930 4884 τοῦ
2991 4837 3144 4902 σιγᾷν
3219 4836 3309 4884 καὶ
3382 4835 3561 4906 καιρὸς
3631 4837 3727 4882 τοῦ
3799 4825 3980 4886 λαλεῖν,

2382 4925 2406 4975 ό
2476 4927 2629 4996 σοφός
2703 4921 3122 4982 Ἐκκλησιαστὴς
3199 4917 3580 4992 ἀναφθέγγεται
3621 4938 3634 4951 ⁸
3719 4913 3818 4969 διὰ
3887 4921 3984 4966 τῶν

2378 5015 2624 5087 ῥημάτων
2689 5013 2883 5062 τούτων
2951 5006 3215 5061 παιδεύων
3275 5008 3534 5084 ἀκροατὴν
3601 5011 3690 5060 τόν
3745 5002 3985 5075 νηφάλιον

2379 5106 2468 5153 καὶ
2508 5101 2812 5174 ἀρτίφρονα,
2845 5103 2915 5170 μὴ
2969 5095 3335 5160 ἀϐασανίστως
3382 5118 3434 5149 τι
3483 5095 3826 5170 φθέγγεσθαι,
3858 5086 3984 5166 μηδ’

2379 5189 2752 5264 ἀσυντηρήτως
2826 5195 2924 5239 τῶν
2999 5187 3213 5258 χειλέων
3288 5190 3556 5258 προφέρειν
3613 5183 3786 5246 ἐκτὸς,
3865 5178 3988 5230 ἀλλὰ

2379 5277 2686 5352 δοκιμάζειν
2739 5283 2828 5329 καὶ
2881 5281 3070 5350 κρίνειν
3125 5284 3310 5348 πρῶτα
3353 5281 3411 5328 τὸ
3444 5272 3814 5344 διανοούμενον
3846 5265 3986 5322 ἔνδο-

2377 5372 2457 5422 θεν
2515 5367 2562 5419 ἐν
2606 5366 2760 5438 ψυχῇ
2812 5371 2902 5417 καὶ
2964 5369 3185 5435 συνορᾷν
3241 5363 3575 5436 ἰμμερίμνως,
3621 5365 3710 5412 ἵνα
3761 5363 3835 5430 μὴ
3897 5377 3987 5408 σα·-

2373 5461 2502 5532 πρὸς
2556 5457 2710 5528 λόγος
2784 5457 2838 5508 ἐκ
2913 5462 3004 5506 τοῦ
3065 5457 3321 5523 στόματώ
3402 5455 3546 5526 ἡμῶν
3613 5449 3979 5524 ἐκπορεύηται,
