4126 6272
235 269 327 323 sn

1633 274 1997 336 ‘I‘HES'AURI.
2026 278 2166 338 LIB.
2208 281 2367 338 XXV.

3493 284 3607 348 επ

247 389 737 462 ἁλλέἰτιςάγσθός
769 396 864 446 καὶ
919 398 1177 470 σωτήριος
1231 399 1324 448 καὶ
1364 397 1498 468 πρὸς
1550 393 1825 472 οἰκοδομή]

1947 403 2311 462 Ecclesiastaa
2336 405 2499 462 dicta
2527 406 2776 465 minime
2814 424 3027 467 secum
3071 414 3363 484 reputans
3401 420 3605 471 sacra—

245 480 437 553 ἑταίρων
458 486 551 532 καὶ
593 478 961 555 ἐπιστηριξινο
989 489 1168 536 Ταῦτα
1193 492 1285 537 τοῦ
1334 483 1750 544 Ἐκκλησιαστοῦ
1773 490 1840 541 τὰ

239 570 435 643 ῥήματα
451 574 525 642 μὴ
558 571 704 622 κατὰ
733 589 857 623 νουν
881 572 1090 644 θέμενος
1105 574 1132 625 ὁ
1154 575 1431 648 ἱερώτατος
1449 577 1838 649 μητροπολίτης

234 664 446 720 Νικαίας
474 662 756 730 Γεὼργιος,
788 678 864 731 μη
873 656 935 712 δὲ
963 668 1055 713 τοῦ
1076 664 1246 735 Σιρὰχ
1266 661 1417 734 λόγον
1437 662 1784 737 ἐνωτισάμενο
1793 686 1836 733 ς,

232 748 591 819 ὑποτιθέμενον
610 751 704 800 τόν
722 750 817 820 μεν
840 746 1024 803 εἰδότα
1046 749 1213 804 λαλεῖν
1233 757 1324 805 καὶ
1337 752 1512 827 παῤῥη
1522 754 1805 815 σιάζεσθαι
1820 776 1835 791 ο

228 839 310 888 τὸν
334 834 397 889 δὲ
425 841 500 909 μή
524 832 713 891 εἰδότα
732 839 937 891 τιθέναι
955 842 1051 897 τὴν
1071 847 1231 913 χεῖρα
1248 843 1332 893 ἐπὶ
1359 844 1604 913 στόματι,
1628 842 1839 906 ἀνοίξας

223 928 281 979 τό
310 929 487 996 στόμα
511 923 622 997 οὐχ
652 924 864 979 εΰικυσε
900 935 1085 1001 πρῶτα
1111 936 1314 1000 πνεῦμα
1346 949 1359 963 ο
1400 935 1492 983 καὶ
1530 931 1668 985 οὕτω
1707 934 1840 1004 μετὰ

226 1019 317 1066 τοῦ
342 1016 659 1086 πνεύματος,
691 1014 950 1089 ἠρεύξατο
977 1017 1045 1068 τὰ
1072 1025 1165 1070 τοῦ
1202 1020 1510 1091 πνεύματος,
1538 1018 1647 1072 ἀλλ’
1674 1018 1837 1073 ἀσυν-

229 1108 465 1177 τηρητως
488 1108 781 1177 προήνεγκε
804 1124 817 1138 ’
870 1107 1041 1166 καθὼς
1071 1101 1226 1164 δηλοῖ
1251 1109 1310 1159 τό
1354 1109 1491 1160 κατὰ
1532 1112 1629 1166 τὴν
1682 1108 1837 1168 ἕκτην

231 1199 321 1244 τοῦ
346 1191 690 1266 παρελθόντος
710 1192 1018 1266 Ἀπριλλίου
1039 1198 1199 1267 μηνὸς
1212 1203 1307 1258 τῆς
1333 1194 1626 1259 ἐνεστώσης
1644 1216 1837 1251 τεσσαιξ

223 1276 644 1353 ρεσκαιδεκάτης
669 1279 1023 1354 ἐπινεμήσεως
1052 1282 1254 1336 ἐκτεθὲν
1299 1280 1576 1337 συνοδικὸν
1605 1290 1835 1357 σημείω-

224 1388 296 1441 μα
312 1390 327 1402 ·
358 1367 541 1441 ἁμίλει
559 1388 641 1423 τοι
660 1374 752 1422 καὶ
776 1372 916 1423 κατὰ
928 1374 988 1423 τὸ
1009 1378 1243 1425 τοιοῦτον
1264 1368 1544 1426 συνοδικόν
1558 1378 1836 1447 σημείωμα

223 1463 335 1511 τότε
360 1454 637 1531 καταδίκῃ
664 1456 918 1531 ἐνομίσθη
943 1457 1075 1512 εἶναι
1098 1461 1406 1523 ὑπεύθυνος.

291 1626 359 1697 γ’.
392 1624 554 1679 Ὀθεν
579 1631 672 1679 καὶ
706 1629 840 1701 πρὸς
886 1630 983 1687 τὴν
1021 1626 1389 1692 ἀνεξάντλητον
1416 1637 1509 1683 τοῦ
1537 1628 1706 1693 ἐλέους
1731 1650 1832 1688 πη-

219 1720 341 1786 γηνς
358 1715 558 1788 μᾶλλον
582 1712 642 1768 δὲ
675 1714 1003 1791 θαρρούντως
1034 1716 1211 1789 εἰπεῖν,
1233 1726 1331 1780 τῆς
1369 1720 1703 1792 συμπαθείας
1737 1724 1831 1779 τὴν

221 1803 480 1871 ἄϐυσσον,
509 1808 599 1857 τόν
631 1806 881 1877 θεοστεφῆ
914 1810 1287 1878 κρπαιὸτατον
1315 1806 1464 1878 ἅγιον
1494 1809 1640 1880 ἡμῶν
1668 1808 1829 1861 αὐτο-

218 1895 452 1968 κράτορα
479 1896 844 1965 καταπέφευγε
869 1914 882 1925 ·
914 1898 1003 1946 καὶ
1036 1896 1242 1967 θερμοῖς
1261 1899 1355 1953 τὴν
1377 1894 1636 1968 φίλοικτον
1667 1896 1830 1950 αὐτοῦ

217 1986 304 2035 καὶ
330 1984 476 2035 θείαν
504 1981 694 2053 ψυχήν
714 1985 845 2056 πρὸς
872 1978 1044 2035 οἶκτον
1069 1980 1407 2045 ἐξεκαλέσατο
1435 1979 1696 2059 δάκρυσιν
1722 2005 1735 2018 ·
1758 1986 1829 2048 ὡς

215 2077 303 2124 καὶ
330 2077 557 2144 μήνυμα
589 2072 720 2123 θεῖον
746 2074 1117 2142 προσκυνητόν
1142 2070 1330 2124 ἐκεῖθεν
1358 2075 1492 2147 πρὸς
1538 2078 1631 2130 τὴν
1681 2075 1828 2145 ἡμῶν

217 2166 553 2232 μητριότητα
577 2165 668 2212 καὶ
691 2164 789 2218 τὴν
814 2161 954 2233 ἱερὰν
992 2162 1428 2232 καταπεμφθῆναι
1469 2157 1709 2230 σύνοδον,
1733 2158 1829 2214 διὰ

214 2258 304 2302 τοῦ
322 2247 917 2322 μεγαλεπιφανεστάτου
938 2248 1508 2323 πρωτοκουροπαλάτου
1538 2258 1629 2302 τοῦ
1663 2249 1824 2323 βασι-

215 2338 358 2392 λικοῦ
385 2348 764 2414 γραμματικοῦ
787 2346 952 2413 κυροῡ
984 2344 1243 2414 Γεωρφίου
1282 2347 1376 2391 τοῦ
1405 2339 1662 2402 Σκυλίτζη
1689 2361 1702 2373 -
1730 2360 1822 2393 κα-

214 2430 312 2489 θὼς
339 2432 401 2480 τό
438 2430 582 2480 κατὰ
634 2432 732 2486 τὴν
781 2423 851 2480 ιδ’
898 2435 993 2480 τοῦ
1043 2424 1474 2502 παραδραμόντος
1522 2428 1822 2503 Ἀπριλλίου

208 2520 377 2590 μηνός
397 2526 499 2577 τῆς
523 2512 1112 2589 τεσσαρεσκαιδεκάτης
1145 2513 1469 2579 ἰνδικτιῶνος
1513 2516 1706 2571 ἐκτεθὲν
1736 2517 1824 2571 ἐπὶ

206 2614 268 2679 τῇ
298 2614 394 2659 τοῦ
423 2608 668 2658 τοιούτου
702 2603 989 2677 βασιλικοῦ
1021 2608 1112 2657 καί
1163 2606 1301 2658 θείου
1348 2608 1653 2679 μηνύματος
1692 2609 1824 2682 πρὸς

204 2698 349 2768 ἡμᾶς
397 2691 829 2769 διαπορθμεύσει
894 2690 1171 2747 συνοδικὸν
1217 2700 1495 2768 σημείωμα
1548 2702 1812 2770 παριστᾷ.

203 2782 327 2837 Ὀτι
364 2793 493 2854 γοῦν
522 2787 614 2835 καὶ
648 2787 879 2857 σήμερον
907 2784 1063 2835 πάλιν
1090 2780 1125 2836 δ
1130 2786 1184 2835 ιὰ
1212 2791 1303 2836 τοῦ
1350 2783 1507 2836 αὐτοῦ
1535 2782 1820 2856 βασιλίκοῦ

206 2881 586 2946 γραμματικοῦ
618 2870 882 2945 ἀνηγγέλη
916 2879 980 2944 τῇ
1015 2874 1161 2944 ἡμῶν
1181 2877 1482 2945 μετριότητι
1506 2878 1596 2926 καὶ
1616 2881 1677 2946 τῇ
1710 2876 1823 2949 ἱερᾴ

205 2967 296 3014 καὶ
328 2964 443 3034 θείᾳ
477 2958 689 3033 συνόδῳ
724 2964 797 3023 ὡς
822 2960 882 3012 οὐ
913 2970 1334 3033 προστακτικῶς,
1365 2960 1473 3015 ἀλλ’
1513 2965 1582 3022 ὡς
1612 2960 1660 3014 ἐν
1691 2960 1822 3016 εῖδει

204 3049 515 3122 συμϐουλῆς
544 3052 570 3102 ό
600 3051 892 3123 κράτιστος
923 3051 953 3107 ἡ
964 3058 1073 3121 μῶν
1093 3049 1243 3121 ἅγιος
1270 3049 1515 3123 βασιλεὺς
1536 3051 1822 3126 φιλανθρω-

1946 491 2211 549 tissimus
2237 494 2445 550 Nicaeae
2476 496 2858 567 metropolita
2887 499 3212 569 Georgius;
3241 503 3299 556 et
3333 515 3410 557 ne
3440 501 3604 560 Sira-

1947 581 2096 637 cidis
2126 583 2377 655 quidem
2406 584 2613 642 audito
2642 586 2895 657 monito,
2925 589 3237 646 suadentis
3264 594 3330 647 ut
3360 592 3605 665 sapiens

1945 670 2112 743 loqui
2132 673 2376 743 audeat,
2405 674 2695 748 insipiens
2724 682 2931 735 autem
2960 695 3144 753 super
3170 696 3238 737 os
3260 686 3449 753 ponat
3474 698 3605 741 ma-

1946 776 2096 817 num
2128 778 2306 819 suam
2334 764 2382 799 ιθ
2410 782 2424 831 ;
2461 763 2515 820 is
2543 765 2743 835 igitur,
2774 766 3043 824 resoluto
3072 784 3198 839 ore,
3228 768 3396 827 haud
3424 776 3603 831 antea

1947 852 2243 908 contraxit
2272 852 2587 925 spiritum;
2620 859 2803 928 atque
2832 855 2917 913 ita
2941 871 3082 913 cum
3127 858 3341 931 spiritu
3369 864 3602 921 eructa-

1945 939 2031 996 vit
2055 955 2193 1013 quae
2228 946 2401 999 erant
2452 942 2723 1015 spiritus,
2760 945 2873 1001 sed
2918 945 3363 1004 inconsiderate
3390 949 3600 1021 profu-

1945 1027 2069 1097 dit;
2098 1029 2269 1086 sicuti
2299 1031 2504 1102 palam
2528 1030 2596 1088 ﬁt
2623 1033 2686 1089 in
2716 1033 3012 1106 synodico
3040 1035 3282 1093 decreto
3313 1040 3483 1095 sexta
3501 1037 3600 1097 die

1945 1117 2225 1190 praeteriti
2254 1118 2469 1191 Aprilis
2492 1120 2723 1177 mensis
2766 1122 3008 1179 condito
3052 1124 3367 1194 praesentis
3407 1123 3600 1182 indic-

1944 1206 2122 1262 tionis
2145 1212 2376 1279 quarta;
2412 1207 2703 1279 decima;
2743 1226 2866 1283 quo
2907 1211 3128 1284 synodi
3167 1211 3409 1271 decreto
3454 1229 3596 1272 reus

1942 1309 2261 1369 prensaque
2291 1295 2592 1354 obnoxius
2613 1297 2922 1370 judicatus
2949 1304 3058 1359 est.

2011 1628 2067 1681 3.
2126 1626 2537 1693 Quamobrem
2584 1628 2665 1685 ad
2701 1628 3128 1687 inexhaustum
3167 1630 3590 1711 misericordiae

1939 1713 2190 1787 fontem,
2221 1715 2346 1772 imo
2373 1721 2439 1772 ut
2463 1716 2862 1774 conﬁdentius
2890 1718 3115 1789 dicam,
3141 1721 3222 1777 ad
3258 1719 3589 1779 clementiae

1938 1801 2252 1874 abyssum,
2280 1802 2344 1858 id
2374 1808 2462 1860 est
2491 1804 2569 1861 ad
2600 1810 2957 1863 coronatum
2983 1822 3021 1863 a
3041 1809 3161 1864 Deo
3189 1806 3591 1866 fortissimum

1939 1895 2338 1963 sanctumque
2365 1896 2642 1948 nostrum
2665 1892 3091 1966 imperatorem
3132 1895 3438 1967 confugit;
3480 1896 3593 1953 fer-

1936 1977 2211 2052 vidisque
2238 1980 2442 2035 mitem
2473 1981 2604 2052 ejus
2632 1980 2962 2055 divumque
2991 1983 3267 2041 animum
3295 1984 3378 2041 ad
3407 1984 3589 2041 mise-

1934 2066 2256 2123 ricordiam
2287 2066 2614 2123 commovit
2640 2067 2926 2141 lacrymis
2950 2087 2963 2125 :
2991 2069 3074 2127 ita
3104 2074 3167 2126 ut
3194 2069 3407 2127 divum
3435 2086 3586 2143 quo-

1935 2171 2053 2228 que
2081 2156 2498 2213 venerandum
2525 2157 2885 2231 rescriptum
2913 2158 2995 2215 ad
3034 2163 3307 2223 nostram
3354 2158 3586 2216 medio-

1936 2245 2201 2301 critatem
2231 2245 2372 2301 inde
2400 2245 2653 2302 missum
2677 2245 2856 2303 fuerit
2870 2263 3229 2322 sacramque
3255 2248 3584 2322 synodum,

1934 2349 2042 2405 per
2061 2348 2352 2402 magnum
2379 2338 2561 2406 atque
2585 2334 3060 2393 illustrissimum
3081 2336 3584 2410 protocuropala-

1933 2427 2059 2478 tam
2119 2422 2354 2493 regium
2408 2423 2673 2480 scribam
2718 2424 3038 2483 dominum
3086 2424 3406 2497 Georgium
3445 2427 3587 2499 Scy-

1934 2512 2144 2579 litzen;
2177 2512 2348 2568 sicuti
2376 2517 2656 2569 narratur
2682 2514 2745 2570 in
2781 2512 3077 2587 synodico
3120 2514 3384 2583 decreto,
3415 2513 3587 2588 quod

1931 2600 2028 2656 die
2062 2604 2126 2656 14
2147 2600 2422 2673 praeteriti
2451 2601 2666 2675 Aprilis
2703 2602 2949 2674 mensis,
2971 2604 3285 2676 praesentis
3333 2602 3585 2660 decima;

1931 2696 2162 2763 quartae
2188 2690 2556 2760 iudictionis,
2587 2690 2668 2748 ob
2696 2691 2879 2765 hujus
2907 2693 3055 2764 regii
3080 2692 3283 2767 diique
3312 2693 3586 2767 rescripti

1930 2778 2010 2834 ad
2039 2795 2152 2835 nos
2180 2780 2536 2836 missionem
2556 2780 2868 2837 conditum
2893 2780 3022 2837 fuit.
3057 2783 3210 2849 Quia
3238 2776 3382 2839 vero
3402 2780 3584 2839 hodie

1929 2883 2172 2941 quoque
2226 2885 2331 2941 per
2371 2868 2654 2925 eumdem
2694 2870 2927 2939 regium
2970 2871 3233 2928 scribam
3270 2869 3473 2928 denuo
3512 2869 3585 2926 si-

1929 2956 2237 3026 gniﬁcavit
2266 2956 2662 3014 mediocritati
2707 2962 2929 3013 nostrae
2973 2973 3280 3030 sacraque
3324 2963 3380 3015 et
3426 2957 3583 3014 divae

1930 3045 2187 3116 synodo,
2222 3060 2346 3101 non
2388 3045 2741 3117 imperative
2781 3045 3031 3119 quidem
3075 3046 3184 3102 sed
3228 3046 3405 3118 quasi
3448 3061 3584 3103 sua-

273 3103 286 3122 ι
463 3103 477 3110 ’
500 3103 514 3112 ⁵
634 3103 644 3123 Ι
876 3103 891 3112 ’
938 3103 974 3121 Ἰ
1135 3103 1150 3121 Ι
1228 3103 1242 3112 ⁷
1270 3103 1280 3123 Ι
1501 3103 1514 3112 ’
1544 3103 1554 3121 Ι
1721 3112 1729 3126 ι

200 3146 418 3213 πότερον
450 3136 764 3197 διατεθῆναι
799 3142 920 3213 περὶ
965 3140 1052 3190 τὸν
1088 3144 1310 3199 Νικαίας
1352 3141 1477 3211 ἡμῖν
1508 3141 1817 3207 ὑποτίθησι,

1934 3132 2098 3204 dens,
2154 3135 2684 3206 praestantissimus
2734 3139 2939 3190 noster
2967 3139 3334 3209 sanctusque
3362 3150 3487 3203 rex,
3518 3138 3587 3191 ut

199 3226 339 3285 πλὴν
380 3237 484 3280 τῶν
512 3233 741 3280 κανόνων
773 3227 1101 3299 σωζομένων,
1145 3229 1174 3285 ἡ
1207 3232 1481 3301 μετριότης
1530 3230 1676 3301 ἡμῶν
1724 3248 1821 3280 συ-

198 3318 349 3388 νάμα
375 3325 436 3388 τῇ
473 3318 590 3389 ἱερᾲ
615 3313 958 3387 ἀδελφότητι,
992 3313 1408 3387 ἀναγνωσθέντος
1435 3324 1528 3369 τοῦ
1566 3319 1700 3369 κατά
1726 3321 1821 3375 τὴν

200 3405 248 3469 ς’
277 3414 381 3458 τοῦ
398 3405 750 3480 παρελθόντος
785 3403 1086 3478 ’Δπριλλίου
1115 3407 1278 3477 μηνὸς
1305 3412 1404 3466 τῆς
1432 3403 1720 3468 ἐνεστώσης
1752 3403 1821 3459 ιδ’

199 3490 542 3555 ὶνδικτιῶνος
586 3498 861 3565 γεγονότος
913 3488 1194 3546 συνοδικοῦ
1247 3499 1633 3567 σημειὼματος,
1684 3493 1734 3546 ἐν
1781 3494 1820 3565 ᾧ

194 3588 288 3635 καὶ
356 3578 635 3655 καταδίκῃ
684 3582 977 3642 ὑπεύθυνος
1023 3582 1049 3632 ὁ
1094 3587 1318 3643 Νικαίας
1367 3578 1498 3634 εἶναι
1546 3580 1817 3654 ἐνομίσθη,

202 3674 552 3731 σκοπηθῆναι
582 3667 694 3723 δεῖν
734 3672 885 3742 ἔγνω,
936 3671 1092 3722 ὁποία
1135 3690 1218 3733 τις
1261 3679 1333 3742 τῷ
1380 3676 1609 3733 Νικαίας
1637 3669 1818 3723 ἐκτῶν

196 3768 431 3813 κανόνων
456 3756 728 3819 καταδίκη
756 3758 1009 3830 ἐπάγεται
1032 3780 1044 3792 ο
1077 3767 1228 3812 τοῦτο
1248 3763 1346 3834 γὰρ
1375 3756 1436 3819 ἦν
1459 3763 1516 3812 τὸ
1547 3762 1623 3812 ἔτι
1650 3759 1819 3812 λειπό-

196 3871 376 3920 μενον,
407 3855 469 3902 τό
504 3854 595 3902 καὶ
623 3854 717 3907 τήν
746 3852 1006 3907 ποιότητα
1024 3856 1118 3909 τῆς
1143 3847 1461 3921 ἐπαγομένης
1490 3849 1632 3919 αὐτῷ
1661 3867 1820 3901 κατα-

200 3936 364 4001 δίκης
396 3935 832 4008 διαγνωσθῆναι·
870 3938 952 3988 ὅτι
979 3944 1103 4009 γοῦν
1139 3937 1197 3989 οὐ
1224 3938 1532 4012 καθαίρεσις
1556 3939 1687 3990 εἶναι
1712 3932 1818 3989 διε-

196 4030 414 4098 γιὼσθη
447 4030 621 4096 τούτῳ
645 4030 705 4078 τὸ
736 4029 1022 4097 ἐπιτίμιον,
1055 4024 1329 4100 ἀφορισμῷ
1345 4034 1526 4078 τοῦτον
1547 4024 1816 4099 ἀλειτουρ-

196 4122 403 4186 γησίας
432 4114 523 4168 ἐπὶ
554 4112 729 4187 datio;
772 4112 1047 4180 ὑπέϐαλλε,
1078 4118 1210 4188 πρὸς
1246 4118 1303 4166 τό
1340 4114 1816 4190 φιλανθρωπότερον

197 4203 570 4259 ἄπονεύσασα.
598 4202 720 4255 Ὀτι
747 4199 809 4256 δὲ
836 4201 1044 4265 πολλοῖς
1075 4202 1159 4255 ἐπὶ
1201 4202 1414 4264 πολλαῖς
1459 4211 1576 4266 ταῖς
1605 4206 1765 4278 ὥραις
1791 4205 1817 4255 ό
1840 4242 1843 4247 ν

196 4299 451 4360 Νικαίας,
478 4296 619 4345 κατὰ
644 4300 747 4363 γῆς
778 4292 965 4344 ἑαυτὸν
991 4291 1173 4366 ῥίψας,
1206 4296 1264 4344 τό
1298 4294 1432 4368 ἱερὸν
1452 4300 1564 4354 τοῖς
1586 4290 1818 4365 δάκρυσι

196 4381 525 4456 κατέϐρεχεν
554 4377 770 4451 ἔδαφος,
795 4384 889 4432 καὶ
923 4384 1246 4452 σκεναγμούς
1275 4379 1330 4432 ἐκ
1370 4379 1571 4454 βάθους
1600 4380 1817 4453 ἀνέπεμ-

195 4490 310 4537 πεν,
345 4474 420 4532 ὡς
450 4475 544 4522 καὶ
577 4472 791 4541 σύμπαν
824 4468 894 4528 εἰς
928 4464 1098 4520 οἶκτον
1125 4473 1184 4520 τὸ
1216 4471 1348 4541 ἱερὸν
1380 4466 1651 4544 συνέδριον
1681 4489 1816 4544 προ-

200 4560 555 4628 καλέσασθαι,
607 4563 699 4611 καὶ
747 4564 1073 4629 συγκινῆσαι
1114 4559 1314 4627 πάντας
1368 4558 1440 4620 εἰς
1488 4554 1717 4632 δάκρυα,
1749 4560 1819 4620 ὡς

201 4646 352 4701 οὖδίν
375 4650 535 4706 ἧττον
563 4650 759 4700 ἐκείνου
786 4644 1108 4718 παρακαλεῖν
1138 4644 1211 4707 εἰς
1241 4645 1374 4699 ἔλεον
1404 4651 1498 4706 τὴν
1546 4650 1690 4720 ἡμῶν
1721 4666 1817 4719 με-

201 4744 473 4810 τριότητα,
508 4738 540 4794 ἡ
569 4740 854 4809 μετριότης
888 4734 1031 4806 ἡμων
1053 4737 1261 4807 συνάμα
1283 4742 1345 4807 τῇ
1374 4737 1486 4804 ἱερᾲ
1505 4733 1821 4808 ἀδελφότητι

208 4825 275 4887 εὶς
297 4827 387 4879 ἕνα
412 4830 508 4878 καὶ
534 4830 695 4898 μόνον
727 4823 968 4875 ἐνιαυτὸν
997 4824 1064 4874 τὰ
1099 4831 1190 4883 τῆς
1219 4821 1649 4897 ἀλειτουργησίας
1678 4823 1819 4894 αὐτῷ

210 4919 471 4987 περιέστη,
502 4912 589 4966 ἐπὶ
621 4918 883 4964 τοσοῦτον
917 4908 1056 4980 αὐτῷ
1085 4915 1175 4962 καὶ
1203 4912 1295 4968 τὴν
1345 4909 1429 4962 ἐπὶ
1475 4918 1590 4973 ταῖς
1627 4909 1820 4983 ψήφοις

214 5004 500 5057 συνέλευσιν
541 4999 945 5054 ἀποκλείσασαι.
974 4996 1057 5059 Ὠς
1103 4996 1190 5050 οὖν
1235 4998 1292 5050 οὐ
1343 5004 1499 5071 μόνον
1549 5004 1819 5069 κανονικὴ,

216 5089 440 5146 ἀλλὰκαὶ
471 5092 851 5166 φιλάνθρωπος
883 5087 915 5143 ἡ
957 5090 1169 5144 τοιαύτη
1218 5093 1382 5140 πᾶσιν
1431 5084 1603 5150 ἔδοξεν
1652 5087 1821 5140 ἐπιτί-

216 5201 379 5251 μζσις,
409 5178 647 5236 ἐπεδόθη
691 5176 845 5244 αὐτῷ
874 5173 1152 5231 αἰτήσαντι
1176 5181 1265 5228 καὶ
1290 5196 1344 5229 το
1382 5178 1530 5250 παρὰ
1560 5172 1823 5250 διαφόρων

216 5269 488 5347 ὑπογραφὴ
534 5268 858 5338 εἰλητοξριον
913 5283 927 5295 ·
980 5268 1068 5317 καὶ
1115 5263 1382 5339 ὑπέγραψε
1430 5269 1520 5317 καὶ
1569 5265 1724 5329 αὐτὸς
1774 5264 1823 5317 ἐν

179 5410 190 5425 ,
216 5359 357 5433 αὐτῷ,

255 5579 298 5614 ιθ
329 5578 511 5637 Eccﬁ,
556 5590 625 5645 ν,
667 5571 765 5626 14.

1931 3222 2280 3278 clementius
2305 3238 2449 3293 erga
2475 3222 2784 3279 Nicaenum
2805 3227 3044 3279 nosmet
3065 3238 3371 3293 geramus,
3400 3218 3585 3279 salvis

1930 3317 2136 3366 tamen
2166 3311 2528 3382 canonibus,
2555 3310 2940 3369 mediocritas
2990 3315 3197 3370 nostra
3240 3327 3382 3368 cum
3409 3327 3585 3371 sacra

1928 3398 2313 3467 fraternitate,
2356 3405 2493 3472 post
2550 3398 2772 3457 lectum
2821 3400 3182 3475 synodicum
3228 3400 3349 3457 diei
3401 3402 3584 3456 sextae

1929 3488 2209 3562 praeteriti
2234 3488 2448 3561 Aprilis
2482 3490 2709 3546 mensis
2729 3490 3049 3563 praesentis
3079 3489 3330 3547 decimae
3353 3493 3584 3563 quarta:

1928 3579 2291 3646 indictionis,
2315 3578 2624 3636 decretum
2648 3596 2772 3651 quo
2791 3595 2988 3654 pcnnaa
3014 3580 3317 3638 obnoxius
3342 3578 3583 3652 judica-

1929 3672 2026 3723 tus
2055 3667 2328 3724 Nicaenus
2356 3668 2501 3737 fuit;
2532 3669 2928 3741 qumreudum
2957 3670 3204 3735 censuit,
3242 3683 3585 3743 quamnam

1929 3758 2285 3813 canonicam
2316 3762 2640 3813 mereretur
2670 3758 2943 3815 Nicienus
2992 3774 3272 3831 poenam;
3318 3757 3382 3812 id
3422 3756 3586 3813 enim

1928 3843 2343 3901 deﬁniendum
2370 3850 2701 3918 supererat,
2747 3862 2968 3919 nempe
3005 3849 3071 3901 ut
3113 3844 3189 3901 de
3240 3842 3584 3915 inﬂigendaa

1928 3949 2123 4005 poenae
2150 3934 2438 4004 qualitate
2457 3934 2756 4006 judicium
2786 3934 3059 3990 ferretur.
3104 3935 3374 4006 Cumque
3400 3943 3586 4002 poena

1929 4023 2222 4079 canonica
2246 4039 2369 4079 non
2408 4030 2564 4079 esset
2609 4027 2920 4097 comperta
2967 4021 3291 4094 depositio,
3340 4020 3583 4077 Nicaeno

1928 4126 2034 4183 per
2062 4109 2377 4167 biennium
2407 4111 2735 4167 ministerio
2760 4109 3083 4178 interdixit,
3116 4108 3447 4167 clementiae
3484 4100 3582 4173 raé

1926 4200 2087 4256 tione
2112 4200 2338 4256 habita.
2366 4200 2513 4256 Cum
2545 4204 2748 4256 autem
2780 4199 2860 4256 ad
2894 4197 3238 4271 complures
3284 4197 3468 4259 horas
3492 4197 3584 4255 Ni-

1927 4305 2137 4346 ccenus
2165 4289 2336 4344 humi
2379 4294 2603 4344 stratus
2653 4304 2893 4345 sacrum
2935 4288 3251 4361 permultis
3296 4282 3603 4361 lacrymis”

1927 4381 2343 4455 pavimentum
2397 4378 2639 4459 rigaret,
2687 4378 2949 4451 suspiria
2996 4377 3301 4451 profundo
3341 4380 3582 4451 pectore

1852 4456 1895 4511 Ῑ)
1928 4471 2189 4535 mittens,
2221 4468 2303 4523 ita
2326 4472 2386 4523 ut
2412 4466 2489 4523 ad
2530 4456 3009 4524 misericordiam
3056 4466 3406 4540 synedrium
3451 4466 3583 4523 uni-

1925 4572 2168 4613 versum
2233 4556 2432 4625 cieret,
2497 4554 2921 4631 lacrymasque
2997 4555 3227 4613 cunctis
3290 4554 3578 4623 eliceret;

1926 4651 2321 4717 nostramque
2350 4644 2504 4701 adeo
2547 4644 3025 4703 mediocritatem
3072 4644 3153 4703 ad
3200 4643 3583 4702 clementiam

1926 4750 2098 4806 aeque
2124 4738 2570 4802 commoveret;
2602 4739 2830 4803 nostra,
2876 4733 3153 4807 inquam,
3199 4731 3584 4790 mediocritas

1928 4839 2066 4878 cum
2094 4838 2265 4878 sacra
2304 4822 2666 4878 fraternitate
2693 4838 2816 4879 uno
2844 4820 3271 4880 tantummodo
3301 4835 3462 4878 anno
3492 4820 3586 4876 Ni—

1929 4927 2165 4967 caenum
2210 4911 2538 4968 ministerio
2585 4910 2914 4983 prohibuit,
2963 4911 3229 4983 itemque
3283 4907 3584 4978 suffragiis

1929 4999 2341 5056 conventiciis.
2376 5000 2521 5065 Quae
2571 5015 2712 5055 cum
2757 5014 2944 5072 poena
2988 5015 3113 5056 non
3166 4996 3364 5054 solum
3405 5012 3586 5054 cano-

1930 5092 2067 5146 nica
2118 5104 2332 5144 verum
2389 5088 2570 5144 etiam
2622 5088 2786 5144 mitis
2835 5088 3119 5145 omnibus
3182 5086 3314 5144 visa
3373 5089 3582 5153 esset;

1931 5177 2187 5234 traditus
2220 5176 2336 5248 ipsi
2367 5192 2613 5250 quoque
2650 5176 2875 5249 petenti
2911 5176 3149 5233 libellus
3186 5175 3299 5232 fuit
3339 5190 3377 5232 a
3423 5189 3588 5230 com-

1931 5266 2209 5340 pluribus
2267 5266 2398 5337 jam
2457 5264 2866 5337 subscriptus,
2942 5264 3261 5337 eidemque
3339 5264 3399 5319 et
3456 5260 3585 5334 ipse

1935 5354 2265 5427 suscripsit.
