4126 6272
573 311 688 369 279

1916 302 2186 362 NICETIE
2231 299 2598 360 CHONIATE

3823 306 3924 362 280

645 437 703 494 4.
731 437 899 492 Hunc
927 434 1082 490 Deus
1115 433 1297 489 ﬁnem
1349 429 1772 506 suprascriptis
1813 429 1995 486 rebus
2035 431 2213 501 impo-

2411 423 2480 480 δ’.
2510 432 2754 482 Τοιοῦτον
2785 428 2914 490 Θεὸς
2934 429 2992 480 τὸ
3029 431 3184 503 πέρας
3213 435 3320 492 τοῖς
3363 431 3684 505 προτεθεῖσιν
3721 428 3924 502 ἐπήνεγ-

579 524 740 594 snit;
773 524 856 580 sic
893 537 1122 592 magna
1163 521 1436 578 Ecclesiae
1483 525 1810 592 tempestas
1850 519 2056 576 sedata
2089 523 2175 574 est
2205 534 2220 586 ;

577 614 666 670 sic
689 611 838 684 regii
868 611 1084 685 sceptri
1110 611 1330 681 dignus
1367 609 1730 675 moderator,
1778 608 1856 665 ab
1899 606 2226 664 universali

577 703 980 774 gubernatore
1007 704 1126 757 Deo
1156 701 1452 774 impulsus
1499 705 1680 772 atque
1723 699 1999 768 directus,
2047 697 2225 754 tradi-

575 798 670 851 tos
720 791 834 848 sibi
880 791 1156 847 subditos
1208 789 1540 854 custodivit,
1599 804 1899 860 nemoque
1952 786 2222 849 omnino,

575 883 770 956 periit,
801 897 980 938 nemo
1007 880 1067 936 in
1100 878 1470 952 profundum
1513 877 1774 934 haeretici
1816 876 2014 932 cordis
2059 890 2224 931 mare

575 972 880 1044 projectus
907 969 1015 1025 fuit
1043 987 1056 1038 ;
1087 969 1211 1024 imo
1251 968 1486 1024 lucente
1528 967 1692 1023 velut
1750 965 2046 1038 speculari
2093 965 2224 1020 face

575 1059 738 1117 ducti
764 1059 842 1116 ad
878 1063 1052 1114 rectte
1093 1056 1234 1112 ﬁdei
1283 1061 1524 1128 portum
1567 1055 1763 1111 cuncti
1807 1057 2218 1127 pervenerent.

577 1151 669 1207 Sic
691 1165 855 1205 nunc
884 1151 1067 1204 etiam
1102 1147 1199 1202 Dei
1240 1145 1560 1218 sapientia,
1611 1144 1920 1200 novellum
1967 1143 2222 1200 alterum

573 1239 686 1294 sibi
709 1236 1122 1294 habitaculum
1151 1235 1214 1290 in
1251 1236 1368 1292 hoc
1405 1251 1546 1306 rege
1585 1234 1925 1303 aediﬁcavit,
1969 1237 2222 1305 septem-

570 1328 708 1400 plici
738 1327 924 1383 divini
955 1327 1206 1400 Spiritus
1235 1341 1483 1380 munero
1515 1328 1868 1380 exornatum
1896 1341 1907 1377 :
1959 1337 2220 1395 cumque

569 1419 738 1474 Patre
765 1416 1114 1482 adveniens,
1147 1415 1524 1470 mansionem
1554 1413 1666 1468 sibi
1695 1417 1755 1468 in
1776 1429 1846 1468 eo
1898 1411 2109 1480 eil'ecit,
2157 1418 2222 1468 ut

567 1506 631 1562 in
653 1505 970 1576 Evangelio
997 1503 1386 1576 promittitur:
1417 1507 1472 1558 et
1493 1502 1752 1558 scientiae
1777 1501 1994 1574 poculo
2023 1501 2220 1556 eidem

567 1595 806 1656 tradito,
837 1593 1063 1649 cunctis
1093 1591 1233 1646 inde
1261 1591 1500 1646 haurire
1530 1589 1941 1646 insatiabiliter
1971 1605 2220 1644 conces-

570 1683 643 1738 sit
667 1702 678 1751 ;
701 1699 823 1754 qua
849 1681 1040 1752 gratia
1071 1696 1284 1751 reapse
1315 1679 1544 1752 repleti,
1575 1695 1731 1734 verae
1767 1679 1894 1734 vitis
1940 1679 2217 1750 palmites

2331 536 2415 570 κεν
2444 538 2458 552 ο
2487 516 2647 578 οὕτως
2678 519 2708 576 ἡ
2743 515 2940 590 μεγάλη
2973 517 3102 578 ζάλη
3145 527 3240 579 τῆς
3279 518 3586 580 Ἐκκλησίας
3615 518 3921 590 ἐγκατεστο-

2332 625 2515 681 ρεσται
2539 627 2551 640 ·
2586 607 2747 670 οὕτως
2773 608 2798 658 ό
2832 615 2932 658 τῶν
2955 606 3244 680 βασιλικῶν
3265 613 3543 683 σκήπτρων
3560 609 3921 681 οἰακοστρόφος

2334 695 2564 764 ἐπάξιος,
2587 704 2660 766 τῷ
2681 703 2773 748 τοῦ
2803 699 2992 758 παντὸς
3029 696 3318 770 κυϐερνήτῃ
3346 702 3452 768 Θεῷ
3497 701 3791 768 κινούμενος
3835 701 3919 748 καὶ

2334 785 2774 858 οἰκονομούμενος,
2803 785 2923 848 τούς
2951 786 3087 856 αὑτῴ
3139 783 3450 857 δεδομένους
3487 791 3576 838 καὶ
3608 785 3920 859 ἀρχομένους

2334 872 2565 947 ἓφύλαξε,
2581 880 2670 928 καὶ
2697 871 2871 937 οὐδεὶς
2895 883 2992 928 τῶν
3015 877 3216 927 πάντων
3241 874 3471 928 ἀπώλετο
3496 895 3510 910 ο
3543 873 3669 928 οὶδὲ
3687 874 3757 936 εἰς
3779 873 3914 946 βάθη

2332 961 2558 1037 καρδίας
2587 961 2886 1038 ἐτεροδόξου
2923 964 3193 1026 θαλάσσης
3217 963 3528 1040 ἀπέρριπται
3558 987 3569 999 ·
3593 964 3776 1025 ἀλλ’ὡς
3795 967 3919 1038 πύρη

2331 1074 2408 1126 γῳ
2439 1061 2822 1127 φρυκτωροῡντι
2851 1057 3014 1125 τούτῳ
3045 1051 3494 1127 καθοὸηγούμενοι
3521 1061 3630 1116 τοῖς
3651 1062 3745 1116 τῆς
3776 1053 3920 1126 ὀρθο·

2333 1141 2530 1203 σεϐείας
2555 1143 2730 1215 λιμέσι
2755 1144 2942 1204 πάντες
2971 1141 3373 1216 ἐγκαθωρμίσθη
3385 1163 3478 1195 σαν
3503 1163 3516 1177 ·
3553 1143 3689 1195 οὕτω
3719 1148 3808 1195 καὶ
3831 1151 3916 1194 νῦν

2331 1236 2361 1290 ἡ
2395 1240 2486 1284 τοῦ
2517 1240 2652 1285 Θεοῦ
2683 1237 2842 1304 σοφία
2869 1236 3159 1303 καινότερον
3185 1235 3352 1306 ἕτερον
3383 1237 3572 1307 τρόπον
3603 1231 3741 1284 οἷκον
3765 1231 3914 1304 ἑαυτῇ

2329 1324 2415 1374 τόν
2440 1320 2665 1394 βασιλέα
2691 1329 2872 1373 τουτον
2906 1317 3279 1392 ἀνῳκοδόμησε
3305 1343 3316 1354 ·
3350 1329 3457 1384 τοῖς
3490 1318 3793 1384 ἐπταδικοῖς
3829 1328 3920 1373 τοῦ

2332 1412 2467 1462 θείου
2500 1413 2794 1481 Πνεύματος
2823 1415 3215 1481 πεπυκασμένον
3261 1414 3567 1484 χαρίσμασι
3593 1432 3604 1443 ·
3655 1415 3744 1462 καὶ
3793 1412 3923 1482 μετὰ

2327 1507 2418 1551 του
2451 1503 2648 1573 Πατρός
2675 1499 2897 1550 ἐλθοῦσα
2921 1503 3012 1556 τὴν
3038 1503 3196 1570 μονὴν
3241 1497 3289 1549 ἐν
3335 1497 3472 1569 αὐτῷ
3501 1506 3744 1568 ποιεῖται,
3791 1501 3922 1551 κατά

2327 1593 2415 1646 τὴν
2447 1587 2494 1639 ἐν
2521 1587 2854 1658 Εὖαγγελίοις
2892 1589 3186 1660 ὑπόσχεσιν
3219 1607 3231 1621 ο
3277 1593 3366 1639 καὶ
3412 1591 3502 1639 τόν
3543 1595 3637 1648 τῆς
3683 1593 3922 1658 γνώσεως

2327 1687 2565 1752 κρατῆρα
2603 1681 2768 1748 τούτῳ
2811 1683 3121 1750 χειρίσασα.
3171 1685 3331 1729 πᾶσιν
3383 1675 3652 1728 ἀπαντλείν
3693 1681 3922 1728 ακένωτα

569 1771 766 1826 cuncti
807 1775 1142 1834 evaserunt,
1193 1771 1252 1823 in
1302 1769 1418 1824 hac
1481 1769 1754 1824 videlicet
1799 1774 2108 1824 manentes
2161 1775 2213 1823 et

2330 1763 2554 1819 δίδωσιν
2579 1788 2591 1800 ·
2622 1767 2680 1818 οὗ
2711 1773 2798 1818 καὶ
2827 1769 3046 1838 χάριτος
3085 1765 3327 1838 κλήματα
3351 1773 3442 1825 τῆς
3485 1763 3728 1824 ἀληθινῆς
3759 1763 3920 1836 ἀμπέε

564 1859 1011 1928 fructiﬁcantes,
1044 1859 1372 1930 vinumque
1403 1857 1797 1929 propinantes
1825 1855 1990 1930 quod
2019 1857 2215 1912 ortho-

566 1948 729 2004 doxa
759 1948 942 2005 corda
969 1947 1249 2004 laetiﬁcat.
1285 1950 1411 2002 Haec
1442 1953 1529 2002 est
1555 1946 1838 2002 nimirum
1889 1946 2214 2018 prieterito-

562 2054 698 2096 rum
729 2037 1109 2109 imperatoris
1148 2037 1496 2092 meritorum
1534 2036 1805 2100 coronis;
1839 2035 1952 2091 hoc
2002 2040 2089 2091 est
2128 2035 2215 2091 in-

563 2126 1065 2199 comparabilium
1096 2131 1460 2198 tropaeorum
1483 2126 1613 2196 ejus
1665 2125 1901 2180 culmen
1930 2143 1942 2191 ;
1971 2125 2098 2180 havc
2129 2129 2216 2181 est

559 2217 900 2274 futurorum
928 2216 1198 2286 ejusdem
1223 2215 1630 2271 maximorum
1651 2214 1984 2269 facinorum
2013 2215 2210 2270 arrha.

562 2307 654 2364 Sic
685 2308 839 2361 Deus
867 2305 1225 2361 imitatorem
1263 2320 1439 2358 suum
1470 2318 1696 2372 regem,
1719 2309 1783 2358 ut
1813 2319 1948 2357 cum
1989 2317 2213 2373 magno

558 2395 816 2452 Jeremia
874 2393 1218 2465 loquamur,
1282 2393 1457 2463 quasi
1525 2391 1820 2446 munitam
1883 2390 2094 2446 urbem
2151 2391 2212 2447 in

558 2499 739 2539 omne
771 2487 1008 2553 tempus
1035 2480 1258 2550 statuit,
1295 2485 1350 2535 et
1379 2480 1551 2551 quasi
1581 2479 1858 2534 columen
1901 2480 2095 2535 cuncti
2125 2496 2212 2536 re-

559 2571 913 2642 gnatoribus
939 2575 1108 2625 terrae
1158 2574 1336 2640 atque
1383 2567 1754 2640 potentibus,
1793 2573 1849 2623 et
1895 2569 2211 2625 sacerdoti-

554 2660 692 2728 bus,
722 2663 899 2730 atque
931 2658 1158 2730 p0pulo
1189 2658 1374 2713 orbis.
1403 2659 1595 2723 Quare
1627 2659 1808 2713 etiam
1840 2673 1910 2714 ea
1957 2675 2092 2730 quae
2124 2675 2210 2714 se-

555 2751 827 2822 quuntur
881 2746 985 2816 ibi,
1027 2745 1396 2802 conﬁdenter
1459 2745 1788 2817 praedicare
1837 2746 2009 2812 licet;
2057 2763 2209 2802 nun-

554 2853 743 2910 quam
772 2836 992 2892 scilicet
1029 2835 1154 2892 fore
1185 2839 1247 2891 ut
1275 2836 1561 2892 adversus
1605 2852 1744 2892 eum
1780 2835 1978 2908 quivis
2023 2836 2208 2892 hostis

555 2925 896 2998 praevaleat,
929 2925 1072 2998 quia
1104 2925 1390 2980 Dominus
1421 2941 1557 2980 cum
1581 2925 1714 2996 ipso
1759 2931 1864 2981 est.
1916 2924 2057 2980 Huic
2099 2925 2208 2996 igi-

478 3045 480 3048 -
554 3019 650 3071 tur
675 3016 941 3072 maximo
971 3015 1318 3087 imperatori
1345 3019 1553 3070 nostro
1585 3015 1714 3088 (qui
1762 3014 1823 3070 in
1853 3031 1924 3070 eo
1967 3030 2210 3087 quoque

557 3103 1010 3160 similitudinem
1042 3119 1180 3158 cum
1203 3105 1322 3159 Deo
1353 3108 1568 3172 servat,
1591 3103 1756 3174 quod
1783 3102 1946 3158 aliud
1975 3103 2204 3159 nullum
2238 3129 2280 3186 α

555 3209 628 3250 ex
653 3195 884 3250 usitatis
908 3209 1129 3250 nomen
1176 3197 1280 3262 est,
1333 3193 1745 3265 praerogativis
1788 3194 1916 3262 ejus
1967 3193 2204 3263 mentis,

556 3283 763 3352 animi,
820 3298 1057 3349 manus,
1111 3285 1292 3353 atque
1357 3282 1690 3353 prudentiae
1729 3281 2208 3349 convenientiae)

555 3387 735 3428 nemo
767 3387 1016 3441 prorsus
1038 3371 1270 3427 debitas
1301 3371 1518 3427 referre
1549 3372 1770 3441 gratias
1797 3373 2033 3444 poterit.
2053 3377 2207 3427 Atta-

555 3475 696 3515 men
727 3460 931 3514 etliusis
987 3475 1060 3514 ex
1105 3461 1228 3515 imo
1271 3460 1450 3516 corde
1497 3460 1777 3532 precibus
1825 3461 2020 3516 cuncti
2069 3460 2208 3514 huic

555 3549 834 3603 favemus
861 3552 1041 3619 atque
1087 3547 1470 3618 plaudimus:
1519 3553 1576 3604 et
1616 3563 1754 3603 cum
1800 3565 1937 3618 rege
1985 3549 2206 3605 Davide

557 3637 854 3706 canimus,
879 3639 1064 3691 Ponat
1095 3639 1248 3692 Deus
1281 3637 1568 3692 thronum
1599 3639 1727 3708 ejus
1765 3639 1915 3694 sicut
1939 3637 2066 3694 dies
2093 3657 2208 3694 coe-

548 3724 611 3798 li,
648 3729 826 3796 atque
865 3725 928 3780 in
979 3726 1412 3796 sempiternum
1451 3731 1747 3798 praeparet
1793 3743 1998 3782 semen
2051 3728 2204 3799 ejus,

555 3829 890 3886 omnesque
919 3813 1118 3869 cordis
1141 3815 1268 3884 ejus
1292 3815 1602 3886 petitiones
1636 3815 2204 3886 compleat;cunctre

552 3907 758 3973 gentes
788 3903 1048 3958 serviant
1071 3904 1121 3958 ei
1148 3921 1158 3970 ;
1193 3907 1250 3958 et
1279 3903 1550 3972 ejusdem
1573 3903 1798 3958 fructus
1824 3921 2006 3974 supra
2041 3905 2204 3961 Liba-

549 4007 701 4050 num
765 3992 1073 4057 exaltetur,
1117 3997 1172 4047 et
1218 4008 1321 4048 rex
1372 4008 1690 4066 nunquam
1735 3993 2022 4065 appellari
2053 3993 2202 4050 desi-

547 4086 692 4137 nat:
728 4081 921 4138 donec
972 4098 1044 4137 ex
1105 4082 1220 4138 hoc
1269 4081 1544 4150 terrestri,
1596 4087 1732 4154 post
1789 4083 2004 4151 longos
2061 4083 2201 4139 solis

550 4169 876 4240 anfractus,
923 4173 1003 4228 ad
1050 4171 1283 4230 caeleste
1335 4172 1672 4229 immortale
1729 4187 1985 4242 regnum
2038 4189 2200 4230 com-

545 4257 782 4329 migret.

2325 1854 2414 1907 λου
2440 1857 2618 1914 πάντες
2644 1856 2948 1927 εὑρέθησαν,
2993 1853 3041 1905 ἐν
3089 1857 3249 1926 ταύτῃ
3298 1859 3540 1926 μείναντα
3591 1849 3922 1926 καρποδοτή-

2329 1963 2509 2010 σαντα,
2544 1947 2631 1996 καὶ
2655 1948 2742 1996 τὸν
2772 1946 2863 2004 τὰς
2889 1939 3202 2017 ὁρθοδόξους
3229 1939 3452 2015 καρδίας
3475 1941 3811 2017 εὐφραίνοντα
3831 1951 3922 2002 τῆς

2326 2033 2586 2095 εὐσεϐείας
2617 2030 2748 2085 οἶνον
2779 2033 3086 2104 πηγάζοντα
3105 2054 3116 2065 ·
3145 2039 3298 2085 τουτο
3329 2040 3427 2083 τῶν
3449 2030 3810 2104 προλαϐόντων
3827 2051 3920 2083 κα-

2323 2125 2667 2197 τορθωμάτων
2727 2118 2818 2174 τοῦ
2883 2123 3262 2194 αὐτοκράτορος
3299 2122 3514 2195 ἄριστον
3581 2119 3918 2194 ἀκροθίνιον·

2324 2220 2476 2264 τουτο
2541 2220 2641 2264 τῶν
2711 2210 3078 2286 ἀπαραμίλλων
3147 2210 3305 2262 αὐτοῦ
3362 2214 3622 2282 τροπαίων
3675 2209 3920 2280 μέλιστον

2325 2299 2730 2372 ἐγκαλλώπισμα
2755 2323 2765 2333 ·
2795 2308 2944 2352 τοῦτο
2969 2299 3250 2372 μελλόντων
3281 2299 3532 2370 μειζόνων
3559 2297 3921 2373 μεγαλουργη-

2323 2392 2497 2462 μάτων
2529 2388 2782 2461 ἐχέγγυον
2817 2411 2828 2422 ·
2865 2390 2998 2441 οὕτω
3029 2391 3154 2449 Θεὸς
3180 2392 3266 2440 τόν
3301 2387 3458 2440 αὐτοῦ
3490 2391 3724 2460 μιμητὴν
3757 2386 3920 2460 βασι-

2319 2479 2426 2550 λέα,
2461 2483 2593 2532 κατὰ
2617 2484 2704 2532 τόν
2733 2485 2894 2552 μέγαν
2923 2480 3170 2553 Ἰερεμίαν
3202 2478 3376 2544 εἰπεῖν,
3411 2481 3478 2538 ὡς
3517 2477 3662 2529 πόλιν
3713 2477 3920 2553 ὀχυρὰν

2322 2567 2369 2621 ἑν
2396 2574 2551 2621 παντὶ
2575 2577 2741 2642 καιρῷ
2771 2571 2966 2621 τέθεικε
2995 2590 3007 2601 ·
3043 2573 3130 2620 καὶ
3155 2570 3225 2630 ὡς
3258 2566 3440 2618 στῦλον
3471 2568 3640 2619 ἅπασι
3669 2573 3775 2626 τοῖς
3797 2585 3922 2641 κρα-

2319 2667 2471 2710 τοῦσι
2501 2667 2596 2721 τῆς
2623 2666 2739 2730 γῆς,
2773 2663 2863 2710 καὶ
2889 2665 2996 2720 τοῖς
3035 2659 3288 2730 ἄρχουσι,
3324 2660 3413 2707 καὶ
3455 2663 3558 2716 τοῖς
3607 2657 3803 2727 ἱερεῦσι
3829 2659 3918 2707 καὶ

2318 2755 2390 2818 τῷ
2419 2747 2524 2818 λαῷ
2555 2755 2645 2807 τῆς
2669 2755 2765 2820 γῆς
2795 2769 2807 2780 ·
2841 2750 2905 2807 ὡς
2953 2747 3176 2799 ἐντεῦθεν
3219 2744 3541 2819 θαρρούντως
3583 2749 3672 2796 καὶ
3702 2746 3766 2797 τὰ
3799 2744 3918 2807 ἑξῆς

2319 2835 2734 2910 ἀναφθέγγεσθαι
2767 2857 2780 2870 ·
2819 2836 2877 2888 οὐ
2901 2840 2970 2908 μὴ
3007 2832 3263 2888 δύνωνται
3291 2836 3418 2908 πρὸς
3449 2833 3602 2885 αὑτὸν
3647 2835 3835 2896 πάντες
3867 2835 3916 2886 οἱ

2319 2925 2658 2999 ἀντικείμενοι
2683 2947 2694 2959 ο
2731 2922 2871 2978 διότι
2901 2927 3088 2998 Κύριος
3117 2924 3228 2996 μετ’
3259 2923 3418 2976 αὑτοῦ
3440 2921 3601 2975 ἐστιν.
3625 2929 3816 2976 Τοῦτον
3839 2919 3906 2981 δὴ

2319 3019 2404 3067 τόν
2453 3020 2697 3088 μέγιστον
2744 3017 2885 3087 ἡμῶν
2931 3014 3292 3089 αὐτοκράτορα
3337 3016 3424 3065 τόν
3471 3010 3567 3064 κάν
3605 3015 3772 3083 τούτῳ
3817 3017 3912 3071 τὴν

2319 3107 2442 3178 πρὸς
2473 3109 2600 3158 Θεὸν
2633 3103 2898 3179 ἐμφέρειαν
2927 3105 3179 3174 σώζοντα,
3211 3104 3291 3156 ὃτι
3321 3098 3486 3174 μηδέν
3519 3101 3630 3154 ἐστι
3659 3107 3832 3154 κοινόν
3861 3121 3914 3154 τι

2318 3194 2810 3266 προσαρμοζόμενον
2841 3197 3001 3265 ὄνομα
3031 3193 3143 3262 (46)
3169 3199 3276 3252 τοῖς
3307 3192 3443 3242 κατὰ
3475 3197 3592 3242 νοῦν
3619 3195 3708 3242 καὶ
3721 3189 3912 3261 ψυχὴν

2317 3286 2408 3334 καὶ
2438 3289 2595 3356 χεῖρα
2624 3287 2714 3334 καὶ
2749 3285 2952 3335 σύνεσιν
2985 3281 3144 3334 αὐτοῦ
3183 3285 3594 3354 προτερήμασιν,
3628 3279 3780 3353 ἑτέρῳ
3824 3281 3914 3352 μὲν

2320 3367 2492 3423 οὐδενὶ
2521 3373 2721 3431 πάντως
2748 3370 3054 3444 ἀμείϐεσθαι
3083 3373 3256 3443 τρόπῳ
3287 3377 3386 3420 τῶν
3417 3389 3496 3431 τις
3540 3368 3777 3420 ἁπάντων
3811 3365 3917 3421 δυ-

2318 3465 2528 3518 νήσεται
2559 3481 2571 3494 ο
2606 3457 2786 3531 εὐχαῖς
2819 3456 2878 3512 δὲ
2911 3460 3199 3532 ξύμπαντες
3231 3454 3532 3530 ἑγκαρδίοις
3559 3462 3647 3510 καὶ
3689 3457 3917 3529 υτγγλι-

2317 3551 2526 3621 χόμεθα
2553 3555 2643 3601 καὶ
2673 3546 3082 3620 συνδεξιούμεθα
3105 3569 3117 3581 ·
3152 3549 3282 3619 μετά
3310 3552 3480 3600 τοίνυν
3523 3555 3614 3600 τοῦ
3656 3545 3918 3620 βασιλέως

2317 3635 2504 3707 Δαϐὶὸ,
2539 3643 2665 3696 Θείη
2701 3641 2908 3711 Κύριος,
2936 3634 3151 3710 ᾄδομεν,
3179 3639 3264 3689 τόν
3294 3638 3470 3710 θρόνον
3511 3637 3669 3688 αὐτοῦ
3718 3639 3790 3698 ὡς
3821 3639 3920 3698 τὰς

2315 3729 2512 3801 ἡμέρας
2541 3735 2630 3779 τοῦ
2661 3728 2879 3801 οὐρανοῦ
2911 3747 2923 3760 ·
2954 3732 3044 3779 καὶ
3071 3725 3140 3787 εἰς
3172 3725 3334 3778 αἰῶνα
3364 3727 3640 3798 ἑτοιμάσαι
3661 3729 3718 3777 τό
3755 3730 3918 3797 σπέρ-

2314 3837 2391 3889 μα
2420 3817 2576 3869 αυτοῦ
2607 3838 2619 3850 ·
2651 3822 2738 3869 καὶ
2763 3816 3040 3890 πληρῶσαι
3065 3819 3236 3868 πάντα
3265 3818 3330 3867 τὰ
3357 3824 3453 3877 τῆς
3492 3815 3650 3867 αὐτοῦ
3681 3813 3917 3887 καρδίας

2315 3907 2578 3979 αἰτήματα
2603 3927 2613 3939 ·
2647 3910 2736 3957 καὶ
2768 3907 2937 3958 πάντα
2965 3908 3029 3957 τὰ
3056 3907 3170 3962 ἔθνη
3206 3901 3584 3957 δουλεύσουσιν
3606 3904 3744 3974 αὐτῷ
3773 3926 3786 3937 ·
3817 3908 3912 3956 καὶ

2313 3997 2338 4048 ό
2369 3999 2564 4068 καρπὸς
2597 3995 2755 4046 αὑτοῦ
2781 3995 3089 4069 ὑπεραρθείη
3123 3995 3248 4068 ὑπὲρ
3275 3997 3361 4045 τὸν
3380 3991 3600 4046 Λίϐανον
3621 4013 3633 4026 ·
3657 3997 3746 4046 καὶ
3767 3993 3915 4053 τέλος

2309 4095 2403 4146 τῆς
2432 4083 2716 4158 βασιλικῆς
2747 4087 3112 4158 προσωνυμίας
3137 4085 3302 4153 τούτῳ
3348 4086 3418 4154 μὴ
3447 4087 3646 4153 γένοιτο
3681 4103 3694 4114 ·
3726 4080 3782 4133 ἐκ
3817 4089 3912 4140 τῆς

2310 4174 2534 4246 ἐπιγείου
2565 4177 2753 4234 ταύτης
2784 4175 2915 4244 μετά
2943 4176 3177 4246 μακροὺς
3205 4171 3352 4230 ἡλίου
3383 4171 3624 4239 κύκλους,
3671 4171 3750 4224 ἐπὶ
3811 4175 3911 4230 τὴν

2309 4265 2356 4319 ἐν
2387 4265 2622 4338 οὐρανοις
2646 4262 2962 4316 ἀκατάλυτον
2992 4262 3264 4337 βασιλείαν
3289 4267 3754 4336 μεταχωρήσαντι.

1568 4436 1917 4508 Sequuntur
1952 4442 2414 4513 subscriptiones
2447 4441 2864 4512 autographae.

609 4611 861 4668 Humilis
903 4611 1240 4668 monachus
1291 4613 1478 4668 Lucas
1528 4611 1910 4672 miseratione
1955 4618 2054 4674 Dei
2102 4633 2190 4674 ar-
2224 4617 2272 4673 D

537 4701 954 4774 chiepiscopus
987 4701 1588 4774 Constantinopoleos
1618 4718 1789 4758 novae
1822 4707 2043 4762 Romae.

605 4791 858 4848 Humilis
913 4791 1407 4863 archiepiscopus
1461 4792 1862 4864 metropoleos
1905 4799 2188 4855 Cmsareae

534 4881 936 4954 Cappadociae
967 4877 1324 4952 Stephanus.

603 4971 1003 5026 Sanctissimae
1034 4968 1434 5041 metropoleos
1461 4969 1672 5042 Ephesi
1697 4972 2183 5048 archiepiscopus

525 5055 772 5112 humilis
795 5059 977 5114 Nilus.
1423 5075 1426 5082 '

599 5146 848 5202 Humilis
876 5147 1260 5220 metropolita
1289 5147 1579 5204 Heracleae
1611 5149 1875 5206 Michael.

593 5235 850 5292 Humilis
882 5238 1265 5310 metropolita
1299 5241 1470 5296 Cizici
1502 5241 1768 5296 Basilius.

593 5325 842 5380 Humilis
875 5328 1258 5401 metrOpolita
1282 5329 1642 5386 Nicomediae
1671 5329 1932 5387 Michael.

591 5414 844 5472 Humilis
869 5418 1180 5490 metropoli
1194 5425 1248 5476 ta
1277 5419 1485 5476 Nicaeus
1513 5421 1820 5490 Georgius.

2367 4618 2425 4671 '0
2451 4621 2683 4680 ταπεινὸς
2711 4619 2947 4690 μόναχὸς
2973 4622 3174 4678 Λουκᾶς
3189 4620 3278 4670 καὶ
3305 4615 3423 4688 ἐλέῳ
3447 4624 3580 4670 Θεοῦ
3613 4615 3908 4692 ἀρχιεπίσ-

2295 4728 2451 4770 κοπος
2481 4707 3066 4769 Κωνσταντινουπόλεως
3097 4711 3212 4768 νέας
3241 4706 3460 4779 Ῥώμης.

2365 4799 2422 4850 Ὁ
2455 4797 2660 4860 εὐτελὴς
2686 4797 3101 4870 ἀρχιεπίσκοπος
3147 4805 3208 4855 τῆ
3221 4817 3241 4859 ς
3283 4795 3644 4872 μητροπόλεως
3687 4801 3905 4850 Καισα-

2289 4891 2433 4962 ρείας
2465 4883 2847 4949 Καππαδοκίας
2876 4890 3136 4958 Στέφανος.
3197 4887 3200 4890 ⁴

2359 4977 2417 5029 '0
2447 4985 2543 5037 τῆς
2575 4976 2866 5047 ἁγιωτάτης
2893 4975 3254 5050 μητροπόλεως
3295 4975 3510 5047 Ἐφέσου
3537 4976 3903 5050 ἀρχιεπίσκο-

2285 5086 2376 5127 πος
2398 5070 2631 5126 ταπεινός
2659 5065 2780 5118 Νἵλο
2792 5087 2830 5128 ς.

2353 5155 2411 5208 '0
2442 5155 2641 5216 εὐτελὴς
2670 5154 3058 5228 μητροπολίτης
3081 5153 3384 5229 Ἡρακλείας
3421 5152 3663 5226 Μιχαὴλ.

2351 5243 2409 5296 '0
2441 5244 2643 5305 εὐτελὴς
2663 5243 3041 5319 μητροπολίτης
3075 5244 3307 5304 Κυζίκου
3340 5243 3626 5316 βασίλειος.

2349 5333 2408 5385 '0
2439 5333 2641 5394 εὐτελὴς
2669 5332 3054 5408 μητροπολίτης
3083 5339 3130 5386 Ν
3135 5329 3443 5404 ικομηδείας
3468 5330 3702 5404 Μιχαὴλ.

2349 5422 2406 5474 '0
2439 5421 2647 5486 εὐτελὴς
2672 5423 3055 5498 μητροπολίτης
3085 5426 3312 5484 Νικαίας
3341 5427 3614 5494 Γεώργιος.

586 5595 700 5668 (46)
727 5594 1086 5656 Emmanuel
1117 5595 1452 5669 signiﬁcare
1477 5599 1640 5657 Deus
1667 5598 1973 5657 nobiscum
2003 5613 2184 5658 nemo
2211 5599 2474 5672 ignorat.
