  <div class='ocr_page' id='page_1' title='image "/cluster/home/n/w/nwhite01/storage/ocr_20150623/140/mdp.39015022213980/149.png"; bbox 0 0 4126 6272; ppageno 0'>
   <div class='ocr_carea' id='block_1_1' title="bbox 488 323 3842 392">
    <p class='ocr_par' dir='ltr' id='par_1_1' title="bbox 488 323 3842 392">
     <span class='ocr_line' id='line_1_1' title="bbox 488 323 3842 392; baseline 0.002 -13"><span class='ocrx_word' id='word_1_1' title='bbox 488 325 596 392; x_wconf 74' lang='lat'>233</span> <span class='ocrx_word' id='word_1_2' title='bbox 1763 323 2039 382; x_wconf 77' lang='lat' dir='ltr'>CODI&#39;CIS</span> <span class='ocrx_word' id='word_1_3' title='bbox 2075 323 2356 384; x_wconf 78' lang='lat' dir='ltr'>IEDICEI</span> <span class='ocrx_word' id='word_1_4' title='bbox 2396 324 2574 382; x_wconf 81' lang='lat' dir='ltr'>xxw.</span> <span class='ocrx_word' id='word_1_5' title='bbox 3731 331 3842 385; x_wconf 68' lang='grc' dir='ltr'>εει</span> 
     </span>
    </p>
   </div>
   <div class='ocr_carea' id='block_1_2' title="bbox 487 448 2116 526">
    <p class='ocr_par' dir='ltr' id='par_1_2' title="bbox 487 448 2116 521">
     <span class='ocr_line' id='line_1_2' title="bbox 487 448 2116 521; baseline 0 -15"><span class='ocrx_word' id='word_1_6' title='bbox 487 448 948 508; x_wconf 77' lang='lat' dir='ltr'><strong>Manichaeorum</strong></span> <span class='ocrx_word' id='word_1_7' title='bbox 971 448 1252 512; x_wconf 79' lang='lat' dir='ltr'>haeresim</span> <span class='ocrx_word' id='word_1_8' title='bbox 1277 449 1612 521; x_wconf 83' lang='lat' dir='ltr'><strong>amplexus,</strong></span> <span class='ocrx_word' id='word_1_9' title='bbox 1625 464 1864 506; x_wconf 87' lang='lat' dir='ltr'><strong>crucem</strong></span> <span class='ocrx_word' id='word_1_10' title='bbox 1883 463 2116 506; x_wconf 83' lang='lat' dir='ltr'><strong>venera-</strong></span> 
     </span>
    </p>
   </div>
   <div class='ocr_carea' id='block_1_3' title="bbox 2209 448 3838 526">
    <p class='ocr_par' dir='ltr' id='par_1_3' title="bbox 2209 451 3838 526">
     <span class='ocr_line' id='line_1_3' title="bbox 2209 451 3838 526; baseline 0.001 -23"><span class='ocrx_word' id='word_1_11' title='bbox 2209 451 2421 518; x_wconf 79' lang='grc' dir='ltr'>.Λίζιξ,</span> <span class='ocrx_word' id='word_1_12' title='bbox 2462 451 2533 518; x_wconf 86' lang='grc' dir='ltr'>ὃς,</span> <span class='ocrx_word' id='word_1_13' title='bbox 2578 452 2644 503; x_wconf 83' lang='grc' dir='ltr'>τὰ</span> <span class='ocrx_word' id='word_1_14' title='bbox 2679 455 2993 523; x_wconf 84' lang='grc' dir='ltr'>Μανιχαίων</span> <span class='ocrx_word' id='word_1_15' title='bbox 3021 457 3304 525; x_wconf 77' lang='grc' dir='ltr'>φρονήσας,</span> <span class='ocrx_word' id='word_1_16' title='bbox 3353 455 3440 504; x_wconf 86' lang='grc' dir='ltr'>τὸν</span> <span class='ocrx_word' id='word_1_17' title='bbox 3477 457 3838 526; x_wconf 80' lang='grc' dir='ltr'>προσκυνητὸν</span> 
     </span>
    </p>
   </div>
   <div class='ocr_carea' id='block_1_4' title="bbox 488 537 2117 614">
    <p class='ocr_par' dir='ltr' id='par_1_4' title="bbox 488 537 2110 605">
     <span class='ocr_line' id='line_1_4' title="bbox 488 537 2110 605; baseline 0 -11"><span class='ocrx_word' id='word_1_18' title='bbox 488 537 670 594; x_wconf 85' lang='lat' dir='ltr'>bilem</span> <span class='ocrx_word' id='word_1_19' title='bbox 704 537 1014 594; x_wconf 76' lang='lat' dir='ltr'>stultitiam</span> <span class='ocrx_word' id='word_1_20' title='bbox 1045 539 1370 596; x_wconf 83' lang='lat' dir='ltr'>arbitratus</span> <span class='ocrx_word' id='word_1_21' title='bbox 1409 543 1500 594; x_wconf 86' lang='lat' dir='ltr'>est</span> <span class='ocrx_word' id='word_1_22' title='bbox 1531 554 1684 605; x_wconf 88' lang='lat' dir='ltr'><strong>esse,</strong></span> <span class='ocrx_word' id='word_1_23' title='bbox 1717 539 1906 594; x_wconf 90' lang='lat' dir='ltr'><strong>Deum</strong></span> <span class='ocrx_word' id='word_1_24' title='bbox 1941 545 1996 594; x_wconf 89' lang='lat' dir='ltr'>et</span> <span class='ocrx_word' id='word_1_25' title='bbox 2027 541 2110 596; x_wconf 88' lang='lat' dir='ltr'><strong>Do</strong></span> 
     </span>
    </p>
   </div>
   <div class='ocr_carea' id='block_1_5' title="bbox 2208 537 3837 614">
    <p class='ocr_par' dir='ltr' id='par_1_5' title="bbox 2247 541 3837 614">
     <span class='ocr_line' id='line_1_5' title="bbox 2247 541 3837 614; baseline 0.001 -23"><span class='ocrx_word' id='word_1_26' title='bbox 2247 541 2469 612; x_wconf 82' lang='grc' dir='ltr'>σταυρὸν</span> <span class='ocrx_word' id='word_1_27' title='bbox 2509 559 2708 614; x_wconf 83' lang='grc' dir='ltr'>μωριαν</span> <span class='ocrx_word' id='word_1_28' title='bbox 2737 541 2934 610; x_wconf 77' lang='grc' dir='ltr'>ἠγετὶο,</span> <span class='ocrx_word' id='word_1_29' title='bbox 2959 546 3048 593; x_wconf 85' lang='grc' dir='ltr'>καὶ</span> <span class='ocrx_word' id='word_1_30' title='bbox 3081 545 3168 592; x_wconf 88' lang='grc' dir='ltr'>τὸν</span> <span class='ocrx_word' id='word_1_31' title='bbox 3196 544 3385 614; x_wconf 78' lang='grc' dir='ltr'>Κύριον</span> <span class='ocrx_word' id='word_1_32' title='bbox 3413 546 3504 593; x_wconf 83' lang='grc' dir='ltr'>καὶ</span> <span class='ocrx_word' id='word_1_33' title='bbox 3533 545 3661 594; x_wconf 80' lang='grc' dir='ltr'>Θεὸν</span> <span class='ocrx_word' id='word_1_34' title='bbox 3692 543 3720 599; x_wconf 76' lang='grc' dir='ltr'>η</span> <span class='ocrx_word' id='word_1_35' title='bbox 3729 550 3837 613; x_wconf 86' lang='grc' dir='ltr'>μῶν</span> 
     </span>
    </p>
   </div>
   <div class='ocr_carea' id='block_1_6' title="bbox 490 627 2119 701">
    <p class='ocr_par' dir='ltr' id='par_1_6' title="bbox 490 628 2116 686">
     <span class='ocr_line' id='line_1_6' title="bbox 490 628 2116 686; baseline 0.001 -3"><span class='ocrx_word' id='word_1_36' title='bbox 490 628 725 686; x_wconf 85' lang='lat' dir='ltr'><strong>minum</strong></span> <span class='ocrx_word' id='word_1_37' title='bbox 746 634 1018 686; x_wconf 86' lang='lat' dir='ltr'><strong>nostrum</strong></span> <span class='ocrx_word' id='word_1_38' title='bbox 1045 631 1250 686; x_wconf 87' lang='lat' dir='ltr'><strong>Jesum</strong></span> <span class='ocrx_word' id='word_1_39' title='bbox 1273 629 1568 684; x_wconf 86' lang='lat' dir='ltr'>Christum</span> <span class='ocrx_word' id='word_1_40' title='bbox 1587 633 1923 686; x_wconf 82' lang='lat' dir='ltr'>creaturam</span> <span class='ocrx_word' id='word_1_41' title='bbox 1949 629 2116 685; x_wconf 89' lang='lat' dir='ltr'><strong>nomi</strong></span> 
     </span>
    </p>
   </div>
   <div class='ocr_carea' id='block_1_7' title="bbox 2210 627 3839 701">
    <p class='ocr_par' dir='ltr' id='par_1_7' title="bbox 2243 627 3839 701">
     <span class='ocr_line' id='line_1_7' title="bbox 2243 627 3839 701; baseline 0.001 -21"><span class='ocrx_word' id='word_1_42' title='bbox 2243 627 2450 686; x_wconf 81' lang='grc' dir='ltr'>Ἰησοῦν</span> <span class='ocrx_word' id='word_1_43' title='bbox 2481 631 2710 700; x_wconf 78' lang='grc' dir='ltr'>Χριστὸν</span> <span class='ocrx_word' id='word_1_44' title='bbox 2741 627 3005 700; x_wconf 78' lang='grc' dir='ltr'>ὀνομάζων</span> <span class='ocrx_word' id='word_1_45' title='bbox 3034 634 3253 701; x_wconf 82' lang='grc' dir='ltr'>κτίσμα,</span> <span class='ocrx_word' id='word_1_46' title='bbox 3285 635 3380 688; x_wconf 78' lang='grc' dir='ltr'>τὴν</span> <span class='ocrx_word' id='word_1_47' title='bbox 3399 633 3657 701; x_wconf 81' lang='grc' dir='ltr'>πάναγνον</span> <span class='ocrx_word' id='word_1_48' title='bbox 3677 630 3839 682; x_wconf 75' lang='grc' dir='ltr'>αὑτοῦ</span> 
     </span>
    </p>
   </div>
   <div class='ocr_carea' id='block_1_8' title="bbox 488 715 2117 791">
    <p class='ocr_par' dir='ltr' id='par_1_8' title="bbox 488 718 2117 790">
     <span class='ocr_line' id='line_1_8' title="bbox 488 718 2117 790; baseline -0.01 -4"><span class='ocrx_word' id='word_1_49' title='bbox 488 728 698 786; x_wconf 89' lang='lat' dir='ltr'><strong>nando</strong></span> <span class='ocrx_word' id='word_1_50' title='bbox 723 721 1222 782; x_wconf 86' lang='lat' dir='ltr'><strong>etsanctissimam</strong></span> <span class='ocrx_word' id='word_1_51' title='bbox 1248 719 1378 790; x_wconf 86' lang='lat' dir='ltr'>ejus</span> <span class='ocrx_word' id='word_1_52' title='bbox 1397 723 1650 774; x_wconf 82' lang='lat' dir='ltr'>matrem</span> <span class='ocrx_word' id='word_1_53' title='bbox 1670 718 1986 789; x_wconf 90' lang='lat' dir='ltr'><strong>Deiparam</strong></span> <span class='ocrx_word' id='word_1_54' title='bbox 2005 733 2117 773; x_wconf 65' lang='lat' dir='ltr'><strong>esse</strong></span> 
     </span>
    </p>
   </div>
   <div class='ocr_carea' id='block_1_9' title="bbox 2210 715 3839 791">
    <p class='ocr_par' dir='ltr' id='par_1_9' title="bbox 2243 715 3839 791">
     <span class='ocr_line' id='line_1_9' title="bbox 2243 715 3839 791; baseline 0.001 -24"><span class='ocrx_word' id='word_1_55' title='bbox 2243 721 2445 790; x_wconf 84' lang='grc' dir='ltr'>μητέρα</span> <span class='ocrx_word' id='word_1_56' title='bbox 2497 721 2748 769; x_wconf 79' lang='grc' dir='ltr'>Θεοτόκον</span> <span class='ocrx_word' id='word_1_57' title='bbox 2805 717 2900 769; x_wconf 79' lang='grc' dir='ltr'>οῦκ</span> <span class='ocrx_word' id='word_1_58' title='bbox 2955 715 3110 788; x_wconf 82' lang='grc' dir='ltr'>ἕλέγε’</span> <span class='ocrx_word' id='word_1_59' title='bbox 3169 717 3318 789; x_wconf 71' lang='grc' dir='ltr'>ἐγέλα</span> <span class='ocrx_word' id='word_1_60' title='bbox 3357 715 3418 770; x_wconf 69' lang='grc' dir='ltr'>δὲ</span> <span class='ocrx_word' id='word_1_61' title='bbox 3473 723 3604 791; x_wconf 86' lang='grc' dir='ltr'>πρός</span> <span class='ocrx_word' id='word_1_62' title='bbox 3643 721 3839 779; x_wconf 76' lang='grc' dir='ltr'>τούτοις</span> 
     </span>
    </p>
   </div>
   <div class='ocr_carea' id='block_1_10' title="bbox 489 806 2118 887">
    <p class='ocr_par' dir='ltr' id='par_1_10' title="bbox 489 806 2112 887">
     <span class='ocr_line' id='line_1_10' title="bbox 489 806 2112 887; baseline -0.008 -12"><span class='ocrx_word' id='word_1_63' title='bbox 489 815 794 887; x_wconf 86' lang='lat' dir='ltr'><strong>negando.</strong></span> <span class='ocrx_word' id='word_1_64' title='bbox 831 811 995 868; x_wconf 86' lang='lat' dir='ltr'>Idem</span> <span class='ocrx_word' id='word_1_65' title='bbox 1027 807 1454 880; x_wconf 79' lang='lat' dir='ltr'><strong>mysteriorum</strong></span> <span class='ocrx_word' id='word_1_66' title='bbox 1500 806 1949 864; x_wconf 86' lang='lat' dir='ltr'><strong>tremendorum</strong></span> <span class='ocrx_word' id='word_1_67' title='bbox 1977 822 2112 862; x_wconf 90' lang='lat' dir='ltr'>com</span> 
     </span>
    </p>
   </div>
   <div class='ocr_carea' id='block_1_11' title="bbox 2205 806 3834 887">
    <p class='ocr_par' dir='ltr' id='par_1_11' title="bbox 2243 807 3834 882">
     <span class='ocr_line' id='line_1_11' title="bbox 2243 807 3834 882; baseline 0.001 -25"><span class='ocrx_word' id='word_1_68' title='bbox 2243 811 2333 858; x_wconf 89' lang='grc' dir='ltr'>καί</span> <span class='ocrx_word' id='word_1_69' title='bbox 2359 810 2453 863; x_wconf 81' lang='grc' dir='ltr'>τήν</span> <span class='ocrx_word' id='word_1_70' title='bbox 2491 814 2590 858; x_wconf 83' lang='grc' dir='ltr'>τῶν</span> <span class='ocrx_word' id='word_1_71' title='bbox 2631 815 2854 880; x_wconf 71' lang='grc' dir='ltr'>φρικτῶν</span> <span class='ocrx_word' id='word_1_72' title='bbox 2893 811 2982 858; x_wconf 89' lang='grc' dir='ltr'>καί</span> <span class='ocrx_word' id='word_1_73' title='bbox 3013 809 3160 860; x_wconf 77' lang='grc' dir='ltr'>θείων</span> <span class='ocrx_word' id='word_1_74' title='bbox 3186 813 3491 880; x_wconf 76' lang='grc' dir='ltr'>μυστηρίων</span> <span class='ocrx_word' id='word_1_75' title='bbox 3530 807 3834 882; x_wconf 74' lang='grc' dir='ltr'>ρετάληψιν,</span> 
     </span>
    </p>
   </div>
   <div class='ocr_carea' id='block_1_12' title="bbox 490 891 2119 964">
    <p class='ocr_par' dir='ltr' id='par_1_12' title="bbox 490 894 2119 964">
     <span class='ocr_line' id='line_1_12' title="bbox 490 894 2119 964; baseline -0.008 -2"><span class='ocrx_word' id='word_1_76' title='bbox 490 904 842 962; x_wconf 89' lang='lat' dir='ltr'><strong>munionem</strong></span> <span class='ocrx_word' id='word_1_77' title='bbox 873 899 1072 964; x_wconf 80' lang='lat' dir='ltr'>irrisit,</span> <span class='ocrx_word' id='word_1_78' title='bbox 1105 901 1163 952; x_wconf 92' lang='lat' dir='ltr'>et</span> <span class='ocrx_word' id='word_1_79' title='bbox 1205 911 1344 952; x_wconf 85' lang='lat' dir='ltr'>cum</span> <span class='ocrx_word' id='word_1_80' title='bbox 1378 894 1640 950; x_wconf 89' lang='lat' dir='ltr'><strong>asseclas</strong></span> <span class='ocrx_word' id='word_1_81' title='bbox 1665 895 1987 950; x_wconf 86' lang='lat' dir='ltr'><strong>invenisset</strong></span> <span class='ocrx_word' id='word_1_82' title='bbox 2014 909 2119 950; x_wconf 77' lang='lat' dir='ltr'>nor</span> 
     </span>
    </p>
   </div>
   <div class='ocr_carea' id='block_1_13' title="bbox 2211 891 3840 964">
    <p class='ocr_par' dir='ltr' id='par_1_13' title="bbox 2245 891 3840 964">
     <span class='ocr_line' id='line_1_13' title="bbox 2245 891 3840 964; baseline 0.001 -17"><span class='ocrx_word' id='word_1_83' title='bbox 2245 894 2452 947; x_wconf 82' lang='grc' dir='ltr'>Πολλῶν</span> <span class='ocrx_word' id='word_1_84' title='bbox 2485 891 2544 947; x_wconf 75' lang='grc' dir='ltr'>δὲ</span> <span class='ocrx_word' id='word_1_85' title='bbox 2577 895 2716 964; x_wconf 80' lang='grc' dir='ltr'>αὐτῷ</span> <span class='ocrx_word' id='word_1_86' title='bbox 2745 900 2836 947; x_wconf 89' lang='grc' dir='ltr'>καί</span> <span class='ocrx_word' id='word_1_87' title='bbox 2877 893 3042 948; x_wconf 81' lang='grc' dir='ltr'>ἄλλων</span> <span class='ocrx_word' id='word_1_88' title='bbox 3089 894 3572 963; x_wconf 76' lang='grc' dir='ltr'>ἀκολουθησάντων,</span> <span class='ocrx_word' id='word_1_89' title='bbox 3613 897 3840 948; x_wconf 75' lang='grc' dir='ltr'>ἒντεῦθεν</span> 
     </span>
    </p>
   </div>
   <div class='ocr_carea' id='block_1_14' title="bbox 489 981 2118 1066">
    <p class='ocr_par' dir='ltr' id='par_1_14' title="bbox 489 981 2118 1066">
     <span class='ocr_line' id='line_1_14' title="bbox 489 981 2118 1066; baseline -0.008 -16"><span class='ocrx_word' id='word_1_90' title='bbox 489 1007 738 1066; x_wconf 88' lang='lat' dir='ltr'><strong>paucos,</strong></span> <span class='ocrx_word' id='word_1_91' title='bbox 773 988 1166 1044; x_wconf 88' lang='lat' dir='ltr'><strong>Lizicinorum</strong></span> <span class='ocrx_word' id='word_1_92' title='bbox 1195 987 1358 1040; x_wconf 88' lang='lat' dir='ltr'><strong>secta</strong></span> <span class='ocrx_word' id='word_1_93' title='bbox 1403 983 1693 1052; x_wconf 82' lang='lat' dir='ltr'><strong>originem</strong></span> <span class='ocrx_word' id='word_1_94' title='bbox 1735 981 1875 1039; x_wconf 89' lang='lat' dir='ltr'><strong>inde</strong></span> <span class='ocrx_word' id='word_1_95' title='bbox 1931 983 2118 1039; x_wconf 83' lang='lat' dir='ltr'><strong>traxit.</strong></span> 
     </span>
    </p>
   </div>
   <div class='ocr_carea' id='block_1_15' title="bbox 2210 981 3839 1066">
    <p class='ocr_par' dir='ltr' id='par_1_15' title="bbox 2243 983 3839 1060">
     <span class='ocr_line' id='line_1_15' title="bbox 2243 983 3839 1060; baseline 0.001 -25"><span class='ocrx_word' id='word_1_96' title='bbox 2243 986 2273 1041; x_wconf 80' lang='grc' dir='ltr'>ἡ</span> <span class='ocrx_word' id='word_1_97' title='bbox 2303 991 2400 1035; x_wconf 78' lang='grc' dir='ltr'>τῶν</span> <span class='ocrx_word' id='word_1_98' title='bbox 2442 983 2720 1055; x_wconf 80' lang='grc' dir='ltr'>λεγομένων</span> <span class='ocrx_word' id='word_1_99' title='bbox 2773 985 3092 1044; x_wconf 80' lang='grc' dir='ltr'>Λιζικιανών</span> <span class='ocrx_word' id='word_1_100' title='bbox 3117 987 3312 1060; x_wconf 75' lang='grc' dir='ltr'>αἵρεσις</span> <span class='ocrx_word' id='word_1_101' title='bbox 3361 989 3603 1043; x_wconf 84' lang='grc' dir='ltr'>συνέστη.</span> <span class='ocrx_word' id='word_1_102' title='bbox 3647 991 3839 1038; x_wconf 81' lang='grc' dir='ltr'>Τοῦτον</span> 
     </span>
    </p>
   </div>
   <div class='ocr_carea' id='block_1_16' title="bbox 491 1069 2120 1146">
    <p class='ocr_par' dir='ltr' id='par_1_16' title="bbox 491 1070 2116 1138">
     <span class='ocr_line' id='line_1_16' title="bbox 491 1070 2116 1138; baseline -0.007 0"><span class='ocrx_word' id='word_1_103' title='bbox 491 1085 659 1138; x_wconf 89' lang='lat' dir='ltr'><strong>Hunc</strong></span> <span class='ocrx_word' id='word_1_104' title='bbox 682 1079 878 1136; x_wconf 89' lang='lat' dir='ltr'><strong>virum</strong></span> <span class='ocrx_word' id='word_1_105' title='bbox 908 1081 1152 1134; x_wconf 86' lang='lat' dir='ltr'><strong>sanctus</strong></span> <span class='ocrx_word' id='word_1_106' title='bbox 1181 1073 1510 1132; x_wconf 79' lang='lat' dir='ltr'><strong>Methodius</strong></span> <span class='ocrx_word' id='word_1_107' title='bbox 1539 1072 1617 1128; x_wconf 91' lang='lat' dir='ltr'>ad</span> <span class='ocrx_word' id='word_1_108' title='bbox 1644 1070 1828 1128; x_wconf 80' lang='lat' dir='ltr'><strong>fidem</strong></span> <span class='ocrx_word' id='word_1_109' title='bbox 1857 1071 2116 1128; x_wconf 88' lang='lat' dir='ltr'><strong>orthodo</strong></span> 
     </span>
    </p>
   </div>
   <div class='ocr_carea' id='block_1_17' title="bbox 2209 1069 3838 1146">
    <p class='ocr_par' dir='ltr' id='par_1_17' title="bbox 2242 1069 3838 1146">
     <span class='ocr_line' id='line_1_17' title="bbox 2242 1069 3838 1146; baseline -0.001 -22"><span class='ocrx_word' id='word_1_110' title='bbox 2242 1077 2407 1124; x_wconf 89' lang='grc' dir='ltr'>τοίνυν</span> <span class='ocrx_word' id='word_1_111' title='bbox 2437 1073 2462 1124; x_wconf 86' lang='lat'>0</span> <span class='ocrx_word' id='word_1_112' title='bbox 2505 1073 2651 1143; x_wconf 79' lang='grc' dir='ltr'>ἅγιος</span> <span class='ocrx_word' id='word_1_113' title='bbox 2701 1069 2958 1133; x_wconf 84' lang='grc' dir='ltr'>Μεθὸδιος</span> <span class='ocrx_word' id='word_1_114' title='bbox 2994 1077 3181 1134; x_wconf 79' lang='grc' dir='ltr'>πείσας</span> <span class='ocrx_word' id='word_1_115' title='bbox 3219 1076 3537 1146; x_wconf 80' lang='grc' dir='ltr'>μεταθέσθαι</span> <span class='ocrx_word' id='word_1_116' title='bbox 3577 1076 3705 1146; x_wconf 84' lang='grc' dir='ltr'>πρὸς</span> <span class='ocrx_word' id='word_1_117' title='bbox 3746 1074 3838 1131; x_wconf 75' lang='grc' dir='ltr'>τήν</span> 
     </span>
    </p>
   </div>
   <div class='ocr_carea' id='block_1_18' title="bbox 491 1158 2120 1234">
    <p class='ocr_par' dir='ltr' id='par_1_18' title="bbox 491 1161 2120 1233">
     <span class='ocr_line' id='line_1_18' title="bbox 491 1161 2120 1233; baseline -0.007 -6"><span class='ocrx_word' id='word_1_118' title='bbox 491 1187 630 1227; x_wconf 84' lang='lat' dir='ltr'><strong>xam</strong></span> <span class='ocrx_word' id='word_1_119' title='bbox 661 1185 800 1225; x_wconf 91' lang='lat' dir='ltr'>cum</span> <span class='ocrx_word' id='word_1_120' title='bbox 824 1165 1185 1232; x_wconf 80' lang='lat' dir='ltr'><strong>reduxisset,</strong></span> <span class='ocrx_word' id='word_1_121' title='bbox 1217 1163 1280 1220; x_wconf 93' lang='lat' dir='ltr'><strong>id</strong></span> <span class='ocrx_word' id='word_1_122' title='bbox 1307 1162 1500 1218; x_wconf 81' lang='lat' dir='ltr'><strong>effecit</strong></span> <span class='ocrx_word' id='word_1_123' title='bbox 1523 1167 1586 1218; x_wconf 88' lang='lat' dir='ltr'>ut</span> <span class='ocrx_word' id='word_1_124' title='bbox 1613 1161 1712 1218; x_wconf 86' lang='lat' dir='ltr'><strong>alii</strong></span> <span class='ocrx_word' id='word_1_125' title='bbox 1737 1177 1980 1233; x_wconf 90' lang='lat' dir='ltr'><strong>quoque</strong></span> <span class='ocrx_word' id='word_1_126' title='bbox 2005 1161 2120 1232; x_wconf 75' lang='lat' dir='ltr'><strong>ejus</strong></span> 
     </span>
    </p>
   </div>
   <div class='ocr_carea' id='block_1_19' title="bbox 2214 1158 3843 1234">
    <p class='ocr_par' dir='ltr' id='par_1_19' title="bbox 2244 1158 3843 1234">
     <span class='ocr_line' id='line_1_19' title="bbox 2244 1158 3843 1234; baseline 0.001 -22"><span class='ocrx_word' id='word_1_127' title='bbox 2244 1158 2521 1234; x_wconf 85' lang='grc' dir='ltr'>ὁρθόδοξον</span> <span class='ocrx_word' id='word_1_128' title='bbox 2575 1166 2771 1228; x_wconf 86' lang='grc' dir='ltr'>πίστιν,</span> <span class='ocrx_word' id='word_1_129' title='bbox 2821 1166 3090 1214; x_wconf 74' lang='grc' dir='ltr'>συνέπεισε</span> <span class='ocrx_word' id='word_1_130' title='bbox 3139 1159 3196 1214; x_wconf 85' lang='grc' dir='ltr'><em>δί</em></span> <span class='ocrx_word' id='word_1_131' title='bbox 3243 1169 3404 1215; x_wconf 89' lang='grc' dir='ltr'>αυτοῦ</span> <span class='ocrx_word' id='word_1_132' title='bbox 3451 1182 3542 1214; x_wconf 89' lang='grc' dir='ltr'>και</span> <span class='ocrx_word' id='word_1_133' title='bbox 3589 1165 3712 1224; x_wconf 85' lang='grc' dir='ltr'>τοὺς</span> <span class='ocrx_word' id='word_1_134' title='bbox 3755 1161 3843 1213; x_wconf 85' lang='grc' dir='ltr'>αλ-</span> 
     </span>
    </p>
   </div>
   <div class='ocr_carea' id='block_1_20' title="bbox 491 1249 2120 1332">
    <p class='ocr_par' dir='ltr' id='par_1_20' title="bbox 491 1251 2120 1332">
     <span class='ocr_line' id='line_1_20' title="bbox 491 1251 2120 1332; baseline -0.007 -16"><span class='ocrx_word' id='word_1_135' title='bbox 491 1259 839 1332; x_wconf 82' lang='lat' dir='ltr'><strong>exemplum</strong></span> <span class='ocrx_word' id='word_1_136' title='bbox 871 1259 1277 1328; x_wconf 86' lang='lat' dir='ltr'><strong>sequerentur.</strong></span> <span class='ocrx_word' id='word_1_137' title='bbox 1313 1255 1426 1308; x_wconf 87' lang='lat' dir='ltr'><strong>Hos</strong></span> <span class='ocrx_word' id='word_1_138' title='bbox 1455 1251 1552 1307; x_wconf 91' lang='lat' dir='ltr'>die</span> <span class='ocrx_word' id='word_1_139' title='bbox 1598 1251 1802 1322; x_wconf 87' lang='lat' dir='ltr'><strong>aliquo</strong></span> <span class='ocrx_word' id='word_1_140' title='bbox 1851 1251 1999 1306; x_wconf 82' lang='lat' dir='ltr'><strong>festo</strong></span> <span class='ocrx_word' id='word_1_141' title='bbox 2045 1265 2120 1304; x_wconf 89' lang='lat' dir='ltr'>so</span> 
     </span>
    </p>
   </div>
   <div class='ocr_carea' id='block_1_21' title="bbox 2212 1249 3841 1332">
    <p class='ocr_par' dir='ltr' id='par_1_21' title="bbox 2241 1249 3841 1326">
     <span class='ocr_line' id='line_1_21' title="bbox 2241 1249 3841 1326; baseline 0 -24"><span class='ocrx_word' id='word_1_142' title='bbox 2241 1250 2358 1312; x_wconf 84' lang='grc' dir='ltr'>λους</span> <span class='ocrx_word' id='word_1_143' title='bbox 2391 1268 2402 1279; x_wconf 92' lang='lat'>&#39;</span> <span class='ocrx_word' id='word_1_144' title='bbox 2438 1270 2526 1302; x_wconf 90' lang='grc' dir='ltr'>και</span> <span class='ocrx_word' id='word_1_145' title='bbox 2555 1252 2962 1322; x_wconf 75' lang='grc' dir='ltr'>παρασκευάσας</span> <span class='ocrx_word' id='word_1_146' title='bbox 3000 1249 3048 1302; x_wconf 71' lang='grc' dir='ltr'>ἓν</span> <span class='ocrx_word' id='word_1_147' title='bbox 3087 1250 3330 1324; x_wconf 81' lang='grc' dir='ltr'>ἐπισήμῳ</span> <span class='ocrx_word' id='word_1_148' title='bbox 3357 1252 3526 1326; x_wconf 77' lang='grc' dir='ltr'>ἡμέρᾳ</span> <span class='ocrx_word' id='word_1_149' title='bbox 3555 1250 3841 1325; x_wconf 79' lang='grc' dir='ltr'>θριαμϐεῦ-</span> 
     </span>
    </p>
   </div>
   <div class='ocr_carea' id='block_1_22' title="bbox 489 1339 2118 1414">
    <p class='ocr_par' dir='ltr' id='par_1_22' title="bbox 489 1339 2112 1413">
     <span class='ocr_line' id='line_1_22' title="bbox 489 1339 2112 1413; baseline -0.007 -7"><span class='ocrx_word' id='word_1_150' title='bbox 489 1349 764 1406; x_wconf 84' lang='lat' dir='ltr'><strong>lemniter</strong></span> <span class='ocrx_word' id='word_1_151' title='bbox 793 1361 964 1403; x_wconf 88' lang='lat' dir='ltr'><strong>sacro</strong></span> <span class='ocrx_word' id='word_1_152' title='bbox 989 1348 1290 1413; x_wconf 75' lang='lat' dir='ltr'><strong>unguenta</strong></span> <span class='ocrx_word' id='word_1_153' title='bbox 1312 1341 1611 1398; x_wconf 90' lang='lat' dir='ltr'><strong>delibutos</strong></span> <span class='ocrx_word' id='word_1_154' title='bbox 1635 1347 1691 1396; x_wconf 90' lang='lat' dir='ltr'>et</span> <span class='ocrx_word' id='word_1_155' title='bbox 1709 1339 1982 1395; x_wconf 90' lang='lat' dir='ltr'><strong>candidis</strong></span> <span class='ocrx_word' id='word_1_156' title='bbox 2005 1355 2112 1396; x_wconf 86' lang='lat' dir='ltr'><strong>ves</strong></span> 
     </span>
    </p>
   </div>
   <div class='ocr_carea' id='block_1_23' title="bbox 2212 1339 3841 1414">
    <p class='ocr_par' dir='ltr' id='par_1_23' title="bbox 2245 1340 3841 1414">
     <span class='ocr_line' id='line_1_23' title="bbox 2245 1340 3841 1414; baseline 0.001 -23"><span class='ocrx_word' id='word_1_157' title='bbox 2245 1359 2335 1392; x_wconf 83' lang='grc' dir='ltr'>σαι</span> <span class='ocrx_word' id='word_1_158' title='bbox 2365 1340 2456 1396; x_wconf 80' lang='grc' dir='ltr'>τὴν</span> <span class='ocrx_word' id='word_1_159' title='bbox 2489 1343 2675 1392; x_wconf 80' lang='grc' dir='ltr'>οἰκείαν</span> <span class='ocrx_word' id='word_1_160' title='bbox 2719 1342 2937 1413; x_wconf 83' lang='grc' dir='ltr'>αἰρεσιν,</span> <span class='ocrx_word' id='word_1_161' title='bbox 2983 1345 3184 1413; x_wconf 83' lang='grc' dir='ltr'><strong>χρίσας</strong></span> <span class='ocrx_word' id='word_1_162' title='bbox 3235 1360 3290 1393; x_wconf 78' lang='grc' dir='ltr'>τι</span> <span class='ocrx_word' id='word_1_163' title='bbox 3341 1345 3487 1414; x_wconf 75' lang='grc' dir='ltr'>μύρῳ</span> <span class='ocrx_word' id='word_1_164' title='bbox 3543 1340 3698 1412; x_wconf 78' lang='grc' dir='ltr'>ἁγίῳ,</span> <span class='ocrx_word' id='word_1_165' title='bbox 3749 1345 3841 1392; x_wconf 85' lang='grc' dir='ltr'>καὶ</span> 
     </span>
    </p>
   </div>
   <div class='ocr_carea' id='block_1_24' title="bbox 491 1427 2120 1506">
    <p class='ocr_par' dir='ltr' id='par_1_24' title="bbox 491 1427 2120 1506">
     <span class='ocr_line' id='line_1_24' title="bbox 491 1427 2120 1506; baseline -0.008 -12"><span class='ocrx_word' id='word_1_166' title='bbox 491 1438 652 1495; x_wconf 88' lang='lat' dir='ltr'><strong>tibus</strong></span> <span class='ocrx_word' id='word_1_167' title='bbox 680 1442 928 1492; x_wconf 87' lang='lat' dir='ltr'><strong>ornatos</strong></span> <span class='ocrx_word' id='word_1_168' title='bbox 960 1439 1282 1506; x_wconf 86' lang='lat' dir='ltr'><strong>postquam</strong></span> <span class='ocrx_word' id='word_1_169' title='bbox 1321 1431 1482 1487; x_wconf 84' lang='lat' dir='ltr'><strong>faces</strong></span> <span class='ocrx_word' id='word_1_170' title='bbox 1509 1429 1572 1484; x_wconf 88' lang='lat' dir='ltr'>in</span> <span class='ocrx_word' id='word_1_171' title='bbox 1609 1444 1822 1485; x_wconf 88' lang='lat' dir='ltr'><strong>eorum</strong></span> <span class='ocrx_word' id='word_1_172' title='bbox 1853 1427 2120 1484; x_wconf 78' lang='lat' dir='ltr'><strong>manibus</strong></span> 
     </span>
    </p>
   </div>
   <div class='ocr_carea' id='block_1_25' title="bbox 2210 1427 3839 1506">
    <p class='ocr_par' dir='ltr' id='par_1_25' title="bbox 2240 1427 3839 1502">
     <span class='ocr_line' id='line_1_25' title="bbox 2240 1427 3839 1502; baseline 0.001 -22"><span class='ocrx_word' id='word_1_173' title='bbox 2240 1428 2442 1488; x_wconf 78' lang='grc' dir='ltr'>λευκοῖς</span> <span class='ocrx_word' id='word_1_174' title='bbox 2486 1433 2766 1499; x_wconf 78' lang='grc' dir='ltr'>κοσμήσας</span> <span class='ocrx_word' id='word_1_175' title='bbox 2813 1428 3137 1500; x_wconf 73' lang='grc' dir='ltr'>ἐμφωτείοις,</span> <span class='ocrx_word' id='word_1_176' title='bbox 3175 1427 3458 1502; x_wconf 75' lang='grc' dir='ltr'>λαμπάδας</span> <span class='ocrx_word' id='word_1_177' title='bbox 3517 1434 3839 1501; x_wconf 73' lang='grc' dir='ltr'>κατέχοντας</span> 
     </span>
    </p>
   </div>
   <div class='ocr_carea' id='block_1_26' title="bbox 487 1514 2116 1602">
    <p class='ocr_par' dir='ltr' id='par_1_26' title="bbox 487 1517 1892 1602">
     <span class='ocr_line' id='line_1_26' title="bbox 487 1517 1892 1602; baseline -0.009 -17"><span class='ocrx_word' id='word_1_178' title='bbox 487 1528 803 1602; x_wconf 85' lang='lat' dir='ltr'><strong>posuisset,</strong></span> <span class='ocrx_word' id='word_1_179' title='bbox 826 1524 1302 1582; x_wconf 86' lang='lat' dir='ltr'><strong>orthodoxorum</strong></span> <span class='ocrx_word' id='word_1_180' title='bbox 1334 1521 1516 1576; x_wconf 91' lang='lat' dir='ltr'><strong>choro</strong></span> <span class='ocrx_word' id='word_1_181' title='bbox 1547 1517 1892 1575; x_wconf 87' lang='lat' dir='ltr'><strong>immiscuit.</strong></span> 
     </span>
    </p>
   </div>
   <div class='ocr_carea' id='block_1_27' title="bbox 1426 1514 3055 1602">
    <p class='ocr_par' dir='ltr' id='par_1_27' title="bbox 1426 1514 3055 1593">
     <span class='ocr_line' id='line_1_27' title="bbox 1426 1514 3055 1593; baseline -0.002 -17"><span class='ocrx_word' id='word_1_182' title='bbox 1426 1536 1516 1576; x_wconf 83' lang='lat' dir='ltr'>)I‘O</span> <span class='ocrx_word' id='word_1_183' title='bbox 1547 1517 1892 1575; x_wconf 74' lang='lat' dir='ltr'><strong>immiscuit.</strong></span> <span class='ocrx_word' id='word_1_184' title='bbox 2242 1517 2352 1580; x_wconf 76' lang='grc' dir='ltr'>τοῖς</span> <span class='ocrx_word' id='word_1_185' title='bbox 2385 1514 2683 1593; x_wconf 81' lang='grc' dir='ltr'>ὁρθοδόξοις</span> <span class='ocrx_word' id='word_1_186' title='bbox 2721 1521 3055 1576; x_wconf 85' lang='grc' dir='ltr'>συνέστησεν.</span> 
     </span>
    </p>
   </div>
   <div class='ocr_carea' id='block_1_28' title="bbox 501 1844 3834 1868">
    <p class='ocr_par' dir='ltr' id='par_1_28' title="bbox 501 1844 3834 1868">
     <span class='ocr_line' id='line_1_28' title="bbox 501 1844 3834 1868; baseline 0 -12"><span class='ocrx_word' id='word_1_187' title='bbox 501 1844 3834 1868; x_wconf 77' lang='lat'>______________________—_________._____________.—_</span> 
     </span>
    </p>
   </div>
   <div class='ocr_carea' id='block_1_29' title="bbox 1046 2144 3279 2255">
    <p class='ocr_par' dir='ltr' id='par_1_29' title="bbox 1046 2144 3279 2255">
     <span class='ocr_line' id='line_1_29' title="bbox 1046 2144 3279 2255; baseline -0.004 -7"><span class='ocrx_word' id='word_1_188' title='bbox 1046 2149 1672 2248; x_wconf 84' lang='lat' dir='ltr'>RECENSIO</span> <span class='ocrx_word' id='word_1_189' title='bbox 1757 2147 2237 2244; x_wconf 85' lang='lat' dir='ltr'>CODICIS</span> <span class='ocrx_word' id='word_1_190' title='bbox 2303 2145 2838 2241; x_wconf 85' lang='lat' dir='ltr'>MEDIGEI</span> <span class='ocrx_word' id='word_1_191' title='bbox 2901 2144 3279 2255; x_wconf 87' lang='lat' dir='ltr'>XXIV,</span> 
     </span>
    </p>
   </div>
   <div class='ocr_carea' id='block_1_30' title="bbox 1995 2361 2336 2418">
    <p class='ocr_par' dir='ltr' id='par_1_30' title="bbox 1995 2361 2336 2418">
     <span class='ocr_line' id='line_1_30' title="bbox 1995 2361 2336 2418; baseline -0.006 -2"><span class='ocrx_word' id='word_1_192' title='bbox 1995 2363 2193 2418; x_wconf 88' lang='lat' dir='ltr'><strong>PLUT.</strong></span> <span class='ocrx_word' id='word_1_193' title='bbox 2248 2361 2336 2415; x_wconf 85' lang='lat' dir='ltr'><strong>IX.</strong></span> 
     </span>
    </p>
   </div>
   <div class='ocr_carea' id='block_1_31' title="bbox 1037 2537 3308 2614">
    <p class='ocr_par' dir='ltr' id='par_1_31' title="bbox 1037 2537 3308 2614">
     <span class='ocr_line' id='line_1_31' title="bbox 1037 2537 3308 2614; baseline -0.003 -17"><span class='ocrx_word' id='word_1_194' title='bbox 1037 2543 1140 2614; x_wconf 79' lang='lat' dir='ltr'>(Ex</span> <span class='ocrx_word' id='word_1_195' title='bbox 1167 2547 1318 2612; x_wconf 79' lang='lat' dir='ltr'><strong>Aug.</strong></span> <span class='ocrx_word' id='word_1_196' title='bbox 1353 2541 1542 2600; x_wconf 74' lang='lat' dir='ltr'><strong>Mariae</strong></span> <span class='ocrx_word' id='word_1_197' title='bbox 1574 2539 1845 2596; x_wconf 88' lang='lat' dir='ltr'><strong>Bandinii</strong></span> <span class='ocrx_word' id='word_1_198' title='bbox 1873 2537 2160 2596; x_wconf 79' lang='lat' dir='ltr'><strong>fasciculo</strong></span> <span class='ocrx_word' id='word_1_199' title='bbox 2179 2555 2378 2595; x_wconf 89' lang='lat' dir='ltr'><strong>rerum</strong></span> <span class='ocrx_word' id='word_1_200' title='bbox 2411 2541 2770 2594; x_wconf 82' lang='lat' dir='ltr'><strong>Graecarum.</strong></span> <span class='ocrx_word' id='word_1_201' title='bbox 2799 2537 3104 2594; x_wconf 67' lang='lat' dir='ltr'><strong>Florentiae</strong></span> <span class='ocrx_word' id='word_1_202' title='bbox 3127 2537 3308 2608; x_wconf 79' lang='grc'>1763).</span> 
     </span>
    </p>
   </div>
   <div class='ocr_carea' id='block_1_32' title="bbox 559 2857 3846 2931">
    <p class='ocr_par' dir='ltr' id='par_1_32' title="bbox 559 2857 3846 2931">
     <span class='ocr_line' id='line_1_32' title="bbox 559 2857 3846 2931; baseline -0.001 -15"><span class='ocrx_word' id='word_1_203' title='bbox 559 2861 828 2918; x_wconf 89' lang='lat' dir='ltr'><strong>Continet</strong></span> <span class='ocrx_word' id='word_1_204' title='bbox 858 2861 958 2916; x_wconf 84' lang='lat' dir='ltr'>hic</span> <span class='ocrx_word' id='word_1_205' title='bbox 995 2861 1184 2916; x_wconf 84' lang='lat' dir='ltr'><strong>codex</strong></span> <span class='ocrx_word' id='word_1_206' title='bbox 1208 2861 1419 2916; x_wconf 64' lang='lat' dir='ltr'><strong>Nicetes</strong></span> <span class='ocrx_word' id='word_1_207' title='bbox 1447 2861 1749 2917; x_wconf 72' lang='lat' dir='ltr'><strong>Choniatze</strong></span> <span class='ocrx_word' id='word_1_208' title='bbox 1776 2861 2136 2917; x_wconf 83' lang='lat' dir='ltr'><strong>Thesaurum</strong></span> <span class='ocrx_word' id='word_1_209' title='bbox 2166 2860 2514 2916; x_wconf 64' lang='lat' dir='ltr'><strong>orthodoxa.&quot;</strong></span> <span class='ocrx_word' id='word_1_210' title='bbox 2536 2860 2729 2926; x_wconf 80' lang='lat' dir='ltr'><strong>Fidei,</strong></span> <span class='ocrx_word' id='word_1_211' title='bbox 2757 2859 2814 2914; x_wconf 89' lang='lat' dir='ltr'>in</span> <span class='ocrx_word' id='word_1_212' title='bbox 2847 2857 3035 2913; x_wconf 89' lang='lat' dir='ltr'><strong>libros</strong></span> <span class='ocrx_word' id='word_1_213' title='bbox 3085 2861 3268 2923; x_wconf 78' lang='lat' dir='ltr'>XXVII</span> <span class='ocrx_word' id='word_1_214' title='bbox 3309 2858 3631 2929; x_wconf 84' lang='lat' dir='ltr'><strong>digestum,</strong></span> <span class='ocrx_word' id='word_1_215' title='bbox 3661 2874 3846 2931; x_wconf 89' lang='lat' dir='ltr'><strong>quem</strong></span> 
     </span>
    </p>
   </div>
   <div class='ocr_carea' id='block_1_33' title="bbox 485 2947 3843 3024">
    <p class='ocr_par' dir='ltr' id='par_1_33' title="bbox 485 2947 3843 3024">
     <span class='ocr_line' id='line_1_33' title="bbox 485 2947 3843 3024; baseline -0.001 -20"><span class='ocrx_word' id='word_1_216' title='bbox 485 2949 612 3024; x_wconf 90' lang='lat' dir='ltr'><strong>ipse</strong></span> <span class='ocrx_word' id='word_1_217' title='bbox 642 2950 703 3006; x_wconf 90' lang='lat' dir='ltr'>in</span> <span class='ocrx_word' id='word_1_218' title='bbox 733 2951 989 3020; x_wconf 82' lang='lat' dir='ltr'><strong>gratiam</strong></span> <span class='ocrx_word' id='word_1_219' title='bbox 1020 2950 1219 3018; x_wconf 88' lang='lat' dir='ltr'><strong>amici,</strong></span> <span class='ocrx_word' id='word_1_220' title='bbox 1249 2950 1352 3022; x_wconf 87' lang='lat' dir='ltr'><strong>qui</strong></span> <span class='ocrx_word' id='word_1_221' title='bbox 1373 2956 1548 3022; x_wconf 87' lang='lat' dir='ltr'><strong>capta</strong></span> <span class='ocrx_word' id='word_1_222' title='bbox 1578 2965 1614 3006; x_wconf 91' lang='lat' dir='ltr'>a</span> <span class='ocrx_word' id='word_1_223' title='bbox 1645 2950 1864 3006; x_wconf 89' lang='lat' dir='ltr'><strong>Latinis</strong></span> <span class='ocrx_word' id='word_1_224' title='bbox 1895 2948 2432 3021; x_wconf 87' lang='lat' dir='ltr'><strong>Constantinopoli,</strong></span> <span class='ocrx_word' id='word_1_225' title='bbox 2451 2949 2646 3004; x_wconf 89' lang='lat' dir='ltr'><strong>solum</strong></span> <span class='ocrx_word' id='word_1_226' title='bbox 2668 2954 2893 3004; x_wconf 81' lang='lat' dir='ltr'><strong>vertere</strong></span> <span class='ocrx_word' id='word_1_227' title='bbox 2923 2963 3125 3002; x_wconf 91' lang='lat' dir='ltr'><strong>secum</strong></span> <span class='ocrx_word' id='word_1_228' title='bbox 3148 2953 3391 3004; x_wconf 88' lang='lat' dir='ltr'><strong>coactus</strong></span> <span class='ocrx_word' id='word_1_229' title='bbox 3422 2947 3634 3014; x_wconf 87' lang='lat' dir='ltr'><strong>fuerat,</strong></span> <span class='ocrx_word' id='word_1_230' title='bbox 3666 2948 3723 3003; x_wconf 92' lang='lat' dir='ltr'>in</span> <span class='ocrx_word' id='word_1_231' title='bbox 3745 2963 3843 3002; x_wconf 81' lang='lat' dir='ltr'>ex-</span> 
     </span>
    </p>
   </div>
   <div class='ocr_carea' id='block_1_34' title="bbox 485 3036 3846 3112">
    <p class='ocr_par' dir='ltr' id='par_1_34' title="bbox 485 3036 3846 3112">
     <span class='ocr_line' id='line_1_34' title="bbox 485 3036 3846 3112; baseline -0.001 -19"><span class='ocrx_word' id='word_1_232' title='bbox 485 3039 617 3096; x_wconf 90' lang='lat' dir='ltr'><strong>silio</strong></span> <span class='ocrx_word' id='word_1_233' title='bbox 636 3040 1008 3111; x_wconf 89' lang='lat' dir='ltr'><strong>conscripsit,</strong></span> <span class='ocrx_word' id='word_1_234' title='bbox 1033 3039 1140 3096; x_wconf 89' lang='lat' dir='ltr'>ubi</span> <span class='ocrx_word' id='word_1_235' title='bbox 1160 3045 1296 3112; x_wconf 87' lang='lat' dir='ltr'><strong>post</strong></span> <span class='ocrx_word' id='word_1_236' title='bbox 1317 3040 1653 3112; x_wconf 82' lang='lat' dir='ltr'><strong>expositam</strong></span> <span class='ocrx_word' id='word_1_237' title='bbox 1681 3039 2006 3096; x_wconf 87' lang='lat' dir='ltr'><strong>salutarem</strong></span> <span class='ocrx_word' id='word_1_238' title='bbox 2027 3037 2386 3107; x_wconf 83' lang='lat' dir='ltr'><strong>doctrinam,</strong></span> <span class='ocrx_word' id='word_1_239' title='bbox 2406 3054 2583 3093; x_wconf 91' lang='lat' dir='ltr'><strong>omne</strong></span> <span class='ocrx_word' id='word_1_240' title='bbox 2601 3053 2790 3106; x_wconf 86' lang='lat' dir='ltr'><strong>genus</strong></span> <span class='ocrx_word' id='word_1_241' title='bbox 2809 3038 3106 3092; x_wconf 74' lang='lat' dir='ltr'><strong>haeresum</strong></span> <span class='ocrx_word' id='word_1_242' title='bbox 3126 3043 3544 3109; x_wconf 87' lang='lat' dir='ltr'><strong>sectarumque</strong></span> <span class='ocrx_word' id='word_1_243' title='bbox 3563 3036 3643 3093; x_wconf 87' lang='lat' dir='ltr'>ad</span> <span class='ocrx_word' id='word_1_244' title='bbox 3669 3051 3846 3092; x_wconf 91' lang='lat' dir='ltr'><strong>suam</strong></span> 
     </span>
    </p>
   </div>
   <div class='ocr_carea' id='block_1_35' title="bbox 483 3125 3849 3202">
    <p class='ocr_par' dir='ltr' id='par_1_35' title="bbox 483 3125 3849 3202">
     <span class='ocr_line' id='line_1_35' title="bbox 483 3125 3849 3202; baseline -0.001 -19"><span class='ocrx_word' id='word_1_245' title='bbox 483 3143 677 3202; x_wconf 91' lang='lat' dir='ltr'><strong>usque</strong></span> <span class='ocrx_word' id='word_1_246' title='bbox 710 3134 949 3184; x_wconf 71' lang='lat' dir='ltr'><strong>aetatem</strong></span> <span class='ocrx_word' id='word_1_247' title='bbox 978 3129 1376 3201; x_wconf 89' lang='lat' dir='ltr'><strong>persequitur,</strong></span> <span class='ocrx_word' id='word_1_248' title='bbox 1409 3133 1467 3184; x_wconf 90' lang='lat' dir='ltr'>et</span> <span class='ocrx_word' id='word_1_249' title='bbox 1497 3127 1854 3185; x_wconf 88' lang='lat' dir='ltr'><strong>testimoniis</strong></span> <span class='ocrx_word' id='word_1_250' title='bbox 1895 3133 2162 3183; x_wconf 87' lang='lat' dir='ltr'><strong>veterum</strong></span> <span class='ocrx_word' id='word_1_251' title='bbox 2195 3125 2466 3180; x_wconf 72' lang='lat' dir='ltr'><strong>Ecclesiae</strong></span> <span class='ocrx_word' id='word_1_252' title='bbox 2495 3125 2836 3194; x_wconf 84' lang='lat' dir='ltr'><strong>doctorum,</strong></span> <span class='ocrx_word' id='word_1_253' title='bbox 2865 3125 2958 3180; x_wconf 85' lang='lat' dir='ltr'>vel</span> <span class='ocrx_word' id='word_1_254' title='bbox 2989 3125 3248 3198; x_wconf 90' lang='lat' dir='ltr'><strong>propriis</strong></span> <span class='ocrx_word' id='word_1_255' title='bbox 3276 3125 3652 3194; x_wconf 83' lang='lat' dir='ltr'><strong>argumentis</strong></span> <span class='ocrx_word' id='word_1_256' title='bbox 3679 3125 3849 3180; x_wconf 87' lang='lat' dir='ltr'><strong>refel-</strong></span> 
     </span>
    </p>
   </div>
   <div class='ocr_carea' id='block_1_36' title="bbox 479 3213 3848 3292">
    <p class='ocr_par' dir='ltr' id='par_1_36' title="bbox 479 3213 3848 3292">
     <span class='ocr_line' id='line_1_36' title="bbox 479 3213 3848 3292; baseline -0.001 -20"><span class='ocrx_word' id='word_1_257' title='bbox 479 3215 564 3273; x_wconf 90' lang='lat' dir='ltr'><strong>lit.</strong></span> <span class='ocrx_word' id='word_1_258' title='bbox 599 3217 745 3273; x_wconf 88' lang='lat' dir='ltr'><strong>Cum</strong></span> <span class='ocrx_word' id='word_1_259' title='bbox 773 3234 918 3273; x_wconf 90' lang='lat' dir='ltr'><strong>vero</strong></span> <span class='ocrx_word' id='word_1_260' title='bbox 948 3222 1138 3274; x_wconf 90' lang='lat' dir='ltr'><strong>totum</strong></span> <span class='ocrx_word' id='word_1_261' title='bbox 1163 3219 1279 3292; x_wconf 84' lang='lat' dir='ltr'>hoc</span> <span class='ocrx_word' id='word_1_262' title='bbox 1309 3233 1462 3290; x_wconf 91' lang='lat' dir='ltr'><strong>opus</strong></span> <span class='ocrx_word' id='word_1_263' title='bbox 1487 3223 1730 3290; x_wconf 89' lang='lat' dir='ltr'><strong>propter</strong></span> <span class='ocrx_word' id='word_1_264' title='bbox 1755 3217 1977 3272; x_wconf 90' lang='lat' dir='ltr'><strong>molem</strong></span> <span class='ocrx_word' id='word_1_265' title='bbox 2009 3216 2299 3270; x_wconf 88' lang='lat' dir='ltr'><strong>hactenus</strong></span> <span class='ocrx_word' id='word_1_266' title='bbox 2329 3213 2546 3280; x_wconf 86' lang='lat' dir='ltr'><strong>lucem,</strong></span> <span class='ocrx_word' id='word_1_267' title='bbox 2568 3231 2754 3286; x_wconf 88' lang='lat' dir='ltr'><strong>quam</strong></span> <span class='ocrx_word' id='word_1_268' title='bbox 2785 3219 3065 3283; x_wconf 88' lang='lat' dir='ltr'><strong>meretur,</strong></span> <span class='ocrx_word' id='word_1_269' title='bbox 3097 3215 3263 3270; x_wconf 90' lang='lat' dir='ltr'><strong>haud</strong></span> <span class='ocrx_word' id='word_1_270' title='bbox 3289 3213 3523 3280; x_wconf 86' lang='lat' dir='ltr'><strong>viderit,</strong></span> <span class='ocrx_word' id='word_1_271' title='bbox 3553 3213 3848 3286; x_wconf 87' lang='lat' dir='ltr'><strong>quoniam</strong></span> 
     </span>
    </p>
   </div>
   <div class='ocr_carea' id='block_1_37' title="bbox 483 3293 3846 3380">
    <p class='ocr_par' dir='ltr' id='par_1_37' title="bbox 483 3293 3846 3380">
     <span class='ocr_line' id='line_1_37' title="bbox 483 3293 3846 3380; baseline -0.001 -20"><span class='ocrx_word' id='word_1_272' title='bbox 483 3293 606 3362; x_wconf 89' lang='lat' dir='ltr'>duo</span> <span class='ocrx_word' id='word_1_273' title='bbox 638 3305 809 3361; x_wconf 86' lang='lat' dir='ltr'><strong>facile</strong></span> <span class='ocrx_word' id='word_1_274' title='bbox 856 3305 1169 3362; x_wconf 81' lang='lat' dir='ltr'><strong>volumina</strong></span> <span class='ocrx_word' id='word_1_275' title='bbox 1223 3308 1285 3363; x_wconf 91' lang='lat' dir='ltr'>in</span> <span class='ocrx_word' id='word_1_276' title='bbox 1315 3306 1457 3363; x_wconf 91' lang='lat' dir='ltr'><strong>folio</strong></span> <span class='ocrx_word' id='word_1_277' title='bbox 1497 3306 1843 3380; x_wconf 90' lang='lat' dir='ltr'><strong>compleret,</strong></span> <span class='ocrx_word' id='word_1_278' title='bbox 1875 3305 2166 3362; x_wconf 89' lang='lat' dir='ltr'><strong>librorum</strong></span> <span class='ocrx_word' id='word_1_279' title='bbox 2215 3309 2590 3374; x_wconf 84' lang='lat' dir='ltr'><strong>argumenta,</strong></span> <span class='ocrx_word' id='word_1_280' title='bbox 2625 3319 2886 3375; x_wconf 88' lang='lat' dir='ltr'><strong>quorum</strong></span> <span class='ocrx_word' id='word_1_281' title='bbox 2913 3303 3090 3358; x_wconf 79' lang='lat' dir='ltr'><strong>index</strong></span> <span class='ocrx_word' id='word_1_282' title='bbox 3124 3303 3452 3375; x_wconf 73' lang='lat' dir='ltr'><strong>praecurrit,</strong></span> <span class='ocrx_word' id='word_1_283' title='bbox 3496 3318 3566 3358; x_wconf 90' lang='lat' dir='ltr'>ac</span> <span class='ocrx_word' id='word_1_284' title='bbox 3613 3303 3846 3375; x_wconf 89' lang='lat' dir='ltr'><strong>primas</strong></span> 
     </span>
    </p>
   </div>
   <div class='ocr_carea' id='block_1_38' title="bbox 485 3390 3842 3468">
    <p class='ocr_par' dir='ltr' id='par_1_38' title="bbox 485 3390 3842 3468">
     <span class='ocr_line' id='line_1_38' title="bbox 485 3390 3842 3468; baseline -0.003 -18"><span class='ocrx_word' id='word_1_285' title='bbox 485 3395 642 3450; x_wconf 85' lang='lat' dir='ltr'><strong>duas</strong></span> <span class='ocrx_word' id='word_1_286' title='bbox 667 3393 894 3450; x_wconf 86' lang='lat' dir='ltr'><strong>codicis</strong></span> <span class='ocrx_word' id='word_1_287' title='bbox 925 3396 1180 3466; x_wconf 85' lang='lat' dir='ltr'><strong>paginas</strong></span> <span class='ocrx_word' id='word_1_288' title='bbox 1212 3402 1493 3468; x_wconf 85' lang='lat' dir='ltr'><strong>occupat,</strong></span> <span class='ocrx_word' id='word_1_289' title='bbox 1513 3397 1808 3467; x_wconf 87' lang='lat' dir='ltr'><strong>subjicere</strong></span> <span class='ocrx_word' id='word_1_290' title='bbox 1839 3397 2080 3452; x_wconf 85' lang='lat' dir='ltr'><strong>animus</strong></span> <span class='ocrx_word' id='word_1_291' title='bbox 2107 3397 2234 3449; x_wconf 88' lang='lat' dir='ltr'><strong>erat</strong></span> <span class='ocrx_word' id='word_1_292' title='bbox 2261 3411 2273 3458; x_wconf 91' lang='lat'><strong>;</strong></span> <span class='ocrx_word' id='word_1_293' title='bbox 2305 3391 2410 3446; x_wconf 91' lang='lat' dir='ltr'>sed</span> <span class='ocrx_word' id='word_1_294' title='bbox 2435 3408 2572 3448; x_wconf 89' lang='lat' dir='ltr'>cum</span> <span class='ocrx_word' id='word_1_295' title='bbox 2589 3392 2719 3464; x_wconf 89' lang='lat' dir='ltr'><strong>jam</strong></span> <span class='ocrx_word' id='word_1_296' title='bbox 2748 3391 2982 3464; x_wconf 88' lang='lat' dir='ltr'><strong>prolata</strong></span> <span class='ocrx_word' id='word_1_297' title='bbox 3013 3391 3250 3460; x_wconf 83' lang='lat' dir='ltr'><strong>fuerint,</strong></span> <span class='ocrx_word' id='word_1_298' title='bbox 3277 3395 3336 3447; x_wconf 91' lang='lat' dir='ltr'>et</span> <span class='ocrx_word' id='word_1_299' title='bbox 3357 3406 3394 3446; x_wconf 90' lang='lat' dir='ltr'>a</span> <span class='ocrx_word' id='word_1_300' title='bbox 3425 3390 3737 3446; x_wconf 86' lang='lat' dir='ltr'><strong>Fabric.B.</strong></span> <span class='ocrx_word' id='word_1_301' title='bbox 3773 3391 3842 3446; x_wconf 91' lang='lat' dir='ltr'><strong>G.</strong></span> 
     </span>
    </p>
   </div>
   <div class='ocr_carea' id='block_1_39' title="bbox 483 3479 3850 3554">
    <p class='ocr_par' dir='ltr' id='par_1_39' title="bbox 483 3479 3850 3554">
     <span class='ocr_line' id='line_1_39' title="bbox 483 3479 3850 3554; baseline -0.001 -17"><span class='ocrx_word' id='word_1_302' title='bbox 483 3489 524 3538; x_wconf 89' lang='lat' dir='ltr'>t.</span> <span class='ocrx_word' id='word_1_303' title='bbox 559 3483 651 3548; x_wconf 89' lang='lat' dir='ltr'><strong>Vl,</strong></span> <span class='ocrx_word' id='word_1_304' title='bbox 673 3497 733 3553; x_wconf 93' lang='lat' dir='ltr'>p.</span> <span class='ocrx_word' id='word_1_305' title='bbox 769 3484 874 3538; x_wconf 81' lang='grc'>420</span> <span class='ocrx_word' id='word_1_306' title='bbox 903 3499 1075 3554; x_wconf 90' lang='lat' dir='ltr'><strong>seqq.</strong></span> <span class='ocrx_word' id='word_1_307' title='bbox 1109 3488 1167 3538; x_wconf 90' lang='lat' dir='ltr'>et</span> <span class='ocrx_word' id='word_1_308' title='bbox 1206 3500 1242 3538; x_wconf 93' lang='lat' dir='ltr'>a</span> <span class='ocrx_word' id='word_1_309' title='bbox 1269 3484 1724 3540; x_wconf 84' lang='lat' dir='ltr'><strong>Montefalconio</strong></span> <span class='ocrx_word' id='word_1_310' title='bbox 1770 3485 2069 3554; x_wconf 60' lang='lat' dir='ltr'><strong>Palwogr.</strong></span> <span class='ocrx_word' id='word_1_311' title='bbox 2101 3483 2289 3537; x_wconf 71' lang='lat' dir='ltr'><strong>Graec.</strong></span> <span class='ocrx_word' id='word_1_312' title='bbox 2345 3497 2407 3551; x_wconf 90' lang='lat' dir='ltr'>p.</span> <span class='ocrx_word' id='word_1_313' title='bbox 2451 3485 2550 3536; x_wconf 82' lang='lat'>327</span> <span class='ocrx_word' id='word_1_314' title='bbox 2583 3497 2775 3553; x_wconf 75' lang='lat' dir='ltr'><strong>seqq,</strong></span> <span class='ocrx_word' id='word_1_315' title='bbox 2803 3496 2914 3535; x_wconf 92' lang='lat' dir='ltr'>nos</span> <span class='ocrx_word' id='word_1_316' title='bbox 2953 3481 3021 3534; x_wconf 87' lang='lat' dir='ltr'>iis</span> <span class='ocrx_word' id='word_1_317' title='bbox 3048 3479 3311 3548; x_wconf 88' lang='lat' dir='ltr'><strong>omissis,</strong></span> <span class='ocrx_word' id='word_1_318' title='bbox 3339 3497 3474 3552; x_wconf 84' lang='lat' dir='ltr'><strong>quae</strong></span> <span class='ocrx_word' id='word_1_319' title='bbox 3503 3495 3642 3535; x_wconf 91' lang='lat' dir='ltr'>cum</span> <span class='ocrx_word' id='word_1_320' title='bbox 3673 3479 3850 3534; x_wconf 88' lang='lat' dir='ltr'><strong>dictis</strong></span> 
     </span>
    </p>
   </div>
   <div class='ocr_carea' id='block_1_40' title="bbox 483 3567 3850 3644">
    <p class='ocr_par' dir='ltr' id='par_1_40' title="bbox 483 3567 3850 3644">
     <span class='ocr_line' id='line_1_40' title="bbox 483 3567 3850 3644; baseline -0 -19"><span class='ocrx_word' id='word_1_321' title='bbox 483 3567 850 3625; x_wconf 88' lang='lat' dir='ltr'><strong>editionibus</strong></span> <span class='ocrx_word' id='word_1_322' title='bbox 879 3569 1248 3624; x_wconf 89' lang='lat' dir='ltr'><strong>concordare</strong></span> <span class='ocrx_word' id='word_1_323' title='bbox 1275 3571 1706 3640; x_wconf 89' lang='lat' dir='ltr'><strong>comperimus,</strong></span> <span class='ocrx_word' id='word_1_324' title='bbox 1739 3577 2162 3641; x_wconf 85' lang='lat' dir='ltr'><strong>argumentum</strong></span> <span class='ocrx_word' id='word_1_325' title='bbox 2195 3569 2620 3626; x_wconf 88' lang='lat' dir='ltr'><strong>tantummodo</strong></span> <span class='ocrx_word' id='word_1_326' title='bbox 2645 3569 2780 3624; x_wconf 89' lang='lat' dir='ltr'><strong>libri</strong></span> <span class='ocrx_word' id='word_1_327' title='bbox 2805 3570 2895 3638; x_wconf 89' lang='lat' dir='ltr'>IV,</span> <span class='ocrx_word' id='word_1_328' title='bbox 2935 3571 3102 3642; x_wconf 87' lang='lat' dir='ltr'><strong>quod</strong></span> <span class='ocrx_word' id='word_1_329' title='bbox 3129 3569 3503 3644; x_wconf 86' lang='lat' dir='ltr'><strong>aliquantum</strong></span> <span class='ocrx_word' id='word_1_330' title='bbox 3537 3573 3614 3626; x_wconf 87' lang='lat' dir='ltr'>ab</span> <span class='ocrx_word' id='word_1_331' title='bbox 3641 3569 3710 3625; x_wconf 91' lang='lat' dir='ltr'>iis</span> <span class='ocrx_word' id='word_1_332' title='bbox 3739 3567 3850 3624; x_wconf 87' lang='lat' dir='ltr'><strong>dif-</strong></span> 
     </span>
    </p>
   </div>
   <div class='ocr_carea' id='block_1_41' title="bbox 483 3655 1575 3729">
    <p class='ocr_par' dir='ltr' id='par_1_41' title="bbox 483 3655 1575 3729">
     <span class='ocr_line' id='line_1_41' title="bbox 483 3655 1575 3729; baseline 0.001 -17"><span class='ocrx_word' id='word_1_333' title='bbox 483 3657 620 3720; x_wconf 82' lang='lat' dir='ltr'><strong>fert,</strong></span> <span class='ocrx_word' id='word_1_334' title='bbox 653 3655 1035 3728; x_wconf 84' lang='lat' dir='ltr'><strong>proferimus,</strong></span> <span class='ocrx_word' id='word_1_335' title='bbox 1067 3657 1230 3729; x_wconf 92' lang='lat' dir='ltr'><strong>quod</strong></span> <span class='ocrx_word' id='word_1_336' title='bbox 1257 3658 1340 3713; x_wconf 89' lang='lat' dir='ltr'>ita</span> <span class='ocrx_word' id='word_1_337' title='bbox 1361 3658 1575 3713; x_wconf 89' lang='lat' dir='ltr'><strong>habet:</strong></span> 
     </span>
    </p>
   </div>
   <div class='ocr_carea' id='block_1_42' title="bbox 553 3745 3844 3820">
    <p class='ocr_par' dir='ltr' id='par_1_42' title="bbox 553 3745 3844 3820">
     <span class='ocr_line' id='line_1_42' title="bbox 553 3745 3844 3820; baseline 0 -23"><span class='ocrx_word' id='word_1_338' title='bbox 553 3750 724 3818; x_wconf 89' lang='grc' dir='ltr'>Τόμος</span> <span class='ocrx_word' id='word_1_339' title='bbox 774 3749 1034 3820; x_wconf 85' lang='grc' dir='ltr'>τέταρτος.</span> <span class='ocrx_word' id='word_1_340' title='bbox 1096 3755 1160 3800; x_wconf 89' lang='grc' dir='ltr'>Εν</span> <span class='ocrx_word' id='word_1_341' title='bbox 1199 3749 1364 3818; x_wconf 85' lang='grc' dir='ltr'>τούτῳ</span> <span class='ocrx_word' id='word_1_342' title='bbox 1411 3755 1607 3800; x_wconf 82' lang='grc' dir='ltr'>κεῖνται</span> <span class='ocrx_word' id='word_1_343' title='bbox 1640 3755 1807 3800; x_wconf 85' lang='grc' dir='ltr'>πᾶσαι</span> <span class='ocrx_word' id='word_1_344' title='bbox 1859 3753 1914 3800; x_wconf 92' lang='grc' dir='ltr'>αί</span> <span class='ocrx_word' id='word_1_345' title='bbox 1941 3747 2158 3814; x_wconf 58' lang='grc' dir='ltr'>παλαιαὶ</span> <span class='ocrx_word' id='word_1_346' title='bbox 2219 3749 2445 3820; x_wconf 78' lang='grc' dir='ltr'>αἱρέσεις</span> <span class='ocrx_word' id='word_1_347' title='bbox 2499 3750 2553 3798; x_wconf 84' lang='grc' dir='ltr'><strong>αἱ</strong></span> <span class='ocrx_word' id='word_1_348' title='bbox 2608 3745 2948 3819; x_wconf 78' lang='grc' dir='ltr'>ἀναφανεῖσαι</span> <span class='ocrx_word' id='word_1_349' title='bbox 2995 3750 3158 3820; x_wconf 76' lang='grc' dir='ltr'>μέχρι</span> <span class='ocrx_word' id='word_1_350' title='bbox 3210 3757 3300 3809; x_wconf 82' lang='grc' dir='ltr'>τῆς</span> <span class='ocrx_word' id='word_1_351' title='bbox 3331 3748 3532 3819; x_wconf 82' lang='grc' dir='ltr'>Ἀρείου</span> <span class='ocrx_word' id='word_1_352' title='bbox 3581 3750 3844 3820; x_wconf 82' lang='grc' dir='ltr'>αἱρέσεως.</span> 
     </span>
    </p>
   </div>
   <div class='ocr_carea' id='block_1_43' title="bbox 483 3832 3848 3910">
    <p class='ocr_par' dir='ltr' id='par_1_43' title="bbox 483 3832 3848 3910">
     <span class='ocr_line' id='line_1_43' title="bbox 483 3832 3848 3910; baseline -0.001 -20"><span class='ocrx_word' id='word_1_353' title='bbox 483 3835 716 3908; x_wconf 72' lang='grc' dir='ltr'>Ἐγράφη</span> <span class='ocrx_word' id='word_1_354' title='bbox 753 3832 812 3887; x_wconf 70' lang='grc' dir='ltr'>δι</span> <span class='ocrx_word' id='word_1_355' title='bbox 841 3841 1020 3908; x_wconf 83' lang='grc' dir='ltr'>πρώτη</span> <span class='ocrx_word' id='word_1_356' title='bbox 1053 3839 1083 3894; x_wconf 80' lang='grc' dir='ltr'>ἡ</span> <span class='ocrx_word' id='word_1_357' title='bbox 1117 3843 1210 3888; x_wconf 84' lang='grc' dir='ltr'>τοῦ</span> <span class='ocrx_word' id='word_1_358' title='bbox 1249 3841 1491 3906; x_wconf 85' lang='grc' dir='ltr'>Σίμωνος,</span> <span class='ocrx_word' id='word_1_359' title='bbox 1542 3841 1634 3888; x_wconf 85' lang='grc' dir='ltr'>καὶ</span> <span class='ocrx_word' id='word_1_360' title='bbox 1666 3838 1692 3894; x_wconf 70' lang='grc' dir='ltr'><strong><em>ἦ</em></strong></span> <span class='ocrx_word' id='word_1_361' title='bbox 1737 3835 1814 3887; x_wconf 82' lang='grc' dir='ltr'>ἐπ’</span> <span class='ocrx_word' id='word_1_362' title='bbox 1869 3837 2009 3907; x_wconf 71' lang='grc' dir='ltr'>αὐτῷ</span> <span class='ocrx_word' id='word_1_363' title='bbox 2055 3835 2383 3910; x_wconf 67' lang='grc' dir='ltr'>ἀντίρρησις,</span> <span class='ocrx_word' id='word_1_364' title='bbox 2420 3835 2466 3887; x_wconf 83' lang='grc' dir='ltr'>ἐν</span> <span class='ocrx_word' id='word_1_365' title='bbox 2573 3833 2824 3892; x_wconf 81' lang='grc' dir='ltr'>δηλοῦται</span> <span class='ocrx_word' id='word_1_366' title='bbox 2869 3840 2964 3888; x_wconf 80' lang='grc' dir='ltr'>καῖ</span> <span class='ocrx_word' id='word_1_367' title='bbox 2983 3837 3124 3898; x_wconf 77' lang='grc' dir='ltr'>ὅπως</span> <span class='ocrx_word' id='word_1_368' title='bbox 3153 3839 3177 3888; x_wconf 87' lang='grc' dir='ltr'><strong><em>ὁ</em></strong></span> <span class='ocrx_word' id='word_1_369' title='bbox 3227 3838 3394 3910; x_wconf 75' lang='grc' dir='ltr'>Σίμων</span> <span class='ocrx_word' id='word_1_370' title='bbox 3419 3845 3588 3898; x_wconf 78' lang='grc' dir='ltr'>κακῶς</span> <span class='ocrx_word' id='word_1_371' title='bbox 3613 3835 3848 3910; x_wconf 65' lang='grc' dir='ltr'>ἐξέρρηξε</span> 
     </span>
    </p>
   </div>
   <div class='ocr_carea' id='block_1_44' title="bbox 481 3921 3847 3999">
    <p class='ocr_par' dir='ltr' id='par_1_44' title="bbox 481 3921 3847 3999">
     <span class='ocr_line' id='line_1_44' title="bbox 481 3921 3847 3999; baseline -0.001 -23"><span class='ocrx_word' id='word_1_372' title='bbox 481 3929 576 3982; x_wconf 79' lang='grc' dir='ltr'>τήν</span> <span class='ocrx_word' id='word_1_373' title='bbox 604 3924 790 3995; x_wconf 69' lang='grc' dir='ltr'>ψυχήν</span> <span class='ocrx_word' id='word_1_374' title='bbox 821 3946 834 3958; x_wconf 90' lang='grc'>·</span> <span class='ocrx_word' id='word_1_375' title='bbox 871 3921 1091 3998; x_wconf 84' lang='grc' dir='ltr'>δευτέρα</span> <span class='ocrx_word' id='word_1_376' title='bbox 1120 3927 1148 3982; x_wconf 80' lang='grc' dir='ltr'><strong>ἠ</strong></span> <span class='ocrx_word' id='word_1_377' title='bbox 1183 3933 1282 3976; x_wconf 87' lang='grc' dir='ltr'>τῶν</span> <span class='ocrx_word' id='word_1_378' title='bbox 1309 3924 1630 3977; x_wconf 76' lang='grc' dir='ltr'>Νικολάὶτῶν</span> <span class='ocrx_word' id='word_1_379' title='bbox 1655 3946 1666 3958; x_wconf 74' lang='grc' dir='ltr'>ο</span> <span class='ocrx_word' id='word_1_380' title='bbox 1709 3929 1856 3999; x_wconf 89' lang='grc' dir='ltr'>τρίτη</span> <span class='ocrx_word' id='word_1_381' title='bbox 1891 3928 1919 3982; x_wconf 75' lang='grc' dir='ltr'>ἡ</span> <span class='ocrx_word' id='word_1_382' title='bbox 1949 3934 2049 3976; x_wconf 88' lang='grc' dir='ltr'>τῶν</span> <span class='ocrx_word' id='word_1_383' title='bbox 2091 3927 2545 3999; x_wconf 81' lang='grc' dir='ltr'>Καρποκράτηνῶν</span> <span class='ocrx_word' id='word_1_384' title='bbox 2577 3945 2589 3957; x_wconf 88' lang='grc'><strong>·</strong></span> <span class='ocrx_word' id='word_1_385' title='bbox 2622 3926 2842 3997; x_wconf 77' lang='grc' dir='ltr'>τετάρτη</span> <span class='ocrx_word' id='word_1_386' title='bbox 2877 3927 2906 3982; x_wconf 81' lang='grc' dir='ltr'><strong>ἡ</strong></span> <span class='ocrx_word' id='word_1_387' title='bbox 2949 3932 3041 3976; x_wconf 86' lang='grc' dir='ltr'>τοῦ</span> <span class='ocrx_word' id='word_1_388' title='bbox 3071 3925 3393 3992; x_wconf 78' lang='grc' dir='ltr'>Βαλεντίνου,</span> <span class='ocrx_word' id='word_1_389' title='bbox 3435 3925 3482 3976; x_wconf 84' lang='grc' dir='ltr'>ἐν</span> <span class='ocrx_word' id='word_1_390' title='bbox 3573 3925 3847 3997; x_wconf 83' lang='grc' dir='ltr'>εἰρήκαμεν</span> 
     </span>
    </p>
   </div>
   <div class='ocr_carea' id='block_1_45' title="bbox 481 4011 3848 4089">
    <p class='ocr_par' dir='ltr' id='par_1_45' title="bbox 481 4011 3848 4089">
     <span class='ocr_line' id='line_1_45' title="bbox 481 4011 3848 4089; baseline -0 -24"><span class='ocrx_word' id='word_1_391' title='bbox 481 4017 566 4066; x_wconf 73' lang='grc' dir='ltr'>καὶ</span> <span class='ocrx_word' id='word_1_392' title='bbox 598 4021 716 4089; x_wconf 82' lang='grc' dir='ltr'>περὶ</span> <span class='ocrx_word' id='word_1_393' title='bbox 752 4021 847 4075; x_wconf 81' lang='grc' dir='ltr'>τῆς</span> <span class='ocrx_word' id='word_1_394' title='bbox 879 4016 1018 4076; x_wconf 80' lang='grc' dir='ltr'>θείας</span> <span class='ocrx_word' id='word_1_395' title='bbox 1057 4013 1513 4089; x_wconf 77' lang='grc' dir='ltr'>ἐνανθρωπήσεως·</span> <span class='ocrx_word' id='word_1_396' title='bbox 1547 4018 1756 4086; x_wconf 82' lang='grc' dir='ltr'>πέμπτη</span> <span class='ocrx_word' id='word_1_397' title='bbox 1791 4015 1819 4072; x_wconf 79' lang='grc' dir='ltr'><strong>ἡ</strong></span> <span class='ocrx_word' id='word_1_398' title='bbox 1851 4022 1943 4066; x_wconf 78' lang='grc' dir='ltr'>τοῦ</span> <span class='ocrx_word' id='word_1_399' title='bbox 1975 4013 2294 4086; x_wconf 81' lang='grc' dir='ltr'>Πτολεμαίου</span> <span class='ocrx_word' id='word_1_400' title='bbox 2329 4030 2341 4042; x_wconf 87' lang='grc'>·</span> <span class='ocrx_word' id='word_1_401' title='bbox 2376 4015 2494 4072; x_wconf 80' lang='grc' dir='ltr'>ἕκτη</span> <span class='ocrx_word' id='word_1_402' title='bbox 2530 4019 2558 4072; x_wconf 82' lang='grc' dir='ltr'>η</span> <span class='ocrx_word' id='word_1_403' title='bbox 2587 4022 2680 4066; x_wconf 86' lang='grc' dir='ltr'>τοῦ</span> <span class='ocrx_word' id='word_1_404' title='bbox 2711 4012 2928 4086; x_wconf 71' lang='grc' dir='ltr'>Μάρκου</span> <span class='ocrx_word' id='word_1_405' title='bbox 2961 4034 2976 4048; x_wconf 82' lang='grc'><em>’</em></span> <span class='ocrx_word' id='word_1_406' title='bbox 3008 4011 3205 4086; x_wconf 79' lang='grc' dir='ltr'>ἑϐδόμη</span> <span class='ocrx_word' id='word_1_407' title='bbox 3237 4016 3267 4072; x_wconf 74' lang='grc' dir='ltr'><strong>ἡ</strong></span> <span class='ocrx_word' id='word_1_408' title='bbox 3302 4023 3402 4066; x_wconf 87' lang='grc' dir='ltr'>τῶν</span> <span class='ocrx_word' id='word_1_409' title='bbox 3431 4011 3848 4086; x_wconf 80' lang='grc' dir='ltr'>Ἀσκοδρούγων</span> 
     </span>
    </p>
   </div>
   <div class='ocr_carea' id='block_1_46' title="bbox 482 4101 3846 4179">
    <p class='ocr_par' dir='ltr' id='par_1_46' title="bbox 482 4101 3846 4179">
     <span class='ocr_line' id='line_1_46' title="bbox 482 4101 3846 4179; baseline 0.001 -26"><span class='ocrx_word' id='word_1_410' title='bbox 482 4103 602 4154; x_wconf 81' lang='grc' dir='ltr'>ἔνθα</span> <span class='ocrx_word' id='word_1_411' title='bbox 643 4107 733 4154; x_wconf 87' lang='grc' dir='ltr'>καὶ</span> <span class='ocrx_word' id='word_1_412' title='bbox 774 4107 894 4176; x_wconf 85' lang='grc' dir='ltr'>περὶ</span> <span class='ocrx_word' id='word_1_413' title='bbox 929 4111 1024 4165; x_wconf 77' lang='grc' dir='ltr'>τῆς</span> <span class='ocrx_word' id='word_1_414' title='bbox 1064 4112 1261 4166; x_wconf 79' lang='grc' dir='ltr'>σκηνῆς</span> <span class='ocrx_word' id='word_1_415' title='bbox 1291 4111 1382 4155; x_wconf 88' lang='grc' dir='ltr'>τοῦ</span> <span class='ocrx_word' id='word_1_416' title='bbox 1411 4105 1702 4178; x_wconf 84' lang='grc' dir='ltr'>μαρτυρίου</span> <span class='ocrx_word' id='word_1_417' title='bbox 1735 4108 1823 4154; x_wconf 87' lang='grc' dir='ltr'>καὶ</span> <span class='ocrx_word' id='word_1_418' title='bbox 1863 4101 1994 4155; x_wconf 78' lang='grc' dir='ltr'>ἄλλα</span> <span class='ocrx_word' id='word_1_419' title='bbox 2031 4107 2146 4156; x_wconf 75' lang='grc' dir='ltr'>τινὰ</span> <span class='ocrx_word' id='word_1_420' title='bbox 2183 4112 2274 4158; x_wconf 85' lang='grc' dir='ltr'>τοῦ</span> <span class='ocrx_word' id='word_1_421' title='bbox 2313 4105 2539 4156; x_wconf 87' lang='grc' dir='ltr'>παλαιοῦ</span> <span class='ocrx_word' id='word_1_422' title='bbox 2595 4110 2752 4176; x_wconf 79' lang='grc' dir='ltr'>νόμου</span> <span class='ocrx_word' id='word_1_423' title='bbox 2795 4103 3077 4178; x_wconf 72' lang='grc' dir='ltr'>ἐρρέθησαν</span> <span class='ocrx_word' id='word_1_424' title='bbox 3113 4123 3124 4135; x_wconf 91' lang='grc'><strong>·</strong></span> <span class='ocrx_word' id='word_1_425' title='bbox 3165 4102 3328 4176; x_wconf 81' lang='grc' dir='ltr'>ὀγδόη</span> <span class='ocrx_word' id='word_1_426' title='bbox 3371 4107 3400 4162; x_wconf 78' lang='grc' dir='ltr'>ἡ</span> <span class='ocrx_word' id='word_1_427' title='bbox 3448 4113 3538 4156; x_wconf 88' lang='grc' dir='ltr'>τοῦ</span> <span class='ocrx_word' id='word_1_428' title='bbox 3581 4103 3846 4179; x_wconf 76' lang='grc' dir='ltr'>Καλοϐάρ-</span> 
     </span>
    </p>
   </div>
   <div class='ocr_carea' id='block_1_47' title="bbox 485 4189 3850 4268">
    <p class='ocr_par' dir='ltr' id='par_1_47' title="bbox 485 4189 3850 4268">
     <span class='ocr_line' id='line_1_47' title="bbox 485 4189 3850 4268; baseline 0.001 -25"><span class='ocrx_word' id='word_1_429' title='bbox 485 4211 578 4243; x_wconf 91' lang='grc' dir='ltr'>σου</span> <span class='ocrx_word' id='word_1_430' title='bbox 612 4207 624 4219; x_wconf 92' lang='grc'><strong>·</strong></span> <span class='ocrx_word' id='word_1_431' title='bbox 669 4190 847 4248; x_wconf 81' lang='grc' dir='ltr'>ἒννάτη</span> <span class='ocrx_word' id='word_1_432' title='bbox 907 4194 936 4248; x_wconf 81' lang='grc' dir='ltr'><strong>ἡ</strong></span> <span class='ocrx_word' id='word_1_433' title='bbox 969 4201 1069 4242; x_wconf 85' lang='grc' dir='ltr'>τῶν</span> <span class='ocrx_word' id='word_1_434' title='bbox 1101 4194 1350 4264; x_wconf 75' lang='grc' dir='ltr'>Ὀφιτῶυ,</span> <span class='ocrx_word' id='word_1_435' title='bbox 1381 4196 1429 4244; x_wconf 81' lang='grc' dir='ltr'>ἐν</span> <span class='ocrx_word' id='word_1_436' title='bbox 1520 4197 1748 4264; x_wconf 83' lang='grc' dir='ltr'>καὶπερὶ</span> <span class='ocrx_word' id='word_1_437' title='bbox 1773 4201 1885 4258; x_wconf 85' lang='grc' dir='ltr'>τοῦ,</span> <span class='ocrx_word' id='word_1_438' title='bbox 1925 4200 2035 4253; x_wconf 81' lang='grc' dir='ltr'>πῶς</span> <span class='ocrx_word' id='word_1_439' title='bbox 2075 4192 2263 4251; x_wconf 82' lang='grc' dir='ltr'>ἐκλήθη</span> <span class='ocrx_word' id='word_1_440' title='bbox 2298 4213 2539 4267; x_wconf 82' lang='grc' dir='ltr'>φρονιμος</span> <span class='ocrx_word' id='word_1_441' title='bbox 2569 4198 2594 4245; x_wconf 97' lang='lat'>0</span> <span class='ocrx_word' id='word_1_442' title='bbox 2620 4195 2753 4266; x_wconf 69' lang='grc' dir='ltr'>ὄφις,</span> <span class='ocrx_word' id='word_1_443' title='bbox 2784 4199 2873 4246; x_wconf 84' lang='grc' dir='ltr'>καὶ</span> <span class='ocrx_word' id='word_1_444' title='bbox 2903 4200 3022 4265; x_wconf 80' lang='grc' dir='ltr'>περὶ</span> <span class='ocrx_word' id='word_1_445' title='bbox 3051 4197 3270 4256; x_wconf 80' lang='grc' dir='ltr'>αἰώνων,</span> <span class='ocrx_word' id='word_1_446' title='bbox 3300 4198 3391 4246; x_wconf 89' lang='grc' dir='ltr'>καί</span> <span class='ocrx_word' id='word_1_447' title='bbox 3421 4198 3540 4268; x_wconf 88' lang='grc' dir='ltr'>περὶ</span> <span class='ocrx_word' id='word_1_448' title='bbox 3561 4201 3652 4246; x_wconf 81' lang='grc' dir='ltr'>τοῦ</span> <span class='ocrx_word' id='word_1_449' title='bbox 3683 4201 3850 4265; x_wconf 65' lang='grc' dir='ltr'>φυτοῦ</span> 
     </span>
    </p>
   </div>
   <div class='ocr_carea' id='block_1_48' title="bbox 481 4279 3852 4354">
    <p class='ocr_par' dir='ltr' id='par_1_48' title="bbox 481 4279 3852 4354">
     <span class='ocr_line' id='line_1_48' title="bbox 481 4279 3852 4354; baseline 0.001 -22"><span class='ocrx_word' id='word_1_450' title='bbox 481 4287 578 4340; x_wconf 80' lang='grc' dir='ltr'>τῆς</span> <span class='ocrx_word' id='word_1_451' title='bbox 606 4285 867 4349; x_wconf 81' lang='grc' dir='ltr'>γνώσεως,</span> <span class='ocrx_word' id='word_1_452' title='bbox 896 4286 984 4331; x_wconf 85' lang='grc' dir='ltr'>καὶ</span> <span class='ocrx_word' id='word_1_453' title='bbox 1011 4289 1106 4342; x_wconf 77' lang='grc' dir='ltr'>τῆς</span> <span class='ocrx_word' id='word_1_454' title='bbox 1129 4279 1230 4332; x_wconf 82' lang='grc' dir='ltr'>ἀπὸ</span> <span class='ocrx_word' id='word_1_455' title='bbox 1253 4289 1346 4333; x_wconf 87' lang='grc' dir='ltr'>τοῦ</span> <span class='ocrx_word' id='word_1_456' title='bbox 1377 4279 1705 4353; x_wconf 74' lang='grc' dir='ltr'>παραδείσου</span> <span class='ocrx_word' id='word_1_457' title='bbox 1733 4281 1948 4344; x_wconf 66' lang='grc' dir='ltr'>ἐκϐολῆς</span> <span class='ocrx_word' id='word_1_458' title='bbox 1977 4289 2068 4334; x_wconf 87' lang='grc' dir='ltr'>τοῦ</span> <span class='ocrx_word' id='word_1_459' title='bbox 2098 4279 2271 4354; x_wconf 84' lang='grc' dir='ltr'>Ἀδάμ</span> <span class='ocrx_word' id='word_1_460' title='bbox 2300 4299 2313 4314; x_wconf 89' lang='grc'><strong>·</strong></span> <span class='ocrx_word' id='word_1_461' title='bbox 2340 4279 2534 4342; x_wconf 88' lang='grc' dir='ltr'>δεκάτη</span> <span class='ocrx_word' id='word_1_462' title='bbox 2559 4289 2588 4342; x_wconf 87' lang='grc' dir='ltr'>ή</span> <span class='ocrx_word' id='word_1_463' title='bbox 2619 4291 2710 4336; x_wconf 84' lang='grc' dir='ltr'>τοῦ</span> <span class='ocrx_word' id='word_1_464' title='bbox 2739 4280 3089 4354; x_wconf 80' lang='grc' dir='ltr'>Ιῐροδίκου,ὄς</span> <span class='ocrx_word' id='word_1_465' title='bbox 3115 4285 3288 4345; x_wconf 82' lang='grc' dir='ltr'>κοινὰς</span> <span class='ocrx_word' id='word_1_466' title='bbox 3321 4289 3450 4335; x_wconf 79' lang='grc' dir='ltr'>εἰναι</span> <span class='ocrx_word' id='word_1_467' title='bbox 3475 4286 3570 4344; x_wconf 81' lang='grc' dir='ltr'>τὰς</span> <span class='ocrx_word' id='word_1_468' title='bbox 3597 4290 3852 4354; x_wconf 84' lang='grc' dir='ltr'>γυναῖκας</span> 
     </span>
    </p>
   </div>
   <div class='ocr_carea' id='block_1_49' title="bbox 480 4363 3850 4445">
    <p class='ocr_par' dir='ltr' id='par_1_49' title="bbox 480 4363 3850 4445">
     <span class='ocr_line' id='line_1_49' title="bbox 480 4363 3850 4445; baseline 0.001 -25"><span class='ocrx_word' id='word_1_469' title='bbox 480 4363 775 4440; x_wconf 83' lang='grc' dir='ltr'>παρεδίδου</span> <span class='ocrx_word' id='word_1_470' title='bbox 816 4366 1108 4430; x_wconf 76' lang='grc' dir='ltr'>ἀκολούθως</span> <span class='ocrx_word' id='word_1_471' title='bbox 1146 4377 1217 4438; x_wconf 86' lang='grc' dir='ltr'>τῷ</span> <span class='ocrx_word' id='word_1_472' title='bbox 1258 4369 1513 4424; x_wconf 84' lang='grc' dir='ltr'>Πλάτωνι.</span> <span class='ocrx_word' id='word_1_473' title='bbox 1551 4367 1829 4429; x_wconf 87' lang='grc' dir='ltr'>Ἐνδεκάτη</span> <span class='ocrx_word' id='word_1_474' title='bbox 1873 4373 1902 4429; x_wconf 83' lang='grc' dir='ltr'>ἡ</span> <span class='ocrx_word' id='word_1_475' title='bbox 1945 4380 2043 4422; x_wconf 85' lang='grc' dir='ltr'>τῶν</span> <span class='ocrx_word' id='word_1_476' title='bbox 2076 4379 2275 4424; x_wconf 82' lang='grc' dir='ltr'>Καῑνῶν</span> <span class='ocrx_word' id='word_1_477' title='bbox 2310 4390 2321 4402; x_wconf 88' lang='grc'>·</span> <span class='ocrx_word' id='word_1_478' title='bbox 2361 4368 2636 4429; x_wconf 72' lang='grc' dir='ltr'>δωδεκάτη</span> <span class='ocrx_word' id='word_1_479' title='bbox 2683 4374 2712 4428; x_wconf 74' lang='grc' dir='ltr'>ἡ</span> <span class='ocrx_word' id='word_1_480' title='bbox 2760 4381 2858 4422; x_wconf 76' lang='grc' dir='ltr'>τῶν</span> <span class='ocrx_word' id='word_1_481' title='bbox 2891 4374 3151 4429; x_wconf 76' lang='grc' dir='ltr'>Σηθιανὼν</span> <span class='ocrx_word' id='word_1_482' title='bbox 3185 4387 3198 4400; x_wconf 86' lang='grc'><strong><em>⁸</em></strong></span> <span class='ocrx_word' id='word_1_483' title='bbox 3225 4367 3620 4445; x_wconf 83' lang='grc' dir='ltr'>τρισκαδεκάτη</span> <span class='ocrx_word' id='word_1_484' title='bbox 3667 4375 3698 4429; x_wconf 80' lang='grc' dir='ltr'>ἡ</span> <span class='ocrx_word' id='word_1_485' title='bbox 3748 4379 3850 4422; x_wconf 85' lang='grc' dir='ltr'>τῶν</span> 
     </span>
    </p>
   </div>
   <div class='ocr_carea' id='block_1_50' title="bbox 423 4455 3851 4534">
    <p class='ocr_par' dir='ltr' id='par_1_50' title="bbox 423 4455 3851 4534">
     <span class='ocr_line' id='line_1_50' title="bbox 423 4455 3851 4534; baseline 0.001 -28"><span class='ocrx_word' id='word_1_486' title='bbox 423 4481 430 4490; x_wconf 92' lang='grc'><strong><em>-</em></strong></span> <span class='ocrx_word' id='word_1_487' title='bbox 485 4455 839 4526; x_wconf 83' lang='grc' dir='ltr'>Ἀρχοντικών</span> <span class='ocrx_word' id='word_1_488' title='bbox 875 4471 887 4484; x_wconf 83' lang='grc'><strong>“</strong></span> <span class='ocrx_word' id='word_1_489' title='bbox 929 4455 1481 4529; x_wconf 72' lang='grc' dir='ltr'>τεσσαρεσκαιδεκάτη</span> <span class='ocrx_word' id='word_1_490' title='bbox 1525 4463 1554 4516; x_wconf 85' lang='grc' dir='ltr'>ή</span> <span class='ocrx_word' id='word_1_491' title='bbox 1589 4467 1680 4511; x_wconf 87' lang='grc' dir='ltr'>τοῦ</span> <span class='ocrx_word' id='word_1_492' title='bbox 1722 4463 1976 4532; x_wconf 82' lang='grc' dir='ltr'>Κέροωνος</span> <span class='ocrx_word' id='word_1_493' title='bbox 2007 4463 2095 4512; x_wconf 85' lang='grc' dir='ltr'>καὶ</span> <span class='ocrx_word' id='word_1_494' title='bbox 2134 4465 2456 4532; x_wconf 82' lang='grc' dir='ltr'>Μαρκίωνος,</span> <span class='ocrx_word' id='word_1_495' title='bbox 2489 4459 2538 4512; x_wconf 81' lang='grc' dir='ltr'>ἐν</span> <span class='ocrx_word' id='word_1_496' title='bbox 2650 4465 2738 4512; x_wconf 82' lang='grc' dir='ltr'>καὶ</span> <span class='ocrx_word' id='word_1_497' title='bbox 2767 4465 2886 4534; x_wconf 86' lang='grc' dir='ltr'>περὶ</span> <span class='ocrx_word' id='word_1_498' title='bbox 2917 4468 3008 4520; x_wconf 82' lang='grc' dir='ltr'>τῆς</span> <span class='ocrx_word' id='word_1_499' title='bbox 3037 4461 3179 4520; x_wconf 79' lang='grc' dir='ltr'>ὑλης.</span> <span class='ocrx_word' id='word_1_500' title='bbox 3213 4455 3660 4528; x_wconf 75' lang='grc' dir='ltr'>Πεντεκαιδεκάτη</span> <span class='ocrx_word' id='word_1_501' title='bbox 3695 4463 3724 4516; x_wconf 83' lang='grc' dir='ltr'>ή</span> <span class='ocrx_word' id='word_1_502' title='bbox 3755 4467 3851 4511; x_wconf 79' lang='grc' dir='ltr'>τοῦ</span> 
     </span>
    </p>
   </div>
   <div class='ocr_carea' id='block_1_51' title="bbox 482 4539 3850 4622">
    <p class='ocr_par' dir='ltr' id='par_1_51' title="bbox 482 4539 3850 4622">
     <span class='ocr_line' id='line_1_51' title="bbox 482 4539 3850 4622; baseline 0.001 -27"><span class='ocrx_word' id='word_1_503' title='bbox 482 4549 776 4595; x_wconf 71' lang='grc' dir='ltr'>Λουκιανοῦ</span> <span class='ocrx_word' id='word_1_504' title='bbox 809 4559 822 4571; x_wconf 86' lang='grc'><em>’</em></span> <span class='ocrx_word' id='word_1_505' title='bbox 858 4539 1202 4606; x_wconf 73' lang='grc' dir='ltr'>ἑξκαιδεκάτῃ</span> <span class='ocrx_word' id='word_1_506' title='bbox 1235 4550 1264 4602; x_wconf 82' lang='grc' dir='ltr'>ή</span> <span class='ocrx_word' id='word_1_507' title='bbox 1290 4553 1381 4596; x_wconf 83' lang='grc' dir='ltr'>τοῦ</span> <span class='ocrx_word' id='word_1_508' title='bbox 1414 4546 1629 4604; x_wconf 76' lang='grc' dir='ltr'>Ἀπελλῆ</span> <span class='ocrx_word' id='word_1_509' title='bbox 1670 4567 1682 4580; x_wconf 90' lang='grc'><strong>·</strong></span> <span class='ocrx_word' id='word_1_510' title='bbox 1711 4543 2134 4605; x_wconf 80' lang='grc' dir='ltr'>ἑπτακαιδεκάτη</span> <span class='ocrx_word' id='word_1_511' title='bbox 2168 4551 2198 4606; x_wconf 78' lang='grc' dir='ltr'><em>ὴ</em></span> <span class='ocrx_word' id='word_1_512' title='bbox 2218 4556 2306 4599; x_wconf 85' lang='grc' dir='ltr'>τοῦ</span> <span class='ocrx_word' id='word_1_513' title='bbox 2337 4547 2648 4622; x_wconf 75' lang='grc' dir='ltr'>Σεϐηριανοῦ</span> <span class='ocrx_word' id='word_1_514' title='bbox 2683 4567 2696 4579; x_wconf 88' lang='lat'>&#39;</span> <span class='ocrx_word' id='word_1_515' title='bbox 2731 4546 3164 4605; x_wconf 79' lang='grc' dir='ltr'>ωκτάκαιδεκατη</span> <span class='ocrx_word' id='word_1_516' title='bbox 3201 4551 3229 4606; x_wconf 76' lang='grc' dir='ltr'><strong>ἡ</strong></span> <span class='ocrx_word' id='word_1_517' title='bbox 3263 4555 3356 4600; x_wconf 86' lang='grc' dir='ltr'>τοῦ</span> <span class='ocrx_word' id='word_1_518' title='bbox 3376 4555 3632 4600; x_wconf 86' lang='grc' dir='ltr'>Τατιανοῦ</span> <span class='ocrx_word' id='word_1_519' title='bbox 3658 4561 3673 4574; x_wconf 85' lang='lat'>&#39;</span> <span class='ocrx_word' id='word_1_520' title='bbox 3700 4545 3850 4600; x_wconf 81' lang='grc' dir='ltr'>ἐννα-</span> 
     </span>
    </p>
   </div>
   <div class='ocr_carea' id='block_1_52' title="bbox 479 4628 3850 4710">
    <p class='ocr_par' dir='ltr' id='par_1_52' title="bbox 479 4628 3850 4710">
     <span class='ocr_line' id='line_1_52' title="bbox 479 4628 3850 4710; baseline 0.001 -27"><span class='ocrx_word' id='word_1_521' title='bbox 479 4628 769 4689; x_wconf 88' lang='grc' dir='ltr'>καιδεκάτη</span> <span class='ocrx_word' id='word_1_522' title='bbox 798 4636 828 4688; x_wconf 83' lang='grc' dir='ltr'>η</span> <span class='ocrx_word' id='word_1_523' title='bbox 856 4639 956 4682; x_wconf 86' lang='grc' dir='ltr'>τῶν</span> <span class='ocrx_word' id='word_1_524' title='bbox 987 4631 1375 4706; x_wconf 84' lang='grc' dir='ltr'>Ἐγκρατητὼν·</span> <span class='ocrx_word' id='word_1_525' title='bbox 1414 4635 1624 4693; x_wconf 62' lang='grc' dir='ltr'>εἰκοσεή</span> <span class='ocrx_word' id='word_1_526' title='bbox 1669 4639 1698 4692; x_wconf 82' lang='grc' dir='ltr'>ἡ</span> <span class='ocrx_word' id='word_1_527' title='bbox 1741 4645 1838 4686; x_wconf 77' lang='grc' dir='ltr'>τῶν</span> <span class='ocrx_word' id='word_1_528' title='bbox 1877 4635 2335 4708; x_wconf 83' lang='grc' dir='ltr'>Ἀσκοδρουγιτῶν</span> <span class='ocrx_word' id='word_1_529' title='bbox 2371 4659 2381 4669; x_wconf 94' lang='grc'>·</span> <span class='ocrx_word' id='word_1_530' title='bbox 2415 4637 2622 4696; x_wconf 81' lang='grc' dir='ltr'>εἰκοστὴ</span> <span class='ocrx_word' id='word_1_531' title='bbox 2657 4642 2836 4709; x_wconf 81' lang='grc' dir='ltr'>πρώτη</span> <span class='ocrx_word' id='word_1_532' title='bbox 2870 4643 2900 4694; x_wconf 80' lang='grc' dir='ltr'><em>ὴ</em></span> <span class='ocrx_word' id='word_1_533' title='bbox 2929 4645 3027 4688; x_wconf 87' lang='grc' dir='ltr'>τῶν</span> <span class='ocrx_word' id='word_1_534' title='bbox 3057 4637 3402 4690; x_wconf 84' lang='grc' dir='ltr'>Κυντιλιανών</span> <span class='ocrx_word' id='word_1_535' title='bbox 3435 4642 3526 4689; x_wconf 82' lang='grc' dir='ltr'>καὶ</span> <span class='ocrx_word' id='word_1_536' title='bbox 3569 4635 3850 4710; x_wconf 84' lang='grc' dir='ltr'>ΙΙρισκιλι-</span> 
     </span>
    </p>
   </div>
   <div class='ocr_carea' id='block_1_53' title="bbox 482 4720 3848 4798">
    <p class='ocr_par' dir='ltr' id='par_1_53' title="bbox 482 4720 3848 4798">
     <span class='ocr_line' id='line_1_53' title="bbox 482 4720 3848 4798; baseline 0.001 -27"><span class='ocrx_word' id='word_1_537' title='bbox 482 4728 612 4771; x_wconf 84' lang='grc' dir='ltr'>ανῶν</span> <span class='ocrx_word' id='word_1_538' title='bbox 638 4725 728 4772; x_wconf 87' lang='grc' dir='ltr'>καί</span> <span class='ocrx_word' id='word_1_539' title='bbox 758 4720 1112 4780; x_wconf 78' lang='grc' dir='ltr'>ΙΙεπουζιτών,</span> <span class='ocrx_word' id='word_1_540' title='bbox 1136 4727 1226 4772; x_wconf 86' lang='grc' dir='ltr'>καὶ</span> <span class='ocrx_word' id='word_1_541' title='bbox 1260 4722 1632 4796; x_wconf 84' lang='grc' dir='ltr'>Ἀρτοτυριτῶν</span> <span class='ocrx_word' id='word_1_542' title='bbox 1676 4739 1688 4750; x_wconf 86' lang='grc'><strong>’</strong></span> <span class='ocrx_word' id='word_1_543' title='bbox 1724 4723 1932 4782; x_wconf 79' lang='grc' dir='ltr'>εἰκοστὴ</span> <span class='ocrx_word' id='word_1_544' title='bbox 1959 4721 2178 4796; x_wconf 85' lang='grc' dir='ltr'>δευτέρα</span> <span class='ocrx_word' id='word_1_545' title='bbox 2209 4729 2238 4783; x_wconf 84' lang='grc' dir='ltr'>ή</span> <span class='ocrx_word' id='word_1_546' title='bbox 2275 4733 2371 4776; x_wconf 83' lang='grc' dir='ltr'>τῶν</span> <span class='ocrx_word' id='word_1_547' title='bbox 2401 4723 3070 4798; x_wconf 76' lang='grc' dir='ltr'>Τεσσαρεσκαιδεκατιτῶν,</span> <span class='ocrx_word' id='word_1_548' title='bbox 3113 4723 3161 4776; x_wconf 85' lang='grc' dir='ltr'>ἐν</span> <span class='ocrx_word' id='word_1_549' title='bbox 3257 4729 3348 4776; x_wconf 89' lang='grc' dir='ltr'>καί</span> <span class='ocrx_word' id='word_1_550' title='bbox 3391 4730 3511 4797; x_wconf 84' lang='grc' dir='ltr'>περὶ</span> <span class='ocrx_word' id='word_1_551' title='bbox 3549 4733 3648 4777; x_wconf 85' lang='grc' dir='ltr'>τῶν</span> <span class='ocrx_word' id='word_1_552' title='bbox 3696 4727 3848 4777; x_wconf 85' lang='grc' dir='ltr'>θείων</span> 
     </span>
    </p>
   </div>
   <div class='ocr_carea' id='block_1_54' title="bbox 480 4810 3850 4885">
    <p class='ocr_par' dir='ltr' id='par_1_54' title="bbox 480 4810 3850 4885">
     <span class='ocr_line' id='line_1_54' title="bbox 480 4810 3850 4885; baseline 0.001 -25"><span class='ocrx_word' id='word_1_553' title='bbox 480 4813 786 4882; x_wconf 85' lang='grc' dir='ltr'>μυστηρίων</span> <span class='ocrx_word' id='word_1_554' title='bbox 809 4827 820 4838; x_wconf 93' lang='lat'>&#39;</span> <span class='ocrx_word' id='word_1_555' title='bbox 843 4812 1052 4867; x_wconf 80' lang='grc' dir='ltr'>εἰκοστή</span> <span class='ocrx_word' id='word_1_556' title='bbox 1085 4813 1232 4882; x_wconf 88' lang='grc' dir='ltr'>τρίτη</span> <span class='ocrx_word' id='word_1_557' title='bbox 1262 4815 1292 4867; x_wconf 84' lang='grc' dir='ltr'>ή</span> <span class='ocrx_word' id='word_1_558' title='bbox 1325 4818 1426 4860; x_wconf 86' lang='grc' dir='ltr'>τῶν</span> <span class='ocrx_word' id='word_1_559' title='bbox 1454 4811 1708 4881; x_wconf 83' lang='grc' dir='ltr'>Ἀλόγων·</span> <span class='ocrx_word' id='word_1_560' title='bbox 1728 4812 1936 4870; x_wconf 84' lang='grc' dir='ltr'>εἰκοστή</span> <span class='ocrx_word' id='word_1_561' title='bbox 1967 4815 2182 4884; x_wconf 85' lang='grc' dir='ltr'>τετάρτη</span> <span class='ocrx_word' id='word_1_562' title='bbox 2213 4821 2241 4870; x_wconf 74' lang='grc' dir='ltr'><strong><em>ἦ</em></strong></span> <span class='ocrx_word' id='word_1_563' title='bbox 2271 4810 2746 4885; x_wconf 77' lang='grc' dir='ltr'>τώνἈδαμιανων·</span> <span class='ocrx_word' id='word_1_564' title='bbox 2765 4815 2972 4870; x_wconf 81' lang='grc' dir='ltr'>εἰκοστή</span> <span class='ocrx_word' id='word_1_565' title='bbox 3004 4816 3212 4885; x_wconf 83' lang='grc' dir='ltr'>πέμπτη</span> <span class='ocrx_word' id='word_1_566' title='bbox 3249 4818 3278 4870; x_wconf 81' lang='grc' dir='ltr'><em>ὴ</em></span> <span class='ocrx_word' id='word_1_567' title='bbox 3317 4821 3416 4865; x_wconf 79' lang='grc' dir='ltr'>τῶν</span> <span class='ocrx_word' id='word_1_568' title='bbox 3445 4813 3727 4884; x_wconf 75' lang='grc' dir='ltr'>Σαμψαίων</span> <span class='ocrx_word' id='word_1_569' title='bbox 3757 4817 3850 4864; x_wconf 80' lang='grc' dir='ltr'>καὶ</span> 
     </span>
    </p>
   </div>
   <div class='ocr_carea' id='block_1_55' title="bbox 479 4897 3846 4973">
    <p class='ocr_par' dir='ltr' id='par_1_55' title="bbox 479 4897 3846 4973">
     <span class='ocr_line' id='line_1_55' title="bbox 479 4897 3846 4973; baseline 0.001 -23"><span class='ocrx_word' id='word_1_570' title='bbox 479 4897 807 4964; x_wconf 78' lang='grc' dir='ltr'>Ἑλκεσαίων,</span> <span class='ocrx_word' id='word_1_571' title='bbox 837 4897 885 4950; x_wconf 78' lang='grc' dir='ltr'>ἐν</span> <span class='ocrx_word' id='word_1_572' title='bbox 971 4903 1058 4950; x_wconf 84' lang='grc' dir='ltr'>καὶ</span> <span class='ocrx_word' id='word_1_573' title='bbox 1087 4902 1207 4971; x_wconf 79' lang='grc' dir='ltr'>περὶ</span> <span class='ocrx_word' id='word_1_574' title='bbox 1231 4906 1328 4969; x_wconf 76' lang='grc' dir='ltr'>τῇς</span> <span class='ocrx_word' id='word_1_575' title='bbox 1369 4905 1683 4971; x_wconf 85' lang='grc' dir='ltr'>σαρκώσεως</span> <span class='ocrx_word' id='word_1_576' title='bbox 1711 4908 1803 4952; x_wconf 85' lang='grc' dir='ltr'>τοῦ</span> <span class='ocrx_word' id='word_1_577' title='bbox 1833 4905 2008 4970; x_wconf 89' lang='grc' dir='ltr'>Λόγου</span> <span class='ocrx_word' id='word_1_578' title='bbox 2043 4917 2056 4929; x_wconf 89' lang='grc'><strong>·</strong></span> <span class='ocrx_word' id='word_1_579' title='bbox 2091 4905 2298 4958; x_wconf 78' lang='grc' dir='ltr'>εἰκοστή</span> <span class='ocrx_word' id='word_1_580' title='bbox 2336 4903 2457 4956; x_wconf 87' lang='grc' dir='ltr'>ἒκτη</span> <span class='ocrx_word' id='word_1_581' title='bbox 2491 4905 2521 4958; x_wconf 78' lang='grc' dir='ltr'><strong>ἡ</strong></span> <span class='ocrx_word' id='word_1_582' title='bbox 2545 4909 2641 4953; x_wconf 81' lang='grc' dir='ltr'>τῶν</span> <span class='ocrx_word' id='word_1_583' title='bbox 2667 4897 3044 4970; x_wconf 81' lang='grc' dir='ltr'>Θεοδοτιανών,</span> <span class='ocrx_word' id='word_1_584' title='bbox 3074 4899 3120 4952; x_wconf 87' lang='grc' dir='ltr'>ἐν</span> <span class='ocrx_word' id='word_1_585' title='bbox 3204 4906 3292 4952; x_wconf 86' lang='grc' dir='ltr'>καί</span> <span class='ocrx_word' id='word_1_586' title='bbox 3306 4905 3512 4962; x_wconf 80' lang='grc' dir='ltr'>τό,πῶς</span> <span class='ocrx_word' id='word_1_587' title='bbox 3531 4903 3744 4959; x_wconf 73' lang='grc' dir='ltr'>νοεῖται,</span> <span class='ocrx_word' id='word_1_588' title='bbox 3771 4910 3846 4971; x_wconf 79' lang='grc' dir='ltr'>τῷ</span> 
     </span>
    </p>
   </div>
   <div class='ocr_carea' id='block_1_56' title="bbox 482 4981 3841 5060">
    <p class='ocr_par' dir='ltr' id='par_1_56' title="bbox 482 4981 3841 5060">
     <span class='ocr_line' id='line_1_56' title="bbox 482 4981 3841 5060; baseline 0.001 -24"><span class='ocrx_word' id='word_1_589' title='bbox 482 4981 542 5036; x_wconf 79' lang='grc' dir='ltr'>δε</span> <span class='ocrx_word' id='word_1_590' title='bbox 572 4985 638 5046; x_wconf 85' lang='grc' dir='ltr'>εὶς</span> <span class='ocrx_word' id='word_1_591' title='bbox 681 4991 740 5038; x_wconf 87' lang='grc' dir='ltr'>τό</span> <span class='ocrx_word' id='word_1_592' title='bbox 790 4991 1001 5058; x_wconf 84' lang='grc' dir='ltr'>Πνεῦμα</span> <span class='ocrx_word' id='word_1_593' title='bbox 1039 4983 1482 5057; x_wconf 68' lang='grc' dir='ltr'>βλασφημήσαντι</span> <span class='ocrx_word' id='word_1_594' title='bbox 1536 4987 1631 5038; x_wconf 65' lang='grc' dir='ltr'>οὐκ</span> <span class='ocrx_word' id='word_1_595' title='bbox 1679 4985 1994 5058; x_wconf 69' lang='grc' dir='ltr'>ἀφεθήσεται</span> <span class='ocrx_word' id='word_1_596' title='bbox 2027 5003 2040 5016; x_wconf 87' lang='lat'>&#39;</span> <span class='ocrx_word' id='word_1_597' title='bbox 2083 4989 2288 5047; x_wconf 78' lang='grc' dir='ltr'>εἰκοστή</span> <span class='ocrx_word' id='word_1_598' title='bbox 2333 4985 2531 5060; x_wconf 74' lang='grc' dir='ltr'>ἑϐδόμη</span> <span class='ocrx_word' id='word_1_599' title='bbox 2565 4991 2594 5048; x_wconf 77' lang='grc' dir='ltr'><em>ὴ</em></span> <span class='ocrx_word' id='word_1_600' title='bbox 2641 4999 2734 5041; x_wconf 84' lang='grc' dir='ltr'>τοῦ</span> <span class='ocrx_word' id='word_1_601' title='bbox 2788 4994 2994 5047; x_wconf 89' lang='grc' dir='ltr'>Νοήτου</span> <span class='ocrx_word' id='word_1_602' title='bbox 3025 4993 3116 5041; x_wconf 90' lang='grc' dir='ltr'>καί</span> <span class='ocrx_word' id='word_1_603' title='bbox 3155 4997 3248 5041; x_wconf 82' lang='grc' dir='ltr'>τοῦ</span> <span class='ocrx_word' id='word_1_604' title='bbox 3297 4988 3543 5041; x_wconf 73' lang='grc' dir='ltr'>Ναϐάτου</span> <span class='ocrx_word' id='word_1_605' title='bbox 3570 5005 3582 5018; x_wconf 92' lang='lat'>&#39;</span> <span class='ocrx_word' id='word_1_606' title='bbox 3627 4991 3841 5046; x_wconf 83' lang='grc' dir='ltr'>εἰκοστή</span> 
     </span>
    </p>
   </div>
   <div class='ocr_carea' id='block_1_57' title="bbox 485 5070 3851 5152">
    <p class='ocr_par' dir='ltr' id='par_1_57' title="bbox 485 5070 3851 5152">
     <span class='ocr_line' id='line_1_57' title="bbox 485 5070 3851 5152; baseline 0.001 -27"><span class='ocrx_word' id='word_1_607' title='bbox 485 5070 652 5145; x_wconf 80' lang='grc' dir='ltr'>ὀγδόη</span> <span class='ocrx_word' id='word_1_608' title='bbox 689 5075 718 5132; x_wconf 76' lang='grc' dir='ltr'>η</span> <span class='ocrx_word' id='word_1_609' title='bbox 751 5083 843 5126; x_wconf 83' lang='grc' dir='ltr'>τοῦ</span> <span class='ocrx_word' id='word_1_610' title='bbox 875 5075 1153 5127; x_wconf 74' lang='grc' dir='ltr'>Σαϐελλίου</span> <span class='ocrx_word' id='word_1_611' title='bbox 1189 5093 1202 5104; x_wconf 91' lang='grc'><strong>·</strong></span> <span class='ocrx_word' id='word_1_612' title='bbox 1248 5075 1456 5133; x_wconf 79' lang='grc' dir='ltr'>εἰκοστή</span> <span class='ocrx_word' id='word_1_613' title='bbox 1493 5075 1666 5132; x_wconf 79' lang='grc' dir='ltr'>ἐννάτη</span> <span class='ocrx_word' id='word_1_614' title='bbox 1697 5077 1725 5134; x_wconf 80' lang='grc' dir='ltr'><em>ὴ</em></span> <span class='ocrx_word' id='word_1_615' title='bbox 1757 5083 1848 5128; x_wconf 86' lang='grc' dir='ltr'>τοῦ</span> <span class='ocrx_word' id='word_1_616' title='bbox 1869 5076 2170 5148; x_wconf 84' lang='grc' dir='ltr'>Μαρκέλλου</span> <span class='ocrx_word' id='word_1_617' title='bbox 2213 5117 2226 5131; x_wconf 91' lang='grc'><strong>.</strong></span> <span class='ocrx_word' id='word_1_618' title='bbox 2259 5081 2546 5150; x_wconf 80' lang='grc' dir='ltr'>τριακοστὴ</span> <span class='ocrx_word' id='word_1_619' title='bbox 2579 5078 2619 5128; x_wconf 87' lang='grc' dir='ltr'><strong>ὠ</strong></span> <span class='ocrx_word' id='word_1_620' title='bbox 2648 5082 2746 5129; x_wconf 85' lang='grc' dir='ltr'>τὼν</span> <span class='ocrx_word' id='word_1_621' title='bbox 2779 5077 3090 5134; x_wconf 74' lang='grc' dir='ltr'>Οὗαλησίων</span> <span class='ocrx_word' id='word_1_622' title='bbox 3116 5095 3129 5107; x_wconf 91' lang='lat'>&#39;</span> <span class='ocrx_word' id='word_1_623' title='bbox 3170 5081 3459 5152; x_wconf 79' lang='grc' dir='ltr'>τριακοστή</span> <span class='ocrx_word' id='word_1_624' title='bbox 3483 5082 3663 5148; x_wconf 84' lang='grc' dir='ltr'>πρώτη</span> <span class='ocrx_word' id='word_1_625' title='bbox 3699 5077 3728 5134; x_wconf 71' lang='grc' dir='ltr'><em>ἦ</em></span> <span class='ocrx_word' id='word_1_626' title='bbox 3753 5085 3851 5128; x_wconf 73' lang='grc' dir='ltr'>τοῦ</span> 
     </span>
    </p>
   </div>
   <div class='ocr_carea' id='block_1_58' title="bbox 481 5161 3852 5240">
    <p class='ocr_par' dir='ltr' id='par_1_58' title="bbox 481 5161 3852 5240">
     <span class='ocr_line' id='line_1_58' title="bbox 481 5161 3852 5240; baseline 0.001 -26"><span class='ocrx_word' id='word_1_627' title='bbox 481 5163 792 5236; x_wconf 73' lang='grc' dir='ltr'>Ὠριγένους,</span> <span class='ocrx_word' id='word_1_628' title='bbox 818 5162 865 5214; x_wconf 73' lang='grc' dir='ltr'>ἓν</span> <span class='ocrx_word' id='word_1_629' title='bbox 959 5169 1049 5216; x_wconf 90' lang='grc' dir='ltr'>καί</span> <span class='ocrx_word' id='word_1_630' title='bbox 1090 5161 1335 5238; x_wconf 73' lang='grc' dir='ltr'>διάφοροι</span> <span class='ocrx_word' id='word_1_631' title='bbox 1361 5162 1513 5227; x_wconf 85' lang='grc' dir='ltr'>δόξαι</span> <span class='ocrx_word' id='word_1_632' title='bbox 1533 5164 1824 5222; x_wconf 81' lang='grc' dir='ltr'>Ἑλληνικαί</span> <span class='ocrx_word' id='word_1_633' title='bbox 1851 5170 1971 5236; x_wconf 89' lang='grc' dir='ltr'>περί</span> <span class='ocrx_word' id='word_1_634' title='bbox 2008 5165 2218 5236; x_wconf 76' lang='grc' dir='ltr'>ψυχῆς,</span> <span class='ocrx_word' id='word_1_635' title='bbox 2245 5171 2334 5218; x_wconf 85' lang='grc' dir='ltr'>καί</span> <span class='ocrx_word' id='word_1_636' title='bbox 2365 5166 2609 5240; x_wconf 82' lang='grc' dir='ltr'>ἑρμηνεία</span> <span class='ocrx_word' id='word_1_637' title='bbox 2649 5175 2740 5217; x_wconf 85' lang='grc' dir='ltr'>τοῦ</span> <span class='ocrx_word' id='word_1_638' title='bbox 2789 5165 3140 5218; x_wconf 83' lang='grc' dir='ltr'>άποστολικοῦ</span> <span class='ocrx_word' id='word_1_639' title='bbox 3168 5166 3355 5240; x_wconf 75' lang='grc' dir='ltr'>ῥητοῦ,</span> <span class='ocrx_word' id='word_1_640' title='bbox 3388 5167 3413 5218; x_wconf 89' lang='grc' dir='ltr'><strong><em>ὃ</em></strong></span> <span class='ocrx_word' id='word_1_641' title='bbox 3453 5185 3631 5237; x_wconf 70' lang='grc' dir='ltr'>φησιν,</span> <span class='ocrx_word' id='word_1_642' title='bbox 3660 5165 3852 5217; x_wconf 79' lang='grc' dir='ltr'>Ἐκάσ-</span> 
     </span>
    </p>
   </div>
   <div class='ocr_carea' id='block_1_59' title="bbox 387 5251 3846 5330">
    <p class='ocr_par' dir='ltr' id='par_1_59' title="bbox 387 5251 3846 5330">
     <span class='ocr_line' id='line_1_59' title="bbox 387 5251 3846 5330; baseline -0.001 -24"><span class='ocrx_word' id='word_1_643' title='bbox 387 5289 390 5292; x_wconf 80' lang='lat'><strong><em>~</em></strong></span> <span class='ocrx_word' id='word_1_644' title='bbox 478 5267 570 5306; x_wconf 83' lang='grc' dir='ltr'>του</span> <span class='ocrx_word' id='word_1_645' title='bbox 607 5256 672 5304; x_wconf 71' lang='grc' dir='ltr'>ετὸ</span> <span class='ocrx_word' id='word_1_646' title='bbox 703 5256 848 5326; x_wconf 75' lang='grc' dir='ltr'>ἔργον</span> <span class='ocrx_word' id='word_1_647' title='bbox 869 5256 1046 5306; x_wconf 84' lang='grc' dir='ltr'>ὁποῖόν</span> <span class='ocrx_word' id='word_1_648' title='bbox 1077 5253 1190 5307; x_wconf 83' lang='grc' dir='ltr'>ἐστι</span> <span class='ocrx_word' id='word_1_649' title='bbox 1221 5259 1278 5307; x_wconf 86' lang='grc' dir='ltr'>τὸ</span> <span class='ocrx_word' id='word_1_650' title='bbox 1309 5262 1412 5327; x_wconf 86' lang='grc' dir='ltr'>πῦρ</span> <span class='ocrx_word' id='word_1_651' title='bbox 1446 5252 1748 5326; x_wconf 78' lang='grc' dir='ltr'>δοκιμάσει.</span> <span class='ocrx_word' id='word_1_652' title='bbox 1775 5277 1804 5304; x_wconf 75' lang='grc' dir='ltr'><strong>υ</strong></span> <span class='ocrx_word' id='word_1_653' title='bbox 1829 5259 2128 5329; x_wconf 73' lang='grc' dir='ltr'>Τριακόστή</span> <span class='ocrx_word' id='word_1_654' title='bbox 2173 5251 2390 5330; x_wconf 79' lang='grc' dir='ltr'>δευτέρα</span> <span class='ocrx_word' id='word_1_655' title='bbox 2418 5256 2447 5312; x_wconf 77' lang='grc' dir='ltr'>η</span> <span class='ocrx_word' id='word_1_656' title='bbox 2485 5255 2693 5308; x_wconf 85' lang='grc' dir='ltr'>Παύλου</span> <span class='ocrx_word' id='word_1_657' title='bbox 2723 5264 2816 5308; x_wconf 88' lang='grc' dir='ltr'>τοῦ</span> <span class='ocrx_word' id='word_1_658' title='bbox 2855 5259 3198 5327; x_wconf 81' lang='grc' dir='ltr'>Σαμοσατέως</span> <span class='ocrx_word' id='word_1_659' title='bbox 3225 5275 3238 5288; x_wconf 89' lang='grc'><strong>·</strong></span> <span class='ocrx_word' id='word_1_660' title='bbox 3271 5259 3562 5328; x_wconf 82' lang='grc' dir='ltr'>τριακοστὴ</span> <span class='ocrx_word' id='word_1_661' title='bbox 3615 5273 3768 5328; x_wconf 83' lang='grc' dir='ltr'>τριτη</span> <span class='ocrx_word' id='word_1_662' title='bbox 3811 5253 3846 5312; x_wconf 75' lang='grc' dir='ltr'>ἠ</span> 
     </span>
    </p>
   </div>
   <div class='ocr_carea' id='block_1_60' title="bbox 477 5333 3854 5418">
    <p class='ocr_par' dir='ltr' id='par_1_60' title="bbox 477 5341 3854 5418">
     <span class='ocr_line' id='line_1_60' title="bbox 477 5341 3854 5418; baseline -0 -24"><span class='ocrx_word' id='word_1_663' title='bbox 477 5351 576 5394; x_wconf 83' lang='grc' dir='ltr'>τῶν</span> <span class='ocrx_word' id='word_1_664' title='bbox 615 5347 924 5413; x_wconf 83' lang='grc' dir='ltr'>Μανιχαίων</span> <span class='ocrx_word' id='word_1_665' title='bbox 967 5348 1058 5394; x_wconf 84' lang='grc' dir='ltr'>καί</span> <span class='ocrx_word' id='word_1_666' title='bbox 1091 5342 1412 5416; x_wconf 79' lang='grc' dir='ltr'>Κουϐρίκων,</span> <span class='ocrx_word' id='word_1_667' title='bbox 1454 5342 1502 5395; x_wconf 82' lang='grc' dir='ltr'>ἐν</span> <span class='ocrx_word' id='word_1_668' title='bbox 1625 5349 1714 5395; x_wconf 89' lang='grc' dir='ltr'>καί</span> <span class='ocrx_word' id='word_1_669' title='bbox 1745 5342 1999 5414; x_wconf 73' lang='grc' dir='ltr'>ἐξήγησις</span> <span class='ocrx_word' id='word_1_670' title='bbox 2027 5353 2118 5396; x_wconf 87' lang='grc' dir='ltr'>τοῦ</span> <span class='ocrx_word' id='word_1_671' title='bbox 2151 5343 2500 5396; x_wconf 75' lang='grc' dir='ltr'>ἀποστολικοῦ</span> <span class='ocrx_word' id='word_1_672' title='bbox 2527 5345 2692 5418; x_wconf 79' lang='grc' dir='ltr'>ῥητοῦ</span> <span class='ocrx_word' id='word_1_673' title='bbox 2722 5344 2976 5415; x_wconf 73' lang='grc' dir='ltr'>λέγοντός⁹</span> <span class='ocrx_word' id='word_1_674' title='bbox 3022 5365 3050 5394; x_wconf 73' lang='grc' dir='ltr'>α</span> <span class='ocrx_word' id='word_1_675' title='bbox 3089 5344 3171 5396; x_wconf 86' lang='grc' dir='ltr'>Ἐν</span> <span class='ocrx_word' id='word_1_676' title='bbox 3225 5345 3518 5416; x_wconf 85' lang='grc' dir='ltr'>ὁμοιώματι</span> <span class='ocrx_word' id='word_1_677' title='bbox 3565 5341 3854 5415; x_wconf 77' lang='grc' dir='ltr'>ἀνθρώπου</span> 
     </span>
    </p>
   </div>
   <div class='ocr_carea' id='block_1_61' title="bbox 478 5434 3850 5508">
    <p class='ocr_par' dir='ltr' id='par_1_61' title="bbox 478 5434 3850 5508">
     <span class='ocr_line' id='line_1_61' title="bbox 478 5434 3850 5508; baseline 0 -26"><span class='ocrx_word' id='word_1_678' title='bbox 478 5437 698 5504; x_wconf 76' lang='grc' dir='ltr'>φανῆναι</span> <span class='ocrx_word' id='word_1_679' title='bbox 721 5435 806 5482; x_wconf 82' lang='grc' dir='ltr'>τόν</span> <span class='ocrx_word' id='word_1_680' title='bbox 837 5434 1047 5504; x_wconf 76' lang='grc' dir='ltr'>Κύριον.</span> <span class='ocrx_word' id='word_1_681' title='bbox 1087 5438 1176 5484; x_wconf 84' lang='grc' dir='ltr'>καί</span> <span class='ocrx_word' id='word_1_682' title='bbox 1209 5434 1744 5508; x_wconf 32' lang='grc' dir='ltr'>σχήματιξεῦρεθῆναι</span> <span class='ocrx_word' id='word_1_683' title='bbox 1775 5439 1838 5494; x_wconf 83' lang='grc' dir='ltr'>ὡς</span> <span class='ocrx_word' id='word_1_684' title='bbox 1885 5435 2156 5507; x_wconf 78' lang='grc' dir='ltr'>ἄνθρωπον</span> <span class='ocrx_word' id='word_1_685' title='bbox 2201 5455 2214 5466; x_wconf 93' lang='grc'>·</span> <span class='ocrx_word' id='word_1_686' title='bbox 2259 5455 2286 5484; x_wconf 83' lang='grc'><strong>››</strong></span> <span class='ocrx_word' id='word_1_687' title='bbox 2337 5437 2626 5506; x_wconf 84' lang='grc' dir='ltr'>τριακοστὴ</span> <span class='ocrx_word' id='word_1_688' title='bbox 2667 5436 2889 5506; x_wconf 83' lang='grc' dir='ltr'>τετάρτη</span> <span class='ocrx_word' id='word_1_689' title='bbox 2931 5436 2960 5490; x_wconf 81' lang='grc' dir='ltr'><strong>ἡ</strong></span> <span class='ocrx_word' id='word_1_690' title='bbox 3022 5441 3122 5485; x_wconf 84' lang='grc' dir='ltr'>τῶν</span> <span class='ocrx_word' id='word_1_691' title='bbox 3175 5439 3472 5507; x_wconf 81' lang='grc' dir='ltr'>⁶Ιερατικῶν</span> <span class='ocrx_word' id='word_1_692' title='bbox 3505 5449 3518 5462; x_wconf 83' lang='lat'><strong><em>°</em></strong></span> <span class='ocrx_word' id='word_1_693' title='bbox 3549 5437 3850 5504; x_wconf 82' lang='grc' dir='ltr'>τριακοστὴ</span> 
     </span>
    </p>
   </div>
   <div class='ocr_carea' id='block_1_62' title="bbox 475 5519 3860 5600">
    <p class='ocr_par' dir='ltr' id='par_1_62' title="bbox 475 5519 3860 5598">
     <span class='ocr_line' id='line_1_62' title="bbox 475 5519 3860 5598; baseline -0.001 -26"><span class='ocrx_word' id='word_1_694' title='bbox 475 5523 690 5592; x_wconf 69' lang='grc' dir='ltr'>πέμπτη</span> <span class='ocrx_word' id='word_1_695' title='bbox 735 5525 766 5579; x_wconf 86' lang='grc' dir='ltr'>ή</span> <span class='ocrx_word' id='word_1_696' title='bbox 807 5529 908 5578; x_wconf 80' lang='grc' dir='ltr'>τῶν</span> <span class='ocrx_word' id='word_1_697' title='bbox 965 5519 1380 5598; x_wconf 81' lang='grc' dir='ltr'>Κόλλυριδιανῶν</span> <span class='ocrx_word' id='word_1_698' title='bbox 1439 5543 1452 5568; x_wconf 58' lang='lat'><strong>9</strong></span> <span class='ocrx_word' id='word_1_699' title='bbox 1479 5527 1778 5598; x_wconf 70' lang='grc' dir='ltr'>τριακοστή</span> <span class='ocrx_word' id='word_1_700' title='bbox 1835 5527 1957 5582; x_wconf 79' lang='grc' dir='ltr'>ἕκτη</span> <span class='ocrx_word' id='word_1_701' title='bbox 2016 5523 2046 5582; x_wconf 82' lang='grc' dir='ltr'>ή</span> <span class='ocrx_word' id='word_1_702' title='bbox 2107 5531 2206 5576; x_wconf 86' lang='grc' dir='ltr'>τῶν</span> <span class='ocrx_word' id='word_1_703' title='bbox 2255 5521 2667 5590; x_wconf 80' lang='grc' dir='ltr'>Μασσαλιανῶν,</span> <span class='ocrx_word' id='word_1_704' title='bbox 2707 5521 2778 5573; x_wconf 85' lang='grc' dir='ltr'>.ἐν</span> <span class='ocrx_word' id='word_1_705' title='bbox 2893 5523 3100 5574; x_wconf 85' lang='grc' dir='ltr'><strong>καὶτὰ</strong></span> <span class='ocrx_word' id='word_1_706' title='bbox 3142 5521 3397 5594; x_wconf 70' lang='grc' dir='ltr'>κεφάλαια</span> <span class='ocrx_word' id='word_1_707' title='bbox 3452 5530 3548 5582; x_wconf 79' lang='grc' dir='ltr'>τῆς</span> <span class='ocrx_word' id='word_1_708' title='bbox 3593 5521 3860 5594; x_wconf 76' lang='grc' dir='ltr'>αἱρέσεως</span> 
     </span>
    </p>
   </div>
   <div class='ocr_carea' id='block_1_63' title="bbox 477 5607 3868 5690">
    <p class='ocr_par' dir='ltr' id='par_1_63' title="bbox 477 5607 3868 5690">
     <span class='ocr_line' id='line_1_63' title="bbox 477 5607 3868 5690; baseline 0 -29"><span class='ocrx_word' id='word_1_709' title='bbox 477 5607 646 5690; x_wconf 75' lang='grc' dir='ltr'>αὐτῶν</span> <span class='ocrx_word' id='word_1_710' title='bbox 673 5608 1091 5682; x_wconf 5' lang='lat' dir='ltr'><strong>qiuari-tranat,</strong></span> <span class='ocrx_word' id='word_1_711' title='bbox 1145 5617 1236 5666; x_wconf 84' lang='grc' dir='ltr'>καί</span> <span class='ocrx_word' id='word_1_712' title='bbox 1273 5608 1530 5689; x_wconf 70' lang='grc' dir='ltr'>διάφοροι</span> <span class='ocrx_word' id='word_1_713' title='bbox 1579 5613 1710 5666; x_wconf 61' lang='lat' dir='ltr'>non&quot;:</span> <span class='ocrx_word' id='word_1_714' title='bbox 1731 5613 1894 5678; x_wconf 72' lang='grc' dir='ltr'>οὔτῶν</span> <span class='ocrx_word' id='word_1_715' title='bbox 1943 5611 2297 5690; x_wconf 73' lang='grc' dir='ltr'>ἁντιῤῥήσεις,</span> <span class='ocrx_word' id='word_1_716' title='bbox 2329 5631 2344 5646; x_wconf 77' lang='grc' dir='ltr'><strong><em>ο</em></strong></span> <span class='ocrx_word' id='word_1_717' title='bbox 2383 5614 2672 5684; x_wconf 78' lang='grc' dir='ltr'>τριακοστὴ</span> <span class='ocrx_word' id='word_1_718' title='bbox 2733 5607 2934 5684; x_wconf 77' lang='grc' dir='ltr'>ἑϐδόμη</span> <span class='ocrx_word' id='word_1_719' title='bbox 2991 5611 3022 5669; x_wconf 81' lang='grc' dir='ltr'><em>ὴ</em></span> <span class='ocrx_word' id='word_1_720' title='bbox 3077 5617 3180 5662; x_wconf 82' lang='grc' dir='ltr'>τῶν</span> <span class='ocrx_word' id='word_1_721' title='bbox 3235 5609 3594 5685; x_wconf 75' lang='grc' dir='ltr'>Κηρινθιανῶν</span> <span class='ocrx_word' id='word_1_722' title='bbox 3651 5623 3664 5638; x_wconf 89' lang='lat'>&#39;</span> <span class='ocrx_word' id='word_1_723' title='bbox 3707 5627 3868 5681; x_wconf 67' lang='grc' dir='ltr'>τριαι-</span> 
     </span>
    </p>
   </div>
  </div>
