4126 6272
293 290 382 346 285
1778 294 2144 354 RECENSIO.
3537 311 3648 366 286

299 417 442 470 κοστή
497 409 668 484 ὀγδόη
719 415 753 473 ἡ
808 422 907 466 τῶν
959 413 1159 467 ’ἱκετῶν
1185 433 1198 446 ·
1247 418 1531 488 τριακοστὴ
1579 413 1757 476 ἐννάτη
1817 420 1848 476 η
1902 427 2002 471 τῶν
2060 425 2423 494 ῢωσιμάχων
2451 441 2464 454 ·
2518 429 2916 498 τεσσαρακοστή
2975 428 3006 484 ἡ
3061 434 3162 478 τῶν
3229 428 3596 502 Θνητοψύχων
3629 453 3642 465 ·

299 508 724 574 τεσσαρασκοστὴ
781 510 960 578 πρώτη
1014 506 1046 562 ἡ
1101 511 1200 554 τῶν
1253 503 1623 577 Χριστολυτῶν
1649 527 1660 538 ο
1719 515 2114 581 τεσσαρακοστῇ
2167 507 2387 586 δευτέρα
2440 515 2470 572 ἡ
2530 522 2630 566 τῶν
2689 515 3053 588 Ἐθνοφρόνων,
3103 514 3152 566 ἐν
3281 523 3369 570 καὶ
3418 515 3649 595 διάφορα

297 597 400 662 περὶ
447 590 847 664 ἀστρονομίας⁸
902 596 1300 666 τεσσαρακοστὴ
1359 597 1508 666 τρίτη
1559 596 1588 651 η
1642 603 1740 647 τῶν
1799 604 2236 670 Παρερμηνευτῶν
2267 622 2279 633 ·
2336 607 2733 675 τεσσαρακοστὴ
2785 605 3002 675 τετάρτη
3055 605 3085 661 ἡ
3149 613 3249 656 τῶν
3305 606 3642 665 Μελιτιανῶν.

294 682 360 735 Ex
394 687 762 750 argumento
795 698 937 738 vero
967 682 1102 737 libri
1133 684 1259 738 XXV
1289 681 1506 738 desunt
1537 684 1595 739 in
1627 690 1835 742 nostro
1865 703 1923 742 cc

1627 690 1835 742 nostro
1865 688 2069 744 codice
2101 689 2309 746 ultima
2337 691 2540 760 verba,
2573 693 2749 764 Ἡμεῖς
2777 695 2878 767 γὰρ
2910 700 3090 759 ταῦτα,
3123 714 3174 748 κ.
3207 693 3252 749 λ.

354 769 619 824 Iudicem
669 776 1170 840 argumentorum
1220 772 1493 842 sequitur
1539 773 1847 846 inscriptio
1891 776 1983 831 toti

2016 792 2067 830 ιε
2115 777 2336 848 operis,
2385 779 2500 835 hoc
2551 784 2776 851 pacto:
2829 779 3056 851 Συλλογὴ
3111 789 3209 832 τῶν
3263 781 3387 835 ὅλων
3447 781 3645 859 σχεδόν

290 853 453 920 δοξῶν
492 864 582 911 καὶ
621 861 893 934 αἱρέσεων,
939 864 1029 912 καὶ
1074 862 1281 933 ἱστορία
1327 869 1426 912 τῶν
1476 859 1824 914 ἀποτεκόντων
1873 865 2036 927 αὐτὰς
2080 862 2284 938 ἀνδρῶν
2315 889 2325 899 ·
2376 870 2449 920 ἔτι
2490 866 2548 921 δὲ
2600 874 2688 921 καὶ
2733 867 3061 944 ἀντιρρήσεις
3110 869 3189 922 ἐπ’
3235 870 3392 932 ἐνίαις
3428 877 3644 941 τούτων,

288 952 374 999 καὶ
421 946 657 1018 μάλιστα
707 953 822 1008 ταῖς
874 947 1210 1020 παλαιτέραις
1241 965 1254 978 °
1311 953 1400 1001 καὶ
1457 951 1601 1024 ἕτερα
1662 970 1779 1003 τινα
1837 959 2089 1026 χρήσιμα
2152 963 2262 1018 τοῖς
2329 956 2607 1027 εὐσεϐέσι,
2673 961 2961 1015 πονηθέντα
3024 961 3169 1030 παρὰ
3231 968 3324 1010 τοῦ
3387 960 3646 1014 σεϐαστοῦ

288 1041 494 1092 Narin:
530 1041 623 1088 τοῦ
667 1038 959 1101 Χωνιάτου,
989 1045 1079 1088 τοῦ
1129 1033 1187 1090 δὲ
1223 1043 1494 1109 γεγονότος
1531 1046 1711 1112 κριτοῦ
1760 1048 1854 1092 τοῦ
1888 1041 2072 1107 Βήλου,
2115 1041 2199 1094 ἐπὶ
2230 1052 2330 1095 τῶν
2378 1048 2597 1117 κρίσεων
2630 1047 2832 1119 ἐφόρου,
2868 1053 3074 1117 γενικοῦ
3105 1044 3187 1098 ἐπὶ
3224 1054 3317 1098 τοῦ
3362 1046 3645 1120 βασιλικοῦ

294 1131 529 1186 κοιτῶνος
564 1124 665 1195 (1),
707 1128 885 1177 ἔπειτα
927 1121 986 1177 δὲ
1033 1131 1122 1177 καὶ
1151 1125 1374 1198 μεγάλου
1417 1125 1689 1198 λογοθέτου
1733 1137 1832 1180 τῶν
1881 1150 1923 1181 σε

2015 1140 2151 1184 ετώυ.
2189 1133 2475 1187 Collectio
2519 1136 2781 1189 omnium
2812 1135 2942 1203 fere
2979 1136 3325 1202 opinionum
3358 1142 3412 1192 et
3461 1138 3644 1195 haere-

291 1228 467 1278 seum,
502 1219 557 1268 et
591 1212 847 1269 historia
874 1215 1178 1270 hominum
1209 1217 1309 1286 qui
1338 1217 1480 1271 illas
1515 1217 1908 1273 instituerunt
1932 1241 1952 1288 ,-
1979 1221 2224 1288 insuper
2249 1221 2749 1278 contrudit-tiones
2780 1223 3065 1278 adversus
3095 1224 3383 1294 quasdam
3415 1240 3644 1294 earum,

289 1307 341 1358 et
385 1302 652 1358 maxime
695 1303 1098 1373 antiquiores;
1125 1308 1181 1358 et
1217 1305 1342 1359 alia
1389 1305 1661 1375 quaedam
1697 1308 1811 1374 piis
1859 1307 2189 1362 hominibus
2236 1310 2426 1375 utilia,
2457 1309 2765 1366 elaborata
2809 1325 2845 1365 a
2885 1311 3215 1367 venerabili
3253 1313 3464 1369 Niceta
3494 1315 3646 1371 Cho-

285 1392 476 1452 niata,
509 1391 691 1446 electo
713 1391 926 1460 judice
952 1393 1106 1457 Beli,
1130 1392 1505 1461 judiciorum
1536 1395 1777 1462 ephoro,
1807 1409 1877 1450 ac
1905 1397 2178 1465 generali
2206 1399 2532 1466 impcrialis
2557 1399 2690 1466 ﬁsci
2710 1400 3023 1468 praefecto,
3056 1400 3268 1456 deinde
3299 1416 3434 1457 vero
3465 1404 3644 1458 etiam

288 1491 506 1548 magno
545 1482 908 1534 secretorum
958 1481 1262 1549 logotheta
1293 1481 1391 1551 (2).
1435 1481 1656 1536 Deinde
1689 1485 1915 1538 Prooem

2015 1501 2067 1551 n,
2098 1485 2269 1555 cujus
2311 1485 2568 1551 initium,
2595 1501 2656 1558 p.
2691 1491 2720 1542 3
2751 1504 2763 1541 :
2795 1495 2908 1557 Θεῷ
2950 1491 3040 1539 καὶ
3086 1487 3367 1562 θεοφιλέσιν
3416 1487 3644 1564 ἀνδράσι

283 1585 362 1626 τις
409 1565 471 1618 ἂν
524 1565 646 1628 ἀξία
693 1573 1014 1641 προσαγωγὴ
1059 1573 1256 1640 γένοιτο
1281 1587 1294 1636 ;
1322 1569 1380 1621 Ὀ
1409 1573 1500 1642 μεν
1530 1573 1629 1643 γὰρ
1669 1574 1726 1622 τὸ
1776 1569 2058 1644 ἀκροτατον
2100 1575 2166 1624 ὢν
2207 1573 2444 1625 ἁπάντων
2474 1583 2574 1626 τῶν
2627 1574 2808 1647 ἐφετῶν
2857 1572 3070 1638 οὐδενὸς
3106 1583 3205 1628 τῶν
3245 1582 3400 1630 ὄντων
3433 1582 3644 1651 ἑφίεται.

284 1655 477 1710 Finis:
525 1653 707 1717 Ὀπως
743 1661 867 1727 μίαν
914 1655 1182 1708 ἀνελίττων
1225 1656 1406 1729 βίϐλον
1453 1667 1526 1729 τῷ
1571 1656 1838 1712 πολυειδεῖ
1878 1668 1969 1712 τοῦ
2020 1665 2426 1737 συγγράμματος
2469 1668 2684 1738 χαίρῃς,
2736 1663 2835 1715 κάκ
2874 1667 3060 1717 τούτου
3105 1663 3315 1740 ἐρανίζη
3365 1670 3647 1720 πανάκειαν

281 1751 389 1804 τοῖς
438 1742 689 1816 ὢεθρίοις
723 1741 1015 1817 ἀντίμαχον
1067 1742 1330 1818 δόγμασιν
1357 1768 1368 1779 ·
1412 1749 1546 1799 ἔνθεν
1577 1767 1658 1799 τοι
1695 1752 1782 1799 καὶ
1824 1757 1910 1801 τοι]

2016 1770 2137 1820 γειν,
2167 1748 2368 1804 ἐνθένδε
2415 1752 2658 1827 ἄρξομαι.
2705 1754 2850 1808 Tum
2889 1753 3040 1809 liber
3087 1754 3317 1826 primus
3348 1771 3486 1827 pag.
3522 1760 3551 1812 3
3583 1755 3645 1816 b.

280 1832 395 1887 inc.
443 1829 623 1903 Ἀδὰμ
667 1841 870 1905 πρῶτος
919 1833 1166 1896 πλασθεὶς
1209 1833 1310 1886 ὰπὸ
1348 1844 1444 1905 γῆς
1474 1837 1572 1887 ὑπὸ
1619 1843 1773 1902 Θεοῦ,
1801 1841 1892 1888 καὶ
1932 1837 2100 1889 λαϐὼν
2140 1841 2196 1890 τό
2248 1839 2501 1910 ξωογόνον
2549 1843 2835 1912 ἐμφύσημα
2885 1843 3040 1912 ἔσχεν
3071 1840 3125 1892 ἐκ
3163 1848 3291 1914 μιᾶς
3337 1851 3437 1894 τῶν
3486 1845 3647 1895 αὑτοῦ

280 1920 514 1995 πλευρῶν
547 1925 678 1974 Εὔαν
718 1922 884 1992 ἐαυτῷ
925 1923 1106 1995 ὁμοίαν
1133 1944 1144 1956 ·
1197 1922 1402 1994 βιώσας
1444 1921 1504 1976 δὲ
1535 1921 1711 1998 ’Δδὰμ
1751 1929 1837 1983 ἔτη
1885 1926 2163 1978 ἐννακόσια
2203 1930 2501 1999 τριάκοντα,
2543 1933 2813 1998 γεγέννηκε
2854 1932 2983 1981 Κάῐν
3026 1933 3157 2001 μετά
3205 1930 3504 2005 παράϐασιν
3551 1940 3646 1994 τῆς

280 2007 505 2077 ἐντολῆς,
529 2015 619 2062 καὶ
644 2015 740 2068 τὴν
765 2009 820 2062 ἐκ
859 2017 950 2062 τοῦ
989 2008 1315 2085 παραδείσου
1356 2010 1674 2085 ἀπόπεμψιν.
1708 2013 1878 2068 Liber
1906 2013 2152 2069 ultimus
2182 2014 2308 2069 des.
2341 2015 2403 2068 Ἀ
2435 2012 2502 2074 δὴ
2536 2036 2704 2067 παντα
2742 2015 2996 2089 ἐμώρανεν
3036 2019 3066 2075 ἠ
3101 2025 3193 2077 τῆς
3221 2025 3347 2090 μιᾶς
3391 2021 3603 2079 θεότητο
3624 2040 3646 2081 ς

279 2097 326 2148 ἐν
358 2104 538 2172 τρισὶν
565 2101 895 2151 ὑποστάσεσι
927 2095 1152 2172 δύναμις
1180 2108 1242 2173 τῇ
1276 2103 1462 2175 χάριτι
1493 2107 1580 2154 καὶ
1611 2101 1866 2160 ἁπλότητι
1891 2111 1983 2155 τοῦ
2015 2103 2350 2174 εὐαγγελικοῡ
2382 2107 2736 2177 κηρύγματος.

343 2189 410 2249 ll,
443 2203 506 2259 p.
543 2192 664 2259 362,
707 2188 770 2255 b,
812 2189 1023 2245 Nicetae
1065 2190 1434 2246 Thesaurum
1487 2193 1705 2263 excipit
1752 2208 1891 2264 pars
1931 2193 2226 2263 posterior
2275 2192 2664 2248 Historiarum
2714 2193 2865 2266 ejus,
2895 2193 2956 2248 in
2988 2192 3174 2249 libros
3223 2193 3379 2250 duos
3424 2193 3645 2266 divisa,

278 2291 409 2349 quae
449 2293 591 2332 cum
639 2278 716 2333 ab
757 2278 1119 2334 editionibus
1149 2294 1269 2334 non
1305 2281 1489 2336 modo
1535 2280 1737 2353 quoad
1784 2280 2074 2336 librorum
2101 2279 2566 2348 distinctionem,
2599 2281 2706 2336 sed
2754 2281 2934 2336 etiam
2965 2281 3025 2337 in
3066 2282 3290 2354 phrasi,
3324 2289 3380 2338 et
3409 2283 3467 2338 in
3500 2283 3646 2356 ipsis

276 2382 525 2438 quoque
564 2365 771 2433 rebus,
806 2366 960 2422 libro
1006 2369 1334 2439 praisertim
1369 2371 1716 2441 posteriore,
1761 2369 2075 2442 discrepet,
2109 2369 2294 2439 digna
2340 2370 2607 2441 profecto
2654 2375 2807 2426 esset
2836 2385 2994 2441 quae,
3028 2371 3078 2426 si
3123 2387 3285 2426 nova
3331 2377 3648 2444 pararetur

278 2454 456 2522 hujus
506 2456 816 2527 scriptoris
859 2455 1057 2520 editio,
1090 2473 1228 2512 cum
1259 2457 1431 2512 editis
1473 2457 1859 2514 conferretur.
1893 2462 1907 2514 1

2019 2457 2176 2512 cedit
2204 2458 2438 2513 titulus:
2467 2459 2722 2512 Ἐνταῦθα
2751 2461 2780 2517 ἠ
2813 2459 3005 2520 ἅλωσις
3035 2468 3127 2521 τῆς
3171 2459 3384 2528 πόλεως,
3413 2466 3502 2512 καί
3531 2481 3646 2514 τινα

278 2552 374 2594 τῶν
404 2546 538 2616 μετὰ
566 2551 734 2595 ταῦτα
768 2543 1094 2616 συμϐάντων.
1121 2547 1234 2602 Hic
1265 2548 1586 2615 captivitas
1614 2548 1801 2615 urbis,
1833 2553 1887 2603 et

2017 2547 2192 2602 edam
2218 2562 2293 2603 ex
2319 2549 2389 2602 iis
2413 2563 2545 2618 quae
2571 2554 2776 2617 postea
2806 2549 3180 2604 acciderunt.
3217 2547 3386 2605 Liber
3415 2553 3646 2621 primus

279 2631 482 2704 incipit
513 2647 550 2687 a
589 2647 727 2705 cap.
767 2637 799 2688 8
843 2633 945 2688 lib.
979 2649 1038 2688 ιιι
1088 2633 1273 2689 Alexii
1304 2635 1614 2699 Conineni,
1650 2635 1788 2691 edit.
1837 2637 1908 2690 Pa

2018 2681 2020 2688 ,
2061 2651 2198 2706 pag.
2243 2637 2365 2700 345,
2401 2638 2618 2692 Genev.
2656 2649 2715 2707 p.
2761 2639 2884 2705 582,
2920 2651 2956 2691 a
2998 2635 3232 2692 verbis:
3281 2636 3437 2690 Ἀλλὰ
3481 2643 3647 2712 μέχρι

279 2725 365 2792 μὲν
411 2717 479 2779 δὴ
529 2725 728 2773 τούτων
776 2717 1028 2795 εὔδρομος
1055 2725 1180 2794 ἡμῖν
1219 2724 1244 2774 ὁ
1284 2722 1454 2794 λόγος,
1487 2721 1694 2776 καὶδιὰ
1721 2725 1859 2784 λείας
1900 2729 2061 2798 φέρων
2092 2719 2241 2777 ὁδου.
2281 2726 2411 2778 Des.
2441 2731 2539 2776 τῶν
2580 2720 2629 2776 δ’
2665 2724 2956 2782 ἠλπικότων
2998 2724 3081 2777 ἐπὶ
3115 2728 3303 2798 Κύριον
3333 2732 3394 2798 τῇ
3427 2723 3646 2798 παιδείᾳ

281 2807 575 2884 σύνδρομος
605 2813 637 2868 ἡ
672 2811 1006 2882 παράκλησίς
1035 2831 1088 2863 τε
1117 2816 1207 2862 καὶ
1239 2811 1610 2873 ἐπανάκλησις,
1656 2811 1824 2866 Liber
1857 2828 1910 2866 se

2011 2811 2163 2866 ndus
2193 2827 2334 2883 pag.
2377 2816 2478 2867 372
2521 2811 2726 2883 incipit
2770 2829 2804 2867 a
2853 2812 3052 2867 verbis
3092 2813 3302 2884 capitis
3333 2815 3511 2886 primi
3540 2813 3640 2870 lib.

277 2897 348 2954 de
378 2898 936 2971 Constantinopolis
969 2905 1126 2955 statu
1162 2900 1304 2954 edit.
1332 2901 1513 2955 Paris.
1547 2916 1686 2972 pag.
1721 2907 1844 2957 377.
1881 2903 1906 2956 Ε

2010 2915 2096 2955 ev.
2121 2915 2262 2971 pag.
2296 2903 2419 2965 634,
2444 2899 2726 2955 nimirum
2755 2917 2768 2954 :
2798 2898 2925 2971 Εἶχε
2970 2904 3059 2972 μὲν
3091 2902 3225 2952 οὕτω
3269 2910 3453 2963 ταῦτα,
3482 2908 3572 2953 καὶ
3611 2903 3639 2960 ἡ

280 2993 671 3039 Κωνσταντίνου
704 2987 1005 3048 καλλίπολις
1033 2992 1090 3040 τό
1121 2993 1289 3040 κοινόν
1330 2988 1567 3040 ἁπάντων
1608 2988 1759 3040 ἐθνῶν
1800 2989 2100 3060 ἐνυρύφημά
2145 3008 2198 3041 τε
2229 2995 2317 3040 καὶ
2347 2989 2694 3064 περιλάλημα,
2728 3010 2777 3045 κ.
2810 2990 2858 3046 λ.
2902 2992 3036 3044 Des.
3079 2989 3173 3049 Ὃς
3201 2995 3290 3041 καὶ
3323 2986 3527 3042 δίκαιον
3566 2990 3642 3042 ἐπ’

280 3073 484 3130 ἀσπίδα
513 3082 606 3129 καὶ
640 3075 958 3148 βασιλίσκον
989 3073 1255 3130 δείκνυσιν
1296 3075 1638 3146 ἐπιϐαίνοντα,
1673 3083 1762 3130 καὶ
1796 3077 1974 3130 λέοντα
2002 3085 2402 3129 καταπατοῦντα
2449 3083 2538 3130 καὶ
2583 3074 2864 3152 δράκοντα.
2905 3077 3011 3132 Ubi
3057 3077 3395 3133 notandum
3427 3094 3500 3134 ex
3529 3078 3644 3134 hoc

275 3167 603 3237 posteriore
647 3165 798 3220 libro
843 3166 1247 3235 fragmentum
1293 3167 1433 3222 satis
1463 3166 1734 3235 longum,
1768 3166 1826 3221 in
1865 3181 1988 3237 quo
2013 3166 2086 3221 de
2117 3165 2282 3220 urbis
2332 3165 2686 3238 direptione,
2716 3171 2772 3221 et
2799 3165 2875 3220 de
2914 3169 3102 3220 status
3133 3181 3202 3220 ac
3234 3167 3642 3222 monumentis

275 3260 408 3326 post
435 3259 686 3326 captam
719 3269 828 3326 per
871 3254 1110 3312 Latinos
1139 3255 1365 3311 CPolim
1411 3256 1633 3312 eversis
1672 3262 1729 3311 et
1770 3253 2042 3311 conﬂatis
2073 3254 2290 3324 agitur,
2315 3258 2518 3326 utpote
2551 3252 2719 3326 quod
2757 3255 2817 3310 in
2841 3253 3150 3325 impressis
3178 3253 3574 3323 desideratur,
3608 3270 3645 3311 a

275 3343 546 3402 Fabricio
575 3343 784 3400 referri
815 3343 934 3400 loc.
964 3345 1064 3401 cit.
1096 3359 1132 3399 a
1163 3359 1304 3415 pag.
1337 3347 1440 3399 405
1472 3343 1549 3399 ad
1582 3359 1644 3414 p.
1676 3344 1798 3399 418.

342 3433 610 3490 Tandem
667 3448 778 3504 pro
823 3432 1192 3489 recensionis
1232 3433 1415 3502 hujus
1458 3431 1763 3498 coronide,
1796 3447 1934 3488 cum
1975 3430 2280 3487 Fabricius
2327 3430 2366 3486 l.
2409 3447 2462 3486 c.
2503 3447 2649 3504 pag.
2705 3435 2828 3488 435.
2874 3431 3137 3491 lndicem
3194 3432 3576 3504 scriptorum,
3609 3449 3647 3490 a

273 3521 468 3577 Niceta
515 3521 811 3577 Choniata
858 3520 920 3575 in
967 3522 1216 3576 Historia
1263 3521 1586 3593 Byzantina
1628 3520 2010 3575 laudatorum
2056 3519 2356 3585 exhibeat,
2395 3535 2510 3575 nos
2552 3537 2796 3593 quoque
2834 3520 2993 3576 illius
3041 3520 3384 3593 exemplum
3437 3521 3642 3588 secuti,

274 3609 456 3666 alium
490 3611 597 3668 SS.
639 3612 880 3665 Patrum
908 3615 965 3664 et
993 3609 1246 3664 aliorum
1287 3614 1602 3664 auctorum
1651 3608 2015 3678 catalogum,
2042 3624 2304 3680 quorum
2336 3610 2396 3664 in
2430 3609 2704 3679 ejusdem
2733 3610 2944 3666 Nicetaa
2969 3610 3273 3666 Thesauro
3306 3609 3646 3666 referuntur

271 3697 401 3753 loca
430 3706 616 3770 atque
649 3699 984 3759 sententiae,
1013 3698 1072 3752 in
1104 3698 1373 3752 medium
1406 3696 1668 3769 proferre
1695 3696 2020 3765 voluimus,
2041 3698 2147 3768 qui
2179 3712 2436 3770 sequens
2466 3703 2592 3754 est:

341 3787 598 3856 Agatho.
632 3802 693 3856 p.
729 3789 855 3841 343.

341 3802 598 3856 agamo.
632 3802 693 3858 p.
729 3802 855 3841 343.

340 3875 697 3931 Ambrosius
747 3873 976 3930 Mediol.
1012 3889 1152 3946 pag.
1199 3879 1325 3942 233,
1366 3875 1432 3929 b.
1483 3875 1604 3930 343.
1658 3874 1745 3926 Ἐκ
1787 3881 1880 3926 τοῦ
1918 3872 1969 3925 id

2015 3892 2073 3926 ου
2118 3883 2210 3926 τοῦ
2252 3874 2402 3927 κατὰ’
2452 3873 2852 3947 Απολλιναρίου,
2897 3890 2956 3946 p.
3009 3878 3108 3929 178
3157 3873 3218 3928 b.
3267 3873 3356 3926 Ἐκ
3393 3881 3455 3931 τῆ
3517 3877 3642 3948 πρό5

272 3969 550 4038 Γρατιανόν
580 3967 667 4015 τόν
700 3961 946 4036 βασιλέα.
980 3962 1127 4016 ibid.

340 4046 796 4125 Amphilochius
841 4051 1167 4106 Iconiensis
1195 4052 1282 4103 Ἐκ
1326 4060 1416 4112 τῆς
1455 4055 1580 4125 πρὸς
1610 4050 1866 4102 Σελεύκιον
1898 4049 1969 4102 ἐπι

2008 4049 2190 4120 ττολῆς,
2231 4067 2289 4123 p.
2323 4055 2424 4106 178
2452 4051 2512 4106 b.
2552 4051 2641 4102 Ἐκ
2679 4059 2770 4101 τοῦ
2801 4052 2937 4102 κατὰ
2973 4048 3252 4124 Ἀρειανών
3290 4048 3467 4122 λόγου,
3499 4066 3637 4124 pag.

271 4143 389 4197 340.
421 4144 509 4195 Ἐκ
540 4150 633 4201 τῆς
665 4139 877 4212 ὁμιλίας
916 4141 984 4200 εἰς
1013 4143 1090 4208 τὸ,
1124 4164 1150 4190 ‹‹
1178 4139 1237 4191 Ὀ
1264 4139 1570 4200 ἀποστείλας
1600 4160 1663 4212 με
1689 4145 1864 4212 Πατὴρ
1891 4141 2082 4212 μείζων
2121 4143 2221 4211 μου
2245 4139 2406 4194 ἐστιν.
2442 4162 2470 4188 ››
2502 4141 2644 4207 Pag.
2676 4137 2809 4193 ead.
2835 4137 2896 4194 b.

339 4231 694 4286 Anastasius
723 4229 952 4285 Sinaita
982 4229 1030 4280 ἐν
1060 4237 1155 4289 τῆς
1183 4228 1366 4302 βίϐλου
1391 4238 1484 4291 τῆς
1515 4229 1787 4302 λεγομένης
1811 4226 1968 4301 Ὀδηγ

2016 4237 2063 4294 ῡ,
2102 4243 2163 4299 p.
2201 4229 2297 4282 177
2329 4227 2392 4291 b,
2426 4231 2543 4297 178,
2580 4229 2677 4282 188
2707 4225 2768 4293 b,
2801 4231 2903 4282 233
2925 4225 2985 4283 b.
3021 4225 3110 4280 Ἐκ
3138 4234 3238 4278 τῶν
3271 4225 3324 4288 ις’
3353 4225 3641 4300 κεφαλαίων

269 4327 364 4370 τῶν
403 4323 540 4370 κατὰ
577 4324 958 4389 Μονοφυσιτῶν
997 4320 1054 4368 τό
1097 4316 1159 4385 ζ’,
1192 4334 1250 4388 p.
1285 4319 1382 4372 341
1420 4317 1477 4372 b.

341 4409 611 4462 Andreas
643 4405 943 4463 Cretensis
971 4404 1025 4456 ἐκ
1054 4414 1146 4457 τοῦ
1184 4406 1336 4475 λόγου
1368 4415 1459 4458 τοῦ
1485 4406 1552 4466 εἰς
1579 4411 1671 4464 τὴν
1714 4411 1970 4479 Βαῑοφόροε

643 4405 943 4463 Cretensis
971 4404 1025 4456 ἐκ
1054 4414 1146 4457 τοῦ
1184 4406 1336 4475 λόγου
1368 4415 1459 4458 τοῦ
1485 4406 1552 4466 εἰς
1579 4411 1671 4464 τὴν
1714 4411 2012 4479 Βαῑοφόρον,
2043 4421 2107 4476 p.
2145 4408 2267 4460 330.

341 4497 702 4553 Athanasius
747 4510 890 4566 pag.
941 4497 1044 4549 342
1090 4497 1148 4560 b,
1201 4498 1302 4550 341
1352 4495 1412 4549 b.
1461 4494 1549 4556 Εἰς
1589 4498 1666 4562 τὸ,
1711 4516 1737 4544 ι(
1783 4495 1893 4546 Οὐχ
1940 4498 1970 4546 ά

2010 4505 2020 4547 t
2067 4492 2129 4552 ἧν
2177 4497 2318 4560 Υἱός,
2363 4515 2392 4543 ››
2445 4508 2584 4565 pag.
2637 4498 2734 4549 105
2778 4491 2836 4548 b.
2892 4496 3034 4546 Κατὰ
3091 4503 3189 4546 τῶν
3234 4495 3542 4566 εἰσαγόντων
3580 4497 3639 4546 τό

273 4586 590 4656 ὁμοιούσιον,
621 4600 765 4656 pag.
809 4587 904 4638 107
953 4582 1012 4638 b.
1042 4582 1129 4637 Ἐκ
1171 4592 1264 4636 τοῦ
1307 4589 1424 4656 περὶ
1454 4588 1682 4645 πίστεως
1727 4583 1902 4655 λόγου,
1937 4599 2078 4655 pag.
2112 4585 2218 4637 178
2263 4582 2321 4638 b.
2359 4587 2588 4656 Χρήσεις
2634 4585 2770 4635 κατὰ
2821 4587 3221 4653 Θεοπασχιτῶν,
3253 4599 3392 4655 pag.
3431 4587 3527 4638 187
3577 4581 3640 4637 b.

275 4679 407 4746 Πρός
453 4679 577 4735 τοὺς
624 4673 888 4744 λέγοντας.
916 4669 1140 4724 Ἔπαθεν
1178 4673 1204 4723 ὁ
1245 4675 1374 4732 Θεὸς
1418 4673 1488 4732 ὡς
1518 4670 1713 4735 ἤθελεν,
1745 4687 1884 4742 pag.
1923 4675 2042 4726 188.
2091 4673 2178 4723 Ἐκ
2214 4678 2306 4722 τοῦ
2357 4675 2471 4742 περὶ
2513 4678 2610 4732 τῆς
2638 4673 3073 4744 ίνανθρωπήσεως
3112 4671 3286 4742 λόγου,
3317 4686 3463 4742 pag.
3503 4674 3634 4725 332.

271 4762 354 4816 Ἐκ
400 4772 493 4826 τῆς
524 4763 779 4835 ἐρμηνίας
825 4767 918 4819 τῆς
947 4759 1018 4820 εἰς
1047 4763 1106 4812 τὸ
1140 4759 1420 4832 βασιλικόν
1469 4763 1764 4832 ἱεράτευμα,
1797 4775 1938 4832 pag.
1966 4763 2090 4815 333.
2122 4758 2208 4812 Ἐκ
2246 4765 2338 4812 τοῦ
2383 4755 2715 4812 διαλεκτικοῦ
2762 4759 2938 4831 λόγου,
2973 4759 3026 4810 ὃν
3075 4759 3359 4817 ἐποιήσατο
3398 4761 3524 4832 πρὸς
3553 4761 3641 4810 τὸν

271 4849 492 4925 ’Δρειον,
525 4867 672 4924 pag.
700 4853 808 4906 340
821 4893 835 4906 .

336 4940 730 5011 Augustinus,
760 4954 828 5011 p.
869 4940 966 4993 341
999 4936 1056 4992 b.
1087 4940 1183 5006 (3).

337 5030 586 5088 Basilius
635 5032 912 5100 Magnus,
958 5041 1098 5098 pag.
1155 5029 1253 5083 104
1301 5025 1359 5096 b,
1416 5030 1516 5082 107
1554 5025 1615 5093 b,
1656 5031 1777 5094 108,
1820 5031 1942 5090 122,

2008 5028 2114 5082 190.
2159 5026 2251 5078 Ἐκ
2296 5032 2390 5086 τῆς
2433 5027 2561 5097 πρὸς
2601 5029 2885 5096 Γρηγόριον
2939 5027 3026 5076 τόν
3074 5019 3294 5095 ἀδελφὸν
3337 5021 3637 5090 ἐπιστολῆς,

266 5132 400 5189 pag.
433 5125 490 5174 11
527 5119 590 5183 b,
621 5121 751 5173 240.
796 5115 888 5176 Εἰς
916 5118 994 5186 τὸ,
1022 5137 1049 5162 (ί
1083 5114 1190 5168 Ἀεὶ
1222 5117 1247 5166 ὁ
1279 5119 1408 5178 Θεὸς
1457 5119 1658 5190 Πατὴρ,
1694 5130 1834 5188 pag.
1867 5117 1971 5170 104
2004 5113 2066 5169 b.
2111 5113 2200 5168 Ἐκ
2224 5120 2315 5173 τῆς
2351 5116 2478 5186 πρὸς
2521 5112 2881 5174 Σωξοπολίτας
2923 5111 3224 5173 ἐπιστολῆς,
3256 5127 3397 5184 pag.
3446 5114 3544 5166 178
3575 5110 3636 5166 b.

337 5351 412 5416 (t)
451 5353 657 5404 Χοιτὼν
701 5343 876 5420 apud
929 5347 1167 5420 Graecos
1194 5345 1372 5420 medii
1409 5344 1710 5420 Aetﬂintimi
1740 5345 1873 5420 aevi,
2039 5341 2379 5420 ballisiana,
2426 5348 2490 5420 u_t_
2529 5341 2753 5420 viderer
2778 5347 2865 5398 est
2911 5341 2973 5397 in
3012 5339 3418 5412 Palaeograph.
3454 5341 3638 5394 Graec.

271 5414 374 5488 pro
401 5420 564 5488 ﬁsco,
600 5435 712 5475 seu
743 5414 960 5491 'domo
979 5418 1171 5472 mrarii
1210 5417 1534 5491 imperialis
1565 5417 1872 5491 accipitur.
2038 5415 2492 5491 Montisfalconii
2523 5415 2644 5491 loc.
2685 5414 2780 5468 cit.
2925 5481 2960 5491 υ

338 5494 410 5560 (2)
451 5479 577 5548 Duo
618 5488 906 5561 ejusdem
957 5502 1156 5561 operis
1179 5479 1547 5561 exemplaria
1576 5479 1876 5561 habentur
2111 5488 2190 5561 (3)
2227 5489 2276 5561 ᾼ
2305 5485 2710 5561 multis_retro
2741 5481 2996 5561 saeculis
3038 5496 3162 5536 non
3208 5492 3408 5552 pauca
3439 5479 3494 5533 S.
3525 5480 3642 5530 Au-

338 5506 410 5560 12)
452 5506 577 5548 υιιο
618 5506 906 5561 εωςαεω
957 5506 1150 5558 operis
1179 5506 1547 5560 exemplaria
1578 5506 1876 5542 nanentur
2111 5506 2186 5557 (ὁ)
2227 5506 2276 5540 Λ
2305 5506 2506 5540 murus
2555 5506 2710 5538 τευ-υ
2761 5506 2996 5536 swcuus
3040 5506 3110 5536 uu

273 5558 332 5617 in
350 5563 618 5621 Biblioth.
638 5560 824 5633 Regis
842 5558 1245 5615 Christianiss.
1260 5563 1316 5618 et
1335 5559 1501 5617 aliud
1518 5558 1581 5614 in
1600 5558 1870 5616 Biblioth.
2037 5558 2260 5628 gustini
2289 5571 2475 5630 opera
2503 5557 2706 5612 Graeca
2733 5553 2896 5610 fuere
2921 5566 3110 5608 versa.
