4126 6272
424 301 531 356 287
1716 286 1988 346 CODICIS
2023 283 2304 343 MEDICEI
2338 283 2496 344 XXIV
3683 281 3790 336 288

425 422 514 476 Ἐκ
550 426 643 474 τοῦ
683 420 810 495 πρός
838 416 1088 491 Εὐνόμιον
1124 420 1335 491 πρώτου
1375 414 1555 487 λόγου,
1584 426 1730 488 pag.
1755 412 1879 470 234.
1917 410 2010 464 Ἐκ
2056 416 2148 464 τοῦ
2181 410 2319 463 κατὰ
2345 409 2550 484 Ἀρείου
2589 406 2766 480 λόγου,
2797 403 2946 495 ibid.
2977 404 3108 460 Ἀπὸ
3142 411 3243 458 τῶν
3284 405 3416 480 πρὸς
3442 401 3791 495 Ἀμφιλόχιον

419 514 506 565 τόν
533 493 749 565 Ἰκονίου
788 509 1070 583 τριάκοντα
1097 505 1410 580 κεφαλαίων,
1441 518 1584 576 pag.
1617 505 1722 559 245
1767 502 1835 559 b.
1876 501 1965 555 Ἐκ
1993 507 2085 561 τῆς
2116 499 2188 562 εἰς
2229 502 2316 553 τόν
2359 502 2632 572 προφήτην
2659 496 2880 550 Ἠσαίαν
2920 494 3236 569 ἐξηγήσεως,
3266 508 3409 568 pag.
3439 496 3544 551 330
3588 493 3654 550 b.
3702 493 3791 548 Ἐκ

422 610 515 664 τῆς
545 600 730 674 εὐχῆς,
761 600 825 662 ἧς
861 601 891 658 ἡ
929 596 1096 672 ἁρχὴ,
1122 593 1309 658 Οὐδεὶς
1339 594 1501 662 ἄξιος,
1528 614 1577 648 κ.
1612 593 1686 662 λ.,
1719 608 1859 666 pag.
1897 595 2025 648 332.
2061 589 2154 651 Εἰς
2178 589 2258 658 τό,
2285 609 2314 639 ι(
2349 587 2481 660 Ἐγώ
2520 586 2626 659 εἰμι
2655 588 2686 646 ἠ
2730 584 2978 658 ἄμπελος,
3015 604 3044 634 »
3073 598 3214 657 pag.
3247 585 3370 640 344.
3402 605 3432 633 »

499 709 744 764 Cosmas
764 704 1179 778 lndopleustes
1210 702 1265 756 ἐκ
1290 709 1383 756 τοῦ
1406 701 1477 765 εἰς
1503 704 1589 754 τόν
1621 699 1870 775 ψαλτῆρα
1893 701 2141 773 προιμίου
2164 694 2507 768 ἐξηγουμένου
2530 694 2598 756 ὡς
2629 690 2678 746 ἐν
2702 687 2920 765 παρόδῳ
2949 693 3028 758 τὸ,
3051 714 3078 742 (ι
3102 692 3287 764 Ηγάπη
3299 709 3396 753 σας
3421 685 3784 756 δικαιοσύνην,

425 800 516 850 καὶ
547 795 807 870 ἐμίσησας
838 793 1074 867 ἁνομίαν,
1107 814 1136 844 ››
1169 797 1260 846 καὶ
1290 795 1358 846 τὰ
1387 791 1470 855 ἐξῆ
1485 812 1524 858 ς,
1553 805 1694 864 pag.
1728 792 1856 846 333.

497 902 744 976 Cyrillus
773 900 1229 966 Alexandrinus,
1258 914 1397 973 pag.
1437 901 1557 963 105,
1594 900 1694 952 106
1736 912 1792 965 a,
1829 898 1929 952 106
1957 892 2023 964 b,
2057 895 2126 948 10‘

2199 905 2256 956 a,
2297 888 2396 946 107
2425 886 2486 954 b,
2525 890 2622 944 109
2658 886 2722 958 b,
2759 889 2855 942 147
2901 885 2965 953 1),
3003 888 3101 942 190
3141 884 3206 943 1).
3241 884 3332 938 Ἐκ
3367 889 3458 936 τοῦ
3505 881 3684 956 λόγου,
3724 883 3784 937 οὖ

425 995 455 1053 ἡ
513 975 794 1067 ἐπιγραφὴ,
857 987 1150 1053 Ἀπόδειξις
1208 985 1304 1042 διὰ
1359 995 1458 1040 τῶν
1514 985 1748 1060 ἀρχῆθεν
1795 985 2142 1058 γεγενημένων
2203 980 2347 1032 θείων
2399 984 2665 1053 χρησμῶν
2728 983 2834 1037 τοῖς
2890 977 3186 1067 θεσπεσίοις
3240 975 3601 1067 πατριάρχαιὲς
3664 977 3783 1048 περὶ

421 1088 511 1142 τῆς
564 1061 821 1152 ἀμείψεως
869 1083 960 1131 καὶ
1017 1079 1338 1152 μεταθέσεως
1389 1083 1488 1129 τῶν
1537 1069 1808 1128 Ἰουδαίων
1860 1076 1950 1125 καὶ
1996 1078 2098 1123 τῶν
2138 1068 2311 1138 ἐθνῶν,
2373 1081 2516 1140 pag.
2575 1069 2659 1122 18.
2723 1068 2861 1138 Πρός
2913 1067 3030 1126 τοὺς
3080 1063 3337 1136 λέγοντας,
3394 1064 3474 1115 ὃτι
3516 1061 3608 1152 ,Εἰς
3647 1069 3785 1152 τρείς

426 1171 572 1230 θεοὺς
598 1149 945 1242 πιστεύομεν.
1119 1165 1257 1222 ead.
1306 1164 1366 1221 b.
1426 1165 1572 1218 Κατὰ
1635 1171 1734 1216 τῶν
1791 1161 2103 1233 εἰσαγόντων
2158 1159 2219 1211 τὸ
2279 1155 2488 1210 ἔλαττον
2544 1163 2616 1227 τῷ
2667 1155 2772 1225 Υἱῷ
2834 1152 2888 1206 ἐκ
2942 1160 3036 1206 τοῦ
3090 1156 3177 1206 τόν
3239 1154 3470 1226 Χριστόν
3515 1150 3678 1222 λέγειν
3735 1149 3784 1203 ἐν

422 1257 778 1328 Εὑαγγελίοις,
831 1238 942 1309 ἑ‹·ο
996 1259 1177 1331 Πατήρ
1217 1274 1318 1327 μου
1361 1253 1554 1328 μείζων
1601 1254 1702 1325 μού
1749 1250 1911 1320 ἐστιν,
1955 1270 1984 1299 »
2030 1263 2051 1321 ι

2154 1289 2168 1303 .
2203 1247 2324 1302 108.
2359 1248 2484 1319 Περὶ
2531 1251 2623 1304 τῆς
2669 1251 2936 1318 προκοπῆς
2983 1249 3075 1295 τοῦ
3112 1247 3369 1318 Χριστοῦ,
3401 1253 3543 1313 pag.
3587 1243 3681 1295 111
3719 1238 3782 1297 b.

421 1345 512 1398 Ἐκ
577 1354 676 1398 τῶν
721 1348 854 1399 κατὰ
897 1354 997 1398 τῶν
1041 1329 1502 1416 Πνευματομάχων
1553 1339 1928 1416 ἁντιρῥητικῶν
1969 1337 2174 1410 λόγων,
2215 1351 2356 1408 pag.
2413 1335 2512 1391 123
2569 1332 2632 1405 b,
2691 1336 2812 1398 124,
2872 1334 2994 1401 125,
3051 1333 3171 1388 126.
3231 1329 3350 1383 Ὀτι
3404 1332 3430 1383 ό
3491 1333 3783 1401 Μονογενὴς

421 1437 537 1498 Υἱὸς
591 1443 680 1488 τοῦ
731 1442 864 1489 Θεοῦ
917 1433 1320 1508 ἐνανθρωπὴσας
1370 1432 1556 1504 ψυχὴν
1613 1433 1744 1504 μετὰ
1793 1435 2027 1502 σώματος

2153 1423 2346 1491 ἐλαϐεν,
2400 1444 2428 1474 »
2483 1437 2623 1495 pag.
2680 1425 2774 1479 131
2834 1421 2892 1478 b.
2943 1422 3090 1474 Κατὰ
3145 1427 3502 1495 Νεστοριανῶν
3564 1417 3619 1472 ἐκ
3683 1427 3782 1472 τῶν

423 1524 654 1597 σχολίων
701 1533 802 1576 τῶν
839 1528 960 1600 περὶ
1013 1507 1235 1583 ἑνῶσεως
1285 1530 1386 1574 τῶν
1437 1517 1533 1573 δύο
1583 1523 1782 1592 φύσεων
1833 1525 1926 1570 τοῦ
1983 1521 2238 1591 Χριστοῦ,
2286 1526 2422 1586 pag.
2477 1514 2574 1568 133
2620 1511 2682 1567 b.
2739 1511 2825 1564 Ἐκ
2863 1519 2955 1571 τῆς
3006 1514 3136 1584 πρὸς
3191 1510 3432 1562 Ἀκάκιον
3481 1507 3782 1576 ἐπιστολῆς,

420 1627 562 1684 pag.
623 1615 747 1682 134,
803 1597 913 1669 135⁷
949 1611 1010 1668 b.
1059 1611 1146 1666 Ἐκ
1190 1619 1281 1673 τῆς
1332 1609 1540 1682 ὁμιλίας
1588 1617 1678 1670 τῆς
1730 1611 1850 1682 περὶ
1899 1606 2002 1666 ἐνὸς
2051 1607 2198 1666 Υἱοῦ,
2248 1617 2388 1675 pag.
2441 1604 2544 1658 134
2597 1599 2660 1667 1),
2721 1604 2839 1657 135.
2895 1601 2983 1654 Ἐκ
3034 1607 3126 1653 τοῦ
3178 1603 3298 1673 περὶ
3348 1597 3782 1673 ἐνανθρωπὴσεως

425 1700 605 1772 λόγου,
653 1717 715 1775 p.
766 1701 866 1757 135
919 1699 981 1757 b.
1029 1700 1121 1756 Ἐκ
1167 1706 1257 1753 τοῦ
1314 1701 1450 1752 κατὰ
1493 1705 1678 1752 πεῦσιν
1721 1701 1811 1748 καὶ
1857 1694 2048 1770 ἁπόκρι

2184 1692 2364 1763 λόγου,
2413 1705 2555 1763 pag.
2611 1693 2730 1761 136,
2778 1693 2877 1746 137
2925 1688 2986 1755 b,
3041 1692 3141 1745 138
3184 1687 3244 1744 b.
3297 1688 3384 1742 Ἐκ
3430 1695 3526 1749 τῆς
3565 1692 3779 1760 πρώτης

421 1789 628 1859 ὁμιλίας
675 1798 790 1857 τῆς,
842 1789 964 1842 ’Ὁτι
1016 1789 1074 1842 οὐ
1139 1793 1248 1863 χρὴ
1308 1788 1470 1860 λέγειν
1527 1788 1795 1862 ἄνθρωπον
1847 1787 2106 1858 θεοφόρον,
2159 1779 2286 1833 ἁλλὰ
2345 1781 2474 1832 Θεὸν
2527 1776 3015 1854 ἐνανθρωπήσαντα,
3065 1792 3206 1850 pag.
3269 1780 3368 1833 140
3419 1776 3482 1832 1).
3541 1775 3628 1830 Ἐκ
3685 1784 3780 1839 τῆς

421 1881 554 1953 πρὸς
601 1881 882 1952 Νεστὸριον
927 1876 1220 1947 ἐπιστολῆς,
1261 1891 1403 1949 pag.
1452 1878 1572 1932 141.
1622 1875 1710 1927 Ἐκ
1761 1882 1855 1936 τῆς
1908 1870 2111 1946 ὁμιλίας
2157 1877 2268 1939 τῆς,
2308 1867 2430 1920 ’Ὁτι
2477 1868 2545 1928 εἷς
2593 1869 2782 1942 Κύριος
2828 1866 3032 1928 Ἰησοῦς
3073 1867 3325 1942 Χριστός,
3371 1880 3515 1938 pag.
3568 1867 3663 1921 141
3710 1863 3775 1920 b.

421 1965 511 2020 Ἐκ
567 1975 658 2020 τοῦ
713 1970 842 2042 «p6;
898 1971 993 2026 τὴν
1054 1965 1427 2023 εὐσεϐεστάτην
1482 1959 1744 2038 βασιλίδα
1806 1965 2263 2038 προσφωνητικοῦ,
2325 1970 2468 2028 pag.
2535 1959 2628 2011 141
2691 1955 2750 2011 1).
2807 1956 2895 2008 Ἐκ
2947 1961 3038 2008 τοῦ
3102 1953 3258 2042 λόγου
3323 1961 3415 2006 τοῦ
3468 1955 3601 2028 πρὸς
3655 1955 3777 2014 τοὺς

421 2040 823 2130 πρεσϐυτέρους,
879 2060 969 2108 καὶ
1023 2051 1319 2121 διακόνους,
1371 2058 1460 2106 καὶ
1511 2056 1795 2126 μοναχοὺς,
1845 2065 1987 2123 pag.
2042 2052 2161 2114 142,
2214 2047 2339 2114 143,
2393 2047 2490 2100 146
2528 2043 2590 2100 b.
2634 2043 2736 2130 Ἐκ
2783 2051 2874 2096 τοῦ
2923 2043 2990 2105 εἰς
3040 2045 3136 2106 τὰς
3191 2040 3469 2104 δεσποίνας
3523 2061 3775 2116 προσφω-

418 2129 651 2215 νητικοῦ,
713 2161 856 2217 pag.
914 2148 1031 2201 143.
1089 2145 1177 2198 Ἐκ
1224 2164 1316 2197 του
1377 2145 1526 2196 ἕκτου
1578 2140 2027 2214 ἁναθεματισμου,
2083 2135 2231 2194 ibid.
2291 2135 2380 2187 Ἐκ
2418 2153 2510 2186 του
2557 2129 2782 2207 ἑϐδόμου
2838 2135 3286 2206 αναθεματισμου,
3333 2132 3480 2188 ibid.
3535 2131 3625 2184 Ἐκ
3680 2140 3774 2194 τῆς

417 2236 550 2307 πρὸς
606 2236 882 2288 Σούκενσον
939 2233 1238 2302 ἐπιστολῆς,
1297 2247 1440 2306 pag.
1502 2234 1622 2286 179.
1683 2231 1770 2283 Ἐκ
1821 2249 1913 2283 του
1973 2247 2042 2300 πρ

2161 2220 2518 2298 Ἀλεξανδρεῖς
2578 2242 3010 2296 προσφωνητικου
3074 2222 3263 2294 λόγον,
3318 2221 3463 2278 ibid.
3528 2221 3617 2274 Ἐκ
3680 2230 3775 2286 τῆς

419 2323 685 2396 ἑρμηνείας
735 2331 829 2386 τῆς
858 2325 990 2395 «p6;
1030 2323 1301 2398 Ἐκραίους
1351 2319 1644 2386 ἐπιστολῆς,
1691 2318 1838 2374 ibid.
1889 2318 1978 2372 Ἐκ
2023 2324 2123 2370 τῶν
2161 2316 2298 2367 κατὰ
2337 2317 2646 2387 Νεστορίου,
2689 2327 2830 2384 pag.
2865 2315 2977 2398 r188
3024 2311 3086 2368 b.
3135 2313 3222 2364 Ἐκ
3262 2331 3351 2364 του
3404 2313 3539 2364 κατὰ
3573 2313 3776 2384 Ἀρεια-

416 2420 514 2466 νῶν
560 2414 804 2486 τετάρτου
853 2411 1030 2482 λόγου,
1081 2397 1224 2483 pag.
1271 2413 1397 2478 204,
1444 2411 1535 2462 Ἐκ
1581 2427 1673 2461 του
1725 2412 1905 2482 τρίτου
1948 2404 2154 2478 βιϐλίου
2199 2412 2298 2456 τῶν
2344 2404 2481 2454 κατὰ
2526 2400 2807 2456 Ἰουλιανου
2847 2397 3146 2474 δογμάτων,
3178 2400 3326 2457 ibid.
3359 2402 3450 2454 Ἐκ
3479 2409 3574 2462 τῆς
3617 2400 3777 2473 ἑρμη-

418 2505 556 2564 νείας
587 2499 794 2572 βιϐλίου
823 2497 1037 2570 ὀγδόου,
1071 2513 1214 2572 pag.
1242 2497 1378 2554 ead.
1411 2497 1472 2552 b.
1505 2501 1642 2573 Πρός
1671 2496 1908 2569 Ἑρμείαν
1938 2499 2056 2569 περὶ
2084 2501 2176 2554 τῆς
2202 2493 2352 2564 ἁγίας
2380 2487 2610 2566 Τριάδος
2637 2494 2772 2544 κατὰ
2800 2510 2982 2544 πευσιν
3011 2495 3102 2544 καὶ
3145 2488 3443 2564 ἀπόκρισιν,
3474 2505 3614 2563 pag.
3645 2493 3776 2546 233.

419 2587 508 2644 Ἐκ
556 2596 651 2651 τῆς
687 2591 812 2663 «p6;
843 2589 1150 2647 Ἐπίκτητον
1192 2585 1489 2651 ἐπιστολῆς,
1525 2601 1667 2658 pag.
1698 2588 1822 2641 234.
1859 2585 1945 2638 Ἐκ
1982 2603 2074 2637 του
2125 2586 2253 2658 πρὸς
2293 2577 2580 2636 Θεοδόσιον
2632 2599 3087 2653 προσφωνητικου,
3119 2579 3264 2635 ibid.
3298 2580 3385 2640 Εἰς
3422 2583 3480 2632 τό
3519 2583 3776 2651 μυστικὸν

424 2672 652 2745 δεῖπνον,
682 2690 825 2747 pag.
857 2679 961 2734 332
991 2675 1052 2731 b.
1086 2675 1175 2728 Ἐκ
1213 2682 1313 2728 τῶν
1347 2672 1417 2746 ιβ’
1444 2672 1728 2746 κεφαλαίων
1762 2680 1862 2724 τῶν
1900 2674 2036 2724 κατὰ

2144 2668 2436 2744 οδωρὴτου,
2469 2668 2619 2726 ibid.
2649 2669 2778 2723 Ἀπὸ
2807 2688 2899 2722 του
2930 2672 3059 2742 πρός
3099 2664 3381 2742 βασιλίδας
3411 2669 3586 2740 λόγου,
3627 2667 3773 2725 ibid.

417 2767 475 2820 et
501 2779 641 2837 pag.
673 2768 776 2822 340
806 2763 866 2822 b.
898 2765 1027 2820 Ἀπὸ
1066 2772 1167 2817 τῶν
1191 2767 1310 2838 περὶ
1355 2765 1592 2824 ὑπακοῆς
1615 2781 1705 2815 του
1738 2769 1993 2834 Χριστου,
2025 2776 2046 2833 ι

2145 2778 2167 2816 ’.
2209 2763 2312 2816 332
2340 2758 2400 2815 b.
2436 2761 2525 2814 Ἐκ
2563 2778 2654 2810 του
2686 2759 2752 2820 εἰς
2794 2760 2862 2811 τὰ
2891 2761 3020 2812 Βάῐα
3056 2758 3235 2830 λόγου,
3265 2772 3405 2830 pag.
3446 2759 3551 2814 340
3578 2757 3640 2814 b.
3684 2759 3774 2811 Ἐκ

423 2872 516 2908 του
543 2852 588 2905 α’
619 2852 829 2928 βιϐλίου
858 2862 959 2909 τῶν
1005 2860 1323 2928 Θησαυρῶν,
1356 2850 1404 2904 ἐν
1434 2871 1526 2906 του
1560 2849 1623 2905 ια’
1654 2850 1951 2924 κεφαλαίου,
1985 2865 2124 2924 pag.
2156 2849 2281 2905 342.
2309 2849 2440 2902 Ἀπὸ
2469 2867 2562 2903 του
2610 2847 2650 2902 θ’
2687 2848 2846 2921 λόγου
2885 2856 2979 2911 τῆς
3009 2846 3058 2901 ἐν
3099 2849 3353 2920 πνεύματι
3396 2845 3638 2922 λατρείας
3675 2844 3771 2901 δύο

417 2957 560 3017 pag.
593 2943 728 3000 ead'
755 2943 817 3000 b.

489 3049 740 3122 Cyrillus
795 3049 1373 3124 Hierosolymilanus
1436 3045 1536 3102 ἁπὸ
1598 3067 1691 3102 του
1743 3046 1816 3112 εἰς
1864 3050 1957 3106 τὴν
2006 3045 2118 3101 Ὺπι

2138 3049 2329 3105 παντὴν
2374 3044 2566 3118 λόγου,
2615 3044 2676 3098 οὗ
2728 3046 2758 3104 ἡ
2821 3043 3007 3121 ἁρχὴ,
3074 3052 3237 3120 Χαῖρε
3303 3040 3550 3120 σφόδρα,
3602 3063 3654 3099 κ.
3720 3043 3767 3099 λ.

415 3153 560 3212 pag.
587 3143 689 3197 322
709 3139 768 3197 b.

486 3245 808 3316 Dionysius
847 3247 1208 3320 Areopagita
1252 3248 1308 3299 ἐκ
1335 3265 1428 3298 του
1462 3242 1496 3298 δ
1500 3249 1706 3320 ευτέρου
1736 3244 2014 3318 κεφαλαίου
2045 3262 2115 3296 τοι

2161 3246 2279 3317 περὶ
2304 3243 2566 3314 ἡνωμένον
2604 3245 2693 3295 καὶ
2724 3238 2760 3296 δ
2764 3245 3143 3316 ιακεκριμένου,
3168 3255 3309 3311 pag.
3341 3245 3424 3298 11.
3459 3242 3547 3296 Ἐκ
3577 3261 3669 3294 του
3703 3245 3775 3313 ιγ’

414 3333 695 3406 κεφαλαίου
725 3353 817 3387 του
852 3340 971 3409 περὶ
1012 3356 1104 3389 του
1134 3335 1326 3389 τελείου
1356 3339 1444 3387 καὶ
1471 3334 1596 3398 ἐνὸς,
1628 3349 1765 3406 pag.
1801 3333 1934 3390 ead.
1969 3333 2032 3389 b.
2065 3336 2190 3406 Περὶ
2233 3339 2389 3399 Θεο),
2419 3346 2562 3404 pag.
2592 3331 2679 3387 15.
2723 3333 2812 3385 Ἐκ
2852 3351 2943 3384 του
2974 3337 3182 3406 πρώτου
3211 3330 3489 3404 κεφαλαίου
3532 3339 3628 3392 τῆς
3655 3337 3776 3403 περὶ

417 3423 562 3474 θείων
586 3421 870 3494 ὀνομάτων,
897 3439 1038 3495 pag.
1073 3427 1140 3478 59
1168 3423 1236 3478 b.
1276 3423 1364 3477 Ἐκ
1389 3431 1485 3483 τῆς
1504 3425 1637 3497 πρὸς
1668 3425 1819 3476 Γάῑον
1848 3425 1934 3475 τὸν
1963 3423 2279 3496 θεραπευτὴν
2307 3420 2600 3492 ἐπιστολῆς,
2625 3419 2771 3478 ibid.
2803 3423 2895 3474 Ἐκ
2925 3428 3024 3474 τῶν
3057 3420 3360 3494 θεολογικών
3392 3427 3775 3494 στοιχειώσεων

414 3529 506 3563 του
533 3510 686 3582 ἁγίου
719 3511 986 3585 Ἰεροθίου,
1008 3525 1152 3585 pag.
1180 3515 1264 3567 40.

481 3623 584 3670 Του
629 3617 784 3688 ἁγίου
818 3616 1042 3691 Ἐφραὶμ
1091 3615 1514 3689 ἁρχιεπισκόπου
1550 3616 1893 3689 Ἀντιοχείας,
1927 3615 1980 3681 ἐξ
2021 3616 2084 3680 ἧς
2133 3616 2417 3675 ἐποιήσατο
2457 3614 2743 3689 ἀπολογίας
2780 3617 2906 3692 ὑπὲρ
2949 3625 3046 3681 τῆς
3087 3615 3135 3670 ἐν
3175 3613 3428 3676 Χαλκηδό
3463 3637 3480 3669 ι
3524 3613 3774 3686 συνόδου,

413 3708 504 3758 καὶ
531 3723 624 3758 του
653 3709 817 3778 τόμου
845 3724 937 3758 του
971 3704 1121 3777 ἁγίου
1153 3707 1391 3771 Λέοντος,
1416 3719 1561 3776 pag.
1593 3706 1700 3761 207
1728 3704 1788 3760 b.

485 3812 818 3870 Eustratius
873 3809 1257 3884 metropolita
1310 3810 1582 3867 Nicamus
1627 3809 1728 3863 ἀπὸ
1777 3830 1868 3864 του
1920 3810 2076 3884 λόγου

2143 3831 2219 3866 που
2268 3817 2398 3890 πρὸς
2442 3813 2759 3889 Γροσολάνον
2807 3813 3090 3868 ἐπίσκοπον
3136 3811 3460 3868 Μεδιολόνων
3512 3835 3630 3886 περι
3681 3823 3772 3877 τῆς

410 3919 502 3954 του
537 3899 689 3974 ἁγίου
721 3904 1021 3974 Πνεύματος
1069 3898 1440 3974 ἐκπορεύσεως,
1467 3914 1610 3972 pag.
1643 3903 1767 3955 266.
1801 3900 1890 3953 Ἐκ
1915 3905 2006 3954 τόυ
2051 3901 2210 3956 αὐτου
2253 3907 2385 3976 πρός
2429 3903 2582 3956 αὐτόν
2614 3902 2892 3957 ἐπίσκοπον
2937 3901 3267 3957 Μεδιολάνων
3307 3901 3547 3978 δευτέρου
3590 3904 3770 3976 λόγου,

410 4004 556 4062 pag.
601 3994 706 4046 268
753 3989 812 4045 b.
852 3991 944 4044 Ἐκ
987 4009 1078 4043 του
1125 3989 1284 4042 αὐτου
1334 3988 1506 4063 ἐτέρου
1553 3989 1727 4060 λόγου,
1759 4004 1903 4062 pag.
1931 3993 2034 4046 273

2139 4034 2144 4048 .
2183 3998 2280 4044 Τον
2328 3991 2488 4045 αὐτου
2536 3992 2789 4064 κεφάλαια
2833 3992 3215 4066 ἐπιστημονικὰ
3265 3989 3336 4046 δι’
3386 3995 3453 4044 ὧν
3501 3990 3768 4046 δείκνυται

412 4074 670 4130 ἀδύνατον
709 4076 840 4131 εἶναι
879 4077 934 4132 ἐκ
974 4099 1064 4132 του
1098 4082 1304 4153 Πατρός
1341 4083 1432 4131 καὶ
1460 4097 1551 4132 του
1600 4081 1723 4132 Υἰου
1761 4082 1820 4132 τὸ
1867 4085 2075 4154 Πνευμα
2099 4083 2156 4133 τό
2186 4082 2334 4154 ἆγιον
2382 4080 2772 4158 ἐκπορεύεσθαι,
2800 4097 2942 4156 pag.
2974 4087 3096 4140 275.
3142 4083 3228 4137 Ἐκ
3254 4102 3344 4136 του
3375 4079 3619 4156 δευτέρου
3649 4087 3765 4156 περὶ

410 4174 511 4220 τῶν
539 4165 778 4239 Ἀζύμων
807 4166 984 4241 λόγου,
1013 4182 1150 4242 pag.
1179 4172 1280 4225 333
1310 4167 1372 4226 b.

485 4271 750 4346 Εὑθυμίοῦ
778 4283 1015 4347 μοναχοῦ
1053 4274 1347 4348 Ζιγαϐηνοῦ
1391 4278 1526 4328 κατὰ
1572 4283 1672 4328 τῶν
1701 4283 1796 4338 τῆς
1833 4274 2056 4339 παλαιᾶς
2083 4275 2251 4349 Ῥώμη
2265 4295 2304 4345 ς,
2330 4278 2448 4334 ἤτοι
2496 4275 2721 4346 Ἰταλῶν,
2753 4275 3007 4348 κεφάλαια
3052 4277 3124 4352 ιβ’
3151 4275 3430 4347 δηλοῦντα,
3462 4279 3529 4340 ὡς
3569 4278 3664 4332 οῦκ
3707 4277 3762 4332 ἐκ

411 4368 504 4416 τοῦ
542 4364 666 4416 Υἰου
696 4362 1029 4438 ἐκπορεύεται
1065 4368 1123 4418 τό
1163 4371 1373 4438 Πνευμα
1401 4368 1459 4417 τό
1489 4366 1659 4436 ἅγιον,
1685 4379 1826 4437 pag.
1849 4369 1974 4422 296.

483 4470 803 4539 Gregorius
830 4469 1233 4528 Nazianzenus
1277 4469 1332 4524 ἐκ
1360 4490 1452 4524 του
1482 4476 1599 4545 περὶ
1645 4473 1767 4525 Υἰου
1796 4477 2003 4545 πρώτου
2033 4471 2112 4545 λόγ

2132 4493 2208 4538 ου,
2246 4487 2386 4547 pag.
2423 4474 2507 4540 12,
2547 4473 2668 4543 105,
2707 4477 2807 4530 108
2844 4474 2907 4542 b,
2939 4477 3060 4544 109,
3091 4475 3216 4534 342.
3249 4475 3336 4530 Ἐκ
3368 4483 3460 4530 τοῦ
3493 4481 3612 4552 περὶ
3638 4479 3761 4530 Υἱοῦ

414 4554 658 4631 δευτέρου
687 4559 868 4632 λόγου,
897 4574 1040 4633 pag.
1071 4561 1140 4616 40
1165 4560 1228 4631 b,
1257 4560 1357 4616 106
1396 4559 1458 4628 b,
1491 4565 1588 4617 109
1624 4560 1690 4631 b,
1721 4565 1840 4624 110,
1872 4562 1976 4619 178
2005 4561 2068 4626 b,
2105 4565 2223 4633 190,
2252 4561 2378 4618 340.
2410 4561 2498 4615 Ἐκ
2526 4581 2616 4615 του
2641 4561 2798 4634 λόγου
2826 4582 2918 4616 του
2947 4567 3066 4637 περὶ
3093 4561 3355 4637 δόγματος
3382 4569 3472 4618 καὶ
3499 4567 3765 4618 καταστά-

415 4666 543 4710 σεως
588 4646 903 4720 ἐπισκόπων,
948 4665 1090 4722 pag.
1133 4650 1222 4704 12.
1269 4649 1356 4702 Ἐκ
1400 4669 1490 4702 του
1527 4650 1683 4722 λόγου
1727 4669 1819 4704 του
1857 4653 1982 4725 πρὸς
2029 4652 2345 4724 Ἀρειανοὺς,
2383 4655 2473 4704 καὶ
2509 4651 2576 4712 εἰς
2611 4651 2811 4722 ἑαυτὸν,
2863 4667 3003 4724 pag.
3056 4653 3122 4710 12
3164 4653 3226 4711 b.
3269 4655 3362 4707 Ἐκ
3405 4673 3498 4708 του
3536 4655 3764 4728 μεγάλου

412 4735 815 4811 ἁπολογητικοῦ,
853 4753 996 4812 pag.
1033 4742 1122 4795 16.
1152 4737 1242 4793 Ἐκ
1279 4758 1370 4792 του
1409 4737 1566 4810 λόγου
1591 4759 1682 4792 του
1723 4739 1794 4800 εἰς
1835 4742 1902 4792 τόι
1929 4744 2040 4812 γενέ

2135 4759 2182 4807 α,
2211 4755 2352 4813 pag.
2389 4743 2480 4796 40.
2509 4740 2600 4793 Ἐκ
2643 4759 2732 4793 του
2767 4741 2837 4803 εἰς
2881 4744 2948 4794 τὰ
2977 4748 3126 4796 Φῶτα
3153 4742 3328 4816 λόγου,
3361 4758 3500 4815 pag.
3533 4743 3669 4801 ead.
3700 4744 3764 4800 b.

407 4825 498 4880 Ἐκ
545 4847 635 4880 του
669 4832 800 4904 πρός
840 4825 1126 4887 Κληδόνων
1166 4825 1411 4900 δευτέρου
1456 4826 1634 4899 λόγου,
1667 4827 1815 4884 ibid.
1844 4828 1932 4881 Ἐκ
1961 4849 2052 4882 του
2084 4828 2154 4893 εἰς
2185 4833 2242 4882 τό
2283 4830 2485 4901 Πάσχα
2524 4824 2767 4902 δευτέρου
2806 4829 2982 4902 λόγου,
3021 4831 3168 4888 ibid.
3212 4831 3299 4886 Ἐκ
3336 4852 3426 4886 του
3474 4833 3625 4905 λογον
3671 4852 3766 4886 του

410 4935 787 4991 προτρεπτικόν
827 4917 899 4980 εἰς
926 4921 985 4970 τό
1028 4916 1331 4991 βάπτισμα,
1358 4916 1506 4972 ibid.
1542 4917 1628 4971 Ἐκ
1654 4937 1746 4972 του
1775 4917 1931 4990 λόγοῦ
1965 4937 2056 4972 του
2087 4918 2160 4982 εἰς
2183 4921 2277 4976 τήν
2321 4926 2422 4972 τῶν
2449 4917 2521 4993 ρν’
2552 4916 2847 4972 ἐπισκόπων
2871 4926 3185 4995 παρουσίαν,
3218 4937 3358 4994 pag.
3391 4925 3513 4980 107.
3551 4925 3645 4977 Ἐκ
3672 4941 3766 4976 του

407 5003 566 5076 λόγου
603 5024 694 5058 του
723 5011 843 5078 περὶ
868 5005 1240 5065 ἀκαταλήπτου
1268 5011 1552 5078 γεννήσεως
1580 5026 1671 5060 του
1701 5009 1827 5061 Υἰου
1856 5012 1947 5061 καὶ
1977 5015 2132 5077 Θεοῦ,
2162 5023 2304 5082 pag.
2338 5008 2464 5065 108.
2505 5011 2627 5084 Περὶ
2657 5028 2750 5062 του
2789 5007 2942 5082 ἁγίου
2969 5013 3281 5085 ΙἸνεύματος,
3311 5026 3452 5086 pag.
3488 5017 3607 5082 121,
3645 5015 3764 5082 122,

407 5095 530 5150 123.
561 5093 648 5147 Ἐκ
685 5112 775 5146 του
799 5097 930 5168 πρὸς
956 5091 1244 5153 Κληδόνιον
1273 5100 1482 5170 πρώτου
1513 5099 1691 5168 λόγου,
1718 5110 1862 5170 pag.
1889 5097 1992 5153 127
2021 5097 2084 5153 b.
2112 5101 2235 5156 128.

479 5199 798 5270 Gregorius
834 5203 1160 5274 Nyssenus,
1198 5217 1342 5276 pag.
1387 5206 1489 5260 105
1531 5202 1593 5259 b.
1636 5208 1764 5278 Περὶ
1801 5213 1898 5267 τῆς
1930 5205 2068 5267 θείας

2136 5206 2554 5278 νανθρωπήσεως
2599 5204 2655 5260 ἐκ
2686 5225 2776 5260 του
2815 5226 3183 5281 κατηχητικου
3225 5207 3404 5281 λόγου,
3437 5223 3578 5282 pag.
3611 5211 3681 5266 40
3705 5209 3765 5267 b.

406 5292 531 5345 246.
574 5288 664 5342 Ἐκ
703 5308 794 5342 του
822 5288 980 5361 λόγου
1008 5310 1100 5344 του
1143 5294 1275 5366 πρὸς
1306 5290 1553 5364 Θεόφιλον
1595 5288 2006 5368 Ἀλεξανδρείας,
2029 5309 2173 5368 pag.
2216 5296 2340 5352 129.
2367 5296 2459 5350 Ἐκ
2496 5315 2588 5350 του
2615 5300 2746 5374 πρὸς
2773 5297 3164 5371 Ἀπολλινάριον
3194 5297 3559 5375 ἁντιρῥητικου
3586 5299 3766 5371 λόγου,

405 5394 546 5452 pag.
576 5377 713 5436 ead.
750 5377 815 5438 b.
859 5382 980 5451 130,
1016 5381 1135 5454 131,
1185 5385 1304 5438 179.
1343 5380 1431 5437 Ἐκ
1459 5401 1552 5436 του
1582 5381 1738 5455 λόγου
1783 5401 1878 5436 του
1916 5388 2034 5458 περὶ

2136 5388 2311 5449 ἰτητος
2347 5385 2473 5440 Υἰου
2503 5391 2595 5441 καὶ
2626 5386 2778 5461 ἁγίου
2818 5389 3137 5460 Πνεύματος,
3167 5391 3259 5442 καὶ
3289 5388 3362 5450 εἰς
3391 5392 3475 5441 τὸν
3506 5387 3765 5463 Ἀϐραὰμ,

403 5483 544 5541 pag.
577 5470 673 5524 341
706 5467 769 5525 b.

476 5577 664 5638 Ηίστις
715 5574 1144 5653 ἀποκαλυφθεῖσα
1195 5585 1269 5653 τῷ
1327 5577 1461 5655 ἁγίῳ
1510 5584 1782 5656 Γρηγορίῳ
1833 5587 1907 5655 τῷ
1963 5587 2392 5656 Θαυματουργῷ,
2449 5583 2515 5646 ὡς
2570 5581 2620 5637 ἐν
2681 5577 2926 5656 διδαχῆς
2981 5591 3078 5646 τῆς
3128 5582 3408 5660 ὑπεραγίας
3461 5587 3768 5646 Θεοτόκον.
