4126 6272
326 245 419 308 289
1793 255 1955 315 REGI

2001 255 2158 316 1810.
3524 275 3630 333 290

329 378 408 427 καὶ
430 378 518 427 τοῦ
546 374 708 470 ἁγίου
752 371 1052 428 ἀποστόλου
1092 370 1331 428 Ἰωάννου
1360 381 1453 429 τοῦ
1489 374 1908 470 Εῦαγγελιστοῦ,
1944 396 2091 455 pag.
2119 384 2214 440 28.
2259 385 2363 436 ἰὀῦ
2411 379 2572 437 αὐτοῦ
2599 377 2656 438 έκ
2699 391 2797 449 τῆς
2841 386 2980 443 κατὰ
3023 392 3179 465 μέρος
3204 394 3429 460 πίστεως
3449 394 3631 470 ῥήσεις

327 467 431 534 περὶ
456 469 556 515 τῶν
586 457 689 515 δύο
717 469 820 515 τοῦ
852 469 1086 537 Χριστοῦ
1116 466 1337 537 φύσεων,
1361 477 1503 538 pag.
1528 466 1631 523 178
1658 465 1722 526 Β.

382 550 650 623 lgnalius
680 553 740 610 S.
774 552 1110 626 apostolus,
1135 554 1460 628 episcopus
1488 555 1914 628 Antiochenus,
1944 574 2086 632 pag.
2123 561 2223 618 188
2242 559 2306 619 1).

376 643 644 738 Joannes
675 641 1164 715 Chrysostomus,
1202 657 1347 715 pag.
1400 646 1525 701 343.
1572 645 1665 702 Ἐκ
1695 653 1791 711 τῆς
1831 646 2005 721 βιόλοι

1995 669 2016 700 υ
2042 657 2139 713 τῆς
2166 654 2286 726 περὶ
2327 648 2716 721 ἀκαταλήπτου,
2750 668 2812 727 p.
2852 658 2911 713 l6
2940 655 3000 715 Β.
3032 656 3127 714 Ἐκ
3171 668 3268 725 τῆς
3294 665 3427 738 πρός
3468 664 3624 722 Ἀκά-

311 749 419 783 κιον
472 729 779 799 ἐπιστολῆς,
842 746 907 804 p.
966 732 1089 789 179.
1146 731 1234 787 Ἐκ
1287 740 1384 825 τῆς
1434 732 1498 796 ξε’
1554 733 1760 808 ὁμιλίας
1799 745 1899 790 τῶν
1944 737 2223 813 ἕρμηνειῶν
2277 747 2371 792 τοῦ
2424 744 2561 794 κατά
2611 742 2849 804 Ἰωάννην
2898 745 3242 820 Εὗαγγελίου,
3281 729 3345 825 p.
3375 755 3501 811 204.
3536 755 3623 810 Ἐκ

310 828 413 916 τῆς.
435 819 479 884 ζ·
504 819 709 916 δμξλίας
738 828 837 884 τῆς
862 824 1002 916 πρὸς⁸
1033 820 1303 916 Ἰεξφεσίους
1331 820 1626 916 έπιστολης,
1676 840 1815 898 pag.
1849 829 1953 884 233
1992 826 2053 884 Β.
2105 828 2189 881 Ἐκ
2244 835 2335 881 τοῦ
2373 831 2510 883 κατὰ
2556 830 2776 905 Ἀρείου,
2832 838 2923 889 καὶ
2974 819 3058 898 εἰς
3104 840 3188 889 τόν
3229 819 3621 916 Εῦαγγελισμόν

311 908 535 982 ὁμιλίας,
557 908 642 966 ἱΒ.
675 913 732 966 et
761 923 825 981 p.
851 912 957 967 340
986 908 1045 966 Β.
1078 909 1169 963 Ἐκ
1197 917 1290 963 τοῦ
1326 915 1508 985 τρίτου
1550 911 1704 986 λόγου
1751 922 1844 968 τοῦ
1881 919 2000 992 περὶ
2031 918 2333 992 ἱερωσύνης,
2367 934 2429 992 p.
2451 923 2556 977 330
2581 919 2644 977 b.
2674 921 2761 976 Ἐκ
2791 930 2882 986 τῆς
2911 927 3047 978 κατὰ
3096 908 3616 1004 Ἰουδαίωννβίϐλου,

310 1013 370 1070 p.
411 1002 543 1056 331.
582 998 672 1053 Ἐκ
707 1006 814 1093 τῆςΔ
852 998 924 1061 εἰς
948 1001 1013 1093 τό
1036 1001 1483 1093 κατὰΑΜατθαίον
1513 1000 1802 1076 έρμηνείας,
1836 1004 1987 1093 ibid.
2027 1005 2117 1060 Ἐκ
2142 1014 2240 1070 τῆς
2267 1007 2537 1081 ἑρμηνείας
2565 1018 2662 1073 τῆς
2690 1014 2823 1085 πρός
2851 1010 3121 1090 Ἐϐραίους
3150 998 3442 1087 ἐπιστολῆς,
3473 998 3616 1093 pag.

313 1092 407 1143 331
438 1087 500 1148 Β.
530 1091 635 1145 340
661 1087 725 1146 Β.
755 1087 845 1150 Εἰς
868 1090 954 1141 τόν
991 1085 1274 1141 ἀπόστολον
1302 1096 1517 1164 Θωμᾶν,
1544 1106 1685 1165 pag.
1717 1096 1813 1151 331
1849 1092 1915 1153 Β.
1961 1093 2052 1148 Ἐκ
2073 1102 2167 1149 τοῦ
2211 1095 2282 1158 εἰς
2309 1097 2376 1150 τὰ
2405 1103 2573 1168 Φῶτα,
2599 1097 2747 1157 ibid.
2795 1100 2883 1155 Ἐκ
2929 1085 3026 1166 τῆς
3065 1103 3146 1166 κζ’
3197 1105 3401 1179 ὁμιλίας
3428 1085 3513 1171 είς
3556 1085 3616 1163 τό

311 1180 440 1230 κατὰ
461 1178 707 1236 Ἰωάννην
734 1177 886 1250 ἅγιον
916 1177 1248 1251 Εὑαγγέλιον,
1280 1193 1424 1252 pag.
1451 1183 1575 1237 3H.

369 1269 635 1324 Joannes
669 1268 1096 1355 Damascenus,
1127 1282 1270 1340 pag.
1306 1271 1427 1338 106,
1475 1272 1570 1326 107
1600 1269 1665 1341 b,
1701 1274 1800 1328 109
1828 1270 1891 1343 b,
1928 1276 1998 1329 H‘

1979 1276 2051 1343 l2,
2088 1276 2186 1330 146
2215 1272 2278 1342 b,
2332 1278 2430 1332 147
2470 1274 2530 1345 b,
2579 1280 2678 1335 473
2710 1275 2772 1348 b,
2809 1281 2908 1337 174
2938 1278 3000 1349 b,
3035 1284 3156 1353 475,
3192 1286 3290 1340 186
3318 1282 3382 1347 b.
3413 1289 3507 1343 τοι
3547 1285 3608 1355 b,

302 1359 424 1428 202,
457 1360 587 1422 334,
618 1358 725 1413 339
755 1354 817 1413 Β.
846 1356 938 1409 Ἐκ
965 1363 1058 1409 τοῦ
1077 1360 1215 1448 ’περὶ
1249 1360 1455 1431 Πατρός
1489 1362 1581 1411 καὶ
1610 1359 1736 1413 Υἰοῦ
1763 1365 1854 1414 καὶ
1891 1360 2045 1434 ἁγίου
2085 1365 2384 1437 Πνεῦματος
2415 1361 2783 1441 διακεκριμένη
2814 1367 2927 1441 ἅμα
2954 1374 3044 1424 καὶ
3088 1371 3325 1445 ἡνωμένη
3354 1354 3607 1448 θεολογεα,

296 1459 438 1518 pag.
488 1446 580 1502 13.
621 1451 727 1500 Τοῦ
766 1443 931 1498 αὑτοῦ
968 1462 1025 1499 εκ
1064 1442 1330 1519 διαφόρων
1380 1451 1643 1524 ηατίρων,
1688 1462 1835 1522 pag.
1880 1465 1925 1507 ea

1978 1450 2011 1506 Ι.
2041 1450 2107 1511 Β.
2151 1457 2277 1528 Περὶ
2317 1460 2414 1514 τῆς
2451 1452 2609 1527 ἁγίας
2659 1454 2906 1531 Τριάδος,
2959 1473 3099 1531 pag.
3133 1442 3206 1516 19—
3234 1460 3298 1518 Β.
3347 1468 3471 1538 Περὶ
3504 1442 3607 1528 ⁷ἰ’ὶῖμέ

296 1532 597 1625 συλλήψεως
633 1541 729 1587 τοῦ
770 1540 1031 1625 Χριστοῦ,
1079 1549 1222 1608 pag.
1267 1538 1337 1592 34
1371 1534 1433 1593 Β.
1489 1542 1617 1625 Περὶ
1665 1546 1758 1591 τοῦ
1799 1543 1993 1615 τρόπου
2035 1547 2128 1602 τῆς
2167 1539 2506 1612 ἀντιδόσεως,
2537 1559 2682 1616 pag.
2723 1548 2814 1602 42.
2847 1544 2967 1600 Ὀτι
2993 1553 3142 1601 πᾶσα
3169 1550 3199 1608 ἠ
3236 1551 3349 1604 θεία
3374 1532 3530 1625 φῦσις
3558 1551 3609 1606 έν

288 1630 387 1697 μιᾷ
408 1632 509 1677 τῶν
553 1622 742 1677 ἑαυτοῦ
778 1623 1119 1677 ὑποστάσεων
1156 1625 1330 1683 ηνὼθη
1375 1632 1438 1699 τῇ
1491 1624 1785 1702 ἀνθρωπίνῃ
1839 1630 2013 1702 φύσει,
2063 1634 2154 1684 καὶ
2194 1630 2255 1683 οὐ
2301 1636 2452 1707 μέρος
2481 1635 2644 1706 μέρει,
2675 1648 2818 1706 pag.
2864 1635 3000 1693 ead.
3031 1635 3094 1693 Β.
3127 1643 3255 1714 Περὶ
3282 1622 3457 1703 τῆς-ἕν
3479 1639 3609 1696 εἴδει

286 1718 375 1767 καὶ
429 1712 609 1787 ἀτόμῳ
658 1714 1013 1786 θεωρουμένης
1062 1713 1404 1776 ὑποστάσεως
1458 1719 1548 1768 καὶ
1605 1711 1867 1792 διαφορᾶς
1907 1716 2134 1782 ένώσεως
2181 1724 2272 1773 καὶ
2322 1726 2655 1795 σαρκώσεως,
2712 1738 2851 1797 pag.
2905 1728 2995 1783 43.
3059 1711 3208 1802 Περὶ-
3234 1738 3467 1802 φυσικῶν
3513 1736 3606 1784 καὶ

286 1800 620 1861 ἀδιαϐλήτων
645 1803 846 1869 παθῶν,
878 1817 1017 1875 pag.
1049 1800 1185 1890 and.
1211 1800 1273 1859 Β.
1309 1808 1433 1878 Περὶ
1463 1812 1554 1857 τοῦ
1578 1810 1893 1879 Τρισαγίου,

1972 1822 2064 1878 ag.
2102 1812 2222 1865 189.
2274 1815 2400 1884 Περὶ
2428 1818 2525 1873 τῆς
2556 1808 2870 1887 θεανδρικῆς
2906 1800 3181 1889 ἐνεργείας,
3225 1800 3370 1890 pag.
3396 1823 3502 1877 202
3538 1819 3601 1877 Β.

286 1895 419 1964 Πρὸς
463 1895 587 1954 τοὺς
634 1889 900 1963 λέγοντας,
959 1890 1004 1944 εἰ
1047 1886 1146 1944 δύο
1193 1893 1393 1964 φύσεων
1439 1897 1531 1946 καὶ
1581 1892 1845 1969 ένεργειῶν
1888 1896 1914 1947 ό
1962 1896 2254 1969 ἄνθρωπος,
2302 1896 2502 1971 ἀνάγκη
2553 1897 2638 1953 έπὶ
2691 1886 2931 1977 Χριστοῦ
2982 1886 3120 1979 τρεῖς
3183 1886 3362 1979 φῦσεξς
3414 1907 3600 1981 λέγειν,

281 1987 370 2035 καὶ
395 1984 664 2044 τοσαύτας
689 1979 965 2055 ένεργείας,
993 1995 1134 2054 pag.
1155 1983 1280 2038 235.
1309 1981 1395 2035 Ἐκ
1423 1988 1515 2035 τοῦ
1555 1987 1675 2057 περὶ
1701 1990 1801 2036 τῶν
1826 1981 1989 2056 ἁγίων
2025 1988 2116 2038 καὶ
2146 1983 2422 2060 ἁχραντων
2455 1994 2548 2040 τοῦ
2587 1992 2782 2064 Κυρίου
2822 1997 3128 2067 μυστηρίων
3165 1995 3445 2068 κεφαλαίου
3477 1979 3597 2070 πό,

280 2087 340 2145 p.
365 2073 474 2129 330
498 2071 565 2128 Β.
601 2073 741 2146 Πρὸς
763 2073 888 2132 τοὺς
915 2068 1177 2160 λέγοντας,
1206 2067 1266 2122 ’Π
1286 2070 1592 2160 ’ὑπόστασις
1619 2079 1713 2125 τοῦ
1743 2079 1978 2147 Χριστοῦ
2006 2077 2222 2144 κτιστὴ,
2249 2074 2280 2134 ἦ
2313 2076 2585 2146 ἄκτιστος,
2615 2077 2794 2151 κέφάλ.
2819 2077 2933 2152 ρκζ⁹
2960 2095 3101 2154 pag.
3150 2067 3279 2141 342.
3334 2090 3461 2160 Περὶ
3499 2067 3600 2139 τῶν

284 2156 584 2234 ἰδιωμάτων
608 2167 709 2213 τῶν
739 2160 961 2232 φύσεων,
987 2156 1165 2230 κεοάλ.
1194 2155 1316 2234 ρυί.
1347 2159 1533 2218 Idem.

350 2250 592 2303 Ἰωάννου
604 2244 974 2322 Ἱεροσολύμων
994 2245 1237 2306 έπιστολὴ
1263 2251 1355 2301 καὶ
1382 2256 1483 2302 τῶν
1507 2247 1596 2302 ὑπ’
1627 2247 1781 2304 αὐτόν
1810 2247 2106 2307 έπισκόπων
2129 2254 2256 2327 πρὸς
2276 2253 2519 2314 Ἰωάννην
2543 2257 2631 2311 τόν
2658 2259 3260 2335 Κωνσταντινουπόλεως,
3275 2258 3600 2337 έπικυροῦσα

282 2341 346 2392 τὰ
371 2340 512 2392 κατὰ
541 2336 766 2413 Σεϐἠρου
790 2337 1120 2412 πραχθέντα,
1147 2350 1290 2409 pag.
1326 2341 1446 2394 167.
1476 2335 1540 2394 Β.

352 2427 616 2486 Isidorus
639 2425 940 2483 Pelusiola
967 2423 1024 2478 έκ
1051 2432 1115 2486 τῆ
1124 2445 1147 2488 ς
1170 2427 1302 2501 πρὸς
1331 2430 1532 2481 Θεωνᾶν
1561 2424 1807 2489 έπιστολῆ
1820 2448 1862 2499 ς,
1892 2444 1954 2502 p.
1983 2431 2114 2488 236.

446 2516 539 2574 ius
564 2519 790 2582 Romae,
820 2530 885 2582 p.
918 2518 1018 2571 188
1043 2513 1108 2574 b.

446 2517 458 2529 '
770 2557 790 2582 ,
869 2557 885 2573 .
918 2518 1018 2571 188
1043 2517 1108 2574 Β.

347 2517 1107 2678 1ἓξὲἔὶἓῐῗιᾘωὶιέρθτᾱῑοτ
1143 2601 1199 2657 ἐκ
1242 2612 1336 2667 τῆς
1391 2606 1522 2681 πρὸς
1560 2604 1751 2660 Ζωΐλον
1795 2608 1882 2660 τόν
1925 2606 2217 2680 ἁγιώτατον
2269 2612 2608 2688 πατριάρχην
2651 2608 3045 2690 Ἀλεξανδρείας
3085 2613 3380 2693 δογματικῆ
3392 2637 3414 2683 ς
3442 2618 3594 2676 ἐπισ-Ι

280 2695 453 2761 τολῆς,
493 2710 641 2769 pag.
682 2697 810 2752 208.
867 2693 1111 2758 Διάταξις
1155 2696 1287 2747 κατὰ
1328 2693 1600 2768 ’Δνθίμου,
1652 2694 1900 2769 Σεϐηρου,
1958 2701 2177 2775 Πέτρου,
2234 2704 2323 2753 καὶ
2368 2705 2571 2776 Ζωόρα,
2610 2717 2754 2776 pag.
2809 2708 2930 2763 166.
2988 2705 3083 2763 Ἐκ
3130 2716 3224 2762 τοῦ
3263 2706 3492 2780 ἰδίκτου,
3530 2707 3591 2766 οὗ

279 2788 537 2857 μέμνηται
609 2788 701 2837 καὶ
774 2782 1012 2856 ’Δγοὲθων
1068 2783 1095 2835 6
1155 2782 1444 2855 ἁγιώτατος
1506 2785 1683 2846 πάπας
1741 2783 1942 2858 Ῥώμης
2006 2787 2056 2838 έν
2115 2794 2180 2860 τῇ
2246 2788 2372 2864 παρ’
2430 2790 2593 2845 αὐτοῦ
2660 2792 2907 2868 σταλείσῃ
2967 2794 3217 2870 ἐπιστολῇ
3285 2803 3415 2874 πρὸς
3471 2805 3590 2863 τοῦς

278 2872 554 2948 ὢοιδίμους
615 2871 860 2947 βασιλεῖς
910 2870 1206 2946 Ἡράκλειον
1287 2877 1378 2927 καὶ
1430 2872 1686 2949 Τιϐέριον,
1744 2874 1809 2948 τῇ
1877 2879 1967 2928 καὶ
2015 2881 2221 2951 κειμένη
2292 2875 2342 2930 ἕν
2403 2886 2515 2943 τοῖς
2575 2891 2888 2958 πρακτικοῖς
2950 2892 3046 2948 τῆς
3109 2887 3263 2951 ἕκτης
3325 2870 3586 2963 συνόδου,

274 2980 415 3039 pag.
444 2968 579 3023 236.

341 3055 609 3114 Justinus
635 3050 1034 3128 philosophus
1063 3054 1124 3109 et
1140 3054 1371 3124 martyr
1394 3049 1452 3104 ἐκ
1480 3058 1572 3105 τοῦ
1593 3057 1712 3129 περὶ
1731 3057 1957 3117 πίστεως

893 3050 1034 3110 Jhus
1063 3054 1124 3109 et
1140 3054 1371 3124 martyr
1394 3049 1452 3104 ἐκ
1480 3058 1572 3105 τοῦ
1593 3057 1712 3129 περὶ
1731 3057 1957 3117 πίστεως
1976 3052 2133 3127 λόγου
2163 3069 2304 3128 pag.
2333 3059 2432 3114 178
2458 3055 2522 3115 Β.

342 3148 457 3205 Leo
492 3160 660 3219 papa
702 3142 758 3197 ἔκ
787 3149 883 3205 τῆς
923 3139 1201 3205 Eumelis
1241 3149 1338 3204 τῆς
1378 3140 1648 3216 λεγομένης
1695 3142 1897 3207 στήλης
1931 3141 2258 3219 ὀρθοδοξίας,
2308 3161 2450 3220 pag.
2501 3149 2598 3205 311
2648 3146 2711 3205 b.
2764 3148 2850 3204 Ἐκ
2893 3158 2984 3213 τῆς
3030 3146 3279 3228 δευτέρας
3307 3150 3585 3221 ἐπιστολῆς

272 3239 400 3312 πρὸς
466 3238 670 3289 Λέοντα
733 3230 982 3306 βασιλέα,
1048 3231 1108 3293 ἧς
1166 3231 1197 3290 ἡ
1267 3228 1549 3307 έπεγραφὴ,
1616 3238 1701 3305 Τῷ
1757 3229 2211 3309 ὑπερενδοξοτάτῳ
2265 3240 2357 3289 καὶ
2410 3234 2744 3312 γαληνοτάτῳ
2795 3240 2894 3311 υἱῷ
2947 3239 3108 3294 αὐτοῦ
3163 3246 3307 3297 Λέων
3364 3242 3583 3301 έπίσκο-

270 3343 384 3393 πος,
405 3339 554 3398 pag.
576 3326 704 3381 342.

338 3422 441 3469 Τοῦ
470 3418 660 3491 κυρίου
688 3416 911 3474 Λέοντος
940 3417 1032 3464 τοῦ
1058 3408 1382 3487 Βουλγαρίας
1399 3417 1493 3464 τοῦ
1519 3415 1742 3487 πρώτως
1767 3410 1961 3486 προϐλη
1978 3454 1990 3469 .
2012 3454 2026 3470 .
2049 3456 2061 3471 .
2084 3452 2098 3468 .
2120 3454 2135 3470 .
2171 3414 2317 3489 παρὰ
2348 3420 2441 3469 τοῦ
2467 3420 2765 3491 μακαρίτου
2794 3412 3055 3491 βασιλέως
3084 3425 3269 3498 κυρίου
3309 3422 3580 3480 Βασιλείου

268 3504 325 3557 έκ
348 3514 438 3567 τῆς
465 3508 587 3578 περὶ
614 3511 717 3556 τῶν
747 3500 990 3574 Ἀζῦμων
1018 3498 1297 3562 ἐπιστολῆς
1323 3498 1505 3568 αὐτοῦ,
1535 3515 1675 3573 pag.
1709 3505 1812 3559 330
1835 3501 1901 3560 Β.

334 3596 427 3650 Ἐκ
451 3604 555 3647 τῶν
582 3591 873 3665 κεοαλαίων
895 3593 1138 3644 Λεοντίου
1163 3598 1264 3642 τῶν
1290 3592 1426 3643 κατὰ
1452 3588 1699 3665 Σεϐἠρου,
1729 3605 1870 3663 pag.
1910 3591 2031 3660 180,
2066 3592 2187 3648 181.

338 3687 564 3759 Γράμμα
580 3690 677 3736 τοῦ
708 3680 965 3755 βασιλέως
988 3681 1172 3753 κυρίου
1197 3678 1441 3738 Μανουὴλ
1468 3682 1599 3754 πρὸς
1627 3683 1714 3732 τόν
1743 3679 2019 3734 καθολικόν
2042 3689 2138 3744 τῆς
2168 3681 2464 3755 Ἀρμενίας,
2494 3696 2636 3755 pag.
2669 3685 2773 3740 216
2797 3683 2862 3742 Β.

334 3773 649 3844 ﬁnimus,
681 3785 822 3845 pag.
852 3770 979 3838 168,
1013 3771 1136 3839 169,
1170 3770 1293 3837 170,
1336 3770 1457 3835 194,
1500 3769 1604 3825 196
1632 3767 1695 3839 Β,
1730 3773 1852 3836 197,
1890 3774 2009 3841 199,
2041 3773 2136 3827 331
2172 3769 2234 3826 Β.
2276 3774 2403 3846 Περὶ
2430 3774 2632 3847 Πατρός
2660 3777 2751 3829 καὶ
2796 3772 2920 3827 Υὶοῦ
2965 3778 3055 3828 καὶ
3088 3774 3239 3848 ἁγίου
3279 3782 3578 3853 Πνεῦματος

263 3858 639 3939 διακεκριμένη
666 3860 779 3933 ἅμα
806 3862 899 3912 καὶ
926 3859 1160 3930 ἡνωμένη
1195 3855 1448 3929 Θεολογία,
1474 3871 1536 3929 p.
1575 3860 1658 3913 13.
1691 3862 1818 3931 Περὶ
1846 3861 1981 3911 Θεόῦ
2006 3862 2206 3925 κοίνῶς,
2237 3874 2381 3931 pag.
2425 3864 2509 3918 16.
2557 3865 2683 3935 Περὶ
2712 3869 2809 3924 τῆς
2843 3863 2984 3924 θείας
3014 3861 3444 3938 ἐνανθρωπήσεως
3471 3869 3572 3924 ἀπὸ

258 3962 353 4017 τῆς
395 3953 653 4015 εκθέσιως
679 3957 775 4005 τοῦ
814 3952 937 4022 περί
983 3955 1078 4010 τῆς
1126 3946 1402 4020 ὁμολογίας
1437 3944 1614 4018 λόγου,
1663 3961 1804 4019 pag.
1854 3948 1918 4003 41
1966 3946 2026 4004 Β.
2088 3946 2177 4001 Ἐκ
2213 3955 2306 4000 τοῦ
2348 3947 2502 4020 λόγου
2548 3956 2663 4017 τοῦ,
2712 3951 2794 4003 ὅτι
2839 3952 2865 4002 ὁ
2913 3949 3135 4024 ἀριθμὸς
3185 3954 3304 4009 οὔτε
3353 3954 3569 4032 διαιρεῖ,

256 4048 374 4098 οὔτε
418 4040 733 4117 διαιρεῖται,
794 4052 934 4112 pag.
1002 4039 1104 4094 168
1141 4036 1205 4092 Β.
1264 4034 1386 4088 Ὀτι
1444 4034 1571 4107 οὐχ,
1633 4036 1699 4124 ως
1767 4035 1932 4108 ἔλεγεν
1998 4038 2024 4089 ὁ
2064 4035 2288 4112 Πύρρος,
2341 4039 2558 4110 νεύματι
2620 4046 2711 4090 τοῦ
2769 4038 3034 4101 ένωθέντος
3096 4046 3274 4115 Λόγον
3344 4046 3375 4105 ἠ
3438 4049 3574 4124 σὰρξ

256 4134 490 4200 έκινεῖτο,
531 4148 681 4208 pag.
721 4134 821 4188 199
859 4128 927 4185 Β.
974 4128 1064 4182 Ἐκ
1106 4133 1198 4187 τῆς
1233 4128 1364 4201 πρὸς
1395 4124 1596 4200 Πύρρον
1644 4120 1885 4188 διαλέξεω

1967 4141 2109 4198 pag.
2143 4125 2277 4182 ead.
2311 4131 2369 4182 et
2413 4129 2519 4182 200
2548 4129 2607 4182 et
2635 4129 2738 4182 205
2772 4125 2838 4184 b.
2869 4126 2959 4181 Ἐκ
2983 4137 3079 4191 τῆς
3115 4135 3247 4206 πρὸς
3273 4120 3569 4212 Νίκανδρον

256 4222 501 4285 έπιο-τολῆ
511 4244 559 4291 ς,
590 4237 738 4295 pag.
770 4223 865 4276 201
882 4262 896 4275 .
926 4220 1063 4293 Πρός
1081 4220 1200 4278 τοὺς
1225 4214 1489 4288 λέγοντας,
1516 4215 1595 4267 ὅτι
1623 4219 1747 4286 μίαν
1772 4221 2009 4287 Χριστοῦ
2024 4218 2134 4287 χρὴ
2157 4213 2320 4286 λέγειν
2339 4217 2432 4273 τὴν
2458 4212 2709 4287 ἐνέργειαν
2737 4214 2856 4268 κατ’
2879 4214 3230 4292 ἐπικράτειαν,
3255 4222 3405 4282 ibid.
3435 4231 3571 4302 Πρὸς

254 4318 373 4376 τοὺς
403 4314 655 4388 λέγοντας
700 4312 785 4363 ὅτι
825 4311 1001 4381 ὥσπερ
1050 4305 1272 4381 ὀργάνου
1314 4308 1405 4357 καὶ
1446 4310 1540 4356 τοῦ
1581 4309 1846 4365 κινοῦντος
1882 4308 1981 4376 μία
2023 4302 2269 4378 ένέργεια,
2316 4303 2451 4355 οὕτω
2492 4306 2584 4355 καὶ
2622 4305 2860 4366 θεότητος
2895 4309 2987 4358 καὶ
3033 4305 3432 4383 ἀνθρωπότητος
3470 4323 3572 4390 μία

257 4400 503 4478 ἐνέργεια,
530 4399 683 4459 ibid.
716 4401 853 4472 Πρὸς
879 4399 999 4458 τοὺς
1026 4394 1271 4467 λέγοντας
1298 4396 1421 4466 μίαν
1453 4394 1696 4481 σύνοετον
1731 4391 1816 4447 ἐπὶ
1845 4399 2081 4468 Χριστοῦ
2117 4390 2391 4466 ἐνέργειαν,
2423 4406 2484 4465 p.
2515 4390 2652 4449 ead.
2680 4392 2746 4451 Β.
2769 4394 2860 4449 Ἐκ
2886 4402 2981 4449 τοῦ
3020 4400 3151 4472 πρὸς
3181 4399 3568 4481 ’Λπολλινάριον

253 4495 341 4544 τόν
363 4493 628 4567 αἱρετικὸν
653 4487 1027 4563 ἀναῤῥητικοῦ
1049 4483 1227 4556 λόγου,
1256 4496 1398 4556 pag.
1424 4481 1525 4538 188
1550 4480 1616 4539 Β.

327 4584 518 4640 Melita
542 4577 895 4642 Sardensis,
924 4589 1068 4648 pag.
1097 4575 1200 4630 188
1226 4573 1290 4631 b.

327 4671 699 4746 Nicephorus
728 4664 1077 4741 patriarcha
1095 4662 1461 4721 CPolitanus.
1505 4662 1651 4720 Vide
1666 4662 1838 4734 infra
1866 4662 1931 4719 in
1960 4676 2100 4720 voce
2127 4660 2393 4719 Photius.

323 4763 602 4820 Nicolaus
632 4753 1038 4816 Hemonensis
1060 4753 1402 4827 episcopus,
1432 4766 1493 4824 p.
1527 4755 1649 4809 307.
1687 4750 1775 4805 Ἐκ
1812 4760 1905 4805 τοῦ
1934 4772 1952 4804 ν

1934 4753 2072 4804 κατὰ
2109 4754 2342 4804 Λατίνων
2385 4749 2514 4825 ὑπερ
2545 4758 2639 4805 τοῦ
2682 4755 2983 4828 Πνεῦματος
3024 4755 3201 4833 λόγου,
3245 4775 3385 4835 pag.
3432 4769 3558 4825 262.

256 4848 634 4925 κηαὶαιὼδης
697 4848 917 4919 ἔλεγχοι
958 4849 1049 4896 τοῦ
1097 4844 1240 4918 παρὰ
1296 4845 1545 4903 Λατίνοις
1592 4847 1931 4914 καινοφανοῦς
1989 4837 2273 4914 δόγματος,
2324 4841 2405 4894 ὅτι
2452 4844 2520 4928 τό-
2560 4847 2772 4915 Πνεῦμα
2824 4847 2884 4898 τό
2936 4845 3085 4918 ἅγιον
3137 4848 3191 4902 έκ
3228 4858 3321 4904 τοῦ
3348 4857 3560 4928 Πατρός

250 4948 446 4997 καὶτοῦ
472 4944 600 4997 Υἱοῦ
632 4937 995 5011 ἐκπορεύεται,
1023 4931 1421 5005 συνοψισθέντες
1448 4930 1575 5007 παρ’
1603 4930 1764 4984 αὐτοῦ
1789 4928 1845 4984 ἐκ
1872 4938 1970 4984 τῶν
2001 4925 2097 4983 διὰ
2123 4928 2349 4993 πλάτους
2394 4927 2442 4982 ἐν
2492 4925 2762 5005 διαφόροις
2802 4933 2974 5008 λόγοις
2999 4943 3387 5014 γεγραμμένων,
3413 4925 3556 5016 Ράε,

250 5029 429 5088 2961).

2649 5116 2699 5129 η,
2753 5108 2767 5129 ἓ
2831 5107 2856 5128 ν
2926 5111 2939 5129 9
3006 5118 3028 5129 ιιι

252 5208 314 5272 ὗς
335 5214 418 5263 καὶ
444 5210 499 5262 έκ
533 5215 630 5263 τοῦ
658 5208 795 5262 Υἰοῦ
822 5205 887 5256 τὸ
927 5207 1136 5275 Πνεῦμα
1162 5198 1533 5275 έκπορεύεσθειι
1553 5196 1813 5271 λέγοντας,
1837 5210 1979 5270 pag.
2004 5195 2131 5251 288.
2160 5195 2246 5250 Ἐκ
2264 5203 2356 5249 τοῦ
2385 5195 2542 5269 λόγου
2570 5205 2663 5251 τοῦ
2688 5204 2810 5273 περὶ
2837 5209 2928 5263 τῆς
2955 5210 3046 5255 τοῦ
3077 5203 3227 5277 ἁγίου
3260 5211 3557 5283 Πνεῦματος

249 5305 638 5373 μυσταγωγὶας,
668 5308 823 5371 pag.
857 5294 984 5349 332.
1012 5290 1101 5344 Ἐκ
1128 5297 1222 5343 τοῦ
1247 5288 1424 5361 λόγου,
1451 5287 1512 5340 οὗ
1530 5288 1561 5347 ἠ
1588 5285 1750 5363 ἀρχὴ,
1779 5293 1898 5349 Πῶς
1923 5285 2135 5349 eam;
2162 5286 2235 5359 τῷ
2265 5290 2435 5363 Πατρὶ
2454 5288 2481 5340 ό
2503 5289 2723 5353 θάνατος
2744 5288 2932 5363 λέγοιτ’
2955 5291 3163 5348 ἂνεῖναι
3186 5303 3278 5349 τοῦ
3297 5304 3550 5372 Χριστοῦ,

248 5405 297 5447 κ.
321 5388 387 5458 λ.,
417 5404 562 5464 pag.
601 5389 736 5445 334.
770 5385 1013 5456 Χρήσεις
1050 5381 1188 5433 κατὰ
1226 5377 1602 5464 Εἰκονομάχων
1649 5375 1705 5430 ἐκ
1740 5383 1842 5429 τῶν
1890 5378 2292 5450 συγγραμάτων,
2331 5381 2636 5452 Νικηφόρου
2678 5382 2770 5432 καὶ
2809 5384 3008 5435 ⁴Ιιωτίου
3060 5391 3161 5437 τῶν
3207 5394 3553 5462 πατριαρχῶν

253 5462 862 5541 ιωνοταντενουπόλεως,
884 5472 979 5524 καὶ
1005 5464 1281 5545 Θεοδώρου
1309 5472 1403 5523 τοῦ
1432 5462 1737 5541 Στουδίτου,
1767 5480 1909 5542 pag.
1932 5468 2059 5523 210.
