4126 6272
472 259 576 325 291
1536 257 1806 323 CODlCIS
1837 265 2121 320 MEDICEI
2148 257 2305 321 XXIV
2338 261 2698 322 RECENSIO.
3665 270 3772 325 292

546 391 780 466 Πρόκλου
801 394 1049 464 χρήσεις,
1079 405 1222 462 pag.
1245 393 1348 446 235
1368 389 1430 445 b.

543 480 916 553 Sophronius
947 479 1291 549 patriarcha
1314 478 1888 550 Hierosolymitanus
1918 475 1973 528 ἐκ
2002 485 2097 540 τῆς
2124 497 2172 529 σι

1636 478 1888 533 mitanus
1918 475 1973 528 ἐκ
2002 485 2097 540 τῆς
2124 473 2412 538 συνοδικῆς
2440 477 2736 548 ἐπιστολῆς,
2772 494 2831 550 p.
2856 482 2960 536 206
2985 479 3047 551 Ι),
3075 484 3174 538 343
3205 481 3265 537 b.

544 569 895 641 Συλλογισμός
919 575 1012 619 τοῦ
1049 567 1272 639 μεγάλου
1309 563 1666 641 δρουγγαρίου
1699 571 1882 638 κυρίου
1915 568 2189 638 Στεφάνου,
2220 583 2367 638 pag.
2408 571 2510 623 333
2540 566 2601 622 b.

543 659 632 712 Ἐκ
660 677 753 710 του
788 653 1068 709 συνοδικοῦ
1098 663 1189 707 τοῦ
1221 656 1709 728 άναγινωσκομένου
1743 654 1790 706 ἐν
1821 662 1882 727 τῇ
1916 654 2114 726 μεγάλη
2147 655 2454 724 Ἐκκλησία,
2480 671 2622 727 pag.
2656 658 2778 711 334.

541 745 778 804 Ἐκθεσις
802 748 1108 816 Σωτηρίχου
1131 749 1221 794 τοῦ
1251 744 1752 814 παντευγενεστάτου
1781 749 2116 815 παριστῶσα,
2148 742 2286 802 ὅπως
2313 740 2508 815 ἐφρόνει
2535 745 2656 814 περὶ
2685 749 2775 792 τού
2797 738 3082 814 δόγματος,
3099 746 3125 796 ὅ
3150 764 3300 816 φησι,
3331 748 3398 798 Σύ
3429 741 3477 797 εἷ
3496 746 3521 795 ό
3552 747 3776 816 προσφέ-

471 855 593 908 ρων,
622 839 711 886 καὶ
739 837 1163 906 προσφερόμενος,
1201 847 1340 903 pag.
1373 835 1474 887 3'27
1499 831 1558 886 b.
1590 834 1661 883 Τὸ
1692 830 1777 881 ἐπὶ
1807 837 1878 899 τῷ
1911 828 2184 901 ἀναφυέντι
2210 826 2440 901 δόγματι
2468 832 2603 881 κατά
2631 837 2720 881 τοῦ
2745 835 3246 904 παντευγενεστάτου
3281 839 3589 909 Σωτηρίχου
3619 852 3776 905 γεγο-

473 928 559 984 νὸς
582 928 876 995 σημείωμα,
905 934 1044 993 pag.
1078 924 1182 977 334
1211 921 1268 976 b.

543 1012 946 1068 Theodoretus
975 1010 1063 1063 Ἐκ
1092 1017 1184 1061 τοῦ
1213 1005 1296 1061 κδ’
1325 1007 1603 1080 κεφαλαίου
1633 1014 1733 1058 τῶν
1763 1005 1831 1066 εἰς
1848 1009 1914 1058 τὰ
1953 1003 2225 1080 ἀπόρρητα
2251 1013 2346 1067 τῆς
2381 1003 2594 1069 Ἐξόδου
2635 1007 2934 1082 ἐρμήνειῶν,
2968 1010 3029 1062 οὗ
3057 1012 3087 1068 ἠ
3123 1009 3289 1084 ἁρχὴ,
3331 1016 3478 1064 Διατί
3500 1013 3778 1083 φεύγουσιν

473 1100 763 1154 ἐπιτελέσαι
787 1099 1074 1173 προσέταξε
1103 1105 1194 1150 τοῦ
1224 1100 1422 1169 Πάσχα
1451 1101 1546 1155 τὴν
1571 1096 1774 1169 ἑορτὴν,
1807 1108 1946 1166 pag.
1972 1098 2077 1149 330
2104 1093 2171 1150 b.

544 1191 634 1242 Ἐκ
676 1196 766 1241 τοῦ
805 1193 924 1261 περὶ
971 1195 1071 1240 τῶν
1110 1186 1352 1258 ’Λζύμων
1394 1189 1485 1236 καὶ
1516 1204 1606 1236 του
1652 1185 1948 1254 ΙΙνεύματος
1984 1181 2137 1253 λόγου
2167 1201 2280 1234 του.
2363 1223 2376 1237 .
2457 1223 2472 1237 .
2551 1224 2564 1237 .
2645 1227 2658 1240 .
2738 1207 2919 1262 ,κυρου
2951 1185 3227 1265 Θεοδώρου
3267 1195 3578 1265 Σμυρναίου,
3636 1204 3777 1262 pag.

472 1282 576 1336 293
601 1279 663 1335 b.

543 1367 889 1424 Theodorus
919 1365 1172 1421 Studita.
1215 1363 1358 1419 Vide
1394 1375 1582 1431 supra
1607 1360 1670 1415 in
1697 1373 1837 1415 voce
1860 1357 2125 1414 Photius.

544 1455 1026 1529 Theophylactus
1061 1450 1554 1522 archiepiscopus
1584 1447 1874 1516 Bulgaria
1906 1445 1962 1498 ἐκ
1988 1453 2088 1497 τῶν
2129 1465 2173 1498 πη

2151 1450 2248 1519 περὶ
2271 1465 2362 1499 του
2395 1451 2712 1520 Πνεύματος,
2739 1468 2880 1524 pag.
2925 1457 3051 1510 275.
3085 1455 3174 1508 Ἐκ
3202 1461 3295 1517 τῆς
3339 1475 3429 1508 του
3458 1462 3780 1529 Τετραευαγ-

473 1547 624 1618 γέλου
651 1547 936 1619 ἑρμηνείας,
960 1556 1105 1614 pag.
1146 1543 1248 1595 332
1278 1538 1344 1594 b.
1386 1538 1472 1599 Εἰς
1497 1540 1555 1588 τό
1585 1537 1741 1609 ῥητόν
1764 1541 1858 1595 τῆς
1879 1539 2002 1609 πρός
2026 1534 2337 1595 Κολοσσαεῖς
2360 1535 2670 1602 Ἐπιστολῆς
2690 1560 2782 1593 του
2813 1542 3038 1613 μεγάλου
3074 1543 3279 1596 Παύλου
3308 1547 3366 1595 τό
3398 1545 3616 1616 φάσκον,
3644 1546 3782 1595 «Καὶ

478 1633 551 1687 δι’
583 1635 742 1687 αύτου
773 1629 1196 1692 ἀποκαταλλάξαι
1221 1630 1287 1680 τὰ
1315 1627 1486 1679 πάντα
1524 1625 1594 1685 εἰς
1620 1625 1795 1687 αὐτόν,
1825 1645 1852 1672 η
1881 1638 2019 1694 pag.
2049 1626 2173 1678 333.

549 1726 632 1778 Ex
657 1720 907 1793 synodis
941 1717 1290 1785 afferuntur,
1307 1715 1504 1786 prima
1528 1711 1824 1782 generalis
1855 1725 1993 1782 pag.
2028 1713 2126 1764 178
2156 1710 2218 1764 b.
2235 1709 2520 1782 Synodus
2547 1731 2604 1770 Iv
2626 1717 3130 1776 Chalcedonensis
3152 1735 3291 1793 pag.
3311 1725 3410 1777 {52
3431 1720 3497 1790 b,
3517 1725 3574 1776 et
3599 1734 3780 1790 syno-

477 1812 592 1868 dus
623 1816 790 1866 sexta
818 1823 957 1880 pag.
995 1807 1116 1862 193.

550 1902 640 1954 Ill.
674 1899 738 1953 In
769 1897 980 1953 ultima
1004 1893 1251 1950 tandem
1271 1891 1496 1965 pagina
1520 1887 1764 1944 iambici
1784 1887 2037 1960 quidam
2058 1902 2268 1942 versus
2295 1887 2596 1959 leguntur,
2625 1897 2850 1967 quibus
2877 1899 3064 1955 instar
3085 1899 3232 1955 tituli
3253 1899 3383 1955 haec
3411 1897 3779 1972 praecedunt;

473 1997 576 2043 Του
631 1986 1019 2042 Θεσσαλονικου
1068 1985 1508 2054 Μεσοποταμίην
1554 1980 1690 2036 τινὸς
1747 1972 2038 2036 διελθόντος
2080 1981 2174 2034 τὴν
2223 1974 2404 2048 βίϐλον
2458 1978 2665 2055 ἑτοίμου
2720 1991 2981 2063 στιχηρόν
3028 1994 3390 2062 προσφώνημα
3447 1991 3514 2049 ὡς
3561 1987 3609 2038 ὲν
3653 1983 3782 2038 εῖδει

474 2078 884 2152 ἐπιγράμματος.
969 2117 982 2128 .
1075 2116 1090 2129 .
1183 2114 1196 2126 .
1288 2115 1302 2128 .
1396 2115 1408 2126 .
1501 2111 1516 2123 .
1601 2067 1698 2136 (4)-
1738 2071 1841 2116 Του
1874 2064 2314 2136 φιλοπονήσαντος
2359 2072 2452 2125 τὴν
2491 2074 2756 2131 συνθήκην
2802 2084 2893 2136 τῆς
2950 2075 3136 2149 βίϐλου
3175 2081 3532 2150 προκειμένης,
3589 2071 3782 2133 διπλῆν

474 2170 856 2240 πραγματείαν,
903 2169 998 2220 τήν
1040 2181 1096 2213 τε
1137 2161 1532 2232 προταχθεῖσαν
1585 2153 2026 2211 ἐκκλησιαστικὸν
2082 2155 2336 2226 ἱστορίαν,
2382 2163 2472 2210 καὶ
2522 2165 2616 2218 τὴν
2671 2167 2794 2236 πρός
2842 2169 2902 2216 τό
2961 2165 3116 2226 τέλος.
3198 2208 3210 2220 ,
3293 2209 3304 2219 .
3385 2207 3400 2220 .
3481 2206 3497 2221 .
3578 2205 3591 2218 .
3672 2205 3688 2220 .
3767 2204 3782 2219 .

485 2299 498 2312 .
586 2299 598 2310 .
680 2298 696 2312 .
773 2297 786 2308 .
867 2251 1294 2308 .Thessatonici
1323 2243 1793 2315 Mesopotamiae
1821 2242 2138 2312 cujusdam
2165 2244 2229 2297 in
2255 2244 2497 2312 librum,
2521 2265 2693 2319 quem
2727 2254 3454 2323 tegerat,e:rtemporanea
3475 2267 3550 2309 ex
3572 2251 3786 2308 iambis

473 2344 831 2402 acclamatio
862 2344 1057 2396 instar
1082 2335 1550 2408 epigrammatis.
1632 2374 1644 2386 .
1725 2372 1738 2386 .
1820 2372 1833 2384 .
1911 2332 1971 2384 in
1993 2345 2112 2400 qua
2131 2332 2362 2388 studuit
2394 2335 2645 2404 hujusce
2671 2340 2814 2395 libri
2841 2345 3342 2408 compositionem,
3369 2343 3790 2411 duplicemque

477 2433 853 2490 tractationis
880 2445 1120 2498 scopum
1149 2419 2188 2494 exprimeremideticetpraepositam
2211 2418 2518 2480 historiam
2537 2430 3091 2500 ecclesiasticam,et
3118 2448 3249 2504 quae
3267 2433 3330 2487 in
3358 2432 3496 2500 ﬁne.
3577 2471 3594 2488 .
3674 2472 3691 2488 .
3771 2470 3786 2485 .

546 2521 795 2578 Iambici
814 2534 956 2574 vero
978 2533 1184 2572 versus
1204 2515 1287 2569 ita
1307 2511 1532 2568 habent
1555 2528 1568 2564 ε

474 2611 790 2683 Εύαγγελικό
800 2630 820 2671 ς
848 2607 996 2666 ἄλλος
1032 2600 1380 2658 οἰκοδεσπότη
1391 2621 1413 2662 ς

2184 2597 2580 2668 Evangelicus
2608 2605 2756 2661 alter
2786 2608 3217 2679 paterfamilias

477 2711 556 2760 Θη
566 2697 979 2774 σαυροφυλάκιον
1006 2693 1229 2764 ἠνοίχθη
1265 2694 1453 2761 στόμαο

2182 2685 2258 2739 Os
2285 2687 2599 2761 adaperuit
2627 2694 2977 2753 thesaurum
3003 2700 3320 2754 continens
3350 2716 3363 2766 ;

488 2793 744 2862 Εξάγεται
776 2785 821 2840 δ’
815 2807 834 2840 ε
863 2791 954 2838 καὶ
982 2783 1179 2836 παλαιὰ
1207 2785 1298 2833 καὶ
1324 2783 1432 2846 νέα,

2180 2775 2563 2835 Proferuntur
2584 2789 2784 2839 autem
2811 2801 2973 2841 nova
3001 2792 3056 2842 et
3082 2791 3306 2856 vetera,

475 2881 742 2952 Ἀρχαῐκὰ
767 2874 1012 2948 δόγματα
1034 2876 1124 2924 καὶ
1147 2873 1317 2921 καινοὶ
1338 2867 1505 2938 λόγοι.

2181 2863 2440 2937 Antiqua
2460 2868 2768 2942 dogmata,
2800 2878 2857 2930 et
2885 2890 3043 2931 nova
3071 2877 3335 2932 oracula.

475 2970 532 3021 Ἠ
557 2967 804 3041 βιϐλιακή
840 2965 1080 3023 σύνθετος
1102 2957 1319 3032 διαρτία

2186 2955 2317 3007 Haec
2344 2953 2477 3010 libri
2502 2956 2650 3013 bene
2675 2961 2907 3030 digesta
2927 2964 3285 3035 compositio

475 3057 823 3131 Ἀνθρωπικόν
854 3056 1120 3124 σύγκριμα
1151 3050 1330 3121 μικτόν
1358 3041 1600 3107 δεικνύει,

2186 3043 2523 3131 Humanam
2554 3056 2941 3119 repraesentat
2969 3051 3222 3107 mixtam
3251 3051 3566 3120 fabricam,

479 3130 637 3219 Ψυχὴ
673 3143 818 3198 δοκεῖ
840 3148 930 3194 καὶ
957 3149 1128 3212 σῶμα,
1151 3145 1339 3210 γνῶσις
1368 3139 1456 3187 καὶ
1485 3135 1682 3206 φθίσις,

2185 3130 2402 3186 Anima
2429 3133 2664 3190 videtur
2699 3143 2757 3192 et
2787 3153 3027 3211 corpus,
3059 3140 3342 3210 cognitio,
3371 3145 3430 3195 et
3459 3139 3781 3210 corruptio,

482 3235 587 3289 Κᾶν
618 3235 833 3305 ούρανός
865 3234 990 3303 πρὸς
1010 3229 1162 3298 ὕψος,
1185 3226 1245 3278 ἂν
1273 3222 1332 3277 δὲ
1355 3233 1419 3295 γῆ
1449 3226 1612 3288 κάτω,

2185 3225 2267 3274 Ae
2290 3219 2339 3274 si
2369 3221 2588 3278 caelum
2619 3240 2884 3290 sursum,
2921 3233 3074 3284 terra
3099 3243 3240 3285 vero
3267 3228 3569 3299 deorsum,

483 3327 693 3394 Κόσμου
720 3325 934 3392 μίμημα
960 3313 1135 3376 δέλτος
1167 3320 1196 3371 ἡ
1220 3316 1552 3383 προκειμένη,

2187 3307 2340 3363 Vera
2371 3311 2581 3365 mundi
2608 3312 2810 3384 imago
2840 3320 2927 3371 est
2955 3332 3221 3388 praesens
3244 3316 3501 3384 libellus,

479 3415 558 3463 Τὰ
582 3412 693 3461 θεῖα
714 3415 935 3478 πρῶτον,
970 3405 1186 3474 ὕστερον
1216 3404 1283 3453 τὰ
1299 3404 1551 3474 πρακτέα.

2187 3396 2252 3449 In
2282 3411 2406 3468 quo
2435 3398 2640 3457 divina
2667 3402 2954 3474 primum,
2985 3409 3042 3461 et
3065 3405 3286 3462 deinde
3313 3406 3608 3462 humana.

484 3504 585 3553 Καὶ
615 3498 854 3570 μετρικόν
885 3496 973 3565 μὲν
998 3494 1220 3566 γράμμα
1245 3493 1340 3546 τὴν
1364 3483 1567 3542 Ἰλιάδα

2187 3489 2270 3539 Ac
2289 3486 2604 3544 metricum
2624 3491 2871 3561 quidem
2894 3492 3043 3549 illud
3067 3509 3222 3567 opus
3251 3493 3471 3550 Iliados

483 3581 964 3660 Σμαραγδογλυφὴς
994 3578 1321 3649 ἐνθαλαμεύει
1355 3575 1496 3632 θίϐηο

2189 3575 2480 3631 Recubuit
2502 3577 2562 3632 in
2589 3579 2793 3636 arcula
2823 3583 3251 3652 smaragdina:

483 3670 829 3746 Ἀλεξάνδρου
859 3674 950 3721 καὶ
977 3685 1130 3720 τουτο
1158 3673 1250 3725 τῆς
1279 3663 1557 3734 εὐψυχίας,

2190 3663 2362 3727 Quod
2387 3664 2706 3723 Alexandri
2733 3669 2993 3727 ostendit
3021 3672 3209 3727 animi
3245 3670 3680 3742 praestantiam,

485 3763 763 3822 Βασιλικῆς
781 3764 1058 3832 γνώρισμα
1087 3749 1422 3828 φιλοδωρίας,

2191 3753 2256 3805 Et
2275 3752 2453 3822 regiae
2483 3753 2590 3809 fuit
2616 3756 3037 3815 munificentia:
3066 3759 3374 3828 indicium,

484 3857 848 3926 Ἀνακτορικῆς
880 3845 1072 3920 δεῖγμα
1099 3845 1335 3918 λαμπρᾶς
1358 3838 1604 3916 καρδίας,

2191 3841 2424 3910 Regalis
2453 3847 2510 3897 et
2535 3859 2671 3900 vere
2702 3846 3001 3918 splendidi
3029 3848 3224 3904 cordis
3244 3847 3679 3914 testimonium,

483 3943 674 4017 Χλωρὰ
699 3941 862 4006 λίθος,
897 3937 1183 4011 βλάστημα
1207 3933 1471 4005 λειμῶκως
1488 3931 1667 4003 λόγου,

2191 3929 2403 3985 Vivens
2421 3929 2597 4004 lapis,
2626 3947 2871 4002 germen
2901 3938 3078 4007 prati,
3111 3942 3177 3992 ut
3202 3941 3294 3993 est
3317 3952 3536 4000 sermo,

484 4038 646 4104 Σαφὴς
675 4028 902 4103 διόπτρα
924 4046 1015 4078 του
1047 4027 1176 4098 πρὸς
1204 4022 1438 4096 ’Όμηρον
1461 4022 1644 4074 πόθου.

2193 4018 2414 4075 Lucida
2438 4020 2674 4093 dioptra
2697 4023 2756 4076 in
2788 4026 3108 4080 Homerum
3135 4025 3405 4082 affectus.

483 4122 606 4178 ’Ύλη
638 4117 696 4171 δέ
724 4137 806 4177 τις
834 4116 1104 4185 καλύπτρα
1130 4115 1326 4173 ταύτης
1354 4106 1632 4171 πυκτίδος·

2194 4106 2308 4163 Sed
2327 4109 2611 4180 quaedam
2631 4111 2987 4168 abscondita
3006 4115 3284 4170 materies
3305 4120 3399 4171 est
3418 4113 3602 4186 hujus
3631 4113 3797 4183 libri;

485 4212 587 4270 Τὰς
613 4203 910 4280 καρδιακὰς
933 4206 1142 4273 πτύχας
1163 4200 1498 4267 ἐξανοικτέον,

2196 4199 2519 4271 Cordisque
2539 4204 2682 4256 sunt
2706 4200 3050 4257 evolvenda
3080 4203 3337 4274 paginae,

491 4303 592 4351 Καὶ
621 4300 708 4352 τὴν
735 4292 927 4365 μεταξύ
957 4296 1139 4363 χώραν
1164 4288 1516 4360 ύφαπλωτέον.

2189 4292 2492 4359 Totusque
2512 4288 2747 4343 medius
2773 4289 3167 4360 explicandus
3184 4291 3375 4348 locus.

492 4388 680 4444 κλίνην
711 4382 1077 4452 Σολομώντειον
1107 4378 1476 4449 ιύτυχησάτωο

2195 4381 2347 4433 Bene
2376 4377 2432 4432 ei
2457 4377 2646 4433 lectus
2680 4377 3020 4434 Salomonis
3049 4380 3359 4436 convenit:

487 4483 732 4532 Τοιουτος
760 4471 895 4527 οἶκος
923 4466 1064 4528 ἄξιος
1091 4468 1286 4526 ταύτης
1309 4470 1480 4530 τόπος,

2194 4470 2326 4522 Haec
2353 4468 2483 4537 ejus
2511 4465 2695 4537 digna
2723 4467 2964 4536 domus,
2989 4468 3085 4524 hic
3107 4468 3328 4540 dignus
3347 4469 3539 4526 locus.

487 4570 632 4622 Ζωῆς
662 4561 848 4632 ἔμαθον
882 4553 1085 4628 βίϐλον,
1116 4553 1223 4604 ἀλλ’
1257 4550 1374 4604 ἰδοὺ
1408 4553 1603 4626 βλιπω,

2194 4557 2333 4612 Vitae
2358 4556 2576 4612 librum
2603 4556 2845 4627 perlegi,
2871 4563 2928 4614 et
2950 4573 3087 4614 ecce
3110 4558 3307 4615 video.

487 4655 566 4706 Τὰ
595 4650 792 4710 ζωτικὰ
819 4646 1031 4720 ῥήματα
1057 4644 1340 4714 γράμματα
1369 4645 1528 4714 φέρει,

1495 4661 1528 4708 ι,
2191 4645 2334 4700 Vitae
2359 4645 2546 4700 verba
2568 4645 2874 4701 continent
2897 4645 3124 4709 litterae,

491 4741 598 4795 Κᾶν
629 4740 810 4805 θνητὰ,
841 4730 1002 4807 μικτά
1029 4739 1139 4793 τοῖς
1170 4729 1440 4791 ἀθανάτοις
1465 4730 1656 4801 λόγοις,

2196 4734 2352 4789 Licet
2368 4733 2663 4801 mortalia,
2689 4733 2875 4790 mixta
2893 4734 3064 4790 dictis
3081 4735 3541 4800 immortalibus,

490 4834 827 4903 Προφητικῆς
855 4823 1112 4895 πλήρωμα
1141 4815 1483 4889 θεσπιῳδίας,

2195 4823 2556 4894 Propheticae
2581 4821 3034 4894 implementum
3059 4823 3517 4892 vaticinationis,

488 4925 592 4978 Τῆς
621 4911 844 4974 ἑπτάδος
871 4917 1105 4985 μέρισμα
1131 4913 1221 4960 καὶ
1259 4915 1355 4969 τῆς
1383 4904 1626 4976 όκτάδος,

2195 4909 2522 4983 Septenarii
2539 4908 2917 4977 divisionem,
2939 4917 2998 4967 et
3025 4913 3331 4981 octenarii,

489 5009 552 5064 Ei
571 5011 641 5078 μή
669 5023 749 5064 τις
773 5001 930 5058 ἄλλην
956 4999 1106 5058 ἄλλος
1135 4992 1302 5049 ἐπτάδ
1307 5016 1340 5047 α
1367 4995 1501 5068 λέγει

2197 5001 2315 5057 Nisi
2343 4999 2478 5072 quis
2498 4998 2650 5054 alius
2675 4998 2859 5054 alium
2883 5000 3049 5056 malit
3073 5000 3481 5073 septenarium
3501 4999 3721 5067 dicere,

489 5101 589 5156 Τὴν
620 5090 937 5146 ἐπτάκαυλον
957 5083 1241 5144 συνοδικην
1268 5085 1512 5157 λυχνίαν,

2201 5087 2658 5161 Septemplicem
2681 5086 2848 5144 illam
2875 5088 3234 5159 synodicam
3261 5089 3630 5162 lampadem,

488 5192 634 5243 Ἠτις
665 5179 856 5250 ἀνῆψεν
886 5173 965 5229 ὧδ
970 5195 990 5229 ε
1021 5177 1279 5228 σωστικόν
1311 5176 1478 5234 σέλας.

2199 5180 2344 5244 Quae
2368 5191 2548 5249 super
2571 5191 2684 5232 nos
2704 5177 2978 5234 accendit
3000 5177 3085 5234 ita
3105 5177 3365 5235 salutare
3389 5178 3617 5233 lumen.

563 5269 762 5328 Codex
791 5269 1028 5323 Gracus
1050 5265 1404 5320 chartaceus
1431 5278 1548 5319 ms.
1584 5263 1648 5320 in
1671 5263 1774 5322 fol.
1798 5283 1935 5324 sine.
1963 5268 2175 5337 XIII,in
2202 5267 2377 5338 cujus
2400 5267 2610 5322 ultima
2638 5265 2885 5337 pagina,
2913 5265 3136 5321 codicis
3156 5265 3570 5336 integumento
3591 5263 3800 5336 afﬁxa,

494 5362 574 5420 ab
604 5357 838 5422 eadem,
871 5360 939 5410 ut
962 5353 1215 5417 videtur,
1247 5366 1438 5409 manu
1465 5355 1740 5412 notatum
1765 5355 2020 5429 legitur:
2049 5363 2123 5411 Btt

2173 5365 2250 5410 ίον
2273 5375 2364 5410 του
2387 5360 2539 5408 παπᾶ
2566 5359 2751 5428 κυρίου
2771 5357 2987 5426 Μάρκου
3017 5373 3109 5407 του
3139 5373 3518 5428 πνευματικου.
3550 5354 3802 5429 Constat

498 5449 656 5510 foliis
680 5444 916 5518 scriptis
939 5446 1064 5499 385.
2033 5499 2040 5503 _

565 5539 645 5616 (4)
686 5535 796 5594 Ubi
825 5537 1051 5609 puncta
1077 5531 1181 5589 illa
1198 5531 1544 5604 interpositu
1567 5533 1762 5607 vides,
1790 5535 1877 5597 ibi
1897 5538 2084 5597 verba
2104 5535 2281 5596 tineis
2319 5548 2568 5592 corrosa
2596 5536 2736 5590 sunt
2760 5549 2831 5590 ac
2859 5533 3154 5591 mutilata.
