4126 6272
1570 435 1730 476 CIRCA
1769 435 1978 475 INITIUM
2017 435 2230 477 SBCULI
2266 436 2364 475 Χῐῐι

1413 657 2518 806 (ΞΒᾸΕΟΟΒΙΙΜ

257 981 436 1164 Μ)
509 979 1596 1167 INNOCENTIUM
1652 983 1825 1166 III
1892 983 2809 1168 PONTIFICEM
2876 983 3645 1169 ROMANUM

1623 1339 2131 1464 EPISTO
2151 1342 2321 1459 LA

577 1553 895 1609 SCRIPTA
934 1553 1108 1610 POST
1145 1553 1418 1612 CAPTAM
1455 1557 1502 1609 Α
1542 1555 1807 1611 LATINIS
1847 1556 2206 1611 CONSTANT

1737 1627 2196 1683 IMPERATORE.

1682 1556 1807 1611 [NIS
1847 1555 2564 1624 CONSTANTINOPOLIM,
2604 1557 2974 1612 REGNANTE
3011 1558 3311 1614 HENRICO

1737 1627 2196 1683 IMPERATORE.

1030 1802 1136 1871 (Ex
1160 1803 1329 1857 Joan.
1366 1803 1533 1874 Bapt.
1564 1801 1827 1858 Cotelerii
1854 1805 2112 1859 Monum.
2149 1802 2301 1859 Eccl.
2337 1804 2573 1871 Graecae,
2609 1807 2755 1860 tom.
2785 1805 2899 1874 ltl).

344 2175 608 2240 Δέσποτα,
680 2171 724 2224 εἰ
779 2176 855 2244 μὴ
908 2176 1002 2230 τὴν
1043 2180 1135 2225 τοῦ
1185 2173 1449 2246 μέλλοντος
1503 2177 1640 2227 θείου
1685 2173 1892 2227 Σαϐϐά-
1925 2181 1968 2232 Α

2074 2175 2342 2242 Domine,
2391 2173 2508 2230 nisi
2562 2174 2852 2232 sciremus
2908 2179 3263 2248 praesentem
3310 2175 3494 2233 vitam
3519 2192 3652 2233 esse

285 2279 371 2312 του
434 2265 790 2335 Παρασκευην
847 2266 944 2318 τὴν
995 2271 1267 2336 παροῦσαν
1333 2265 1472 2326 ζωὴν
1524 2264 1896 2338 ἐγινώσκομεν,

2023 2265 2185 2323 'uturi
2221 2265 2409 2321 divini
2449 2263 2696 2321 Sabbati
2724 2267 3109 2330 Parasceven,
3141 2264 3462 2335 lugubrem
3486 2266 3564 2321 ad
3595 2271 3652 2322 te

287 2353 468 2421 γοερὰν
572 2349 634 2400 ἂν
712 2349 988 2423 ἑπλέξαμεν
1057 2357 1187 2427 πρὸς
1284 2373 1341 2406 σε
1408 2353 1731 2427 τραγῳδίαν,
1806 2363 1896 2409 καὶ

2025 2353 2363 2425 ragoediam
2378 2353 2938 2418 concinnassemus,
2951 2352 3113 2422 longi
3121 2353 3654 2426 squelamentatio-

286 2439 490 2512 θρήνοις
547 2446 770 2511 μακροῖς
808 2447 902 2491 τοῦ
966 2444 1078 2492 νέου
1143 2441 1270 2494 λαοῦ
1318 2449 1411 2502 τὴν
1484 2445 1678 2498 άλωσιν
1749 2443 1897 2498 ὠδυ-

2027 2443 2186 2499 iibus
2202 2442 2341 2498 novi
2365 2440 2573 2514 populi
2598 2439 3003 2512 captivitatem
3024 2440 3491 2498 deﬂevissemus.
3505 2441 3656 2508 Quia.

287 2529 509 2597 ράιιεθα.
579 2527 722 2579 Ἐπεὶ
775 2523 834 2580 δὲ
900 2529 1067 2590 καλῶς
1119 2530 1514 2605 ἐπιστεύσαμεν,
1565 2538 1632 2596 ὡς
1681 2538 1899 2588 πάντοτε

2027 2549 2148 2589 rero
2183 2531 2338 2587 bene
2373 2530 2756 2586 credidimus.
2801 2530 3118 2600 Christum,
3151 2531 3256 2603 qui
3285 2532 3461 2588 nobis
3503 2547 3656 2588 sem-

289 2621 582 2689 συμπαρὼν
639 2617 765 2688 ἡμῖν
808 2618 836 2667 ὁ
884 2622 1128 2691 Χριστὸς,
1179 2625 1272 2679 τὴν
1313 2624 1544 2694 φθαρτὴν
1584 2625 1728 2696 ἡμῶν
1767 2628 1898 2676 ταύ-

2028 2639 2113 2678 )θι·
2152 2621 2406 2688 adsistit,
2457 2619 2770 2675 mortalem
2826 2619 2986 2675 hanc
3037 2626 3308 2677 nostram
3352 2621 3539 2677 vitam
3577 2620 3657 2678 ad

287 2723 382 2761 την
438 2706 582 2765 ζωὴν
637 2708 770 2778 πρὸς
821 2706 914 2763 τὴν
973 2709 1236 2781 ἄφθαρτον
1297 2709 1492 2769 ἐκείνην
1558 2713 1900 2784 μεταπλάττει

2029 2709 2406 2766 mmortalem
2433 2709 2596 2764 illam
2621 2713 2680 2763 et
2698 2709 3171 2779 praestantiorem
3197 2709 3654 2776 transformare;

289 2800 384 2844 καὶ
432 2798 726 2867 κρείττονα,
781 2790 900 2847 ἰδοὺ
953 2797 1346 2870 συντριϐόμενοι
1407 2797 1501 2852 διὰ
1564 2807 1657 2860 τὴν
1715 2802 1782 2863 εἰς
1840 2805 1899 2853 τὸ

2025 2815 2143 2855 ecce
2191 2798 2446 2863 contriti,
2501 2803 2744 2869 propter
2789 2798 3276 2854 reformationem
3319 2800 3381 2854 in
3419 2799 3654 2865 melius,

290 2890 522 2954 κρεῖττον
590 2882 884 2935 ἀνάπλασιν
953 2891 1210 2958 χαίρομεν
1245 2909 1256 2919 ·
1338 2888 1750 2963 εὐχαριστοῦμεν
1843 2887 1902 2943 δὲ

2029 2893 2318 2955 aetamur;
2369 2886 2474 2942 sed
2504 2890 2562 2941 et
2603 2887 2840 2955 agimus
2871 2887 3091 2956 gratias
3129 2887 3243 2957 ipsi
3275 2887 3520 2954 Christo,
3552 2886 3658 2957 qui

289 2975 384 3020 καὶ
459 2969 602 3038 αὐτῷ
677 2977 751 3040 τῷ
817 2972 930 3041 μεθ’
1006 2974 1171 3045 ἡμῶν,
1241 2981 1330 3027 καὶ
1386 2977 1539 3029 πάλιν
1598 2979 1722 3050 ὑπὲρ
1755 2980 1900 3049 ἡμῶν

2023 2976 2324 3032 10biscum
2376 2980 2485 3037 est,
2532 2974 2870 3045 iterumque
2920 2989 3030 3045 pro
3079 2974 3254 3029 nobis
3281 2976 3405 3044 pati
3450 2973 3652 3029 voluit.

289 3061 475 3111 παθεῖν
548 3058 767 3130 ῧιομένῳ
825 3067 1074 3134 Χριστῷο
1141 3063 1200 3115 οὐ
1264 3066 1365 3138 γὰρ
1426 3065 1698 3139 ἁρπαγμὸν
1758 3070 1898 3137 ἡγή-

2031 3069 2138 3121 ton
2162 3065 2319 3120 enim
2347 3063 2625 3134 rapinam
2647 3062 2968 3118 arbitratus
2990 3067 3077 3118 est
3092 3062 3331 3118 adorari
3351 3061 3660 3134 aequaliter

291 3165 426 3200 σατο
453 3151 514 3199 τὸ
551 3151 968 3221 προσκυνεῖσθαι
1018 3155 1113 3204 ἶσα
1149 3161 1221 3223 τῷ
1262 3160 1376 3224 Θεῷ
1406 3160 1498 3207 καὶ
1529 3159 1725 3228 Πατρί·
1771 3155 1902 3207 ἀλλά

2030 3170 2150 3209 :uln
2179 3153 2298 3208 Deo
2328 3158 2386 3207 et
2411 3154 2615 3216 Patre;
2659 3166 2868 3206 verum
2901 3151 3116 3206 iterum
3154 3156 3367 3222 sponte
3407 3151 3659 3207 traditus

289 3241 389 3288 καὶ
463 3235 620 3288 πάλιν
689 3237 816 3288 ἑκὼν
880 3236 1174 3312 παρεδόθη,
1234 3247 1325 3294 καὶ
1398 3247 1490 3295 σὺν
1556 3245 1680 3316 ἡμῖν
1747 3243 1902 3305 ἁλοὺς

2028 3248 2130 3311 ast;
2163 3246 2219 3297 et
2247 3240 2567 3297 nobiscum
2601 3239 3140 3311 captus,spoliatus
3168 3246 3258 3296 est
3283 3243 3324 3307 ι,
3357 3239 3657 3296 abductus

291 3324 584 3384 ἑσκυλεύθη
667 3331 758 3378 καὶ
843 3325 1118 3399 ἀπηνέχθη
1191 3336 1281 3383 καὶ
1354 3329 1645 3405 παρεδόθη,
1703 3338 1794 3385 καὶ
1844 3336 1902 3385 τὸ

2032 3349 2082 3390 ιο
2137 3329 2432 3404 proditus,
2473 3329 2781 3402 ipsiusque
2829 3345 3049 3402 corpus
3099 3333 3157 3386 et
3193 3329 3552 3400 sanguinem
3599 3329 3661 3385 in

294 3425 456 3487 σῶμα
499 3417 661 3468 αὑτοῦ
717 3422 811 3469 καὶ
849 3421 908 3469 τὸ
969 3419 1100 3492 αἷμα
1153 3423 1286 3492 πρὸς
1330 3427 1424 3480 τὴν
1465 3432 1564 3494 γῆν
1620 3426 1776 3476 πεσὸν
1814 3427 1904 3474 καὶ

2032 3435 2230 3477 ,erram
2263 3417 2611 3488 dejecerunt
2634 3432 2706 3473 ac
2733 3415 3092 3487 effuderunt,
3131 3422 3312 3490 atque
3344 3417 3661 3474 conculca-

286 3505 357 3577 ῥυ
413 3509 465 3557 εν
505 3504 761 3573 ἐπατήθη,
809 3510 900 3559 καὶ
936 3509 1106 3561 πάντα
1151 3511 1433 3582 ὑπέμεινεν,
1493 3513 1576 3564 ἵνα
1648 3516 1765 3573 τοὺς
1808 3508 1906 3564 δύο

2036 3511 2255 3574 rerunt;
2287 3521 2522 3562 necnon
2553 3510 2769 3562 cuncta
2798 3505 3098 3573 sustinuit,
3130 3510 3197 3562 ut
3223 3505 3378 3563 duos
3404 3504 3665 3579 populos

291 3593 509 3665 συνάψῃ
586 3593 765 3661 λαοὺς,
824 3593 1128 3659 ἀποκτείνας
1175 3603 1268 3657 τὴν
1321 3601 1590 3674 ἔχθραν,ῆ
1621 3600 1810 3672 μᾶλλον
1845 3604 1904 3652 τὸ

2037 3601 2412 3661 :onnecteret,
2457 3594 2816 3652 interﬁciens
2862 3595 3204 3651 inimicitias
3233 3597 3276 3662 ³,
3314 3611 3421 3652 seu
3465 3593 3666 3667 potius

289 3682 367 3743 εἰς
415 3679 514 3734 δύο
559 3685 787 3754 σχισθὲν
855 3684 1012 3737 αὐτοῦ
1090 3695 1260 3760 σῶμα,
1322 3688 1484 3762 ἑνώση
1543 3689 1693 3741 πάλιν
1721 3689 1792 3749 εἰς
1821 3690 1901 3741 ἓν·

2037 3702 2234 3758 :orpus
2266 3700 2444 3740 suum
2473 3685 2534 3740 in
2564 3683 2686 3740 duo
2713 3683 2973 3739 scissum
2993 3699 3200 3738 rursus
3221 3684 3281 3738 in
3303 3698 3492 3738 unum
3521 3696 3666 3738 con-

289 3794 318 3816 ιι
377 3776 467 3831 Τίς
537 3776 719 3843 σοφὸς,
795 3779 887 3824 καὶ
956 3774 1166 3845 φυλάξει
1216 3785 1402 3829 ταῦτα.
1473 3783 1560 3838 Τίς
1627 3780 1820 3847 ἱκανὸς,
1877 3799 1904 3827 ››

2043 3779 2289 3845 ungeret
2317 3777 2374 3829 et
2401 3773 2732 3829 adunaret:
2766 3793 2795 3822 ‹‹
2829 3773 2973 3838 Quis
3005 3773 3270 3842 sapiens,
3301 3776 3359 3826 et
3377 3769 3672 3826 custodiet

287 3865 382 3939 καὶ
455 3865 554 3918 τὴν
606 3861 676 3920 εἰς
741 3862 881 3934 ἡμᾶς
955 3865 1277 3936 θαυμάσεται
1337 3869 1474 3919 θείαν
1537 3869 1905 3939 προμήθειαν;

2040 3865 2240 3920 ιωοθῖ
2297 3862 2438 3928 Quis
2485 3861 2803 3926 idoneus‘,
2854 3883 2883 3910 »
2935 3864 2992 3915 et
3032 3859 3302 3914 divinam
3359 3873 3504 3928 erga
3556 3873 3669 3914 nos

291 3933 560 4002 Ἐντεῦθεν
603 3952 730 4022 ἡμῖν
798 3951 962 4022 γλυκύ
1037 3957 1095 4005 τὸ
1159 3955 1369 4023 ἁλῶναι,
1428 3953 1535 4014 ἡδὺ
1589 3961 1647 4009 τὸ
1703 3959 1904 4021 παθεῖν,

2044 3952 2454 4008 ιιεονίἀθοῐὶωῃ
2483 3949 2878 4006 admirabitur
2895 3951 2924 4003 ‘I
2953 3947 3175 4004 Dehinc
3194 3947 3371 4003 nobis
3394 3947 3569 4002 dulce
3583 3949 3673 4002 est

292 4045 386 4090 καὶ
443 4044 506 4091 τὸ
558 4039 1061 4112 αἰχμαλωτισθῆναι
1101 4043 1241 4115 φίλον
1281 4051 1370 4097 καὶ
1407 4049 1613 4119 χάριεν.
1659 4054 1774 4108 Πῶς
1806 4049 1907 4116 γὰρ

2044 4046 2230 4111 :aptos
2281 4040 2488 4105 fuisse,
2531 4053 2713 4093 suave
2768 4036 2914 4106 pati,
2963 4036 3026 4091 in
3069 4035 3478 4106 captivitatem
3531 4033 3673 4091 duci

295 4128 574 4201 ἐμέλλομεν
625 4136 734 4190 τοῖς
791 4126 1033 4201 ἀδελφοῖς
1103 4135 1248 4205 ημῶν
1311 4134 1579 4203 ἐνωθῆναι,
1647 4136 1718 4196 οἷς
1788 4131 1912 4187 οὐδὲ

2043 4145 2229 4186 :arum
2274 4133 2332 4183 et
2381 4131 2638 4199 gratum.
2673 4127 2802 4190 Quo
2834 4125 2996 4180 enim
3020 4124 3204 4180 modo
3230 4140 3370 4180 cum
3391 4123 3672 4180 fratribus

297 4216 704 4289 προσομιλῆσαι
774 4223 896 4291 πρὶν
972 4220 1336 4293 ἠνεσχόμεθα;
1417 4223 1570 4275 ’Λλλά
1641 4220 1785 4275 δεινὰ
1847 4225 1913 4274 τὰ

2046 4216 2242 4274 nostris
2295 4215 2581 4270 unionem
2619 4212 2990 4283 fecissemus,
3035 4228 3176 4268 cum
3224 4213 3446 4286 quibus
3473 4227 3550 4268 ne
3577 4209 3675 4268 vel

299 4305 371 4367 εἰς
435 4310 575 4380 ἡμᾶς
632 4311 920 4378 γεγονότα;
981 4314 1086 4361 Ναὶ
1132 4312 1266 4362 πάνυ
1306 4308 1472 4380 δεινὰ,
1539 4315 1607 4374 ὡς
1670 4321 1770 4364 τῶν
1803 4318 1910 4364 Λα-

2044 4305 2282 4378 :olloqui
2303 4309 2482 4360 antea
2500 4301 2985 4359 sustinebamus?
3007 4302 3122 4360 Sed
3146 4303 3356 4373 gravia
3378 4305 3518 4358 sunt
3535 4315 3673 4373 quae

301 4400 452 4447 τίνων
520 4399 616 4468 μὲν
663 4399 755 4457 τὰς
811 4395 1000 4468 ψυχας
1046 4397 1397 4472 λυμηνάμενα,
1429 4409 1528 4454 τῶν
1570 4398 1628 4453 δὲ
1650 4400 1912 4473 Ῥωμαίων

2048 4396 2316 4452 idversus
2339 4409 2449 4448 nos
2482 4397 2616 4448 acta
2644 4391 2807 4447 fuere
2824 4391 2852 4446 ?
2881 4391 3147 4448 Profecto
3164 4391 3342 4464 plane
3367 4391 3677 4462 gravia,ut

303 4486 370 4535 τὰ
436 4491 680 4558 σώματα.
749 4485 890 4543 Πλὴν
936 4487 961 4537 ὁ
991 4489 1307 4560 παρακύψας
1339 4489 1407 4551 εἰς
1451 4492 1517 4542 τὰ
1557 4491 1668 4542 θεῖα
1709 4494 1914 4562 μυστή-

2048 4500 2160 4558 [uze
2185 4483 2526 4538 Latinorum
2545 4480 2793 4553 quidem
2824 4481 3078 4548 animas,
3095 4483 3506 4537 Romanorum
3533 4491 3677 4535 vero

307 4591 396 4643 ρια
441 4574 628 4644 ἅψεται
655 4575 719 4626 τὰ
747 4579 983 4648 κρίμα-α
1021 4583 1113 4628 τοῦ
1146 4585 1300 4643 Θεοῦ,
1334 4576 1619 4651 ἀμέτρητον
1658 4577 1912 4630 ἄϐυσσον.

2050 4591 2134 4630 .eu
2161 4575 2504 4630 Graecorum
2555 4585 2810 4643 corpora
2849 4569 3283 4628 labefactarint.
3329 4572 3545 4625 Verum
3573 4565 3679 4640 qui

307 4662 490 4715 Πολλοὶ
545 4665 887 4736 πατριάρχαι
960 4669 1051 4716 καὶ
1107 4663 1342 4738 βασιλεῖς
1392 4666 1724 4737 ἐπεθύμησαν
1787 4663 1917 4718 ἰδεῖν

2048 4679 2088 4719 n
2136 4662 2345 4717 divina
2399 4664 2627 4716 secreta
2666 4660 3108 4732 introspexerit,
3153 4658 3384 4730 judicia
3418 4657 3540 4726 Dei,
3565 4657 3677 4712 im-

307 4756 394 4809 τήν
420 4756 614 4828 ἡμέραν
644 4757 863 4821 ταύτην,
901 4752 1030 4806 ἀλλὰ
1060 4759 1152 4813 τὴν
1182 4760 1343 4829 χάριν
1372 4759 1566 4815 ταύτην
1597 4757 1688 4808 οὐκ
1718 4755 1914 4808 ἔλαϐον.

2052 4765 2304 4806 nensam
2329 4747 2624 4821 abyssum
2654 4752 3086 4820 conspecturus
3115 4751 3224 4804 est.
3250 4745 3409 4801 Multi
3433 4742 3681 4816 patriar-

311 4843 396 4912 Σὺ,
434 4839 690 4913 δέσποτα,
731 4845 868 4916 μετά
892 4843 1083 4903 πολλὰς
1118 4847 1289 4914 γενεὰς
1322 4846 1548 4908 tamen;
1591 4847 1789 4906 ταύτης
1823 4851 1920 4906 τῆς

2052 4840 2158 4895 :hae
2187 4844 2246 4895 et
2274 4839 2664 4911 imperatores
2693 4837 2856 4893 diem
2893 4837 3056 4894 hunc
3083 4835 3284 4890 videre
3304 4832 3681 4889 desiderave-

315 4933 544 5005 χάριτος,
572 4934 764 4987 ἐνῶσαι
781 4937 878 4990 τὴν
909 4932 1192 4991 Ἀνατολὴν
1218 4939 1307 4986 καὶ
1341 4939 1434 4992 τὴν
1466 4936 1645 4997 Δύσιν,
1673 4938 1764 4985 καὶ
1788 4931 1918 4984 ἀπό-

2050 4935 2187 4996 'unt,
2229 4927 2336 4983 sed
2383 4943 2518 4982 eam
2576 4927 2832 4997 gratiam
2878 4941 3002 4982 non
3042 4929 3183 4981 sunt
3218 4922 3542 4980 consecuti.
3573 4923 3679 4986 Tu,

320 5021 490 5084 στολος
557 5021 1007 5099 τρισκαιδέκατος
1073 5025 1314 5092 γενέσθαι
1383 5029 1472 5075 καὶ
1546 5022 1916 5095 ὀνομάζεσθαι.

2053 5020 2294 5086 lomine,
2359 5023 2497 5090 post
2559 5017 2780 5072 multas
2852 5016 3268 5086 generationes
3321 5014 3437 5070 hac
3490 5011 3682 5083 gratia

321 5106 799 5180 dignus'habitus
859 5127 951 5181 es,
1014 5115 1080 5166 ut
1113 5111 1409 5168 Orientem
1449 5126 1520 5167 ac
1569 5109 1952 5167 Occidentem
2007 5110 2203 5177 unias,
2261 5111 2320 5163 et
2381 5106 2654 5162 decimus
2703 5105 2908 5162 tertius
2955 5102 3268 5176 apostolus
3321 5102 3434 5159 ﬁas
3469 5117 3542 5160 ac
3568 5114 3682 5156 no-

327 5201 564 5260 mineris.

385 5289 536 5356 Οἶδας
596 5292 674 5366 δὲ,
722 5299 873 5368 τίμιε
930 5286 1190 5358 δέσποτα,
1252 5293 1310 5341 τὸ
1375 5291 1518 5364 παρά
1578 5294 1712 5342 Θεοῦ
1769 5285 1918 5340 δοθὲν

2100 5285 2259 5342 Nosti
2306 5287 2528 5347 autem,
2582 5279 2936 5338 honorande
2993 5277 3261 5348 domine,
3291 5277 3428 5350 quis
3472 5288 3682 5330 sensus

321 5388 415 5444 τοῖς
487 5363 789 5459 ἀνθρώποις
859 5383 1130 5455 φρόνημα,
1183 5383 1272 5431 καὶ
1341 5381 1420 5431 ὃτι
1454 5363 1813 5450 βουλομένων,
1859 5375 1918 5427 οὐ

2048 5373 2377 5431 10minibus
2403 5387 2439 5427 a
2461 5373 2580 5427 Deo
2595 5371 2773 5426 datus
2795 5367 2989 5437 fuerit,
3021 5366 3310 5438 quodque
3335 5363 3677 5424 volentium,

354 5503 394 5556 .‘2
431 5520 681 5594 phﬂipp,
719 5533 782 5585 ιι,
818 5517 878 5568 δ,
965 5508 990 5542 ³
1028 5494 1243 5577 Ephes.
1273 5518 1334 5572 ιι,
1365 5503 1562 5573 15,16.
1639 5501 1664 5536 ³
1700 5499 1850 5557 Psal.
1875 5514 1983 5566 cvi,

1028 5494 1334 5577 Ephes.n,
1365 5503 1562 5573 15,16.
1639 5501 1664 5536 δ
1700 5499 1984 5566 Psal.cv1,
2020 5501 2113 5556 43.
2188 5498 2211 5533 ι
2248 5499 2295 5553 ιι
2325 5497 2454 5554 Cor.
2478 5511 2540 5565 ιι,
2567 5497 2649 5550 re.
