4126 6272
477 247 584 305 295

479 460 774 514 mentum.
809 457 930 512 Hoc
949 454 1110 512 enim
1139 454 1190 510 si
1221 455 1306 512 ita
1333 471 1457 512 non
1496 459 1670 527 esset,
1691 455 1859 529 ipsos
1889 469 2134 528 quoque

477 545 717 603 Judaeos
737 543 1184 616 baptizaremus
1202 545 1435 602 invitos.
1454 543 1791 615 Quiaigitur
1811 544 1869 600 in
1887 543 2136 614 dogma-

479 636 642 694 tibus
672 649 918 708 poenam
943 633 1192 706 quidem
1205 633 1468 706 irrogare
1481 639 1537 692 et
1557 648 1768 705 cogere
1799 633 2134 690 absurdum
2161 641 2167 646 ‘

479 731 589 798 est,
654 723 1008 781 facillimum
1057 723 1306 796 quippe,
1365 740 1436 781 ac
1474 724 1732 798 potentis
1773 723 2131 796 cujuslibet;

478 814 841 889 persuadere
880 818 1103 876 autem,
1144 813 1502 885 dogmatum
1532 813 1838 886 principiis
1887 812 2134 882 utendo,

479 904 626 962 boni
655 902 764 960 viri
803 905 891 958 est
920 907 978 959 et
1007 901 1254 958 colentis
1277 903 1620 972 veritatem;
1652 903 2023 960 electurusne
2048 917 2132 970 es,

478 991 744 1060 domine,
792 990 969 1048 nobis
1023 990 1147 1047 vim
1211 990 1442 1065 absque
1497 993 1772 1048 examine
1824 990 2134 1059 adhibere,

477 1087 772 1154 tanquam
819 1079 1014 1136 brutis
1069 1079 1498 1148 animantibus,
1555 1085 1621 1138 ut
1675 1085 1994 1152 mutemur,
2054 1092 2134 1136 an

476 1171 677 1244 potius
715 1184 1022 1226 sermones
1075 1176 1314 1226 nostros
1361 1169 1693 1240 admittere,
1735 1175 1792 1227 et
1839 1171 2134 1226 rationem

477 1261 929 1330 orationemque
957 1257 1134 1314 nobis
1162 1258 1474 1332 impertiri,
1507 1275 1628 1332 quo
1657 1260 2002 1316 divinarum
2039 1279 2132 1320 re-

477 1365 614 1406 rum
663 1347 882 1404 veritas
932 1347 1308 1418 expendatur
1367 1352 1426 1404 et
1490 1353 1909 1418 cognoscatur.
1978 1352 2134 1408 Scito

477 1451 765 1508 namque,
791 1452 828 1491 a
856 1434 1032 1492 nobis
1048 1436 1345 1508 posterius
1372 1435 1616 1508 probari
1641 1442 1698 1493 et
1734 1439 1944 1510 qumri,
1967 1440 2134 1512 quod

474 1524 558 1580 illi
574 1523 860 1580 divinitus
887 1523 1102 1580 tradito
1121 1523 1306 1580 verbo
1335 1523 1823 1596 obtemperemus
1857 1543 1870 1582 :
1911 1551 1930 1578 ι
1969 1530 2135 1586 Scru-

476 1613 687 1670 tamini
729 1612 1119 1685 Scripturass.
1147 1634 1175 1663 »
1215 1615 1320 1669 Per
1339 1612 1682 1670 violentiam
1715 1621 1914 1672 autem
1952 1634 2134 1675 nemo

1957 237 2360 300 GRECORUM

479 381 604 426 non
634 360 1016 439 tyrannicam
1053 363 1177 421 vim
1214 380 1540 439 passorum
1573 361 1648 423 sit
1675 358 1909 439 pietatis
1936 380 2124 423 sacra-

2244 364 2661 439 τυραννουμένῶν
2729 365 2789 418 τό
2870 371 2961 428 τῆς
3035 363 3292 430 εὐσεϐείας

3377 372 3688 446 μυστήριον.
3781 369 3844 425 Εἰ

3402 457 3672 532 Ἑϐραίους
3735 461 3841 532 οὐχ

3080 545 3220 600 Ἐπεὶ
3287 555 3560 621 τοιγαροῦν
3626 552 3684 600 1'6
3749 553 3840 622 μὲν

2241 456 2342 528 γὰρ
2409 458 2480 528 μή
2543 461 2712 524 τοῦτο,
2782 459 2873 507 καὶ
2939 455 3128 519 αὐτούς
3205 461 3326 521 τοὺς

2244 543 2448 605 ἑκόντας
2504 541 2564 595 ἂν
2617 542 2991 617 ἐϐαπτίσαμεν.

2243 631 2484 706 ἐπιτιμᾷν
2531 635 2580 686 ἑν
2631 641 2739 695 τοῖς
2807 630 3041 706 δόγμασι
3099 641 3188 688 καὶ
3259 636 3542 709 βιάζεσθαι
3597 639 3788 692 ἄτοπον
3819 652 3836 669 ⁸

2240 722 2431 796 ῥᾷστον
2451 723 2548 796 γὰρ
2581 725 2672 774 καὶ
2701 730 2793 774 τοῦ
2825 719 3110 794 δυναμένου
3153 730 3343 786 παντὸς
3365 747 3377 758 ·
3439 729 3495 778 τό
3547 722 3607 778 δε
3647 729 3840 780 πείθειν

2241 817 2509 884 χρώμενον
2547 819 2660 874 ταῖς
2713 820 2809 864 τῶν
2865 809 3144 886 δογμάτων
3183 813 3378 887 ἀρχαῖς
3422 812 3612 890 ἀνδρὸς
3640 816 3841 888 ἀγαθοῦ

2241 905 2332 952 καὶ
2390 899 2622 962 σέϐοντος
2661 905 2753 959 τήν
2798 899 3072 960 ἀλήθειαν·
3129 909 3342 976 πότερον
3388 903 3540 972 ἕλοιο,
3583 902 3840 977 δέσποτα,

2242 992 2301 1040 τό
2370 987 2658 1062 βιάζεσθαι
2719 991 2854 1062 ἡμᾶς
2911 990 3277 1059 ἀνεξετάστως,
3339 995 3408 1056 ὡς
3467 993 3655 1066 ἄλογα,
3711 998 3842 1069 πρός

2241 1079 2538 1149 μετάθεσιν,
2587 1079 2617 1137 ἣ
2673 1075 3068 1152 προσδέξασθαι
3133 1085 3248 1142 τοὺς
3309 1083 3588 1156 ἡμετέρους
3653 1081 3844 1155 λόγους

2241 1171 2332 1220 καὶ
2371 1163 2690 1239 μεταδοῦναι
2759 1167 2908 1240 λόγον
2986 1170 3131 1242 ἡμῖν,
3199 1173 3268 1233 ὡς
3306 1173 3673 1244 γυμνασθῆναι
3749 1177 3845 1226 καὶ

2241 1257 2542 1328 γνωσθῆναι
2612 1261 2705 1314 τήν
2769 1265 2865 1309 τῶν
2931 1259 3076 1310 θείων
3151 1262 3469 1334 πραγμάτων
3545 1259 3836 1328 ἀλήθειαν;

2243 1343 2384 1398 Ἱσθι
2450 1349 2551 1417 γὰρ
2607 1347 2687 1398 ὅτι
2740 1348 2798 1398 1'6
2855 1350 2944 1418 μεν
2994 1343 3230 1421 δεύτερον
3270 1347 3573 1422 ἐπαινοῦμεν
3609 1353 3700 1402 καὶ
3745 1350 3844 1411 ζη-

2242 1441 2448 1508 τοῦμεν,
2505 1443 2578 1506 τῷ
2625 1432 2993 1509 θεοπαραδότῳ
3051 1439 3160 1489 ἔπει
3220 1439 3532 1511 πειθόμενοι,
3593 1439 3790 1511 λέγοντι
3829 1458 3843 1473 ·

2245 1545 2274 1574 (ι
2341 1523 2606 1598 Ἐρευνᾶτε
2666 1525 2757 1585 τὰς
2807 1527 3050 1600 Γραφάς·
3109 1547 3136 1575 ›)
3203 1533 3264 1598 τῇ
3332 1525 3429 1600 βίᾳ
3487 1524 3546 1580 δε
3582 1524 3752 1589 οὐδεὶς
3792 1527 3852 1592 ἐξ

2243 1613 2388 1684 ἡμῶν
2437 1611 2662 1674 ἀλωτός·
2728 1611 2855 1665 ἀλλά
2899 1616 3085 1675 πάντες
3140 1613 3205 1675 ὡς
3259 1614 3385 1689 ὑπὲρ
3441 1621 3673 1691 Χριστοῦ
3729 1636 3854 1668 κιν-

475 1705 750 1758 nostrum
779 1701 914 1774 capi
941 1706 1167 1774 potest;
1219 1702 1325 1758 sed
1355 1704 1554 1759 cuncti
1579 1704 1752 1776 quasi
1774 1720 1884 1777 pro
1905 1705 2124 1764 Christo

2246 1698 2580 1774 δυνεύσομεν.
2635 1703 2863 1775 Οἰόμεθα
2911 1699 2969 1755 δὲ
3021 1709 3110 1756 καὶ
3153 1703 3268 1756 λίαν
3315 1705 3601 1778 εὐστόχως,
3639 1707 3718 1758 ὅτι
3755 1711 3856 1759 καὶ

475 1789 972 1864 periclitabimur.
996 1793 1172 1848 Porro
1191 1791 1607 1850 existimamus
1624 1792 1956 1852 admodum
1979 1797 2134 1854 veri-

477 1879 766 1948 similiter,
797 1879 1073 1952 spiritum
1123 1881 1432 1953 sapientiae
1477 1885 1590 1937 tuae
1613 1882 1746 1954 jure
1773 1886 1984 1942 merito
2023 1901 2135 1943 nos

475 1984 548 2026 ea
601 1969 662 2025 in
717 1985 780 2025 re
831 1968 1243 2026 laudaturum.
1275 1969 1616 2027 Laudabilis
1664 1973 1823 2029 enim
1869 1981 1960 2030 est
1995 1977 2133 2049 qui-

475 2063 736 2132 cumque
764 2058 844 2114 ad
874 2059 1234 2131 synodicum
1258 2059 1577 2130 judicium,
1619 2061 1903 2136 illincque
1927 2080 2133 2137 proce-

472 2147 714 2204 dentem
748 2149 1109 2204 sententiam
1133 2148 1416 2220 appellat.
1697 2215 1700 2218 ,

545 2239 750 2310 Itaque
781 2236 1279 2310 quandoquidem
1306 2238 1592 2310 exiguum
1617 2238 1998 2298 interstitium
2029 2245 2134 2301 La-

475 2325 630 2382 tinos
682 2325 837 2382 inter
879 2329 937 2381 et
989 2327 1222 2382 Graecos
1279 2331 1389 2398 est,
1422 2327 1591 2400 quod
1638 2330 1818 2386 unius
1859 2331 2131 2389 Ecclesiae

473 2413 926 2470 continuitatem
940 2413 1138 2483 solvit,
1161 2417 1353 2470 statue
1367 2431 1473 2487 syn
1483 2416 1558 2472 od
1569 2433 1668 2472 um
1696 2419 2132 2478 cecumenicam

473 2501 846 2574 congregari,
899 2505 957 2558 et
1013 2502 1346 2574 majestatis
1401 2509 1514 2560 tuas
1569 2506 1826 2563 vicarios
1891 2510 2126 2578 mittito,

471 2590 696 2663 ﬁatque
743 2589 1134 2663 colloquium,
1161 2591 1558 2665 omniumque
1615 2601 2128 2656 controversorum

471 2679 708 2736 solutio.
739 2680 798 2737 Si
837 2683 902 2736 tu
930 2695 1194 2754 quoque,
1235 2679 1409 2752 juxta
1463 2697 1755 2754 magnum
1785 2687 2126 2759 apostolum

470 2767 728 2824 Paulum
769 2771 811 2836 ⁸,
872 2769 976 2825 Dei
1023 2768 1204 2825 fueris
1247 2769 1510 2842 adjutor,
1567 2776 1833 2846 prompti
1890 2793 2122 2845 sumus,

471 2857 736 2924 domine,
749 2872 864 2914 nos
891 2873 1134 2931 quoque
1148 2875 1183 2915 a
1199 2857 1442 2916 dioecesi
1469 2863 2127 2938 Constantinopolitana

469 2946 794 3014 discedere,
845 2952 1026 3020 atque
1082 2947 1506 3018 migrationem
1558 2951 1618 3005 in
1677 2952 1975 3011 Orientem
2030 2957 2126 3013 vel

470 3035 848 3093 Occidentem
883 3035 1205 3110 suscipere.
1248 3037 1362 3094 Sed
1392 3042 1449 3094 et
1483 3045 1774 3112 putamus
1807 3042 2122 3102 dominum
2155 3071 2196 3127 α

466 3123 688 3181 habere
709 3125 1132 3198 imperatorem
1158 3130 1432 3183 nostrum
1476 3127 1769 3193 Sirerrim.
1802 3137 1981 3205 atque
2011 3133 2124 3190 sub

470 3213 601 3284 ejus
631 3213 850 3270 umbra
869 3215 1086 3284 vivere,
1120 3215 1396 3272 mercede
1428 3217 1669 3282 servire,
1698 3235 1878 3290 agros
1908 3221 2124 3290 colere,

467 3316 736 3374 pascere,
755 3317 922 3358 mare
945 3304 1232 3374 navigare
1257 3319 1270 3360 :
1308 3304 1541 3378 absque
1566 3307 1741 3362 nobis
1773 3315 1974 3366 autem
2002 3328 2124 3368 non

466 3389 816 3460 implebitur
844 3405 1004 3458 area,
1037 3405 1233 3463 neque
1281 3393 1562 3460 torcular,
1619 3411 1742 3452 non
1779 3400 2126 3456 comedetur

468 3478 666 3551 panis,
715 3493 840 3533 non
891 3494 1055 3548 caro,
1105 3495 1229 3536 non
1271 3481 1476 3553 piscis,
1503 3499 1623 3540 non
1656 3485 1819 3555 olus;
1880 3489 1984 3545 sed
2013 3505 2124 3546 nec

471 3565 656 3624 stabit
682 3567 802 3624 vita
824 3571 880 3623 et
918 3569 1294 3624 conversatio
1317 3569 1607 3627 humana.
1636 3575 1700 3629 Et
1722 3575 1850 3630 haec
1875 3578 2122 3649 quidem

469 3654 854 3712 elaboramus
885 3655 1169 3712 fratribus
1212 3659 1430 3713 nostris
1467 3661 1703 3730 Latinis,
1726 3668 1906 3736 atque
1927 3667 2123 3724 confe-

467 3744 678 3812 rimus,
720 3760 792 3800 ex
833 3744 1113 3802 deteriori
1142 3745 1276 3802 vitm
1307 3753 1528 3803 nostrae
1565 3751 1857 3822 portione,
1883 3757 2121 3812 mortali

465 3833 753 3890 nimirum
775 3833 878 3891 illa
892 3837 950 3891 et
975 3833 1396 3905 dissolvenda;
1429 3838 1707 3910 cupimus
1728 3847 1926 3899 autem
1939 3844 2120 3900 etiam

462 3922 638 3994 juxta
660 3923 959 3996 potiorem
985 3923 1199 3980 eadem
1226 3925 1462 3996 sentire,
1507 3932 1629 3984 tum
1674 3931 1946 4002 quandiu
1981 3934 2122 3990 vivi-

464 4025 624 4081 mus,
683 4018 810 4068 tum
857 4019 995 4086 post
1035 4019 1314 4084 mortem,
1371 4020 1435 4072 ut
1485 4017 1585 4088 qui
1627 4020 1904 4076 membra
1931 4022 2120 4078 simus

465 4100 646 4156 unius
695 4102 960 4174 corporis
1016 4103 1374 4161 immortalis
1431 4123 1445 4162 :
1507 4107 1762 4180 ideoque
1801 4111 2119 4168 scribimus

465 4185 732 4260 quotidie
785 4189 862 4244 ad
923 4191 1331 4248 Occidentales
1386 4209 1488 4265 per
1541 4197 1849 4266 regionem
1905 4201 2117 4257 fratres

463 4280 728 4343 nostros,
757 4278 1203 4335 comministros
1224 4285 1280 4336 et
1301 4283 1710 4357 coepiscopos,
1733 4294 1976 4360 paratos
1991 4306 2118 4347 esse

465 4363 546 4422 ad
598 4363 1183 4437 Constantinopolim
1235 4375 1573 4429 convenire.
1623 4375 1774 4440 Quin
1826 4378 2006 4435 etiam
2053 4380 2114 4436 in

462 4467 851 4526 quacumque
907 4455 1214 4526 provincia
1261 4459 1475 4530 positis
1522 4465 2013 4536 suggerimus,ut
2052 4469 2114 4525 in

459 4540 664 4598 locum
683 4539 1100 4598 defunctorum
1131 4545 1506 4616 pontiﬁcum,
1547 4549 1689 4607 alios
1721 4554 1894 4625 juxta
1930 4573 2112 4614 cano-

459 4643 611 4686 num
637 4629 986 4702 praescripta
1009 4631 1326 4700 ordinent;
1359 4637 1742 4712 maximeque
1773 4659 1896 4714 prae
1925 4647 2114 4702 omni-

457 4717 599 4788 bus,
617 4718 678 4775 in
703 4717 852 4774 urbe
879 4718 1064 4789 regia.
1081 4721 1321 4791 Oportet
1340 4723 1500 4780 enim
1516 4735 1760 4786 cunctos
1781 4732 1843 4787 in
1875 4735 2112 4806 synodo

457 4808 792 4877 considere,
820 4812 948 4864 tum
977 4813 1252 4866 nostrum
1281 4812 1708 4889 patriarcham,
1745 4824 1872 4876 tum
1895 4829 2111 4880 metro-

455 4896 692 4968 politas,
722 4897 992 4970 aliosque
1035 4897 1370 4972 pontiﬁces,
1401 4901 1668 4976 nihilque
1697 4909 1976 4967 mutilum
2003 4913 2111 4969 im-

455 4983 911 5058 perfectumque
938 4986 1186 5043 inveniri
1213 4988 1382 5061 apud
1407 5005 1542 5048 nos.

527 5160 691 5253 Opus
720 5164 926 5253 autem
947 5161 1124 5220 nobis
1153 5168 1242 5222 est
1269 5167 1449 5226 etiam
1489 5177 1628 5229 ante
1671 5177 1974 5248 synodum
2003 5193 2106 5253 pa-

453 5248 715 5306 triarcha
760 5249 1031 5320 ejusdem
1087 5257 1390 5314 sententiae
1434 5275 1505 5317 ac
1553 5265 1736 5335 vocis,
1763 5267 1868 5339 qui
1893 5248 2106 5328 doceat

525 5367 547 5410 ⁸
577 5370 750 5432 Joan.
779 5389 838 5446 v,
865 5371 953 5432 39.
997 5375 1017 5412 σ
1047 5377 1070 5432 Ι
1101 5375 1228 5436 Cor.
1253 5397 1332 5452 ιιι,
1364 5388 1420 5441 9.

511 5499 597 5596 ,9)
621 5497 1421 5596 ἑΞΕἮίνὲἳτίΞίΞΞυίέᾕδιδΞνν
1447 5515 1549 5568 aut
1569 5513 1836 5596 sses/3a.
1863 5524 2098 5596 ειρμρῆν,

448 5571 586 5630 Sire
607 5571 840 5644 Henry.
889 5571 995 5633 Est
1030 5574 1193 5634 enim
1216 5571 1420 5656 ’Ἑρῤῆξ
1449 5598 1555 5642 seu
1589 5571 2097 5668 ’έρῆἒίιὶοιιὲίὸιιεξ

2241 1794 2298 1844 1'6
2353 1799 2555 1863 πνεῦμα
2609 1799 2700 1852 τῆς
2753 1800 2847 1852 σῆς
2889 1797 3073 1864 σοφίας
3113 1789 3332 1856 δικαίως
3381 1792 3466 1846 ἐπὶ
3495 1797 3677 1847 τούτου
3707 1795 3858 1867 ἡμᾶς

2243 1879 2586 1933 ἐπαινέσεται.
2648 1879 2942 1942 Ἐπαινετός
2987 1883 3089 1954 γὰρ
3151 1882 3284 1943 ἄπας
3324 1883 3349 1934 ό
3409 1881 3698 1942 συνοδικήν
3729 1882 3858 1936 ἐπι-

2241 1969 2553 2044 καλούμενος
2581 1974 2755 2044 κρίσιν
2793 1975 2883 2023 καὶ
2903 1973 2997 2028 τήν
3027 1969 3214 2025 ἐκεῖθεν
3237 1968 3546 2044 διάγνωσιν.

2309 2239 2493 2289 Τοίνυν
2537 2232 2645 2289 ἐπεὶ
2695 2239 2879 2312 μικρόν
2931 2232 3041 2290 ἐστι
3095 2237 3155 2290 τὸ
3203 2234 3398 2311 μεταξὺ
3446 2245 3546 2290 τῶν
3607 2241 3850 2292 Λατίνων

2237 2330 2328 2379 καὶ
2395 2334 2492 2379 τῶν
2582 2325 2844 2398 Ῥωμαίων
2901 2331 3241 2400 μεταίχμιον,
3308 2327 3334 2380 ὃ
3414 2327 3524 2381 λύει
3593 2329 3687 2386 τὴν
3742 2332 3850 2393 τῆς

2237 2421 2362 2488 μιᾶς
2423 2413 2736 2476 Ἐκκλησίας
2787 2419 3084 2488 συνέχειαν,
3141 2416 3355 2476 θέλησον
3403 2410 3622 2471 σύνοδον
3661 2415 3850 2472 οἰκου-

2237 2509 2448 2577 μενικήν
2517 2502 2878 2577 ἀθροισθῆναι,
2935 2503 3289 2568 ἐξαποστελεῖς
3356 2502 3416 2562 δε
3479 2507 3848 2582 τοποτηρητάς

2236 2603 2327 2655 τῆς
2395 2603 2490 2656 σῆς
2516 2593 2935 2667 μεγαλειότητος,
2984 2601 3075 2649 καὶ
3127 2594 3424 2666 λαληθήτω,
3489 2601 3579 2649 καὶ
3627 2594 3845 2655 λυθήτω

2234 2690 2336 2738 πᾶν
2383 2687 2440 2736 τὸ
2497 2683 2996 2758 ἀμφισϐητούμενον.
3060 2684 3177 2738 Ἐὰν
3233 2689 3342 2746 εἴης
3379 2689 3468 2738 καὶ
3516 2681 3673 2748 αὐτὸς
3712 2705 3844 2738 συν-

2235 2777 2378 2848 εργὸς
2435 2781 2588 2846 Θεοῦ,
2648 2775 2783 2827 κατὰ
2848 2773 3048 2827 Παῦλον
3132 2777 3218 2827 τόν
3295 2778 3455 2848 μέγαν
3528 2774 3838 2843 ἀπόστολον,

2235 2863 2460 2937 εὖχερῶς
2523 2863 2732 2935 ἔχομεν,
2796 2857 3048 2932 δέσποτα,
3109 2867 3198 2915 καὶ
3269 2862 3420 2916 αὐτοὶ
3485 2860 3682 2940 ἀπᾶραι
3740 2869 3842 2924 τῆς

2236 2949 2546 3013 διοικήσεως
2606 2951 3210 3024 Κωνσταντινουπόλεως,
3239 2957 3330 3004 καὶ
3380 2957 3646 3024 μετοικίαν
3701 2971 3838 3006 στα-

2233 3039 2384 3100 λῆναι
2421 3044 2551 3113 πρὸς
2606 3044 2700 3098 τήν
2739 3037 3010 3110 ἀνατολήν,
3073 3041 3102 3098 ἦ
3167 3045 3262 3098 τήν
3331 3037 3506 3096 δύσιν.
3564 3040 3715 3094 Ἀλλά
3777 3059 3844 3112 γε

2235 3130 2448 3202 οἰόμεθα
2490 3129 2738 3186 αὐθέντην
2809 3131 2950 3202 ἔχειν
3025 3131 3111 3180 τόν
3178 3127 3404 3202 βασιλέα
3444 3133 3591 3204 ήμῶν
3657 3129 3842 3205 Σιρρε-

2233 3225 2316 3294 ρὶν
2342 3219 2440 3290 (1),
2477 3223 2566 3271 καὶ
2609 3219 2709 3270 ὑπό
2773 3223 2865 3276 τήν
2917 3221 3069 3270 σκιὰν
3117 3221 3302 3271 τούτου
3340 3219 3455 3292 ζῇν,
3489 3225 3578 3272 καὶ
3606 3221 3839 3277 θητεύειν

2233 3313 2323 3360 καὶ
2365 3316 2625 3380 γηπονεῖν,
2666 3311 2755 3359 καὶ
2816 3311 3129 3378 ποιμαίνειν,
3187 3313 3275 3360 καὶ
3319 3307 3484 3360 πλέειν
3531 3307 3834 3361 θάλασσαν·

2233 3401 2405 3474 χωρὶς
2465 3394 2522 3450 δι
2574 3399 2718 3469 ήμῶν
2776 3395 2834 3448 ού
2885 3395 3291 3472 πληρωθήσεται
3337 3396 3492 3462 ἅλως,
3530 3393 3652 3450 ούδέ
3679 3395 3836 3460 ληνὸς

2233 3483 2358 3540 οὐδὲ
2417 3485 2751 3564 βρωθήσεται
2800 3487 2971 3559 ἄρτος,
3031 3483 3089 3538 ού
3127 3491 3296 3562 κρέας,
3349 3485 3443 3539 οῦκ
3494 3487 3666 3560 ἰχθῦς,
3706 3483 3836 3539 οὐδὲ

2231 3577 2460 3648 λάχανον
2493 3597 2505 3610 ·
2577 3575 2684 3628 ἀλλ’
2759 3571 2881 3628 οὐδὲ
2929 3573 3221 3650 ἀνθρωπίνη
3278 3575 3384 3637 ζωή
3453 3579 3542 3628 καὶ
3599 3575 3840 3630 πολιτεία

2236 3667 2578 3723 σταθήσεται.
2633 3669 2732 3718 Καὶ
2785 3671 2954 3717 ταῦτα
2994 3669 3169 3738 μέντοι
3225 3673 3475 3738 πονοῦμεν
3527 3673 3635 3727 τοῖς
3683 3661 3837 3718 ἀδελ-

2233 3763 2344 3828 φοῖς
2401 3757 2547 3828 ἡμῶν
2603 3762 2710 3816 τοῖς
2774 3759 3036 3820 Λατίνοις,
3091 3758 3182 3806 καὶ
3239 3757 3647 3827 συγκομίζομεν,
3695 3755 3838 3808 κατά

2231 3847 2289 3897 τό
2336 3853 2517 3919 χεῖρον
2583 3851 2679 3904 τῆς
2744 3843 2884 3906 ζωῆς
2947 3845 3093 3914 ἡμῶν
3151 3847 3322 3916 μέρος,
3373 3847 3431 3895 τό
3496 3845 3675 3900 θνητόν
3741 3849 3836 3896 καὶ

2229 3933 2469 4007 λυόμενον
2505 3951 2517 3966 ·
2575 3932 2805 4004 ἐθέλομεν
2871 3927 2930 3984 δε
2981 3936 3071 3983 καὶ
3125 3934 3261 3984 κατά
3317 3935 3373 3984 τὸ
3421 3939 3651 4007 κρεῖττον
3707 3933 3834 4005 ὀμο-

2233 4032 2489 4096 φρονῆσαι
2545 4027 2634 4074 καὶ
2682 4023 2888 4090 ζῶντες,
2957 4025 3046 4072 καὶ
3097 4023 3228 4093 μετά
3300 4021 3535 4088 θάνατον,
3585 4024 3654 4082 ὡς
3699 4021 3828 4094 μέλη

2234 4119 2473 4185 σώματος
2537 4111 2644 4173 ἐνὸς
2695 4109 2953 4162 ἀθανάτου
2993 4111 3382 4181 τυγχάνοντες*
3437 4115 3526 4162 καὶ
3565 4105 3658 4162 διὰ
3675 4118 3834 4164 τοῦτο

2228 4205 2488 4276 γράφομεν
2536 4201 2863 4258 καθεκάστην
2923 4203 3014 4250 καὶ
3070 4201 3201 4272 πρὸς
3249 4203 3498 4261 Δυτικούς
3527 4208 3620 4260 τῆς
3648 4205 3832 4274 χώρας

2230 4288 2482 4363 ἀδελφοὺς
2539 4291 2685 4362 ἡμῶν
2741 4293 2831 4340 καὶ
2895 4287 3321 4362 συλλειτουργούς
3358 4293 3448 4339 καὶ
3510 4292 3827 4340 συνεπισκό-

2225 4397 2375 4445 πους,
2445 4379 2677 4452 ἑτοίμους
2735 4375 2862 4430 εἶναι
2913 4376 3166 4428 συνελθεῖν
3211 4377 3278 4438 εἰς
3336 4379 3824 4430 Κωνσταντινούπο-

2223 4467 2318 4522 λιν.
2383 4467 2540 4522 Ἀλλά
2608 4471 2698 4519 καὶ
2755 4473 2860 4526 τοῖς
2915 4466 3051 4516 κατά
3110 4471 3284 4517 πᾶσαν
3328 4463 3586 4540 ἐπαρχίαν
3645 4467 3826 4518 ὑποτι-

2225 4562 2424 4633 θέαμεν,
2481 4557 2594 4610 ἀντὶ
2643 4563 2742 4608 τῶν
2801 4554 3213 4612 τελευτησάντων
3256 4553 3563 4630 ἀρχιερέων,
3621 4554 3824 4628 ἑτέρους

2219 4655 2594 4724 χειροτονῆσαι
2644 4652 2923 4705 κανονικῶς
2955 4659 2966 4672 ·
3028 4647 3119 4695 καὶ
3165 4641 3402 4715 μάλιστα
3453 4662 3513 4714 γε
3547 4645 3648 4717 πρὸ
3694 4647 3823 4697 πάν-

2219 4759 2317 4792 των
2393 4737 2464 4797 εἰς
2540 4739 2632 4793 τήν
2685 4741 2782 4786 τῶν
2845 4731 3037 4785 πόλεων
3097 4729 3504 4805 βασιλεύουσαν.
3573 4737 3656 4785 Δεῖ
3713 4735 3816 4806 γὰρ

2217 4829 2400 4888 πάντος
2438 4825 2486 4878 ἐν
2533 4832 2595 4898 τῇ
2632 4817 2838 4894 συνόδῳ
2879 4817 3258 4890 συνεδριάζειν,
3313 4826 3402 4873 καὶ
3435 4823 3522 4874 τόν
3576 4823 3820 4896 ἡμέτερον

2217 4917 2579 4990 πάτριάρχην,
2626 4915 2716 4964 καὶ
2741 4914 2863 4972 τοὺς
2903 4907 3309 4985 μητροπολίτας,
3353 4913 3442 4961 καὶ
3474 4911 3596 4971 τοὺς
3633 4907 3824 4972 ἄλλους

2219 5003 2501 5078 ἀρχιερεῖς,
2530 5005 2621 5054 καὶ
2658 4995 2824 5075 μηδὲν
2855 5001 2981 5072 ἡμῖν
3012 4997 3208 5060 ἐλλιπὲς
3231 4999 3518 5071 εὑρεθῆναι.

2284 5187 2448 5258 Χρεία
2499 5177 2558 5234 δε
2608 5182 2733 5253 ἡμῖν
2781 5182 2870 5230 καὶ
2919 5178 3019 5253 πρὸ
3051 5183 3146 5238 τῆς
3185 5171 3412 5230 συνόδου
3453 5177 3818 5250 ὀμογνώμονος

2211 5274 2548 5348 πατριάρχου
2627 5274 2718 5322 καὶ
2771 5270 3060 5342 όμοφώνου,
3131 5263 3444 5330 διδάξαντος
3497 5268 3564 5320 τὰ
3609 5269 3814 5330 συνήθη

2209 5524 2464 5592 Erricus,
2495 5520 2788 5591 Herricus,
2816 5518 3040 5578 Ericus.
3071 5521 3281 5592 Γέρικος
3309 5519 3371 5576 in
3401 5519 3558 5577 Hist.
3585 5519 3806 5578 concil.

2207 5597 2502 5668 Florent.,
2522 5610 2586 5669 p.
2607 5597 2698 5660 20,
2728 5595 2820 5651 40.
