4126 6272
2213 267 2216 270 .
2433 267 2438 272 .

1852 433 2034 477 ANNO
2079 434 2317 478 DOMINI
2361 436 2585 478 MCCXX

533 789 536 792 .
695 624 1846 815 MICHAEL
2011 633 3671 822 AGOMINATUS

1649 973 2708 1130 CHONIATA

1057 1269 2025 1377 ATHENIENSIS
2111 1271 3338 1384 ARCHIEPISCOPUS

1959 1648 2434 1731 NOTITIA.

1282 1847 1666 1904 MICHAELIS
1702 1848 2076 1906 ACOMINATI
2112 1852 2270 1921 VITA,
2301 1849 2431 1906 RES
2471 1850 2726 1923 GESTxE,
2757 1851 3099 1906 SCRIPTA'.

581 2188 823 2246 Graeciaa
851 2206 962 2263 per
997 2189 1268 2247 medium
1298 2206 1493 2248 aevum
1515 2192 1768 2249 historia
1797 2194 2058 2249 tenebris
2087 2192 2307 2251 obruta
2337 2196 2544 2252 tandiu
2574 2198 2701 2268 fuit,
2745 2198 2938 2254 donec
2979 2196 3066 2251 vir
3112 2195 3217 2251 cel.
3252 2195 3595 2265 Ducangius
3635 2193 3879 2250 decimo

508 2279 764 2352 septimo
794 2280 1032 2351 saeculo,
1075 2281 1247 2352 isque
1275 2281 1394 2336 fere
1423 2281 1608 2352 solus,
1636 2282 1840 2338 lumen
1873 2283 1923 2337 ei
1951 2283 2200 2356 aliquod
2221 2286 2480 2356 aspersit
2511 2305 2524 2346 ;
2560 2286 2906 2342 novissimis
2947 2290 3148 2340 autem
3189 2283 3566 2356 temporibus
3598 2283 3876 2338 Villema-

506 2367 609 2437 nii,
644 2368 1080 2439 Fallmereyeri,
1113 2367 1338 2439 Tafelii,
1370 2369 1748 2436 Zinkeisenii,
1795 2372 2310 2444 Paparrhigopuli.
2347 2380 2403 2428 et
2441 2375 2768 2446 praesertim
2812 2374 3113 2443 Buchonii,
3159 2374 3358 2443 ejusce
3395 2371 3626 2442 generis
3657 2371 3876 2426 studiis

505 2460 876 2527 praematura
905 2461 1095 2512 morte
1127 2458 1332 2529 erepti,
1361 2458 1566 2513 utilem
1597 2474 1848 2529 operam
1871 2465 2114 2532 experta
2136 2467 2244 2518 est.
2279 2462 2372 2518 Sic
2392 2463 2572 2531 igitur
2592 2469 2828 2518 noctem
2855 2463 2982 2517 dies
3012 2463 3261 2534 excepit,
3293 2468 3348 2517 et
3379 2478 3579 2534 operae
3611 2462 3875 2533 pretium

507 2544 616 2600 erit
642 2544 718 2600 de
739 2545 878 2600 viris
907 2545 1151 2614 ingenio
1189 2551 1293 2601 aut
1341 2547 1553 2603 virtute
1606 2549 1782 2604 claris
1843 2552 2213 2605 mentionem
2257 2549 2468 2616 facere,
2508 2558 2804 2623 quantum
2852 2568 2958 2622 per
2997 2567 3340 2606 coaevorum
3394 2550 3739 2606 testimonia
3775 2548 3879 2604 vel

507 2632 676 2688 aliter
697 2633 916 2688 licebit.
950 2633 1152 2689 Melius
1178 2633 1338 2689 enim
1370 2634 1444 2689 de
1486 2637 1690 2708 populi
1719 2637 1972 2707 alicujus
2006 2638 2227 2702 indole,
2259 2639 2502 2708 ingenio
2532 2641 2973 2709 judicabimus,
3010 2641 3113 2695 ubi
3161 2640 3339 2694 unius
3391 2656 3615 2709 mores,
3651 2639 3877 2708 agendi

505 2723 802 2777 rationem
835 2727 972 2778 ante
1002 2721 1210 2778 oculos
1232 2723 1548 2778 habemus.
1583 2726 1871 2790 Quocirca
1903 2743 2099 2798 Operae
2126 2729 2382 2798 pretium
2413 2745 2510 2784 me
2533 2729 2831 2784 facturum
2865 2729 3138 2791 arbitror,
3175 2729 3224 2783 si
3248 2729 3322 2783 de
3354 2728 3874 2784 nobilissimorum

508 2807 711 2881 aliquo
741 2809 924 2866 medii
964 2809 1072 2866 sevi
1096 2812 1438 2866 Graecorum
1468 2813 1652 2867 verba
1679 2812 1898 2882 fecero,
1926 2814 2113 2885 probe
2136 2832 2363 2885 gnarus
2386 2817 2571 2873 hocce
2604 2833 2807 2872 meum
2835 2817 3193 2889 opusculum
3224 2824 3548 2885 tantorum,
3583 2833 3736 2889 quos
3765 2833 3872 2872 no-

507 2898 753 2966 minavi,
788 2899 1055 2955 virorum
1085 2900 1437 2956 auctoritate
1475 2901 1723 2957 minime
1754 2902 2008 2972 dignum
2040 2919 2194 2960 esse.
2240 2910 2304 2960 lu
2351 2921 2473 2978 quo
2527 2911 2726 2961 tamen
2769 2905 2828 2960 id
2861 2905 3010 2961 mihi
3051 2922 3295 2961 assumo
3335 2905 3554 2974 dicere,
3603 2904 3868 2960 libellum

506 3002 690 3060 quem
719 2987 1051 3045 litterarum
1079 2988 1408 3045 cultoribus
1457 2989 1696 3057 oﬂ'erro,
1745 2992 1944 3061 majus
1998 2992 2226 3064 aliquid
2257 2995 2662 3066 prmstiturum
2703 2994 2904 3058 fuisse,
2952 2995 3002 3048 si
3043 2994 3104 3049 in
3136 2994 3504 3051 bibliotheca
3533 2993 3876 3050 Florentina

510 3091 581 3132 ac
612 3076 929 3133 Parisiensi
955 3077 1192 3134 codices
1223 3077 1530 3134 Michaelis
1563 3079 1864 3135 Choniataa
1896 3083 2343 3153 manuscriptos
2367 3083 2558 3138 oculis
2592 3082 2845 3139 lustrare
2870 3083 3015 3138 mihi
3041 3083 3404 3153 contigisset.
3431 3083 3546 3138 Sed
3572 3088 3695 3138 tum
3721 3087 3874 3137 tem-

509 3165 677 3237 poris
710 3172 839 3232 (cur
876 3166 1036 3222 enim
1067 3166 1264 3222 dicere
1293 3166 1648 3224 erubescam
1675 3168 1843 3241 quod
1863 3169 2173 3225 mihicum
2194 3171 2330 3226 viris
2368 3171 2738 3227 doctioribus
2768 3186 3090 3228 commune
3120 3171 3230 3227 fuit
3255 3172 3305 3243 ἳ)
3337 3172 3518 3242 hujus
3565 3170 3876 3244 scriptoris

509 3267 586 3309 ne
623 3269 848 3310 nomen
873 3253 1121 3326 quidem
1141 3270 1453 3311 noveram.

585 3342 811 3397 Nostris
839 3343 1089 3414 quidem
1119 3343 1493 3416 temporibus
1521 3343 1798 3413 Tafelius,
1829 3345 1983 3416 prof.
2019 3347 2421 3405 universitatis
2450 3348 2724 3419 Tubing.,
2753 3350 3097 3422 reipublicae
3126 3349 3418 3406 litterariae
3466 3349 3702 3420 egregie
3731 3365 3878 3405 con-

513 3429 698 3486 suluit
725 3445 906 3502 opere
926 3431 1021 3487 cui
1042 3431 1249 3488 titulus
1285 3449 1298 3487 :
1332 3434 1683 3490 Dissertatio
1709 3436 1779 3490 de
1819 3435 2229 3493 Thessalonica
2259 3440 2503 3508 ejusque
2548 3453 2715 3510 agro,
2748 3455 2937 3512 quam
2973 3439 3036 3494 in
3073 3453 3257 3495 usum
3287 3438 3685 3496 convertimus
3728 3453 3879 3494 nos-

511 3523 694 3589 trum,
729 3523 795 3574 ut
820 3523 877 3576 et
894 3519 1072 3592 plura
1101 3519 1218 3576 alia
1236 3537 1374 3593 quae
1403 3520 1524 3577 huc
1554 3527 1828 3594 spectant
1859 3539 2068 3595 opera.

894 3682 932 3744 ἓ
954 3677 1000 3734 l.
1042 3679 1222 3735 Varia
1248 3679 1649 3748 Athenarum,
1680 3681 1938 3739 durante
1954 3684 2150 3741 medio
2182 3701 2326 3755 aevo,
2353 3687 2609 3756 fortuna
2637 3703 2824 3759 usque
2837 3689 2919 3745 ad
2946 3688 3130 3758 ﬁnem
3155 3690 3365 3746 secuti
3388 3705 3485 3744 xu.

583 3810 828 3868 Athenae
860 3812 1150 3884 Cecropia
1179 3811 1414 3882 civitas,
1451 3827 1639 3885 quam
1695 3813 1958 3870 Theseus
1998 3815 2200 3871 Atticae
2246 3815 2651 3888 metrOpolim,
2709 3816 2895 3872 Solon
2947 3817 3110 3873 orbis
3157 3817 3389 3890 antiqui
3431 3816 3880 3887 legislatricem,

512 3899 938 3958 Themistocles
961 3901 1224 3958 marium
1257 3903 1600 3959 Graecorum
1638 3903 1954 3958 dominam
1985 3903 2446 3971 constituerant;
2477 3920 2612 3977 quin
2639 3921 2710 3960 ex
2752 3905 2938 3961 ruinis
2969 3922 3122 3978 quas
3152 3923 3188 3962 a
3225 3906 3384 3962 bello
3423 3906 3655 3962 Persico
3683 3911 3887 3961 traxe-

519 3994 635 4057 rat,
661 3990 897 4048 Periclis
917 3995 974 4048 et
999 3990 1304 4048 sociorum
1326 4007 1513 4063 opera
1545 3991 1917 4064 splendidior
1947 3998 2381 4061 resurrexerat;
2406 3995 2576 4063 cujus
2595 3993 2865 4049 favorem
2892 4001 3028 4067 post
3055 3996 3343 4067 Lysandri
3374 4011 3442 4052 ac
3475 3994 3730 4068 Philippi
3757 3995 3893 4050 vic-

512 4081 659 4136 toris
697 4085 972 4153 tempora
1010 4096 1274 4152 magnus
1312 4080 1498 4152 hujus
1546 4080 1704 4136 ﬁlius
1747 4081 1978 4137 ambire
2031 4098 2154 4138 non
2200 4081 2542 4150 erubuerat,
2584 4098 2773 4154 quam
2804 4084 3162 4155 posteriores
3188 4101 3220 4140 e
3249 4083 3595 4141 Macedonia
3623 4083 3883 4150 domini,

515 4183 704 4241 quam
734 4168 1032 4225 Ptolemaei
1056 4169 1326 4226 libertate
1357 4169 1513 4226 ultro
1535 4169 1743 4226 oblata
1763 4176 1820 4226 et
1845 4169 2175 4242 splendidis
2204 4169 2469 4225 aedificiis
2499 4169 2916 4238 honorabant;
2947 4173 3120 4242 cujus
3142 4172 3380 4229 civibus
3414 4169 3889 4229 contumacibus

517 4255 730 4312 consul
758 4255 932 4312 Rom.
963 4258 1173 4327 victor,
1200 4263 1468 4332 paternae
1496 4258 1702 4329 gloriae
1733 4258 1940 4315 habita
1977 4259 2226 4325 ratione,
2259 4259 2498 4314 veniam
2524 4258 2710 4314 dabat
2735 4279 2747 4328 ;
2781 4261 2876 4316 cui
2927 4260 3267 4316 Hadrianus
3305 4269 3363 4318 et
3389 4261 3659 4318 Julianus
3688 4260 3886 4331 impe-

517 4347 766 4408 ratores,
798 4349 1049 4418 uterque
1070 4346 1314 4402 Athenis
1345 4348 1658 4414 educatus,
1691 4363 1983 4418 magnam
2009 4348 2270 4420 pristinae
2292 4349 2494 4419 gloriae
2520 4355 2752 4421 partem
2782 4351 3165 4406 restituerant
3194 4367 3368 4423 :quee
3389 4368 3569 4425 porro
3603 4349 3875 4408 Gallieno

515 4437 830 4502 regnante,
852 4433 1120 4508 Dexippo
1142 4435 1319 4497 duce,
1352 4435 1680 4492 Gothorum
1711 4435 2087 4491 invasionem
2113 4437 2431 4508 repulerat,
2460 4441 2517 4494 et
2549 4454 2686 4510 qua:
2715 4439 2928 4494 Alarici
2968 4444 3236 4512 tempore
3267 4440 3564 4497 classibus
3601 4438 3887 4511 Byzanti-

517 4521 612 4578 nis
644 4523 1037 4578 commodum
1061 4523 1403 4595 praebuerat
1425 4524 1752 4597 refugium,
1785 4541 1920 4593 quae
1953 4524 2248 4582 solidioris
2275 4525 2557 4581 doctrinae
2595 4531 2652 4582 et
2684 4543 2924 4583 morum
2946 4528 3260 4600 puriorum
3285 4529 3477 4599 gloria
3503 4529 3656 4586 inter
3688 4527 3882 4585 urbes

520 4611 772 4668 Orientis
802 4609 1131 4680 refulserat,
1163 4611 1356 4668 donec
1381 4615 1752 4670 Justinianus
1773 4613 2274 4687 philosophorum
2305 4614 2542 4670 scholas
2574 4614 2773 4672 claudi
2799 4616 2979 4686 jussit
2999 4617 3059 4672 in
3086 4617 3343 4674 Palladis
3363 4617 3885 4691 urbequae,paga—

516 4700 716 4756 nismo
745 4699 978 4756 imbuta
1008 4716 1078 4755 ac
1093 4699 1566 4770 nutrita,diutlus
1587 4718 1775 4775 quam
1807 4708 2034 4759 caeteras
2066 4704 2304 4760 Graeciaa
2327 4704 2505 4759 urbes
2535 4703 2967 4760 Christlanismi
2990 4705 3499 4764 introductoribus
3517 4706 3742 4763 restitit:
3758 4705 3882 4763 illa:

519 4789 767 4846 Athenae
793 4788 1058 4861 antiquas
1085 4805 1221 4862 quae
1244 4805 1351 4861 per
1364 4789 1572 4860 viginti
1589 4790 1809 4848 saecula
1836 4792 1897 4847 in
1917 4791 2086 4849 varia
2098 4792 2357 4863 fortuna,
2374 4791 2423 4848 si
2442 4809 2566 4848 non
2591 4793 2923 4866 potentiam
2937 4794 3591 4868 aclibertatem,saltem
3609 4794 3886 4853 indolem

517 4878 941 4950 particularem
956 4882 1012 4934 et
1022 4876 1280 4934 nationis
1297 4877 1483 4934 robur
1495 4881 2209 4946 servaverant,Justiniani
2221 4881 2462 4938 illustris
2479 4889 2744 4955 tempore
2758 4883 2964 4940 Slavor
2972 4901 3072 4940 um
3083 4884 3238 4941 ferro
3254 4886 3459 4957 etigne
3475 4886 3700 4958 ubique
3713 4899 3890 4956 gras-

519 4967 782 5023 santium
795 4967 1206 5024 invasionibus
1217 4967 1646 5026 occubuerant.
1664 4973 1732 5025 At
1746 4969 2014 5042 quidem,
2025 4975 2087 5026 ut
2102 4973 2416 5027 Persarum
2431 4977 2718 5045 tempore,
2735 4978 2871 5029 ante
2888 4974 3025 5030 1000
3037 4989 3252 5039 annos,
3269 4983 3312 5030 A
3323 4975 3893 5035 theniensescontra.

516 5054 782 5112 hostium
820 5055 1086 5113 furorem
1113 5055 1174 5113 in
1200 5056 1395 5114 vicina
1429 5056 1729 5114 Salamine
1749 5057 1948 5115 insula
1975 5059 2275 5129 refugium
2298 5060 2669 5132 quaerebant,
2687 5061 2793 5117 sed
2821 5061 2988 5118 vario
3021 5066 3420 5120 eventu.‘l‘um
3443 5065 3601 5120 enim
3633 5066 3692 5119 in
3723 5064 3893 5122 mari

590 5210 612 5231 "
649 5207 1307 5286 mchaeIisAcominati
1327 5210 1509 5286 vitam
1539 5215 1597 5268 et
1619 5225 1714 5268 res
1744 5215 1948 5286 gestas
1980 5212 2216 5282 egregie
2245 5211 2561 5286 illustravit
2581 5214 2830 5286 ejusque
2857 5213 3080 5286 scripta
3099 5215 3397 5286 recensuit
3419 5217 3489 5271 Dr
3516 5213 3692 5270 Adolf
3717 5213 3894 5271 Ellis-

521 5294 630 5335 seu
658 5279 720 5334 in
749 5279 902 5335 libro
928 5282 1217 5351 Gottinga
1257 5298 1420 5339 anno
1445 5283 1580 5339 1846
1619 5279 1942 5339 vernaculo
1963 5279 2239 5346 sermone
2269 5284 2432 5340 edito
2461 5286 2556 5340 cui
2593 5279 2832 5340 titulum
2854 5279 3023 5341 fecit:
3049 5285 3307 5343 Michael
3332 5287 3724 5342 Akominatos
3761 5301 3890 5345 von

520 5351 752 5427 (Ihona,
782 5351 1138 5427 Erzbischof
1151 5369 1266 5427 non
1290 5355 1511 5415 Athen.
1553 5355 1967 5427 Nachrichten
1993 5354 2136 5427 iiber
2164 5356 2290 5427 sein
2317 5357 2522 5427 Leben
2553 5357 2681 5412 und
2703 5358 2864 5413 scine
2891 5357 3218 5425 Schriften,
3251 5360 3357 5414 mit
3391 5358 3738 5427 Beifiigung
3769 5359 3893 5416 der

519 5423 785 5498 letztern,
808 5425 1016 5498 soweit
1038 5423 1120 5480 sie
1150 5425 1410 5498 (gekannt
1431 5426 1593 5491 sind,
1629 5428 1709 5498 im
1743 5425 2174 5498 Originalund
2197 5427 2260 5481 in
2282 5426 2599 5484 deutscher
2640 5423 3073 5498 Ubersetzung,
3106 5428 3200 5483 ein
3230 5427 3473 5498 Beitrag
3498 5423 3618 5484 'zu'r
3641 5423 3888 5497 politis—

518 5493 662 5572 chen
692 5494 821 5572 and
849 5496 1266 5572 literarisehen
1297 5497 1648 5554 Geschichte
1675 5495 1888 5572 Athens
1917 5496 1997 5572 ign
2023 5497 2402 5554 Mittelatter.
2421 5499 2474 5553 Is
2503 5502 2596 5556 est
2617 5498 2754 5555 fons
2789 5513 2935 5554 sane
2965 5493 3305 5555 uberrimus
3325 5515 3401 5557 ex
3419 5493 3541 5572 quo
3562 5493 3888 5572 sequentia

517 5564 830 5623 Latinitate
848 5566 1077 5626 donata
1111 5568 1176 5626 in
1199 5583 1382 5625 usum
1405 5572 1680 5624 nostrum
1699 5566 2133 5627 derivavimus.
