4126 6272
273 281 358 336 301
1335 251 1638 332 MICilAEL
1673 245 2153 336 ACOMINATUS.
2184 311 2244 320 —
2281 282 2558 338 NOTITIA
3537 249 3641 340 302

279 404 451 459 vicino
492 403 861 474 victoriam,
909 401 1195 458 libertatis
1224 405 1282 457 et
1311 400 1506 460 cultus
1537 401 1908 474 praecipuam
1955 418 2207 460 causam
2236 404 2421 470 vidit;
2457 409 2670 476 postea
2696 408 2900 460 autem
2930 403 3151 474 exigua
3177 403 3394 461 eadem
3439 406 3642 468 insula

283 509 370 565 per
393 493 890 565 quadringentos
909 507 1101 548 annos
1126 490 1314 546 exsilii
1334 490 1536 546 locum
1566 489 1770 558 dabat,
1787 507 1895 562 per
1919 508 2073 563 quos
2103 497 2386 549 custodes
2403 493 2712 565 AcrOpolis
2742 492 3046 564 Byzantini
3072 508 3196 549 non
3220 493 3642 566 impediebant

288 581 470 639 Slavos
487 598 617 655 quo
649 582 866 637 minus
896 580 1145 636 Atticam
1174 580 1238 634 in
1273 579 1600 648 desertum,
1632 580 1895 636 Athenas
1926 585 2130 637 autem
2157 582 2221 637 in
2267 581 2653 638 desolationis
2688 581 3207 638 abominationem
3256 584 3638 640 mutaverint.

282 672 629 742 Ampelaciw
659 687 916 743 quoque
947 669 1265 727 Salaminis
1296 669 1354 724 in
1381 669 1530 724 urbe
1552 667 1699 723 dum
1727 674 2104 726 morarentur
2131 671 2543 734 Athenienses,
2566 687 2664 727 res
2690 670 3087 740 gravissimas
3108 671 3273 742 passi
3303 677 3470 728 sunt:
3489 673 3641 730 iram

279 759 677 831 imperatoris,
697 758 845 814 dein
867 757 1393 830 anathema,quod
1424 773 1545 812 una
1566 773 1704 813 cum
1728 759 1906 827 ΑΞεωὶ
1943 759 2126 814 maris
2153 759 2361 816 insulis
2391 759 2854 832 imperatoribus
2886 759 3161 814 lsauricm
3188 759 3408 816 domus
3438 764 3642 818 Icono-

280 848 467 903 clastis
492 849 778 904 resistere
807 848 942 905 ausi
975 847 1228 903 fuerant.
1267 850 1389 902 Huc
1421 847 1651 902 accedit
1679 846 1845 918 quod
1877 847 2129 916 morbis,
2161 848 2338 915 fame,
2362 849 2590 921 piratis,
2611 847 2854 919 ignibus
2888 847 3317 912 subterraneis,
3343 851 3447 921 qui
3479 866 3642 908 cam-

281 952 384 1006 pos
409 937 473 992 in
491 939 692 993 Attica
719 942 883 993 terra
913 936 1067 992 fmde
1097 937 1438 1005 vastabant,
1465 936 1688 990 mirum
1716 936 1778 990 in
1802 935 2055 991 modum
2083 943 2457 993 vexarentur.
2479 941 2612 994 Post
2637 937 2742 992 ubi
2772 937 3050 993 exsulum
3069 937 3525 995 Athenienisum
3554 956 3642 996 re-

278 1026 471 1098 liquiae
496 1043 641 1082 cum
689 1026 822 1083 aliis
849 1025 1086 1098 imperii
1109 1025 1338 1081 colonis
1369 1025 1627 1097 patriam
1658 1025 1959 1080 desertam
1998 1032 2349 1098 repeterent,
2374 1042 2562 1083 novas
2587 1042 2618 1082 e
2645 1027 2835 1082 ruinis
2878 1027 3098 1082 domus
3125 1027 3457 1094 excitaturi,
3488 1045 3640 1100 pau-

285 1115 423 1168 citas
445 1130 661 1169 eorum
686 1115 902 1170 urbem
928 1113 1125 1186 qualis
1152 1119 1208 1169 et
1236 1119 1466 1185 quanta
1490 1111 1681 1167 fuerat
1702 1113 1860 1168 circa
1887 1114 2226 1186 Acropolim
2258 1116 2567 1170 restituere
2598 1131 2722 1171 non
2753 1115 2956 1170 valuit.
2989 1115 3384 1171 Athenienses
3422 1117 3502 1172 ad
3531 1133 3644 1174 sua

282 1202 594 1258 redeuntes
621 1205 789 1273 (saec.
830 1206 870 1259 Χ
896 1209 952 1259 et
979 1203 1220 1258 ineunte
1249 1204 1336 1273 XI)
1361 1201 1514 1258 dura
1543 1218 1578 1256 a
1609 1201 1881 1271 Bulgaris
1902 1203 2247 1274 rapacibus,
2279 1205 2532 1260 Atticam
2558 1203 2683 1260 imo
2705 1209 2896 1259 totam
2928 1203 3214 1260 Graeciam
3242 1203 3396 1260 ferro
3428 1210 3484 1261 et
3503 1205 3642 1274 igne

280 1293 685 1361 vastantibus,
740 1293 1011 1365 perpessi
1050 1297 1207 1347 sunt.
1254 1294 1336 1346 Ea
1366 1295 1720 1364 tempestate
1764 1307 1961 1346 annus
2013 1295 2146 1349 1019
2193 1293 2255 1348 in
2285 1292 2618 1348 Annalibus
2655 1293 2855 1348 Atticis
2885 1292 3320 1366 aliquantisper
3369 1293 3641 1365 refulget,

279 1397 398 1453 quo
431 1380 689 1436 Basilius
720 1381 765 1436 ll
811 1382 1156 1453 imperator,
1203 1379 1642 1454 Βουλγαροκτόνος
1683 1380 2166 1450 cognominatus,
2213 1381 2526 1438 debellatis
2575 1381 2654 1438 ad
2681 1381 3005 1438 Achridam
3046 1382 3341 1448 hostibus,
3374 1381 3643 1455 Deiparae

280 1470 542 1525 ecclesiae
574 1470 820 1526 Athenis
852 1470 1014 1527 dona
1035 1469 1526 1543 splendidissima
1551 1467 1766 1524 obtulit
1797 1471 1895 1540 (1).

351 1562 608 1616 Uzorum
632 1575 781 1630 gens
808 1559 1290 1632 septentrionalis
1337 1575 1497 1631 quae,
1530 1557 1921 1614 Constantino
1971 1558 2026 1611 Χ
2053 1561 2233 1624 Duca,
2277 1575 2438 1615 anno
2478 1558 2629 1629 1065,
2656 1558 3070 1615 Macedoniam
3101 1563 3158 1614 et
3186 1559 3474 1616 Graeciam
3513 1576 3644 1634 sep-

281 1654 452 1704 tentr.
507 1647 752 1720 invasit,
803 1655 1004 1704 utrum
1038 1649 1286 1703 Atticam
1331 1647 1621 1719 populata
1671 1646 1762 1712 sit,
1816 1645 1979 1718 apud
2035 1647 2124 1701 Jo.
2181 1648 2471 1718 Scylitzen
2516 1650 2733 1720 Curop.
2767 1650 2956 1704 altum
2988 1648 3312 1704 silentium.
3364 1651 3502 1705 Utut
3532 1655 3640 1722 est,

277 1737 652 1792 Athenarum
693 1737 1089 1809 municipium
1117 1737 1509 1807 Byzantinum
1537 1752 1594 1790 χι
1619 1740 1676 1790 et
1703 1750 1782 1789 xu
1812 1734 2045 1790 saeculis
2079 1735 2305 1791 tristem
2333 1735 2548 1792 faciem
2579 1738 2912 1808 praebuisse
2939 1743 2995 1793 et
3023 1738 3254 1808 majore
3283 1738 3416 1809 jure
3455 1755 3645 1811 quam

280 1825 517 1880 Arcadii
551 1831 821 1896 tempore
854 1821 1023 1898 δέρμα
1058 1825 1221 1877 πάλαι
1258 1828 1382 1876 ποτὲ
1423 1825 1556 1884 ζώου
1587 1828 1909 1896 praesentas

2015 1823 2264 1880 videtur.
2290 1825 2418 1880 Vid.
2465 1827 2676 1897 Synes.
2706 1844 2798 1899 ep.
2837 1828 2958 1884 135.
2989 1827 3070 1882 Cf.
3102 1827 3462 1898 Zygomalas
3493 1831 3641 1885 etM.

281 1916 471 1970 Crusii
505 1915 986 1971 Turca-Graecza.

351 2003 549 2058 Vellus
576 2020 828 2060 aureum
859 2005 965 2073 (ita
1011 2003 1171 2058 enim
1203 2003 1465 2058 Athenas
1489 2001 1985 2074 appellitaverim)
2017 2017 2139 2073 quo
2167 2006 2435 2074 tempore
2463 1999 2810 2073 Crucigeris,
2843 2020 3003 2060 novo
3033 2010 3516 2074 Argonautarum
3551 2021 3648 2075 ge-

278 2093 427 2158 neri,
452 2094 851 2148 succumbere
883 2092 1218 2159 videbatur,
1241 2091 1512 2163 dynastis
1539 2090 1874 2162 Byzantinis
1906 2106 2025 2146 non
2053 2092 2506 2157 restituendum,
2533 2093 2656 2148 imo
2680 2093 3083 2149 barbarorum
3111 2094 3470 2149 Asianorum
3491 2094 3646 2152 ferro

277 2179 714 2248 subitrendum,
748 2183 810 2237 in
835 2183 968 2254 ipsa
992 2182 1360 2237 Athenarum
1393 2179 1540 2235 urbe
1567 2179 1763 2235 virum
1794 2179 2043 2234 obvium
2072 2179 2368 2235 habemus
2399 2181 2523 2253 qui,
2567 2181 2701 2237 licet
2723 2181 3080 2252 alienigena,
3116 2182 3268 2239 adeo
3297 2181 3373 2239 de
3402 2183 3647 2238 Athenis

280 2272 517 2337 meruit,
552 2277 619 2326 ut
647 2274 799 2326 inter
838 2271 1020 2326 medii
1071 2271 1178 2325 aevi
1220 2270 1610 2325 Athenienses
1639 2273 1979 2324 memoratu
2010 2267 2251 2338 dignos,
2282 2285 2405 2325 una
2433 2286 2571 2325 cum
2602 2271 2767 2326 Irene
2806 2270 3204 2343 imperatrice,
3235 2287 3371 2344 quae
3415 2277 3471 2328 et
3513 2272 3649 2344 ipsa

280 2363 523 2415 eXtema
547 2359 879 2420 Ἀτζαῑωλῶν
910 2359 1138 2415 familia
1161 2357 1437 2421 oriunda,
1462 2357 1837 2429 praecipuum
1857 2357 2059 2412 locum
2081 2373 2380 2430 occupare
2401 2359 2620 2428 dignus
2649 2359 2722 2416 sit
2747 2377 2760 2427 ;
2789 2359 2865 2416 de
2911 2359 3193 2418 Michaele
3225 2361 3512 2418 Choniate
3548 2377 3644 2418 ar-

280 2449 669 2521 chiepiscopo
692 2448 1020 2521 loquimur.

776 2546 804 2618 §
832 2547 897 2600 ll.
937 2545 1241 2601 Michaelis
1271 2547 1514 2616 ejusque
1531 2545 1751 2614 fratris
1774 2546 2038 2613 pueritia
2093 2545 2314 2602 Chonis
2355 2553 2410 2603 et
2443 2548 2970 2618 Constantinopoli
2998 2555 3155 2605 acta.

349 2633 882 2697 Quemadmodum
911 2632 1122 2688 fratres
1153 2633 1396 2689 Michael
1443 2639 1498 2688 et
1543 2633 1775 2688 Nicetas
1808 2633 2144 2689 Acominati
2177 2633 2326 2689 dum
2365 2635 2650 2692 vivebant
2698 2642 2910 2692 mutua
2957 2637 3194 2708 pietate,
3246 2637 3445 2710 qualis
3501 2637 3652 2694 inter

281 2725 640 2793 magistrum
664 2727 721 2777 et
749 2721 1114 2793 discipulum
1141 2738 1270 2776 esse
1301 2720 1580 2789 debebat,
1609 2726 1665 2775 et
1689 2720 2070 2776 intellectuali
2101 2725 2464 2779 commercio
2479 2725 2671 2794 juncti
2701 2730 2891 2794 erant,
2926 2725 3006 2781 ita
3031 2725 3177 2780 alter
3202 2725 3442 2781 alterius
3468 2726 3652 2782 vitam

282 2817 336 2867 et
357 2814 555 2869 studia
585 2813 648 2868 in
688 2811 884 2867 lucem
909 2810 1144 2866 edendo
1170 2812 1284 2866 hoc
1311 2827 1471 2866 novo
1501 2810 1744 2866 vinculo
1774 2809 1925 2864 uniti
1950 2809 2248 2880 videntur,
2284 2817 2346 2867 ut
2374 2813 2434 2867 in
2456 2814 2570 2868 hoc
2601 2819 2807 2868 nostro
2835 2818 3088 2869 tractatu
3115 2815 3188 2869 de
3215 2814 3496 2869 Michaele
3529 2830 3652 2870 non

278 2903 580 2972 possimus
615 2902 829 2956 Nicetaa
850 2901 1031 2955 vitam
1072 2899 1301 2954 silentio
1325 2900 1639 2972 praeterire,
1670 2901 1894 2972 quippe
1924 2899 2028 2971 qui
2050 2900 2110 2955 in
2150 2917 2331 2973 opere
2359 2901 2432 2956 de
2463 2901 2643 2956 rebus
2673 2917 2810 2973 quae
2841 2908 2976 2973 post
3023 2902 3232 2974 Cpolin
3265 2918 3372 2973 per
3415 2903 3654 2958 Latinos

280 2997 517 3063 captam
548 2993 883 3044 evenerunt
911 2988 1104 3043 fratris
1132 3003 1270 3043 cum
1323 2989 1534 3043 merita
1563 2987 1741 3044 laude
1778 2991 2145 3050 mentionem
2187 2989 2347 3057 facit,
2399 2990 2504 3063 qui
2531 2989 2658 3061 ipse
2689 2996 2992 3062 superstes
3021 2990 3268 3045 fratrem
3302 2989 3654 3045 defunctum

278 3081 336 3134 in
365 3076 732 3148 biographia
765 3080 822 3130 et
850 3075 1146 3148 panegyri
1176 3075 1394 3131 debitis
1437 3075 1642 3144 elogiis
1672 3076 2015 3137 honoravit.

344 3163 591 3220 Michael
615 3165 1010 3217 Acominatus
1039 3164 1197 3219 circa
1226 3163 1764 3234 quadragesimum
1797 3168 1999 3223 saeculi
2020 3185 2100 3223 xu
2127 3183 2378 3235 annum,
2406 3166 2574 3221 initio
2605 3167 2775 3236 regni
2796 3165 3082 3223 Manuelis
3107 3165 3395 3224 Comneni
3433 3164 3654 3221 Chonis

272 3254 368 3309 vel
392 3253 661 3311 Colossis
689 3252 967 3322 Phrygiae
1002 3253 1144 3307 urbe
1171 3259 1349 3307 natus
1401 3257 1508 3318 est,
1542 3268 1727 3324 quam
1758 3255 1936 3312 frater
1962 3260 2092 3329 ejus
2121 3255 2351 3310 Nicetas
2390 3255 2568 3325 (Hist.
2603 3254 2699 3310 ed.
2732 3257 2860 3308 Par.
2896 3271 2954 3326 p.
2988 3254 3107 3326 115)
3139 3254 3360 3326 opibus
3408 3253 3653 3308 divitem

268 3349 324 3399 et
352 3342 712 3398 hominibus
742 3341 1118 3412 frequentem
1150 3344 1464 3410 vocat(3").
1497 3343 1661 3397 Patre
1694 3345 1976 3402 eumdem
2004 3360 2185 3400 usum
2207 3341 2392 3398 fuisse
2435 3342 2743 3413 opulento,
2770 3342 2912 3397 nulli
2937 3342 3307 3399 dubitamus.
3351 3343 3462 3408 Qui
3493 3344 3656 3398 enim

270 3432 427 3488 ﬁlios
473 3431 831 3503 Byzantium
875 3431 937 3485 in
968 3431 1196 3485 artibus
1229 3429 1574 3485 liberalibus
1607 3432 1687 3487 ibi
1721 3434 1980 3490 misisset
2027 3432 2426 3489 educandos?
2477 3447 2600 3503 qua
2652 3431 2792 3487 dein
2822 3433 3053 3487 ratione
3083 3432 3266 3488 iidem
3307 3431 3384 3488 ad
3419 3424 3655 3503 imperii

269 3522 599 3592 dignitates
631 3519 744 3574 nisi
771 3519 1029 3591 pecunia
1078 3519 1229 3574 aulae
1261 3520 1633 3590 corruptibili
1654 3521 1817 3582 data.
1845 3524 2031 3579 evecti
2063 3521 2374 3577 fuissent?
2400 3518 2716 3575 Afﬁnitatis
2746 3520 3017 3592 quodam
3040 3520 3361 3592 splendore
3403 3536 3528 3576 non
3561 3535 3655 3575 ca-

268 3616 541 3679 ruerunt,
572 3608 876 3679 siquidem
927 3608 1160 3662 Nicetas
1199 3607 1482 3663 clericum
1513 3608 1780 3680 aliquem
1811 3611 2179 3677 Choniatem,
2213 3609 2386 3680 cujus
2430 3608 2661 3665 Manuel
2710 3609 3036 3681 imperator
3078 3611 3282 3665 utilem
3310 3625 3559 3681 operam
3593 3609 3656 3663 in

267 3700 427 3757 bello
457 3709 675 3756 contra
688 3699 912 3754 Turcos
933 3704 1212 3770 expertus
1237 3704 1345 3764 est,
1371 3701 1803 3757 consobrinum
1823 3701 2085 3774 appellat
2108 3704 2164 3755 et
2185 3699 2351 3754 urbis
2383 3698 2842 3770 metropolitano
2864 3705 3031 3770 patre
3060 3697 3354 3770 spirituali
3379 3714 3524 3752 usus
3544 3701 3655 3752 est.

335 3793 547 3846 Pauca
593 3794 830 3844 tantum
857 3787 935 3842 de
973 3788 1212 3842 ineunte
1244 3788 1540 3843 Michaelis
1570 3794 1742 3844 relate
1763 3796 2070 3863 comperta
2088 3788 2407 3858 habemus,
2433 3803 2624 3860 eaque
2654 3787 2714 3841 in
2745 3787 2873 3842 sola
2902 3788 3317 3858 parentatione
3366 3786 3427 3839 in
3454 3784 3653 3839 fratris

261 3879 536 3934 defuncti
568 3878 934 3932 memoriam
960 3876 1120 3930 dicta
1139 3877 1267 3931 haec
1293 3878 1354 3931 in
1385 3877 1573 3932 verba
1603 3879 1875 3950 exposita
1907 3893 1916 3930 :
1955 3901 1981 3928 ε(
2019 3881 2181 3933 Pater
2216 3893 2403 3946 meus,
2429 3876 2533 3948 qui
2562 3876 2787 3930 litteras
2816 3891 2938 3930 non
2972 3876 3171 3928 minus
3193 3889 3382 3945 quam
3429 3873 3651 3928 liberos

256 3984 401 4025 suos
429 3966 751 4038 diligeb-it,
794 3982 891 4021 me
922 3964 1444 4021 adolescentulum
1471 3966 1574 4037 qui
1614 3967 1675 4021 in
1708 3967 2107 4037 grammatica
2133 3974 2186 4021 et
2218 3965 2454 4037 poetica
2486 3965 2630 4019 satis
2661 3970 2980 4035 provectus
3017 3979 3203 4030 eram,
3247 3977 3318 4016 ex
3351 3963 3485 4018 Asia
3537 3962 3654 4033 By-

250 4061 527 4113 zantium
555 4055 900 4112 traductum
933 4054 1150 4109 artium
1203 4053 1550 4109 liberalium
1583 4061 1639 4110 et
1679 4056 2077 4128 philos0phiae
2106 4054 2408 4124 magistris
2435 4052 2875 4107 instituendum
2907 4051 3174 4108 tradidit.
3206 4073 3234 4099 ››
3267 4051 3494 4105 Horum
3527 4067 3651 4106 ma-

253 4148 591 4215 gistrorum
640 4146 699 4199 in
751 4159 1006 4199 numero
1038 4145 1297 4198 Joannes
1351 4149 1408 4198 et
1447 4144 1614 4199 lsaac
1668 4148 1883 4200 Tzetzaa
1917 4145 2174 4210 fuerunt,
2207 4158 2468 4214 quorum
2519 4141 2640 4195 vita
2688 4140 2748 4195 in
2811 4142 3112 4196 “30-1160
3150 4139 3376 4194 incidit.
3411 4138 3654 4195 Michael

251 4236 529 4292 Nicetam
557 4233 808 4288 fratrem
849 4241 1106 4304 utroque
1136 4238 1388 4302 parente
1414 4238 1732 4302 κασίγηντον
1761 4249 2119 4304 germanum
2152 4231 2264 4286 sibi
2304 4245 2642 4285 novennem
2675 4245 2746 4284 ea
2771 4229 2901 4298 lege
2935 4229 3220 4284 traditum
3261 4244 3296 4284 a
3327 4235 3493 4300 patre
3525 4244 3653 4284 esse

254 4323 407 4380 dicit
429 4330 496 4380 ut
528 4323 861 4388 nutritoris,
895 4321 1267 4389 institutoris,
1296 4323 1420 4378 imo
1470 4323 1655 4393 patris
1698 4323 1832 4379 loco
1858 4324 1910 4378 ei
1937 4328 2111 4378 esset.
2141 4318 2385 4377 Michael
2432 4319 2561 4390 ipse
2591 4316 2852 4374 afﬁrmat
2900 4334 3038 4373 cum
3071 4319 3300 4388 majore
3349 4334 3432 4384 se,
3466 4333 3652 4388 quam

255 4414 508 4470 fratrem
540 4413 739 4476 decet,
765 4412 1005 4483 pietate.
1028 4411 1241 4482 triplex
1281 4411 1430 4467 illud
1459 4410 1726 4467 ofﬁcium
1759 4412 2116 4485 explevisse.
2156 4409 2390 4465 Pietatis
2425 4412 2481 4463 et
2509 4407 2696 4462 animi
2730 4408 2880 4476 grati
2913 4413 3217 4463 certamcn
3249 4408 3403 4463 inter
3442 4407 3654 4462 fratres

255 4502 702 4571 intercedebat,
735 4501 819 4556 ita
845 4504 1049 4556 tamen
1079 4505 1144 4556 ut
1182 4499 1427 4556 Michael
1456 4500 1718 4573 archiep.
1744 4503 1960 4558 Athen.
1986 4500 2180 4556 factus
2203 4514 2313 4570 pro
2355 4496 2652 4552 modestia
2679 4513 2791 4552 sua
2815 4512 2876 4551 se
2906 4496 3069 4553 fratri
3103 4497 3180 4552 ad
3214 4496 3538 4552 altissimas
3568 4495 3654 4550 di-

262 4594 532 4662 gnitates
563 4595 776 4648 evecto
809 4588 1140 4644 multorum
1171 4589 1231 4644 in
1265 4604 1329 4645 se
1360 4587 1715 4644 collatorum
1745 4590 2177 4645 beneﬁciorum
2214 4586 2546 4642 debitorem
2578 4586 2843 4641 evasisse
2889 4591 3141 4642 asserat.
3175 4588 3274 4641 Est
3321 4585 3502 4640 etiam
3553 4583 3657 4643 ubi

260 4681 517 4738 Michael
535 4679 708 4736 fratri
741 4677 949 4751 quoad
974 4678 1198 4748 ingenii
1226 4679 1420 4748 dotes,
1454 4693 1515 4732 se
1545 4677 1886 4735 inferiorem
1933 4678 2171 4742 fatetur,
2207 4675 2313 4730 ubi
2343 4674 2418 4730 de
2446 4674 2876 4730 communibus
2924 4675 3195 4746 ipsorum
3231 4673 3443 4728 siudiis
3490 4687 3655 4726 men-

262 4772 490 4828 tionem
524 4770 688 4826 facit.
733 4771 886 4823 Dum
918 4767 1078 4822 enim
1117 4769 1244 4839 ipse
1271 4767 1351 4823 ad
1378 4769 1669 4839 μαθήματα
1693 4769 1966 4824 animum
1989 4765 2339 4833 attenderet,
2374 4765 2636 4820 Nicetam
2666 4763 2806 4819 inde
2837 4779 2873 4819 a
2897 4779 3086 4836 puero
3112 4779 3316 4819 rerum
3348 4762 3653 4830 majorum

259 4857 682 4916 exercitationi
712 4873 785 4913 ac
816 4855 1030 4913 studiis
1057 4855 1329 4912 deditum
1356 4872 1424 4912 eo
1450 4856 1812 4928 pervenisse,
1842 4863 1907 4913 ut
1929 4855 2238 4914 audaciori
2267 4854 2474 4910 volatu
2503 4854 2565 4908 in
2590 4854 2869 4923 regiones
2890 4862 2991 4905 τῶν
3020 4855 3360 4928 θεωρημάτων
3384 4849 3655 4906 evolave-

263 4949 356 5019 rit,
387 4949 452 5006 id
479 4954 596 5019 est,
626 4946 878 5019 proprio
900 4949 1093 5002 marte
1125 4944 1451 5001 meditatus
1479 4945 1573 5001 sit.

329 5048 413 5116 (1)
465 5050 572 5100 Καὶ
616 5043 668 5097 ἐν
713 5045 961 5103 Ἀθήναις
1001 5046 1266 5116 νενόμικας
1321 5047 1410 5094 καὶ
1461 5045 1528 5094 τὰ
1581 5050 1703 5116 {hic
1738 5047 1889 5102 νίκης

2054 5042 2143 5116 _(2)
2169 5039 2795 5116 Chonarumnomini
2848 5043 3060 5116 postea
3102 5036 3655 5116 Colossarum‘sub:

269 5107 669 5192 Eﬁiépta‘riﬁpm
734 5123 798 5186 τῇ
879 5107 1151 5192 Sacrum:
1189 5108 1336 5192 δορς,
1415 5118 1506 5166 καὶ
1583 5114 1888 5185 ἀναθήμασι

2029 5107 2431 5192 ῥῐρῂυζηηθεεθ
2460 5111 2629 5192 urbis
2658 5107 3106 5192 Phrygumquaa
3127 5109 3463 5192 praesertim
3488 5107 3654 5192 Pauli

269 5177 472 5252 πθῖλδῖς
540 5177 814 5262 ’λὶιμπροές
891 5191 982 5238 καὶ
1064 5177 1369 5237 trabalia:
1443 5189 1724 5262 xeo-pacat;
1752 5177 1762 5185 ’
1798 5187 1887 5235 τὸν

2026 5183 2073 5262 .d
2086 5181 2543 5262 _C_hristianos_ej
2555 5198 2622 5262 u_s
2649 5177 2904 5262 civitatis
2929 5177 3188 5262 epistola
3201 5179 3490 5260 innotuit,
3508 5183 3655 5262 citra

270 5263 406 5328 eam,
457 5243 810 5333 ’ὗπέσῇοέψεν-
873 5277 946 5333 si,
1024 5243 1590 5333 ξωνστᾳντινοῇτωλιίο.
1670 5243 1883 5333 georg.

2024 5253 2250 5333 lubium
2298 5259 2406 5333 est.
2463 5243 2542 5333 _l_n'
2581 5252 2773 5333 lexico
3041 5251 3216 5333 Psell_i_
3245 5243 3653 5333 geographico

275 5322 436 5390 Cedr.
469 5332 569 5389 ed.
603 5322 736 5387 P'ar'.
769 5345 829 5398 p.
865 5329 992 5384 747.
1026 5326 1344 5398 Templum
1375 5327 1668 5391 Minervae,
1693 5322 1890 5398 Erich-

2024 5325 2161 5395 [uod
2215 5328 2271 5379 P.
2306 5324 2578 5398 Morellus
2630 5324 2791 5390 citat,
2839 5322 3466 5398 legimusiltoioagm,
3508 5322 3653 5398 noli;

277 5341 436 5390 ωεστ.
469 5341 569 5389 ed.
603 5341 736 5387 Par.
817 5372 829 5382 .
865 5341 992 5384 717.
1026 5341 1166 5383 'i‘em
1217 5341 1344 5381 tum
1375 5341 1668 5391 Minervae,
1693 5341 1890 5381 tmen-

277 5403 454 5460 thonii
483 5404 722 5468 matris,
758 5345 1104 5475 Karthenon
1135 5341 1381 5475 ilﬁidin
1427 5399 1484 5454 S.
1510 5397 1763 5475 Virginis
1817 5411 1888 5475 ac

2026 5341 2161 5395 [ιιοα
2215 5341 2271 5379 l’.
2306 5341 2578 5380 moreuus
2630 5341 2791 5390 Citat,
2839 5341 3142 5390 tegimus:
3183 5341 3466 5387 neutram,
3508 5341 3654 5380 ποΑις

2026 5401 2240 5475 'puziag,
2275 5399 2329 5448 αἱ
2357 5395 2748 5475 νῦνᾼλςογρμενᾳι-
2779 5401 2975 5475 Χςόναι,
3010 5393 3330 5475 θξΑΝἱίξεΞιᾶξ
3355 5388 3655 5475 ἱέεςάἱϐᾖῑ

279 5475 534 5550 Deiparae
591 5465 930 5550 ecclesiam
983 5472 1441 5550 est-mutatum,
1492 5465 1642 5550 ιμ’θί
1681 5467 1888 5524 Thesei

2026 5465 2056 5550 ti
2099 5465 2403 5550 Tltesauro
2437 5466 2582 5550 ﬁdei
2625 5465 2862 5550 orthod'.
2889 5479 2990 5550 λιν,
3041 5467 3172 5550 g2;
3186 5465 3269 5521 Ὠς
3309 5465 3570 5550 inclitus;
3601 5465 3655 5540 ἐξ

586 5527 876 5621 éééiésiae
907 5539 1107 5621 sancti
1149 5538 1383 5608 Georgii
1423 5527 1529 5611 qui
1555 5538 1888 5596 draconem

2022 5542 2213 5621 ﬁat-po;
2234 5542 2353 5599 τοὺς
2373 5527 2670 5612 πήριώτας
2695 5555 2786 5609 μοι
2817 5527 3100 5592 Κολοάσείς
3121 5528 3399 5598 Ἐπιστολῇ
3427 5527 3651 5596 Θεολογεῐ

280 5607 577 5694 interemit,
595 5619 816 5679 locum
845 5611 1052 5670 cessit.
1316 5607 1328 5608 ί
1443 5607 1463 5611 ⁷
1996 5607 2114 5666 κτλ.
