4126 6272
469 273 571 328 303
1321 264 1630 324 MICHAEL
1667 261 2116 322 ACOMINATUS
2163 263 2602 322 ATHENARUM
2648 264 2976 322 ARCHIEP.
3723 264 3832 321 304

542 397 672 459 Quo
699 393 967 464 tempore
995 389 1229 447 Nicetas
1268 389 1717 465 ὑπογραμματέως
1766 387 2049 462 βασιλικοῦ
2081 388 2171 446 litt

2198 389 2248 446 to
2303 392 2406 446 aut
2453 387 2566 445 sub
2610 387 2877 446 Manuele
2904 389 3215 446 Comneno
3263 383 3401 438 ante
3445 396 3499 438 a.
3529 383 3690 451 1180,
3721 389 3827 442 aut

468 481 671 538 Alexio
702 480 750 536 ΙΙ
777 483 1085 551 regnante,
1119 494 1310 552 usque
1359 479 1436 535 ad
1462 495 1518 536 a.
1559 481 1696 535 1183
1723 479 1802 536 ad
1831 494 2032 536 rerum
2063 479 2641 536 administrationem
2684 477 2950 546 accessit,
3007 473 3112 531 ubi
3163 475 3374 546 postea
3404 469 3484 528 ad
3512 473 3820 531 maximos

467 572 730 627 honores
760 573 1076 642 provectus
1121 573 1228 638 est,
1263 567 1555 630 Michaeli,
1589 568 1791 623 minus
1845 583 2138 641 prospera
2186 585 2300 625 uso
2343 567 2603 635 fortuna,
2644 566 3131 639 archiepiscopus
3173 561 3597 618 tantummodo
3651 562 3828 620 Athe-

469 677 686 717 narum
735 666 798 716 ut
827 661 992 714 tieret
1020 659 1285 730 contigit.
1323 659 1438 714 Sed
1486 663 1550 714 ut
1577 657 1842 715 nominis
1894 659 2064 716 Attici
2094 659 2348 730 gloriam
2379 661 2825 730 praetereamus,
2861 652 3353 726 archiepiscopus
3387 649 3764 708 Atheniensis
3792 668 3826 709 e

465 765 717 805 numero
742 749 1186 821 prmcipuorum
1237 748 1374 803 inde
1403 763 1438 803 a
1473 765 1530 803 ix
1569 748 1789 804 saeculo
1821 749 2418 821 metropolitanorum
2463 745 2740 800 dioecesis
2797 743 3008 816 lliyriae
3047 744 3192 812 erat,
3243 742 3299 795 et
3328 737 3537 795 decem
3573 741 3824 814 quidem

466 838 730 911 episcopi
753 837 996 893 Aulonis
1025 837 1086 892 in
1115 837 1390 906 Phocide,
1425 838 1646 892 Daulias
1673 842 1728 894 et
1767 839 2048 894 Coroneae
2077 837 2138 893 in
2183 836 2426 905 Boeotia,
2461 834 2611 902 Orei,
2643 833 2864 906 Euripi,
2901 829 3186 897 Porthmi,
3220 827 3454 901 Carysti
3482 828 3544 884 in
3575 829 3820 900 Euboea,

465 932 521 984 et
547 926 881 983 insularum
915 927 1098 998 Scyri,
1132 926 1316 982 Andri
1347 931 1404 982 et
1428 929 1589 1001 Syrte
1622 928 1674 982 ei
1706 931 1770 984 ut
1795 925 2162 998 suti‘raganei
2186 923 2438 997 subjecti
2466 925 2658 980 erant.
2688 922 2798 995 (Cf.
2847 923 2920 978 Le
2952 921 3161 988 Quien,
3205 917 3412 974 Oriens
3439 918 3824 977 Christianus

463 1019 529 1082 Il,
551 1031 610 1088 p.
647 1017 744 1070 167
764 1017 938 1088 sqq).

459 1123 488 1194 §
516 1122 606 1178 Ill.
629 1123 894 1180 Michael
915 1123 1288 1180 Athenarum
1307 1123 2015 1196 archiep.—Byzantium
2043 1139 2244 1180 rerum
2274 1127 2494 1178 statum
2517 1126 2859 1192 permutat;
2881 1121 3078 1191 legum
3095 1134 3204 1190 per
3227 1119 3523 1178 Graeciam
3553 1116 3824 1176 abolitio.

529 1230 791 1298 Michael,
816 1232 863 1286 si
887 1232 1102 1287 asserit
1132 1247 1194 1288 se
1225 1247 1332 1303 per
1363 1231 1602 1302 triginta
1631 1247 1824 1288 annos
1857 1247 2106 1288 munere
2132 1229 2486 1286 sacerdotali
2510 1227 2782 1285 functum
2813 1243 2966 1295 esse,
2996 1226 3111 1282 sub
3141 1227 3323 1284 ﬁnem
3357 1225 3542 1298 (1175)
3571 1241 3704 1282 saec.
3739 1235 3828 1281 x11

463 1320 576 1376 sub
626 1320 946 1376 Charitone
987 1319 1336 1392 patriarcha
1385 1337 1609 1376 munus
1667 1321 1868 1378 iniisse
1917 1321 2168 1377 videtur-
2223 1319 2443 1375 Casim.
2485 1317 2754 1376 Oudinus
2794 1320 3132 1383 (Comment.
3184 1317 3253 1374 de
3290 1319 3573 1386 scriptor.
3607 1315 3814 1374 eccles.

457 1425 517 1482 p.
553 1409 688 1465 l536
717 1415 773 1465 et
794 1409 959 1482 1712)
989 1409 1143 1465 duos
1173 1410 1232 1464 in
1281 1426 1360 1464 xu
1392 1409 1612 1465 saeculo
1642 1410 2053 1481 metropolitas
2087 1409 2499 1478 Athenienses,
2533 1407 2831 1464 Michaelis
2862 1407 3109 1464 nomine
3151 1407 3497 1478 designatos
3527 1408 3829 1462 memorat

457 1513 718 1571 quorum
749 1499 1011 1572 priorem
1041 1514 1202 1555 anno
1253 1497 1391 1554 1170
1421 1497 1709 1568 assignat,
1745 1503 1803 1554 et
1829 1499 2025 1554 Const-
2060 1500 2351 1556 Manassis
2405 1503 2460 1554 et
2495 1499 2795 1556 Simeonis
2825 1499 3235 1570 Metaphrastae
3287 1502 3827 1570 contemporaneos

455 1586 632 1654 facit;
660 1603 782 1660 quo
813 1602 1008 1642 errore
1039 1586 1335 1643 Harlesius
1362 1603 1606 1659 quoque
1625 1586 2014 1656 obstringitur
2044 1589 2317 1659 (Fabricii
2339 1590 2501 1646 Bibl.
2533 1591 2637 1646 Gr.
2663 1589 2757 1645 ed.
2790 1604 2930 1645 nov.
2963 1592 3049 1656 XI,
3083 1603 3144 1660 p.
3177 1585 3302 1654 188,
3334 1592 3512 1654 not.),
3547 1585 3827 1661 quamvis

454 1685 642 1748 Opera
669 1677 746 1732 ab
778 1675 1012 1732 Oudino
1042 1675 1258 1746 majori
1288 1676 1550 1732 Michaeli
1579 1675 1881 1743 attributa,
1903 1681 2111 1732 nostro
2141 1678 2408 1735 Michaeli
2447 1678 2823 1748 Acominato,
2844 1678 3026 1750 idque
3048 1678 3201 1748 jure,
3235 1675 3497 1733 ascribit.
3531 1677 3688 1732 Inter
3708 1675 3824 1732 ista

454 1780 640 1837 opera
665 1765 1000 1822 orationem
1027 1765 1219 1822 habes
1275 1765 1522 1821 Athenis
1574 1765 1843 1822 muneris
1889 1765 2013 1822 initi
2046 1766 2142 1822 die
2190 1766 2488 1834 habitam,
2519 1771 2576 1822 et
2603 1766 2774 1838 cujus
2801 1766 2986 1822 verba
3017 1764 3454 1822 introductoria
3485 1763 3616 1821 sola
3659 1763 3826 1836 apud

455 1854 812 1912 Baudinium
858 1851 1052 1924 (Epist
1084 1856 1156 1910 de
1185 1855 1482 1911 Michaele
1510 1855 1907 1926 Acominato),
1942 1859 2039 1908 Τὸν
2070 1877 2084 1927 μ

2211 1851 2276 1914 δὴ
2312 1859 2669 1929 προσήκοντα,
2701 1860 2758 1911 et
2788 1855 2996 1912 ultima
3025 1872 3037 1911 :
3071 1853 3181 1907 ’Ῑνα
3206 1859 3296 1907 καὶ
3343 1854 3493 1907 αὐτοὶ
3535 1857 3655 1916 ναὸς
3689 1859 3824 1906 Θεοῦ

455 1940 627 2016 εἴημεν
649 1941 697 1994 ἐν
724 1938 863 2015 αὐτῷ
889 1951 1127 2018 Χριστῷ,
1162 1947 1297 2012 etc.,
1329 1941 1605 2014 legimus.
1641 1943 1884 2000 Michael
1913 1943 2048 2000 licet
2074 1961 2084 2000 ε

2201 1961 2323 2017 quo
2353 1961 2520 2001 more
2560 1944 2871 2010 educatus,
2899 1943 2962 2000 in
2988 1945 3103 2000 ista
3127 1943 3335 2016 phrasi
3355 1943 3560 1999 divina
3591 1948 3655 1998 ut
3684 1947 3741 1998 et
3763 1941 3828 1997 in

453 2035 680 2089 caeteris
706 2033 989 2090 omnibus
1014 2049 1150 2105 quae
1185 2033 1410 2104 scripta
1456 2032 1712 2106 reliquit,
1745 2033 2170 2090 orthodoxiam
2201 2050 2274 2090 ex
2330 2034 2520 2091 oculis
2553 2050 2677 2090 non
2709 2033 2942 2100 amittit,
2976 2049 3113 2106 quae
3142 2032 3526 2104 καλοκαγαθίας
3563 2031 3828 2104 antiquae

447 2119 582 2179 loco
616 2122 798 2179 Graeci
825 2119 1146 2193 cujuslibet
1170 2139 1518 2195 supremam
1547 2121 1792 2178 laudem
1824 2122 2147 2179 constituit.
2179 2124 2406 2190 Quodsi
2429 2123 2774 2181 Michaelem
2801 2128 3077 2180 nostrum
3113 2123 3317 2179 Atticis
3349 2122 3704 2178 innutritum
3734 2136 3830 2178 ar-

449 2205 609 2268 tibus
635 2217 692 2268 et
719 2211 927 2268 litteris
959 2211 1203 2268 Athenis
1235 2227 1368 2283 quae
1401 2211 1661 2284 templis,
1696 2211 1907 2268 statuis
1933 2212 2355 2282 abundabant,
2389 2213 2626 2269 Periclei
2647 2213 2760 2268 aevi
2789 2216 3187 2269 monumenta
3213 2211 3610 2284 inspirabant,
3641 2209 3826 2282 idem,

449 2317 573 2372 qua
615 2301 987 2358 Christianus
1020 2316 1090 2356 ac
1122 2299 1424 2370 sacerdos,
1467 2299 1654 2356 divini
1682 2301 1857 2372 quasi
1888 2300 2123 2356 zetheris
2171 2301 2423 2356 ﬂamina
2464 2299 2903 2374 experiebatur.
2937 2303 3084 2356 Ante
3115 2315 3254 2355 eum
3287 2299 3351 2354 D.
3395 2297 3618 2355 Paulus
3657 2297 3832 2354 Athe-

448 2391 764 2448 niensibus
795 2393 856 2446 in
887 2399 1206 2464 Areopago
1237 2407 1472 2463 pacem,
1503 2395 1560 2446 et
1595 2391 1657 2446 in
1686 2391 1912 2464 templo
1935 2391 2036 2447 Dei
2064 2391 2351 2460 incogniti
2382 2393 2571 2446 Deum
2599 2389 2660 2444 in
2694 2389 2925 2445 Christo
2955 2388 3408 2444 manifestatum
3438 2387 3832 2444 annuntiave-

450 2477 582 2544 rat;
614 2485 669 2536 et
697 2475 924 2534 ibidem
955 2477 1281 2551 Dionysius
1311 2478 1675 2550 Areopagita
1705 2479 1936 2550 primus
1968 2479 2290 2552 episcopus
2322 2483 2712 2542 memoratur,
2745 2478 2906 2533 idem
2937 2481 3167 2549 martyr
3190 2480 3443 2540 Graecus,
3471 2491 3656 2548 quem
3699 2475 3829 2532 Gal-

452 2565 537 2624 lia
563 2583 807 2640 quoque
838 2568 1185 2640 apostolum
1225 2572 1282 2622 et
1311 2572 1640 2639 patronum
1671 2585 1852 2624 suum
1879 2567 2164 2625 venerata
2184 2571 2271 2624 est
2295 2584 2366 2625 eo
2397 2573 2686 2641 tempore,
2717 2583 2840 2640 quo
2864 2567 2997 2639 ipsa
3019 2565 3160 2622 novi
3189 2565 3484 2638 Evangelii
3517 2564 3827 2637 apostolos

454 2671 561 2729 per
587 2672 832 2712 omnem
853 2656 1083 2720 orbem,
1105 2655 1436 2728 praesertim
1466 2656 1528 2712 in
1553 2672 1688 2712 eam
1718 2657 2024 2728 regionem
2057 2657 2270 2726 emisit,
2293 2656 2454 2714 unde
2485 2661 2699 2728 praeter
2721 2655 3250 2713 Christianismum
3276 2655 3636 2728 perantiqua
3653 2653 3832 2710 liber-

457 2741 592 2801 tatis
625 2741 807 2800 civilis
837 2741 1076 2801 traditio
1103 2743 1156 2799 ei
1183 2748 1450 2816 venerat,
1487 2744 1550 2800 in
1583 2744 1872 2801 Graeciam
1909 2745 2044 2802 dico
2073 2749 2170 2817 (1).

528 2830 774 2890 Michael
802 2833 1064 2902 Athenas
1091 2849 1296 2890 sacras
1321 2835 1591 2890 oratione
1621 2833 1881 2891 celebrat
1909 2834 1970 2891 in
2003 2834 2324 2892 Leonidem
2353 2840 2686 2908 martyrem
2717 2839 2774 2892 et
2804 2833 2998 2892 socios
3029 2833 3234 2890 habita
3259 2851 3271 2898 ;
3301 2829 3522 2889 heroici
3553 2831 3827 2904 ejusdem

458 2919 708 2980 civitatis
729 2923 861 2992 aevi,
883 2923 944 2980 in
967 2921 1324 2980 allocutione
1356 2923 1434 2978 ad
1459 2927 1776 2996 prtetorem
1809 2925 2169 2981 Demetrium
2193 2926 2535 2993 Drimetem,
2567 2925 2831 2982 Athenas
2863 2924 3167 2994 reducem,
3189 2923 3462 2978 meminit
3487 2940 3500 2977 :
3523 2923 3620 2975 Τὸν
3647 2925 3828 2978 Θησέα

459 3017 615 3086 φασὶν
637 3008 842 3068 ἐκεῖνον.
872 3013 1160 3070 Eustathii
1185 3019 1396 3085 postea
1439 3013 1874 3085 archiepiscopi
1900 3013 2275 3082 Thessalon.,
2304 3014 2644 3088 interpretis
2670 3013 2775 3070 ce].
2823 3013 3162 3070 carminum
3215 3012 3474 3078 Homeri,
3503 3027 3624 3084 quo
3654 3009 3829 3066 fami-

457 3098 774 3160 liarissime
800 3101 1095 3174 utebatur,
1122 3119 1287 3159 mors
1337 3102 1726 3174 profanarum
1769 3119 1939 3175 aeque
1978 3120 2048 3160 ac
2095 3103 2563 3162 Christianarum
2609 3105 3070 3162 meditationum
3117 3119 3332 3160 ansam
3373 3101 3665 3175 prazbuit;
3701 3099 3834 3172 ejus

462 3193 822 3250 memoriam
853 3193 1121 3249 oratione
1173 3191 1410 3248 funebri
1435 3193 1774 3262 honoravit,
1805 3193 1979 3264 cujus
2025 3193 2084 3248 in

2201 3211 2262 3250 ω
2291 3211 2302 3248 :
2331 3191 2403 3246 ’Ὦ
2431 3198 2647 3266 στυγνὸς
2678 3195 2821 3258 αἰὼν,
2865 3195 2902 3245 ὡ
2929 3194 3136 3266 τλήμων
3169 3191 3318 3265 ἡμεῖς
3355 3194 3522 3264 γενεά,
3557 3190 3694 3246 ﬁnis
3741 3193 3829 3242 atati

463 3276 808 3354 λατρεύοντες.
839 3283 1048 3338 Paucae
1073 3281 1168 3337 hae
1195 3297 1374 3337 voces
1404 3279 1480 3336 de
1511 3283 1812 3338 monodiae
1843 3281 2032 3354 pretio
2080 3287 2338 3340 statuere
2371 3299 2492 3340 non
2523 3284 2918 3356 permittunt;
2949 3286 3010 3339 at
3045 3283 3230 3338 hocce
3257 3280 3548 3336 saeculum
3579 3285 3636 3336 et
3683 3295 3838 3336 nos-

463 3375 623 3426 trum
645 3386 835 3439 genus
866 3384 1148 3426 accusare
1177 3369 1377 3426 licebit
1403 3371 1802 3441 negligentiae,
1827 3372 1921 3428 cui
1951 3371 2115 3428 solus
2145 3373 2398 3430 Tafelius
2425 3373 2762 3430 remedium
2791 3372 3152 3444 apportavit,
3185 3371 3290 3444 qui
3315 3371 3378 3426 in
3405 3369 3837 3426 Dissertatione

465 3453 554 3514 De
585 3458 1008 3514 Thessalonica
1034 3461 1279 3529 ejusque
1308 3474 1458 3529 agro
1489 3459 1670 3516 etiam
1700 3460 2042 3516 Monodiam
2065 3462 2125 3516 in
2157 3462 2533 3518 Eustathium
2559 3461 2782 3534 publici
2809 3461 2961 3532 juris
2997 3460 3151 3517 fecit.

539 3548 831 3604 Eustathii
855 3547 1196 3606 Thessalon.
1231 3563 1393 3604 mors
1423 3549 1498 3620 (a.
1525 3549 1688 3620 1198)
1709 3565 1813 3614 sex
1843 3553 2018 3605 annis
2044 3551 2466 3621 catastrophen
2491 3551 2826 3618 antecessit,
2861 3565 2998 3622 quae
3029 3547 3294 3606 Michaeli
3319 3547 3700 3606 occasionem
3725 3547 3836 3604 de-

469 3631 557 3693 dit
593 3636 947 3694 ostendendi
977 3652 1039 3692 se
1069 3652 1192 3692 non
1219 3637 1414 3692 solum
1440 3637 1674 3694 bonum
1721 3639 1924 3694 ovium
1973 3644 2282 3712 pastorem
2307 3641 2473 3712 pacis
2523 3646 2791 3712 tempore
2824 3655 2976 3706 esse,
3011 3638 3116 3694 sed
3141 3638 3268 3711 qui,
3293 3642 3542 3708 urgente
3571 3637 3834 3694 necessi-

471 3732 611 3796 tate,
641 3725 854 3798 lupum
895 3725 1237 3796 Argolicum
1269 3725 1498 3782 fortiter
1527 3741 1562 3782 a
1588 3741 1766 3796 grege
1789 3726 2056 3799 repellat,
2083 3729 2218 3784 licet
2247 3745 2388 3785 mox
2419 3729 2556 3785 feris
2588 3727 3059 3786 occidentalibus
3091 3727 3302 3784 cedere
3341 3731 3584 3783 coactus
3631 3725 3832 3782 fuerit.

542 3819 738 3888 Atque
783 3813 899 3870 hoc
946 3813 1194 3886 quidem
1231 3812 1365 3869 loco
1405 3813 1732 3870 dicendum
1783 3820 1873 3870 est
1915 3816 2018 3886 qui
2061 3817 2239 3873 fuerit
2283 3818 2778 3874 Acominatorum
2831 3833 3026 3873 sermo
3053 3817 3216 3887 justo
3247 3815 3443 3886 magis
3473 3814 3838 3886 metaphori-

473 3923 578 3963 cus
610 3909 704 3976 (2).
732 3905 912 3976 Cujus
941 3905 1029 3960 rei
1077 3907 1142 3958 ut
1167 3901 1460 3974 majorem
1511 3903 1694 3958 ﬁdem
1724 3901 2039 3975 faciamus,
2073 3907 2285 3963 Nicetae
2314 3909 2503 3964 verba
2533 3907 2756 3980 quibus
2780 3907 2841 3962 in
2867 3905 3174 3962 Michaelis
3223 3905 3421 3961 fratris
3455 3905 3582 3960 Vita
3628 3905 3834 3970 utitur,

472 4000 835 4068 repetamus,
867 3993 1322 4066 usurpationem
1371 3997 1550 4048 antea
1581 3999 1988 4050 memorantes
2018 3995 2253 4068 imperii
2277 3997 2588 4068 Byzantini
2617 4012 2725 4069 per
2771 3996 3044 4052 Alexium
3098 3998 3166 4050 lll
3209 3993 3505 4063 Angelum
3537 3997 3612 4060 (a.
3651 3997 3836 4060 1195),

475 4101 660 4156 quam
688 4088 822 4139 octo
853 4082 1026 4138 annis
1046 4086 1258 4154 postea
1285 4081 1582 4154 expeditio
1613 4082 1892 4138 Italorum
1925 4083 2346 4157 Gallorumque
2381 4084 2938 4157 Constantinopolin
2967 4099 3196 4147 versus,
3231 4088 3288 4140 et
3311 4087 3447 4156 post
3473 4081 3842 4151 redintegra-

474 4174 700 4228 tionem
721 4171 934 4226 lsaacii
963 4172 1162 4227 caecati
1194 4187 1332 4226 cum
1358 4171 1480 4226 ﬁlio
1501 4171 1630 4241 ejus
1657 4171 1860 4226 Alexio
1889 4173 2484 4248 lVimpotentemque
2511 4175 2690 4231 Alexii
2723 4177 2763 4228 V
2787 4178 2961 4230 Ducas
2983 4172 3306 4246 Murzuphli
3336 4171 3838 4242 dominationem,

479 4259 746 4316 secunda
774 4260 970 4331 Cpolis
1017 4261 1384 4331 expugnatio
1413 4276 1519 4332 per
1547 4262 1812 4316 Francos
1846 4265 1932 4330 (12
1987 4267 2095 4334 Ap.
2143 4263 2300 4328 120i)
2329 4269 2385 4320 et
2421 4265 2656 4337 imperii
2697 4263 2886 4320 Latini
2939 4262 3212 4318 fundatio
3244 4267 3450 4318 secuta
3477 4265 3583 4317 est.
3621 4260 3840 4317 Nicetes

477 4348 813 4405 Acominati
842 4349 1110 4404 Historiae
1139 4348 1272 4404 libri
1302 4365 1340 4406 v
1365 4349 1555 4404 ultimi
1582 4351 1868 4420 (xvu-xxn)
1896 4355 1952 4405 et
1975 4353 2023 4408 J.
2050 4352 2445 4408 Villharduini
2465 4352 2727 4408 Annales
2763 4352 2976 4410 Gallice
3008 4351 3335 4423 conscripti
3366 4365 3654 4420 magnam
3681 4348 3844 4405 circa

479 4454 580 4494 eas
607 4453 702 4494 res
736 4436 1149 4494 auctoritatem
1175 4437 1419 4494 habent.
1447 4439 1676 4494 Nicetas
1721 4439 1968 4511 quidem
1991 4456 2184 4513 usque
2212 4442 2290 4498 ad
2320 4458 2374 4498 a.
2408 4446 2542 4498 1206
2573 4441 2971 4514 progreditur,
3021 4441 3299 4513 quamvis
3325 4439 3388 4494 in
3417 4439 3538 4494 ﬁne
3581 4437 3842 4494 librixrx

479 4529 644 4585 dicat
678 4545 690 4583 :
717 4527 826 4580 Οὐκ
855 4527 915 4578 ἂν
963 4527 1194 4600 ᾁσαίμην
1221 4531 1286 4579 τὰ
1329 4527 1608 4602 βαρϐάρων
1639 4528 1816 4594 αὐτὸς,
1851 4527 1966 4581 οὐδ’
1989 4528 2205 4603 ἐσοίμην
2231 4528 2590 4604 παραπέμπων
2621 4537 2732 4593 τοῖς
2769 4533 2945 4583 ἔπειτα
2989 4529 3203 4604 πράξεις
3247 4527 3550 4601 πολεμικὰς,
3574 4526 3622 4578 ἐν
3663 4528 3740 4586 αἷς
3763 4531 3836 4600 μὴ

478 4625 694 4670 νικῶσιν
715 4615 976 4678 Ἕλληνες.
1002 4619 1067 4668 Οἱ
1095 4619 1196 4689 γὰρ
1225 4615 1487 4690 βάρϐαροι
1525 4620 1658 4668 κατὰ
1689 4620 1773 4669 τὸν
1801 4617 2144 4691 ἐμπρήσαντα
2172 4623 2258 4672 τὸν
2299 4619 2346 4672 ἐν
2375 4619 2568 4693 Ἐφέσῳ
2590 4623 2708 4672 ναὸν
2739 4629 2830 4680 τῆς
2862 4615 3172 4692 Ἀρτέμιδος
3211 4617 3546 4691 οἰχέσθωσαν
3573 4618 3756 4668 οἶῑστοι
3785 4635 3841 4670 τε

479 4712 570 4762 καὶ
595 4709 842 4772 ἅπυστοι,
871 4702 1011 4780 μηδὲ
1039 4711 1408 4782 προσρήματος
1432 4713 1555 4778 γοῦν
1577 4725 1732 4776 τινος,
1764 4709 1846 4780 ὑφ’
1869 4710 2013 4779 ἡμῶν
2038 4707 2350 4784 ἀξιούμενοι,
2375 4710 2468 4770 ἕως
2498 4709 2558 4763 οὗ
2587 4709 2833 4786 παρέλθοι
2861 4710 2891 4768 ἡ
2919 4707 3108 4782 ἀνομία
3137 4706 3268 4760 κάπὶ
3293 4713 3404 4769 τοῖς
3435 4703 3640 4769 δούλοις
3677 4705 3839 4759 αὐτοῦ

553 4891 634 4960 (1)
675 4889 898 4970 Contra
938 4883 1810 4970 GregoriumIuronte‘dam
1842 4889 1907 4968 .et
1948 4903 2132 4970 quos-
2239 4887 2609 4970 Pragmtione
2633 4887 2742 4970 _ad
2791 4888 3128 4970 Histgriam
3181 4885 3286 4970 ubi
3325 4886 3591 4970 maxime
3621 4889 3840 4970 monet

481 4953 626 5033 dam
657 4959 806 5033 alios
837 4958 978 5015 Dion
987 4953 1504 5033 ysiumGallicum
1531 4953 1630 5033 ab_
1641 4953 1988 5033 Atheniensi
2017 4959 2132 5016 dis-
2241 4953 2454 5018 nullibi
2483 4959 2678 5033 magis
2707 4976 2908 5033 _quam
2935 4959 3031 5016 hic
3058 4959 3325 5016 claritate
3374 4963 3431 5015 et
3453 4956 3845 5033 simplicitate

481 5031 882 5105 tinguendum
903 5035 958 5085 et
973 5027 1144 5105 tertio
1169 5027 1416 5084 demum
1438 5031 1577 5105 post
1599 5028 1898 5086 Christum
1921 5035 2133 5105 natum
2241 5047 2395 5105 opus
2429 5027 2998 5105 esseflndéversus
3047 5037 3366 5105 sequentes
3393 5028 3474 5086 ad
3501 5027 3846 5105 marginem

483 5099 704 5175 saeculo
736 5100 1196 5175 accensendum,
1222 5115 1352 5175 esse
1380 5099 1762 5175 arbitrantes,
1781 5103 2134 5175 auctoritati
2241 5099 2643 5173 cod.Fugger.
2673 5103 2880 5175 scripti
2905 5107 2960 5160 et
2989 5119 3025 5160 a
3056 5099 3265 5159 Wolﬁo
3295 5101 3634 5158 Alexandro
3667 5101 3848 5159 Char-

482 5174 627 5230 Sim.
661 5173 1078 5248 _ltletaphrastae
1108 5177 1162 5227 et
1187 5171 1355 5248 Mich.
1379 5170 1651 5248 _Syngeli,
1673 5172 1836 5248 Aabb.
1868 5173 2132 5230 Hilduini
2239 5170 2548 5248 tophyla'ci
2579 5170 2850 5248 attributi
2872 5192 2887 5248 _:

481 5249 538 5318 et
553 5242 1176 5318 multoruinvirorum
1201 5243 1330 5298 sine
1359 5242 1548 5318 dubio
1573 5243 2050 5318 ortliodoxorum
2077 5261 2108 5301 e

1842 5260 2050 5318 xorum
2077 5249 2135 5302 et
2306 5242 2324 5248 ’
2391 5242 2402 5247 ⁷
2457 5247 2566 5298 Οὐκ
2587 5243 2713 5298 οἶδα
2738 5251 2790 5298 τί
2821 5246 2920 5318 φῂς
2949 5242 3154 5310 tumida,
3181 5245 3471 5318 Xmgudra,

479 5315 823 5408 doctorum‘
849 5315 1362 5408 obtemperamus,
1379 5316 1500 5396 .qui
1515 5331 1738 5408 Lunum
1775 5316 2108 5408 Dionxsiun

1961 5317 2132 5398 .gium
2453 5321 2611 5402 2296'»
2632 5321 2690 5370 τὸ
2720 5305 2874 5408 capias.
2906 5305 3221 5408 ἇυγχράςόῖν
3254 5313 3380 5408 εἰναι
3410 5305 3590 5402 lsi/ue,

481 5391 841 5456 agnoscunt.
893 5385 1249 5463 Persuasum
1299 5385 1459 5463 enim
1511 5385 1815 5463 habemus
1863 5385 2110 5463 critican

1976 5387 2131 5463 icam
2355 5460 2409 5463 __
2455 5385 2584 5442 Eira
2605 5385 2856 5463 γπιφώδη
2889 5385 3334 5463 καῖβαραθρώδη
3369 5385 3605 5463 γρᾴὴφεις.

478 5473 670 5532 quam
699 5457 1282 5532 vocanthistoricam
1310 5457 1389 5515 ad
1417 5462 1562 5515 Acta
1591 5461 1934 5514 sanctorum
1963 5458 2132 5516 haud
2343 5460 2578 5532 Nescio,
2609 5457 2920 5532 Choniat'a,
2947 5457 3091 5532 quid
3109 5457 3310 5517 dicere
3338 5457 3508 5532 velis.

478 5529 730 5600 impune
762 5529 1070 5601 applicari.
1513 5599 1524 5601 _
1703 5599 1712 5601 _
1791 5599 1799 5601 _
2073 5600 2078 5601 ί
2343 5529 2640 5589 Dictioriis
2665 5529 3090 5590 claritudinem
3113 5533 3396 5588 virtutem
3424 5529 3600 5586 dicis.

546 5599 626 5675 (Ξ)
676 5599 893 5660 Nicetes
939 5601 1189 5676 quidem
1241 5601 1422 5661 dictio
1469 5599 1909 5660 obscurissima
1946 5602 2035 5660 est
2065 5600 2129 5660 in
2344 5603 2424 5661 Et
2451 5605 2612 5663 nihil
2637 5609 2703 5663 tu
2727 5603 2851 5677 ipse
2871 5604 2990 5663 nisi
3010 5619 3124 5676 per
3145 5603 3452 5674 ampullas
3477 5601 3810 5673 componis.
