4126 6272
258 297 354 352 305
1811 298 1887 358 Ν(

2017 299 2088 356 ῙΑ
3543 314 3645 369 360

269 424 321 474 τὸ
348 428 484 475 θεῖον
514 420 789 496 παρακλη
801 421 1035 481 θήσεται.
1059 421 1234 482 Absit
1265 428 1328 480 ut
1356 438 1462 494 ego
1492 437 1585 479 res
1605 427 1801 494 gestas
1833 425 1898 482 B.

2017 439 2259 483 urorum
2285 427 2619 500 decantem,
2647 435 2754 487 aut
2788 445 2857 488 ea
2889 431 3042 490 bella
3065 435 3362 490 memoriae
3383 442 3646 505 postero-

278 527 396 568 rum
413 512 708 582 prodam,
740 513 810 568 in
835 512 1047 583 quibus
1072 529 1191 570 non
1219 514 1468 571 vincunt
1492 514 1698 570 Graeci.
1725 513 1851 569 Imo
1877 514 1992 582 illi,
2036 521 2103 570 ut
2131 518 2181 572 is
2209 518 2315 589 qui
2338 518 2613 587 Ephesiae
2646 521 2858 579 Diana;
2887 524 3176 591 templum
3205 525 3484 594 incendit,
3541 542 3645 596 pe-

284 604 432 658 reant
455 603 662 672 ignoti
689 607 747 658 et
781 601 1048 670 obscuri;
1076 618 1180 660 nec
1201 603 1330 659 ulto
1360 602 1534 660 verba
1559 603 1876 674 quisquam
1906 609 2176 662 nostrum
2207 621 2301 662 eos
2321 607 2626 678 dignetur,
2654 610 2843 666 donec
2892 613 3202 668 transierit
3252 614 3541 684 iniquitas
3590 620 3643 671 et

280 692 420 747 Deus
441 706 650 748 servos
675 706 820 747 suos
851 692 1169 748 clementer
1198 693 1548 762 respexerit.
1572 692 1806 748 Nieetas
1844 692 2036 748 fusius
2068 694 2246 750 refert
2270 711 2342 752 ea
2374 712 2510 769 quae
2539 698 2670 770 ipse
2693 703 2829 770 post
2874 706 3117 772 captam
3170 702 3376 774 Cpolin
3423 719 3644 774 passus

279 781 366 848 sit,
400 796 473 837 ac
498 783 814 838 memorat
833 796 897 836 se
921 781 1213 852 virginem
1246 780 1581 854 quamdam
1611 779 1902 838 ebarbari
1925 782 2178 854 alicujus
2203 784 2509 851 manibus,
2557 787 2888 844 asserendo
2919 804 3055 845 eam
3087 789 3201 845 sibi
3222 796 3474 862 nuptam
3515 808 3646 849 esse

279 870 587 943 eripuisse,
611 873 927 942 repetente
948 870 1106 927 idem
1141 870 1421 928 Michaele
1454 868 1551 944 (1),
1585 885 1710 928 non
1743 871 1871 928 sine
1899 870 2181 929 laudibus
2208 875 2367 944 justo
2389 875 2742 948 majoribus,
2779 877 3080 950 siquidem
3108 877 3352 936 fratrem
3410 882 3644 938 Herculi

279 963 332 1016 et
352 959 598 1025 Theseo,
629 959 1007 1028 Abrahamo,
1039 962 1246 1018 lsaaco
1277 976 1348 1017 ac
1379 961 1535 1027 Levi,
1564 960 1846 1029 Simeoni,
1881 960 2089 1019 Davidi
2115 977 2185 1019 ac
2214 962 2439 1020 Danieli
2460 966 2776 1038 praeponit,
2799 965 2922 1024 imo
2961 981 3101 1023 cum
3134 966 3360 1025 Christo
3391 984 3638 1044 compa-

282 1052 390 1120 rat,
418 1050 523 1124 qui
541 1064 656 1124 pro
679 1049 963 1116 Ecclesia,
994 1065 1219 1124 sponsa
1249 1066 1382 1118 sua,
1407 1054 1681 1107 mortuus
1704 1052 1811 1106 est.

347 1190 572 1248 Nicetes
604 1197 936 1265 postquam
966 1191 1040 1248 de
1070 1191 1251 1249 rebus
1281 1190 1712 1249 abominandis
1734 1206 1994 1264 quarum
2025 1197 2205 1268 capta
2227 1195 2422 1267 Cpolis
2452 1198 2614 1253 testis
2667 1196 2798 1268 fuit,
2837 1198 3053 1271 retulit,
3103 1200 3177 1255 de
3222 1199 3554 1273 provinciis
3605 1218 3643 1259 a

280 1280 496 1336 Latinis
532 1281 902 1353 expugnatis
951 1298 1020 1338 ac
1051 1281 1204 1339 inter
1232 1281 1416 1338 duces
1449 1281 1742 1338 exercitus
1773 1280 2104 1338 distributis
2159 1285 2446 1356 loquitur.
2491 1287 2635 1342 Dein
2673 1287 2753 1343 ad
2796 1303 3052 1357 regnum
3108 1289 3641 1348 Thessalonicense

277 1369 580 1426 Bonifacio
607 1370 1116 1427 Monteferratensi
1146 1372 1196 1442 (ὁ
1235 1375 1440 1434 Μόντης
1472 1373 1906 1444 ψεράντηςμαρκέ

2012 1393 2023 1435 ;
2062 1377 2384 1447 Βονιφάτιος)
2415 1375 2528 1431 sub
2570 1376 3015 1434 conditionibus
3048 1378 3209 1434 feudi
3237 1379 3542 1447 traditum,
3586 1387 3641 1438 et

274 1474 344 1516 ea
367 1474 507 1531 quae
535 1458 668 1531 ipse
698 1466 912 1517 contra
930 1461 1213 1518 Graeciam
1248 1465 1500 1517 conatus
1529 1464 1617 1516 est
1657 1459 1848 1516 facere
1874 1463 2170 1532 procedit.
2212 1464 2300 1520 lbi
2329 1465 2510 1531 enim,
2537 1466 2719 1521 rebus
2747 1466 2876 1538 jam
2902 1467 3137 1523 dudum
3160 1468 3416 1525 turbatis
3450 1470 3641 1540 adjuti

273 1546 333 1603 in
351 1547 472 1604 ﬁne
496 1547 670 1617 regni
699 1548 887 1604 Alexii
913 1550 983 1604 ltI
1010 1549 1071 1604 in
1091 1549 1294 1606 multis
1316 1549 1568 1604 urbibus
1599 1552 1986 1620 usurpatores
2019 1552 2202 1610 Graeci
2231 1559 2615 1610 surrexerant
2644 1557 2748 1627 qui
2780 1560 2988 1613 contra
3010 1560 3263 1613 Francos
3287 1574 3410 1614 non
3441 1561 3642 1615 minus

272 1636 661 1709 pertinaciter
680 1653 870 1711 quam
902 1641 1110 1695 contra
1138 1639 1563 1711 imperatorem
1588 1639 1854 1693 Graecum
1886 1636 2222 1698 libertatem
2256 1660 2433 1698 suam
2463 1643 2888 1701 defendebant.
2916 1647 3000 1700 Ex
3020 1645 3112 1701 his
3145 1646 3204 1701 in
3231 1645 3443 1703 Aﬂtolia
3474 1651 3530 1702 et
3576 1647 3641 1702 in

275 1726 450 1797 Epiro
489 1725 744 1782 australi
776 1727 938 1783 circa
966 1727 1278 1798 Nicopolin
1299 1731 1357 1783 et
1394 1727 1796 1800 Epidamnum
1826 1727 2050 1784 nothus
2079 1731 2295 1803 aliquis
2325 1747 2393 1789 ex
2421 1731 2649 1789 familia
2678 1735 2941 1790 Ducaena
2985 1734 3277 1790 oriundus
3306 1734 3638 1806 regnabat;

277 1813 400 1869 dux
432 1816 678 1871 Graecus
709 1815 961 1888 quidam
986 1817 1048 1874 in
1089 1815 1353 1888 Dolopiae
1381 1817 1688 1872 montibus
1713 1830 1726 1880 ;
1749 1815 1812 1870 in
1834 1817 2121 1875 Messenia
2146 1820 2365 1876 Theod.
2396 1820 2741 1878 Melissenus
2775 1837 2806 1878 e
2854 1826 3028 1891 gente
3061 1825 3507 1880 Comnenorum
3533 1842 3545 1891 ;
3579 1823 3642 1878 in

273 1903 535 1959 Laconia
572 1906 732 1960 Leon
763 1905 1154 1962 Chamaretus
1188 1922 1311 1963 non
1337 1907 1538 1962 minus
1570 1903 1878 1979 tyrannica
1903 1922 2091 1980 quam
2123 1908 2303 1964 Nabis
2324 1909 2451 1982 ipse
2479 1927 2490 1965 :
2523 1909 2584 1964 in
2623 1909 2901 1979 Argolide
2933 1914 2989 1966 et
3029 1911 3292 1970 Corinthi
3350 1914 3463 1969 Leo
3496 1913 3641 1980 Sgu-

270 2006 370 2047 rus
401 1993 712 2050 sreviebat.
748 1995 934 2066 Hujus
965 2011 1104 2051 cum
1134 1996 1600 2052 Atheniensibus
1632 1997 1746 2054 sub
1772 1997 1942 2055 Mich.
1969 1997 2338 2064 Acominato,
2363 2002 2421 2052 et
2450 2013 2586 2052 cum
2617 1998 2854 2053 Francis
2895 1997 3009 2053 sub
3041 1999 3389 2054 marchione
3421 2003 3642 2056 Monte-

269 2077 588 2138 ferratensi
606 2098 848 2155 pugnas
875 2084 1144 2142 Nicetam
1171 2084 1361 2142 fusius
1384 2091 1731 2143 narrantem
1758 2088 1902 2144 hinc
1923 2085 2062 2144 inde
2087 2086 2528 2144 introducimus
2557 2087 2763 2159 (Hist.,
2794 2087 2888 2144 ed.
2921 2089 3103 2160 Paris,
3131 2105 3196 2164 p.
3231 2093 3332 2146 390
3357 2089 3528 2164 sqq.)

638 2261 666 2330 §
704 2261 756 2316 4.
797 2260 1062 2320 Michael
1101 2277 1234 2319 cum
1271 2263 1469 2320 Leone
1504 2264 1704 2336 Sguro
1745 2270 2047 2321 certamen
2088 2265 2219 2336 init,
2257 2266 2459 2334 fratre
2491 2266 2674 2336 ipsius
2712 2266 2924 2324 Niceta
2963 2267 3280 2336 referente.

348 2465 376 2494 α
418 2443 538 2498 Leo
568 2441 818 2510 Sgurus,
851 2441 1104 2514 Nauplio
1135 2446 1322 2512 ortus,
1355 2443 1711 2516 aliquandiu
1734 2443 1794 2500 vi
1818 2444 2014 2514 magis
2043 2458 2230 2516 quam
2265 2444 2565 2501 voluntate
2595 2445 2984 2518 popularium
3014 2445 3420 2519 principatum
3450 2446 3641 2502 tenuit

277 2557 299 2583 ι
342 2534 570 2605 apatre
595 2533 968 2602 susceptum,
993 2530 1072 2587 ad
1093 2531 1265 2603 cujus
1285 2531 1684 2590 imitationem
1721 2549 1846 2590 non
1878 2533 2008 2589 sine
2040 2532 2334 2603 sanguine
2355 2533 2688 2607 imperavit.
2727 2534 2840 2590 Sed
2875 2535 3227 2591 confusione
3267 2551 3465 2592 rerum
3500 2553 3637 2592 auc-

274 2642 302 2671 α
341 2626 455 2690 tus,
488 2623 545 2674 et
579 2617 939 2675 turbulentis
959 2619 1356 2692 temporibus,
1395 2625 1456 2676 ut
1483 2625 1770 2677 torrentes
1795 2621 2093 2678 imbribus
2125 2622 2542 2679 etturbinibus
2575 2623 2775 2691 undae,
2805 2624 3188 2695 tumefactus,
3223 2640 3253 2680 e
3288 2641 3470 2697 parvo
3500 2641 3638 2681 ma-

277 2732 306 2760 α
343 2725 497 2780 gnus
516 2707 762 2762 exstitit.
785 2711 975 2778 Argos
1006 2707 1170 2780 dolo,
1192 2708 1536 2766 Corinthum
1592 2709 1908 2766 latrocinio
1931 2711 2118 2783 cepit:
2143 2715 2198 2766 et
2223 2712 2564 2780 grassando
2597 2712 2856 2768 subinde
2879 2728 3234 2786 progressus
3267 2714 3435 2786 ipsas
3463 2713 3635 2769 Athe-

283 2820 305 2850 ι
343 2814 448 2855 nas
469 2813 615 2852 cum
646 2795 878 2852 bellicis
902 2797 1157 2853 navibus
1188 2801 1245 2854 et
1275 2799 1535 2854 exercitu
1566 2814 1673 2871 per
1710 2799 2002 2854 Isthmum
2050 2799 2324 2856 traducto
2357 2808 2446 2855 est
2490 2800 2755 2870 adortus,
2790 2817 2861 2857 ea
2891 2817 2997 2873 spe
3031 2818 3093 2858 se
3121 2802 3273 2858 arcis
3312 2802 3484 2858 facile
3524 2819 3636 2875 po-

283 2911 309 2938 α
345 2888 614 2952 titurum,
651 2890 758 2942 aut
785 2886 1083 2942 machinis
1112 2886 1387 2943 adductis
1411 2887 1650 2943 imbelle
1672 2887 2022 2959 praesidium
2054 2887 2225 2944 facile
2255 2888 2611 2945 territurum.
2642 2892 2933 2945 Caeterum
2956 2905 3029 2946 ea
3058 2890 3328 2959 agitabat
3349 2891 3554 2946 animo
3583 2895 3640 2946 et

283 2999 310 3028 α
343 2978 562 3034 frustra
591 2974 954 3046 conabatur,
976 2991 1114 3048 quae
1143 2977 1222 3033 ad
1251 2977 1477 3033 exitum
1503 2975 1753 3049 perduci
1778 2992 1902 3033 non
1934 2981 2229 3049 poterant.
2265 2980 2414 3033 Nam
2445 2979 2813 3033 Athenarum
2837 2994 3112 3033 summus
3139 2983 3346 3050 pastor
3395 2978 3638 3034 Michael

285 3087 312 3114 α
351 3065 691 3131 Choniates,
724 3064 910 3120 frater
930 3081 1102 3121 meus
1131 3067 1329 3136 (meus
1351 3066 1634 3138 inquam:
1664 3082 1809 3122 nam
1837 3065 2004 3121 laudi
2033 3065 2183 3121 mihi
2213 3066 2370 3122 duco
2402 3067 2825 3135 cognationem
2849 3068 2999 3137 ejus,
3025 3073 3080 3122 et
3106 3067 3157 3122 ei
3198 3082 3293 3122 me
3343 3067 3636 3137 sanguine

282 3177 310 3203 α
347 3154 766 3227 propinquum
805 3169 936 3209 esse
965 3153 1221 3225 gaudeo,
1255 3153 1391 3210 licet
1419 3169 1456 3210 a
1483 3155 1699 3211 virtute
1739 3158 1794 3210 et
1824 3153 2165 3226 eloquentia
2192 3155 2320 3224 ejus
2355 3155 2842 3226 remotissimus),
2877 3171 3015 3211 cum
3053 3155 3144 3210 sui
3187 3156 3454 3210 muneris
3504 3171 3636 3210 esse

282 3265 310 3292 α
345 3243 698 3313 intelligeret
720 3241 970 3298 consilio
997 3243 1352 3315 etprecibus
1381 3257 1507 3298 rem
1535 3242 1841 3314 publicam
1863 3243 2094 3312 juvare,
2129 3242 2298 3311 Sguri
2333 3243 2540 3298 castris
2569 3244 2735 3311 visis,
2768 3243 2864 3315 pie
2894 3259 3032 3298 cum
3057 3259 3128 3299 eo
3151 3259 3328 3313 agere
3357 3244 3633 3312 instituit,

278 3354 305 3382 α
348 3347 427 3388 an
454 3332 796 3399 hominem,
824 3330 1291 3402 praesertimnon
1311 3331 1585 3402 ignotum
1615 3332 1722 3387 sed
1748 3330 2310 3404 saepe‘collocutum,
2337 3347 2617 3388 amovere
2661 3337 2884 3405 posset.
2939 3335 3144 3406 Itaque
3193 3348 3267 3388 ex
3306 3332 3453 3388 urbe
3502 3337 3635 3388 tan-

277 3444 304 3471 α
343 3439 533 3497 quam
565 3420 876 3493 superiore
912 3419 1044 3476 loco
1087 3420 1454 3477 monitorum
1511 3421 1758 3492 sagittas
1785 3420 2135 3491 ejaculatur,
2169 3425 2226 3476 et
2276 3421 2565 3493 pastorali
2602 3420 2794 3478 funda
2841 3421 3048 3478 divina
3086 3421 3271 3478 verba
3297 3421 3466 3493 jacit.
3521 3421 3636 3476 Ali-

276 3535 303 3562 κ
343 3509 596 3586 quando
624 3511 810 3565 etiam
843 3509 1254 3582 spiritualibus
1275 3509 1454 3566 minis
1498 3515 1793 3582 tanquam
1847 3508 2133 3565 arietibus
2175 3510 2449 3565 animum
2484 3510 2642 3566 illius
2674 3516 2937 3567 sternere
2975 3509 3246 3566 instituit.
3303 3512 3429 3567 Non
3477 3511 3639 3566 enim

273 3623 302 3652 κ
339 3602 554 3658 decere
594 3615 736 3656 eum
763 3598 871 3671 qui
902 3598 1276 3656 Christianus
1301 3598 1373 3654 sit
1403 3602 1460 3654 et
1481 3598 1635 3654 inter
1682 3599 1990 3654 Romanos
2015 3613 2238 3653 nomen
2271 3615 2448 3654 suum
2479 3601 2848 3672 profiteatur,
2899 3603 3205 3657 Romanos
3250 3599 3408 3656 bello
3437 3604 3635 3670 petere

271 3711 297 3738 κ
337 3691 455 3746 nisi
484 3689 639 3746 forte
667 3688 810 3744 solis
832 3687 1012 3744 labiis
1037 3689 1436 3745 Christianum
1457 3692 1618 3758 agat,
1645 3692 1704 3744 ut
1729 3691 1786 3744 et
1801 3691 1962 3743 veste
1991 3691 2047 3743 et
2075 3686 2282 3757 lingua
2302 3689 2594 3746 duntaxat
2616 3693 2974 3757 Romanum,
3009 3689 3186 3745 corde
3217 3705 3352 3745 vero
3379 3705 3414 3744 a
3444 3688 3636 3744 Chris-

269 3799 298 3828 α
335 3779 512 3836 tianis
547 3779 622 3834 sit
650 3777 1118 3834 remotissimus.
1151 3779 1343 3843 Quam
1370 3792 1512 3832 vero
1544 3791 1794 3832 causam
1824 3775 2050 3832 habeat
2075 3779 2472 3849 oppugnandi
2503 3779 2812 3836 Athenas?
2844 3795 2988 3835 nam
3018 3778 3248 3847 Argivis
3290 3777 3367 3832 ob
3423 3777 3632 3832 vicini-

269 3890 295 3916 α
334 3872 520 3924 tatem
544 3872 750 3939 posset
781 3865 1036 3922 forsitan
1066 3866 1294 3938 aliquid
1326 3865 1562 3921 crimini
1592 3865 1758 3930 dare,
1790 3881 1912 3936 quo
1941 3864 2185 3921 illorum
2216 3868 2579 3939 expugnatio
2620 3873 2957 3935 excusetur,
2999 3864 3518 3938 quemadmodum
3577 3869 3634 3920 et

270 3978 294 4005 ιι
335 3956 655 4015 Corinthiis
683 3971 881 4027 nuper
906 3954 1345 4027 archiepiscopi
1375 3970 1583 4009 eorum
1610 3953 1851 4009 crebras
1879 3953 2128 4010 insidias
2181 3956 2481 4026 objecerit,
2521 3956 2679 4012 unde
2717 3960 3053 4012 Romanum
3112 3953 3436 4009 exercitum
3479 3956 3630 4010 Nau-

271 4067 297 4094 «
335 4047 529 4119 plium
559 4060 877 4102 accurrere
904 4047 1165 4100 etnaves
1196 4043 1440 4100 hostiles
1471 4042 1770 4115 appellere
1786 4058 2103 4114 nunquam
2130 4045 2435 4114 recusarit,
2466 4050 2519 4100 et
2557 4045 2850 4100 suavitate
2904 4043 3191 4100 orationis
3243 4043 3375 4114 ejus
3435 4043 3630 4112 magis

269 4156 293 4183 ιι
333 4134 638 4192 afﬁciatur
656 4149 849 4207 quam
873 4131 1068 4188 mellis
1098 4131 1439 4201 dulcedine,
1459 4147 1650 4204 eaque
1676 4147 1912 4203 semper
1932 4130 2046 4186 frui
2068 4131 2294 4203 cupiat,
2321 4133 2417 4188 hic
2446 4149 2588 4189 vero
2627 4134 2827 4204 ipsum
2857 4133 2918 4188 in
2963 4131 3364 4204 spiritualium
3417 4130 3631 4187 libero-

267 4246 293 4273 α
330 4241 468 4280 rum
499 4239 830 4280 numerum
853 4219 1142 4277 retulerit.
1170 4225 1250 4276 Ac
1277 4219 1630 4292 hujusmodi
1661 4219 1848 4275 armis
1871 4236 2019 4274 usus
2049 4219 2292 4276 Michael
2321 4222 2684 4293 precabatur
2717 4225 2782 4277 ut
2835 4221 2975 4277 inde
3017 4221 3338 4278 recederet.
3400 4224 3626 4293 Sgurus

265 4334 292 4362 ει
329 4330 471 4370 vero
494 4328 620 4369 non
648 4311 1108 4368 dissimulanter
1129 4309 1512 4383 praetendens
1547 4324 1611 4364 se
1643 4308 1764 4364 vim
1796 4325 1975 4381 posse
1998 4306 2214 4375 facere,
2249 4315 2305 4366 et
2332 4314 2607 4383 tempora
2636 4309 2850 4366 intueri
2893 4310 3116 4380 jubens
3146 4326 3283 4382 quae
3341 4326 3451 4382 pro
3492 4311 3625 4365 viri-

264 4422 291 4449 α
329 4402 443 4458 bus
472 4417 782 4475 quemque
815 4414 998 4471 agere
1021 4402 1355 4464 monerent,
1389 4413 1528 4454 cum
1559 4397 1832 4452 omnium
1853 4396 2093 4452 urbium
2106 4397 2386 4472 princeps
2415 4399 3271 4472 afflictissimaesset,denique
3285 4399 3630 4472 postulabat

269 4511 297 4541 ς
333 4499 392 4547 ut
413 4491 670 4565 quidam
701 4489 1062 4547 adolescens
1095 4487 1173 4544 ad
1199 4503 1410 4543 necem
1438 4486 1551 4542 sibi
1579 4485 1916 4542 dederetur.
1961 4487 2150 4551 Quem
2180 4487 2289 4541 etsi
2315 4486 2466 4542 alius
2492 4487 2707 4560 aliquis
2737 4487 2918 4544 etiam
2947 4503 3072 4542 non
3114 4488 3337 4560 petenti
3365 4487 3628 4544 libentis-

273 4602 300 4630 α
338 4582 479 4638 sime
535 4579 890 4647 dedidisset,
944 4581 1006 4632 ut
1053 4592 1259 4632 semen
1291 4575 1590 4648 uniquum
1622 4579 1678 4630 et
1726 4574 1926 4630 multis
1953 4578 2260 4630 auctorem
2282 4575 2570 4638 interitus,
2600 4575 2868 4648 pessima
2915 4591 3173 4647 quaeque
3231 4580 3286 4633 et
3342 4593 3530 4632 manu
3573 4580 3629 4631 et.

273 4692 293 4720 ι
333 4670 582 4727 consilio
614 4675 826 4725 contra
857 4666 1114 4740 patriam
1140 4663 1473 4722 machinari
1507 4662 1770 4730 solitum,
1801 4663 1896 4719 ille
1917 4668 2192 4736 apertum
2224 4663 2428 4736 patriae
2453 4669 2894 4736 persecutorem
2925 4668 2980 4718 et
3025 4664 3348 4736 spiritualis
3377 4665 3623 4720 nutricis

274 4785 291 4809 ι
333 4759 608 4818 Ecclesiae
641 4759 999 4816 violatorem
1032 4763 1086 4810 et
1114 4755 1544 4817 insidiatorem,
1566 4752 1740 4822 cujus
1762 4752 2052 4807 violentos
2083 4757 2335 4807 conatus
2366 4752 2585 4822 saepius
2607 4758 2662 4807 et
2688 4752 2814 4824 ipse
2845 4756 3124 4822 expertus
3151 4759 3296 4820 erat,
3329 4753 3389 4807 in
3415 4768 3626 4807 eorum

271 4872 295 4898 οι
332 4865 584 4907 numero
614 4848 834 4905 habuit
861 4861 1021 4919 quos
1043 4843 1383 4915 evangelice
1413 4841 1702 4911 diligeret,
1736 4841 2130 4912 neglectoque
2160 4841 2347 4908 Sguro
2377 4841 2710 4912 supplicem
2743 4839 3027 4895 defendit.
3064 4840 3178 4896 Sed
3217 4857 3353 4894 cum
3387 4840 3626 4896 leonem

272 4962 294 4989 α
331 4942 494 4997 illum
519 4938 906 5011 sapientibus
939 4933 1103 4990 hisce
1135 4933 1375 4989 monitis
1401 4931 1638 5003 placare
1665 4945 1786 4984 non
1821 4934 2041 5002 posset,
2076 4929 2385 5000 aspidisin
2429 4947 2659 4987 morem
2696 4930 2846 4984 ultro
2897 4945 3073 4985 aures
3131 4929 3512 4984 obturantein
3571 4933 3628 4984 et

276 5052 298 5077 υ
332 5031 524 5086 omnis
556 5029 793 5099 generis
831 5024 951 5082 tela
981 5023 1042 5079 in
1073 5039 1273 5079 arcem
1304 5019 1745 5091 conjicientem,
1771 5023 1943 5074 orato
1974 5021 2092 5073 Deo
2145 5023 2208 5072 ut
2254 5019 2314 5073 in
2365 5018 2662 5074 nefarium
2693 5017 3004 5072 hominem
3037 5021 3093 5072 et
3131 5017 3624 5073 subnascentium

273 5138 295 5165 α
334 5117 629 5173 malorum
668 5121 990 5173 auctorem
1022 5110 1255 5166 cladem
1287 5124 1533 5164 omnem
1566 5110 1952 5173 converteret,
1986 5105 2299 5161 machinas
2320 5113 2370 5161 et
2395 5108 2520 5180 ipse
2549 5107 2610 5162 in
2642 5105 2947 5161 moenibus
2969 5105 3249 5177 disponit,
3283 5105 3628 5176 ibidemque

276 5227 298 5253 α
334 5207 663 5277 sagittarios
689 5214 747 5262 et
767 5201 1111 5260 funditores
1134 5199 1404 5256 collocat.
1431 5199 1579 5252 Nam
1601 5195 1749 5267 quid
1771 5194 1864 5250 ille
1896 5195 1970 5251 ad
1999 5193 2444 5267 propulsandos
2469 5195 2671 5252 hostes
2699 5210 2822 5249 non
2851 5193 3161 5261 effecisset,
3188 5194 3274 5248 vir
3303 5194 3467 5249 omni
3489 5193 3629 5248 doc-

277 5317 300 5344 κ
333 5299 479 5354 trina
499 5311 820 5354 sacrarum
843 5296 905 5348 et
926 5290 1322 5364 profanarum
1353 5286 1682 5342 litterarum
1700 5283 2028 5356 perpolitus
2061 5298 2424 5356 summaque
2450 5283 2737 5340 facundia
2767 5283 3067 5338 ornatus?
3097 5282 3200 5353 qui
3242 5282 3293 5336 si
3325 5281 3626 5345 voluisset,

276 5405 298 5433 α
332 5386 444 5457 igni
472 5387 682 5461 pluere
715 5396 912 5456 super
940 5379 1288 5436 temerarios
1315 5378 1419 5434 aut
1449 5373 1774 5430 crabrones
1794 5372 1857 5428 in
1880 5373 2208 5428 exercitum
2238 5373 2530 5432 immitere
2552 5372 2868 5445 potuisset,
2913 5375 3018 5426 aut
3071 5369 3300 5441 aliquid
3340 5368 3510 5425 aliud
3543 5366 3628 5421 eis

333 5565 403 5635 (ί)
437 5565 499 5623 In
524 5563 849 5629 Monodia,
873 5555 1054 5627 infra,
1077 5553 1191 5614 col.
1223 5559 1346 5613 373.
