4126 6272
483 205 586 260 307
1362 201 1670 259 MICHAEL
1706 199 2157 258 ACOMINATUS
2197 201 2627 258 ATHENARUM
2664 201 2968 259 ARCHIEP
3732 209 3836 282 308

483 349 513 378 α
552 326 960 398 perniciosum
1000 325 1284 382 divinitus
1311 325 1652 398 impetrare.
1686 327 1890 398 Neque
1915 325 2077 380 enim
2108 330 2420 382 cunctatus
2464 331 2621 383 esset
2660 329 2835 393 Deus,
2891 329 2942 384 si
2989 346 3210 386 manus
3247 331 3342 388 ille
3378 331 3695 388 sustilisset
3733 336 3838 388 aut

481 437 512 466 κ
549 415 716 472 labia
735 414 816 470 ad
839 415 1286 471 invocationem
1308 415 1576 471 numinis
1597 413 1954 488 aperuisset.
1983 413 2096 470 Sed
2127 429 2162 470 a
2182 413 2278 471 tali
2311 415 2401 470 vel
2431 415 2812 486 cogitatione,
2843 417 3071 475 nedum
3101 417 3281 490 facto,
3307 437 3444 476 eum
3492 421 3747 477 abduxit
3785 422 3836 477 is

481 522 514 558 ‹
551 504 655 578 qui
685 503 808 560 ﬁlio
839 504 1084 560 tonitrui
1104 505 1502 577 compescuit,
1529 519 1604 560 ne
1643 503 1845 573 ignem
1867 501 2016 558 coelo
2046 502 2345 572 elicerent,
2367 521 2508 560 cum
2565 505 2790 563 diceret
2823 523 2836 561 :
2894 530 2921 556 «
2949 511 3038 563 An
3091 510 3332 566 nescitis
3371 512 3542 582 cujus
3596 511 3835 584 spiritus

484 613 514 643 κ
552 593 677 648 sitis
697 593 726 648 *ἶ
754 614 784 643 ››

555 703 584 732 (ι
627 685 855 751 Sgurus
893 685 1120 746 autem,
1151 683 1475 755 desperata
1499 681 1766 750 victoria,
1805 681 2135 738 adversarii
2161 681 2310 738 aciei
2337 681 2705 741 instruendae
2753 687 2877 741 tam
2911 687 3105 758 periti,
3135 691 3262 744 tam
3310 688 3532 753 diserti,
3591 692 3716 744 tam
3745 688 3834 744 in-

488 791 512 822 ι
555 769 954 842 comparabili
982 770 1200 826 virtute
1219 771 1476 842 praediti,
1510 775 1567 826 et
1589 770 1751 825 irrita
1779 769 2230 842 oppugnatione
2258 772 2668 844 rupiumarcis
2695 775 3010 844 intellecta,
3041 777 3192 832 iram
3224 793 3397 833 suam
3446 781 3656 834 contra
3699 793 3834 833 eam

487 882 508 910 ι
549 859 763 916 urbem
789 859 1138 915 exstimulat
1157 860 1329 930 cujus
1356 874 1558 915 arcem
1589 873 1940 930 expugnare
1969 873 2092 914 non
2111 861 2362 930 poterat,
2393 860 2562 916 villas
2599 862 2882 930 incendit,
2943 879 3155 934 greges
3215 870 3609 938 armentaque
3655 865 3830 942 rapit.

481 969 512 998 «
552 951 619 1004 Et
631 951 771 1021 post
795 947 924 1002 dies
946 948 1178 1020 aliquot
1205 947 1401 1004 soluta
1430 947 1746 1004 obsidione
1775 947 2010 1003 Thebas
2039 953 2354 1018 oppugnat
2381 965 2393 1015 ;
2416 949 2638 1021 quibus
2653 952 2852 1021 primo
2881 952 3108 1025 impetu
3135 955 3343 1026 captis,
3393 954 3642 1011 ulterius
3690 969 3834 1010 con-

478 1058 508 1088 ‹‹
545 1037 752 1107 tendit,
786 1053 856 1120 ac
884 1037 1295 1109 Thermopylis
1321 1037 1614 1108 superatis
1640 1052 1745 1108 per
1774 1037 1978 1092 OEtam
2001 1041 2269 1090 montem
2295 1037 2722 1096 descendendo
2757 1041 2999 1097 Larissae
3029 1058 3164 1098 cum
3213 1043 3420 1098 Alexio
3472 1044 3836 1115 imperatore

479 1147 508 1175 ‹‹
551 1141 616 1182 se
642 1126 970 1198 conjungit.
995 1130 1049 1180 ls
1085 1127 1246 1182 enim
1279 1142 1315 1182 a
1336 1125 1906 1198 septentrionalibus
1931 1123 2216 1180 lateribus
2243 1125 2488 1181 avulsus
2513 1131 2566 1182 et
2592 1128 2735 1183 urbe
2759 1129 3135 1202 imperatrice
3169 1148 3465 1186 excussus
3486 1134 3545 1186 in
3572 1132 3837 1188 Thessa-

481 1236 510 1264 ιι
549 1214 663 1270 lica
691 1217 908 1286 Tempe
934 1219 1304 1287 pervenerat.
1338 1215 1418 1269 Ac
1439 1214 1626 1270 ﬁliam
1658 1213 1815 1270 illius
1853 1213 2176 1268 Eudociam
2211 1229 2459 1270 uxorem
2494 1215 2676 1282 ducit,
2710 1234 2768 1289 q;
2797 1235 2846 1274 te
2877 1219 3041 1290 prius
3101 1221 3404 1292 Stephano
3434 1219 3835 1276 Triballorum

477 1325 507 1352 «
548 1302 688 1358 duci
716 1309 928 1376 nupta,
951 1304 1030 1359 ab
1061 1320 1249 1376 eoque
1267 1303 1586 1376 repudiata
1622 1309 1677 1358 et
1710 1301 2061 1375 Byzantium
2107 1309 2532 1376 reversa.post
2569 1311 2806 1376 captam
2869 1307 3080 1362 urbem
3141 1314 3197 1364 et
3253 1309 3576 1374 desertam,
3628 1307 3839 1365 Alexio

482 1415 506 1442 ¢
548 1395 725 1448 Ducte
752 1397 1154 1464 cognomento
1187 1393 1490 1459 Murzutlo,
1517 1391 1623 1464 qui
1649 1394 1986 1446 Romanum
2025 1389 2346 1461 imperium
2385 1398 2721 1462 postremus
2747 1394 2982 1458 invasit,
3014 1401 3319 1466 nupserat.
3359 1395 3470 1452 Sed
3501 1413 3578 1452 ne
3609 1397 3659 1452 is
3705 1396 3838 1468 qui—

478 1503 507 1530 α
547 1481 688 1536 dem
709 1481 871 1537 illam
899 1486 978 1538 ad
1001 1486 1365 1537 senectutem
1394 1497 1585 1553 usque
1613 1480 1820 1535 tenuit.
1843 1483 1991 1535 Nam
2014 1469 2288 1534 Eudocim
2319 1483 2484 1550 pater
2507 1479 2764 1548 Alexius,
2791 1481 2954 1537 haud
2989 1483 3112 1538 scio
3130 1500 3250 1556 qua
3278 1499 3338 1538 re
3359 1483 3675 1556 impulsus,
3696 1483 3840 1539 dolo

482 1591 504 1620 ‹
549 1585 687 1624 eum
714 1569 1220 1642 comprehensum
1249 1569 1580 1624 luminibus
1607 1568 1859 1638 orbavit,
1883 1583 2012 1623 erro
2048 1567 2246 1622 erroni
2277 1567 2719 1637 infestissimus,
2753 1579 2809 1626 et
2837 1573 3090 1644 imperio
3119 1573 3386 1643 dejectus
3443 1573 3622 1628 simili
3677 1573 3837 1629 cala-

478 1677 507 1707 ‹‹
549 1659 752 1713 mitate
792 1659 1133 1714 conﬂictato
1157 1657 1632 1714 inimicissimus.
1659 1661 1860 1730 Neque
1891 1656 2081 1712 multo
2113 1661 2250 1730 post
2281 1658 2739 1714 excaecationem
2765 1675 2800 1714 a
2824 1660 3042 1715 Latinis
3100 1662 3579 1734 comprehensus
3633 1664 3829 1716 Ducas

477 1766 506 1796 ‹‹
546 1746 900 1818 Byzantium
927 1748 1249 1812 reducitur,
1275 1752 1332 1804 et
1361 1747 1441 1802 ob
1467 1747 1783 1803 dominum
1811 1747 2311 1818 etimperatorem
2346 1763 2524 1802 suum
2547 1749 3052 1820 comprehensum
3085 1755 3141 1805 et
3186 1749 3406 1822 laqueo
3449 1756 3722 1806 enectum
3768 1750 3834 1808 in

481 1853 502 1884 ι
543 1834 842 1906 judicium
869 1835 1187 1906 adductus,
1219 1851 1330 1908 pro
1360 1835 1452 1891 sui
1481 1835 1831 1890 defensione
1857 1835 2068 1903 attulit,
2098 1833 2266 1889 illum
2299 1837 2504 1906 patriae
2527 1837 2893 1906 proditorem
2917 1837 3210 1894 exstitisse
3242 1845 3298 1894 et
3326 1838 3543 1908 dignas
3566 1855 3676 1894 suo
3705 1855 3832 1894 sce-

475 1941 505 1976 ‹
542 1921 663 1978 lere
712 1924 950 1980 dedisse
975 1941 1206 1998 paenas.
1240 1927 1441 1998 Neque
1469 1939 1531 1979 se
1569 1939 1761 1980 unum
1791 1923 1853 1978 id
1878 1922 2109 1988 fecisse,
2147 1921 2248 1977 sed
2298 1927 2354 1978 et
2385 1923 2646 1996 reliquos
2677 1925 2832 1980 illius
2864 1931 3173 1998 cognatos.
3220 1929 3436 1982 Verum
3475 1925 3577 1992 illi,
3629 1931 3836 1998 spreta

478 2033 501 2062 ι
546 2012 676 2084 ejus
711 2014 1000 2086 oratione,
1023 2017 1079 2069 et
1108 2014 1176 2069 iis
1197 2030 1334 2086 quae
1362 2013 1694 2084 adjungere
1722 2011 2002 2084 cupiebat
2032 2011 2210 2084 plane
2236 2011 2583 2082 repudiatis,
2609 2013 2820 2085 capitis
2853 2014 3160 2070 hominem
3200 2015 3628 2085 condemnant,
3663 2031 3828 2070 novo

475 2121 504 2150 ‹‹
543 2105 602 2157 et
623 2101 1052 2158 violentissimo
1086 2102 1364 2175 supplicii
1391 2118 1629 2172 genere.
1660 2103 1808 2156 Nam
1844 2101 1906 2156 in
1951 2099 2306 2155 altissimam
2339 2100 2705 2168 columnam,
2736 2118 2872 2172 quae
2927 2102 2986 2156 in
3041 2104 3232 2158 Tauro
3278 2107 3412 2168 stat,
3467 2103 3830 2174 perductum

473 2211 503 2240 «ι
543 2191 935 2263 praecipitant.
972 2197 1021 2248 ls
1052 2208 1195 2247 vero
1235 2191 1666 2264 aliquandiuin
1688 2191 1874 2262 pedes
1905 2189 2302 2257 descendens,
2334 2189 2552 2244 deinde
2583 2190 2644 2244 in
2689 2195 2872 2260 caput
2923 2190 3249 2246 subversus
3289 2197 3346 2246 et
3394 2191 3562 2246 humi
3621 2191 3832 2246 allisus

472 2297 504 2330 ‹
545 2279 962 2336 miserabiliter
990 2281 1232 2336 interiit.
1258 2281 1483 2350 Sgurus
1515 2284 1716 2334 autem
1737 2279 1919 2333 ducta
1947 2277 2222 2346 Eudocia,
2257 2277 2602 2334 marchione
2633 2277 2692 2331 in
2721 2277 3009 2333 Graeciam
3033 2279 3371 2346 transituro,
3397 2283 3461 2334 ut
3479 2278 3661 2351 paulo
3689 2285 3832 2334 ante

473 2388 502 2416 ‹‹
542 2368 686 2436 dixi,
716 2370 1259 2442 Thermopylarum
1291 2368 1602 2438 angustias
1632 2373 1687 2422 et
1718 2367 1907 2422 altum
1940 2371 2206 2421 montem
2243 2366 2326 2420 eis
2351 2365 2786 2432 imminentem,
2819 2371 3152 2438 caeteraque
3208 2367 3342 2422 loca
3394 2383 3532 2440 quas
3591 2367 3831 2422 Graeciae

473 2475 502 2504 ‹‹
542 2457 773 2511 aditum
803 2457 1225 2516 intercludunt.
1269 2461 1546 2512 accurate
1565 2455 1958 2510 custodiebat.
2004 2457 2220 2510 Verum
2250 2453 2642 2509 nihilominus
2669 2453 2760 2508 ille
2791 2455 2862 2509 iis
2902 2454 3049 2510 locis
3078 2453 3356 2510 facillime
3384 2455 3603 2528 potitus
3633 2460 3720 2510 est
3746 2455 3834 2510 ob

479 2566 500 2594 ι
544 2551 892 2601 nostrorum
916 2547 1222 2616 ignaviam
1250 2562 1321 2601 ac
1352 2546 1679 2614 degeneres
1710 2543 2100 2616 abjectosque
2134 2543 2390 2610 animos,
2416 2541 2670 2597 subinde
2703 2543 3066 2614 potentiores
3097 2543 3289 2598 colere
3320 2543 3642 2598 volentium
3671 2562 3682 2608 ;
3739 2539 3834 2598 id;

477 2654 498 2681 ι
543 2649 660 2705 que
683 2651 821 2690 cum
853 2651 976 2690 non
1004 2651 1295 2704 magnum
1343 2634 1668 2690 adduceret
1711 2633 2031 2688 exercitum
2078 2649 2187 2688 nec
2239 2633 2390 2686 inter
2421 2647 2482 2685 se
2509 2631 3000 2696 consentientem,
3045 2633 3146 2686 sed
3197 2631 3499 2704 plerisque
3531 2632 3591 2686 in
3622 2631 3829 2698 rebus,

481 2743 502 2770 ι
547 2723 775 2795 quippe
807 2739 879 2778 ex
909 2724 1108 2778 multis
1141 2723 1394 2778 urbibus
1425 2723 1762 2788 collectum,
1786 2721 2194 2776 dissidentem.
2230 2723 2450 2775 Etcum
2481 2720 2678 2790 ipsam
2709 2721 2996 2775 Boeotiam
3049 2720 3374 2790 invaderet,
3434 2725 3556 2776 tam
3610 2719 3830 2792 cupide

469 2830 497 2858 ιι
541 2816 851 2883 susceptus
881 2817 966 2868 est
986 2829 1170 2885 quam
1202 2813 1527 2884 quisquam
1557 2811 1662 2884 qui
1689 2827 1758 2865 ex
1789 2809 2122 2881 longinqua
2149 2809 2504 2864 etdiuturna
2531 2809 3010 2880 peregrinatione
3039 2809 3294 2866 domum
3325 2813 3655 2865 revertitur.
3691 2811 3824 2865 Pro-

470 2921 499 2948 ιι
536 2913 774 2968 gressus
801 2902 981 2956 etiam
1010 2901 1198 2957 Attica
1219 2902 1441 2970 potitur
1467 2905 1523 2956 et
1553 2901 1674 2955 arci
1705 2899 2051 2971 praesidium
2078 2899 2351 2970 imponit.
2383 2901 2528 2954 Cum
2551 2903 2750 2952 autem
2781 2897 2939 2953 idem
2966 2897 3474 2970 archiepiscopus,
3499 2905 3564 2953 ut
3587 2897 3820 2970 pridem

466 3009 495 3037 ‹‹
541 2989 820 3060 Sgurum,
843 2991 925 3046 ita
947 2995 1159 3047 ettuuc
1181 2989 1592 3046 marchionem
1613 2987 1966 3061 propulsare
1999 2994 2220 3060 posset,
2255 2995 2455 3044 tamen
2488 2993 2724 3058 tempus
2756 3003 2791 3042 a
2821 2987 3156 3042 resistendo
3188 2988 3453 3043 alienum
3481 3003 3612 3043 esse
3636 2991 3822 3052 ratus,

469 3099 497 3126 (ι
537 3079 760 3152 quippe
791 3079 939 3135 urbe
969 3079 1345 3152 imperatrice
1372 3084 1716 3151 expugnata
1737 3083 1794 3132 et
1810 3083 1932 3132 tam
1952 3076 2347 3132 Orientalibus
2368 3091 2552 3148 quam
2582 3075 3064 3131 Occidentalibus
3093 3077 3414 3148 provinciis
3447 3077 3664 3132 Latium
3689 3075 3827 3130 has-

473 3185 494 3214 ‹
539 3170 612 3222 tte
652 3169 935 3224 umbram
964 3169 1385 3239 subeuntibus,
1423 3169 1565 3222 citra
1594 3165 2048 3222 dimicationem
2083 3161 2412 3219 munitione
2443 3165 2616 3220 cedit.
2653 3163 2963 3220 Postremo
3006 3164 3230 3220 Eubma
3272 3181 3536 3238 quoque.
3597 3165 3830 3220 omissa.

468 3275 496 3303 ‹‹
538 3255 906 3328 defensione,
939 3259 1245 3332 supplices
1277 3257 1355 3312 ad
1385 3257 1798 3312 marchionem
1829 3271 2047 3310 manus
2080 3253 2283 3318 tendit,
2318 3259 2373 3308 et
2402 3254 2684 3308 exercitui
2719 3253 2933 3326 Euripo
2965 3254 3338 3309 concitatiori
3368 3247 3614 3326 pentem
3641 3253 3826 3308 subs-

467 3364 496 3394 «
537 3345 711 3399 ternit
755 3363 767 3411 ;
836 3353 892 3401 et
939 3348 999 3400 in
1039 3348 1169 3418 ipso
1219 3346 1366 3402 freto
1436 3345 1742 3402 castellum
1797 3343 2184 3406 aediﬁcatum,
2243 3341 2304 3396 in
2345 3355 2536 3414 eoque
2593 3341 2900 3396 sedentem
2957 3342 3276 3396 exercitum
3328 3343 3532 3402 cernit,
3589 3359 3624 3396 a
3698 3357 3828 3414 quo

470 3453 498 3481 α
541 3431 861 3488 mutabiles
891 3435 1247 3489 insularium
1276 3433 1460 3489 animi
1482 3440 1537 3487 et
1564 3431 1779 3488 callida
1811 3432 2058 3487 consilia
2087 3447 2122 3486 a
2151 3430 2478 3486 defectione
2511 3437 2940 3486 coercerentur.
2980 3431 3250 3503 Sedquid
3275 3447 3471 3486 meam
3489 3433 3828 3486 orationem

468 3543 496 3572 «
536 3521 774 3576 barbari
809 3527 1186 3577 antevertunt
1207 3527 1262 3577 et
1291 3521 1550 3577 historiae
1581 3537 1822 3575 cursum
1863 3525 2180 3590 occupant,
2236 3535 2347 3573 nec
2377 3519 2454 3574 ab
2503 3519 2623 3573 ullo
2654 3519 2997 3574 adversario
3045 3519 3456 3574 destinentur?
3511 3535 3653 3574 nam
3691 3519 3828 3574 htec

467 3629 495 3658 ‹‹
539 3615 603 3662 ut
625 3609 836 3663 Thebis
861 3609 1126 3681 spoliatis
1153 3615 1209 3664 et
1235 3609 1478 3664 Athenis
1507 3609 1814 3678 occupatis
1848 3609 1906 3660 in
1933 3610 2221 3661 Euboeam
2251 3609 2606 3673 transierint,
2639 3609 2837 3663 adhuc
2869 3609 3040 3664 refert
3068 3627 3080 3664 :
3120 3609 3198 3663 illi
3231 3625 3392 3677 vero,
3423 3625 3546 3664 non
3571 3615 3633 3662 ut
3655 3608 3790 3680 pedi

473 3720 494 3746 ι
539 3703 644 3766 tes,
674 3699 777 3754 sed
799 3705 856 3754 ut
887 3701 1060 3755 aeriae
1092 3699 1387 3767 volucres,
1420 3697 1530 3753 alis
1563 3713 1746 3768 supra
1775 3698 2080 3752 historiam
2115 3697 2318 3760 evecti,
2343 3697 2418 3751 ad
2458 3697 2746 3751 Isthmum
2775 3695 3045 3760 tendunt,
3086 3697 3430 3769 oppositum
3471 3697 3552 3751 ibi
3608 3699 3828 3750 Roma-

469 3807 496 3836 «
537 3803 681 3843 num
715 3789 1039 3844 exercitum
1067 3789 1408 3860 proﬂigant,
1445 3787 1654 3842 urbem
1682 3787 1742 3841 in
1769 3786 1992 3840 Isthmo
2024 3787 2197 3840 sitam
2237 3785 2594 3857 locupletem
2639 3785 2778 3839 olim
2822 3785 3167 3840 Corinthum
3195 3787 3432 3840 intrant.
3453 3785 3616 3840 Unde
3633 3790 3826 3856 Argos

473 3898 494 3926 ι
541 3883 882 3946 transeunt;
921 3880 1238 3933 Laconiam
1263 3877 1570 3950 pervagati
1595 3876 1962 3947 impetumin
1995 3874 2497 3930 Achiamlaciunt.
2537 3874 2677 3928 Inde
2700 3875 3028 3929 Methonem
3063 3880 3307 3946 petunt;
3341 3873 3419 3928 ad
3445 3873 3651 3945 Pylum
3681 3875 3826 3928 Nes-

472 3989 493 4016 ι
539 3968 699 4034 toris,
727 3969 984 4037 patriam
1013 3968 1400 4023 contendunt.
1432 3965 1520 4021 Ad
1549 3965 1843 4036 Alpheum
1871 3964 2048 4018 etiam
2079 3979 2424 4018 accessuros
2457 3963 2732 4030 arbitror,
2760 3981 2830 4018 ex
2869 3979 3059 4034 eoque
3091 3969 3265 4034 potos
3296 3969 3351 4018 et
3377 3963 3532 4018 lotos
3564 3967 3826 4018 veterem

465 4077 494 4104 ‹‹
529 4055 866 4124 jucundam
893 4057 1162 4112 fabulam
1194 4057 1522 4122 audituros,
1558 4054 1809 4108 ﬂuvium
1831 4069 1968 4107 eum
2001 4053 2298 4107 Arethusae
2316 4051 2490 4106 fontis
2508 4051 2704 4116 Siculi,
2729 4053 3201 4124 quemltalorum
3219 4051 3322 4106 ﬁlii
3344 4051 3581 4119 bibunt,
3613 4067 3826 4107 amore

471 4165 498 4192 (ε
537 4143 968 4214 liquescentem
993 4145 1179 4200 vereri
1207 4161 1279 4199 ne
1309 4161 1431 4198 suae
1461 4159 1634 4216 aqua;
1668 4157 1978 4196 successus
2013 4139 2352 4195 Latinorum
2388 4147 2443 4194 et
2477 4157 2569 4196 res
2600 4157 2752 4212 quas
2767 4148 2974 4195 contra
3002 4141 3236 4195 Graecos
3255 4141 3544 4208 gesserint
3572 4139 3826 4212 inscrip-

467 4253 494 4280 ‹‹
537 4237 626 4285 tas
660 4231 736 4285 ad
763 4233 1085 4302 populares
1109 4249 1318 4287 eorum
1349 4233 1607 4302 perferre
1634 4235 1902 4299 cogatur.
1937 4231 2172 4298 Verum,
2198 4245 2233 4284 0
2257 4229 2453 4284 Greece
2485 4229 2662 4284 ﬂuvie
2685 4229 2926 4300 Aiphee.
2957 4230 3113 4284 latex
3147 4245 3251 4300 per
3283 4230 3658 4297 salsuginem
3686 4245 3826 4284 ma—

475 4342 496 4368 α
541 4335 692 4374 nans
719 4319 1016 4390 potabilis,
1049 4337 1142 4375 res
1167 4321 1376 4376 auditu
1409 4321 1582 4385 mira,
1611 4319 1835 4373 amoris
1880 4318 2250 4384 incendium,
2302 4335 2443 4372 cave
2496 4321 2827 4374 t'irzecorum
2863 4321 3235 4373 calamitates
3291 4317 3499 4375 Siculis
3547 4318 3828 4374 barbaris

469 4429 498 4456 «
541 4407 814 4478 explices,
844 4413 947 4464 aut
975 4423 1411 4464 commemores
1443 4413 1706 4478 quantas
1737 4423 1829 4460 res
1859 4407 2181 4477 populares
2220 4421 2426 4462 eorum
2462 4413 2669 4462 contra
2697 4410 2924 4462 Graecos
2971 4407 3283 4476 gesserint,
3331 4423 3405 4461 ne
3435 4407 3668 4462 choreae
3703 4407 3826 4461 du—

470 4517 500 4544 «
541 4501 770 4562 cantur,
797 4511 869 4551 ne
893 4511 1135 4567 paeanes
1169 4502 1502 4560 cantentur,
1535 4511 1606 4549 ne
1629 4493 1830 4566 plures
1853 4494 2052 4548 hostes
2085 4494 2408 4566 appellant.
2434 4497 2741 4567 Paulisper
2764 4503 3067 4568 eXspecta.
3108 4497 3297 4550 Multae
3313 4501 3451 4550 sunt
3475 4495 3610 4550 belli
3637 4496 3822 4565 vices;

471 4607 498 4634 ‹‹
541 4587 778 4639 tesserae
806 4585 995 4640 instar
1023 4584 1347 4639 volvuntur
1373 4601 1467 4638 res
1495 4583 1863 4638 mortalium.
1895 4585 2058 4636 Nunc
2086 4584 2198 4648 his,
2231 4599 2390 4638 nunc
2417 4583 2530 4639 illis
2563 4585 2716 4640 favet
2745 4585 3019 4651 victoria;
3063 4601 3136 4639 ne
3193 4585 3528 4639 Alexandro
3574 4585 3822 4656 quidem

475 4695 496 4722 ι
541 4672 736 4727 ferunt
759 4673 966 4727 omnia
997 4672 1360 4728 successisse
1392 4688 1464 4726 ex
1495 4670 1810 4737 sententia,
1837 4684 1945 4724 nec
1973 4671 2221 4726 Caesaris
2252 4672 2492 4728 fortuna
2522 4673 2712 4728 caruit
2741 4671 3193 4728 offensionibus.
3227 4677 3330 4728 Per
3353 4673 3552 4745 ipsam
3575 4671 3823 4728 Arethu-

472 4783 500 4812 ‹‹
541 4779 672 4818 sam
703 4767 758 4818 te
788 4761 1074 4817 obtestor.
1113 4783 1136 4812 ι

541 4854 664 4906 Huc
695 4867 886 4924 usque
905 4851 1154 4914 Nicetes,
1176 4866 1248 4905 ex
1278 4849 1450 4919 cujus
1479 4847 1818 4903 narratione
1849 4845 2088 4901 traditio
2118 4848 2192 4904 de
2223 4851 2568 4920 regionibus
2608 4853 2821 4908 Graecis
2855 4867 2890 4905 a
2921 4851 3141 4905 Latinis
3191 4851 3547 4922 expugnatis
3599 4865 3706 4921 per
3751 4851 3818 4904 41

467 4940 707 4995 iambos
735 4941 1033 4996 trimetros
1059 4941 1118 4994 in
1139 4939 1492 4994 chronicum
1523 4937 1835 4992 metricum
1865 4935 1941 4990 ab
1968 4937 2192 5003 Angelo
2225 4941 2369 4994 Maio
2405 4957 2502 4995 an.
2533 4943 2664 4995 1828
2705 4940 2930 4994 editum
2964 4939 3197 4993 transiit
3217 4957 3235 5009 ;
3271 4939 3668 5010 compositum
3719 4953 3826 4993 au-

467 5031 588 5084 tem
613 5027 1072 5084 estchronicum
1103 5027 1245 5083 illud
1284 5026 1362 5082 ad
1391 5027 1690 5100 Ephraim.
1712 5024 2011 5078 monacho
2047 5027 2388 5096 Byzantino.
2423 5031 2522 5102 qui
2555 5027 3027 5100 Thermophylas
3053 5028 3110 5082 in
3154 5027 3550 5098 municipium
3609 5027 3820 5082 Atticae

469 5117 776 5182 convertit,
809 5121 866 5171 et
887 5121 1188 5172 certamen
1220 5115 1439 5170 ducem
1461 5113 1840 5186 Naupliotam
1866 5111 2018 5166 inter
2047 5121 2101 5168 et
2127 5117 2646 5189 archiepiscopum
2668 5117 3091 5173 Atheniensem
3143 5116 3202 5171 in
3261 5115 3446 5171 hocce
3481 5115 3829 5171 tetrasticho

470 5203 758 5259 absolvit:

537 5291 689 5353 Τέλος
719 5292 1116 5367 προσαρῥάσσει
1147 5290 1206 5344 δὲ
1229 5298 1319 5345 καὶ
1348 5299 1458 5353 ταῖς
1487 5293 1754 5350 Ἀθήναις

1742 5305 1754 5318 ”
2247 5297 2546 5349 Postremo
2579 5295 2840 5349 Athenas
2881 5293 3046 5364 ipsas
3081 5291 3370 5347 adoritur.

2247 5382 2356 5437 Sed
2380 5383 2653 5453 repulsus
2681 5382 3106 5452 sapientissimi
3128 5381 3406 5436 antistitis

2241 5472 2538 5527 Michaelis
2572 5471 2874 5528 Choniatte
2890 5471 3248 5543 eloquentia,

539 5556 740 5620 Θήϐαις
765 5557 963 5632 ἐφορμᾴ
989 5563 1196 5632 ταχέως
1235 5559 1567 5622 ἑπταπύλοις.

2238 5559 2470 5615 Thebas
2499 5559 2813 5616 confestim
2845 5559 3096 5616 Bomtias
3123 5557 3374 5638 invadit.

537 5647 778 5719 Brevius
808 5647 948 5710 dein
965 5647 1042 5705 de
1069 5649 1277 5714 Atticm
1301 5653 1360 5710 et
1385 5649 1705 5724 regionum
1730 5645 2068 5717 vicinarum
2097 5647 2569 5722 expugnatione:
3339 5649 3344 5654 ’

539 5380 675 5433 Ἀλλ’
702 5379 1080 5453 ἀποκρουσθεὶς
1110 5381 1480 5457 ἀρχιποιμένος
1509 5381 1680 5450 λόγοις

536 5477 638 5520 Τοῦ
669 5473 960 5522 Χωνειάτου
989 5471 1210 5541 Μιχαὴλ
1235 5479 1326 5522 τοῦ
1357 5470 1646 5542 notua-692912,
