4126 6272
215 234 310 288 309
1751 233 2054 304 NOTITIA.
3474 240 3581 306 sic

289 359 571 427 Μαρκέσιος
614 350 678 406 δὲ
708 358 806 413 τὴν
848 358 1094 408 Βοιωτίαν
1134 356 1358 428 φθάσας,

1308 377 1358 421 ες,
2004 356 2263 424 Marchio
2292 356 2580 414 Boeotiam
2607 356 2937 430 ingressus,

294 451 479 500 Ταυτην
505 446 890 516 παρεστήσατο
917 451 1027 504 ταῖς
1064 449 1427 518 στρατηγίαις·

1024 465 1027 499 ς
1064 449 1427 518 στρατηγίαις·
2001 447 2196 501 Armis
2223 461 2360 501 eam
2382 445 2653 517 subegit:

295 538 471 604 Κρατεῖ
505 535 712 608 προῖὼν
747 531 993 594 Ἀττικῆς
1022 535 1114 584 σὺν
1144 531 1355 606 Εὐϐοίᾳ.

2003 533 2254 590 Atticam
2284 551 2423 590 cum
2445 533 2672 592 Euboea
2702 551 2826 591 sua
2853 534 3097 608 ditionis
3115 535 3277 595 fecit.

1001 656 1029 728 §
1067 658 1129 712 V.
1166 656 1306 724 Quae
1333 657 1588 715 Athenis
1617 663 1753 727 post
1786 657 2100 716 Michaelis
2127 665 2398 730 tempore
2425 658 2798 717 acciderunt.

279 761 482 820 Niceta
513 764 766 818 auctore
790 763 1018 834 Sgurus
1037 768 1174 836 post
1192 762 1428 820 cladem
1459 764 1537 820 ad
1559 764 1993 836 Thermopylas
2025 769 2338 837 acceptam
2363 764 2858 820 Acrocorinthum
2880 779 2943 820 se
2966 765 3210 839 recepit,
3225 765 3332 822 ubi
3360 769 3428 822 ut
3455 765 3580 823 bel-

211 852 309 908 lua
331 852 394 907 in
424 856 607 908 antro
638 866 703 906 se
731 850 990 919 abdidit,
1015 867 1354 924 corpusque
1379 856 1589 908 contra
1616 853 1854 908 Latinos
1883 853 2166 908 defendit.
2195 851 2457 908 Athenas
2486 853 2702 909 deinde
2733 853 2916 923 (unde
2945 852 3188 910 Michael
3217 859 3576 922 excesserat,

212 946 268 998 et
285 940 461 1011 cujus
481 955 593 995 arx
621 955 659 996 a
680 939 888 996 multis
917 941 1285 997 Francorum
1311 941 1498 1014 copiis
1529 941 2002 1012 custodiebatur)
2031 948 2087 999 et
2118 943 2400 999 Baotiam
2426 942 2779 1011 Bonifacius,
2812 958 2919 998 rex
2937 942 3393 1014 Thessalonica,
3427 943 3581 1000 emi-

214 1029 572 1086 nentissimo
609 1044 641 1084 e
665 1028 1023 1085 consiliariis
1053 1029 1201 1097 suis,
1234 1031 1430 1087 Ottoni
1459 1030 1535 1086 de
1555 1030 1726 1103 Rupe
1757 1031 2157 1100 gubernanda
2189 1029 2462 1097 tradidit;
2494 1031 2806 1103 utriusque
2851 1035 3056 1087 autem
3081 1031 3407 1104 provinciae
3428 1031 3584 1087 sicut

219 1117 451 1174 Eubaa
480 1122 539 1173 et
566 1116 910 1173 Bodonitza
937 1118 1274 1174 dominium
1302 1117 1614 1175 Guillelmo
1642 1119 1718 1174 de
1750 1119 2102 1193 Champlitte
2133 1119 2329 1186 cessit,
2359 1119 2505 1192 quia
2525 1134 2599 1176 ex
2622 1120 2846 1177 Achaia
2878 1125 2935 1176 et
2964 1120 3121 1176 Elide
3147 1119 3457 1193 profectus
3480 1122 3581 1176 Pe-

210 1206 572 1279 loponesum
601 1205 936 1276 subjugare
966 1211 1246 1278 coeperat.

215 1319 311 1367 Καὶ
341 1312 533 1373 ἐκεῖνος
569 1315 674 1386 ’γὰρ
708 1315 778 1375 ὡς
810 1312 1016 1383 εὐγενὴς
1043 1318 1133 1366 καὶ
1169 1315 1334 1388 prie/az;
1355 1315 1484 1366 ὀποῦ
1514 1312 1657 1380 ἦτον,

1442 1322 1484 1366 ιῡ
1514 1312 1657 1380 ἦτον,
1930 1313 2028 1371 Ille
2050 1319 2252 1371 autem
2280 1329 2672 1386 genererosus
2698 1318 2764 1370 ut
2790 1329 2896 1370 rex
2924 1319 3071 1382 erat,

209 1410 306 1458 τοῦ
335 1402 502 1458 ἔδωκε
525 1409 619 1456 καὶ
651 1403 903 1477 ἐχάρισεν
929 1411 1021 1466 τῆς
1045 1405 1268 1463 Ἀθηνοῡ
1287 1409 1346 1458 τὸ
1373 1405 1611 1478 ὀμάτζιο.

1337 1412 1346 1456 b
1373 1405 1611 1478 ὀμάτζιο.
1933 1404 1994 1458 In
2025 1403 2382 1472 homagium
2408 1402 2461 1458 ei
2489 1401 2655 1458 dedit
2675 1402 2966 1469 Athenas;

211 1499 378 1565 Μίνων
404 1497 587 1568 Kx}an
615 1496 706 1545 τὸν
735 1493 931 1563 ἕλε-γαν,
964 1493 1124 1555 οὕτως
1149 1496 1237 1545 τὸν
1267 1494 1538 1566 ὠνομάζαν

1929 1494 2001 1548 Ut
2019 1494 2268 1562 Magnus
2297 1491 2586 1547 Dominus
2616 1490 2837 1547 sultani
2864 1505 3088 1547 nomen
3118 1490 3366 1565 accepit,

215 1586 428 1636 Ἐκεῖνον
451 1584 585 1634 ὀποῦ
617 1581 918 1634 αὖθέντευεν
955 1580 1090 1634 iter:
1117 1586 1212 1640 τὴν
1253 1581 1494 1641 Ἀθήναν·

1929 1579 2041 1646 Qui
2069 1579 2170 1636 illo
2199 1585 2472 1652 tempore
2506 1579 2768 1636 Athenas
2800 1580 3052 1652 imperio
3070 1579 3258 1648 rexit;

213 1672 296 1726 Ἐκ
322 1681 423 1724 τῶν
460 1671 717 1728 Ἑλλήνων
747 1673 806 1722 τὸ
838 1673 1021 1742 εἷχασι
1059 1673 1117 1722 τὸ
1147 1673 1308 1744 ὄνομα
1343 1674 1443 1745 γὰρ
1475 1670 1654 1726 ἐκεῖνο.

1547 1672 1654 1726 εἷνο,
1929 1671 2158 1724 Nomen
2185 1673 2387 1724 autem
2417 1683 2455 1724 a
2485 1668 2703 1724 Gracis
2736 1668 2995 1725 mutuati
3017 1672 3176 1724 sunt.

212 1761 477 1821 Ὡσαύτως
515 1763 616 1832 γὰρ
655 1766 749 1810 τοῦ
776 1755 939 1811 ἔδωκε
966 1765 1088 1834 τρία
1125 1760 1352 1831 ὀμάτζια
1376 1768 1467 1812 τοῦ
1498 1759 1748 1834 Εὐρίπου,

1419 1768 1467 1812 πῦ
1498 1759 1748 1834 Εὐρίπου,
1929 1757 2077 1813 Item
2100 1757 2211 1813 tria
2228 1756 2519 1826 homagia
2549 1773 2731 1829 super
2760 1756 3048 1830 Euripum

213 1857 314 1912 Τῆς
347 1845 698 1909 Πονδενίτζας
726 1843 921 1917 ἀλαδή,
955 1851 1013 1900 τὸ
1043 1847 1327 1921 ἐκράτησεν
1357 1850 1383 1900 ὁ
1413 1848 1712 1920 Μαρκέςης,

1953 1847 1996 1902 lt
2027 1862 2208 1919 super
2235 1846 2651 1913 Bodonitzam,
2678 1847 2974 1903 concessit
2992 1845 3266 1904 marchio
3292 1845 3424 1918 lege
3444 1861 3582 1904 san-

213 1944 290 1992 Νά
347 1942 415 1992 τὰ
475 1944 767 2012 κρατοῦσιν
833 1935 924 1989 ἀπ’
979 1937 1136 1992 αὐτὸν
1209 1942 1299 1990 καὶ
1353 1938 1569 1995 αὐθέντῃ
1625 1939 1689 1989 va‘:
1733 1939 1820 1989 τὸν

2994 1933 3182 2009 [ciens
3205 1940 3270 1992 ut
3296 1935 3508 1992 incola

1614 2024 1817 2098 [ἔχουν.
1927 2026 2076 2080 Eum
2105 2039 2215 2097 pro
2244 2024 2494 2082 domino
2523 2039 2633 2080 suo
2659 2029 3072 2094 agnoscerent.

211 2124 252 2170 Ο
291 2118 546 2176 αὐθέντης
591 2112 652 2168 δὲ
698 2123 797 2176 τῆς
848 2117 1069 2173 Ἀθηνοῡ
1120 2113 1223 2167 ἀπὸ
1271 2118 1618 2190 Βουριγυυνιάν
1674 2115 1819 2183 ἦτον,

1950 2112 2228 2170 )riundus
2273 2118 2475 2168 autem
2526 2117 2655 2169 erat
2695 2112 3066 2169 Athenarum
3096 2111 3464 2184 gubernator
3505 2127 3579 2168 ex

1570 2203 1702 2274 [κτλ.
1747 2206 1763 2273 (
1773 2203 1819 2274 1)
2974 2202 3196 2274 [Burgu

2974 2200 3366 2274 [Burgundia,
3393 2203 3504 2258 etc.

277 2313 367 2366 Ab
400 2313 622 2368 Ottone
652 2308 727 2365 de
758 2311 923 2381 Rupe
956 2309 1144 2381 (Ὀθῶν
1163 2310 1246 2362 ντέ
1271 2309 1337 2361 λὰ
1365 2309 1594 2378 Ῥῶτζε),
1621 2308 1905 2379 Burgund

1944 2323 2069 2373 one,
2091 2307 2459 2364 Athenarum
2485 2306 2890 2378 moderatore,
2912 2309 3088 2380 cujus
3117 2306 3322 2380 nepoti
3342 2323 3414 2386 ac
3444 2322 3573 2366 suc-

210 2401 424 2456 cessori
462 2397 806 2455 Ludovicus
830 2403 1094 2465 sanctus,
1123 2414 1225 2453 rex
1259 2398 1542 2463 Francia,
1574 2398 1862 2470 principis
1895 2396 2130 2452 Achaia
2159 2395 2513 2466 dignitatem
2545 2397 2864 2465 concessit,
2891 2395 3000 2452 i.e.
3024 2411 3187 2452 anno
3222 2399 3374 2463 I205,
3394 2395 3586 2458 series,

209 2487 413 2561 incipit
438 2487 790 2560 principum
822 2486 1191 2541 Francorum
1213 2487 1317 2558 qui
1349 2502 1454 2558 per
1485 2487 1778 2542 ducentos
1806 2485 2250 2558 quinquaginta
2282 2501 2477 2541 annos
2495 2485 2573 2540 ad
2607 2488 2741 2542 1453
2766 2501 2956 2560 usque
2985 2485 3250 2542 Athenas
3267 2483 3579 2556 regebant,

209 2593 329 2650 qua
355 2578 419 2632 in
448 2575 599 2631 urbe
639 2574 780 2630 inde
811 2590 848 2629 a
879 2573 1070 2630 Codro
1110 2579 1165 2630 et
1196 2575 1578 2629 Pisistratinis
1609 2590 1710 2629 rex
1754 2574 1954 2630 nullus
1984 2574 2239 2638 sederat,
2280 2579 2337 2630 et
2369 2573 2474 2630 ubi
2512 2575 2780 2648 quinque
2812 2574 3046 2631 saeculis
3069 2577 3210 2648 post
3237 2573 3406 2630 illum
3435 2575 3580 2630 Bur-

211 2665 612 2735 gundionem,
650 2662 818 2718 alteri
849 2662 1090 2718 cuidam
1123 2663 1343 2729 Ottoni,
1377 2663 1656 2719 Germani
1683 2662 2014 2736 sanguinis,
2041 2669 2410 2719 reservatum
2451 2667 2602 2730 erat,
2633 2667 2694 2719 ut
2724 2678 3013 2736 magnam
3062 2662 3302 2719 Gracia
3341 2665 3578 2737 partem

212 2769 348 2809 cum
371 2752 669 2822 dignitate
699 2755 756 2806 et
774 2751 1002 2806 honore
1033 2750 1150 2806 leni
1182 2756 1417 2823 sceptro
1441 2749 1778 2822 subjecerit.

286 2843 411 2898 Una
441 2857 585 2897 cum
616 2839 868 2895 domino
899 2838 1171 2894 saculari
1203 2855 1396 2912 eoque
1437 2845 1795 2911 usurpatore
1819 2840 2210 2904 Athenarum,
2241 2839 2534 2900 Michaelis
2565 2839 2798 2912 expulsi
2819 2840 3021 2896 sedem
3056 2839 3321 2912 archiep.
3355 2842 3573 2896 Roma-

213 2946 345 2998 nus,
374 2929 631 2985 nomine
655 2926 954 2982 Berardus
980 2927 1320 2999 occupavit,
1347 2943 1528 2999 quem
1571 2943 1694 2982 non
1738 2927 1850 2983 nisi
1876 2944 1948 2983 ex
1973 2929 2239 3002 epistolis
2266 2944 2420 3001 quas
2449 2929 2828 2984 Innocentius
2857 2929 2929 2984 III
2961 2929 3066 2984 PP.
3095 2928 3148 2984 ei
3175 2927 3428 2999 scripsit,
3471 2943 3578 2984 no-

216 3019 428 3074 vimus.
453 3020 519 3074 ln
548 3016 707 3072 notis
737 3029 893 3087 quas
917 3014 1108 3070 editor
1128 3015 1220 3072 Fr.
1255 3015 1610 3088 Bosquetius
1640 3016 1855 3087 adjecit
1878 3018 1998 3088 (ed.
2020 3017 2239 3083 T010s.,
2263 3022 2388 3073 not.
2419 3032 2478 3088 p.
2504 3017 2556 3086 9)
2590 3015 2884 3072 Michaelis
2901 3015 3197 3073 Choniata
3213 3016 3580 3071 mentionem

210 3107 347 3163 facit
373 3108 456 3163 ita
481 3103 835 3161 duriuscule
867 3103 1136 3159 scribens
1163 3121 1175 3156 :
1203 3104 1466 3160 «Graecis
1497 3120 1698 3160 rerum
1724 3104 1986 3160 dominis
2011 3105 2354 3160 Atheniensi
2381 3103 2650 3160 Ecclesia
2683 3108 2937 3176 praerat
2964 3102 3208 3160 Michael
3236 3102 3575 3176 Choniates,

207 3197 308 3268 qui
336 3197 531 3268 captis
563 3192 812 3249 Athenis
843 3208 879 3248 a
910 3193 1258 3247 marchinne
1289 3192 1700 3248 Montisferrati
1723 3192 1869 3247 urbe
1891 3192 2086 3256 cessit,
2116 3198 2180 3248 ut
2208 3198 2410 3248 narrat
2439 3193 2568 3262 ejus
2598 3191 2778 3247 frater
2806 3191 3064 3262 Nicetas,
3091 3192 3195 3266 qui
3239 3207 3378 3248 eum
3403 3189 3583 3246 nobis

208 3287 419 3341 Graeca
459 3283 585 3352 ﬁde
623 3287 682 3337 et
710 3281 972 3336 fraterno
1000 3279 1218 3336 affectu
1256 3286 1537 3336 sanctum
1582 3281 1898 3350 pradicat.
1927 3303 1954 3330 »
1979 3280 2373 3336 Nihilominus
2414 3279 2575 3335 idem
2619 3279 2736 3335 alio
2763 3280 2824 3335 in
2854 3278 3009 3346 loco,
3042 3279 3206 3335 hunc
3236 3278 3582 3350 Michaelem

203 3389 339 3430 cum
373 3369 846 3442 archiepiscopo
898 3371 1169 3424 Romano
1199 3369 1567 3424 confundere
1596 3369 1850 3434 videtur,
1905 3359 2005 3424 ad'
2027 3385 2208 3442 quem
2243 3368 2620 3424 Innocentius
2662 3369 2888 3425 litteras
2935 3368 3190 3442 scripsit.
3219 3371 3302 3424 Ex
3329 3368 3582 3424 istarum

203 3461 600 3534 epistolarum
634 3473 762 3513 una
793 3463 973 3530 patet,
999 3465 1065 3512 ut
1099 3456 1478 3513 Schlosserus
1507 3473 1751 3530 quoque
1781 3459 1960 3528 (Hist.
1994 3457 2186 3527 ρκ’ραί
2209 3458 2451 3527 Crucig.
2487 3459 2552 3525 II,
2583 3473 2643 3529 p.
2670 3459 2762 3527 63)
2783 3456 3071 3527 declarat,
3096 3474 3133 3513 a
3153 3456 3374 3514 Latinis
3395 3473 3427 3513 e
3454 3455 3585 3530 plu-

202 3551 370 3607 ribus
391 3547 789 3614 diacesibus,
823 3546 1186 3614 civitatibus,
1210 3553 1345 3613 etc.,
1369 3547 1651 3617 expulsos
1673 3545 1860 3602 fuisse
1888 3548 2122 3602 Graecos
2149 3546 2364 3601 eadem
2395 3545 2796 3614 inclementia,
2821 3561 2944 3619 qua
2963 3551 3179 3619 postea
3199 3562 3236 3602 a
3255 3544 3457 3604 Turcis
3481 3547 3583 3615 (2).

203 3638 419 3696 Videre
449 3639 638 3692 etiam
669 3651 701 3690 e
733 3633 978 3690 duobus
1008 3633 1137 3689 aliis
1160 3633 1427 3705 epistolis
1457 3635 1669 3706 Papea
1703 3634 1780 3689 ad
1801 3634 2064 3705 archiep.
2097 3633 2454 3690 Thebanum
2486 3633 2546 3708 (l.
2577 3651 2613 3705 ι,
2639 3650 2732 3708 ep.
2773 3636 2898 3706 110)
2929 3639 2988 3690 et
3007 3634 3270 3707 archiep.
3296 3633 3582 3706 Amycla-

205 3744 408 3784 ensem
436 3725 502 3799 (l.
539 3741 614 3789 iv,
651 3738 748 3795 ep.
779 3726 892 3792 98),
933 3724 1206 3778 Ottonem
1236 3723 1296 3777 in
1320 3722 1746 3778 certaminibus
1773 3722 2160 3779 saecularibus
2181 3728 2237 3778 et
2258 3723 2668 3779 ecclesiasticis
2689 3723 3015 3779 anathema
3042 3722 3388 3788 incurrisse,
3410 3721 3584 3792 cujus

207 3819 283 3873 rei
312 3822 640 3890 pertasus,
684 3811 981 3882 dignitate
1025 3810 1263 3876 abdica,
1317 3826 1479 3867 anno
1510 3812 1641 3866 1221
1695 3817 1976 3883 nepotem
2006 3809 2339 3868 Guidonem
2371 3811 2482 3867 sibi
2513 3811 2832 3867 succedere
2860 3810 3049 3867 voluit
3076 3815 3135 3866 et
3162 3811 3223 3865 in
3268 3808 3582 3865 Franciam

206 3922 484 3962 reversus
513 3909 626 3960 est.

1343 3991 1370 4057 §
1410 3990 1498 4042 VI.
1534 3987 1855 4044 Michaelis
1871 3995 2138 4046 senectus
2160 3994 2214 4044 et
2243 3989 2457 4044 obitus.

271 4089 524 4148 Michael
552 4088 723 4144 exsul
747 4102 873 4144 non
904 4085 1106 4142 minus
1147 4086 1370 4157 tragice
1402 4101 1589 4158 quam
1616 4086 1844 4141 Nicetas
1866 4085 2114 4158 aulicus,
2149 4086 2326 4142 totius
2359 4085 2593 4158 imperii
2625 4088 3007 4142 Romaorum
3026 4083 3431 4140 miserrimum
3462 4085 3582 4140 sta-

206 4186 343 4252 tum,
379 4178 590 4249 gregis
612 4176 957 4233 custodiam
988 4181 1256 4246 ereptam
1287 4180 1343 4229 et
1372 4174 1649 4229 exsilium
1680 4172 1956 4246 deplorat
1982 4174 2058 4244 (3)
2084 4193 2096 4230 :
2135 4173 2639 4230 «Lamentationis
2664 4173 2911 4246 copiosa
2941 4172 3088 4230 mihi
3131 4171 3383 4229 materia
3407 4171 3583 4229 adest

208 4276 326 4326 tum
353 4269 438 4326 ob
470 4281 870 4322 communem
902 4263 1306 4319 calamitatem
1332 4267 1458 4318 tum
1483 4269 1729 4334 propter
1758 4280 1954 4318 meam
1979 4263 2190 4334 ipsius,
2219 4267 2538 4334 eapropter
2561 4261 2728 4334 quod
2752 4261 3042 4333 templum
3059 4260 3307 4332 illustre,
3335 4260 3584 4332 opulen-

207 4363 352 4426 tum,
384 4357 545 4430 proh
573 4357 758 4410 Deum
785 4351 1188 4408 immortalem
1215 4353 1226 4408 !
1261 4351 1427 4424 quod
1453 4353 1712 4422 majores
1739 4351 2210 4424 nostriDeipsra
2240 4355 2685 4418 consecrarant,
2707 4350 2882 4422 cujus
2909 4349 3096 4407 altare
3116 4365 3268 4406 mea
3293 4348 3583 4409 custodia

211 4448 500 4502 creditum
531 4449 681 4508 erat,
709 4448 845 4497 ante
874 4441 1083 4496 oculos
1114 4457 1280 4496 meos
1306 4439 1384 4494 ab
1406 4439 1753 4494 hominibus
1776 4440 2077 4509 sacrilegis
2104 4438 2426 4513 spoliatum
2455 4443 2880 4514 vastatumque
2906 4443 3015 4495 est.
3052 4441 3182 4512 Ipse
3221 4443 3422 4496 autem
3446 4440 3587 4511 post

216 4535 446 4602 triginta
477 4548 681 4589 annos
711 4547 868 4603 quos
914 4529 1140 4584 ibidem
1189 4544 1562 4600 percgeram,
1599 4533 1660 4583 ut
1688 4533 1932 4584 truncus
1961 4528 2185 4591 aridus,
2221 4525 2464 4591 inutilis,
2509 4525 2568 4582 vi
2617 4531 2936 4584 ventorum
2976 4544 3008 4583 e
3039 4527 3302 4584 sacrario
3347 4525 3584 4583 Domini

217 4629 462 4696 ereptus,
498 4628 716 4677 contra
741 4621 926 4693 ripas,
961 4623 1165 4673 contra
1198 4633 1399 4688 rupes,
1432 4617 1492 4672 in
1522 4617 1712 4672 imum
1745 4633 1909 4674 mare
1931 4617 2216 4688 abreptus
2241 4616 2335 4671 vix
2349 4615 2477 4686 jam
2495 4614 2652 4670 vivo.
2687 4617 2830 4672 Ecce
2859 4615 3071 4672 exsilio
3090 4615 3437 4682 damnatus,
3456 4614 3584 4670 sine

218 4712 570 4786 sacerdotio,
605 4711 735 4765 sine
763 4707 1058 4763 festorum
1092 4705 1487 4773 solemnitate,
1525 4705 1652 4760 sine
1681 4705 1847 4776 urbe,
1884 4705 2009 4761 sine
2040 4705 2288 4774 civibus,
2317 4703 2577 4759 bubonis
2610 4703 2800 4761 instar
2824 4704 2898 4760 de
2928 4704 3269 4762 calamitate
3307 4703 3584 4759 omnium

221 4808 270 4856 et
295 4802 347 4857 in
370 4818 442 4857 eo
469 4800 666 4875 ipsius
695 4795 1026 4853 infortunio
1067 4811 1270 4850 amare
1298 4793 1613 4852 lamentor.
1643 4816 1670 4845 η
1723 4796 1800 4860 Ex
1830 4793 2214 4866 inscriptione
2244 4808 2425 4865 porro
2456 4793 2806 4863 nonaginta,
2832 4809 2988 4866 quas
3013 4796 3204 4848 codex
3223 4790 3375 4848 Bibl.
3407 4793 3582 4848 Laur.

223 4895 492 4962 asservat,
525 4887 934 4962 epistolarum
966 4884 1258 4951 videmus,
1293 4882 1552 4938 insulam
1577 4885 1734 4938 Ceon
1758 4899 1866 4954 pro
1896 4882 2124 4951 refugio
2155 4897 2292 4936 eum
2323 4881 2606 4936 habuisse
2632 4899 2644 4935 :
2680 4888 2772 4934 τοῦ
2794 4881 2954 4934 αὐτοῦ
2974 4880 3246 4934 intervolat
3275 4877 3332 4938 ἃς
3363 4877 3583 4950 ἔγραψεν

227 4983 312 5031 άπὸ
338 4989 431 5041 τῆς
455 4985 626 5039 νήσου
672 4984 765 5037 τῆς
799 4980 932 5028 Κέω·
983 4971 1046 5028 Id
1076 4972 1244 5045 quod
1293 4977 1495 5028 tenore
1527 4971 1850 5042 epistolaru

1958 4970 2370 5037 conﬁrmatur,
2421 4969 2720 5042 siquidem
2751 4970 2813 5024 P.
2847 4969 3123 5024 Morellus
3154 4966 3584 5024 monasterium

232 5068 600 5125 S.Prodromi
634 5069 697 5124 in
729 5067 854 5122 ista
879 5061 1080 5118 insula
1115 5068 1177 5116 ut
1205 5060 1443 5132 asylum
1479 5061 1607 5130 ejus
1638 5060 1938 5128 designat.

290 5157 400 5214 Hoc
427 5159 487 5214 in
511 5159 649 5214 loco
681 5168 900 5211 senem
927 5149 1162 5205 exulem
1190 5149 1547 5204 annuntiata
1575 5147 1771 5204 fratris
1792 5163 1956 5203 mors
1986 5147 2210 5203 mirum
2233 5146 2295 5201 in
2327 5145 2580 5202 modum
2609 5145 2819 5202 afﬂixit
2838 5161 3023 5219 quem
3061 5145 3174 5202 sibi
3200 5144 3587 5217 superstitem

291 5285 356 5353 (1)
386 5284 584 5338 Βιϐὶίον
636 5292 734 5342 τῆς
793 5294 1125 5353 xcv-1x557?“
1160 5293 1284 5353 311;.
1315 5272 1596 5353 Ῥῳξξᾳχίας
1647 5277 1736 5323 καὶ
1786 5290 1874 5322 τον

1982 5270 2306 5352 duodecim
2373 5269 2567 5352 Latini
2614 5269 2994 5353 abundantes
3030 5273 3222 5353 certas
3266 5267 3588 5353 habuerint

237 5339 561 5432 Maipéaiwgp.
598 5339 695 5421 59,
717 5339 1342 5432 VEd.._l_t'uchonn‘.lParis,
1367 5339 1534 5432 18335.
1610 5413 1625 5432 ‘
1741 5412 1752 5422 θ
1984 5341 2642 5432 mansiones-proprios
2666 5339 3588 5432 sacerdotes,quibusintegra_a

286 5403 984 5486 {alit‘irﬂll'ilevcvtusw‘tilius
1055 5418 1186 5471 Otto
1238 5403 1340 5470 de.
1367 5417 1544 5486 Roca,
1590 5412 1877 5486 dominus
1991 5412 2238 5486 Latinis
2270 5403 2437 5467 laiéis
2482 5403 3236 5486 'decimaipersolvantur,
3282 5403 3586 5486 instituere

229 5479 601 5572 Αιιίέηίοηὲίέῐ
621 5479 744 5572 “per
785 5493 1024 5572 litteras
1042 5491 1317 5572 ,νρεινεξω
1362 5479 1536 5572 Petili
1559 5483 1880 5572 eretriae:
1988 5482 2480 5572 miseresce:
2509 5479 2813 5572 ιτῖτξεξεοηὶιὲἐ
2841 5481 3034 5551 EW-
3056 5480 3159 5536 ιίδο
3191 5494 3315 5572 κω»
3338 5492 3428 5566 ePr
3459 5479 3584 5552 “8-

229 5552 716 5637 ualliEaEelieZ-i,
745 5571 815 5622 ut
835 5563 900 5619 in
929 5557 1142 5616 castris
1169 5557 1294 5612 suis
1322 5552 1384 5612 et
1406 5552 1634 5616 villis—in
1654 5554 1881 5626 quibus
2062 5555 2140 5626 (3)
2172 5554 2312 5609 Vide
2338 5553 2514 5623 infra,
2543 5552 2658 5608 col.
2690 5557 2811 5609 371.
3213 5569 3216 5572 ·
3279 5565 3282 5568 ‘
3419 5559 3423 5566 '
