4126 6272
519 227 618 285 311
1396 218 1702 279 MICHAEL
1739 216 2193 280 ACOMINATUS
2229 217 2657 277 ATHENARUM
2692 214 3012 277 ARCHIEP.
3779 220 3881 278 312

517 350 645 407 fore
673 346 1150 408 desideraverat.
1177 344 1409 406 Nicetes
1438 344 1847 418 Acominatus,
1881 348 2019 418 post
2062 347 2303 420 captam
2333 342 2586 418 Cpolim,
2615 345 2683 400 ut
2706 357 2921 401 omnes
2952 341 2992 400 ii
3021 340 3127 418 qui
3157 340 3427 414 ingenio,
3457 341 3795 413 virtutibus,
3822 345 3883 402 in

516 438 779 513 patriam
812 453 1019 495 amore
1049 436 1471 508 excelluerant,
1506 450 1644 491 cum
1672 450 1857 491 uxore
1883 440 1940 491 et
1964 434 2168 492 liberis
2195 435 2455 492 Nicaeam
2485 432 2772 506 Bithynia:
2804 448 2866 490 se
2896 433 3137 505 recepit,
3176 432 3282 490 ubi
3313 432 3477 505 apud
3506 432 3884 491 Theodorum

520 527 799 585 Lascarin
823 526 1248 600 imperatorem
1278 539 1403 581 non
1428 523 1631 580 minus
1663 540 1849 597 quam
1894 524 2057 597 apud
2091 525 2429 581 Comnenos
2470 522 2821 580 auctoritate
2846 522 3104 594 valebat,
3138 521 3201 578 id
3228 538 3466 595 semper
3492 538 3681 594 agens
3722 528 3787 580 ut
3810 525 3887 581 ci-

517 616 696 673 vibus
729 615 973 673 Bizantii
1004 613 1317 671 exsulibus
1357 612 1580 669 auxilio
1609 628 1679 669 ac
1705 612 2010 685 praesidio,
2043 612 2209 669 fratri
2238 618 2441 671 autem
2468 612 2596 669 seni
2621 610 2812 668 exsuli
2838 610 3050 668 solatio
3076 610 3242 669 foret.
3274 611 3519 668 Michael
3547 612 3795 685 quidem
3822 612 3885 669 in

517 705 801 763 Monodia
843 704 1043 761 hancce
1072 703 1251 761 dicit:
1290 724 1318 753 α
1351 703 1509 759 Licet
1554 702 1768 775 procul
1796 718 1835 760 a
1875 719 1973 760 me
2025 702 2267 773 viveret,
2312 702 2541 775 quoties
2571 704 2709 758 eum
2742 700 2937 757 vivere
2967 715 3039 757 ac
3071 700 3267 757 valere
3300 700 3493 757 nuntii
3528 700 3883 769 attulissent,

517 794 695 868 quasi
722 809 883 851 novo
915 793 1131 866 spiritu
1158 792 1430 850 afﬂatum
1464 807 1560 849 me
1587 792 1841 848 sensi.Et
1870 797 1933 849 ut
1965 791 2154 849 David
2184 791 2401 849 animae
2445 807 2567 847 sum
2597 790 2867 848 solamen
2896 789 3142 863 reperiri
3171 804 3296 847 non
3325 805 3501 863 posse
3530 790 3690 857 dicit,
3722 790 3888 847 exhi-

516 868 697 941 larari
725 888 927 942 autem
951 882 1055 939 ubi
1071 883 1337 957 primum
1365 882 1468 938 Dei
1497 882 1790 940 memoria
1809 880 1925 955 ipsi
1953 882 2015 938 in
2035 886 2299 938 mentem
2329 880 2589 950 venerit;
2615 881 2699 937 ita
2721 895 2835 951 ego
2858 896 3104 954 quoque
3126 880 3229 936 ubi
3254 881 3644 953 praesentium
3675 895 3886 937 aerum-

517 987 739 1030 narum
773 972 1042 1046 pondere
1068 971 1440 1041 molestarer,
1472 972 1694 1029 mirum
1727 972 2133 1029 solamentum
2160 972 2319 1028 sensi
2349 971 2455 1028 ubi
2482 970 2728 1028 fratrem
2770 969 2965 1027 valere
2994 970 3221 1043 accepi.
3255 969 3757 1043 Quotiescumque
3780 969 3890 1027 ita-

517 1076 634 1135 que
661 1060 914 1134 epistola
939 1061 1203 1118 fraterna
1239 1076 1427 1118 manu
1467 1060 1703 1131 signata
1729 1059 2115 1132 efferebatur,
2139 1060 2344 1117 vultus
2374 1077 2445 1119 ac
2475 1059 2774 1117 sermonis
2808 1060 2939 1131 ejus
2970 1059 3176 1116 intime
3201 1075 3438 1116 memor
3460 1063 3641 1133 caput
3677 1064 3735 1117 et
3762 1076 3889 1118 ma-

516 1167 634 1207 nus
666 1155 911 1222 tangere
940 1155 997 1208 et
1020 1150 1284 1207 osculari
1309 1150 1456 1207 mihi
1480 1149 1768 1220 videbar;
1801 1154 1858 1206 et
1885 1149 2186 1222 extemplo
2211 1157 2341 1207 atra
2370 1166 2516 1207 cura
2546 1165 2617 1205 ex
2644 1148 2848 1205 animo
2878 1148 3127 1205 excessit
3154 1154 3211 1205 et
3232 1148 3457 1219 gaudio
3490 1164 3651 1206 novo
3682 1147 3886 1206 locum

516 1240 700 1296 dedit.
740 1262 761 1289 ι
797 1243 931 1297 Haec
958 1255 1097 1296 cum
1122 1239 1336 1309 legeris
1363 1239 1589 1295 amoris
1619 1239 1740 1296 fere
1760 1238 1895 1311 plus
1915 1256 2103 1312 quam
2132 1239 2378 1297 fraterni
2420 1238 2778 1307 testimonia,
2796 1238 2927 1308 jam
2957 1254 3080 1294 non
3110 1237 3449 1304 miraberis,
3480 1237 3529 1294 si
3560 1237 3719 1295 idem
3742 1237 3889 1295 dicit

518 1343 582 1384 se
629 1327 851 1385 umbra
874 1328 1085 1384 mortis
1116 1328 1408 1398 obstringi
1457 1328 1536 1384 ob
1589 1327 2069 1398 gubernaculum
2099 1328 2155 1384 vi
2191 1329 2310 1401 ipsi
2338 1331 2611 1401 ereptum
2649 1334 2839 1383 morte
2886 1326 3086 1383 fratris
3128 1327 3362 1396 Nicette,
3406 1326 3512 1399 qui
3542 1326 3810 1384 Michaeli
3834 1332 3892 1386 et

515 1418 726 1474 Joanni
762 1416 1138 1473 consobrinis
1168 1432 1340 1489 aeque
1369 1416 1672 1474 ﬂebilibus
1697 1420 2076 1473 Romaeorum
2104 1416 2357 1490 imperio
2387 1418 2446 1472 in
2472 1422 2661 1473 morte
2684 1417 3054 1471 successerit.
3085 1438 3112 1468 ί(
3149 1414 3207 1472 Si
3237 1416 3384 1472 tanti
3409 1416 3517 1472 viri
3542 1415 3762 1486 obitus,
3788 1417 3891 1475 Mi-

518 1505 690 1563 chael
719 1505 942 1577 adjicit,
976 1508 1276 1577 Europam
1305 1510 1361 1561 et
1391 1506 1597 1563 Asiam
1625 1522 1797 1579 aequo
1825 1505 2033 1562 dolore
2060 1521 2132 1561 ac
2179 1505 2478 1563 desiderio
2504 1504 2738 1571 afﬂixit,
2793 1504 2949 1561 adeo
2997 1508 3062 1560 ut
3107 1509 3364 1561 mortem
3392 1509 3584 1573 tuam,
3613 1521 3649 1561 ο
3680 1505 3892 1563 anima

516 1593 894 1661 charissima,
928 1595 1079 1651 ferre
1104 1610 1228 1651 non
1260 1596 1614 1656 sustineant.
1647 1595 1784 1669 quis
1817 1594 2061 1651 tandem
2106 1599 2454 1651 nostrarum
2498 1594 2908 1666 lacrymarum
2947 1609 3017 1649 ac
3058 1594 3391 1664 gemituum
3422 1593 3643 1650 modus
3672 1593 3830 1650 erit?
3860 1615 3890 1646 »

520 1682 798 1755 Sequitur
820 1682 895 1739 de
920 1682 1088 1739 luctu
1116 1684 1425 1741 communi
1452 1684 1645 1753 gentis
1683 1684 2178 1740 Acominatorum
2217 1699 2324 1758 per
2370 1687 2671 1757 Europam
2702 1688 2759 1740 et
2778 1683 2979 1739 Asiam
3006 1681 3438 1745 disseminatus,
3470 1683 3642 1754 cujus
3667 1682 3890 1740 indivi-

516 1771 622 1829 dui
651 1771 920 1829 defuncti
946 1772 1267 1844 splendore
1289 1772 1748 1837 illustrarentur,
1770 1776 1827 1828 et
1846 1772 1951 1846 qui
1981 1772 2111 1842 ejus
2142 1772 2432 1830 auxilium
2465 1772 2854 1828 multifariam
2894 1770 3126 1845 experti
3154 1775 3312 1827 sunt.
3349 1772 3638 1844 Deinceps
3669 1771 3745 1827 de
3774 1771 3892 1829 do-

514 1859 643 1918 lore
675 1860 867 1918 vidum
890 1859 1174 1934 loquitur,
1209 1866 1389 1934 nepte
1418 1862 1625 1932 magni
1654 1860 1935 1924 Belisarii.
1963 1877 2151 1934 quam
2183 1878 2432 1918 uxorem
2464 1861 2754 1918 ducturus
2782 1860 3032 1928 Nicetas,
3064 1861 3216 1915 sicut
3243 1860 3303 1915 in
3334 1859 3620 1916 omnibus
3653 1861 3892 1931 gravio-

515 1951 685 2006 ribus
714 1949 895 2006 rebus
922 1948 1123 2006 fratris
1158 1948 1476 2007 consilium
1506 1950 1866 2023 expetierat;
1897 1949 1971 2006 de
1991 1948 2156 2006 luctu
2173 1949 2502 2007 liberorum
2530 1954 2749 2007 teneras
2775 1948 2985 2015 aetatis,
3019 1964 3051 2005 e
3080 1948 3302 2021 quibus
3331 1964 3486 2004 unus
3505 1949 3890 2007 errabundus

515 2038 895 2107 vagabatur;
922 2037 995 2095 de
1031 2038 1279 2111 proprio
1308 2055 1419 2094 suo
1444 2038 1611 2095 luctu
1641 2044 1698 2094 et
1722 2038 1903 2111 plaga
1927 2039 2354 2096 irremediabili
2385 2056 2572 2112 quam
2595 2039 2791 2095 fratris
2819 2054 2984 2096 mors
3015 2038 3232 2096 acerba
3254 2037 3489 2095 inﬂixit.
3508 2041 3639 2095 iam
3662 2038 3777 2096 sibi
3800 2039 3868 2097 la.

517 2142 759 2198 crymas
789 2142 914 2200 prae
945 2126 1172 2185 doloris
1204 2127 1623 2197 magnitudine
1653 2127 1867 2183 deesse
1896 2128 2185 2200 queritur,
2219 2127 2381 2185 unde
2405 2128 2519 2185 sibi
2549 2128 2922 2186 calamitates
2961 2127 3096 2183 vitae
3135 2127 3369 2185 futuras
3399 2128 3570 2184 siccis
3591 2127 3781 2184 oculis
3805 2128 3891 2185 fe—

516 2215 738 2273 rendas
758 2214 903 2285 fore,
935 2215 1129 2272 donec
1158 2216 1290 2288 ipse
1315 2216 1377 2272 in
1402 2220 1634 2272 remoto
1671 2220 1840 2271 terrae
1869 2216 2091 2285 angulo
2124 2221 2225 2273 aut
2251 2217 2311 2273 in
2345 2217 2545 2275 medio
2568 2218 2720 2275 mari
2747 2217 3069 2289 projectus,
3103 2232 3284 2273 senex
3310 2217 3535 2287 juniori
3560 2216 3722 2273 fratri
3754 2234 3894 2274 suc-

519 2304 778 2361 cesserit.
807 2304 911 2359 Vir
940 2305 1074 2378 pius
1103 2321 1244 2360 cum
1266 2309 1440 2375 esset,
1477 2304 1598 2360 Deo
1625 2304 1739 2376 ipsi
1760 2304 1921 2359 diem
1948 2304 2112 2372 dicit,
2153 2305 2306 2363 adeo
2332 2305 2506 2362 dolor
2534 2311 2800 2364 mentem
2826 2310 3182 2363 occaecarat:
3217 2329 3244 2357 α
3273 2305 3452 2363 Dolor
3480 2306 3632 2363 adeo
3659 2322 3754 2363 me
3785 2307 3891 2363 sti-

518 2391 710 2448 mulat
737 2396 804 2447 ut
821 2407 997 2448 voces
1024 2393 1327 2465 proferam
1365 2409 1502 2467 quae
1533 2392 1823 2464 impietati
1853 2409 1924 2449 ac
1954 2394 2274 2452 temeritati
2320 2395 2470 2453 forte
2498 2395 2829 2454 dabuntur.
2880 2396 2994 2451 Cur
3022 2395 3184 2452 enim
3228 2411 3341 2465 ego
3367 2411 3589 2452 canum
3626 2402 3809 2469 caput
3835 2402 3895 2455 et

519 2479 696 2537 annis
728 2480 947 2552 gravis,
970 2481 1176 2537 inutile
1209 2480 1453 2538 tandem
1482 2484 1649 2537 terrae
1681 2481 1921 2553 pondus
1952 2498 2022 2538 ac
2055 2482 2225 2539 ulcus
2257 2483 2478 2541 diutius
2508 2484 2569 2542 in
2599 2484 2715 2541 hoc
2744 2499 2981 2540 carcere
3012 2484 3268 2540 retineor
3288 2485 3315 2541 ?
3343 2507 3371 2536 ››

592 2573 657 2625 In
681 2574 967 2642 promptu
988 2585 1109 2627 non
1137 2577 1226 2628 est
1273 2569 1471 2627 dicere
1502 2586 1624 2643 quo
1670 2586 1831 2627 anno
1880 2571 2124 2632 Michael
2151 2571 2396 2629 vinculis
2423 2572 2691 2645 corporis
2720 2572 3004 2628 liberatus
3034 2572 3392 2639 decesserit;
3414 2572 3545 2644 jam
3576 2573 3737 2630 enim
3764 2575 3896 2633 vita

521 2659 718 2717 otiosa
739 2660 799 2715 in
826 2661 1191 2717 monasterio
1223 2660 1616 2730 transigenda
1640 2660 1899 2730 graviter
1924 2661 2316 2720 incommoda
2342 2662 2454 2718 sul)
2476 2662 2661 2718 tinem
2693 2677 2825 2718 esse
2852 2660 3130 2717 debebat.
3165 2664 3313 2717 Eum
3338 2666 3540 2718 tamen
3563 2677 3727 2721 anno
3747 2667 3892 2723 1215

520 2750 582 2807 in
614 2749 766 2807 vivis
791 2749 974 2806 fuisse
1004 2750 1254 2825 epistola
1283 2766 1472 2823 quam
1520 2749 1597 2806 ad
1646 2751 1974 2808 Manuelem
2026 2753 2433 2825 patriarcham
2462 2751 2626 2807 dedit
2668 2750 2928 2824 probare
2955 2751 3215 2807 videtur:
3251 2752 3328 2806 ad
3357 2751 3539 2808 alium
3578 2752 3890 2810 neminem

519 2838 683 2895 enim
714 2839 934 2912 scripta
958 2855 1086 2896 esse
1108 2844 1303 2913 potest
1322 2840 1435 2896 nisi
1458 2839 1535 2895 ad
1564 2838 1895 2897 Manuelem
1928 2840 2379 2914 Charitopulum
2413 2840 2510 2897 illo
2530 2840 2663 2913 ipso
2689 2856 2849 2897 anno
2878 2839 2957 2897 ad
2988 2840 3461 2911 patriarchatum
3490 2844 3882 2913 evectum.(V.

521 2929 596 2984 Le
624 2929 832 2994 Quien.
858 2929 1066 2987 Oriens
1099 2929 1320 2986 Christ.
1355 2933 1398 2986 t.
1426 2933 1469 3002 Ι,
1498 2945 1557 3002 p.
1589 2932 1735 3000 278).
1769 2932 1900 2986 Hinc
1934 2930 2149 2987 eadem
2172 2929 2425 3002 epistola
2447 2936 2502 2987 et
2530 2930 2731 3002 plures
2758 2930 2890 2986 alias
2917 2945 3072 3003 quas
3104 2930 3165 2985 in
3189 2932 3298 2986 Ceo
3322 2929 3519 2988 insula
3545 2931 3892 3004 composuit

518 3017 778 3091 probare
806 3023 1065 3091 possunt
1108 3019 1471 3088 Michaelem,
1502 3019 1786 3092 quamvis
1837 3018 2190 3085 solitarium,
2219 3024 2283 3075 ut
2321 3020 2448 3093 ipse
2496 3019 2743 3091 quidem
2787 3018 2930 3075 dicit
2976 3018 3365 3075 nihilominus
3393 3019 3505 3075 sub
3547 3019 3733 3076 ﬁnem
3757 3018 3890 3077 vita)

520 3109 1028 3180 praestantissimis
1056 3109 1293 3181 imperii
1317 3109 1458 3164 viris
1502 3123 1608 3182 per
1649 3107 1872 3164 litteras
1894 3109 2109 3165 saltem
2136 3109 2525 3180 conjunctum
2552 3107 2757 3179 fuisse,
2781 3108 3105 3183 ipsumque
3137 3108 3438 3165 Lascarim
3464 3109 3893 3181 imperatorem

522 3196 584 3252 in
614 3197 744 3267 ejus
776 3197 1111 3255 amicorum
1144 3213 1398 3254 numero
1429 3196 1633 3253 fuisse.
1669 3197 1783 3253 Sed
1810 3214 2001 3270 quare
2034 3214 2155 3255 non
2185 3198 2503 3255 orthodoxi
2531 3196 2712 3267 hujus
2742 3202 2799 3252 et
2845 3197 3021 3253 amici
3070 3196 3357 3273 principis
3379 3196 3630 3254 domum
3661 3197 3896 3255 habita-

522 3283 650 3340 vit?
678 3286 789 3341 Cur
813 3301 937 3341 non
966 3286 1173 3342 Nicaeae
1205 3287 1403 3342 vivere
1424 3285 1637 3344 maluit
1663 3302 1849 3358 prope
1874 3287 2217 3360 Phrygiam,
2248 3286 2352 3342 ubi
2375 3287 2552 3344 frater
2572 3285 2992 3343 dilectissimus
3030 3302 3167 3342 cum
3196 3287 3319 3342 suis
3344 3286 3490 3342 vixit
3515 3292 3572 3342 et
3596 3286 3659 3344 in
3690 3286 3894 3345 medio

524 3372 751 3445 populo
776 3373 1129 3430 demortuus
1154 3382 1264 3444 est,
1298 3391 1485 3447 quam
1515 3376 1573 3430 in
1605 3376 1721 3430 Ceo
1752 3375 1950 3431 insula
1982 3382 2220 3448 pctrosa
2247 3377 2427 3448 Egaei
2457 3376 2660 3441 maris,
2692 3373 3103 3449 haereticisque
3134 3375 3367 3434 vicinus
3397 3374 3894 3444 occidentalibus,

527 3460 604 3517 de
635 3461 858 3533 quibus
912 3462 971 3518 in
998 3463 1251 3535 epistola
1290 3462 1367 3519 ad
1395 3464 1785 3536 Euthymium
1814 3465 2034 3537 scripta
2058 3466 2373 3537 queritur?
2404 3464 2490 3521 Ad
2516 3464 2675 3523 hanc
2715 3464 2765 3519 is
2794 3463 2915 3520 fere
2954 3465 3348 3536 quaestionem
3376 3464 3766 3537 respondebit
3788 3466 3901 3537 qui

527 3551 587 3607 in
619 3550 814 3624 patria
844 3550 1219 3624 Bacchylidis
1248 3567 1319 3608 ac
1351 3551 1674 3608 Simonidis
1724 3552 2063 3625 Hymettum
2094 3560 2151 3610 et
2181 3553 2496 3611 Brilessum
2541 3552 2656 3609 sub
2702 3568 2981 3612 auroram
3025 3561 3409 3610 coruscantes
3439 3554 3621 3621 vidit;
3646 3553 3752 3627 qui
3790 3554 3895 3613 Mi-

529 3640 799 3697 chaelem
829 3641 893 3696 in
929 3641 1137 3698 Thesei
1183 3640 1330 3697 urbe
1380 3656 1483 3713 per
1537 3641 1986 3711 generationem
2034 3643 2262 3717 pedum
2308 3642 2575 3717 Dionysii
2625 3648 2841 3716 Areop.
2875 3642 3157 3700 manibus
3186 3648 3459 3717 portasse
3502 3648 3555 3701 et
3586 3648 3897 3717 postremo

530 3730 781 3804 Dexippi
810 3728 1081 3800 gladium
1107 3746 1231 3788 non
1263 3728 1391 3786 sine
1418 3729 1607 3801 gloria
1629 3728 1935 3786 strinxisse
1965 3731 2321 3790 meminerit.

527 3863 564 3925 §
601 3859 714 3919 νη.
756 3860 1139 3931 Scriptorum
1163 3859 1478 3917 Michaelis
1531 3858 1869 3930 catalogus,
1905 3858 1968 3912 in
2002 3854 2364 3913 bibliotheca
2387 3855 2745 3912 Florentina
2771 3856 3090 3912 secundum
3128 3856 3530 3913 Bandinium.
3573 3856 3887 3928 Prw/"alio.

602 3985 833 4057 Scripta
862 4000 898 4041 a
924 3982 1195 4039 Michaele
1216 3998 1421 4059 opera,
1466 3998 1587 4038 non
1622 3981 1826 4040 minus
1853 3996 2036 4054 quam
2061 3995 2201 4035 ossa
2224 3978 2282 4036 in
2315 3979 2410 4035 Cei
2427 3979 2592 4053 ripis,
2623 3979 2683 4035 in
2708 3979 3039 4036 Occidentis
3055 3979 3427 4036 bibliothecis
3449 3981 3733 4038 oblivioni
3754 3982 3902 4039 data

530 4087 662 4127 esse
699 4072 1079 4128 videbantur.
1112 4074 1232 4127 Huc
1263 4086 1458 4144 usque
1488 4086 1611 4127 non
1642 4070 1756 4126 nisi
1805 4069 2145 4125 orationum
2197 4068 2339 4124 satis
2384 4068 2711 4125 multarum
2744 4070 3092 4136 summai-ia,
3125 4075 3433 4139 tractatus,
3462 4070 3746 4142 epistolae,
3771 4087 3902 4127 car-

530 4161 699 4217 mina
726 4177 986 4234 quorum
1018 4177 1210 4234 pauca
1241 4160 1444 4236 aliqua
1474 4162 1691 4233 Griecc,
1727 4159 1850 4215 duo
1877 4157 2126 4215 maximi
2162 4156 2452 4215 momenti
2482 4158 2682 4214 Latine
2712 4162 2945 4214 tantum
2985 4174 3020 4216 a
3067 4158 3343 4215 Michaele
3375 4159 3660 4217 Choniata
3691 4174 3901 4233 supcr-

532 4253 690 4305 sunt.

602 4344 774 4394 Anno
810 4340 943 4394 t767
976 4337 1349 4394 bibliothecae
1375 4340 1786 4396 Laurentianus
1807 4354 1943 4410 quae
1974 4334 2277 4393 Florentiae
2300 4339 2410 4401 est,
2444 4340 2664 4405 custos,
2688 4339 2753 4391 Α.
2773 4338 2844 4393 lti.
2867 4334 3193 4391 Bandinius
3222 4335 3562 4392 Academiae
3590 4336 3901 4393 Parisiensi

532 4424 803 4481 libellum
836 4427 1000 4483 misit
1032 4426 1148 4482 sub
1176 4427 1346 4484 titulo
1371 4430 1653 4498 Epistola
1691 4428 1765 4486 de
1815 4425 2107 4482 Michaele
2152 4424 2506 4481 Acominato
2545 4427 2793 4497 ejusque
2822 4427 3082 4496 scriptis,
3117 4442 3300 4496 quem
3345 4442 3507 4481 anno
3535 4425 3804 4499 sequenti
3836 4429 3901 4483 in

532 4514 808 4586 catalogo
837 4515 1116 4572 codicum
1168 4519 1507 4573 Graecorum
1552 4516 1931 4572 bibliothecae
1979 4514 2392 4569 Laurentianus
2438 4513 2806 4587 reproduxit.
2854 4517 2968 4570 Nos
3001 4513 3345 4583 catalogum
3394 4515 3758 4571 collectionis
3802 4518 3901 4572 Mi-

533 4604 755 4662 chaelis
787 4605 1149 4677 scriptorum
1178 4605 1445 4675 integrae,
1480 4622 1741 4679 quorum
1774 4620 2081 4660 summum
2104 4603 2228 4673 jam
2257 4600 2729 4658 Montfaucouius
2758 4602 2819 4657 in
2852 4602 3226 4658 Bibliotheca
3246 4603 3737 4660 bibliothecarum
3760 4620 3895 4659 ma-

530 4699 1008 4766 nuscriplorum,
1032 4694 1073 4749 Ι.
1110 4710 1169 4767 p.
1203 4698 1303 4751 355
1330 4711 1499 4768 seqq.
1529 4694 1713 4764 dedit,
1755 4710 1786 4749 e
1819 4692 2191 4750 Bandiniano
2231 4689 2505 4760 catalogo
2528 4696 2879 4759 extractam,
2912 4691 3077 4747 nulla
3103 4691 3309 4747 habita
3340 4692 3642 4748 titulorum
3676 4692 3898 4749 latino—

529 4799 666 4842 rum
696 4785 948 4850 ratione,
993 4785 1239 4851 damus,
1270 4790 1328 4841 et
1376 4784 1647 4840 Bandinii
1688 4782 2032 4855 exemplum
2074 4780 2278 4849 secuti,
2311 4779 2506 4835 titulos
2539 4780 2775 4849 eodem,
2806 4782 3008 4854 quoin
3036 4782 3240 4837 codice
3270 4780 3567 4852 leguntur,
3595 4782 3802 4837 ordine
3833 4783 3897 4838 in

531 4875 799 4931 medium
826 4874 1213 4947 proferimus,
1249 4874 1563 4946 prtemissa
1590 4873 1891 4943 Anonymi
1917 4870 1993 4925 ad
2026 4867 2321 4927 Michaelis
2341 4868 2633 4940 opuscula
2665 4869 3033 4935 Prmfatione,
3069 4887 3257 4945 quam
3280 4888 3512 4945 primus
3538 4872 3722 4927 edidit
3754 4870 3897 4928 doc-

529 4963 801 5021 tissimus
828 4964 1080 5020 Tafclius
1106 4964 1166 5019 in
1195 4963 1616 5019 Dissertatione
1638 4963 1725 5018 De
1752 4961 2177 5017 Thessalonica
2208 4960 2450 5030 ejusque
2470 4974 2642 5029 agro.

1406 5090 1448 5144 Ι.
1482 5101 1540 5159 p.
1580 5091 1627 5141 1.
1660 5086 1960 5159 Προθεωρία
1986 5088 2059 5144 εἰς
2083 5085 2176 5142 τήν
2214 5091 2485 5158 παροῦσαν
2517 5082 2698 5156 βίϐλον
2737 5092 2831 5137 τοῦ
2861 5127 2874 5141 .
2908 5126 2921 5141 .
2952 5126 2965 5141 .
3002 5127 3019 5143 .

901 5210 1060 5273 (Nihil
1085 5210 1352 5275 amplius;
1386 5209 1664 5273 scriptoris
1696 5221 1891 5257 nomen
1918 5206 1971 5254 in
2006 5204 2199 5257 lacuna
2225 5208 2510 5260 intercidit.
2562 5210 2644 5273 (V.
2677 5209 2840 5268 'l‘afcl,
2877 5209 2913 5262 ι.
2947 5211 3006 5273 1.,
3034 5225 3092 5275 p.
3127 5213 3217 5261 376
3246 5214 3305 5264 et
3334 5212 3517 5278 seqq.)

600 5325 872 5399 Φιλόλογος
911 5328 936 5378 ὁ
973 5334 1065 5379 τοῦ
1110 5325 1318 5400 βιϐλίον
1363 5323 1518 5379 τοῦδε
1568 5328 1763 5398 πατὴρ,
1816 5328 1905 5376 καὶ
1946 5325 2126 5395 σοφίας

2308 5324 2657 5380 Litterarum
2706 5329 2762 5383 et
2792 5326 2988 5382 omnis
3021 5327 3325 5400 sapientia:
3352 5343 3484 5383 vere
3517 5324 3751 5383 amicus
3782 5326 3892 5382 hu-

527 5421 751 5492 ερας-φής
808 5416 1068 5492 ἑκατέρας,
1119 5426 1215 5481 τῆς
1253 5418 1506 5492 ἡμετέρας
1564 5420 1698 5490 φημὶ
1738 5418 1828 5467 καὶ
1878 5422 1974 5476 τῆς
2033 5413 2124 5465 Θύ-

2264 5427 2401 5468 usce
2446 5411 2582 5469 libri
2623 5417 2835 5470 auctor
2882 5419 2989 5482 est,
3019 5415 3184 5488 quod
3220 5414 3408 5471 lector
3436 5413 3768 5471 benevolus
3813 5429 3889 5469 ex

522 5509 697 5591 ραθεν,
748 5510 817 5570 ὡς
863 5509 1005 5563 ἔστιν
1043 5506 1130 5562 ἀπ’
1183 5506 1353 5562 αὐτῶν
1397 5516 1497 5563 τῶν
1551 5510 1945 5581 συγγαμματων
1994 5511 2125 5577 γνῶ-

2255 5516 2368 5575 pso
2398 5501 2623 5575 scripto
2641 5501 2815 5561 facile
2844 5503 3218 5576 dijudicabit.
3256 5503 3373 5561 Sed
3400 5502 3738 5574 longiorem
3767 5501 3884 5559 hac
