4126 6272
251 283 350 341 ω

1821 284 2120 348 ΝΟΤΙΤῙΑ.

3541 293 3650 353 3M

277 428 356 462 ναι
380 411 460 463 τὸν
490 407 932 483 ἰντυγχάνοντα.
976 409 1131 466 Ἀλλὰ
1157 417 1310 467 τοῦτο
1347 413 1437 487 μὶν
1489 411 1582 467 ούκ
1618 411 1679 466 ἂν
1723 409 1879 468 δέοιτι

2003 413 2079 471 de
2124 428 2188 472 re
2217 428 2558 473 sermonem
2597 415 2963 477 concinnare
3003 433 3200 494 operae
3243 432 3368 478 non
3397 419 3490 477 est
3514 433 3647 493 pre-

285 499 520 571 πλείονος,
545 499 732 574 οἶμαι,
767 499 946 573 λόγου,
974 499 1130 556 έκεῖνο
1160 498 1221 556 δε
1257 502 1447 576 μᾶλλον
1470 499 1892 577 προδιοριστέον,

291 591 349 650 ὡς
374 597 469 642 τῶν
496 589 673 661 λόγων
715 592 844 642 ἔνιοι
881 589 971 664 μέν
1011 595 1112 662 πρὸ
1141 599 1233 654 τῆς
1273 593 1554 665 ἱερωσύνης
1596 591 1895 667 ἐγράφησαν

286 679 329 747 (ό
356 687 560 752 πρῶτος
592 675 870 747 δηλονότι,
894 681 920 733 ό
947 684 1070 754 πρὸς
1092 685 1210 744 τοὺς
1227 681 1566 756 αἰτιωμένους
1589 683 1750 754 (1)τό
1774 681 1893 756 ἀφι-

280 765 566 823 λενδεικτον
598 786 612 801 ’
642 775 736 823 καὶ
775 771 802 823 ό
842 771 1040 841 ἑφεξῆς,
1063 774 1201 827 ότοῦ
1231 777 1523 849 μακαρίτου
1547 772 1892 846 ἀρχιεπισκό-

277 877 377 912 που
400 867 584 914 Χονῶν
606 857 1028 933 έγκωμιαστικός
1053 878 1066 892 ⁶
1093 866 1184 917 καὶ
1206 863 1232 915 ὀ
1252 863 1364 936 μετ’
1390 863 1606 932 αύτὸν,ό
1630 883 1893 939 πατριαρ-

278 950 488 1020 χικός)·
523 950 575 1002 οἱ
603 944 661 1002 δε
685 947 860 1002 λοιποὶ
879 951 1063 1012 πάντες
1078 953 1210 1023 μετὰ
1237 956 1327 1011 τὴν
1357 953 1659 1027 ἱερωσύνην.
1687 956 1782 1007 Καὶ
1813 948 1898 1005 δεῖ

282 1041 354 1109 μὴ
385 1036 584 1110 ἀγνοεῖν
614 1046 767 1092 τοῦτο
797 1041 888 1092 τόν
915 1043 1009 1092 σὺν
1049 1039 1312 1115 ἐπιστήμῃ
1344 1047 1450 1104 τοῖς
1475 1041 1644 1115 λόγοις
1669 1039 1892 1106 ἄντευξόο

281 1145 432 1197 μενον
457 1132 546 1180 καὶ
575 1132 1010 1200 συγγνωσόμενον
1038 1138 1110 1202 τῷ
1141 1127 1317 1204 ἀνδρὶ,
1350 1131 1394 1185 εἰ
1429 1139 1516 1184 νῦν
1545 1133 1636 1205 μεν
1672 1135 1799 1204 πρὸς
1835 1135 1891 1185 τό

276 1223 644 1290 νεανικώτερον
685 1215 1127 1293 ἁποθρασύνεται,
1184 1225 1271 1274 καὶ
1331 1228 1442 1283 τοῖς
1500 1221 1555 1274 έκ
1614 1231 1890 1286 ποιητικῆς

275 1305 532 1378 ὀνόμασιν
562 1307 870 1380 ὡραΐζεταί,
891 1309 1166 1384 κουρίζων,
1191 1311 1256 1371 ὡς
1276 1311 1338 1362 ἄν
1375 1330 1456 1373 τις
1493 1314 1647 1378 εἴποι,
1681 1315 1770 1364 καὶ
1790 1313 1889 1364 ύπὸ

272 1395 596 1468 θερμότητος
633 1394 967 1471 ἐκφερόμενος
988 1417 1000 1431 ο
1046 1405 1130 1451 νῦν
1170 1395 1230 1452 δε
1254 1398 1535 1472 ύπαυχμος
1567 1404 1794 1473 φαίνεται
1827 1402 1891 1453 τὰ

268 1483 456 1554 πολλὰ,
520 1489 612 1536 καὶ
662 1488 722 1537 τὸ
777 1484 1021 1557 ἁγλευκὲς
1067 1491 1503 1560 περιπτύσσεταυ
1568 1489 1724 1542 Αἰτία
1787 1491 1886 1565 γὰρ

270 1572 329 1625 ού
369 1580 628 1626 τοσοῦτον
685 1575 714 1632 ἠ
768 1573 863 1633 ὕλη
908 1584 1009 1628 τῶν
1038 1577 1352 1643 ὑποθέσεων,
1385 1580 1506 1631 ὅσον
1545 1580 1575 1639 ἡ
1618 1587 1718 1632 τῶν
1759 1577 1888 1651 βίων

273 1657 529 1737 διαφορά.
584 1662 725 1722 Πλὴν
764 1669 853 1716 καὶ
893 1665 1051 1728 οὕτως
1109 1668 1138 1725 ἡ
1199 1668 1444 1740 ὁμοιότης
1501 1666 1738 1721 ἁπάντων
1773 1664 1887 1720 δια-

2002 505 2187 570 tium;
2219 505 2282 562 id
2319 521 2510 563 unum
2555 507 2893 566 notandum
2931 513 3039 581 est,
3087 509 3288 583 plures
3332 525 3472 567 eum
3515 524 3649 568 ora-

2002 595 2233 653 tionum
2265 611 2512 653 suarum
2530 600 2858 669 antequam
2885 598 3199 657 sacerdotii
3227 615 3452 657 munus
3482 598 3649 658 iniis-

2003 685 2109 748 set,
2141 683 2470 758 scripsisse,
2506 689 2564 742 et
2589 685 2848 758 primam
2877 688 3155 762 quidem:
3186 689 3275 746 Ad
3297 704 3400 746 eos
3429 689 3534 762 qui
3562 688 3650 746 in-

2002 768 2410 841 dignabantur
2428 774 2595 846 quod
2614 774 2819 833 lumen
2842 793 3022 834 suum
3053 777 3166 834 sub
3191 779 3395 835 modio
3412 778 3650 852 posuis~

2002 864 2119 927 set;
2142 860 2281 918 dein
2297 863 2631 920 orationem
2652 864 3055 924 laudatoriam
3080 869 3142 923 in
3161 866 3409 924 beatum
3427 867 3651 924 archie-

2000 949 2316 1023 piscopum
2350 951 2720 1026 Chonarum;
2753 955 2986 1012 tertiam
3023 954 3284 1029 denique
3312 955 3374 1012 in
3403 955 3652 1029 patriar-

2001 1039 2215 1108 cham;
2266 1045 2510 1098 caeteras
2541 1047 2741 1100 autem
2791 1059 3002 1102 omnes
3033 1049 3166 1118 post
3211 1044 3416 1102 initum
3451 1059 3648 1102 sacer-

2000 1128 2199 1185 dotale
2247 1145 2471 1186 munus
2531 1131 2720 1188 editas
2776 1132 2995 1202 fuisse;
3044 1150 3201 1207 quas
3257 1150 3395 1191 cum
3445 1133 3651 1204 legerit

2001 1218 2216 1292 aliquis
2253 1227 2452 1278 mente
2484 1221 2765 1290 candida,
2801 1224 3028 1281 auctori
3059 1224 3345 1295 ignoscet,
3375 1223 3480 1280 ubi
3508 1239 3648 1282 cum

2001 1308 2328 1365 temeritate
2351 1310 2624 1381 juvenili,
2665 1311 2931 1369 ﬂosculis
2962 1313 3211 1385 poeticis
3239 1312 3540 1386 pueriliter
3562 1312 3649 1370 in-

1998 1397 2197 1466 haeret,
2229 1405 2285 1456 et
2305 1399 2444 1456 alibi
2475 1405 2774 1458 oratorem
2805 1417 2867 1458 se
2889 1402 3123 1459 aridum
3139 1407 3196 1460 et
3220 1403 3453 1459 nudum
3475 1402 3644 1473 gerit;

1999 1489 2172 1559 cujus
2212 1489 2295 1544 rei
2342 1505 2530 1547 causa
2558 1505 2682 1547 non
2711 1490 3204 1548 dissertationum
3233 1493 3504 1564 materia,
3540 1491 3647 1548 sed

1997 1576 2332 1634 differentia
2387 1594 2689 1636 annorum
2744 1578 3029 1637 habenda
3082 1585 3189 1653 est,
3249 1581 3471 1654 quibus
3515 1580 3646 1637 illas

1996 1667 2351 1739 composuit.
2406 1669 2626 1725 Omnes
2672 1673 2875 1725 tamen
2907 1670 2991 1725 sic
3039 1685 3284 1744 quoque
3315 1669 3648 1726 similitudi-

272 1754 532 1823 γαίνεται,
557 1755 650 1803 καὶ
670 1755 764 1804 τόύ
786 1751 948 1806 αὐτοῦ
978 1758 1173 1829 πατρός
1204 1763 1358 1827 φῦναι
1385 1758 1595 1817 τούτους
1619 1759 1879 1820 κάκεινους

1993 1771 2134 1811 nem
2157 1755 2422 1829 aliquam
2444 1772 2568 1830 prae
2593 1774 2654 1814 se
2677 1757 2934 1814 ferentes
2958 1759 3037 1815 ab
3051 1759 3264 1816 eodem
3283 1776 3344 1816 se
3361 1759 3646 1832 scriptore

271 1847 578 1914 κατηγορεῖ.
633 1839 752 1893 Ἔτι
812 1839 1016 1895 κάκεῖνο
1074 1845 1379 1918 προθεωριῖν
1433 1842 1732 1917 ἀναγκαῖον,
1794 1849 1883 1911 ὡς,

273 1930 429 1986 ἡνίκα
451 1932 550 2001 μὶν
577 1925 673 2001 ἦγε
693 1929 917 2002 σχολὴν,
939 1937 1028 1984 καὶ
1057 1938 1176 2006 περὶ
1202 1937 1387 2004 μόνους
1411 1930 1522 2006 εἶχε
1542 1938 1662 1998 τούς
1678 1934 1881 2006 λόγους,

273 2015 578 2082 ἐπιδείξεως
629 2026 813 2096 χώραν
871 2017 988 2074 οὐδ’
1036 2020 1120 2075 ἐπὶ
1180 2027 1472 2099 κοινοτέρου
1537 2023 1884 2101 ἁκροατηρίου

274 2106 619 2184 έθεατρίσατο
645 2129 657 2142 ·
687 2112 733 2161 εἰ
759 2129 812 2164 τι
843 2105 902 2163 δὲ
929 2109 1240 2181 ἐπονήσατο,
1273 2113 1389 2164 καθ’
1423 2112 1624 2178 ἑαυτόν,
1656 2116 1682 2166 ὅ
1708 2135 1882 2186 φασιν,

272 2192 413 2250 ἄδων
445 2195 602 2257 ἐπονὴ
615 2217 743 2251 σατο
773 2213 786 2228 °
816 2207 968 2252 τοῦτο
1001 2196 1053 2254 δ’
1084 2204 1204 2254 ὅσον
1225 2200 1427 2255 κολούει
1464 2207 1558 2262 τὴν
1598 2201 1676 2257 ἐπὶ
1717 2203 1884 2276 λόγοις

274 2283 544 2362 ἀκρίϐειαν
572 2288 686 2359 οἶμα
717 2292 808 2341 καὶ
839 2287 1154 2362 φιλοτιμίαν,
1195 2292 1378 2344 ἴσασιν
1409 2292 1456 2344 οἱ
1498 2287 1714 2354 εἰδότες.
1745 2292 1884 2346 Ἐπεὶ

276 2370 331 2428 δι
359 2377 646 2452 ἱερωσύνης
675 2375 832 2437 ὶπέϐη
875 2380 963 2430 καί
995 2381 1134 2450 παρὰ
1169 2386 1259 2433 τοῦ
1291 2378 1676 2456 ἐπαγγέλματος
1706 2385 1764 2436 τὸ
1793 2389 1883 2440 τοῦ

280 2462 439 2536 λέγειν
470 2470 561 2519 καὶ
602 2468 817 2543 γράφειν
858 2463 1130 2544 ἐνδόσιμον
1179 2467 1374 2537 ἔλαϐεν,
1416 2465 1532 2524 οὐδ’
1572 2469 1792 2527 ἐνταῦθα
1818 2473 1885 2524 τὰ

268 2560 356 2616 τῆς
387 2550 695 2620 ἐπιδείξεως
725 2551 840 2626 εἶχε
867 2555 1170 2629 προϐάλλειν
1193 2557 1558 2634 φιλοτιμότερα
1582 2574 1594 2588 ·
1618 2567 1770 2617 τοῦτο
1791 2563 1881 2638 μὲν

266 2649 354 2706 τῆς
385 2644 672 2717 ἱερωσύνης
698 2643 756 2698 ού
789 2650 1242 2721 προσποιουμένης
1263 2644 1386 2700 ούδε
1407 2649 1498 2710 τὰς
1529 2646 1577 2700 ἐν
1607 2648 1743 2720 λόγῳ
1769 2648 1878 2702 ἑπι-

271 2726 474 2799 δείξεις,
508 2735 686 2808 ὥσπερ
717 2731 841 2792 οὐδὲ
861 2736 954 2796 τὰς
978 2733 1025 2788 ἐν
1052 2735 1204 2811 ἑτέρῳ
1235 2733 1595 2810 οίῳδηποτούν
1616 2741 1879 2814 κατορθώ-

269 2841 413 2895 ματι,
441 2823 525 2876 ὅτι
554 2828 628 2896 μὴ
663 2827 754 2878 καί
786 2823 978 2898 μᾶλλον
1000 2821 1223 2888 κηλῖδας
1252 2826 1574 2899 νομιζούσης
1594 2833 1684 2883 καὶ
1705 2847 1880 2902 μειρα-

266 2907 428 2973 κιωδη
477 2910 784 2987 ἀθύρματα,
836 2913 865 2977 ἡ
950 2910 1342 2987 σπουδάσματα
1397 2931 1409 2944 ³
1481 2924 1633 2970 τοῦτο
1678 2913 1736 2973 δὲ
1779 2925 1877 2969 τῶν

280 2996 611 3075 έαροωμένων
663 3001 951 3080 Ἀθήνησιν
989 3002 1153 3058 ούκέτ⁹
1214 3008 1369 3058 ὄντων
1409 3003 1724 3077 φιλομαθῶν,
1755 3003 1878 3064 οὐδε

270 3095 721 3162 προσεκκαιόντων
761 3095 856 3150 τὴν
910 3099 1002 3147 τοῦ
1038 3093 1192 3165 λόγου
1249 3095 1555 3169 θερμότητα,
1589 3095 1776 3168 μᾶλλον
1819 3093 1877 3150 δὲ

265 3182 548 3234 ποιούντων
579 3180 967 3248 έπινυστάζειν,
997 3183 1074 3246 οἷς
1103 3183 1372 3259 ὑπόκωφον
1413 3179 1761 3241 ἐνδείκνυνται
1784 3190 1876 3246 τὴν

268 3266 544 3338 ἀκρόασιν,
589 3271 674 3321 ἶνα
701 3274 773 3342 μὴ
807 3268 962 3341 λέγω,
995 3273 1073 3328 ότι
1112 3273 1214 3325 ὅσα
1260 3277 1349 3327 καὶ
1388 3272 1546 3347 λύρας
1577 3278 1708 3344 ὄνος,
1743 3278 1878 3328 κατὰ

1994 1851 2233 1902 exortas
2265 1863 2395 1903 esse
2427 1849 2571 1904 satis
2597 1847 2881 1904 clamant.
2910 1853 2970 1906 ln
2992 1865 3114 1922 quo
3139 1849 3196 1905 id
3227 1865 3471 1923 quoque
3491 1865 3646 1922 prae-

1991 1940 2201 1992 notare
2223 1936 2394 2007 juvat
2424 1937 2611 2009 quod,
2645 1938 2693 1992 si
2725 1937 2942 1995 decoro
2991 1954 3130 1994 cum
3169 1939 3288 1995 otio
3315 1939 3520 1996 litteris
3547 1955 3644 1997 so-

1991 2023 2063 2080 lis
2095 2024 2380 2094 studeret,
2408 2041 2531 2081 non
2561 2025 2900 2083 auditorum
2923 2026 3401 2083 benevolentiam
3442 2032 3642 2100 capta-

1991 2117 2097 2186 ret,
2122 2114 2182 2170 id
2201 2131 2389 2171 unum
2411 2130 2598 2186 agens
2620 2120 2683 2171 ut
2707 2115 2819 2171 sibi
2844 2115 2958 2188 ipsi
2989 2115 3432 2173 sufﬁceret.lloc
3448 2132 3644 2190 quan-

1995 2205 2123 2260 tum
2154 2207 2370 2260 noceat
2417 2204 2585 2276 operi
2637 2204 3031 2275 conﬁciendo,
3065 2220 3266 2260 rerum
3296 2205 3648 2276 hujusmodi

1993 2291 2166 2365 periti
2195 2292 2383 2365 probe
2407 2295 2651 2348 norunt.
2677 2292 2791 2349 Sed
2819 2297 2955 2367 post
2973 2293 3376 2350 sacerdotium
3400 2309 3645 2368 quoque

1991 2379 2228 2450 initum,
2286 2380 2391 2439 ubi
2439 2380 2680 2439 dicendi
2727 2381 3103 2438 scribendive
3153 2382 3321 2439 locus
3368 2385 3510 2450 erat,
3553 2381 3644 2440 vir

1992 2485 2208 2543 parum
2269 2471 2625 2528 ambitiosus
2690 2471 2868 2541 longe
2911 2471 2989 2528 ab
3038 2471 3206 2528 omni
3244 2472 3643 2530 ostentatione

1993 2558 2200 2620 abfuit.
2233 2559 2350 2617 Nec
2388 2560 2642 2628 mirum;
2676 2560 3017 2620 sacerdotes
3055 2560 3216 2617 enim
3245 2559 3322 2617 de
3357 2559 3640 2633 operibus

1989 2663 2026 2704 a
2071 2663 2135 2703 se
2191 2649 2422 2722 scriptis
2469 2664 2591 2706 non
2633 2650 2828 2720 magis
2872 2665 3060 2722 quam
3091 2649 3166 2705 de
3195 2664 3557 2722 quacunque
3581 2664 3644 2705 re

1987 2737 2301 2794 mundana
2349 2739 2591 2812 spiritus
2645 2754 2881 2796 sumere
2924 2739 3096 2795 decet
3139 2756 3152 2806 ;
3209 2754 3341 2812 quas
3373 2739 3579 2794 omnia
3610 2753 3642 2794 e

1988 2830 2196 2882 contra
2239 2843 2350 2899 pro
2394 2826 2572 2898 nugis
2625 2843 2695 2884 ac
2739 2827 3082 2900 quisquiliis
3135 2827 3421 2884 habenda
3480 2831 3639 2883 sunt.

1988 2916 2111 2970 Huc
2139 2915 2296 2972 adde
2339 2916 2506 2990 quod
2537 2916 2926 2974 Athenienses
2967 2915 3154 2972 nostri
3183 2915 3496 2988 temporis,
3528 2931 3640 2971 au-

1986 3003 2190 3060 diendi
2217 3020 2435 3079 parum
2460 3005 2685 3078 cupidi,
2716 3009 2841 3061 arte
2863 3005 3117 3061 oratoris
3141 3003 3459 3060 difﬁculter
3489 3003 3643 3061 exci‘

1987 3097 2207 3155 tantur,
2249 3094 2372 3152 imo
2428 3095 2580 3152 inter
2629 3093 2984 3150 concionem
3033 3092 3378 3149 obdormire
3427 3091 3638 3160 solent,

1986 3187 2043 3240 et
2065 3183 2238 3256 parvi
2263 3183 2524 3256 pendere
2550 3199 2689 3242 eum
2717 3183 2821 3255 qui
2865 3184 3170 3253 egregiam
3215 3181 3482 3254 aliquam
3511 3197 3639 3236 rem

1984 3272 2245 3346 protulit,
2275 3290 2311 3331 a
2339 3289 2462 3346 qua
2487 3289 2608 3330 non
2639 3273 2839 3330 minus
2868 3289 3056 3346 quam
3087 3273 3292 3329 asinus
3322 3287 3358 3328 a
3383 3271 3516 3344 lyra
3537 3270 3642 3328 ab-

1982 3361 2243 3419 horrent.
2277 3363 2334 3420 δί
2365 3363 2600 3419 tertium
2630 3362 2766 3418 dein
2797 3361 3298 3434 impedimentum
3324 3360 3636 3418 admittere

1981 3450 2170 3516 voles,
2221 3457 2545 3522 memento,
2591 3451 2695 3507 otii
2726 3451 3090 3515 absentiam,
3119 3450 3498 3522 negotiorum
3537 3463 3633 3506 ur-

1983 3540 2245 3610 gentiam
2273 3540 2468 3597 facere
2485 3545 2548 3597 ut
2576 3542 2799 3613 stylum
2821 3546 2879 3596 et
2899 3541 3244 3610 dictionem,
3272 3539 3454 3596 rebus
3467 3537 3640 3613 parvi

1981 3630 2275 3686 momenti
2305 3630 2484 3687 nimis
2511 3631 2792 3700 intentus,
2821 3631 3023 3688 minus
3053 3646 3245 3686 cures.

259 3365 350 3415 τὴν
379 3363 696 3430 παροιμίαν,
722 3364 816 3410 τοῦ
836 3363 1087 3432 περισσόν
1117 3379 1168 3412 τι
1195 3359 1425 3431 λέγοντος
1459 3359 1874 3438 ἐπιστρέφονται·

256 3443 318 3502 Ἥ
355 3465 417 3517 γε
455 3451 564 3518 μὴν
587 3445 826 3520 ἀσχολία
853 3451 942 3498 καὶ
966 3451 1024 3500 τό
1063 3449 1163 3500 ὑπὸ
1193 3452 1516 3524 πραγμάτων
1539 3449 1876 3505 mmmam

257 3534 347 3586 οὐκ
367 3533 568 3588 ἐώντων
609 3534 1019 3610 ἐξακριϐοῦσθαι
1049 3539 1112 3590 τὰ
1144 3545 1234 3591 τοῦ
1265 3538 1443 3611 λόγου,
1475 3539 1664 3615 μᾶλλον
1697 3537 1756 3597 δὲ
1785 3547 1874 3597 καὶ

257 3623 495 3696 πάρεργα
560 3621 1026 3698 προσϐιαζομένων
1089 3624 1418 3695 λογίζεσθαι,
1487 3632 1660 3700 τρίτον
1701 3627 1754 3682 ὃν
1807 3638 1867 3702 τῇ

259 3711 645 3786 ἀπαριθμήσει,
667 3722 872 3788 πρῶτον
897 3723 959 3787 τῇ
995 3711 1217 3788 δυνάμει
1248 3721 1505 3790 φαίνεται.

323 3809 505 3856 Ταῦτα
528 3811 846 3856 συννοούντα
881 3806 968 3856 τὸν
994 3803 1365 3877 ἐντευξόμενον,
1399 3810 1570 3880 χρεὼν
1600 3811 1671 3878 μὴ
1703 3807 1872 3882 βαρύν

257 3890 509 3962 λογιστήν
551 3892 900 3961 καθέζεσθαι,
930 3891 1140 3964 ἀγάπης
1161 3891 1220 3947 δὲ
1249 3893 1458 3966 μᾶλλον,
1491 3895 1534 3947 εἰ
1558 3900 1630 3968 μὴ
1662 3899 1795 3949 πάνυ
1819 3917 1871 3948 τι

257 3989 342 4034 τοῦ
382 3980 636 4056 ἀκριϐοῦς
692 3983 760 4034 τὰ
799 3983 937 4033 οὕτω
975 3988 1299 4055 πεπονημένα
1357 3982 1696 4054 ἐκπέπτωκεν,
1764 3983 1871 4036 ἀλλ’

2054 3807 2230 3879 Cujus
2269 3809 2355 3865 rei
2399 3823 2632 3864 memor
2669 3807 2854 3864 lector
2907 3823 3029 3864 non
3059 3805 3289 3876 rigidus
3328 3804 3518 3874 judex
3548 3819 3635 3860 se-

1981 3895 2163 3966 debit,
2211 3897 2319 3953 sed
2368 3896 2701 3966 indulgebit
2740 3897 2906 3968 Operi
2954 3895 3154 3950 minus
3202 3891 3480 3964 expolito,
3531 3891 3635 3950 ubi

1981 3985 2122 4039 artis
2165 3986 2421 4055 vestigia
2466 3985 2672 4058 aliqua
2719 3985 2779 4039 in
2825 3982 3098 4052 vocibus,
3139 3979 3243 4037 ubi
3292 3979 3634 4036 orationum

1981 4078 2339 4129 ornamenta
2363 4088 2485 4128 non
2516 4071 2961 4128 contemnenda
2998 4068 3469 4142 comprehendet
3495 4083 3632 4124 cum

1981 4162 2244 4220 claritate
2265 4160 2616 4216 sufﬁciente.
2647 4159 2986 4231 Saepissime
3018 4159 3177 4214 enim
3211 4159 3400 4230 stylus
3429 4155 3506 4212 ad
3535 4172 3630 4211 su-

1980 4252 2162 4308 blime
2185 4267 2375 4323 usque
2403 4249 2666 4306 ascendit
2691 4248 2844 4304 ultra
2868 4265 3054 4321 quam
3077 4249 3166 4304 fas
3195 4253 3284 4304 est
3310 4253 3477 4304 etars
3499 4245 3631 4302 ora?

260 4341 315 4388 τό
356 4336 792 4410 περιϐεϐλημένον
826 4333 1033 4410 σφόδρα
1059 4343 1563 4412 περιηγκωνισμένον
1601 4344 1688 4392 καὶ
1717 4339 1872 4393 λαϐυ-

1989 4344 2131 4397 toria
2144 4339 2516 4413 permittit.ld
2538 4354 2782 4410 quoque
2806 4337 2970 4394 nullo
2986 4339 3166 4394 modo
3184 4354 3323 4394 cum
3345 4335 3633 4409 vituperio

259 4423 525 4495 ρινθῶδες,
571 4425 701 4477 ἀλλὰ
743 4431 834 4478 καὶ
885 4427 915 4484 ἡ
959 4426 1199 4500 περιϐολὴ
1251 4423 1632 4500 ὃιευκρίνηται,
1682 4435 1772 4482 καὶ
1812 4433 1870 4482 τό

1989 4429 2316 4484 notandum
2339 4433 2426 4483 est
2446 4427 2492 4482 si
2511 4431 2712 4482 orator
2726 4426 2785 4482 in
2808 4426 3056 4482 edendis
3069 4426 3288 4482 divinis
3303 4425 3634 4481 meditatio-

266 4519 416 4583 σαφὲς
442 4513 842 4590 περιϐέϐληται,
874 4519 962 4566 καὶ
993 4521 1209 4587 μετρίως
1249 4514 1534 4590 ἀμφότερα.
1575 4516 1870 4591 Ἦρμοσται

1989 4517 2162 4572 nibus
2185 4516 2609 4572 sublimitatem
2625 4515 2944 4584 atl‘ectat,id
2965 4514 3130 4588 quod
3152 4531 3262 4571 nec
3282 4514 3636 4586 ineloquen-

1980 4608 2059 4663 tia
2089 4605 2441 4675 Christiana,
2465 4621 2573 4661 nec
2595 4606 2654 4660 in
2676 4606 2945 4660 oratione
2965 4605 3221 4676 pedestri
3239 4603 3629 4676 displicuerit.

1978 4699 2246 4769 Namque
2263 4694 2532 4751 Ecclesiae
2552 4710 2825 4750 summus
2846 4698 3047 4750 orator
3063 4693 3232 4749 dicit:
3248 4695 3634 4762 Quaecunque

1978 4784 2248 4858 pulchra.
2275 4784 2321 4839 si
2350 4799 2473 4855 qua
2495 4783 2697 4853 virtus,
2733 4783 2925 4855 siqua
2964 4782 3097 4837 laus
3135 4781 3480 4852 disciplinae,
3503 4778 3634 4833 hmo

1977 4874 2231 4943 cogitate
2259 4873 2552 4943 (Philipp.
2576 4875 2661 4941 ιν,
2687 4875 2717 4926 8
2731 4892 2761 4929 ·.
2791 4871 2847 4926 Si
2875 4887 3017 4926 vero
3049 4875 3186 4942 post
3205 4884 3429 4925 munus
3442 4883 3633 4922 sacer-

1977 4961 2176 5018 dotale
2218 4962 2452 5030 initum,
2486 4961 2785 5016 orationes
2816 4959 3174 5028 elegantiam
3215 4956 3509 5028 poeticam
3539 4970 3634 5010 rc-

1975 5049 2196 5114 dolent,
2244 5049 2469 5120 quippe
2501 5064 2637 5119 qtize
2670 5047 2839 5102 aliter
2884 5045 3084 5118 politte
3116 5061 3245 5100 esse
3277 5043 3630 5116 nequibant,

1971 5154 2094 5194 non
2122 5143 2211 5193 est
2233 5139 2400 5210 quod
2430 5137 2714 5191 lectorum
2750 5136 2985 5190 veniam
3010 5139 3254 5206 expetas
3275 5132 3439 5188 haud
3466 5132 3632 5200 igno-

1970 5228 2232 5283 rantium
2265 5227 2692 5282 hodiernarum
2732 5224 3243 5280 declamationum
3273 5221 3629 5278 bacchicum

1969 5316 2232 5374 furorem
2272 5333 2306 5374 a
2354 5315 2480 5373 sola
2538 5314 2798 5387 Calliope
2861 5311 3209 5382 oriundum,
3254 5315 3316 5368 ut
3347 5308 3619 5367 omittam

259 4071 394 4122 ἔστιν
443 4068 504 4122 οὗ
552 4077 770 4133 καὶτῆς
817 4076 1008 4142 τέχνης
1047 4071 1298 4144 ἐξέχεται,
1333 4079 1423 4126 καὶ
1469 4075 1560 4136 τας
1607 4071 1750 4136 ἰδέας
1780 4083 1872 4128 τοῦ

257 4158 531 4212 πολιτικοῦ
570 4158 730 4230 λόγου
773 4164 1111 4234 συγκίρνησι,
1140 4167 1229 4213 καὶ
1261 4165 1377 4214 οὔτε
1415 4165 1472 4214 τό
1503 4163 1728 4238 καθαρόν
1759 4166 1872 4236 ἔχει

257 4253 617 4321 πεπατημένον
659 4253 750 4300 καὶ
783 4248 855 4310 εἰς
883 4245 1266 4320 χυόαιολογίαν
1296 4249 1738 4323 καταϐεϐλημένον
1757 4256 1871 4305 οὔτε

266 4597 324 4654 δὲ
348 4609 430 4656 καὶ
457 4603 562 4656 ἀπὸ
593 4612 695 4656 τῶν
725 4603 919 4655 λοιπῶν
951 4600 1122 4673 ἰδεῶν,
1151 4603 1198 4667 ἐς
1230 4606 1352 4657 ὅσον
1381 4605 1496 4668 ἐξῆν
1522 4623 1534 4635 ·
1569 4605 1796 4678 μάλιστα
1818 4605 1870 4660 δ’

258 4689 325 4752 εἰς
361 4695 582 4765 μέγεθος
621 4695 844 4767 αἴρεται,
887 4696 978 4743 καὶ
1007 4691 1176 4756 πλέον,
1209 4697 1339 4766 ἤπερ
1389 4695 1415 4746 ό
1469 4702 1561 4746 τού
1600 4694 1868 4747 πολιτικοῦ

259 4781 485 4842 θεσπίζει
522 4786 716 4832 κανών.
754 4784 856 4832 Καὶ
887 4779 948 4832 ού
974 4786 1135 4833 κακία
1167 4789 1320 4834 τοῦτο
1353 4779 1529 4840 δήπου
1558 4791 1648 4835 τοῦ
1689 4783 1864 4856 λόγου,

257 4869 331 4919 ὃτι
358 4866 497 4942 μηδὲ
528 4867 742 4943 σφόδρα
770 4867 1070 4940 βουλομένῳ
1093 4871 1199 4922 οἷον
1231 4890 1284 4923 τε
1310 4872 1392 4938 ἦν,
1417 4873 1537 4924 ὅσον
1555 4870 1638 4924 ἐπὶ
1663 4880 1869 4945 σεμναῖς

258 4953 463 5022 ἐννοίαις
500 4964 575 5030 μὴ
620 4956 952 5030 διαίρεσθαι,
1000 4959 1076 5018 αἷς
1116 4964 1262 5011 πᾶσα
1307 4964 1648 5033 χριστιανικὴ
1690 4961 1869 5033 ὁμιλία

254 5055 519 5118 κοσμεῖται
553 5065 564 5078 ⁸
607 5049 668 5102 ού
708 5052 868 5121 μόνον
895 5045 946 5098 ἐν
984 5044 1372 5120 λογογραφίαις,
1408 5047 1512 5100 ἀλλ’
1545 5046 1653 5106 ἤδη
1696 5056 1784 5102 καὶ
1817 5049 1866 5102 ὲν

343 5137 514 5200 απλῶς
531 5143 779 5210 κοινωνία
806 5143 902 5188 τοῦ
928 5135 1112 5206 λόγου.
1143 5135 1285 5188 Ὀσα
1312 5140 1437 5209 γαρ,
1461 5157 1526 5210 φη
1539 5143 1621 5190 σὶν
1649 5139 1863 5214 όρητωρ

259 5229 342 5286 τῆς
371 5225 703 5287 Ἐκκλησίας,
752 5225 939 5296 σεμνὰ,
977 5226 1019 5275 εἱ
1042 5243 1121 5285 τις
1161 5222 1313 5298 ἀρετὴ
1348 5229 1438 5277 καὶ
1466 5228 1509 5278 εἰ
1531 5244 1611 5286 τις
1641 5228 1861 5294 ἔπαινος,

257 5320 404 5368 ταῦτα
438 5321 526 5370 καί
557 5316 865 5390 λογίζεσθε.
917 5312 980 5366 Εἰ
1033 5308 1092 5366 δὲ
1156 5317 1244 5366 καὶ
1282 5316 1414 5389 μετὰ
1453 5318 1545 5373 τὴν
1579 5316 1861 5390 ἱερωσύνην

311 5606 381 5678 (ί)
416 5609 478 5664 In
509 5600 926 5678 inscriptione
955 5596 1141 5676 hujus
1171 5614 1258 5658 or.
1288 5598 1454 5684 apud
1485 5599 1694 5663 Band"
1723 5604 1860 5676 [πρὸς

1989 5622 2000 5666 ;
2028 5599 2359 5676 ἀχθομένους
2398 5597 2491 5674 diu
2527 5600 2585 5652 τὸ
2618 5591 3020 5672 ἀφιλένδεικτον.
