  <div class='ocr_page' id='page_1' title='image "/cluster/home/n/w/nwhite01/storage/ocr_20150623/140/mdp.39015022213980/166.png"; bbox 0 0 4126 6272; ppageno 0'>
   <div class='ocr_carea' id='block_1_1' title="bbox 199 257 1828 362">
    <p class='ocr_par' dir='ltr' id='par_1_1' title="bbox 199 257 1828 360">
     <span class='ocr_line' id='line_1_1' title="bbox 199 257 1828 360; baseline 0.007 -47"><span class='ocrx_word' id='word_1_1' title='bbox 199 257 272 314; x_wconf 65' lang='lat' dir='ltr'><strong>tu</strong></span> <span class='ocrx_word' id='word_1_2' title='bbox 1765 271 1828 360; x_wconf 89' lang='lat' dir='ltr'><strong>N</strong></span> 
     </span>
    </p>
   </div>
   <div class='ocr_carea' id='block_1_2' title="bbox 1960 257 3589 362">
    <p class='ocr_par' dir='ltr' id='par_1_2' title="bbox 1960 269 3589 362">
     <span class='ocr_line' id='line_1_2' title="bbox 1960 269 3589 362; baseline 0.007 -12"><span class='ocrx_word' id='word_1_3' title='bbox 1960 269 2062 350; x_wconf 70' lang='lat' dir='ltr'><strong>&#39;IA-</strong></span> <span class='ocrx_word' id='word_1_4' title='bbox 3485 275 3589 362; x_wconf 53' lang='grc' dir='ltr'><strong>ξιξ</strong></span> 
     </span>
    </p>
   </div>
   <div class='ocr_carea' id='block_1_3' title="bbox 227 384 1856 468">
    <p class='ocr_par' dir='ltr' id='par_1_3' title="bbox 227 384 1830 466">
     <span class='ocr_line' id='line_1_3' title="bbox 227 384 1830 466; baseline 0.003 -27"><span class='ocrx_word' id='word_1_5' title='bbox 227 384 271 454; x_wconf 67' lang='grc' dir='ltr'><strong>υ..</strong></span> <span class='ocrx_word' id='word_1_6' title='bbox 311 385 580 454; x_wconf 71' lang='grc' dir='ltr'>πολιτῶν),</span> <span class='ocrx_word' id='word_1_7' title='bbox 664 395 773 442; x_wconf 82' lang='grc' dir='ltr'>καὶ</span> <span class='ocrx_word' id='word_1_8' title='bbox 833 392 1082 466; x_wconf 85' lang='grc' dir='ltr'>παράπαν</span> <span class='ocrx_word' id='word_1_9' title='bbox 1137 389 1504 464; x_wconf 77' lang='grc' dir='ltr'>ἀφαντωθῆναι</span> <span class='ocrx_word' id='word_1_10' title='bbox 1560 388 1830 445; x_wconf 77' lang='grc' dir='ltr'>κινδυνεύ-</span> 
     </span>
    </p>
   </div>
   <div class='ocr_carea' id='block_1_4' title="bbox 1966 384 3595 468">
    <p class='ocr_par' dir='ltr' id='par_1_4' title="bbox 1966 392 3595 468">
     <span class='ocr_line' id='line_1_4' title="bbox 1966 392 3595 468; baseline 0.002 -19"><span class='ocrx_word' id='word_1_11' title='bbox 1966 406 2132 449; x_wconf 91' lang='lat' dir='ltr'><strong>nanu</strong></span> <span class='ocrx_word' id='word_1_12' title='bbox 2152 392 2476 450; x_wconf 82' lang='lat' dir='ltr'><strong>auxiliante</strong></span> <span class='ocrx_word' id='word_1_13' title='bbox 2498 394 2768 466; x_wconf 82' lang='lat' dir='ltr'><strong>spiritum</strong></span> <span class='ocrx_word' id='word_1_14' title='bbox 2801 399 3134 468; x_wconf 84' lang='lat' dir='ltr'><strong>recuperat.</strong></span> <span class='ocrx_word' id='word_1_15' title='bbox 3165 397 3313 452; x_wconf 86' lang='lat' dir='ltr'><strong>Nam</strong></span> <span class='ocrx_word' id='word_1_16' title='bbox 3335 411 3459 452; x_wconf 93' lang='lat' dir='ltr'><strong>non</strong></span> <span class='ocrx_word' id='word_1_17' title='bbox 3477 395 3595 452; x_wconf 83' lang='lat' dir='ltr'><strong>nisi</strong></span> 
     </span>
    </p>
   </div>
   <div class='ocr_carea' id='block_1_5' title="bbox 238 475 1867 558">
    <p class='ocr_par' dir='ltr' id='par_1_5' title="bbox 238 475 1833 553">
     <span class='ocr_line' id='line_1_5' title="bbox 238 475 1833 553; baseline 0.003 -25"><span class='ocrx_word' id='word_1_18' title='bbox 238 494 351 541; x_wconf 78' lang='grc' dir='ltr'>ουσα,</span> <span class='ocrx_word' id='word_1_19' title='bbox 407 475 450 528; x_wconf 77' lang='grc' dir='ltr'>εἱ</span> <span class='ocrx_word' id='word_1_20' title='bbox 499 481 580 548; x_wconf 79' lang='grc' dir='ltr'>μὴ</span> <span class='ocrx_word' id='word_1_21' title='bbox 678 486 782 530; x_wconf 87' lang='grc' dir='ltr'><strong>νῦν</strong></span> <span class='ocrx_word' id='word_1_22' title='bbox 849 477 1108 550; x_wconf 67' lang='grc' dir='ltr'>ἀνειέγκοι</span> <span class='ocrx_word' id='word_1_23' title='bbox 1182 482 1369 553; x_wconf 79' lang='grc' dir='ltr'>μικρὸν</span> <span class='ocrx_word' id='word_1_24' title='bbox 1433 485 1524 532; x_wconf 83' lang='grc' dir='ltr'><strong>καὶ</strong></span> <span class='ocrx_word' id='word_1_25' title='bbox 1602 480 1833 543; x_wconf 80' lang='grc' dir='ltr'>συλλέξοι</span> 
     </span>
    </p>
   </div>
   <div class='ocr_carea' id='block_1_6' title="bbox 1961 475 3590 558">
    <p class='ocr_par' dir='ltr' id='par_1_6' title="bbox 1961 477 3590 558">
     <span class='ocr_line' id='line_1_6' title="bbox 1961 477 3590 558; baseline 0.001 -20"><span class='ocrx_word' id='word_1_26' title='bbox 1961 498 2081 538; x_wconf 76' lang='lat' dir='ltr'><strong>:um</strong></span> <span class='ocrx_word' id='word_1_27' title='bbox 2109 498 2296 555; x_wconf 88' lang='lat' dir='ltr'><strong>regno</strong></span> <span class='ocrx_word' id='word_1_28' title='bbox 2317 487 2666 539; x_wconf 88' lang='lat' dir='ltr'><strong>renascente</strong></span> <span class='ocrx_word' id='word_1_29' title='bbox 2695 484 2829 555; x_wconf 88' lang='lat' dir='ltr'><strong>ipsa</strong></span> <span class='ocrx_word' id='word_1_30' title='bbox 2857 484 3094 541; x_wconf 81' lang='lat' dir='ltr'><strong>renasci</strong></span> <span class='ocrx_word' id='word_1_31' title='bbox 3121 477 3307 558; x_wconf 84' lang='lat' dir='ltr'><strong>posse</strong></span> <span class='ocrx_word' id='word_1_32' title='bbox 3337 484 3590 542; x_wconf 88' lang='lat' dir='ltr'><strong>videtur.</strong></span> 
     </span>
    </p>
   </div>
   <div class='ocr_carea' id='block_1_7' title="bbox 248 565 2818 640">
    <p class='ocr_par' dir='ltr' id='par_1_7' title="bbox 248 565 2818 640">
     <span class='ocr_line' id='line_1_7' title="bbox 248 565 2818 640; baseline 0.002 -21"><span class='ocrx_word' id='word_1_33' title='bbox 248 573 415 639; x_wconf 72' lang='grc' dir='ltr'>πνεῦμα,</span> <span class='ocrx_word' id='word_1_34' title='bbox 464 569 628 640; x_wconf 78' lang='grc' dir='ltr'>παρὰ</span> <span class='ocrx_word' id='word_1_35' title='bbox 699 576 800 628; x_wconf 74' lang='grc' dir='ltr'><strong>τῆς</strong></span> <span class='ocrx_word' id='word_1_36' title='bbox 846 567 1232 640; x_wconf 72' lang='grc' dir='ltr'>μεγαλουργοῦς</span> <span class='ocrx_word' id='word_1_37' title='bbox 1279 573 1370 620; x_wconf 81' lang='grc' dir='ltr'><strong>καὶ</strong></span> <span class='ocrx_word' id='word_1_38' title='bbox 1417 565 1832 631; x_wconf 73' lang='grc' dir='ltr'>πλουτοδότιδος</span> <span class='ocrx_word' id='word_1_39' title='bbox 2815 573 2818 580; x_wconf 78' lang='grc'><em>’</em></span> 
     </span>
    </p>
   </div>
   <div class='ocr_carea' id='block_1_8' title="bbox 251 653 1832 730">
    <p class='ocr_par' dir='ltr' id='par_1_8' title="bbox 251 653 1832 730">
     <span class='ocr_line' id='line_1_8' title="bbox 251 653 1832 730; baseline 0.001 -22"><span class='ocrx_word' id='word_1_40' title='bbox 251 654 677 728; x_wconf 67' lang='grc' dir='ltr'>ἆνειλαμϐανομένη</span> <span class='ocrx_word' id='word_1_41' title='bbox 758 653 960 726; x_wconf 85' lang='grc' dir='ltr'>δεξιᾶς,</span> <span class='ocrx_word' id='word_1_42' title='bbox 1022 663 1112 710; x_wconf 84' lang='grc' dir='ltr'><strong>καὶ</strong></span> <span class='ocrx_word' id='word_1_43' title='bbox 1157 661 1288 730; x_wconf 84' lang='grc' dir='ltr'><strong>μετά</strong></span> <span class='ocrx_word' id='word_1_44' title='bbox 1328 665 1426 719; x_wconf 83' lang='grc' dir='ltr'>τῆς</span> <span class='ocrx_word' id='word_1_45' title='bbox 1480 666 1658 720; x_wconf 79' lang='grc' dir='ltr'><strong>κοινῆς</strong></span> <span class='ocrx_word' id='word_1_46' title='bbox 1707 657 1832 710; x_wconf 77' lang='grc' dir='ltr'>ἅνα-</span> 
     </span>
    </p>
   </div>
   <div class='ocr_carea' id='block_1_9' title="bbox 247 744 1422 820">
    <p class='ocr_par' dir='ltr' id='par_1_9' title="bbox 247 744 1422 820">
     <span class='ocr_line' id='line_1_9' title="bbox 247 744 1422 820; baseline 0.002 -22"><span class='ocrx_word' id='word_1_47' title='bbox 247 748 416 809; x_wconf 74' lang='grc' dir='ltr'>ζὼσιως</span> <span class='ocrx_word' id='word_1_48' title='bbox 444 744 759 800; x_wconf 74' lang='grc' dir='ltr'>ἀπολαύσοι</span> <span class='ocrx_word' id='word_1_49' title='bbox 784 752 875 800; x_wconf 75' lang='grc' dir='ltr'>καὶ</span> <span class='ocrx_word' id='word_1_50' title='bbox 913 744 1053 809; x_wconf 79' lang='grc' dir='ltr'>ἰδίας</span> <span class='ocrx_word' id='word_1_51' title='bbox 1080 747 1422 820; x_wconf 80' lang='grc' dir='ltr'>ἐμπνεύσεως.</span> 
     </span>
    </p>
   </div>
   <div class='ocr_carea' id='block_1_10' title="bbox 302 835 1804 910">
    <p class='ocr_par' dir='ltr' id='par_1_10' title="bbox 302 835 1804 910">
     <span class='ocr_line' id='line_1_10' title="bbox 302 835 1804 910; baseline 0.001 -19"><span class='ocrx_word' id='word_1_52' title='bbox 302 838 448 891; x_wconf 83' lang='lat' dir='ltr'><strong>Hanc</strong></span> <span class='ocrx_word' id='word_1_53' title='bbox 467 837 824 908; x_wconf 86' lang='lat' dir='ltr'><strong>panegyrin</strong></span> <span class='ocrx_word' id='word_1_54' title='bbox 847 835 1129 892; x_wconf 90' lang='lat' dir='ltr'><strong>undecim</strong></span> <span class='ocrx_word' id='word_1_55' title='bbox 1152 836 1419 909; x_wconf 61' lang='lat' dir='ltr'><strong>epistolae</strong></span> <span class='ocrx_word' id='word_1_56' title='bbox 1450 841 1804 910; x_wconf 90' lang='lat' dir='ltr'><strong>sequuntur.</strong></span> 
     </span>
    </p>
   </div>
   <div class='ocr_carea' id='block_1_11' title="bbox 299 922 3576 1001">
    <p class='ocr_par' dir='ltr' id='par_1_11' title="bbox 299 922 3576 1001">
     <span class='ocr_line' id='line_1_11' title="bbox 299 922 3576 1001; baseline 0 -22"><span class='ocrx_word' id='word_1_57' title='bbox 299 927 419 991; x_wconf 76' lang='lat' dir='ltr'><strong>XlV,</strong></span> <span class='ocrx_word' id='word_1_58' title='bbox 459 941 526 997; x_wconf 86' lang='lat' dir='ltr'><strong>p.</strong></span> <span class='ocrx_word' id='word_1_59' title='bbox 575 929 671 981; x_wconf 82' lang='lat'><strong>&#39;73.</strong></span> <span class='ocrx_word' id='word_1_60' title='bbox 717 924 1027 997; x_wconf 66' lang='grc' dir='ltr'>Ἐπιταφίος</span> <span class='ocrx_word' id='word_1_61' title='bbox 1055 925 1121 986; x_wconf 84' lang='grc' dir='ltr'>εἰς</span> <span class='ocrx_word' id='word_1_62' title='bbox 1157 929 1244 977; x_wconf 88' lang='grc' dir='ltr'>τὸν</span> <span class='ocrx_word' id='word_1_63' title='bbox 1274 930 1568 1000; x_wconf 78' lang='grc' dir='ltr'><strong>μακαρίτην</strong></span> <span class='ocrx_word' id='word_1_64' title='bbox 1608 922 2033 998; x_wconf 79' lang='grc' dir='ltr'>ἀρχιμανδρίτην</span> <span class='ocrx_word' id='word_1_65' title='bbox 2072 933 2170 977; x_wconf 86' lang='grc' dir='ltr'>τῶν</span> <span class='ocrx_word' id='word_1_66' title='bbox 2195 923 2244 977; x_wconf 81' lang='grc' dir='ltr'>ἐν</span> <span class='ocrx_word' id='word_1_67' title='bbox 2279 925 2520 987; x_wconf 79' lang='grc' dir='ltr'><strong>Ἀθήναις</strong></span> <span class='ocrx_word' id='word_1_68' title='bbox 2549 931 2914 1001; x_wconf 83' lang='grc' dir='ltr'>μοναστηρίων</span> <span class='ocrx_word' id='word_1_69' title='bbox 2941 930 3119 996; x_wconf 80' lang='grc' dir='ltr'>κύριον</span> <span class='ocrx_word' id='word_1_70' title='bbox 3148 933 3426 1000; x_wconf 68' lang='grc' dir='ltr'>Νέοφυτον,</span> <span class='ocrx_word' id='word_1_71' title='bbox 3452 931 3576 986; x_wconf 84' lang='lat' dir='ltr'><strong>Inc.</strong></span> 
     </span>
    </p>
   </div>
   <div class='ocr_carea' id='block_1_12' title="bbox 240 1013 2832 1088">
    <p class='ocr_par' dir='ltr' id='par_1_12' title="bbox 240 1013 2832 1088">
     <span class='ocr_line' id='line_1_12' title="bbox 240 1013 2832 1088; baseline 0.001 -23"><span class='ocrx_word' id='word_1_72' title='bbox 240 1014 293 1065; x_wconf 78' lang='grc' dir='ltr'><strong>Εἰ</strong></span> <span class='ocrx_word' id='word_1_73' title='bbox 316 1019 400 1065; x_wconf 77' lang='grc' dir='ltr'><strong>καὶ</strong></span> <span class='ocrx_word' id='word_1_74' title='bbox 429 1013 669 1085; x_wconf 84' lang='grc' dir='ltr'>Σολομῶν</span> <span class='ocrx_word' id='word_1_75' title='bbox 701 1016 796 1085; x_wconf 74' lang='grc' dir='ltr'><strong>ἔφη</strong></span> <span class='ocrx_word' id='word_1_76' title='bbox 829 1030 932 1066; x_wconf 85' lang='grc' dir='ltr'>που</span> <span class='ocrx_word' id='word_1_77' title='bbox 963 1017 1325 1086; x_wconf 72' lang='grc' dir='ltr'>γνωματεύων.</span> <span class='ocrx_word' id='word_1_78' title='bbox 1352 1013 1476 1070; x_wconf 86' lang='lat' dir='ltr'><strong>Fin.</strong></span> <span class='ocrx_word' id='word_1_79' title='bbox 1509 1013 1577 1067; x_wconf 86' lang='grc' dir='ltr'><strong><em>Ἥ</em></strong></span> <span class='ocrx_word' id='word_1_80' title='bbox 1604 1020 1847 1088; x_wconf 82' lang='grc' dir='ltr'>πρότερον</span> <span class='ocrx_word' id='word_1_81' title='bbox 1876 1013 2182 1086; x_wconf 79' lang='grc' dir='ltr'>ἱλεούμενος,</span> <span class='ocrx_word' id='word_1_82' title='bbox 2828 1019 2832 1024; x_wconf 74' lang='grc'><em>’</em></span> 
     </span>
    </p>
   </div>
   <div class='ocr_carea' id='block_1_13' title="bbox 302 1101 3586 1176">
    <p class='ocr_par' dir='ltr' id='par_1_13' title="bbox 302 1101 3586 1176">
     <span class='ocr_line' id='line_1_13' title="bbox 302 1101 3586 1176; baseline 0.002 -19"><span class='ocrx_word' id='word_1_83' title='bbox 302 1103 433 1159; x_wconf 89' lang='lat' dir='ltr'><strong>Post</strong></span> <span class='ocrx_word' id='word_1_84' title='bbox 457 1103 591 1158; x_wconf 66' lang='lat' dir='ltr'><strong>haec</strong></span> <span class='ocrx_word' id='word_1_85' title='bbox 622 1101 817 1158; x_wconf 82' lang='lat' dir='ltr'><strong>codex</strong></span> <span class='ocrx_word' id='word_1_86' title='bbox 837 1102 1167 1158; x_wconf 89' lang='lat' dir='ltr'><strong>orationem</strong></span> <span class='ocrx_word' id='word_1_87' title='bbox 1191 1101 1506 1159; x_wconf 86' lang='lat' dir='ltr'><strong>funebrem</strong></span> <span class='ocrx_word' id='word_1_88' title='bbox 1530 1103 1593 1159; x_wconf 90' lang='lat' dir='ltr'><strong>in</strong></span> <span class='ocrx_word' id='word_1_89' title='bbox 1622 1103 2141 1176; x_wconf 84' lang='lat' dir='ltr'><strong>archiepiscopum</strong></span> <span class='ocrx_word' id='word_1_90' title='bbox 2172 1103 2766 1160; x_wconf 84' lang='lat' dir='ltr'><strong>Thessalonicensem</strong></span> <span class='ocrx_word' id='word_1_91' title='bbox 2796 1105 3165 1162; x_wconf 86' lang='lat' dir='ltr'><strong>Eustathium</strong></span> <span class='ocrx_word' id='word_1_92' title='bbox 3193 1105 3451 1163; x_wconf 83' lang='lat' dir='ltr'><strong>exhibet.</strong></span> <span class='ocrx_word' id='word_1_93' title='bbox 3470 1107 3586 1164; x_wconf 88' lang='lat' dir='ltr'><strong>Sed</strong></span> 
     </span>
    </p>
   </div>
   <div class='ocr_carea' id='block_1_14' title="bbox 237 1191 3584 1265">
    <p class='ocr_par' dir='ltr' id='par_1_14' title="bbox 237 1191 3584 1265">
     <span class='ocr_line' id='line_1_14' title="bbox 237 1191 3584 1265; baseline 0.001 -17"><span class='ocrx_word' id='word_1_94' title='bbox 237 1208 307 1248; x_wconf 88' lang='lat' dir='ltr'><strong>ne</strong></span> <span class='ocrx_word' id='word_1_95' title='bbox 326 1191 592 1247; x_wconf 78' lang='lat' dir='ltr'><strong>ordinem</strong></span> <span class='ocrx_word' id='word_1_96' title='bbox 622 1195 972 1263; x_wconf 84' lang='lat' dir='ltr'><strong>temporum</strong></span> <span class='ocrx_word' id='word_1_97' title='bbox 1007 1191 1448 1264; x_wconf 84' lang='lat' dir='ltr'><strong>perturbemus,</strong></span> <span class='ocrx_word' id='word_1_98' title='bbox 1483 1191 1768 1265; x_wconf 83' lang='lat' dir='ltr'><strong>epistolas</strong></span> <span class='ocrx_word' id='word_1_99' title='bbox 1793 1207 1896 1247; x_wconf 89' lang='lat' dir='ltr'><strong>sex</strong></span> <span class='ocrx_word' id='word_1_100' title='bbox 1921 1193 1998 1247; x_wconf 92' lang='lat' dir='ltr'><strong>ad</strong></span> <span class='ocrx_word' id='word_1_101' title='bbox 2018 1191 2482 1248; x_wconf 85' lang='lat' dir='ltr'><strong>illustrissimum</strong></span> <span class='ocrx_word' id='word_1_102' title='bbox 2504 1191 2670 1248; x_wconf 89' lang='lat' dir='ltr'><strong>illum</strong></span> <span class='ocrx_word' id='word_1_103' title='bbox 2699 1193 2972 1249; x_wconf 85' lang='lat' dir='ltr'><strong>Ecclesiae</strong></span> <span class='ocrx_word' id='word_1_104' title='bbox 3003 1194 3326 1252; x_wconf 88' lang='lat' dir='ltr'><strong>antistitem</strong></span> <span class='ocrx_word' id='word_1_105' title='bbox 3358 1196 3584 1253; x_wconf 87' lang='lat' dir='ltr'><strong>missas</strong></span> 
     </span>
    </p>
   </div>
   <div class='ocr_carea' id='block_1_15' title="bbox 229 1279 3364 1354">
    <p class='ocr_par' dir='ltr' id='par_1_15' title="bbox 229 1279 3364 1354">
     <span class='ocr_line' id='line_1_15' title="bbox 229 1279 3364 1354; baseline -0.005 -17"><span class='ocrx_word' id='word_1_106' title='bbox 229 1281 360 1337; x_wconf 85' lang='lat' dir='ltr'><strong>huic</strong></span> <span class='ocrx_word' id='word_1_107' title='bbox 388 1280 524 1336; x_wconf 89' lang='lat' dir='ltr'><strong>loco</strong></span> <span class='ocrx_word' id='word_1_108' title='bbox 545 1279 890 1338; x_wconf 89' lang='lat' dir='ltr'><strong>inserimus.</strong></span> <span class='ocrx_word' id='word_1_109' title='bbox 922 1284 1082 1336; x_wconf 84' lang='lat' dir='ltr'><strong>textu</strong></span> <span class='ocrx_word' id='word_1_110' title='bbox 1103 1282 1305 1337; x_wconf 69' lang='lat' dir='ltr'><strong>Graeco</strong></span> <span class='ocrx_word' id='word_1_111' title='bbox 1332 1281 1623 1337; x_wconf 88' lang='lat' dir='ltr'><strong>eTat‘ellio</strong></span> <span class='ocrx_word' id='word_1_112' title='bbox 1655 1285 1902 1352; x_wconf 89' lang='lat' dir='ltr'><strong>sumpto</strong></span> <span class='ocrx_word' id='word_1_113' title='bbox 1937 1281 2045 1354; x_wconf 82' lang='grc' dir='ltr'>(ιι).</span> <span class='ocrx_word' id='word_1_114' title='bbox 2163 1295 2167 1300; x_wconf 73' lang='grc'><em>’</em></span> <span class='ocrx_word' id='word_1_115' title='bbox 3145 1295 3150 1297; x_wconf 95' lang='grc'><strong>-</strong></span> <span class='ocrx_word' id='word_1_116' title='bbox 3189 1287 3196 1310; x_wconf 82' lang='lat'>:</span> <span class='ocrx_word' id='word_1_117' title='bbox 3270 1303 3276 1309; x_wconf 67' lang='grc' dir='ltr'><em>ι</em></span> <span class='ocrx_word' id='word_1_118' title='bbox 3362 1286 3364 1288; x_wconf 49' lang='grc' dir='ltr'><strong>ν</strong></span> 
     </span>
    </p>
   </div>
   <div class='ocr_carea' id='block_1_16' title="bbox 291 1366 2448 1444">
    <p class='ocr_par' dir='ltr' id='par_1_16' title="bbox 291 1366 2448 1444">
     <span class='ocr_line' id='line_1_16' title="bbox 291 1366 2448 1444; baseline -0.002 -18"><span class='ocrx_word' id='word_1_119' title='bbox 291 1372 402 1441; x_wconf 80' lang='lat' dir='ltr'><strong>XV,</strong></span> <span class='ocrx_word' id='word_1_120' title='bbox 434 1385 498 1442; x_wconf 72' lang='grc' dir='ltr'><strong>ι).</strong></span> <span class='ocrx_word' id='word_1_121' title='bbox 528 1373 623 1437; x_wconf 81' lang='grc' dir='ltr'><strong>Ἷ8,</strong></span> <span class='ocrx_word' id='word_1_122' title='bbox 653 1368 717 1425; x_wconf 84' lang='lat' dir='ltr'><strong>b.</strong></span> <span class='ocrx_word' id='word_1_123' title='bbox 745 1366 994 1441; x_wconf 79' lang='grc' dir='ltr'>Μονῳδία</span> <span class='ocrx_word' id='word_1_124' title='bbox 1023 1369 1094 1432; x_wconf 82' lang='grc' dir='ltr'>εἰς</span> <span class='ocrx_word' id='word_1_125' title='bbox 1117 1374 1205 1423; x_wconf 88' lang='grc' dir='ltr'>τὸν</span> <span class='ocrx_word' id='word_1_126' title='bbox 1233 1370 1522 1440; x_wconf 71' lang='grc' dir='ltr'>ἁγιώτατον</span> <span class='ocrx_word' id='word_1_127' title='bbox 1545 1370 1934 1430; x_wconf 78' lang='grc' dir='ltr'><strong>Θεσσαλονίκης</strong></span> <span class='ocrx_word' id='word_1_128' title='bbox 1953 1373 2108 1444; x_wconf 78' lang='grc' dir='ltr'>κῦρον</span> <span class='ocrx_word' id='word_1_129' title='bbox 2143 1369 2448 1425; x_wconf 71' lang='grc' dir='ltr'><strong>Εὑστάθιον.</strong></span> 
     </span>
    </p>
   </div>
   <div class='ocr_carea' id='block_1_17' title="bbox 286 1457 2441 1534">
    <p class='ocr_par' dir='ltr' id='par_1_17' title="bbox 286 1457 2441 1534">
     <span class='ocr_line' id='line_1_17' title="bbox 286 1457 2441 1534; baseline -0.002 -20"><span class='ocrx_word' id='word_1_130' title='bbox 286 1461 420 1526; x_wconf 77' lang='lat' dir='ltr'><strong>XVI,</strong></span> <span class='ocrx_word' id='word_1_131' title='bbox 452 1474 517 1530; x_wconf 78' lang='grc' dir='ltr'>ρ.</span> <span class='ocrx_word' id='word_1_132' title='bbox 549 1461 640 1516; x_wconf 82' lang='grc'><strong>86.</strong></span> <span class='ocrx_word' id='word_1_133' title='bbox 673 1457 1086 1531; x_wconf 75' lang='grc' dir='ltr'>Ὑπομνηστικόν</span> <span class='ocrx_word' id='word_1_134' title='bbox 1118 1459 1190 1520; x_wconf 84' lang='grc' dir='ltr'><strong>εἰς</strong></span> <span class='ocrx_word' id='word_1_135' title='bbox 1213 1463 1302 1512; x_wconf 83' lang='grc' dir='ltr'>τὸν</span> <span class='ocrx_word' id='word_1_136' title='bbox 1324 1458 1550 1532; x_wconf 73' lang='grc' dir='ltr'>βασιλέα</span> <span class='ocrx_word' id='word_1_137' title='bbox 1573 1463 1691 1534; x_wconf 78' lang='grc' dir='ltr'><strong>κύρ.</strong></span> <span class='ocrx_word' id='word_1_138' title='bbox 1717 1457 1942 1522; x_wconf 77' lang='grc' dir='ltr'><strong>Ἀλέξων</strong></span> <span class='ocrx_word' id='word_1_139' title='bbox 1967 1462 2052 1511; x_wconf 80' lang='grc' dir='ltr'>τὸν</span> <span class='ocrx_word' id='word_1_140' title='bbox 2095 1463 2377 1531; x_wconf 77' lang='grc' dir='ltr'>Κομνηνὸν.</span> <span class='ocrx_word' id='word_1_141' title='bbox 2439 1481 2441 1483; x_wconf 58' lang='grc' dir='ltr'><strong>ί</strong></span> 
     </span>
    </p>
   </div>
   <div class='ocr_carea' id='block_1_18' title="bbox 287 1547 3590 1621">
    <p class='ocr_par' dir='ltr' id='par_1_18' title="bbox 287 1547 3590 1621">
     <span class='ocr_line' id='line_1_18' title="bbox 287 1547 3590 1621; baseline 0.001 -17"><span class='ocrx_word' id='word_1_142' title='bbox 287 1547 623 1604; x_wconf 74' lang='lat' dir='ltr'><strong>Monendus</strong></span> <span class='ocrx_word' id='word_1_143' title='bbox 651 1548 763 1603; x_wconf 84' lang='lat' dir='ltr'><strong>erit</strong></span> <span class='ocrx_word' id='word_1_144' title='bbox 787 1547 975 1604; x_wconf 84' lang='lat' dir='ltr'><strong>lector</strong></span> <span class='ocrx_word' id='word_1_145' title='bbox 1004 1553 1068 1604; x_wconf 93' lang='lat' dir='ltr'><strong>ut</strong></span> <span class='ocrx_word' id='word_1_146' title='bbox 1099 1548 1285 1604; x_wconf 91' lang='lat' dir='ltr'><strong>hocce</strong></span> <span class='ocrx_word' id='word_1_147' title='bbox 1309 1550 1598 1621; x_wconf 90' lang='lat' dir='ltr'><strong>scriptum</strong></span> <span class='ocrx_word' id='word_1_148' title='bbox 1626 1549 1703 1604; x_wconf 90' lang='lat' dir='ltr'><strong>ad</strong></span> <span class='ocrx_word' id='word_1_149' title='bbox 1736 1547 2007 1603; x_wconf 83' lang='lat' dir='ltr'><strong>Alexium</strong></span> <span class='ocrx_word' id='word_1_150' title='bbox 2050 1551 2114 1602; x_wconf 89' lang='lat' dir='ltr'><strong>lll</strong></span> <span class='ocrx_word' id='word_1_151' title='bbox 2148 1549 2440 1616; x_wconf 73' lang='lat' dir='ltr'><strong>Angelum</strong></span> <span class='ocrx_word' id='word_1_152' title='bbox 2484 1549 2905 1606; x_wconf 81' lang='lat' dir='ltr'><strong>tantummodo</strong></span> <span class='ocrx_word' id='word_1_153' title='bbox 2943 1549 3177 1616; x_wconf 84' lang='lat' dir='ltr'><strong>referat,</strong></span> <span class='ocrx_word' id='word_1_154' title='bbox 3209 1549 3314 1609; x_wconf 83' lang='lat' dir='ltr'><strong>aui</strong></span> <span class='ocrx_word' id='word_1_155' title='bbox 3347 1552 3590 1607; x_wconf 86' lang='lat' dir='ltr'><strong>auctore</strong></span> 
     </span>
    </p>
   </div>
   <div class='ocr_carea' id='block_1_19' title="bbox 225 1636 3589 1711">
    <p class='ocr_par' dir='ltr' id='par_1_19' title="bbox 225 1636 3589 1711">
     <span class='ocr_line' id='line_1_19' title="bbox 225 1636 3589 1711; baseline 0.001 -19"><span class='ocrx_word' id='word_1_156' title='bbox 225 1637 419 1693; x_wconf 81' lang='lat' dir='ltr'><strong>Niceta</strong></span> <span class='ocrx_word' id='word_1_157' title='bbox 437 1636 624 1706; x_wconf 85' lang='lat' dir='ltr'><strong>(Hist.</strong></span> <span class='ocrx_word' id='word_1_158' title='bbox 645 1651 707 1708; x_wconf 90' lang='lat' dir='ltr'><strong>p.</strong></span> <span class='ocrx_word' id='word_1_159' title='bbox 736 1640 842 1692; x_wconf 76' lang='lat'><strong>295</strong></span> <span class='ocrx_word' id='word_1_160' title='bbox 873 1637 959 1704; x_wconf 86' lang='grc' dir='ltr'><strong>Β),</strong></span> <span class='ocrx_word' id='word_1_161' title='bbox 993 1641 1320 1709; x_wconf 82' lang='lat' dir='ltr'><strong>postquam</strong></span> <span class='ocrx_word' id='word_1_162' title='bbox 1351 1636 1594 1694; x_wconf 87' lang='lat' dir='ltr'><strong>fratrem</strong></span> <span class='ocrx_word' id='word_1_163' title='bbox 1626 1652 1814 1709; x_wconf 87' lang='lat' dir='ltr'><strong>regno</strong></span> <span class='ocrx_word' id='word_1_164' title='bbox 1842 1636 2179 1708; x_wconf 80' lang='lat' dir='ltr'><strong>spoliasset,</strong></span> <span class='ocrx_word' id='word_1_165' title='bbox 2215 1637 2339 1691; x_wconf 88' lang='lat' dir='ltr'><strong>sive</strong></span> <span class='ocrx_word' id='word_1_166' title='bbox 2357 1636 2629 1706; x_wconf 88' lang='lat' dir='ltr'><strong>ejusdem</strong></span> <span class='ocrx_word' id='word_1_167' title='bbox 2661 1637 2823 1705; x_wconf 91' lang='lat' dir='ltr'><strong>odio,</strong></span> <span class='ocrx_word' id='word_1_168' title='bbox 2857 1637 2983 1693; x_wconf 87' lang='lat' dir='ltr'><strong>sive</strong></span> <span class='ocrx_word' id='word_1_169' title='bbox 3007 1637 3174 1711; x_wconf 87' lang='lat' dir='ltr'><strong>quod</strong></span> <span class='ocrx_word' id='word_1_170' title='bbox 3194 1644 3418 1694; x_wconf 84' lang='lat' dir='ltr'><strong>nomen</strong></span> <span class='ocrx_word' id='word_1_171' title='bbox 3449 1653 3589 1707; x_wconf 81' lang='lat' dir='ltr'><strong>gen-</strong></span> 
     </span>
    </p>
   </div>
   <div class='ocr_carea' id='block_1_20' title="bbox 221 1724 3590 1799">
    <p class='ocr_par' dir='ltr' id='par_1_20' title="bbox 221 1724 3590 1799">
     <span class='ocr_line' id='line_1_20' title="bbox 221 1724 3590 1799; baseline 0 -17"><span class='ocrx_word' id='word_1_172' title='bbox 221 1728 306 1791; x_wconf 88' lang='lat' dir='ltr'><strong>tis,</strong></span> <span class='ocrx_word' id='word_1_173' title='bbox 335 1741 479 1799; x_wconf 73' lang='lat' dir='ltr'><strong>quaz</strong></span> <span class='ocrx_word' id='word_1_174' title='bbox 509 1741 619 1798; x_wconf 88' lang='lat' dir='ltr'><strong>per</strong></span> <span class='ocrx_word' id='word_1_175' title='bbox 656 1741 854 1782; x_wconf 86' lang='lat' dir='ltr'><strong>annos</strong></span> <span class='ocrx_word' id='word_1_176' title='bbox 890 1729 1080 1798; x_wconf 76' lang='lat' dir='ltr'><strong>supra</strong></span> <span class='ocrx_word' id='word_1_177' title='bbox 1109 1731 1350 1783; x_wconf 88' lang='lat' dir='ltr'><strong>centum</strong></span> <span class='ocrx_word' id='word_1_178' title='bbox 1388 1742 1724 1798; x_wconf 85' lang='lat' dir='ltr'><strong>purpuram</strong></span> <span class='ocrx_word' id='word_1_179' title='bbox 1757 1730 2112 1796; x_wconf 81' lang='lat' dir='ltr'><strong>gestaverat,</strong></span> <span class='ocrx_word' id='word_1_180' title='bbox 2172 1730 2230 1779; x_wconf 91' lang='lat' dir='ltr'><strong>et</strong></span> <span class='ocrx_word' id='word_1_181' title='bbox 2269 1724 2428 1780; x_wconf 89' lang='lat' dir='ltr'><strong>unde</strong></span> <span class='ocrx_word' id='word_1_182' title='bbox 2468 1727 2594 1796; x_wconf 92' lang='lat' dir='ltr'><strong>ipse</strong></span> <span class='ocrx_word' id='word_1_183' title='bbox 2622 1740 2731 1797; x_wconf 89' lang='lat' dir='ltr'><strong>per</strong></span> <span class='ocrx_word' id='word_1_184' title='bbox 2759 1731 3014 1782; x_wconf 86' lang='lat' dir='ltr'><strong>matrem</strong></span> <span class='ocrx_word' id='word_1_185' title='bbox 3057 1730 3221 1782; x_wconf 86' lang='lat' dir='ltr'><strong>ortus</strong></span> <span class='ocrx_word' id='word_1_186' title='bbox 3247 1726 3590 1794; x_wconf 61' lang='lat' dir='ltr'><strong>erat,’nobi-</strong></span> 
     </span>
    </p>
   </div>
   <div class='ocr_carea' id='block_1_21' title="bbox 217 1812 3585 1887">
    <p class='ocr_par' dir='ltr' id='par_1_21' title="bbox 217 1812 3585 1887">
     <span class='ocr_line' id='line_1_21' title="bbox 217 1812 3585 1887; baseline 0 -17"><span class='ocrx_word' id='word_1_187' title='bbox 217 1813 320 1870; x_wconf 89' lang='lat' dir='ltr'><strong>lius</strong></span> <span class='ocrx_word' id='word_1_188' title='bbox 350 1815 612 1878; x_wconf 90' lang='lat' dir='ltr'><strong>ducens,</strong></span> <span class='ocrx_word' id='word_1_189' title='bbox 643 1814 929 1869; x_wconf 88' lang='lat' dir='ltr'><strong>Comneni</strong></span> <span class='ocrx_word' id='word_1_190' title='bbox 957 1829 1183 1870; x_wconf 91' lang='lat' dir='ltr'><strong>nomen</strong></span> <span class='ocrx_word' id='word_1_191' title='bbox 1214 1815 1586 1887; x_wconf 88' lang='lat' dir='ltr'><strong>adoptasset.</strong></span> <span class='ocrx_word' id='word_1_192' title='bbox 1618 1817 1687 1871; x_wconf 90' lang='lat' dir='ltr'><strong>Ut</strong></span> <span class='ocrx_word' id='word_1_193' title='bbox 1708 1829 1920 1869; x_wconf 88' lang='lat' dir='ltr'><strong>verum</strong></span> <span class='ocrx_word' id='word_1_194' title='bbox 1941 1813 2236 1873; x_wconf 80' lang='lat' dir='ltr'><strong>dicamus.</strong></span> <span class='ocrx_word' id='word_1_195' title='bbox 2269 1813 2344 1868; x_wconf 90' lang='lat' dir='ltr'><strong>de</strong></span> <span class='ocrx_word' id='word_1_196' title='bbox 2375 1812 2578 1868; x_wconf 81' lang='lat' dir='ltr'><strong>Alexio</strong></span> <span class='ocrx_word' id='word_1_197' title='bbox 2602 1817 2644 1868; x_wconf 91' lang='lat' dir='ltr'><strong>ll</strong></span> <span class='ocrx_word' id='word_1_198' title='bbox 2663 1814 2834 1886; x_wconf 90' lang='lat' dir='ltr'><strong>imp.,</strong></span> <span class='ocrx_word' id='word_1_199' title='bbox 2856 1815 2961 1887; x_wconf 90' lang='lat' dir='ltr'><strong>qui</strong></span> <span class='ocrx_word' id='word_1_200' title='bbox 2992 1830 3154 1870; x_wconf 89' lang='lat' dir='ltr'><strong>anno</strong></span> <span class='ocrx_word' id='word_1_201' title='bbox 3185 1815 3320 1870; x_wconf 89' lang='grc'><strong>1183</strong></span> <span class='ocrx_word' id='word_1_202' title='bbox 3350 1820 3585 1872; x_wconf 90' lang='lat' dir='ltr'><strong>sextum</strong></span> 
     </span>
    </p>
   </div>
   <div class='ocr_carea' id='block_1_22' title="bbox 218 1891 3581 1976">
    <p class='ocr_par' dir='ltr' id='par_1_22' title="bbox 218 1891 3581 1976">
     <span class='ocr_line' id='line_1_22' title="bbox 218 1891 3581 1976; baseline 0 -18"><span class='ocrx_word' id='word_1_203' title='bbox 218 1903 528 1958; x_wconf 90' lang='lat' dir='ltr'><strong>decimum</strong></span> <span class='ocrx_word' id='word_1_204' title='bbox 565 1917 753 1972; x_wconf 82' lang='lat' dir='ltr'><strong>agens</strong></span> <span class='ocrx_word' id='word_1_205' title='bbox 789 1917 1021 1958; x_wconf 86' lang='lat' dir='ltr'><strong>annum</strong></span> <span class='ocrx_word' id='word_1_206' title='bbox 1067 1901 1411 1959; x_wconf 87' lang='lat' dir='ltr'><strong>interfectus</strong></span> <span class='ocrx_word' id='word_1_207' title='bbox 1451 1909 1556 1972; x_wconf 88' lang='lat' dir='ltr'><strong>est,</strong></span> <span class='ocrx_word' id='word_1_208' title='bbox 1615 1903 1730 1960; x_wconf 92' lang='lat' dir='ltr'><strong>hoc</strong></span> <span class='ocrx_word' id='word_1_209' title='bbox 1773 1902 1903 1957; x_wconf 93' lang='lat' dir='ltr'><strong>loco</strong></span> <span class='ocrx_word' id='word_1_210' title='bbox 1941 1891 2201 1969; x_wconf 82' lang='lat' dir='ltr'><strong>cogitare</strong></span> <span class='ocrx_word' id='word_1_211' title='bbox 2257 1901 2422 1956; x_wconf 89' lang='lat' dir='ltr'><strong>haud</strong></span> <span class='ocrx_word' id='word_1_212' title='bbox 2472 1897 2628 1970; x_wconf 83' lang='lat' dir='ltr'><strong>licet,</strong></span> <span class='ocrx_word' id='word_1_213' title='bbox 2677 1902 2844 1974; x_wconf 86' lang='lat' dir='ltr'><strong>quod</strong></span> <span class='ocrx_word' id='word_1_214' title='bbox 2883 1903 3040 1958; x_wconf 72' lang='lat' dir='ltr'><strong>&#39;ordo</strong></span> <span class='ocrx_word' id='word_1_215' title='bbox 3077 1902 3581 1976; x_wconf 41' lang='lat' dir='ltr'><strong>&#39;chronologicus,</strong></span> 
     </span>
    </p>
   </div>
   <div class='ocr_carea' id='block_1_23' title="bbox 213 1989 3582 2064">
    <p class='ocr_par' dir='ltr' id='par_1_23' title="bbox 213 1989 3582 2064">
     <span class='ocr_line' id='line_1_23' title="bbox 213 1989 3582 2064; baseline 0 -17"><span class='ocrx_word' id='word_1_216' title='bbox 213 2007 390 2064; x_wconf 87' lang='lat' dir='ltr'><strong>quem</strong></span> <span class='ocrx_word' id='word_1_217' title='bbox 425 1990 676 2047; x_wconf 71' lang='lat' dir='ltr'><strong>Michael</strong></span> <span class='ocrx_word' id='word_1_218' title='bbox 696 2005 1010 2062; x_wconf 86' lang='lat' dir='ltr'><strong>nunquam</strong></span> <span class='ocrx_word' id='word_1_219' title='bbox 1029 2007 1151 2047; x_wconf 93' lang='lat' dir='ltr'><strong>non</strong></span> <span class='ocrx_word' id='word_1_220' title='bbox 1181 1991 1461 2062; x_wconf 82' lang='lat' dir='ltr'><strong>religiose</strong></span> <span class='ocrx_word' id='word_1_221' title='bbox 1491 1991 1768 2056; x_wconf 84' lang='lat' dir='ltr'><strong>servavit,</strong></span> <span class='ocrx_word' id='word_1_222' title='bbox 1796 1989 2635 2060; x_wconf 88' lang='lat' dir='ltr'><strong>ejusmodimonogrammate</strong></span> <span class='ocrx_word' id='word_1_223' title='bbox 2658 1991 3016 2046; x_wconf 86' lang='lat' dir='ltr'><strong>turbaretur.</strong></span> <span class='ocrx_word' id='word_1_224' title='bbox 3042 1994 3122 2046; x_wconf 90' lang='lat' dir='ltr'><strong>De</strong></span> <span class='ocrx_word' id='word_1_225' title='bbox 3147 1991 3350 2047; x_wconf 79' lang='lat' dir='ltr'><strong>Alexio</strong></span> <span class='ocrx_word' id='word_1_226' title='bbox 3380 1997 3582 2048; x_wconf 86' lang='lat' dir='ltr'><strong>autem</strong></span> 
     </span>
    </p>
   </div>
   <div class='ocr_carea' id='block_1_24' title="bbox 211 2077 3583 2152">
    <p class='ocr_par' dir='ltr' id='par_1_24' title="bbox 211 2077 3583 2152">
     <span class='ocr_line' id='line_1_24' title="bbox 211 2077 3583 2152; baseline 0.001 -18"><span class='ocrx_word' id='word_1_227' title='bbox 211 2082 248 2134; x_wconf 76' lang='grc' dir='ltr'><strong>ν</strong></span> <span class='ocrx_word' id='word_1_228' title='bbox 266 2085 372 2136; x_wconf 88' lang='lat' dir='ltr'><strong>aut</strong></span> <span class='ocrx_word' id='word_1_229' title='bbox 401 2079 476 2136; x_wconf 78' lang='lat' dir='ltr'><strong>Vl</strong></span> <span class='ocrx_word' id='word_1_230' title='bbox 508 2094 710 2135; x_wconf 90' lang='lat' dir='ltr'><strong>sermo</strong></span> <span class='ocrx_word' id='word_1_231' title='bbox 740 2094 878 2136; x_wconf 89' lang='lat' dir='ltr'><strong>esse</strong></span> <span class='ocrx_word' id='word_1_232' title='bbox 903 2095 1027 2135; x_wconf 92' lang='lat' dir='ltr'><strong>non</strong></span> <span class='ocrx_word' id='word_1_233' title='bbox 1065 2084 1281 2152; x_wconf 89' lang='lat' dir='ltr'><strong>potest,</strong></span> <span class='ocrx_word' id='word_1_234' title='bbox 1315 2081 1459 2152; x_wconf 88' lang='lat' dir='ltr'><strong>quia</strong></span> <span class='ocrx_word' id='word_1_235' title='bbox 1483 2095 1789 2152; x_wconf 82' lang='lat' dir='ltr'><strong>nusquam</strong></span> <span class='ocrx_word' id='word_1_236' title='bbox 1807 2077 2093 2135; x_wconf 88' lang='lat' dir='ltr'><strong>Comneni</strong></span> <span class='ocrx_word' id='word_1_237' title='bbox 2123 2093 2346 2134; x_wconf 89' lang='lat' dir='ltr'><strong>nomen</strong></span> <span class='ocrx_word' id='word_1_238' title='bbox 2385 2085 2862 2150; x_wconf 87' lang='lat' dir='ltr'><strong>assumpserunt,</strong></span> <span class='ocrx_word' id='word_1_239' title='bbox 2891 2081 3083 2149; x_wconf 87' lang='lat' dir='ltr'><strong>gentis</strong></span> <span class='ocrx_word' id='word_1_240' title='bbox 3110 2079 3356 2135; x_wconf 89' lang='lat' dir='ltr'><strong>nomine</strong></span> <span class='ocrx_word' id='word_1_241' title='bbox 3377 2079 3583 2150; x_wconf 79' lang='lat' dir='ltr'><strong>Angeli</strong></span> 
     </span>
    </p>
   </div>
   <div class='ocr_carea' id='block_1_25' title="bbox 207 2161 3584 2239">
    <p class='ocr_par' dir='ltr' id='par_1_25' title="bbox 207 2161 3584 2239">
     <span class='ocr_line' id='line_1_25' title="bbox 207 2161 3584 2239; baseline 0 -16"><span class='ocrx_word' id='word_1_242' title='bbox 207 2174 258 2224; x_wconf 89' lang='lat' dir='ltr'><strong>et</strong></span> <span class='ocrx_word' id='word_1_243' title='bbox 292 2171 483 2223; x_wconf 67' lang='lat' dir='ltr'><strong>Ducas</strong></span> <span class='ocrx_word' id='word_1_244' title='bbox 525 2166 823 2234; x_wconf 87' lang='lat' dir='ltr'><strong>contenti;</strong></span> <span class='ocrx_word' id='word_1_245' title='bbox 855 2166 980 2222; x_wconf 92' lang='lat' dir='ltr'><strong>imo</strong></span> <span class='ocrx_word' id='word_1_246' title='bbox 1000 2183 1138 2222; x_wconf 90' lang='lat' dir='ltr'><strong>vero</strong></span> <span class='ocrx_word' id='word_1_247' title='bbox 1168 2167 1361 2224; x_wconf 87' lang='lat' dir='ltr'><strong>simile</strong></span> <span class='ocrx_word' id='word_1_248' title='bbox 1391 2161 1499 2223; x_wconf 60' lang='lat' dir='ltr'><strong>est&#39;</strong></span> <span class='ocrx_word' id='word_1_249' title='bbox 1519 2167 1593 2222; x_wconf 92' lang='lat' dir='ltr'><strong>de</strong></span> <span class='ocrx_word' id='word_1_250' title='bbox 1631 2168 1901 2238; x_wconf 88' lang='lat' dir='ltr'><strong>ipsorum</strong></span> <span class='ocrx_word' id='word_1_251' title='bbox 1922 2181 2109 2236; x_wconf 87' lang='lat' dir='ltr'><strong>regno</strong></span> <span class='ocrx_word' id='word_1_252' title='bbox 2137 2165 2304 2221; x_wconf 87' lang='lat' dir='ltr'><strong>brevi</strong></span> <span class='ocrx_word' id='word_1_253' title='bbox 2325 2181 2519 2238; x_wconf 87' lang='lat' dir='ltr'><strong>eoque</strong></span> <span class='ocrx_word' id='word_1_254' title='bbox 2543 2166 2930 2223; x_wconf 84' lang='lat' dir='ltr'><strong>tumultuario</strong></span> <span class='ocrx_word' id='word_1_255' title='bbox 2957 2167 3344 2222; x_wconf 82' lang='lat' dir='ltr'><strong>Athenienses</strong></span> <span class='ocrx_word' id='word_1_256' title='bbox 3365 2182 3584 2239; x_wconf 90' lang='lat' dir='ltr'><strong>parum</strong></span> 
     </span>
    </p>
   </div>
   <div class='ocr_carea' id='block_1_26' title="bbox 206 2253 3589 2329">
    <p class='ocr_par' dir='ltr' id='par_1_26' title="bbox 206 2253 3589 2329">
     <span class='ocr_line' id='line_1_26' title="bbox 206 2253 3589 2329; baseline -0.001 -17"><span class='ocrx_word' id='word_1_257' title='bbox 206 2268 476 2312; x_wconf 84' lang='lat' dir='ltr'><strong>curasse.</strong></span> <span class='ocrx_word' id='word_1_258' title='bbox 511 2256 649 2312; x_wconf 85' lang='lat' dir='ltr'><strong>Pius</strong></span> <span class='ocrx_word' id='word_1_259' title='bbox 681 2259 885 2311; x_wconf 83' lang='lat' dir='ltr'><strong>noster</strong></span> <span class='ocrx_word' id='word_1_260' title='bbox 905 2255 1416 2328; x_wconf 88' lang='lat' dir='ltr'><strong>archiepiscopus,</strong></span> <span class='ocrx_word' id='word_1_261' title='bbox 1443 2271 1626 2329; x_wconf 89' lang='lat' dir='ltr'><strong>quem</strong></span> <span class='ocrx_word' id='word_1_262' title='bbox 1647 2253 2107 2310; x_wconf 83' lang='lat' dir='ltr'><strong>Atheniensibus</strong></span> <span class='ocrx_word' id='word_1_263' title='bbox 2129 2269 2166 2309; x_wconf 86' lang='lat' dir='ltr'><strong>a</strong></span> <span class='ocrx_word' id='word_1_264' title='bbox 2189 2254 2370 2309; x_wconf 87' lang='lat' dir='ltr'><strong>feroci</strong></span> <span class='ocrx_word' id='word_1_265' title='bbox 2393 2256 2584 2322; x_wconf 84' lang='lat' dir='ltr'><strong>Sguro</strong></span> <span class='ocrx_word' id='word_1_266' title='bbox 2633 2254 2898 2310; x_wconf 88' lang='lat' dir='ltr'><strong>obsessis</strong></span> <span class='ocrx_word' id='word_1_267' title='bbox 2926 2268 3356 2327; x_wconf 88' lang='lat' dir='ltr'><strong>quamcunque</strong></span> <span class='ocrx_word' id='word_1_268' title='bbox 3381 2255 3589 2328; x_wconf 86' lang='lat' dir='ltr'><strong>posset</strong></span> 
     </span>
    </p>
   </div>
   <div class='ocr_carea' id='block_1_27' title="bbox 209 2341 3587 2415">
    <p class='ocr_par' dir='ltr' id='par_1_27' title="bbox 209 2341 3587 2415">
     <span class='ocr_line' id='line_1_27' title="bbox 209 2341 3587 2415; baseline -0 -17"><span class='ocrx_word' id='word_1_269' title='bbox 209 2359 384 2415; x_wconf 82' lang='lat' dir='ltr'><strong>Opem</strong></span> <span class='ocrx_word' id='word_1_270' title='bbox 419 2357 540 2415; x_wconf 88' lang='lat' dir='ltr'><strong>pro</strong></span> <span class='ocrx_word' id='word_1_271' title='bbox 573 2341 727 2397; x_wconf 83' lang='lat' dir='ltr'><strong>virili</strong></span> <span class='ocrx_word' id='word_1_272' title='bbox 759 2347 926 2414; x_wconf 87' lang='lat' dir='ltr'><strong>parte</strong></span> <span class='ocrx_word' id='word_1_273' title='bbox 974 2343 1177 2398; x_wconf 89' lang='lat' dir='ltr'><strong>tulisse</strong></span> <span class='ocrx_word' id='word_1_274' title='bbox 1207 2343 1494 2411; x_wconf 88' lang='lat' dir='ltr'><strong>vidimus,</strong></span> <span class='ocrx_word' id='word_1_275' title='bbox 1546 2343 1661 2398; x_wconf 90' lang='lat' dir='ltr'><strong>hoc</strong></span> <span class='ocrx_word' id='word_1_276' title='bbox 1709 2342 1841 2414; x_wconf 90' lang='lat' dir='ltr'><strong>ipso</strong></span> <span class='ocrx_word' id='word_1_277' title='bbox 1893 2341 2117 2397; x_wconf 82' lang='lat' dir='ltr'><strong>christo</strong></span> <span class='ocrx_word' id='word_1_278' title='bbox 2165 2341 2541 2397; x_wconf 89' lang='lat' dir='ltr'><strong>demonstrat</strong></span> <span class='ocrx_word' id='word_1_279' title='bbox 2570 2357 2632 2397; x_wconf 90' lang='lat' dir='ltr'><strong>se</strong></span> <span class='ocrx_word' id='word_1_280' title='bbox 2657 2358 2692 2397; x_wconf 92' lang='lat' dir='ltr'><strong>a</strong></span> <span class='ocrx_word' id='word_1_281' title='bbox 2724 2342 2910 2397; x_wconf 88' lang='lat' dir='ltr'><strong>sacris</strong></span> <span class='ocrx_word' id='word_1_282' title='bbox 2941 2341 3066 2396; x_wconf 89' lang='lat' dir='ltr'><strong>suis</strong></span> <span class='ocrx_word' id='word_1_283' title='bbox 3096 2341 3587 2399; x_wconf 83' lang='lat' dir='ltr'><strong>meditationibus</strong></span> 
     </span>
    </p>
   </div>
   <div class='ocr_carea' id='block_1_28' title="bbox 204 2429 3587 2503">
    <p class='ocr_par' dir='ltr' id='par_1_28' title="bbox 204 2429 3587 2503">
     <span class='ocr_line' id='line_1_28' title="bbox 204 2429 3587 2503; baseline -0.001 -15"><span class='ocrx_word' id='word_1_284' title='bbox 204 2447 321 2488; x_wconf 87' lang='lat' dir='ltr'><strong>non</strong></span> <span class='ocrx_word' id='word_1_285' title='bbox 348 2431 588 2488; x_wconf 85' lang='lat' dir='ltr'><strong>eumin</strong></span> <span class='ocrx_word' id='word_1_286' title='bbox 613 2429 868 2486; x_wconf 90' lang='lat' dir='ltr'><strong>modum</strong></span> <span class='ocrx_word' id='word_1_287' title='bbox 893 2430 1253 2503; x_wconf 89' lang='lat' dir='ltr'><strong>absorptum</strong></span> <span class='ocrx_word' id='word_1_288' title='bbox 1284 2431 1491 2499; x_wconf 87' lang='lat' dir='ltr'><strong>fuisse,</strong></span> <span class='ocrx_word' id='word_1_289' title='bbox 1536 2436 1597 2487; x_wconf 91' lang='lat' dir='ltr'><strong>ut</strong></span> <span class='ocrx_word' id='word_1_290' title='bbox 1639 2431 1862 2486; x_wconf 87' lang='lat' dir='ltr'><strong>civium</strong></span> <span class='ocrx_word' id='word_1_291' title='bbox 1901 2445 2148 2485; x_wconf 88' lang='lat' dir='ltr'><strong>suorum</strong></span> <span class='ocrx_word' id='word_1_292' title='bbox 2181 2429 2432 2485; x_wconf 89' lang='lat' dir='ltr'><strong>salutem</strong></span> <span class='ocrx_word' id='word_1_293' title='bbox 2464 2445 2534 2485; x_wconf 92' lang='lat' dir='ltr'><strong>ac</strong></span> <span class='ocrx_word' id='word_1_294' title='bbox 2555 2429 3012 2502; x_wconf 72' lang='lat' dir='ltr'><strong>pro‘speritatem</strong></span> <span class='ocrx_word' id='word_1_295' title='bbox 3042 2442 3113 2485; x_wconf 83' lang='lat' dir='ltr'><strong>ex</strong></span> <span class='ocrx_word' id='word_1_296' title='bbox 3143 2430 3334 2486; x_wconf 90' lang='lat' dir='ltr'><strong>oculis</strong></span> <span class='ocrx_word' id='word_1_297' title='bbox 3366 2429 3587 2487; x_wconf 88' lang='lat' dir='ltr'><strong>amise-</strong></span> 
     </span>
    </p>
   </div>
   <div class='ocr_carea' id='block_1_29' title="bbox 204 2516 3589 2590">
    <p class='ocr_par' dir='ltr' id='par_1_29' title="bbox 204 2516 3589 2590">
     <span class='ocr_line' id='line_1_29' title="bbox 204 2516 3589 2590; baseline 0 -16"><span class='ocrx_word' id='word_1_298' title='bbox 204 2519 296 2575; x_wconf 88' lang='lat' dir='ltr'><strong>rit.</strong></span> <span class='ocrx_word' id='word_1_299' title='bbox 323 2516 510 2584; x_wconf 86' lang='lat' dir='ltr'><strong>Quod</strong></span> <span class='ocrx_word' id='word_1_300' title='bbox 543 2516 872 2582; x_wconf 88' lang='lat' dir='ltr'><strong>dictionem</strong></span> <span class='ocrx_word' id='word_1_301' title='bbox 930 2518 1192 2574; x_wconf 87' lang='lat' dir='ltr'><strong>auctoris</strong></span> <span class='ocrx_word' id='word_1_302' title='bbox 1243 2519 1431 2574; x_wconf 87' lang='lat' dir='ltr'><strong>nostri</strong></span> <span class='ocrx_word' id='word_1_303' title='bbox 1459 2521 1686 2587; x_wconf 87' lang='lat' dir='ltr'><strong>attinet,</strong></span> <span class='ocrx_word' id='word_1_304' title='bbox 1719 2523 1775 2574; x_wconf 91' lang='lat' dir='ltr'><strong>et</strong></span> <span class='ocrx_word' id='word_1_305' title='bbox 1817 2535 2003 2590; x_wconf 82' lang='lat' dir='ltr'><strong>quam</strong></span> <span class='ocrx_word' id='word_1_306' title='bbox 2047 2518 2210 2588; x_wconf 89' lang='lat' dir='ltr'><strong>justo</strong></span> <span class='ocrx_word' id='word_1_307' title='bbox 2256 2519 2628 2574; x_wconf 85' lang='lat' dir='ltr'><strong>devotiorem</strong></span> <span class='ocrx_word' id='word_1_308' title='bbox 2655 2518 2872 2590; x_wconf 90' lang='lat' dir='ltr'><strong>aliquis</strong></span> <span class='ocrx_word' id='word_1_309' title='bbox 2899 2519 3133 2584; x_wconf 86' lang='lat' dir='ltr'><strong>dixerit,</strong></span> <span class='ocrx_word' id='word_1_310' title='bbox 3162 2519 3504 2574; x_wconf 90' lang='lat' dir='ltr'><strong>memineris</strong></span> <span class='ocrx_word' id='word_1_311' title='bbox 3527 2520 3589 2575; x_wconf 86' lang='lat' dir='ltr'><strong>in</strong></span> 
     </span>
    </p>
   </div>
   <div class='ocr_carea' id='block_1_30' title="bbox 203 2605 3586 2680">
    <p class='ocr_par' dir='ltr' id='par_1_30' title="bbox 203 2605 3586 2680">
     <span class='ocr_line' id='line_1_30' title="bbox 203 2605 3586 2680; baseline 0 -19"><span class='ocrx_word' id='word_1_312' title='bbox 203 2606 496 2661; x_wconf 88' lang='lat' dir='ltr'><strong>omnibus</strong></span> <span class='ocrx_word' id='word_1_313' title='bbox 541 2620 682 2676; x_wconf 63' lang='lat' dir='ltr'><strong>quae</strong></span> <span class='ocrx_word' id='word_1_314' title='bbox 739 2605 819 2660; x_wconf 91' lang='lat' dir='ltr'><strong>ad</strong></span> <span class='ocrx_word' id='word_1_315' title='bbox 863 2605 1256 2677; x_wconf 84' lang='lat' dir='ltr'><strong>imperatores</strong></span> <span class='ocrx_word' id='word_1_316' title='bbox 1296 2607 1644 2680; x_wconf 85' lang='lat' dir='ltr'><strong>suppliciter</strong></span> <span class='ocrx_word' id='word_1_317' title='bbox 1707 2607 2124 2675; x_wconf 87' lang='lat' dir='ltr'><strong>scriberentur,</strong></span> <span class='ocrx_word' id='word_1_318' title='bbox 2157 2622 2464 2660; x_wconf 90' lang='lat' dir='ltr'><strong>summam</strong></span> <span class='ocrx_word' id='word_1_319' title='bbox 2511 2621 2750 2677; x_wconf 91' lang='lat' dir='ltr'><strong>semper</strong></span> <span class='ocrx_word' id='word_1_320' title='bbox 2792 2605 3190 2662; x_wconf 88' lang='lat' dir='ltr'><strong>humilitatem</strong></span> <span class='ocrx_word' id='word_1_321' title='bbox 3233 2607 3586 2680; x_wconf 88' lang='lat' dir='ltr'><strong>requisitam</strong></span> 
     </span>
    </p>
   </div>
   <div class='ocr_carea' id='block_1_31' title="bbox 202 2692 3588 2768">
    <p class='ocr_par' dir='ltr' id='par_1_31' title="bbox 202 2692 3588 2768">
     <span class='ocr_line' id='line_1_31' title="bbox 202 2692 3588 2768; baseline 0.001 -19"><span class='ocrx_word' id='word_1_322' title='bbox 202 2693 409 2750; x_wconf 86' lang='lat' dir='ltr'><strong>fuisse.</strong></span> <span class='ocrx_word' id='word_1_323' title='bbox 446 2692 514 2748; x_wconf 86' lang='lat' dir='ltr'><strong>Id</strong></span> <span class='ocrx_word' id='word_1_324' title='bbox 546 2697 752 2748; x_wconf 86' lang='lat' dir='ltr'><strong>autem</strong></span> <span class='ocrx_word' id='word_1_325' title='bbox 779 2692 1028 2750; x_wconf 88' lang='lat' dir='ltr'><strong>minime</strong></span> <span class='ocrx_word' id='word_1_326' title='bbox 1059 2693 1290 2750; x_wconf 90' lang='lat' dir='ltr'><strong>silentio</strong></span> <span class='ocrx_word' id='word_1_327' title='bbox 1317 2695 1426 2750; x_wconf 86' lang='lat' dir='ltr'><strong>erit</strong></span> <span class='ocrx_word' id='word_1_328' title='bbox 1454 2694 1936 2766; x_wconf 82' lang='lat' dir='ltr'><strong>praetereundum</strong></span> <span class='ocrx_word' id='word_1_329' title='bbox 1970 2694 2315 2750; x_wconf 81' lang='lat' dir='ltr'><strong>Michaelem</strong></span> <span class='ocrx_word' id='word_1_330' title='bbox 2345 2710 2447 2750; x_wconf 92' lang='lat' dir='ltr'><strong>ore</strong></span> <span class='ocrx_word' id='word_1_331' title='bbox 2490 2694 2798 2750; x_wconf 88' lang='lat' dir='ltr'><strong>liberrimo</strong></span> <span class='ocrx_word' id='word_1_332' title='bbox 2823 2696 3247 2766; x_wconf 84' lang='lat' dir='ltr'><strong>imperatorem</strong></span> <span class='ocrx_word' id='word_1_333' title='bbox 3274 2695 3348 2750; x_wconf 92' lang='lat' dir='ltr'><strong>de</strong></span> <span class='ocrx_word' id='word_1_334' title='bbox 3377 2701 3588 2768; x_wconf 70' lang='lat' dir='ltr'><strong>praeto-</strong></span> 
     </span>
    </p>
   </div>
   <div class='ocr_carea' id='block_1_32' title="bbox 207 2782 3586 2855">
    <p class='ocr_par' dir='ltr' id='par_1_32' title="bbox 207 2782 3586 2855">
     <span class='ocr_line' id='line_1_32' title="bbox 207 2782 3586 2855; baseline -0 -17"><span class='ocrx_word' id='word_1_335' title='bbox 207 2799 338 2838; x_wconf 87' lang='lat' dir='ltr'><strong>rum</strong></span> <span class='ocrx_word' id='word_1_336' title='bbox 371 2799 446 2839; x_wconf 87' lang='lat' dir='ltr'><strong>ac</strong></span> <span class='ocrx_word' id='word_1_337' title='bbox 480 2783 953 2851; x_wconf 82' lang='lat' dir='ltr'><strong>magistratuum</strong></span> <span class='ocrx_word' id='word_1_338' title='bbox 983 2783 1486 2838; x_wconf 90' lang='lat' dir='ltr'><strong>concussionibus</strong></span> <span class='ocrx_word' id='word_1_339' title='bbox 1517 2789 1574 2838; x_wconf 93' lang='lat' dir='ltr'><strong>et</strong></span> <span class='ocrx_word' id='word_1_340' title='bbox 1603 2783 1778 2839; x_wconf 89' lang='lat' dir='ltr'><strong>malis</strong></span> <span class='ocrx_word' id='word_1_341' title='bbox 1802 2783 2032 2839; x_wconf 89' lang='lat' dir='ltr'><strong>artibus</strong></span> <span class='ocrx_word' id='word_1_342' title='bbox 2057 2782 2390 2847; x_wconf 88' lang='lat' dir='ltr'><strong>monuisse,</strong></span> <span class='ocrx_word' id='word_1_343' title='bbox 2423 2782 2482 2838; x_wconf 90' lang='lat' dir='ltr'><strong>id</strong></span> <span class='ocrx_word' id='word_1_344' title='bbox 2514 2782 2680 2855; x_wconf 92' lang='lat' dir='ltr'><strong>quod</strong></span> <span class='ocrx_word' id='word_1_345' title='bbox 2704 2783 2924 2838; x_wconf 87' lang='lat' dir='ltr'><strong>nostris</strong></span> <span class='ocrx_word' id='word_1_346' title='bbox 2943 2784 3191 2854; x_wconf 91' lang='lat' dir='ltr'><strong>quidem</strong></span> <span class='ocrx_word' id='word_1_347' title='bbox 3213 2783 3586 2855; x_wconf 89' lang='lat' dir='ltr'><strong>temporibus</strong></span> 
     </span>
    </p>
   </div>
   <div class='ocr_carea' id='block_1_33' title="bbox 207 2869 3585 2942">
    <p class='ocr_par' dir='ltr' id='par_1_33' title="bbox 207 2869 3585 2942">
     <span class='ocr_line' id='line_1_33' title="bbox 207 2869 3585 2942; baseline 0.001 -19"><span class='ocrx_word' id='word_1_348' title='bbox 207 2869 612 2941; x_wconf 90' lang='lat' dir='ltr'><strong>iniquioribus</strong></span> <span class='ocrx_word' id='word_1_349' title='bbox 638 2874 798 2924; x_wconf 91' lang='lat' dir='ltr'><strong>certe</strong></span> <span class='ocrx_word' id='word_1_350' title='bbox 829 2869 1078 2924; x_wconf 89' lang='lat' dir='ltr'><strong>auribus</strong></span> <span class='ocrx_word' id='word_1_351' title='bbox 1100 2871 1496 2942; x_wconf 85' lang='lat' dir='ltr'><strong>acciperetur.</strong></span> <span class='ocrx_word' id='word_1_352' title='bbox 1517 2870 1603 2925; x_wconf 89' lang='lat' dir='ltr'><strong>Ad</strong></span> <span class='ocrx_word' id='word_1_353' title='bbox 1625 2871 1926 2942; x_wconf 89' lang='lat' dir='ltr'><strong>politicam</strong></span> <span class='ocrx_word' id='word_1_354' title='bbox 1959 2871 2206 2942; x_wconf 89' lang='lat' dir='ltr'><strong>quidem</strong></span> <span class='ocrx_word' id='word_1_355' title='bbox 2230 2872 2596 2926; x_wconf 86' lang='lat' dir='ltr'><strong>Athenarum</strong></span> <span class='ocrx_word' id='word_1_356' title='bbox 2629 2871 2940 2927; x_wconf 88' lang='lat' dir='ltr'><strong>historiam</strong></span> <span class='ocrx_word' id='word_1_357' title='bbox 2969 2870 3384 2927; x_wconf 86' lang='lat' dir='ltr'><strong>illustrandam</strong></span> <span class='ocrx_word' id='word_1_358' title='bbox 3411 2871 3585 2927; x_wconf 88' lang='lat' dir='ltr'><strong>libel-</strong></span> 
     </span>
    </p>
   </div>
   <div class='ocr_carea' id='block_1_34' title="bbox 205 2955 3580 3030">
    <p class='ocr_par' dir='ltr' id='par_1_34' title="bbox 205 2955 3580 3030">
     <span class='ocr_line' id='line_1_34' title="bbox 205 2955 3580 3030; baseline 0.001 -19"><span class='ocrx_word' id='word_1_359' title='bbox 205 2955 296 3011; x_wconf 89' lang='lat' dir='ltr'><strong>lus</strong></span> <span class='ocrx_word' id='word_1_360' title='bbox 325 2973 604 3029; x_wconf 66' lang='lat' dir='ltr'><strong>presens</strong></span> <span class='ocrx_word' id='word_1_361' title='bbox 625 2957 767 3029; x_wconf 90' lang='lat' dir='ltr'><strong>plus</strong></span> <span class='ocrx_word' id='word_1_362' title='bbox 796 2972 984 3029; x_wconf 91' lang='lat' dir='ltr'><strong>quam</strong></span> <span class='ocrx_word' id='word_1_363' title='bbox 1018 2957 1410 3014; x_wconf 87' lang='lat' dir='ltr'><strong>adEustathii</strong></span> <span class='ocrx_word' id='word_1_364' title='bbox 1439 2958 1784 3015; x_wconf 87' lang='lat' dir='ltr'><strong>litterariam</strong></span> <span class='ocrx_word' id='word_1_365' title='bbox 1826 2959 2276 3015; x_wconf 90' lang='lat' dir='ltr'><strong>dilucidandam</strong></span> <span class='ocrx_word' id='word_1_366' title='bbox 2319 2958 2724 3022; x_wconf 74' lang='lat' dir='ltr'><strong>contribuet-it,</strong></span> <span class='ocrx_word' id='word_1_367' title='bbox 2772 2959 2996 3030; x_wconf 90' lang='lat' dir='ltr'><strong>quippe</strong></span> <span class='ocrx_word' id='word_1_368' title='bbox 3025 2974 3162 3029; x_wconf 72' lang='lat' dir='ltr'><strong>qua:</strong></span> <span class='ocrx_word' id='word_1_369' title='bbox 3187 2958 3362 3014; x_wconf 91' lang='lat' dir='ltr'><strong>nobis</strong></span> <span class='ocrx_word' id='word_1_370' title='bbox 3381 2975 3580 3014; x_wconf 90' lang='lat' dir='ltr'><strong>mons-</strong></span> 
     </span>
    </p>
   </div>
   <div class='ocr_carea' id='block_1_35' title="bbox 209 3045 3581 3120">
    <p class='ocr_par' dir='ltr' id='par_1_35' title="bbox 209 3045 3581 3120">
     <span class='ocr_line' id='line_1_35' title="bbox 209 3045 3581 3120; baseline 0.001 -20"><span class='ocrx_word' id='word_1_371' title='bbox 209 3050 336 3112; x_wconf 81' lang='lat' dir='ltr'><strong>trat,</strong></span> <span class='ocrx_word' id='word_1_372' title='bbox 365 3051 567 3102; x_wconf 90' lang='lat' dir='ltr'><strong>certas</strong></span> <span class='ocrx_word' id='word_1_373' title='bbox 601 3045 848 3102; x_wconf 85' lang='lat' dir='ltr'><strong>Athenis</strong></span> <span class='ocrx_word' id='word_1_374' title='bbox 878 3045 1291 3102; x_wconf 88' lang='lat' dir='ltr'><strong>immunitates</strong></span> <span class='ocrx_word' id='word_1_375' title='bbox 1316 3045 1498 3105; x_wconf 89' lang='lat' dir='ltr'><strong>fuisse</strong></span> <span class='ocrx_word' id='word_1_376' title='bbox 1523 3062 1646 3102; x_wconf 91' lang='lat' dir='ltr'><strong>non</strong></span> <span class='ocrx_word' id='word_1_377' title='bbox 1686 3049 2059 3119; x_wconf 90' lang='lat' dir='ltr'><strong>spernendas</strong></span> <span class='ocrx_word' id='word_1_378' title='bbox 2087 3063 2225 3120; x_wconf 66' lang='lat' dir='ltr'><strong>quae</strong></span> <span class='ocrx_word' id='word_1_379' title='bbox 2250 3047 2304 3102; x_wconf 93' lang='lat' dir='ltr'><strong>vi</strong></span> <span class='ocrx_word' id='word_1_380' title='bbox 2324 3053 2650 3118; x_wconf 71' lang='lat' dir='ltr'><strong>praetorum</strong></span> <span class='ocrx_word' id='word_1_381' title='bbox 2682 3046 3026 3119; x_wconf 77' lang='lat' dir='ltr'><strong>usurpative</strong></span> <span class='ocrx_word' id='word_1_382' title='bbox 3047 3046 3271 3102; x_wconf 88' lang='lat' dir='ltr'><strong>nefarie</strong></span> <span class='ocrx_word' id='word_1_383' title='bbox 3294 3046 3581 3103; x_wconf 55' lang='lat' dir='ltr'><strong>laederen-</strong></span> 
     </span>
    </p>
   </div>
   <div class='ocr_carea' id='block_1_36' title="bbox 207 3133 3583 3203">
    <p class='ocr_par' dir='ltr' id='par_1_36' title="bbox 207 3133 3583 3203">
     <span class='ocr_line' id='line_1_36' title="bbox 207 3133 3583 3203; baseline 0.001 -15"><span class='ocrx_word' id='word_1_384' title='bbox 207 3137 311 3188; x_wconf 87' lang='lat' dir='ltr'><strong>tur.</strong></span> <span class='ocrx_word' id='word_1_385' title='bbox 356 3134 651 3190; x_wconf 85' lang='lat' dir='ltr'><strong>Dictionis</strong></span> <span class='ocrx_word' id='word_1_386' title='bbox 679 3133 901 3191; x_wconf 90' lang='lat' dir='ltr'><strong>deinde</strong></span> <span class='ocrx_word' id='word_1_387' title='bbox 934 3133 1286 3190; x_wconf 72' lang='lat' dir='ltr'><strong>Michaelicte</strong></span> <span class='ocrx_word' id='word_1_388' title='bbox 1325 3134 1640 3191; x_wconf 89' lang='lat' dir='ltr'><strong>barbaries</strong></span> <span class='ocrx_word' id='word_1_389' title='bbox 1693 3140 1750 3190; x_wconf 88' lang='lat' dir='ltr'><strong>et</strong></span> <span class='ocrx_word' id='word_1_390' title='bbox 1788 3135 2124 3191; x_wconf 89' lang='lat' dir='ltr'><strong>obscuritas</strong></span> <span class='ocrx_word' id='word_1_391' title='bbox 2153 3134 2510 3202; x_wconf 85' lang='lat' dir='ltr'><strong>gravissima</strong></span> <span class='ocrx_word' id='word_1_392' title='bbox 2533 3135 2594 3190; x_wconf 90' lang='lat' dir='ltr'><strong>in</strong></span> <span class='ocrx_word' id='word_1_393' title='bbox 2623 3134 2800 3190; x_wconf 83' lang='lat' dir='ltr'><strong>aliam</strong></span> <span class='ocrx_word' id='word_1_394' title='bbox 2831 3134 3102 3203; x_wconf 82' lang='lat' dir='ltr'><strong>linguam</strong></span> <span class='ocrx_word' id='word_1_395' title='bbox 3132 3134 3583 3190; x_wconf 88' lang='lat' dir='ltr'><strong>traducentibus</strong></span> 
     </span>
    </p>
   </div>
   <div class='ocr_carea' id='block_1_37' title="bbox 202 3221 3365 3294">
    <p class='ocr_par' dir='ltr' id='par_1_37' title="bbox 202 3221 3365 3294">
     <span class='ocr_line' id='line_1_37' title="bbox 202 3221 3365 3294; baseline 0 -18"><span class='ocrx_word' id='word_1_396' title='bbox 202 3221 521 3290; x_wconf 86' lang='lat' dir='ltr'><strong>obstacula</strong></span> <span class='ocrx_word' id='word_1_397' title='bbox 543 3221 846 3294; x_wconf 70' lang='lat' dir='ltr'><strong>praebent.</strong></span> <span class='ocrx_word' id='word_1_398' title='bbox 882 3225 1041 3280; x_wconf 86' lang='lat' dir='ltr'><strong>Hanc</strong></span> <span class='ocrx_word' id='word_1_399' title='bbox 1073 3222 1566 3294; x_wconf 89' lang='lat' dir='ltr'><strong>scriptiunculam</strong></span> <span class='ocrx_word' id='word_1_400' title='bbox 1588 3223 1887 3280; x_wconf 84' lang='lat' dir='ltr'><strong>in‘codice</strong></span> <span class='ocrx_word' id='word_1_401' title='bbox 1930 3223 2325 3278; x_wconf 88' lang='lat' dir='ltr'><strong>Laurentiano</strong></span> <span class='ocrx_word' id='word_1_402' title='bbox 2357 3223 2688 3278; x_wconf 89' lang='lat' dir='ltr'><strong>octodecim</strong></span> <span class='ocrx_word' id='word_1_403' title='bbox 2718 3222 2980 3294; x_wconf 82' lang='lat' dir='ltr'><strong>epistolae</strong></span> <span class='ocrx_word' id='word_1_404' title='bbox 3011 3228 3365 3294; x_wconf 91' lang='lat' dir='ltr'><strong>sequuntur.</strong></span> 
     </span>
    </p>
   </div>
   <div class='ocr_carea' id='block_1_38' title="bbox 271 3308 3582 3384">
    <p class='ocr_par' dir='ltr' id='par_1_38' title="bbox 271 3308 3582 3384">
     <span class='ocr_line' id='line_1_38' title="bbox 271 3308 3582 3384; baseline -0.001 -18"><span class='ocrx_word' id='word_1_405' title='bbox 271 3311 432 3377; x_wconf 76' lang='lat' dir='ltr'><strong>XVII,</strong></span> <span class='ocrx_word' id='word_1_406' title='bbox 467 3327 531 3382; x_wconf 78' lang='grc' dir='ltr'><strong>ι).</strong></span> <span class='ocrx_word' id='word_1_407' title='bbox 558 3315 651 3368; x_wconf 84' lang='lat'><strong>93.</strong></span> <span class='ocrx_word' id='word_1_408' title='bbox 682 3317 1058 3382; x_wconf 76' lang='grc' dir='ltr'>Προσφώνημα</span> <span class='ocrx_word' id='word_1_409' title='bbox 1087 3311 1154 3372; x_wconf 83' lang='grc' dir='ltr'><strong>εἰς</strong></span> <span class='ocrx_word' id='word_1_410' title='bbox 1183 3315 1271 3362; x_wconf 81' lang='grc' dir='ltr'>τὸν</span> <span class='ocrx_word' id='word_1_411' title='bbox 1300 3308 1712 3383; x_wconf 74' lang='grc' dir='ltr'>γυναικάδελφον</span> <span class='ocrx_word' id='word_1_412' title='bbox 1765 3319 1856 3364; x_wconf 87' lang='grc' dir='ltr'>τοῦ</span> <span class='ocrx_word' id='word_1_413' title='bbox 1894 3310 2152 3383; x_wconf 80' lang='grc' dir='ltr'>βασιλέως</span> <span class='ocrx_word' id='word_1_414' title='bbox 2197 3310 2461 3365; x_wconf 80' lang='grc' dir='ltr'><strong>Βασίλειον</strong></span> <span class='ocrx_word' id='word_1_415' title='bbox 2491 3316 2580 3365; x_wconf 82' lang='grc' dir='ltr'>τὸν</span> <span class='ocrx_word' id='word_1_416' title='bbox 2619 3315 2905 3383; x_wconf 75' lang='grc' dir='ltr'>Κομνηνόν.</span> <span class='ocrx_word' id='word_1_417' title='bbox 2941 3311 3060 3366; x_wconf 92' lang='lat' dir='ltr'><strong>Inc.</strong></span> <span class='ocrx_word' id='word_1_418' title='bbox 3101 3315 3200 3364; x_wconf 78' lang='grc' dir='ltr'>Τὸν</span> <span class='ocrx_word' id='word_1_419' title='bbox 3225 3311 3582 3384; x_wconf 63' lang='grc' dir='ltr'>μεγαλουργὸν</span> 
     </span>
    </p>
   </div>
   <div class='ocr_carea' id='block_1_39' title="bbox 201 3396 1765 3473">
    <p class='ocr_par' dir='ltr' id='par_1_39' title="bbox 201 3396 1765 3473">
     <span class='ocr_line' id='line_1_39' title="bbox 201 3396 1765 3473; baseline 0.003 -24"><span class='ocrx_word' id='word_1_420' title='bbox 201 3396 480 3469; x_wconf 55' lang='grc' dir='ltr'>Ἡρακλῆι.</span> <span class='ocrx_word' id='word_1_421' title='bbox 518 3398 646 3454; x_wconf 88' lang='lat' dir='ltr'><strong>Fin.</strong></span> <span class='ocrx_word' id='word_1_422' title='bbox 680 3406 785 3459; x_wconf 75' lang='grc' dir='ltr'><strong>Τῆς</strong></span> <span class='ocrx_word' id='word_1_423' title='bbox 816 3405 1072 3470; x_wconf 80' lang='grc' dir='ltr'><strong>μετεώρου</strong></span> <span class='ocrx_word' id='word_1_424' title='bbox 1088 3399 1302 3470; x_wconf 75' lang='grc' dir='ltr'><strong>λυχνίας</strong></span> <span class='ocrx_word' id='word_1_425' title='bbox 1322 3408 1421 3451; x_wconf 78' lang='grc' dir='ltr'>τῶν</span> <span class='ocrx_word' id='word_1_426' title='bbox 1449 3399 1765 3473; x_wconf 77' lang='grc' dir='ltr'>ἀνακτόρων.</span> 
     </span>
    </p>
   </div>
   <div class='ocr_carea' id='block_1_40' title="bbox 269 3485 1898 3562">
    <p class='ocr_par' dir='ltr' id='par_1_40' title="bbox 269 3487 1894 3560">
     <span class='ocr_line' id='line_1_40' title="bbox 269 3487 1894 3560; baseline -0.001 -19"><span class='ocrx_word' id='word_1_427' title='bbox 269 3488 459 3554; x_wconf 74' lang='lat' dir='ltr'><strong>XVIII,</strong></span> <span class='ocrx_word' id='word_1_428' title='bbox 486 3503 549 3559; x_wconf 77' lang='grc' dir='ltr'>ρ.</span> <span class='ocrx_word' id='word_1_429' title='bbox 581 3491 669 3557; x_wconf 88' lang='grc'><strong>98,</strong></span> <span class='ocrx_word' id='word_1_430' title='bbox 697 3487 762 3543; x_wconf 86' lang='lat' dir='ltr'><strong>b.</strong></span> <span class='ocrx_word' id='word_1_431' title='bbox 797 3492 1166 3560; x_wconf 74' lang='grc' dir='ltr'>Προσφὼνημα</span> <span class='ocrx_word' id='word_1_432' title='bbox 1196 3488 1269 3549; x_wconf 86' lang='grc' dir='ltr'>εἰς</span> <span class='ocrx_word' id='word_1_433' title='bbox 1296 3491 1382 3540; x_wconf 88' lang='grc' dir='ltr'>τὸν</span> <span class='ocrx_word' id='word_1_434' title='bbox 1421 3491 1583 3560; x_wconf 77' lang='grc' dir='ltr'>μέγαν</span> <span class='ocrx_word' id='word_1_435' title='bbox 1613 3491 1806 3540; x_wconf 79' lang='grc' dir='ltr'>Δούκαν</span> <span class='ocrx_word' id='word_1_436' title='bbox 1837 3491 1894 3540; x_wconf 86' lang='grc' dir='ltr'><strong>τὸ</strong></span> 
     </span>
    </p>
   </div>
   <div class='ocr_carea' id='block_1_41' title="bbox 1949 3485 3578 3562">
    <p class='ocr_par' dir='ltr' id='par_1_41' title="bbox 1956 3485 3578 3562">
     <span class='ocr_line' id='line_1_41' title="bbox 1956 3485 3578 3562; baseline 0.002 -22"><span class='ocrx_word' id='word_1_437' title='bbox 1956 3492 2230 3562; x_wconf 73' lang='grc' dir='ltr'>Στρυφνόν.</span> <span class='ocrx_word' id='word_1_438' title='bbox 2264 3489 2386 3545; x_wconf 90' lang='lat' dir='ltr'><strong>Inc.</strong></span> <span class='ocrx_word' id='word_1_439' title='bbox 2422 3486 2570 3542; x_wconf 80' lang='grc' dir='ltr'>Ἔδει</span> <span class='ocrx_word' id='word_1_440' title='bbox 2596 3493 2686 3561; x_wconf 71' lang='grc' dir='ltr'>μὲν</span> <span class='ocrx_word' id='word_1_441' title='bbox 2714 3485 3147 3561; x_wconf 74' lang='grc' dir='ltr'><strong>διαμεμενηκέναι</strong></span> <span class='ocrx_word' id='word_1_442' title='bbox 3177 3489 3418 3548; x_wconf 80' lang='grc' dir='ltr'>Ἀθήνας.</span> <span class='ocrx_word' id='word_1_443' title='bbox 3455 3487 3578 3544; x_wconf 87' lang='lat' dir='ltr'><strong>Fin.</strong></span> 
     </span>
    </p>
   </div>
   <div class='ocr_carea' id='block_1_42' title="bbox 205 3575 1834 3651">
    <p class='ocr_par' dir='ltr' id='par_1_42' title="bbox 205 3575 1834 3651">
     <span class='ocr_line' id='line_1_42' title="bbox 205 3575 1834 3651; baseline 0.002 -24"><span class='ocrx_word' id='word_1_444' title='bbox 205 3581 298 3627; x_wconf 74' lang='lat' dir='ltr'><strong>lari.</strong></span> <span class='ocrx_word' id='word_1_445' title='bbox 316 3581 452 3649; x_wconf 82' lang='grc' dir='ltr'>πρὸς</span> <span class='ocrx_word' id='word_1_446' title='bbox 483 3580 603 3637; x_wconf 84' lang='grc' dir='ltr'>τούς</span> <span class='ocrx_word' id='word_1_447' title='bbox 634 3575 804 3628; x_wconf 76' lang='grc' dir='ltr'>ἐκεῖσε</span> <span class='ocrx_word' id='word_1_448' title='bbox 829 3575 1102 3646; x_wconf 76' lang='grc' dir='ltr'>γαληνίους</span> <span class='ocrx_word' id='word_1_449' title='bbox 1123 3576 1330 3648; x_wconf 73' lang='grc' dir='ltr'>λιμένας</span> <span class='ocrx_word' id='word_1_450' title='bbox 1360 3578 1786 3651; x_wconf 80' lang='grc' dir='ltr'>μεθορμίζοντος.</span> <span class='ocrx_word' id='word_1_451' title='bbox 1812 3579 1834 3631; x_wconf 71' lang='grc' dir='ltr'><em>Ι</em></span> 
     </span>
    </p>
   </div>
   <div class='ocr_carea' id='block_1_43' title="bbox 1950 3575 3579 3651">
    <p class='ocr_par' dir='ltr' id='par_1_43' title="bbox 1950 3577 3579 3646">
     <span class='ocr_line' id='line_1_43' title="bbox 1950 3577 3579 3646; baseline 0.001 -15"><span class='ocrx_word' id='word_1_452' title='bbox 1950 3592 2113 3633; x_wconf 88' lang='lat' dir='ltr'><strong>rema</strong></span> <span class='ocrx_word' id='word_1_453' title='bbox 2136 3577 2318 3646; x_wconf 73' lang='lat' dir='ltr'><strong>huius</strong></span> <span class='ocrx_word' id='word_1_454' title='bbox 2341 3579 2726 3634; x_wconf 85' lang='lat' dir='ltr'><strong>attocutionis</strong></span> <span class='ocrx_word' id='word_1_455' title='bbox 2757 3579 3078 3635; x_wconf 78' lang='lat' dir='ltr'><strong>recentiori</strong></span> <span class='ocrx_word' id='word_1_456' title='bbox 3091 3593 3277 3634; x_wconf 89' lang='lat' dir='ltr'><strong>manu</strong></span> <span class='ocrx_word' id='word_1_457' title='bbox 3301 3578 3579 3646; x_wconf 82' lang='lat' dir='ltr'><strong>suppleta</strong></span> 
     </span>
    </p>
   </div>
   <div class='ocr_carea' id='block_1_44' title="bbox 200 3662 1829 3739">
    <p class='ocr_par' dir='ltr' id='par_1_44' title="bbox 200 3665 1826 3735">
     <span class='ocr_line' id='line_1_44' title="bbox 200 3665 1826 3735; baseline 0.005 -18"><span class='ocrx_word' id='word_1_458' title='bbox 200 3671 332 3720; x_wconf 72' lang='lat' dir='ltr'><strong>sunt</strong></span> <span class='ocrx_word' id='word_1_459' title='bbox 359 3672 621 3735; x_wconf 84' lang='lat' dir='ltr'><strong>propter</strong></span> <span class='ocrx_word' id='word_1_460' title='bbox 648 3667 832 3720; x_wconf 84' lang='lat' dir='ltr'><strong>uni-us</strong></span> <span class='ocrx_word' id='word_1_461' title='bbox 851 3666 996 3734; x_wconf 75' lang='lat' dir='ltr'><strong>folii</strong></span> <span class='ocrx_word' id='word_1_462' title='bbox 1023 3665 1318 3732; x_wconf 83' lang='lat' dir='ltr'><strong>defectum</strong></span> <span class='ocrx_word' id='word_1_463' title='bbox 1369 3672 1510 3722; x_wconf 86' lang='lat' dir='ltr'><strong>ante</strong></span> <span class='ocrx_word' id='word_1_464' title='bbox 1525 3681 1668 3734; x_wconf 79' lang='lat' dir='ltr'><strong>pag.</strong></span> <span class='ocrx_word' id='word_1_465' title='bbox 1709 3670 1826 3726; x_wconf 80' lang='grc'><strong>104,</strong></span> 
     </span>
    </p>
   </div>
   <div class='ocr_carea' id='block_1_45' title="bbox 1950 3662 3579 3739">
    <p class='ocr_par' dir='ltr' id='par_1_45' title="bbox 1950 3662 3579 3739">
     <span class='ocr_line' id='line_1_45' title="bbox 1950 3662 3579 3739; baseline -0.001 -21"><span class='ocrx_word' id='word_1_466' title='bbox 1950 3667 2030 3718; x_wconf 67' lang='lat' dir='ltr'><strong>ius</strong></span> <span class='ocrx_word' id='word_1_467' title='bbox 2051 3672 2372 3734; x_wconf 80' lang='lat' dir='ltr'><strong>propterea</strong></span> <span class='ocrx_word' id='word_1_468' title='bbox 2396 3668 2596 3736; x_wconf 89' lang='lat' dir='ltr'><strong>prima</strong></span> <span class='ocrx_word' id='word_1_469' title='bbox 2636 3667 2815 3723; x_wconf 84' lang='lat' dir='ltr'><strong>verba</strong></span> <span class='ocrx_word' id='word_1_470' title='bbox 2843 3675 2906 3739; x_wconf 78' lang='grc' dir='ltr'><strong>τῇ</strong></span> <span class='ocrx_word' id='word_1_471' title='bbox 2941 3664 3104 3736; x_wconf 79' lang='grc' dir='ltr'><strong>δόξῃ·</strong></span> <span class='ocrx_word' id='word_1_472' title='bbox 3140 3663 3500 3738; x_wconf 84' lang='grc' dir='ltr'>δεδοξασμένα</span> <span class='ocrx_word' id='word_1_473' title='bbox 3519 3662 3579 3717; x_wconf 67' lang='grc' dir='ltr'><strong>δὲ</strong></span> 
     </span>
    </p>
   </div>
   <div class='ocr_carea' id='block_1_46' title="bbox 201 3753 3574 3825">
    <p class='ocr_par' dir='ltr' id='par_1_46' title="bbox 201 3753 3574 3825">
     <span class='ocr_line' id='line_1_46' title="bbox 201 3753 3574 3825; baseline 0.002 -23"><span class='ocrx_word' id='word_1_474' title='bbox 201 3753 336 3822; x_wconf 72' lang='grc' dir='ltr'>ὅμως</span> <span class='ocrx_word' id='word_1_475' title='bbox 361 3756 539 3806; x_wconf 77' lang='grc' dir='ltr'>πάντα</span> <span class='ocrx_word' id='word_1_476' title='bbox 564 3753 681 3807; x_wconf 76' lang='grc' dir='ltr'><strong>κτλ.</strong></span> <span class='ocrx_word' id='word_1_477' title='bbox 718 3769 835 3824; x_wconf 85' lang='lat' dir='ltr'><strong>quo</strong></span> <span class='ocrx_word' id='word_1_478' title='bbox 859 3755 1202 3822; x_wconf 85' lang='lat' dir='ltr'><strong>pertineant</strong></span> <span class='ocrx_word' id='word_1_479' title='bbox 1229 3756 1614 3824; x_wconf 78' lang='lat' dir='ltr'><strong>ignoramus;</strong></span> <span class='ocrx_word' id='word_1_480' title='bbox 1644 3756 1860 3809; x_wconf 84' lang='lat' dir='ltr'><strong>ultima</strong></span> <span class='ocrx_word' id='word_1_481' title='bbox 1891 3758 2090 3808; x_wconf 88' lang='lat' dir='ltr'><strong>tamen</strong></span> <span class='ocrx_word' id='word_1_482' title='bbox 2119 3769 2240 3810; x_wconf 86' lang='lat' dir='ltr'><strong>esse</strong></span> <span class='ocrx_word' id='word_1_483' title='bbox 2275 3756 2538 3824; x_wconf 68' lang='lat' dir='ltr'><strong>alicujus</strong></span> <span class='ocrx_word' id='word_1_484' title='bbox 2570 3756 2853 3822; x_wconf 72' lang='lat' dir='ltr'><strong>homitiae,</strong></span> <span class='ocrx_word' id='word_1_485' title='bbox 2885 3761 3050 3825; x_wconf 82' lang='lat' dir='ltr'><strong>patet</strong></span> <span class='ocrx_word' id='word_1_486' title='bbox 3079 3771 3155 3812; x_wconf 78' lang='lat' dir='ltr'><strong>ex</strong></span> <span class='ocrx_word' id='word_1_487' title='bbox 3177 3755 3574 3824; x_wconf 73' lang='lat' dir='ltr'><strong>conclusione,</strong></span> 
     </span>
    </p>
   </div>
   <div class='ocr_carea' id='block_1_47' title="bbox 200 3839 1829 3916">
    <p class='ocr_par' dir='ltr' id='par_1_47' title="bbox 200 3839 1825 3916">
     <span class='ocr_line' id='line_1_47' title="bbox 200 3839 1825 3916; baseline -0.001 -21"><span class='ocrx_word' id='word_1_488' title='bbox 200 3856 323 3910; x_wconf 58' lang='lat' dir='ltr'><strong>quae</strong></span> <span class='ocrx_word' id='word_1_489' title='bbox 353 3844 443 3898; x_wconf 88' lang='lat' dir='ltr'><strong>ita</strong></span> <span class='ocrx_word' id='word_1_490' title='bbox 471 3843 655 3898; x_wconf 83' lang='lat' dir='ltr'><strong>habet</strong></span> <span class='ocrx_word' id='word_1_491' title='bbox 693 3859 707 3896; x_wconf 84' lang='lat'><strong>:</strong></span> <span class='ocrx_word' id='word_1_492' title='bbox 732 3842 828 3894; x_wconf 84' lang='grc' dir='ltr'>Ὧν</span> <span class='ocrx_word' id='word_1_493' title='bbox 855 3841 904 3893; x_wconf 77' lang='grc' dir='ltr'>ἐν</span> <span class='ocrx_word' id='word_1_494' title='bbox 926 3842 1125 3913; x_wconf 81' lang='grc' dir='ltr'><strong>μεθέξει</strong></span> <span class='ocrx_word' id='word_1_495' title='bbox 1153 3847 1242 3894; x_wconf 81' lang='grc' dir='ltr'><strong>καὶ</strong></span> <span class='ocrx_word' id='word_1_496' title='bbox 1272 3844 1420 3914; x_wconf 83' lang='grc' dir='ltr'>ἠμεις</span> <span class='ocrx_word' id='word_1_497' title='bbox 1451 3843 1772 3916; x_wconf 67' lang='grc' dir='ltr'>εὑρεθείημεν</span> <span class='ocrx_word' id='word_1_498' title='bbox 1793 3839 1825 3894; x_wconf 83' lang='grc' dir='ltr'><em>δ</em></span> 
     </span>
    </p>
   </div>
   <div class='ocr_carea' id='block_1_48' title="bbox 1938 3839 3567 3916">
    <p class='ocr_par' dir='ltr' id='par_1_48' title="bbox 1938 3844 3567 3916">
     <span class='ocr_line' id='line_1_48' title="bbox 1938 3844 3567 3916; baseline 0.005 -22"><span class='ocrx_word' id='word_1_499' title='bbox 1938 3847 2092 3899; x_wconf 81' lang='grc' dir='ltr'>Ιησοῦ</span> <span class='ocrx_word' id='word_1_500' title='bbox 2119 3850 2375 3916; x_wconf 77' lang='grc' dir='ltr'><strong>Χριστοῦ,</strong></span> <span class='ocrx_word' id='word_1_501' title='bbox 2399 3844 2510 3897; x_wconf 78' lang='grc' dir='ltr'>κτλ·</span> <span class='ocrx_word' id='word_1_502' title='bbox 2541 3847 2768 3912; x_wconf 79' lang='lat' dir='ltr'><strong>BANDIN,</strong></span> <span class='ocrx_word' id='word_1_503' title='bbox 2799 3861 2860 3916; x_wconf 87' lang='lat' dir='ltr'><strong>p.</strong></span> <span class='ocrx_word' id='word_1_504' title='bbox 2893 3849 2980 3899; x_wconf 77' lang='lat'><strong>15.</strong></span> <span class='ocrx_word' id='word_1_505' title='bbox 3566 3865 3567 3868; x_wconf 81' lang='lat'>‘</span> 
     </span>
    </p>
   </div>
   <div class='ocr_carea' id='block_1_49' title="bbox 262 3928 3573 4004">
    <p class='ocr_par' dir='ltr' id='par_1_49' title="bbox 262 3928 3573 4004">
     <span class='ocr_line' id='line_1_49' title="bbox 262 3928 3573 4004; baseline -0 -21"><span class='ocrx_word' id='word_1_506' title='bbox 262 3931 744 3994; x_wconf 83' lang='lat' dir='ltr'><strong>Quatuordecim</strong></span> <span class='ocrx_word' id='word_1_507' title='bbox 779 3928 1048 4000; x_wconf 66' lang='lat' dir='ltr'><strong>epistolae</strong></span> <span class='ocrx_word' id='word_1_508' title='bbox 1092 3945 1214 3985; x_wconf 91' lang='lat' dir='ltr'><strong>non</strong></span> <span class='ocrx_word' id='word_1_509' title='bbox 1245 3931 1411 4001; x_wconf 89' lang='lat' dir='ltr'><strong>parvi</strong></span> <span class='ocrx_word' id='word_1_510' title='bbox 1450 3931 1759 3996; x_wconf 89' lang='lat' dir='ltr'><strong>momenti,</strong></span> <span class='ocrx_word' id='word_1_511' title='bbox 1807 3929 2106 4001; x_wconf 91' lang='lat' dir='ltr'><strong>siquidem</strong></span> <span class='ocrx_word' id='word_1_512' title='bbox 2148 3948 2350 3988; x_wconf 91' lang='lat' dir='ltr'><strong>rerum</strong></span> <span class='ocrx_word' id='word_1_513' title='bbox 2400 3933 2823 4000; x_wconf 75' lang='lat' dir='ltr'><strong>maximarum,</strong></span> <span class='ocrx_word' id='word_1_514' title='bbox 2849 3947 3106 4004; x_wconf 88' lang='lat' dir='ltr'><strong>quarum</strong></span> <span class='ocrx_word' id='word_1_515' title='bbox 3142 3929 3387 3986; x_wconf 89' lang='lat' dir='ltr'><strong>Michael</strong></span> <span class='ocrx_word' id='word_1_516' title='bbox 3407 3928 3573 3984; x_wconf 90' lang='lat' dir='ltr'><strong>testis</strong></span> 
     </span>
    </p>
   </div>
   <div class='ocr_carea' id='block_1_50' title="bbox 199 4015 3576 4090">
    <p class='ocr_par' dir='ltr' id='par_1_50' title="bbox 199 4015 3576 4090">
     <span class='ocr_line' id='line_1_50' title="bbox 199 4015 3576 4090; baseline 0.001 -20"><span class='ocrx_word' id='word_1_517' title='bbox 199 4015 318 4086; x_wconf 83' lang='lat' dir='ltr'><strong>fuit,</strong></span> <span class='ocrx_word' id='word_1_518' title='bbox 352 4025 416 4075; x_wconf 91' lang='lat' dir='ltr'><strong>ut</strong></span> <span class='ocrx_word' id='word_1_519' title='bbox 440 4017 1004 4090; x_wconf 88' lang='lat' dir='ltr'><strong>Constantinopolis</strong></span> <span class='ocrx_word' id='word_1_520' title='bbox 1035 4024 1242 4090; x_wconf 70' lang='lat' dir='ltr'><strong>captae,</strong></span> <span class='ocrx_word' id='word_1_521' title='bbox 1272 4017 1412 4074; x_wconf 88' lang='lat' dir='ltr'><strong>belli</strong></span> <span class='ocrx_word' id='word_1_522' title='bbox 1439 4024 1648 4074; x_wconf 85' lang='lat' dir='ltr'><strong>contra</strong></span> <span class='ocrx_word' id='word_1_523' title='bbox 1679 4020 1934 4088; x_wconf 87' lang='lat' dir='ltr'><strong>Sgurum</strong></span> <span class='ocrx_word' id='word_1_524' title='bbox 1959 4023 2016 4074; x_wconf 91' lang='lat' dir='ltr'><strong>et</strong></span> <span class='ocrx_word' id='word_1_525' title='bbox 2043 4020 2280 4076; x_wconf 87' lang='lat' dir='ltr'><strong>Latinos</strong></span> <span class='ocrx_word' id='word_1_526' title='bbox 2304 4020 2476 4089; x_wconf 85' lang='lat' dir='ltr'><strong>gesti,</strong></span> <span class='ocrx_word' id='word_1_527' title='bbox 2506 4021 2762 4076; x_wconf 87' lang='lat' dir='ltr'><strong>auctoris</strong></span> <span class='ocrx_word' id='word_1_528' title='bbox 2791 4019 2980 4075; x_wconf 79' lang='lat' dir='ltr'><strong>exsilii</strong></span> <span class='ocrx_word' id='word_1_529' title='bbox 3007 4035 3198 4090; x_wconf 89' lang='lat' dir='ltr'><strong>usque</strong></span> <span class='ocrx_word' id='word_1_530' title='bbox 3223 4019 3300 4076; x_wconf 90' lang='lat' dir='ltr'><strong>ad</strong></span> <span class='ocrx_word' id='word_1_531' title='bbox 3323 4021 3576 4074; x_wconf 83' lang='lat' dir='ltr'><strong>mortem</strong></span> 
     </span>
    </p>
   </div>
   <div class='ocr_carea' id='block_1_51' title="bbox 198 4103 1123 4163">
    <p class='ocr_par' dir='ltr' id='par_1_51' title="bbox 198 4103 1123 4163">
     <span class='ocr_line' id='line_1_51' title="bbox 198 4103 1123 4163; baseline 0.003 -6"><span class='ocrx_word' id='word_1_532' title='bbox 198 4103 389 4163; x_wconf 86' lang='lat' dir='ltr'><strong>fratris</strong></span> <span class='ocrx_word' id='word_1_533' title='bbox 411 4107 791 4163; x_wconf 88' lang='lat' dir='ltr'><strong>documenta</strong></span> <span class='ocrx_word' id='word_1_534' title='bbox 818 4106 1123 4161; x_wconf 86' lang='lat' dir='ltr'><strong>exhibent.</strong></span> 
     </span>
    </p>
   </div>
   <div class='ocr_carea' id='block_1_52' title="bbox 257 4191 3578 4268">
    <p class='ocr_par' dir='ltr' id='par_1_52' title="bbox 257 4191 3578 4268">
     <span class='ocr_line' id='line_1_52' title="bbox 257 4191 3578 4268; baseline -0.002 -18"><span class='ocrx_word' id='word_1_535' title='bbox 257 4197 393 4263; x_wconf 73' lang='lat' dir='ltr'><strong>XIX,</strong></span> <span class='ocrx_word' id='word_1_536' title='bbox 426 4213 490 4268; x_wconf 88' lang='lat' dir='ltr'><strong>p.</strong></span> <span class='ocrx_word' id='word_1_537' title='bbox 528 4199 652 4268; x_wconf 73' lang='grc'><strong>116,</strong></span> <span class='ocrx_word' id='word_1_538' title='bbox 685 4195 749 4251; x_wconf 88' lang='lat' dir='ltr'><strong>b.</strong></span> <span class='ocrx_word' id='word_1_539' title='bbox 780 4191 1038 4249; x_wconf 74' lang='grc' dir='ltr'>Μονωὸία</span> <span class='ocrx_word' id='word_1_540' title='bbox 1086 4195 1156 4255; x_wconf 88' lang='grc' dir='ltr'><strong>εἰς</strong></span> <span class='ocrx_word' id='word_1_541' title='bbox 1201 4199 1288 4247; x_wconf 84' lang='grc' dir='ltr'>τὸν</span> <span class='ocrx_word' id='word_1_542' title='bbox 1321 4191 1540 4266; x_wconf 73' lang='grc' dir='ltr'>ἀδελφὸν</span> <span class='ocrx_word' id='word_1_543' title='bbox 1572 4195 1731 4247; x_wconf 76' lang='grc' dir='ltr'>αὑτοῦ</span> <span class='ocrx_word' id='word_1_544' title='bbox 1764 4198 1942 4268; x_wconf 84' lang='grc' dir='ltr'>κύριον</span> <span class='ocrx_word' id='word_1_545' title='bbox 1980 4200 2215 4252; x_wconf 76' lang='grc' dir='ltr'>Νικήταν</span> <span class='ocrx_word' id='word_1_546' title='bbox 2246 4198 2332 4247; x_wconf 87' lang='grc' dir='ltr'><strong>τὸν</strong></span> <span class='ocrx_word' id='word_1_547' title='bbox 2371 4197 2667 4251; x_wconf 80' lang='grc' dir='ltr'>Χωνιάτην.</span> <span class='ocrx_word' id='word_1_548' title='bbox 2709 4195 2829 4250; x_wconf 84' lang='lat' dir='ltr'><strong>Inc.</strong></span> <span class='ocrx_word' id='word_1_549' title='bbox 2862 4194 2933 4248; x_wconf 82' lang='grc' dir='ltr'><em>Ὤ.</em></span> <span class='ocrx_word' id='word_1_550' title='bbox 2971 4200 3198 4268; x_wconf 84' lang='grc' dir='ltr'>πονηρᾶς</span> <span class='ocrx_word' id='word_1_551' title='bbox 3247 4193 3512 4266; x_wconf 71' lang='grc' dir='ltr'>ἀγγελίας,</span> <span class='ocrx_word' id='word_1_552' title='bbox 3538 4195 3578 4245; x_wconf 84' lang='grc' dir='ltr'>ὦ</span> 
     </span>
    </p>
   </div>
   <div class='ocr_carea' id='block_1_53' title="bbox 202 4281 3576 4358">
    <p class='ocr_par' dir='ltr' id='par_1_53' title="bbox 202 4281 3576 4358">
     <span class='ocr_line' id='line_1_53' title="bbox 202 4281 3576 4358; baseline 0.002 -27"><span class='ocrx_word' id='word_1_553' title='bbox 202 4293 388 4355; x_wconf 73' lang='grc' dir='ltr'>πικρᾶς</span> <span class='ocrx_word' id='word_1_554' title='bbox 416 4284 601 4352; x_wconf 78' lang='grc' dir='ltr'><strong>ἀκοῆς,</strong></span> <span class='ocrx_word' id='word_1_555' title='bbox 622 4286 686 4346; x_wconf 77' lang='grc' dir='ltr'><strong>ἧς</strong></span> <span class='ocrx_word' id='word_1_556' title='bbox 717 4281 994 4344; x_wconf 77' lang='grc' dir='ltr'><strong>ἀδοκήτως</strong></span> <span class='ocrx_word' id='word_1_557' title='bbox 1021 4303 1110 4356; x_wconf 86' lang='grc' dir='ltr'><strong>μοι</strong></span> <span class='ocrx_word' id='word_1_558' title='bbox 1144 4283 1495 4344; x_wconf 74' lang='grc' dir='ltr'>ἐπιπεσούσης</span> <span class='ocrx_word' id='word_1_559' title='bbox 1525 4281 1634 4337; x_wconf 80' lang='grc' dir='ltr'>ὦτα</span> <span class='ocrx_word' id='word_1_560' title='bbox 1664 4288 1753 4356; x_wconf 78' lang='grc' dir='ltr'>μὲν</span> <span class='ocrx_word' id='word_1_561' title='bbox 1786 4283 1985 4358; x_wconf 78' lang='grc' dir='ltr'>ἀθρόως</span> <span class='ocrx_word' id='word_1_562' title='bbox 2021 4282 2466 4355; x_wconf 78' lang='grc' dir='ltr'>περιϐομϐηθέντα</span> <span class='ocrx_word' id='word_1_563' title='bbox 2491 4281 2757 4356; x_wconf 78' lang='grc' dir='ltr'>ἀμφοτέρα</span> <span class='ocrx_word' id='word_1_564' title='bbox 2779 4284 2990 4355; x_wconf 68' lang='grc' dir='ltr'>ἤχησει</span> <span class='ocrx_word' id='word_1_565' title='bbox 3044 4284 3090 4339; x_wconf 89' lang='lat'><em>0</em></span> <span class='ocrx_word' id='word_1_566' title='bbox 3119 4283 3398 4340; x_wconf 87' lang='lat' dir='ltr'><strong>acerbum</strong></span> <span class='ocrx_word' id='word_1_567' title='bbox 3426 4299 3576 4339; x_wconf 87' lang='lat' dir='ltr'><strong>nun-</strong></span> 
     </span>
    </p>
   </div>
   <div class='ocr_carea' id='block_1_54' title="bbox 194 4373 1961 4442">
    <p class='ocr_par' dir='ltr' id='par_1_54' title="bbox 194 4373 1961 4442">
     <span class='ocr_line' id='line_1_54' title="bbox 194 4373 1961 4442; baseline 0.003 -21"><span class='ocrx_word' id='word_1_568' title='bbox 194 4373 339 4428; x_wconf 84' lang='lat' dir='ltr'><strong>tium</strong></span> <span class='ocrx_word' id='word_1_569' title='bbox 371 4390 445 4429; x_wconf 90' lang='lat' dir='ltr'><strong>ac</strong></span> <span class='ocrx_word' id='word_1_570' title='bbox 472 4375 908 4442; x_wconf 85' lang='lat' dir='ltr'><strong>tristissimum,</strong></span> <span class='ocrx_word' id='word_1_571' title='bbox 944 4387 1062 4442; x_wconf 89' lang='lat' dir='ltr'><strong>quo</strong></span> <span class='ocrx_word' id='word_1_572' title='bbox 1092 4387 1271 4428; x_wconf 81' lang='lat' dir='ltr'><strong>aures</strong></span> <span class='ocrx_word' id='word_1_573' title='bbox 1301 4387 1446 4428; x_wconf 72' lang='lat' dir='ltr'><strong>mete</strong></span> <span class='ocrx_word' id='word_1_574' title='bbox 1474 4374 1627 4428; x_wconf 86' lang='lat' dir='ltr'><strong>mire</strong></span> <span class='ocrx_word' id='word_1_575' title='bbox 1656 4381 1961 4428; x_wconf 83' lang='lat' dir='ltr'><strong>resonant.</strong></span> 
     </span>
    </p>
   </div>
   <div class='ocr_carea' id='block_1_55' title="bbox 258 4459 3583 4532">
    <p class='ocr_par' dir='ltr' id='par_1_55' title="bbox 258 4459 3583 4532">
     <span class='ocr_line' id='line_1_55' title="bbox 258 4459 3583 4532; baseline 0 -16"><span class='ocrx_word' id='word_1_576' title='bbox 258 4465 550 4532; x_wconf 81' lang='lat' dir='ltr'><strong>Superest</strong></span> <span class='ocrx_word' id='word_1_577' title='bbox 580 4461 712 4518; x_wconf 68' lang='lat' dir='ltr'><strong>haec</strong></span> <span class='ocrx_word' id='word_1_578' title='bbox 744 4461 940 4516; x_wconf 90' lang='lat' dir='ltr'><strong>oratio</strong></span> <span class='ocrx_word' id='word_1_579' title='bbox 963 4459 1230 4532; x_wconf 84' lang='lat' dir='ltr'><strong>funebris</strong></span> <span class='ocrx_word' id='word_1_580' title='bbox 1259 4461 1319 4516; x_wconf 91' lang='lat' dir='ltr'><strong>in</strong></span> <span class='ocrx_word' id='word_1_581' title='bbox 1363 4461 1636 4516; x_wconf 86' lang='lat' dir='ltr'><strong>Latinum</strong></span> <span class='ocrx_word' id='word_1_582' title='bbox 1675 4461 1890 4516; x_wconf 86' lang='lat' dir='ltr'><strong>tradita</strong></span> <span class='ocrx_word' id='word_1_583' title='bbox 1938 4476 2275 4516; x_wconf 90' lang='lat' dir='ltr'><strong>sermonem</strong></span> <span class='ocrx_word' id='word_1_584' title='bbox 2311 4477 2346 4517; x_wconf 87' lang='lat' dir='ltr'><strong>a</strong></span> <span class='ocrx_word' id='word_1_585' title='bbox 2386 4463 2556 4516; x_wconf 87' lang='lat' dir='ltr'><strong>Petro</strong></span> <span class='ocrx_word' id='word_1_586' title='bbox 2582 4460 2862 4523; x_wconf 87' lang='lat' dir='ltr'><strong>Morellio,</strong></span> <span class='ocrx_word' id='word_1_587' title='bbox 2895 4465 2952 4516; x_wconf 88' lang='lat' dir='ltr'><strong>et</strong></span> <span class='ocrx_word' id='word_1_588' title='bbox 2975 4460 3190 4529; x_wconf 82' lang='lat' dir='ltr'><strong>legitur</strong></span> <span class='ocrx_word' id='word_1_589' title='bbox 3212 4461 3272 4516; x_wconf 93' lang='lat' dir='ltr'><strong>in</strong></span> <span class='ocrx_word' id='word_1_590' title='bbox 3310 4462 3583 4516; x_wconf 81' lang='lat' dir='ltr'><strong>Historia</strong></span> 
     </span>
    </p>
   </div>
   <div class='ocr_carea' id='block_1_56' title="bbox 189 4548 3576 4621">
    <p class='ocr_par' dir='ltr' id='par_1_56' title="bbox 189 4548 3576 4621">
     <span class='ocr_line' id='line_1_56' title="bbox 189 4548 3576 4621; baseline 0.001 -21"><span class='ocrx_word' id='word_1_591' title='bbox 189 4562 402 4602; x_wconf 79' lang='lat' dir='ltr'><strong>rerum</strong></span> <span class='ocrx_word' id='word_1_592' title='bbox 432 4552 493 4605; x_wconf 89' lang='lat' dir='ltr'><strong>in</strong></span> <span class='ocrx_word' id='word_1_593' title='bbox 528 4550 775 4606; x_wconf 86' lang='lat' dir='ltr'><strong>Oriente</strong></span> <span class='ocrx_word' id='word_1_594' title='bbox 797 4556 1133 4619; x_wconf 81' lang='lat' dir='ltr'><strong>gestarum,</strong></span> <span class='ocrx_word' id='word_1_595' title='bbox 1168 4549 1442 4605; x_wconf 85' lang='lat' dir='ltr'><strong>Francof.</strong></span> <span class='ocrx_word' id='word_1_596' title='bbox 1474 4553 1609 4604; x_wconf 79' lang='grc'><strong>1568</strong></span> <span class='ocrx_word' id='word_1_597' title='bbox 1641 4555 1695 4605; x_wconf 89' lang='lat' dir='ltr'><strong>et</strong></span> <span class='ocrx_word' id='word_1_598' title='bbox 1718 4549 1778 4604; x_wconf 91' lang='lat' dir='ltr'><strong>in</strong></span> <span class='ocrx_word' id='word_1_599' title='bbox 1805 4549 2179 4605; x_wconf 87' lang='lat' dir='ltr'><strong>Bibliothecis</strong></span> <span class='ocrx_word' id='word_1_600' title='bbox 2214 4552 2316 4605; x_wconf 92' lang='lat' dir='ltr'><strong>PP.</strong></span> <span class='ocrx_word' id='word_1_601' title='bbox 2344 4552 2479 4604; x_wconf 89' lang='lat' dir='ltr'><strong>Post</strong></span> <span class='ocrx_word' id='word_1_602' title='bbox 2505 4548 2843 4605; x_wconf 82' lang='lat' dir='ltr'><strong>Monodiam</strong></span> <span class='ocrx_word' id='word_1_603' title='bbox 2875 4553 2944 4605; x_wconf 83' lang='lat'><strong>78</strong></span> <span class='ocrx_word' id='word_1_604' title='bbox 2969 4548 3231 4621; x_wconf 74' lang='lat' dir='ltr'><strong>epistolae</strong></span> <span class='ocrx_word' id='word_1_605' title='bbox 3251 4549 3531 4618; x_wconf 84' lang='lat' dir='ltr'><strong>leguntur</strong></span> <span class='ocrx_word' id='word_1_606' title='bbox 3561 4567 3576 4604; x_wconf 88' lang='lat'><strong>:</strong></span> 
     </span>
    </p>
   </div>
   <div class='ocr_carea' id='block_1_57' title="bbox 262 4635 3575 4714">
    <p class='ocr_par' dir='ltr' id='par_1_57' title="bbox 262 4635 3575 4714">
     <span class='ocr_line' id='line_1_57' title="bbox 262 4635 3575 4714; baseline -0.001 -23"><span class='ocrx_word' id='word_1_607' title='bbox 262 4638 445 4709; x_wconf 75' lang='lat' dir='ltr'><strong>XX,p.</strong></span> <span class='ocrx_word' id='word_1_608' title='bbox 472 4639 596 4694; x_wconf 66' lang='grc'><strong>164.</strong></span> <span class='ocrx_word' id='word_1_609' title='bbox 615 4640 921 4712; x_wconf 83' lang='grc' dir='ltr'>Προθεωρία</span> <span class='ocrx_word' id='word_1_610' title='bbox 952 4637 1019 4697; x_wconf 85' lang='grc' dir='ltr'>εὶς</span> <span class='ocrx_word' id='word_1_611' title='bbox 1048 4644 1169 4698; x_wconf 82' lang='grc' dir='ltr'>τοὺς</span> <span class='ocrx_word' id='word_1_612' title='bbox 1189 4636 1291 4689; x_wconf 81' lang='grc' dir='ltr'><strong>ἀπὸ</strong></span> <span class='ocrx_word' id='word_1_613' title='bbox 1312 4637 1501 4708; x_wconf 75' lang='grc' dir='ltr'>ψυχῆς</span> <span class='ocrx_word' id='word_1_614' title='bbox 1521 4643 1611 4690; x_wconf 79' lang='grc' dir='ltr'><strong>καὶ</strong></span> <span class='ocrx_word' id='word_1_615' title='bbox 1643 4644 1878 4709; x_wconf 80' lang='grc' dir='ltr'>σώματος</span> <span class='ocrx_word' id='word_1_616' title='bbox 1897 4638 2104 4708; x_wconf 78' lang='grc' dir='ltr'>λόγους.</span> <span class='ocrx_word' id='word_1_617' title='bbox 2140 4641 2253 4693; x_wconf 80' lang='lat' dir='ltr'><strong>inc.</strong></span> <span class='ocrx_word' id='word_1_618' title='bbox 2286 4643 2390 4696; x_wconf 80' lang='grc' dir='ltr'>Τὴν</span> <span class='ocrx_word' id='word_1_619' title='bbox 2411 4645 2502 4689; x_wconf 77' lang='grc' dir='ltr'>τοῦ</span> <span class='ocrx_word' id='word_1_620' title='bbox 2529 4637 2741 4709; x_wconf 76' lang='grc' dir='ltr'>λογικοῦ</span> <span class='ocrx_word' id='word_1_621' title='bbox 2769 4643 2958 4714; x_wconf 82' lang='grc' dir='ltr'>μέρους</span> <span class='ocrx_word' id='word_1_622' title='bbox 2981 4648 3072 4699; x_wconf 82' lang='grc' dir='ltr'><strong>τῆς</strong></span> <span class='ocrx_word' id='word_1_623' title='bbox 3085 4638 3274 4709; x_wconf 76' lang='grc' dir='ltr'>ψυχῆς</span> <span class='ocrx_word' id='word_1_624' title='bbox 3299 4635 3575 4712; x_wconf 74' lang='grc' dir='ltr'>διαφοράν.</span> 
     </span>
    </p>
   </div>
   <div class='ocr_carea' id='block_1_58' title="bbox 193 4723 1822 4802">
    <p class='ocr_par' dir='ltr' id='par_1_58' title="bbox 193 4723 1819 4802">
     <span class='ocr_line' id='line_1_58' title="bbox 193 4723 1819 4802; baseline -0.001 -22"><span class='ocrx_word' id='word_1_625' title='bbox 193 4723 317 4780; x_wconf 83' lang='lat' dir='ltr'><strong>Fin.</strong></span> <span class='ocrx_word' id='word_1_626' title='bbox 347 4734 530 4779; x_wconf 76' lang='grc' dir='ltr'>Ταῦτα</span> <span class='ocrx_word' id='word_1_627' title='bbox 560 4724 670 4780; x_wconf 68' lang='lat' dir='ltr'><strong>fciet.</strong></span> <span class='ocrx_word' id='word_1_628' title='bbox 698 4727 1157 4802; x_wconf 81' lang='grc' dir='ltr'>προθεωρηθῆναι,</span> <span class='ocrx_word' id='word_1_629' title='bbox 1188 4731 1278 4778; x_wconf 83' lang='grc' dir='ltr'><strong>καὶ</strong></span> <span class='ocrx_word' id='word_1_630' title='bbox 1307 4723 1372 4784; x_wconf 77' lang='grc' dir='ltr'><strong>δὴ</strong></span> <span class='ocrx_word' id='word_1_631' title='bbox 1403 4729 1819 4799; x_wconf 79' lang='grc' dir='ltr'>προτεθεὼρηται</span> 
     </span>
    </p>
   </div>
   <div class='ocr_carea' id='block_1_59' title="bbox 1946 4723 3575 4802">
    <p class='ocr_par' dir='ltr' id='par_1_59' title="bbox 1946 4723 3575 4801">
     <span class='ocr_line' id='line_1_59' title="bbox 1946 4723 3575 4801; baseline -0.003 -19"><span class='ocrx_word' id='word_1_632' title='bbox 1946 4745 1964 4782; x_wconf 69' lang='grc' dir='ltr'>Κ</span> <span class='ocrx_word' id='word_1_633' title='bbox 2007 4730 2158 4782; x_wconf 90' lang='lat' dir='ltr'><strong>orat.</strong></span> <span class='ocrx_word' id='word_1_634' title='bbox 2183 4726 2400 4781; x_wconf 65' lang='lat' dir='ltr'><strong>anima:</strong></span> <span class='ocrx_word' id='word_1_635' title='bbox 2436 4743 2448 4780; x_wconf 85' lang='lat'><strong>:</strong></span> <span class='ocrx_word' id='word_1_636' title='bbox 2481 4725 2540 4779; x_wconf 81' lang='grc' dir='ltr'><strong>Εἰ</strong></span> <span class='ocrx_word' id='word_1_637' title='bbox 2583 4729 2671 4798; x_wconf 73' lang='grc' dir='ltr'>μὲν</span> <span class='ocrx_word' id='word_1_638' title='bbox 2715 4727 2838 4801; x_wconf 86' lang='grc' dir='ltr'>παρ’</span> <span class='ocrx_word' id='word_1_639' title='bbox 2888 4727 3059 4788; x_wconf 81' lang='grc' dir='ltr'>αλλοις</span> <span class='ocrx_word' id='word_1_640' title='bbox 3114 4727 3208 4779; x_wconf 67' lang='grc' dir='ltr'><strong>οὐκ</strong></span> <span class='ocrx_word' id='word_1_641' title='bbox 3254 4723 3452 4778; x_wconf 80' lang='grc' dir='ltr'>εἰδόσιν</span> <span class='ocrx_word' id='word_1_642' title='bbox 3496 4723 3575 4777; x_wconf 73' lang='grc' dir='ltr'><strong>ἔπ’</strong></span> 
     </span>
    </p>
   </div>
   <div class='ocr_carea' id='block_1_60' title="bbox 188 4811 1817 4889">
    <p class='ocr_par' dir='ltr' id='par_1_60' title="bbox 188 4811 1816 4889">
     <span class='ocr_line' id='line_1_60' title="bbox 188 4811 1816 4889; baseline 0 -24"><span class='ocrx_word' id='word_1_643' title='bbox 188 4811 420 4888; x_wconf 68' lang='grc' dir='ltr'>ἀκριϐὲς,</span> <span class='ocrx_word' id='word_1_644' title='bbox 457 4821 553 4874; x_wconf 75' lang='grc' dir='ltr'><strong>τὴν</strong></span> <span class='ocrx_word' id='word_1_645' title='bbox 571 4817 687 4868; x_wconf 75' lang='grc' dir='ltr'>κατ’</span> <span class='ocrx_word' id='word_1_646' title='bbox 720 4815 849 4888; x_wconf 78' lang='grc' dir='ltr'>ἐμοῦ</span> <span class='ocrx_word' id='word_1_647' title='bbox 871 4815 1114 4889; x_wconf 77' lang='grc' dir='ltr'>ἐπήρειαν</span> <span class='ocrx_word' id='word_1_648' title='bbox 1143 4823 1233 4867; x_wconf 89' lang='grc' dir='ltr'><strong>τοῦ</strong></span> <span class='ocrx_word' id='word_1_649' title='bbox 1263 4815 1529 4885; x_wconf 75' lang='grc' dir='ltr'>συζυγοῦς</span> <span class='ocrx_word' id='word_1_650' title='bbox 1556 4820 1668 4867; x_wconf 78' lang='grc' dir='ltr'><strong>τότε</strong></span> <span class='ocrx_word' id='word_1_651' title='bbox 1700 4821 1816 4888; x_wconf 85' lang='grc' dir='ltr'>σὼμ</span> 
     </span>
    </p>
   </div>
   <div class='ocr_carea' id='block_1_61' title="bbox 1943 4811 3572 4889">
    <p class='ocr_par' dir='ltr' id='par_1_61' title="bbox 1943 4813 3572 4887">
     <span class='ocr_line' id='line_1_61' title="bbox 1943 4813 3572 4887; baseline -0.002 -17"><span class='ocrx_word' id='word_1_652' title='bbox 1943 4860 1953 4870; x_wconf 97' lang='grc'>.</span> <span class='ocrx_word' id='word_1_653' title='bbox 1993 4816 2114 4871; x_wconf 89' lang='lat' dir='ltr'><strong>Fin.</strong></span> <span class='ocrx_word' id='word_1_654' title='bbox 2150 4815 2226 4867; x_wconf 81' lang='grc' dir='ltr'><strong>Δι’</strong></span> <span class='ocrx_word' id='word_1_655' title='bbox 2265 4816 2406 4887; x_wconf 78' lang='grc' dir='ltr'>ὑμῶν</span> <span class='ocrx_word' id='word_1_656' title='bbox 2436 4814 2550 4872; x_wconf 79' lang='grc' dir='ltr'><strong>κτλ.</strong></span> <span class='ocrx_word' id='word_1_657' title='bbox 2587 4846 2644 4855; x_wconf 95' lang='grc'><strong>-</strong></span> <span class='ocrx_word' id='word_1_658' title='bbox 2687 4815 2748 4869; x_wconf 86' lang='grc' dir='ltr'>Ρ.</span> <span class='ocrx_word' id='word_1_659' title='bbox 2787 4816 2908 4870; x_wconf 85' lang='grc'><strong>169.</strong></span> <span class='ocrx_word' id='word_1_660' title='bbox 2934 4817 3014 4870; x_wconf 83' lang='lat' dir='ltr'><strong>Ex</strong></span> <span class='ocrx_word' id='word_1_661' title='bbox 3052 4820 3202 4870; x_wconf 86' lang='lat' dir='ltr'><strong>orat.</strong></span> <span class='ocrx_word' id='word_1_662' title='bbox 3253 4813 3521 4886; x_wconf 90' lang='lat' dir='ltr'><strong>corporis</strong></span> <span class='ocrx_word' id='word_1_663' title='bbox 3560 4829 3572 4866; x_wconf 93' lang='lat'>:</span> 
     </span>
    </p>
   </div>
   <div class='ocr_carea' id='block_1_62' title="bbox 183 4900 3576 4978">
    <p class='ocr_par' dir='ltr' id='par_1_62' title="bbox 183 4900 3576 4978">
     <span class='ocr_line' id='line_1_62' title="bbox 183 4900 3576 4978; baseline -0.001 -24"><span class='ocrx_word' id='word_1_664' title='bbox 183 4900 359 4962; x_wconf 74' lang='grc' dir='ltr'>Ὀσ-ιςν</span> <span class='ocrx_word' id='word_1_665' title='bbox 374 4909 466 4978; x_wconf 76' lang='grc' dir='ltr'>μὲν</span> <span class='ocrx_word' id='word_1_666' title='bbox 499 4904 649 4978; x_wconf 76' lang='grc' dir='ltr'>ὕϐριν</span> <span class='ocrx_word' id='word_1_667' title='bbox 672 4909 766 4956; x_wconf 77' lang='grc' dir='ltr'><strong>καὶ</strong></span> <span class='ocrx_word' id='word_1_668' title='bbox 797 4901 1067 4978; x_wconf 83' lang='grc' dir='ltr'>λοιδορίαν</span> <span class='ocrx_word' id='word_1_669' title='bbox 1085 4907 1172 4955; x_wconf 82' lang='grc' dir='ltr'><strong>καὶ</strong></span> <span class='ocrx_word' id='word_1_670' title='bbox 1191 4903 1343 4962; x_wconf 68' lang='grc' dir='ltr'>ἡλίκα</span> <span class='ocrx_word' id='word_1_671' title='bbox 1367 4909 1661 4976; x_wconf 82' lang='grc' dir='ltr'>σκώμματα</span> <span class='ocrx_word' id='word_1_672' title='bbox 1674 4903 1904 4978; x_wconf 77' lang='grc' dir='ltr'>ξυμφορή</span> <span class='ocrx_word' id='word_1_673' title='bbox 1918 4923 2058 4956; x_wconf 90' lang='grc' dir='ltr'>σασα</span> <span class='ocrx_word' id='word_1_674' title='bbox 2069 4907 2395 4975; x_wconf 81' lang='grc' dir='ltr'>κατέχεέμου</span> <span class='ocrx_word' id='word_1_675' title='bbox 2414 4905 2444 4961; x_wconf 80' lang='grc' dir='ltr'>ἡ</span> <span class='ocrx_word' id='word_1_676' title='bbox 2469 4907 2626 4975; x_wconf 82' lang='grc' dir='ltr'>σεμνὴ</span> <span class='ocrx_word' id='word_1_677' title='bbox 2645 4902 2823 4975; x_wconf 73' lang='grc' dir='ltr'>ψυχή.</span> <span class='ocrx_word' id='word_1_678' title='bbox 2837 4904 3134 4975; x_wconf 71' lang='grc' dir='ltr'><strong>ἰ⁴“ἰη.Ψῆφος</strong></span> <span class='ocrx_word' id='word_1_679' title='bbox 3145 4906 3234 4954; x_wconf 83' lang='grc' dir='ltr'><strong>καὶ</strong></span> <span class='ocrx_word' id='word_1_680' title='bbox 3246 4903 3576 4972; x_wconf 78' lang='grc' dir='ltr'>τάπρακτέα,</span> 
     </span>
    </p>
   </div>
   <div class='ocr_carea' id='block_1_63' title="bbox 185 4988 3579 5065">
    <p class='ocr_par' dir='ltr' id='par_1_63' title="bbox 185 4988 3579 5065">
     <span class='ocr_line' id='line_1_63' title="bbox 185 4988 3579 5065; baseline -0.001 -21"><span class='ocrx_word' id='word_1_681' title='bbox 185 4998 270 5044; x_wconf 71' lang='grc' dir='ltr'><strong>καὶ</strong></span> <span class='ocrx_word' id='word_1_682' title='bbox 299 4999 382 5064; x_wconf 75' lang='grc' dir='ltr'>μὴ</span> <span class='ocrx_word' id='word_1_683' title='bbox 417 4991 762 5064; x_wconf 75' lang='grc' dir='ltr'>διορίζουσα.</span> <span class='ocrx_word' id='word_1_684' title='bbox 797 5023 867 5032; x_wconf 91' lang='lat'><strong>-——</strong></span> <span class='ocrx_word' id='word_1_685' title='bbox 900 4993 960 5046; x_wconf 88' lang='grc' dir='ltr'><strong>Ρ.</strong></span> <span class='ocrx_word' id='word_1_686' title='bbox 995 4995 1113 5046; x_wconf 78' lang='grc'><strong>176.</strong></span> <span class='ocrx_word' id='word_1_687' title='bbox 1145 4991 1204 5043; x_wconf 83' lang='grc' dir='ltr'>Ἠ</span> <span class='ocrx_word' id='word_1_688' title='bbox 1237 4988 1511 5052; x_wconf 77' lang='grc' dir='ltr'>διαίτησις</span> <span class='ocrx_word' id='word_1_689' title='bbox 1540 4999 1640 5043; x_wconf 83' lang='grc' dir='ltr'>τῶν</span> <span class='ocrx_word' id='word_1_690' title='bbox 1663 4989 1946 5046; x_wconf 75' lang='grc' dir='ltr'>δικαστῶν.</span> <span class='ocrx_word' id='word_1_691' title='bbox 1991 4993 2108 5046; x_wconf 86' lang='lat' dir='ltr'><strong>inc.</strong></span> <span class='ocrx_word' id='word_1_692' title='bbox 2145 4988 2460 5064; x_wconf 80' lang='grc' dir='ltr'>Ἐπιιδήπιρ</span> <span class='ocrx_word' id='word_1_693' title='bbox 2487 4996 2577 5043; x_wconf 84' lang='grc' dir='ltr'><strong>καὶ</strong></span> <span class='ocrx_word' id='word_1_694' title='bbox 2601 4989 2900 5065; x_wconf 73' lang='grc' dir='ltr'>ἀμφοτέρων</span> <span class='ocrx_word' id='word_1_695' title='bbox 2929 4996 3050 5054; x_wconf 86' lang='grc' dir='ltr'>τοὺς</span> <span class='ocrx_word' id='word_1_696' title='bbox 3078 4991 3260 5062; x_wconf 70' lang='grc' dir='ltr'>λόγους</span> <span class='ocrx_word' id='word_1_697' title='bbox 3279 4990 3579 5062; x_wconf 82' lang='grc' dir='ltr'>ἠκούσαμεν</span> 
     </span>
    </p>
   </div>
   <div class='ocr_carea' id='block_1_64' title="bbox 186 5077 3496 5155">
    <p class='ocr_par' dir='ltr' id='par_1_64' title="bbox 186 5077 3496 5155">
     <span class='ocr_line' id='line_1_64' title="bbox 186 5077 3496 5155; baseline 0.001 -26"><span class='ocrx_word' id='word_1_698' title='bbox 186 5077 277 5131; x_wconf 67' lang='grc' dir='ltr'><strong>ἀνὰ</strong></span> <span class='ocrx_word' id='word_1_699' title='bbox 307 5088 495 5155; x_wconf 32' lang='lat' dir='ltr'><strong>gela“.</strong></span> <span class='ocrx_word' id='word_1_700' title='bbox 535 5083 656 5138; x_wconf 85' lang='lat' dir='ltr'><strong>Fin.</strong></span> <span class='ocrx_word' id='word_1_701' title='bbox 689 5081 780 5141; x_wconf 80' lang='grc' dir='ltr'><strong>Εἰς</strong></span> <span class='ocrx_word' id='word_1_702' title='bbox 810 5085 907 5138; x_wconf 82' lang='grc' dir='ltr'>τὴν</span> <span class='ocrx_word' id='word_1_703' title='bbox 939 5084 1127 5154; x_wconf 83' lang='grc' dir='ltr'>χώραν</span> <span class='ocrx_word' id='word_1_704' title='bbox 1150 5087 1247 5131; x_wconf 86' lang='grc' dir='ltr'>τῶν</span> <span class='ocrx_word' id='word_1_705' title='bbox 1274 5079 1474 5131; x_wconf 79' lang='grc' dir='ltr'>ἀσεϐῶν</span> <span class='ocrx_word' id='word_1_706' title='bbox 1503 5078 1855 5149; x_wconf 78' lang='grc' dir='ltr'>ἀπενεχθῆναι</span> <span class='ocrx_word' id='word_1_707' title='bbox 1885 5081 1935 5131; x_wconf 84' lang='grc' dir='ltr'>ἐν</span> <span class='ocrx_word' id='word_1_708' title='bbox 1957 5088 2173 5154; x_wconf 80' lang='grc' dir='ltr'>Χριστῷ</span> <span class='ocrx_word' id='word_1_709' title='bbox 2206 5080 2384 5136; x_wconf 80' lang='grc' dir='ltr'>Ἰησοῦ</span> <span class='ocrx_word' id='word_1_710' title='bbox 2410 5079 2520 5134; x_wconf 80' lang='grc' dir='ltr'>κτλ.</span> <span class='ocrx_word' id='word_1_711' title='bbox 3493 5097 3496 5100; x_wconf 89' lang='grc'><strong>·</strong></span> 
     </span>
    </p>
   </div>
   <div class='ocr_carea' id='block_1_65' title="bbox 249 5167 3579 5240">
    <p class='ocr_par' dir='ltr' id='par_1_65' title="bbox 249 5167 3579 5240">
     <span class='ocr_line' id='line_1_65' title="bbox 249 5167 3579 5240; baseline -0.001 -14"><span class='ocrx_word' id='word_1_712' title='bbox 249 5172 495 5228; x_wconf 79' lang='lat' dir='ltr'><strong>Prolixa</strong></span> <span class='ocrx_word' id='word_1_713' title='bbox 535 5172 667 5227; x_wconf 66' lang='lat' dir='ltr'><strong>haec</strong></span> <span class='ocrx_word' id='word_1_714' title='bbox 699 5177 758 5226; x_wconf 89' lang='lat' dir='ltr'><strong>et</strong></span> <span class='ocrx_word' id='word_1_715' title='bbox 787 5169 1060 5224; x_wconf 89' lang='lat' dir='ltr'><strong>absurda</strong></span> <span class='ocrx_word' id='word_1_716' title='bbox 1108 5170 1556 5238; x_wconf 73' lang='lat' dir='ltr'><strong>Prosopoprria,</strong></span> <span class='ocrx_word' id='word_1_717' title='bbox 1602 5185 1789 5240; x_wconf 87' lang='lat' dir='ltr'><strong>quam</strong></span> <span class='ocrx_word' id='word_1_718' title='bbox 1832 5168 2126 5224; x_wconf 87' lang='lat' dir='ltr'><strong>Morellius</strong></span> <span class='ocrx_word' id='word_1_719' title='bbox 2169 5167 2467 5237; x_wconf 89' lang='lat' dir='ltr'><strong>nominat,</strong></span> <span class='ocrx_word' id='word_1_720' title='bbox 2519 5185 2640 5224; x_wconf 88' lang='lat' dir='ltr'><strong>non</strong></span> <span class='ocrx_word' id='word_1_721' title='bbox 2675 5167 3016 5224; x_wconf 81' lang='lat' dir='ltr'><strong>Michaelem</strong></span> <span class='ocrx_word' id='word_1_722' title='bbox 3039 5171 3346 5238; x_wconf 87' lang='lat' dir='ltr'><strong>auctorem</strong></span> <span class='ocrx_word' id='word_1_723' title='bbox 3374 5167 3579 5231; x_wconf 88' lang='lat' dir='ltr'><strong>habet,</strong></span> 
     </span>
    </p>
   </div>
   <div class='ocr_carea' id='block_1_66' title="bbox 183 5255 3582 5330">
    <p class='ocr_par' dir='ltr' id='par_1_66' title="bbox 183 5255 3582 5330">
     <span class='ocr_line' id='line_1_66' title="bbox 183 5255 3582 5330; baseline -0.001 -15"><span class='ocrx_word' id='word_1_724' title='bbox 183 5260 282 5315; x_wconf 85' lang='lat' dir='ltr'><strong>sed</strong></span> <span class='ocrx_word' id='word_1_725' title='bbox 319 5261 686 5330; x_wconf 73' lang='lat' dir='ltr'><strong>Gregorium</strong></span> <span class='ocrx_word' id='word_1_726' title='bbox 718 5257 1055 5323; x_wconf 85' lang='lat' dir='ltr'><strong>Palamam,</strong></span> <span class='ocrx_word' id='word_1_727' title='bbox 1089 5256 1356 5329; x_wconf 85' lang='lat' dir='ltr'><strong>archiep.</strong></span> <span class='ocrx_word' id='word_1_728' title='bbox 1397 5255 1686 5323; x_wconf 82' lang='lat' dir='ltr'><strong>Thessal.,</strong></span> <span class='ocrx_word' id='word_1_729' title='bbox 1727 5255 1832 5328; x_wconf 91' lang='lat' dir='ltr'><strong>qui</strong></span> <span class='ocrx_word' id='word_1_730' title='bbox 1873 5255 2035 5328; x_wconf 89' lang='lat' dir='ltr'><strong>apud</strong></span> <span class='ocrx_word' id='word_1_731' title='bbox 2088 5255 2423 5312; x_wconf 90' lang='lat' dir='ltr'><strong>Catholicos</strong></span> <span class='ocrx_word' id='word_1_732' title='bbox 2468 5261 2768 5312; x_wconf 83' lang='lat' dir='ltr'><strong>Romanos</strong></span> <span class='ocrx_word' id='word_1_733' title='bbox 2808 5257 3107 5313; x_wconf 67' lang='lat' dir='ltr'><strong>haereseos</strong></span> <span class='ocrx_word' id='word_1_734' title='bbox 3144 5259 3454 5327; x_wconf 89' lang='lat' dir='ltr'><strong>promotor</strong></span> <span class='ocrx_word' id='word_1_735' title='bbox 3479 5271 3582 5310; x_wconf 90' lang='lat' dir='ltr'><strong>au-</strong></span> 
     </span>
    </p>
   </div>
   <div class='ocr_carea' id='block_1_67' title="bbox 183 5343 3580 5416">
    <p class='ocr_par' dir='ltr' id='par_1_67' title="bbox 183 5343 3580 5416">
     <span class='ocr_line' id='line_1_67' title="bbox 183 5343 3580 5416; baseline -0.001 -16"><span class='ocrx_word' id='word_1_736' title='bbox 183 5344 413 5405; x_wconf 86' lang='lat' dir='ltr'><strong>diebat:</strong></span> <span class='ocrx_word' id='word_1_737' title='bbox 437 5351 609 5406; x_wconf 85' lang='lat' dir='ltr'><strong>Tales</strong></span> <span class='ocrx_word' id='word_1_738' title='bbox 634 5348 806 5405; x_wconf 90' lang='lat' dir='ltr'><strong>enim</strong></span> <span class='ocrx_word' id='word_1_739' title='bbox 843 5345 1208 5412; x_wconf 77' lang='lat' dir='ltr'><strong>Michaelem,</strong></span> <span class='ocrx_word' id='word_1_740' title='bbox 1245 5362 1450 5402; x_wconf 86' lang='lat' dir='ltr'><strong>senem</strong></span> <span class='ocrx_word' id='word_1_741' title='bbox 1475 5345 1917 5414; x_wconf 89' lang='lat' dir='ltr'><strong>calamitosum,</strong></span> <span class='ocrx_word' id='word_1_742' title='bbox 1969 5345 2028 5399; x_wconf 90' lang='lat' dir='ltr'><strong>in</strong></span> <span class='ocrx_word' id='word_1_743' title='bbox 2086 5344 2291 5400; x_wconf 88' lang='lat' dir='ltr'><strong>animo</strong></span> <span class='ocrx_word' id='word_1_744' title='bbox 2347 5344 2605 5416; x_wconf 89' lang='lat' dir='ltr'><strong>pueriles</strong></span> <span class='ocrx_word' id='word_1_745' title='bbox 2657 5344 2834 5401; x_wconf 89' lang='lat' dir='ltr'><strong>ludos</strong></span> <span class='ocrx_word' id='word_1_746' title='bbox 2889 5345 3146 5416; x_wconf 85' lang='lat' dir='ltr'><strong>agitasse</strong></span> <span class='ocrx_word' id='word_1_747' title='bbox 3170 5343 3348 5413; x_wconf 89' lang='lat' dir='ltr'><strong>longe</strong></span> <span class='ocrx_word' id='word_1_748' title='bbox 3379 5357 3415 5396; x_wconf 90' lang='lat' dir='ltr'><strong>a</strong></span> <span class='ocrx_word' id='word_1_749' title='bbox 3438 5357 3580 5396; x_wconf 90' lang='lat' dir='ltr'><strong>vero</strong></span> 
     </span>
    </p>
   </div>
   <div class='ocr_carea' id='block_1_68' title="bbox 185 5435 493 5494">
    <p class='ocr_par' dir='ltr' id='par_1_68' title="bbox 185 5435 493 5494">
     <span class='ocr_line' id='line_1_68' title="bbox 185 5435 493 5494; baseline 0.023 -7"><span class='ocrx_word' id='word_1_750' title='bbox 185 5435 493 5494; x_wconf 82' lang='lat' dir='ltr'><strong>abhorret.</strong></span> 
     </span>
    </p>
   </div>
   <div class='ocr_carea' id='block_1_69' title="bbox 249 5518 1878 5600">
    <p class='ocr_par' dir='ltr' id='par_1_69' title="bbox 249 5518 1874 5600">
     <span class='ocr_line' id='line_1_69' title="bbox 249 5518 1874 5600; baseline -0.004 -21"><span class='ocrx_word' id='word_1_751' title='bbox 249 5526 391 5597; x_wconf 73' lang='lat' dir='ltr'><strong>XXI,</strong></span> <span class='ocrx_word' id='word_1_752' title='bbox 426 5544 490 5600; x_wconf 88' lang='lat' dir='ltr'><strong>p.</strong></span> <span class='ocrx_word' id='word_1_753' title='bbox 538 5533 666 5582; x_wconf 77' lang='grc'><strong>1⁸77.</strong></span> <span class='ocrx_word' id='word_1_754' title='bbox 691 5530 800 5576; x_wconf 84' lang='grc' dir='ltr'>Τοῦ</span> <span class='ocrx_word' id='word_1_755' title='bbox 824 5521 985 5573; x_wconf 70' lang='grc' dir='ltr'>αὐτοῦ</span> <span class='ocrx_word' id='word_1_756' title='bbox 1019 5518 1234 5594; x_wconf 73' lang='grc' dir='ltr'><strong>σχέδος.</strong></span> <span class='ocrx_word' id='word_1_757' title='bbox 1268 5525 1385 5577; x_wconf 89' lang='lat' dir='ltr'><strong>lnc.</strong></span> <span class='ocrx_word' id='word_1_758' title='bbox 1419 5522 1478 5575; x_wconf 85' lang='grc' dir='ltr'><strong>Εἰ</strong></span> <span class='ocrx_word' id='word_1_759' title='bbox 1507 5526 1597 5573; x_wconf 78' lang='grc' dir='ltr'><strong>καὶ</strong></span> <span class='ocrx_word' id='word_1_760' title='bbox 1639 5525 1710 5594; x_wconf 79' lang='grc' dir='ltr'>μὴ</span> <span class='ocrx_word' id='word_1_761' title='bbox 1740 5525 1874 5596; x_wconf 81' lang='grc' dir='ltr'>χρὸν</span> 
     </span>
    </p>
   </div>
   <div class='ocr_carea' id='block_1_70' title="bbox 1948 5518 3577 5600">
    <p class='ocr_par' dir='ltr' id='par_1_70' title="bbox 1948 5518 3577 5594">
     <span class='ocr_line' id='line_1_70' title="bbox 1948 5518 3577 5594; baseline -0.01 -13"><span class='ocrx_word' id='word_1_762' title='bbox 1948 5541 1964 5589; x_wconf 86' lang='lat'><strong>;</strong></span> <span class='ocrx_word' id='word_1_763' title='bbox 1992 5518 2052 5580; x_wconf 81' lang='grc' dir='ltr'><strong>ἧν</strong></span> <span class='ocrx_word' id='word_1_764' title='bbox 2076 5519 2209 5594; x_wconf 72' lang='grc' dir='ltr'>ἔνγῇ</span> <span class='ocrx_word' id='word_1_765' title='bbox 2245 5518 2546 5594; x_wconf 76' lang='grc' dir='ltr'>βαρϐάρων.</span> <span class='ocrx_word' id='word_1_766' title='bbox 2583 5522 2750 5577; x_wconf 83' lang='lat' dir='ltr'><strong>Adde</strong></span> <span class='ocrx_word' id='word_1_767' title='bbox 2779 5522 2976 5578; x_wconf 89' lang='lat' dir='ltr'><strong>locum</strong></span> <span class='ocrx_word' id='word_1_768' title='bbox 3008 5518 3285 5578; x_wconf 89' lang='lat' dir='ltr'><strong>mutilum</strong></span> <span class='ocrx_word' id='word_1_769' title='bbox 3318 5535 3331 5571; x_wconf 91' lang='lat'>:</span> <span class='ocrx_word' id='word_1_770' title='bbox 3367 5518 3577 5592; x_wconf 64' lang='grc' dir='ltr'>Οὑτωσι</span> 
     </span>
    </p>
   </div>
   <div class='ocr_carea' id='block_1_71' title="bbox 183 5606 3572 5689">
    <p class='ocr_par' dir='ltr' id='par_1_71' title="bbox 183 5606 3572 5689">
     <span class='ocr_line' id='line_1_71' title="bbox 183 5606 3572 5689; baseline 0.002 -31"><span class='ocrx_word' id='word_1_771' title='bbox 183 5609 510 5688; x_wconf 77' lang='grc' dir='ltr'>εἰσεκώμασε</span> <span class='ocrx_word' id='word_1_772' title='bbox 535 5623 602 5689; x_wconf 72' lang='grc' dir='ltr'><strong>τῇ</strong></span> <span class='ocrx_word' id='word_1_773' title='bbox 641 5606 879 5687; x_wconf 66' lang='grc' dir='ltr'>βασιλίδ</span> <span class='ocrx_word' id='word_1_774' title='bbox 886 5631 903 5662; x_wconf 92' lang='grc' dir='ltr'><strong>ι</strong></span> <span class='ocrx_word' id='word_1_775' title='bbox 923 5616 1019 5662; x_wconf 85' lang='grc' dir='ltr'>τῶν</span> <span class='ocrx_word' id='word_1_776' title='bbox 1040 5609 1250 5680; x_wconf 75' lang='grc' dir='ltr'>πόλεων,</span> <span class='ocrx_word' id='word_1_777' title='bbox 1276 5615 1364 5662; x_wconf 79' lang='grc' dir='ltr'>καὶ</span> <span class='ocrx_word' id='word_1_778' title='bbox 1393 5613 1452 5663; x_wconf 82' lang='grc' dir='ltr'><strong>τὸ</strong></span> <span class='ocrx_word' id='word_1_779' title='bbox 1486 5615 1712 5683; x_wconf 79' lang='grc' dir='ltr'><strong>μήπω...</strong></span> <span class='ocrx_word' id='word_1_780' title='bbox 2259 5656 2263 5664; x_wconf 90' lang='grc'><strong>.</strong></span> <span class='ocrx_word' id='word_1_781' title='bbox 3251 5630 3255 5634; x_wconf 89' lang='grc'><strong>·</strong></span> <span class='ocrx_word' id='word_1_782' title='bbox 3398 5621 3400 5624; x_wconf 84' lang='grc'><em>’</em></span> <span class='ocrx_word' id='word_1_783' title='bbox 3537 5621 3539 5625; x_wconf 68' lang='lat'><em>‘</em></span> <span class='ocrx_word' id='word_1_784' title='bbox 3567 5627 3572 5634; x_wconf 93' lang='lat'><strong><em>‘</em></strong></span> 
     </span>
    </p>
   </div>
   <div class='ocr_carea' id='block_1_72' title="bbox 226 5695 2541 5764">
    <p class='ocr_par' dir='ltr' id='par_1_72' title="bbox 226 5695 2541 5764">
     <span class='ocr_line' id='line_1_72' title="bbox 226 5695 2541 5764; baseline -0.002 -21"><span class='ocrx_word' id='word_1_785' title='bbox 226 5701 292 5757; x_wconf 79' lang='grc' dir='ltr'><strong>(ι)</strong></span> <span class='ocrx_word' id='word_1_786' title='bbox 319 5705 567 5750; x_wconf 64' lang='lat' dir='ltr'><strong>Michaelis</strong></span> <span class='ocrx_word' id='word_1_787' title='bbox 596 5701 781 5759; x_wconf 73' lang='lat' dir='ltr'><strong>scripta</strong></span> <span class='ocrx_word' id='word_1_788' title='bbox 809 5697 936 5743; x_wconf 77' lang='lat' dir='ltr'><strong>infra</strong></span> <span class='ocrx_word' id='word_1_789' title='bbox 956 5695 1226 5755; x_wconf 80' lang='lat' dir='ltr'><strong>colligemus</strong></span> <span class='ocrx_word' id='word_1_790' title='bbox 1246 5712 1261 5744; x_wconf 75' lang='grc' dir='ltr'><em>ε</em></span> <span class='ocrx_word' id='word_1_791' title='bbox 1291 5696 1396 5756; x_wconf 78' lang='lat' dir='ltr'><strong>ideo</strong></span> <span class='ocrx_word' id='word_1_792' title='bbox 1412 5697 1586 5764; x_wconf 80' lang='lat' dir='ltr'><strong>titulos</strong></span> <span class='ocrx_word' id='word_1_793' title='bbox 1612 5697 1686 5742; x_wconf 86' lang='lat' dir='ltr'><strong>hic</strong></span> <span class='ocrx_word' id='word_1_794' title='bbox 1711 5701 1892 5742; x_wconf 77' lang='lat' dir='ltr'><strong>tantum</strong></span> <span class='ocrx_word' id='word_1_795' title='bbox 1910 5697 2207 5744; x_wconf 78' lang='lat' dir='ltr'><strong>exhibemus.</strong></span> <span class='ocrx_word' id='word_1_796' title='bbox 2233 5699 2371 5744; x_wconf 80' lang='lat' dir='ltr'><strong>Emr.</strong></span> <span class='ocrx_word' id='word_1_797' title='bbox 2394 5699 2541 5742; x_wconf 70' lang='grc' dir='ltr'><strong>Ριτι.</strong></span> 
     </span>
    </p>
   </div>
  </div>
