4126 6272
244 229 338 290 ΆἏ
1825 239 1871 295 Ν

2038 240 2125 296 ΙΑ.
3559 243 3667 306 322

274 365 337 429 τῷ
362 357 648 431 Εἰρηναῷ.
674 388 761 402 ——
787 366 881 434 Τῷ
910 361 1141 438 Εὐρίπου
1179 378 1299 436 acup.
1336 357 1614 437 Θεοδώρῳ.
1637 391 1707 403 -
1734 366 1817 434 Τῷ
1842 367 2111 439 κρατίστῳ
2149 381 2268 438 acup.
2295 359 2555 438 Θεοδώρῳ
2583 363 2654 437 τῷ
2685 365 2875 438 Actiaca.
2902 393 2972 408 —
2990 371 3074 438 Τῷ
3109 363 3501 444 Βελισσαριώτῃ
3542 390 3663 446 acup.

285 447 494 521 ἰωάννῃι
515 480 587 492 -
616 456 716 521 Τῷ
744 449 950 510 Θηϐῶν
991 471 1108 526 acup.
1137 450 1372 524 Ἰωάννῃ.
1394 481 1463 492 -
1491 456 1575 522 Τῷ
1601 451 1993 516 Θεσσαλονίκης
2020 472 2140 528 acup.
2165 453 2396 528 Ἰωάννῃ.
2432 483 2498 496 —
2536 452 2620 526 Τῷ
2660 460 3107 531 παρακοιμωμένῳ
3140 457 3275 531 (10⁶)
3307 478 3426 533 acup.
3456 459 3661 535 Ἰωάννῃ

295 546 358 610 τῷ
382 540 560 597 {cessare
599 541 793 612 (ντῳ).
829 572 902 582 -
940 547 1025 613 Τῷ
1045 540 1184 612 καλῷ
1214 548 1380 615 καιρῷ
1409 559 1527 613 κυρ.
1563 539 1795 614 Ἰωάννῃ.
1821 549 1986 614 -Τῷ
2013 546 2335 597 Ναυπάκτου
2373 564 2493 619 acup.
2523 545 2753 618 Ἰωάννῃ.
2777 578 2846 587 -—
2875 552 2958 617 Τῷ
2987 548 3361 621 καθηγουμένῳ
3397 557 3487 602 τοῦ
3509 550 3665 623 ἁγίου

300 632 519 682 Μελετίου
547 649 678 704 acup.
720 629 1051 703 Ἰωαννικίῳ.
1077 662 1145 672 —
1168 637 1252 703 Τῷ
1290 631 1662 704 καθηγονμὲνῳ
1685 639 1781 694 τῆς
1809 640 1967 704 μονῆς
2007 633 2116 705 (11)
2140 640 2230 686 τοῦ
2255 651 2383 692 κυνη
2408 632 2569 707 (γίου)
2593 642 2692 702 τῶν
2729 633 3040 709 φιλοσόφων.
3071 666 3139 677 -
3171 642 3254 708 Τῷ
3283 639 3665 712 καθηγουμένῳ

297 725 382 769 τῶν
416 717 573 789 ἁγίων
605 718 963 791 ὁμολογιτῷν.
994 749 1062 760 --
1085 726 1168 791 Τῷ
1197 721 1570 791 καθηγουμένῳ
1601 727 1698 781 τῆς
1729 720 2019 794 σεϐασμίας
2057 732 2218 794 μονῆς
2237 731 2334 786 τῆς
2366 730 2743 800 Καισαριανῆς.
2773 754 2841 764 -
2868 731 2952 796 Τῷ
2975 730 3523 803 πανεντιμονπερτάτῳ
3547 731 3664 802 θείῳ

294 813 377 859 τοῦ
417 804 684 879 βασιλέως
713 813 1117 882 Κασταμονίτῃ.
1157 838 1226 849 —
1254 815 1338 879 Τῷ
1379 812 1639 882 Πηγονίτῃ
1670 827 1787 883 κυρ.
1827 817 2220 884 Κωνσταντίνῳ.
2251 819 2427 883 -Τῷ
2459 812 2833 886 θεοφιλεστάτῳ
2881 816 3157 888 σπαύαρίῳ
3196 815 3310 887 (12)
3355 836 3472 892 κυρ.
3519 824 3665 872 Κων-

293 901 572 967 σταντὶνῳ.
595 927 666 937 -
713 904 801 969 Τῷ
841 896 928 951 ἐπὶ
951 907 1048 959 τῆς
1074 899 1212 971 ἱερᾶς
1241 896 1494 958 σακέλλης
1535 896 1654 970 (13)
1682 918 1804 974 κυρ.
1848 905 2219 973 Κωνσταντίνῳ
2248 908 2321 971 τῷ
2363 906 2793 975 Μεσοποταμίτῃ.
2823 933 2891 942 -
2920 909 3002 974 Τῷ
3031 901 3277 977 λογοθέτῃ
3332 912 3422 957 τοῦ
3467 901 3666 980 δρόμου

289 1004 410 1060 acup.
436 991 825 1059 Κωνστοιντίνῳ
853 995 926 1059 τῷ
964 991 1213 1062 Τορνίκῃ.
1237 1017 1305 1028 -—-
1342 992 1426 1058 Τῷ
1457 991 1672 1062 Κρήτης
1703 985 1960 1064 ἀρχιερεῖ.
1990 1020 2058 1030 -
2088 997 2171 1060 Τῷ
2213 988 2425 1062 βασιλεί
2452 998 2542 1052 τῆς
2573 990 2816 1050 Ἀνατολῆ
2828 1013 2849 1054 ς
2869 999 2940 1063 τῷ
2972 994 3260 1067 Λασκάρει.
3285 999 3455 1048 -Τῶ
3492 995 3670 1048 οἰκον-

289 1083 488 1148 μενικῷ
509 1079 825 1152 πατριάρχῃ
851 1096 974 1151 acup.
999 1081 1224 1150 Λεοντίῳ
1249 1076 1392 1149 (14).
1428 1107 1497 1120 —-
1525 1083 1609 1148 Τῷ
1640 1077 1914 1149 ὀσιωτάτῳ
1939 1085 2160 1151 μοναχῷ
2185 1098 2305 1154 acup.
2349 1085 2549 1150 Λουκᾷ.
2577 1112 2646 1121 -
2685 1087 2768 1152 Τῷ
2797 1078 3194 1155 ἀρχιμανδρίτῃ
3217 1101 3336 1158 acup.
3364 1088 3660 1155 Λουκιανῷ.

289 1194 368 1204 -
392 1170 479 1234 Τῷ
506 1167 884 1238 καθηγουμένῳ
917 1173 1009 1227 τῆς
1032 1174 1190 1238 μονῆς
1215 1173 1308 1219 τοῦ
1337 1161 1614 1219 στουδείου
1663 1185 1782 1242 acup.
1817 1173 1918 1221 Aou

2040 1175 2112 1240 νῷ.
2145 1197 2207 1210 —--
2237 1175 2321 1241 Τῷ
2354 1168 2540 1228 Θηϐῶν
2589 1188 2707 1246 acup.
2746 1169 3017 1229 Μανουήλ.
3053 1201 3121 1211 --
3150 1177 3234 1242 Τῷ
3283 1169 3521 1244 σεϐαστῷ
3549 1191 3669 1248 acup.

284 1253 544 1312 Μανουὴλ
572 1258 662 1306 τὸν
691 1253 894 1309 Ὑυιλέα.
934 1285 1004 1295 —
1040 1261 1123 1325 Τῷ
1154 1254 1369 1330 Βεριϐὁῃ
1398 1273 1517 1330 acup.
1552 1255 1822 1314 Μανουὴλ.
1849 1287 1913 1298 -

2054 1260 2359 1334 ama-pwipo
2401 1279 2523 1334 acup.
2555 1259 2823 1319 Μανονήλ.
2847 1291 2916 1302 -
2963 1266 3046 1331 Τῷ
3096 1262 3472 1333 πανοσιωτάτῳ
3500 1264 3670 1320 καθη-

278 1346 531 1415 γουμένω
558 1353 652 1404 τῆς
686 1342 984 1417 σεϐασμίοις
1010 1351 1172 1418 μονῆς
1200 1351 1292 1397 τοῦ
1326 1341 1642 1420 Προὸρόμου
1680 1365 1800 1419 acup.
1833 1353 2188 1420 Μαρτενιανῷ.
2215 1377 2285 1388 -
2327 1355 2410 1420 Τῷ
2449 1347 2787 1424 Αὐτωρειανῷ
2829 1368 2948 1424 acup.
2990 1351 3232 1422 Μιχαὴλ.
3261 1380 3330 1391 -
3357 1355 3441 1422 Τῷ
3479 1349 3672 1422 ἀνεψιῷ

278 1432 452 1486 αὐτοῦ
486 1452 610 1506 acup.
652 1433 901 1505 Μιχαήλ.
930 1463 1002 1475 -
1040 1437 1172 1510 Πρὸς
1192 1437 1282 1487 τὸν
1319 1430 1540 1507 ἀδελφὸν
1581 1433 1741 1488 αὐτοῦ
1766 1438 1944 1509 κύριον
1974 1442 2209 1496 Νικήταν
2229 1439 2317 1490 τὸν
2349 1438 2631 1496 Χονιάτην.
2662 1469 2728 1478 —-
2750 1445 2833 1509 Τῷ
2859 1436 3051 1509 ἀνεψιῷ
3091 1437 3252 1490 αὑτοῦ
3289 1456 3408 1514 acup.
3441 1444 3669 1511 Νικήτᾳ.

277 1552 356 1562 -
379 1527 508 1582 Τοῖς
549 1520 780 1594 ἀνεψιοῖς
809 1521 972 1576 αὐτου
1010 1530 1082 1594 τῷ
1108 1540 1163 1576 τε
1190 1541 1312 1596 acup.
1351 1528 1562 1596 Νικήτᾳ
1589 1529 1681 1577 καὶ
1708 1531 1779 1595 τῷ
1809 1543 1927 1599 acup.
1952 1525 2202 1599 Μιχαὴλ.
2221 1557 2285 1568 -
2314 1533 2398 1598 Τῷ
2429 1526 2642 1601 Βεριϐόῃ
2674 1536 2816 1601 κυρῷ
2845 1532 3151 1600 Νικηφὸρῳ.
3173 1558 3241 1568 -
3270 1533 3353 1598 Τῷ
3385 1527 3671 1600 μεγαλυπε-

280 1615 447 1684 ρὸχῳ
474 1616 880 1685 πρωτονοτοιρίῳ
911 1617 1001 1665 καὶ
1048 1617 1301 1687 πραίτωρε
1330 1631 1449 1686 acup.
1481 1613 1721 1686 Νικολάῳ
1753 1622 1824 1686 τῷ
1851 1614 2134 1689 Τριψύχῳ.
2164 1647 2234 1656 -
2262 1618 2345 1686 Τῷ
2375 1614 2534 1689 ἰατρῷ
2580 1635 2697 1689 acup.
2744 1615 2984 1688 Νικολάῳ
3012 1623 3084 1686 τῷ
3118 1611 3450 1690 Καλοδούκῃ.
3483 1644 3550 1659 σ-
3585 1623 3670 1670 Τῶ

283 1701 612 1773 Πιποῳίλῳ
654 1720 797 1774 κυρῳ
833 1701 1094 1773 Νικολάῳ.
1129 1732 1199 1743 —
1243 1705 1376 1777 Πρὸς
1405 1705 1492 1755 τὸν
1514 1707 1654 1756 Νέων
1686 1709 1902 1777 Πατρῶν
1941 1707 2030 1757 τὸν
2055 1709 2496 1777 Μεσοποταμίτην
2526 1709 2617 1756 καὶ
2658 1708 3004 1778 Κοστομὴρην
3031 1703 3323 1778 λεγόμενον.
3352 1735 3422 1746 --
3448 1711 3532 1776 Τῷ
3573 1722 3671 1758 σα-

275 1789 550 1864 χελλαρίῳ
572 1796 648 1860 τῷ
675 1790 899 1866 Πλευρῇ.
922 1821 994 1833 -
1023 1798 1106 1864 Τῷ
1136 1789 1402 1864 ἔπιωιόπῳ
1431 1793 1488 1867 ῥε
1515 1793 1840 1863 (superscr.
1874 1789 2065 1858 ὃς).-
2103 1800 2186 1864 Τῷ
2213 1792 2419 1866 μεγάλῳ
2449 1789 2604 1846 δουκί
2630 1801 2700 1864 τῷ
2727 1800 2992 1868 Στρυφνῷ.
3014 1823 3083 1834 —-
3119 1799 3203 1865 Τῷ
3226 1792 3542 1867 σακελλαρίῳ
3571 1801 3673 1868 τῷν

271 1878 539 1938 Ἀθηνῶν
565 1887 642 1950 τῷ
682 1885 855 1950 Φωκᾷ.

258 2059 295 2127 §
351 2058 427 2115 Χ.
471 2054 626 2115 Alia
671 2053 988 2116 Michaelis
1017 2058 1246 2130 scripta
1299 2073 1432 2132 qua:
1481 2059 1546 2116 in
1598 2060 1990 2118 Bibliothecis
2046 2060 2367 2118 Oxoniensi
2399 2076 2468 2118 ac
2509 2060 2794 2119 Parisina
2843 2065 3256 2119 asseruantur.
3308 2061 3566 2119 Carmen
3604 2061 3680 2119 de

1652 2150 1814 2208 Athe
1824 2152 1940 2208 nis.
1983 2150 2321 2208 Conclusio.

350 2289 512 2347 Post
544 2286 947 2361 Epistolarum
1000 2287 1295 2348 Michaelis
1352 2288 1696 2362 catalogum
1725 2291 2052 2349 Bandinius
2081 2291 2134 2365 (§
2160 2294 2229 2348 44
2269 2289 2428 2366 sqq.)
2480 2288 2658 2365 plura
2698 2288 2773 2348 de
2805 2287 2994 2349 tribus
3023 2293 3193 2363 Greg.
3225 2290 3357 2350 Naz.
3387 2289 3673 2366 epistolis,

261 2382 423 2435 tum
453 2379 536 2435 de
565 2378 1020 2451 Theophylacti,
1055 2380 1452 2451 Bulgarorum
1494 2381 1948 2454 archiepiscopi,
1977 2382 2210 2455 scriptis
2249 2382 2310 2438 in
2339 2381 2490 2438 Bibl.
2523 2382 2779 2439 Florent.
2805 2383 3124 2439 asservatis
3159 2381 3220 2438 in
3250 2381 3517 2438 medium
3543 2397 3679 2454 pro-

261 2466 425 2535 fert,
453 2481 599 2540 qua:
623 2465 809 2539 hujus
829 2467 946 2524 loci
976 2483 1099 2524 non
1142 2472 1301 2524 sunt.
1333 2468 1657 2526 Memoratu
1687 2475 1888 2526 autem
1915 2470 2101 2541 digna
2119 2469 2397 2527 videntur
2417 2470 2642 2544 aliquot
2665 2469 2961 2528 Michaelis
2991 2470 3234 2542 scripta,
3266 2485 3403 2544 quae
3436 2470 3584 2526 dum
3615 2470 3678 2526 in

265 2555 670 2613 Bibliotheca
720 2554 1000 2616 Medicina
1046 2557 1284 2624 desunt,
1311 2558 1372 2614 in
1403 2557 1732 2614 Oxoniensi
1773 2558 2070 2625 visuntur,
2106 2575 2224 2616 sec.
2254 2559 2610 2630 Catalogum
2639 2559 2772 2616 libr.
2819 2575 2966 2616 mss.
2999 2558 3230 2630 Anglice
3280 2563 3338 2615 et
3383 2555 3678 2615 Hiberniae

264 2646 514 2716 (Oxon.
564 2646 750 2716 1697),
773 2645 998 2718 quibus
1031 2645 1176 2702 tituli
1204 2662 1216 2702 :
1256 2646 1581 2703 Catechesis
1609 2649 1846 2717 prima;
1880 2647 2149 2706 Homilia
2174 2649 2246 2706 de
2265 2651 2565 2707 creatione
2591 2649 2866 2718 hominis,
2893 2655 2949 2705 et
2983 2649 3360 2706 Lamentatio
3384 2645 3682 2706 demortui

270 2733 621 2805 Adyephi;
655 2734 876 2791 deinde
905 2735 968 2790 in
995 2734 1361 2793 Bibliotheca
1389 2736 1656 2792 Parisma
1695 2735 2013 2794 Tractatus
2042 2738 2115 2795 de
2153 2753 2348 2803 cruce,
2381 2754 2563 2811 quem
2586 2738 2890 2794 Fabricius
2919 2745 3237 2810 perperam
3264 2737 3326 2792 in
3355 2738 3680 2794 orationem

265 2823 692 2896 permutavit,
721 2828 781 2879 et
807 2824 912 2896 qui
942 2823 1192 2880 forsitan
1214 2824 1432 2881 rectius
1458 2841 1701 2882 carmen
1739 2825 2069 2883 iambicum
2115 2827 2188 2883 de
2214 2828 2476 2897 pristina
2516 2827 2682 2882 urbis
2701 2826 3080 2883 Athenarum
3115 2825 3410 2898 dignitate
3439 2840 3569 2882 esse
3593 2824 3681 2881 vi-

288 2913 512 2985 detur,
545 2912 839 2986 quodque
867 2913 1291 2970 Boissonadius
1320 2913 1382 2969 in
1412 2917 1575 2971 tomo
1608 2916 1648 2969 V
1680 2913 2124 2972 Anecdotorum
2152 2915 2375 2987 publici
2399 2915 2550 2987 juris
2577 2916 2733 2972 fecit.

365 3003 459 3060 0b
489 3002 741 3059 ultimos
774 3002 959 3073 hujus
987 3003 1271 3059 carminis
1308 3018 1516 3060 versus
1547 3018 1672 3060 non
1691 3003 1991 3062 immerito
2019 3003 2335 3061 exordium
2364 3004 2652 3076 longioris
2685 3002 2984 3076 poematis
3011 3000 3356 3075 suspiceris.
3385 3002 3455 3059 Ut
3478 3004 3544 3058 ut
3572 3005 3682 3073 est,

271 3098 455 3149 certe
486 3092 996 3149 lamentationem
1017 3091 1154 3149 licet
1182 3092 1459 3150 mutilam
1488 3091 1680 3150 habes
1713 3094 2000 3167 scriptam
2025 3094 2100 3150 de
2133 3095 2504 3150 Athenarum
2529 3093 2696 3149 fatali
2725 3095 2881 3149 sorte
2909 3091 2988 3148 ab
3018 3091 3228 3148 ultimo
3259 3089 3522 3147 antistite
3552 3089 3683 3161 ejus

270 3182 491 3249 urbis,
514 3181 622 3254 qui
673 3181 930 3249 cantico,
980 3185 1049 3238 ut
1094 3181 1177 3239 ita
1200 3181 1478 3250 dixerim,
1515 3181 1748 3240 olorino
1787 3183 1978 3240 fatum
2005 3184 2134 3256 ejus
2167 3181 2334 3239 urbis
2372 3181 2552 3239 fatale
2582 3181 2889 3239 memoriae
2920 3180 3206 3254 prodidit.
3247 3181 3446 3236 Restat
3465 3184 3531 3236 ut
3557 3193 3688 3235 car-

271 3288 442 3328 men
499 3271 746 3339 Morelli,
776 3269 962 3327 ﬁnem
1008 3271 1176 3328 haud
1205 3270 1617 3342 spernendum
1668 3272 2073 3330 dissertationi
2115 3276 2336 3331 nostras
2380 3271 2739 3345 imposituri,
2779 3269 3106 3328 lectoribus
3138 3272 3338 3327 mente
3393 3266 3688 3325 benevola

275 3362 374 3418 im
385 3361 732 3435 pertiamur
767 3377 780 3416 :

284 3468 715 3542 Cecropidum
737 3465 961 3541 praesul
986 3465 1254 3538 Michael,
1282 3469 1431 3528 dum
1456 3469 1644 3529 tristia
1673 3469 1871 3528 fratris
2088 3466 2484 3538 Occidit,heu!
2509 3471 2707 3526 tecum
2724 3463 3149 3539 tumulumque
3164 3461 3388 3522 subivit
3405 3461 3688 3521 eumdem

368 3560 595 3616 Nicetes
616 3559 893 3632 queritur
917 3560 1134 3617 funera.
1163 3560 1487 3633 Choniataa,
2162 3560 2458 3633 Faedaque
2485 3557 2774 3614 successit
2806 3572 2918 3612 nec
2946 3571 3118 3613 mora
3137 3553 3470 3612 barbaries.

293 3652 552 3721 Cygnea
577 3653 836 3705 testatur
854 3655 961 3706 tua
980 3666 1121 3714 vox,
1144 3667 1180 3706 o
1207 3653 1448 3719 Graecia,
1482 3667 1768 3724 quaenam
2092 3651 2204 3718 Qui
2229 3649 2390 3705 volet
2418 3663 2560 3718 ergo
2592 3651 2728 3703 tuas
2752 3660 3137 3717 cognoscere,
3179 3643 3421 3710 Graecia,
3443 3640 3619 3711 vires,

370 3739 618 3795 Viribus
655 3737 871 3808 effetis,
904 3755 1046 3795 cum
1090 3755 1410 3812 morerere,
1445 3740 1574 3796 fuit.
2167 3741 2316 3795 Cum
2346 3737 2730 3808 Xenophonte
2754 3735 2915 3805 legat
2933 3735 3147 3790 funera
3172 3731 3514 3790 Choniataa:

303 3828 535 3885 Atticus
567 3828 669 3884 ille
699 3827 897 3899 lepos,
933 3828 1260 3901 Xenophon
1286 3845 1410 3902 quo
1442 3828 1666 3885 scilicet
1692 3827 1835 3886 olim
2095 3827 2196 3883 ille
2217 3831 2353 3884 tuas
2385 3842 2574 3883 cunas
2608 3824 2907 3882 nascentis
2928 3822 3178 3879 ﬂoribus
3198 3825 3394 3890 ornat,

373 3917 606 3975 Nobilis
639 3933 679 3974 a
708 3917 933 3973 teneris
962 3917 1176 3974 claruit
1200 3917 1563 3989 unguiculis,
2165 3916 2270 3972 Hic
2308 3920 2414 3972 tua
2445 3915 2708 3972 fraterno
2735 3913 2942 3969 funere
2964 3912 3090 3968 fata
3117 3909 3322 3980 gemit.

379 4098 516 4167 (10')
571 4097 1098 4167 napamcpa'apsuoc,
1135 4093 1495 4166 praepositus
1549 4091 1814 4167 cubiculi
1844 4106 1857 4159 ;
1916 4108 1988 4149 ac

2096 4163 2128 4167 _
2168 4092 2276 4160 (13)
2296 4088 2353 4143 '0
2376 4089 2459 4167 ἕτςι
2489 4099 2550 4148 τῆ
2564 4088 2862 4167 conatum
2882 4086 3045 4167 idem
3071 4084 3223 4167 ualet
3243 4099 3314 4167 ac
3341 4078 3694 4164 σακελλὰριος.

315 4149 609 4242 prioribus
646 4149 1197 4242 Saeculis‘dignitas
1230 4149 1356 4242 erat
1388 4149 1690 4242 eunuchis
1724 4149 1985 4242 tributa;
2096 4149 2272 4242 B.‘p._'
2294 4167 2383 4219 26.
2415 4149 2770 4242 Sacellarius
2811 4149 2937 4242 erat
2981 4155 3396 4238 ecclesiasticae
3428 4149 3701 4242 pecuniae

318 4224 587 4297 Extremis
641 4253 798 4295 vero
846 4224 1224 4306 tempbribus
1254 4236 1512 4308 duplicis
1560 4235 1672 4290 fuit
1713 4224 1984 4308 generisj
2097 4224 2336 4308 curator
2373 4237 2431 4288 et
2465 4236 2688 4308 custos.
2732 4229 2952 4308 Σακέλλη
2977 4229 3143 4308 enim
3177 4227 3300 4283 sive
3325 4224 3590 4307 summa
3617 4225 3704 4280 di-

317 4312 456 4368 anus
483 4315 650 4370 enim
685 4313 825 4367 erat
875 4299 1361 4387 πάράκοιξιώμενοξ
1389 4324 1480 4358 του
1528 4299 1792 4370 κοιτῶνος,
1826 4306 1943 4360 cub

2097 4304 2345 4387 cebatur
2376 4302 2654 4387 sacculus
2685 4299 3086 4373 pecuniarius,
3120 4299 3180 4387 hi.
3213 4314 3264 4354 e.
3285 4299 3581 4387 ‘aera'rilum
3607 4312 3701 4387 Ec-

315 4367 1025 4450 culariu—siinperatori's;
1052 4367 1204 4450 alius
1232 4384 1696 4450 παρακοιμὼμενος
1718 4367 1811 4437 τῆς
1844 4394 1944 4448 aps

2097 4375 2465 4450 clesitetquo
2488 4367 2886 4450 eleemosynae
2909 4371 3399 4450 asservabantur:
3419 4367 3499 4450 Id.
3533 4371 3668 4439 p.2t
3684 4405 3696 4421 .

314 4438 728 4521 atiigjahhu‘ii
757 4438 1088 4520 signato'rii
1121 4438 1340 4521 custos,
1365 4452 1425 4521 Β.
1462 4438 1472 4450 ’
1546 4438 1556 4448 ’
1682 4438 1689 4439 ί
1770 4517 1785 4521 _
1843 4438 1896 4521 _'
2117 4517 2132 4521 _
2173 4448 2285 4516 (14)
2304 4438 2550 4521 Septem
2581 4438 2816 4521 tantum
2842 4457 3085 4521 menses
3116 4438 3703 4521 patriar-chalcitith-

915 4520 1396 4604 μονιάςζτρριονλῖζ.
1430 4521 1519 4604 Du
1546 4521 1744 4604 Bapge
1770 4517 1812 4576 1.
1843 4517 1888 4575 Ι.
1926 4534 1988 4591 p.

2265 4503 2523 4604 obtihuit
2572 4512 3087 4604 Qqustantinjopoli
3112 4503 3529 4604 :‘Leontius-zh
3542 4513 3698 4604 1192,

310 4584 416 4667 949,
433 4584 989 4669 ’άε“ξαθῂγούμεῡος
1010 4584 1256 4669 (abbas,
1280 4591 1483 4658 Prior),
1509 4606 1569 4663 p.
1592 4584 1724 4669 473'.
1750 4663 1762 4669 _
1917 4584 1939 4669 _'

2101 4589 2295 4669 dictus
2323 4589 2362 4642 Τ
2367 4586 2748 4669 heotocisjes,
2772 4584 2938 4669 quod
2960 4584 3380 4669 per‘eco'r'o'acoy,
3414 4595 3602 4669 quam}
3629 4584 3704 4633 si-

359 4643 869 4752 ᾒρῖνεςξῐςέξβξέέ,
904 4643 1572 4752 ανρξέέιοΐύά-εέίιέξ
1599 4643 1686 4734 βξ
1706 4643 1866 4732 ms,
1907 4659 1988 4718 cr.

2101 4659 2166 4752 bi
2204 4643 3178 4752 apparuisse/dicebattim‘pleratqr
3203 4653 3296 4727 (ls.
3320 4643 3519 4724 A1131),
3552 4650 3699 4707 elec-

289 4723 460 4812 εοξιῖἷ
488 4723 868 4820 [1⁷ξρᾉεῦ
900 4749 974 4790 η.
1015 4723 1103 4790 34ἶ
1483 4723 1514 4732 υ
1559 4723 1569 4732 ι
1603 4723 1621 4734 -
1851 4723 1862 4732 ι

1559 4723 1569 4732 ’
1603 4723 1621 4734 ·
1851 4723 1862 4732 ’
2103 4736 2200 4788 tus
2229 4723 2456 4787 fuisset.
2481 4731 2539 4786 Β.
2563 4729 2671 4801 (Cf.
2696 4729 2876 4786 Nicet.
2900 4723 3025 4784 239.
3059 4726 3166 4798 C').
