4126 6272
538 218 640 305 3ἑ3

535 398 828 410 -ιι-

536 413 827 424 _———_

997 572 2126 727 MICHAELIS

1412 229 1780 299 MICHAELIS
1818 214 2201 298 ACOMINATI
2237 202 2666 295 ATHENARUM
2701 232 3021 294 ARCHIEP.

3785 237 3895 291 324

831 384 3887 427 m

2305 569 3456 723 ACOMINATI

1835 868 2601 977 GHONIATAE

1299 1100 1850 1165 SANCTISSIMI
1906 1098 2448 1161 ATHENARUM
2495 1096 3134 1161 METROPOLITfE

2029 1292 2433 1377 ORATIO

1619 1497 1873 1551 ΗΑΒΙΤΑ
1911 1496 1978 1549 ΙΝ
2020 1493 2135 1547 DIE
2174 1495 2388 1549 FESTO
2433 1490 2832 1550 PALMARUM.

1428 1671 1772 1746 (Combeﬁs.
1807 1669 2076 1726 Biblioth.
2106 1666 2468 1736 concionat.,
2492 1671 2638 1724 tom.
2664 1668 2753 1735 lll,
2778 1683 2839 1740 p.
2870 1667 3018 1739 417).

614 1907 1111 1963 Ριοεθοιειισὶεεὶωυε
1141 1921 1352 1977 regum
1381 1905 1677 1977 propheta
1708 1901 1906 1963 David,
1942 1901 2197 1955 immen-
2228 1941 2231 1948 .

2308 1897 2591 1953 comitatu
2620 1900 2851 1966 vectus,
2901 1896 3193 1952 adversus
3224 1895 3523 1950 infernum
3562 1894 3904 1949 velitatione

544 2010 678 2051 sam
710 1995 853 2051 solis
885 1993 1417 2066 pulchritudinem,
1472 1990 1959 2059 indefessamque
1998 1987 2199 2042 celeri-

543 2089 725 2140 tatem
774 2084 1103 2149 admirans,
1137 2088 1194 2138 et
1244 2083 1372 2153 ipse
1420 2082 1546 2137 ait:
1582 2083 1891 2149 Tanquam
1945 2093 2195 2146 sponsus

534 2175 863 2243 procedens
893 2174 966 2228 de
987 2172 1251 2227 thalamo
1280 2186 1386 2226 suo
1415 2187 1427 2223 :
1453 2169 1771 2225 exsultabit
1800 2174 1866 2221 ut
1902 2168 2075 2236 gigas
2115 2166 2196 2220 ad

540 2262 899 2317 currendum
927 2262 1084 2317 viam
1107 2276 1311 2315 suam:
1341 2265 1394 2315 et
1427 2272 1706 2314 occursus
1747 2259 1874 2325 ejus
1905 2269 2089 2325 usque
2115 2253 2197 2310 ad

541 2355 818 2404 Summun
859 2348 1012 2417 caeli,
1047 2361 1154 2402 nec
1186 2352 1271 2402 est
1311 2348 1414 2418 qui
1449 2360 1510 2401 se
1560 2344 1884 2399 abscondat
1918 2358 1955 2398 a
1994 2342 2194 2418 calore

539 2441 670 2508 ejus
694 2441 734 2492 ¹.
757 2413 1247 2509 Miratus-quippe
1270 2413 1355 2489 vir
1377 2434 1860 2507 sapientissimus
1892 2413 2192 2499 est,‘§idus

538 2526 653 2584 hoc
685 2528 1047 2593 maximum,
1065 2530 1294 2597 quanta
1319 2523 1640 2595 praenitens
1663 2519 2107 2593 pulchritudine
2131 2519 2190 2573 in

539 2631 774 2673 morem
808 2615 1015 2686 sponsi
1038 2615 1098 2669 in
1122 2611 1393 2668 orientali
1421 2612 1723 2667 horizonte
1746 2611 1952 2671 oritur,
1984 2609 2189 2678 gigan-

538 2708 755 2777 teaque
787 2705 1080 2760 celeritate
1113 2708 1292 2774 atque
1322 2702 1526 2773 vigore
1557 2701 1633 2755 ad
1658 2700 2028 2755 horizontem
2062 2713 2190 2769 per-

539 2794 754 2849 vadite
782 2792 1078 2849 diametro
1103 2791 1469 2863 oppositum,
1502 2788 1648 2844 nihil
1667 2789 1987 2843 obscurato
2014 2787 2191 2842 tantis

536 2882 651 2939 illis
673 2898 973 2939 annorum
992 2880 1404 2937 voluminibus
1434 2879 1625 2950 ipsius
1642 2878 1856 2932 decore
1874 2892 1943 2930 ac
1970 2876 2187 2948 specie,

538 2988 734 3044 neque
764 2972 818 3026 vi
846 2969 1271 3035 dissoluta,sed
1300 2968 1513 3023 eodem
1532 2982 1768 3038 semper
1783 2966 1967 3021 modo
1998 2965 2189 3020 exsul-

538 3066 684 3131 tare,
744 3075 1070 3132 rerumque
1130 3057 1573 3113 universitatem
1627 3055 1792 3111 nullo
1842 3055 2050 3110 labore
2100 3054 2186 3109 lu-

541 3155 754 3217 strare,
805 3164 914 3203 nec
946 3164 1067 3203 non
1105 3147 1268 3202 vitali
1313 3145 1763 3201 micantissimae
1800 3144 1952 3199 lucis
1989 3142 2189 3199 deﬂuo

2305 1992 2545 2048 functus
2570 1996 2690 2049 Rex
2719 1993 2945 2063 gloriae,
2966 1993 3182 2048 inferni
3210 1993 3480 2065 proxime
3499 1992 3775 2064 praedam
3808 2007 3907 2061 ag-

2306 2096 2548 2150 gressus
2560 2090 2665 2152 est,
2676 2083 3024 2153 primasque
3036 2082 3174 2137 inde
3188 2081 3610 2137 charissimum
3626 2083 3907 2136 Lazarum

2302 2171 2434 2225 tulit
2461 2170 2804 2226 manubias.
2840 2171 3023 2226 Unius
3055 2171 3220 2226 vocis
3241 2186 3390 2226 sono
3412 2170 3654 2241 tyranni
3683 2174 3908 2241 perter-

2301 2260 2419 2315 ruit
2440 2276 2826 2331 arces,exque
2849 2259 3061 2314 mediis
3085 2266 3299 2315 cuncta
3325 2260 3590 2313 vorantis
3616 2258 3758 2313 ferae
3782 2258 3884 2314 fau

2302 2347 2495 2414 cibus,
2524 2364 2702 2403 ovem
2734 2364 2909 2403 suam
2934 2347 3130 2402 bonus
3160 2348 3370 2403 Pastor
3393 2347 3663 2402 extraxit.
3698 2348 3827 2403 Sua
3845 2347 3904 2402 in

2301 2452 2486 2508 specu
2514 2443 2855 2508 correptum
2882 2436 3033 2493 latro
3066 2439 3353 2493 Lazarum
3385 2435 3724 2492 detinebat:
3764 2452 3904 2492 mox

2301 2531 2504 2581 tamen
2524 2525 2729 2581 audita
2752 2526 3059 2581 Dominica
3085 2542 3226 2580 voce
3252 2525 3578 2591 infremuit,
3610 2530 3797 2596 atque
3826 2524 3901 2580 ad

2299 2613 2449 2668 lucis
2499 2630 2709 2669 auram
2766 2613 3101 2669 redivivum
3132 2629 3437 2682 emergere
3480 2613 3725 2668 dimisit.
3774 2616 3899 2668 Non

2301 2703 2460 2757 enim
2482 2702 2573 2757 fas
2604 2708 2730 2757 erat
2767 2702 3111 2758 obdormire
3131 2702 3192 2757 in
3220 2707 3475 2756 mortem
3505 2701 3660 2756 velut
3689 2707 3901 2755 natum

2301 2808 2373 2846 ex
2395 2791 2662 2855 muliere,
2697 2792 2796 2845 sed
2829 2790 3159 2862 expergisci
3190 2790 3292 2861 qui
3324 2789 3441 2861 ipsi
3471 2789 3604 2844 vitae
3630 2788 3899 2844 charissi—

2299 2896 2438 2933 mus
2464 2881 2691 2934 esset.0
2724 2878 2980 2949 ingentis
3011 2878 3259 2947 virtutis,
3293 2878 3439 2949 quin
3472 2877 3596 2933 imo
3625 2876 3900 2948 omnipo-

2298 2974 2515 3023 tentem
2532 2983 2740 3022 vocem
2760 2967 2771 3021 !
2786 2983 2910 3038 qua
2921 2971 3106 3037 portae
3122 2967 3332 3021 mortis
3347 2973 3512 3021 metu
3529 2965 3899 3038 panduntur,

2296 3056 2632 3127 infernique
2650 3056 2941 3126 janitores
2962 3059 3203 3127 stupore
3234 3055 3645 3125 obriguerunt,
3666 3070 3739 3109 ac
3759 3068 3900 3125 qua-

2297 3144 2609 3200 triduanus
2640 3142 2854 3198 exsiliit
2904 3149 3205 3200 mortuus.
3237 3145 3383 3198 Vere
3437 3142 3672 3198 catulus
3711 3141 3901 3198 leonis

539 3236 809 3307 implere.
865 3235 1018 3300 Quin
1071 3236 1250 3289 etiam
1285 3248 1396 3302 ego
1442 3232 1547 3304 qui
1593 3232 1792 3303 ipsum
1817 3233 2059 3302 justitiee
2095 3246 2187 3286 so-
2219 3240 2263 3293 B
2299 3234 2565 3290 Christus
2590 3235 2643 3300 ⁴;
2668 3246 2952 3303 nuncque
2976 3230 3103 3287 solo
3125 3232 3323 3301 rugitu
3351 3231 3539 3286 feram
3572 3231 3857 3286 exterruit
3887 3246 3900 3283 :

541 3325 661 3379 lem
710 3324 1027 3390 Christum,
1060 3330 1238 3395 atque
1292 3322 1555 3377 siderum
1609 3323 1998 3385 conditorem,
2029 3335 2190 3375 nova

537 3424 769 3484 pcmpa
813 3410 1245 3482 procedentem
1264 3409 1527 3476 videam,
1557 3408 1771 3463 eadem
1801 3424 1940 3463 cum
1971 3407 2189 3463 Davide

537 3505 607 3555 ut
624 3514 843 3554 canam
872 3496 1390 3568 adducor,nempe
1415 3498 1581 3568 quod
1601 3498 1726 3567 ipse
1754 3496 1962 3567 sponsi
1981 3496 2042 3551 in
2067 3512 2192 3551 mo-

532 3603 662 3644 rem
693 3585 1029 3658 procedens
1061 3585 1136 3639 de
1167 3585 1433 3640 thalamo
1456 3600 1565 3639 suo
1591 3584 1895 3639 exsultarit
1926 3590 1991 3640 ut
2017 3584 2188 3656 gigas

535 3677 615 3733 ad
641 3674 1003 3732 currendam
1026 3673 1188 3729 viam
1210 3688 1405 3744 suam,
1423 3688 1528 3743 per
1556 3671 1818 3727 mediam
1837 3672 2188 3757 Jerusalem,

534 3764 794 3823 inauditi
828 3762 1061 3819 saeculis
1091 3761 1377 3819 omnibus
1399 3760 1687 3832 triumphi
1713 3776 1783 3817 ac
1831 3761 2192 3817 miraculum

533 3871 714 3912 omne
743 3852 1037 3910 vincentis
1068 3852 1266 3924 specie
1313 3856 1818 3923 extemporaneus
1851 3867 2064 3907 ovans.
2109 3858 2192 3907 Ac

532 3945 778 4017 quidem
812 3943 1005 3999 exitus
1035 3943 1165 4013 ejus
1193 3957 1229 3997 a
1250 3956 1490 3995 summo
1523 3939 1701 3994 coelo:
1725 3939 1863 3995 inde
1894 3941 2191 4012 siquidem

533 4039 756 4088 nostrae
788 4032 998 4086 salutis
1024 4046 1213 4086 causa
1243 4029 1392 4085 nihil
1419 4029 1554 4085 loco
1594 4029 1877 4099 dimotus,
1912 4030 2073 4084 viam
2104 4046 2191 4085 se-

532 4134 668 4176 care
698 4120 913 4191 coepit;
947 4124 1004 4175 et
1049 4135 1334 4175 occursus
1391 4118 1521 4189 ejus
1575 4133 1768 4190 usque
1815 4117 1893 4173 ad
1923 4124 2191 4174 extrema

532 4206 686 4274 coeli,
742 4206 983 4262 inﬁmas
1024 4207 1249 4263 scilicet
1271 4206 1487 4262 inferni
1519 4212 1756 4279 partes;
1783 4206 1899 4262 illic
1923 4223 2187 4279 namque

531 4296 996 4367 dispensationis
1041 4312 1257 4351 cursus
1304 4297 1628 4352 terminum
1680 4295 1913 4364 habuit,
1959 4301 2021 4351 ut
2077 4312 2187 4352 nec

531 4384 764 4441 inferna
792 4384 892 4439 illa
929 4384 1062 4440 loca
1110 4385 1190 4440 ab
1238 4386 1368 4455 ejus
1408 4402 1471 4441 se
1512 4386 1710 4441 calore
1740 4384 2136 4441 absconderet
2170 4402 2182 4439 :

530 4473 790 4544 indeque
816 4488 1024 4527 rursus
1054 4472 1216 4529 velut
1242 4473 1319 4528 ab
1351 4473 1674 4539 occidente,
1717 4474 2047 4528 matutinus
2085 4489 2182 4529 ex-

532 4565 723 4629 ortus,
746 4560 960 4615 iisdem
989 4561 1120 4616 coeli
1148 4560 1395 4617 sedibus
1420 4561 1762 4618 restituitur.
1786 4562 1950 4617 Prius
1981 4567 2183 4618 tamen

532 4665 719 4722 quam
739 4649 801 4704 in
822 4648 1123 4705 infernum
1146 4649 1519 4705 descendens
1534 4650 1687 4704 inter
1706 4655 1975 4706 mortuos
1991 4651 2186 4722 splen-

531 4738 691 4806 deat,
723 4738 994 4795 divinam
1039 4739 1375 4810 quamdam
1423 4739 1586 4791 velut
1622 4738 1911 4807 praemisit
1953 4754 2181 4801 vocem,

533 4841 605 4883 ea
659 4827 1135 4899 quatriduanum
1193 4841 1230 4881 a
1276 4823 1530 4880 mortuis
1588 4825 1886 4881 suscitans
1912 4829 1956 4896 ²,
2000 4843 2184 4899 quem

530 4930 722 4970 unum
751 4933 826 4971 ex
853 4915 1196 4970 animarum
1214 4912 1467 4969 extraxit
1482 4913 1700 4976 caveis,
1716 4914 1888 4985 cujus
1912 4915 2183 4984 victoria,

531 5018 760 5074 pompa
790 5003 965 5058 hodie
995 5001 1287 5075 procedit,
1315 5017 1385 5057 ac
1416 5008 1773 5073 praesentem
1814 5019 1885 5059 ex
1915 5008 2185 5077 tempore

528 5091 905 5162 triumphum
938 5090 1224 5161 instituit;
1248 5105 1467 5162 nempe
1503 5091 1696 5147 Sionis
1735 5094 1856 5147 Rex
1886 5091 1980 5147 ille
2010 5108 2184 5148 man-

531 5184 733 5235 suetus
755 5181 798 5246 ³,
831 5196 954 5236 non
996 5180 1194 5236 aureis
1249 5180 1510 5252 phaleris
1559 5182 1813 5238 instrato
1856 5198 2033 5255 equo,
2077 5199 2183 5238 seu

526 5267 679 5324 alias
710 5284 893 5324 curru
931 5285 1135 5336 aureo,
1182 5268 1291 5325 sed
1320 5270 1695 5341 pauperculo
1723 5270 1910 5327 asello
1935 5286 2209 5344 paupere

2298 3323 2414 3377 Leo
2464 3323 2618 3377 enim
2662 3322 2881 3389 rugiet,
2915 3320 3132 3392 inquit,
3166 3326 3220 3376 et
3271 3322 3403 3391 quis
3432 3336 3550 3375 non
3577 3321 3821 3387 pavebit
3842 3319 3905 3374 5?

2297 3409 2466 3465 Brevi
2497 3415 2697 3465 autem
2719 3408 2999 3480 postipse
3025 3422 3270 3479 quoque
3296 3406 3594 3463 recubans
3612 3407 3899 3463 dormiet:

2302 3504 2362 3554 at
2376 3499 2479 3553 ubi
2501 3502 2776 3553 conserto
2792 3496 2971 3552 veluti
2997 3496 3150 3568 pede
3169 3512 3307 3551 cum
3326 3502 3514 3551 morte
3534 3512 3904 3566 congressus

2300 3586 2493 3651 fuerit,
2509 3586 2747 3657 penitus
2775 3584 3142 3656 proﬂigabit.
3174 3586 3342 3639 Nunc
3372 3583 3620 3656 quidem
3648 3588 3907 3639 tremen-

2301 3678 2449 3729 dum
2480 3690 2550 3729 ac
2595 3674 2900 3742 ingentem
2942 3678 3137 3728 cetum
3187 3672 3317 3728 solo
3358 3673 3593 3727 eminus
3640 3671 3908 3727 clamore

2303 3762 2579 3831 subegit:
2615 3777 2755 3818 mox
2802 3777 2938 3817 vero
2964 3764 3128 3817 Jonas
3157 3761 3220 3816 in
3268 3776 3498 3816 morem
3525 3759 3657 3830 ejus
3693 3765 3908 3833 sponte

2300 3852 2449 3906 rictu
2479 3850 2901 3907 absorbendus
2918 3856 3022 3916 est,
3039 3866 3162 3922 quo
3178 3850 3366 3921 ipsius
3387 3848 3660 3919 disrupto
3680 3856 3907 3916 ventre,

2301 3955 2456 4011 quos
2486 3956 2523 3995 a
2554 3939 2770 3995 saeculo
2803 3939 3107 4011 absorpsit
3135 3954 3347 3994 omnes
3390 3938 3714 3994 extraxerit
3734 3940 3777 3991 θ.
3807 3940 3909 3993 Ta-

2303 4030 2475 4085 metsi
2504 4034 2660 4085 terra
2688 4034 2831 4094 erat,
2855 4034 2913 4083 et
2940 4029 3001 4083 in
3032 4034 3249 4084 terram
3284 4028 3518 4083 abierat
3549 4029 3831 4092 Lazarus,
3851 4032 3912 4083 at

2300 4118 2564 4175 Christus
2594 4124 2721 4173 erat
2744 4117 2850 4189 qui
2874 4118 3182 4172 hominem
3212 4131 3243 4171 e
3276 4123 3429 4172 terra
3469 4115 3828 4171 condiderat
3847 4117 3868 4149 7
3893 4134 3907 4183 ;

2297 4224 2371 4263 ex
2400 4224 2522 4280 quo
2570 4210 2749 4263 etiam
2780 4207 3063 4273 clamore,
3093 4206 3177 4262 uti
3203 4211 3261 4261 et
3312 4205 3632 4277 spiraculo,
3667 4210 3909 4261 mortuo

2295 4297 2511 4352 iterum
2559 4295 2847 4367 ﬁgmento
2877 4295 3149 4351 animam
3186 4294 3428 4351 refudit.
3481 4297 3615 4350 Jam
3654 4294 3904 4367 quidem

2294 4384 2540 4440 faetebat
2588 4385 2731 4440 tabo
2776 4383 3106 4440 resolutum
3164 4384 3429 4439 cadaver
3477 4388 3659 4455 atque
3706 4398 3911 4441 corru-

2292 4479 2501 4546 ptum;
2551 4478 2611 4529 at
2642 4472 2851 4529 Christi
2894 4488 3010 4529 vox
3057 4472 3189 4527 vitae
3245 4470 3331 4527 illi
3364 4471 3517 4527 odor
3545 4470 3674 4526 fuit.
3730 4470 3905 4546 Quod

2227 4583 2267 4638 ρ
2293 4542 2501 4618 mortis
2531 4562 2765 4617 vinctus
2804 4562 3021 4617 institis
3050 4561 3326 4617 astrictus
3355 4565 3499 4627 erat,
3532 4560 3719 4615 vetuit
3757 4542 3907 4615 nihiI

2291 4651 2439 4723 quin
2469 4649 2649 4718 longe
2680 4649 3157 4721 progrederetur,
3189 4647 3441 4720 jubente
3466 4647 3686 4703 scilicet
3708 4646 3904 4702 Chris-

2291 4745 2351 4795 to
2383 4756 2395 4793 :
2453 4740 2597 4794 Veni
2643 4739 2812 4806 foras
2834 4739 2875 4808 ³,
2924 4738 3029 4810 qui
3059 4738 3262 4794 educit
3287 4738 3520 4793 vinctos
3553 4737 3616 4791 in
3670 4735 3906 4791 fortitu-

2291 4827 2430 4883 dine
2454 4845 2467 4895 ;
2502 4826 2768 4883 similiter
2798 4843 2900 4882 eos
2929 4827 3033 4899 qui
3054 4826 3329 4883 habitant
3347 4842 3408 4882 1n
3432 4825 3718 4899 sepulcris
3740 4827 3784 4879 ³.

2366 4916 2585 4973 Psallat
2607 4916 2735 4986 jam
2764 4918 3016 4972 Lazarus
3042 4933 3181 4972 cum
3207 4916 3425 4972 Davide
3455 4933 3468 4969 :
3508 4916 3646 4971 Non
3685 4914 3909 4969 dereli-

2293 5007 2476 5078 quiin
2493 5006 2759 5061 animam
2777 5020 2968 5061 meam
3010 5006 3075 5061 in
3107 5006 3367 5075 inferno,
3398 5019 3503 5060 nec
3528 5002 3749 5059 dedisti
3768 5017 3911 5059 san-

2294 5099 2451 5150 ctum
2474 5100 2642 5149 tuum
2663 5094 2863 5150 videre
2882 5096 3327 5163 corruptionem
3349 5095 3412 5161 ιο,
3426 5099 3502 5163 et,
3520 5092 3796 5161 Implesti
3815 5105 3910 5147 me

2295 5185 2507 5239 lretitia
2528 5199 2659 5239 cum
2682 5185 2856 5238 vultu
2874 5194 3001 5239 tuo:
3024 5199 3146 5239 non
3164 5183 3325 5238 enim
3342 5181 3627 5238 oblivioni
3646 5178 3909 5234 traditus

2294 5288 2450 5334 sum,
2479 5271 2630 5327 sicut
2654 5277 2931 5329 mortuus
2963 5288 3000 5327 a
3023 5276 3203 5327 corde
3223 5274 3266 5306 “
3288 5289 3306 5342 ;
3342 5270 3450 5326 sed
3478 5274 3721 5325 mortuo
3754 5267 3910 5323 mihi

609 5445 624 5521 ξ
661 5443 817 5500 Psal.
848 5449 1075 5521 xx1i{,_6
1105 5462 1274 5520 seqq.
1352 5447 1374 5481 ³
1413 5447 1585 5504 Joan.
1615 5465 1671 5521 ii,
1698 5450 1788 5503 41.
1866 5449 1887 5482 ³
1916 5449 2091 5506 Zach.
2124 5466 2201 5521 ix,
2230 5468 2231 5476 η

2361 5450 2384 5483 ⁴
2424 5450 2569 5505 Gen.
2603 5452 2838 5521 xux,_9.
2915 5449 2937 5483 ³
2977 5448 3182 5503 Amos.
3215 5462 3299 5517 ui,
3339 5449 3394 5502 3.
3469 5445 3491 5480 ⁸
3525 5447 3696 5501 Joan.
3744 5458 3805 5514 ιι,
3853 5446 3904 5498 1.

531 5517 551 5552 ⁷
582 5516 730 5574 Gen.
758 5532 822 5587 ιι,
847 5522 900 5573 7.

978 5519 999 5553 ⁸
1017 5518 1282 5591 Δοεωῖιὶ,
1314 5521 1403 5575 44.
1481 5521 1502 5554 ⁹
1523 5519 1682 5577 Psal.
1707 5536 1895 5584 vani,
1923 5525 1975 5575 7.
2055 5521 2106 5558 ιο
2134 5518 2231 5579 Ps8

2316 5537 2370 5594 γ,
2406 5524 2490 5577 10.
2570 5522 2613 5555 ¹¹
2645 5519 2799 5577 Psal.
2822 5535 2959 5585 xxx,
2994 5523 3078 5575 l3.
