4126 6272
230 255 324 312 3T5

1463 243 1751 325 nouum
1780 265 1849 322 IN
1876 239 2112 320 mimos
2144 233 2522 326 PALMARU‘M

3589 247 3694 336 ρ.ιὸ

252 370 404 439 iecisti
420 385 784 445 mirabilia
820 378 890 443 η.
928 391 1080 446 Sane
1107 389 1354 464 quidem
1384 391 1700 464 complura
1729 387 1930 446 Chris-
1964 367 2014 439 Α
2047 385 2225 442 dibus
2245 396 2477 446 essent:
2501 392 2664 449 unde
2689 409 2888 467 neque
2916 394 2977 452 in
2999 383 3290 454 caelorum
3320 413 3578 469 regnum
3607 403 3696 459 in-

267 475 342 528 tus
363 473 647 531 exhibuit
677 478 1030 548 magniﬁca
1058 494 1263 551 opera,
1303 479 1524 552 quibus
1551 495 1732 534 sensu
1752 476 1932 533 desti-

281 563 384 618 tutis
401 563 631 619 iudmis
661 582 861 621 suam
886 566 1266 623 manifestam
1293 565 1422 623 ﬁeri
1443 567 1696 638 gloriam
1716 563 1931 631 voluit;

282 651 598 725 multosque
626 662 922 711 mortuos
949 657 1272 725 suscitavit,
1293 673 1511 729 nempe
1538 672 1776 712 servum
1801 668 1935 709 cen-

286 741 538 810 turionis,
558 742 681 799 lari
712 743 932 811 ﬁliam,
963 743 1162 801 viduae
1184 744 1431 801 unicum
1449 746 1661 805 ﬁlium.
1689 751 1770 799 Ac
1800 741 1931 815 qui-

285 831 406 887 dem
434 832 691 901 mortui,
719 832 960 902 audito,
985 833 1220 902 Puella,
1265 835 1526 912 surge“,
1577 840 1655 904 et,
1680 832 1933 888 Adoles-

283 937 426 986 cens,
450 921 561 976 tibi
582 922 743 988 dico,
775 924 1044 992 surge",
1076 921 1389 978 confestim
1425 922 1585 979 dicto
1620 922 1933 979 audientes

282 1014 463 1075 erant,
490 1007 826 1081 lumenque
855 1010 1105 1066 redivivi
1136 1013 1492 1079 cernebant;
1523 1012 1584 1067 hi
1610 1016 1832 1079 autem,
1857 1023 1934 1064 ne

287 1081 372 1153 Sic
402 1097 647 1170 quidem
678 1097 952 1154 videntes
989 1098 1294 1169 videbant,
1339 1115 1450 1155 nec
1481 1099 1794 1155 audientes
1824 1113 1934 1153 au-

277 1171 546 1242 diebant.
568 1185 799 1242 Idcirco
822 1188 1005 1244 etiam
1036 1187 1114 1243 ad
1144 1192 1479 1244 extremum
1521 1188 1720 1244 Lazari
1749 1185 1934 1243 susci-

272 1276 519 1334 tationis
543 1276 910 1348 opus,quod
939 1277 1197 1349 prodigii
1222 1278 1483 1333 novitate
1501 1281 1718 1334 cuncta
1738 1276 1934 1332 vince-

269 1370 380 1430 ret,
423 1380 541 1420 ceu
573 1365 744 1434 cujus
772 1365 863 1419 vis
893 1365 1088 1436 major
1127 1371 1300 1433 esset,
1341 1366 1678 1421 remedium
1720 1365 1933 1421 admo-

267 1454 378 1510 vit.
411 1456 573 1509 Nam
598 1452 730 1508 illos
763 1453 1013 1525 quidem
1052 1459 1323 1510 mortuos
1352 1455 1557 1510 statim
1587 1454 1931 1520 suscitavit;

266 1543 436 1600 hunc
467 1558 619 1599 vero
671 1559 812 1598 cum
859 1543 986 1610 jam
1014 1544 1358 1615 putruisset,
1407 1545 1591 1617 inque
1640 1543 1936 1600 elementa

265 1633 501 1706 quibus
529 1636 814 1687 concreta
861 1632 1129 1704 corporis
1176 1631 1407 1689 fabrica
1441 1638 1586 1700 erat,
1617 1631 1932 1690 difﬂueret.

2042 475 2233 544 gressi
2285 484 2444 538 sunt.
2512 483 2693 538 Erant
2745 483 2906 539 enim
2977 500 3140 542 utres
3189 491 3422 545 veteres
3466 505 3538 545 ac
3583 507 3695 563 pu-

2041 566 2161 618 tres
2185 566 2255 634 ³⁸,
2281 582 2392 622 nec
2429 569 2634 639 gratias
2671 570 2882 627 vinum
2915 577 3210 645 tanquam
3237 577 3400 643 novi,
3423 593 3495 634 ac
3519 579 3698 651 Spiri-

2041 655 2138 706 tus
2162 653 2440 725 capaces,
2463 664 2743 732 poterant
2771 675 3006 731 capere.
3038 661 3194 718 Proh
3220 665 3700 732 caacitatem,cal-

2041 740 2288 812 tumque
2313 743 2325 798 !
2347 744 2622 816 Cognovit
2653 748 2750 803 bos
2764 764 3160 818 possessorem
3180 768 3376 818 suum,
3403 760 3460 811 et
3489 758 3698 818 asinus.

2036 843 2295 901 praesepe
2323 833 2554 890 domini
2575 837 2672 891 sui
2701 839 2782 906 ’5;
2817 838 3000 894 Israel
3031 844 3235 896 autem
3266 843 3487 914 Regem
3515 861 3696 902 suum

2042 932 2165 973 non
2191 923 2489 990 cognovit,
2523 924 2628 979 sed
2668 923 3081 996 deprehensus
3136 933 3225 984 est
3250 929 3405 986 bove
3451 928 3698 989 demené

2043 1005 2176 1071 tior,
2207 1013 2264 1064 et
2318 1010 2492 1067 asino
2541 1013 2858 1086 stupidior,
2903 1017 3325 1088 cognoscendo
3365 1020 3690 1077 Dominum

2043 1089 2222 1150 suum
2249 1115 2262 1165 ;
2290 1097 2472 1170 idque
2503 1116 2647 1156 cum
2667 1101 2927 1158 infantes
2965 1104 3216 1162 minime
3245 1106 3468 1163 bovem
3495 1108 3556 1165 in
3584 1109 3695 1165 lin-

2042 1198 2164 1253 gua
2192 1183 2429 1256 ferrent,
2449 1189 2554 1244 sed
2576 1189 2799 1262 Regem
2825 1191 3008 1248 asello
3036 1193 3696 1271 insidentem,pompa—

2041 1287 2159 1360 que
2169 1273 2348 1330 hodie
2359 1277 2806 1348 procedentem,
2820 1296 2891 1336 ac
2911 1281 3080 1352 quod
3102 1283 3246 1338 olim
3260 1285 3541 1343 vaticinia
3560 1302 3697 1360 pro-

2041 1359 2234 1417 ditum
2255 1369 2430 1429 esset,
2454 1364 2822 1438 implentem,
2854 1369 3286 1441 praedicarent;
3311 1359 3698 1444 alligareisci-

2038 1447 2174 1504 licet
2201 1450 2282 1505 ad
2299 1450 2484 1508 vitem
2505 1453 2739 1525 pullum
2762 1472 2941 1511 suum
2964 1459 3034 1526 ’⁵,
3056 1458 3224 1530 quod
3245 1467 3357 1528 est,
3374 1476 3603 1518 novum
3625 1478 3699 1520 ex

2042 1538 2318 1608 gentibus
2338 1541 2844 1616 populum,quem
2867 1545 3128 1602 necdum
3150 1548 3288 1620 quis
3306 1549 3456 1620 jugo
3473 1551 3702 1609 manci-

2040 1631 2232 1698 parat,
2257 1631 2334 1684 ad
2364 1631 2546 1686 vitem
2569 1648 2642 1686 ex
2673 1636 2930 1706 z‘Egypto
2947 1635 3308 1693 translatam
3329 1638 3612 1710 colligare
3624 1642 3669 1676 ³⁷
3684 1682 3700 1699 .

264 1727 469 1794 Atque
514 1721 636 1777 illic
683 1721 934 1793 quidem
979 1721 1244 1778 defuncti
1277 1719 1546 1778 loculum
1602 1722 1809 1791 tetigit,
1864 1737 1934 1777 ac
1964 1719 2011 1783 Β
2118 1716 2452 1782 Enimvero,
2485 1736 2696 1777 eorum
2735 1737 2872 1794 quae
2925 1724 3212 1796 mysterio
3258 1726 3488 1798 insunt,
3524 1728 3702 1785 mira-

262 1809 493 1885 puellae
525 1825 786 1865 manum
839 1809 1237 1881 apprehendit
1266 1809 1343 1865 ad
1384 1810 1568 1866 vitam
1598 1811 1944 1866 instaurans

261 1903 565 1955 contactu
622 1897 844 1952 viviﬁci
896 1899 1166 1970 corporis
1205 1916 1218 1954 :
1264 1897 1363 1953 hic
1408 1903 1609 1954 autem
1641 1897 1768 1955 sola
1795 1914 1944 1954 voce

259 1975 462 2044 vitam
509 1986 840 2059 reparavit,
891 2003 1033 2042 voce
1082 1987 1394 2057 nimirum,
1425 2003 1614 2059 quam
1657 1987 1945 2042 Judaicus

258 2075 547 2152 populus
581 2091 707 2131 non
743 2075 995 2144 audivit,
1028 2081 1092 2130 ut
1139 2092 1318 2148 quos,
1354 2077 1528 2148 juxta
1571 2076 1941 2142 Davidem",

261 2183 439 2222 mors
475 2169 788 2237 pasceret;
825 2179 962 2237 quae
1006 2164 1290 2220 nimirum
1329 2165 1492 2220 velut
1529 2181 1696 2233 oves,
1739 2181 1862 2237 qua
1905 2163 1945 2220 ii

264 2253 653 2310 laborabant
679 2252 966 2318 caecitate,
993 2253 1052 2307 in
1084 2252 1315 2308 inferno
1345 2253 1510 2325 ipsos
1535 2259 1813 2325 poneret:
1842 2255 1946 2309 La-

264 2327 452 2400 iarus
485 2357 632 2398 vero
672 2347 969 2412 tanquam
1001 2341 1129 2396 ovis
1159 2342 1397 2406 Christi,
1421 2347 1803 2397 revocantem
1835 2357 1944 2414 pa-

269 2432 456 2488 storis
489 2446 706 2486 vocem
729 2428 1050 2485 confestim
1080 2429 1630 2501 sensit,infernique
1659 2429 1946 2486 barathro

270 2521 573 2577 dimissus
591 2519 671 2574 ad
702 2522 1023 2574 vocantem
1044 2517 1234 2573 rediit.
1263 2519 1555 2590 Quodque
1578 2521 1801 2573 Mosem
1818 2519 1947 2590 qui-

272 2609 417 2664 dem
471 2624 536 2663 se
589 2607 766 2674 scire,
819 2606 1141 2661 Dominum
1190 2611 1391 2662 autem
1428 2607 1656 2661 nescire
1687 2623 1749 2662 se
1773 2607 1948 2662 incir-

276 2696 545 2755 cumcisi
592 2694 1033 2762 asserebant“,
1065 2695 1444 2750 manifestius
1477 2695 1741 2766 seipsum
1769 2695 1948 2751 hodie

284 2784 576 2852 ostendit,
606 2783 795 2838 libere
819 2783 1221 2853 triumphans,
1254 2783 1540 2854 regioque
1565 2783 1758 2853 magis
1789 2783 1950 2839 cultu

278 2872 624 2946 procedens
653 2888 666 2936 ;
698 2871 992 2926 lactentes
1015 2870 1274 2943 denique
1303 2870 1562 2926 infantes
1587 2871 1948 2944 producens,

282 2963 382 3036 qui
409 2962 745 3018 Dominum
775 2976 954 3015 suum
996 2965 1347 3029 agnoscant,
1382 2974 1453 3014 ac
1484 2963 1661 3015 testes
1693 2960 1830 3029 sint,
1860 2961 1949 3032 ip-

2051 1803 2324 1859 culorum
2353 1807 2476 1886 vim
2506 1807 2938 1880 intelligamus;
2973 1813 3123 1883 quin
3159 1814 3358 1886 potius
3393 1816 3702 1873 celebrita-

2051 1891 2124 1946 tis
2157 1885 2446 1949 miracula
2471 1895 2531 1950 in
2560 1897 2738 1952 nobis
2768 1899 2884 1969 ipsi
2914 1885 3328 1957 exhibeamus.
3360 1903 3704 1961 Efﬁciamur

2051 1979 2257 2035 Lazari
2285 1981 2497 2037 Christi
2518 1985 2693 2040 amici
2719 2002 2732 2051 ;
2767 2001 3002 2042 sorores
3028 1988 3205 2044 nobis
3236 1990 3598 2062 sapientiam
3619 1997 3703 2048 at-

2051 2083 2170 2140 que
2200 2067 2481 2125 virtutem
2510 2071 2803 2128 faciamus
2829 2093 2842 2142 ;
2873 2090 2943 2130 ac
2970 2075 3018 2130 si
3049 2078 3299 2148 quando
3329 2078 3492 2134 velut
3510 2079 3703 2136 homi-

2053 2171 2159 2211 nes
2189 2157 2480 2213 inﬁrmari
2510 2161 2839 2233 contigerit,
2875 2181 2980 2219 seu
3011 2165 3192 2220 etiam
3221 2167 3282 2222 in
3312 2173 3569 2224 mortem
3599 2169 3702 2226 ob-

2052 2245 2334 2312 dormire,
2367 2245 2777 2322 fuerimusque
2807 2256 3096 2324 tanquam
3126 2255 3184 2310 in
3217 2271 3403 2328 specu
3430 2257 3702 2330 quadam

2053 2334 2114 2389 in
2145 2337 2427 2407 praesenti
2475 2337 2689 2409 sepulti
2739 2341 2980 2407 saeculo,
3022 2342 3230 2411 aderit,
3273 2345 3378 2417 qui
3431 2351 3519 2401 est
3558 2347 3702 2418 vita,

2055 2424 2689 2499 Christus,magnaque
2704 2430 3190 2500 evangelicorum
3202 2433 3706 2492 documentorum

2054 2528 2200 2568 voce
2231 2513 2554 2570 clamabit:
2594 2517 2794 2574 Venite
2811 2520 2982 2588 foras
3001 2521 3048 2554 "
3079 2536 3116 2576 a
3137 2522 3337 2578 saeculi
3357 2530 3585 2592 morte;
3617 2529 3706 2580 at-

2055 2619 2173 2674 que
2195 2608 2259 2658 ut
2277 2603 2393 2660 alio
2415 2605 2684 2677 quodam
2702 2607 2834 2664 loco
2855 2609 3264 2682 dicit,Surgite
3274 2628 3475 2669 eamus
3489 2615 3703 2685 hinc”,

2055 2706 2166 2746 nos
2202 2691 2343 2748 inde
2393 2695 2773 2768 transferens,
2808 2703 2988 2770 atque
3035 2714 3070 2754 a
3102 2700 3304 2756 saeculi
3336 2708 3526 2758 morte
3564 2703 3707 2758 edu—

2057 2795 2240 2846 cens;
2275 2797 2344 2836 ac
2371 2784 2570 2837 statim
2617 2801 2647 2839 e
2699 2786 2920 2840 saeculo
2974 2787 3373 2856 egrediemur,
3415 2791 3706 2863 nulloque

2055 2869 2410 2940 prohibente
2432 2872 2512 2926 ad
2536 2873 2721 2928 vitam
2751 2875 3181 2945 procedemus,
3214 2879 3454 2932 tametsi
3486 2879 3704 2935 institis

2056 2955 2429 3029 ligari,quod
2453 2960 2714 3016 maxime
2735 2977 2962 3016 novum
2992 2978 3062 3018 ac
3091 2962 3430 3020 inauditum
3453 2983 3466 3033 ;
3486 2981 3707 3039 nempe

293 3067 430 3106 sum
471 3049 808 3106 Dominum
859 3064 986 3102 esse
1037 3048 1140 3120 qui
1193 3047 1452 3103 custodit
1478 3047 1762 3119 parvulos
1784 3049 1852 3118 ¹“¹,
1879 3065 1949 3105 ac
1980 3074 2020 3128 ρ
2059 3045 2239 3099 etiam
2269 3047 2466 3101 carnis
2517 3048 2771 3103 vinculis
2825 3049 3088 3105 astricti:
3119 3051 3197 3106 ab
3235 3067 3306 3108 eo
3337 3054 3495 3109 enim
3540 3055 3709 3126 quod

294 3155 476 3212 quem
511 3136 708 3194 David
729 3136 1094 3191 vaticinatus
1125 3139 1216 3191 est
1238 3135 1558 3208 perfecisse
1588 3135 1835 3192 laudem
1882 3153 1954 3193 ex

292 3245 393 3284 ore
448 3227 782 3284 infantium
839 3230 895 3281 et
942 3225 1389 3294 lactentium";
1443 3225 1759 3281 Zacharias
1812 3243 1954 3283 vero

285 3318 482 3374 Sionis
521 3319 753 3385 Regem
785 3313 1085 3386 prmdixit,
1108 3318 1496 3370 mansuetum
1523 3319 1579 3369 et
1600 3314 1951 3388 salvantem,

284 3397 351 3462 ac
393 3405 503 3480 qui
559 3403 755 3461 asello
806 3403 1060 3458 vehatur
1087 3405 1152 3456 ¹⁹.
1205 3405 1352 3459 Cum
1403 3401 1560 3458 enim
1621 3402 1843 3458 Scriba;
1901 3409 1958 3460 et

285 3493 572 3551 Pharisaei
602 3492 887 3547 velamen
940 3489 1106 3547 cordi
1143 3490 1498 3563 impositum
1530 3492 1600 3556 1°,
1634 3490 1782 3546 dum
1814 3507 1955 3563 pro-

285 3585 480 3656 pheta:
504 3597 578 3638 ac
601 3583 797 3636 Moses
814 3578 1415 3650 leguntur,habeant,
1431 3594 1500 3634 ac
1513 3578 1742 3634 clavem
1772 3581 1958 3636 scien-

286 3673 377 3728 tiae
405 3676 690 3728 tenentes
721 3668 953 3725 nedum
985 3667 1097 3741 ipsi
1131 3684 1255 3723 non
1296 3667 1732 3737 ingrediantur,
1762 3669 1869 3725 sed
1903 3675 1959 3726 et

288 3761 522 3834 ingredi
542 3758 819 3815 volentes
847 3757 1210 3830 prohibeant
1229 3759 1300 3824 ²¹,
1326 3757 1644 3813 infantium
1667 3773 1793 3826 ora,
1820 3774 1958 3831 quae

289 3850 358 3907 de
383 3850 626 3907 Christo
659 3850 822 3916 sunt,
851 3846 1149 3902 vaticiniis
1179 3845 1534 3919 promendis
1559 3845 1858 3912 laxantur,
1889 3864 1959 3904 ac

289 3940 511 4013 quibus
545 3937 774 4006 lingua:
820 3951 966 3989 usus
1009 3941 1284 4005 negatus,
1330 3934 1504 4008 pueri
1533 3933 1957 4005 balbutientes,

294 4027 743 4101 Scripturarum
761 4023 1026 4081 obscura
1037 4023 1472 4079 dilucidissime
1485 4023 1812 4093 explanant
1827 4044 1840 4092 ;
1855 4024 1960 4081 do-

295 4122 553 4190 centque
602 4112 826 4169 surdos
871 4116 1176 4184 parentes,
1224 4128 1292 4167 ac
1335 4111 1440 4183 qui
1479 4127 1647 4167 more
1676 4113 1958 4184 aspidum

298 4220 473 4262 aures
524 4203 819 4260 obturant
848 4203 916 4254 ³³.
953 4201 1115 4257 Docti
1148 4217 1185 4256 a
1216 4203 1335 4256 Deo
1362 4201 1550 4273 pueri,
1579 4206 1820 4274 sumpto
1853 4202 1960 4259 Da-

292 4294 487 4350 vidico
545 4291 860 4364 psalterio,
890 4289 1199 4362 lectisque,
1232 4305 1370 4362 quae
1421 4288 1538 4344 sint
1583 4295 1727 4362 apta
1780 4294 1958 4362 atque

294 4385 655 4452 congruant,
679 4381 812 4451 ejus
829 4377 1099 4444 canticis,
1132 4377 1327 4433 Solem
1343 4377 1589 4448 justitiae
1619 4377 1958 4450 aquilarum

293 4469 460 4524 visus
484 4469 768 4526 acumine
791 4466 950 4523 clare
972 4465 1366 4539 prospiciunt,
1388 4480 1458 4520 ac
1479 4465 1828 4537 parentibus
1848 4466 1952 4538 qui

303 4561 473 4612 acute
501 4571 749 4613 cernere
796 4553 1009 4619 nolint,
1042 4567 1154 4608 nec
1193 4553 1405 4626 aquilae
1436 4552 1751 4624 juventute
1780 4569 1954 4610 reno-

296 4650 523 4713 ventur,
541 4645 651 4700 sed
666 4644 879 4700 litterae
897 4645 1196 4699 vetustate
1218 4643 1553 4712 caecutiant,
1574 4642 1952 4715 adaperiunt:

291 4733 612 4797 Hosanna,
655 4732 857 4799 aiunt;
901 4729 1261 4786 Benedictus
1290 4732 1397 4803 qui
1434 4731 1594 4786 venit
1626 4732 1690 4786 in
1719 4733 1958 4789 nomine

292 4824 555 4894 Domini,
599 4823 724 4879 Rex
770 4821 969 4877 Israel
991 4819 1064 4874 ³³.
1091 4819 1204 4875 Vix
1242 4835 1366 4876 non
1393 4819 1582 4890 digito
1620 4823 1960 4878 monstrant

290 4911 593 4982 infantes,
655 4915 840 4984 atque
897 4908 1215 4982 predicant
1268 4909 1463 4966 Sionis
1529 4911 1748 4979 Regem
1805 4925 1955 4978 esse,

291 5007 692 5058 mansuetum
711 4999 885 5056 illum
913 5013 985 5054 ac
1017 4996 1374 5054 salvantem.
1409 4997 1576 5054 Idem
1607 4998 1768 5054 enim
1797 4997 1960 5056 valet

291 5093 600 5160 Hosanna,
634 5105 726 5155 ac,
764 5091 980 5156 Salva,
1016 5101 1234 5158 quaeso.
1270 5087 1440 5144 Haud
1469 5093 1670 5143 tamen
1701 5087 1960 5144 miracu-

291 5179 412 5238 lum
456 5183 521 5238 in
573 5194 804 5254 pueros
853 5176 1151 5233 convertit
1191 5177 1296 5249 qui
1333 5175 1740 5232 incircumcisi
1769 5177 1962 5233 cordi-

1094 5334 1139 5369 ⁸³
1170 5333 1312 5393 Luc.
1370 5351 1490 5403 vni,
1521 5337 1608 5391 54.

1161 5405 1207 5440 ¹⁹
1240 5406 1416 5464 Zach.
1461 5423 1536 5476 1x,
1583 5410 1634 5462 9.

361 5343 404 5376 "
433 5341 596 5398 Psal.
626 5353 887 5401 Lxxxvn,
929 5337 1010 5391 ll.

292 5428 426 5485 ων,
451 5419 502 5471 6.
590 5413 639 5448 ¹³
673 5409 834 5485 Psal.
870 5407 1078 5485 v1u,__3.

1686 5336 1732 5370 ¹¹ο
1762 5335 1898 5390 Luc.
1932 5351 2029 5406 vn,
2080 5337 2165 5391 14.

1714 5408 1761 5441 ²⁰
1791 5406 1838 5461 II
1888 5406 2020 5461 Cor.
2071 5421 2151 5475 ιιι,
2181 5411 2290 5475 15.

2063 3137 2150 3188 est
2177 3133 2399 3189 vincire
2429 3135 2722 3203 animam,
2749 3139 2952 3194 Graeca
2980 3154 3129 3194 voce
3157 3135 3321 3212 δέμας
3365 3143 3462 3211 (ac
3505 3143 3550 3198 si
3585 3143 3709 3202 vin-

2064 3221 2265 3277 culum
2291 3222 2478 3294 dicas)
2507 3225 2878 3297 sapientibus
2904 3243 3125 3300 corpus
3171 3235 3582 3303 nuncupatur.
3617 3232 3710 3288 Ni-

2063 3309 2146 3365 hil
2166 3314 2368 3366 tamen
2395 3311 2542 3367 illud
2573 3318 2753 3384 vetat,
2793 3314 2942 3387 quin
2971 3317 3185 3373 mundi
3230 3318 3413 3390 hujus
3451 3326 3710 3378 mortem

2065 3395 2364 3454 afferentis
2383 3401 2820 3458 necessitudine
2836 3403 3375 3472 excedamus,dum
3391 3408 3587 3464 solum
3602 3413 3711 3466 Do-

2065 3487 2212 3542 mini
2265 3503 2477 3543 vocem
2518 3489 2912 3559 audierimus,
2958 3497 3137 3566 atque
3184 3495 3265 3551 ad
3313 3495 3515 3568 ipsum
3546 3503 3714 3555 extra

2066 3582 2265 3631 castra
2291 3592 2604 3647 exeamus,
2636 3579 2796 3635 velut
2823 3581 2926 3653 qui
2979 3588 3328 3639 manentem
3374 3585 3470 3641 hic
3515 3585 3715 3642 civita-

2065 3669 2207 3734 tem,
2238 3671 2304 3721 ut
2330 3666 2572 3722 divinus
2602 3670 2923 3740 Apostolus
2968 3670 3232 3744 loquitur
3249 3673 3317 3740 3°,
3343 3689 3469 3730 non
3493 3673 3719 3731 habea-

2065 3769 2223 3818 mus,
2246 3769 2357 3809 nec
2384 3755 2522 3811 vitae
2547 3758 2902 3828 reparandae
2933 3775 3103 3831 spem
3135 3759 3517 3830 abjiciamus,
3545 3761 3642 3816 vel
3667 3761 3717 3818 si

2065 3843 2278 3898 mundi
2296 3843 2543 3899 libidine
2565 3845 2953 3916 quatriduani
2969 3846 3246 3902 faetemus
3271 3865 3283 3915 ;
3303 3847 3408 3919 qui
3427 3848 3716 3904 nimirum

2066 3937 2326 4003 quatuor
2347 3938 2569 4004 aetates,
2587 3935 2925 4005 pueritiam,
2948 3935 3442 4006 adolescentiam,
3459 3936 3712 4005 virilem,

2066 4037 2136 4078 ac
2176 4025 2543 4076 senectutem
2573 4023 2790 4077 mortui
2816 4025 3142 4093 egerimus,
3186 4029 3369 4097 atque
3399 4025 3475 4081 ad
3518 4025 3716 4098 ipsam

2065 4109 2528 4166 dissolutionem
2578 4111 2923 4166 venerimus
2960 4129 2974 4167 :
3031 4113 3258 4186 quippe
3298 4114 3561 4171 Christus
3610 4111 3716 4187 qui

2066 4197 2284 4254 mortui
2309 4197 2428 4252 sint
2451 4197 2682 4254 delictis
2701 4199 2746 4234 *ι
2777 4201 3068 4256 suscitare
3097 4200 3282 4258 novit.
3335 4202 3429 4259 Ad
3470 4203 3598 4259 haec
3622 4203 3718 4276 jue

2064 4285 2250 4342 menti
2271 4284 2536 4341 indolem
2571 4286 2738 4359 apud
2760 4286 3129 4345 Salvatorem
3162 4289 3388 4348 Davide
3406 4297 3649 4348 auctore
3667 4284 3715 4327 3*

1989 4413 2035 4474 Β
2065 4375 2410 4443 induamus,
2440 4379 2507 4430 ut
2535 4391 2762 4448 pompa
2786 4392 2897 4448 pro
2927 4377 3105 4434 nobis
3134 4379 3428 4436 adversus
3460 4386 3716 4437 mortem

2069 4463 2494 4536 procedentem
2517 4466 2720 4536 ipsum
2750 4466 3064 4522 vehamus.
3093 4469 3442 4525 Sternamus
3470 4471 3521 4526 ei
3539 4469 3715 4526 vesti-

2059 4557 2284 4619 menta,
2315 4567 2536 4624 nempe
2579 4568 2823 4609 carnem
2872 4555 3106 4627 spiritui
3151 4556 3558 4629 subjicientes,
3608 4558 3717 4614 hu-

2062 4640 2373 4697 militatem
2389 4641 2682 4697 colamus.
2694 4642 2750 4699 Si
2769 4643 3031 4699 necdum
3047 4643 3184 4702 licet
3197 4645 3259 4701 in
3278 4645 3524 4702 arbores
3542 4646 3718 4716 juxta

2066 4735 2366 4804 aquarum
2420 4733 2612 4788 exitus
2665 4734 2931 4790 consitas
2951 4735 3021 4801 ³³,
3077 4739 3227 4808 puta
3267 4735 3559 4808 palmam,
3611 4733 3718 4792 aut

2066 4818 2309 4875 cedrum
2344 4819 2572 4892 Libani,
2600 4820 2724 4877 sive
2750 4821 2973 4878 olivam
2999 4821 3368 4880 fructiferam
3391 4822 3716 4900 (cujusmos

2067 4907 2130 4964 di
2154 4908 2335 4965 arbor
2363 4909 2472 4964 Job
2524 4908 2621 4965 ille
2649 4911 2846 4982 justus
2893 4917 3042 4982 erat,
3088 4911 3436 4983 cujusmodi
3478 4911 3717 4969 divinus

2067 4993 2259 5054 David
2279 4996 2624 5054 adolescere
2659 5014 2674 5053 :
2706 4998 2803 5054 vel
2827 5015 3031 5056 ramos
3054 5001 3126 5057 ex
3143 5002 3365 5057 sanctis
3392 4995 3506 5058 illis
3537 5001 3717 5058 arbo-

2066 5085 2254 5154 ribus,
2283 5085 2574 5142 virtutum
2625 5086 2848 5143 scilicet
2877 5087 3158 5157 stolones,
3191 5089 3415 5161 quibus
3457 5089 3542 5146 illi
3593 5105 3718 5145 sca-

2067 5181 2257 5233 tentes
2301 5175 2746 5245 eluxuriabant,
2778 5175 3084 5247 tollamus,
3115 5177 3456 5252 plausuque
3477 5179 3717 5236 venien-

3489 5337 3530 5372 ¹⁷
3563 5333 3714 5392 Psal.

3479 5407 3529 5440 ³⁸
3556 5404 3715 5461 Psal.

2246 5335 2292 5370 ³⁵
2335 5333 2491 5390 Psal.
2543 5351 2740 5402 vaui,
2781 5340 2862 5393 15.

2368 5407 2415 5441 ²¹
2466 5407 2605 5462 Luc.
2639 5422 2699 5474 ιι,
2743 5410 2834 5462 52.

2942 5337 2987 5372 ¹⁶
3007 5337 3184 5392 Joau.
3210 5351 3284 5403 ιιι,
3320 5341 3409 5392 29.

2909 5408 2958 5442 ³⁸
2997 5406 3152 5463 Psal.
3184 5422 3316 5476 Lvn,
3351 5411 3402 5463 5.

288 5465 502 5554 ags."
535 5487 585 5520 ιι
621 5465 833 5542 usus.
866 5465 1120 5554 an.“
1145 5477 1197 5554 ’ξ
1226 5480 1340 5554 ise.
1376 5465 1621 5554 1.5-,1“
1653 5478 1793 5554 (ξρετε
1820 5492 1947 5554 xw

2055 5481 2094 5534 ί.
2135 5465 2149 5475 ’
2172 5473 2216 5511 ’⁷
2253 5475 2408 5535 Psal.
2437 5491 2625 5548 Lxxix,
2653 5465 2706 5532 9'.
2784 5477 2833 5512 ³³
2855 5465 3027 5534 Joan.
3056 5492 3123 5548 ιι,
3146 5479 3240 5534 44.
3299 5465 3364 5512 ’³ο
3395 5477 3572 5533 Joan.
3598 5485 3716 5536 ιινό

1075 5547 1123 5582 ⁸⁸
1158 5547 1384 5605 Coloss.
1405 5564 1466 5618 ιι,
1500 5551 1586 5604 13.

285 5553 371 5615 3t.
449 5555 712 5616 "Hebr.
749 5565 881 5622 xm,
909 5553 998 5605 13.

1663 5547 1712 5584 ⁸³
1748 5546 1910 5605 Psal.
1939 5565 1979 5619 ι,
2009 5551 2068 5604 3.
