4126 6272
525 255 629 314 327

523 384 642 437 tem
669 377 1055 453 accipientes,
1099 377 1390 439 Salvatori
1435 379 1904 454 praetendamus.
1954 375 2011 434 Si
2048 375 2168 430 fue-
2196 375 2243 430 A
2284 373 2642 445 loquebatur
2691 376 2774 433 ad
2823 377 3023 434 eos“:

521 467 711 525 rimus
736 468 881 541 justi
917 469 1219 535 homines,
1259 484 1524 538 veraces,
1587 469 1713 526 sine
1755 466 2026 534 crimine,
2068 463 2168 520 Dei

523 555 893 626 cultores,ab
914 558 1083 615 omni
1113 574 1176 615 re
1194 557 1356 616 mala
1384 574 1496 615 nos
1522 557 1911 625 abstinentes,
1936 555 2019 611 sic
2037 552 2168 610 Jobi

522 659 690 703 more
710 647 758 682 ³⁸
787 646 1064 720 perfecta
1094 647 1500 704 exstiterimus
1545 646 1811 718 arbores,
1861 645 1967 718 qui
1992 641 2167 699 nimi-

521 750 658 792 rum
673 739 739 792 ut
755 735 1027 793 sublimis
1040 736 1449 810 frondosaque
1465 736 1669 809 palma
1682 734 1956 800 efﬂoruit;
1971 732 2170 790 aiebat

523 823 685 880 enim
733 824 857 881 fore
899 828 963 880 ut
1005 829 1342 882 senesceret
1385 829 1531 882 atas
1563 841 1692 893 sua,
1725 824 1877 880 sicut
1922 827 2167 879 truncus

522 912 778 984 palma:
817 928 1149 986 rursusque
1181 913 1405 970 erimus
1442 913 1527 970 uti
1576 913 1762 970 David
1810 911 1969 969 oliva
2013 911 2166 967 fruc-

522 1000 692 1058 tifera
720 1001 788 1069 ⁸⁵,
818 1001 868 1057 si
888 1001 1018 1073 ejus
1051 1003 1270 1075 pariter
1294 1002 1683 1071 fortitudinis,
1716 1018 1787 1058 ac
1818 1005 2166 1057 mansuetu-

521 1089 678 1146 dinis
709 1091 1088 1148 amulatores
1114 1092 1422 1164 fuerimus,
1448 1108 1570 1165 quo
1600 1093 1688 1148 vir
1709 1091 1874 1148 cordi
1897 1091 2162 1164 placens,

522 1191 714 1252 exque
745 1179 871 1250 ejus
905 1181 1175 1236 moribus
1224 1197 1260 1237 a
1308 1183 1424 1238 Deo
1472 1181 1870 1238 inveniamur.
1905 1179 2074 1246 Quod
2118 1177 2167 1233 si

521 1273 728 1325 nostra
749 1269 994 1340 segnitie
1021 1285 1144 1326 non
1173 1286 1499 1342 possumus
1521 1287 1766 1327 omnem
1786 1269 2024 1325 illorum
2050 1267 2164 1322 vir-

521 1361 710 1413 tutem
768 1358 1009 1423 imitari,
1080 1360 1256 1416 ﬂores
1314 1359 1469 1428 illos,
1535 1360 1836 1416 fructuum
1903 1358 2163 1431 copiam,

519 1446 895 1518 patientiam,
913 1447 1192 1504 laborum
1215 1448 1672 1517 certamina,vel
1693 1447 1932 1505 Davidis
1956 1447 2166 1504 saltem

519 1537 1066 1608 mansuetudinem,
1097 1541 1202 1593 aut
1230 1537 1594 1594 modestiam
1620 1538 1892 1594 colamus
1923 1539 1992 1606 ³⁸,
2021 1553 2169 1610 qua-

521 1627 694 1680 tenus
725 1625 908 1681 etiam
941 1641 1006 1681 se
1035 1641 1324 1694 vermem,
1357 1642 1482 1683 non
1529 1643 1667 1684 vero
1721 1626 2029 1684 hominem
2061 1642 2164 1698 ap-

1407 253 1773 314 MICHAELIS
1809 246 2195 311 ACOMINATI
2230 242 2672 307 ATHENARUM
2707 248 3035 309 ABGHIEP.
3822 251 3922 310 328

3068 387 3181 432 nec
3225 370 3382 431 velut
3429 371 3512 429 illi
3558 371 3640 430 dii
3692 388 3920 446 sumus,

2277 477 2473 537 neque
2497 463 2602 522 filii
2625 465 2856 522 Excelsi
2875 467 2958 533 ‘6;
2988 464 3093 522 sed
3124 464 3278 520 sicut
3295 461 3571 520 homines
3611 463 3920 534 morimur,

2278 556 2334 610 et
2367 555 2518 611 sicut
2574 571 2732 612 unus
2770 573 2802 612 e
2851 555 3228 630 principibus
3257 553 3550 611 cadimus.
3593 555 3752 609 Vera
3798 554 3921 611 hac

2276 643 2507 715 obiicis,
2539 661 2572 702 ο
2597 647 2795 714 bone;
2828 661 2898 704 ac
2929 661 3041 702 nos
3072 644 3341 718 quidem,
3375 643 3589 716 inquit,
3633 643 3782 700 tales
3826 660 3920 700 su-

2276 749 2450 802 mus;
2501 739 2566 790 tu
2612 751 2750 792 vero
2797 735 2958 792 unde
2995 733 3170 791 nobis
3208 749 3401 790 novus
3437 736 3681 805 repente
3720 731 3921 790 Daniel

2275 828 2439 880 ortus
2469 827 2558 881 est
2577 823 2661 878 ‘7?
2681 825 2818 892 Quis
2852 825 2958 882 tibi
2990 823 3434 898 presbyterium
3463 821 3650 888 dedit,
3681 826 3746 879 ut
3768 823 3918 896 judi-

2275 913 2442 969 cibus
2467 913 2762 984 judicium
2806 930 3022 988 ponas,
3057 930 3128 971 ac
3177 913 3480 970 illumines
3522 911 3786 983 oculum,
3819 911 3922 984 qui

2276 1016 2404 1074 pes,
2428 1008 2530 1059 aut
2556 1018 2796 1071 manus,
2823 1003 2914 1060 vel
2953 1003 3117 1060 auris
3147 1002 3415 1070 exsistas,
3449 1005 3628 1074 atque
3668 999 3794 1057 ovis
3823 1015 3924 1072 pa-

2275 1095 2495 1147 storem
2517 1107 2735 1165 pascas
2757 1108 2827 1149 ac
2851 1108 3048 1163 regas,
3076 1091 3425 1163 doctorique
3447 1089 3776 1163 discipulus
3793 1104 3924 1146 san-

2276 1179 2400 1236 cias
2420 1180 2448 1235 ?
2469 1196 2729 1253 quorum
2778 1181 3025 1238 leonum
3055 1196 3161 1238 ora
3189 1180 3494 1237 frenasti“
3516 1180 3544 1235 ?
3574 1178 3748 1250 cujus
3789 1178 3923 1235 dra-

2276 1269 2465 1334 conis,
2495 1269 2622 1324 sine
2655 1284 2802 1325 saxo
2841 1284 2913 1325 ac
2956 1269 3109 1325 fuste
3153 1269 3422 1324 medium
3470 1272 3738 1323 ventrem
3767 1265 3926 1322 diru-

2275 1357 2414 1429 pisti
2433 1359 2478 1394 ‘9
2497 1358 2525 1413 ?
2547 1359 2835 1424 Quanam
2858 1357 2964 1414 tibi
2979 1357 3313 1414 futurorum
3334 1355 3593 1412 revelata
3609 1355 3926 1428 mysteria?

2276 1446 2430 1503 Proh
2459 1446 2806 1511 caecitatem,
2834 1462 2958 1519 qua
2987 1446 3279 1502 festucam
3319 1445 3379 1501 in
3407 1445 3602 1500 fratris
3632 1444 3811 1500 oculo
3851 1444 3927 1500 vi-

2275 1536 2406 1604 des,
2438 1551 2550 1593 nec
2580 1535 2642 1592 in
2674 1542 2727 1592 te
2766 1536 3099 1592 maximam
3126 1534 3354 1591 trabem
3386 1533 3645 1590 advertis
3666 1533 3747 1589 50!
3798 1536 3926 1590 Non

2277 1641 2490 1680 sumus
2528 1623 2786 1695 Samuel,
2820 1640 3018 1696 neque
3055 1631 3281 1691 Aaron;
3333 1638 3530 1696 neque
3573 1623 3734 1678 enim
3776 1622 3929 1678 sicut

518 1710 783 1784 pellabat
806 1714 874 1748 ³⁶⁶
905 1729 918 1769 :
959 1713 1054 1770 vel
1080 1730 1278 1771 mores
1321 1716 1609 1788 paciﬁcos
1636 1732 1774 1772 cum
1799 1717 1894 1784 iis,
1926 1717 2030 1788 qui
2057 1730 2162 1788 pa-
2193 1725 2233 1781 Β
2271 1713 2353 1771 illi
2371 1713 2473 1769 Dei
2499 1713 2842 1771 testimonia
2867 1713 3338 1778 custodimus,et
3363 1710 3652 1768 mandata
3668 1710 3772 1768 Dei
3789 1726 3927 1784 qua

519 1813 650 1857 cem
671 1801 926 1858 oderunt
947 1802 1015 1869 ³⁷,
1035 1803 1306 1860 animum
1329 1804 1474 1860 nihil
1494 1804 1850 1876 injuriarum
1866 1810 2162 1869 tenacem,

516 1889 841 1956 lenitatem,
873 1907 1207 1966 rursusque
1245 1894 1378 1951 Jobi
1415 1894 1476 1951 in
1510 1893 1938 1951 tentationibus
1975 1895 2162 1952 invic-

517 1983 642 2036 tam
667 1980 1092 2049 constantiam,
1122 1981 1375 2040 liberare
1396 1999 1727 2056 pauperem
1758 1983 1833 2041 de
1855 2001 2042 2041 manu
2061 2000 2166 2058 po-

515 2068 712 2137 tentis,
728 2069 1025 2142 pupillum
1041 2070 1256 2142 juvare
1278 2073 1373 2128 cui
1393 2073 1545 2129 desit
1564 2074 1636 2129 ad
1640 2071 1803 2144 jutor
1823 2075 1893 2142 3‘,
1915 2073 2165 2130 induere

510 2157 825 2228 justitiam,
853 2173 925 2215 ac
954 2163 1245 2231 tanquam
1273 2159 1540 2233 diploide
1571 2176 1633 2217 se
1660 2162 1868 2218 vestire
1893 2162 2160 2233 judicio;

514 2245 760 2303 oculum
791 2262 920 2303 esse
973 2263 1294 2317 cacorum,
1328 2249 1684 2306 claudorum
1709 2251 1950 2322 pedem,
1998 2251 2163 2307 inva-

512 2333 769 2391 lidorum
799 2340 1056 2408 patrem.
1085 2339 1307 2394 Harum
1353 2337 1641 2395 virtutum
1685 2355 1871 2411 opera
1911 2339 1961 2394 si
2000 2340 2164 2396 exhi-

513 2421 848 2491 buerimus,
881 2439 952 2480 ex
984 2425 1308 2482 arboribus
1341 2441 1376 2482 a
1408 2429 1526 2483 Deo
1549 2427 1692 2483 satis
1717 2445 1919 2485 ramos
1949 2428 2166 2485 excidi-

513 2527 676 2579 mus,
708 2527 779 2568 ac
800 2511 1124 2568 Salvatoris
1156 2513 1348 2570 cultus
1371 2515 1770 2586 gestavimus.

584 2599 676 2657 Ad
705 2600 834 2657 hac
875 2616 988 2657 nos
1029 2618 1066 2657 a
1121 2603 1296 2659 malis
1352 2602 1800 2662 abstineamus:
1844 2605 2164 2664 infantium

514 2687 958 2761 simplicitatem
1004 2689 1325 2762 imitemur,
1362 2693 1575 2748 talium
1615 2695 1770 2750 enim
1801 2700 1882 2750 est
1914 2710 2163 2766 regnum

513 2777 799 2835 calorum
813 2779 880 2834 ³ο.
903 2781 984 2835 Ex
1004 2779 1223 2836 horum
1254 2781 1433 2838 etiam
1449 2797 1550 2838 ore
1567 2798 1730 2838 nunc
1745 2786 1899 2840 Deus
1917 2783 2161 2840 laudem

511 2867 773 2940 perfecit.
811 2868 868 2926 Si
900 2869 1169 2926 Ecclesia
1191 2869 1348 2926 tilius
1369 2871 1785 2936 es,humiliare
1807 2875 1957 2930 sicut
1986 2874 2152 2931 abla-

511 2960 704 3013 ctatus
735 2973 918 3031 super
941 2963 1130 3015 matre
1170 2976 1281 3016 sua
1303 2960 1368 3014 ‘0.
1389 2960 1515 3017 Noli
1562 2961 1804 3018 malitia
1836 2963 2061 3019 harere
2093 2979 2163 3019 ac

2273 1802 2440 1859 dedit
2454 1802 2629 1859 nobis
2647 1819 2658 1856 :
2677 1817 2800 1859 non
2824 1807 3026 1859 tamen
3051 1807 3370 1875 propterea
3385 1800 3490 1874 qui
3505 1815 3630 1858 non
3651 1814 3924 1873 spernas,

2274 1909 2380 1949 seu
2408 1892 2556 1949 alias
2580 1891 2835 1964 judices,
2857 1890 3287 1964 justiticaberis
3312 1909 3324 1960 ;
3347 1895 3469 1962 aut,
3485 1889 3653 1962 quod
3681 1889 3930 1946 misera-

2271 1981 2516 2050 bilius,a
2534 1997 2719 2054 pana
2732 1980 3020 2037 immunis
3037 1980 3170 2044 eris,
3188 1979 3407 2053 partim
3427 1978 3678 2035 docente
3696 1977 3930 2034 Christo

2273 2077 2338 2128 ut
2382 2087 2516 2143 qua
2566 2070 2772 2126 dicunt
2820 2071 3164 2125 sacerdotes
3208 2067 3503 2140 sequaris,
3543 2082 3741 2140 neque
3791 2081 3932 2140 qua

2272 2159 2772 2230 aguntcuriosius
2790 2157 3060 2231 inquiras
3081 2159 3124 2193 εί
3155 2173 3168 2223 ;
3194 2157 3416 2230 partim
3438 2160 3719 2213 monente
3741 2155 3930 2212 Paulo

2277 2253 2340 2304 ut
2358 2247 2694 2320 praepositis
2714 2245 2989 2314 obedias,
3003 2262 3072 2303 ac
3092 2245 3204 2302 illis
3231 2244 3542 2316 subjectus
3559 2245 3640 2300 sis
3661 2258 3674 2311 ;
3692 2244 3925 2318 quippe

2273 2338 2378 2410 qui
2397 2337 2644 2407 vigilent
2665 2341 2958 2409 tanquam
2988 2335 3284 2392 rationem
3317 2351 3429 2407 pro
3459 2334 3786 2391 animabus
3822 2348 3930 2390 no-

2275 2427 2412 2483 stris
2438 2426 2726 2483 reddituri
2745 2427 2813 2481 ⁵³.
2833 2425 3036 2495 Vides,
3061 2425 3267 2496 jussus
3287 2425 3415 2498 ipse
3436 2441 3572 2482 sum
3597 2429 3661 2481 ut
3685 2424 3929 2496 vigilem

2273 2532 2344 2572 ac
2369 2533 2504 2588 qua
2533 2521 2583 2572 te
2615 2514 3269 2588 spectant,diligentius
3294 2519 3543 2585 scruter,
3570 2513 3729 2570 velut
3748 2514 3930 2571 ratio-

2273 2620 2412 2661 nem
2451 2621 2562 2678 pro
2611 2610 2665 2661 te
2714 2603 3057 2660 redditurus
3091 2619 3104 2673 ;
3149 2618 3271 2660 non
3305 2603 3410 2660 tibi
3451 2607 3830 2676 praceptum
3867 2606 3932 2658 ut

2273 2695 2519 2750 easdem
2539 2694 2600 2750 in
2621 2709 2719 2750 me
2741 2697 2942 2766 partes
2967 2691 3341 2764 exsequaris.
3363 2693 3510 2763 Lege
3524 2692 3929 2748 mihicautum

2276 2790 2338 2840 ut
2357 2783 2565 2857 populi
2594 2784 2824 2856 lepram
2846 2783 3190 2855 dispiciam,
3215 2798 3286 2838 ac
3308 2781 3414 2854 qui
3430 2781 3544 2838 hac
3576 2781 3930 2852 agritudine

2271 2872 2504 2929 laboret
2532 2872 2628 2928 vel
2649 2872 2968 2943 mundum,
2989 2871 3084 2928 vel
3105 2870 3488 2927 immundum
3511 2870 3924 2943 pronuntiem:

2272 2978 2454 3036 parce
2473 2962 2651 3033 igitur
2675 2961 2972 3032 dignitati,
2995 2962 3168 3034 eique
3194 2960 3591 3017 reverentiam
3609 2956 3928 3030 habe,qua

512 3047 830 3119 superbia,
858 3048 1074 3104 nutrici
1100 3048 1160 3104 in
1179 3048 1389 3122 spiritu
1415 3049 1674 3106 adhare.
1694 3053 1996 3117 Quorsum
2019 3068 2158 3110 cum
2200 3077 2240 3133 ο
2276 3051 2570 3107 Aaronico
2597 3067 2668 3106 ac
2697 3050 2992 3107 Samuelis
3023 3049 3356 3106 sacerdotio
3389 3054 3568 3121 atque
3598 3047 3810 3104 ordine
3836 3060 3933 3102 ve-

511 3135 630 3193 Deo
660 3151 916 3208 pugnas,
935 3137 1038 3210 qui
1063 3138 1352 3194 adversus
1381 3139 1589 3195 Christi
1611 3155 1901 3211 sponsam
1931 3141 2169 3200 insania
2278 3141 2603 3197 nerabilior
2633 3143 2906 3198 exsistat.
2955 3140 3303 3197 Serviebant
3357 3139 3440 3196 illi
3488 3139 3719 3196 umbrae
3774 3137 3933 3194 futu-

510 3223 719 3280 feraris
737 3225 765 3279 ?
790 3226 1133 3282 Maledictio
1153 3231 1365 3284 matris
1386 3230 1540 3284 eruit
1561 3229 1966 3298 fundamenta
1991 3231 2167 3288 “.Sin

511 3317 714 3367 autem
733 3311 835 3368 illa
859 3313 1038 3369 etiam
1060 3313 1272 3370 Christi
1295 3331 1524 3387 sponsa
1545 3317 1715 3387 est,ej
1729 3333 1796 3372 us
1822 3317 2164 3376 maledictio

509 3400 659 3472 quid
687 3416 810 3456 non
840 3403 1192 3472 praestabit?
1230 3403 1358 3460 Noli
1395 3405 1498 3477 qui
1549 3420 1656 3477 per
1696 3406 2004 3477 baptisma
2051 3409 2152 3465 Dei

512 3487 670 3544 {ilius
699 3489 891 3546 factus
908 3505 991 3556 es,
1022 3491 1081 3545 in
1105 3491 1305 3562 vipere
1321 3493 1505 3548 fetum
1525 3493 1986 3560 demutari,eam
2007 3513 2164 3553 mor-

513 3577 758 3634 dentem
788 3593 858 3634 ac
875 3578 1227 3636 exedentem
1245 3596 1377 3652 quae
1400 3587 1454 3637 te
1481 3582 1771 3653 spirituali
1794 3589 1966 3655 partu
1987 3586 2164 3643 enixa

513 3671 632 3729 est;
660 3682 856 3740 neque
886 3667 1156 3738 ingratus
1198 3669 1687 3741 deprehendaris,
1711 3672 1815 3744 qui
1857 3673 2018 3730 velut
2048 3675 2161 3732 asi-

511 3768 627 3812 nus
656 3755 808 3812 lacte
839 3757 1131 3812 distentus
1169 3757 1231 3813 in
1277 3757 1546 3814 altricem
1599 3759 1888 3818 calcitres.
1929 3765 2164 3820 Terreat

511 3844 835 3917 ﬂagellum,
855 3861 978 3918 quo
1002 3845 1178 3919 plexo
1207 3847 1384 3904 hodie
1402 3847 2154 3923 Christus,contemptores,

510 3950 583 3991 ac
604 3936 704 4008 qui
719 3935 1111 4008 profanarent
1127 3936 1381 3992 domum
1399 3936 1709 4006 orationis,
1724 3938 2011 3995 caedendo
2025 3941 2161 3996 abe-

510 4023 595 4094 git
611 4023 679 4081 ".
702 4026 936 4080 Terreat
960 4028 1012 4080 te
1034 4024 1355 4096 proditoris
1375 4025 1568 4092 restis,
1593 4041 1666 4082 ne
1687 4031 1744 4082 et
1773 4027 1900 4099 ipse
1927 4027 1986 4083 in
2020 4045 2154 4086 eam

507 4111 760 4178 incidas,
813 4114 918 4184 qui
962 4112 1155 4169 locelli
1198 4131 1382 4172 causa
1446 4116 1802 4186 magistrum
1867 4117 2155 4188 tradidit;

509 4213 656 4255 neve
685 4200 892 4256 nefarii
917 4218 1124 4259 eorum
1149 4203 1377 4260 consilii
1403 4205 1604 4262 socius
1617 4205 1912 4276 efﬁci-aris,
1932 4207 2159 4280 quibus

509 4304 649 4344 cum
681 4288 905 4361 Caipha
934 4295 989 4346 et
1019 4292 1198 4348 Pilato
1224 4297 1528 4365 pastorem
1561 4300 1868 4366 percutere
1907 4313 1977 4352 ac
2009 4313 2152 4353 oves

509 4375 852 4448 dispergere
882 4381 1172 4436 convenit.
1204 4383 1495 4438 Hactenus
1529 4385 1690 4439 enim
1717 4384 1926 4440 omitto
1960 4385 2155 4441 dicere

509 4463 584 4520 de
611 4469 776 4533 Core,
809 4467 1062 4524 Datham
1083 4473 1140 4525 et
1165 4468 1408 4536 Abiron,
1433 4488 1694 4544 quorum
1736 4473 2019 4530 seditiosa
2045 4473 2152 4530 ad-

507 4570 712 4610 versus
731 4558 1030 4612 Aaronem
1051 4557 1248 4627 coitio,
1277 4558 1622 4617 dehiscente
1654 4566 1809 4619 terra
1839 4579 1909 4619 ac
1939 4562 2151 4620 absor-

506 4639 685 4701 bente
715 4645 980 4701 viventes
1004 4661 1141 4701 cum
1167 4646 1470 4704 familiain
1501 4647 1801 4708 infernum
1820 4651 2156 4711 detrusit“.

507 4731 625 4789 Nec
649 4734 780 4806 jam
806 4734 952 4792 mihi
1007 4735 1298 4792 Samuelis
1328 4737 1437 4793 erit
1475 4739 1719 4804 mentio,
1774 4741 1945 4812 cujus
1977 4737 2160 4813 spreti

504 4819 586 4892 inj
597 4825 790 4879 uriam
815 4824 876 4880 in
890 4822 1154 4896 seipsum
1170 4825 1323 4880 Deus
1346 4827 1729 4898 recepit.Non
1751 4830 1927 4896 enim,
1943 4828 2158 4902 inquit,

506 4912 560 4966 te
589 4918 961 4983 spreverunt,
976 4913 1082 4970 sed
1105 4928 1195 4971 me
1213 4914 1280 4969 νο.
1311 4918 1383 4970 At
1411 4929 1524 4972 nos
1545 4931 1742 4990 neque
1766 4917 2026 4986 Samuel,
2059 4934 2159 4976 ne-

506 5009 624 5068 que
649 5000 827 5072 Elias,
851 5016 1050 5074 neque
1067 5005 1265 5059 Aaron
1284 5019 1515 5076 sumus,
1531 5005 1635 5078 qui
1656 5006 2019 5064 invocabant
2037 5008 2153 5063 Do-

504 5087 754 5155 minam,
795 5095 850 5146 et
877 5089 999 5160 ipse
1024 5091 1382 5150 exaudiebat
1420 5107 1536 5166 eos,
1570 5098 1635 5152 in
1674 5096 1957 5153 columna
1981 5095 2158 5152 nubis

2277 3247 2504 3297 rorum,
2536 3245 2648 3287 nos
2687 3235 2888 3287 autem
2915 3229 3126 3286 Christi
3156 3229 3471 3286 sacerdotii
3509 3229 3796 3285 unctione
3835 3225 3935 3282 de-

2275 3317 2447 3375 libuti
2496 3336 2724 3375 sumus.
2761 3319 2903 3385 Quis
2951 3318 3168 3390 majori
3213 3318 3440 3390 Caipha
3479 3318 3935 3374 abominatione

2275 3408 2620 3478 habendus,
2652 3409 2758 3482 qui
2795 3408 3098 3465 Christum
3137 3407 3565 3464 condemnavit
3585 3406 3672 3463 53‘?
3703 3405 3806 3463 Ille
3843 3405 3930 3461 ni-

2273 3497 2602 3554 hilominus
2631 3498 2766 3554 talis
2797 3513 2906 3554 ceu
2945 3497 3213 3570 pontifex
3252 3497 3395 3554 anni
3424 3492 3580 3553 illius
3609 3493 3936 3569 prophetia

2273 3586 2564 3657 fungitur,
2597 3587 2872 3659 ceditque
2914 3585 3122 3655 lingua
3159 3585 3257 3642 illa
3302 3584 3541 3657 Spiritui
3599 3601 3926 3656 organum,

2273 3693 2411 3748 qua
2443 3677 2620 3732 morti
2671 3676 2971 3733 Christum
3003 3675 3252 3732 addixit.
3298 3675 3389 3732 Sic
3444 3677 3598 3731 Deus
3640 3675 3930 3732 sacerdo-

2275 3766 2421 3820 tium
2451 3765 2752 3822 honorare
2779 3764 2966 3833 novit,
2998 3768 3063 3820 ut
3110 3764 3240 3836 ejus
3272 3780 3458 3821 causa
3489 3763 3666 3820 etiam
3702 3761 3936 3838 Spiritu

2274 3851 2434 3910 aﬂlet
2458 3853 2562 3926 qui
2591 3853 2759 3924 impii
2800 3858 2966 3908 sunt:
3017 3856 3082 3908 tu
3110 3867 3252 3908 vero
3301 3868 3441 3908 cum
3470 3856 3523 3908 te
3553 3851 3798 3909 deceret
3828 3867 3932 3908 sa-

2273 3941 2607 3997 cerdotium
2636 3940 2934 4010 vereri,ac
2963 3948 3182 3997 nostra
3202 3940 3565 4013 propensius
3592 3937 3934 3996 inﬁrmitati

2270 4045 2558 4102 parcere;
2591 4044 2762 4084 secus
2811 4044 2953 4084 vero
2985 4027 3116 4099 ejus
3161 4029 3477 4084 occasione
3527 4044 3597 4084 ac
3636 4033 3936 4100 praetextu

2269 4120 2622 4175 inconcessa
2657 4117 2979 4190 prasumis
3017 4118 3256 4190 illisque
3293 4119 3493 4190 pueris
3525 4119 3936 4175 succenturia-

2269 4209 2368 4278 ris,
2397 4207 2500 4280 qui
2533 4207 2723 4263 Elisai
2770 4207 3009 4264 calvum
3061 4212 3246 4279 caput
3277 4207 3756 4278 subsannarunt,
3792 4223 3938 4263 cum

2269 4297 3118 4370 nescirent,quotquantisque
3133 4297 3469 4370 caputillud
3481 4297 3657 4354 donis
3676 4297 3940 4369 Spiritus

2271 4387 2671 4442 ornaretur“.
2725 4385 2875 4441 Vide
2917 4386 3118 4455 igitur,
3150 4402 3224 4441 ne
3279 4390 3343 4441 tu
3385 4403 3628 4459 quoque
3663 4386 3937 4441 ferarum

2267 4475 2476 4548 prada
2490 4474 2700 4544 factus,
2715 4474 2990 4532 doccaris
3018 4474 3327 4548 propheta
3345 4491 3467 4532 non
3485 4473 3941 4547 illudere,quod

2268 4564 2475 4636 glaber
2501 4565 2574 4621 sit
2620 4581 2691 4620 ac
2738 4563 2989 4636 depilis;
3040 4563 3338 4636 juvenum
3385 4565 3605 4622 scilicet
3641 4565 3938 4638 capillitio

2269 4670 2504 4724 carens,
2534 4653 2642 4710 sed
2669 4655 2942 4710 venerari
2964 4668 3035 4709 ac
3059 4653 3270 4725 colere,
3300 4655 3469 4728 quod
3497 4660 3713 4712 unctus
3747 4653 3936 4728 Spiri-

2272 4746 2367 4800 tus
2389 4748 2496 4809 est,
2524 4742 2690 4799 velut
2714 4742 2895 4800 etiam
2917 4748 3228 4814 unguento
3257 4743 3426 4816 quod
3454 4743 3514 4800 in
3536 4744 3792 4801 Aaronis
3840 4758 3941 4800 ca-

2268 4832 2411 4905 pite,
2440 4831 2502 4888 in
2525 4831 2932 4889 venerabilem
2962 4832 3127 4889 illam
3146 4831 3400 4890 barbam
3432 4832 3742 4890 descendit
3758 4830 3836 4888 ⁸⁵.

2271 4918 2407 4976 Hac
2428 4935 2466 4977 a
2495 4935 2592 4977 me
2615 4925 2863 4992 paterne
2905 4936 2976 4976 ac
3000 4919 3337 4993 disciplina
3368 4937 3553 4978 causa
3582 4920 3742 4976 dicta
3769 4919 3942 4985 sunt,

2269 5024 2394 5066 non
2405 5008 2884 5082 reprehendendi
2899 5013 3002 5067 aut
3015 5009 3340 5067 ulciscendi
3354 5009 3756 5066 libidine.Non
3770 5006 3946 5064 enim

2270 5100 2507 5156 tantum
2536 5097 2736 5156 valeat
2768 5098 3032 5157 fraterna
3059 5097 3304 5171 injuria,
3335 5103 3402 5156 ut
3441 5096 3652 5155 Christi
3687 5095 3950 5168 penitus

577 5245 758 5331 Job
784 5263 930 5321 xxrv,
955 5253 1082 5331 1⁸8.Δ
1105 5252 1174 5331 ,³⁸
1202 5252 1472 5331 Psal.__Li,
1501 5257 1583 5312 10.
1661 5255 1710 5292 ⁸⁸
1740 5255 1901 5312 Psal.
1926 5268 2157 5331 Lxxxvu

2273 5261 2303 5313 :l
2341 5261 2506 5328 ;Act.
2530 5273 2652 5331 xm,
2673 5261 2778 5328 22;
2856 5260 2900 5296 ³⁷
2939 5258 3094 5317 Psal.
3121 5270 3271 5329 cxrx,
3305 5264 3359 5316 7.
3435 5258 3482 5295 ³⁸
3506 5256 3657 5316 Psal.
3684 5268 3854 5331 exrx,
3888 5256 3948 5315 7.

504 5315 582 5352 ³⁸*
610 5318 720 5403 ,1ρέ
746 5315 1028 5403 xxix,_'_t2,
1064 5325 1148 5391 14,
1194 5329 1280 5403 l5;
1358 5315 1751 5403 ’f’Lliucrxvm,
1788 5331 1872 5383 l6.
1952 5329 2000 5362 ‘°
2031 5328 2161 5385 Psal

2273 5315 2503 5403 [χέῃ-ἓξ
2557 5333 2598 5365 ¹ο¹
2626 5315 2803 5390 Eccli.
2841 5347 2921 5398 ιιι,
2973 5315 3092 5388 ii."
3132 5315 3467 5403 “dicanti,
3507 5315 3595 5387 15.
3677 5329 3726 5364 ⁸³
3753 5315 3949 5403 Num.

504 5404 620 5473 xvi,
653 5391 742 5448 33.
820 5392 867 5427 δι
895 5391 1221 5473 [ῌθςεγιιμ
1245 5395 1313 5473 7.-
1378 5395 1426 5433 ⁴⁵
1452 5398 1601 5473 Psal.
1629 5391 1936 5473 Lxxxxvm,
1970 5403 2025 5467 6,
2055 5405 2108 5456 7.
2189 5400 2236 5437 ‘°
2277 5391 2436 5458 Psal.
2469 5416 2660 5471 Lxxxr,
2689 5408 2740 5460 6.
2819 5403 2862 5439 ιτ
2906 5391 3056 5460 Dan.
3089 5418 3206 5473 xm,
3242 5405 3296 5460 4.
3378 5391 3469 5458 ⁴⁸Ῑ
3502 5404 3645 5473 Reg.
3673 5414 3822 5469 xvn,
3848 5400 3948 5457 34.

505 5460 724 5541 ζῖῡειῃε
747 5477 882 5541 ξίνι
898 5466 990 5522 26.
1025 5460 1114 5500 ’⁵ο
1157 5460 1358 5527 Matth.
1400 5485 1498 5541 vn,
1531 5472 1587 5529 3.

509 5533 600 5588 23.
661 5533 726 5576 σε
747 5533 906 5595 Psal.
932 5551 1132 5613 cxxiui,
1160 5543 1213 5599 2.

1665 5472 1709 5508 ⁶¹
1746 5471 1949 5530 Matth.
1999 5486 2134 5542 XIII,

2307 5475 2356 5510 ⁵³
2394 5473 2570 5532 Hebr.
2610 5489 2730 5546 xm,
2775 5479 2860 5532 17.
2937 5471 3310 5545 "Joan.'x1,
3342 5477 3432 5531 49.
3510 5475 3558 5511 ⁸³
3594 5471 3660 5529 ιν
3687 5473 3848 5545 Reg.
3883 5483 3949 5546 ιι,
