4126 6272
206 148 280 208 an
826 98 831 103 ἡ
1730 140 2115 213 EPISTOLE.

3502 165 3610 231 330

223 275 547 349 patientiam
610 273 957 354 explodat,
986 268 1212 353 quibus
1233 270 1403 335 nulla
1429 268 1546 334 alia
1563 275 1717 335 ratio
1746 293 1845 336 ea-
1877 281 1928 337 Α
1955 293 2087 337 cem
2123 277 2388 350 egissent
2427 266 2782 355 interpellat,
2813 270 2882 339 ut
2908 283 3129 343 cuncta
3155 289 3517 362 reconciliet,
3549 297 3610 355 et

233 381 332 423 rum
358 383 524 442 quas
584 384 787 427 nunc
843 369 1085 442 agimus
1132 366 1545 425 celebritatum
1576 366 1846 437 exsistat,

240 470 377 530 quam
392 457 609 529 longa
639 458 760 516 illa
794 458 1008 516 Christi
1051 456 1363 516 tolerantia
1387 458 1568 529 atque
1606 454 1846 526 lenitas,

244 561 330 618 qua
353 545 591 604 nedum
647 548 920 621 patitur,
966 546 1195 621 fertque
1224 544 1614 619 impertubati
1658 535 1849 603 animi

244 634 484 694 ﬁrmitate
516 636 911 711 turpissima
956 640 1149 711 sputa,
1182 634 1457 703 verbera,
1488 634 1720 709 alapas,
1746 648 1846 693 ve-

1954 367 2019 425 in
2039 382 2230 424 unum
2260 367 2597 426 concordia:
2634 369 2948 428 vinculum
2994 376 3174 444 cogat
3203 391 3219 432 :
3274 378 3382 451 qui
3409 383 3468 439 et
3493 396 3610 441 nos

1954 455 2018 513 in
2043 471 2166 513 uno
2193 455 2403 530 spiritu
2431 472 2676 533 unoque
2710 457 2918 517 animo
2965 470 3428 539 coagmentans,
3456 468 3610 544 idip~

1956 560 2093 604 sum
2121 561 2333 621 sapere
2361 551 2542 621 atque
2568 548 2768 606 dicere
2793 549 3129 608 secundum
3177 553 3476 616 Christum
3521 559 3611 618 in-

1956 634 2157 695 ducat.
2184 635 2303 710 lpsi
2323 635 2514 710 gloria
2539 635 2604 696 in
2631 636 2857 698 saecula
2876 638 3258 701 saeculorum.
3284 649 3496 707 Amen.

245 739 349 781 rum
375 726 565 784 etiam
598 729 812 786 Deum
839 742 917 785 ac
946 726 1205 795 Patrem,
1229 740 1341 799 pro
1364 723 1437 782 iis
1470 724 1577 799 qui
1610 724 1675 784 in
1718 739 1852 783 cru-

3009 912 3604 939 Μ

969 1099 1844 1234 MIGHAELIS
1950 1050 2889 1240 ACOMINATI

731 1561 1087 1631 EPISTOLE
1121 1569 1217 1627 AD
1255 1560 1699 1628 EUSTATHIUM
1735 1553 2456 1633 THESSALONICENSEM
2488 1573 3120 1639 ARCHIEPISCOPUM.

470 1857 554 1915 A'.
587 1864 678 1930 Τῷ
700 1855 1114 1928 Θεσσαλονίκης,
1140 1851 1285 1929 κυρῷ
1309 1851 1608 1926 Εὗσταθίῳ.

1954 1854 1996 1910 l.
2027 1852 2282 1913 Domino
2300 1854 2638 1929 Eustathio,
2673 1847 3113 1923 Thessalonice:
3141 1848 3605 1942 archiepiscopo.

289 1965 462 2038 Ὠμοι
496 1965 653 2039 ἕσγὼῑ
701 1968 755 2018 τί
790 1969 1192 2026 ποι-ε’τοσοῦτος
1241 1959 1471 2038 ὑπερῥύη
1509 1963 1719 2035 χρόνος,
1756 1962 1847 2013 καὶ

2022 1960 2108 2016 Me
2131 1958 2418 2019 miserum
2446 1962 2459 2020 ι
2492 1968 2790 2036 quantum
2817 1970 3055 2042 tempus
3082 1968 3364 2043 elapsum
3390 1975 3501 2039 est,
3535 1987 3610 2030 ex

222 2062 452 2132 γράμμα
476 2065 578 2118 τῆς
610 2063 715 2117 σῆς
752 2055 848 2109 οὐκ
877 2051 1133 2127 ἐδεξάμην
1157 2053 1451 2126 ἁγιότητος,
1485 2055 1847 2125 μακαριώτατε

1954 2059 2077 2133 quo
2093 2046 2412 2133 epistolam
2435 2066 2473 2109 a
2495 2052 2811 2111 sanctitate
2841 2058 2946 2113 tua
2968 2071 3090 2113 non
3114 2057 3485 2133 accepi,quae
3506 2075 3608 2118 me

226 2131 488 2216 δίο-ποτα,
515 2145 582 2198 ἶν’
626 2142 859 2219 ἀκριϐῶς
885 2141 1102 2214 εἰδείην,
1123 2144 1258 2203 ὅπως
1285 2144 1514 2200 ἣνυσταί
1544 2159 1630 2194 σοι
1656 2142 1724 2194 τὰ
1750 2146 1845 2202 τῆς

1954 2131 2027 2188 de
2062 2131 2271 2192 itinere
2301 2140 2406 2194 tuo
2435 2141 2494 2196 et
2520 2138 2584 2196 in
2613 2139 2828 2199 urbem
2858 2142 3311 2203 Thessalonices
3342 2131 3610 2205 adventu

227 2232 571 2309 ὁδοιπορίας,
598 2236 737 2295 ὅπως
766 2233 819 2296 ίς
855 2238 952 2292 τὴν
982 2230 1404 2286 Θεσσαλονικέων
1459 2228 1685 2303 ἀφίκου;
1724 2233 1844 2287 Μη-

225 2326 340 2379 ποτ’
363 2327 397 2385 ἠ
441 2327 856 2397 νυμφευσαμένη
886 2340 945 2375 σε
971 2321 1121 2384 πόλις
1150 2321 1281 2379 αὕτη
1309 2321 1444 2373 κατὰ
1472 2321 1564 2381 τὰς
1596 2317 1843 2391 βαρυζή-

230 2412 349 2477 ὶους
374 2422 486 2468 τῶν
509 2419 780 2486 γυναικῶν
810 2412 905 2464 οὐκ
944 2409 1184 2481 ἀνέχεται
1211 2408 1610 2482 ἐπιστρέφεσθαι
1637 2424 1694 2460 σε
1716 2408 1843 2481 πρὸς

222 2508 318 2563 τήν
348 2506 767 2557 Κωνσταντίνοιι
794 2504 891 2559 τὴν
941 2495 1222 2574 βασιλίδα,
1271 2500 1389 2551 οὔτε
1416 2501 1519 2570 μὴν
1565 2493 1842 2558 ἓπιστολὰς

226 2593 333 2645 οἷον
366 2589 705 2665 μηλοϐολείν,
751 2587 857 2642 ἀλλ’
891 2588 1056 2651 αὐτῆς
1081 2587 1194 2641 ὅλον
1226 2594 1374 2656 εἰναι,
1401 2589 1495 2638 καὶ
1516 2587 1686 2638 πάντα
1712 2580 1817 2656 τῇδ
1820 2602 1842 2638 ε

224 2682 601 2757 χαρίζεσθαις
632 2678 704 2732 Ἦ
733 2684 893 2732 τοῦτο
931 2680 1021 2750 μὶν
1058 2676 1188 2749 οὐχί
1211 2692 1224 2707 ·
1253 2679 1348 2729 ο¹ίει
1374 2671 1454 2744 δὲ,
1477 2676 1650 2748 ὥσπερ
1678 2672 1841 2727 τᾶλλα

228 2778 323 2823 τοῦ
340 2774 606 2845 παρόντος
620 2768 831 2821 ἄπιστα
843 2773 1052 2840 καιροῦ,
1068 2765 1202 2819 οὕτω
1225 2770 1315 2818 καὶ
1335 2766 1393 2817 τό
1413 2767 1532 2837 περὶ
1555 2765 1613 2816 σε
1632 2762 1838 2835 φίλτρον

228 2858 322 2912 οὐκ
359 2854 616 2931 ἔμπεδον,
643 2861 737 2909 καὶ
755 2858 902 2930 παρὰ
928 2862 1080 2908 τοῦτο
1109 2850 1223 2907 οὐδ’
1255 2852 1408 2915 αὐτὸς
1438 2850 1621 2912 ἐθέλεις
1651 2849 1840 2924 φυλάτ-

230 2966 331 3002 τειν
360 2949 551 3021 θερμόν
579 2951 669 3000 τόν
699 2943 1001 3020 ἀντίρωτας
1042 2942 1177 2995 Ἀλλ’
1208 2942 1304 2995 οὐκ
1329 2945 1444 2994 ἔστι
1462 2947 1632 3010 τοῦτο,
1667 2940 1725 2993 οὐ
1764 2941 1841 3013 μὰ

1950 2222 2263 2281 certiorem
2299 2223 2542 2284 faceret.
2597 2227 2768 2288 Nunc
2822 2229 2975 2289 forte
3030 2231 3196 2303 urbs,
3240 2248 3452 2291 recens
3498 2234 3608 2294 tibi

1946 2314 2159 2383 nupta,
2191 2328 2361 2371 more
2394 2314 2762 2377 feminarum
2800 2335 2936 2394 quae
2961 2319 3261 2395 zelotypia
3286 2327 3604 2396 vexantur,

1946 2412 2074 2456 non
2100 2400 2209 2458 tibi
2237 2404 2524 2475 permittit
2545 2405 2754 2465 oculos
2794 2408 2859 2466 in
2906 2410 3279 2468 Constantini
3331 2413 3607 2483 reginam

1947 2494 2311 2560 convertere,
2341 2492 2569 2552 nedum
2590 2511 2776 2568 poma
2800 2496 3020 2555 favoris
3062 2499 3116 2557 ei
3144 2499 3376 2558 mittere
3401 2500 3455 2558 ei
3489 2501 3603 2559 soli

1946 2577 2123 2665 unice
2147 2578 2458 2639 deditum?
2476 2586 2686 2641 Nonne
2716 2590 2807 2644 est
2833 2587 2916 2646 ita
2930 2588 2959 2645 ?
2986 2591 3061 2646 At
3078 2588 3154 2646 de
3174 2589 3430 2663 perﬁdia
3457 2607 3602 2665 que-

1945 2664 2134 2734 ritur;
2181 2672 2238 2726 te
2289 2669 2491 2742 ipsum
2541 2672 2960 2733 inconstantiae
2999 2679 3063 2734 in
3091 2693 3300 2737 amore
3329 2684 3600 2740 accusat.

1945 2756 2011 2811 In
2059 2771 2183 2828 quo
2215 2757 2463 2830 fallitur,
2493 2776 2601 2833 per
2629 2778 2870 2821 sacrum
2900 2769 3071 2822 tuum
3100 2768 3320 2841 caput!
3372 2772 3602 2829 Interea

1945 2848 2149 2901 autem
2175 2846 2354 2903 amici
2373 2848 2459 2905 tui
2478 2848 2777 2908 desiderio
2790 2851 3102 2921 laborant;
3127 2870 3200 2911 ex
3212 2855 3412 2912 oculis
3438 2857 3601 2915 enim

1946 2932 2254 2991 sublatum
2305 2939 2362 2993 te
2410 2952 2767 3011 recuperare
2794 2941 3076 3011 gestiunt.
3112 2943 3205 3000 Sic
3233 2942 3343 3014 sol,
3383 2945 3470 3002 sic
3507 2961 3602 3003 sa-

226 3042 321 3096 τήν
349 3043 451 3096 σὴν
493 3037 640 3112 ἱεράν
668 3034 916 3107 κεφαλήν.
950 3031 1154 3087 Μᾶλλον
1183 3034 1275 3105 μὶν
1311 3028 1399 3084 οὖν
1427 3038 1515 3084 νῦν
1538 3031 1589 3082 οἱ
1623 3030 1840 3083 ποθοῦν-

1954 3022 2103 3081 nitas
2130 3027 2259 3080 tum
2287 3025 2542 3082 maximi
2593 3027 2897 3100 penditur,
2924 3029 3028 3087 ubi
3055 3030 3251 3088 hiems
3277 3032 3455 3102 dura,
3495 3037 3603 3095 aut

224 3145 307 3190 τες
334 3126 488 3180 Klio?
527 3110 605 3196 τῷ
656 3126 804 3195 πόθῳ
836 3124 1117 3195 κάμνουσι,
1165 3124 1397 3195 παρόσον
1426 3128 1489 3193 τῇ
1548 3117 1839 3180 ἆποστάτες

1954 3110 2195 3168 morbus
2215 3116 2319 3169 aut
2333 3112 2500 3170 aliud
2520 3114 2751 3173 malum
2771 3117 3183 3193 quodcunque
3200 3120 3600 3195 irruperit.Sic

220 3216 369 3269 πλέον
397 3223 474 3287 τῷ
500 3215 652 3285 πόθῳ
682 3215 970 3285 κάμνουσι,
1023 3213 1256 3285 παρόσον
1293 3218 1356 3282 τῇ
1391 3207 1683 3262 ἀποστάσει
1710 3228 1839 3282 μαν-

1954 3200 2336 3259 Athenienses
2394 3205 2697 3262 Socratem
2736 3206 3266 3269 calumniabantur
3299 3212 3599 3285 quamdiu

221 3309 491 3374 ϐαίνουσιν,
519 3306 629 3359 οἷον
655 3307 864 3377 ἔχοντες
902 3300 1100 3373 ἀγαθὸν
1130 3300 1401 3355 ἐλάνθανον
1449 3298 1659 3360 ἑαυτούς
1678 3316 1697 3333 ο
1730 3297 1838 3351 ίπεὶ

1954 3305 2087 3347 cum
2114 3289 2188 3347 iis
2215 3290 2493 3364 vivebat;
2525 3309 2761 3352 veneno
2796 3295 3090 3370 absorpto
3114 3300 3335 3358 mortui
3361 3302 3599 3376 sapien-

217 3400 307 3447 καὶ
331 3393 530 3466 θεᾶ-,ὓις
557 3393 834 3462 ἡλίου,καὶ
860 3393 1031 3463 ὑγεία,
1061 3393 1146 3443 καὶ
1177 3389 1315 3442 ἅπαν
1343 3386 1498 3441 καλὸν
1518 3391 1632 3441 τότε
1646 3386 1836 3461 μᾶλλον

1954 3379 2093 3440 tiam
2117 3379 2182 3437 in
2226 3380 2446 3440 coelum
2470 3383 2781 3455 tollebant,
2810 3389 2869 3443 et
2895 3387 3095 3446 virum
3123 3393 3301 3448 antea
3326 3395 3599 3466 spretum

221 3485 578 3557 θαυμάζεται,
601 3485 760 3542 ἡνίκα
791 3479 965 3555 βαρὺς
994 3479 1295 3553 ἐμπεσεῖται
1315 3482 1537 3551 χειμὼν,
1576 3482 1666 3530 καὶ
1685 3480 1837 3539 νόσος

1954 3484 2018 3527 ex
2061 3468 2274 3528 intimo
2303 3471 2507 3529 animo
2553 3472 2895 3533 desiderare
2941 3490 3067 3534 non
3110 3484 3447 3539 cessarunt.
3478 3484 3599 3540 Nos

220 3573 505 3649 εἰσ-φθαρῇ,
548 3577 641 3624 καὶ
670 3573 740 3623 τὰ
767 3580 864 3632 τῆς
896 3567 1126 3631 ἐναντίας
1164 3567 1291 3630 ὅλως
1316 3570 1631 3639 συστοιχίας
1670 3564 1837 3620 ἀντει-

1954 3575 2188 3632 quoque
2218 3575 2489 3618 amorem
2525 3576 2650 3635 quo
2696 3566 2752 3621 te
2791 3580 3030 3639 semper
3058 3569 3322 3642 amplexi
3359 3586 3596 3643 sumus,

224 3646 431 3735 612633;
492 3661 649 3713 Οὕτω
707 3664 801 3712 καὶ
835 3658 1105 3715 Ἀθηναῖοι
1152 3658 1429 3731 Σωκράτην
1485 3658 1693 3727 ἔχοντες
1745 3658 1837 3728 μὶν

1954 3646 2007 3703 in
2033 3648 2211 3705 nobis
2226 3649 2449 3720 jugiter
2476 3665 2740 3709 crescere
2766 3653 3077 3712 sentimus.
3106 3660 3276 3716 Nunc
3302 3657 3600 3732 igitur,vir

223 3749 560 3815 ἐϐάσκαινον,
593 3752 725 3822 μετὰ
752 3744 815 3801 δὲ
841 3751 938 3805 τὴν
973 3745 1161 3798 κύλικα
1197 3748 1261 3806 ὡς
1297 3748 1453 3818 σοφόν
1495 3742 1789 3817 ἐθαύμαζον
1819 3760 1834 3775 ⁸

1954 3737 2408 3810 sapientissime,
2450 3755 2591 3797 cum
2618 3745 2675 3797 te
2729 3741 2885 3800 adeo
2913 3743 3082 3815 diligi
3119 3745 3311 3816 vides,
3349 3747 3598 3805 tandem

223 3847 311 3893 καὶ
358 3842 488 3914 ὅπερ
511 3834 720 3912 ᾔδεσαν
761 3839 970 3909 ἔχοντες
1000 3833 1214 3907 ἀγαθὸν,
1256 3840 1412 3886 τοῦτο
1442 3831 1835 3906 ἀποϐαλόμενοι,

1954 3824 2124 3882 nobis
2154 3826 2441 3887 rescribe.
2472 3830 2672 3901 Parce,
2705 3845 2935 3902 quasso,
2984 3832 3235 3890 auribus
3266 3835 3418 3891 meis
3443 3851 3601 3909 quas

225 3913 919 3999 ἑπόθουνάνακαλούμενοι.
946 3930 1046 3976 Σοῦ
1085 3919 1144 3975 δὲ
1171 3926 1260 3974 καὶ
1304 3925 1552 3996 πρότερον
1579 3925 1842 3995 περιειχόο

1954 3913 2454 3989 circumstrepunt
2516 3917 2812 3975 clamores
2868 3934 3079 3978 eorum
3141 3921 3249 3995 qui
3287 3924 3601 3996 quomodo

224 4019 380 4089 μεθα,
422 4022 517 4069 καὶ
576 4023 665 4067 νῦν
716 4017 795 4067 ἔτι
854 4010 1047 4086 μᾶλλον
1092 4012 1342 4069 ποθήσειν
1382 4007 1670 4083 ἔμέλλομπ.
1696 4008 1841 4063 Ἐπεὶ

1954 4002 2153 4061 valeas
2174 4009 2650 4078 perscrutantur.
2682 4009 2839 4066 Deus
2866 4012 2923 4068 te
2946 4013 3224 4085 protegat
3248 4027 3358 4088 per
3377 4014 3601 4078 multos

225 4111 402 4158 τοίνυν
436 4108 585 4176 ἔχεις
612 4104 798 4176 μαθὼν
839 4105 933 4160 τὴν
976 4105 1094 4174 περὶ
1124 4102 1181 4153 σε
1208 4106 1296 4151 νῦν
1334 4096 1554 4151 ίνταῦθα
1582 4092 1842 4162 διάθεσιν,
1952 4091 2172 4151 annos!

226 4192 519 4262 ἐπίστελλε,
554 4196 847 4265 σόφώτατε.
900 4196 1082 4245 Φείσαι
1132 4186 1304 4261 κάμοῦ
1342 4183 1844 4261 διατεθρυλλημένου

221 4286 288 4336 τὰ
311 4280 424 4343 vini;
457 4284 609 4357 παρὰ
634 4290 739 4335 τῶν
763 4281 1159 4353 πυνθανομένων
1181 4280 1250 4333 τα
1273 4280 1390 4356 περὶ
1421 4282 1538 4334 σοῦ.
1561 4277 1842 4351 Διατηροίη

223 4390 287 4425 σε
316 4377 454 4435 Θεὸς
476 4371 863 4446 πολυχρόνιόν.

1955 4465 2028 4524 Il.
2055 4467 2310 4526 Domino
2335 4467 3121 4548 Eustathio,archiepiscopo
3140 4474 3603 4545 Thessalonicen

307 4580 590 4659 Εὐδαίμων
621 4584 774 4646 οὗτος
806 4581 956 4658 ἀνὴρ,
985 4587 1076 4636 καὶ
1106 4584 1151 4636 εἴ
1203 4600 1285 4644 τις
1342 4579 1511 4643 ἄλλος.
1552 4578 1722 4634 Πάλαι
1758 4580 1847 4653 μὶν

2028 4574 2386 4634 Fortunatus
2412 4576 2582 4636 hicce
2629 4579 2723 4637 vir
2776 4579 2933 4640 inter
2960 4597 3200 4644 omnes.
3236 4588 3404 4647 Prius
3445 4592 3609 4651 enim

481 4477 551 4534 B'.
578 4484 666 4549 Τῷ
697 4474 1116 4543 Θεσσαλονίκης,
1138 4481 1281 4548 κυρῷ
1302 4472 1600 4547 Εὐσταθίῳ.

224 4679 327 4736 τῆς
352 4679 479 4748 πρός
504 4678 601 4735 τὴν
630 4680 732 4733 σὴν
779 4672 1039 4745 ἁγίότητα
1087 4672 1359 4733 συνηθείας
1396 4672 1553 4743 ἔσχεν
1591 4669 1847 4743 εὐτυχῶς,

222 4770 505 4835 πρόκατε
536 4759 782 4815 δέσποτα
814 4774 827 4791 ⁶
889 4753 1004 4814 εἶτα
1057 4756 1108 4813 δ’
1146 4759 1231 4813 ἐπὶ
1267 4763 1459 4835 χρόνον
1487 4760 1606 4812 τινὰ
1640 4765 1733 4812 τοῦ
1762 4761 1852 4811 καὶ

221 4850 482 4926 ἀγγελοις
539 4852 722 4914 αὐτοῖς
771 4845 1058 4924 αἱδεσίμου
1096 4855 1382 4923 προσώπου
1432 4846 1676 4918 διαστὰς,
1706 4848 1854 4910 αὖθις

216 4946 321 4999 τήν
391 4941 655 5013 αὐτοψίαν
707 4934 871 4993 τοῦδε
935 4940 1076 4992 κατὰ
1132 4940 1264 4991 θεῖον
1303 4937 1601 5011 ηὐτύχησε,
1645 4940 1854 5012 σκιερὰν

220 5026 275 5083 δ’
327 5034 436 5085 ὑπό
495 5033 687 5105 φηγόν,
731 5026 906 5082 ἀελίου
965 5031 1271 5103 φρύγοντος,
1310 5024 1591 5103 ὁδοιπόρος
1633 5023 1854 5103 ἔδραμεν

220 5119 289 5181 ὦς
332 5141 439 5184 τις.
473 5125 630 5194 Ἡμῖν
677 5114 739 5172 δε
779 5125 888 5180 τοῖς
916 5121 1038 5192 περὶ
1083 5124 1176 5170 τοῦ
1234 5123 1328 5170 σοῦ
1353 5118 1519 5170 πόθου
1566 5117 1855 5188 κάμνουσιν

222 5203 513 5282 ἀμήχανον
560 5212 623 5262 τό
678 5203 873 5276 δεινόν,
904 5206 995 5267 ἕως
1029 5205 1056 5259 ὁ
1104 5204 1223 5258 καθ’
1267 5206 1408 5278 ἡμᾶς
1458 5206 1523 5256 σὺ
1573 5206 1729 5277 μόνος
1775 5203 1857 5265 ζέ-

221 5318 392 5372 φυρος
449 5303 549 5358 τὴν
601 5300 697 5372 μὲν
761 5300 861 5355 σὴν
897 5290 1295 5368 πανευδαίμονα
1325 5291 1716 5354 Θεσσαλονίκην
1747 5295 1857 5356 εἴης

225 5396 534 5463 περιηχῶν,
567 5387 718 5460 ἡμᾶς
766 5381 820 5437 δ’
859 5383 1034 5437 οὐκέτι
1095 5383 1347 5455 ζωογόνον
1398 5385 1710 5458 περιπνέοις,
1764 5386 1856 5435 καὶ

224 5473 288 5533 τὸ
317 5477 519 5537 λυποῦν
572 5475 719 5531 ἅπαν
778 5471 1084 5548 ἂναιῖιύχοις
1140 5475 1207 5537 ὡς
1247 5475 1516 5550 ποότερον.
1544 5468 1675 5535 Εἶτα
1708 5476 1854 5541 τίνας

523 5571 786 5647 Panos,
827 5565 932 5628 Gn.
973 5564 1128 5626 CXL.

1960 4664 2016 4723 ei
2065 4680 2206 4721 cum
2254 4666 2566 4725 sanctitate
2617 4671 2721 4727 tua
2765 4669 2966 4729 vivere
2995 4674 3260 4747 contigit,
3290 4693 3454 4736 nunc
3505 4696 3610 4738 au.

1959 4759 2081 4814 tem
2104 4758 2434 4828 postquam
2465 4757 2663 4816 vultus
2687 4757 2772 4816 tui
2814 4759 2965 4835 ipsis
2994 4764 3223 4835 angelis
3249 4767 3609 4827 venerabilis

1960 4848 2208 4917 aspectu
2225 4858 2334 4918 per
2353 4851 2592 4920 tempus
2615 4846 2863 4923 aliquod
2890 4851 3164 4924 privatus
3185 4853 3474 4924 fuisset,te
3493 4858 3615 4917 for-

1961 4937 2110 4993 tuna
2133 4934 2220 4992 sic
2242 4935 2500 5009 volente,
2515 4937 2717 4997 denuo
2743 4940 3075 5013 aspiciendi
3094 4944 3334 5018 copiam
3354 4946 3614 5024 adeptus

1963 5027 2070 5097 est,
2119 5028 2187 5081 ut
2211 5039 2320 5098 per
2352 5024 2578 5084 calores
2608 5027 2848 5086 mstivos
2873 5030 3071 5089 viator
3118 5033 3183 5090 in
3217 5033 3343 5108 fagi
3396 5039 3619 5102 umbra

1962 5112 2230 5204 quietem
2278 5113 2446 5204 petit.
2498 5117 2616 5173 Nos
2648 5120 2873 5187 autem,
2921 5119 3010 5178 tui
3057 5120 3352 5183 desiderio
3394 5131 3614 5204 vexati,

1964 5201 2134 5262 omni
2156 5201 2290 5274 jam
2321 5202 2618 5263 solamine
2670 5206 2894 5280 privati
2942 5225 3174 5284 sumus,
3229 5227 3304 5271 ex
3356 5230 3477 5288 quo
3528 5201 3617 5290 tu,

1964 5306 2088 5367 quo
2114 5304 2239 5349 uno
2277 5291 2544 5367 zephyro
2575 5294 3019 5366 gaudebamus,
3049 5297 3332 5359 dilectam
3381 5302 3622 5362 habitas

1964 5380 2446 5455 Thessalonicen,
2475 5382 2772 5459 nihiljam
2789 5384 2968 5444 nobis
2993 5388 3272 5460 aspirans
3289 5390 3619 5451 lenimenti.

1962 5472 2056 5537 Ad
2092 5487 2275 5550 quos:
2477 5472 2560 5540 ad
2607 5488 2745 5553 nos,
2796 5474 3246 5545 calamitatibus
3297 5494 3621 5553 oppressos
