4126 6272
571 214 678 272 331

569 333 760 390 verba
796 331 1000 406 aliqua
1029 331 1432 390 consolatoria
1481 335 1750 392 miseris?
1779 337 1972 401 Quam
2027 335 2218 404 regio-

567 439 734 492 nem,
762 422 880 478 nisi
903 427 1175 478 nostram
1205 423 1344 492 igne
1361 423 1907 494 ardentem,mag1°s
1937 430 2216 480 vexatam

567 511 814 584 ignibus
825 510 1149 583 appellaris
1161 527 1346 584 quam
1367 512 1828 568 Thessalonicen
1841 513 1870 568 ?
1895 513 2216 586 Liquefacti

566 617 681 658 nos
727 615 974 673 prorsus
1005 599 1194 655 nimio
1219 600 1435 670 calore,
1467 601 1528 656 in
1554 602 1813 658 cinerem
1851 603 2214 672 redigemur,

566 689 815 763 quando
846 688 1112 760 epistolis
1151 688 1268 744 tuis
1299 689 1452 746 ultra
1488 691 1702 762 privati
1739 691 1982 748 erimus.
2017 693 2059 746 Ο
2117 707 2216 746 me

565 777 888 834 miserum!
923 777 1207 842 Quamvis
1245 779 1406 833 enim
1445 779 1710 834 Euxinus
1739 779 1988 835 boream
2011 779 2216 834 laetum

563 868 743 924 mittit
779 882 900 939 quo
957 871 1081 922 tota
1126 868 1292 937 regio
1341 867 1689 937 refrigescit.
1721 869 1962 924 animus
2011 873 2214 924 tamen

563 957 712 1012 mihi
740 955 820 1012 ob
849 956 1178 1012 sanctitatis
1227 961 1344 1011 tuas
1397 957 1734 1013 absentiam
1764 959 1902 1026 igne
1930 958 2218 1012 inexstin—

563 1045 774 1116 guibili
827 1045 1172 1100 devoratur.
1207 1046 1389 1102 Crede
1427 1047 1574 1102 mihi
1616 1063 1627 1100 :
1675 1047 1908 1118 quoties
1939 1046 2214 1101 animum

561 1149 819 1192 maerore
842 1149 1202 1206 oppressum
1229 1134 1498 1190 relaxare
1527 1135 1740 1208 cupio;
1772 1135 2005 1207 quoties
2043 1135 2117 1189 de
2142 1135 2212 1190 iis

561 1239 699 1296 quae
730 1223 883 1278 inter
909 1222 1236 1292 legendum
1293 1223 1496 1280 minus
1539 1223 1694 1280 bene
1738 1223 2208 1294 comprehendo,

562 1328 702 1368 cum
731 1313 927 1368 amico
955 1311 1156 1382 aliquo
1185 1311 1349 1382 loqui
1378 1312 1534 1382 volo,
1555 1312 1784 1368 vicinos
1809 1313 2079 1384 quidem,
2104 1313 2210 1367 sed

559 1401 782 1457 frustra
805 1415 1030 1472 quaero.
1067 1399 1220 1464 Quid
1247 1399 1472 1468 igitur?
1513 1400 1602 1454 Ad
1631 1415 1924 1470 magnum
1965 1401 2210 1458 Thessa-

555 1489 782 1545 lonices
808 1491 1115 1560 pastorem
1165 1486 1372 1542 oculos
1403 1492 1706 1552 converto,
1739 1493 1794 1542 et
1823 1491 2052 1542 Patrem
2085 1490 2206 1559 spi-

554 1575 851 1644 ritualem,
886 1573 1341 1640 consolatorem,
1371 1575 1797 1640 consiliarium,
1831 1575 1890 1629 in
1921 1576 2205 1631 omnibus

557 1663 971 1720 auxiliatorem
1019 1677 1158 1716 cum
1221 1661 1444 1717 ﬁducia
1494 1662 1735 1718 invoco.
1803 1663 1946 1718 Hinc
2001 1664 2202 1719 fumus

553 1752 888 1822 gemituum
936 1766 968 1806 e
1015 1755 1254 1821 pectore
1304 1751 1638 1806 ascendens
1671 1751 1874 1820 ignem
1903 1753 2062 1806 intus
2111 1769 2202 1808 ar-

551 1842 794 1898 dentem
839 1844 1104 1906 accusat,
1132 1839 1237 1910 qui
1284 1839 1546 1910 epistolis
1595 1843 1711 1896 tuis
1765 1841 2199 1913 aliquantisper

545 1927 785 1994 lenitur,
829 1941 1146 1998 nunquam
1197 1941 1340 1982 vero
1377 1927 1557 1998 plane
1613 1928 2024 1997 exstinguitur.
2077 1930 2196 1985 Has

546 2018 830 2090 epistolas
897 2017 950 2071 si
1013 2016 1148 2088 quis
1208 2031 1282 2071 ex
1335 2017 1545 2074 ordine
1603 2023 2012 2089 componeret.
2067 2019 2195 2074 toti-

543 2107 684 2163 dem
714 2105 939 2176 gradus
968 2109 1216 2160 strueret
1263 2120 1371 2176 per
1398 2121 1552 2177 quos
1608 2110 1673 2162 tu
1719 2121 1830 2162 nos
1857 2106 2194 2163 consolatu-

541 2212 646 2252 rus
679 2193 1042 2252 descendere
1085 2192 1388 2263 dignaris;
1423 2199 1502 2264 tu,
1545 2195 1818 2267 inquam,
1854 2197 1958 2268 qui
2005 2197 2193 2251 maxi-

541 2301 676 2341 mas
703 2283 945 2340 virtutes
974 2281 1142 2338 omni
1175 2287 1444 2353 tempore
1482 2299 1758 2350 exerces;
1790 2285 2190 2356 quamobrem

543 2373 592 2428 si
637 2387 762 2428 non
817 2369 1170 2440 angelorum
1209 2371 1392 2426 choro
1423 2373 1860 2441 annumeraris,
1891 2378 1952 2428 at
1980 2373 2190 2429 saltem

543 2460 725 2533 paulo
777 2459 849 2514 iis
903 2459 1146 2514 inferior
1199 2457 1519 2514 habendus
1556 2475 1640 2526 es,
1679 2461 1906 2532 quippe
1945 2463 2046 2533 qui
2087 2477 2192 2534 per

541 2548 755 2606 eadem
793 2563 934 2602 cum
963 2545 1076 2602 illis
1121 2546 1348 2602 scalam
1397 2548 1672 2604 ascendis
1721 2565 1792 2604 ac
1844 2551 2188 2608 descendis.

540 2641 662 2709 Ego
691 2641 902 2692 contra
923 2635 1000 2690 de
1027 2634 1208 2690 rebus
1237 2636 1386 2692 meis
1429 2637 1757 2709 desperans
1785 2639 2073 2694 timebam
2113 2657 2188 2696 ne

542 2743 616 2782 ex
652 2725 840 2782 oculis
871 2724 1254 2780 Providentiae
1301 2725 1624 2798 abriperer,
1665 2727 1911 2797 ignarus
1951 2733 2004 2783 te
2043 2729 2188 2784 mihi

541 2816 822 2886 angelum
851 2814 1162 2870 custodem
1187 2814 1430 2870 ﬁdelem
1455 2815 1728 2871 additum
1758 2833 1914 2882 esse,
1942 2819 2044 2888 qui
2065 2834 2188 2873 non

539 2911 796 2970 tantum,
857 2907 922 2958 ut
975 2903 1162 2974 prius,
1211 2919 1306 2958 res
1365 2920 1534 2960 meas
1590 2905 2069 2974 administrabat,
2127 2908 2189 2962 in

539 2994 746 3052 litteris
795 2992 958 3048 viam
989 2991 1385 3062 monstrabat,
1432 2993 1641 3048 omnia
1669 3010 1805 3066 quae
1855 2995 1934 3050 ad
1961 2995 2186 3050 cultum

540 3081 882 3142 necessaria
907 3080 1354 3152 suppeditabat,
1386 3081 1608 3154 quibus
1647 3099 1803 3155 opus
1841 3090 1985 3140 erat.
2021 3085 2190 3140 Deni-

541 3187 660 3246 que
713 3186 912 3244 neque
971 3171 1258 3242 temporis
1301 3186 1412 3226 nec
1473 3172 1647 3243 spatii
1701 3172 1929 3228 ratione
1983 3173 2192 3230 habita

542 3261 906 3318 desiderium
929 3259 1020 3314 sui
1043 3259 1106 3314 in
1125 3260 1302 3316 nobis
1333 3267 1607 3330 renovat,
1621 3261 1752 3318 libri
1775 3262 1962 3318 instar
1981 3263 2186 3318 divini.

541 3350 648 3406 ubi
675 3348 927 3404 nomina
951 3352 1160 3404 nostra
1187 3348 1542 3404 referuntur.
1570 3350 2192 3408 'l‘hessalonicensium

538 3438 748 3494 lumen
775 3435 930 3490 bene
961 3435 1076 3490 sibi
1103 3436 1328 3492 habeat
1373 3437 1672 3509 nobisque
1715 3455 1823 3510 per
1865 3445 2194 3496 nocturnas

537 3526 722 3597 hujus
745 3524 876 3580 vitae
914 3539 1152 3594 pugnas
1178 3524 1376 3580 lucem
1407 3541 1582 3582 suam
1612 3527 1930 3598 impertiat.

1449 213 1821 268 MICHAELIS
1857 212 2240 268 ACOMINATI
2275 212 2704 268 ATHENARUM
2741 213 3060 268 ARCHIEP.

3827 217 3927 272 332

2246 339 2294 390 A
2325 335 2447 410 παρ’
2496 337 2636 406 ἡμᾶς
2697 339 2762 397 ὡς
2829 337 3322 410 ὑπερεκκαιομένους
3375 341 3520 412 ἡμῶν
3578 341 3604 390 6
3653 342 3926 412 συμπαθὴς

2327 423 2474 476 ἐλεεῖν
2513 427 2744 497 ἔγραφες,
2801 427 2830 483 ἢ
2871 429 2988 476 τίνα
3050 429 3191 498 παρὰ
3229 431 3296 480 τά
3341 429 3457 480 καθ’
3497 431 3632 500 ἡμᾶς
3686 434 3924 502 πυρφόρα

2327 511 2521 574 ἐκάλεις
2577 513 2823 584 κλίματα,
2885 515 2954 574 ὡς
3005 523 3096 566 του
3153 519 3289 568 κατά
3354 518 3743 578 Θεσσαλονίκης
3789 538 3919 570 καυ-

2325 599 2739 674 ματωδέστερα;
2799 602 2974 674 Ἠμεῖς
3031 623 3113 656 τοι
3177 604 3271 656 κᾶν
3347 603 3670 667 διατακέντες
3743 605 3920 664 ἐλύθη-

2325 709 2436 761 μεν,
2480 690 2576 742 κᾶν
2631 691 2702 752 εἰς
2753 696 2938 764 τέφραν
2989 693 3425 766 ἀπηοαλωθημεν,
3458 695 3500 747 εἰ
3545 701 3616 767 μὴ
3666 697 3916 770 γραμμά-

2323 799 2424 830 των
2483 783 2664 854 αὔραις
2701 778 2944 852 ἐζωγρεις
2997 780 3337 846 ἐκλείποντας.
3385 783 3456 836 ’.Ω
3497 783 3628 855 μοιὲ
3675 790 3773 836 Καὶ
3815 786 3913 858 γὰρ

2326 867 2368 920 εἰ
2419 867 2652 939 λαμπρόν
2703 867 2991 942 ἀπαρκτίαν
3045 873 3070 921 6
3122 871 3355 933 Εὔξεινος
3411 875 3644 943 κατάγει,
3713 877 3802 923 καὶ
3855 877 3913 923 τό

2323 962 2568 1028 περιέχον
2629 957 2937 1028 περιψύχει,
2999 966 3102 1030 πῦρ
3181 956 3229 1010 δ’
3287 960 3408 1012 οὒ.λο
3473 963 3778 1032 υπονέμεται
3849 965 3914 1012 τὰ

2324 1045 2602 1116 σπλάγχνα
2641 1046 2944 1120 θερμότερον
2996 1043 3089 1098 διὰ
3125 1051 3184 1098 τό
3243 1057 3338 1108 τῆς
3391 1049 3683 1119 ἁγιωσύνης
3715 1045 3914 1106 ἀπόδη-

2322 1153 2436 1206 μον.
2483 1139 2568 1192 Μή
2601 1153 2690 1204 μοι
2722 1130 3112 1208 διαπιστήσης.
3151 1140 3334 1188 Εῑποτε
3366 1136 3651 1209 βουλοίμην
3689 1147 3914 1189 κενῶσαι

2319 1231 2412 1282 τῆς
2447 1221 2631 1292 ψυχῆς
2667 1226 2728 1273 τὸ
2783 1223 3117 1295 λυπούμενον,
3163 1221 3268 1284 ἤδη
3319 1229 3528 1296 γεγονὸς
3565 1226 3911 1299 ὑπεραντλὼν,

2321 1312 2349 1368 ἡ
2405 1319 2503 1362 των
2560 1309 2973 1383 ἀνεγνωσμένων,
3032 1315 3131 1364 ὅσα
3181 1319 3536 1386 προσίσταταί
3595 1336 3704 1387 μοι,
3781 1319 3914 1389 πρός

2319 1401 2782 1472 ἐπιστατικωτερον
2831 1399 3285 1454 ἀνακοινωσασθαι
3351 1412 3486 1470 νοῦν,
3551 1405 3580 1462 ἡ
3651 1406 3913 1456 πυθέσθαι

2315 1508 2385 1548 τι,
2425 1488 2460 1546 ἣ
2507 1487 3016 1559 ξυμϐουλεύσασθαι,
3059 1496 3147 1543 καὶ
3195 1489 3298 1544 ὧδε
3349 1491 3560 1545 κάκεῖσε
3606 1501 3666 1564 τῇ
3703 1491 3915 1565 διανοίᾳ

2315 1577 2744 1651 περικλεῲάμενος
2774 1575 2961 1628 οὐδένα
3017 1579 3138 1651 ὁρῶ,
3191 1589 3524 1656 παραχρῆμα
3579 1581 3626 1642 ἐς
3675 1586 3760 1633 τόν
3817 1586 3910 1653 μέ-

2235 1679 2276 1733 B
2311 1685 2408 1736 γαν
2470 1675 2568 1716 τῶν
2636 1665 3053 1718 Θεσσαλονικέων
3119 1673 3337 1740 ποιμένα
3402 1672 3501 1722 ὑπό
3555 1679 3648 1732 τῆς
3687 1675 3912 1742 ποίμνης

2311 1753 2590 1826 ἀνάγομαι,
2623 1759 2712 1806 καὶ
2753 1759 2938 1806 στένων
2979 1753 3337 1829 ἀνακαλονμαι
3381 1763 3468 1810 τόν
3525 1762 3660 1810 κατά
3705 1768 3913 1832 πνεῦμα

2309 1848 2526 1916 πατέρα,
2569 1845 2656 1894 τὸν
2715 1845 3038 1913 καθηγητὴν,
3075 1849 3158 1896 τόν
3209 1851 3528 1920 παρήγορον,
3583 1852 3668 1899 τὸν
3709 1847 3910 1919 ἀγαθόν

2307 1931 2622 2003 σύμϐουλον,
2652 1935 2738 1982 τὸν
2787 1935 2832 1992 ἐς
2863 1933 3016 1998 ἅπαν,
3052 1933 3127 2004 ἐφ’
3159 1935 3258 2004 ὅτῳ
3315 1937 3374 1986 οἶν
3417 1955 3496 1997 τις
3541 1933 3731 2000 δέοιτο,
3797 1941 3910 1989 ἰκα-

2304 2027 2548 2074 νώτατον.
2607 2025 2708 2072 Καὶ
2761 2019 2844 2072 ἐπὶ
2890 2023 3091 2084 τούτοις
3155 2033 3444 2094 στεναγμοῦ
3485 2027 3674 2085 καπνός
3707 2024 3764 2076 ἐκ
3807 2035 3909 2076 τῶν

2306 2114 2524 2183 στέρνων
2593 2107 2942 2182 ἀναθρώσκων
3017 2116 3107 2161 xui
3170 2115 3228 2164 τὸ
3299 2113 3679 2184 ὑποτυφόμενον
3757 2112 3909 2167 ἔνδον

2303 2198 2674 2268 ὑποσημαίνων
2721 2205 2824 2269 πῦρ
2858 2210 2873 2225 ⁶
2931 2198 3052 2268 ὅπερ
3107 2201 3176 2258 ὡς
3228 2195 3322 2251 διά
3373 2219 3519 2252 τινων
3575 2203 3911 2274 σϐεστηρίων

2303 2286 2555 2360 ὀργάνων,
2620 2293 2718 2336 τῶν
2779 2293 2882 2337 σῶν
2937 2290 3279 2358 γραμμάτων,
3341 2289 3576 2361 ὑπολὲγει
3641 2295 3752 2362 μὲν,
3797 2291 3914 2344 ἀλλ’

2301 2375 2358 2426 οὐ
2416 2379 2504 2426 xui
2570 2376 2817 2448 παράπαν
2878 2375 3276 2434 ἀποσϐέννυται.
3328 2377 3396 2429 Ὢ
3449 2383 3798 2451 γραμμάτων,
3877 2380 3914 2432 ἃ

2302 2460 2395 2514 διὰ
2447 2467 2504 2514 τό
2555 2471 2787 2534 συνεχῶς
2847 2463 2978 2514 ἄλλα
3043 2463 3120 2516 ἐπ’
3177 2465 3354 2528 ἄλλοις
3402 2467 3760 2540 ἁρμόττεσθαι
3817 2463 3914 2522 καἰ

2302 2553 2638 2604 συντίθεσθαι
2687 2549 2956 2623 βαθμίὸας
2997 2553 3090 2604 οὐκ
3149 2554 3399 2626 ἀκόμψως
3429 2559 3540 2614 θείη
3568 2576 3648 2618 τις
3700 2556 3788 2626 ἂν,
3833 2555 3908 2612 δι’

2299 2641 2366 2690 ὧν
2431 2643 2560 2714 πρὸς
2619 2643 2862 2710 χθονίους
2917 2643 3052 2712 ἡμᾶς
3111 2644 3344 2694 καθιέναι
3395 2655 3750 2717 προνοητικῶς
3811 2647 3908 2700 οὐκ

2299 2725 2481 2794 ὀκνεῖς,
2515 2731 2539 2780 6
2579 2731 2672 2789 τάς
2730 2727 3029 2799 ἀνανίωγούς
3079 2739 3176 2780 τῶν
3219 2729 3408 2802 ἀρετῶν
3460 2733 3624 2784 πάλαι
3677 2739 3772 2786 καὶ
3813 2743 3904 2788 νὺν

2299 2816 2642 2889 ἀνερχόμενος
2675 2832 2688 2845 '
2745 2819 2813 2878 ὡς
2851 2817 3094 2882 ἐντεῦθεν,
3131 2819 3174 2870 εἱ
3223 2827 3310 2872 καὶ
3355 2825 3426 2892 μὴ
3479 2830 3550 2891 τῷ
3601 2833 3752 2895 χορῷ
3801 2834 3902 2874 τὼν

2299 2906 2524 2976 ἀγγέλων
2583 2905 2934 2969 ἐντάττεσθαι,
2999 2907 3120 2978 παρ’
3177 2906 3426 2978 ἀγγέλους
3485 2919 3609 2980 γοῦν
3667 2907 3821 2964 οὐδὲν
3863 2915 3893 2970 ἦ

2227 3024 2267 3079 C
2300 2994 2484 3067 βραχύ
2537 3015 2588 3046 τι
2643 2994 2985 3046 ἐλαττουσθαι
3031 3001 3120 3046 καὶ
3155 3001 3228 3066 σε,
3280 2997 3368 3050 ἁτε
3415 3005 3507 3057 τὴν
3562 3000 3717 3057 αὐτὴν
3769 3001 3902 3052 ἐκεί-

2299 3103 2399 3144 νοις
2465 3082 2804 3135 ἀναϐαίνοντα
2867 3090 2956 3136 καὶ
3021 3084 3400 3138 καταϐαίνοντα
3472 3087 3721 3160 κλίμακα,
3767 3091 3905 3161 Ἐγὼ

2301 3170 2360 3226 δε
2390 3175 2416 3224 6
2453 3169 2700 3234 δύσελπις
2741 3173 2818 3224 ἀεὶ
2867 3177 3010 3245 ᾤμην
3047 3183 3145 3226 τῶν
3177 3185 3266 3236 τῆς
3307 3183 3558 3246 Προνοίας
3593 3176 3909 3252 πατδδερκών

2301 3261 2560 3335 ϐλεφάρων
2607 3265 2705 3323 ἔξω
2769 3282 2868 3314 που
2921 3267 3144 3330 πίπτειν,
3203 3265 3297 3316 οὐκ
3348 3263 3522 3332 εἰδὼς,
3581 3271 3650 3328 ως
3698 3267 3914 3341 ἀγγέλῳ

2301 3347 2490 3420 τοιῷδε
2531 3356 2897 3422 πεπίστευμαι,
3019 3355 3085 3402 τά
3121 3354 3237 3404 κατ’
3285 3354 3373 3426 ἐμὲ
3423 3358 3730 3427 θαυμασίως
3773 3359 3918 3412 οἰκο-

2302 3449 2598 3512 νομουνται.
2647 3439 2758 3492 Οὐκ
2813 3439 3088 3511 ἀπέχρησε
3133 3445 3196 3494 τὰ
3247 3451 3342 3503 τῆς
3391 3449 3640 3518 προτέρας
3701 3467 3920 3520 προμη-

2308 3531 2442 3588 θείας
2463 3528 2706 3600 φιλότιμα
2729 3545 2740 3557 ⁸
2773 3533 2832 3580 τό
2859 3535 2976 3600 περὶ
3007 3529 3188 3600 λόγους
3218 3540 3318 3602 φῶς
3336 3547 3350 3560 ⁹
3375 3535 3404 3589 ἡ
3434 3533 3546 3584 κατ’
3571 3533 3708 3585 οἰκον
3745 3537 3922 3588 εἰσοί-

537 3634 677 3675 κισις
703 3629 718 3644 ⁸
747 3615 776 3672 η
809 3614 942 3664 κατά
965 3619 1166 3684 πνεῦμα
1194 3612 1486 3672 εἰσποίησις
1514 3630 1526 3642 ·
1579 3616 1604 3665 6
1637 3619 1912 3688 πορισμὸς,
1945 3618 2150 3668 ὁπόσων
2177 3614 2350 3677 ἐνδεὴς
2389 3616 2486 3688 ἐγὼ
2535 3617 2825 3690 ἄνθρωπος.
2863 3623 2974 3670 Οὺκ
3027 3617 3300 3692 ἀπέχρησε
3345 3629 3532 3690 ταῦτα,
3575 3621 3682 3674 ἀλλ’
3713 3628 3798 3677 ἔτι
3841 3633 3920 3699 μὴ

537 3711 738 3774 τοπικῲ
785 3703 814 3761 ἢ
841 3708 1076 3776 χρονικῷ
1108 3697 1440 3772 διαστήματι
1479 3697 1852 3774 διειργόμενος,
1881 3709 1976 3762 την
2023 3707 2168 3777 ἡμῶν
2211 3706 2388 3758 θάλπει
2441 3709 2669 3776 μνήμην,
2697 3711 2786 3756 καὶ
2815 3715 2908 3766 τῆς
2931 3711 3048 3778 περὶ
3077 3710 3214 3778 ἡμᾶς
3260 3707 3576 3781 ἐπιστροφῆς
3623 3697 3926 3788 sanemus,

535 3791 788 3846 ἄσϐεστον
837 3793 1091 3862 ἔναυσμα.
1119 3787 1188 3840 Ὦ.
1225 3797 1342 3850 νοῦς
1367 3785 1674 3860 πανδεχὴςῐ
1703 3793 1742 3842 ὡ
1774 3789 1946 3852 δέλτος
1969 3793 2152 3864 ψυχῆς
2177 3799 2434 3866 μνήμονος
2459 3793 2470 3846 !
2507 3793 2708 3866 βιϐλίον
2741 3793 2968 3866 ἀτεχνῶς
2999 3803 3152 3864 Θεοῦ,
3184 3796 3232 3847 ἐν
3325 3804 3503 3870 μυρίοι
3539 3785 3924 3875 γεγράμμεθα.

535 3881 692 3938 Ἀλλά
714 3879 1059 3954 ὃιατηρηθείη
1087 3881 1146 3929 τὸ
1175 3885 1274 3928 τῶν
1309 3877 1726 3930 Θεσσαλονικέων
1757 3881 2156 3952 εὐφεγγέστατον
2186 3893 2288 3955 φῶς
2314 3883 2592 3948 ἄσϐεστον,
2622 3887 2690 3945 ὡς
2728 3887 2828 3936 ὑπὸ
2869 3885 3030 3955 λοιπῴ
3073 3889 3237 3956 τούτῳ
3285 3896 3469 3960 πυρσῷ
3495 3891 3632 3942 κατά
3679 3897 3778 3950 τὴν
3821 3914 3926 3962 τοῦ

535 3972 656 4046 βιου
682 3973 1044 4042 νυκτομαχίαν
1068 3966 1411 4039 λαμπώμεθα.

529 4121 872 4180 IIl.Domino
889 4117 1226 4186 Eustathio,
1243 4118 1688 4190 archiepiscopo
1717 4121 2174 4178 Thessalonices.

2519 4123 2593 4181 Γ’.
2628 4131 2710 4196 Τῷ
2739 4121 3098 4182 Θεσσαλονίκη
3113 4145 3151 4196 ς,
3185 4133 3326 4197 xupr
3355 4125 3652 4200 Εὖσταθίῳ.

600 4263 852 4320 Maxime
879 4267 934 4317 te
965 4262 1147 4318 eil'ero
1170 4262 1474 4326 laudibus,
1511 4263 1888 4318 sanctissime
1909 4263 2174 4327 domine,
2207 4306 2208 4309 η

2355 4267 2576 4338 ’Υ-,ῐιώσω
2637 4287 2713 4330 σε,
2772 4271 3002 4320 θειότατε
3052 4265 3302 4338 δέσποτα,
3361 4271 3443 4322 ὅτι
3491 4271 3752 4334 ὑπελαϐἐς
3793 4295 3868 4347 με

2205 4305 2250 4357 D

525 4353 690 4425 quod
713 4367 808 4406 me
829 4351 1184 4406 sustinueris
1207 4353 1583 4408 vacillantem
1607 4353 1890 4408 manibus
1908 4369 1982 4408 ne
2005 4353 2176 4408 cade-

523 4458 672 4508 rem,
691 4445 796 4496 aut
824 4439 1063 4510 lapsum
1087 4439 1350 4506 elevasti,
1372 4441 1522 4496 sicut
1543 4442 1678 4513 quis
1700 4458 1957 4512 puerum
1989 4441 2175 4496 nandi

519 4529 622 4586 vix
659 4544 732 4584 ac
761 4543 834 4583 ne
871 4529 970 4582 vix
999 4527 1246 4598 quidem
1269 4529 1520 4598 peritum
1552 4530 1835 4586 manibus
1867 4535 2170 4600 arreptum

2287 4359 2382 4406 εἳτε
2440 4361 2592 4408 τοῦτό
2655 4356 2767 4408 ἐστι
2827 4361 2884 4408 τό
2951 4355 3242 4424 ὑπολαϐεῖν,
3287 4363 3720 4431 περιτρεπόμενον
3787 4361 3914 4422 ἤδη

2285 4447 2401 4495 τινὰ
2435 4445 2684 4516 μεγάλαις
2737 4451 2926 4518 χερσὶν
2971 4442 3330 4506 ὑποδέξασθαι
3385 4453 3474 4498 xui
3521 4447 3778 4520 ἀπεῖρξοιι
3811 4461 3920 4504 τοῦ

2283 4540 2582 4604 πτώματος,
2636 4538 2736 4586 εἴτε
2799 4536 3149 4604 ὑποκουφίσαι
3205 4531 3591 4606 κάταὸυόμενον
3621 4553 3634 4564 ·
3714 4541 3796 4600 ὡς
3873 4545 3922 4594 εἴ

519 4633 700 4692 super
721 4631 912 4688 aquas
943 4615 1110 4680 tollit,
1141 4631 1216 4670 ne
1242 4616 1320 4670 ab
1359 4618 1538 4672 undis
1561 4618 1973 4674 absorbeatur.
2005 4620 2175 4690 Equi—

2296 4641 2362 4684 ri;
2409 4621 2770 4676 ἀθαλάττωτον
2825 4619 2996 4675 παῖδα
3023 4627 3108 4674 καὶ
3161 4641 3251 4674 του
3294 4625 3556 4694 νήχεσθαι
3587 4623 3914 4700 ἀρτιμαθῆ,

515 4707 654 4764 dem
678 4707 728 4762 si
748 4721 822 4761 ex
847 4703 1128 4772 voragine
1159 4719 1356 4760 rerum
1384 4706 1794 4774 emergebam,
1841 4713 1904 4762 ut
1943 4723 2170 4778 aquam

514 4797 734 4854 salsam
755 4791 1264 4868 pusillanimitatis
1289 4791 1786 4860 biberem,littora
1803 4801 2002 4852 tamen
2035 4796 2170 4852 vitae

507 4885 708 4956 legere
753 4880 1021 4954 nequivi.
1060 4881 1142 4935 'l‘u
1179 4895 1324 4934 vero
1361 4879 1596 4936 bonum
1643 4884 1970 4954 pretiosum
2014 4885 2168 4941 creli-

505 4978 602 5030 tus
657 4973 930 5039 missum,
971 4968 1182 5026 oculus
1226 4969 1438 5026 Christi
1477 4969 1846 5028 illuminator
1885 4974 2010 5043 ubi,
2041 4991 2164 5046 quo

504 5063 570 5120 in
619 5067 774 5118 statu
815 5075 1014 5116 essem
1051 5073 1446 5128 cognoveras,
1489 5060 1806 5133 epistolam
1845 5065 2162 5134 porrexisti

503 5151 862 5216 salutarem;
891 5153 948 5203 et
971 5148 1270 5220 extemplo
1297 5149 1402 5222 qui
1421 5149 1630 5224 lapsus
1649 5157 1776 5207 erat
1795 5153 2156 5223 erigebatur,

501 5245 560 5297 et
598 5239 700 5312 qui
739 5237 918 5292 undis
959 5241 1192 5292 tantum
1247 5253 1371 5295 non
1427 5239 1753 5312 absorptus
1793 5248 1920 5310 erat
1955 5242 2158 5300 valida

496 5345 688 5388 manu
724 5327 1107 5384 retinebatur.
1153 5333 1290 5384 [nus
1319 5328 1564 5402 quidem
1607 5331 1808 5386 velum
1847 5347 1970 5386 non
2005 5331 2150 5402 vidi,

493 5417 660 5492 quod
692 5415 914 5488 Ulyssis
954 5431 1060 5488 per
1089 5431 1256 5472 mare
1293 5416 1577 5474 ﬂuctibus
1611 5419 1820 5488 jactati
1861 5419 2152 5476 membris

491 5521 826 5582 expansum
881 5503 1103 5562 mirum
1156 5503 1220 5560 in
1256 5505 1512 5564 modum
1551 5505 1975 5564 auxiliabatur.
2017 5509 2144 5580 Epi-

2280 4713 2373 4772 τὰς
2420 4719 2606 4787 χεῖρας
2645 4711 2932 4776 ὑπολαϐὼν,
2986 4715 3306 4784 μετεωρίζει,
3349 4717 3435 4763 καὶ
3494 4716 3587 4764 οὐκ
3645 4721 3761 4786 scim
3809 4724 3917 4770 πί-

2279 4820 2421 4852 πτειν
2496 4800 2797 4876 ὐπόϐρυχα.
2866 4799 3065 4870 Ἔγωγε
3139 4801 3236 4874 γὰρ
3313 4798 3406 4851 κᾶν
3483 4804 3920 4877 ἀνατέτραμμαι

2279 4885 2684 4950 σκοτοδινιάσας
2724 4889 2778 4940 ἐκ
2831 4897 2922 4948 τῆς
2975 4885 3204 4940 ἀστάτου
3267 4907 3365 4938 των
3417 4891 3755 4962 πραγμάτων
3819 4915 3922 4950 πε-

2273 4977 2684 5050 ριστροεησεως,
2739 4976 2832 5029 κάν
2899 4973 3041 5050 ὕδωρ
3108 4975 3466 5048 ὁλιγοπιστίας
3523 4976 3734 5040 ἐξέπιον
3821 4984 3923 5036 ἀλ..

2272 5071 2456 5138 μυρὸν,
2497 5067 2602 5138 οὐχ
2641 5067 2742 5126 οἷος
2800 5086 2852 5118 τε
2887 5067 2953 5117 ὢν
3011 5061 3134 5117 οὐδὲ
3191 5073 3306 5124 ταῖς
3363 5085 3452 5116 του
3513 5063 3634 5138 βίον
3708 5067 3924 5136 ἀκταῖς

2269 5153 2638 5226 ἐπινήχεσθαι.
2683 5153 2837 5208 Ἀλλά
2887 5157 2974 5220 σὺ,
3027 5149 3066 5204 ὦ
3119 5154 3250 5204 θεῖον
3307 5157 3396 5204 καὶ
3435 5157 3602 5204 κοινόν
3657 5153 3922 5230 ἀγαθὸν,

2268 5241 2307 5294 ὧ
2365 5249 2634 5318 φωσφόρον
2695 5247 2839 5316 ὄμμα
2913 5249 3159 5316 Φριστου,
3219 5243 3284 5302 ως
3357 5237 3513 5308 εἶδες,
3591 5243 3667 5302 ὡς
3735 5249 3924 5320 ἔγνως

2264 5333 2424 5392 οὕτως
2497 5335 2708 5404 ἔχοντα,
2785 5335 2872 5384 οἷα
2932 5340 3092 5405 χεῖρα
3149 5336 3382 5401 γενναίαν
3443 5331 3595 5382 καλὸν
3653 5341 3925 5412 γράμμα

2264 5421 2549 5493 ὑπωρεξας.
2611 5428 2710 5475 Καὶ
2769 5430 3108 5496 παραχρῆμα
3153 5421 3326 5494 ὄρθιος
3381 5421 3406 5470 6
3450 5424 3684 5488 πίπτων,
3737 5434 3846 5480 καὶ
3891 5433 3922 5484 ὁ

2260 5529 2450 5584 μικρόν
2510 5507 2742 5572 καταδὺς
2792 5521 2891 5562 τῶν
2921 5510 3163 5582 κυμάτων
3205 5513 3616 5582 κατωχρησατο.
3687 5518 3810 5569 Καὶ
3853 5519 3924 5574 τὸ
