4126 6272
292 167 391 222 333

1800 159 2165 221 EPISTOLE

3546 170 3656 231 334

302 291 383 360 μὶν
415 282 709 358 κρήδεμνον
748 292 849 347 τῆς
906 285 1066 348 Ἰνοῦς
1111 283 1206 338 οὐκ
1258 280 1402 354 οἶδα,
1456 286 1483 339 ὃ
1534 289 1588 338 τί
1641 304 1766 339 ποτε
1818 295 1876 358 τᾷ

2002 286 2157 344 stola
2183 285 2432 359 quidem
2460 288 2586 355 tua,
2607 302 2795 359 quam
2816 294 3109 365 tanquam
3127 293 3429 367 pectorale
3448 299 3653 367 gestas

301 376 504 449 τλήμονι
561 371 831 428 Ὀδυσσεῖ
922 380 1330 448 συνεισήνεγκεν,
1401 377 1486 428 ὅτε
1571 375 1897 448 θαλαττομο-

295 467 510 537 χθοὺντι
556 470 670 525 τοῖς
738 467 979 538 στέρνοις
1033 463 1156 517 αὐτό
1211 465 1521 517 ὑπετείτετο.
1562 469 1632 517 Τό
1686 483 1748 536 γε
1792 468 1896 536 μὴν

296 559 379 606 σόν
406 554 653 627 γράμμα,
683 552 710 604 ὃ
759 555 812 605 ἂν
867 560 975 613 τοῖς
1037 556 1264 626 στέρνοις
1311 557 1464 627 φέρω,
1518 556 1577 605 τό
1630 559 1732 605 πᾶν
1769 554 1896 625 ἡμῖν

287 647 376 694 καὶ
393 646 452 693 τὸ
483 641 603 694 ὅλον
631 648 731 702 τῆς
763 646 1031 715 σωτηρίας
1061 644 1340 716 εἰργασται
1374 662 1387 675 ο
1441 645 1532 694 καὶ
1569 637 1760 707 ταῦτα,
1813 642 1897 694 ὅτε

283 731 378 783 οὐκ
435 727 499 789 ἦν
550 734 676 801 ἡμῖν
709 729 851 790 ἐλπὶς
875 725 1087 782 τοιοῦδε
1114 729 1299 796 καλοῦ,
1329 734 1388 783 τό
1440 728 1675 802 ἄσχολον
1723 725 1893 782 εἰδόσι

283 827 376 879 τῆς
407 828 508 879 σῆς
560 818 846 888 ἁγιότητος
884 835 898 848 ο
955 820 1026 879 ὡς
1078 817 1269 890 μᾶλλον
1321 820 1383 872 οἶν
1436 816 1753 891 ἐπεπείσμην
1803 819 1893 870 τόν

286 908 599 961 Αἰθιοπικὸν
639 926 845 960 τουτονι
882 912 1428 979 γραμματοκομιστὴν
1481 906 1551 970 εἰς
1599 907 1893 978 λευκοχρῶ-

286 1017 357 1049 τοι
386 996 711 1071 μεταϐαλεῖν,
767 998 797 1056 ἦ
844 999 1066 1071 γράμμα
1109 1004 1202 1057 τῆς
1251 999 1535 1071 ἱερωτάτης
1573 1016 1669 1049 σου
1708 996 1892 1069 ψυχῆς

293 1087 426 1157 μετά
459 1093 642 1158 χεῖρας
683 1087 808 1159 οῐρτι
858 1084 1032 1137 λαϐεῖν
1064 1103 1077 1117 ’
1139 1085 1194 1137 ὃν
1246 1087 1383 1137 πάνυ
1431 1084 1768 1146 καταλλήλως
1823 1085 1892 1145 εἰς

290 1182 488 1233 Μωσήν
520 1171 755 1241 ἐξεδέξω,
792 1170 888 1227 διὰ
931 1177 988 1227 τὸ
1040 1174 1144 1226 οἷον
1183 1174 1241 1226 ἐκ
1287 1178 1481 1247 γνόφου
1533 1175 1890 1249 κατέρχεσθαι

284 1262 400 1315 ὅλον
438 1263 723 1335 ὑπόζοφον.
764 1261 897 1334 Ἐγὼ
938 1257 998 1315 δὲ
1043 1267 1134 1315 καὶ
1172 1266 1231 1314 τὸ
1280 1261 1519 1335 ἑπόμενον
1578 1261 1889 1332 συλλογίζο-

282 1372 400 1423 μαι,
453 1353 539 1404 ὅτι
584 1356 676 1404 καὶ
730 1352 796 1411 ὡς
848 1349 903 1402 ἐκ
936 1358 1069 1404 Θεοῦ
1124 1350 1328 1412 πλάκας
1373 1353 1580 1423 κομίζει
1643 1351 1712 1403 τὰ
1746 1352 1889 1421 παρὰ

284 1448 379 1492 σοῦ
420 1442 731 1514 γράμματα.
777 1442 994 1496 Μήποτε
1034 1434 1111 1509 δε,
1165 1436 1205 1489 ὧ
1269 1441 1524 1504 Δέσποτα,
1579 1443 1669 1490 καὶ
1739 1435 1887 1510 βάτῳ

280 1533 533 1601 καιομένη
593 1548 695 1581 που
745 1527 1020 1602 ὀρειϐατῶν
1064 1525 1418 1600 ἓντετύχηκεν,
1489 1523 1578 1579 εἶτ’
1609 1528 1704 1578 οὐκ
1734 1526 1887 1585 ἐνόη-

2004 374 2280 432 beneﬁca
2305 374 2416 431 fuit
2444 374 2506 430 in
2544 391 2642 432 me
2672 377 2985 452 salvando,
3019 379 3206 454 idque
3231 387 3501 456 tempore
3525 400 3649 457 quo

2002 469 2069 520 tu
2096 463 2345 520 minime
2369 462 2490 520 otio
2511 461 2891 523 abundabas.
2923 470 3239 527 Hominem
3267 487 3414 530 sane
3430 473 3652 530 Ethio-

2004 552 2206 625 picum
2228 566 2352 608 non
2376 551 2731 624 suspicabar
2743 553 2966 613 litteras
2988 559 3098 615 abs
3115 564 3171 615 te
3190 559 3367 617 nobis
3387 566 3645 634 portare;

2001 655 2186 713 quem
2212 656 2351 696 cum
2380 642 2578 712 Moyse
2595 647 3075 715 comparaverim
3096 648 3201 720 qui
3230 647 3383 706 facie
3404 650 3651 708 umbra-

2001 728 2133 784 tilie
2161 728 2423 785 tenebris
2452 729 2745 802 prorupit,
2778 737 2836 788 et
2864 733 2914 789 si
2943 735 3182 792 tabulas
3213 735 3453 794 divinas
3489 741 3646 812 Moy-

2002 832 2116 884 ses,
2144 821 2281 873 tuus
2301 816 2584 889 epistolas
2610 818 2848 877 divinas
2872 824 3315 893 portavit.Num
3340 826 3404 882 in
3430 827 3625 884 monti

1997 906 2115 962 bus
2143 922 2354 962 errans
2374 905 2599 963 rubum
2635 908 2784 966 vidit
2815 911 3125 968 ardentem
3154 914 3259 985 qui
3288 915 3415 986 ejus
3442 915 3648 988 palpe-

1997 995 2142 1052 bras
2158 994 2494 1051 combussit
2508 995 2538 1051 ?
2562 998 2679 1052 Nos
2697 1011 2838 1053 eum
2853 998 3193 1057 dummodo
3202 1001 3491 1073 epistolas
3510 1009 3647 1063 tuas

1998 1082 2170 1140 affert
2198 1098 2541 1155 prosperas,
2557 1083 2801 1141 luminis
2822 1088 3103 1145 nuntium
3128 1094 3187 1145 et
3205 1090 3319 1147 diei
3337 1089 3526 1149 ﬁlium
3547 1108 3647 1150 ve-

1995 1188 2301 1243 neramur,
2319 1171 2455 1229 licet
2469 1188 2607 1229 cum
2638 1178 2772 1230 cute
2796 1174 3078 1248 nigra.'l‘u
3094 1182 3293 1235 autem
3313 1194 3495 1252 perge
3511 1196 3644 1238 suco

1996 1275 2234 1317 currere
2264 1265 2329 1315 ut
2356 1264 2525 1332 pater
2549 1264 2607 1317 et
2652 1269 2985 1335 praeceptor
3012 1265 3299 1323 omnibus
3342 1268 3449 1341 qui
3486 1268 3645 1327 circa

1995 1349 2275 1405 virtutem
2303 1349 2366 1404 in
2394 1364 2593 1405 errore
2622 1350 3176 1422 deprehenduntur.
3204 1357 3377 1421 Quod
3411 1357 3643 1414 vicinus

1996 1438 2184 1493 hostis
2210 1441 2419 1492 contra
2435 1452 2548 1492 nos
2572 1441 3100 1510 propugnaculum
3129 1441 3351 1499 fecerat
3373 1443 3642 1501 dirutum

1996 1531 2104 1593 est,
2144 1525 2527 1596 graculorum
2573 1528 2992 1585 crocitantium
3034 1529 3407 1587 domicilium
3431 1533 3639 1591 evasit.

280 1637 364 1670 σεν
389 1616 730 1690 ἀποστρέψαι
759 1619 855 1678 τὰς
907 1615 1075 1686 ἅψεις.
1111 1620 1201 1667 καὶ
1246 1617 1390 1688 παρὰ
1434 1615 1588 1667 τοῦτο
1618 1619 1677 1666 τὸ
1706 1634 1876 1686 προσ-

1999 1616 2239 1687 Opusne
2282 1618 2569 1687 praeterea
2616 1615 2781 1672 aliud
2826 1617 3179 1674 conﬁciatur
3233 1619 3465 1690 ignoro.
3520 1624 3643 1692 Ego

276 1725 415 1757 ωπον
475 1703 900 1771 turno-6610010;
954 1704 1094 1758 Ἀλλ’
1151 1706 1177 1756 ὁ
1229 1707 1318 1777 μὲν
1374 1705 1465 1765 ἕως
1523 1703 1649 1779 ἡμῖν
1715 1724 1886 1779 γραμ-

272 1802 565 1869 ματοφορεῖ
628 1799 721 1847 καὶ
783 1797 970 1867 μηνύει
1042 1794 1224 1855 λευκὰς
1282 1798 1403 1869 περὶ
1462 1794 1558 1847 σοῦ
1625 1790 1884 1866 ἀγγελίας,

272 1890 363 1937 καὶ
418 1886 487 1945 εἰς
538 1883 764 1955 ἄγγελον
819 1887 987 1956 φωτὸς
1036 1889 1126 1936 καὶ
1183 1885 1382 1959 ἡμρας
1439 1886 1550 1936 υἱόν
1597 1884 1884 1953 τετάξεται,

269 1972 367 2025 κᾶν
417 1969 738 2044 ἕπιδερμίδι
788 1975 987 2045 σαρκὸς
1052 1972 1298 2045 μελαίνης
1355 1973 1647 2033 σκιάζεται.
1707 1976 1773 2024 Σὺ
1827 1967 1888 2024 δὲ

268 2066 378 2122 εἴης
438 2059 522 2113 ἀεὶ
571 2065 861 2122 πίπτοντας
912 2060 1008 2123 ἔξω
1052 2068 1146 2112 τοῦ
1189 2059 1350 2112 καλοῦ
1403 2059 1674 2131 ἐπανάγων
1721 2055 1885 2112 διδα-

270 2149 547 2211 σκαλικῶς
603 2149 716 2221 ἅμα
759 2148 852 2202 καὶ
906 2157 1200 2223 πατρικῶς.
1267 2152 1338 2202 Τό
1388 2147 1739 2222 ἐπιτείχισμα
1792 2155 1885 2201 τοῦ

270 2237 454 2293 δεινοῦ
512 2243 606 2291 καὶ
646 2235 912 2291 δυσκολου
964 2243 1190 2310 γείτονος
1241 2242 1443 2310 τῳτέως
1483 2242 1573 2311 μὲν
1627 2238 1700 2301 εὶς
1746 2242 1885 2290 κενὸν

268 2332 487 2401 ἔσχασε
538 2332 631 2380 καὶ
705 2332 895 2401 μυρίαι
956 2335 1181 2402 κορῶναι
1263 2327 1403 2398 αὐτῷ
1480 2326 1882 2402 ἐπικρώζουσιν.

1994 1702 2241 1776 quidem
2268 1718 2472 1758 senem
2502 1703 2685 1760 istum
2711 1720 2785 1761 ex
2813 1705 3019 1762 animo
3065 1705 3461 1780 deplorabam
3511 1711 3639 1783 qui,

1994 1792 2234 1849 nescius
2259 1807 2321 1847 se
2351 1796 2607 1847 mortem
2651 1792 2766 1849 sibi
2805 1798 3134 1865 maturare,
3164 1802 3376 1855 contra
3407 1798 3637 1854 vicinos

1993 1880 2209 1936 domos
2237 1886 2524 1937 ventosas
2555 1885 2613 1937 et
2643 1881 2837 1938 aerias
2862 1888 3205 1940 construere
3226 1886 3471 1942 studuit.
3495 1889 3645 1944 Ora-

1995 1969 2217 2025 tionem
2248 1973 2418 2024 tuam
2444 1969 2520 2024 de
2540 1969 2772 2040 jejunio
2791 1971 3068 2026 nondum
3088 1975 3346 2043 gustavi,
3370 1980 3428 2030 et
3447 1977 3643 2032 Mono-

1994 2056 2160 2113 diam
2190 2057 2291 2112 vix
2342 2056 2640 2130 inchoavi,
2671 2059 2725 2114 ei
2755 2059 2935 2131 plane
2972 2059 3184 2116 similis
3231 2061 3337 2134 qui
3371 2062 3643 2120 tabulam

1994 2146 2172 2202 lautis
2198 2145 2349 2202 cibis
2393 2145 2695 2214 refertam,
2736 2147 3098 2221 priusquam
3124 2152 3372 2219 tangere
3422 2153 3642 2225 possis,

1993 2239 2262 2292 removet
2288 2239 2347 2291 et
2383 2235 2685 2308 hospitem
2723 2234 2895 2294 falsis
2926 2237 3083 2294 escis
3113 2237 3297 2309 illicit,
3335 2245 3642 2313 postremo

1995 2324 2233 2396 decipit.
2266 2326 2418 2380 Deus
2450 2328 2505 2380 te
2525 2324 2872 2396 longaevum
2902 2324 3150 2383 reddat!

266 2415 410 2472 Εἰδ⁹
446 2416 846 2475 ἓπιτεκτήναιτό
901 2437 952 2469 τι
994 2421 1085 2469 καὶ
1134 2418 1228 2476 ἔτι,
1262 2415 1356 2468 οὐκ
1400 2412 1543 2471 οἶδα.
1590 2414 1921 2477 Ἐταλάνισα,
1960 2416 2036 2487 μὰ
2072 2418 2166 2472 τὴν
2213 2417 2310 2471 σὴν
2355 2417 2559 2486 σοφίαν,
2586 2416 2644 2465 τὸ
2691 2418 2889 2466 σαπτόν
2937 2418 3219 2488 γερόντιον,
3270 2417 3447 2492 οἵς(⁴ἶ)
3488 2437 3641 2493 σορο-

266 2516 461 2579 ηγείν
489 2506 658 2577 ἑαυτῷ
682 2504 981 2578 λαϐόμενον,
1005 2502 1365 2578 ἐποικοδομεῖν
1389 2509 1524 2557 κατὰ
1552 2513 1651 2557 τῶν
1674 2507 2035 2577 γειτονούντων
2065 2500 2333 2555 ἐπεϐάλετο
2355 2505 2557 2577 μέγαρα
2598 2501 2877 2575 ἠνεμόεντα
2909 2501 3088 2574 ἄλλως,
3122 2505 3196 2565 οἷς
3227 2502 3469 2578 ἀνεμιαῖα
3493 2506 3649 2579 ἠλέγο·

261 2599 511 2668 χθησαν,
543 2599 636 2647 καὶ
699 2596 770 2656 ὡς
796 2591 955 2668 αὖραι
988 2592 1205 2646 λυθέντα
1234 2588 1654 2664 διεφυσηθησαν.
1682 2600 1785 2646 Τοῦ
1836 2598 1956 2666 περὶ
1995 2594 2235 2650 νηστείας
2275 2590 2428 2661 λόγου
2474 2593 2617 2642 οὔπω
2664 2591 2972 2665 γεγεύμεθα,
3012 2599 3109 2654 τῆς
3156 2589 3216 2646 δὲ
3255 2591 3520 2667 μονῳδίας
3558 2615 3641 2649 το-

268 2692 480 2750 σοῦτον,
526 2684 651 2736 ὅσον
694 2683 740 2736 εἰ
769 2689 861 2736 καὶ
899 2685 1159 2757 τράπεζαν
1196 2685 1504 2756 παραφέρων
1534 2701 1629 2753 τις,
1661 2681 1803 2754 ὄψων
1854 2680 2051 2735 πολλῶν
2098 2684 2189 2732 καὶ
2228 2678 2397 2731 καλῶν
2435 2682 2718 2751 γέμουσαν,
2762 2684 2883 2754 πρὶν
2928 2680 2959 2738 ἣ
3004 2685 3095 2733 καὶ
3136 2689 3327 2755 χεῖρας
3355 2680 3636 2755 ίπιϐαλεῖν,

266 2773 420 2834 εὐθὺς
447 2777 788 2846 ἦρπασε,τόν
820 2769 1113 2844 δαιτυμόνα
1151 2769 1294 2843 ἀφεὶς
1319 2769 1678 2843 ἔπιχαίνοντα,
1723 2775 1814 2823 καὶ
1851 2776 1981 2843 μόνῃ
2008 2776 2070 2842 τῇ
2105 2768 2222 2840 ἅψει
2261 2767 2481 2842 ἀνιαρῶς
2525 2766 2974 2841 παραψαύσαντα.
3015 2774 3137 2828 Δοίη
3198 2789 3284 2823 σοι
3324 2775 3450 2833 Θεὸς
3497 2773 3637 2834 ζωὴν

263 2866 678 2935 μακροχρόνιοι

478 2967 548 3026 Δ’.
586 2970 727 3041 Πρὸς
756 2969 846 3019 τὸν
873 2966 1029 3019 αὐτὸν
1058 2966 1213 3019 αὐτὸν
1244 2966 1651 3028 Θεσσαλονίκης.

332 3074 392 3127 Ὀ
468 3071 523 3128 δ’
600 3070 666 3126 αὖ
732 3073 888 3126 πάλιν
957 3076 1204 3148 ἔμφορτος
1269 3073 1468 3126 πολλῶν
1546 3075 1869 3146 γραμμάτων

261 3172 487 3231 καπνοῦ,
544 3162 677 3237 τάχ’
736 3162 799 3215 ἂν
857 3166 990 3238 πρὸς
1034 3166 1121 3215 τὸν
1181 3166 1725 3237 γραμματοκομιστὴν
1781 3165 1869 3214 τὸν

258 3258 499 3330 παρόντα
526 3252 863 3326 κομψεύσαιο
897 3272 911 3285 ο
964 3256 1055 3304 καὶ
1105 3250 1225 3324 μάλ’
1279 3250 1502 3312 ἀληθῶς.
1552 3247 1719 3303 οὐδὲν
1765 3253 1867 3325 γὰρ

260 3343 329 3393 τα
370 3343 602 3416 ἡμέτερα
647 3347 817 3392 ταῦτα
859 3339 889 3398 ἦ
945 3344 1139 3398 καπνός
1170 3352 1185 3368 ⁸
1239 3343 1521 3413 τεκμήριον
1570 3342 1723 3410 μόνον
1777 3344 1868 3390 τοῦ

260 3430 386 3502 παρ’
444 3432 572 3502 ἡμῖν
649 3426 949 3489 ἁσϐἐστους
1004 3428 1332 3480 ὑποκάεσθαι
1410 3428 1487 3479 ἔτι
1550 3430 1672 3489 τοὺς
1749 3429 1870 3487 σοὺς

262 3520 488 3591 θερμοὺς
517 3521 712 3591 ἔρωτας
735 3538 748 3550 ο
784 3519 851 3568 τὰ
894 3512 955 3569 δὲ
983 3535 1041 3589 γε
1080 3514 1210 3568 ἀλλα
1239 3521 1309 3577 εὶς
1351 3513 1479 3588 ἀέρα
1525 3511 1868 3587 σκιδνάμενος

259 3613 350 3658 καὶ
380 3607 649 3680 λυόμενος.
683 3605 745 3658 Εἰ
785 3601 846 3657 δέ
883 3623 968 3657 σοι
1019 3610 1110 3657 καὶ
1167 3604 1423 3676 φίλτατος,
1474 3604 1554 3657 ὅτι
1605 3611 1701 3665 τῆς
1729 3603 1866 3675 λόγῳ

260 3716 318 3748 σε
370 3696 700 3771 θρεψαμένης
758 3693 1110 3769 ἀποθρώσκει,
1168 3701 1320 3747 τουτο
1377 3694 1541 3765 λέγοις
1611 3696 1703 3765 μεν
1773 3698 1865 3745 αὺ-

258 3790 346 3848 τός
383 3799 397 3811 ·
458 3783 717 3857 ἀκούομεν
774 3779 834 3836 δὲ
902 3785 1064 3855 ἡμεῖς.
1124 3782 1264 3840 Πλὴν
1329 3789 1420 3835 καὶ
1472 3782 1602 3834 οὕτω
1648 3788 1858 3843 καπνός.

262 3877 360 3925 Καὶ
380 3875 528 3946 ποιρά
570 3879 752 3942 τοῦτο,
800 3869 969 3943 οζιιαι,
1008 3876 1098 3923 καὶ
1127 3873 1153 3922 ὁ
1184 3871 1414 3943 κομίξων
1444 3874 1711 3943 καπνηρὸς
1746 3870 1862 3932 ὅλος

258 3968 345 4013 καὶ
398 3966 530 4035 γρηὶ
581 3966 801 4032 καμινοῖ
842 3963 974 4019 ἴσος.
1028 3958 1159 4012 Ἀλλ’
1191 3961 1217 4011 ὁ
1270 3956 1482 4012 τοιόσδε
1529 3964 1618 4011 καὶ
1665 3960 1731 4011 ὧν
1770 3966 1861 4013 καὶ

257 4052 393 4105 ἥκων
448 4046 656 4103 ἐνθένδε
704 4048 949 4111 στιλπνὸς
1007 4050 1131 4120 ἡμῖν
1175 4052 1423 4106 ἐπανήκοι
1452 4080 1520 4087 —
1549 4057 1658 4108 πῶς
1699 4051 1858 4109 εἴποις

256 4169 322 4178 --
351 4146 442 4192 καὶ
472 4135 607 4192 ἰδεῖν
647 4134 873 4199 ἧδιστος
917 4142 1008 4189 καὶ
1033 4134 1250 4210 φαιδρὸς
1288 4137 1541 4209 λάμποντι
1576 4144 1854 4209 προσώπῳ,

1907 2964 1947 3020 C
2034 2965 2128 3020 IV.
2157 2963 2253 3019 Ad
2281 2963 2549 3019 eumdem
2587 2961 3026 3019 Thessalonice:
3047 2965 3594 3037 archiepiscopum.

2050 3073 2197 3126 Ecce
2232 3069 2447 3125 iterum
2479 3067 2793 3124 hominem
2826 3083 3055 3141 vapore
3086 3069 3392 3142 epistolari
3422 3071 3633 3131 admo-

1978 3158 2124 3214 dum
2141 3160 2476 3227 oneratum,
2493 3155 2676 3224 dices,
2699 3155 3080 3213 tabellarium
3100 3163 3375 3215 nostrum
3394 3160 3629 3235 videns,

1977 3252 2037 3303 et
2057 3246 2225 3303 omni
2248 3245 2402 3318 jure.
2437 3244 2740 3318 Quidquid
2782 3246 2944 3303 enim
2981 3247 3302 3306 scribimus
3325 3266 3519 3325 vapor
3542 3253 3630 3309 in-

1976 3337 2110 3394 anis
2129 3341 2218 3393 est
2242 3335 2541 3409 simulque
2565 3335 2790 3391 amoris
2809 3337 2999 3393 nostri
3025 3337 3293 3396 ardentis
3311 3340 3624 3398 indicium.

1978 3427 2167 3492 Quem
2197 3425 2248 3481 si
2288 3440 2461 3481 amas
2503 3424 2647 3497 quia
2676 3440 2749 3480 ex
2778 3424 2926 3482 urbe
2958 3427 3228 3484 ascendit
3253 3443 3391 3503 quae
3420 3430 3628 3489 litteris

1977 3520 2030 3569 te
2060 3513 2276 3570 imbuit
2294 3513 2392 3569 dic
2416 3512 2594 3570 nobis
2620 3529 2635 3581 ;
2662 3511 2879 3586 volupe
2908 3514 3071 3571 enim
3099 3515 3278 3574 nobis
3306 3521 3629 3593 est.Vapor

1973 3603 2038 3659 id
2064 3601 2229 3676 quod
2266 3617 2395 3658 esse
2417 3617 2541 3658 non
2579 3601 2815 3670 desinit,
2847 3618 3035 3676 quare
3069 3605 3250 3661 etiam
3270 3607 3375 3678 qui
3401 3614 3622 3679 portat,

1971 3691 2142 3762 niger
2162 3696 2251 3747 est
2277 3696 2341 3747 ut
2367 3691 2854 3749 atramentarius.
2881 3694 3190 3765 Utcunque
3214 3694 3275 3749 id
3308 3695 3399 3766 sit,
3431 3698 3624 3753 redux

1973 3780 2147 3835 nobis
2177 3779 2473 3836 candidus
2502 3779 2636 3837 visu
2673 3795 2744 3835 ac
2785 3779 3140 3851 splendidus
3183 3788 3434 3852 apparet
3464 3789 3622 3855 post-

1970 3885 2156 3941 quam
2188 3874 2243 3925 te
2273 3868 2422 3923 facie
2460 3866 2901 3939 contemplatus
2930 3872 3016 3921 est
3047 3867 3157 3923 abs
3188 3874 3365 3939 teque
3396 3870 3618 3941 episto-

1967 3956 2076 4012 lari
2096 3973 2247 4012 zona
2260 3956 2487 4011 cinctus
2512 3955 2707 4011 fuerit.
2737 3954 2824 4009 Ab
2845 3970 2914 4009 eo
2946 3955 3305 4011 sciscitando
3328 3959 3617 4013 sanctitas

1966 4054 2068 4101 tua
2100 4046 2409 4118 quomodo
2437 4061 2546 4101 1105
2580 4044 2692 4115 ipsi
2718 4043 3026 4098 valeamus
3048 4046 3392 4115 comperiet.
3422 4050 3616 4104 Domi-

1968 4152 2081 4191 nus
2108 4134 2384 4207 precibus
2412 4134 2525 4187 tuis
2558 4132 2854 4187 exauditis
2881 4133 3173 4203 propitius
3206 4133 3351 4189 mihi
3385 4138 3542 4192 esto!

257 4225 310 4278 ἐκ
330 4236 425 4291 τῆς
454 4235 551 4288 σῆς
579 4223 844 4285 δήποῡθεν
884 4228 1273 4295 αὐτοπτὴσεως,
1302 4232 1391 4278 καὶ
1419 4234 1511 4278 τοῦ
1542 4235 1728 4278 κεστου
1756 4235 1852 4278 των
1883 4224 2202 4299 γραμμάτων
2237 4242 2329 4274 σου
2359 4217 2824 4292 ἑπισχεδιάζοντος
2863 4220 3003 4290 αὐτῴ
3033 4225 3089 4272 τὸ
3130 4221 3352 4297 ἐπιχαρι
3386 4240 3396 4252 °
3432 4224 3481 4284 ὃς
3530 4232 3619 4279 καὶ

256 4323 318 4388 τῇ
354 4324 421 4388 σῇ
456 4316 703 4389 ἁγιότητι
733 4312 889 4378 αὖθις
927 4314 1191 4388 ἀναγγελεῖ
1238 4318 1305 4368 τὰ
1345 4315 1462 4368 καθ’
1507 4317 1664 4388 ἡμᾶς,
1699 4317 1831 4376 ὅπως
1861 4316 2097 4386 ἔχουσιν,
2134 4310 2299 4371 Ἲλεως
2331 4317 2406 4366 εῖη
2430 4328 2522 4381 μοι
2569 4312 2718 4381 Θεὸς,
2764 4304 2861 4360 διὰ
2882 4316 2980 4361 τῶν
3011 4318 3112 4361 σῶν
3146 4312 3432 4385 ἱερωτάτων
3455 4316 3620 4367 ἐντεύ-

258 4403 401 4464 Eam.

470 4528 540 4584 E'.
580 4536 668 4600 Τῷ
714 4528 1078 4587 Θεσσαλονίκη
1091 4550 1130 4600 ς,
1171 4536 1313 4602 κυρῷ
1352 4528 1646 4600 Εὐσταθίῳ.

330 4634 613 4710 ’Δγιὼτατε
692 4633 955 4705 δέσποτα,
1043 4632 1167 4689 οἶδα
1241 4641 1331 4695 τὴν
1399 4639 1680 4709 ἱερωτάτην
1766 4654 1861 4686 σου

257 4723 439 4798 ψυχήν
470 4732 569 4786 τήν
601 4726 768 4784 αὐτὴν
795 4720 983 4792 οὖσαν,
1024 4725 1083 4778 οὐ
1113 4725 1303 4798 μᾶλλον
1342 4724 1390 4776 ἓν
1424 4732 1495 4795 τῷ
1538 4724 1863 4795 ἁναλλοιὼτῳ

253 4832 347 4866 των
392 4815 586 4870 λοιπῶν
639 4815 814 4868 καλῶν
858 4815 894 4874 ἧ
953 4821 1017 4887 τῇ
1070 4818 1189 4888 περὶ
1238 4815 1378 4887 ἡμᾶς
1435 4811 1671 4866 διαθέσει
1718 4832 1810 4865 σου
1844 4829 1857 4843 ·

253 4900 448 4967 οὐδενός
495 4909 601 4981 γὰρ
647 4904 817 4957 καλοῦ
868 4907 1214 4976 μεταπίπτειν
1268 4904 1597 4976 μεμάθηκας,
1645 4900 1752 4954 ἀλλ’
1810 4899 1861 4963 ἐς

258 4993 612 5068 αριϐέστερον
670 4991 872 5067 μᾶλλον
929 4990 1231 5063 ἕγκάεσθαι.
1280 4996 1381 5044 Καὶ
1445 4991 1729 5064 γράμμασι
1772 4993 1862 5062 μὲν

257 5080 390 5136 οὐδὲν
432 5086 463 5144 ἡ
510 5090 695 5159 μικρῷ
744 5083 1035 5152 προσέχεις
1081 5076 1176 5132 διὰ
1213 5078 1384 5152 φιλίαν
1423 5083 1858 5153 χαραττομένοις,

257 5170 311 5233 εἰς
350 5174 539 5248 ψυχὴν
612 5169 679 5225 δὲ
733 5168 933 5243 μᾶλλον
977 5172 1309 5242 προκύπτεις,
1363 5168 1599 5221 κάκεῖθεν
1663 5165 1863 5240 λαμϐά-

248 5280 328 5327 νεις
354 5269 409 5318 τὸ
440 5274 540 5327 τῆς
606 5258 841 5332 ἀγάπης
898 5254 1171 5327 ἐχέγγυον.
1220 5254 1381 5321 Οἶδα,
1413 5258 1495 5309 ὅτι
1546 5264 1632 5307 νῦν
1672 5256 1861 5329 μᾶλλον

239 5356 263 5417 ἢ
328 5360 589 5433 πρότερον
664 5349 742 5400 τὰ
799 5343 919 5395 καθ’
972 5346 1114 5416 ἡμᾶς
1178 5343 1325 5408 ἐλεεῖς
1388 5348 1415 5398 ὀ
1465 5344 1857 5433 φιλάνθρωπος-θ

222 5452 300 5504 καὶ
596 5438 771 5494 ἐλεῶν
834 5435 1206 5508 προσπάσχεις
1263 5430 1574 5509 δριμύτερον
1601 5448 1616 5462 ο
1684 5437 1746 5487 τὸ
1803 5429 1865 5487 δε

1890 4528 1935 4582 D
1972 4526 2303 4582 V.Domino
2332 4523 2655 4580 Eustathio
2692 4524 3131 4582 Thessalom’ces
3152 4526 3618 4598 archiepi'scoyio.

2044 4631 2429 4688 Sanctissime
2446 4631 2709 4693 domine,
2724 4631 2908 4702 probe
2926 4632 3085 4704 novi,
3107 4634 3429 4691 candidam
3455 4640 3617 4691 tuam

1970 4721 2240 4777 animam
2267 4731 2398 4776 tum
2427 4719 2593 4792 quod
2623 4719 2857 4776 bonum
2882 4726 3229 4795 rectumque
3260 4730 3351 4778 est
3383 4730 3621 4795 semper

1970 4811 2162 4882 sequi,
2179 4824 2413 4881 nosque
2434 4809 2649 4865 eodem
2671 4824 2908 4881 semper
2929 4824 3135 4866 amore
3149 4811 3617 4882 amplecti.Nun-

1970 4914 2159 4971 quam
2209 4898 2288 4954 ab
2316 4897 2582 4953 honestis
2619 4897 2853 4953 artibus
2880 4898 3196 4967 recessisti,
3238 4900 3362 4954 imo
3409 4916 3618 4957 earum

1968 4987 2221 5058 vestigia
2250 5001 2491 5058 semper
2518 4986 2808 5058 pressisti.
2832 4986 3273 5043 Commercium
3303 4989 3620 5060 epistolare

1969 5076 2122 5132 inter
2153 5074 2382 5131 amicos
2411 5079 2466 5130 te
2495 5090 2715 5146 parum
2746 5079 2971 5143 movet,
3007 5076 3114 5148 qui
3153 5091 3227 5131 ex
3257 5076 3388 5133 sola
3417 5080 3622 5134 anima

1969 5164 2197 5225 amoris
2220 5163 2444 5236 pignus
2471 5168 2528 5219 et
2566 5162 2983 5219 certitudinem
3011 5165 3237 5220 hauris.
3282 5165 3347 5219 Id
3376 5182 3620 5238 quoque

1973 5254 2095 5310 scio
2117 5260 2171 5310 te
2196 5269 2306 5326 pro
2327 5253 2701 5309 humanitate
2721 5258 2826 5308 tua
2844 5268 2935 5307 res
2953 5258 3189 5310 nostras
3208 5254 3371 5309 cordi
3396 5255 3618 5309 habere

1971 5347 2030 5399 et
2057 5358 2168 5399 nos
2189 5357 2396 5399 amore
2421 5341 2707 5397 continuo
2736 5339 3017 5412 amplecti
3038 5358 3109 5397 ac
3133 5342 3356 5398 fovere.
3390 5342 3448 5397 Si
3478 5342 3619 5397 dein

1973 5433 2215 5488 amatus
2233 5429 2538 5502 redamas,
2565 5441 2677 5498 ego
2707 5426 2815 5485 tibi
2842 5426 3054 5484 similis
3097 5442 3224 5485 non
3249 5443 3422 5496 sum;
3453 5427 3621 5498 quod
