4126 6272
529 231 632 286 335

528 531 717 592 animi
743 531 965 588 affectu
999 528 1318 587 sanitatem
1347 533 1405 585 et
1430 529 1877 600 longaevitatem
1903 535 2066 603 opto.

1405 221 1776 282 MICHAELIS
1805 223 2190 283 ACOMINATI
2217 220 2648 285 ATHENARUM
2668 227 2987 288 ARCHIEP.

529 354 690 410 enim
718 349 1028 424 publicani
1069 349 1316 414 faciunt,
1344 351 1656 423 quomodo
1686 367 1782 408 res
1812 350 2021 422 magni
2046 367 2173 408 mo-

526 443 710 500 menti
743 455 877 498 esse
904 440 1123 513 poterit
1142 439 1170 495 ?
1196 443 1280 496 Me
1315 439 1661 497 amantibus
1690 457 1761 499 eo
1799 456 1922 514 quo
1951 456 2063 514 par
2086 445 2179 500 est

2200 352 2247 407 A
2286 353 2633 428 ἀφθονώτερον
2685 358 2856 427 τρέφει
2905 358 2966 408 τό
3028 363 3118 417 τῆς
3170 352 3356 429 ψυχῆς
3413 355 3754 433 διακείμενον.
3816 363 3875 417 Εἰ

2287 439 2345 495 δὲ
2372 445 2430 495 τὸ
2461 446 2532 508 μὴ
2565 441 2765 514 ἀγνοεῖν
2795 442 3130 518 ἀγαπώμενον
3186 442 3272 499 οἷδ
3277 465 3298 498 ε
3354 451 3544 500 τίκτειν
3593 449 3870 527 ἀντέρωτα,

2283 539 2433 584 τούτο
2481 531 2613 584 ὀκνῶ
2655 534 2944 605 κομπάζειν
2997 535 3126 606 ἐγὼ,
3171 535 3250 588 ὅτι
3306 533 3446 608 μηδε
3504 540 3634 590 πάνυ
3691 544 3872 613 σεμνόν

600 626 864 678 Praesens
891 617 1234 676 monachus
1268 617 1580 675 timidioris
1609 618 1828 676 indolis
1859 619 2040 676 frater
2087 621 2178 677 est

2282 624 2371 673 καὶ
2423 623 2481 672 τὸ
2525 623 2670 693 παρὰ
2719 622 2961 683 τελώναις
3008 624 3186 687 αύτοῖς
3231 627 3676 701 κατορθούμενονο
3733 631 3876 682 ἐπεύο

526 709 890 769 venerabilis
917 707 1201 765 Demetrii
1230 707 1626 780 Thessali,cui
1649 708 1870 766 auxilio
1889 713 1992 766 tuo
2017 724 2172 782 opus

527 804 636 860 est.
683 802 933 858 Fruatur
986 798 1168 868 igitur
1231 798 1598 869 benignitate
1636 803 1739 857 tua
1781 815 1853 856 ac
1904 798 2173 872 paterni-

524 896 670 950 tate.
698 921 768 932 —
786 892 943 948 Deus
963 887 1113 947 mihi
1139 887 1434 962 propitius
1455 892 1582 947 esto
1613 888 1695 947 ob
1724 904 1927 948 sacras
1964 903 2174 962 preces

523 986 681 1039 tuas.

2279 728 2451 781 χομαι
2495 705 2554 763 δε
2601 718 2673 762 τῶ
2731 710 3070 783 ἀγαπήσαντι
3115 714 3254 785 ἡμᾶς
3311 716 3376 776 ὡς
3434 715 3581 788 αἰτίῳ
3635 722 3724 770 καὶ
3779 726 3869 780 τῆς

2282 795 2690 870 ἀνταγαπήσεως
2766 801 2996 872 ὑγιεινὴν
3079 802 3218 862 ζωὴν
3292 808 3382 856 καὶ
3444 804 3750 880 μακρόϐιον.
3815 813 3872 859 ‘0

2281 885 2495 948 εὐλαϐὴς
2539 887 2684 949 οὗτος
2721 893 2958 962 μοναχός
3006 887 3225 959 ἀδελφός
3271 889 3384 945 ἐστι
3449 902 3540 946 τού
3579 900 3871 968 μακαρίτου

2283 980 2547 1050 Δημτρίου
2600 983 2693 1028 τοῦ
2744 978 3026 1046 Θετταλοῦ,
3082 983 3170 1032 καὶ
3217 975 3388 1034 δεῖται
3431 990 3526 1044 τῆς
3578 990 3673 1046 σῆς
3727 986 3874 1037 άντι-

523 1068 846 1141 “qum...”
870 1064 1244 1122 ,Απολαυσσετω
1282 1074 1406 1140 ,γοῦν
1434 1074 1524 1129 τῆς
1549 1067 1644 1129 σὴς
1674 1064 2016 1140 ἁγαθιπητος,
2049 1065 2123 1121 δι’
2145 1068 2207 1127 ἧν
2225 1083 2278 1119 τε
2312 1061 2452 1137 εἶχες
2484 1067 2554 1128 εἰς
2593 1064 2782 1120 ἐκεῖνον
2810 1073 3070 1143 πατρικὴν
3091 1064 3350 1138 διάθεσιν,
3382 1075 3472 1124 καὶ
3511 1067 3604 1125 διὰ
3631 1077 3726 1133 τὴν
3750 1075 3873 1147 ἡμε-

524 1165 676 1232 τέραν
711 1156 948 1221 ἀξίωσιν.
972 1155 1140 1218 Ἵλεως
1161 1159 1238 1216 εἴη
1267 1175 1357 1228 μοι
1397 1159 1529 1219 Θεὸς
1558 1152 1593 1209 δ
1599 1159 1652 1209 ra
1678 1165 1778 1212 τῶν
1807 1165 1909 1210 σῶν
1943 1158 2230 1231 ἱερωτάτων
2261 1155 2475 1227 εὺχιῶν.

519 1283 612 1342 VI.
625 1283 879 1340 Domino
896 1279 1685 1350 Eustathio,Thessalonices
1701 1282 2165 1353 archiepiscopo.

592 1394 812 1448 Tecum
841 1404 976 1447 esse
1004 1388 1206 1461 velim,
1228 1388 1465 1446 domine
1489 1388 1914 1458 sacratissime,
1942 1389 2168 1446 luctus~

521 1490 640 1554 que
668 1476 849 1537 vestri
882 1478 1186 1551 particeps
1219 1493 1373 1546 esse,
1405 1481 1463 1536 et
1508 1477 1823 1534 concinere
1847 1493 1988 1534 cum
2017 1478 2170 1535 Jere-

519 1569 644 1628 mia
655 1571 758 1626 aut
772 1566 953 1624 etiam
967 1565 1262 1622 Ezechiele
1277 1566 1652 1640 nostro,quia
1662 1565 1806 1622 urbs
1818 1571 1921 1624 tua
1931 1566 2143 1624 eadem
2152 1609 2167 1638 ,

517 1667 644 1731 qua
680 1656 825 1714 olim
845 1655 1052 1712 civitas
1083 1659 1312 1725 sancta,
1342 1654 1679 1712 calamitate
1708 1657 2018 1728 premitur.
2053 1655 2168 1712 Sed

517 1758 657 1801 cum
689 1744 805 1801 hoc
849 1742 1114 1801 maxime
1156 1747 1424 1816 tempore
1472 1745 1733 1816 separati
1775 1759 2006 1815 sumus,
2055 1743 2167 1801 has

515 1828 624 1890 tibi
652 1828 882 1890 litteras
931 1832 1127 1888 luctus
1153 1831 1274 1889 mei
1302 1835 1480 1888 testes
1509 1832 1701 1890 mitto.
1725 1834 1868 1899 Quae
1907 1832 2052 1889 urbs
2086 1832 2166 1890 ab

513 1918 790 1980 hostibus
811 1924 990 1994 capta
1010 1926 1098 1978 est
1122 1922 1134 1976 l
1163 1921 1360 1977 Prima
1377 1920 1656 1977 videlicet
1675 1924 1814 1994 post
1833 1921 2094 1994 primam
2110 1924 2168 1979 et

513 2011 788 2069 omnium
819 2026 954 2068 vere
984 2010 1255 2080 reginam
1283 2011 1294 2065 ἔ
1319 2014 1616 2083 quantum
1654 2012 2035 2067 Romaeorum
2072 2010 2165 2066 in-

511 2101 844 2159 fortunium
876 2099 966 2156 sol
986 2099 1166 2157 vidit!
1193 2100 1374 2171 Eheu,
1407 2115 1718 2157 armorum
1736 2099 2018 2156 Italorum
2039 2099 2164 2156 vim

506 2191 916 2264 perniciosam
947 2190 959 2245 l
990 2191 1146 2255 Quot
1169 2205 1356 2246 naves
1387 2205 1525 2246 cum
1564 2188 1713 2262 ipsis
1760 2189 1958 2248 nautis
1995 2205 2164 2246 mare

509 2279 777 2336 Siculum
806 2278 1113 2350 absorpsit
1141 2277 1153 2334 !
1188 2280 1379 2344 Quam
1427 2277 1644 2335 urbem
1684 2277 2032 2334 inundavit!
2066 2281 2161 2334 Va:

505 2367 832 2424 Telchinis!
890 2366 1050 2422 Proh
1113 2365 1425 2434 invidiam,
1478 2382 1614 2438 quae
1663 2365 1830 2422 urbis
1876 2365 2160 2423 secundis

505 2456 690 2513 rebus
735 2455 1084 2512 adversaria
1123 2459 1282 2511 terra
1334 2453 1611 2526 marique
1660 2455 1833 2527 repit,
1882 2455 2162 2528 utrinque

506 2549 841 2617 protectam
882 2542 1153 2599 funditus
1201 2543 1482 2615 perdidit.
1515 2543 1698 2614 Cujus
1741 2543 1983 2601 tandem
2015 2545 2162 2601 urbs

507 2637 720 2690 sancta
751 2631 1019 2688 criminis
1049 2647 1152 2688 rea
1176 2646 1375 2704 neque
1404 2632 1645 2704 patroni
1673 2630 1910 2703 urbani,
1939 2647 2050 2689 nec
2071 2648 2161 2690 ar-

504 2721 871 2794 chiepiscopi
898 2719 1276 2791 venerabilis,
1304 2735 1416 2776 nec
1440 2720 1716 2777 omnium
1747 2720 1987 2793 piorum
2023 2737 2161 2794 sup-

503 2809 935 2884 plicationibus
967 2809 1184 2866 salvari
1216 2809 1458 2882 potuit?
1486 2809 1623 2882 quis
1656 2810 1818 2866 enim
1846 2825 1956 2883 pro
1984 2811 2161 2868 Thes-

505 2897 770 2957 salonice
794 2899 896 2971 pia
924 2904 1084 2965 vota,
1109 2898 1421 2955 communi
1440 2898 1704 2972 hospitio
1729 2915 1856 2956 non
1882 2899 2160 2956 fecisset?

502 2990 716 3045 Preces
745 2991 966 3044 nostrae
1001 3002 1176 3044 vanae
1205 2987 1478 3059 fuerunt;
1509 2989 1667 3044 Deus
1695 2987 1855 3044 enim
1885 2989 2164 3045 amaritu-

503 3077 662 3134 dinis
706 3075 955 3134 calicem
985 3076 1272 3133 omnibus
1315 3075 1725 3134 hauriendum
1754 3076 1972 3134 obtulit
2002 3083 2059 3134 et
2087 3078 2164 3134 ci-

498 3165 744 3223 vitatem
763 3165 1136 3222 luxuriosam
1162 3165 1441 3238 perdidit.
1473 3167 1663 3232 Quem
1689 3181 1963 3238 unquam
1982 3165 2160 3223 Thes-

501 3254 768 3311 salonice
797 3257 902 3311 aut
932 3253 1214 3326 Byzantio
1236 3254 1658 3311 advenientem
1686 3255 1863 3310 autin
1883 3256 2161 3327 quemvis

500 3343 705 3400 locum
733 3342 1214 3414 proﬁciscentem
1259 3342 1520 3415 hospitio
1558 3358 1682 3399 non
1707 3344 1985 3415 excepit?
2023 3360 2159 3416 quae

500 3431 691 3486 instar
711 3428 909 3484 cordis
930 3429 990 3485 in
1014 3430 1268 3501 imperio
1303 3430 1414 3487 sita
1437 3435 1562 3488 erat
1577 3431 1678 3486 uni
1699 3431 1980 3503 Byzantio
1999 3438 2161 3503 post-

502 3516 1025 3591 ponenda,multis
1055 3517 1117 3572 in
1137 3516 1323 3572 rebus
1356 3518 1981 3590 {equiparandamunc
2001 3535 2162 3574 com-

502 3606 676 3663 muni
701 3605 882 3677 plaga
911 3603 1214 3675 ﬂagellata
1233 3604 1411 3676 jacet.
1456 3609 1572 3662 Nec
1601 3607 1849 3673 mirum,
1881 3611 1958 3676 te,
1992 3622 2160 3662 sanc-

502 3695 752 3770 tissime,
773 3693 911 3767 plus
931 3709 1120 3767 quam
1152 3698 1402 3749 caeteros
1434 3709 1796 3766 perpessum
1829 3710 1981 3750 esse.
2006 3696 2161 3751 Deus

505 3784 667 3850 enim
691 3783 797 3856 qui
836 3783 1112 3840 omnium
1138 3782 1291 3839 vires
1326 3782 1589 3852 metitur,
1626 3783 2016 3855 adaequatan
2042 3784 2162 3840 cui-

504 3889 623 3948 que
653 3888 808 3930 onus
858 3872 1134 3945 imponit,
1185 3875 1242 3927 et
1269 3870 1416 3926 dum
1450 3871 1684 3928 homini
1709 3872 2049 3930 eﬂeminato
2078 3873 2163 3930 nil

503 3967 746 4037 portare
771 3961 994 4018 valenti
1022 3959 1232 4031 parcit,
1266 3959 1606 4016 fortissimis
1644 3960 1986 4034 quibusque
2013 3977 2162 4035 quo-

501 4068 639 4109 rum
687 4057 752 4108 tu
801 4065 1055 4106 numero
1112 4048 1504 4106 ascribendus
1553 4050 1789 4116 videris,
1829 4051 2154 4108 durissima

503 4141 790 4215 pericula,
823 4142 1032 4211 utpote
1062 4139 1356 4196 honorem
1389 4139 1531 4196 inde
1569 4142 1978 4198 consecuturis
2007 4141 2153 4199 obe-

2518 1276 2583 1343 ς’.
2607 1284 2690 1350 Τῷ
2722 1279 3132 1349 Θεσσαλονίκης,
3159 1290 3302 1357 κυρῶ
3332 1283 3627 1358 Εύσταθίῳ.

2367 1383 2581 1438 Ἥθελον
2653 1385 2806 1448 αύτός
2887 1386 3236 1464 συμπαρεῖναί
3317 1411 3428 1462 σοι,
3509 1399 3877 1469 μακαριώτατε

2280 1467 2531 1543 δέσποτα,
2572 1479 2669 1548 μαὶ
2711 1475 2984 1539 ξυναυλίαν
3036 1481 3259 1552 θρηνεῖν,
3299 1486 3389 1535 καὶ
3439 1490 3532 1536 τοῦ
3577 1483 3872 1558 ὀλοφυρμοῦ

2197 1578 2239 1635 Β
2277 1571 2534 1617 κοινωνεῖν
2559 1573 2632 1636 τῷ
2697 1563 2814 1617 καθ’
2860 1568 2998 1636 ἡμᾶς
3051 1567 3271 1642 Ἱερεμίᾳ
3325 1571 3415 1624 εἶτ’
3461 1572 3550 1624 οὖν
3600 1573 3870 1644 Ἰεζεκιὴλ,

2275 1652 2457 1706 καθότι
2481 1653 2848 1727 παραπλήσιον
2902 1655 3110 1720 ἐκείνοις
3164 1666 3276 1721 τοῖς
3314 1659 3476 1714 πάλαι
3525 1669 3616 1723 τῆς
3669 1663 3877 1736 αἰχμαί

2274 1738 2467 1803 λωσίας
2527 1750 2622 1804 τῆς
2690 1752 2787 1806 σῆς
2848 1745 3273 1820 παραπηλαυσας
3319 1748 3526 1811 πόλεως.
3597 1749 3737 1804 Ἐπεὶ
3811 1747 3877 1804 δὲ

2276 1827 2474 1902 ἀνάγκη
2541 1827 2832 1901 διεστάναι,
2873 1835 3146 1909 γράμματι
3194 1841 3394 1909 τῳτέως
3449 1837 3768 1912 ἀφοσιούμαι
3810 1845 3875 1893 τό

2277 1921 2585 1991 συμπενθεῖν
2638 1925 2728 1973 καὶ
2774 1917 3110 1997 δακρύουσαν
3161 1930 3250 1978 καὶ
3292 1929 3318 1979 ὃ
3367 1946 3522 1998 φασιν
3567 1927 3871 2002 ἀχνυμένην

2270 2009 2467 2065 ταύτην
2514 2013 2700 2082 πέμπω
2741 2010 3024 2070 σκυτάλην.
3077 2011 3146 2064 Ὠ
3184 2015 3270 2066 οἱα
3315 2014 3464 2077 πόλις
3505 2015 3653 2085 ἑάλω,
3685 2023 3870 2093 πρώτη

2273 2098 2406 2168 μετά
2445 2102 2540 2156 τὴν
2579 2104 2792 2173 πρώτην
2843 2105 2933 2153 καὶ
2962 2108 3067 2162 τοῖς
3117 2101 3332 2175 ἀγαθοῖς
3362 2103 3578 2158 ἀπασῶν
3617 2103 3873 2178 βασιλεύ-

2273 2186 2476 2242 ουσανῑ
2531 2189 2641 2239 οἷαν
2712 2187 2975 2260 Ῥωμαίων
3048 2194 3317 2265 συμφορὰν
3392 2190 3526 2247 εἶδεν
3593 2196 3619 2246 ό
3677 2194 3868 2259 ἣλιοςὲ

2273 2279 2370 2328 Φεύ
2419 2273 2596 2332 ἡλίκον
2635 2279 2862 2349 ἴσχυσεν
2911 2278 3136 2339 Ἰταλικὴ
3197 2280 3370 2354 αἰχμὴ
3396 2283 3409 2338 !
3440 2282 3599 2337 Ὀσον
3637 2284 3872 2345 Σικελικὴ

2273 2360 2673 2439 ἀνεῤῥοίϐδησεν
2717 2368 2995 2438 άμπωτιςῘ
3049 2371 3160 2421 οἵαν
3221 2370 3367 2424 πόλιν
3422 2371 3707 2429 ἐπέκλυσεῑ
3773 2382 3870 2429 Φεύ

2270 2460 2362 2506 τοῦ
2427 2457 2634 2526 φθόνου,
2705 2463 2795 2529 φεῦ
2851 2465 2948 2510 τῶν
3005 2459 3302 2532 Τελχίνωνὲ
3357 2464 3542 2524 Φθόνος
3580 2460 3642 2522 ἦν
3684 2466 3710 2516 ό
3760 2473 3874 2528 τοῖς

2272 2540 2488 2614 ἀγαθοῖς
2537 2542 2814 2617 βασκήνας
2864 2555 2954 2608 τῆς
3007 2547 3197 2610 πόλεως
3249 2565 3260 2581 '
3319 2553 3503 2624 φθόνος
3567 2556 3703 2606 κατὰ
3769 2562 3870 2627 γῆν

2273 2634 2563 2705 στρατεύει,
2594 2638 2685 2687 καὶ
2737 2637 2872 2688 κατὰ
2917 2636 3172 2690 θάλατταν
3212 2639 3376 2714 ἕρπει,
3417 2645 3508 2693 καὶ
3554 2646 3647 2700 τὴν
3705 2640 3872 2718 δορυ-

2271 2725 2590 2793 φορουμένην
2674 2724 2799 2797 παρ’
2877 2724 3126 2800 ἑκατέρων
3217 2733 3494 2802 στοιχείων
3561 2730 3870 2808 ἑκατέρωθεν

2273 2811 2457 2884 πορθεῖ
2485 2815 2574 2864 καὶ
2620 2814 2886 2888 κατάκρας
2930 2819 3084 2888 αίρεῖ.
3129 2818 3286 2888 Οῖμοι
3315 2817 3328 2872 !
3361 2823 3411 2871 τί
3440 2826 3686 2872 τοσοῦτον
3719 2821 3866 2882 πολις

2273 2899 2701 2972 πεπλημμέληκεν
2755 2903 2986 2969 εὐσεϐὴς,
3043 2906 3126 2957 ἱνα
3174 2910 3265 2957 καὶ
3331 2909 3597 2983 μάρτυρος
3657 2908 3862 2962 πολιού-

2271 3007 2378 3060 χου
2437 2988 2660 3052 ἔντευξις
2709 2988 2998 3064 αἰσχυνθῇ,
3051 2997 3139 3046 καὶ
3194 3003 3355 3067 σοφοῦ
3409 2995 3687 3072 ἀρχιερέως
3741 3000 3869 3052 ὁσία

2272 3077 2431 3151 εὐχὴ,
2470 3078 2662 3152 μᾶλλον
2714 3078 2772 3133 δε
2811 3101 3014 3135 παντων
3080 3083 3299 3137 εὐσεϐῶν
3353 3082 3578 3158 δέησιςς
3621 3093 3713 3151 Τίς
3768 3091 3867 3165 γάρ

2273 3165 2366 3219 ούκ
2419 3164 2587 3220 ἐδεῖτο
2628 3171 2754 3242 ύπερ
2799 3171 3193 3235 Θεσσαλονίκης
3232 3175 3534 3241 θεοκλυτῶν,
3576 3180 3645 3239 ὡς
3689 3164 3870 3239 κοινῆς

2269 3252 2524 3328 πατρίδος
2567 3261 2658 3309 καὶ
2705 3263 3038 3330 καταγωγίου
3092 3269 3304 3330 κοινοῡ;
3351 3263 3486 3316 Ἀλλ’
3535 3264 3870 3339 ἠλέγχθημεν

2271 3345 2441 3415 μάτην
2482 3344 2786 3418 εὐξάμενοι·
2824 3353 2956 3400 πᾶσι
3011 3351 3132 3424 γὰρ,
3186 3349 3352 3424 οἶμαι,
3404 3359 3624 3426 κερᾶσαι
3656 3360 3873 3430 πικρίας

2271 3438 2521 3505 ποτήριον
2551 3438 2682 3497 Θεὸς
2734 3432 3036 3507 ἐδεκαίωσε,
3068 3443 3158 3490 καὶ
3210 3443 3355 3514 παρά
3391 3449 3542 3495 τοῦτο
3589 3447 3646 3496 τό
3699 3449 3874 3497 κοινόν

2194 2938 2235 2996 C

2272 3519 2573 3595 ἐντρύφημα
2629 3521 2923 3598 προύδωκε,
2978 3532 3105 3580 Τίνα
3152 3537 3252 3581 τῶν
3311 3531 3550 3584 ἁπάντων
3612 3533 3705 3585 ούκ
3761 3531 3870 3587 ἐδε-

2273 3609 2446 3672 ξιοῦτο
2502 3613 2878 3682 Θεσσαλονίκη,
2940 3615 2996 3667 ἐκ
3046 3617 3331 3678 Βυζαντίου
3396 3621 3425 3679 ἦ
3486 3619 3530 3682 ἐς
3587 3623 3872 3682 Βυζάντιον

2272 3700 2300 3758 ἦ
2368 3697 2702 3760 ὁπουδήποτε
2753 3699 3151 3778 παροδεύοντα;
3209 3709 3311 3760 Οἷα
3378 3711 3479 3784 γάρ
3538 3731 3613 3772 τις
3668 3710 3875 3786 καρδία

2270 3795 2362 3849 τῆς
2405 3787 2695 3861 Ῥωμαϊκῆς
2740 3790 2912 3865 ἀρχῆς
2967 3799 3060 3853 τὴν
3121 3799 3287 3867 μέσην
3343 3796 3506 3860 αὐτῆς
3564 3800 3726 3874 ἔλαχε
3755 3809 3869 3875 ’χώ-

2269 3895 2384 3950 ραν,
2417 3883 2506 3930 καὶ
2544 3899 2679 3932 πασι
2726 3885 2893 3934 κοινόν
2934 3881 3124 3954 ἀγαθόν
3167 3884 3386 3949 ἐξέκειτο
3415 3905 3427 3918 °
3473 3894 3562 3941 καὶ
3609 3899 3673 3963 τῇ
3719 3899 3872 3945 Κων-

2275 3973 2568 4037 στοεντίνου,
2601 3971 2703 4022 ὅσα
2751 3971 2939 4045 κεφαλῇ
3000 3979 3090 4026 καὶ
3128 3975 3272 4028 πόλει
3321 3985 3410 4030 τοῦ
3457 3981 3700 4054 κράτους,
3747 3983 3874 4054 ύφι-

2273 4056 2525 4124 ξάνονσα,
2587 4067 2686 4111 τῶν
2742 4060 2932 4114 λοιπῶν
2994 4062 3198 4135 ἀγαθῶν
3249 4066 3589 4139 ἡμφισϐήτει.
3648 4070 3726 4123 Ού
3767 4074 3872 4145 γὰρ

2263 4145 2411 4198 πλέον
2467 4165 2519 4199 τι
2563 4147 2725 4221 λέγειν
2782 4152 2811 4209 ἡ
2864 4157 2981 4226 περὶ
3036 4158 3132 4212 τὴν
3163 4154 3549 4226 βασιλεύουσαν
3589 4156 3759 4222 αἰδὼς
3792 4157 3877 4214 δί’

504 4229 674 4287 unda
697 4229 1000 4302 proponit.
1033 4229 1226 4290 Quare
1256 4229 1594 4287 absurdum
1622 4235 1780 4287 esset
1801 4232 1995 4288 virum
2017 4246 2156 4288 con-

2271 4231 2455 4288 δωσιν.
2490 4234 2605 4290 Ἑπὶ
2651 4248 2796 4312 κοινῇ
2847 4249 2993 4312 γούν,
3045 4245 3110 4304 ὡς
3147 4246 3292 4317 ἔφην,
3331 4248 3554 4320 μάστιγι
3587 4251 3645 4301 τὸ
3697 4255 3876 4303 κοινόν

505 4317 685 4376 solari
712 4316 972 4374 voluisse
1009 4317 1114 4390 qui
1155 4333 1266 4375 nos
1292 4319 1462 4390 ipsos
1512 4334 1759 4376 omnem
1793 4318 2152 4393 sapientiam

503 4409 734 4474 edocet,
763 4411 820 4463 et
835 4422 1018 4480 quem
1035 4409 1192 4463 Deus
1217 4423 1325 4479 per
1343 4407 1565 4465 multos
1590 4424 1783 4465 annos
1811 4410 2146 4466 conservet!

2263 4323 2392 4376 ἑάλω
2430 4326 2781 4399 παραμύθιον.
2816 4329 2876 4383 Εἰ
2922 4327 2981 4384 δὲ
3032 4331 3180 4385 πλέον
3235 4333 3412 4403 αὐτὸς,
3472 4337 3738 4408 ἀγιώτατε
3779 4345 3874 4393 καὶ

2262 4418 2524 4486 σοφώτατε
2564 4411 2813 4482 δέσποτα,
2845 4427 2934 4480 τῆς
2971 4425 3187 4495 πικρίας
3213 4421 3429 4494 ἐγεύσω,
3479 4430 3654 4480 καινόν
3689 4425 3872 4482 οὐδέν.

505 4495 645 4550 Φιλεῖ
709 4497 811 4568 γὰρ
861 4498 919 4548 τὸ
963 4502 1110 4547 Οεῐον
1161 4497 1252 4557 τὰς
1297 4491 1544 4569 δυνάμεις
1583 4505 1804 4570 μετρεῖν,
1845 4504 1934 4550 καὶ
1984 4506 2101 4561 ταῖς
2141 4495 2424 4574 δυνάμεσιν
2473 4502 2680 4576 ἐπάγειν
2726 4509 2786 4558 τό
2837 4505 2998 4583 βάρος
3051 4518 3147 4573 τῆς
3197 4517 3378 4586 πείρας
3443 4513 3713 4588 ἀνάλογον.
3772 4520 3877 4571 Καὶ

505 4587 677 4659 ὥσπερ
717 4588 805 4638 τόν
862 4584 1091 4657 μαλακόν
1120 4588 1211 4636 καὶ
1242 4580 1348 4637 οἷον
1379 4582 1544 4657 μηδὲν
1593 4590 1756 4662 φέρειν
1789 4584 1914 4640 οὐδὲ
1951 4590 2046 4646 τὴν
2077 4586 2253 4663 ἀρχὴν
2288 4593 2512 4650 καθῆκεν
2543 4593 2613 4656 εἰς
2643 4591 2794 4648 οὐδὲν
2826 4580 3104 4673 δυσχερὲς,
3158 4601 3240 4654 ἵνα
3284 4580 3419 4678 πρὸς
3471 4612 3541 4676 τῷ
3595 4580 3770 4677 μηδέν
3819 4626 3874 4659 τι

501 4671 753 4747 κερδᾶναι
777 4678 867 4726 καὶ
896 4682 958 4747 τῇ
981 4673 1116 4747 λύπη
1145 4675 1440 4746 καταποθῇ,
1473 4675 1606 4726 ούτω
1648 4683 1718 4746 τῷ
1744 4682 1957 4749 γενναίῳ
1986 4681 2124 4731 κατά
2168 4681 2226 4730 σε
2254 4684 2344 4732 καὶ
2377 4685 2467 4739 τὴν
2496 4689 2677 4756 πεῖραν
2705 4691 2802 4736 τῶν
2833 4671 3132 4745 ἀϐούλητων
3164 4694 3253 4742 καὶ
3302 4671 3426 4751 ύλην
3451 4671 3748 4747 ποιούωένω
3780 4694 3870 4748 εύ-

507 4760 842 4837 δοκιμησεως
873 4765 1179 4839 θερμοτέραν
1208 4767 1302 4822 τὴν
1340 4783 1483 4838 παρα
1519 4772 1618 4816 τῶν
1639 4762 1890 4818 κινδύνων
1912 4765 2159 4840 ἐπήνεγκε
2187 4771 2444 4843 πύρωσιν·
2487 4772 2852 4846 Ἀπειρόκαλον
2884 4770 2972 4827 οὖν
3011 4775 3200 4848 τοιῷδε
3239 4776 3395 4854 ἀνδρὶ
3425 4751 3872 4858 παραμυθητικὸν

503 4852 847 4926 ἐπιστέλλειν,
880 4854 934 4909 ὃν
953 4856 1140 4928 ἔχομεν
1171 4851 1320 4910 αὐτοὶ
1342 4853 1519 4918 πάσης
1552 4853 1853 4929 φιλοσοφίας
1880 4852 2225 4930 διδάσκαλον,
2261 4857 2342 4913 ἀεὶ
2361 4859 2734 4935 φυλαττόμενον
2765 4867 2909 4938 παρά
2938 4874 3072 4921 Θεοῦ
3089 4851 3453 4946 πολυχρόνιον.
