4126 6272
268 323 355 382 337
1294 324 1615 385 MONODIA
1651 324 1724 383 IN
1760 321 2204 385 EUSTATHIUM
2237 320 2577 385 THESSAL.’

3518 324 3622 382 338

1594 597 2294 719 ΜΟΝΩΔΙΑ

884 842 1061 931 ΕΙΣ
1117 844 1359 935 TON
1415 842 1879 935 ΑΓΙΩΤΑῚ

1995 847 2079 935 ’Ν
2137 843 3025 937 ΘΕΣΣΑΛΟΝΙΚΗΣ

565 1139 581 1148 ·
747 1057 1563 1238 ΚΥΡΟΝ
1736 1059 3141 1243 ΕΥΣΤΑΘΙΟΝ

1632 1501 2290 1614 MONODIA

1909 1699 1979 1744 IN

578 1821 1518 1910 SANCTISSIMUM
1572 1826 2559 1912 THESSALONICES
2617 1827 3308 1914 EPISCOPUM

712 2046 1720 2205 DOMINUM
1811 2050 3182 2211 EUSTATHIUM

316 2514 388 2569 Ὣ
426 2516 664 2588 στυγνὸς
686 2510 839 2584 αἰὼν,
866 2513 906 2567 ὣ
930 2514 1137 2590 τλήμων
1184 2517 1331 2590 ἡμεῖς
1357 2517 1504 2589 ’γενεά
1527 2516 1540 2572 !
1573 2516 1659 2571 οἶα
1684 2519 1874 2571 πεπόν-

2054 2518 2097 2575 0
2115 2517 2403 2576 saeculum
2419 2518 2802 2578 exsecrabile!
2823 2522 2867 2579 Ο
2886 2520 3285 2581 infortunatos
3303 2535 3419 2579 nos
3439 2521 3629 2596 ipsos!

261 2605 442 2678 θαμινί
488 2612 617 2668 Πῶς
662 2601 1059 2678 ἐκτραγῳδήσει)
1104 2603 1383 2665 τηλικοῦδε
1424 2614 1588 2660 κακοῦ
1618 2609 1870 2681 μέγεθος

1984 2609 2302 2675 Quomodo
2321 2611 2503 2680 hujus
2531 2610 2886 2669 calamitatis
2918 2612 3403 2686 magnitudinem
3431 2612 3636 2686 deplo-

261 2700 374 2754 ῐιῶς
418 2693 810 2769 ὁλοφύρωμαι;
856 2698 1035 2771 Μέχρι
1074 2698 1175 2769 γὰρ
1213 2699 1350 2759 τινὸς
1382 2694 1582 2770 ἀφασίᾳ
1605 2702 1787 2750 πέσσω
1813 2700 1873 2750 τὸ

1995 2711 2110 2753 rem
2129 2697 2159 2754 ‘?
2183 2697 2349 2754 Unde
2366 2688 2566 2755 ’verba
2591 2698 2823 2755 luctum
2848 2700 2996 2758 satis
3023 2702 3304 2758 testantia
3334 2714 3581 2757 sumam
3604 2700 3634 2755 ?

266 2782 419 2855 ἄλγος
457 2788 554 2836 καὶ
581 2790 780 2856 κωφοῖς
818 2779 1069 2859 δάκρυσι,
1113 2789 1277 2860 μέχρι
1324 2788 1463 2848 τινὸς
1515 2786 1875 2860 ύπομινυρίζω

270 2869 532 2947 θρηνῶδες
590 2872 711 2925 κατ’
764 2871 987 2945 ἐμαυτόν
1015 2894 1029 2907 ο
1074 2876 1143 2926 τὰ
1186 2878 1276 2946 μὲν
1317 2877 1503 2948 αἴφνης
1527 2873 1877 2948 ἐκπεπληγμέ-

269 2978 350 3023 νος
374 2964 439 3023 ὡς
466 2966 598 3035 ἤχῳ
626 2962 979 3038 σκληροτέρας
1010 2961 1231 3038 βροντῆς
1248 2972 1319 3035 τῷ
1344 2961 1590 3036 ἀδοκήτῳ
1616 2972 1711 3026 τῆς
1742 2983 1876 3017 σκυ-

269 3050 482 3125 θρωπῆς
535 3049 725 3120 ἀκοῆς,
757 3052 788 3111 ἦ
838 3056 930 3105 καὶ
970 3054 1038 3115 ὡς
1068 3052 1363 3127 καταιϐάτῃ
1398 3052 1709 3127 βεϐλημένος
1741 3072 1877 3112 σκη-

265 3146 402 3209 πτῷ,
453 3143 546 3193 καὶ
592 3143 878 3214 στεναγμὸν
923 3145 1076 3214 μόνον
1120 3146 1318 3214 τῳτέως
1358 3145 1428 3204 ὡς
1472 3146 1664 3196 καπνὸν
1694 3141 1877 3216 ἀφιεὶς,

262 3234 363 3289 τῆς
417 3227 773 3302 ἕμπιπρὼσης
824 3226 1018 3292 ὀδύνης
1072 3229 1283 3308 ἐναργὴς
1335 3237 1627 3306 σήμαντρον
1659 3253 1672 3267 ο
1725 3233 1792 3284 τὰ
1822 3227 1881 3285 δι

263 3322 339 3390 μὴ
386 3319 547 3372 θέλων
601 3319 735 3372 οὕτω
778 3316 979 3395 ῥᾳδίως
1033 3319 1303 3397 βαρυτάτη
1353 3324 1618 3375 πιστεύειν
1667 3320 1882 3394 ἀγγελίᾳ

266 3411 338 3472 ὡς
378 3409 663 3483 ἀϐουλήτῳ
715 3429 826 3483 μοι,
855 3409 1070 3464 ἐπιπολὺ
1104 3407 1154 3464 δ’
1197 3411 1423 3465 ἀπειθεῖν
1451 3416 1542 3465 καὶ
1584 3409 1882 3465 διαπιστειν

264 3501 336 3563 ὡς
398 3500 466 3553 ἂν
532 3503 706 3575 μάτην
772 3500 907 3554 οὕτω
968 3502 1161 3577 ῥεούσῃ
1229 3500 1442 3555 κάκεῖνα
1505 3501 1880 3576 λογοποιούσῃ,

1983 2786 2187 2857 Longo
2212 2802 2250 2842 a
2272 2790 2540 2859 tempore
2564 2787 2837 2845 dolorem
2865 2804 3072 2845 meum
3104 2789 3219 2847 edo
3238 2830 3254 2857 ,
3292 2789 3475 2846 mutis
3505 2794 3638 2846 tan-

1983 2879 2114 2932 tum
2136 2875 2421 2948 lacrymis
2436 2875 2663 2935 effusis.
2680 2878 2963 2934 Nuntium
2979 2878 3227 2951 quidem
3251 2878 3327 2934 de
3348 2877 3636 2934 Eustathii

1984 2969 2177 3021 morte
2212 2968 2482 3021 mentem
2520 2970 2587 3021 ut
2631 2966 2872 3034 tonitru,
2923 2970 2990 3023 ut
3024 2966 3280 3023 fulmina
3308 2965 3640 3037 improvisa

1986 3053 2298 3127 percussit,
2342 3068 2453 3109 nec
2494 3053 2661 3110 aliud
2706 3053 2822 3110 nisi
2866 3054 3126 3124 fumum,
3174 3053 3398 3111 doloris
3442 3053 3641 3110 intimi

1987 3158 2111 3216 quo
2145 3141 2379 3199 crucior
2396 3142 2659 3199 indicem
2687 3143 2915 3200 emitto.
2947 3143 3149 3200 Primo
3175 3143 3426 3216 quidem
3453 3143 3641 3201 ﬁdem

1987 3233 2074 3289 rei
2108 3247 2279 3288 novas
2314 3231 2539 3289 habere
2575 3248 2686 3289 nec
2723 3233 2892 3306 potui
2925 3248 3036 3290 nec
3073 3232 3258 3303 volui,
3290 3236 3351 3291 at
3378 3248 3489 3307 per
3513 3232 3642 3289 lonv

1991 3336 2137 3393 gum
2155 3321 2843 3393 tempuslucidissimam
2864 3322 3099 3380 stellam
3116 3321 3193 3379 de
3226 3322 3379 3379 cmlo
3418 3321 3634 3395 delap-

1992 3426 2124 3467 sam
2170 3411 2544 3468 Eustathium
2589 3411 2864 3485 sepulcro
2903 3411 3214 3470 conditum
3252 3427 3389 3470 esse
3448 3411 3643 3469 increv

1993 3500 2173 3557 dulus
2203 3517 2580 3576 acceperam.

263 3592 369 3644 ὅσα
391 3595 472 3664 μὴ
509 3593 659 3665 θέμις
681 3595 952 3667 προφέρειν
980 3594 1080 3645 εἴτε
1109 3593 1442 3665 προσίεσθαιυ
1464 3590 1618 3654 "Ian;
1638 3594 1740 3665 γὰρ
1773 3590 1992 3655 ἀτοπίας
2020 3595 2119 3646 εἴτε
2144 3596 2473 3665 καινοτομίας
2496 3591 2732 3666 ἐνόμιζον
2760 3594 3115 3649 πυνθάνεσθαι
3133 3597 3225 3648 καὶ
3252 3595 3515 3648 πιστεύειν
3541 3591 3637 3647 ἀσ-

261 3685 393 3757 τέρα
411 3684 535 3734 τινὰ
563 3678 979 3754 διαφάνέστατον
1004 3681 1277 3754 οὐρανόθεν
1306 3686 1486 3754 χαμαὶ
1512 3688 1706 3749 πεσεῖν,
1740 3685 1830 3734 καὶ
1856 3684 1944 3734 τὸν
1973 3685 2135 3755 μέγαν
2166 3681 2454 3735 Εύσταθιον
2482 3678 2741 3736 ὖποδῡναι
2761 3692 2880 3755 γῆν.

338 3770 502 3823 Οὕτω
553 3771 647 3842 μὶν
702 3765 791 3823 οὖν
843 3774 933 3822 καὶ
977 3765 1070 3823 διὰ
1113 3777 1283 3823 ταῦτα
1311 3767 1434 3832 αὖος
1465 3772 1616 3828 ἔστην
1646 3768 1697 3832 ἐς
1722 3765 1878 3845 δεῦρο

258 3864 355 3913 καὶ
405 3858 597 3927 έννεὸς,
647 3858 693 3913 εἰ
739 3864 831 3912 καὶ
880 3858 1062 3929 άλλως,
1121 3862 1190 3921 ὡς
1246 3860 1389 3932 ἔφην,
1433 3857 1705 3921 ἀλαλήτοις
1757 3878 1880 3913 στε-

255 3957 489 4024 ναγμοῖς
557 3947 878 4022 ἐκοπτόμην,
949 3953 1042 4001 καὶ
1108 3948 1582 4023 περιελιμναζόμην
1650 3948 1879 4024 ὑποϐρο-

1908 3999 1955 4053 Β

2066 3768 2156 3826 Sic
2180 3769 2334 3826 inter
2359 3770 2663 3843 lacrymas
2688 3771 3019 3843 etgemitus
3035 3771 3272 3828 haerens
3293 3784 3442 3827 voce
3465 3770 3584 3827 ints
3594 3758 3647 3827 r-

1993 3858 2162 3916 clusa
2197 3859 2318 3915 mei
2355 3875 2606 3933 compos
2644 3875 2766 3916 non
2821 3860 2929 3929 fui,
2968 3859 3073 3916 ubi
3112 3859 3395 3915 nuntium
3430 3874 3646 3916 verum

1993 3962 2143 4016 esse,
2177 3948 2330 4020 proh
2362 3947 2535 4005 dolor
2568 3949 2580 4003 ε
2623 3952 2997 4021 compertum
3024 3947 3234 4005 habui.
3269 3947 3384 4004 Sed
3412 3950 3472 4004 et
3502 3963 3644 4004 cum

255 4046 413 4111 χίοις
495 4036 734 4113 δάκρυσι
803 4042 894 4091 καὶ
968 4041 1069 4113 πρὸ
1130 4057 1317 4114 καιρου
1394 4038 1722 4111 ϐιαζομένοις
1784 4043 1879 4098 τὴν

1995 4041 2265 4110 apertam
2319 4036 2723 4093 calamitatem
2761 4051 2884 4092 non
2932 4036 3133 4093 minus
3181 4036 3440 4110 plango;
3484 4052 3645 4095 nunc

257 4130 500 4204 ἓκρηξιν.
547 4135 659 4182 Νῦν
704 4123 765 4181 δι
809 4126 937 4180 ἀλλὰ
981 4132 1072 4181 καὶ
1096 4133 1403 4202 πέπεισμαι,
1439 4130 1504 4188 ὡς
1533 4127 1626 4179 οὐκ
1668 4126 1877 4200 ὤφελον,

256 4217 608 4291 ἁληθευούσῃ
665 4224 730 4291 τῇ
773 4221 943 4290 πικρᾴ
990 4215 1227 4291 ἀγγελίᾳ,
1275 4221 1365 4270 καὶ
1420 4224 1530 4279 πῶς
1561 4219 1748 4291 μικρὸν
1791 4224 1881 4278 τῆς

255 4306 568 4372 έκπλήξιως
659 4304 938 4383 ἀνενεγκὼν
964 4348 980 4375 ,
1086 4308 1340 4360 ἔκπυστον
1426 4303 1700 4378 ἀνοιμώζω
1790 4310 1881 4360 καὶ

252 4401 477 4470 γοερὸν,
556 4399 651 4450 καὶ
727 4400 901 4469 φωνήν
966 4392 1155 4470 ἀφίημι
1228 4395 1479 4468 κλαυθμῷ
1553 4396 1871 4469 σύμμικτον.

259 4488 437 4557 Τάχα
481 4488 608 4562 γὰρ,
659 4485 798 4539 ούτὼ
846 4490 941 4537 τοῦ
992 4483 1181 4558 ἄλγους
1219 4492 1281 4558 τῇ
1341 4487 1661 4559 γεγωνοτέρᾳ
1719 4502 1882 4559 προσ-

267 4575 598 4631 ακακλαύσει
672 4578 981 4648 κενουμένου
1040 4574 1233 4649 θύραζε
1277 4577 1406 4650 πρὸς
1449 4572 1657 4650 βραχύ,
1705 4592 1884 4647 κουφι-

266 4670 411 4739 σμόν
466 4685 584 4721 τινα
639 4671 737 4720 τοῦ
788 4662 1074 4725 λυποῦντος
1125 4663 1255 4737 εύρω
1287 4681 1302 4696 ο
1363 4667 1453 4716 καὶ
1499 4661 1611 4735 ἅμα
1651 4670 1724 4734 τῷ
1771 4680 1884 4716 κει-

261 4760 410 4829 μένῳ
464 4758 663 4829 κόσμον
718 4752 907 4807 οἰκεῖον
966 4747 1230 4805 ἀποδώσω
1277 4757 1459 4806 τοῦτον
1524 4754 1615 4804 καὶ
1681 4746 1885 4804 δικαιό-

260 4864 427 4901 τατον
480 4845 710 4920 ὄφλημα.
764 4846 869 4899 Καί
920 4846 1005 4896 τοί
1050 4861 1110 4914 γε
1162 4840 1327 4905 ἄλλως
1381 4839 1459 4894 ἐπ’
1511 4839 1778 4915 ἀμφοτέρα
1818 4847 1879 4914 τῇ

260 4941 453 5010 γνώμη
517 4933 873 5012 ῥιπτάζομαι,
938 4928 1225 5006 διαπορῶν,
1287 4934 1517 5005 ποτέρως
1571 4929 1631 4983 ἂν
1688 4928 1881 5003 μᾶλλον

263 5024 563 5099 τηλικούτῳ
630 5023 794 5078 πάθει
860 5020 1160 5080 κατάλληλα
1225 5024 1504 5094 φαινοίμην
1565 5017 1880 5093 ἀφοσιούμε-

266 5132 354 5178 νος
401 5111 505 5191 ἆρα
557 5122 623 5190 τῇ
674 5114 807 5187 χθες
864 5109 1060 5185 βαθείᾳ
1109 5117 1278 5184 σιωπῇ
1333 5115 1425 5164 καὶ
1483 5116 1593 5172 τοῖς
1658 5107 1879 5183 ἀφώνοις

1991 4140 2236 4199 quoque
2260 4124 2546 4197 lacrymaa
2578 4140 2790 4182 vocem
2829 4124 3183 4183 occludunt.
3223 4127 3507 4183 Attamen
3538 4125 3645 4183 ubi

1990 4213 2164 4272 dolor
2188 4230 2398 4272 vocem
2436 4229 2562 4271 non
2620 4214 2999 4287 impediverit
3052 4215 3361 4273 lenimenti
3411 4214 3644 4290 aliquid

1990 4302 2294 4374 invenero,
2343 4306 2402 4360 et
2455 4303 2651 4361 amico
2711 4302 2996 4360 defuncto
3038 4303 3309 4361 officium
3367 4304 3642 4361 debitum

1989 4390 2364 4465 persolvero.
2404 4390 2520 4448 Sed
2556 4390 2707 4464 quid
2753 4391 3001 4449 tandem
3039 4391 3318 4449 faciendo
3361 4391 3640 4450 dolorem

1990 4495 2196 4537 meum
2233 4479 2447 4537 melius
2472 4480 2858 4549 manifestare
2878 4480 3165 4539 videbor?
3189 4481 3642 4540 Obmutescam-

1990 4585 2067 4627 ne
2091 4572 2157 4626 ut
2173 4568 2301 4626 heri
2319 4584 2528 4627 eorum
2551 4569 2630 4626 ad
2657 4568 2848 4627 instar
2870 4569 2979 4644 qui
3005 4569 3342 4627 secundum
3366 4569 3641 4627 fabulam

1991 4675 2111 4735 praa
2130 4659 2317 4717 nimio
2332 4659 2537 4718 dolore
2559 4660 2624 4717 in
2642 4660 2892 4719 arbores
2909 4665 3014 4718 aut
3035 4676 3186 4720 saxa
3208 4660 3422 4718 mutati
3458 4663 3598 4716 sunt
3620 4676 3637 4727 ;

1995 4753 2099 4808 aut
2111 4764 2353 4820 gemam
2379 4748 2755 4823 fremamque
2764 4754 2831 4808 ut
2852 4749 3058 4817 modo,
3087 4749 3168 4807 ad
3177 4746 3521 4820 exemplum
3533 4762 3640 4804 eo-

1990 4853 2060 4897 ru
2068 4854 2128 4896 m
2139 4838 2245 4911 qui
2253 4838 2588 4895 secundum
2602 4839 2716 4898 Pro
2719 4839 2964 4913 phetam
2976 4837 3288 4913 planctum
3305 4834 3535 4894 faciunt
3544 4851 3640 4893 ve.

1991 4927 2078 4986 lut
2087 4926 2417 4985 draconum
2427 4969 2442 4995 ,
2454 4927 2750 4991 etluctum
2761 4927 2940 5002 quasi
2952 4926 3354 4985 struthionum
3366 4926 3394 4982 ?
3407 4927 3641 4983 Utrum-

1990 5032 2111 5092 que
2133 5016 2282 5075 mibi
2305 5032 2339 5075 θ
2362 5032 2426 5075 re
2444 5031 2582 5075 esse
2600 5017 2834 5077 videtur
2860 5016 2942 5075 ob
2963 5014 3446 5090 magnitudinem
3474 5015 3638 5074 cala-

1988 5105 2234 5166 mitatis.

274 5208 596 5280 στινάγμασι
646 5207 708 5259 τὸ
767 5198 1090 5276 ὑπερϐάλλον
1140 5207 1231 5252 τοῦ
1278 5201 1476 5263 πάθους
1512 5194 1883 5273 παραδεικνύς,
1925 5199 1990 5259 ὡς
2017 5199 2068 5250 οἱ
2094 5198 2240 5271 παρὰ
2259 5216 2340 5263 τοι
2348 5218 2371 5261 ς
2396 5199 2583 5270 μύθοις
2607 5192 3082 5274 ἁποδενδρούμενοι
3107 5199 3199 5250 καὶ
3221 5195 3517 5268 λιθούμενοι
3542 5209 3557 5228 ο
3601 5195 3633 5254 ἣ

275 5293 459 5364 μᾶλλον
490 5294 799 5370 ἀνοιμὼζων
830 5294 924 5345 καὶ
956 5289 1150 5364 θρήνου
1178 5289 1460 5362 κατάρχων
1487 5293 1711 5363 σήμερον
1738 5290 1877 5342 κατὰ
1902 5290 2024 5350 τοὺς
2049 5289 2391 5360 ποιουμένους
2417 5289 2561 5362 παρὰ
2586 5294 2660 5360 τῷ
2682 5292 2925 5361 προφήτῃ
2956 5288 3172 5341 κοπετὸν
3206 5287 3276 5348 ὡς
3307 5280 3630 5358 δρακόντων,

276 5387 362 5437 καὶ
411 5389 587 5451 πένθος
638 5387 713 5451 ὡς
768 5382 1076 5455 θυγατέρων
1131 5381 1417 5453 σειρήνων;
1471 5375 1644 5433 Ἐοικε
1690 5380 1792 5453 γὰρ
1850 5376 2108 5454 ἑκάτερον,
2160 5376 2256 5429 ούκ
2306 5376 2402 5441 ἔξω
2452 5380 2642 5431 πίπτον
2693 5382 2902 5452 καιροῦ,
2958 5370 3303 5451 παραμετρεῖν
3357 5389 3634 5447 συμφορας

275 5475 495 5548 μέγεθος.

340 5572 433 5622 φεῦ
483 5574 577 5624 τοῦ
641 5568 833 5621 κοινοῦ
902 5553 1167 5618 πάθουςί
1235 5561 1327 5628 φεῦ
1390 5562 1483 5611 τοῦ
1542 5558 1879 5631 παγκοσμίον

267 5663 744 5740 “Fciam”
794 5652 811 5711 ι
890 5640 992 5708 Εἷς
1044 5642 1378 5701 ὑπολέλειπτο
1440 5644 1564 5720 βίον
1616 5644 1885 5720 λαμπτὴρ,

2066 5556 2162 5612 Vae
2187 5568 2511 5613 commune
2542 5552 2939 5612 infortunium
2966 5552 2980 5609 ἰ
3013 5568 3102 5610 τω
3135 5551 3375 5623 jactura
3408 5541 3646 5600 univer-

1995 5641 2166 5702 salis!
2202 5644 2329 5702 Una
2364 5644 2675 5716 supererat
2708 5640 2842 5700 vitae
2884 5638 3073 5705 stella,
3111 5637 3215 5696 fax
3255 5648 3383 5693 una
3412 5625 3642 5694 litteris,
