4126 6272
508 360 618 423 8.39

508 498 701 539 unum
729 481 1026 539 luminare
1053 481 1288 549 mundi,
1310 495 1469 537 unus
1495 479 1587 536 sol
1610 478 1763 535 sacri
1793 479 2165 537 ordinis.Sed

509 587 607 629 res
620 588 696 628 ne
719 570 903 628 fando
925 571 1172 643 quidem
1189 569 1429 627 audita:
1459 568 1554 624 hic
1573 583 1813 640 quoque
1835 568 2162 625 exstinctus

513 664 622 733 est,
645 676 757 716 nos
777 659 841 715 in
864 663 1159 715 aeternum
1180 657 1463 715 deseruit.
1492 656 1874 722 Quomodo,o
1906 656 2015 725 sol,
2034 673 2164 714 sus-

509 749 742 806 tinuisti
773 748 961 805 solem
986 751 1329 804 terrestrem
1359 745 1620 818 amplius
1649 760 1774 801 non
1804 746 2029 816 videre,
2058 747 2163 818 qui

512 839 666 894 inter
709 836 991 894 mortales
1026 836 1138 892 fuit
1171 835 1340 906 quod
1380 839 1448 891 tu
1483 835 1637 890 inter
1675 835 1877 890 astra?
1904 839 1975 890 At
1999 850 2163 892 nunc

512 928 643 980 atra
657 924 849 993 caligo
859 924 1138 980 universo
1152 922 1381 980 mundo
1401 921 1669 990 incubat,
1684 920 1943 979 tenebrae
1965 926 2022 978 et
2041 938 2162 979 nox

511 1011 713 1067 illunis
738 1012 924 1068 vitam
941 1012 1351 1085 persequitur;
1382 1026 1495 1067 nos
1516 1014 1783 1066 errantes
1805 1010 1957 1067 sicut
1974 1027 2163 1083 quon-

511 1098 657 1155 dam
697 1100 955 1172 Egyptii
989 1103 1297 1172 pastorem
1317 1103 1588 1170 ereptum
1606 1097 2023 1154 desideramus
2058 1099 2162 1171 qui

513 1187 807 1260 sapientia
829 1187 1139 1260 pastoritia
1162 1187 1314 1244 inter
1338 1201 1570 1255 omnes,
1615 1187 1767 1242 sicut
1790 1191 1995 1258 pastor
2012 1187 2165 1243 inter

513 1291 755 1349 pecora,
787 1277 1116 1348 eminebat;
1158 1292 1273 1333 nos
1322 1273 1723 1349 philosophias
1749 1274 1928 1330 amici
1958 1290 2162 1344 regem

516 1365 922 1436 scientiarum,
955 1370 1266 1438 parentem
1295 1364 1651 1436 eloquentiae
1681 1362 1997 1419 deflemus.
2027 1366 2164 1419 iure

514 1454 676 1510 enim
706 1454 925 1524 majori
955 1453 1298 1509 Eustathius
1325 1452 1402 1508 de
1443 1452 1691 1508 nomine
1730 1451 1895 1520 regio
1924 1451 2161 1520 gloriari

513 1546 749 1615 poterat
778 1558 966 1614 quam
995 1541 1262 1613 sophista
1286 1539 1382 1596 ille
1411 1540 1663 1605 Atticus;
1697 1539 1966 1611 synodus
1992 1555 2164 1596 sacra

513 1645 759 1701 quoque
786 1629 1031 1685 oculum
1066 1644 1247 1684 suum
1276 1633 1333 1684 et
1358 1643 1573 1683 vocem
1602 1626 1764 1683 illam
1795 1627 2161 1699 quaeritquae

513 1716 698 1774 verba
726 1732 866 1787 rege
891 1717 1077 1788 digna
1102 1716 1281 1786 longe
1307 1716 1546 1799 lateque
1570 1715 2085 1788 pronuntiaverat.

1372 353 1745 422 MICHAELlS
1782 352 2170 415 ΑΕΟΠῘΝΑἹἹ
2206 306 2640 415 A'i‘HENARUI
2674 354 3005 415 ARCHIEP.

3768 352 3870 409 349

2270 476 2338 540 εἷς
2397 479 2555 550 λόγου
2615 480 2838 552 πυρσὸς,
2901 477 2951 530 ἓν
3010 481 3212 549 κόσμου
3283 480 3421 549 μέγα
3484 483 3609 548 φῶς,
3646 472 3723 536 εἷς
3783 484 3871 537 τῆς

2269 568 2387 620 καθ’
2435 570 2575 640 ἡμᾶς
2629 570 2912 640 ῖερωσύνης
2964 566 3129 628 ἣλιος.
3200 570 3301 619 Καὶ
3365 572 3454 616 νῦν
3513 565 3576 634 (ὦ
3641 571 3736 626 τῆς
3782 576 3869 617 του

2268 660 2458 718 παντὸς
2505 658 2823 727 συγχύσεως
2866 655 2906 726 !)
2953 658 3039 707 xui
3087 655 3237 716 οὗτος
3292 652 3449 726 (ἀλλὰ
3503 661 3615 713 πῶς
3666 652 3869 723 γλῶττα

2273 747 2511 820 θρασεῖα,
2560 748 2619 796 τὸ
2670 752 2917 797 τοσοῦτον
2973 743 3033 794 ἃν
3082 742 3327 815 φθέγξαιο
3352 740 3393 813 ;)
3453 740 3681 805 ἀπέσϐη,
3730 760 3866 814 παρ-

2269 839 2439 905 ᾠχετο
2470 847 2482 859 ⁸
2556 835 2615 885 τό
2679 829 2902 905 φροῦδος
2965 834 3090 905 ἡμῖν
3152 838 3243 883 τοῦ
3303 830 3513 884 λοιπον.
3579 826 3705 882 Εἶτα
3763 838 3868 890 πῶς

2269 919 2493 993 ἀνέσχες
2522 920 2698 989 αὐτὸς,
2749 921 2791 972 ὦ
2832 921 2962 985 ἧλιε,
3004 919 3170 972 οὐκέτ’
3222 918 3484 991 ὀψόμενος
3541 921 3626 970 τὸν
3666 916 3866 970 ἀντανί-

2273 1011 2476 1081 σχοντά
2527 1028 2608 1061 σοι
2663 1011 2821 1080 γῆθεν
2871 1008 3109 1067 meum
3158 1013 3247 1060 xui
3288 1008 3431 1060 τοῦτ’
3481 1011 3605 1058 ὄντα
3629 1014 3737 1068 τοῖς
3766 1008 3864 1058 ύπό

2271 1100 2348 1165 σε,
2377 1100 2499 1171 ὅπερ
2553 1101 2619 1150 σὺ
2666 1105 2773 1160 τοῖς
2810 1097 3013 1158 λοιποῖς
3065 1095 3346 1172 ἀστράσις
3401 1100 3566 1167 Ζόφος
3617 1092 3704 1147 οὖν
3745 1093 3866 1147 ἀκο-

2273 1190 2434 1257 σμίας
2479 1184 2791 1258 ἐπικίχυται
2835 1193 2907 1255 τῷ
2957 1191 3112 1238 παντὶ
3165 1182 3261 1238 διὰ
3312 1192 3498 1251 ταῦτα,
3535 1178 3625 1236 καὶ
3685 1188 3869 1245 σκότος

2270 1272 2502 1346 ἀλαμπὲς
2553 1278 2640 1326 τὸν
2685 1276 2930 1346 ἡμέτερον
2985 1273 3101 1346 βίον
3157 1276 3407 1345 κατέσχε,
3458 1277 3549 1324 καὶ
3606 1292 3871 1346 συμφορας

2269 1363 2527 1436 ἄναστρος
2598 1362 2710 1424 νύξ·
2792 1368 2881 1415 καὶ
2947 1364 3017 1423 ὡς
3090 1362 3371 1433 Αἰγύπτιοι
3444 1365 3691 1436 πρότερον
3768 1362 3871 1413 υπὸ

2268 1450 2559 1523 ψηλαφητῴ
2619 1455 2786 1521 σκότῳ
2844 1450 3178 1522 πλαζόμενοι,
3223 1451 3481 1522 ποθοῦμεν
3541 1453 3590 1502 οἱ
3654 1469 3875 1521 ποιμαι-

2267 1558 2434 1601 νοντες
2487 1539 2706 1607 λογικῶς
2776 1543 2857 1590 τόν
2928 1536 3190 1609 ἐπιστήμῃ
3252 1547 3568 1611 ποιμαντικῇ
3634 1541 3876 1610 τοσούτῳ

2268 1629 2467 1687 πάντας
2529 1626 2897 1701 ὑπερϐαλόντα,
2958 1629 3059 1679 ὅσα
3130 1632 3219 1678 καὶ
3284 1630 3466 1699 νομεύς
3530 1626 3879 1699 βοσκήματα,

2269 1716 2318 1766 οἱ
2355 1720 2472 1790 περὶ
2509 1715 2690 1786 λόγους
2727 1719 2814 1767 τόν
2856 1714 3079 1787 βασιλέα
3117 1724 3215 1768 τῶν
3245 1715 3407 1786 λόγων
3436 1720 3525 1767 xui
3556 1719 3755 1790 πατέρα
3781 1724 3880 1777 τῆς

512 1804 825 1877 λογιότητος.
858 1808 1176 1879 Δικαιότερος
1203 1807 1303 1879 γὰρ
1335 1806 1361 1855 ό
1386 1808 1550 1877 μέγας
1568 1804 1858 1866 Εύστοξθιος
1888 1812 1949 1877 τῇ
1985 1802 2238 1876 βασιλείῳ
2266 1803 2359 1861 κλή
2372 1811 2452 1855 σεῑ
2484 1805 2848 1876 σεμνύνεσθαι,
2884 1808 3016 1878 ἤπερ
3041 1811 3228 1866 εκείνος
3260 1805 3285 1855 ὁ
3318 1803 3556 1864 Ἀττικός
3588 1811 3876 1876 σοφιστῆς,

513 1896 700 1946 καθότι
740 1899 831 1946 καὶ
876 1898 969 1953 τήν
1016 1898 1201 1966 σοφίαν
1231 1893 1379 1955 οὗτος
1408 1891 1600 1946 ἐκείνου
1630 1892 1761 1946 πολὺ
1789 1891 2179 1965 βασιλεύτερος.
2208 1898 2366 1949 Ζητεῖ
2389 1897 2480 1945 xui
2511 1889 2728 1952 σύνοδος
2761 1894 2872 1965 ἱερὰ
2898 1896 2987 1944 τόν
3014 1893 3202 1954 ἑαυτῆς
3234 1889 3645 1964 διαφανέστατον
3674 1892 3875 1964 ὀφθαλ-

513 1986 629 2055 μὸν,
659 1988 749 2035 καὶ
773 1986 838 2037 τὰ
863 1982 1112 2056 βασίλεια
1137 1982 1513 2056 περιλαλοῦσαν
1541 1990 1707 2034 ταῦτα
1745 1986 1912 2052 φωνὴν
1941 1985 2031 2033 xui
2059 1984 2466 2053 περιαγνυμένην
2493 1987 2600 2041 τοῖς
2630 1985 2873 2053 πέρασιν,

586 2071 801 2129 Civitas
826 2071 1245 2129 Thessalonice
1269 2072 1397 2128 heri
1426 2070 1793 2139 felicissima,
1822 2069 2003 2126 hodie
2032 2084 2162 2141 per-
2193 2071 2233 2135 Β

445 2170 465 2191 ·
512 2176 698 2233 quam
728 2160 1116 2226 infortunata,
1147 2160 1290 2233 quia
1326 2163 1494 2219 tanto
1522 2158 1646 2216 ﬁlio
1674 2160 1907 2233 privata
1933 2163 2164 2230 quanto

512 2264 651 2304 cum
675 2249 839 2306 luctu
879 2264 1194 2320 sponsum,
1227 2251 1531 2320 pastorem
1560 2246 1812 2309 bonum,
1834 2252 2159 2319 praecepto-

511 2353 640 2393 rem
698 2339 1050 2409 sapientem,
1108 2336 1487 2401 salvatorem,
1536 2335 1781 2404 genium
1826 2335 2160 2397 tutelarem,

512 2429 1018 2496 popugnatorem,
1077 2440 1199 2480 uno
1244 2424 1428 2497 verbo
1486 2423 1854 2489 columnam,
1905 2429 1969 2478 ut
2023 2439 2159 2478 cum

516 2513 773 2584 Pindaro
803 2512 1036 2583 loquar,
1074 2512 1472 2580 immobilem,
1505 2517 1563 2568 et
1592 2512 1640 2567 si
1669 2512 1813 2584 quid
1845 2512 2008 2568 aliud
2036 2512 2162 2568 lau-

517 2592 719 2657 dabile
745 2606 801 2657 et
824 2600 1086 2657 salutare
1105 2601 1353 2671 cogitari
1377 2606 1592 2674 potest,
1613 2607 1864 2674 quanto,
1886 2602 2159 2674 inquam,

515 2706 653 2746 cum
698 2689 853 2746 lectu
895 2690 1182 2762 reposcit!
1224 2690 1315 2746 Sic
1358 2690 1537 2759 igitur
1587 2706 1843 2745 maerore
1891 2690 2164 2746 confecta

513 2778 688 2849 quasi
722 2778 991 2834 secunda
1011 2780 1141 2834 vice
1167 2783 1344 2850 capta
1374 2782 1428 2833 et
1457 2778 1763 2834 destructa
1793 2779 1960 2836 foret.
1994 2778 2162 2834 humi

509 2869 668 2939 jacet
697 2873 749 2923 et
778 2869 987 2923 metuit
1024 2885 1100 2924 ne
1138 2869 1344 2940 pejora
1387 2868 1748 2940 experiatur.
1799 2868 1958 2923 Prius
1990 2884 2159 2923 nam-

512 2972 650 3029 que,
700 2957 856 3011 Italis
905 2968 1060 3011 terra
1102 2956 1372 3027 marique
1423 2956 1785 3011 irruentibus
1837 2973 1905 3011 ac
1954 2973 2160 3012 muros

511 3045 977 3107 destruentibus.
1011 3062 1041 3101 e
1072 3046 1351 3102 manibus
1383 3046 1643 3101 hostium
1679 3052 1880 3118 erepta
1929 3048 2036 3101 fuit
2084 3045 2160 3100 ab

511 3136 818 3190 Enstathio
852 3142 1055 3190 nostro
1088 3136 1189 3207 qui
1219 3135 1507 3190 virtutum
1541 3150 1786 3189 suarum
1827 3135 1987 3193 fama
2009 3136 2162 3190 adeo

508 3219 711 3278 hostes
756 3224 918 3295 ipsos
959 3225 1289 3281 commovit
1330 3231 1391 3280 ut
1444 3225 1673 3280 vultum
1725 3227 1853 3295 ejus
1896 3227 2161 3298 aspicere

510 3318 631 3365 non
665 3313 794 3367 ausi
821 3314 959 3380 sint,
985 3314 1108 3368 imo
1136 3315 1432 3369 exercitus
1458 3312 1623 3370 ferox
1650 3313 1726 3369 ad
1756 3315 1947 3386 ipsius
1976 3314 2161 3387 pedes

2341 2068 2406 2121 Ἦ
2467 2088 2526 2141 γε
2590 2073 2691 2140 μὴν
2749 2065 3011 2141 εὐδαίμων
3057 2071 3187 2140 χθὲς
3241 2066 3320 2123 δι’
3373 2067 3557 2129 ἕκεῖνος
3601 2069 3875 2122 Θεσσαλο-

2271 2162 2410 2223 νίκη,
2479 2157 2569 2210 καὶ
2617 2165 2706 2209 νῦν
2753 2157 2846 2210 οὐκ
2898 2155 3145 2229 εὐδαίμον
3193 2156 3385 2217 ἐκείνου
3433 2163 3597 2231 χήρα.
3650 2163 3876 2229 γεγωνό-

2271 2265 2414 2321 τερον
2445 2246 2768 2318 οἰμώζουσα,
2801 2251 3033 2320 παρόσον
3078 2252 3168 2298 xui
3194 2243 3541 2320 διαφερόντως
3569 2255 3668 2298 τῶν
3708 2246 3878 2299 ἄλλων

2269 2343 2362 2395 τῆς
2442 2341 2713 2407 συμφορᾶς
2805 2337 3017 2408 ᾔσθετο,
3094 2332 3179 2387 οἷα
3268 2334 3695 2409 κατολοφύρεται,

2271 2424 2385 2495 μεθ’
2448 2426 2583 2476 ὅσων
2671 2431 2760 2476 xui
2838 2425 2957 2475 οἵων
3034 2433 3133 2476 τῶν
3214 2420 3457 2498 δακρύων
3542 2423 3881 2478 ἀνακαλεῖται

3788 2341 3880 2388 xui

2270 2515 2357 2563 τὸν
2414 2516 2600 2588 ὡραῖον
2657 2518 2898 2586 νυμφίον,
2949 2516 3038 2565 τόν
3079 2513 3232 2567 καλὸν
3285 2517 3522 2586 ποιμένα,
3571 2510 3665 2566 τὸν
3713 2516 3881 2572 καθη-

2269 2605 2457 2675 γητὴν,
2518 2621 2603 2653 τον
2684 2605 2862 2673 σοφόν,
2926 2605 3013 2654 τόν
3082 2609 3337 2677 σωτῆραο
3408 2606 3494 2654 τόν
3563 2602 3880 2675 πολιοῦχον,

2270 2693 2356 2741 τόν
2410 2690 2657 2765 πρόϐολον
2700 2696 2788 2742 xui
2841 2696 3006 2751 κίονα,
3058 2694 3191 2743 κατα
3235 2687 3516 2765 Πίνδαρον,
3572 2689 3815 2767 ἀστραϐῆ
3865 2713 3876 2724 ·

2268 2783 2359 2829 xui
2402 2782 2445 2830 εἴ
2491 2799 2541 2830 τι
2593 2779 2713 2830 ἄλλο
2768 2778 3015 2852 ἐράσμιον
3069 2784 3158 2831 xui
3212 2784 3470 2854 σωτήριον
3518 2787 3737 2853 πρᾶγμα
3786 2785 3880 2831 xui

2270 2871 2445 2938 ὄνομα.
2489 2867 2638 2919 Οὕτω
2684 2864 2742 2919 δὲ
2772 2869 2873 2940 οἵρα
2904 2869 3091 2931 πενθεῖ,
3115 2873 3203 2921 καὶ
3229 2872 3354 2940 πρός
3379 2877 3469 2921 τοῦ
3499 2872 3709 2930 πένθους
3738 2868 3874 2919 ἀποξ-

2267 2974 2433 3026 γεται.
2489 2959 2555 3018 ὡς
2622 2956 2680 3006 ἂν
2749 2956 2790 3007 εἰ
2844 2959 3107 3032 κατάκρας
3168 2956 3317 3023 ἑάλω,
3376 2963 3465 3009 καὶ
3532 2965 3680 3009 τοῦτο
3740 2953 3871 3008 δεύ-

2268 3065 2408 3119 τερον
2467 3046 2849 3118 ἐκπεπόρθηται
2896 3068 2907 3078 ·
2962 3047 2991 3104 ᾗ
3061 3051 3149 3097 xui
3219 3047 3573 3121 σχετλιώτερα
3638 3049 3876 3118 πάσχειν

2270 3138 2451 3188 οἴεται,
2524 3141 2729 3208 Πρῶτον
2787 3138 2875 3206 μὲν
2941 3137 3064 3208 γὰρ,
3136 3134 3343 3189 Ἰταλῶν
3403 3134 3456 3187 ἐκ
3517 3143 3615 3209 γῆς
3658 3141 3754 3188 καὶ
3787 3138 3879 3188 θα-

2269 3224 2459 3284 λάττης
2515 3223 2954 3295 ἐπικωμασάντων
3023 3224 3151 3296 αὐτῇ
3213 3229 3302 3276 xui
3365 3227 3729 3298 καθυπερτέρα
3788 3233 3884 3287 τῆς

2269 3310 2510 3367 ἁλώσεως
2564 3312 2747 3363 ἵστατο
2808 3319 2880 3380 τῷ
2928 3317 3240 3386 φρονήματι,
3281 3320 3372 3364 τοῦ
3407 3313 3695 3384 πολιούχου
3752 3317 3859 3365 ταύ

510 3402 722 3469 sponte
762 3400 1165 3471 procubuerit.
1210 3405 1375 3458 Nunc
1417 3418 1561 3458 vero
1591 3402 1704 3458 hoc
1734 3408 1899 3459 tanto
1939 3419 2159 3477 propu-

2269 3420 2361 3462 της
2404 3399 2594 3452 ἐκεινου
2638 3404 2921 3475 περιόντος,
2974 3404 3064 3452 xui
3108 3400 3355 3459 πλείστην
3407 3403 3536 3458 ὅσην
3585 3408 3675 3454 xui
3740 3399 3887 3463 δυσ-

510 3486 769 3555 gnaculo
819 3486 1105 3543 destituta
1160 3489 1376 3545 misere
1436 3489 1605 3545 humi
1648 3490 1826 3562 jacet,
1875 3492 2049 3564 quasi
2106 3492 2159 3547 vi

509 3578 690 3647 capta
725 3574 902 3629 nullis
921 3576 1049 3645 jam
1080 3577 1375 3633 mmnibus
1412 3578 1799 3635 defendatur.

2270 3489 2594 3542 αντίϐλεπτον
2656 3496 2770 3549 ποῖς
2842 3489 3210 3566 πολιορκηταῖς
3290 3490 3711 3564 προϐαλλομένου
3788 3497 3891 3551 τὴν

2268 3578 2322 3631 ἔκ
2367 3586 2457 3639 τῆς
2509 3576 2687 3649 ἀρετὴς
2730 3573 2889 3640 αἱδὼ,
2919 3583 3008 3630 xui
3048 3584 3199 3650 μόνον
3258 3579 3362 3651 ούχ
3416 3581 3514 3632 ύπό
3567 3576 3747 3643 πόδας
3796 3585 3893 3634 τόν

510 3660 779 3735 ἀγέρωχον
824 3666 1041 3737 στρατόν
1087 3665 1453 3737 ῥιπτάςοντας.
1488 3674 1593 3718 Νῦν
1625 3664 1682 3720 δὲ
1709 3666 1916 3721 τοιοῦδε
1946 3669 2202 3741 προϐόλου
2231 3670 2594 3738 γεγυμνωμέη,
2632 3666 3014 3723 καταϐέϐληται
3045 3675 3105 3739 τῇ
3140 3673 3317 3742 γνώμη
3352 3672 3494 3741 παρὰ
3520 3678 3610 3721 τοῦ
3650 3672 3894 3753 πάθουςν

510 3754 574 3811 ὡς
603 3761 689 3802 νυν
716 3756 871 3814 ὅντως
900 3751 1379 3827 ἐκπεπελὶορκεκένη
1404 3761 1492 3807 καὶ
1516 3758 1683 3808 πάντα
1716 3764 2120 3832 περικεκαρμένη
2154 3753 2446 3831 κρήδεμνα.

581 3840 729 3906 Quid
748 3842 991 3897 tandem
1017 3841 1256 3898 urbium
1282 3844 1490 3913 regina
1508 3845 1569 3899 in
1594 3846 1706 3899 hoc
1733 3863 1930 3901 rerum
1958 3848 2163 3903 discri-

510 3928 671 3985 mine
700 3929 887 3986 facit?
915 3930 1223 3987 faciliusne
1249 3946 1327 3988 an
1359 3933 1575 4001 aegrius
1601 3933 1992 3990 infortunium
2020 3953 2158 4009 por-

509 4017 678 4087 tabit,
733 4019 826 4073 cui
888 4020 1231 4076 Eustathius
1280 4020 1573 4077 beneﬁcia
1633 4022 1694 4077 in
1755 4038 1892 4078 eum
1946 4023 2160 4081 collata

510 4104 682 4173 largo
747 4105 962 4163 fauere
1026 4113 1085 4162 et
1143 4124 1282 4164 cum
1352 4111 1502 4178 grati
1561 4110 1749 4166 animi
1804 4112 2159 4183 pignoribus

511 4190 815 4248 reddidit?
863 4196 1249 4268 Quaecunque
1293 4198 1451 4253 enim
1499 4197 1647 4253 dum
1694 4198 1755 4253 in
1794 4215 1865 4254 ea
1916 4200 2156 4266 viveret,

512 4279 815 4352 sapientiae
840 4282 1153 4339 thesauros
1172 4284 1561 4343 honestarum
1579 4288 1796 4343 artium
1814 4290 2158 4346 amantibus

508 4364 767 4437 benigne
816 4367 1065 4437 largitus
1096 4375 1212 4433 est;
1244 4371 1353 4426 fuit
1395 4373 1556 4427 enim
1602 4373 1958 4448 eloquentiae
2016 4393 2155 4451 pry-

509 4458 733 4522 tanem,
767 4456 1072 4525 sapientiae
1121 4457 1291 4512 focus
1324 4460 1700 4529 universalis,
1745 4463 1957 4520 hortus
2008 4465 2155 4521 nulli

507 4557 631 4598 non
680 4549 942 4616 apertUs,
976 4561 1121 4615 ager
1165 4546 1369 4603 fertilis
1419 4548 1530 4605 sub
1581 4553 1865 4625 auspiciis
1917 4554 2152 4624 divinis,

507 4630 859 4703 eloquentiae
889 4632 1023 4688 fons
1054 4637 1358 4705 perennis.
1392 4638 1533 4694 Hinc
1562 4641 1757 4696 evenit
1814 4648 1878 4697 ut
1907 4642 2151 4713 dicipuli

2348 3846 2422 3897 ’Τί
2455 3840 2503 3895 δ’
2534 3846 2563 3902 ἡ
2596 3844 2786 3897 πόλεων
2820 3843 3036 3917 βασιλίς
3070 3861 3083 3910 ;
3125 3849 3345 3919 Πότερον
3389 3852 3699 3919 κουφότερον
3736 3850 3899 3900 ὑποί-

2273 3951 2351 3985 σει
2406 3937 2497 3990 τὴν
2536 3938 2712 3990 κοινὴν
2770 3931 3128 4007 δυσπραγίαν,
3178 3933 3207 3991 ἦ
3267 3933 3427 4006 πολλῇ
3487 3933 3899 4011 ἐπαχθεστερον

2268 4022 2347 4082 οἷς
2388 4020 2788 4095 ἐλευθεριώτατα
2839 4026 2929 4073 xui
2984 4021 3239 4074 κάλλιστα
3285 4025 3414 4097 παρ’
3455 4023 3585 4097 αὐτῇ
3654 4027 3899 4102 τεθραμ-

2268 4114 2435 4183 μένος,
2479 4112 2546 4172 ὠς
2595 4108 2643 4162 ἐν
2693 4108 2946 4162 ἀποδόσει
3002 4116 3246 4183 τροφείων
3302 4114 3474 4172 πάσας
3511 4115 3759 4187 χάριτας
3812 4136 3903 4185 φι-

2266 4199 2484 4271 λοτίμως
2528 4197 2746 4261 ἐξέτισεν
2772 4218 2783 4229 ·
2836 4199 2940 4271 οὐχ
2980 4201 3114 4260 ὅπως
3152 4208 3351 4271 κόσμος
3397 4201 3557 4264 ἀξίως
3611 4203 3755 4276 αὐτῇ
3794 4210 3898 4256 καὶ

2265 4286 2623 4361 λαμπρότατον
2673 4293 2935 4361 γινόμενος
2990 4290 3170 4361 ὄνομα,
3231 4287 3358 4341 ἀλλὰ
3413 4295 3523 4355 καὶ,
3577 4290 3632 4342 ὃν
3690 4288 3904 4366 ἱδρῶτι

2263 4376 2433 4447 πολλῷ
2465 4376 2765 4440 συνελέξαθο
2811 4377 2934 4451 παρ’
2984 4377 3113 4450 αὐτῇ
3168 4378 3387 4431 πλοῦτον
3435 4385 3641 4453 σοφίας,
3686 4385 3900 4434 τούτου

2263 4461 2581 4537 μεταδιδούς
2639 4465 2869 4538 ἀφθόνως
2919 4473 3028 4528 τοῖς
3086 4466 3395 4538 φιλοπόνοις,
3447 4468 3616 4520 κοινόν
3668 4490 3899 4545 πρυτα-

2261 4561 2391 4606 νεῖον
2441 4553 2617 4625 λόγου,
2660 4558 2749 4606 καί
2794 4559 2978 4627 σοφίας
3019 4551 3291 4626 πανδεχὴς
3338 4556 3505 4626 ἑστία,
3556 4563 3648 4609 xui
3716 4560 3904 4623 ἄλλως

2265 4642 2473 4695 Ἐλικὼν
2536 4648 2867 4716 προκείμενος
2926 4660 2938 4708 ;
3024 4650 3199 4706 Κῆπος
3291 4647 3389 4720 γὰρ
3465 4646 3527 4703 ἦν
3590 4646 3898 4709 ἀκλειστος

504 4720 687 4789 gratis
717 4722 938 4777 metere
974 4703 1156 4791 gratis
1201 4723 1441 4780 haurire
1478 4733 1724 4798 possent
1750 4746 1861 4786 nec
1891 4703 2151 4800 amplius

2266 4735 2469 4803 σοφίας,
2518 4751 2607 4783 και
2649 4731 2851 4807 πλήρης
2905 4730 3081 4804 ἀγρός,
3129 4732 3181 4783 ὃν
3239 4732 3487 4803 εὐλόγησε
3536 4736 3741 4806 Κύριος
3793 4742 3896 4789 xui

502 4809 718 4865 artium
761 4824 831 4865 ac
868 4809 1195 4867 litterarum
1248 4811 1626 4884 disciplinam
1685 4817 1930 4874 sitirent.
1983 4819 2149 4875 Brevi

502 4898 661 4952 enim
690 4902 962 4971 tempore
1007 4899 1132 4955 sine
1161 4900 1485 4973 praeludiis,
1519 4904 1647 4959 sine
1680 4906 2145 4978 prolegomenis,

501 4984 627 5040 sine
654 4987 1080 5043 certaminibus
1107 4993 1210 5043 aut
1240 4989 1451 5045 studiis
1480 4993 1714 5065 praeviis
1758 4995 2147 5068 philosophia

498 5087 562 5127 se
592 5072 893 5130 imbutum
931 5076 1117 5132 sensit
1144 5077 1492 5151 quicunque
1522 5080 1689 5137 illum
1720 5082 1945 5149 adibat,
1969 5084 2144 5156 quasi

495 5174 567 5215 ex
594 5160 785 5233 ipsius
808 5162 1132 5220 Aristotelis
1153 5166 1359 5222 schola
1380 5169 1632 5226 exiisset.
1672 5172 1956 5236 Quamvis
1982 5172 2141 5227 enim

494 5251 736 5320 torpore
791 5249 1097 5320 profundo
1138 5252 1553 5323 languesceret
1600 5258 1978 5328 ignorantiae,
2040 5260 2137 5315 ubi

490 5336 755 5407 primum
798 5336 893 5393 ille
931 5339 1135 5396 cibum
1185 5343 1555 5414 spiritualem
1594 5347 1927 5410 obtulisset,
1968 5348 2142 5405 disci-

488 5423 665 5495 pulus
711 5425 949 5497 quasia
987 5430 1163 5486 Musis
1218 5431 1365 5504 ipsis
1408 5434 1647 5489 afﬂatus
1689 5435 1980 5491 discessit.
2025 5438 2138 5494 Sed

483 5525 608 5568 non
656 5515 846 5570 amari
875 5521 939 5572 ut
966 5516 1107 5575 folia
1132 5520 1287 5576 lauri
1348 5521 1511 5578 fuere
1563 5523 1787 5578 fructus
1824 5524 2004 5595 hujus
2049 5544 2137 5582 ar-

480 5599 647 5657 boris
670 5602 973 5675 sapientiai
989 5621 1002 5673 ;
1019 5607 1143 5664 imo
1162 5608 1461 5666 dulciores
1490 5611 1639 5666 sicut
1659 5611 1912 5682 epistola
1946 5629 2133 5685 quam

2258 4824 2403 4889 πηγὴ
2468 4819 2632 4890 λόγων
2685 4820 3064 4894 ἁσφράγιστος,
3126 4826 3227 4874 Καὶ
3275 4828 3446 4895 παρῆν
3509 4829 3619 4882 τοῖς
3685 4829 3895 4895 μαθη-

2256 4915 2407 4959 τιώσι
2461 4903 2746 4981 δρέπεσθαι
2796 4915 3010 4983 προῖκα,
3066 4914 3155 4961 xui
3215 4909 3486 4983 ἀρύεσθαι,
3541 4914 3633 4963 xui
3668 4933 3897 4988 κατεμ-

2254 4999 2545 5069 φορείσθαι,
2597 5002 2687 5048 καὶ
2730 5001 2901 5069 μεκέτι
2949 5001 3126 5055 πείνῆν
3188 4996 3218 5058 ἦ
3272 4995 3434 5072 δίψῇν
3478 5006 3569 5051 τοῦ
3628 4998 3901 5057 ἀκοῦσαι

2249 5084 2399 5156 λόγον
2450 5089 2691 5157 τεχνικόν
2739 5086 2829 5138 εἴτ’
2886 5085 3306 5159 ἐπιστημονικόν.
3375 5087 3456 5141 Ἐν
3505 5087 3727 5161 βραχεῖ
3781 5097 3899 5170 γὰρ

2248 5178 2446 5247 χρόνῳ,
2494 5180 2583 5227 xui
2637 5176 2756 5227 ὅσον
2806 5173 3079 5246 ἐγκυκλίου
3106 5174 3453 5248 προπαιδείας
3488 5179 3829 5248 γεύσασθαι
3862 5182 3896 5243 £-

2250 5270 2579 5333 συφιστικοῖς
2628 5262 2965 5335 παλαίσμασι
3028 5265 3557 5337 προσγυμνάσασθαι,
3621 5264 3659 5325 ἣ
3744 5289 3898 5344 πρυ-

2248 5350 2413 5425 θύρων
2475 5349 2715 5411 ἐπιϐῆναι
2776 5352 3100 5425 φιλοσοφίας,
3155 5355 3199 5404 εἴ
3252 5371 3328 5413 τις
3384 5358 3671 5424 πεφοίτηκε
3751 5364 3900 5437 παρ’

2245 5437 2451 5509 ἐκεῖνον,
2519 5440 2665 5501 εύθύς
2722 5444 2749 5493 ό
2799 5444 2943 5516 παρὰ
2988 5448 3060 5511 τῷ
3123 5447 3423 5515 Σταγειρίτη
3483 5441 3897 5523 πεπαιδευμέ-

2241 5547 2328 5587 νος
2375 5527 2587 5602 ἑωρᾶτο,
2633 5534 2722 5581 καὶ
2769 5531 2795 5580 ὁ
2859 5532 3000 5604 παρὰ
3065 5537 3164 5580 τῶν
3220 5536 3442 5582 Μουσῶν
3506 5528 3901 5603 summo-Gri;

2247 5621 2337 5674 τήν
2397 5622 2633 5675 ποίησιν.
2708 5618 2770 5670 Εἰ
2836 5621 2937 5691 γὰρ
3001 5617 3088 5670 ὑπ’
3155 5616 3426 5695 ἀγροικίας
3483 5616 3657 5691 βαθεῖ
3720 5627 3896 5703 κάρῳ
