4126 6272
257 322 353 377 341
1305 320 1626 379 ΜΟΝΟΠῘΛ
1663 323 1735 380 ΙΝ
1771 325 1843 382 EI

1955 324 2214 382 ATHIUM
2248 325 2581 382 THESSAL.
3520 334 3628 391 842

256 442 530 507 καθεύδοι,
575 444 689 498 ἀλλ’
740 446 855 519 ἅμα
899 445 1045 519 μίκρ’
1083 445 1217 498 ἅττα
1254 444 1545 518 ἕψωμίζετο
1581 447 1843 523 παρἰὶκείε

1974 448 2241 506 Ezechiel
2269 463 2377 520 per
2405 449 2711 506 somnium
2740 450 2944 509 edidit.
2976 450 3084 508 Mel
3112 451 3276 509 enim
3316 454 3624 513 Eustathio

253 553 365 596 νου,
434 539 526 586 καὶ
602 542 948 608 παραχρῆμα
1009 530 1331 600 διυπνίςετο,
1400 543 1659 606 μουσικοῦ
1724 555 1843 589 τινοι

1971 536 2200 607 lingua,
2221 536 2476 594 ﬂumina
2499 543 2739 596 nectare
2752 542 3022 597 saturata
3042 539 3372 598 distillabat
3392 560 3407 611 ;
3430 558 3622 615 quare

255 625 488 694 κάτοχος
536 623 839 694 ἄσθματος.
896 622 1036 680 Πλὴν
1091 623 1187 674 ούκ
1244 624 1473 697 ἔμπικρα
1520 619 1601 695 ἦν,
1673 625 1739 685 ὠς
1796 627 1865 677 τὰ

258 708 455 783 δάφνης
501 711 727 782 πέταλα,
795 713 860 764 τὰ
906 712 1249 784 ψωμιζόμενα
1300 710 1424 784 παρ’
1494 710 1710 782 ἐκείνου,
1765 722 1862 775 τῆς

255 808 355 852 τῶν
386 808 561 870 σοφῶν
602 797 961 872 ἐπιφυλλίδος,
1001 805 1091 853 καὶ
1136 806 1223 851 νῦν
1267 802 1408 872 οἶμοι
1432 800 1444 854 Ι
1472 806 1859 875 τετρυγημένης

258 890 478 941 θανάτου
526 897 687 961 τομῇ,
728 889 1063 960 γλυκάζοντα
1108 886 1168 942 δὲ
1215 888 1429 961 μᾶλλον,
1467 892 1533 950 ὡς
1580 892 1611 949 ἡ
1656 891 1861 963 κεφαλὶς

259 979 290 1035 ἡ
378 976 677 1052 βεϐρωμένη
760 986 835 1048 τῷ
917 977 1163 1039 Ἰεξικιήλ
1233 986 1566 1051 προφητικῶς
1626 978 1857 1054 ὀνειρώτ-

263 1085 424 1121 τοντι.
470 1066 690 1129 Miluo;
733 1069 838 1139 γὰρ
887 1066 1180 1128 ἀπέσταζον
1231 1069 1285 1118 αἰ
1331 1075 1430 1119 τῶν
1481 1066 1694 1138 ὁμιλιῶν
1753 1068 1857 1121 Εὐ-

264 1157 482 1207 σταθίου
532 1158 778 1230 χάριτες,
829 1159 898 1218 ὡς
952 1156 1183 1228 ἀτεχνῶς
1234 1155 1534 1230 ἀπορῥῶγίς
1584 1176 1715 1217 τινες
1770 1162 1853 1210 νί-

252 1263 445 1318 κταρος
477 1265 489 1278 ·
558 1245 672 1297 ὅθεν
737 1249 828 1298 καὶ
894 1244 968 1306 εἰς
1027 1246 1186 1318 ἄκρον
1249 1243 1437 1315 ψυχῆς
1496 1244 1679 1316 μυελὸν
1743 1253 1855 1308 τοῖς

249 1332 536 1405 ὣιροαταῖς
591 1329 909 1404 εἰσδυόμενα
956 1336 1047 1388 τὰ,
1074 1329 1407 1404 διδάγματα,
1465 1338 1556 1386 καὶ
1612 1334 1854 1407 ἄντικρυς

245 1418 558 1492 ἔγκαόμενα,
630 1417 966 1493 διετηροῦντο
1027 1420 1320 1475 ἀνέκπλυτα
1382 1421 1545 1482 λήθης
1607 1423 1847 1496 ῥεύματι.

244 1514 312 1562 Τό
340 1512 446 1583 γὰρ
496 1506 662 1582 ἡδονῇ
718 1510 905 1582 ψυχῆς
945 1509 1323 1582 ἐκτυπούμενον
1379 1511 1602 1583 μάθημα
1653 1530 1849 1584 μηνμο-

241 1602 498 1672 νικωτέρᾳ
542 1594 710 1669 δέλτῳ
761 1603 936 1673 φρενὸς
989 1598 1380 1670 ἆγκολάπτεται,
1436 1601 1505 1660 ὡς
1554 1602 1737 1652 θᾶττον
1786 1600 1847 1654 ἂν

239 1683 530 1740 ύπιδίσθαι
603 1692 697 1739 καὶ
764 1692 886 1762 περὶ
941 1691 1129 1741 τούτου
1196 1690 1222 1739 ὁ
1274 1693 1365 1739 καὶ
1416 1692 1532 1760 περὶ
1592 1696 1847 1761 σοφιστοῦ

235 1793 370 1836 τινος
420 1775 587 1828 πάλαι
643 1775 791 1847 λόγος
846 1773 1057 1851 διέῤῥει,
1113 1779 1178 1838 ὡς
1231 1778 1336 1849 ἄρα
1376 1773 1706 1840 Χαλδαῖκαῖς
1730 1798 1845 1834 τισι

232 1871 585 1936 μαγγανείαις
666 1869 789 1926 τούς
870 1867 1119 1937 ὁμιλητάς
1199 1867 1471 1941 ἐργάζοιτο
1556 1872 1841 1940 μνήμονας.

1972 630 2273 698 praecepta
2309 626 2439 696 ejus
2474 625 2537 682 in
2574 626 2854 683 intimum
2891 628 3291 700 penetrabant
3344 630 3620 690 animum

1969 729 2166 786 neque
2194 713 2316 771 ulla
2342 714 2399 770 vi
2427 714 2720 772 eradicari
2751 715 3050 773 valebant.
3117 717 3400 777 Omnium
3455 720 3619 779 enim

1967 806 2222 869 mentes,
2253 818 2406 875 quas
2434 802 2707 860 doctrina
2735 820 2806 861 ac
2825 803 3142 877 disciplina
3162 820 3273 867 sua
3294 806 3617 880 adimples-

1968 895 2073 958 set,
2126 889 2361 963 philtris
2407 890 2768 960 Chaldaicis,
2808 897 2875 949 ut
2918 892 3002 951 ita
3047 892 3270 961 dicam,
3322 893 3619 957 imbuisse

1964 978 2301 1036 videbatur.
2347 981 2431 1035 Tu
2461 980 2782 1037 Castellum
2833 981 3184 1049 Gratiarum,
3217 981 3479 1039 artiﬁciis
3512 985 3614 1056 ju-

1967 1067 2172 1125 cundis
2212 1066 2543 1140 discipulos
2584 1068 2868 1141 docebas,
2914 1074 2972 1126 et
3011 1086 3159 1127 voce
3182 1075 3288 1129 tua
3335 1070 3614 1130 Sirenum
3646 1136 3651 1145 ,

1962 1172 2174 1214 vocem
2203 1161 2525 1228 superante
2553 1172 2625 1215 eo
2646 1158 2972 1230 perduxisti
2999 1162 3065 1216 ut
3083 1174 3222 1231 quae
3252 1159 3613 1219 anteafabu-

1960 1245 2077 1305 losa
2102 1244 2309 1301 habita
2335 1244 2590 1317 fuerant,
2619 1261 2781 1303 nunc
2805 1262 2916 1318 pro
2937 1247 3089 1304 veris
3131 1247 3439 1305 ducerent.
3464 1250 3614 1315 Quo-

1959 1339 2175 1394 {actum
2192 1339 2278 1392 est
2304 1339 2368 1391 ut
2394 1335 2737 1394 felicissima
2774 1337 2926 1395 alios
2955 1337 3302 1405 instituendi
3324 1338 3613 1397 methodo

1959 1423 2155 1482 multis
2184 1423 2374 1480 multa
2402 1425 2968 1482 communicaveris.
3010 1428 3141 1482 Non
3197 1426 3360 1483 enim
3386 1426 3612 1486 librum

1957 1512 2199 1584 aliquod
2228 1528 2370 1569 cum
2398 1512 2532 1569 aliis
2583 1512 2792 1583 legens
2830 1529 2903 1571 ea
2954 1529 3093 1587 quae
3130 1515 3473 1573 necessario
3522 1516 3613 1573 in-

1955 1600 2336 1673 terpretanda
2382 1607 2696 1669 venerunt,
2754 1602 3104 1675 explicuisti,
3154 1603 3344 1674 locos,
3399 1605 3453 1661 si
3503 1608 3611 1677 qui

1956 1695 2125 1747 erant
2175 1690 2451 1746 difﬁciles
2522 1691 2932 1759 dilucidando,
2995 1691 3104 1748 sed
3157 1691 3277 1750 alia
3348 1693 3612 1765 plurima

1954 1783 2161 1845 sponte
2229 1779 2629 1836 immiscendo
2665 1795 2804 1852 quae
2871 1780 2952 1837 ad
3014 1795 3143 1839 rem
3218 1779 3414 1841 facere
3440 1780 3608 1843 vide-

1951 1866 2194 1923 bantur.

230 1957 463 2024 Τοιούτῳ
534 1956 797 2027 φαρμάκῳ
855 1959 915 2007 τὸ
980 1963 1181 2029 μνῆμον
1244 1956 1315 2018 εἰς
1384 1955 1545 2029 βάθος
1608 1964 1719 2017 τοῖς
1781 1957 2046 2027 μαθηταῖς
2105 1954 2466 2030 ἐνεχάραττες,
2496 1952 2537 2007 ὦ
2602 1962 2845 2031 Χαρίτων
2900 1958 3118 2011 ἁπασῶν
3177 1958 3459 2035 ἀνάκτορον
3515 1966 3604 2030 σὺ,

228 2048 317 2094 καὶ
385 2042 614 2113 ’ἰύγγων
667 2047 759 2095 καὶ
817 2049 1067 2118 Σειρήνων
1120 2044 1492 2120 ἐπαγωγότερε,
1540 2051 1630 2100 καὶ
1677 2046 1868 2098 πείθων
1914 2047 1980 2096 τὰ
2036 2048 2199 2118 μέχρι
2256 2051 2354 2096 σοῦ
2410 2047 2755 2117 μυθευόμενα,
2796 2048 2865 2108 ὡς
2919 2045 3086 2106 ἀληθῆ
3146 2054 3238 2100 τοῦ
3295 2047 3479 2102 λοιποῦ
3518 2069 3607 2103 πι-

232 2133 519 2184 στεύεσθαι
554 2152 566 2165 ·

628 2134 805 2205 ὥσπερ
869 2138 959 2185 καὶ
1023 2138 1080 2187 τὸ
1144 2134 1437 2207 πολυμαθὴς
1496 2142 1586 2187 καὶ
1646 2133 1843 2187 πολλῶν
1902 2132 2189 2205 ἐπιστῆμον
2252 2131 2567 2196 ἕναπετίθεις
2633 2139 2815 2206 σφίσιν
2879 2134 2930 2187 ἐν
2996 2138 3174 2208 χρόνῳ
3242 2134 3445 2211 βραχεῖ
3510 2133 3609 2191 διὰ

230 2228 330 2272 τῶν
387 2222 461 2280 ὡς
508 2220 760 2273 ἑκάστοτε
816 2221 1028 2293 ὁμιλιῶν
1078 2242 1175 2275 σου
1225 2232 1327 2276 τῶν
1400 2223 1837 2295 ἁποϐαπτομένων
1890 2222 1961 2284 εἰς
2002 2228 2176 2274 πᾶσαν
2242 2222 2457 2292 λογικὴν
2514 2218 2760 2294 μέθοδον.
2818 2223 2895 2276 Ού
2944 2222 3045 2297 γὰρ
3112 2231 3209 2285 τῆς
3268 2231 3450 2298 χεροῖν
3517 2222 3608 2298 βί-

234 2308 355 2361 ϐλου
413 2314 579 2381 μόνης
631 2312 718 2361 τὸν
774 2319 892 2363 νοῦν
948 2311 1300 2376 ἁνέπτυασσες
1342 2313 1390 2366 ἄν
1442 2320 1552 2375 ταῖς
1617 2315 1876 2385 ὁσημέραι
1938 2316 2404 2382 συναναγνώσεσιν,
2468 2314 2569 2364 εἴτε
2634 2313 2701 2364 τὰ
2765 2318 2858 2372 τῆς
2922 2311 3218 2386 ἑρμηνείας,
3277 2313 3322 2367 εἰ
3390 2315 3490 2367 ὑπὸ
3553 2332 3609 2367 τι

235 2398 551 2470 μελαίνοιτο,
635 2395 979 2461 διελεύκαινες
1029 2422 1040 2435 ·

237 2483 464 2559 δρομαῖς
530 2495 633 2539 τῶν
693 2493 1040 2561 προκειμένων
1107 2491 1561 2564 φιλοτιμούμενος,

1119 2400 1247 2454 ἀλλὰ
1316 2421 1378 2474 γε
1451 2408 1541 2455 καὶ
1607 2410 1706 2454 τῶν
1779 2399 1944 2452 ἄλλων
2008 2399 2171 2452 πολλὰ
2237 2399 2526 2474 ξννεφόρεις
2591 2403 2938 2474 παραμιγνὺς,
3006 2400 3101 2453 ούκ
3168 2401 3377 2477 ἐξώροις
3437 2421 3606 2477 παρα-

1646 2491 1792 2563 παρὰ
1858 2485 1918 2541 δι
1981 2496 2072 2550 τῆς
2139 2489 2352 2541 αύτοθεν
2415 2491 2820 2564 προκοπτούσης
2887 2488 3120 2563 ἀφορμῆς
3189 2486 3472 2563 δεχόμενος
3544 2493 3604 2544 τὸ

238 2572 540 2646 ἐνδόσιμον,
586 2580 677 2628 καὶ
722 2581 817 2635 τὴν
853 2577 1178 2651 παρέκϐασιν
1209 2583 1267 2632 ού
1294 2585 1438 2653 παρὰ
1470 2582 1631 2653 θύραν
1662 2581 1740 2651 (τὸ
1770 2584 1862 2631 τοῦ
1886 2576 2065 2649 λόγου)
2096 2580 2422 2650 ποιούμενος,
2468 2581 2537 2639 ὡς
2566 2576 2626 2630 ἆν
2653 2578 2697 2632 εἰ
2725 2582 2816 2632 καὶ
2845 2582 3233 2655 παραφανέντος
3262 2584 3458 2652 ὄνυχος
3490 2579 3608 2642 ὅλος

237 2663 360 2715 λέων
384 2667 523 2716 κατὰ
550 2669 648 2723 τὴν
679 2671 962 2738 παροιμίαν
990 2664 1306 2742 διηρθρωτο.

319 2752 444 2805 Ἀλλ’
488 2753 586 2806 οὐκ
638 2752 862 2807 ἄκλαυτὶ
906 2761 1060 2808 ταυτὶ
1104 2753 1413 2828 διηγεῖσθαι
1457 2758 1565 2818 οἷός
1609 2760 1663 2809 τέ
1709 2754 1835 2826 εἰμι·

238 2846 424 2914 μικρὸν
462 2844 569 2916 γὰρ
619 2850 713 2894 τοῦ
754 2844 955 2905 πάθους
1007 2842 1294 2915 ἀνανήψας,
1353 2847 1392 2897 ὦ
1449 2850 1715 2920 παρόντες,
1771 2844 1844 2905 εἰς

243 2930 543 3004 ὀλοφύρσεις
623 2930 893 3005 καταῤῥίω
966 2934 1140 2985 πάλιν.
1227 2942 1339 2987 Τῶν
1416 2938 1518 3009 γὰρ
1582 2934 1840 3006 ὁμιλητῶν

238 3017 425 3072 ἔτεινον
478 3022 569 3071 τὸν
626 3019 816 3071 κύκλον
873 3019 1181 3096 ἀναπληρῶν
1246 3029 1337 3076 καὶ
1406 3024 1584 3096 αὐτὸς,
1652 3022 1842 3094 φιλοτιε

2024 2753 2160 2823 Sed,
2200 2770 2237 2810 ο
2268 2754 2432 2810 chari
2462 2754 2659 2821 amici,
2693 2755 2864 2812 siccis
2905 2756 3021 2813 hoc
3043 2756 3232 2813 oculis
3246 2757 3463 2815 referre
3482 2773 3608 2815 non

1949 2843 2142 2911 valeo,
2183 2848 2240 2899 et
2265 2843 2325 2898 in
2355 2844 2671 2914 pristinum
2714 2859 3033 2901 maerorem
3078 2861 3316 2917 semper
3346 2845 3603 2903 relabor.

1953 2932 2188 2989 Memini
2207 2933 2368 2987 enim
2399 2937 2628 3003 quanta
2651 2933 2932 2988 comitate
2952 2947 3065 3002 ego
3086 2933 3237 3006 ipse,
3258 2935 3364 3006 qui
3392 2934 3456 2990 in
3475 2935 3525 3005 ej
3535 2950 3607 2991 us

1952 3020 2389 3091 discipulorum
2416 3034 2671 3075 numero
2719 3035 2904 3087 eram,
2929 3026 3212 3092 exceptus
3260 3021 3338 3077 ab
3381 3036 3454 3077 eo
3488 3021 3606 3091 fui,

235 3113 448 3180 μότερον
490 3107 933 3181 ὶφιλοφρονούμην
982 3112 1105 3185 παρ’
1155 3112 1317 3182 αὐτῷ,
1356 3118 1446 3165 καὶ
1475 3114 1575 3165 ὑπὸ
1618 3120 1842 3186 κρατῆρι

1955 3113 2017 3177 ut
2077 3108 2328 3181 plenum
2384 3106 2691 3179 sapientiae
2745 3107 2993 3164 calicem
3045 3108 3448 3167 exhaurirem.
3516 3111 3605 3168 Me

238 3204 423 3269 σοφίας
469 3198 675 3269 μείζονι
711 3218 723 3230 ·
765 3201 932 3271 ταύτῃ
979 3205 1070 3252 καὶ
1119 3203 1148 3260 ἡ
1205 3204 1382 3273 μνὴμη
1431 3204 1628 3254 τούτων
1679 3219 1841 3273 προσο

235 3291 505 3339 πίπτουσα
556 3291 767 3360 στρεφει
812 3306 914 3359 μου
954 3293 1047 3347 τὴν
1094 3286 1341 3365 καρδὶαν,
1392 3296 1480 3343 καὶ
1522 3295 1582 3342 τὸ
1618 3289 1667 3342 ἕν
1710 3292 1838 3362 αὐτῇ

239 3375 615 3445 συμπιέξουσα
671 3370 806 3446 αἷμα
854 3374 926 3436 εἰς
973 3372 1183 3449 δάκρυα
1224 3377 1649 3451 προσαναθλίϐει,
1707 3380 1843 3430 κατὰ

241 3462 501 3535 θρόμϐους
577 3464 804 3535 αἳματος
878 3464 1262 3537 συλλειϐόμενα.
1352 3466 1492 3525 Πλὴν
1573 3466 1842 3541 πειρατέον

237 3557 323 3604 καὶ
387 3548 547 3612 αὖθις
604 3550 894 3623 ἀναφέρειν,
952 3558 1041 3606 καὶ
1093 3557 1162 3616 ὡς
1218 3553 1327 3618 ἆξον
1375 3554 1727 3626 ἀνακωχεύειν
1782 3559 1841 3608 τὸ

239 3636 487 3715 δάκρυον,
519 3641 605 3692 ἵνα
660 3645 733 3712 μη
779 3645 933 3712 μόνον
994 3641 1411 3716 ἀφοσιωσὼμεθα
1464 3652 1539 3713 τῷ
1588 3641 1743 3717 ἀνδρὶ
1780 3649 1839 3697 τὸ

238 3727 695 3802 ἀπολοφύρασθαι,
948 3737 1037 3783 καί
1112 3752 1163 3784 τι
1242 3741 1343 3785 τῶν
1414 3732 1606 3785 ἑκείνου
1662 3732 1834 3785 καλῶν

239 3820 652 3891 θωμασὼμεθα.
708 3824 825 3892 Χρὴ
880 3822 983 3892 γὰρ
1041 3820 1306 3874 κάνταῦθα
1357 3828 1566 3893 μνήμην
1622 3819 1834 3874 δικαίου

1954 3196 2273 3254 miserum!
2308 3196 2742 3252 Praeteritorum
2779 3201 3125 3268 temporum
3162 3197 3606 3256 reminiscentia

1953 3302 2052 3344 cor
2072 3290 2330 3357 occupat
2353 3294 2407 3340 et
2430 3283 2733 3356 lacrymas
2752 3300 2893 3340 cum
2911 3286 3206 3356 sanguine
3225 3285 3601 3355 miscet.Sed,

1954 3376 2105 3431 Mitte
2144 3374 2480 3446 lacrymari,
2525 3373 2674 3429 mihi
2704 3373 2818 3446 ipsi
2855 3373 3013 3443 dico,
3055 3379 3119 3432 ut
3168 3375 3367 3432 virum
3396 3374 3603 3432 defun-

1951 3468 2112 3518 ctum
2141 3477 2263 3517 non
2294 3461 2614 3530 lugeamus
2652 3466 2909 3532 tantum,
2948 3463 3057 3519 sed
3096 3463 3513 3521 admirationis
3549 3464 3605 3522 ei

1950 3551 2219 3607 debitum
2235 3549 2501 3606 ofﬁcium
2532 3550 2612 3606 ob
2640 3549 2836 3607 claras
2867 3551 2997 3623 ejus
3028 3552 3273 3609 virtutes
3298 3553 3604 3627 persolva-

1949 3656 2108 3697 mus.
2126 3642 2430 3695 Justorum
2451 3639 2612 3695 enim
2634 3640 2928 3697 memoria
2948 3641 3189 3699 modica
3207 3641 3388 3699 laude
3408 3658 3603 3715 eaque

1949 3727 2203 3799 simplici
2216 3734 2273 3784 et
2287 3730 2392 3783 rite
2413 3727 3050 3794 limitata,honorauda
3066 3732 3400 3787 est.‘n!usica
3412 3730 3598 3797 enim,

1946 3817 2200 3885 inluctu,
2224 3816 2557 3873 secundum
2575 3817 3291 3889 Sapientem,importuna
3312 3818 3597 3889 narratio,

232 3910 472 3977 γενέσθαι
501 3907 615 3980 μετ’
656 3907 922 3979 ἐγκωμίου
952 3915 1164 3983 μετρίου
1190 3915 1280 3962 καὶ
1309 3906 1714 3981 διαπλεκομένου
1743 3916 1850 3972 τοῖς
1871 3908 2079 3961 πένθεσι
2112 3926 2125 3939 ·
2159 3910 2249 3957 καὶ
2278 3914 2430 3958 τοῦτο
2456 3905 2514 3958 ού
2544 3907 2676 3976 μετὰ
2701 3906 2905 3979 ῥυθμοῦ
2934 3904 3142 3977 κομψοῦ
3186 3924 3326 3966 τινος
3361 3906 3391 3964 ἣ
3423 3908 3601 3979 περιᾴ-

234 3993 411 4057 δοντος
431 3997 619 4070 ἔξωρα.
655 4003 903 4050 Μουσικα
926 4000 1024 4070 γὰρ
1056 3998 1107 4050 ἕν
1137 4000 1326 4067 πένθει,
1352 4001 1488 4050 κατὰ
1509 4002 1596 4050 τὸν
1629 4003 1804 4071 σοφὸν,
1839 3994 2095 4067 διήγησις
2120 3995 2356 4066 ἄκαιρος.

296 4086 361 4138 Ὀ
412 4094 545 4157 γοῦν
586 4084 842 4157 ἐλέγομεν,
904 4090 1068 4157 μικρὰ
1270 4089 1382 4159 ἅμα
1437 4087 1696 4140 τελεῖσθαι
1743 4093 1834 4140 καὶ

232 4176 431 4246 μεγάλα
494 4180 770 4248 μυστήρια
833 4180 953 4239 τοὺς
1016 4176 1203 4238 αύτούς
1250 4178 1343 4229 ούκ
1400 4174 1462 4235 ἧν
1518 4197 1643 4231 ποτε
1697 4180 1835 4251 θεμι-

230 4267 334 4325 τὸν,
366 4267 487 4317 οὔτε
536 4268 640 4335 μὴν
687 4267 929 4337 χορεύειν
973 4261 1265 4336 δᾳδουχεῐν
1308 4285 1363 4318 τε
1403 4270 1492 4317 καὶ
1538 4266 1834 4319 ἐποπτεύειν

230 4356 363 4404 κατὰ
410 4358 625 4406 ταυτὸν.
684 4352 910 4425 Ἀμαθὲς
981 4357 1082 4427 γὰρ
1149 4359 1238 4406 καὶ
1298 4353 1547 4426 σφαλερὸν
1604 4352 1742 4407 οἶδεν
1800 4358 1829 4413 ἡ

2013 4086 2143 4138 Jam
2183 4081 2326 4137 alidi
2363 4080 2626 4136 diximus
2664 4086 2875 4138 contra
2911 4096 3193 4139 normam
3222 4098 3352 4139 esse
3379 4082 3601 4143 initiari

1945 4172 2023 4228 ad
2061 4185 2284 4238 magna
2317 4168 2495 4224 simul
2525 4173 2582 4224 et
2610 4184 2799 4240 parva
2836 4170 3161 4242 mysteria;
3183 4171 3315 4242 jam
3342 4172 3503 4229 enim
3534 4173 3599 4233 in

1942 4258 2263 4332 proverbio
2303 4263 2391 4312 est
2429 4257 2589 4312 stulti
2626 4273 2758 4314 esse
2794 4258 2857 4314 in
2894 4274 3040 4317 vase
3087 4261 3349 4332 pretioso
3406 4266 3597 4320 artem

1945 4348 2257 4418 ﬁgulinam
2281 4347 2506 4402 discere
2530 4346 2698 4405 velle.
2732 4347 2855 4404 Sub
2882 4349 3074 4421 ipsius
3090 4355 3292 4406 autem
3314 4351 3597 4423 auspiciis

233 4443 490 4511 παροιμίᾳ
544 4443 604 4492 τὸ
653 4438 700 4492 ἓν
759 4442 900 4511 πίθῳ
958 4446 1051 4499 τὴν
1117 4447 1391 4514 κεραμείαν
1455 4438 1831 4497 διδάσκεσθαι.

1955 4437 2052 4510 qui
2100 4441 2163 4491 ut
2200 4434 2479 4493 sacerdos
2517 4435 2779 4493 initiator
2816 4438 3125 4510 sapientiae
3176 4440 3464 4511 mysteria
3525 4456 3596 4496 ac

246 4528 371 4597 Παρ⁹
423 4527 594 4598 ἐκείνῳ
651 4524 704 4580 δ’
758 4530 883 4600 ὄμος
938 4530 1315 4602 ἱεροφαντοῦντι
1365 4533 1430 4582 τὰ
1481 4530 1700 4601 λογικῶν
1754 4551 1834 4584 τε·

237 4623 379 4686 χνῶν
432 4620 587 4689 ᾆογια
638 4616 750 4688 οἶμα
802 4619 871 4667 τὰ
925 4624 1147 4671 Μουσων
1200 4621 1468 4676 πεπάτηκέ
1517 4639 1594 4679 τις
1640 4623 1837 4691 προπύ-

235 4702 373 4769 λαια,
422 4710 515 4759 καὶ
561 4713 905 4780 παραχρῆμα
951 4711 1041 4758 καὶ
1096 4709 1163 4758 τὰ
1222 4715 1323 4759 τῶν
1369 4709 1664 4780 ἀνακτόρων
1711 4707 1838 4761 ἕπὼο

234 4812 409 4847 πτευεν
489 4790 688 4863 ἀὸυτα,
770 4798 863 4845 καὶ
930 4800 1024 4853 τῆς
1087 4793 1285 4854 τελετῆς
1349 4791 1500 4847 οὐδὲν
1566 4792 1649 4863 ἦν,
1714 4797 1836 4870 ὅπερ

233 4882 529 4935 ύπελείπετο
585 4886 757 4939 πάντη
808 4889 919 4943 τοῖς
976 4882 1253 4936 νεοτελέσιν
1321 4881 1614 4959 ἁνίκφορον.
1684 4882 1839 4936 Ἀλλά

231 4990 303 5033 τις
350 4980 451 5024 τῶν
507 4976 805 5042 φοιτώντων
862 4966 1097 5022 πυκτίδα
1156 4976 1439 5029 ποιητικὴν
1496 4974 1597 5025 ύπὸ
1669 4971 1837 5044 μάλην

236 5065 409 5134 φέρων,
486 5057 659 5114 ἕδείτο
732 5064 937 5132 μέτρων
1004 5061 1092 5129 μὲν
1159 5064 1355 5131 νόμους
1419 5064 1687 5129 μυεῖσθαι,
1749 5067 1840 5113 καὶ

237 5148 456 5220 ῥυθμούς
523 5148 807 5223 ἁρμονίας,
863 5153 955 5198 καὶ
1016 5154 1106 5198 τοῦ
1176 5146 1367 5219 ἐτύμου
1427 5156 1528 5200 τῶν
1578 5148 1839 5221 ὀνομάτων

240 5233 529 5303 ἀνάπτυξιν,
603 5236 1066 5309 ψυχαγωγὼθαί
1139 5254 1194 5288 τε
1263 5236 1495 5310 πράξεων
1559 5235 1840 5310 ἀρχαιολο-

239 5330 483 5398 γουμένων
555 5327 903 5399 μυθεύμασιν
954 5339 966 5351 ·
1026 5320 1116 5377 εἷθ’
1183 5325 1467 5397 ὑπέστρεφε
1529 5329 1722 5379 τούτων
1786 5343 1841 5377 τε

244 5414 406 5487 θεωρὸς
462 5414 673 5475 ἐντελὴς
730 5417 825 5464 καὶ
871 5419 972 5464 τῶν
1031 5417 1432 5486 μυπικωτέρων
1485 5414 1544 5466 ού
1594 5416 1841 5486 παράπαν

237 5500 507 5568 ἆτελεστος.
566 5499 724 5557 Ούδε
778 5502 879 5575 γὰρ
940 5495 1358 5562 διεσπουδάζετο
1406 5505 1455 5555 οἱ
1505 5507 1700 5556 τούτων
1748 5507 1841 5561 τὴν

232 5598 387 5667 ἴνεσιν
445 5593 666 5652 ἀποπλῆ
677 5607 778 5645 σαι
822 5593 979 5662 μόνον
1021 5598 1126 5653 τοῖς
1178 5592 1423 5662 μύσταις,
1463 5590 1592 5646 ἀλλὰ
1642 5611 1704 5663 γε
1753 5596 1843 5645 καὶ

1944 4525 2277 4582 rhetoricen
2315 4524 2589 4595 docebat,
2632 4524 2908 4598 discipuli
2946 4529 3249 4584 Musarum
3285 4528 3596 4601 propylaea

1945 4611 2453 4682 ingrediebantur,
2500 4613 2705 4685 palatii
2743 4615 3191 4672 sanctissimum
3229 4617 3599 4690 contempla-

1945 4705 2185 4768 bantur;
2218 4701 2382 4755 nulla
2404 4702 2566 4757 enim
2591 4704 2898 4774 provincia
2912 4705 3336 4777 mysteriorum
3351 4705 3598 4764 occlusa

1944 4797 2071 4848 erat
2098 4790 2439 4861 neophytis.
2461 4791 2649 4857 Quid?
2662 4792 2830 4864 quod
2844 4794 2893 4849 si
2906 4793 3341 4866 discipulorum
3373 4793 3596 4864 aliquis

1945 4878 2400 4939 versiﬁcationis
2429 4880 2784 4951 rhythmum
2824 4886 2882 4938 et
2906 4882 3295 4938 harmoniam
3325 4880 3596 4940 ediscere

1946 4969 2227 5040 cupiebat
2257 4973 2361 5024 aut
2374 4984 2593 5026 vocum
2611 4971 3065 5042 etymologiam,
3095 4970 3472 5027 Eustathium
3487 4970 3597 5028 ha-

1944 5057 2128 5113 bebat
2157 5055 2375 5112 ducem
2408 5057 2661 5129 peritum
2690 5060 2752 5115 in
2781 5059 3459 5131 docendisantiquitatis
3473 5064 3596 5119 tra-

1946 5145 2274 5202 ditionibus
2331 5150 2389 5202 et
2445 5147 2505 5203 in
2562 5147 2730 5204 brevi
2787 5150 3076 5221 temporis
3135 5155 3443 5206 momento
3502 5164 3599 5206 so—

1946 5235 2240 5291 lutionem
2278 5235 2722 5307 problematum
2787 5236 3196 5294 desideratam
3261 5236 3594 5295 obtinebat.

1949 5324 2015 5379 Id
2043 5325 2204 5379 enim
2230 5324 2373 5379 fecit
2396 5330 2461 5381 ut
2496 5326 2971 5383 adolescentium
2993 5325 3205 5381 studiis
3235 5325 3495 5382 favendo
3517 5326 3601 5382 ad

1948 5428 2150 5469 rerum
2172 5412 2539 5470 multitudini
2556 5415 2932 5472 occultarum
2951 5415 3360 5483 cognitionem
3376 5415 3602 5484 januas

1950 5506 2262 5558 reserarat.
2305 5502 2790 5574 Quotusquisque
2828 5518 2953 5559 non
2998 5501 3169 5568 lacte,
3217 5499 3326 5555 sed
3374 5497 3603 5554 fortiori

1952 5590 2087 5649 cibo
2125 5594 2182 5647 et
2219 5590 2443 5660 ingenii
2481 5590 2822 5653 maturitate
2883 5592 3181 5651 saturatas
3215 5584 3359 5645 inde
3394 5581 3599 5641 rediit!
