4126 6272
532 316 642 376 343

1414 307 1786 370 MICHAELIS
1821 302 2206 368 ACOMINATI
2239 301 2674 364 ATHENARUM
2710 299 3026 361 ARCHIEP.

3793 310 3897 367 344

536 437 655 499 Sed
667 434 905 510 majora
927 437 1522 496 memoremus.Multi
1535 436 1784 512 quidem
1805 433 1887 493 ad
1905 434 2188 508 eloquen-

2301 435 2368 488 τὰ
2411 438 2512 484 τῶν
2559 431 2736 504 μύθων
2788 429 3247 505 παραπετάσματα
3295 426 3567 504 διασχεῖν,
3627 434 3719 486 καὶ
3773 429 3894 487 δοῦ-

533 531 631 588 tiaa
656 526 968 599 fastigium
987 541 1054 583 se
1068 530 1306 585 evectos
1322 526 1724 585 autumabant
1748 524 2188 599 atqueidoneos

535 617 620 678 ad
637 615 985 676 docendum
1008 615 1157 674 alios
1173 615 1341 690 quod
1357 616 1474 691 ipsi
1494 617 1645 673 scire
1666 631 1729 672 se
1747 614 2066 688 putabant,
2085 614 2190 672 do-

533 721 650 765 nec
690 704 805 761 sub
843 704 1130 762 Eustathii
1174 705 1462 778 auspiciis
1509 707 1807 778 quantum
1844 703 2192 775 ignorarent

535 794 950 867 intelligerent.
989 793 1148 852 Multi
1185 795 1250 852 in
1289 794 1624 853 Gratiarum
1654 809 1721 851 se
1758 792 2046 866 mysteria
2079 791 2190 849 ini-

533 885 716 943 tiatos
754 882 1100 954 credebant,
1153 883 1348 941 donec
1393 884 1526 958 ipso
1574 885 1878 951 monente,
1924 895 2190 938 errorem

535 988 716 1030 suum
740 964 1487 1043 cognoscerentIPluresin
1499 970 2187 1045 philosophiamaximo-
2230 985 2236 993 ·

532 1060 1008 1138 pereprofecisse
1021 1059 1739 1130 sibi,videbantur,donec
1767 1073 1895 1116 sese
1923 1075 2062 1116 cum
2087 1057 2190 1117 illo

533 1152 665 1209 viro
694 1149 912 1208 artium
925 1165 996 1207 ac
1009 1148 1344 1208 litterarum
1363 1149 1729 1223 peritissimo
1749 1165 1810 1206 se
1829 1148 2188 1207 conferrent.

534 1239 720 1312 Igitur
747 1243 1078 1312 postquam
1107 1238 1532 1310 cognovissent
1561 1254 1624 1295 se
1645 1238 1726 1294 nil
1745 1239 1915 1302 scire,
1946 1237 2026 1293 ad
2053 1237 2192 1310 ipsa

533 1328 883 1387 rudimenta
908 1327 1103 1384 redire
1147 1342 1270 1385 non
1306 1327 1749 1385 erubescebant
1783 1329 1842 1384 et
1876 1326 1938 1382 in
1979 1325 2193 1398 optimi

533 1416 812 1488 magistri
877 1415 1088 1473 schola
1120 1416 1251 1488 jam
1289 1419 1462 1472 aetate
1499 1415 1904 1489 provectiores
1942 1414 2192 1472 meliora

534 1505 754 1563 melius
785 1503 1118 1561 addiscere.
1155 1503 1448 1577 Equidem
1487 1505 1874 1561 alumnarum
1906 1503 2190 1561 omnibus

534 1593 703 1652 horis
725 1594 972 1651 domum
995 1593 1126 1664 ejus
1145 1592 1654 1666 frequentantium
1668 1593 1916 1664 agmina
1930 1598 2193 1649 contem-

533 1681 788 1757 plando,
801 1681 1039 1738 Homeri
1052 1681 1127 1738 de
1140 1697 1328 1754 apum
1341 1681 1724 1738 examinibus
1747 1682 2048 1754 loquentis
2073 1697 2195 1738 me-

2297 541 2382 575 ναι
2435 521 2560 573 εἴσω
2610 524 2885 594 χωρῆσαι,
2937 522 3028 572 καί
3078 539 3128 574 τι
3185 526 3283 574 τῶν
3350 520 3557 583 πολλοῖς
3622 519 3893 595 ἆνεφικτων

2298 609 2616 664 ἐποπτεῦσαι
2681 610 2868 680 θέαμα.
2923 613 3089 662 Πόσοι
3153 613 3459 685 προσίοντες
3517 615 3699 670 νήπιοι
3758 611 3892 665 ἐλάν-

2299 701 2448 753 θανον
2524 696 2637 750 ἀντὶ
2686 696 2947 769 γάλακτος
2997 697 3351 774 στερῥοτέραις
3405 701 3728 774 μαθημάτων
3776 721 3890 774 τρο-

2299 794 2420 860 φαῖς
2471 782 2870 859 ἓξανδρούμενοι
2935 787 3002 839 τὰ
3057 787 3382 864 αἰσθητήρια
3432 796 3524 842 τοῦ
3588 796 3678 842 νοῦ
3743 788 3894 843 ἔπαν-

2297 879 2509 936 ήκοντες
2542 891 2556 906 ·
2602 879 2693 928 καὶ
2743 876 2876 947 χθὲς
2927 877 3018 948 μὲν
3059 881 3173 938 ταῖς
3229 876 3485 950 γλώτταις
3531 877 3895 950 ύποψελλίξον-

2297 984 2400 1034 τες,
2465 967 2700 1039 ἔντρανον
2759 960 2819 1017 δε
2886 969 2976 1017 καὶ
3032 967 3182 1040 τορὸν
3243 968 3579 1040 φθεγγόμενοι
3648 972 3895 1041 σήμερον.

2298 1057 2441 1108 Εἴπω
2487 1056 2547 1106 τό
2594 1055 2923 1127 καινότερον·
2980 1057 3138 1107 πόσοι
3185 1058 3349 1130 μέχρι
3407 1059 3595 1110 τούτου
3651 1077 3899 1130 γραμμα-

2297 1147 2450 1202 τικήν
2501 1141 2832 1216 ἠκριϐῶσθαι
2896 1150 3144 1196 τοσοῦτον
3215 1149 3392 1216 ᾤοντο,
3462 1147 3528 1206 ὡς
3588 1144 3898 1218 ἐπαγγέλλε-

2302 1233 2426 1285 σθαι
2477 1237 2568 1285 καὶ
2621 1231 2797 1294 ἄλλοις
2852 1233 3203 1304 καθηγεῖσθαι
3250 1243 3346 1297 τῆς
3375 1237 3582 1307 τέχνης,
3608 1235 3697 1297 ἕως
3727 1235 3899 1308 ἐκείνῳ

2298 1324 2474 1374 κανόνι
2531 1325 2620 1374 καὶ
2661 1326 2783 1374 ποτὶ
2827 1324 3057 1395 σπάρτον
3108 1327 3236 1394 φασὶ
3288 1322 3428 1376 λίθον
3478 1326 3786 1399 παραθεῖναι
3837 1326 3900 1377 τὰ

2298 1409 2414 1463 καθ’
2460 1409 2676 1471 ἑαυτούς
2726 1412 2978 1481 ἔγνωσαν.
3028 1413 3192 1464 Πόσοι
3239 1416 3403 1486 μέχρι
3459 1415 3645 1466 τούτου
3690 1414 3902 1488 ῥητορι-

2298 1506 2412 1560 καίς
2475 1501 2671 1574 χάρισι
2743 1500 2878 1552 θύειν
2953 1497 3212 1572 ἐνόμιζον,
3288 1503 3381 1564 ἕως
3445 1509 3544 1554 τῶν
3602 1502 3899 1556 Εύσταθίου

2301 1594 2548 1662 Σειρήνων
2596 1590 2943 1662 ἠκροάσαντο.
2998 1594 3162 1643 Πόσοι
3213 1589 3517 1665 φιλοσοφίαν
3563 1595 3727 1665 μέχρι
3786 1596 3905 1646 τού-

2299 1697 2388 1730 του
2451 1677 2752 1752 πρεσϐεύειν
2815 1675 3048 1749 ἇδόκουν,
3111 1680 3201 1740 ἕως
3266 1682 3438 1752 ἐκεινῳ
3501 1689 3774 1753 τεχνοῦντι
3826 1687 3903 1736 τέ-

534 1770 705 1838 mini,
736 1785 1001 1843 quarum
1024 1770 1104 1827 ad
1126 1769 1317 1827 instar
1335 1770 1636 1827 innumeri
1657 1769 1929 1827 omnium
1951 1773 2193 1826 tetatum

2303 1787 2440 1840 χνας
2494 1771 2584 1820 καὶ
2648 1768 2822 1829 πάσας
2881 1766 3179 1841 ἐπιστήμας
3243 1767 3616 1842 ἐπιστημοῦντι
3679 1770 3909 1845 παρέϐα-

533 1857 811 1916 homines
832 1858 964 1930 ejus
982 1857 1272 1915 audiendi
1291 1873 1476 1915 causa
1497 1857 1764 1931 quotidie
1787 1861 2194 1914 convenerunt

543 1946 624 2005 ad
654 1961 794 2003 eum
823 1946 931 2020 qui
957 1946 1191 2003 virtutis
1219 1961 1500 2004 normam
1514 1951 1571 2004 et
1589 1946 1830 2017 regulas
1853 1962 1976 2002 non
2004 1947 2192 2004 verbo

534 2034 980 2107 tantummodo,
1015 2035 1121 2091 sed
1147 2035 1395 2109 proprio
1433 2035 1711 2110 exemplo
1766 2035 1911 2093 dare
1959 2039 2188 2107 posset.

2299 1856 2403 1910 λον·
2445 1859 2515 1909 Τό
2559 1853 2610 1909 δ’
2665 1855 2887 1910 ἐντεῦθεν
2949 1860 3150 1928 γνόντες
3198 1857 3434 1928 ἑαυτούς,
3498 1858 3701 1912 κάκεῖνο
3766 1869 3910 1935 πρῶ-

2297 1965 2384 1998 τον
2440 1945 2606 2007 καλῶς
2657 1945 2989 2018 σοφιζόμενοι
3040 1949 3098 1999 τὸ
3167 1950 3285 2020 περὶ
3344 1946 3556 2017 ἑαυτῶν,
3624 1950 3693 2009 ὡς
3753 1945 3911 2002 οὐδὲν

2301 2033 2536 2103 εἰδότων,
2595 2031 2786 2088 εἰδέναι
2845 2044 3044 2107 σαφῶς,
3107 2039 3166 2089 τὸ
3234 2033 3363 2090 εἶναι
3426 2044 3519 2090 τοῦ
3585 2039 3787 2090 οἴεσθαι
3852 2041 3911 2092 τό

534 2123 712 2179 λοιπόν
777 2123 1202 2182 ἁντηλλάττοντο.
1270 2126 1443 2198 Ταύτῃ
1509 2143 1593 2177 τοι
1656 2129 1747 2178 καὶ
1815 2128 2144 2198 στρεφόμενοι
2205 2127 2296 2176 καὶ
2353 2126 2422 2186 ὡς
2477 2119 2667 2185 παῖδες
2732 2122 3039 2199 ἁρτιμαθεῖς
3097 2129 3376 2198 γινόμενοι,
3429 2126 3666 2197 ἠγάπων,
3719 2127 3750 2185 ή
3815 2134 3909 2180 νῦν

533 2221 661 2287 γοῦν
745 2212 1030 2287 ἀρχόμενοι
1109 2213 1234 2286 παρ’
1318 2213 1494 2286 ἐκείνῳ
1571 2210 2020 2288 μεταδιδάσκοντι
2098 2215 2496 2286 μαθητεύοιντο,
2578 2217 2668 2265 καὶ
2732 2221 2930 2287 γηρῷεν
3009 2216 3372 2286 μανθάνοντες.
3444 2221 3570 2268 Ὀτε
3629 2220 3720 2268 καὶ
3776 2220 3908 2279 τούς

537 2302 618 2356 ἀεὶ
676 2311 1106 2378 προσφοιτῶντας
1165 2307 1255 2355 καὶ
1320 2302 1704 2375 ἆποφοιτῶντας
1772 2304 2036 2374 θεώμενος,
2097 2309 2189 2363 τῆς
2252 2301 2544 2374 Ὁμηρικῆς
2613 2300 3074 2374 ἀνεμιμνησκόμην
3137 2303 3348 2366 εἰκόνος·
3415 2302 3504 2364 Ὠς
3566 2306 3668 2378 γὰρ
3714 2308 3912 2378 πέτρης

535 2390 594 2444 ἐκ
674 2391 942 2465 γλαφυρῆς
1009 2393 1127 2450 ἔθνη
1211 2389 1472 2464 μελισσῶν
1547 2391 1754 2458 ἔξεισιν,
1825 2390 1961 2444 ούτω
2023 2395 2112 2444 καὶ
2176 2398 2248 2462 τῷ
2315 2391 2610 2444 Εύσταθίου
2677 2390 2959 2463 μελισσῶνι
3023 2396 3381 2466 προσίπταντο
3452 2397 3544 2446 καὶ
3610 2391 3907 2466 ἁφίπταντο

539 2474 802 2552 βοτρυδόν
850 2480 1108 2552 ὁσημέραι
1151 2479 1429 2552 φιλολόγων
1486 2485 1658 2551 σμήνη
1707 2484 1890 2552 μυρία,
1931 2484 2022 2532 καὶ
2069 2483 2114 2532 εἴ
2137 2499 2270 2542 τινες
2295 2479 2461 2542 ἄλλως
2493 2479 2679 2554 ἀρετῆς
2709 2500 2759 2532 τι
2791 2488 3172 2552 μετεποιοῦντο,
3204 2486 3293 2534 καὶ
3333 2482 3675 2556 ῥυθμίσοντος
3712 2502 3909 2558 προσε-

538 2563 736 2622 δέοντο.
768 2571 942 2640 Νόμος
970 2570 1071 2642 γὰρ
1104 2565 1166 2627 ἧν
1197 2567 1438 2641 ἔμψυχος
1468 2567 1668 2642 ἀρετῆς,
1703 2573 1792 2622 καὶ
1821 2574 2044 2641 μεγίστη
2075 2572 2199 2644 πρὸς
2219 2568 2407 2645 ἀρετήν
2430 2569 2782 2646 παράκλησις,
2816 2570 2875 2622 ού
2901 2574 3052 2640 μόνον
3074 2572 3436 2643 φθεγγόμενος,
3463 2570 3588 2624 ἀλλὰ
3626 2575 3713 2624 καὶ
3748 2577 3908 2644 μόνον

542 2653 826 2729 βλεπόμενα
835 2675 876 2717 ς.

618 2746 663 2800 0
692 2744 950 2815 vultum,
982 2761 1019 2802 o
1061 2748 1354 2803 staturam
1373 2746 1571 2817 magis
1616 2747 1979 2803 veerandam
1997 2763 2186 2819 quam

534 2831 794 2900 Periclis,
820 2847 1009 2905 quam
1032 2834 1601 2907 Xenocratis,utpote
1631 2851 1768 2907 quae
1790 2850 2020 2890 morum
2045 2834 2189 2890 inte-

532 2919 810 2992 gritatem
839 2920 1038 2994 primo
1066 2921 1286 2979 intuitu
1310 2923 1632 2980 revelabat!
1657 2925 1701 2980 Ο
1724 2938 2034 2979 sermones
2046 2939 2188 2979 acu-

533 3012 627 3066 tos
668 3010 850 3066 simul
887 3014 945 3067 et
1005 3015 1312 3080 venustos,
1354 3012 1580 3069 facetiis
1615 3029 1686 3070 ac
1725 3013 1902 3082 nugis
1965 3013 2191 3085 pariter

2375 2744 2443 2799 Ὢ
2498 2751 2784 2821 προσώπου
2847 2747 3074 2820 σεμνοῡι
3121 2749 3160 2798 ὦ
3223 2747 3556 2821 εὐσχήμονος
3626 2753 3908 2821 σχήματος

2300 2839 2392 2887 καὶ
2479 2835 2786 2910 Περικλέους
2868 2841 2959 2889 καὶ
3049 2838 3393 2910 Ξενοκράτους
3472 2835 3900 2912 αἰδέσιμώτερον,

2300 2927 2439 2996 μόνῳ
2511 2933 2584 2995 τῷ
2655 2927 2926 2997 φαίνεσθαι
2999 2926 3409 2998 σωφρονίζοντος
3466 2931 3584 2988 τοὺς
3648 2929 3902 3002 ὁρῶντας,

2303 3016 2430 3088 πρὸς
2479 3018 2575 3072 τήν
2619 3013 2737 3085 ὄψιν
2789 3013 3262 3087 μεταϐαλλομένους
3326 3019 3488 3076 αύτήν
3553 3021 3642 3069 καὶ
3705 3037 3905 3070 τυπου-

533 3097 762 3156 alienos
788 3115 860 3157 ac
885 3115 922 3156 ιι
949 3115 1146 3170 rigore
1175 3105 1234 3158 et
1251 3102 1466 3158 duritie
1503 3101 1849 3173 verborum,
1899 3102 2024 3158 imo
2067 3101 2189 3158 sale

2301 3107 2484 3176 μένους
2532 3101 2583 3166 ἐς
2634 3105 2772 3160 ἠθῶν
2826 3101 3223 3176 ἐπικόσμησινέ
3283 3103 3352 3157 Ὣ.
3408 3102 3677 3168 διαλέξεων
3711 3105 3909 3160 ἀποϐα-

531 3185 755 3254 divino,
782 3191 851 3244 ut
882 3189 1204 3260 Apostolus
1254 3191 1608 3262 praescribit,
1671 3189 1954 3247 suffusos!
2011 3193 2188 3247 Totos

534 3289 681 3330 sane
719 3275 847 3331 dies
878 3291 1020 3332 eum
1051 3278 1280 3352 audire,
1322 3280 1400 3334 ab
1440 3295 1512 3336 eo
1550 3280 1784 3336 discere
1817 3277 2090 3349 juvabat,
2134 3283 2192 3336 et

531 3362 741 3434 patrita
771 3363 981 3435 ipsius,
1011 3368 1077 3420 ut
1099 3365 1182 3421 illi
1210 3367 1375 3439 apud
1405 3368 1808 3440 LotOphagos,
1849 3368 2070 3424 oblitus
2101 3383 2194 3423 es-

535 3465 651 3505 ses.
683 3451 825 3515 Quas
852 3450 1076 3520 ingenii
1092 3453 1274 3521 acies,
1305 3471 1441 3526 qua:
1468 3456 1527 3511 in
1547 3457 1833 3512 omnibus
1851 3456 2032 3511 rebus
2049 3472 2192 3529 pru-

542 3536 769 3605 dentia,
800 3553 939 3610 quae
962 3541 1302 3598 constantia
1345 3543 1532 3599 animi
1574 3545 1636 3600 in
1677 3544 1859 3600 rebus
1894 3544 2189 3616 adversis,

532 3640 672 3697 quae
698 3627 1017 3684 strenuitas
1045 3628 1106 3685 in
1139 3630 1409 3702 agendo!
1443 3632 1647 3698 Qualis
1677 3633 1811 3689 fons
1849 3633 2084 3689 virtutis
2138 3637 2194 3690 et

537 3715 848 3786 sapientiae
876 3715 938 3770 in
979 3717 1160 3774 unius
1195 3723 1385 3776 morte
1417 3721 1709 3778 exstincta
1744 3726 1832 3778 est
1860 3722 2033 3792 cujus
2063 3738 2190 3778 me-

535 3805 729 3862 moria
759 3821 828 3862 ac
853 3805 1219 3864 desiderium
1245 3809 1520 3866 omnium
1545 3810 1753 3866 oculos
1791 3811 2076 3882 lacrymis
2100 3829 2193 3868 re-

535 3895 676 3968 plet!
723 3894 864 3959 Quis
894 3895 1039 3952 mihi
1078 3895 1370 3967 linguam,
1411 3901 1547 3972 quis
1597 3900 1876 3956 virtutem
1910 3900 2195 3956 Eustathii

535 3983 706 4039 dabit
733 3988 799 4039 ut
827 3998 967 4040 eum
990 4001 1100 4058 pro
1122 3987 1412 4058 dignitate
1431 3988 1801 4045 collaudem?
1828 3989 1949 4044 sine
1972 3988 2194 4061 quibus

535 4072 807 4129 laudatio
832 4089 969 4130 mea
989 4075 1354 4147 vituperium
1381 4093 1510 4133 esse
1538 4079 1685 4134 mihi
1704 4079 1960 4134 videtur.

2299 3195 2562 3264 πτομένων
2614 3194 2704 3264 μὲν
2749 3193 2817 3252 εἰς
2867 3200 3007 3261 νοῦν,
3044 3190 3408 3256 παντοδαπαῖς
3468 3191 3526 3247 δὲ
3573 3195 3908 3267 σταξομένων

2300 3280 2561 3355 χάρισινὲ
2612 3279 2681 3332 ³Ω
2726 3279 2889 3352 λόγων
2937 3280 3162 3348 ἐκεινων,
3193 3288 3326 3354 μήτε
3357 3281 3688 3356 βωμολόχοις
3722 3284 3912 3357 εὐτρα-

2301 3368 2503 3430 πελίαις
2573 3369 2946 3440 γελοιαζόντων
3011 3376 3409 3446 σκηνικώτερον,
3472 3377 3604 3444 μήτε
3655 3369 3914 3437 ἁηδιζόν-

2301 3476 2401 3509 των
2464 3463 2849 3530 στρυφνότητος
2917 3457 3313 3530 ὀμφακιζούσης
3373 3459 3657 3532 βαρύτητι,
3715 3462 3913 3514 ύποσέο

2302 3566 2411 3619 μνῳ
2492 3543 2552 3599 δὲ
2624 3550 2946 3620 κεκραμένων
3030 3547 3362 3622 ἀστειοσύνη,
3449 3554 3538 3602 καὶ
3611 3552 3750 3602 κατὰ
3816 3555 3914 3609 τήν

2305 3635 2656 3693 αποστολικήν
2738 3637 3010 3694 ὑποθήκην
3086 3639 3202 3709 θείῳ
3267 3643 3672 3712 παρηρτυμένων
3731 3639 3911 3692 ἆλοιτι·

2304 3726 2373 3785 ὡς
2420 3728 2508 3777 τὸν
2563 3723 2883 3799 ἀκροώμενον
2929 3722 3254 3800 διημερεύειν
3311 3726 3564 3800 ἀσμένως,
3622 3736 3724 3780 τῶν
3774 3733 3918 3782 οἶκοι

2303 3814 2440 3864 κατὰ
2501 3815 2622 3874 τούς
2670 3811 3096 3884 λωτοφαγούντας
3147 3813 3469 3888 λαθόμενονῐ
3521 3815 3588 3867 Ὢ.
3629 3819 3916 3892 σωφροσύ-

2303 3920 2398 3962 νης
2424 3899 2620 3972 οῐκραςξ
2669 3902 2708 3952 ὠ
2753 3906 3048 3976 φρονήσεως
3085 3901 3350 3974 ἐντεχνοῦς
3382 3902 3394 3958 ἔ
3443 3904 3481 3954 ὠ
3514 3903 3696 3975 ψυχῆς
3727 3905 3780 3957 ἐν
3809 3913 3922 3967 τοῖς

2305 3987 2498 4052 δεινοις
2549 3988 2825 4064 ἀτρέπτου,
2887 3995 2976 4042 καὶ
3037 3989 3354 4063 βεϐαιούσης
3410 3998 3503 4050 τήν
3560 3993 3750 4053 κλήσιν
3810 4002 3922 4056 τοῖς

2295 4078 2632 4152 πράγμασινῐ
2676 4077 2838 4141 Ὀσος
2896 4076 3083 4152 ἆρετης
3136 4080 3378 4147 πλοῦτος,
3430 4083 3550 4134 ὅσον
3603 4089 3763 4154 χῦμα
3828 4103 3923 4136 σο-

541 4165 660 4233 φίας
691 4159 762 4211 ἐνὶ
789 4161 1176 4221 τετελευτηκότι
1206 4162 1360 4239 ἀνδρὶ
1387 4166 1790 4242 συναπέρῥευσε,
1823 4172 2032 4240 μνήμην
2060 4166 2443 4220 κατελελοιπότι
2470 4172 2631 4240 μόνην
2652 4170 2798 4239 ἡμῖν,
2830 4171 2920 4218 καὶ
2950 4171 3009 4219 τὸ
3044 4167 3128 4221 ἐπι
3157 4177 3219 4242 τῇ
3254 4175 3430 4242 μνήμη
3457 4173 3632 4243 θαῦμα
3657 4176 3748 4224 καὶ
3781 4169 3920 4225 δάκ-

537 4267 659 4321 ρυον
684 4246 696 4301 l
738 4251 824 4308 Τίς
853 4250 914 4300 ἄν
941 4269 1030 4322 μοι
1065 4249 1184 4310 δοίη
1216 4253 1448 4324 γλῶτταν
1479 4257 1796 4317 Εύσταθίου,
1821 4263 1911 4310 καὶ
1941 4263 2035 4315 τήν
2067 4256 2250 4333 ἀρετὴν
2273 4261 2363 4309 καὶ
2390 4256 2620 4328 γλῶτταν
2653 4256 2947 4309 Εύσταθίου
2976 4258 3316 4332 θαυμάσομαι
3345 4260 3466 4312 ὅσον
3489 4257 3632 4322 ἀξιον
3657 4277 3671 4327 ;
3702 4260 3793 4322 Ὠς
3823 4269 3918 4313 νῦν

537 4355 598 4409 γε
617 4339 737 4396 τοὺς
768 4335 1008 4400 ἐπαίνους
1037 4343 1253 4403 τούτους
1283 4346 1380 4395 ἴσα
1408 4349 1498 4397 xui
1519 4344 1719 4416 ψόγους
1748 4344 2092 4420 αἰσχύνομαι.

610 4425 952 4482 Eustathius
968 4427 1516 4500 vitaintegerrimee
1548 4434 1824 4506 exemplo
1862 4440 1918 4490 et
1955 4451 2196 4492 summa

539 4513 832 4570 sermonis
847 4513 999 4570 inter
1013 4532 1224 4572 omnes
1241 4520 1635 4590 praefulgebat
1651 4539 1929 4594 ;magnus
1953 4525 2113 4580 enim
2134 4525 2195 4580 in

538 4606 794 4675 utroque
807 4603 1021 4672 fuit;ad
1033 4621 1215 4678 quem
1236 4611 1566 4681 comparati
1592 4626 1703 4667 nos
1733 4613 1950 4670 umbra
1963 4630 2196 4673 sumus.

541 4691 680 4758 Quis
693 4691 846 4747 alius
859 4694 1249 4766 praeterillum
1265 4696 1663 4771 philosophias
1681 4717 1750 4758 ac
1769 4702 2078 4772 theologia
2096 4717 2198 4758 an-

538 4780 703 4838 tistes
735 4797 912 4854 inquo
939 4781 1167 4840 lumine
1198 4783 1402 4842 fulsit?
1452 4787 1727 4844 Israelitis
1756 4790 1895 4847 olim
1912 4794 2066 4847 Deus
2090 4807 2199 4864 per

539 4868 699 4925 diem
731 4871 793 4926 in
813 4870 1097 4928 columna
1122 4872 1321 4939 nubis,
1359 4879 1413 4931 et
1435 4891 1543 4948 per
1561 4885 1799 4934 noctem
1829 4880 1890 4936 in
1916 4879 2198 4938 columna

539 4957 696 5026 ignis
721 4958 881 5016 viam
910 4961 1189 5018 ostendit:
1224 4965 1565 5021 Eustathius
1596 4982 1719 5023 non
1745 4967 1929 5026 altero
1952 4985 2198 5026 munere

541 5043 929 5116 fungebatur,
949 5064 1071 5121 qua
1091 5055 1292 5108 orator
1310 5053 1668 5126 ignivomus,
1696 5073 1818 5130 qua
1838 5058 1963 5114 dux
2002 5059 2060 5114 in
2111 5074 2197 5114 se-

541 5133 690 5190 mita
701 5134 954 5208 virtutis,
971 5137 1458 5200 imohincorator
1477 5144 1809 5203 altisonans
1832 5147 1973 5203 inde
2001 5163 2196 5203 sacer-

541 5221 654 5279 dos
665 5236 854 5294 purus
864 5228 923 5281 et
941 5225 1230 5300 eloquens
1241 5231 1526 5289 omnibus
1539 5235 1876 5293 errantibus
1894 5240 1958 5291 ut
1970 5235 2196 5307 pharus

541 5309 703 5367 viam
714 5318 1234 5383 praemonstrabat:
1258 5321 1490 5393 quoties
1525 5323 1686 5380 enim
1716 5339 1825 5397 pro
1843 5338 2043 5379 rerum
2066 5339 2198 5394 gra-

541 5400 720 5456 vitate
743 5401 929 5460 verba
952 5404 1229 5465 facienda
1258 5415 1579 5486 erant,qua
1602 5412 1659 5468 vi
1680 5412 2051 5469 audientium
2073 5413 2196 5470 ani-

541 5502 678 5546 mos
713 5491 1016 5560 movebat,
1051 5495 1431 5557 adversarios
1467 5502 1632 5574 ipsos
1671 5501 2085 5570 convincebat,
2113 5502 2195 5560 ita

542 5576 867 5652 antiquitas
939 5585 1064 5644 tota
1116 5586 1218 5645 vix
1274 5589 1484 5648 similis
1534 5591 1788 5650 oratoris
1847 5591 2194 5666 exemplum

2377 4435 2534 4507 Ἀνὴρ
2586 4436 2688 4507 γὰρ
2748 4433 2932 4496 ἐκεῖνος
2982 4439 3156 4508 μόνος,
3184 4439 3253 4498 ὡς
3309 4439 3488 4503 ἔοικεν,
3545 4436 3921 4512 ἀπαράμιλλον

2305 4523 2478 4583 ἄλλοις
2534 4520 2840 4587 ἀπεδείξατο
2891 4523 3029 4597 βίον,
3081 4530 3172 4578 καὶ
3225 4524 3328 4598 βίῳ
3367 4527 3598 4598 γλῶτταν
3646 4525 3923 4602 ἀνθαμιλ-

2303 4611 2408 4681 λον,
2442 4616 2532 4665 καὶ
2570 4615 2676 4673 οἷός
2721 4632 2803 4666 τοι
2847 4615 2962 4666 κατ’
3009 4612 3271 4688 ἀμφότερα
3310 4620 3554 4669 πέπνυτοο
3587 4618 3635 4669 οἱ
3667 4613 3728 4670 δὲ
3763 4622 3920 4670 σκιαὶ

2307 4698 2577 4773 ἆίσσομεν.
2623 4700 2824 4773 Ἀμέλει
2880 4706 2970 4755 καὶ
3037 4705 3107 4764 ὡς
3163 4705 3316 4777 ἄμφω
3373 4707 3504 4776 φάεα
3561 4705 3712 4773 καλὰ,
3787 4705 3921 4778 βίου

2305 4796 2395 4844 καὶ
2453 4789 2629 4862 λόγου,
2689 4790 3117 4864 προϐεϐλημένος,
3176 4797 3244 4856 ως
3302 4792 3386 4846 ἐπὶ
3437 4800 3698 4867 περιωπήν
3758 4792 3922 4848 δυοῖν

2303 4879 2584 4951 λυχνίαιν,
2667 4888 2978 4952 σοφιστικοῦ
3051 4887 3140 4934 καὶ
3223 4880 3596 4957 ἀρχιερατικοῦ
3678 4885 3877 4958 θρόνου
3909 4928 3925 4955 ,

2305 4969 2671 5043 μετεωρίζεται
2714 4987 2727 5000 '
2781 4978 2856 5041 τῷ
2919 4973 3009 5043 μὲν
3067 4967 3356 5041 ἐνιδρυθεὶς
3410 4992 3581 5047 μικρῳ
3632 4976 3926 5047 πρότερον,

2305 5067 2377 5130 τῷ
2425 5054 2476 5111 δ’
2523 5061 2760 5132 ὕστερον.
2814 5065 2914 5113 Καὶ
2955 5066 3048 5113 τού
3094 5059 3320 5113 παλαιοῦ
3375 5065 3465 5133 μεν
3515 5061 3727 5134 Ἰσραὴλ
3797 5061 3928 5134 ἐρη-

2304 5147 2558 5220 μάζοντος
2603 5149 2806 5221 ἡμέρας
2852 5151 3027 5220 ἠγεῖτο
3087 5148 3268 5210 στύλος
3321 5149 3542 5222 νέφέλης,
3597 5148 3786 5211 νυκτός
3861 5149 3929 5206 δὲ

2307 5236 2487 5298 στῦλος
2530 5238 2732 5309 πυρός’
2785 5237 3077 5300 Εύστάθιος
3115 5234 3176 5290 δε
3215 5237 3313 5290 οὐκ
3363 5237 3458 5290 ἀνὰ
3504 5242 3653 5312 μέρος
3699 5240 3926 5310 ἠγεῖτο,

2302 5334 2373 5385 πῆ
2425 5328 2514 5398 μὲν
2574 5327 2639 5386 ὡς
2682 5327 2857 5401 ῥήτωρ
2909 5330 3208 5402 περίπνους,
3257 5334 3329 5385 πῆ
3388 5323 3512 5389 δ’ὡς
3569 5338 3927 5402 πνευματικῷ

2305 5412 2409 5487 βίῳ
2481 5412 2799 5489 προλάμπων
2852 5414 3168 5488 (πνεύματος
3203 5415 3302 5490 γὰρ
3359 5415 3534 5487 νεφέλη
3593 5413 3922 5492 σύμϐολον).

2302 5500 2443 5554 Ἀλλ’
2491 5503 2574 5556 ὅτε
2634 5502 2923 5578 ῥητορικῶς
2980 5505 3059 5570 (1'6
3118 5510 3211 5556 τοῦ
3274 5502 3453 5574 λόγου)
3522 5500 3596 5556 δι’
3668 5503 3928 5576 ἅρματος

2302 5593 2592 5664 ἤστραπτε,
2639 5596 2730 5646 καὶ
2771 5600 3133 5667 πνευματικῶς
3185 5590 3584 5666 προσεπιλαμπε
3606 5607 3620 5624 '
3671 5596 3769 5645 xui.
3828 5596 3927 5650 ὅτε
