4126 6272
267 282 357 342 3&5
1328 278 1647 341 MONODIA
1681 279 1753 340 IN
1789 277 2229 342 EUSTATHIUM
2263 284 2596 348 THESSAL.

3525 300 3629 358 346

273 404 552 482 hair/an
599 405 1013 484 ἀρχιερατικῶς,
1070 408 1159 463 καὶ
1194 405 1486 484 ῥητορικῶς
1539 403 1869 482 διεπύρσευε,

1983 406 2197 468 offerre
2224 411 2433 484 possit.
2467 412 2577 479 Qui
2604 411 2709 471 ubi
2737 427 2950 488 regum
2977 416 3263 491 praeclare
3298 419 3483 492 facta,
3526 425 3633 481 aut

276 502 362 554 καὶ
422 505 525 552 τῶν
608 499 733 554 κατ’
813 500 1078 576 ἀμφότερα
1152 497 1489 572 πλανωμένων
1570 497 1871 571 ἡγεμόνευεν

280 588 646 664 ἀμφοτέρωθεν·
709 587 799 652 Ὠς
835 590 937 664 γὰρ
983 589 1084 666 πρὸ
1143 594 1238 642 τοῦ
1294 585 1683 661 ἐπαγγέλματος
1732 585 1873 660 ἀπῃ-

279 683 401 729 τεῖτο
450 679 549 736 τὴν
603 680 1010 754 πομπικωτέραν
1058 684 1159 731 τῶν
1220 675 1382 750 λόγων
1429 671 1700 747 ἕπίδειξιν,
1761 681 1875 738 πῶς

276 765 330 818 εἶν
382 767 599 841 εἴποιμι,
681 766 828 829 ὅσοις
891 770 981 821 καὶ
1036 766 1164 829 οἵοις
1216 765 1488 842 έχειροῦτο
1541 767 1601 819 τό
1663 766 1873 839 θέατρον

278 857 507 924 πάθεσιν,
552 854 854 916 ἐκπλήττων
900 856 1011 931 ἅμα
1054 860 1145 911 καὶ
1194 855 1378 930 θέλγῶν
1433 858 1525 909 καὶ
1575 855 1875 928 συμπείθων

281 951 386 1007 τοῖς
419 945 536 998 καθ’
566 944 770 1013 ἑαυτὸν,
814 949 886 1008 ὡς
913 941 1037 1000 οὐδὲ
1078 946 1143 1000 τὰ
1187 952 1288 1000 τῶν
1315 943 1552 1000 παλαιῶύ
1594 943 1699 1019 οἶρα
1742 944 1875 997 θαύο

287 1053 424 1107 ματα
481 1034 721 1098 καθάπαξ
783 1037 1074 1108 μεμύθευτο
1129 1051 1143 1104 ;
1199 1032 1352 1094 Αειδε
1413 1036 1504 1107 μὶν
1576 1031 1678 1107 γὰρ
1753 1030 1877 1087 κλέα

287 1120 537 1196 βασιλέων
617 1123 1012 1198 μεγαλουργῶν,
1078 1129 1169 1182 καὶ
1255 1123 1547 1201 ὑψιθρόνων
1618 1125 1875 1197 πατριάρ-

277 1218 411 1285 χῶνο
471 1213 539 1266 τὰ
583 1208 634 1265 δ’
690 1212 927 1289 έπέρῥεον
977 1216 1122 1269 ἔθνεα
1171 1221 1433 1288 σοφιστῶν
1486 1216 1578 1267 καὶ
1617 1217 1874 1267 παντοίων

276 1299 453 1375 ἐτέρων
550 1299 842 1374 ἀκροατῶν,
928 1305 996 1367 ὡς
1090 1306 1193 1357 ὑπὸ
1272 1304 1578 1379 κρουμάτων
1648 1302 1873 1375 Ὀρφέως

274 1387 538 1461 ἑλκόμενα.
588 1389 891 1454 Ἐξέπληττε
947 1387 982 1445 δ
986 1391 1000 1412 ⁹
1070 1399 1138 1445 αὖ
1195 1393 1506 1467 ἀστράπτων
1552 1395 1642 1445 καὶ
1710 1390 1872 1466 βρον-

268 1486 360 1531 τῶν
390 1479 523 1552 ὑπὲρ
587 1482 677 1532 τὸν
734 1480 1075 1552 ξυγκυκῶντα
1114 1484 1238 1535 ποτε
1289 1485 1384 1541 τὴν
1428 1477 1655 1536 Ἐλλάδα
1699 1477 1874 1554 δημη-

266 1570 414 1643 γορίᾳ
490 1568 772 1641 Περικλῆν,
856 1569 929 1630 οἷς
1022 1572 1330 1646 ὑπερεφώνει
1428 1574 1516 1630 τὴν
1598 1571 1872 1646 ύπερτονον

264 1658 627 1729 Δημοσθένους
659 1662 782 1730 ἡ·χώ
836 1662 927 1712 καὶ
976 1661 1064 1712 τὸν
1114 1657 1383 1734 ύψήγορον
1410 1660 1585 1733 ῥοῖζον
1633 1658 1872 1733 Ηολέμω-

1979 496 2300 557 illustrium
2320 502 2800 575 patriarcharum
2822 506 3075 578 gloriam
3096 507 3463 581 celebrabat,
3496 527 3628 570 om-

1979 587 2075 645 nis
2095 590 2327 660 generis
2346 591 2599 649 studiosi
2619 594 2797 667 quasi
2817 595 3075 669 Orphica
3089 597 3221 671 lyra
3243 598 3437 658 allecti
3459 601 3629 659 undi-

1979 692 2097 751 que
2125 678 2510 739 conﬂuebant
2532 682 2612 739 ad
2640 698 2801 752 eum,
2830 684 3002 756 cujus
3021 685 3084 742 in
3113 686 3286 744 labiis
3309 690 3536 747 tonitru
3559 705 3631 748 ac

1980 763 2208 823 fulmen
2228 767 2367 841 plus
2392 785 2578 843 quam
2600 771 2663 827 in
2689 771 2881 845 ipsius
2903 772 3144 831 Periclis
3164 776 3488 847 residebat,
3524 778 3631 854 qui

1982 854 2399 915 Demosthenis
2411 859 2534 918 vim
2554 864 2612 919 et
2629 861 2969 919 Polemonis
2991 863 3436 924 vehementiam
3457 882 3630 941 aeque

1984 945 2337 1018 superabat;
2376 948 2481 1021 qui
2508 949 2770 1024 antiquis
2799 951 3129 1010 novitatem
3157 952 3304 1010 dare
3333 953 3628 1025 callebat;

1982 1034 2087 1107 qui
2108 1050 2488 1110 quaecunque
2507 1037 2747 1097 dicebat
2779 1038 2966 1097 decus
3011 1042 3428 1100 conservando
3470 1058 3629 1102 novo

1981 1122 2185 1197 aliquo
2210 1125 2394 1183 modo
2422 1142 2494 1184 ac
2520 1126 2716 1185 colore
2746 1128 3101 1188 eﬂ'ormabat
3123 1130 3632 1205 obingeniiparti-

1982 1211 2201 1269 cularis
2223 1213 2682 1282 abundantiam,
2696 1233 2869 1291 mque
2885 1218 3115 1276 alienus
3131 1219 3210 1276 ab
3231 1222 3630 1280 ostentatione

1982 1316 2053 1359 ac
2075 1301 2310 1369 duritie,
2332 1303 2488 1361 vitiis
2510 1321 2648 1378 quae
2677 1306 3004 1379 peculiaria
3034 1311 3172 1366 sunt
3196 1308 3269 1364 iis
3290 1309 3398 1383 qui
3416 1326 3628 1369 veram

1981 1391 2267 1448 orationis
2304 1392 2729 1452 sublimitatem
2762 1396 3053 1467 attingere
3081 1412 3207 1454 non
3243 1397 3511 1456 valentes
3549 1399 3631 1457 ad

1981 1479 2282 1552 ampullas
2303 1481 2695 1553 descendunt,
2721 1487 2777 1541 et
2793 1483 3008 1542 laxatis
3030 1484 3307 1558 habenis,
3340 1486 3628 1547 omnibus

1980 1567 2295 1637 fastidiosi,
2325 1571 2602 1628 curribus
2638 1572 2753 1629 illis
2781 1573 3066 1631 inanibus
3110 1575 3277 1649 apud
3302 1578 3628 1634 Homerum

1982 1657 2204 1714 similes
2215 1662 2450 1717 tantum
2462 1662 2771 1735 crepitant.
2789 1664 2859 1719 Ut
2871 1662 3030 1720 enim
3045 1664 3341 1723 sermonis
3351 1668 3632 1723 venusta-

261 1763 354 1811 νος,
409 1744 504 1798 καί
542 1745 621 1809 οἷς
660 1742 819 1799 οὐδέν
862 1766 914 1799 τι
973 1755 1072 1801 τῶν
1127 1749 1308 1802 κοινῶν
1374 1752 1614 1821 ἠνείχετο
1674 1752 1746 1823 μὴ
1814 1751 1873 1804 οὐ

1982 1750 2101 1804 tem
2123 1751 2395 1806 amentet
2414 1750 2621 1820 magni
2642 1751 2886 1822 faciant,
2904 1752 3266 1825 peculiarem
3283 1757 3484 1810 tamen
3497 1753 3630 1825 ejus

260 1842 449 1898 καινῶς
505 1835 722 1910 φραζειν
769 1837 828 1889 ‘sx
869 1843 963 1898 τῆς
1008 1844 1102 1890 τοῦ
1156 1837 1367 1913 φράζειν
1413 1837 1606 1899 πολλῆς
1659 1857 1875 1913 περιου-

263 1928 378 1987 σίας
434 1928 528 1977 καὶ
595 1932 975 2000 καινοπρεποῦς
1030 1928 1276 1999 ἀφθονὶας
1334 1930 1426 1981 καὶ
1487 1931 1872 2000 περιττότητος,

266 2017 357 2069 οὐκ
419 2012 685 2069 ἀλλόκοτα
759 2018 1162 2090 όνοματοθετῶν,
1251 2017 1282 2077 ἢ
1367 2016 1660 2093 μεταφέρων
1717 2018 1876 2072 άνασε

266 2122 521 2178 συρμενα,
582 2104 612 2164 ἣ
669 2104 1020 2179 παφλάσμάσι
1076 2103 1415 2181 διθυράμϐων
1484 2106 1874 2181 ἕκτραχυνόμε-

263 2212 367 2259 νος,
424 2197 457 2253 ἧ
547 2200 945 2269 παρηράμνοις
1000 2193 1500 2271 ἓκτραχηλίζόμενος
1552 2193 1867 2270 δριμυτησι.

265 2281 447 2336 Ταῦτα
503 2285 609 2357 γὰρ
658 2292 759 2337 τῶν
798 2284 1088 2343 τηνικαῦτα
1140 2291 1489 2360 παρανομίαις
1538 2293 1632 2348 τῆς
1683 2289 1878 2360 τέχνης

268 2390 559 2446 χρωμενων
616 2372 1037 2447 πλημμέληματα
1092 2376 1143 2428 οἶ
1176 2382 1268 2429 τοῦ
1314 2378 1404 2448 μεν
1453 2374 1675 2438 ἀληθοῦς
1710 2376 1877 2449 ὕψους

265 2469 367 2514 τῶν
417 2460 589 2532 λόγων
636 2464 731 2515 οὐκ
788 2461 1158 2537 ἐφικνούμενοι,
1220 2468 1304 2518 επὶ
1353 2467 1442 2518 τὸν
1489 2466 1734 2519 ὑπόκενον
1783 2470 1875 2519 καὶ

265 2545 663 2622 πομφολυγὼδη
755 2548 1179 2624 κενεμϐατοῦντες
1277 2556 1429 2624 ὄγκον
1538 2553 1875 2609 κατέπιπτον.

271 2639 387 2690 εἶτα
430 2642 524 2697 τὴν
571 2639 899 2711 ἡνιοχοῦσαν
946 2639 1040 2693 οὐκ
1085 2639 1294 2713 ἔχοντες
1340 2640 1655 2714 ἐπιστήμην,
1705 2641 1876 2715 άλογι-

278 2744 411 2786 στως
452 2729 665 2798 ἣγοντό,
695 2747 754 2781 τε
794 2732 886 2781 καὶ
933 2728 1185 2802 ἐφέροντο,
1237 2731 1362 2783 κειν’
1408 2733 1542 2802 ὄχεα
1569 2731 1682 2785 καθ’
1708 2730 1849 2804 Ὀμη

263 2834 356 2889 ρον
400 2820 720 2889 κροτέοντες.
773 2822 835 2871 Ei
887 2814 946 2871 δε
999 2824 1090 2873 καὶ
1128 2818 1345 2882 κάλλους
1394 2816 1485 2874 τοῦ
1535 2826 1651 2897 περὶ
1693 2820 1879 2894 λόγους

266 2902 552 2976 ὶρασθεῑεν,
612 2912 708 2959 τοῦ
771 2909 862 2978 μεν
919 2905 1079 2975 ὄντος,
1146 2912 1210 2970 ὡς
1265 2910 1291 2961 ὁ
1347 2908 1511 2972 Ἰξίῶν
1567 2917 1660 2971 τῆς
1713 2909 1879 2986 ’Ἥρας

259 2998 353 3047 καὶ
436 3002 531 3056 τῆς
616 2994 922 3059 Πηνελόπης
985 2999 1034 3050 οἰ
1099 3005 1406 3072 φνηστῆρες,
1473 2997 1874 3072 άπειτφάλλοντο⁸

1984 1849 2254 1892 amorem
2269 1851 2393 1892 non
2414 1837 2609 1907 magis
2630 1853 2817 1911 quam
2838 1838 3006 1899 Ixion
3025 1842 3325 1897 Iunonem
3350 1845 3456 1897 aut
3476 1844 3631 1899 Pene

1979 1922 2183 1996 lopem
2211 1925 2378 1998 proci
2407 1926 2707 1996 attingunt
2737 1943 2886 1996 ;nec
2917 1928 3121 1986 vident
3148 1945 3209 1985 se
3239 1944 3277 1987 a
3306 1929 3631 1987 simulacro

1983 2011 2188 2087 aliquo
2216 2013 2311 2070 vel
2356 2013 2635 2071 lenocinii
2679 2015 2911 2072 artibus
2960 2015 3244 2090 deceptos
3273 2033 3422 2074 esse.
3447 2020 3630 2075 Fuere

1982 2103 2164 2160 etiam
2191 2103 2296 2176 qui
2314 2102 2579 2161 tironum
2596 2120 2765 2164 more
2785 2105 3081 2164 inusitatis
3100 2105 3307 2163 verbis.
3335 2122 3406 2164 ac
3440 2108 3630 2180 tropis

1983 2193 2308 2260 uterentur,
2336 2207 2446 2250 nec
2467 2196 2668 2250 tamen
2694 2193 2865 2267 quod
2887 2194 3200 2252 tentabant
3223 2209 3335 2251 nec
3368 2195 3432 2251 in
3461 2195 3630 2267 poesi

1983 2293 2096 2337 nec
2139 2295 2322 2353 prosa
2357 2281 2626 2339 oratione
2664 2281 2742 2339 ab
2779 2281 2852 2340 iis
2896 2286 3171 2354 tractata,
3215 2282 3322 2339 ubi
3356 2298 3631 2356 pannum

1982 2368 2202 2427 vilibus
2247 2371 2598 2444 corporibus
2645 2387 3019 2445 purpureum
3063 2372 3410 2439 assuebant,
3443 2388 3549 2429 nec
3568 2370 3632 2430 in

1983 2460 2279 2517 rhetorica
2314 2461 2718 2518 obtinuerunt.
2772 2464 2838 2518 In
2863 2462 2977 2519 hac
3020 2462 3182 2518 enim
3224 2462 3486 2534 propriae
3528 2460 3632 2519 vili

1983 2549 2192 2607 formae
2239 2556 2470 2608 vestem
2522 2566 2647 2608 non
2695 2551 3082 2609 vernaculam
3116 2552 3343 2608 circum
3361 2552 3632 2626 impone-

1986 2638 2139 2696 bant
2174 2639 2347 2711 (sicut
2394 2640 2727 2697 Alexander
2771 2641 3206 2714 paludamento
3249 2640 3632 2697 Macedonico

1985 2735 2215 2785 vestem
2252 2729 2548 2786 Persicam
2591 2730 3134 2803 superimposuisse
3169 2728 3396 2801 fertur),
3439 2730 3633 2787 donec

1986 2818 2329 2875 Eustathius
2360 2817 2586 2875 fortiter
2617 2818 2849 2875 orando
2897 2819 3038 2875 artis
3075 2819 3349 2875 oratoriae
3379 2818 3630 2890 sospita—

1987 2910 2079 2964 tor
2120 2908 2356 2976 exstitit,
2395 2923 2531 2980 quae
2581 2910 2708 2964 tum
2756 2907 3022 2964 maxime
3059 2907 3121 2963 in
3161 2922 3233 2964 eo
3279 2911 3424 2972 erat,
3459 2911 3524 2963 ut
3558 2922 3632 2962 ex

1987 2995 2203 3053 artium
2230 2996 2412 3054 choro
2441 2994 2755 3063 deleretur,
2786 3010 2923 3067 quae
2950 2996 3266 3067 hucusque
3290 2995 3432 3050 artis
3462 2994 3631 3066 prin-

259 3079 478 3135 εἴδωλον
546 3078 611 3136 δέ
663 3102 718 3136 τι
786 3084 1062 3157 ἀνεμώλιον
1126 3086 1155 3146 ἣ
1227 3083 1614 3159 θεραπαινίδιον
1657 3095 1874 3162 πορνικῇ

1987 3084 2144 3157 cipia
2167 3083 2442 3141 docendo
2463 3087 2521 3140 et
2538 3083 2617 3140 ad
2636 3083 3069 3156 exemplarium
3087 3084 3474 3157 antiquorum
3495 3082 3629 3139 imi-

258 3179 575 3245 κομμωτικῇ
682 3169 1118 3247 διεσκευασμένον
1217 3184 1489 3250 πειρῶντες
1610 3175 1878 3231 ελάνθανον

260 3259 499 3322 ἑαυτούς.
547 3261 753 3337 Ὠσπερ
802 3267 914 3332 καὶ,
988 3265 1070 3317 ὅτε
1127 3263 1428 3338 βουληθεῖεν
1493 3264 1877 3330 ἐξαλλάττοντες

261 3348 465 3404 ἀλλοῖοί
513 3370 651 3412 τινες
698 3355 991 3425 φαίνεσθαι,
1041 3355 1135 3407 τοῦ
1181 3359 1271 3428 μεν
1317 3359 1616 3431 καινοτέρου
1658 3359 1875 3432 τρόπον,

258 3444 353 3492 καὶ
399 3444 526 3494 ὅσον
578 3442 611 3500 ἦ
659 3450 855 3515 σχῆμα
900 3440 1022 3514 ⁴γοῦν
1060 3445 1090 3504 ἦ
1142 3445 1304 3517 ὄνομα
1349 3443 1405 3498 ἐκ
1441 3453 1533 3499 τοῦ
1571 3446 1878 3519 καθωμιλη-

260 3533 419 3600 μένου
469 3529 545 3592 εἰς
600 3533 661 3582 τὸ
720 3529 1050 3606 ἁθικτότερον
1118 3535 1578 3609 μεθαρμόσασθαι,
1633 3532 1769 3597 εἶδες
1816 3535 1876 3589 ἂν

262 3623 387 3681 τοὺς
443 3616 649 3695 ἄνδρας
706 3617 822 3674 οὐδ’
879 3620 1033 3694 ἐγγυς
1078 3624 1320 3691 ἣκοντας,
1369 3632 1462 3688 τῆς
1512 3632 1771 3687 ποητικῆς
1818 3621 1877 3679 δὲ

262 3712 420 3780 μόνον
475 3714 571 3768 τὴν
627 3714 958 3783 τραχυτέραν
1018 3716 1405 3787 συμφοροῦντας
1463 3714 1709 3786 άμαξαις,
1804 3723 1876 3767 τῶ

262 3794 638 3869 καταλογάδην
736 3804 827 3851 καὶ
899 3801 1207 3875 πεζαιτέρῳ,
1276 3822 1366 3855 και
1439 3800 1542 3856 οἷον
1617 3803 1878 3878 ἐπίϐλημα

261 3887 538 3963 πορφύρας
624 3890 845 3961 φαύγοις
929 3889 1328 3964 ἐπιρῥίπτοντας
1400 3892 1609 3965 ῥάκεσί,
1685 3894 1875 3966 μᾶλλον

262 3970 322 4027 δε
387 3984 483 4036 τῆς
553 3973 746 4038 ἑθάδος
811 3982 903 4030 καὶ
956 3976 1199 4041 Ἕλληνος
1275 3980 1577 4054 ῥητορικῆς,
1656 3982 1921 4054 ἔκφυλον.

258 4081 382 4114 τινα
441 4070 636 4124 σκευὴν
680 4071 1236 4140 μεταμπισχομὲνους,
1280 4067 1364 4121 ἐπὶ
1400 4077 1474 4140 τῷ
1527 4079 1666 4143 σφῶν
1706 4074 1874 4124 αὐτῶν

260 4153 356 4203 οὐκ
409 4156 734 4227 εὐσχήμονι,
789 4158 861 4218 ὡς
921 4160 1011 4208 καὶ
1066 4160 1155 4214 τὴν
1211 4161 1473 4232 Περσικὴν
1523 4163 1726 4231 στοχὴν
1782 4168 1875 4223 τῆς

261 4241 637 4306 Μακεδονικῆς
690 4264 822 4318 φασι
882 4242 1304 4317 μετενδύσασθαι
1364 4250 1450 4319 τόν
1510 4246 1870 4323 Ἀγὲξανδρον·

266 4335 361 4396 ἕως
409 4335 434 4387 ό
470 4335 630 4396 πολὺς
676 4340 774 4394 τὴν
820 4334 1055 4407 γλῶτταν
1102 4336 1395 4401 Εὖστάθιος
1445 4340 1751 4413 προστάτης
1787 4343 1875 4392 καὶ

277 4428 451 4498 σωτὴρ
512 4422 733 4497 ἀνεφάνη
802 4432 895 4486 τῆς
967 4429 1155 4497 τέχνης
1226 4423 1656 4497 κινδυνευούσης,
1732 4430 1871 4502 εἰπερ

280 4514 409 4564 ποτε
432 4515 738 4586 τηνικαῦτα,
773 4516 912 4567 κατά
974 4519 1067 4573 τὴν
1118 4513 1448 4576 Πλατωνικὴν
1508 4513 1757 4579 διαϐολὴν
1782 4527 1872 4572 τοῦ

270 4611 442 4676 χοροῦ
465 4614 565 4658 τῶν
608 4613 809 4678 τεχνῶν
840 4600 1249 4679 διαγράφεσθαι,
1302 4610 1392 4658 καὶ
1430 4603 1571 4678 μηδὲ
1608 4606 1873 4661 πολιτικοῦ

268 4712 406 4756 τινος
457 4696 739 4751 καλεῖσθαι
799 4699 987 4771 μορίου
1044 4692 1278 4751 εἴδωλον.
1337 4696 1413 4749 Οὐ
1467 4695 1569 4770 γὰρ
1626 4701 1873 4773 πρότερον

268 4783 452 4845 ἀνῆκεν
510 4785 837 4861 ἐπιστρέφων
892 4789 983 4839 καὶ
1037 4784 1470 4862 μεταρῥυθμίζων
1542 4789 1715 4858 (τοῦτο
1780 4789 1871 4860 μὲν

264 4873 340 4939 οἷς
384 4878 714 4952 εθεμίστευεν
766 4878 870 4928 ἀπὸ
904 4882 1158 4947 τεχνικῶν
1203 4873 1413 4937 ἀξόνων·
1479 4884 1630 4929 τοῦτο
1676 4872 1754 4942 δὲ,
1797 4873 1874 4940 οἷς

259 4965 681 5042 ὶπιστημονικῶς
756 4965 1041 5029 ἐξεπονεῖτο
1132 4967 1267 5039 πρὸς
1336 4967 1402 5018 τά
1483 4972 1578 5027 τῆς
1660 4966 1848 5039 τέχνης
1921 4969 2236 5047 ἀρχέτυπα),
2306 4964 2401 5027 ἓως
2462 4970 2582 5026 τοῦς
2639 4963 2799 5025 οὕτως

1986 3175 2275 3232 tationem
2313 3173 2689 3231 exhortando
2733 3188 2836 3230 eos
2872 3174 2979 3246 qui
3025 3173 3351 3231 rhetorices
3391 3172 3630 3245 regulas

1984 3265 2395 3338 imprudenter
2412 3263 2814 3335 neglexerant,
2835 3262 2912 3320 ad
2932 3278 3161 3321 novum
3178 3263 3347 3320 brevi
3364 3266 3631 3336 tempore

1987 3354 2213 3411 cultum
2250 3353 2485 3410 reduxit
2525 3353 2656 3424 ejus
2699 3354 2839 3409 artis
2876 3369 3001 3427 qua
3038 3352 3373 3425 majoribus
3410 3352 3631 3408 nostris

1984 3444 2126 3501 nihil
2163 3444 2466 3517 antiquius
2503 3446 2648 3501 erat.
2692 3443 3000 3515 Ejusmodi
3038 3444 3218 3515 igitur
3255 3441 3536 3516 discipuli
3581 3441 3632 3497 si

1985 3534 2260 3607 proprias
2324 3533 2792 3590 declamationes
2842 3549 2982 3590 cum
3048 3532 3336 3591 Eustathii
3393 3532 3632 3605 scriptis

1985 3627 2425 3696 compararent,
2455 3638 2578 3679 non
2606 3621 2809 3679 videre
2833 3622 3166 3696 nequibant
3192 3622 3499 3693 ingentem
3538 3621 3632 3677 di-

1986 3714 2269 3769 stantiam
2288 3711 2484 3785 qualis
2508 3715 2598 3768 est
2628 3728 2802 3785 aquae
2834 3712 3168 3783 stagnantis
3201 3726 3238 3767 a
3260 3709 3499 3766 Pactolo
3526 3711 3633 3782 qui

1978 3801 2250 3872 jucundo
2275 3817 2414 3857 cum
2443 3802 2691 3873 strepitu
2728 3817 2759 3856 e
2790 3816 3028 3856 summo
3060 3800 3284 3855 Libano
3314 3797 3630 3865 delabitur,

1983 3895 2049 3947 ut
2072 3908 2211 3946 cum
2239 3890 2556 3948 Salomone
2578 3889 2901 3962 loquamur
2930 3891 2944 3924 ¹
2982 3907 2996 3957 ;
3032 3888 3112 3943 ita
3160 3886 3506 3959 quicunque
3536 3885 3628 3942 elo

1983 3980 2291 4052 quentiam
2348 3978 2608 4035 auctoris
2658 3977 2844 4034 nostri
2905 3976 3294 4049 sophisticam
3357 3979 3628 4045 censent,

1982 4070 2173 4142 iniqui
2202 4067 2593 4124 aestimatores
2626 4067 2773 4123 mihi
2802 4066 3048 4138 quidem
3080 4068 3270 4122 erunt.
3304 4068 3433 4121 Non
3462 4065 3624 4122 enim

1983 4158 2136 4215 sicut
2154 4156 2502 4215 Mdcedones
2521 4156 2580 4211 in
2600 4156 2822 4228 Pyrrho
2838 4154 3077 4228 Epirota
3094 4154 3499 4212 Alexandrum
3517 4152 3632 4211 sibi

1982 4248 2284 4307 redditum
2327 4245 2651 4304 credebant
2691 4251 2934 4319 propter
2980 4244 3338 4303 celeritatem
3394 4245 3454 4301 in
3504 4260 3624 4318 pu-

1986 4338 2232 4409 gnando
2271 4343 2327 4394 et
2353 4337 2741 4394 stremitatem
2770 4351 3049 4403 morum;
3083 4336 3167 4392 sic
3197 4335 3275 4392 ab
3323 4333 3628 4414 Eustathio

1903 4462 1948 4515 Ι)
1984 4428 2187 4500 imago
2215 4426 2462 4483 illustris
2502 4425 2756 4497 alicujus
2799 4424 3050 4481 oratoris
3100 4424 3179 4482 ob
3204 4424 3413 4482 oculos
3444 4438 3630 4515 pone-

1983 4518 2161 4576 batur
2186 4516 2557 4574 audientium
2584 4536 2598 4583 ;
2624 4515 2746 4571 imo
2774 4530 2895 4572 una
2920 4515 3210 4572 Eustathii
3229 4515 3429 4587 ﬁgura
3457 4513 3632 4589 quid-

1984 4607 2129 4682 quid
2156 4605 2680 4680 praeclarissimum
2699 4608 2786 4661 est
2810 4620 2880 4661 ac
2901 4609 3114 4678 typum
3142 4603 3470 4661 venustatis
3501 4618 3633 4660 ora-

1983 4698 2149 4757 toriae
2196 4695 2569 4770 praeferebat,
2623 4700 2689 4752 ut
2743 4694 2954 4752 artifex
2995 4694 3212 4768 aliquis
3264 4709 3302 4750 a
3354 4691 3630 4765 pluribus

1982 4787 2224 4845 feminis
2254 4785 2420 4860 quod
2443 4800 2699 4859 quaeque
2728 4783 2929 4841 eximii
2975 4782 3287 4850 offerebat,
3326 4778 3627 4836 sumendo

1981 4879 2277 4951 picturam
2324 4874 2578 4932 confecit
2618 4875 2900 4931 omnibus
2946 4872 3214 4929 numeris
3262 4870 3630 4928 absolutam.

2886 4961 3094 5023 ἀτόπως
3162 4958 3622 5033 έκτετοπίσμὶνους

260 5060 542 5133 σύμφύλων
605 5061 779 5130 νόμων
843 5055 1131 5130 ῥητορικῆς
1205 5053 1474 5125 ἐπανάγων
1548 5057 1682 5109 κατά
1744 5056 1954 5133 βραχὺ,
2018 5060 2149 5134 πρὸς
2212 5058 2278 5109 τὰ
2335 5062 2432 5116 τῆς
2503 5057 2697 5126 τέχνης
2763 5051 3006 5105 τελευτῶν
3070 5055 3337 5123 κατήγαγε
3400 5052 3625 5125 πάτρια.

254 5145 380 5202 ’Λτε
432 5153 527 5201 καὶ
576 5143 723 5200 οὗτοι
770 5151 1034 5205 ποιοῦντες
1093 5150 1148 5197 εὖ
1210 5140 1625 5215 ἐνεκαλύπτοντό,
1682 5150 1916 5221 παρόσον
1971 5150 2038 5201 τά
2093 5148 2183 5220 μὲν
2238 5141 2351 5196 κατ’
2407 5142 2594 5203 αὐτοὺς
2648 5139 2702 5193 ἐκ
2741 5141 3077 5216 παραθέσεως
3144 5135 3507 5201 ἐξουδενοῦντο
3566 5140 3633 5198 ὡς

255 5233 397 5312 ὕδωρ
426 5237 540 5298 εὶκῆ
576 5232 1040 5309 διαπορευόμενον,
1085 5235 1153 5287 τά
1184 5228 1238 5286 δ’
1280 5232 1570 5287 Εὖσταθίου
1610 5235 2118 5310 ὑπερεθαυμάζοντο,
2168 5236 2240 5296 ὡς
2277 5231 2507 5306 ἀτεχνῶς
2537 5229 2746 5283 ἐοικότα
2788 5232 3015 5304 χρυσίου
3060 5236 3279 5299 ποταμῷ
3324 5227 3494 5301 ῥέοντι
3521 5229 3635 5312 -καὶ

249 5309 515 5404 ῥοιξοῠντι
561 5323 618 5382 δ’
645 5354 724 5370 -
756 5325 821 5377 ἄν
848 5325 1032 5376 εἴποιεν
1076 5353 1145 5364 -
1180 5320 1274 5374 ἁτὸ
1311 5328 1403 5376 τοῦ
1459 5321 1684 5377 Λιϐάνου
1731 5326 1869 5379 κατὰ
1896 5329 1954 5379 τό
2000 5323 2367 5397 Σολομώντειον
2412 5315 2581 5394 ᾇσιια,
2637 5318 2752 5372 ὅσοι
2799 5320 2858 5370 τὸ
2907 5317 3109 5392 ῥεῖθρον
3155 5323 3253 5367 τῶν
3299 5321 3391 5367 τοῦ
3443 5309 3633 5384 ἀνδρὸς

253 5399 412 5494 λόγων
472 5420 547 5484 ὡς
633 5414 711 5479 εἰς
783 5416 964 5485 πηγὴν
1028 5409 1315 5488 ἀρχέγονον
1392 5414 1479 5466 τὸν
1553 5412 1740 5468 ίκεῖθεν
1820 5413 2186 5489 ἕπωνυμοῦντα
2271 5416 2359 5467 καὶ
2443 5411 2626 5486 ῥέοντα
2707 5407 2981 5481 σοφιστήν,
3068 5406 3431 5477 ἡναφέρουσιν,
3534 5399 3630 5467 οὐκ

317 5567 335 5604 ¹
366 5568 541 5627 Cant.
571 5578 661 5636 ιν,
704 5561 804 5617 15.
