4168 6290
544 306 653 365 347

1400 296 1767 357 MICHAELIS
1802 295 2183 352 AGOHINATI
2217 291 2661 355 ATHENARUM
2696 293 3025 352 ARCHIEP.

3776 297 3882 352 348

546 426 772 504 ἀκριϐῶς
808 435 958 501 οἶμαι
986 427 1401 502 φυλοκρινοῦντες
1447 428 1535 478 τὸν
1577 418 1749 495 ἄνδρα
1774 425 1865 473 καὶ
1904 414 2405 504 διακωδωνίζοντες.
2461 421 2537 470 oo
2565 419 2690 493 γὰρ,
2739 422 2915 491 ὥσπερ
2966 421 3018 471 0i
3066 415 3363 482 Μακεδόνες
3406 421 3456 473 iv
3496 425 3573 490 τῷ
3600 419 3886 494 Ἠπειρώτῃ

546 516 735 593 Πύρρῳ
764 520 1047 590 μαχομένῳ
1100 515 1306 588 βλέπειν
1352 515 1509 585 ᾤοντο
1548 510 1667 582 ἄψιν
1714 514 1806 562 καὶ
1845 510 2015 580 τάχος
2066 503 2407 579 Ἀλεξάνδρου
2472 512 2563 559 καὶ
2614 512 2811 580 κίνημα
2856 512 2945 561 καὶ
2990 516 3087 570 τῆς
3143 510 3286 581 παρὰ
3330 512 3453 570 τούς
3497 511 3695 581 ἀγῶνας
3739 527 3892 581 φορας

546 606 739 663 ἐκείνου
767 609 920 670 σκιὰς
939 609 1028 659 καὶ
1056 610 1356 678 μιμήματα,
1397 606 1532 656 οὕτω
1561 605 1651 653 καὶ
1680 603 1730 652 iv
1759 596 1831 670 τῷ
1861 597 2137 668 Εύσταθίῳ
2163 595 2572 669 λογογραφοῦντι
2596 604 2694 648 τῶν
2720 596 2803 650 ἰπὶ
2829 596 3000 667 λόγοις
3028 599 3417 669 ὀνομασθέντων
3447 601 3551 658 ενός
3591 599 3890 651 οὑτινοσοῦν

546 702 867 770 χαρακτῆρα
888 703 997 757 τοῖς
1034 692 1318 769 ἀκροαταῖς
1346 691 1506 744 ἐποίει
1536 688 1911 762 φαντάζεσθαι.
1959 684 2089 737 ἀλλά
2133 688 2259 757 μίαν
2289 687 2378 758 μὲν
2420 681 2565 736 ἰδέαν
2591 686 2735 759 όρᾴν,
2767 684 3005 738 ἁπάντων
3053 682 3113 739 δε
3160 705 3455 761 κρατίστων
3503 685 3890 759 έκμεμαγμένην

546 786 615 837 τὰ
699 786 960 862 κράτιστα
1048 788 1135 836 καὶ
1226 778 1697 852 διαπεπονημένην
1773 777 1840 838 εἰς
1922 774 1972 827 ἓν
2044 793 2095 826 τι
2164 772 2318 844 λόγου
2392 771 2578 834 κάλλος
2664 772 2959 845 ἀμήχανον.
3049 776 3117 837 ὡς
3198 793 3290 829 και
3374 793 3457 836 τις
3539 783 3639 826 τῶν
3724 781 3892 846 σοφῶν

547 877 694 946 χειρὶ
732 859 865 929 *τῶν
925 873 1042 929 καθ’
1106 872 1286 926 ἑαυτὸν
1350 870 1579 942 ἀρίστων
1641 873 1896 941 γοναικῶν
1962 863 2189 925 ἑκάστης
2263 859 2435 932 μέλος,
2510 862 2694 915 καθότι
2760 870 2859 915 τῶν
2921 862 3112 917 λοιπῶν
3179 870 3384 938 περιῆν,
3449 862 3891 936 ἀπομιμούμενος,

548 961 721 1014 εἰκόνα
756 960 1043 1023 καλλίστην
1073 960 1317 1035 ἔγραψεν.

621 1084 1149 1151 Quemadmodum
1202 1084 1384 1155 igitur
1433 1082 1484 1138 is
1511 1081 1616 1154 qui
1644 1079 1889 1153 picturas
1922 1074 2188 1150 pulchri-
2217 1076 2267 1129 Α

546 1173 819 1229 tudinem
843 1174 904 1229 in
931 1188 1052 1229 una
1080 1173 1210 1244 ejus
1239 1176 1406 1245 parte
1436 1172 1693 1245 positam
1716 1170 1955 1231 diceret,
1988 1179 2193 1237 perpeo

547 1277 681 1319 ram
705 1262 1003 1333 judicaret
1025 1264 1086 1318 in
1134 1262 1421 1334 pingendi
1464 1265 1625 1329 arte;
1675 1260 1757 1315 ita
1794 1259 1909 1313 hoc
1948 1268 2192 1329 quoque

546 1350 682 1406 loco
704 1351 808 1423 qui
834 1351 1139 1420 egregium
1168 1355 1467 1406 oratorem
1499 1351 1679 1405 unius
1701 1350 1933 1403 tantum
1964 1343 2191 1399 virtutis

549 1439 740 1509 gratia
794 1454 933 1494 eum
988 1438 1253 1494 maximo
1304 1438 1506 1510 aliquo
1567 1441 1834 1492 veterum
1883 1438 2191 1489 oratorum

546 1532 865 1599 comparat
884 1526 1039 1582 male
1061 1526 1394 1582 admodum
1415 1526 1489 1581 de
1510 1526 1641 1598 ipso
1664 1525 1791 1579 viro
1817 1520 2192 1593 judicaverit,

547 1619 614 1670 ut
632 1630 743 1671 nec
771 1613 959 1670 solem
976 1615 1272 1683 integrum
1290 1612 1754 1686 contemplando
1773 1612 1914 1666 satis
1935 1609 2194 1665 admira-

546 1706 709 1759 retur
742 1702 847 1774 qui
876 1718 1013 1758 cum
1034 1718 1106 1758 ex
1141 1719 1261 1758 uno
1295 1702 1468 1758 radio
1507 1700 1959 1757 mensuraverit.
1995 1696 2196 1754 Melius

549 1793 753 1846 autem
795 1791 1011 1863 aliquis
1076 1796 1380 1847 auctorem
1428 1796 1699 1846 nostrum
1753 1787 2047 1860 judicaret
2091 1783 2197 1858 qui

548 1883 791 1951 poetam
819 1879 1112 1935 imitando
1136 1879 1240 1952 qui
1284 1877 1725 1949 Agamemnoni
1775 1876 1981 1933 oculos
2009 1874 2194 1940 Jovis,

550 1968 742 2024 Martis
771 1972 1082 2035 staturam,
1122 1973 1329 2040 pectus
1357 1967 1610 2040 Neptuni
1634 1965 1919 2032 attribuit,
1952 1964 2076 2037 qui,
2111 1965 2197 2019 in-

547 2070 752 2128 quam,
770 2072 907 2113 eum
921 2071 1104 2129 quem
1119 2072 1281 2113 nunc
1292 2057 1631 2120 laudamus,
1647 2055 1784 2111 huic
1798 2056 2193 2125 compararet,

548 2144 768 2201 deinde
797 2146 894 2202 alii
935 2146 1015 2201 ob
1041 2144 1222 2202 aliam
1259 2146 1702 2211 virtutem,cum
1734 2143 1902 2200 tertio
1933 2142 2197 2214 denique

549 2234 631 2289 oh
651 2234 883 2290 tertiam
911 2234 1213 2296 virtutem,
1241 2239 1298 2290 et
1333 2234 1414 2288 ob
1444 2249 1579 2289 eam
1624 2248 1752 2288 rem
1795 2232 1968 2302 cujus
2012 2244 2197 2285 causa

548 2321 849 2393 perfectus
874 2337 1005 2377 esse
1026 2321 1402 2388 credebatur,
1434 2320 1513 2376 ad
1544 2321 1821 2375 ultimum
1854 2334 1991 2391 quae
2023 2317 2200 2374 fuerit

2371 1072 2461 1133 Ὦς
2513 1080 2639 1144 γοῦν
2677 1077 2725 1126 εἷ
2768 1093 2846 1135 τις
2886 1073 2987 1128 ἕκιῖ
3032 1078 3166 1149 πρὸς
3217 1079 3342 1148 μίαν
3392 1078 3627 1134 ἡντινοῦν
3683 1075 3798 1129 ὅλον
3835 1078 3896 1128 τό

2301 1160 2486 1221 κὶλλος
2532 1169 2625 1220 τῆν
2683 1163 2877 1225 εἰκόνος
2932 1162 3136 1238 ἀνέφερε
3162 1161 3255 1217 διὰ
3292 1168 3386 1222 τήν
3434 1167 3563 1237 πρὸς
3606 1167 3655 1217 ἔν
3696 1184 3746 1217 τι
3794 1173 3893 1217 τῶν

2300 1247 2500 1313 ἐκείνης
2557 1252 2822 1322 ὁμοίωσιν,
2887 1252 3083 1324 γελοίος
3132 1253 3192 1304 ἄν
3267 1250 3438 1307 ἐδόκει
3493 1262 3589 1316 τῆς
3640 1259 3898 1328 γραφικῆς

2300 1343 2502 1412 κριτὴς,
2554 1344 2687 1391 οὕτω
2723 1339 3009 1412 κάνταῦθα,
3062 1342 3106 1393 εἰ
3157 1344 3229 1394 ivi
3266 1362 3325 1414 γε
3380 1350 3452 1415 τῷ
3507 1350 3607 1394 τῶν
3662 1343 3897 1396 παλαιῶν

2300 1428 2642 1499 προσεικάζω
2665 1430 2785 1481 καθ’
2814 1431 2862 1481 ἓν
2900 1450 2952 1482 τι
3003 1438 3102 1482 τῶν
3150 1440 3241 1483 τοῦ
3289 1430 3446 1503 λόγου
3490 1441 3656 1505 μερῶν
3701 1436 3789 1485 τόν
3837 1432 3898 1495 ἐζ

2302 1517 2537 1570 ἁπάντων
2578 1520 2774 1593 ἄριστα
2826 1523 3175 1595 ἡρμοσμένον,
3231 1525 3336 1594 ούχ
3376 1522 3531 1595 έώρκε
3572 1527 3659 1574 τόν
3707 1520 3901 1598 ἄνδρα,

2303 1614 2372 1668 ῶς
2420 1608 2739 1682 θέμιςοόρᾷν,
2793 1612 2908 1661 οὔτε
2936 1613 3024 1661 τόν
3075 1610 3218 1668 ἥλιον
3265 1610 3380 1662 ὃλον
3428 1609 3629 1683 βλεψας
3677 1612 3907 1685 έθούμα-

2306 1713 2389 1747 σεν
2439 1694 2609 1748 ἀκτῖνι
2652 1717 3017 1772 παραμετρῶν.
3072 1702 3272 1752 Γένοιτο
3323 1696 3461 1752 δ’ἄν
3509 1704 3759 1763 εἰκαστὴς
3812 1709 3911 1754 τοῦ

2306 1782 2492 1859 ἀνδρὸς
2547 1786 2640 1838 ούκ
2694 1785 2918 1852 ἀνάξιος,
2968 1792 3011 1840 εἱ
3070 1788 3251 1851 ζηλοίη
3305 1793 3391 1841 τόν
3449 1792 3605 1863 σοφόν
3658 1795 3908 1850 ποιητήν*

2305 1879 2396 1927 καί
2471 1881 2540 1937 ὡς
2597 1874 2788 1938 έκεῖνος
2860 1880 2948 1929 τὸν
3016 1878 3374 1951 Ἀγαμέμνονα
3445 1879 3759 1951 ὑπογράφων
3813 1883 3910 1953 ὄμ-

2305 1982 2447 2036 ματα
2492 1966 2603 2035 μὲν,
2652 1970 2805 2036 φησὶ,
2854 1970 2944 2017 καὶ
2974 1965 3198 2037 κεφαλὴν
3253 1966 3417 2019 ῖκελον
3465 1971 3567 2033 Διὶ,
3640 1967 3792 2041 Ἀρεῖ
3853 1965 3914 2021 δὲ

2306 2051 2494 2115 ζώνην,
2535 2056 2722 2127 στέρνα
2748 2050 2807 2107 δε
2856 2051 3202 2120 Ποσειδάωνι,
3259 2059 3393 2108 οὕτω
3431 2060 3519 2108 καὶ
3590 2052 3742 2119 οὗτος
3782 2062 3915 2132 πρὸς

2306 2137 2459 2193 τόνδε
2517 2144 2607 2213 μὶν
2675 2140 3006 2205 ἀντεξεταζος
3071 2147 3159 2196 τόν
3222 2150 3310 2195 νῦν
3367 2147 3727 2217 ἐπαινούμενον
3775 2166 3914 2200 κατα

2306 2226 2448 2297 τόδε,
2494 2232 2625 2303 πρὸς
2673 2228 2857 2283 ἰκεῖνον
2891 2228 2950 2284 δι
2991 2232 3105 2284 κατ’
3152 2231 3295 2302 ἄλλο,
3346 2237 3435 2285 καί
3483 2233 3602 2286 καθ’
3656 2236 3829 2308 ἔτερόν
3862 2255 3912 2288 τι

2305 2322 2432 2391 πρὸς
2474 2321 2639 2392 ἕτερον
2718 2324 2808 2372 καὶ
2859 2320 2976 2372 καθ’
3030 2320 3248 2373 ἕκαστον
3310 2329 3411 2373 τῶν
3455 2323 3647 2396 ἄκρων,
3707 2323 3828 2375 καθ’
3885 2324 3911 2376 ὁ

552 2410 842 2466 Eustathii
862 2409 1145 2481 perfectio
1164 2410 1445 2479 oratoria,
1480 2414 1855 2481 compertum
1888 2406 2194 2463 habueris.

2306 2416 2406 2458 τῶν
2455 2407 2644 2459 λοιπῶν
2691 2410 2851 2483 ἄκρος
2889 2405 3155 2461 ἐδέδοκτο·
3202 2415 3291 2462 καὶ
3338 2411 3467 2483 τάχ’
3522 2411 3583 2462 ἄν
3632 2415 3767 2464 οὕτω
3815 2417 3908 2472 τὴν

621 2678 753 2732 lam
774 2677 984 2748 paucis
1001 2679 1405 2749 eloquentiam
1423 2679 1551 2746 ejus
1572 2676 1769 2734 verbis
1789 2675 2194 2744 designemus.

554 2766 684 2831 Qua
713 2764 987 2843 idearum
1034 2766 1430 2836 abundantia,
1477 2783 1597 2840 qua
1634 2765 1879 2823 creandi
1917 2764 2197 2821 facultate

551 2853 900 2910 laetabatur!
954 2857 1075 2912 Vox
1123 2857 1252 2927 ejus
1295 2873 1482 2929 quam
1526 2872 1765 2921 sonora,
1814 2855 1970 2910 actio
2010 2868 2198 2925 quam

556 2943 776 2998 virilis!
827 2959 961 3016 quas
1025 2944 1527 3001 lineamentorum
1577 2943 2001 3001 concinnitasl
2060 2956 2199 3013 quas

551 3048 772 3089 vocum
802 3033 863 3089 in
908 3033 1043 3090 loco
1099 3035 1319 3092 idoneo
1372 3034 1827 3108 opportunitas!
1888 3046 2025 3106 quas
2078 3032 2198 3087 oris

552 3122 926 3179 rotunditas!
964 3124 1257 3197 Equidem
1302 3140 1536 3194 censeo,
1570 3123 1618 3179 si
1649 3122 1793 3196 quid
1836 3122 1897 3179 in
1929 3121 2200 3188 scientia,

555 3210 603 3265 si
639 3210 701 3269 in
739 3211 1081 3283 eloquentia
1110 3213 1321 3270 deesse
1368 3213 1657 3281 videatur,
1711 3210 2048 3267 auditorem
2098 3213 2202 3264 aut

555 3299 967 3356 aemulatorem
1034 3303 1346 3373 sapientia
1397 3306 1453 3358 et
1491 3301 1785 3357 sermonis
1836 3297 2201 3355 Eustathiani

554 3383 835 3440 deﬁcere.
876 3386 1027 3442 Satis
1052 3388 1269 3460 cuique
1291 3388 1399 3444 erit
1423 3388 1675 3457 decoris,
1711 3388 1856 3443 satis
1896 3384 2201 3455 dignitatis

556 3472 662 3527 ubi
720 3475 982 3529 sermoni
1024 3491 1136 3531 suo
1178 3476 1549 3532 Eustathiani
1590 3476 1816 3548 aliquid
1863 3474 2201 3530 immiscere

556 3565 856 3632 poterunt,
900 3564 1178 3634 quamvis
1216 3563 1517 3619 levidense
1556 3564 1749 3619 fuerit.
1792 3562 1887 3618 Sic
1928 3561 2199 3618 omnium

557 3648 757 3706 studia
773 3665 844 3705 ex
867 3666 938 3706 eo
951 3658 1005 3706 ta
1014 3666 1241 3723 nquam
1254 3652 1609 3724 eloquentia:
1622 3653 1735 3707 deo
1753 3650 2198 3722 dependebant.

2305 2500 2655 2568 παναρμόνιον
2714 2497 3038 2570 πολυφωνίαν
3112 2498 3404 2553 Εύσταθίου
3480 2501 3706 2553 όποσούν
3780 2502 3909 2555 61:0-

2304 2584 2622 2657 γράψαιμεν.

2376 2675 2505 2746 Ἐγὼ
2547 2672 2595 2727 δ’
2632 2678 2715 2727 ἵνα
2763 2680 2848 2728 τόν
2890 2681 3007 2751 περὶ
3053 2685 3154 2729 τῶν
3197 2676 3360 2748 λόγων
3410 2676 3562 2750 λόγον
3603 2678 3795 2732 συνέλω
3828 2680 3908 2751 (οὕ

2304 2766 2406 2835 γὰρ
2486 2763 2689 2834 ἐφίησιν
2735 2765 2761 2816 ό
2820 2768 3001 2839 καιρός
3057 2764 3349 2835 ἓπεξιέναψ
3381 2770 3502 2819 ὅσον
3533 2770 3622 2839 μὶν
3663 2770 3720 2819 τό
3751 2769 3903 2820 ἐνθυ-

2307 2855 2603 2924 μηματικὸν
2642 2852 2835 2905 ἐκείνου
2866 2859 2955 2905 καὶ
2996 2858 3206 2927 γόνιμον
3238 2853 3250 2908 !
3294 2859 3415 2917 ὅσος
3446 2852 3506 2908 δε
3544 2861 3569 2907 ό
3599 2860 3738 2916 τόνος
3771 2855 3783 2907 !
3817 2858 3901 2906 οἶα

2309 2936 2369 2993 δὲ
2416 2945 2445 2999 ἠ
2499 2944 2649 3015 φορά,
2702 2945 2783 2994 ὅτε
2834 2942 3140 2997 πνεύσειενι
3190 2943 3344 3001 ἡλίκη
3397 2942 3511 3003 δεή
3547 2941 3777 3005 δεινότης
3813 2948 3904 2997 καὶ

2308 3030 2338 3088 ἣ
2409 3032 2689 3102 ἀμήχανος
2743 3035 2853 3106 ὥρα
2921 3040 2994 3084 τῶ
3054 3032 3356 3106 στρογγύλῳ
3420 3038 3511 3086 καὶ
3573 3033 3762 3106 κομψῷ
3806 3042 3905 3086 τῶν

2307 3123 2425 3193 περὶ
2477 3124 2571 3177 τὴν
2622 3119 2890 3194 ἑρμηνείαν
2939 3118 3291 3194 ἐπιμειδιῶσα
3338 3125 3470 3194 μετὰ
3513 3130 3606 3184 τῆς
3640 3123 3909 3196 γλαφυρᾶς

2308 3215 2407 3259 τῶν
2461 3209 2733 3279 νοημάτων
2783 3210 3008 3283 χάριτος
3059 3208 3290 3263 ΙἚκεῖνο
3342 3215 3497 3282 φημί·
3554 3214 3640 3281 ὡς,
3690 3214 3734 3263 εἶ
3783 3231 3837 3263 τι
3875 3214 3905 3269 ἤ

2307 3300 2424 3368 περὶ
2453 3295 2606 3366 λόγου
2654 3300 2844 3368 τέχνην
2880 3303 3112 3356 ἡντινοῦν
3141 3302 3172 3357 ἦ
3222 3300 3518 3371 ἐπιστήμην
3565 3299 3739 3371 ὄφελός
3795 3299 3910 3352 ἐστι

2307 3392 2394 3436 νῦν
2442 3394 2512 3455 τῷ
2559 3384 2676 3437 καθ’
2728 3388 2864 3458 ἡμᾶς
2912 3386 3032 3459 βίῳ,
3081 3395 3182 3449 τῶς
3236 3389 3527 3440 Εύσταθίον
3585 3394 3773 3461 σοφίας
3820 3394 3911 3441 καὶ

2306 3481 2554 3545 περιττῆς
2595 3474 2834 3544 γλώττης
2885 3476 3137 3547 ὁμιλητής
3195 3479 3334 3528 εστιν
3385 3477 3416 3534 ἣ
3482 3481 3572 3528 καὶ
3644 3476 3909 3539 ζηλωτὴς.

2313 3562 2553 3635 Ἀπόχρη
2601 3567 2702 3636 γὰρ
2754 3571 2914 3616 πᾶσιν
2953 3569 3019 3625 εἱς
3065 3564 3214 3635 λόγον
3266 3564 3781 3638 ἀπολαμπρύσματος
3821 3572 3914 3619 καὶ

2312 3656 2644 3723 σεμνώματος
2690 3650 2802 3704 ἀντὶ
2851 3662 3025 3705 ποσῶν
3075 3650 3247 3719 ἰδεῶν,
3296 3659 3340 3706 εὶ
3373 3657 3502 3727 πρὸς
3550 3655 3599 3707 ἓν
3628 3659 3688 3726 γέ
3724 3675 3778 3706 τι
3811 3664 3912 3708 τῶν

557 3736 712 3793 adeo
728 3740 1095 3812 utquidquid
1116 3740 1471 3812 profabatur
1482 3741 1643 3796 vocis
1660 3740 1873 3795 divinas
1888 3754 1957 3794 ac
1970 3754 2198 3793 normae

2311 3736 2460 3791 ἰδίων
2505 3738 2694 3791 ἐκείνου
2725 3746 2816 3793 καὶ
2876 3739 3127 3815 ἀμυδρῶς
3168 3750 3295 3813 γοῦν
3347 3741 3666 3816 ἀναφέροιτο,
3727 3745 3916 3805 Οὕτως

552 3825 688 3883 loco
708 3834 884 3891 esset,
907 3844 1018 3884 nec
1039 3829 1301 3885 absurde
1320 3830 1395 3885 de
1415 3829 1516 3885 illo
1538 3829 2048 3901 Pythagoreorum
2066 3825 2201 3900 |dic-

554 3919 651 3971 to:
684 3918 813 3989 ipse
837 3917 1259 3988 dixit,cogites.

2310 3828 2445 3879 imm
2470 3832 2529 3879 τὸ
2560 3827 2859 3900 φιλολογοῦν
2880 3833 2944 3891 ὡς
2967 3832 3037 3892 εἰς
3072 3833 3181 3883 θεόν
3211 3850 3327 3882 τινα
3355 3831 3528 3901 λόγιον
3554 3830 3918 3905 ἑπέστραπται

2315 3920 2513 3968 τουτονί
2578 3922 2666 3969 καὶ
2715 3920 2740 3969 ὅ
2788 3939 2839 3971 τι
2890 3919 2951 3970 ἂν
3007 3919 3299 3992 φθὲγξοιτο,
3341 3926 3478 3992 φωνή
3529 3924 3611 3982 τίς
3639 3918 3750 3973 ἰστι
3802 3924 3919 3974 θεία

553 4010 643 4057 καὶ
670 4006 860 4078 Θεσμός
890 4013 1168 4078 τεχνογὶας
1221 4007 1435 4069 ἀπάσης
1463 4009 1908 4082 ύπερανεστηκὼς,
1940 4009 2030 4058 καὶ
2060 4007 2287 4058 κανόνων
2334 4010 2501 4057 κανὼν
2530 4011 2600 4079 μὴ
2644 4010 2964 4080 κινούμενος,
3010 4014 3100 4061 καὶ
3139 4013 3206 4071 ὡς
3256 4017 3363 4071 τοῖς
3418 4011 3806 4085 Πυθαγορικοῖς
3858 4014 3919 4062 τό

554 4093 721 4154 Αύτός
743 4098 895 4167 ἔφατο
924 4096 1352 4170 προϐαλλόμενος.

625 4215 714 4272 Nil
757 4217 977 4273 mirum
1008 4219 1185 4289 igitur
1206 4222 1254 4276 si
1280 4221 1415 4277 dum
1447 4224 1615 4276 terra:
1639 4223 1838 4292 partes
1865 4218 2047 4276 talem
2087 4216 2203 4273 vir-

556 4305 693 4361 tutis
716 4306 1137 4380 saplentiaaque
1172 4326 1371 4365 arcem
1400 4310 1513 4366 sibi
1532 4310 1857 4366 vindicant.
1884 4311 2018 4364 Jam
2041 4306 2200 4363 enim

554 4394 684 4449 haec
726 4400 931 4451 nostra
958 4397 1098 4451 urbs
1136 4415 1173 4452 a
1198 4398 1469 4469 pluribus
1494 4399 1607 4455 diis
1642 4399 1858 4455 dilecta
1887 4398 1996 4454 fuit
2023 4421 2038 4465 ;
2074 4397 2203 4468 jam

556 4483 636 4537 ob
664 4481 727 4537 id
752 4487 1053 4539 certamen
1077 4485 1359 4542 olivetum
1386 4494 1442 4542 et
1467 4487 1663 4543 Pirzeei
1690 4488 2199 4561 amphitheatrum

555 4577 999 4644 nuncupantur.
1049 4575 1219 4638 Quod
1254 4574 1415 4630 idem
1447 4575 1566 4631 fere
1610 4577 1771 4648 apud
1800 4593 1911 4631 nos
1956 4590 2200 4648 quoque

557 4658 825 4729 contigit.
863 4660 1049 4730 Lyciae
1081 4668 1458 4732 caputsuum
1513 4668 1568 4718 te
1620 4664 1964 4732 vindicavit,
2025 4680 2062 4719 o
2111 4663 2200 4718 vir

556 4749 813 4820 egregie,
831 4749 1162 4821 quianimae
1177 4750 1436 4805 candore
1449 4767 1659 4806 omnes
1672 4768 1794 4807 coaa
1804 4769 1907 4807 vos
1922 4768 2192 4825 superas;

556 4842 614 4893 te
639 4839 798 4895 enim
831 4839 1108 4895 Ecclesiae
1140 4838 1218 4893 ad
1254 4837 1463 4894 Christi
1490 4839 1680 4895 instar
1706 4841 2027 4896 antistitem
2051 4857 2198 4912 prm-

554 4924 752 4982 lucere
796 4926 1064 4991 decebat,
1120 4927 1222 4999 qui
1264 4927 1392 4997 jam
1436 4932 1615 4984 antea
1658 4929 1883 4998 justitia
1927 4936 1992 4985 ut
2039 4935 2200 4985 veste

558 5016 914 5071 sacerdotali
940 5015 1188 5071 indutus
1214 5032 1370 5073 eras.
1428 5016 1541 5072 Sed
1571 5023 1895 5090 antequam
1917 5018 2201 5091 epithala-

557 5104 747 5160 mium
771 5105 1136 5161 sacerdotale
1151 5106 1522 5177 inchoasses,
1540 5108 1953 5165 Thessalonice
1965 5109 2199 5176 dilecta,

556 5194 865 5263 recognita
893 5198 948 5249 et
969 5194 1201 5251 aemulae
1224 5195 1402 5251 talem
1425 5213 1716 5269 sponsum
1739 5197 2014 5253 invidens
2034 5197 2202 5252 vidu-

2389 4217 2499 4270 Ούκ
2551 4220 2611 4270 ἂν
2642 4220 2730 4271 οὖν
2788 4222 3113 4294 θαυμάζοιμι
3160 4221 3356 4292 λοιπόν,
3391 4227 3433 4275 εἰ
3481 4219 3662 4275 τοιοίδε
3696 4228 3787 4276 καὶ
3833 4224 3922 4277 ού-

2313 4318 2411 4369 τώς
2472 4311 2660 4383 ἀρετῆς
2728 4314 2817 4362 καὶ
2882 4316 3063 4383 σοφίας
3117 4309 3395 4386 ἀκρόπολις
3463 4307 3611 4364 δυοῖν
3676 4317 3919 4385 ἠπείροιν

2315 4394 2641 4471 ἀμφήρευτος
2682 4404 2905 4470 γέγονεν·
2956 4403 3025 4459 ὡς
3071 4405 3161 4452 καὶ
3218 4402 3247 4458 ἡ
3304 4401 3422 4452 καθ’
3469 4403 3604 4473 ἡμᾶς
3635 4399 3766 4457 αὕτη
3811 4401 3917 4453 πό-

2312 4485 2389 4548 λις
2453 4490 2578 4548 θεοῖς
2636 4508 2747 4541 τισι
2806 4487 3033 4541 παιδικά
3098 4509 3220 4541 ποτε
3275 4493 3516 4561 γενέσθαι
3564 4492 3916 4562 μεμύθευται,

2311 4582 2400 4629 καὶ
2456 4576 2691 4649 σύμϐολα
2741 4586 2834 4640 τῆς
2863 4583 2979 4630 κατ’
3016 4581 3182 4653 ἔρωτα
3234 4584 3389 4651 φασὶν
3448 4575 3620 4653 ἔριδος
3672 4583 3760 4631 τόν
3817 4588 3911 4638 τῆς

2311 4666 2479 4727 ἐλαίας
2538 4666 2717 4719 θαλλόν
2768 4672 2858 4719 καὶ
2912 4674 3002 4718 τοῦ
3060 4673 3311 4740 Πειραιῶς
3362 4671 3421 4720 τό
3492 4664 3766 4740 μηνοειδὲς
3820 4670 3914 4718 καὶ

2309 4759 2521 4827 νήνεμον
2563 4757 2758 4830 ῥόθιον
2803 4759 2904 4808 Οἴα
2958 4758 3058 4830 γὰρ
3114 4761 3201 4808 καὶ
3232 4757 3261 4814 ἡ
3317 4776 3436 4831 περι
3487 4763 3640 4809 τοῦτο
3677 4775 3919 4808 καινοτο-

2309 4850 2425 4916 μία.
2482 4844 2853 4916 Ἐμνηστεύετο
2901 4849 2991 4918 μέν
3048 4864 3152 4913 σοι,
3207 4842 3246 4895 ὧ
3298 4845 3420 4898 κάλέ
3478 4847 3543 4897 τὰ
3599 4847 3769 4897 πάντα
3827 4847 3923 4896 καὶ

2309 4934 2482 4987 κάλλει
2511 4934 2693 5005 ψυχῆς
2744 4936 2900 5007 ὼραῒε
2946 4938 3011 4985 σύ
3044 4936 3189 5005 παρά
3242 4936 3440 4996 πάντας
3479 4938 3600 4996 τοὺς
3641 4941 3727 4984 νῦν
3758 4934 3912 4993 υἱούς

2308 5032 2408 5076 τῶν
2470 5023 2773 5096 ἀνθρώπων,
2835 5023 2865 5080 ἡ
2915 5029 3005 5083 τῆς
3062 5025 3262 5082 Λυκίας
3322 5021 3656 5097 μητρόπολις*
3701 5020 3783 5074 ὅτε
3826 5025 3927 5072 καὶ

2310 5120 2401 5172 τῆς
2468 5113 2775 5183 ἱερωσύνης,
2846 5113 2914 5170 ὡς
2980 5109 3133 5161 ἄλλου
3174 5108 3333 5161 καλοῦ
3375 5113 3587 5175 παντὸς,
3636 5108 3788 5183 ἐκρῆν
3866 5128 3933 5162 σε

2313 5208 2373 5273 τῇ
2444 5199 2728 5272 Ἐκκλησία
2794 5201 3104 5272 προκεῖσθαι
3184 5202 3314 5271 μετά
3394 5202 3623 5275 Χριστὸν
3708 5197 3934 5250 ἐκτυπὶν

557 5282 657 5337 'a'm
680 5282 983 5353 simulavit
1003 5290 1062 5338 ut
1083 5300 1306 5357 sponso
1330 5286 1632 5357 potiretur.
1653 5286 2205 5358 Acreitaquecerta-

2315 5287 2630 5362 ἀρχέτυπον,
2671 5290 2754 5339 τόν
2802 5293 2891 5341 καὶ
2944 5291 3043 5361 πρὸ
3095 5294 3186 5339 τοῦ
3242 5294 3431 5361 σεμνοῦ
3486 5283 3754 5360 ποδὴρους
3808 5290 3913 5343 τὴν

556 5385 697 5427 men
714 5370 863 5427 inter
887 5376 1202 5444 utramque
1228 5374 1545 5430 Ecclesiam
1569 5374 1806 5439 exarsit,
1824 5389 2078 5445 vereque
2095 5374 2202 5430 ali-

556 5459 695 5535 quis
716 5459 928 5517 dixerit
950 5462 1246 5534 Europam
1265 5468 1443 5536 atque
1466 5465 1667 5519 Asiam
1712 5463 1970 5518 certasse
1995 5468 2126 5519 utra
2148 5469 2203 5520 te

2313 5376 2540 5430 καπόλου
2626 5373 2967 5434 δικαιοσύνην
3052 5372 3387 5447 ἐνδεδυμένον
3479 5377 3928 5449 ἱεροθρεπέστατα

2265 5464 2271 5471 ’
2316 5471 2477 5541 Πρινὴ
2538 5462 2597 5517 δὲ
2659 5460 2787 5517 ἆσαι
2850 5469 2937 5517 τόν
2989 5468 3337 5535 πνευματικόν
3390 5466 3648 5536 ὑμέναιον,
3691 5466 3720 5514 ύ
3760 5463 3933 5515 πολυ-

555 5565 914 5626 possessura
940 5550 1109 5607 foret.
1141 5553 1268 5609 Una
1300 5552 1459 5613 enim
1486 5552 1589 5608 tibi
1633 5551 1833 5609 studet
1864 5556 2067 5623 utpote
2097 5554 2205 5625 qui

2314 5558 2530 5627 έραστος
2612 5558 2701 5605 καὶ
2771 5553 3118 5625 πολυμνήστη
3200 5550 3558 5611 Θεσσαλονίκη
3629 5551 3929 5621 αἰσθομένη
