4168 6290
232 364 338 423 849

1297 366 1641 433 'HONODIA
1672 367 1745 431 IN
1773 365 2214 433 EUSTATHIUI
2249 366 2583 431 THESSAL.

3524 379 3632 434 850

242 494 333 540 τοῦ
389 490 713 561 γενομένου,
757 492 846 547 καὶ
884 490 951 553 ὡς
990 488 1179 563 βαρεῖά
1232 509 1314 554 τις
1367 489 1641 555 ἆντίζηλος
1699 486 1865 551 δεινὸν

1979 490 2124 547 olim
2152 490 2268 565 ipsi
2298 507 2560 565 sponsus
2587 508 2743 565 eras,
2774 499 2833 557 et
2863 513 3021 571 agre
3046 514 3296 573 prorsus
3327 501 3558 563 ferebat
3576 502 3627 561 si

251 578 571 649 ἥγησαμένη
595 619 613 647 ,
677 576 724 630 εἰ
779 573 987 639 τοιοῦδε
1056 583 1280 651 νυμφίου
1334 578 1484 654 ἑτέρᾳ
1545 584 1874 654 παραχωρή-

263 685 381 732 σειε,
441 669 676 741 χηρεύει
742 686 800 720 τε
852 676 1188 741 παραχρῆμα
1237 671 1409 744 ὥσπερ
1457 665 1724 736 ἒπίτηδες,
1784 674 1875 722 καὶ

262 755 522 827 μεθίλκειν
569 762 825 829 πειρᾶται
875 760 1006 829 πρός
1062 756 1270 817 ἑαυτήν.
1344 761 1490 816 Δεινὴ
1550 753 1612 811 δέ
1649 776 1732 820 τις
1769 758 1875 831 ἄρα

263 847 370 919 ἔρις
398 848 533 902 αῦτη
593 852 715 897 ταῖν
759 843 1091 906 Ἐκκλησίαιν
1139 845 1453 922 ἀμφοτέραιν
1484 867 1498 880 ο
1566 845 1757 898 ταύτὸν
1813 834 1874 901 δῖ

266 934 445 997 εἰπεῖν,
505 933 668 987 Ἀσία
718 939 813 986 καὶ
874 933 1099 1005 Εὐρώπη
1159 934 1460 1011 ἀνέρρωγεν.
1517 934 1577 993 Ἦ
1632 936 1722 1008 μεν
1770 936 1869 1009 γὰρ

266 1025 342 1085 ὡς
391 1019 499 1081 ἤδη
549 1031 858 1097 μνηστῆρος
898 1021 1062 1096 ἀπρὶξ
1088 1028 1385 1097 περιείχετό
1431 1043 1546 1095 σου,
1586 1028 1688 1098 ,καὶ
1727 1018 1874 1081 δεινὰ

271 1113 505 1182 πάσχειν
530 1116 678 1182 ᾤετο,
740 1115 882 1185 εἰπερ
932 1110 1255 1185 ἕγγυηθεῖσά
1295 1131 1401 1179 σοι,
1449 1110 1616 1175 ἄλλως
1668 1107 1728 1169 δὴ
1781 1115 1872 1167 καὶ

270 1200 631 1273 ὑπερκειμένη,
709 1204 803 1253 καὶ
857 1203 1036 1264 πάσας
1091 1202 1184 1263 τὰς
1248 1199 1333 1273 ἀφ’
1398 1199 1548 1259 ἡλίου
1612 1198 1869 1257 ἀνατολῶν

256 1284 320 1341 εὖ
364 1292 635 1359 γεγονυίας
681 1290 1042 1363 ὑπεραίρουσα
1086 1293 1302 1363 προσέτι
1355 1285 1414 1343 δι
1460 1293 1551 1341 καὶ
1602 1295 1870 1362 πατρικῶν

248 1378 437 1450 μύρων
496 1375 781 1439 ἁπόζουσα
827 1374 1002 1447 ἣδιον,
1055 1376 1169 1431 εἶτα
1222 1378 1720 1452 παραγκωνισθεῖσα
1768 1396 1868 1429 καε-

248 1464 347 1517 λοῦ
398 1475 709 1540 μνηστῆρος
767 1462 1152 1539 διαζυγήσεται
1182 1484 1196 1497 '
1242 1469 1274 1527 ἡ
1343 1463 1397 1520 δ’
1444 1462 1510 1525 αὖ
1546 1464 1721 1531 πάλιν,
1779 1465 1870 1519 οἶτε

247 1556 386 1628 μετὰ
415 1558 515 1612 τὴν
545 1553 817 1628 βασιλίδα
841 1556 988 1610 πόλιν
1023 1562 1206 1630 πρώτη
1258 1553 1521 1628 δυσμόθεν
1564 1552 1870 1625 ἀνίσχουσα

251 1639 669 1715 πανευδαίμων,
754 1649 845 1699 καὶ
930 1642 1241 1719 ὀσφραδίοις
1318 1650 1661 1718 μαρτυρικοίς
1722 1632 1868 1695 ἀντι-

1982 597 2208 653 sponsa
2250 587 2311 638 ut
2346 581 2558 651 fuerat,
2612 599 2682 645 ac
2720 592 3010 659 praeterea
3048 590 3200 647 coelo
3238 591 3512 649 orientali
3557 607 3628 649 ac

1980 670 2230 739 myrrha
2257 672 2581 729 vernacula
2611 675 2885 743 gaudens
2928 677 3098 735 alteri
3142 684 3627 751 postponeretur.

1978 756 2194 824 Altera,
2217 760 2550 816 secundum
2586 763 2795 821 urbem
2835 765 3208 838 imperialem
3243 768 3439 840 prima
3476 769 3629 826 inter

1980 845 2248 905 civitates
2291 848 2624 907 Occidentis
2653 855 2711 909 et
2740 854 3009 925 pretioso
3049 860 3384 928 martyrum
3416 872 3626 915 cruore

1978 934 2319 993 madefacta
2365 941 2420 993 te
2459 938 2702 1010 privari,
2748 941 2850 1003 tali
2888 945 3176 1015 tantoque
3209 944 3340 1000 viro
3373 945 3626 1003 moleste

1976 1021 2224 1081 ferebat.
2272 1026 2464 1090 Quare
2514 1026 2662 1085 nihil
2703 1029 2994 1091 intactum
3040 1046 3153 1088 nec
3200 1031 3458 1089 dicendo
3514 1047 3626 1091 nec

1976 1110 2214 1180 agendo
2251 1111 2487 1185 reliquit
2510 1114 2704 1175 donec
2732 1121 2835 1179 tua
2861 1118 3029 1177 ﬁeret
3066 1135 3310 1195 sponsa.
3334 1119 3625 1193 Equidem

1975 1205 2352 1272 compertum
2397 1203 2593 1263 habeo
2648 1222 2965 1280 nunquam
3006 1209 3131 1265 fore
3170 1214 3236 1267 ut
3262 1209 3492 1266 meliori
3521 1209 3625 1266 ad,

1971 1287 2290 1360 jungatur;
2342 1306 2659 1366 nunquam
2690 1296 2848 1355 enim
2895 1304 3041 1357 aetas
3064 1297 3265 1355 futura
3293 1299 3490 1357 virum
3519 1297 3624 1355 tibi

1978 1377 2231 1435 similem
2262 1378 2427 1439 feret.
2464 1383 2531 1439 Ut
2569 1383 2731 1447 enim
2762 1385 2905 1443 olim
2942 1386 3352 1460 Philopmmen
3379 1387 3625 1445 ultimus

1973 1466 2200 1531 ducum
2232 1471 2572 1527 Graecorum
2601 1473 2857 1543 insignis
2897 1474 3027 1541 fuit,
3051 1476 3135 1532 sic
3164 1480 3222 1532 te
3262 1475 3536 1535 ultimum
3561 1476 3625 1532 in

1974 1553 2201 1613 Christo
2225 1556 2550 1615 antistitem
2572 1564 2808 1633 tempus
2839 1560 3005 1625 ferax
3032 1578 3235 1625 rerum
3266 1565 3543 1636 edaxque
3562 1563 3624 1620 in

1975 1642 2170 1699 lucem
2202 1645 2407 1703 edidit.

254 1736 492 1785 πνέουσα
545 1732 644 1786 οὐκ
700 1733 994 1807 ἀνασχετὸν
1054 1737 1232 1806 ἠγεῖτο
1282 1733 1781 1809 παρευημερηθῆναι
1853 1734 1944 1782 καὶ
2022 1729 2385 1806 ἀποσφαλῆναι
2438 1734 2646 1790 τοιοῦδε
2726 1744 2816 1791 καὶ
2880 1741 3045 1805 οὕτως
3115 1740 3372 1816 ἐρασμίου
3441 1740 3622 1796 καλοῦ.

253 1824 466 1875 Οὔκουν
500 1820 662 1885 ἀνῆκε
682 1822 910 1894 λέγουσα
938 1827 1109 1877 πάντα
1146 1829 1237 1879 καὶ
1260 1826 1586 1898 πράττουσα,
1611 1821 1706 1880 ἕως
1734 1827 1803 1890 τῷ
1833 1819 1971 1889 καλῷ
1999 1839 2082 1873 σοι
2101 1828 2323 1894 νυμφίῳ,
2355 1829 2445 1876 καὶ
2465 1826 2556 1896 οῖῳ
2576 1823 2782 1881 οὐδέπω
2806 1833 3075 1903 πρότερον,
3127 1831 3384 1903 ἥρμοστο,
3414 1830 3563 1902 οἶμαι
3604 1870 3618 1884 .

254 1909 452 1981 μᾶλλον
515 1907 578 1964 δι
630 1908 757 1965 οἶδα
803 1922 1000 1985 σαφῶς,
1049 1915 1116 1973 ὡς
1154 1909 1270 1967 οὐδ’
1319 1912 1536 1972 ἐσαῦθις
1583 1907 1982 1983 ἁρμοσθήσεται
2039 1928 2184 1980 ποτε,
2241 1913 2324 1964 ὅτι
2377 1911 2509 1985 μηδ’
2559 1916 2585 1969 ό
2637 1914 2875 1987 ἐσόμενος
2925 1922 3139 1991 χρόνος,
3195 1919 3302 1980 οἶός
3342 1939 3395 1972 τε
3450 1921 3625 1971 ἔσεται

254 2006 427 2070 φῦσαι
450 1997 732 2075 ἀνθρώπου
759 1998 962 2057 τοιόνδε
989 2010 1199 2077 χρῆμα,
1231 2003 1407 2057 ὁποῖον
1449 2001 1505 2053 σε
1524 1997 1811 2050 τελευταῖον
1836 2003 1933 2047 τῶν
1957 1999 2089 2049 κατά
2118 2003 2348 2062 Χριστόν
2374 2000 2659 2076 ἀρχιερέων
2692 2013 2861 2076 σοφῶν
2913 2009 2979 2066 ὡς
3008 2005 3058 2058 ἐν
3081 2012 3223 2081 γήρᾳ
3255 2011 3344 2060 καὶ
3377 2005 3621 2077 ὀψίγονον

255 2089 426 2140 ἔτεκεν
484 2089 515 2145 ὁ
579 2091 756 2147 πάντα
801 2099 985 2163 γεννῶν
1033 2095 1123 2144 καὶ
1192 2093 1410 2163 φθείρων
1443 2105 1456 2119 ·

253 2174 631 2250 Φιλοποίμενα.

1512 2089 1577 2147 ὡς
1639 2090 1730 2138 καὶ
1788 2091 1887 2135 τῶν
1942 2082 2245 2144 Ἑλληνικῶν
2304 2099 2607 2164 στρατηγῶν
2650 2092 2872 2153 ὕστατον
2920 2096 3095 2168 εἴρηκέ
3138 2114 3219 2156 τις
3255 2098 3344 2147 τὸν
3397 2094 3622 2166 ἀρχαῖον

324 2267 424 2328 Τίς
481 2268 607 2339 γὰρ,
677 2269 785 2331 οἷος
828 2272 915 2336 σὺ,
972 2277 1063 2322 τοῦ
1107 2268 1291 2322 λοιποῦ
1341 2266 1545 2338 ὑψηλὸς
1589 2268 1675 2318 τὸν
1726 2264 1862 2338 βίον,

2058 2264 2201 2329 Quis
2229 2267 2390 2324 enim
2440 2268 2592 2327 alius
2634 2275 2848 2342 prater
2889 2275 2943 2329 te
2992 2275 3269 2329 nascetur
3306 2287 3446 2329 cum
3493 2269 3627 2343 pari

251 2357 344 2404 τόν
411 2353 576 2425 λόγου
643 2361 919 2429 μετέωρος,
981 2363 1074 2418 τὴν
1132 2358 1415 2433 ἱερωσύνην
1476 2357 1726 2429 αἰθέριος,
1779 2361 1870 2408 καὶ

255 2444 327 2505 ὡς
377 2443 470 2496 ἀπ’
506 2444 670 2497 αὑτοῦ
699 2453 791 2499 τοῦ
826 2448 1007 2521 θρόνου
1062 2455 1299 2521 Χριστοῦ
1350 2449 1662 2520 θεμιστεύων
1717 2447 1866 2499 ἄντι-

254 2550 404 2603 κρυς,
458 2533 592 2585 εἴπω
643 2530 801 2601 δ’ἆν,
847 2541 938 2588 καὶ
991 2538 1061 2599 ὡς
1103 2536 1183 2589 ἐπ’
1233 2537 1398 2599 αὐτῆς
1445 2544 1539 2599 τῆς
1590 2534 1870 2607 ἀκρωρείας

256 2628 351 2671 τοῦ
398 2628 527 2675 Σινᾶ
589 2624 946 2696 χρηματίζων
999 2624 1351 2698 λογιζόμενος,
1413 2626 1552 2688 ὅπως
1612 2623 1735 2696 βίου
1776 2626 1867 2695 μεν

258 2717 354 2760 τοῦ
396 2713 533 2762 κατὰ
585 2714 647 2764 σὲ
684 2712 946 2783 προϐῆναι
980 2723 1229 2788 περιωτῇ,
1275 2715 1304 2773 ἦ
1355 2713 1432 2768 ἐπ’
1476 2715 1630 2766 αὐτὸν
1685 2712 1869 2769 ἐλάσαι

268 2800 357 2849 τὸν
411 2797 630 2875 βατῆρα
692 2809 785 2854 τοῦ
830 2801 1003 2874 λόγου,
1044 2801 1163 2856 οὐδ’
1220 2802 1281 2855 ἂν
1346 2804 1418 2856 ἐνὶ
1460 2813 1560 2856 τῶν
1627 2802 1866 2855 ἁπάντων

264 2883 567 2957 ἐγγένοιτο;
635 2891 782 2945 Εἶσω
833 2888 894 2944 δὲ
942 2888 1097 2945 δῦναι
1157 2893 1367 2964 νεφέλης
1426 2901 1522 2945 τῶν
1578 2894 1723 2964 παρά
1782 2895 1866 2942 σοὶ

268 2978 558 3046 νοημάτων,
614 2984 707 3031 καὶ
738 2979 959 3052 λογικῶν
989 2980 1215 3035 ἀκοῦσαι
1245 2978 1500 3054 μεθόδων,
1548 2977 1672 3033 οὐδὲ
1714 2988 1867 3032 τοῦτο

267 3072 687 3137 προστυχόντος.
729 3070 811 3121 ὅτι
841 3075 913 3141 μὴ
964 3077 1251 3125 Μωσαῐκοῦ
1288 3091 1423 3131 τινος
1473 3067 1533 3129 ἦν
1572 3067 1762 3143 ἀνδρὸς
1786 3090 1798 3102 ’
1841 3071 1868 3120 ὁ

267 3148 325 3205 δέ
346 3174 409 3224 γε
437 3160 737 3229 σύμμικτος
775 3164 867 3211 καὶ
916 3159 1072 3221 πολὺς
1109 3162 1251 3213 κάτω
1302 3179 1403 3213 που
1441 3164 1559 3233 περὶ
1607 3162 1668 3212 τὰ
1706 3162 1871 3233 κράσσ

264 3239 403 3295 πεδα
460 3252 555 3296 τοῦ
616 3249 771 3319 ὅρους
835 3248 1091 3318 εἱστήκει,
1179 3252 1343 3321 μόνης
1416 3255 1512 3309 τῆς
1593 3249 1869 3309 θεσπεσίας

262 3330 437 3403 ἠχοῦς
490 3331 783 3405 ἀγαπητῶς
831 3334 1171 3409 ἀκροώμενος.
1231 3337 1426 3393 Πολλοῦ
1469 3355 1526 3408 γε
1573 3335 1762 3408 μᾶλλον
1809 3332 1868 3388 δὲ

262 3428 353 3471 τοῦ
392 3426 585 3483 παντὸς
632 3420 741 3476 ἔδει
806 3429 903 3483 τὴν
954 3431 1049 3484 σὴν
1095 3428 1448 3500 καταθαρσείν
1509 3424 1730 3487 ἔντευξιν
1772 3426 1866 3480 θη-

254 3513 370 3582 ρίον
428 3511 731 3582 ὁτιποτοῦν,
792 3515 860 3575 ὡς
912 3513 1062 3587 ὶγγὺς
1126 3517 1368 3586 γενέσθαι
1419 3518 1490 3587 μὴ
1550 3517 1680 3586 μετὰ
1745 3532 1867 3586 φρι-

1978 2367 2216 2412 morum
2234 2355 2541 2428 dignitate,
2556 2358 2784 2416 fulmen
2810 2360 3183 2433 eloquentius,
3205 2365 3426 2431 orator,
3437 2359 3626 2431 judex

1980 2448 2242 2510 sanctus,
2274 2448 2441 2509 utita
2467 2446 2690 2519 dicam,
2725 2449 2901 2520 quasi
2929 2465 2962 2505 θ
2983 2449 3197 2506 Christi
3231 2449 3467 2520 throno,
3504 2451 3566 2505 ut
3593 2463 3625 2503 e

1979 2546 2220 2588 summo
2248 2533 2409 2590 Sinai
2434 2535 2679 2595 oracula
2704 2536 2965 2594 reddens
2983 2539 3011 2595 ‘2
3031 2539 3172 2605 Quis
3201 2543 3253 2596 te
3283 2537 3419 2594 vitae
3451 2551 3624 2592 sanc-

1978 2618 2160 2688 titate,
2186 2622 2322 2694 quis
2346 2623 2700 2701 eloquentiae
2741 2625 2799 2680 vi
2846 2643 3122 2699 unquam
3153 2627 3473 2699 aequabit?
3513 2626 3623 2682 Co-

1977 2707 2333 2776 gitationum
2364 2727 2545 2784 porro
2596 2720 2839 2773 tuarum
2905 2732 3150 2773 cursum
3200 2716 3393 2789 sequi,
3431 2719 3487 2771 te
3521 2714 3627 2770 do-

1979 2803 2209 2854 centem
2266 2801 2473 2859 audire
2509 2804 2720 2874 paucis
2773 2803 3109 2863 admodum
3148 2804 3427 2872 dabatur,
3472 2818 3627 2876 quos

1976 2886 2067 2941 vel
2096 2887 2170 2943 ad
2204 2890 2420 2945 montis
2461 2891 2695 2951 radices
2716 2893 2883 2947 vocis
2904 2893 3118 2950 divinas
3149 2906 3368 2949 sonum
3418 2892 3626 2948 audire

1973 2974 2245 3045 juvabat.
2285 2978 2415 3041 Quo
2454 2980 2648 3046 magis
2691 2978 2869 3048 igitur
2901 2984 2952 3034 te
2975 2985 3268 3051 praesente
3298 2995 3479 3035 nemo
3504 2994 3627 3034 non

1976 3062 2402 3129 delectabatur,
2432 3067 2479 3121 si
2511 3066 2659 3121 forte
2680 3067 2908 3123 animal
2938 3084 3128 3140 rapax
3144 3067 3627 3140 apparebat,sive

1975 3149 2070 3206 leo
2100 3152 2458 3208 tributorum
2490 3160 2731 3215 exactor
2755 3154 3039 3211 intestina
3069 3160 3276 3213 nostra
3313 3154 3627 3211 devoratu-

1976 3254 2097 3309 rus,
2141 3239 2262 3295 sive
2306 3241 2601 3312 panthera
2629 3242 2952 3313 maculata,
2994 3243 3055 3303 id
3085 3250 3176 3298 est
3214 3242 3478 3315 dynasta
3521 3241 3602 3298 do

1976 3328 2284 3398 mesticus,
2320 3329 2445 3387 sive
2478 3329 2661 3401 lupus
2689 3332 2885 3401 gregis
2914 3332 3196 3395 inimicus
3227 3339 3285 3389 et
3312 3331 3628 3391 insidiator

1975 3418 2351 3489 processerit.
2368 3419 2432 3474 Hi
2454 3434 2665 3476 omnes
2692 3420 2853 3476 enim
2881 3424 2934 3477 te
2957 3428 3249 3495 praesente
3274 3421 3627 3479 abscondito

1977 3506 2387 3565 consistebant
2411 3507 2563 3573 loco,
2596 3524 2671 3564 ne
2702 3509 2902 3565 verbis
2926 3510 3042 3571 tuis
3072 3510 3248 3583 quasi
3277 3509 3627 3567 totidemla-

257 3616 356 3659 κης
383 3605 477 3651 καὶ
530 3596 799 3673 δείματος,
867 3606 966 3656 εἴτε
1012 3623 1092 3666 τις
1138 3603 1471 3676 φορολογικὸς
1520 3599 1580 3662 ἦν
1625 3602 1746 3655 λέων
1776 3607 1865 3654 καὶ

1976 3594 2215 3666 pidibus
2256 3601 2659 3667 tangerentur.
2695 3597 2847 3664 Quid
2885 3598 3155 3656 mirum?
3202 3600 3499 3672 siquidem
3552 3614 3627 3655 ne

258 3689 457 3756 ἔγκατα
522 3692 695 3742 πάντα
769 3690 1070 3763 λαφύσσων,
1131 3696 1230 3753 εἴτε
1314 3689 1577 3753 δυνάστης
1645 3687 1865 3753 ἐνδαπὸς

259 3777 472 3848 ποικϋῃ
514 3785 745 3849 πονηρία
804 3784 1008 3842 στικτός
1060 3784 1182 3834 ὡσεὶ
1228 3778 1514 3855 πάρδαλις,
1576 3783 1671 3835 εἴτε
1713 3780 1867 3840 λύκος

260 3864 437 3938 ἅρπαξ
511 3874 582 3936 τῷ
658 3873 887 3939 ποιμνίῶ
968 3867 1234 3941 ἕμπίπτων
1311 3873 1401 3921 καὶ
1475 3867 1863 3941 λυμαινόμενος.

263 3954 541 4027 Πεφόϐητο
570 3959 674 4030 γὰρ
732 3956 871 4009 ἅπαν
910 3965 1115 4010 τοιοῦτο
1173 3962 1262 4010 καὶ
1319 3961 1627 4031 περιίστατο
1676 3956 1867 4027 φυλατ-

260 4048 497 4115 τόμενον,
540 4050 615 4118 μὴ
666 4052 774 4107 τοῖς
822 4052 932 4106 σοῖς
981 4045 1152 4116 λόγοις
1204 4049 1269 4106 ὡς
1317 4044 1479 4106 λίθοις
1536 4043 1864 4117 βεϐλήσεται.

265 4137 453 4186 Καίτοι
481 4154 537 4186 τι
591 4140 747 4187 τοῦτο
785 4135 851 4195 ὦς
906 4153 959 4186 τι
1013 4136 1314 4206 θαυμαστόν
1365 4136 1591 4208 εἴρηται,
1647 4134 1729 4189 ὅτε
1779 4137 1869 4185 καὶ

264 4217 584 4295 βασιλεῦσιν
628 4226 813 4286 αὐτοῖς
862 4223 959 4279 οῦκ
996 4220 1255 4281 ἀσπουδεὶ
1310 4230 1481 4295 παρῆν
1534 4221 1868 4293 ἐντυγχάνειν

265 4328 369 4375 σοι,
400 4315 492 4362 καὶ
540 4314 610 4372 ὡς
659 4318 770 4373 τοῖς
823 4310 1016 4381 illam,
1059 4311 1114 4366 ἆκ
1152 4318 1243 4363 τοῦ
1282 4312 1617 4385 ὑπέρφρονος,
1662 4314 1754 4362 σῦν
1785 4314 1867 4361 αί-

263 4392 350 4448 δοί
388 4395 449 4451 δι
485 4398 682 4472 μᾶλλον
733 4404 825 4453 καὶ
873 4399 1157 4472 ὐποστολῇ,
1224 4399 1405 4456 ὁποίαν
1460 4405 1611 4471 σχῖεν
1662 4400 1724 4450 οἷν
1779 4403 1868 4451 καὶ

270 4486 498 4552 μαθηταὶ
538 4492 669 4559 πρός
708 4484 1075 4554 διδάσκαλον;
1129 4486 1310 4560 Ἀγιον
1362 4490 1452 4560 μὲν
1497 4487 1585 4539 οὖν
1636 4491 1723 4541 καὶ
1771 4505 1868 4559 φο-

274 4568 416 4643 ϐερόν
444 4572 733 4649 ἄνυμνοῦσι
773 4579 834 4627 τό
874 4580 1036 4647 ὄνομα
1081 4582 1213 4629 Θεοῦ
1267 4578 1315 4628 οἱ
1366 4575 1587 4648 ψαλμοὶ,
1618 4579 1708 4626 καὶ
1738 4577 1867 4626 Θεὸν

268 4659 420 4712 αὐτόν
473 4664 533 4716 οὐ
589 4670 749 4738 μόνον
808 4683 931 4737 φως,
999 4662 1126 4717 ἀλλὰ
1184 4668 1274 4717 καὶ
1336 4673 1441 4738 πυρ
1489 4663 1866 4716 καταναλίσκον

259 4745 453 4821 ᾅδουσι
484 4768 500 4782 ⁸
560 4758 653 4805 καὶ
705 4752 1097 4827 πολυόφθαλμοι
1148 4756 1400 4829 Σεραφεὶμ
1452 4751 1710 4823 βλέπουσι
1775 4754 1866 4824 μὲν

258 4830 543 4903 διαπαντὸς
588 4844 778 4895 τούτου
844 4844 904 4894 τὸ
991 4846 1268 4915 πρόσωπον
1324 4863 1337 4875 ·
1398 4841 1491 4892 οῦκ
1544 4839 1865 4912 ἀτενέσι-ερον

1974 3700 2143 3754 reges
2174 3686 2422 3758 quidem
2452 3686 2563 3758 ipsi
2593 3694 2645 3743 te
2685 3704 2890 3747 coram
2920 3689 3175 3745 immoto
3198 3689 3363 3745 vultu
3382 3704 3629 3760 mquave

1973 3779 2174 3830 mente
2193 3775 2457 3846 aspicere
2486 3777 2916 3839 sustinuerunt,
2942 3778 3082 3847 imo,
3105 3783 3166 3832 ut
3188 3776 3440 3839 alumni,
3469 3777 3628 3834 dicto

1976 3861 2286 3921 audientes
2312 3870 2369 3920 et
2392 3865 2701 3921 modestos
2725 3882 2788 3920 se
2820 3865 3126 3936 gerebant.
3170 3864 3383 3920 Psalmi
3404 3879 3627 3921 nomen

1976 3952 2078 4007 Dei
2109 3960 2174 4006 ut
2216 3958 2518 4017 sanctum,
2567 3959 2631 4009 ut
2659 3954 2886 4019 lumen,
2935 3952 3058 4008 imo
3118 3958 3181 4007 ut
3215 3953 3419 4021 ignem
3448 3949 3628 4007 devo-

1975 4046 2206 4101 rantem
2220 4040 2568 4112 praedicant.
2602 4041 2913 4113 Seraphim
2926 4039 3234 4096 inultoculi
3250 4039 3480 4098 vultum
3498 4039 3628 4110 ejus

1974 4144 2097 4187 non
2136 4129 2377 4192 directe,
2418 4129 2521 4184 sed
2551 4146 2622 4185 ex
2657 4129 2907 4200 obliquo
2933 4133 2991 4185 et
3026 4129 3218 4185 oculis
3255 4128 3628 4201 semiapertis

1976 4222 2354 4286 contuentur,
2388 4224 2446 4275 et
2482 4233 2699 4289 parum
2759 4218 2888 4277 alas
2936 4233 3080 4277 suas
3131 4218 3453 4291 explicant.
3493 4216 3630 4274 Pari

1975 4304 2161 4363 modo
2191 4305 2280 4362 sol
2300 4305 2395 4362 hic
2425 4306 2677 4362 visibilis
2699 4306 2771 4362 iis
2804 4312 3037 4364 tantum
3068 4312 3298 4364 astrum
3318 4305 3628 4377 jucundis-

1976 4397 2198 4452 simum
2230 4395 2461 4466 eritqui
2493 4396 2680 4450 radiis
2712 4396 2844 4467 ejus
2868 4395 3132 4451 fruentes
3156 4395 3420 4452 contenti
3466 4398 3626 4451 sunt.

1977 4486 2083 4550 Qui
2117 4489 2318 4541 autem
2340 4482 2516 4539 rectis
2545 4483 2693 4539 illud
2740 4483 2932 4543 oculis
2958 4485 3175 4543 intueri
3206 4500 3395 4543 ausus
3433 4483 3627 4551 fuerit,

1974 4572 2138 4628 haud
2168 4571 2416 4643 impune
2445 4577 2502 4626 et
2531 4588 2663 4626 cum
2691 4572 2956 4628 maximo
2979 4573 3142 4627 visus
3167 4573 3525 4631 detrimento
3545 4570 3629 4626 fe-

1975 4661 2135 4718 cerit.
2168 4661 2258 4716 Sic
2291 4660 2395 4716 tibi
2423 4676 2667 4734 quoque
2708 4677 2889 4719 nemo
2917 4662 3030 4717 nisi
3063 4661 3244 4735 plane
3273 4658 3629 4733 imprudens

1975 4756 2031 4809 et
2052 4752 2422 4815 temerarius,
2450 4750 2557 4806 tibi
2570 4750 2673 4823 qui
2692 4750 2878 4809 solem
2897 4751 3170 4807 divinum
3186 4751 3410 4816 reddis,
3425 4747 3628 4807 inania

1971 4826 2228 4912 loquens
2256 4843 2361 4895 aut
2384 4838 2721 4913 incongrua
2750 4839 2978 4895 faciens
3011 4836 3624 4912 appropinquaverit;

255 4924 312 4982 δε
365 4931 843 5003 κατεμϐλέπουσιν,
893 4933 1011 4983 οὔτε
1073 4930 1187 4983 ὅλον
1229 4934 1319 4983 καὶ
1374 4929 1508 4990 ὅλοις
1565 4927 1862 4981 ἀναπεπτα-

1977 4928 2212 5003 ᾳιιίοιιιιη
2229 4943 2325 4999 {ue
2349 4926 2509 4985 enim
2536 4927 2647 4987 abs
2673 4933 2727 4984 te
2752 4927 3308 5000 reprehendebatur
3323 4924 3484 4985 idem
3503 4924 3629 4996 pati

248 5024 417 5090 μένοις
462 5026 555 5074 καὶ
610 5025 868 5094 δαμασιν,
919 5020 1003 5092 ὑφ’
1056 5016 1176 5073 ὅσον
1228 5022 1283 5072 αἱ
1336 5023 1602 5090 πτέρυγες,
1663 5019 1853 5078 αἵτινές

245 5115 367 5163 ποτέ
395 5111 529 5165 εἰσιν
560 5113 617 5163 αὶ
656 5115 919 5185 πτέρυγες
956 5104 1129 5174 αὗται,
1184 5107 1618 5181 παρεσταλμένοις
1672 5102 1731 5160 δὲ
1757 5125 1854 5161 πα-

245 5209 457 5272 ρορῶσι,
511 5205 604 5254 καὶ
661 5201 1078 5274 παρανοίγουσι.
1142 5202 1244 5250 Καὶ
1299 5199 1441 5259 ἣλιος
1513 5192 1572 5249 δὲ
1625 5194 1770 5255 οὗτος
1822 5194 1849 5245 ὁ

244 5287 510 5356 αἰσθητός,
563 5288 641 5351 οἷς
676 5306 775 5365 μεν
822 5284 1039 5359 ἀπόχρη
1079 5289 1243 5358 μόνων
1292 5283 1566 5339 ἀπολαύειν
1607 5282 1847 5348 ἀκτίνων,

242 5375 452 5447 ἥδιστος
508 5382 756 5457 ἀστέρων
814 5380 909 5428 καὶ
948 5372 1050 5427 οἶον
1105 5374 1380 5449 ὀφθαλμοῖς
1431 5374 1572 5428 ἐστιν
1634 5374 1801 5445 ὅψεως
1833 5394 1846 5407 ·

238 5471 384 5535 εἴτις
432 5468 494 5526 δὲ
555 5464 951 5538 ἀναιδέστερον
998 5462 1311 5517 ἀντιϐλέπειν
1341 5463 1472 5536 αὐτῇ
1520 5470 1582 5536 τῇ
1643 5466 1851 5535 πηγαίᾳ

226 5569 311 5613 τῶν
365 5560 593 5617 ἀκτίνων
660 5558 882 5628 σφαίρᾳ
940 5550 1325 5622 φιλονεικήσειε,
1395 5553 1579 5604 θᾶττον
1635 5550 1696 5602 ἂν
1751 5551 1847 5621 ὑφ-

215 5652 305 5718 έξει
359 5650 527 5719 δίκην
586 5655 701 5709 τῆς
765 5640 1110 5711 ἀσυμμέτρου
1173 5646 1288 5702 ταῖς
1329 5644 1510 5714 κόραις
1564 5637 1846 5711 ᾇντοφθαλ-

1961 5016 2412 5091 putabatquam
2426 5016 2474 5070 si
2491 5020 2650 5073 terra
2665 5022 2802 5071 ante
2820 5015 3003 5086 pedes
3014 5015 3406 5071 dehisceret.’l'
3417 5028 3455 5068 ιι
3467 5012 3628 5081 enim

1960 5102 2024 5165 in
2060 5103 2368 5165 tradendis
2407 5106 2706 5165 Musarum
2737 5104 2966 5161 artibus
3006 5119 3145 5161 vera
3184 5108 3240 5161 et
3278 5101 3552 5159 doctrina
3572 5106 3629 5158 et

1960 5193 2282 5267 disciplina
2306 5191 2596 5262 utebaris,
2644 5192 2815 5251 aliter
2838 5209 2907 5250 ac
2934 5193 3040 5250 ille
3069 5194 3165 5249 vir
3192 5196 3470 5249 strenuus
3500 5190 3624 5261 qui,

1959 5292 2107 5347 teste
2125 5283 2404 5348 Homero,
2424 5283 2721 5339 insontem
2738 5297 2973 5355 quoque
2985 5282 3180 5352 culpat
3192 5277 3629 5337 accusaritBa'

1958 5373 2424 5436 tioneitem.non
2448 5371 2824 5428 vehementia
2835 5370 3012 5440 duce,
3027 5369 3289 5425 sontium
3303 5382 3371 5427 ac
3383 5378 3627 5421 reorum

1958 5463 2195 5522 animos
2238 5459 2482 5535 culpam
2526 5461 2943 5521 conﬁtentium
2991 5464 3049 5516 et
3093 5453 3626 5530 reprehensionem

1955 5552 2091 5608 vitm
2123 5548 2569 5606 admittentium
2601 5548 2676 5604 ad
2720 5547 3138 5618 paenitentiam
3182 5536 3615 5612 compellebas.

1961 5640 2057 5699 Sic
2088 5636 2314 5709 tibi,Vir
2334 5635 2598 5697 maxime
2616 5633 3154 5700 venerandemasta
3181 5630 3465 5707 venustas
3477 5620 3627 5677 ade-
