4168 6290
535 301 634 357 351

1399 290 1772 351 MICHAELIS
1807 287 2188 350 ACOMINATI
2225 285 2664 348 ATHENARUM
2700 283 3032 345 ARCHIEP.

3781 286 3887 342 352

532 426 644 490 rat,
676 423 733 478 et
753 419 1270 477 incantamentum
1296 417 1697 477 honoriﬁcum
1724 420 1780 475 te
1806 420 1871 474 ut
1900 417 2182 475 sanctita-

2303 418 2522 479 κήσεως.
2575 413 2722 468 Κατὰ
2755 413 2926 466 ταυτα
2978 413 3070 466 καὶ
3123 415 3221 468 τῶν
3271 410 3594 487 προσιόντων
3645 427 3749 477 σοι,
3811 416 3885 482 τῷ

537 513 609 569 tis
628 508 1155 586 propugnaculum
1175 508 1400 581 ubique
1422 507 1894 583 sequebatur.Tu
1906 506 2183 564 homines

537 601 642 676 qui
672 615 708 656 a
727 598 1021 672 principio
1052 597 1253 655 minus
1274 601 1331 654 te
1350 597 1518 669 digni
1545 596 1926 668 videbantur,
1939 595 2186 653 rationis

539 693 598 746 et
624 688 912 746 orationis
943 685 1187 755 auxilio,
1222 701 1293 743 ac
1319 700 1762 758 nonnunquam
1784 698 1958 756 aquae
1974 679 2185 754 puriﬁ-

539 778 778 835 catorite
795 791 908 850 ope
924 776 1003 832 ad
1025 775 1504 849 resipiscendum
1521 771 1977 847 perduxistiJlle
2000 771 2186 828 Clear-

540 868 711 934 chus,
745 868 896 922 Laco
925 866 1189 937 natione,
1210 865 1614 939 Xenophonte
1646 866 1814 929 teste,
1834 861 2182 931 vultutetro,

538 970 722 1014 rauca
742 953 1078 1011 admodum
1095 969 1239 1010 voce
1256 952 1573 1026 erat,quod
1585 956 1787 1009 tamen
1798 963 2188 1024 nequaquam

540 1042 852 1101 obstaculo
877 1042 987 1099 fuit
1015 1043 1163 1115 quin
1184 1041 1472 1098 militibus
1517 1041 1639 1098 suis
1660 1041 1721 1097 in
1748 1053 1957 1113 pugna
1985 1037 2188 1110 splen-

541 1132 718 1189 didus
747 1130 1074 1204 hilarisque
1102 1131 1538 1202 antesignanus
1574 1129 1768 1185 fuerit.
1798 1130 1922 1184 Tua
1950 1141 2190 1183 morum

538 1221 751 1279 lenitas
775 1221 1050 1291 jucundo
1081 1236 1318 1295 semper
1346 1224 1549 1277 tenore
1569 1217 2021 1276 occurrentibus
2049 1215 2190 1272 arri-

541 1311 634 1379 sit,
653 1311 837 1383 idque
868 1314 996 1367 tum
1023 1325 1288 1384 quoque,
1305 1309 1412 1366 ubi
1437 1309 1601 1381 justa
1623 1309 1710 1364 ira
1727 1308 1789 1364 in
1813 1306 2006 1364 malos
2022 1320 2189 1362 exar-

540 1400 1003 1466 descebas.Quis
1023 1403 1225 1458 autem
1245 1399 1355 1457 abs
1371 1403 1427 1456 te
1443 1399 1833 1470 vituperatus,
1855 1395 2190 1453 dummodo

540 1505 664 1547 non
693 1505 832 1544 cum
888 1489 1093 1545 anima
1133 1489 1236 1544 vili
1268 1491 1445 1557 esset,
1477 1502 1601 1543 non
1655 1488 1968 1542 contentus
1995 1484 2187 1551 fuerit,

540 1577 728 1634 verba
748 1576 1002 1633 audiens
1030 1577 1440 1634 consolatorie
1462 1575 1658 1646 magis
1690 1591 1876 1649 quam
1895 1574 2190 1647 vitupera-

543 1667 714 1731 toria,
744 1681 916 1721 rosas
941 1666 1077 1739 plus
1106 1681 1294 1740 quam
1321 1666 1525 1739 spinas
1555 1681 1628 1722 ea
1669 1663 2068 1721 aestimando?
2099 1662 2192 1720 Sic

2293 505 2412 558 καθ’
2454 506 2594 577 ἡμᾶς
2633 499 3005 574 θεοειδεστάτῳ
3043 500 3188 574 ἡλίῳ,
3238 499 3331 554 ούκ
3369 497 3606 575 ἀνδρεῖος
3653 495 3734 571 ἦν,
3783 498 3891 552 ἀλλ’

2294 596 2449 655 ἄνους
2481 596 2572 646 καὶ
2633 591 2832 665 ἰταμὸς,
2899 590 3109 664 ἀγνοῶν,
3158 591 3294 644 ὅποι·
3331 592 3454 644 ποτε
3509 585 3754 643 κινδύνου
3795 592 3888 654 φέ-

2293 703 2461 760 ρεται,
2492 683 2518 736 ὁ
2548 685 2620 756 μὴ
2674 683 2809 736 πάνυ
2856 701 2910 734 τι
2939 680 3164 744 εύλαϐῶς
3207 685 3439 754 προσιὼν
3481 684 3577 733 παὶ
3618 677 3889 752 πεφυλαγ-

2295 775 2463 847 μένος,
2541 777 2718 845 μήπου
2779 790 2832 824 τι
2908 768 3108 844 ἐκμελὲς
3163 768 3574 844 παραφέγξαιτο,
3631 769 3661 835 ᾖ
3723 767 3892 832 ἄλλως

2295 861 2755 938 ὑπαγροικίσαιτο.
2824 861 2893 913 Τὸ
2963 861 3064 935 γὰρ
3133 858 3503 932 ἐπιτιμηθῆναι
3577 859 3722 930 παρὰ
3793 863 3890 910 σοῦ

2295 952 2409 1004 ἴσον
2467 946 2498 1009 ἧ
2549 956 2622 1021 τῷ
2680 968 2737 1021 γε
2800 951 3110 1022 μαινομένῳ,
3168 952 3258 1001 καὶ
3320 951 3408 1006 τὴν
3455 951 3554 1020 γὴν
3605 943 3893 1005 διαστῆναι

2296 1041 2346 1093 οἱ
2415 1040 2598 1096 αὐτόν.
2655 1038 2731 1091 Ού
2782 1039 2884 1114 γὰρ
2936 1036 3342 1110 ψυχαγωγῆσαι
3395 1040 3548 1110 μόνον
3614 1035 3893 1108 έμμούσως

2298 1127 2694 1201 ἓπαγωγότατος
2740 1124 2884 1185 ἦσθα
2919 1131 3009 1180 καὶ
3051 1130 3422 1200 χαριέστατος,
3465 1124 3594 1179 ἀλλὰ
3641 1129 3732 1178 καὶ
3779 1125 3894 1178 ἐπι-

2295 1216 2490 1280 πλῆξαι
2543 1213 2892 1279 παιδευτικῶς
2956 1215 3360 1291 ἐμϐριθέστατος
3403 1231 3418 1250 ·
3484 1214 3545 1268 ού
3611 1215 3749 1266 κατὰ
3802 1215 3893 1266 τὸν

2295 1305 2420 1380 παρ’
2456 1303 2663 1379 Ὁμήρῳ
2711 1301 2878 1357 δεινὸν
2926 1301 3116 1378 ἄνδρα,
3167 1303 3218 1365 ὃς
3267 1306 3413 1376 τάχα
3458 1322 3562 1370 κεν,
3607 1306 3758 1375 φησὶ,
3801 1305 3896 1354 καὶ

2298 1392 2526 1447 ἀναίτιον
2557 1393 2818 1466 αἰτιόῳτο.
2850 1395 2920 1446 Τὸ
2974 1395 3074 1467 γὰρ
3121 1393 3314 1465 εὐλόγῳ
3371 1395 3460 1445 καὶ
3508 1394 3700 1466 καιρίῳ
3738 1389 3897 1444 πλέον

2297 1482 2328 1542 ἢ
2362 1489 2433 1553 τῷ
2481 1479 2694 1556 σφοδρῷ
2750 1481 2976 1554 βάλλων,
3010 1479 3309 1556 ἓπέστρεφες
3367 1484 3457 1535 τὸν
3511 1481 3772 1546 ὑπαίτιον,
3826 1481 3901 1540 ὡς

2299 1567 2429 1646 μηδ’
2496 1570 2556 1623 ἂν
2636 1570 2791 1624 αὐτὸν
2847 1574 2932 1624 τὸν
2997 1569 3367 1644 ἐπιτιμώμενον
3429 1568 3775 1645 ἀπαρνεῖσθαι
3841 1571 3902 1620 τὸ

2300 1664 2372 1734 μὴ
2405 1658 2464 1712 ού
2506 1656 2727 1722 δικαίως
2785 1659 3105 1713 εὐθύνεσθαι.
3172 1659 3352 1720 Ούτως
3399 1660 3430 1718 ἣ
3471 1661 3522 1711 τι
3573 1658 3908 1730 ἁγιοπρεπὴς

541 1770 654 1811 nec
683 1755 1090 1812 mansuetudo
1118 1759 1223 1812 tua
1253 1755 1380 1812 sine
1420 1754 1628 1811 aculeo
1673 1758 1817 1822 erat,
1874 1769 1996 1827 quo
2039 1767 2194 1826 opus

2303 1750 2465 1824 χάρις
2496 1745 2767 1822 έπεμειδία
2833 1768 2938 1817 σοι,
2995 1753 3362 1822 μακαριώτατε
3415 1743 3638 1816 ἀνδρῶν,
3695 1749 3785 1798 καὶ
3848 1750 3909 1798 τὸ

541 1843 806 1900 habebat
869 1843 949 1900 ad
995 1844 1120 1900 vim
1172 1843 1682 1900 admonitionibus
1729 1843 2031 1908 dandam;
2082 1857 2194 1898 nec

543 1932 1263 2003 acrimoniajucunditate
1285 1933 1528 1990 carebat
1551 1950 1563 1988 :
1590 1935 1914 2005 utrumque
1936 1931 2094 1987 enim
2115 1930 2198 1986 fe-

540 2020 826 2077 licissima
854 2021 1108 2078 mistura
1136 2022 1552 2080 consociatum
1584 2025 1731 2078 erat.
1751 2024 1834 2078 Tu
1863 2021 1991 2094 ipse
2009 2019 2198 2093 probe

543 2109 700 2166 nosti
718 2109 866 2166 nihil
890 2125 1100 2167 eorum
1129 2127 1267 2184 quae
1299 2115 1404 2168 aut
1431 2127 1571 2167 cum
1602 2109 1821 2166 sudore
1853 2108 2193 2180 elaborasti,

545 2201 650 2254 aut
684 2212 791 2270 per
828 2197 1043 2255 ludum
1073 2198 1489 2272 composuisti,
1534 2198 1868 2255 litterarum
1898 2196 2198 2252 studiosos

543 2284 772 2354 fugere,
813 2286 1112 2360 siquidem
1142 2303 1237 2344 res
1279 2291 1396 2344 tuae
1434 2287 1496 2343 in
1544 2287 1674 2343 foro
1704 2290 1762 2342 et
1789 2285 1901 2341 viis
1938 2283 2196 2358 publicis

543 2372 730 2429 fando
751 2374 1013 2445 repetitae
1039 2374 1101 2431 in
1130 2374 1521 2448 proverbium
1549 2375 1842 2432 abierunt.

549 2459 610 2520 ἦν
637 2463 758 2536 ὁρᾷν
785 2467 874 2514 καὶ
903 2468 1109 2536 τραχὺς
1145 2472 1208 2537 τῇ
1266 2471 1402 2537 φωνῇ
1443 2485 1456 2498 ·

549 2548 792 2621 έφαίνετο.

2302 1836 2513 1911 φοϐερὸν
2575 1839 2746 1912 ὥσπερ
2799 1857 2852 1890 τι
2899 1839 3030 1890 θεῖον
3082 1837 3360 1909 ἁγιότητος
3409 1839 3688 1911 παρείπετο
3743 1831 3910 1911 δορυ-

2307 1930 2518 2002 φόρημα
2550 1943 2563 1957 ’
2624 1929 2693 1987 ὡς
2752 1929 2874 1988 τοὺς
2945 1925 3346 1999 ἐντευξομένους,
3409 1927 3763 2000 ὑφορωμένους
3836 1928 3910 1997 μὴ

2305 2022 2405 2068 τῶν
2467 2022 2571 2068 σῶν
2629 2020 2868 2091 χαρίτων
2913 2014 3192 2083 ἐκπέσοιεν,
3248 2016 3278 2075 ἦ
3332 2021 3444 2076 ταῖς
3485 2020 3602 2076 σαῖς
3652 2013 3914 2085 έπιτιμήο

2308 2124 2426 2157 σεσι
2481 2109 2829 2180 περιπέσοιεν,
2901 2106 3144 2177 συνάγειν
3212 2104 3398 2176 εύλόγῳ
3457 2099 3562 2156 δέει
3618 2105 3703 2155 τὸν
3763 2109 3911 2168 νοῦν,

2304 2198 2395 2245 καὶ
2432 2196 2567 2246 κατά
2617 2197 2734 2255 τούς
2787 2192 3257 2266 τελεσθησομένους
3303 2197 3453 2266 μόνον
3521 2192 3578 2244 ού
3625 2189 3911 2265 περιρῥαν-

2304 2287 2497 2358 τηρίων
2565 2279 2776 2337 δεῖσθαι
2827 2284 3158 2358 καθάρσεων.
3225 2287 3327 2336 Καὶ
3387 2281 3651 2356 Κλέαρχος
3709 2282 3798 2353 μὲν
3882 2281 3908 2332 ὁ

2308 2377 2631 2440 Λακωνικὸς,
2694 2375 2763 2434 ὧς
2820 2391 2920 2426 που
2950 2376 3177 2446 Ξενοφῶν
3220 2374 3484 2448 ἱστόρηκε,
3533 2375 3621 2423 καὶ
3677 2371 3908 2441 στυγνὸς

1512 2463 1639 2516 ἀλλὰ
1685 2467 1742 2516 τὸ
1800 2469 2032 2516 τοιοῦτον
2089 2463 2302 2533 στυγνὸν
2354 2461 2401 2514 ἐν
2453 2469 2564 2524 τοῖς
2624 2459 2834 2527 δεινοῖς,
2891 2467 3044 2534 φησὶ,
3103 2458 3325 2535 φαιδρὸν
3382 2467 3489 2523 τοῖς
3550 2463 3908 2533 στρατιώταις

872 2559 968 2603 Σοῦ
1025 2548 1084 2604 δὲ
1133 2556 1224 2605 καὶ
1276 2557 1362 2605 τὸν
1419 2551 1497 2604 ἀεὶ
1544 2555 1633 2626 μὲν
1685 2555 1874 2626 χρόνον
1931 2553 2188 2626 ὁρωμένου
2251 2555 2340 2603 καὶ
2397 2553 2766 2624 φθεγγομένου,
2820 2548 3042 2625 φαιδραὶ
3106 2559 3216 2612 τοῖς
3285 2547 3674 2625 προσομιλοῡσι
3729 2567 3906 2621 προσ-

549 2638 728 2709 εγέλων
778 2641 832 2691 αἱ
879 2642 1132 2714 χάριτες·
1187 2637 1506 2714 διεφαίνοντο
1561 2637 1620 2694 δὲ
1689 2638 1838 2693 οὐδὲν
1905 2642 2078 2709 ἧττον,
2138 2644 2226 2692 καὶ
2283 2642 2364 2692 ὅτε
2418 2639 2560 2712 ζήλῳ
2626 2637 2816 2712 δικαίῳ
2873 2642 3280 2716 παρεθερμαίνου
3337 2641 3470 2692 κατὰ
3523 2646 3621 2691 τῶν
3677 2639 3902 2710 μοχθη-

548 2731 767 2800 ροτέρων
828 2734 917 2781 xui
980 2726 1229 2802 δεομένων
1281 2734 1609 2806 τραχυτέρας
1670 2738 1765 2790 τῆς
1821 2728 2204 2802 ἐμϐριμήσεως.
2257 2735 2357 2782 Καί
2421 2732 2518 2782 πού
2589 2750 2666 2790 τις
2719 2728 3167 2803 ἐπιπληττόμενος,
3236 2735 3306 2803 μὴ
3371 2734 3508 2787 πὴνυ
3564 2748 3614 2780 τι
3684 2723 3904 2786 συώδης

546 2819 612 2867 ὤν
694 2821 787 2876 τὴν
867 2818 1074 2890 ψυχὴν,
1143 2821 1294 2878 ἧττον
1362 2816 1532 2872 ἐδόκει
1593 2816 1877 2872 δάκνεσθαι
1949 2819 1978 2878 η
2035 2815 2280 2885 ἣδεσθαι,
2362 2818 2602 2891 μέμψεων
2661 2818 2923 2871 ἐπακούων
3011 2819 3352 2891 γλυκυθύμων
3409 2818 3558 2870 πλέον
3653 2812 3746 2868 διὰ
3837 2817 3895 2865 τὸ

549 2907 758 2978 εὔχαρι,
817 2907 847 2964 ἢ
903 2905 1208 2981 δακεθύμων
1259 2907 1352 2961 διὰ
1399 2913 1458 2961 τὸ
1512 2907 1758 2980 ἐπίχολον
1799 2925 1812 2938 ·
1867 2912 1956 2960 καὶ
2015 2903 2196 2981 ῥόδοις
2254 2912 2490 2982 χαρίτων
2546 2911 2760 2960 πνέουσι
2805 2910 3116 2978 πάττεσθαι,
3175 2907 3205 2965 ἣ
3259 2912 3483 2983 κέντροις
3533 2906 3901 2976 ἐπιστρέφουσι

550 2993 854 3067 βάλλεσθαι.
883 2999 1058 3057 Οὕτως
1089 3001 1204 3050 οὔτε
1251 3001 1308 3050 τὸ
1339 3001 1526 3072 χάριέν
1570 3017 1664 3050 σου
1695 2998 1937 3072 ἄκεντρον
1977 2994 2038 3054 ἦν
2071 2995 2347 3068 (ἀνειμένον
2391 2999 2490 3071 γὰρ
2537 2995 2598 3048 ἂν
2630 2994 2710 3064 ἧν,
2760 3002 2849 3049 καὶ
2893 3001 3020 3070 πρὸς
3061 2999 3331 3049 νουθεσίαν
3383 2995 3744 3070 ἀμϐλύτερον),
3787 2995 3904 3044 οὔτε

550 3087 607 3135 τὸ
671 3086 1076 3160 παροξυνόμενον
1134 3088 1304 3161 ἄχαρι
1358 3095 1431 3157 τῷ
1484 3107 1658 3139 παντι·
1713 3086 1984 3161 Ἐκάτερον
2051 3081 2110 3138 δὲ
2191 3081 2264 3136 δι’
2324 3085 2564 3159 ἐκατέρου
2639 3092 2969 3160 περιχωροῦν
3041 3088 3234 3159 ἄριστα
3312 3089 3623 3160 κεκραμένον
3702 3081 3906 3154 ἐγκατε-

548 3178 783 3245 μέμικτο.
827 3176 1028 3228 Ούκοῦν
1056 3181 1171 3229 τίνα
1200 3185 1299 3229 τῶν
1341 3184 1464 3243 σῶν,
1499 3177 1590 3228 εἴθ’
1628 3178 1728 3228 ὅσα
1757 3172 2112 3235 σπουδάζοντί
2143 3194 2227 3226 σοι
2264 3179 2572 3241 πεπόνηται,
2608 3177 2707 3227 εἴτε
2739 3174 3058 3247 σχολάζοντι
3114 3178 3401 3227 πέπαικται
3446 3176 3760 3247 χαριέντως,
3814 3171 3907 3224 οὐκ

551 3261 647 3313 ανὰ
668 3267 834 3334 στόμα
859 3273 966 3327 τοῖς
992 3265 1278 3338 φιλολόγοις
1306 3271 1555 3340 φερόμενα
1584 3263 1922 3339 περιάδονται
1946 3282 1960 3334 ;
1993 3271 2089 3316 Ὤν
2113 3262 2204 3315 οὐκ
2237 3262 2386 3335 ὀλίγα
2405 3265 2534 3315 κάπὶ
2555 3270 2668 3324 ταῖς
2699 3262 2912 3337 ἀγοραῖς
2939 3268 3029 3316 καί
3055 3260 3288 3337 τριόδοις
3318 3262 3545 3317 ἀκούσαι
3600 3281 3681 3324 τις
3723 3263 3797 3322 ὡς
3842 3261 3909 3313 τὰ

553 3349 888 3424 παροιμιώδη
914 3353 1335 3428 περιλαλούμενα.

625 3439 793 3494 Tanti
838 3444 894 3496 et
923 3445 1044 3496 tam
1092 3441 1240 3498 boni
1270 3443 1382 3498 viri
1424 3446 1680 3498 mortem
1700 3441 1898 3498 luctus
1926 3441 2202 3496 omnium
2233 3441 2273 3495 C

555 3525 772 3582 civium
807 3533 1013 3584 secuta
1061 3533 1167 3595 est,
1204 3530 1538 3602 praesertim
1568 3531 1698 3600 ejus
1747 3529 1912 3585 urbis
1947 3545 2103 3601 quae,
2135 3531 2200 3584 ut

553 3630 707 3670 uxor
726 3616 938 3672 marito
955 3616 1374 3689 privata,luctu
1391 3633 1681 3690 oppressa
1699 3619 1868 3674 humi
1883 3617 2067 3683 sedet,
2081 3617 2204 3673 imo

553 3719 733 3761 omne
762 3706 1032 3763 solamen
1061 3722 1348 3763 recusans
1375 3707 1437 3763 in
1457 3707 1722 3762 defuncti
1751 3707 2048 3762 tumulum
2065 3722 2205 3779 pro-

549 3793 710 3864 jecta
733 3795 883 3851 adeo
915 3796 1158 3852 moerori
1187 3795 1459 3868 indulget
1481 3799 1546 3851 ut
1573 3795 1856 3868 lacrymre
1895 3795 2082 3868 ipsius
2111 3810 2206 3864 ge-

551 3899 664 3939 nas
709 3891 1036 3956 permeent,
1090 3889 1156 3942 ut
1215 3901 1355 3941 cum
1402 3885 1656 3941 leremia
1713 3885 1926 3957 loquar
1959 3887 2002 3941 ³.
2069 3885 2205 3940 Jam

554 3973 715 4028 enim
757 3990 982 4031 corona
1003 3975 1081 4031 ab
1115 3976 1245 4047 ejus
1277 3976 1468 4047 capite
1500 3974 1751 4047 delapsa
1777 3977 1923 4042 erat,
1971 3977 2026 4029 et
2053 3989 2206 4029 uxor

553 4060 858 4118 inhumari
895 4081 1080 4136 quam
1112 4065 1369 4135 conjuge
1397 4064 1621 4137 privari
1652 4062 1955 4132 malebat;
1989 4064 2110 4119 imo
2153 4063 2206 4119 si

550 4149 812 4217 daretur,
848 4168 910 4207 se
945 4153 1141 4225 ipsam
1181 4153 1396 4209 marito
1448 4152 1784 4208 sacriﬁcare
1810 4155 2023 4224 parata
2054 4155 2198 4216 erat,

551 4242 616 4294 ut
635 4239 800 4310 apud
822 4242 1273 4314 Xenophontem
1300 4241 1565 4298 Panthea
1592 4258 1746 4298 uxor
1775 4241 1974 4298 mariti
1995 4255 2205 4298 aman-

550 4326 804 4384 tissima.

2380 3439 2607 3503 Εἰκότως
2653 3437 2741 3493 οὖν
2781 3439 2864 3494 ἐπὶ
2911 3442 3143 3512 τοσούτῳ
3181 3444 3271 3494 καὶ
3317 3441 3480 3502 οὕτως
3510 3438 3690 3512 ἀγαθῷ
3749 3432 3908 3509 ἀνδρὶ

2307 3535 2398 3582 καὶ
2494 3529 2786 3602 κοινωφελεῖ
2864 3531 3248 3588 τετελευτηκότι
3323 3532 3489 3582 κοινὸν
3568 3532 3659 3580 καὶ
3725 3527 3909 3585 πένθος

2311 3620 2548 3671 ἁπάντων
2593 3621 2869 3672 καθίκετο’
2924 3618 3156 3691 μάλιστα
3220 3616 3280 3672 δὲ
3334 3627 3429 3681 τῆς
3497 3614 3635 3671 ἴδιον
3707 3615 3907 3686 ἀγαθὸν

2308 3707 2577 3780 λαχούσης
2633 3708 2818 3762 ἐκεῖνον
2875 3708 3085 3776 πόλεως,
3155 3711 3185 3770 ἦ
3255 3713 3344 3762 καὶ
3412 3717 3520 3777 νῦν,
3579 3709 3757 3781 ὥσπερ
3827 3725 3908 3766 τις

2309 3803 2514 3870 γενναία
2590 3802 2719 3870 γυνὴ
2779 3800 3088 3871 παρθενικόν
3167 3798 3330 3860 αὐτῆς
3391 3795 3560 3870 ἄνδρα
3615 3797 3902 3864 πενθοῦσα,

2309 3888 2536 3945 κάθηται
2594 3892 2792 3960 χαμαὶ,
2845 3886 3033 3960 μᾶλλον
3089 3884 3148 3940 δὲ
3192 3892 3310 3963 περὶ
3367 3889 3454 3939 τὸν
3507 3882 3907 3959 πολυδάκρυτον

2308 3978 2466 4049 τάφον
2514 3973 2858 4050 κυλινδομένη
2911 3977 3318 4051 κατολοφύρεται
3379 3974 3754 4051 ἃραράκληταο
3817 3977 3908 4024 xui

2309 4067 2374 4118 τὰ
2448 4062 2656 4137 δάκρυα
2749 4066 2928 4134 αὐτῆς,
3025 4069 3161 4119 εἴποι
3253 4065 3313 4117 ἂν
3395 4065 3641 4138 Ἱερεμίας
3719 4081 3908 4114 κατοι-

2309 4159 2517 4228 κτείρων
2576 4155 2734 4214 αύτῆν
2803 4159 2866 4216 ὡς
2918 4159 3011 4214 τὴν
3077 4156 3237 4208 πάλαι
3290 4159 3437 4222 Σιὼν,
3498 4153 3581 4206 ἐπὶ
3648 4156 3906 4224 σιαγόνων

2309 4242 2490 4305 αὐτῆς.
2538 4242 2726 4296 Ἐτεσε
2773 4245 2872 4317 γὰρ
2927 4245 2952 4296 ό
3003 4249 3250 4316 στέφανος
3300 4253 3396 4306 τῆς
3433 4241 3657 4315 κέφαλῆς
3716 4240 3900 4306 αὐτῆς,

2306 4333 2398 4383 καὶ
2457 4334 2552 4390 τὴν
2622 4332 2784 4391 αὐτὴν
2845 4328 3102 4385 ὑποδῦναι
3162 4341 3260 4405 γῆν
3318 4335 3418 4410 πρὸ
3474 4338 3564 4385 τοῦ
3628 4337 3900 4405 περιεῖναι,

551 4420 864 4489 μονουμένης
902 4416 1113 4484 ἐκείνου,
1136 4420 1352 4472 τίθεται.
1385 4419 1446 4471 Εἰ
1473 4416 1524 4473 δ’
1553 4418 1690 4486 ἐξῆν,
1723 4418 1816 4472 κᾶν
1849 4418 2125 4493 ἐπέσφαξεν
2157 4417 2342 4480 ἑαυτὴν
2367 4428 2438 4493 τῷ
2463 4416 2635 4496 ἀνδρὶ,
2665 4423 2734 4484 ὡς
2771 4423 2800 4480 ἠ
2833 4425 2976 4496 παρὰ
3012 4429 3085 4494 τῷ
3115 4423 3395 4496 Ξενοφῶντι
3423 4420 3558 4480 καλὴ
3593 4424 3683 4473 καὶ
3723 4419 3903 4494 φίλαν·

553 4501 676 4578 δρος
706 4507 950 4562 Πάνθεια.

623 4595 756 4650 Haec
790 4593 910 4650 fere
930 4598 1128 4651 autem
1144 4594 1358 4665 lugens
1373 4611 1743 4669 gemensque
1764 4595 1994 4653 dixerit:
2017 4618 2044 4646 «
2063 4597 2204 4662 Quis

553 4682 679 4739 sine
702 4684 926 4754 gemitu
957 4684 1279 4757 profundo,
1298 4685 1434 4757 quis
1456 4686 1584 4741 sine
1607 4686 1890 4758 lacrymis
1921 4687 2198 4743 nuntium

551 4771 800 4831 allatum
823 4774 1119 4831 audiverit
1134 4773 1258 4830 ?Me
1283 4774 1600 4831 miseram!
1627 4775 1783 4830 Obiit
1803 4778 2009 4846 pastor
2037 4790 2199 4844 egre-

553 4862 685 4933 gius
710 4863 814 4936 qui
846 4865 1032 4920 vitam
1071 4878 1180 4936 pro
1226 4879 1322 4919 me
1346 4862 1538 4931 dedit;
1567 4862 1822 4920 decessit
1845 4863 1931 4919 vir
1961 4864 2200 4936 sapiens

552 4951 658 5021 qui
688 4950 1049 5007 multimoda
1073 4949 1284 5007 virtute
1305 4950 1563 5017 valebat,
1581 4951 1822 5006 antistes
1852 4967 2043 5022 meus,
2070 4967 2200 5009 ma-

554 5053 708 5108 gnus
755 5040 1117 5108 Eustathius,
1145 5055 1371 5096 nomen
1411 5038 1848 5110 venerandum,
1894 5040 2202 5097 celeberri-

553 5127 756 5183 mum!
792 5130 876 5183 Me
924 5128 1212 5184 miseram
1267 5144 1404 5201 quae
1461 5143 1759 5201 sponsum
1805 5128 2060 5200 perdidi,
2105 5129 2203 5186 cui

552 5215 866 5287 quondam
918 5216 1163 5274 feliciter
1204 5221 1396 5290 nupta
1437 5217 1541 5288 fui,
1596 5221 1652 5273 et
1698 5215 1802 5289 qui
1849 5216 1997 5272 mihi
2039 5233 2201 5275 nunc

553 5307 746 5360 morte
776 5309 1013 5378 ereptus
1045 5309 1170 5374 est;
1199 5305 1304 5378 qui
1332 5321 1546 5378 nuper,
1591 5309 1657 5362 ut
1695 5321 1835 5362 cum
1864 5305 2085 5363 Davide
2115 5307 2199 5365 lo-

553 5408 710 5467 quar
729 5395 772 5461 3,
823 5394 1114 5452 vestiebat
1153 5409 1251 5452 me
1281 5397 1527 5452 coccino
1555 5394 1617 5452 in
1642 5394 1867 5453 deliciis
1895 5400 1953 5455 et
1973 5397 2202 5472 prrebe-

626 5573 648 5609 ³
675 5573 891 5636 Jerem.
915 5589 994 5644 ix,
1032 5577 1117 5634 l8.
1233 5575 1257 5612 ³
1286 5573 1444 5635 Psal.
1473 5589 1627 5648 κων,
1659 5578 1744 5636 to.

2387 4598 2508 4672 ’Ἄγε
2536 4603 2638 4673 μὴν
2672 4598 2974 4675 ἐξάρχουσα
3023 4608 3116 4654 τοῦ
3167 4603 3354 4675 θρήνου
3405 4603 3538 4655 εἴποι
3568 4602 3630 4654 ἄν
3673 4639 3686 4654 .
3746 4621 3767 4650 ι
3811 4601 3897 4659 Τίς

2311 4688 2512 4741 ἁκούων
2569 4687 2663 4741 ούκ
2707 4687 2766 4740 ἂν
2815 4688 3138 4753 ἐπιστενάξοι
3186 4689 3356 4766 βαρὺ,
3416 4695 3505 4744 καί
3551 4690 3898 4763 πολύκρουνον

2310 4773 2614 4830 έπισπένδοι
2668 4773 2928 4852 δάκρυον;
2983 4778 3212 4832 Τάλαινα
3275 4777 3375 4852 ἐγώ
3407 4795 3420 4811 ⁶
3481 4782 3689 4851 οἴχεταί
3734 4797 3825 4852 μοι
3873 4777 3899 4829 ὁ

2308 4865 2464 4928 καλὸς
2523 4871 2747 4940 ποιμὴν,
2817 4868 2842 4919 ό
2909 4871 3003 4927 τὴν
3073 4867 3260 4941 ψυχὴν
3331 4871 3458 4944 ύπὶρ
3526 4867 3649 4941 ἐμοῦ
3715 4869 3900 4929 τιθείς.

2307 4958 2531 5026 Οῖχεταί
2559 4974 2649 5028 μοι
2679 4957 2704 5008 ὁ
2755 4960 2934 5030 σοφὸς,
2966 4958 2992 5009 ὀ
3048 4957 3209 5021 πολὺς
3258 4963 3507 5012 παντοίαν
3537 4955 3744 5031 ἀρετὴν,
3783 4955 3904 5029 ἐμὸς

2307 5041 2622 5120 ἀρχιερεὺς,
2689 5045 2715 5097 ὁ
2783 5049 2946 5118 μέγας
2999 5046 3308 5116 Εύστάθιος,
3365 5046 3548 5120 οἵμοιῖ
3600 5049 3659 5099 τὸ
3719 5049 3906 5118 σεμνὸν

2304 5136 2392 5185 xui
2437 5133 2791 5207 πολυύμνητον
2854 5139 3035 5208 ὄνομα.
3090 5135 3254 5210 ’Ὠμοι
3292 5145 3353 5209 τῇ
3407 5133 3692 5206 δυστήνῳῐ
3745 5141 3907 5208 φροῦ-

2309 5217 2398 5284 δος
2426 5223 2451 5275 ὁ
2498 5222 2648 5284 καλὸς
2691 5228 2905 5296 νυμφίος
2964 5223 3108 5298 ἐμοῦ,
3247 5224 3412 5278 πάλαι
3451 5229 3540 5299 μὲν
3581 5225 3682 5277 ὑπὸ
3726 5242 3907 5296 νυμφα

2306 5317 2463 5383 γωγῷ
2510 5320 2583 5384 τῷ
2647 5315 2902 5386 πνεύματι
2946 5313 3184 5386 εὐτυχῶς
3231 5317 3524 5388 ἣρμοσμαι,
3557 5320 3646 5365 νῦν
3695 5309 3753 5365 δὲ
3803 5314 3905 5365 θα-

2305 5401 2442 5473 νάτῳ
2517 5397 2825 5475 διέζευγμαι
2889 5399 3302 5476 δυστυχέστατα
3355 5421 3372 5441 ο
3429 5403 3482 5467 ὃς
3535 5404 3755 5474 ἔναγχος
3811 5403 3907 5474 μὲν
