4168 6290
211 221 295 276 353
1236 203 1556 278 tioNon‘iA
1595 219 1667 279 IN
1714 206 2151 281 EUSTA’l‘HIUM
2197 211 2524 283 THESSAL.

3457 223 3564 289 334

207 343 477 415 (χρησοίτω
546 345 652 418 γάρ
711 363 804 418 μοι
832 347 923 398 καὶ
972 340 1138 397 Δαυὶδ
1180 344 1235 398 ἐκ
1290 353 1390 398 τῶν
1443 345 1627 400 ἑαυτοῦ
1677 349 1800 422 θρη-

1912 347 2019 406 bat
2038 353 2396 407 ornamenta
2422 364 2606 406 aurea
2625 348 2807 406 cultui
2821 363 2980 415 meo,
3000 349 3062 406 id
3083 351 3174 408 est
3191 351 3564 410 orationibus

207 433 316 502 νων)
368 429 686 487 ἓνεδίδυσκέ
731 454 797 507 με
847 438 1080 488 κόκκινον
1137 440 1228 488 καὶ
1288 444 1526 512 χρυσοῦν
1583 443 1802 511 κόσμον,

207 525 307 582 τοὺς
346 521 742 595 πολυτιμήτους
801 526 1022 586 ἐκείνους
1091 529 1181 577 καὶ
1255 523 1522 602 λαμπρούς
1596 525 1800 599 λόγους·

207 617 283 662 νῦν
357 607 420 663 δὲ
491 619 795 673 σιωπῶντος
867 611 1323 686 ἀποκεκόσμημαι,
1414 619 1503 668 καὶ
1595 620 1806 688 ὄρφνινα

207 698 598 772 περιϐέϐλημαι,
669 705 761 754 καὶ
827 703 913 755 οἶα
993 702 1380 776 καταμελαίνειν
1462 701 1599 758 οἶδεν
1673 707 1801 779 ὑπὲρ

207 794 368 841 πᾶσαν
395 787 632 848 ἀσϐόλην
662 791 692 849 ἡ
723 787 1019 862 λιγνυώδης
1057 796 1145 846 καὶ
1170 795 1411 869 καπνηρὰ
1447 802 1542 857 τῆς
1582 798 1803 868 χηρείας

207 879 427 949 κάμινος.
514 882 601 936 Μὴ
689 878 1117 951 εύαγγιλισοίσθω
1181 900 1263 943 τις
1337 889 1399 954 τῇ
1467 881 1795 957 πρεσϐυτάτη

205 964 363 1036 Ῥώμη
432 970 520 1020 τόν
579 966 877 1022 Εύσταθίου
940 973 1116 1043 μόρον,
1176 966 1308 1042 μηδ’
1365 968 1654 1042 ἀγγειλάτω
1689 978 1800 1033 ταῖς

211 1053 290 1107 ὑπ’
343 1055 499 1114 αὐτὴν
551 1055 838 1120 Ἰταλικαῖς
896 1057 1098 1128 πόλεσι,
1143 1063 1342 1132 μήποτε
1398 1058 1696 1132 ἐφησθωσιν
1752 1063 1800 1114 οἱ

219 1143 452 1208 ἀλαζόνες
511 1151 597 1199 καὶ
673 1148 1016 1222 ὑπερήφανοι,
1059 1153 1150 1202 καὶ
1188 1151 1282 1212 τὰς
1326 1147 1409 1203 ἐπὶ
1458 1146 1801 1224 δογματικοῖς

213 1233 539 1307 προϐλήμασι
623 1231 960 1299 διαλεκτικὰς
1055 1237 1345 1313 προσϐολὰς
1437 1241 1796 1316 θαρσησωσιν,

208 1322 264 1383 ἇς
299 1328 498 1395 τῳτέως
547 1323 1024 1400 ἀντιπεριίσταντο,
1055 1330 1113 1379 τὸ
1168 1335 1261 1390 τῆς
1319 1326 1512 1381 ἐκείνου
1568 1329 1800 1402 γλώττης

207 1414 409 1485 ἄμαχον
477 1415 818 1488 ὑφορώμενοι.
905 1419 1172 1469 Πέπτωκεν
1240 1415 1392 1492 ἀνὴρ,
1467 1419 1528 1470 οὔ
1596 1426 1698 1481 πᾶς
1773 1421 1798 1473 ό

203 1504 388 1573 κόσμος
427 1501 525 1554 οὐκ
566 1499 628 1561 ἦν
685 1502 852 1566 ἄξιος
891 1507 1144 1576 πέπτωκε,
1188 1504 1306 1577 φεῦὶ
1341 1507 1366 1558 ὁ
1409 1507 1682 1581 ὑπανέχων
1713 1528 1794 1581 με,

203 1590 412 1663 όφίρων
464 1590 624 1662 ὑψοῦ.
670 1597 768 1645 Καὶ
818 1601 922 1654 πῶς
978 1593 1072 1654 οὐκ
1121 1590 1230 1652 ἤδη
1279 1603 1540 1669 πεσοῦμαι
1593 1594 1800 1652 δειλαία

1912 437 2434 510 splendidissimis.
2464 441 2630 495 Nunc
2659 443 2863 496 autem
2892 439 2997 496 ubi
3025 439 3173 507 silet,
3209 447 3563 500 ornamento

1912 531 2112 596 exuta,
2176 527 2361 599 nigris
2425 526 2638 584 induta
2672 527 2941 584 vestibus
2989 528 3204 586 incedo
3226 533 3284 586 et
3311 530 3563 602 caligine

1911 615 2213 672 viduitatis
2239 617 2406 672 omni
2443 615 2754 688 nigredine
2775 617 3007 678 ,atriori.
3037 616 3204 674 Absit
3227 622 3293 675 ut
3306 619 3443 691 quis
3465 634 3564 676 ve-

1909 705 2016 761 teri
2068 709 2268 762 Romae
2325 711 2428 763 aut
2485 706 2712 763 caeteris
2770 707 2948 764 Italia:
2996 707 3247 764 urbibus
3277 709 3564 766 Eustathii

1907 800 2165 852 mortem
2193 800 2260 852 ut
2296 795 2506 853 laetum
2535 796 2746 854 afferat
2769 797 3070 868 nuntium,
3113 813 3187 853 ne
3227 798 3470 870 superbi
3508 803 3566 855 et

1906 882 2096 940 invidi
2124 884 2200 940 de
2227 884 2574 942 calamitate
2616 889 2824 942 nostra
2853 884 3156 956 gaudeant
3185 891 3242 942 et
3282 901 3442 944 novo
3473 902 3565 943 ar-

1907 971 2052 1029 dore
2081 972 2222 1029 fidei
2268 973 2570 1046 quosdam
2607 973 3036 1044 aggrediantur
3066 973 3366 1041 articulos,
3397 973 3564 1046 quod

1906 1060 2222 1134 hucusque
2251 1062 2446 1118 facere
2471 1061 2603 1119 ausi
2629 1077 2755 1118 non
2785 1066 2945 1132 sunt,
2964 1062 3254 1119 Eustathii
3283 1062 3565 1135 eloquen-

1909 1150 2052 1208 tiam
2075 1151 2375 1207 victricem
2405 1151 2696 1208 timentes.
2749 1151 2842 1207 Sic
2890 1149 2982 1207 vir
3011 1166 3043 1207 e
3095 1149 3244 1207 vivis
3293 1151 3560 1221 secessit,

1907 1257 2030 1312 quo
2053 1245 2212 1299 totus
2251 1258 2375 1299 non
2397 1242 2616 1314 dignus
2642 1246 2769 1300 erat
2789 1241 3076 1298 mundus.
3110 1242 3308 1299 Eheu!
3347 1242 3566 1299 occidit

1905 1331 2254 1404 przesidium
2283 1347 2509 1388 meum.
2539 1334 2606 1388 Et
2631 1331 2942 1405 quomodo
2973 1335 3211 1401 egomet
3234 1330 3416 1388 rebus
3461 1331 3563 1388 de-

1907 1421 2159 1493 speratis
2189 1420 2323 1494 ipsa
2358 1437 2481 1479 non
2512 1419 2731 1480 cadam
2751 1421 2778 1476 ?
2810 1420 2926 1477 Diri
2954 1421 3207 1493 posthac
3227 1420 3444 1477 ﬂuctus
3464 1435 3562 1477 me

1904 1510 2366 1583 propugnaculo
2409 1511 2707 1584 privatam
2738 1509 3064 1580 vexabunt,
3085 1509 3193 1583 qui
3223 1513 3398 1566 antea
3437 1525 3564 1567 sco-

1905 1598 2061 1671 pulis
2080 1599 2232 1656 allisi
2251 1600 2311 1656 in
2330 1615 2580 1674 spumas
2603 1599 2878 1656 abierant
2895 1599 2907 1654 l
2933 1598 3104 1664 Quod
3123 1603 3363 1670 pratum
3380 1613 3563 1655 amaz-

201 1684 283 1731 καὶ
341 1678 501 1747 αὕτη,
567 1681 996 1744 ὑποσπασθέντος
1061 1689 1152 1735 τοῦ
1228 1681 1633 1760 ὑπερείδοντοςς
1708 1692 1796 1749 Τίς

1909 1702 2050 1744 num
2105 1704 2268 1745 mors
2321 1688 2592 1760 vastavit,
2626 1687 2794 1761 quod
2818 1686 3044 1744 bellum
3073 1687 3359 1755 Siculum,
3396 1686 3566 1760 quod

201 1767 286 1818 οὐκ
343 1766 615 1822 ἐπικλύσει
677 1788 739 1842 με
802 1769 1046 1844 φλοῖσϐος
1119 1771 1389 1846 ὑϐριστὴς,
1473 1779 1560 1828 τόν
1633 1779 1795 1849 μέγαν

200 1854 618 1930 ἀποϐεϐλημένην
695 1859 985 1933 προϐλῆτα,
1068 1866 1186 1934 περὶ
1261 1862 1314 1914 ὃν
1388 1863 1520 1925 ἄπας
1593 1863 1796 1920 κλύδων

201 1949 588 2020 προσαρασσων
655 1948 729 2010 εἰς
792 1947 953 2023 ἀφρόν
1018 1946 1285 2019 διελύετο;
1328 1951 1398 2005 ’Ὠ
1432 1954 1537 2006 οἷον
1575 1953 1798 2029 λειμῶνα

196 2042 430 2111 χαρίτων
501 2039 720 2100 θάνατος
789 2037 1201 2114 ἐπιστρατεύσας
1270 2037 1500 2115 ἐδῄωσεν
1575 2044 1635 2096 οὗ
1707 2050 1797 2098 καὶ

198 2124 451 2187 Σικελικὸς
508 2126 750 2199 πόλεμος,
802 2131 988 2204 καίπερ
1067 2125 1380 2202 διαφθείρων
1460 2133 1631 2186 πάντα
1687 2135 1798 2187 Θεῖοί

195 2233 242 2266 τι
305 2219 398 2268 καὶ
471 2213 771 2290 ἀνθρώπίνα
855 2219 1162 2291 πράγματα,
1222 2221 1286 2279 ὡς
1369 2217 1643 2292 ἀψαύστου
1707 2228 1797 2276 καὶ

200 2306 330 2378 ἱεροῦ
373 2323 514 2368 τινος
574 2303 764 2367 ἄλσους
813 2303 1086 2378 ἐφείσατοε
1141 2306 1210 2360 Ὦ.
1250 2309 1354 2362 οἷον
1399 2313 1561 2384 μύρον
1617 2318 1797 2385 σοφίας

197 2393 261 2456 εἰς
324 2390 504 2466 ἄρδην
564 2393 921 2469 κατέῥρευσεν,
981 2395 1136 2472 οὗπερ
1202 2405 1274 2467 τῷ
1341 2408 1645 2476 μαρτυρικῶ
1695 2421 1795 2475 μου

195 2486 356 2554 τούτῳ
424 2488 897 2557 προσεπιπνέοντος
940 2481 1163 2543 ἣδιστον
1220 2485 1292 2548 εἰς
1347 2484 1517 2560 ὀδμὴν
1581 2497 1680 2552 πᾶς
1716 2509 1796 2554 τις

195 2570 466 2643 φιλόκαλος
525 2571 697 2626 ἓθεενῐ
740 2573 874 2644 Ἐγώ
927 2569 985 2626 δὲ
1034 2577 1170 2627 κατὰ
1199 2579 1293 2634 τὴν
1332 2574 1380 2627 ἐν
1418 2578 1626 2650 ἄσμασι
1661 2582 1797 2652 νύμ-

194 2681 289 2732 φην
331 2659 382 2712 ἦν
433 2663 619 2733 μύροις
668 2659 1040 2735 ἐστηριζόμην,
1078 2667 1166 2716 καὶ
1204 2667 1388 2739 μύροις
1442 2662 1666 2739 διπλοῖς,
1725 2677 1798 2740 τῷ

192 2767 245 2803 τε
306 2747 391 2820 ἀφ’
456 2751 696 2822 αἱμάτων
761 2760 1094 2824 μαρτυρικῶν
1158 2757 1244 2806 καὶ
1308 2761 1379 2826 τῷ
1451 2753 1505 2818 ἐξ
1567 2753 1798 2830 ἱδρώτων

198 2835 584 2911 ἀρχιερατικῶν
655 2835 1006 2911 ἀπατμίζοντι
1038 2861 1051 2875 ·
1127 2845 1217 2894 καὶ
1291 2851 1382 2903 τῆς
1448 2841 1536 2895 ἀπ’
1611 2843 1800 2918 ἀμφοῖν

200 2922 419 2987 εὐωδίας
470 2933 732 3000 Χριστοῦ,
764 2929 902 2981 κατά
951 2927 1174 2998 Παῦλον,
1223 2932 1351 3002 χθὲς
1405 2933 1474 2993 εἰς
1500 2936 1590 3005 μὲν
1635 2933 1798 3006 ὀσμὴν

1905 1776 2110 1834 omnia
2135 1777 2338 1835 divina
2380 1781 2435 1833 et
2462 1777 2734 1834 humana
2768 1776 3022 1834 aediﬁcia
3066 1775 3382 1847 destruxit,
3437 1781 3564 1832 tan-

1905 1880 2092 1938 quam
2129 1865 2334 1923 lucum
2365 1865 2480 1922 diis
2527 1881 2767 1922 sacrum
2805 1865 3096 1922 intactum
3137 1865 3394 1937 reliquit.
3428 1865 3562 1920 Jam

1903 1957 2232 2028 pretiosum
2256 1954 2562 2027 sepientiaa
2577 1953 2925 2011 balsamum
2942 1953 3259 2026 profusum
3276 1958 3381 2024 est,
3398 1952 3563 2025 quod

1905 2044 2107 2101 odoris
2139 2043 2435 2101 suavitate
2467 2057 2679 2100 omnes
2706 2043 2810 2115 qui
2837 2058 2933 2098 res
2957 2045 3313 2115 praestantes
3357 2044 3565 2097 amant

1905 2132 2130 2204 allexit;
2185 2136 2243 2189 et
2294 2148 2367 2189 ex
2395 2135 2652 2203 utroque
2711 2144 2823 2201 ego
2851 2130 2979 2187 heri
3031 2129 3366 2185 secundum
3395 2127 3566 2184 Pauli

1903 2221 2088 2278 verba
2117 2221 2330 2279 Christi
2357 2220 2598 2276 dulcem
2632 2219 2882 2276 odorem
2916 2217 3054 2274 vitae
3096 2217 3368 2288 gustavi;
3400 2231 3564 2272 nunc

1907 2315 2105 2368 autem
2153 2309 2362 2366 mortis
2421 2307 2695 2365 horribili
2737 2307 2922 2364 odore
2977 2305 3260 2362 suffocor.
3303 2305 3454 2360 Cum
3493 2319 3564 2360 eo

1904 2399 2027 2456 vita
2051 2400 2334 2456 defuncto
2357 2414 2426 2455 os
2451 2398 2804 2468 gratiosum,
2833 2396 3300 2452 instrumentum
3325 2410 3566 2466 magna;

1904 2487 2213 2557 libertatis,
2242 2487 2450 2560 periit!
2507 2486 2691 2544 Labia
2723 2484 3065 2542 balsamica
3092 2485 3564 2553 obmutuerunt;

1905 2577 2114 2648 lingua
2141 2577 2450 2649 ignivoma
2497 2575 2782 2633 exstincta
2824 2579 2934 2632 est.
2967 2576 3010 2631 Ο
3036 2574 3270 2631 vultum
3291 2572 3565 2644 archety-

1907 2681 2054 2738 pum
2086 2681 2321 2721 summe
2355 2663 2793 2734 venerandum,
2825 2677 3149 2734 arcemque
3188 2660 3562 2734 prudentiae!

1909 2756 1952 2812 0
1978 2755 2184 2812 oculos
2209 2759 2531 2827 perpetuos
2559 2769 2715 2815 vera;
2744 2751 2958 2808 laetitiae
2987 2751 3238 2820 indices,
3261 2751 3365 2823 qui
3395 2765 3565 2806 vere-

1908 2843 2214 2910 cundiam,
2237 2842 2342 2914 qui
2363 2843 2696 2898 castitatem
2715 2839 3243 2908 demonstrabatis,
3269 2838 3414 2910 quid
3437 2853 3568 2894 eva-

1909 2931 2064 2988 sistis
2085 2933 2113 2987 ‘I
2143 2931 2384 2997 Adesto,
2418 2928 2818 3000 Philosophia,
2857 2928 3085 2992 adesto,
3120 2927 3449 2990 Rhetorica,
3485 2924 3564 2980 ab

201 3014 567 3089 ὤσφραινόμην
629 3015 789 3086 ζωῆς,
829 3023 917 3068 νῦν
983 3013 1042 3070 δὲ
1086 3019 1300 3092 ῥιγίστη
1377 3021 1596 3074 θανάτου
1656 3019 1794 3096 ὀδμῇ

1909 3020 2212 3078 Eustathio
2229 3023 2538 3090 tantopere
2561 3016 2864 3091 promota!
2888 3014 3193 3072 Adesdum
3216 3019 3279 3070 tu
3298 3029 3564 3086 quoque,

199 3106 265 3168 εἰς
315 3109 536 3160 θάνατον
587 3105 968 3180 ἀποπνίγομαι.
1021 3110 1142 3161 Οἶον
1193 3113 1362 3183 στόμα
1389 3113 1584 3187 χάρισι
1615 3112 1796 3188 βρύον,

196 3202 281 3248 καὶ
341 3195 646 3271 παρρησίας
704 3195 920 3268 εὐλόγου
975 3197 1203 3269 πελεκυς,
1262 3199 1468 3254 ὕστατα
1520 3206 1740 3275 μέμυκεν
1783 3205 1794 3259 ι

198 3286 296 3337 Οία
357 3289 525 3359 χάρις
581 3285 802 3358 χειλέων
865 3291 1146 3359 μυρίπνους
1193 3292 1418 3360 κέχυται
1463 3294 1599 3344 κατὰ
1650 3292 1795 3365 γῆςῙ

197 3376 296 3427 Οἴα
344 3375 561 3446 γλῶττα
619 3379 912 3448 πυρίπνους
964 3375 1300 3435 ἀπέσϐηκε·νί
1367 3379 1544 3439 Ἠλίκη
1611 3377 1795 3440 διέπτη

197 3464 376 3536 φωντξε
447 3463 520 3516 Ὠ
586 3471 784 3537 σχῆμα
847 3468 937 3516 καὶ
997 3470 1296 3540 πρόσωπον,
1360 3469 1798 3542 αύτοσεμνότητος

195 3553 426 3625 ἄγαλμα,
498 3552 772 3614 εὐλαϐείας
864 3552 1184 3628 ἀκρόπολιςῐ
1261 3555 1328 3610 Ὣ-
1400 3562 1627 3632 ὅμματα,
1704 3567 1797 3622 τῆς

198 3640 337 3695 ἔνδον
397 3643 673 3715 σταθηρᾱς
709 3641 939 3714 γαλήνης
991 3644 1220 3716 ἄγγελοι,
1263 3645 1302 3697 ὦ
1344 3643 1526 3710 αἰδοῦς
1588 3647 1796 3721 λύχνοι,

197 3730 233 3780 ὦ
286 3733 626 3804 σοφροσύνης
686 3729 931 3802 θάλαμοι,
990 3738 1090 3783 ποῦ
1163 3751 1286 3786 ποτε
1359 3737 1614 3806 οἴχεσθε;
1655 3735 1800 3808 Δεῡρ’

199 3819 284 3889 ἱθι,
321 3818 610 3890 φιλοσοφία
638 3823 823 3890 σεμνή.
864 3817 1007 3893 Δεύρ’
1046 3821 1142 3888 ἴθι,
1198 3817 1449 3892 χλιδῶσα
1497 3820 1571 3876 δι’
1613 3824 1800 3876 ἐκεῖνον

195 3909 473 3983 ῥητορική.
555 3910 893 3983 Παρομάρτει
958 3913 1048 3961 καὶ
1117 3913 1202 3977 σὺ,
1269 3917 1607 3985 γραμματικὴ
1674 3916 1804 3985 μετὰ

195 4007 382 4071 χοροῦ,
448 3999 577 4059 ὅσος
616 3995 908 4068 ἐγκύκλιος.
973 3997 1122 4050 Καλῶ
1181 4001 1283 4074 γὰρ
1337 4003 1470 4073 ὑμᾶς
1500 4004 1565 4063 ὡς
1617 4005 1800 4075 σοφὰς,

196 4090 324 4139 κατὰ
373 4089 466 4139 τόν
520 4092 815 4161 προφήτην,
849 4090 938 4138 καὶ
972 4088 1258 4162 θρηνούσας
1306 4090 1335 4148 ἡ
1390 4093 1799 4165 συνθρηνούσας,

1593 4183 1673 4234 ὅτι
1729 4185 1799 4255 μὴ

194 4261 338 4318 δυοῖν
393 4262 649 4337 ἁδελφαῖν
708 4263 1026 4338 ἐπιστήμαιν
1078 4270 1213 4320 κατὰ
1268 4271 1354 4321 τὸν
1409 4271 1538 4323 θεῖον
1596 4270 1802 4342 Ἰακὼϐ,

195 4177 254 4237 ὡς
308 4178 768 4250 συγχηρευούσας
834 4175 948 4248 ἐμοὶ
1001 4183 1222 4250 νυμφίου
1297 4188 1470 4233 κοινοῦ
1505 4201 1517 4214 ·

193 4353 296 4407 ἀλλ’
363 4354 588 4407 ἁπασῶν
651 4353 971 4417 ἁπαξαπλῶς
1032 4352 1092 4414 ἦν
1160 4355 1287 4432 ἀνὴρ
1337 4359 1362 4410 ό
1438 4357 1564 4434 ἀνὴρ
1596 4377 1610 4390 ⁸
1688 4357 1803 4413 οὐδ’

193 4444 369 4502 ἔθνους
422 4443 534 4504 ἑνός
596 4442 899 4518 φυλάρχους
957 4440 1186 4515 δώδεκα,
1227 4454 1326 4497 τῶν
1390 4442 1440 4500 δ’
1501 4451 1803 4522 ἑκασταχοῦ

195 4538 298 4589 τῆς
368 4530 662 4604 ’Ῥωμαῖκῆς
731 4531 905 4607 ἀρχῆς
983 4530 1180 4605 σχεδὸν
1236 4534 1449 4588 ἁπασῶν
1520 4535 1804 4597 ἐκκλησιῶν

202 4619 463 4691 ἡγεμόνας
513 4618 588 4674 δι’
652 4622 809 4674 αὐτόν
869 4621 1211 4680 ἐτεκνώσατο.
1282 4624 1441 4679 ⁶Ωστε
1505 4631 1594 4681 καὶ
1631 4630 1807 4692 πάσας

198 4705 480 4773 ἐκκλησίας
530 4713 600 4774 ὼς
650 4710 901 4784 ὀρφανίας
962 4717 1216 4786 προγόνου
1268 4722 1443 4767 κοινοῦ
1485 4719 1621 4768 κατὰ
1657 4717 1806 4789 λόγον

199 4799 506 4870 συγκαλέσω
564 4807 659 4852 τοῦ
712 4803 904 4873 θρήνου
968 4805 1426 4876 συναπαρχεσθαι,
1466 4809 1554 4858 καὶ
1592 4810 1692 4881 πρό
1751 4823 1808 4878 γε

193 4898 377 4942 πασῶν
441 4894 540 4946 τὴν
597 4888 971 4964 πρεσϐυτάτην
1022 4889 1236 4943 ἁπασῶν
1294 4897 1514 4969 μητέρα,
1545 4897 1639 4953 τὴν
1694 4898 1807 4947 νέαν

192 4984 338 5048 Σιών,
377 4981 449 5042 ὡς
516 4988 612 5032 τοῦ
668 4978 979 5049 καλλίστου,
1010 4981 1063 5032 ὃν
1125 4981 1326 5052 ἠγάπα,
1362 4987 1609 5046 πεσόντος
1675 4986 1810 5036 κατὰ

193 5071 286 5124 τήν
344 5072 684 5143 προφητικὴν
744 5067 983 5126 ἀπειλήν.
1063 5069 1214 5122 Οὕτω
1267 5072 1370 5144 γὰρ
1433 5076 1808 5148 τραγικώτερον

197 5165 588 5232 περιστήσομαι
655 5157 847 5212 κύκλον
908 5156 981 5219 εἰς
1029 5157 1302 5220 ξυναυλίαν
1370 5162 1580 5222 πένθους
1635 5168 1808 5214 κοινοῦ

191 5251 277 5301 καὶ
352 5254 606 5324 συμφορᾷ
687 5255 836 5322 κοινῇ
907 5250 1209 5320 πρέποντος.
1277 5247 1344 5302 Ἦ
1418 5269 1517 5303 που
1583 5254 1671 5304 καὶ
1746 5253 1810 5313 ὡς

185 5337 451 5414 Αἴγυπτος
489 5339 579 5395 ἐπὶ
621 5336 758 5393 πολὺ
803 5340 894 5393 τόν
945 5335 1136 5392 Ἰακὼϐ
1178 5344 1286 5402 τοῖς
1315 5342 1432 5414 περὶ
1468 5342 1556 5396 τὸν
1616 5340 1808 5414 Ἰωσὴφ

238 5520 268 5602 3
302 5522 531 5588 Jerem.
564 5535 648 5595 ιχ,
686 5520 780 5582 17.

1910 3109 2330 3178 Grammatica,
2361 3124 2500 3164 cum
2535 3106 2889 3163 satellitibus
2933 3104 3069 3160 tuis.
3104 3103 3567 3159 Lamentatrices

1906 3216 2015 3257 vos
2044 3204 2243 3256 statuo
2266 3196 2588 3268 sapientes,
2611 3194 2945 3251 secundum
2974 3193 3162 3250 verba
3189 3192 3500 3266 prophetae
3520 3192 3565 3259 ⁴,

1909 3293 1991 3360 ut,
2031 3287 2232 3344 viduae
2271 3301 2412 3341 cum
2467 3284 2590 3340 sitis
2621 3288 2678 3340 et
2715 3284 2883 3355 ipsae,
2915 3297 3211 3352 magnum
3268 3295 3566 3353 sponsum

1907 3392 2147 3434 mecum
2172 3373 2492 3448 plangatis.
2528 3377 2656 3430 Non
2686 3373 2845 3427 enim
2873 3375 3110 3426 tantum
3147 3369 3227 3426 ad
3253 3369 3440 3426 instar
3477 3371 3569 3426 Ja-

1910 3466 2045 3524 cobi
2074 3463 2452 3538 patriarchte,
2485 3461 2765 3518 scientias
2805 3461 3078 3530 geminas
3126 3474 3344 3514 uxores
3391 3457 3569 3514 duce-

1909 3556 2034 3622 bat,
2058 3554 2163 3610 sed
2192 3553 2467 3608 omnium
2493 3567 2613 3608 una
2637 3550 2890 3607 maritus
2923 3553 3078 3616 erat;
3111 3564 3222 3603 nec
3256 3547 3436 3603 unius
3459 3563 3567 3619 po-

1910 3643 2037 3717 puli
2065 3643 2248 3698 duces
2267 3656 2523 3698 numero
2543 3641 2775 3706 decem,
2807 3639 2912 3694 sed
2935 3637 3210 3694 omnium
3235 3635 3568 3708 provincia-

1909 3750 2044 3790 rum
2078 3735 2486 3788 Bomanarum
2516 3729 2701 3786 duces
2732 3728 3084 3801 procreavit.
3119 3729 3282 3781 Hanc
3313 3725 3393 3781 ob
3432 3741 3570 3781 cau-

1911 3838 2044 3878 sam
2057 3837 2265 3877 omnes
2277 3819 2544 3876 civitates
2565 3834 2678 3875 avo
2692 3816 3001 3874 communi
3012 3814 3256 3871 orbatas
3275 3813 3336 3868 in
3355 3812 3568 3884 spiritu

1911 3926 2178 3969 convoco
2221 3915 2287 3966 ut
2335 3907 2644 3980 planctum
2697 3921 2936 3962 mecum
2985 3903 3221 3970 ineant;
3282 3900 3388 3956 sed
3427 3905 3565 3956 ante

1911 4015 2121 4056 omnes
2141 3998 2414 4054 omnium
2439 3997 2677 4060 avitam,
2693 4008 2915 4049 novam
2939 3992 3198 4054 Sionem,
3223 3989 3396 4059 cujus
3417 4004 3567 4060 prae-

1913 4087 2316 4145 stantissimus
2377 4083 2539 4139 ﬁlius
2594 4082 2956 4152 (secundum
3003 4077 3313 4151 propheta:
3359 4076 3562 4146 verba)

1911 4191 2094 4250 quem
2124 4176 2298 4230 unice
2351 4170 2656 4241 diligebat,
2683 4168 2956 4225 decessit.
3004 4170 3090 4223 lta
3138 4165 3300 4222 enim
3347 4164 3568 4236 majori

1910 4265 2244 4336 lugentium
2271 4266 2510 4318 caterva
2541 4259 2794 4332 stipatus
2820 4272 2943 4328 ero,
2965 4261 3031 4314 ut
3053 4256 3115 4312 in
3143 4255 3450 4312 communi
3473 4271 3568 4311 ca-

1911 4354 2176 4412 lamitate
2206 4349 2504 4408 convenit.
2536 4346 3060 4414 Quemadmodum
3102 4344 3263 4400 enim
3302 4343 3569 4416 zEgyptii

1914 4459 2053 4502 cum
2079 4441 2338 4513 Josepho
2381 4438 2635 4510 ejusque
2667 4434 2896 4492 familia
2927 4433 3220 4491 Jacobum
3251 4433 3356 4488 diu
3401 4433 3569 4503 luge-

1912 4535 2078 4604 bant,
2106 4532 2188 4588 ita
2213 4529 2382 4586 multi
2411 4527 2592 4584 exteri
2622 4541 2760 4582 cum
2800 4523 3058 4580 Romaeis
3091 4522 3280 4580 salem
3329 4526 3568 4594 aposto-

1912 4625 2093 4682 licum
2125 4626 2317 4689 terrae,
2341 4617 2528 4674 solem
2571 4614 2833 4672 universi
2864 4613 3276 4684 evangelicum
3306 4612 3570 4685 quihinc

1912 4713 2053 4770 inde
2077 4709 2314 4766 virtutis
2337 4723 2408 4763 ac
2441 4703 2748 4776 sapientiae
2769 4701 3154 4775 splendorem
3177 4701 3450 4768 effundit,
3471 4701 3572 4757 de-

1917 4800 2136 4859 siderio
2168 4813 2277 4853 suo
2330 4797 2796 4868 prosequuntur.
2850 4791 2951 4846 llic
2994 4790 3155 4847 enim
3195 4789 3288 4845 sol
3331 4803 3453 4844 non
3491 4787 3572 4844 ad

1915 4907 2013 4949 me
2035 4889 2251 4953 solum,
2273 4885 2379 4941 sed
2402 4898 2508 4956 per
2528 4881 2872 4937 universam
2885 4878 3109 4935 almam
3127 4881 3345 4934 terram
3368 4875 3571 4932 radios

1917 4995 2062 5037 suos
2091 4975 2307 5033 emisit.
2341 4975 2507 5028 Nunc
2530 4975 2755 5039 autem,
2782 4967 2890 5024 ubi
2916 4965 3257 5023 communis
3296 4964 3571 5020 omnium

1916 5071 2144 5143 pharus
2203 5061 2494 5121 exstincta
2535 5058 2712 5131 jacet,
2768 5055 2962 5127 caligo
3013 5069 3139 5111 non
3187 5053 3411 5120 brevis,
3462 5053 3573 5109 sed

1916 5160 2221 5226 diuturna,
2248 5153 2373 5210 imo
2395 5153 2617 5207 aeterna
2645 5145 2917 5204 tellurem
2938 5146 3218 5216 occupat,
3239 5147 3568 5216 postquam

1917 5246 2262 5322 sepulcrum
2309 5239 2474 5298 sidus
2541 5249 2870 5296 coruscans
2921 5231 3267 5322 devoravit.
3301 5234 3426 5322 Per
3457 5231 3570 5322 has

1918 5319 2220 5408 tenebras,
2268 5325 2632 5395 animalibus
2668 5322 2992 5398 rapacibus
3036 5335 3107 5384 ac
3133 5319 3367 5380 furibus
3407 5319 3570 5390 justo
