4168 6290
595 192 697 250 355

586 404 840 460 blicanis
889 408 947 460 et
989 401 1370 472 vectigalium
1404 394 1781 453 exactoribus
1816 390 2023 463 praeda
2050 390 2240 445 facilis

588 497 644 550 et
665 497 836 562 grata
867 507 990 558 ero,
1022 507 1206 564 quam
1264 493 1469 561 pastor
1515 482 1789 553 egregius
1826 495 1948 535 non
1977 479 2238 551 amplius

589 580 866 646 custodit,
901 595 1166 651 curaque
1193 574 1531 646 particulari
1564 588 1635 629 ac
1665 568 2058 626 sollicitudine
2097 583 2238 639 pro—

591 671 879 744 sequitur.
921 671 1211 726 Somnum
1255 669 1416 723 enim
1447 669 1734 720 aeternum
1766 657 1988 715 dormit
2038 660 2239 713 Eusta-

588 761 748 817 thius
780 760 907 816 telis
931 763 1166 822 exutus,
1200 756 1422 828 quibus
1448 769 1559 809 nos
1585 755 1791 806 contra
1821 747 2013 803 malos
2037 746 2240 802 defen-

589 847 805 914 debat;
838 864 960 919 qua
985 853 1191 918 pastor
1211 845 1356 901 alter
1384 840 1636 899 Davides
1661 841 1682 874 ⁵
1719 842 1844 894 erat
1884 835 1989 907 qui
2034 850 2239 890 Ursum

589 951 662 992 ac
707 936 946 992 leonem
977 941 1302 1006 raptorem,
1337 947 1449 988 ove
1492 947 1523 986 e
1561 927 1702 998 gula
1751 931 1974 997 erepta,
2003 923 2240 991 occidit,

595 1047 617 1074 ι
655 1024 806 1080 sicut
825 1028 1052 1095 pastor,
1079 1028 1227 1078 teste
1259 1022 1562 1092 Scriptura
1591 1019 1632 1087 δ,
1666 1016 1741 1071 de
1770 1030 1872 1070 ore
1899 1013 2089 1068 leonis
2119 1013 2241 1068 duo

590 1129 765 1169 crura
789 1117 892 1168 aut
921 1117 1256 1168 extremum
1313 1106 1594 1165 auriculae
1623 1104 1792 1160 eruit.
1834 1123 1861 1151 »
1915 1107 2028 1156 Aut
2081 1101 2241 1156 enim

590 1201 670 1257 ad
714 1201 1039 1256 Dominum
1090 1214 1297 1271 preces
1328 1196 1554 1260 effudit,
1588 1199 1693 1249 aut
1735 1205 1946 1262 regum
2002 1189 2240 1244 animos

590 1289 909 1362 permovit,
969 1293 1026 1344 et
1077 1288 1239 1343 mala
1268 1286 1508 1342 fortuna
1554 1280 1814 1339 evanuit.
1873 1283 2039 1334 Nunc
2076 1292 2238 1343 vero,

591 1378 743 1450 proh
773 1377 978 1433 dolor!
1011 1382 1336 1448 postquam
1362 1371 1547 1445 quieti
1568 1386 1630 1425 se
1658 1369 1908 1424 daturus
1940 1366 2001 1421 in
2025 1364 2242 1420 lectulo

589 1465 982 1528 recubuisset,
1007 1479 1103 1519 me
1130 1463 1474 1528 insalutato,
1496 1459 1656 1514 diem
1687 1456 1832 1512 obiit
1865 1469 2237 1526 supremum.

590 1558 775 1609 Tanto
804 1554 928 1608 viro
958 1551 1269 1623 quomodo
1306 1550 1520 1604 misera
1553 1561 1664 1616 ego
1702 1550 2005 1617 superstes
2040 1558 2140 1598 ero
2160 1542 2187 1596 ‘?
2213 1563 2234 1590 ν

588 1644 795 1702 πάντως
900 1637 1251 1712 δασμολόγοις

1445 178 1820 240 MlCI-IAELIS
1857 173 2243 233 ACOMINATI
2282 172 2712 232 ATHENARUM
2747 169 3073 232 ARCHIEP.

590 313 925 379 amiciores,
951 328 1071 384 que
1099 327 1196 368 me
1227 310 1510 367 miseram
1541 303 1852 362 calamitas
1873 300 2102 357 manet!
2129 299 2242 355 Pu-

2356 299 2742 363 συνεπένθησεν,
2811 298 2946 350 οὕτω
3009 299 3100 348 καὶ
3182 303 3280 348 τῶν

1344 1637 1710 1709 βρωθήσομαι,
1780 1635 1848 1692 ὡς
1937 1631 2115 1702 ἑτοίμη
2192 1635 2282 1682 καὶ
2351 1628 2522 1699 ἀγαθὴ
2607 1629 2755 1700 θήρα,

3838 175 3937 231 356

3373 293 3701 369 ἑτεροφῦλων,
3763 297 3939 350 πολλοὶ

2345 387 2614 459 Ῥωμαίοις
2690 385 3124 459 συνολοφύρονται
3190 389 3414 451 τουτονὶ,
3475 388 3535 436 τὸ
3601 383 3936 440 ἁποστολικὸν

2347 476 2473 536 ἅλας
2541 482 2631 535 τῆς
2704 481 2825 546 γῆς,
2900 479 2991 526 καὶ¹
3066 479 3267 546 κόσμου
3349 477 3544 534 παντὸς
3613 474 3937 545 εῦαγγελικόν

2348 564 2512 631 ἣλιον,
2576 570 2665 616 καὶ
2703 567 2770 625 ὡς
2821 563 2906 616 ἀπ’
2951 567 3116 636 ἄκρου
3172 571 3262 616 τοῦ
3318 563 3538 635 οὐρανοῦ
3590 559 3938 636 διικνούμενον

2347 655 2436 714 ἓως
2477 654 2639 727 ἄκρου
2683 661 2776 705 τοῦ
2827 653 3047 725 οὐρανοῦ
3098 657 3283 724 σοφίας
3333 656 3418 704 καὶ
3470 651 3658 724 αρετῆς
3693 653 3938 726 περιλάμ-

2346 742 2522 812 ψεσιν.
2575 741 2634 793 Εἰ
2679 744 2781 816 γὰρ
2821 745 2911 793 καὶ
2960 744 3026 802 ὡς
3066 740 3114 793 ἐν
3159 737 3330 810 δίσκῳ
3367 749 3440 810 τῷ
3504 743 3620 794 κατ’
3672 739 3758 814 ἐμὲ
3795 762 3936 817 περι-

2348 829 2480 882 ϐόλῳ
2545 831 2936 902 περιεγράφετο,
3005 829 3131 882 ἀλλὰ
3194 832 3284 890 τας
3365 827 3576 892 ἀκτῖνας
3648 830 3700 890 ἐς
3775 833 3940 883 πάντα

2346 916 2674 991 πολυφόρϐου
2714 923 2937 991 πείρατα
2981 923 3140 989 γαίης
3185 917 3417 977 ἐξέτεινε,
3469 922 3571 970 Καὶ
3616 925 3704 969 νῦν
3749 922 3939 988 τούμοῦ

2347 1012 2438 1060 καὶ
2519 1013 2693 1057 κοινοῦ
2779 1005 3082 1079 λαμπτῆρος
3173 1004 3540 1070 ἐκλελοιπότος,
3621 1010 3802 1066 σκότος
3870 1016 3940 1078 τῷ

2347 1100 2504 1148 παντὶ
2571 1090 2938 1165 σχεδιάζεται,
3001 1094 3093 1145 οὐκ
3159 1093 3208 1146 ἐν
3245 1098 3410 1166 μορίῳ
3459 1099 3653 1164 χρόνου
3721 1093 3941 1168 βραχεῖ,

2350 1184 2456 1236 ἀλλ’
2505 1182 2550 1243 ἐς
2606 1186 2692 1235 τὸν
2733 1181 2810 1234 ἀεὶ
2863 1188 2952 1234 καὶ
2991 1183 3062 1243 εἰς
3114 1185 3235 1234 ὅσον
3287 1183 3312 1233 ὁ
3373 1186 3617 1252 στυγερὸς
3668 1183 3813 1244 οὗτος
3851 1191 3941 1236 τοῦ

2347 1276 2510 1345 τάφου
2585 1271 2801 1343 λύχνος,
2868 1275 2932 1332 ὡς
3002 1271 3181 1343 λύχνῳ
3252 1268 3500 1343 μέδιμνος
3565 1269 3937 1344 ἁντιφράττων,

2349 1362 2771 1435 ἑπιπροσθήσειν.
2842 1359 2964 1413 Ὑπὸ
3056 1357 3115 1413 δὲ
3198 1361 3337 1432 ζόφῳ
3425 1357 3634 1430 τοίῷδε,
3701 1361 3944 1426 κλέπταις

2348 1457 2438 1503 καὶ
2489 1452 2648 1522 θηρσὶ
2690 1453 2876 1511 νυκτὸς
2922 1452 3169 1522 ἀμείνονι,
3201 1454 3253 1501 τί
3296 1457 3394 1501 τῶν
3426 1445 3606 1502 δεινῶν
3650 1452 3680 1507 ἠ
3725 1452 3948 1522 σχετλία

2915 1541 3126 1600 Πάντως
3214 1532 3512 1610 φορολόγοις
3587 1545 3892 1612 εκκείσομαι
3932 1563 3944 1576 ·

2350 1540 2409 1592 οὐ
2501 1543 2752 1609 πείσομαι
2798 1555 2812 1604 ;

2843 1632 2933 1678 καὶ
3026 1634 3134 1688 τοῖς
3233 1626 3656 1700 ἀνθρωποφάγοις
3748 1633 3951 1691 τούτοις

595 1731 782 1801 θηρσὶν
857 1726 1090 1788 ἔκδοτος·
1171 1728 1360 1779 Οὐκέτι
1431 1728 1534 1797 γὰρ
1609 1722 1999 1796 ἐπαγρυπνήσει
2065 1739 2155 1792 μοι
2221 1717 2409 1778 ἐκεῖνος
2473 1717 2499 1768 ὁ
2566 1720 2728 1788 μέγας
2791 1714 2912 1788 ἐμός
2975 1721 3192 1789 ποιμήν,
3235 1721 3326 1768 καὶ
3386 1722 3597 1788 μυρίοις
3662 1715 3952 1792 διεγρηγο-

592 1822 698 1888 ρὼς
773 1820 1004 1888 ὄμμασιν
1038 1834 1051 1848 ⁸

1111 1815 1169 1867 ου
1220 1814 1430 1886 φυλάξει
1492 1815 1670 1872 νυκτὸς
1727 1815 1816 1861 καὶ
1879 1809 1990 1882 μεθ’
2056 1809 2250 1880 ἡμέραν
2290 1805 2366 1858 ἐπ’
2425 1804 2510 1876 ἐμὲ
2574 1804 2803 1876 φυλακὰς
2834 1826 2846 1837 ·
2914 1802 3160 1857 καθεύδει
3214 1807 3316 1878 γὰρ
3375 1806 3530 1857 ὕπνον
3605 1811 3759 1867 ὅντως
3814 1828 3955 1880 παγ-

591 1914 755 1978 κρατῆ
835 1909 925 1956 καὶ
1000 1912 1092 1956 τοῦ
1168 1905 1421 1962 συνήθους
1476 1905 1812 1974 μακρότερον·
1889 1896 2117 1972 ἀτρεμής
2191 1892 2249 1948 δὲ
2326 1891 2576 1967 σφενδόνη
2652 1892 2815 1964 λόγων
2889 1892 3103 1959 ἐκείνου,
3178 1899 3268 1946 καὶ
3341 1893 3512 1946 οὐκέτι
3585 1894 3733 1966 φοϐεῖ
3791 1898 3956 1969 θηρία

592 1996 794 2067 πονηρὰ
870 1991 1160 2066 βάλλουσα.
1237 1991 1416 2052 Ἄλλος
1489 1991 1590 2062 γὰρ
1684 1985 1744 2046 ἦν
1821 1987 1967 2048 οὗτος
2041 1990 2129 2043 τήν

2226 1985 2572 2056 ποιμαντικὴν

2671 1977 2838 2032 Δαυὶδ
2920 1983 3109 2053 ἄρκτον
3209 1984 3414 2034 τύπτων
3497 1988 3586 2036 καὶ
3657 1987 3955 2038 πατάσσων

595 2080 794 2147 λέοντα,
861 2085 1030 2134 εἴποτε
1092 2080 1244 2134 λάϐοι
1316 2101 1369 2132 τι
1442 2087 1538 2140 τῆς
1610 2077 1725 2129 κατ’
1801 2075 1956 2127 αὐτὸν
2031 2072 2220 2145 ἀγέλης
2257 2073 2436 2139 ἐπιὼν,
2503 2072 2624 2144 ὅπερ
2686 2075 2776 2121 καὶ
2837 2068 3029 2132 ἐξέσπα
3100 2078 3192 2122 τοῦ
3256 2074 3512 2143 στόματος
3543 2093 3554 2104 ·
3612 2093 3640 2122 ι(
3708 2075 3775 2134 ὡς
3840 2077 3951 2128 ὃτον

595 2168 860 2243 ἐκσπάση,
901 2172 1132 2242 φησὶν,ό
1193 2174 1386 2240 ποιμήν
1428 2165 1526 2220 δύο
1583 2166 1762 2226 σκέλη,
1812 2165 1842 2223 ἣ
1901 2162 2050 2216 λοϐὸν
2099 2163 2255 2215 ὠτίου
2296 2160 2350 2212 ἐκ
2391 2165 2650 2232 στόματος
2704 2158 2915 2219 λέοντος.
2951 2182 2978 2208 ››
3045 2159 3110 2212 Ἢ
3149 2163 3250 2234 γὰρ
3309 2159 3572 2222 ἀλαλήτως
3636 2160 3758 2214 ἐϐόα
3821 2168 3949 2239 πρὸς

598 2263 808 2334 Κύριον,
877 2259 906 2317 ἦ
950 2257 1260 2330 βασιλεῦσιν
1335 2255 1620 2316 ἐπέστελλε,
1661 2259 1750 2306 καὶ
1823 2254 2068 2326 παραυτὰ
2109 2255 2166 2303 τό
2205 2250 2397 2302 λυποῦν
2437 2251 2609 2320 ὥσπερ
2666 2268 2716 2300 τι
2789 2251 2929 2320 νέφος
3003 2253 3321 2320 παρίπτατο.
3369 2255 3474 2301 Νῦν
3543 2245 3601 2302 δὲ
3663 2248 3796 2303 ἀλλὰ
3861 2257 3948 2304 καὶ

586 2349 613 2398 ό
676 2343 888 2399 τοιόσδε
953 2346 1092 2418 φεῦι
1171 2348 1385 2419 ἡρπάγη
1448 2346 1647 2414 θανάτῳ
1706 2346 1889 2403 νυκτός
1951 2340 2270 2410 ἐπιπεσόντι,
2314 2340 2397 2390 ὅτε
2451 2340 2582 2411 πρὸς
2645 2335 2829 2409 βραχὺ
2898 2344 3006 2397 τοῖς
3070 2339 3426 2412 μεθημερινοῖς
3490 2340 3714 2410 μόχθοις
3779 2339 3948 2393 ἐπινυ-

589 2435 786 2496 στάξας
858 2434 1194 2490 κατακλιθείη
1262 2432 1348 2486 ἐπὶ
1416 2439 1711 2505 στρωμνῆς,
1779 2427 1902 2482 οὐδὲ
1965 2429 2202 2480 λοισθίου
2274 2423 2533 2499 μεταδούς

2006 2513 2136 2569 Εἶτα
2219 2511 2426 2568 τοιοῦδε
2513 2509 2698 2588 ἀνδρὸς

587 2531 812 2590 ῦστατα,
902 2523 961 2574 οὐ
1034 2525 1102 2574 τὰ
1174 2522 1413 2595 ἐξιτήρια
1503 2519 1904 2592 συνταξάμενος.

585 2608 830 2681 ἀνέξομαι
849 2629 868 2681 ;

657 2701 792 2754 Haec
841 2703 896 2753 et
949 2697 1067 2754 alia
1108 2697 1459 2769 hujusmodi
1503 2713 1642 2752 cum
1689 2697 1915 2766 gemitu
1965 2694 2235 2750 clamans

585 2786 998 2843 Thessalonice
1021 2792 1328 2842 mortuum
1349 2785 1687 2858 deplorabit
1701 2790 1759 2840 et
1776 2785 1836 2841 in
1857 2799 2082 2838 vanum
2103 2799 2211 2838 evo

583 2876 745 2932 cabit
772 2893 785 2930 :
821 2892 1061 2947 semper
1090 2877 1249 2932 enim
1283 2882 1405 2932 tam
1436 2875 1601 2930 chari
1639 2874 1872 2946 capitis,
1904 2873 2234 2944 praisertim

582 2964 733 3019 inter
760 2979 855 3020 res
899 2963 1209 3029 adversas,
1244 2979 1480 3020 memor
1507 2965 1632 3019 erit.
1674 2966 1758 3019 Tu
1794 2962 2064 3034 quidem,
2090 2960 2232 3016 bea-

581 3055 809 3110 tissime
828 3070 898 3110 ac
916 3055 1358 3126 sapientissime
1375 3055 1640 3121 antistes,
1655 3069 1793 3109 cum
1817 3069 2058 3108 summa
2077 3057 2234 3108 tran-

582 3143 870 3216 quillitate
897 3159 929 3198 e
954 3143 1075 3198 vita
1105 3143 1426 3212 excessisti,
1449 3142 1614 3198 nullo
1634 3141 1871 3213 morbo,
1901 3141 2048 3196 nulli
2078 3141 2234 3196 curis

580 3232 955 3288 terrestribus
985 3239 1236 3288 vexatus
1267 3250 1280 3300 ;
1311 3248 1530 3304 corpus
1556 3231 1714 3287 enim
1747 3235 2038 3302 tanquam
2064 3230 2235 3286 indu-

581 3320 739 3374 sium
771 3321 900 3375 sine
952 3321 1139 3376 animi
1195 3320 1401 3376 dolore
1459 3320 1691 3375 exuisti.
1753 3320 2029 3391 Corporis
2073 3320 2234 3375 enim

578 3408 993 3463 membrorum
1022 3409 1234 3464 rationi
1256 3415 1728 3464 consentaneum
1751 3409 1980 3478 gessisti
2001 3424 2232 3471 curam,

577 3501 644 3550 ut
671 3501 925 3552 mortem
977 3513 1164 3568 quam
1215 3498 1566 3568 longissime
1615 3498 2108 3570 procrastinares.
2166 3497 2235 3551 Ut

578 3583 739 3639 enim
770 3583 987 3652 globus
1013 3600 1136 3640 uno
1163 3590 1396 3641 tantum
1417 3592 1643 3657 puncto
1661 3592 1828 3642 terrae
1855 3583 2233 3657 superﬁciem

578 3672 787 3742 tangit,
811 3672 894 3728 sic
922 3687 1167 3746 quoque
1189 3690 1409 3746 corpus
1433 3680 1600 3730 tuum
1629 3691 1811 3747 quam
1841 3674 2088 3730 minime
2109 3673 2231 3728 ani-

578 3776 744 3816 mam
804 3762 1233 3829 contrectabat,
1283 3778 1359 3818 ne
1416 3778 1523 3834 per
1562 3779 1848 3819 sensuum
1901 3764 2233 3833 voluptates

575 3849 870 3905 damnum
902 3850 1232 3907 inferretur.
1267 3855 1415 3907 Cum
1451 3852 1586 3906 dein
1620 3852 1680 3907 in
1700 3867 1985 3907 somnum
2014 3851 2116 3921 qui
2138 3867 2232 3903 cu-

575 3953 673 3993 ras
705 3938 878 3993 solvit
899 3938 1202 4005 labereris,
1236 3939 1428 3995 oculis
1449 3940 1940 4012 temporibusque
1969 3939 2230 4010 quietem

576 4025 769 4082 dabas
799 4045 810 4094 ;
845 4026 984 4081 dein
1014 4028 1210 4096 primo
1241 4042 1459 4082 somno
1491 4027 1762 4094 alterum,
1797 4043 2012 4082 somno
2052 4026 2230 4081 inter-

575 4117 752 4181 rupto
817 4128 1099 4166 somnum
1156 4112 1528 4184 diuturnum,
1587 4115 1753 4170 brevi
1801 4115 2070 4184 longum,
2109 4113 2228 4168 leni

575 4198 788 4253 durum
815 4198 1192 4268 substituisti,
1225 4205 1281 4256 et
1311 4201 1394 4256 sic
1421 4219 1706 4258 somnum
1741 4208 2085 4257 sanctorum
2126 4202 2228 4257 Dei

575 4285 905 4341 dormivisti
927 4287 1030 4359 qui
1061 4289 1315 4345 Domino
1346 4290 1561 4362 placet.
1593 4293 1801 4345 Manus
1843 4306 1967 4346 non
2009 4296 2228 4346 morta-

573 4373 660 4430 les
690 4374 898 4430 oculos
932 4381 1066 4432 tuos
1117 4377 1482 4447 clauserunt,
1535 4385 1638 4436 aut
1678 4379 1956 4436 membra
1999 4385 2102 4435 tua
2130 4380 2226 4436 fri-

576 4477 718 4532 gore
750 4467 1056 4520 contracta
1079 4466 1139 4521 in
1189 4466 1341 4522 lecto
1369 4472 1790 4539 reposuerunt;
1825 4468 1929 4524 sed
1976 4485 2226 4524 somnus

574 4550 766 4606 dulcis
791 4556 968 4622 atque
994 4555 1331 4610 incantator
1355 4560 1409 4610 te
1431 4557 1689 4628 sopitum
1719 4563 1774 4612 et
1799 4557 2003 4614 animo
2020 4557 2224 4614 laetum

573 4655 682 4711 per
708 4640 1083 4696 somniorum
1114 4648 1318 4713 portas
1356 4644 1435 4698 ad
1465 4650 1742 4713 mortem,
1775 4650 1898 4713 aut,
1935 4651 2001 4701 ut
2027 4647 2226 4702 verius

573 4728 872 4799 dicamus,
906 4744 978 4784 ex
1017 4729 1135 4785 hoc
1162 4729 1465 4787 domicilio
1507 4734 1767 4788 terrestri
1811 4734 1874 4788 in
1920 4734 2224 4790 ccelestem

571 4816 737 4873 illam
781 4816 1039 4889 patriam
1090 4817 1374 4882 traduxit,
1417 4819 1936 4890 quemadmodum
1989 4821 2224 4892 Ulysses

571 4911 710 4974 post
739 4905 936 4962 varios
961 4921 1140 4961 casus
1161 4921 1232 4961 ex
1262 4906 1462 4962 insula
1489 4922 1612 4962 non
1642 4922 1753 4962 sua
1782 4923 1997 4964 somno
2027 4909 2223 4980 sepul-

572 4998 668 5049 tus
700 4994 758 5048 in
793 5011 903 5050 sua
933 4995 1177 5067 appellit
1213 4995 1317 5051 ubi
1349 4996 1411 5051 in
1434 4995 1630 5052 lucem
1662 4995 1856 5052 editus
1883 4996 2096 5054 fuerat.
2129 4999 2222 5056 Ad

570 5080 776 5134 Jacobi
807 5081 966 5136 enim
995 5082 1351 5152 patriarchae
1397 5083 1946 5156 exemplumJinitis
1973 5086 2222 5144 manda-

572 5167 645 5222 tis
697 5167 921 5236 quibus
976 5169 1131 5225 ﬁlios
1183 5171 1552 5236 instruebas,
1608 5172 1792 5246 pedes
1843 5178 1976 5230 tuos
2041 5191 2221 5248 super

569 5253 855 5312 lectulum
877 5256 1191 5330 collegisti,
1220 5267 1277 5316 et
1305 5259 1506 5316 obiisti
1527 5262 1578 5331 7;
1607 5268 1672 5318 tu
1701 5263 1959 5320 utJacob
1990 5264 2218 5322 scalam

642 5398 708 5452 ⁵1
739 5399 879 5470 Reg.
909 5417 1042 5469 xvu,
1073 5405 1160 5458 34.
1219 5405 1241 5438 ⁶
1264 5408 1448 5460 Amos
1468 5420 1547 5475 ιιι,
1582 5409 1667 5463 12.
1733 5408 1754 5442 ⁷
1785 5408 1929 5465 Gen.
1949 5423 2106 5473 xux,
2126 5410 2216 5462 32.

2625 2445 2716 2497 μοι
2797 2427 3250 2499 προσφθέγματος,
3341 2426 3434 2478 οὐκ
3493 2425 3801 2498 ἐπισκήψας
3883 2431 3947 2481 τὰ

2791 2513 3106 2582 ἐκπεσοῦσα,
3178 2513 3449 2566 ἐπιϐιῶναι
3522 2517 3553 2574 ἡ
3632 2512 3946 2590 δυσδαίμων

2276 2694 2315 2748 Β
2419 2691 2590 2745 Πολλὰ
2626 2689 2808 2744 τοιάδε
2861 2691 3220 2750 Θεσσαλονίκη
3277 2692 3524 2755 πολλάκις
3577 2691 3946 2765 ἀνοιμώζουσα

2345 2786 2434 2832 καὶ
2500 2783 2802 2849 κωκύουσα,
2852 2783 3075 2839 ποθήσει
3159 2784 3244 2832 τόν
3299 2781 3473 2834 οὐκέτι
3535 2787 3787 2854 παρόντα,
3856 2788 3944 2834 καὶ

2344 2872 2512 2942 μάτην
2580 2869 2970 2931 ἀνακαλέσεται,
3026 2875 3116 2922 καὶ
3189 2870 3423 2942 μάλιστα
3482 2869 3530 2922 ἐν
3591 2878 3695 2932 τοῖς
3749 2867 3938 2930 δεινοῖς

2343 2965 2686 3032 μεμνήσεται.
2728 2963 2794 3011 Συ
2833 2961 2956 3032 γὰρ,
3007 2960 3046 3010 ὦ
3101 2968 3198 3010 τῶν
3255 2965 3462 3013 πώποτε
3511 2964 3786 3032 πανσόφων
3842 2959 3940 3036 ἀρ-

2342 3053 2562 3122 χιερέων
2610 3053 3050 3121 μακαριστότατε,
3109 3048 3329 3120 μετέϐης
3381 3046 3582 3102 ἐνθένδε
3634 3049 3799 3116 ἵλεως,
3853 3055 3944 3102 καὶ

2343 3139 2563 3212 ἄτρυτος
2645 3141 2834 3202 νόσοις,
2898 3141 2988 3189 καὶ
3077 3139 3251 3197 πάσης
3349 3138 3536 3198 θνητῆς
3622 3134 3944 3211 δυσχερείας

2346 3225 2754 3299 ἀπηλλαγμένος,
2815 3228 2879 3286 ὡς
2929 3229 3248 3297 χιτωνίσκον
3295 3223 3595 3288 ἐκδεδυκὼς
3642 3230 3702 3279 τὸ
3770 3237 3942 3300 σῶμα,

2343 3314 2431 3367 εἴτ’
2489 3312 2578 3367 οὖν
2645 3314 2976 3386 ἀποθέμενος,
3053 3313 3110 3366 οὐ
3188 3312 3287 3387 βίᾳ
3357 3314 3790 3389 περιπλεκομένου
3857 3320 3948 3368 καὶ

2344 3405 2705 3476 ἐπισπωμένου
2753 3401 3087 3477 ἁπεῤῥωγώς.
3127 3403 3296 3456 Πάλαι
3367 3405 3470 3475 γὰρ
3531 3406 3618 3464 τὰς
3684 3407 3947 3476 σχετικὰς

2341 3491 2498 3547 τοῦδε
2554 3491 2829 3554 ἁντιλαϐἀς
2884 3491 3270 3560 ἐξαλυσκάξων,
3312 3491 3612 3553 ἀπεστάτεις
3676 3492 3948 3567 φιλοσόφῳ

2341 3581 2522 3654 μελέτη
2605 3583 2824 3632 θανάτου
2865 3595 2878 3609 ⁸
2948 3579 3236 3654 ἀκροθιγῶς
3310 3576 3370 3632 δὲ
3441 3580 3773 3652 παραψαύων
3858 3588 3950 3636 καὶ

2344 3669 2544 3742 βραχεῖ
2598 3666 2726 3721 ποδὶ
2764 3673 2854 3719 καὶ
2892 3671 2984 3739 οἴῳ
3028 3670 3088 3719 οἶν
3136 3687 3212 3728 τις
3263 3667 3310 3720 ἓν
3359 3665 3588 3739 ἐπιπέδῳ
3644 3668 3951 3742 ἐπιφανείας

2341 3758 2621 3830 ἐφάπτοιτο
2679 3765 2896 3832 σφαῖρα,
2937 3759 3168 3827 τοσούτῳ
3221 3761 3510 3831 περιέκεισο
3548 3758 3578 3816 ἡ
3624 3764 3952 3832 παρήρτησο

2340 3856 2514 3910 τοῦτο,
2573 3849 2679 3917 ὅσῳ
2718 3851 2789 3918 μή
2853 3846 3179 3916 ζημιοῦσθαι
3216 3848 3280 3896 τὰ
3318 3846 3441 3920 παρ’
3498 3847 3657 3898 αὐτοῦ
3709 3849 3951 3924 εἰσφερό-

2340 3956 2468 4009 μενα
2514 3943 2575 4008 τῇ
2628 3936 2782 4006 ψυχῇ
2839 3936 3036 4005 φυσικὰ
3074 3953 3128 3986 τε
3156 3939 3246 3986 καὶ
3282 3934 3533 4007 ὀργανικὰ
3570 3939 3703 4010 πρὸς
3757 3936 3952 4009 ἀρετήν

2271 4042 2310 4096 C
2340 4026 2768 4098 ὑπουργήματα·
2827 4026 2890 4080 ὡς
2949 4020 3032 4074 ἐπὶ
3091 4021 3358 4093 λυσιμελεῖ
3408 4019 3467 4075 δε
3515 4023 3657 4094 ὕπνῳ
3723 4025 3948 4079 ἀνακλι-

2342 4117 2463 4182 θεὶς,
2517 4107 2756 4170 δέδωκας
2807 4111 2963 4162 ῦπνον
3016 4118 3126 4171 τοῖς
3175 4110 3458 4183 ὀφθαλμοῖς
3506 4117 3595 4164 καὶ
3646 4122 3758 4175 τοῖς
3827 4134 3950 4187 κρο-

2336 4207 2513 4276 τάφοις
2568 4200 2860 4253 ἀνάπαυσιν
2895 4216 2907 4228 ·
2959 4200 3050 4251 εἴτ’
3108 4198 3355 4260 ἐλελήθεις
3411 4201 3552 4272 ὕπνῳ
3608 4203 3769 4256 ὕπνον
3832 4202 3949 4255 ἐπι-

2337 4292 2594 4364 συνάψας,
2674 4298 2744 4360 τῷ
2822 4285 3213 4361 διακοπτομίνῳ
3293 4295 3387 4348 τήν
3453 4289 3770 4364 ἐγρήγορσιν
3857 4297 3946 4345 τὸν

2335 4388 2532 4453 συνεχῆ
2576 4388 2648 4450 τῷ
2703 4377 2904 4452 βραχεῖ
2938 4382 3024 4429 τὸν
3065 4383 3413 4451 μακρότατον,
3455 4384 3545 4431 καὶ
3602 4388 3675 4451 τῷ
3709 4381 3945 4453 ἀϐεϐαίῳ

2332 4476 2419 4524 τόν
2499 4468 2722 4542 χάλκεον
2756 4488 2768 4500 ·
2845 4471 2935 4518 καὶ
3017 4467 3176 4526 οὕτως
3241 4469 3491 4528 ὑπνωσεις
3565 4468 3636 4530 εἰς
3715 4472 3945 4523 θάνατον

2334 4563 2490 4614 ὁσίων
2539 4565 2673 4611 Θεοῦ
2711 4561 2801 4608 καὶ
2835 4564 2947 4626 Θεῷ
2996 4562 3326 4629 τιμιώτατον.
3383 4557 3457 4608 Οὐ
3513 4565 3686 4632 χεῖρες
3750 4561 3943 4618 θνηταὶ

2333 4647 2567 4702 καθεῖλον
2621 4651 2831 4718 ὄμματα
2885 4649 2972 4712 σα,
3029 4645 3059 4702 ἦ
3126 4645 3275 4717 μέλη,
3324 4644 3408 4697 ἐπὶ
3474 4646 3660 4718 λέχους
3727 4651 3942 4722 νεκρού-

2332 4758 2460 4811 μενα
2511 4736 2747 4808 ἥρμοσαν
2794 4751 2807 4763 ·
2877 4733 3042 4785 ὕπνου
3100 4730 3159 4786 δὲ
3223 4733 3520 4794 πανάπαλος
3578 4737 3772 4807 ἐπαφὴ,
3832 4743 3946 4798 τοῖς

2333 4827 2494 4900 φίλοις
2550 4825 2734 4883 ἑαυτῆς
2812 4821 3113 4896 θελγήτροις
3171 4822 3438 4876 εὐνάσασα
3501 4828 3591 4875 καὶ
3652 4823 3942 4886 κλινοπετῆ

2328 4918 2658 4990 ῥυθμισασα,
2714 4910 2981 4984 ἀτάραχον
3020 4914 3154 4963 οὕτω
3209 4916 3299 4963 καὶ
3341 4914 3534 4983 ἔποχον
3584 4912 3794 4984 ὑπνηλῇ
3848 4935 3950 4984 γα-

2328 5007 2449 5064 λήνη
2525 5006 2614 5054 καὶ
2674 5004 2740 5061 ὡς
2809 4996 2879 5051 δι’
2971 4998 3222 5073 ὁνειρείων
3312 4999 3484 5052 πυλῶν
3563 4999 3636 5060 εἰς
3714 5002 3949 5056 θάνατον

2331 5089 2682 5168 προῦπεμψεν,
2741 5089 2771 5152 ἢ
2830 5088 3268 5161 (προσφυέστερον
3317 5087 3494 5152 εἰπεῖν)
3560 5089 3630 5152 ὡς
3675 5087 3735 5152 ἐξ
3788 5090 3949 5144 ἁλλο-

2328 5178 2500 5237 δαπῆς
2546 5169 2713 5232 τῆσδε
2753 5179 2844 5231 τῆς
2889 5176 3168 5245 παροικίας
3224 5170 3295 5231 εἰς
3334 5177 3426 5230 τήν
3468 5169 3631 5224 ἐκεῖσε
3686 5172 3951 5249 πατρίδα

2328 5267 2751 5343 διεπόρμθευσεν·
2812 5262 2881 5322 ὡς
2928 5265 3017 5314 καί
3056 5280 3134 5322 τις
3173 5261 3396 5334 ἡρωϊκὸς
3447 5264 3536 5312 καὶ
3588 5259 3950 5327 πολυπλανὴς
