4168 6290
270 154 368 209 357

1312 152 1631 213 MONODIA
1679 153 1751 209 ΙΝ
1789 152 2231 211 ΕΗΒΤΔΤΗΠΙΙ
2266 150 2596 211 THEBSAL.

3522 153 3633 216 356

270 279 423 349 σοφός
463 273 520 338 ἕξ
558 274 834 348 έιλλοτριας
878 280 1035 334 νήσου
1054 277 1200 351 παρὰ
1239 282 1301 347 τῇ
1347 279 1559 334 ποιήσει
1604 274 1873 331 καθεύδων

1998 294 2105 335 non
2135 293 2243 350 per
2265 292 2570 344 somnum,
2589 277 2693 334 sed
2721 289 2930 336 veram
2954 278 3175 349 vidisti,
3201 282 3375 354 cujus
3403 274 3630 353 gradus

269 367 337 429 εὶς
392 370 491 423 τὴν
557 362 900 435 ένεγκαμένην
977 372 1135 423 νῆσον
1199 367 1474 436 κομίζεται
1503 404 1517 417 .
1570 368 1715 418 Κατὰ
1769 368 1871 440 γὰρ

268 458 350 507 τόν
418 456 699 506 θεσπέσιον
784 451 972 505 Ἰακὼϐ
1035 455 1104 513 ὡς
1177 457 1510 515 κατέπαυσας
1577 451 1872 509 έπιτάσσων

269 550 368 605 τοῖς
395 544 539 596 κατὰ
574 548 781 613 πνεῦμα
825 545 959 604 υἱοῖς
1014 562 1109 596 σου
1136 587 1153 613 ,
1193 542 1378 617 ἐξάρας
1419 540 1504 596 ἐπὶ
1549 548 1644 602 τὴν
1699 544 1875 603 κλίνην

272 637 384 694 τούς
427 627 603 691 πόδας
652 628 910 692 έξέλιπες·
944 632 1027 684 ὅτε
1081 635 1171 685 καὶ
1220 631 1380 704 ύπαρ,
1434 631 1529 684 οὐκ
1585 635 1729 707 ὄναρ,
1760 633 1874 686 κατ’

273 722 422 774 αὐτόν
478 720 685 794 ἑώρας,
728 718 783 771 όν
833 720 991 781 αὐτὸς
1044 719 1225 773 ἑαυτὸν
1283 716 1713 794 διεϐαθμίδωσας
1770 721 1875 774 κλί-

273 830 412 883 μακα
468 824 483 839 ο
535 811 608 869 ὡς
680 804 925 882 κρηπῖδα
994 812 1083 881 μὲν
1160 807 1443 883 βαλόμενος
1514 809 1876 869 πολιτευτικήν

275 899 708 971 μετριοπάθειαν,
761 904 824 969 τῇ
884 893 943 950 δε
987 900 1360 972 μετριοπαθείᾳ
1415 902 1509 957 τὴν
1555 901 1876 972 καθαρτικην

279 983 824 1058 ἐποικοδομησάμενος
879 984 1129 1039 ἀπάθειαν
1152 1028 1167 1056 ,
1200 985 1284 1039 ini.
1311 984 1370 1040 δε
1421 995 1484 1059 τῇ
1517 985 1743 1060 ἀπαθείᾳ
1782 996 1876 1046 τὴν

282 1077 454 1149 νοερὰν
490 1073 731 1146 ἐνέργειαν
757 1115 774 1140 ,
806 1074 893 1126 ἐπὶ
950 1070 1009 1126 δε
1054 1082 1116 1146 τῇ
1182 1080 1332 1148 νοερᾲ
1377 1073 1602 1147 ἐνεργείᾳ
1652 1080 1745 1134 τὴν
1792 1073 1877 1128 ἐπὶ

278 1169 410 1215 πᾶσι
480 1160 681 1234 βάθραν
756 1167 853 1224 της
930 1163 1160 1224 θεὼσεως
1189 1180 1200 1191 ·
1236 1162 1313 1233 ἐφ’
1375 1165 1435 1222 ἦν
1508 1167 1595 1227 καὶ
1667 1162 1873 1234 ἄγγελοι

270 1253 477 1311 πάντως
515 1248 780 1302 ἀνέϐαινον
834 1255 924 1303 καὶ
981 1249 1280 1304 κατέϐαινον
1309 1293 1325 1319 ,
1383 1248 1745 1315 όδοποιοῦντές
1791 1270 1877 1303 σοι

266 1343 355 1397 την
406 1334 601 1391 ἄνοδον
657 1344 748 1391 καὶ
809 1343 1195 1414 προπέμποντες
1248 1337 1454 1392 ἀνιόντα
1504 1339 1559 1391 ἐκ
1611 1344 1703 1413 μεν
1758 1360 1877 1393 συν-

266 1427 618 1499 αγελαστικοῦ
670 1432 761 1480 καὶ
830 1425 1125 1481 σπουδαίου
1189 1425 1381 1503 ἀνδρὸς
1424 1429 1493 1490 εἰς
1535 1431 1751 1504 θεωρίαν
1797 1448 1875 1482 κε-

267 1520 632 1592 καθαρμένον,
691 1516 749 1568 ἐκ
808 1513 867 1569 δὲ
932 1519 1193 1592 θεωρητοῦ
1244 1522 1370 1592 πρὸς
1434 1523 1641 1591 νοερόν,
1693 1519 1751 1571 ἐκ
1817 1515 1877 1571 δε

266 1615 439 1681 νοεροῡ
507 1610 639 1681 πρὸς
701 1610 831 1659 Θεόν
875 1648 887 1661 .

267 1695 554 1770 έστηρικτο
754 1693 803 1746 έν
851 1702 913 1767 τῇ
945 1703 1037 1767 γῆ,
1075 1701 1169 1754 τὴν
1219 1692 1279 1749 δὲ
1325 1696 1545 1768 κεφαλὴν
1585 1693 1726 1768 εἶχεν
1765 1695 1880 1769 ἀφι-

268 1787 557 1855 κνουμένην
597 1783 671 1843 εἰς
714 1782 951 1857 οὐρανόν,
1001 1782 1076 1855 ἐφ’
1116 1780 1178 1846 ἧς
1241 1789 1331 1836 καὶ
1369 1786 1396 1836 ό
1436 1787 1626 1856 Κύριος
1663 1784 1879 1842 ἐπεστό-

265 1891 436 1947 ρικτο,
462 1872 540 1933 εἰς
578 1871 635 1923 ὃν
693 1870 910 1935 ἀνῆλθες
960 1872 1015 1935 ἐξ
1051 1875 1196 1945 ἡμῶν
1234 1882 1334 1924 τῶν
1371 1879 1551 1946 χαμαὶ
1587 1872 1879 1946 ἐρχομένων

267 1956 360 2013 διὰ
398 1970 502 2021 τῆς
543 1958 825 2033 όωαγωγῆς
876 1964 1069 2024 ταύτης
1124 1962 1410 2034 κλίμακος,
1454 1967 1584 2024 Θεὸς
1643 1961 1883 2034 ἀγγέλοις

264 2057 525 2102 κατιοῦσι
563 2054 657 2102 καὶ
697 2058 1002 2103 συνανιοῦσι
1058 2047 1519 2125 δορυφορούμενος.
1561 2049 1774 2122 ”Εχοιμ’
1819 2052 1881 2105 ἄν

263 2137 454 2210 λέγειν,
482 2142 577 2190 καὶ
634 2141 700 2199 ὡς
764 2137 1118 2201 ἀποστολικὼς
1182 2143 1270 2191 τόν
1334 2136 1531 2212 δρόμον
1585 2138 1873 2200 τετέλεκας.

268 2226 477 2298 Ἀμέλει
507 2246 593 2279 τοι
631 2232 722 2278 καὶ
765 2229 832 2287 ὡς
869 2227 919 2278 ἐν
962 2227 1186 2300 φυλακῇ,
1220 2235 1291 2299 τῷ
1338 2226 1440 2300 βίῳ
1483 2224 1641 2297 τῷδε,
1672 2232 1762 2279 καὶ
1817 2231 1882 2278 σύ

268 2317 408 2368 κατὰ
474 2319 567 2368 τὸν
644 2323 927 2391 κορυφαῖον
994 2321 1184 2389 Πέτρον
1250 2319 1598 2391 τηρούμενος,
1667 2311 1883 2369 έδέδεσο

268 2400 432 2457 δυσὶν
512 2403 764 2456 ἁλύσεσιν
789 2445 803 2468 ,
854 2404 996 2476 ύπνῳ
1068 2410 1158 2458 καὶ
1232 2401 1415 2477 δεσμῷ
1489 2412 1693 2477 φυσικῷ
1728 2425 1740 2437 ·
1775 2403 1882 2456 ἀλλ’

264 2491 463 2551 ἐπέστη
549 2512 634 2545 σοι
708 2492 927 2565 ἄγγελος
1000 2499 1214 2566 Κυρίου,
1290 2495 1355 2554 ὡς
1428 2492 1599 2564 ἐκείνῳ
1673 2496 1886 2565 κειμένῳ

263 2585 478 2646 νυκτός,
524 2586 615 2634 καὶ
654 2589 995 2656 παραχρῆμα
1053 2581 1289 2645 ἐξεπεσον
1354 2580 1455 2634 ἀπὸ
1514 2589 1609 2633 σού
1665 2583 1717 2632 αἱ
1768 2579 1888 2633 ἁλύ-

268 2688 383 2729 σεις
424 2667 600 2737 αὗται,
642 2676 736 2722 καὶ
772 2677 871 2732 τῆς
922 2670 1153 2742 φυλακῆς
1191 2670 1356 2733 ἐξήεις
1406 2666 1607 2757 ᾆδε-νος,
1642 2675 1732 2722 καὶ
1770 2670 1891 2728 ἡκό-

784 450 972 505 Ἰακὼϐ
1035 455 1104 513 ὡς

268 2755 484 2819 λούθεις
544 2761 715 2829 τούτῳ
790 2757 1203 2829 ψυχαγωγοῦντί
1280 2778 1356 2813 σε.
1397 2755 1556 2829 Τάχα
1627 2778 1726 2810 που
1801 2772 1935 2827 καὶς

270 2847 451 2921 ὅραμα
517 2848 634 2899 κατ’
688 2846 879 2900 ἐκεῖνον
931 2844 1126 2910 ἐδόκεις
1193 2847 1398 2920 βλέπειν
1455 2847 1749 2920 ἀμφιγνοῶν
1773 2889 1788 2914 ,
1848 2848 1893 2899 εἰ

279 2937 462 2998 ἀληθές
508 2938 625 2990 ἐστι
687 2942 747 2989 τό
813 2935 889 2990 δι’
945 2938 1102 2989 αὐτοῦ
1157 2944 1418 3011 γινόμενον
1453 2959 1465 2970 ·

271 3022 449 3101 δηροὶς
506 3027 681 3087 πύλης
726 3027 1037 3099 αὐτομάτως
1097 3026 1439 3099 ἀνοιχθείσης
1500 3045 1605 3093 σοι,
1656 3035 1751 3088 τῆς
1813 3045 1889 3098 φε-

1982 367 2398 440 pertransiisti,
2432 383 2470 423 a
2498 366 2911 425 moderatione
2959 369 3021 425 in
3075 371 3258 427 rebus
3301 372 3629 429 mundanis

1986 462 2049 514 ut
2071 457 2466 514 fundamento
2496 471 2765 527 exorsus,
2812 458 3080 515 animam
3120 475 3157 516 a
3197 460 3630 533 cupiditatibus

1981 546 2265 615 liberans,
2295 545 2602 618 spirituale
2642 546 2957 603 instituens
3014 563 3286 619 regnum,
3318 566 3630 609 summum

1982 640 2186 692 autem
2229 634 2489 706 gradum
2536 634 2838 692 divinitati
2866 636 3230 706 attribuens;
3258 638 3510 712 scalam,
3537 641 3629 698 in-

1983 738 2317 796 quam,per
2360 738 2548 795 quam
2567 723 2765 793 angeli
2785 725 3196 781 ascendebant
3230 731 3288 782 et
3306 727 3631 786 descende-

1982 812 2153 878 bant,
2184 811 2345 869 viam
2398 810 2499 868 tibi
2547 816 2968 880 monstrantes,
2994 818 3052 869 et
3101 816 3494 883 Eustathium,
3525 819 3630 891 qui

1984 916 2092 973 per
2116 900 2529 973 episcopatum
2559 900 2640 959 ad
2663 901 3229 974 contemplationem
3258 912 3633 977 praeparatus

1984 994 2132 1058 erat,
2163 1004 2201 1045 a
2255 987 2762 1061 contemplatione
2802 1005 2840 1046 a
2869 990 2968 1046 Dei
3014 990 3202 1062 ipsius
3255 991 3629 1050 intuitionem

1984 1076 2499 1149 perducentes.Sic
2522 1091 2768 1149 quoque
2791 1076 2955 1135 scala
2972 1082 3109 1134 ante
3136 1078 3344 1135 oculos
3372 1085 3508 1137 tuos
3526 1096 3633 1154 po-

1985 1166 2098 1223 sita
2144 1166 2363 1222 ccelum
2422 1164 2770 1236 attingebat,
2810 1171 2868 1223 et
2913 1166 2976 1223 in
3023 1167 3197 1238 cujus
3254 1170 3423 1241 apice
3475 1173 3632 1227 Deus

1985 1252 2321 1322 residebat;
2368 1268 2477 1323 per
2529 1268 2738 1325 quam,
2788 1253 2964 1310 nobis
3013 1255 3185 1311 humi
3238 1256 3472 1327 relictis,
3524 1273 3634 1332 per

1984 1341 2216 1398 medios
2244 1340 2514 1411 angelos,
2548 1340 2699 1396 deus
2734 1341 2929 1398 factus
2956 1343 3191 1415 ipse,ad
3211 1346 3400 1402 Deum
3429 1361 3635 1405 ascen-

1984 1429 2141 1488 disti.
2165 1433 2222 1484 et
2274 1433 2338 1484 ut
2382 1427 2692 1500 apostolus
2741 1428 2851 1484 iter
2888 1434 3058 1486 tuum
3108 1431 3436 1489 confecisse
3486 1433 3635 1491 mihi

1983 1517 2226 1574 videris.
2257 1520 2405 1573 Nam
2455 1516 2667 1589 procul
2693 1517 2902 1585 dubio,
2929 1518 3082 1575 sicut
3122 1522 3324 1577 Petrus
3350 1522 3633 1595 princeps

936 1606 1087 1659 Ούτω
1141 1611 1233 1659 καὶ
1285 1608 1315 1665 ἡ
1377 1610 1513 1660 κατὰ
1571 1611 1628 1660 σε
1687 1606 1878 1679 κλίμαξ

1998 1605 2496 1679 εροειοιοτιιωδιι
2514 1621 2759 1678 quoque
2787 1607 2849 1662 in
2869 1622 3107 1663 carcere
3132 1608 3376 1665 duabus
3404 1611 3637 1668 vinctus

1986 1695 2232 1763 catenis,
2264 1709 2480 1750 somno
2508 1709 2579 1750 ac
2616 1710 2866 1767 corpore
2895 1695 3212 1762 tenebaris,
3253 1698 3361 1753 sed
3385 1699 3637 1770 angelus

1988 1782 2225 1840 Domini
2255 1788 2319 1838 ut
2343 1782 2509 1837 illum
2535 1783 2848 1854 quondam
2869 1787 3072 1852 noctu,
3104 1799 3268 1841 nunc
3292 1790 3347 1842 te
3389 1787 3554 1857 adiit,
3580 1793 3639 1845 et

1988 1870 2304 1929 confestim
2338 1873 2565 1925 catenae
2610 1870 2954 1926 ceciderunt
2996 1870 3072 1926 de
3114 1873 3370 1944 pedibus
3418 1876 3560 1941 tuis,
3581 1879 3642 1933 et

1987 1959 2242 2016 vinculis
2261 1962 2575 2029 exemptus
2595 1973 2735 2013 eum
2754 1958 2862 2030 qui
2881 1959 3149 2015 animam
3180 1965 3348 2017 tuam
3369 1961 3640 2020 traduce-

1988 2048 2112 2113 bat,
2153 2046 2504 2119 sequebare.
2553 2048 2636 2102 'l‘u
2691 2062 2931 2118 quoque
2976 2046 3248 2114 fortasse,
3296 2054 3363 2105 ut
3413 2053 3638 2121 Petrus,

1988 2137 2283 2193 visionem
2313 2135 2517 2191 videre
2546 2134 2654 2191 tibi
2681 2133 3074 2206 videbaris,et
3099 2139 3304 2192 utrum
3324 2137 3404 2193 ab
3422 2139 3639 2208 angelo

1991 2224 2148 2281 facta
2182 2239 2324 2279 vera
2353 2227 2549 2279 essent
2603 2221 2947 2289 dubitabas,
2977 2222 3170 2279 donec
3226 2229 3401 2296 porta
3448 2225 3642 2284 ferrea

1991 2316 2203 2385 sponte
2231 2311 2559 2384 aperiretur
2585 2315 2643 2366 et
2665 2310 2726 2365 in
2758 2309 2969 2367 urbem
2997 2310 3233 2382 egregie
3261 2312 3640 2371 obmunitam

1992 2416 2268 2472 egressus
2290 2399 2543 2462 videres,
2575 2399 2896 2455 Dominum
2942 2414 3083 2455 vere
3133 2400 3417 2473 angelum
3460 2418 3643 2461 suum

1993 2489 2228 2546 misisse
2282 2488 2387 2561 qui
2417 2493 2474 2544 te
2514 2495 2547 2542 e
2576 2489 2783 2543 mortis
2837 2487 3122 2544 manibus
3165 2489 3437 2561 eriperet.
3486 2492 3643 2559 Quin

1996 2578 2318 2635 Dominum
2338 2576 2539 2650 ipsum
2563 2576 2765 2632 media
2786 2582 2960 2633 nocte
2982 2578 3468 2650 expergefactum
3489 2596 3644 2638 zona

1995 2665 2328 2722 honestatis
2347 2670 2400 2721 te
2426 2665 2687 2721 cinctum
2702 2665 3017 2736 reperiisse
3046 2666 3644 2733 crediderim.Quam-

1996 2754 2085 2809 vis
2116 2753 2277 2808 enim
2306 2766 2527 2823 corpus
2560 2756 2730 2807 tuum
2759 2751 3065 2817 dormiret,
3098 2768 3270 2808 mens
3311 2758 3514 2812 tamen
3541 2761 3647 2812 tua

1999 2841 2273 2912 vigilans,
2312 2847 2378 2895 ut
2398 2839 2653 2909 virgines
2681 2839 3026 2911 prudentes,
3054 2840 3404 2911 lampadem
3432 2843 3630 2899 ardens

1513 2937 1609 2999 ἕως
1660 2946 1756 2999 τῆς
1813 2956 1891 2989 σι-
1921 2970 1961 3022 C
2000 2938 2120 2988 tem
2150 2931 2428 3022 ornabat.
2455 2930 2649 2994 Quare
2685 2929 2766 3022 ad
2793 2928 3039 2984 obviam
3088 2931 3323 3000 Sponso
3374 2932 3646 2989 eundum

1999 3022 2152 3077 hora
2173 3018 2364 3074 noctis
2392 3017 2811 3088 intempestiva
2832 3022 3077 3087 paratus
3096 3032 3251 3073 eras.

265 3120 472 3191 ρούσης
513 3121 589 3178 εις
624 3121 722 3175 τὴν
798 3120 923 3178 τούς
998 3116 1257 3189 θεμελίους
1330 3120 1561 3189 ἔχουσαν
1634 3115 1782 3167 πόλιν
1856 3110 2082 3178 ἐξῆλθες,
2123 3112 2281 3168 ὄντως
2317 3110 2408 3158 καὶ
2484 3112 2677 3176 σαφῶς,
2716 3106 2887 3176 ἔγνῶς,
2928 3105 3008 3157 ὅτι
3043 3103 3252 3168 ἀληθῶς
3294 3104 3647 3191 Ῠὲξαπέστειλε

272 3209 469 3279 Κύριος
524 3208 613 3257 τόν
676 3204 898 3276 ἄγγελον
965 3204 1160 3275 αὐτού,
1202 3209 1292 3257 καὶ
1347 3204 1557 3267 ἐξείλετο
1612 3223 1669 3256 σε
1720 3202 1776 3255 έκ
1833 3209 1925 3254 τού
1983 3204 2224 3270 σώματος
2284 3201 2377 3247 τοῦ
2445 3195 2665 3245 θανάτου
2721 3196 2902 3245 τούτου
2931 3230 2945 3244 .
3007 3192 3212 3247 Μᾶλλον
3277 3190 3338 3247 δε
3373 3196 3401 3247 ό
3458 3199 3649 3269 Κύριος

269 3294 430 3355 αὐτὸς
495 3298 673 3367 μέσης
727 3296 911 3353 νυκτός
966 3292 1145 3359 ἐλθὼν,
1186 3292 1508 3367 ἕγρηγορότα
1575 3312 1632 3346 σε
1692 3294 1792 3344 ὑπὸ
1846 3290 2025 3361 λύχνῳ
2091 3281 2403 3359 διακρίσεως
2447 3284 2702 3354 καιομένῳ
2732 3326 2751 3352 ,
2809 3285 2899 3335 καὶ
2966 3286 3276 3356 σωφροσύνῃ
3332 3288 3428 3343 τὴν
3485 3284 3649 3357 ὀσφὺν

265 3383 695 3456 περιεζωσμένον
733 3382 879 3456 εὗρεν
911 3423 927 3439 .
967 3382 1028 3435 Εἰ
1062 3385 1165 3457 γὰρ
1222 3387 1312 3434 καὶ
1342 3391 1570 3453 φυσικῶς
1601 3376 1876 3439 έκάθευδες
1903 3419 1918 3444 ,
1960 3374 2071 3427 ἀλλ’
2105 3376 2131 3432 ἱ)
2172 3368 2374 3447 καρδία
2418 3390 2512 3423 σου
2541 3369 2707 3432 ἄλλως
2751 3371 3006 3445 ἠγρύπνει
3033 3412 3048 3438 ,
3089 3374 3226 3423 κατὰ
3249 3374 3338 3433 τὰς
3371 3378 3652 3447 φρονίμους

264 3475 569 3546 παρθένους
595 3469 859 3524 ἄσϐεστον
898 3475 990 3530 τὴν
1019 3467 1276 3543 λαμπάδα
1303 3475 1629 3544 κοσμήσασα
1647 3512 1662 3527 .
1693 3471 1871 3539 Τούτῳ
1908 3468 2076 3518 τοίνυν
2106 3467 2197 3514 καὶ
2222 3468 2297 3532 τῷ
2335 3459 2475 3530 καλῷ
2500 3463 2706 3532 νυμφίῳ
2731 3458 2862 3534 ἀωρὶ
2887 3468 2982 3522 τῆς
3008 3464 3192 3522 νυκτός
3211 3458 3407 3514 ἐλθόντι
3435 3462 3653 3536 ἑτοίμως

265 3559 596 3620 ἀπήντηκεν.

344 3649 554 3711 Ὀντως
581 3656 677 3701 τοῦ
704 3648 869 3701 πάλαι
925 3655 1136 3721 χρυσοῦ
1174 3652 1348 3719 γένους
1376 3654 1556 3720 κόμμα
1593 3650 1659 3699 σὺ
1688 3645 1886 3698 λοιπόν·

273 3743 367 3790 καὶ
439 3740 593 3811 παρὰ
653 3744 809 3789 τοῦτο
866 3739 1003 3788 κατὰ
1073 3738 1139 3788 τὰ
1209 3736 1405 3810 πάτρια
1454 3734 1647 3787 ἐκείνου
1719 3731 1892 3806 βιοὺς,

278 3829 419 3880 οὕτω
496 3832 593 3879 καὶ
668 3828 923 3887 τέθνηκας
996 3824 1211 3897 μαλακῷ
1234 3882 1249 3899 ⁸
1287 3821 1615 3896 δεδμημένος
1712 3822 1855 3893 ύπνῳ
1879 3843 1892 3854 ·

278 3916 478 3988 μᾶλλον
525 3913 591 3969 δε
645 3915 906 3978 συζεύξας
962 3911 1224 3988 ξυνωρίδα
1274 3910 1476 3985 ἀδελφὼ
1534 3909 1895 3984 διδυμεύοντε,

280 4006 444 4057 ὕπνον
498 4009 594 4056 καὶ
673 4006 888 4056 θάνατον
916 4046 933 4071 ,
986 4003 1384 4078 ξυνωρικεύσω,
1442 4007 1531 4054 καὶ
1608 4000 1900 4061 ἐπετάσθης

281 4095 405 4147 εὐθύ
454 4102 553 4146 τοῦ
611 4100 798 4166 χώρου
837 4101 937 4144 τῶν
985 4091 1189 4152 ζώντων
1211 4136 1229 4162 ,
1270 4095 1360 4142 καὶ
1400 4098 1500 4142 τῶν
1539 4088 1758 4163 ούρανοῦ
1805 4107 1900 4141 πυ-

278 4182 378 4235 λών
418 4182 777 4254 ἀνοιγομένων
830 4199 915 4233 σοι
961 4185 1164 4254 χαίρων
1224 4175 1467 4249 εἰσέδυς,
1508 4181 1645 4231 κατά
1712 4176 1900 4235 στολὴν

281 4270 677 4346 ἀρχιερατικῆς
742 4265 901 4332 δόξης
964 4269 1344 4341 ἠμφιεσμένος,
1395 4271 1485 4319 καὶ
1521 4273 1627 4326 τοῖς
1674 4264 1901 4339 ἀμφιπο-

278 4366 549 4430 νουμένοις
624 4362 684 4410 τὸ
754 4357 923 4410 ἐκεῖσε
1012 4359 1387 4432 θυσιαστήριον
1479 4356 1896 4430 προστιθέμενος.

283 4446 456 4499 Ἔνθα
516 4456 615 4499 τῶν
671 4450 767 4521 μεν
836 4451 955 4520 περὶ
1011 4448 1097 4497 τὸν
1165 4445 1365 4519 Ἀαρὼν
1431 4447 1514 4495 καὶ
1572 4441 1812 4515 Σαμουὴλ
1873 4442 1899 4494 ό

299 4536 483 4597 θίασος
532 4537 919 4589 ύπανίστανταί
971 4553 1053 4585 σοι
1102 4554 1191 4586 και
1221 4530 1505 4608 προεδρίας
1552 4537 1902 4607 παραχωροῦ-

295 4643 398 4687 σιν,
430 4620 738 4698 αἰδούμενοι
792 4623 852 4676 ou’
899 4627 1055 4695 μόνον
1102 4625 1167 4683 ὡς
1214 4625 1461 4698 ἱεραρχίᾳ
1502 4622 1782 4693 σεμνοτέρᾳ
1835 4626 1896 4691 τῇ

286 4718 418 4767 κατὰ
483 4718 722 4790 Χριστόν
778 4711 1167 4785 ἐπιπρέποννα,
1210 4710 1339 4762 ἀλλὰ
1384 4715 1474 4762 καὶ
1539 4712 1608 4768 ὡς
1666 4706 1902 4782 λαμπρο-

282 4810 451 4878 τέροις
492 4813 597 4857 τῶν
644 4801 775 4876 παρ’
836 4801 1046 4860 ἐκείνοις
1098 4807 1315 4875 χρυσῶν
1375 4800 1603 4873 ῥοῖσκων
1658 4800 1749 4848 καὶ
1806 4814 1904 4846 κω-

284 4890 458 4946 δώνων
516 4893 916 4964 κυκλούμενον,
958 4889 1031 4949 οἷς
1068 4887 1404 4960 εύαγγελικῶς
1458 4886 1569 4959 ἅμα
1615 4890 1704 4936 καὶ
1754 4884 1905 4957 ῥητο-

279 4993 437 5056 ρικῶς
476 4981 923 5056 ύπερήστραπτές
977 4996 1029 5029 τε
1081 4983 1170 5030 καὶ
1229 4974 1598 5051 ὑπερεϐρόντας
1652 4974 1719 5025 τὰ
1771 4972 1907 5022 κατὰ

280 5078 361 5126 τόν
452 5072 728 5145 ύπόζοφον
819 5071 978 5139 νόμον
1051 5072 1140 5117 καὶ
1229 5065 1550 5137 ἰσχνόφωνον
1646 5058 1902 5134 σύμϐολα.

278 5169 381 5218 Τῶν
432 5161 485 5217 δ’
535 5162 588 5218 έν
645 5168 715 5234 τῇ
766 5157 972 5231 χάριτι
1008 5154 1159 5207 πάλιν
1214 5154 1385 5227 ἄκρων
1414 5156 1504 5203 καὶ
1553 5155 1734 5223 σοφίας
1794 5167 1907 5201 στε-

276 5255 409 5328 φάνῳ
500 5258 602 5312 τὴν
718 5248 1001 5322 ἱερατικὴν
1114 5241 1596 5315 ἕπικεκοσμηκότων
1693 5234 1905 5313 κίδαριν

271 5346 396 5400 bow
449 5347 549 5419 μὲν
618 5339 936 5410 Κλήμεντες
1005 5336 1092 5383 καὶ
1165 5333 1424 5383 Διονύσιοι
1495 5334 1908 5403 προσυπαντῶσι

264 5442 346 5491 καὶ
401 5417 902 5513 περιπτύσσοπαί
959 5438 1019 5472 σε
1044 5464 1059 5488 ,
1122 5424 1399 5494 χαίροντες
1472 5425 1545 5488 τῷ
1598 5418 1759 5489 ὁμοίῳ
1818 5417 1909 5466 καὶ

2070 3638 2281 3695 ιΕΐᾶιὶε
2307 3652 2505 3694 aureas
2527 3640 2590 3692 tu
2610 3651 2817 3693 revera
2838 3640 3143 3710 superstes
3161 3652 3295 3694 esse
3321 3639 3651 3710 videris,et,

2000 3732 2069 3785 ut
2091 3733 2216 3784 tum
2266 3726 2470 3794 ﬁebat,
2502 3725 2664 3782 dulci
2711 3741 2927 3782 somno
2976 3726 3235 3782 irretitus
3263 3732 3537 3784 mortuus
3562 3745 3653 3796 es,

2003 3816 2128 3873 imo
2149 3820 2290 3888 post
2312 3812 2543 3870 obitum
2568 3814 2630 3868 in
2657 3811 2801 3883 biga
2830 3813 3030 3868 somni
3061 3827 3132 3867 ac
3160 3812 3368 3869 mortis
3396 3820 3603 3871 vectus
3621 3831 3655 3872 e

2006 3902 2334 3960 viventium
2361 3906 2518 3958 terra
2538 3900 2846 3966 ferebaris,
2869 3904 2927 3956 et
2954 3914 3060 3971 per
3085 3903 3290 3970 portas
3326 3900 3459 3957 coeli
3488 3916 3657 3973 aper-

2006 3998 2100 4050 tas
2121 3992 2311 4059 laetus,
2342 3990 2545 4061 gloriae
2566 3987 3090 4061 archiepiscopalis
3112 3993 3272 4044 veste
3295 3988 3542 4047 indutus
3563 3992 3656 4050 in-

2007 4096 2273 4152 gressus,
2303 4079 2374 4134 iis
2403 4076 2625 4150 quibus
2681 4091 2855 4132 sacra
2908 4091 3194 4148 peragere
3216 4076 3655 4139 demandatum

2008 4174 2154 4239 erat,
2184 4164 2621 4224 accensebaris.
2647 4163 2731 4219 Ibi
2752 4179 2957 4220 coram
2977 4164 3243 4237 te,inque
3272 4170 3442 4222 tuum
3469 4168 3657 4228 hono-

2007 4274 2136 4315 rem
2190 4259 2435 4325 surgent
2484 4252 2588 4327 qui
2636 4253 2794 4308 circa
2829 4253 3129 4309 Aaronem
3188 4268 3259 4310 ac
3315 4256 3657 4315 Samuelem

2008 4361 2182 4404 sacra
2206 4343 2449 4405 faciunt,
2464 4356 2588 4398 non
2625 4345 2859 4397 tantum
2892 4341 3038 4414 quia
3073 4340 3226 4398 inter
3250 4344 3521 4402 Ecclesia
3551 4362 3658 4403 an-

2007 4435 2215 4491 tistites
2253 4431 2473 4488 mirum
2494 4429 2555 4486 in
2585 4429 2837 4486 modum
2868 4429 3126 4499 excellis,
3152 4430 3261 4486 sed
3288 4433 3433 4507 quia
3456 4435 3661 4494 tunica

2010 4528 2113 4579 tua
2138 4521 2410 4595 pluribus
2431 4534 2619 4592 quam
2641 4518 2880 4574 illorum
2902 4518 3108 4575 tunica
3128 4519 3305 4576 malis
3334 4524 3570 4594 punicis
3589 4539 3661 4581 ac

2007 4608 2422 4669 tintinnabulis
2453 4607 2650 4664 aureis
2674 4607 3043 4664 interstincta
3061 4612 3208 4676 erat;
3226 4625 3413 4681 quam
3432 4612 3514 4668 ob
3531 4628 3662 4670 rem

2008 4708 2075 4759 ut
2105 4697 2410 4769 Evangelii
2437 4696 2794 4771 praedicator
2822 4701 2879 4752 et
2905 4702 2968 4753 ut
2994 4702 3194 4754 orator
3220 4697 3369 4768 legis
3387 4699 3663 4756 obscuras

2012 4788 2292 4864 symbola
2316 4784 2680 4856 fulgurando
2698 4785 3047 4858 superabas.
3070 4785 3159 4840 lbi
3174 4790 3238 4840 tu
3261 4786 3422 4842 viros
3440 4788 3665 4859 ingenii

2012 4897 2084 4938 ac
2122 4875 2307 4935 animi
2337 4874 2580 4931 dotibus
2607 4874 3046 4946 ornatissimos,
3078 4873 3407 4930 Clementes
3434 4891 3507 4933 ac
3527 4877 3662 4935 Dio-

2011 4969 2220 5042 nysios
2241 4964 2454 5022 obvios
2473 4963 2729 5020 habebis
2756 4969 2813 5020 et
2830 4963 2907 5021 de
2932 4967 2987 5019 te
3017 4967 3083 5019 ut
3101 4962 3282 5019 fratre
3306 4964 3664 5036 gaudentes,

2013 5058 2118 5133 qui
2142 5055 2219 5113 ad
2245 5054 2515 5127 ipsorum
2537 5051 2900 5126 exemplum,
2915 5050 3367 5127 philosophiam
3397 5055 3666 5113 Graecam

2015 5144 2362 5205 Christianis
2392 5139 2813 5214 philosophiae,
2832 5155 3071 5196 servam
3099 5139 3444 5212 diligentem
3475 5143 3667 5200 domi-

2013 5251 2109 5292 nae
2136 5235 2359 5289 sanctae
2389 5227 2716 5301 subjecisti.
2743 5231 2820 5285 Te
2857 5226 3053 5283 Basilii
3083 5231 3140 5283 et
3168 5228 3433 5298 Gregorii
3455 5230 3665 5300 gratis-

2016 5324 2239 5379 simum
2266 5318 2568 5375 advenam
2589 5315 2975 5387 excipiunt,et
2999 5313 3251 5385 dignum
3273 5316 3378 5386 qui
3400 5317 3667 5372 cohmres

2016 5411 2099 5468 sis
2121 5407 2397 5482 judicant
2431 5419 2572 5461 cum
2594 5403 2666 5460 iis
2698 5402 2806 5476 qui
2846 5402 3001 5459 sicut
3040 5407 3107 5459 tu
3154 5401 3523 5459 orationibus
3550 5402 3668 5467 exi-
