4168 6290
555 170 657 238 359

1417 165 1793 238 MICHAELIS
1829 165 2215 238 ΑΟΟΜῙΝΑΤΙ
2253 169 2682 238 ATHENARUM
2718 169 3044 236 ARCHIEP.

3807 167 3906 232 360

551 301 686 357 miis
725 300 783 357 et
807 299 945 372 plus
987 313 1174 374 quam
1199 303 1494 375 argenteis
1520 304 1617 361 vel
1654 304 1850 362 aureis
1880 304 2203 362 Ecclesiam

2309 306 2446 358 κατά
2509 305 2678 357 ταυτά
2719 305 2898 375 σφίσιν
2959 299 3290 354 ὑποκλίναντι
3345 301 3440 358 τὴν
3489 295 3712 357 Ἕλληνα
3767 297 3910 370 φιλο-

552 391 1122 448 condecoraverunt.
1154 392 1388 450 Phineas
1427 409 1670 467 quoque
1727 393 2043 464 collegium
2074 396 2201 453 sine

551 479 690 537 odio
734 484 791 536 et
845 479 1072 537 invidia
1101 486 1155 537 te
1209 482 1288 538 ad
1343 482 1614 555 ipsorum
1667 488 1868 556 partes
1911 485 2204 556 trahunt;

550 569 740 643 probe
769 569 930 625 enim
961 570 1154 627 sciunt
1183 576 1236 628 te
1267 571 1346 628 ad
1376 573 1744 645 impietatem
1771 573 1974 646 lapsos
2001 573 2198 632 verbis

549 657 976 732 reprobatoriis
1006 659 1206 716 acrius
1233 677 1420 734 quam
1444 661 1647 733 gladio
1673 662 2036 719 vulnerasse.
2054 663 2202 720 Tan-

553 749 694 804 dem
724 748 1008 814 Christus,
1039 749 1294 806 verbum
1332 750 1554 819 vivum,
1587 751 1880 824 sapientia
1925 753 2200 809 omnium

554 837 825 905 creatrix,
859 842 914 894 te
943 853 980 894 a
1007 837 1228 896 dextris
1251 855 1470 912 propre
1487 839 1772 898 thronum
1797 841 2202 912 sistit,majus-

552 943 670 1000 que
695 927 1002 1000 sapientiae
1019 928 1309 1002 poculum
1335 929 1611 1003 offerens,
1639 947 1862 989 novam
1887 932 1994 989 tibi
2012 931 2203 1006 potio-

551 1032 690 1073 nem
721 1017 1020 1090 propinat,
1043 1034 1232 1090 quam
1281 1035 1420 1076 cum
1462 1019 1811 1077 hominibus
1839 1021 2114 1093 perfectis
2139 1019 2202 1077 in

551 1121 738 1176 regno
762 1111 1012 1179 paterno
1043 1113 1285 1178 gustare
1315 1107 1394 1166 ab
1426 1109 1592 1166 omni
1643 1115 1912 1183 tempore
1941 1111 2203 1167 destina-

554 1199 680 1252 tum
709 1200 836 1252 erat
863 1211 876 1250 :
911 1215 941 1250 ‹
967 1197 1278 1254 Neminem
1307 1197 1468 1254 enim
1495 1198 1706 1269 diligit,
1732 1200 2014 1256 Salomon
2040 1199 2200 1266 dicit,

551 1283 666 1341 nisi
690 1300 831 1341 eum
859 1285 964 1357 qui
993 1300 1133 1341 cum
1173 1286 1469 1359 sapientia
1503 1287 1737 1344 habitat
1757 1289 1797 1343 ³.
1835 1310 1862 1339 »
1888 1291 1972 1345 Tu
2001 1295 2204 1345 autem

553 1374 657 1445 qui
679 1373 900 1444 jugiter
929 1389 1068 1429 cum
1106 1373 1209 1430 illa
1250 1389 1484 1445 manes,
1514 1375 1700 1432 solius
1746 1377 2053 1448 sapientia:
2081 1377 2205 1432 ille-

554 1462 748 1518 cebris
789 1461 1174 1532 detinebaris,
1196 1463 1319 1520 imo
1351 1479 1490 1520 cum
1527 1480 1600 1521 ea
1629 1467 1803 1538 quasi
1831 1483 1970 1522 cum
2019 1481 2204 1523 uxore

553 1550 909 1621 cdnjunctus
935 1549 988 1604 ei
1015 1549 1285 1618 vivebas,
1314 1551 1366 1608 ei
1387 1557 1659 1608 mortuus
1689 1569 1773 1626 es,
1803 1559 1860 1610 et
1884 1569 2046 1610 nunc
2074 1553 2205 1627 qui-

2311 399 2495 467 σοφίαν
2547 400 2610 467 τῇ
2658 399 3004 466 Χριστιανικῇ
3049 392 3294 463 θεοσοφίᾳ
3329 393 3419 442 καὶ
3460 395 3616 460 σεμνῇ
3661 383 3906 460 δεσποίνῃ

2311 479 2608 537 σπουδαίαν
2693 482 3002 554 θεράπαιναν
3059 497 3074 512 ο
3133 479 3268 532 ἔνθεν
3355 474 3414 530 δὲ
3477 475 3738 529 Βασίλειοι
3826 480 3912 527 καὶ

2309 577 2590 646 Γρηγόριοι
2645 567 2938 633 δεξιοῦνταί
2970 587 3048 636 σε,
3093 572 3184 622 καὶ
3227 576 3328 619 τῶν
3379 567 3505 638 παρ’
3559 565 3739 626 αὐτοῖς
3779 583 3912 636 συγ-

2308 661 2640 735 κληρονομεῖν
2695 659 2904 724 ἀξιοῦσι
2961 661 3128 732 μόνων
3163 699 3176 726 ,
3215 658 3286 718 οἷς
3353 658 3466 708 κατ’
3532 653 3754 717 ἐκείνους
3817 672 3910 708 πε-

2309 753 2556 826 ριέθηκας
2611 753 2808 821 κόσμον
2873 755 2936 820 τῇ
3007 745 3292 818 Ἐκκλησία
3355 744 3678 817 πολύτιμον,
3733 743 3911 814 λόγους

2307 839 2572 914 λαμπροὺς
2653 843 2744 891 καὶ
2819 833 3080 910 δόγμασιν
3175 832 3530 907 εὐαγγελικοῖς
3619 835 3911 905 γεγανωμέ-

2308 948 2428 990 νους
2503 929 2846 1000 θαυμασίως,
2905 929 2996 978 καὶ
3069 925 3139 987 ὡς
3193 927 3236 977 εἶ
3299 939 3377 984 τις
3439 921 3646 996 ἀργύρῳ
3711 924 3912 996 χρυσός

2311 1017 2594 1090 έπιχέοιτο.
2627 1015 2695 1068 Ἦ
2735 1033 2835 1069 που
2873 1019 2964 1067 καὶ
3009 1019 3115 1074 τοῖς
3169 1016 3290 1086 περὶ
3341 1014 3429 1064 τόν
3481 1010 3716 1072 ζηλωτὴν
3755 1011 3914 1071 Φινεὲς

2311 1106 2405 1159 οὐκ
2451 1105 2624 1167 ἄςηλα
2659 1107 2725 1157 τὰ
2769 1105 2904 1156 κατά
2953 1105 3010 1155 σε
3059 1105 3149 1155 καὶ
3193 1100 3354 1162 ἄλλως
3399 1097 3670 1175 ἀδήριτα;
3715 1098 3915 1154 Ἀνθέλη

2311 1214 2468 1248 κουσι
2515 1191 2575 1248 δὲ
2631 1211 2691 1246 σε
2727 1197 2816 1246 καὶ
2867 1189 3012 1244 οὗτοι
3045 1193 3175 1265 πρὸς
3216 1189 3426 1250 ἑαυτοὺς
3491 1193 3582 1242 καὶ
3633 1189 3918 1250 καθίζουσι

2309 1281 2573 1359 πάρεδρον
2606 1325 2619 1352 ,
2683 1278 2910 1348 εἰδότες,
2977 1283 3042 1342 ὡς
3101 1279 3303 1341 πλείους
3367 1279 3518 1340 αὐτὸς
3579 1281 3708 1354 ᾗπερ
3775 1279 3918 1332 οὗτοι

2305 1377 2664 1448 παρανομίαις
2737 1370 2966 1444 ἐκφύλοις
3042 1372 3513 1442 συμφθειρομένους
3589 1364 3664 1420 δι’
3730 1367 3918 1442 ἀμφοῖν

2315 1466 2567 1528 ὧθησας,
2629 1466 2718 1514 καὶ
2777 1465 3061 1534 τομώτερον
3119 1459 3466 1532 σειρομάστου
3534 1460 3723 1518 παντὸς
3778 1455 3918 1530 ἐλέγ·

2313 1573 2438 1626 χοις
2469 1549 2747 1612 διήλασας.
2783 1550 2898 1602 Ἐπὶ
2945 1555 3079 1601 πᾶσι
3110 1551 3343 1620 Χριστὸς
3371 1585 3384 1612 ,
3427 1548 3452 1598 ό
3488 1550 3648 1618 Λόγος
3675 1585 3690 1612 ,
3733 1547 3759 1599 ό
3791 1547 3917 1613 ζῶν,

554 1637 694 1694 dem
715 1637 794 1694 ab
821 1637 1104 1694 omnibus
1133 1639 1402 1712 corporis
1427 1640 1685 1697 miseriis
1713 1641 2204 1714 liberatus,fontis

2313 1645 2344 1701 ἡ
2403 1642 2706 1713 αὑτοσοφία,
2747 1641 2776 1697 ἠ
2836 1639 3039 1691 πάντων
3077 1641 3302 1709 γενέτις,
3346 1639 3435 1689 καὶ
3483 1637 3688 1689 πάντων
3737 1641 3920 1708 τεχνῖ-

555 1726 686 1797 ejus
718 1726 1168 1797 aeternijnstam
1198 1733 1432 1800 partem
1462 1745 1523 1786 es
1550 1736 1878 1787 assecutus.

2313 1749 2413 1802 τις,
2460 1729 2517 1782 ἐκ
2561 1725 2742 1791 δεξιῶν
2789 1730 2879 1779 καὶ
2919 1728 2987 1788 ὡς
3030 1725 3300 1798 ἐγγυτάτω
3347 1733 3447 1777 τῶν
3501 1723 3685 1786 ἑαυτῆς
3727 1725 3921 1798 θρόνων

553 1819 924 1889 παρεστήσατό
989 1834 1047 1868 σε
1108 1821 1196 1869 καὶ
1277 1818 1494 1890 μείζονα
1568 1823 1752 1892 σοφίας
1827 1823 2012 1879 ῖστησί
2078 1839 2162 1874 σοι
2231 1828 2505 1895 κρατῆρα,
2571 1821 2661 1870 καὶ
2743 1823 2834 1868 τοῦ
2917 1821 3097 1867 καινοῦ
3179 1819 3415 1888 προπίνει
3499 1831 3585 1866 σοι
3665 1819 3919 1887 πόματος,

555 1905 676 1976 ὅπερ
717 1906 850 1976 μετά
889 1911 986 1956 τῶν
1028 1901 1183 1968 ἀξίων
1222 1903 1270 1957 ἐν
1329 1915 1390 1979 τῇ
1451 1916 1678 1982 πατρικῇ
1746 1908 1991 1982 βασιλείᾳ
2048 1915 2209 1964 πίνειν
2276 1906 2521 1981 ἀψευδῶς
2564 1903 2874 1978 ἐπήγγελτο.
2921 1903 3080 1965 Αὖτός
3121 1922 3179 1957 σε
3229 1907 3328 1979 γὰρ
3377 1899 3528 1956 οὐδέν
3587 1901 3806 1975 ἀγαπᾷ,
3857 1900 3922 1966 ὣς

556 2011 688 2064 φησι
735 1991 1005 2064 Σολομῶν,
1050 1993 1093 2046 εἰ
1148 1997 1218 2065 μὴ
1275 1999 1361 2047 τόν
1431 2002 1589 2069 σοφίᾳ
1645 2006 2027 2054 συνοικοῦντα.
2091 2004 2190 2052 Καὶ
2247 2003 2312 2052 σὺ
2375 1995 2475 2065 δὲ,
2536 2003 2798 2070 παροικῶν
2865 1995 2940 2046 ἔτι
3002 1989 3194 2068 δεῦρο,
3227 1997 3386 2065 μόνου
3443 1991 3664 2055 κάλλους
3731 1999 3926 2066 σοφίας

556 2079 753 2148 ἑάλως,
796 2085 886 2132 καὶ
924 2087 1054 2155 μόνῃ
1099 2087 1257 2156 σοφίᾳ
1299 2091 1696 2160 προσετετήκεις
1745 2087 1894 2150 εὐθὺς
1943 2086 1998 2140 ἐκ
2051 2085 2282 2158 παιδὸς,
2335 2092 2424 2140 καὶ
2468 2082 2916 2145 συνδιαϐεϐίωκας
2965 2085 3124 2156 ταύτῃ
3168 2085 3258 2135 καὶ
3315 2081 3654 2154 ἐπανέψυξας,
3697 2087 3785 2135 καὶ
3833 2091 3925 2136 νῦν

555 2173 648 2228 τὴν
681 2165 854 2222 ἀίδιον
892 2173 1090 2234 ταύτης
1118 2177 1295 2244 πηγὴν
1325 2213 1340 2238 ,
1381 2173 1697 2234 κατάλληλον
1728 2175 1873 2238 λῆξιν
1897 2219 1912 2245 ,
1952 2175 2280 2253 κεκλήρωσαι
2301 2220 2316 2249 ,
2358 2183 2458 2229 τῶν
2503 2174 2726 2228 ἐνταῦθα
2761 2177 2882 2246 περὶ
2918 2175 2976 2225 τό
3021 2180 3174 2244 σῶμα
3195 2174 3286 2224 καὶ
3312 2169 3360 2223 ἐν
3401 2176 3606 2245 σώματι
3649 2167 3925 2226 δυσκόλων

553 2260 874 2334 ὑπεραρθεὶς.

625 2347 798 2412 Quod
830 2347 880 2402 si
915 2363 1027 2403 nos
1057 2352 1364 2405 terrestres
1391 2349 1618 2408 incolas
1661 2353 1926 2425 respicis,
1951 2371 1987 2410 o
2022 2354 2207 2412 chara

555 2435 762 2492 anima
789 2441 853 2492 ut
883 2452 1026 2492 sane
1055 2437 1237 2509 facis;
1273 2455 1394 2494 vox
1417 2440 1576 2497 enim
1609 2445 1866 2514 mystica
1889 2459 2001 2501 nos
2031 2445 2208 2501 docet

553 2523 669 2579 hoc
699 2524 1017 2595 praemium
1042 2525 1442 2584 honoriﬁcum
1487 2545 1624 2585 esse
1665 2531 1859 2601 justis,
1893 2538 1956 2589 ut
1985 2539 2068 2602 tu,
2101 2537 2207 2590 aut

554 2612 774 2684 pignus
799 2612 1103 2669 bonorum
1153 2617 1614 2687 promissorum,
1647 2635 1784 2691 quae
1828 2621 2036 2678 oculus
2081 2637 2205 2678 non

553 2701 888 2768 vidit,auris
907 2717 1030 2757 non
1051 2703 1282 2760 audivit
1309 2705 1366 2760 ef
1389 2723 1526 2778 quae
1553 2708 1613 2762 in
1634 2723 1738 2764 cor
1755 2709 2020 2766 hominis
2049 2727 2203 2767 nun-

553 2805 740 2862 quam
763 2789 1382 2854 descenderunt”,noli
1399 2795 1581 2851 hocce
1597 2795 2002 2870 lacrymarum
2027 2800 2203 2856 sacri-
2234 2786 2273 2840 (ἶ

553 2878 756 2933 ﬁcium
794 2879 1120 2950 aspernari,
1151 2882 1316 2952 quod
1357 2883 1464 2938 tibi
1490 2887 1774 2956 quamvis
1805 2903 1984 2960 super
2005 2889 2203 2960 sepul-

553 2983 723 3023 crum
767 2973 937 3024 tuum
985 2984 1110 3025 non
1160 2970 1420 3028 eﬂ‘usum
1460 2973 1645 3031 oﬁ‘ero
1670 2976 1859 3048 (quod
1891 2979 2205 3050 complecti

553 3057 979 3114 consolationis
1032 3075 1173 3130 ergo
1229 3077 1352 3117 non
1394 3063 1541 3119 mihi
1593 3065 1866 3137 datum);
1923 3069 2204 3140 quamvis

551 3147 675 3203 ista;
727 3145 1008 3219 lacrymae
1057 3149 1229 3206 melle
1285 3151 1538 3208 laudum
1585 3159 1824 3211 tuarum
1883 3173 2005 3212 non
2061 3158 2203 3213 satis

553 3237 806 3294 conditae
841 3237 1064 3293 sint.'l‘u
1093 3239 1238 3294 mihi
1256 3257 1498 3314 quoque
1530 3245 1824 3312 guttulam
1857 3247 2060 3316 gratiae
2091 3253 2204 3302 tuae

551 3325 925 3392 committas;
961 3326 1260 3394 ejusmodi
1290 3329 1450 3385 enim
1481 3331 1682 3388 ofﬁcia
1713 3335 2200 3403 praestare,dum-

550 3412 734 3469 modo
759 3413 1096 3479 velis,nunc
1121 3416 1384 3472 maxime
1405 3420 1596 3487 magis
1613 3435 1798 3492 quam
1820 3427 1996 3478 antea
2013 3424 2198 3479 vales.

551 3504 678 3558 Non
705 3505 911 3572 postea
939 3501 1127 3556 oculis
1165 3519 1277 3558 nos
1307 3505 1670 3570 videbimus,
1694 3525 1816 3564 non
1847 3525 1953 3582 per
1980 3511 2202 3568 litteras

551 3588 1116 3656 confabulabimur;
1146 3590 1516 3648 immensum
1551 3597 1709 3652 enim
1741 3600 2004 3668 spatium
2051 3601 2203 3656 inter

551 3685 770 3736 terram
801 3685 858 3736 et
883 3678 1101 3735 coelum
1130 3679 1518 3750 sidereum,id
1539 3689 1626 3740 est
1651 3686 1801 3741 inter
1820 3703 1930 3743 nos
1951 3687 2200 3745 interce-

549 3769 666 3838 dit;
699 3773 964 3825 attamen
993 3784 1116 3824 non
1147 3769 1541 3842 desperamus
1571 3773 1696 3829 fore
1727 3783 1790 3830 ut
1837 3782 2033 3833 tecum
2080 3795 2202 3836 una

549 3858 884 3914 simus.lsta
901 3857 1148 3928 quidem
1169 3857 1553 3931 intercapedo
1579 3861 1755 3918 nobis
1785 3881 2028 3938 quoque
2047 3871 2202 3924 tran-

549 3947 823 4012 silienda,
845 3945 1122 4017 quamvis
1151 3953 1287 4020 post
1311 3953 1575 4021 tempus,
1607 3953 1731 4007 erit.
1768 3954 1881 4009 Sed
1907 3955 2028 4011 alia
2051 3957 2199 4012 mihi

547 4051 710 4090 nunc
735 4034 1118 4107 intercapedo
1147 4037 1208 4092 in
1249 4043 1514 4095 mentem
1545 4040 1704 4096 venit
1733 4043 1922 4100 multo
1949 4044 2198 4101 horribi-

546 4123 678 4190 lior,
705 4137 818 4178 nec
851 4125 1047 4180 minor
1075 4141 1262 4198 quam
1295 4127 1576 4185 distantia
1601 4131 1752 4186 inter
1781 4132 1980 4189 sinum
2013 4135 2196 4193 Abra-

2308 4135 2519 4196 ἐσαῦθις
2586 4136 2897 4188 συνέσεσθαί
2955 4139 3038 4186 σοί
3107 4152 3230 4188 ποτε
3271 4156 3283 4166 ·

547 4210 716 4268 hami
741 4215 797 4267 et
821 4211 1038 4268 inferni
1066 4215 1383 4288 gurgitem,
1413 4221 1470 4273 et
1497 4218 1600 4274 ubi
1629 4220 1768 4276 hinc
1813 4221 1951 4278 inde
1999 4228 2196 4280 trans-

547 4302 631 4358 ire
679 4317 804 4358 non
845 4301 1040 4358 datur.
1063 4307 1146 4359 Tu
1174 4306 1420 4377 quidem
1473 4309 1534 4364 in
1571 4309 1888 4368 beatorum
1941 4329 2194 4372 numero

547 4391 821 4458 versaris,
851 4391 1027 4448 nobis
1053 4397 1255 4449 autem
1299 4397 1557 4453 maxime
1589 4401 1980 4458 metuendum
2007 4409 2095 4460 est
2119 4419 2194 4461 ne

545 4485 612 4538 ut
645 4481 843 4537 divitis
872 4481 1029 4537 illius
1058 4481 1118 4538 in
1149 4485 1430 4553 gehenna
1455 4486 1726 4544 ardentis
1752 4491 1894 4548 socii
1925 4493 2003 4549 ad
2027 4511 2192 4551 eam-

546 4569 686 4626 dem
717 4585 962 4642 poenam
983 4571 1457 4630 condemnemur
1477 4579 1534 4632 et
1554 4576 1615 4631 in
1647 4583 1934 4636 teternum
1965 4599 2002 4639 a
2034 4589 2084 4640 te
2108 4601 2194 4640 se-

544 4675 855 4734 paremur;
887 4675 1022 4732 qure
1039 4661 1285 4732 quidem
1303 4665 1597 4735 separatio
1614 4683 1752 4723 cum
1781 4685 2048 4742 praesens
2068 4677 2192 4729 tum

543 4749 743 4807 futura
805 4751 1076 4806 animum
1130 4767 1334 4808 meum
1375 4754 1725 4822 gravissime
1785 4761 1967 4831 angit.
2031 4764 2194 4820 Faxit

541 4843 697 4897 Deus
727 4857 836 4914 pro
873 4841 1282 4898 misericordia
1307 4847 1365 4899 et
1393 4844 1476 4900 tui
1505 4845 1698 4914 gratia
1742 4853 1804 4904 ut
1851 4853 2112 4923 Moysem
2137 4857 2193 4909 et

542 4931 868 5002 proPhetas
887 4929 1208 4987 audiamus
1235 4930 1564 5004 Christique
1589 4933 1823 4992 Domini
1853 4939 2191 4998 testimonio

543 5017 859 5074 credamus
885 5018 988 5090 qui
1019 5035 1054 5074 a
1079 5019 1331 5075 mortuis
1360 5023 1698 5091 resurrexit,
1731 5031 1788 5083 et
1809 5033 1874 5084 ut
1895 5029 2190 5086 sinceram

539 5105 837 5162 faciamus
855 5107 1269 5179 paenitentiam
1297 5125 1578 5183 agamus,
1601 5129 1676 5170 ne
1703 5119 1758 5172 et
1785 5116 1898 5188 ipsi
1923 5117 1984 5172 in
2005 5119 2192 5175 istum

538 5193 742 5251 locum
760 5197 1068 5252 tormentis
1087 5197 1455 5257 horrendum
1480 5201 2006 5274 detrudamur,sed
2026 5207 2190 5278 digni

537 5283 879 5342 habeamur
906 5286 1012 5358 qui
1039 5291 1237 5347 tecum
1261 5289 1379 5349 Deo
1410 5295 1808 5368 omnipotenti
1851 5312 2023 5357 sacra
2051 5312 2190 5372 per-

611 5491 632 5532 θ
665 5490 804 5566 Sap.
837 5507 938 5569 vn,
969 5497 1058 5558 28.
1137 5497 1159 5539 ⁸
1197 5501 1374 5562 ICor.
1413 5517 1476 5578 ιι,
1503 5499 1557 5564 9.

2386 2351 2524 2406 Ἀλλ’
2567 2355 2613 2405 εἰ
2653 2369 2705 2404 τι
2757 2358 2854 2403 τῶν
2895 2347 3116 2403 ἐνταῦθα
3167 2355 3256 2402 καὶ
3299 2341 3387 2402 νῦν
3449 2345 3614 2402 κλύων
3672 2345 3928 2426 ἐπέστρα-

2313 2441 2434 2514 ψαι,
2475 2440 2514 2494 ὦ
2575 2446 2706 2514 σοφὴ
2748 2445 2838 2493 καὶ
2877 2439 2991 2513 φίλη
3031 2439 3209 2511 ψυχὴ,
3261 2439 3433 2513 ὥσπερ
3503 2439 3606 2514 άρα
3643 2445 3734 2493 καὶ
3799 2439 3922 2494 ἐπέ-

2316 2530 2551 2606 στραψαι
2621 2526 2789 2588 δήπου
2865 2531 3039 2602 (γέρας
3115 2531 3258 2601 γὰρ,
3335 2530 3403 2590 ὡς
3471 2527 3518 2580 ἐν
3603 2527 3926 2604 ἀπορῥήτοῐς

2313 2623 2634 2693 μανθάνομεν
2665 2663 2680 2690 ,
2739 2625 2893 2670 τοῦτο
2947 2625 3054 2680 τοῖς
3111 2617 3246 2669 κατά
3281 2620 3376 2685 σε,
3409 2616 3496 2670 εἴτ’
3541 2614 3628 2669 οὖν
3681 2617 3922 2692 ἀρραϐὼν

2314 2717 2413 2760 τῶν
2443 2707 2492 2760 ἐν
2531 2707 2855 2780 ἐπαγγελίαις
2907 2705 3112 2778 ἀγαθῶν
3135 2749 3149 2774 ,
3183 2715 3281 2758 τῶν
3321 2704 3429 2758 οὔθ’
3483 2707 3678 2778 ὁρατῶν
3731 2705 3921 2780 ὀφθαλ-

2312 2805 2467 2871 μοῖς,
2520 2798 2627 2849 οὕτ⁹
2677 2795 2944 2849 ἀκουστῶν
2984 2797 3112 2848 ὧσὶν
3143 2839 3157 2864 ,
3199 2795 3306 2847 οὔτ’
3365 2794 3656 2868 ἀνθρωπίνῃ
3717 2793 3917 2870 καρδίᾳ

2312 2887 2696 2956 καταληπτῶν),
2741 2882 2924 2958 δέχοιο
2990 2881 3146 2942 τήνδε
3177 2885 3243 2934 ὧν
3292 2881 3499 2936 σπένδω
3551 2903 3632 2936 σοι
3670 2880 3911 2959 δακρύων

2313 2981 2468 3048 χοὴν,
2530 2977 2623 3028 οὐκ
2697 2975 2780 3027 ἐπὶ
2831 2983 2901 3045 τῷ
2963 2973 3229 3045 πολυόλϐῳ
3285 2979 3374 3026 καὶ
3440 2973 3774 3046 πολυκλαύτῳ
3841 2981 3916 3046 σῷ

2312 3069 2604 3137 κεχυμένην
2669 3062 2848 3137 τύμϐῳ
2891 3065 2990 3134 (ὅτι
3058 3060 3197 3136 μηδὲ
3251 3063 3673 3137 περιπτύξασθαι
3737 3071 3918 3116 τοῦτον

2313 3157 2478 3208 ἔνεστί
2515 3174 2626 3227 μοι,
2680 3158 2768 3206 καὶ
2807 3173 2924 3205 τινα
2969 3151 3300 3226 παραψυχὴν
3359 3151 3544 3205 ἐκεῖθεν
3577 3151 3922 3222 ἀρύσασθαι),

2313 3247 2429 3296 οὔτε
2478 3243 2648 3314 πολλῴ
2721 3246 2810 3294 καὶ
2869 3243 2989 3294 ὅσον
3039 3239 3203 3315 ἐχρῆν
3261 3240 3528 3313 ἐγκωμίων
3571 3251 3674 3293 σῶν
3741 3261 3926 3317 κεκρα-

2314 3336 2472 3406 μένων
2527 3332 2695 3405 μέλιτι
2750 3349 2760 3360 ·
2809 3335 2897 3382 καὶ
2938 3349 3026 3386 μοι
3065 3338 3162 3381 τῶν
3205 3338 3308 3382 σῶν
3355 3335 3592 3403 χαρίτων
3645 3329 3929 3394 ἐνσάλαξον

2311 3423 2522 3474 ὁσονοῡν
2577 3420 2828 3493 ψέκασμα
2873 3435 2887 3450 ⁸
2931 3418 3039 3481 ἐξόν
3093 3421 3195 3493 γάρ
3237 3438 3321 3471 σοι
3361 3417 3654 3491 βουλομένῳ
3701 3424 3932 3492 χαρίζε-

2314 3514 2471 3580 σθαι,
2521 3515 2611 3563 καὶ
2675 3511 2838 3583 μείζω
2901 3505 2988 3560 νῦν
3028 3509 3057 3566 ἡ
3099 3513 3346 3583 πρότερον
3389 3546 3402 3558 .

2309 3599 2544 3672 ὀψόμεθα
2607 3601 2815 3672 θάτερον
2859 3605 2950 3650 τοῦ
2995 3597 3196 3664 λοιποῦ,
3230 3601 3345 3649 οὔτε
3385 3607 3507 3670 γοῦν
3534 3642 3548 3666 ,
3581 3595 3926 3651 ἀντεπιστέλ-

3447 3509 3520 3560 O-J
3569 3513 3670 3582 γαρ
3739 3509 3930 3582 ἅτερος

2307 3689 2477 3751 λοντες
2552 3687 2819 3756 ἀλλήλοις,
2893 3692 2987 3746 τὴν
3063 3683 3337 3760 ἀπόδημον
3412 3687 3616 3760 ὁμιλίαν
3702 3693 3929 3760 σοφισό-

2308 3781 2440 3852 μεθα
2469 3800 2480 3812 ·
2509 3779 2704 3850 χάσμα
2745 3781 2842 3851 γάρ
2884 3781 3020 3849 μέγα
3045 3821 3058 3845 ,
3086 3781 3176 3828 καὶ
3213 3777 3334 3828 ὅσον
3392 3781 3708 3849 μεταίχμιον
3760 3783 3926 3848 γαίης

2306 3889 2361 3922 τε
2424 3873 2514 3921 καὶ
2597 3867 2815 3943 οὐρανοῦ
2895 3865 3258 3942 ἀστερόεντος,
3329 3863 3632 3941 ἐστήρικται
3716 3867 3921 3940 μεταξὺ

2307 3961 2452 4030 ἡμῶν
2481 3977 2535 4010 τε
2573 3963 2661 4009 καί
2713 3964 2828 4009 σοῦ.
2871 3961 2973 4008 Καὶ
3031 3957 3132 4008 εἴθε
3170 3961 3322 4028 μόνον
3363 3951 3423 4012 ἦν
3465 3963 3636 4024 τοῦτο,
3677 3961 3768 4009 καὶ
3818 3957 3922 4009 οὐκ

2306 4047 2366 4099 ἂν
2423 4054 2655 4120 κρεῖττον
2694 4049 2724 4104 ἤ
2767 4045 2879 4098 κατ’
2945 4042 3136 4097 ἐλπίδα
3199 4047 3448 4120 ἡμετέραν
3513 4041 3685 4098 ἐδόκει
3723 4049 3784 4098 τὸ
3826 4051 3917 4098 καὶ

3330 4137 3549 4210 περατόν
3615 4137 3716 4210 γάρ
3771 4135 3922 4187 ἐστιν

2303 4227 2449 4297 ἡμῶν
2509 4223 2801 4296 ἀναγκαίως
2839 4229 2992 4275 τουτο
3029 4225 3088 4275 τό
3145 4225 3338 4294 χάσμα
3361 4265 3375 4290 ,
3414 4227 3503 4274 καὶ
3541 4223 3662 4274 ὅσον
3702 4219 3924 4276 οὐδέπω

2303 4319 2392 4366 καὶ
2433 4314 2580 4366 αὐτοὶ
2637 4313 2866 4386 πρὸςτά
2903 4311 3086 4364 αὐτόθι
3132 4331 3229 4364 που
3287 4313 3488 4371 πάντως
3543 4308 3744 4364 ἐνθένδε
3797 4309 3925 4364 δια-

2305 4401 2600 4476 βησόμεθα.
2629 4409 2735 4456 Νῦν
2777 4399 2835 4454 δὲ
2876 4397 3113 4476 δεύτερον
3153 4399 3232 4453 ἐπ’
3273 4399 3409 4473 αὐτῷ
3461 4403 3656 4474 χάσμα
3711 4402 3922 4454 πυνθά-

2302 4513 2456 4564 νομαι
2543 4491 2672 4544 πολὺ
2762 4489 3103 4566 φοϐερώτερον
3135 4531 3148 4556 ,
3225 4492 3411 4542 καθότι
3486 4495 3576 4542 καὶ
3653 4487 3928 4564 ἀποτομία

2305 4577 2630 4640 διαστάσεως
2703 4577 2966 4653 ἀπέῤῥωγε
3039 4575 3231 4630 πλείονι
3265 4621 3278 4646 ,
3355 4582 3445 4630 καὶ
3519 4578 3617 4635 ὅση
3693 4597 3776 4639 τις
3855 4579 3922 4628 οἷν

2300 4673 2500 4743 γένοιτο
2538 4671 2567 4728 ἡ
2619 4666 2718 4720 ἀπὸ
2772 4668 3076 4739 κευθμωνων
3122 4662 3255 4736 ᾅδου
3321 4664 3366 4726 ἔς
3403 4665 3622 4727 κόλπους
3674 4665 3921 4740 Ἀϐραὰμ

2303 4758 2526 4832 ἀγομένη
2598 4754 2875 4829 διάμετρος
2915 4775 2928 4788 ·
2971 4759 3040 4817 ὡς
3105 4751 3219 4807 οὐδ’
3281 4755 3497 4828 ἑτέρωσε
3563 4762 3654 4808 τοῦ
3724 4755 3922 4806 λοιποῦ

2303 4845 2589 4901 διαϐαίνειν
2647 4845 2832 4909 ἐξεῖναι
2889 4851 2994 4905 τοῖς
3047 4843 3170 4919 παρ’
3221 4843 3454 4920 ἑκάτερα.
3497 4841 3729 4897 Δεδιέναι
3783 4849 3927 4914 γοῦν

2299 4937 2466 5008 ἀξιον,
2507 4939 2602 5009 μὴ,
2637 4943 2731 4988 σοῦ
2788 4953 2848 5005 γε
2903 4933 3266 5006 κατειληφότος
3323 4931 3430 4991 ἠδη
3482 4953 3574 4991 την
3627 4941 3725 4984 τῶν
3775 4935 3932 4985 κατὰ

2303 5029 2361 5079 σε
2398 5030 2667 5101 μακαρίων
2721 5029 2942 5098 χώραν,
2981 5025 3133 5095 ἡμεῖς
3179 5025 3247 5086 ὡς
3306 5019 3520 5094 ἀδελφοὶ
3563 5029 3655 5074 τοῦ
3713 5019 3760 5073 ἐν
3805 5017 3926 5096 ᾅδῃ

2303 5113 2718 5188 βασανιζομένου
2761 5113 3018 5167 πλουσίου
3059 5112 3131 5174 εἰς
3173 5115 3260 5164 τὸν
3315 5111 3470 5163 αὐτόν
3526 5110 3700 5181 ἐκείνῳ
3751 5113 3932 5164 τόπον

2301 5201 2728 5278 ἀπαχθησόμεθα
2757 5245 2770 5270 ,
2825 5207 2915 5256 καὶ
2957 5206 3073 5254 τότε
3123 5197 3188 5259 δὴ
3235 5203 3348 5252 τότε
3385 5199 3590 5272 μεγάλῳ
3635 5201 3798 5261 ὄντως
3829 5205 3934 5253 καὶ

2299 5287 2527 5356 οὐδόλως
2585 5301 2790 5372 περατῷ
2845 5287 3244 5365 διαστησάμεθα
3295 5289 3578 5362 χάσματι.
3629 5286 3786 5341 Οὒτω
3832 5295 3936 5344 καὶ
