4168 6290
248 231 327 286 361
1400 219 1738 276 MONODIA
1774 221 1845 277 IN
1886 223 1894 277 J

1993 222 2210 277 XTREM
2251 223 2457 279 SUUM.
3535 227 3639 281 362

254 349 342 414 ἤδη
400 352 639 426 παρόντι
685 353 779 408 τῆς
834 339 1164 405 διαστάσεως
1226 344 1615 417 ὑπεράχθομαι,
1679 350 1769 397 καὶ
1828 348 1886 398 τὸ

1996 360 2252 416 agamus
2280 350 2338 402 et
2365 346 2426 402 in
2453 346 2903 403 sanctissimum
2923 347 3048 405 veri
3072 347 3446 405 tabernaculi
3464 365 3501 406 a
3523 349 3642 406 Deo

254 441 407 516 pello»
487 444 585 492 τοῦ
670 441 950 510 χωρισμοῡ
1032 432 1181 486 πλέον
1245 430 1564 506 πεφόϐημαι·
1638 439 1758 493 Δοίη
1829 431 1888 488 δὲ

2003 434 2148 507 ipso,
2179 450 2302 490 non
2328 434 2406 491 ab
2435 435 2786 491 hominibus
2816 438 3095 494 exstructi
3122 437 3491 495 introeamus
3533 454 3649 511 pu-

257 535 385 596 Θεὸς,
466 527 761 599 ἐλεούμενος
834 526 979 598 παρὰ
1052 529 1168 591 σοῦ,
1242 520 1443 574 ἀκούειν
1509 525 1599 595 μὲν
1664 529 1888 585 Μωσέως

1734 529 1888 585 υσέως
1993 523 2326 597 riticaitque
2352 524 2643 581 sacriﬁcio
2672 525 2972 598 supplices
3002 530 3380 583 assistamus.

256 625 331 673 καὶ
397 626 498 671 τῶν
571 621 876 690 προφητῶν,
935 612 1207 664 πείθεσθαι
1277 607 1336 663 δὲ
1403 608 1866 687 διαμαρτυρομένου
1922 614 2048 684 ἡμῖν
2104 618 2194 665 καὶ
2250 620 2321 684 τῷ
2390 613 2445 666 ἐκ
2503 623 2693 688 νεκρῶν
2760 613 3043 668 ἀναστάντι
3106 613 3336 689 δεσπότῃ
3411 624 3648 691 Χριστῷ,

256 715 331 762 καὶ
398 710 641 780 γνησίως
718 708 998 776 μετανοεῖν*
1078 701 1162 752 ἵνα
1235 703 1308 772 μὴ
1379 705 1469 753 καὶ
1541 701 1689 754 αὐτοὶ
1770 706 1837 763 εὶς
1912 705 2032 763 τοὺς
2104 706 2296 764 τόπους
2370 701 2583 764 ἐκείνους
2664 712 2755 764 τῆς
2822 702 3057 776 βασάνου
3134 703 3458 775 ἁπέλθοιμίν.
3545 704 3651 758 ἀλλ’

257 798 577 869 ἀξιωθείημεν
655 796 753 847 σὺν
835 795 918 843 σοὶ
997 791 1156 842 θῦσαι
1229 797 1301 859 τῷ
1384 796 1499 861 Θεῷ
1582 792 1768 843 θυσίαν
1848 791 2103 858 αἰνέσεως,
2175 793 2243 853 εἰς
2304 796 2362 846 τὸ
2428 790 2692 867 ἐνδότερον
2754 794 2902 866 ἅγιον
2965 802 3055 855 τῆς
3129 793 3373 856 ἀληθινῆς
3436 804 3653 865 σκηνῆς,

255 890 306 948 ἦν
360 885 513 959 Eppia
578 884 782 958 Κύριος
844 883 934 932 καὶ
963 879 1056 932 οὐκ
1120 879 1407 953 ἄνθρωπος,
1473 879 1740 949 εἰσιόντες,
1808 885 1897 932 καὶ
1957 890 2030 952 τῷ
2094 887 2199 936 ἐκεῖ
2260 891 2427 955 νοητῷ
2497 885 2724 958 θντηριῳ
2790 886 3150 959 καθαρώτερον
3213 881 3645 958 προσεδρεύοντες

255 983 334 1029 καὶ
347 977 466 1050 latr?
473 978 711 1033 εὐουτες.
3390 1020 3397 1025 .

679 1186 1896 1379 MICHAELIS
2010 1191 3237 1383 ACOMINATI

1607 1510 2135 1623 CHONIA
2149 1514 2376 1622 ΤλἘ

583 1759 1394 1858 SANCTISSIMI
1485 1760 2312 1858 ATHENARUM
2396 1762 3347 1863 METROPOLIT/E

1837 1992 2087 2034 MONODIA

685 2106 760 2160 IN
804 2104 1080 2159 FUNERE
1122 2103 1431 2173 FRATRIS,
1469 2103 1885 2159 JUDICIORUM
1922 2102 2178 2159 EPHORI
2216 2104 2842 2172 IMPERATORIOQUE
2883 2108 3229 2164 CUBICULO

1148 2199 1556 2270 PRAEPOSITI,
1626 2202 1685 2256 C.
1742 2202 2010 2258 NICETAE
2068 2202 2466 2275 CHONIATZE,
2508 2204 2782 2261 HABITA'

248 2335 325 2387 Ex
364 2330 513 2387 edit.
548 2325 815 2387 Morellii.
850 2324 1037 2384 Paris.
1069 2325 1222 2393 1580,
1254 2327 1337 2393 80,
1363 2328 1705 2382 —Graecum
1732 2328 1958 2382 textum
1978 2329 2119 2398 post
2142 2326 2445 2400 impressa
2474 2329 2680 2386 Latina
2700 2330 3038 2386 invenimus
3064 2331 3127 2386 in
3153 2330 3475 2386 cod.Paris.
3513 2334 3671 2399 1234,

313 2418 527 2476 saeculi
553 2416 777 2474 decimi
812 2414 1032 2487 quarti,
1063 2414 1456 2486 bombycino,
1490 2414 1598 2470 sed
1625 2413 1859 2470 lacunis
1889 2414 2104 2471 misere
2133 2415 2378 2483 fuadato,
2411 2434 2566 2490 quas
2586 2418 2880 2475 Morellius
2904 2420 3195 2493 interpres
3228 2419 3607 2491 conjicienda

1168 2502 1446 2576 explevit.
1489 2505 1693 2560 Exstat
1719 2501 1917 2576 qualis
1946 2503 2147 2577 qualis
2174 2504 2236 2561 in
2261 2505 2593 2579 ﬁnehujus
2623 2509 2795 2580 tomi)

330 2759 377 2815 0
427 2755 850 2813 calamitosum
916 2752 1237 2809 nuntium!
1289 2768 1326 2809 o
1382 2752 1708 2809 adversum
1765 2751 1919 2808 infe-
1949 2752 1990 2806 Β
2032 2754 2154 2811 sive
2182 2755 2488 2829 lapideam
2516 2759 2841 2833 illam,quae
2862 2760 2953 2834 (ut
2980 2761 3041 2816 in
3070 2760 3292 2817 fabulis
3342 2759 3448 2828 est)
3480 2762 3681 2816 mutas

253 2853 543 2919 stumque
585 2842 940 2900 rumorem!
995 2842 1095 2915 qui
1157 2840 1337 2897 simul
1388 2857 1457 2899 ac
1498 2841 1827 2914 improviso
1867 2844 1925 2897 et
2032 2842 2276 2900 distillat
2310 2845 2647 2920 lacrymas:
2676 2848 2801 2904 sive
2831 2849 3018 2915 illam,
3054 2849 3229 2919 cujus
3270 2849 3332 2903 in
3377 2848 3684 2919 Scriptura

253 2938 570 3009 insperato
636 2932 961 2990 hominum
1031 2946 1308 2987 sermone
1370 2946 1538 2987 meas
1595 2931 1674 2986 ad
1746 2945 1923 2986 aures
2032 2934 2258 2989 mentio
2286 2933 2371 3001 ﬁt,
2404 2951 2662 3008 quaeque
2692 2936 2870 3005 vulgo
2902 2942 3101 2992 statua
3129 2936 3269 2991 salis
3299 2933 3638 3007 appellatur
3661 2934 3678 2968 ¹

253 3025 481 3083 allatus
504 3027 623 3091 est;
658 3022 771 3078 illa:
804 3037 949 3077 mox
978 3023 1143 3077 tanto
1175 3026 1396 3076 terrore
1418 3020 1732 3076 concitatae
1762 3024 1922 3085 sunt,
2033 3022 2272 3089 (eodem
2318 3029 2472 3081 certe
2518 3040 2759 3081 mecum
2790 3026 3221 3097 communique
3259 3023 3524 3089 nomine,
3575 3022 3684 3095 qui

250 3119 318 3170 ut
362 3113 520 3169 mihi
566 3109 760 3183 (quod
789 3108 1182 3165 delirantibus
1212 3111 1271 3164 et
1298 3111 1496 3164 mente
1546 3107 1736 3180 captis
1787 3123 1927 3163 usu-
2033 3112 2182 3168 nihil
2248 3113 2414 3169 aliud
2459 3130 2589 3170 esse
2654 3114 2803 3171 mihi
2851 3114 3081 3184 videor,
3125 3129 3313 3186 quam
3361 3113 3450 3170 sal
3500 3111 3686 3169 insul-

248 3204 464 3259 venire
498 3200 675 3270 solet)
713 3198 931 3255 tinnire
957 3202 1137 3271 atque
1175 3197 1647 3266 circumsonare,
1687 3202 1926 3270 pectus-
2035 3217 2170 3256 sum
2197 3201 2294 3273 (1),
2325 3200 2673 3275 idcircoque
2702 3202 2864 3260 foras
2889 3204 3249 3275 projectum,
3272 3205 3338 3259 ut
3373 3201 3453 3258 ab
3481 3201 3682 3258 homi-

246 3307 376 3365 que
422 3290 583 3347 adeo
626 3289 832 3361 ipsum
862 3301 1118 3343 maerore
1150 3286 1606 3353 contabescens,
1638 3300 1927 3342 mucrone
2034 3290 2213 3346 nibus
2240 3291 2661 3362 conculcetur),
2698 3296 2902 3350 tamen
2925 3308 3002 3349 ne
3031 3292 3117 3349 sic
3151 3292 3399 3366 quidem
3430 3290 3687 3347 vindicis

246 3381 373 3455 peti
399 3376 807 3450 transﬁgique
835 3375 1156 3433 videretur.
1192 3376 1356 3433 Unde
1404 3380 1679 3433 cruentas
1721 3375 1927 3446 hasce,
2034 3378 2352 3435 Adrastmae
2378 3381 2653 3438 Nemesin
2675 3381 2891 3453 effugi;
2915 3383 3143 3455 quippe
3167 3380 3687 3454 quidiuturniores

245 3472 500 3544 opinor,
515 3483 679 3540 quas
694 3464 1183 3522 effunduntoculi
1198 3463 1504 3538 lacrymas
1524 3468 1931 3537 conceperunt
2034 3484 2247 3540 paenas
2292 3468 2479 3536 luam,
2512 3470 2660 3527 dum
2690 3487 2929 3544 semper
2970 3471 3133 3528 idem
3162 3471 3423 3538 futurus,
3472 3468 3687 3526 infesto

245 3559 529 3616 cruentis
603 3555 722 3612 illis
782 3554 968 3626 guttis
1010 3552 1366 3627 persimiles,
1427 3568 1585 3626 quas
1623 3552 1929 3623 tragoediis
2034 3554 2286 3610 numine
2344 3556 2574 3612 cunctis
2624 3556 2968 3613 illudendus
3023 3571 3296 3629 exponor
3344 3557 3440 3626 ('2).
3500 3553 3687 3611 Altior

246 3645 645 3721 perappositi
695 3643 935 3700 scenica
986 3642 1169 3713 vulgo
1227 3647 1510 3699 venustas
1555 3640 1819 3712 efﬁngit:
1865 3646 1931 3698 ut
2037 3645 2216 3701 etiam
2260 3645 2448 3703 multo
2490 3646 2583 3704 vel
2625 3647 2796 3718 jecur
2840 3646 2920 3704 ad
2972 3646 3173 3720 ipsum
3213 3644 3385 3701 dolor
3410 3646 3685 3716 penetrat

244 3739 487 3795 mirum
521 3735 621 3805 sit,
645 3734 795 3806 quin
820 3738 878 3789 et
905 3734 1037 3806 ipse
1057 3731 1446 3788 attonitorum
1481 3730 1721 3788 illorum
1766 3731 1930 3788 fana-
2036 3733 2183 3789 dum
2272 3736 2546 3792 cominus
2631 3736 3025 3810 contemplor,
3098 3734 3296 3807 qualis
3380 3731 3685 3788 malorum

244 3828 655 3898 ticorumque
676 3838 836 3878 unus
860 3821 1079 3894 aliquis
1102 3819 1418 3889 evaserim,
1440 3821 1728 3893 omnique
1751 3836 1931 3876 sensu
2037 3822 2331 3896 colophon
2378 3825 2623 3882 misellae
2675 3826 2893 3882 animae
2923 3824 3183 3890 insultet,
3224 3819 3423 3894 qualis
3471 3833 3663 3876 uarum

248 3918 546 3990 privatus
585 3914 651 3969 in
709 3911 1057 3968 columnam
1101 3909 1372 3982 aliquam
1412 3909 1783 3980 diriguerim.
1841 3908 1932 3965 Ad
2038 3927 2251 3968 narum
2281 3914 2519 3970 coronis
2554 3913 2822 3986 pristinis
2852 3912 3026 3968 malis
3070 3911 3392 3975 accrescat,
3425 3906 3686 3979 denique

246 4007 643 4064 hodieruum
675 4006 881 4058 tamen
904 4015 1095 4073 usque
1111 3999 1349 4055 diemin
1380 3999 1654 4055 vivorum
1680 4013 1932 4055 numero
2040 4016 2227 4074 quam
2258 4003 2594 4075 perniciosa
2612 4001 2792 4057 rebus
2807 4001 2982 4067 meis,
3006 3998 3497 4071 infortunataque
3526 4012 3690 4052 sum-

248 4110 623 4170 supersum,
655 4106 782 4148 non
823 4091 1074 4160 ignarus
1103 4093 1366 4162 quantas
1403 4087 1465 4143 in
1507 4087 1776 4143 miserias
1820 4087 1931 4143 sim
1964 4141 2003 4170 ρ
2042 4105 2144 4145 ma
2164 4093 2656 4165 accesseritzquaa
2677 4090 3291 4161 mihi,quaaso,pmna
3302 4086 3431 4159 jam
3448 4085 3690 4158 gravior

249 4141 323 4153 ....
377 4141 623 4160 ..-υ-..η
658 4141 782 4148 --..
823 4141 1070 4160 -0”---
1108 4141 1360 4162 τππ-
2043 4141 2144 4145 -π
2167 4141 2555 4165 -,-,------,Ἴ

247 4141 620 4258 prolapsus,
642 4196 907 4254 quarum
928 4178 1267 4249 cognitione
1288 4182 1346 4234 et
1370 4177 1755 4245 conscientia,
1787 4192 1934 4250 que-
1964 4141 2004 4197 ϐ
2042 4178 2293 4249 irrogari
2317 4180 2555 4252 potest?

249 4276 431 4331 rulas
463 4275 585 4330 has
610 4286 789 4326 voces
815 4273 873 4326 et
894 4266 1193 4340 singultus
1222 4267 1563 4338 reciprocos
1589 4265 1783 4322 elicio.
2116 4266 2221 4323 Hei
2270 4268 2416 4324 mihi
2442 4269 2454 4323 t
2508 4267 2856 4324 charissime
2916 4266 3117 4337 frater,
3150 4264 3249 4321 hei
3277 4264 3463 4321 mihi!
3504 4277 3693 4333 quam

326 4360 883 4419 Verumenimvero
921 4356 1052 4412 ﬁeri
1080 4358 1296 4428 potest,
1318 4359 1384 4411 ut
1407 4354 1524 4410 hac
1565 4359 1691 4411 arte
1723 4369 1935 4427 poenas
2044 4356 2254 4430 procul
2279 4373 2315 4414 a
2344 4357 2518 4414 nobis
2557 4357 2803 4413 dissitus
2833 4356 2933 4412 es!
2970 4371 3095 4412 non
3119 4358 3350 4428 quanto
3381 4357 3537 4411 certe
3564 4353 3697 4410 heri

254 4468 302 4507 a
348 4468 453 4505 me
498 4450 721 4505 vindex
777 4449 1013 4504 Numen
1057 4445 1278 4514 exigat,
1321 4458 1398 4498 ne
1440 4442 1588 4499 forte
1628 4447 1826 4500 mente
1875 4443 1938 4499 in
2043 4445 2342 4502 nudiusve
2410 4447 2616 4503 tertius
2671 4445 2884 4518 spatio,
2968 4445 3255 4501 nimirum
3329 4442 3533 4516 aliquo
3596 4441 3697 4498 illo

264 4539 645 4595 universum
668 4540 906 4609 captus,
948 4538 1005 4589 et
1049 4532 1331 4588 sensibus
1370 4531 1641 4595 orbatus,
1672 4537 1938 4588 extremo
2048 4535 2376 4607 chasmate,
2400 4534 2568 4608 quod
2598 4534 2884 4591 Graeciam
2915 4538 2972 4589 et
2994 4533 3336 4605 Bithyniam
3366 4531 3699 4602 interjacet,

264 4629 397 4685 hoc
482 4627 780 4702 supplicio
850 4622 1027 4680 siccis
1069 4620 1279 4690 oculis,
1333 4621 1600 4693 citraque
1669 4620 1938 4677 dolorem
2049 4623 2157 4679 sed
2201 4623 2390 4680 multo
2432 4624 2691 4681 vastiore
2716 4628 2773 4679 et
2796 4623 3152 4679 remotiore:
3194 4625 3426 4694 quanto
3477 4620 3701 4675 scilicet

260 4721 679 4792 constringar,
712 4716 823 4773 sed
851 4715 1089 4785 integra
1117 4716 1315 4769 mente
1341 4711 1649 4785 praeditus,
1682 4713 1940 4784 quaeque
2051 4712 2237 4769 Orcus
2284 4728 2320 4769 a
2349 4713 2679 4769 viventium
2726 4712 2969 4782 regione
3000 4712 3380 4783 disjungitur.
3428 4710 3551 4763 Heu
3600 4722 3700 4762 me

260 4810 514 4867 dolores
575 4803 1016 4882 persentiscere
1060 4801 1276 4875 possit,
1331 4800 1526 4857 acrius
1569 4799 1709 4856 inde
1766 4800 1942 4857 vivus
2052 4801 2342 4857 miserum
2372 4801 2384 4856 !
2417 4802 2585 4874 quod
2610 4802 2752 4858 hinc
2777 4800 2856 4857 ad
2876 4799 3285 4857 remotissima
3316 4795 3418 4853 illa
3454 4794 3590 4850 loca
3617 4793 3700 4849 sis

256 4900 613 4972 vidensque
642 4895 940 4952 lanciner.
974 4890 1274 4964 quidquid
1301 4904 1445 4945 sane
1466 4888 1723 4945 tristium
1762 4904 1943 4946 sensu
2053 4889 2377 4959 admissus,
2409 4907 2482 4946 ex
2519 4891 2742 4963 quibus
2770 4890 2937 4946 nulla
2983 4889 3212 4947 reditus
3265 4886 3344 4943 ad
3394 4898 3508 4940 nos
3565 4899 3705 4954 spes

262 4991 563 5062 privatur,
598 4987 661 5044 id
694 4984 952 5041 demum
998 4978 1224 5035 doloris
1255 4994 1468 5050 expers
1501 4993 1629 5033 esse
1658 4977 1941 5035 dicimus.
2058 4977 2322 5049 affulget.
2364 4979 2540 5036 Omni
2564 4979 2744 5050 igitur
2772 4978 3172 5034 videndorum
3194 4975 3270 5032 de
3309 4976 3524 5031 caetero
3552 4972 3704 5062 libe-

258 5060 332 5135 Ᾰῑ
381 5096 497 5154 ego
547 5073 797 5135 etiamsi
848 5071 912 5127 in
946 5072 1210 5125 statuam
1243 5066 1514 5140 aliquam
1560 5071 1943 5136 transmuter,
2052 5083 2261 5123 rorum
2303 5072 2566 5140 tuorum,
2606 5067 2701 5125 vel
2741 5067 2819 5124 ab
2861 5066 3010 5139 ipsis
3060 5065 3248 5121 videri
3312 5079 3441 5138 spe,
3496 5060 3703 5134 impri-

332 5208 346 5241 ¹
388 5207 535 5263 Gen.
576 5219 702 5268 nx,

315 5337 390 5410 (ί)
432 5331 692 5393 Alludit
731 5322 823 5384 ad
839 5319 1004 5378 illud
1033 5318 1335 5387 Matth.v,
1372 5321 1470 5373 l3:
1516 5318 1625 5373 Vos
1678 5316 1813 5373 estis
1852 5315 1950 5372 sal
2124 5322 2203 5396 (2)
2242 5321 2340 5378 Ad
2367 5319 2526 5391 Tityi
2545 5319 2824 5391 fabulam
2849 5314 3095 5376 alludit.

247 5432 443 5502 (mae,
478 5430 596 5485 etc.

606 5547 870 5603 Parnm.
915 5533 1018 5599 Gn.
1060 5532 1193 5604 CXI,
3402 5514 3466 5565 ‘2
