4168 6290
537 262 643 319 363

1395 239 1770 301 MICHAELIS
1807 232 2195 293 ACOMINATI
2232 231 2669 288 ATHENARUM
2706 231 3028 289 ARCHIEP.

3831 242 3930 296 364

535 385 778 458 misque
825 378 980 438 adeo
1019 375 1238 434 sororis
1281 369 1648 429 charissima;
1690 363 2048 422 interclusus
2095 375 2182 458 es.
2216 361 2262 414 A
2294 358 2409 414 bus
2443 357 2665 458 coierit.
2695 359 2866 458 Quod
2896 359 2946 414 si
2971 358 3108 458 quis
3129 361 3364 435 utrique
3394 360 3453 419 in
3489 379 3812 420 commune
3838 381 3930 424 ca-

537 450 695 545 Quis-
725 476 843 532 hoc
884 469 1033 527 mihi
1057 465 1298 531 tribuat,
1329 464 1395 516 ut
1430 461 1622 516 morte
1664 470 1802 511 mea
1852 453 2035 545 vitam
2080 450 2186 505 tibi

534 540 928 632 adimam
947 556 1166 614 scilicet
1184 551 1331 609 illud
1350 550 1550 623 ipsum
1572 548 1854 619 praestem
1869 540 2033 632 quod
2059 545 2185 596 tan-

539 671 720 731 opere
757 630 998 709 divinus
1042 645 1138 701 ille
1176 640 1432 731 Davides
1479 633 1837 731 expectabat
1857 630 2184 731 (BL-idque

537 723 604 804 in
667 741 966 801 Absalone
1001 735 1147 802 ﬁlio,
1193 731 1299 805 qui
1354 729 1416 784 in
1463 741 1603 783 eum
1653 723 1953 780 violentus
1979 724 2180 781 insur-

537 838 792 900 rexerat,
820 832 1068 902 ejusque
1088 825 1220 880 vitae
1246 821 1561 880 insidiatus
1587 821 1750 878 erat?

612 923 784 993 Quod
840 921 890 977 si
943 917 1038 974 ille
1095 914 1401 988 propriam
1457 913 1643 969 vitam
1669 909 2031 985 profundere
2061 921 2183 961 non

540 1005 1161 1080 detrectaverit,modo
1190 1004 1381 1060 ﬁlium
1411 1003 1682 1059 moribus
1709 1006 1830 1057 tam
1861 996 2185 1070 deploratis

539 1108 828 1166 infamem
855 1117 892 1158 a
920 1101 1111 1155 morte
1141 1097 1456 1161 assereret,
1487 1092 1592 1164 qui
1620 1106 1744 1147 non
1773 1093 1831 1146 et
1870 1090 1998 1161 ipse
2037 1086 2185 1142 votis

541 1193 827 1253 omnibus
855 1186 1100 1246 nomine
1121 1187 1222 1240 tuo
1246 1181 1462 1238 lubens
1486 1180 1675 1236 vitam
1700 1184 1891 1235 morte
1919 1190 2190 1232 commu-

541 1289 667 1342 tare
713 1277 1088 1356 percupiam,
1137 1288 1277 1328 cum
1322 1274 1652 1344 praesertim
1693 1267 1842 1324 mihi
1880 1267 1959 1321 sis
1989 1265 2189 1331 frater,

541 1373 936 1442 omniumque
1001 1363 1154 1419 adeo
1212 1362 1463 1417 fratrum
1529 1358 1709 1428 longe
1771 1356 2188 1415 charissimus',

541 1459 823 1538 quamvis
845 1457 894 1512 si
919 1451 1249 1524 disciplinae
1280 1449 1353 1538 sit
1380 1447 1663 1538 habenda
1691 1447 1862 1538 ratio,
1895 1462 1930 1501 a
1957 1461 2054 1500 me
2086 1459 2192 1516 per

539 1535 783 1610 alterius
841 1542 1163 1615 cujusdam
1223 1535 1568 1608 multiplicis
1621 1535 1863 1591 habitus
1897 1539 2190 1606 tempera-

537 1645 814 1700 mentum
846 1630 1196 1707 progenitus
1225 1627 1520 1683 videaris?
1539 1625 1736 1681 Ambo
1761 1625 2007 1696 quidem
2033 1630 2187 1678 certe

539 1749 614 1789 ex
668 1725 944 1797 ejusdem
991 1719 1178 1794 patris
1236 1716 1486 1785 semine,
1531 1715 1924 1786 ejusdemque
1979 1713 2187 1769 matris

539 1817 834 1890 sanguine
855 1815 1052 1870 ortum
1064 1806 1414 1865 habuimus:
1433 1808 1701 1877 natuque
1719 1805 1870 1861 adeo
1882 1803 2190 1858 maximus

539 1926 652 1983 ego
681 1902 1002 1964 nativitatis
1032 1899 1238 1955 limine
1268 1895 1488 1968 pedem
1517 1894 1681 1966 prior
1710 1894 1909 1983 extuli,
1945 1894 2047 1966 qui
2082 1893 2186 1948 uti-

536 1982 686 2059 nam
708 1993 903 2052 limini
920 2003 1164 2064 quoque
1178 1984 1387 2041 mortis
1408 1983 1572 2056 prior
1583 1982 1936 2048 intulissem,
1982 1983 2188 2054 sicque

538 2093 749 2148 fratres
792 2083 942 2141 alios
970 2083 1264 2152 tanquam
1294 2091 1367 2132 ex
1394 2072 1597 2130 multis
1626 2089 1786 2130 unus
1825 2073 2186 2130 subsecutus

537 2180 789 2238 fuissem
813 2174 826 2230 l

613 2271 904 2330 Caeterum
929 2275 1069 2318 cum
1098 2259 1289 2331 pater,
1315 2254 1608 2311 librorum
1631 2255 1802 2325 juxta
1831 2254 2190 2310 liberorum-

542 2374 660 2433 que
703 2350 1180 2417 amantissimus,
1221 2362 1296 2402 ex
1338 2346 1478 2401 Asia
1531 2345 1877 2416 Byzantium
1921 2344 2191 2400 discendi

545 2445 736 2518 gratia
763 2438 1120 2500 adduxisset
1157 2450 1280 2508 quo
1311 2439 1578 2507 tempore
1620 2433 1952 2506 pubertatis
1999 2449 2193 2491 annos

547 2532 923 2604 attingebam
975 2523 1276 2595 magistris
1325 2523 1544 2580 artium
1589 2522 1948 2593 liberalium,
2013 2530 2067 2578 et
2111 2523 2194 2578 vi-

544 2622 724 2682 vendi
751 2613 1222 2688 praeceptoribus
1271 2613 1418 2683 (jam
1471 2612 1632 2667 enim
1675 2612 2058 2682 grmmatices
2088 2614 2196 2667 uti-

546 2688 1050 2785 lisqueiversuum
1082 2701 1644 2774 componendorum
1681 2701 1954 2757 methodi
1983 2701 2197 2757 funda-

501 2837 504 2840 .
549 2804 756 2861 menta
793 2795 1082 2871 jeceram)
1128 2793 1190 2848 in
1245 2791 1627 2864 disciplinam
1674 2791 1935 2847 tradidit.
1986 2794 2199 2850 Postea

550 2907 692 2950 cum
739 2887 824 2945 ibi
868 2883 1069 2956 agenti
1119 2881 1378 2938 multum
1425 2881 1711 2953 temporis
1752 2880 2197 2950 interﬂuxisset,

549 2982 721 3039 illum
753 2989 999 3051 quoque
1023 2972 1172 3029 mihi
1204 2985 1396 3027 annos
1430 2969 1508 3026 ad
1541 2984 1761 3026 novem
1788 2974 1998 3026 natum
2033 2975 2202 3044 pater

551 3071 618 3128 in
657 3082 846 3125 manu
896 3063 1082 3130 dedit,
1126 3061 1459 3117 obtestatus
1518 3062 1581 3115 ut
1621 3059 1896 3116 omnium
1942 3061 2199 3126 muneri,

552 3157 761 3234 patris,
782 3157 1056 3226 inquam,
1085 3149 1334 3216 alumni,
1364 3147 1684 3220 paedagogi
1716 3152 1773 3204 et
1796 3150 2202 3221 praceptoris,

554 3249 621 3304 in
643 3243 1013 3303 instituendo
1034 3241 1211 3297 fratre
1231 3237 1489 3295 vicarius
1505 3237 1906 3294 succederem.
1937 3240 2204 3305 Quorum

559 3350 711 3392 sane
768 3331 1042 3388 omnium
1101 3329 1387 3397 officium,
1455 3327 1763 3398 pietatem,
1836 3327 2204 3396 diligentiam

557 3421 844 3498 praestiti:
881 3423 1061 3490 atque
1095 3418 1242 3472 dum
1286 3431 1500 3472 omnes
1540 3416 1601 3470 in
1653 3431 1862 3471 eorum
1896 3417 2117 3484 vultus,
2154 3420 2210 3473 et

560 3512 682 3570 oris
706 3509 972 3571 habitus,
1008 3521 1106 3560 me
1122 3519 1449 3575 compono,
1484 3508 1540 3558 et
1571 3503 1745 3575 plura
1780 3505 1960 3560 etiam
1986 3512 2208 3578 praesto

559 3615 747 3674 quam
781 3614 818 3655 a
848 3595 1027 3652 fratre
1079 3591 1383 3664 expectari
1411 3590 1659 3658 soleant,
1688 3591 1928 3648 illorum
1961 3593 2207 3650 tandem

559 3686 1008 3746 accessionibus
1030 3682 1107 3740 ad
1131 3696 1440 3737 summum
1462 3680 1694 3752 pietatis
1716 3681 1989 3738 fraternas
2006 3684 2211 3741 ofﬁcii-

557 3795 678 3854 que
729 3777 985 3850 gradum
1020 3769 1362 3836 conscendi,
1398 3783 1509 3824 nec
1551 3770 1891 3826 remissiore
1941 3773 2206 3830 vicissim

558 3869 758 3927 studio
791 3867 868 3923 ad
895 3861 1174 3920 eamdem
1207 3858 1305 3915 ille
1338 3858 1611 3914 fraternae
1645 3858 2074 3918 benevolentiae
2110 3880 2206 3920 ex-

555 3957 892 4015 cellentiam
917 3951 1123 4009 animo
1140 3948 1578 4015 connitebatur,
1612 3947 1939 4022 laboreque
1961 3959 2205 4009 conten-

553 4047 758 4110 debat,
820 4046 1224 4116 praeterquam
1286 4037 1453 4112 quod
1511 4037 1607 4093 ille
1670 4038 1764 4094 vel
1810 4038 1984 4110 longe
2029 4041 2204 4114 plura

549 4131 898 4207 perceperit,
953 4145 1140 4202 quam
1191 4126 1504 4184 contulerit
1551 4126 1862 4195 beneﬁcia,
1916 4130 2200 4202 tantisper

549 4222 700 4278 dum
731 4219 893 4293 apud
915 4234 1026 4274 nos
1053 4217 1325 4273 moribus
1339 4218 1513 4288 juxta
1532 4216 2002 4290 liberalibusque
2025 4219 2196 4276 disci-

545 4311 727 4384 plinis
759 4307 1179 4365 informandus
1205 4310 1618 4362 conversatur.

618 4400 765 4455 Cum
809 4397 1075 4470 primum
1129 4411 1272 4451 vero
1302 4395 1546 4451 Athena:
1581 4411 1678 4450 me
1718 4410 1867 4451 meae
1900 4395 2190 4471 illumque

539 4505 666 4546 non
715 4489 868 4545 inter
930 4487 1231 4558 pedarios,
1286 4485 1392 4540 sed
1465 4484 1768 4556 primariae
1823 4488 2190 4543 auctoritatis

539 4593 721 4644 nros,
749 4575 1126 4649 imperatoris
1163 4574 1395 4645 excepit
1427 4573 1588 4641 aula,
1625 4573 1750 4629 sine
1783 4573 1905 4630 ulla
1930 4591 2103 4631 mora
2137 4582 2192 4633 et

535 4666 849 4723 confestim
893 4663 1258 4736 accipiendis
1304 4662 1828 4736 rependendisque
1881 4663 2190 4720 beneficiis

532 4756 687 4813 inter
743 4771 855 4812 nos
900 4758 1125 4811 certare
1158 4751 1464 4808 desiimus.
1497 4750 1679 4806 Nobis
1712 4753 1872 4808 enim
1901 4757 1956 4809 et
1988 4771 2100 4823 ego
2135 4760 2192 4811 et

531 4846 781 4902 Athenae
831 4846 1160 4901 multorum
1195 4857 1303 4897 nec
1348 4841 1926 4898 eontemnendorum
1962 4842 2186 4899 benefi-

529 4934 760 4990 ciorum
795 4935 873 4990 ab
907 4934 1007 4990 illo
1042 4945 1460 5002 saepenumero
1501 4936 1919 5003 perceptorum
1965 4935 2186 4990 conscii

527 5038 738 5078 sumus
763 5040 776 5077 :
800 5038 938 5079 cum
969 5029 1173 5078 tamen
1203 5037 1238 5077 a
1263 5020 1438 5076 nobis
1473 5019 1570 5076 ille
1604 5019 1699 5076 vel
1720 5020 1888 5077 nulla
1909 5024 2158 5078 omnino

523 5111 620 5167 vel
646 5110 982 5167 admodum
1015 5127 1212 5183 pauca
1238 5111 1498 5166 vicissim
1531 5111 1887 5183 perceperit.
2165 5087 2180 5114 ’

590 5201 1126 5256 Verumenimvero
1179 5204 1413 5256 tantum
1470 5199 1659 5265 abest,
1696 5205 1761 5256 ut
1795 5200 1878 5255 sic
1930 5200 2031 5256 illa
2059 5201 2183 5257 fra-

519 5287 672 5346 terni
708 5289 931 5344 amoris
985 5289 1174 5360 gratia
1207 5289 1511 5362 disjuncta
1567 5289 1762 5358 fuerit,
1805 5306 1944 5346 cum
1999 5292 2177 5346 etiam

518 5378 877 5436 arctioribus
914 5380 1190 5452 utrinque
1222 5379 1419 5450 nodis,
1454 5379 1779 5452 minusque
1812 5380 2176 5437 dissolubili-

2295 464 2397 503 sus
2446 447 2715 504 infestior
2755 448 3131 506 interveniset
3183 455 3267 520 (ut
3313 453 3602 508 naturalis
3635 453 3736 510 illa
3778 471 3933 526 sym-

2293 537 2497 608 pathia
2523 538 2759 594 animos
2788 538 3104 594 hominum
3137 539 3283 596 laetis
3309 541 3664 610 exhilarare,
3703 549 3932 601 contra-

2291 643 2408 700 que
2442 627 2704 683 tristibus
2725 627 3065 685 exulcerare
3098 629 3287 702 solet),
3317 631 3491 688 facile
3515 632 3714 705 quivis
3751 649 3854 705 per
3874 650 3932 690 se

2290 717 2588 788 conjiciat,
2625 723 2856 789 quanto
2895 718 3071 774 nobis
3103 719 3242 774 inde
3277 736 3348 776 eo
3380 722 3757 793 potissimum
3793 729 3934 780 tem-

2291 821 2455 877 pore,
2501 821 2622 878 quo
2677 806 2827 863 inter
2877 813 3194 865 extraneos
3228 811 3548 874 constituti,
3605 813 3933 868 amicorum

2291 901 2765 970 ceterorumque
2831 897 3216 954 familiarium
3268 900 3708 957 necessitudine
3765 902 3934 958 inter-

2293 985 2710 1055 cludebamur,
2748 987 3064 1060 alienaque
3102 1005 3217 1061 ope
3268 989 3530 1046 destituti
3566 1006 3782 1064 operas
3827 991 3935 1047 soli

2295 1080 2536 1130 mutuas
2569 1076 2720 1131 inter
2751 1092 2863 1132 nos
2898 1077 3376 1144 conferebamus,
3411 1085 3588 1152 atque
3634 1081 3786 1136 inter
3810 1084 3938 1152 ipsa

2297 1165 2626 1236 peregrinae
2681 1165 2942 1236 regionis
2994 1167 3404 1233 incommoda,
3462 1175 3672 1225 mutuo
3729 1169 3939 1226 solatio

2298 1253 2698 1327 dolorumque
2761 1254 3026 1311 fomento
3073 1257 3449 1328 levabamus,
3493 1263 3657 1315 tanto
3727 1260 3944 1316 scilicet

2299 1360 2504 1399 amore
2556 1345 2762 1415 patriae
2811 1344 3230 1418 desiderioque
3279 1348 3655 1416 tenebamur,
3707 1350 3768 1404 in
3822 1365 3945 1421 qua

2297 1449 2420 1488 non
2443 1433 2570 1488 sine
2601 1435 2768 1490 varia
2790 1434 3068 1491 laborum
3089 1436 3697 1512 lucubrationumque
3721 1438 3946 1494 vicissi-

2297 1523 2519 1587 tudine,
2554 1524 2770 1580 artium
2799 1524 3133 1581 liberalium
3157 1528 3558 1597 cognitionem
3581 1544 3945 1600 concepera-

2299 1629 2456 1679 mus,
2515 1629 2775 1686 quarum
2825 1617 3070 1685 argutiis
3119 1620 3175 1672 et
3237 1618 3618 1673 acuminibus
3703 1618 3947 1688 ingenia

2295 1707 2499 1758 nostra
2515 1702 2874 1761 meditantes
2896 1720 3376 1770 exercueramus,
3397 1723 3531 1763 cum
3556 1706 3841 1762 nimirum
3872 1707 3945 1763 ad

2296 1807 2402 1848 eos
2433 1807 2529 1848 me
2568 1792 2922 1862 conferrem,
2966 1793 3070 1865 qui
3122 1796 3422 1866 majorum
3472 1797 3737 1864 gentium
3769 1797 3948 1852 disci-

2297 1881 2490 1953 plinas
2514 1887 2567 1936 et
2593 1882 2963 1937 mathemata
2979 1884 3441 1953 pertractabant,
3466 1885 3560 1940 ille
3590 1901 3732 1941 vero
3761 1902 3796 1942 a
3824 1901 3945 1949 me,

2296 1975 2592 2044 quantum
2624 1971 2837 2026 tenella
2886 1973 3053 2044 pueri
3100 1972 3327 2031 ferebat
3367 1979 3534 2042 astas,
3586 1991 3824 2048 semper
3873 1975 3948 2032 ab

2295 2061 2444 2135 ipsis
2474 2060 2854 2117 incunabulis
2907 2061 2986 2117 ad
3045 2061 3293 2120 meliora
3341 2080 3598 2136 quasque
3661 2070 3717 2120 et
3757 2065 3952 2136 perfe-

2299 2153 2485 2208 ctiora
2557 2150 2934 2223 capessenda
2986 2152 3310 2219 institutus,
3367 2153 3429 2209 in
3482 2153 3597 2209 illis
3652 2155 3952 2226 paulatim

2300 2245 2690 2306 exerceretur,
2743 2239 2948 2312 sicque
2990 2242 3328 2312 proﬁceret,
3386 2247 3451 2298 ut
3499 2243 3744 2299 tandem
3787 2245 3956 2300 velut

2300 2330 2490 2387 enatis
2521 2333 2578 2385 et
2605 2329 3081 2385 coalescentibus
3113 2331 3327 2402 pennis
3378 2348 3485 2404 per
3513 2331 3681 2388 illum
3720 2332 3953 2406 dicipli-

2301 2435 2520 2476 narum
2558 2419 2788 2485 orbem,
2827 2424 2882 2474 et
2906 2419 2965 2474 in
2989 2419 3199 2490 primis
3223 2421 3627 2493 sophistarum
3656 2426 3951 2492 argutias,

2302 2509 2537 2566 alarum
2594 2508 2831 2564 levitate
2882 2508 3223 2582 subvectus,
3279 2511 3407 2581 jam
3437 2511 3722 2584 deinceps
3756 2513 3838 2568 ad
3888 2529 3955 2569 ea

2303 2615 2546 2672 quoque
2564 2599 2959 2663 theoremata,
2979 2615 3114 2670 quae
3137 2600 3500 2657 sublimioris
3515 2605 3571 2657 et
3587 2603 3954 2672 augustioris

2305 2687 2825 2760 contemplationis
2846 2688 3131 2760 indigent,
3160 2689 3474 2747 subvolare
3502 2697 3726 2763 posset.

2378 2775 2904 2834 Verumenimvero
2935 2794 3074 2834 cum
3093 2779 3223 2850 jam
3263 2784 3503 2852 sumpta
3533 2781 3683 2836 virili
3709 2786 3846 2852 toga
3872 2781 3947 2836 ad

2306 2871 2365 2927 id
2424 2867 2613 2924 astatis
2661 2868 3042 2934 adolevisset,
3120 2885 3242 2942 quo
3306 2869 3555 2943 quidem
3627 2871 3698 2928 de
3745 2870 3944 2926 multis

2308 2959 2491 3029 hujus
2526 2957 2659 3013 vitae
2707 2957 2928 3013 semitis
2974 2973 3098 3014 una
3139 2959 3388 3015 omnino
3443 2959 3746 3030 seligenda
3797 2965 3946 3029 erat,

2309 3063 2496 3121 quam
2522 3045 2835 3112 insisteret,
2867 3052 2969 3103 aut
2996 3047 3421 3117 ingrederetur,
3458 3053 3596 3105 tunc
3644 3049 3950 3123 temporis,

2311 3137 2511 3206 (eheu,
2545 3136 2649 3207 qui
2680 3135 2850 3191 siccis
2876 3135 3064 3192 oculis
3093 3136 3422 3193 obductam
3459 3137 3802 3210 reipublicae
3844 3144 3957 3194 sta-

2313 3231 2430 3294 tus,
2460 3231 2600 3282 tunc
2639 3225 2908 3281 inaudita
2938 3226 3201 3281 novitate
3230 3225 3548 3299 immutati,
3577 3232 3634 3282 et
3673 3229 3852 3284 accisi
3887 3227 3960 3284 ci-

2315 3315 2595 3371 catricem
2651 3314 2928 3371 refricare
2983 3316 3253 3386 potero!)
3309 3321 3450 3372 tunc
3507 3319 3818 3389 temporis,
3880 3317 3964 3373 in-

2315 3420 2523 3476 quam,
2568 3403 2767 3475 prima
2815 3403 3043 3459 dissidii
3098 3406 3333 3460 occasio
3381 3405 3597 3460 exoriri
3653 3422 3806 3462 ausa
3859 3411 3965 3474 est,

2317 3509 2449 3566 quae
2479 3493 2728 3549 fratrum
2757 3509 2946 3548 unum
2976 3493 3259 3565 idemque
3308 3494 3688 3550 sentientium
3719 3496 3972 3566 conjun-

2317 3584 2574 3640 ctionem
2649 3583 2887 3639 diversa
2947 3583 3080 3639 vitae
3159 3584 3498 3639 conditione
3573 3584 3971 3655 disjungeret.

2315 3678 2506 3747 Atque
2528 3673 2675 3729 mihi
2701 3673 2948 3746 quidem
2976 3677 3180 3746 (quem
3213 3677 3487 3747 parentes
3520 3690 3556 3730 a
3587 3691 3797 3746 puero,
3841 3681 3971 3731 tan-

2315 3781 2501 3838 quam
2551 3765 2774 3821 sobolis
2807 3781 2931 3819 suae
2979 3764 3292 3836 primitias,
3344 3766 3498 3820 sacri
3550 3765 3753 3822 altaris
3799 3764 3971 3822 mini-

2314 3855 2490 3912 sterio
2520 3854 3051 3926 inauguraverant)
3084 3855 3207 3910 vita
3257 3855 3490 3927 privata
3519 3853 3612 3910 vel
3664 3855 3964 3928 imprimis

2313 3945 2637 4002 arridebat.
2671 3945 2874 4017 itaque
2914 3960 3095 4000 unam
3127 3944 3268 4016 petii
3301 3960 3336 4000 a
3360 3944 3632 4016 Domino,
3650 3949 3714 4000 ut
3751 3949 3963 4001 sancto

2311 4039 2442 4108 ejus
2484 4035 2707 4108 templo
2759 4034 3114 4107 praeﬁcerer,
3167 4049 3276 4090 nec
3327 4034 3408 4090 ad
3437 4033 3665 4091 tantula
3693 4035 3959 4106 negotia,

2309 4125 2614 4198 quantulis
2650 4125 2968 4180 hominum
2998 4123 3215 4193 vulgus
3247 4122 3421 4179 obrui
3469 4123 3638 4190 solet,
3677 4125 3960 4182 animum

2308 4215 2689 4288 applicarem,
2724 4214 2830 4270 sed
2859 4214 3058 4286 potius
3089 4212 3286 4268 bonas
3311 4214 3492 4270 horas
3523 4215 3642 4270 otio
3672 4213 3957 4283 literario,

2224 4335 2265 4388 Β
2306 4305 2767 4378 evolvendisque
2796 4309 3065 4360 veterum
3102 4304 3336 4376 scriptis
3365 4320 3812 4361 consumerem.
3856 4303 3960 4358 Ille

2308 4413 2446 4452 vero
2469 4400 2795 4468 antequam
2822 4400 3050 4450 certum
3075 4394 3262 4450 ullum
3291 4393 3682 4459 scholasticas,
3715 4393 3959 4449 nudave

2303 4502 2512 4542 eorum
2541 4501 2678 4558 quae
2706 4490 2843 4539 sunt
2872 4484 3227 4554 cognitionis
3257 4488 3312 4540 et
3354 4484 3613 4539 scientiae
3645 4483 3962 4556 specimen

2301 4575 2586 4635 dedisset,
2629 4579 2819 4628 totum
2869 4589 2930 4626 se
2980 4572 3036 4627 in
3089 4588 3160 4628 eo
3191 4571 3327 4628 vitae
3359 4577 3517 4628 statu
3575 4576 3632 4628 et
3683 4573 3958 4628 instituto

2301 4665 2451 4721 ultro
2483 4663 2812 4731 collocavit,
2861 4663 3026 4736 quod
3057 4662 3134 4719 ad
3164 4663 3468 4718 humanas
3519 4662 3781 4719 actiones
3814 4677 3957 4733 pro-

2299 4754 2562 4827 pensius,
2602 4753 2945 4825 reipublicae
2987 4751 3331 4820 studiosius,
3373 4752 3634 4826 denique
3678 4750 3959 4823 pluribus

2299 4845 2636 4916 expositum
2677 4843 2832 4898 curis
2874 4849 2982 4909 est,
3027 4858 3214 4914 quam
3255 4841 3306 4896 ei
3341 4842 3446 4913 qui
3499 4841 3651 4897 serio
3691 4839 3962 4913 philoso-

2297 4935 2471 5006 phari
2524 4933 2677 5004 velit,
2729 4933 3024 5004 expediat.
3089 4934 3159 4988 Ut
3203 4937 3402 4987 autem
3447 4930 3610 5004 quod
3659 4931 3787 5003 ipse
3845 4930 3963 4986 sibi

2297 5025 2654 5095 subjecerat,
2701 5029 2879 5094 atque
2913 5022 3078 5095 apud
3108 5021 3382 5077 animum
3413 5039 3585 5076 suum
3621 5035 3967 5094 proposue-

2293 5118 2404 5179 rat,
2451 5115 2512 5169 in
2556 5112 2903 5168 melioribus
2955 5111 3257 5182 auspiciis,
3305 5111 3622 5182 magisque
3661 5126 3693 5165 e
3733 5126 3798 5163 re
3844 5126 3966 5167 sua

2294 5204 2662 5271 succederet,
2732 5203 3074 5258 cautionem
3130 5216 3374 5272 quoque
3451 5206 3506 5255 et
3573 5199 3964 5268 diligentiam

2293 5293 2587 5350 adhibuit.
2643 5295 2850 5364 Itaque
2889 5290 3234 5346 facultatem
3283 5295 3340 5344 et
3391 5289 3628 5360 capiam
3683 5287 3962 5353 dicendi,

2283 5382 2556 5454 jurisque
2589 5380 2776 5436 civilis
2806 5379 3118 5434 scientiam
3157 5384 3387 5450 quanta
3415 5376 3604 5449 potuit
3635 5375 3867 5446 agendi
3904 5380 3966 5432 et

585 5547 660 5618 (3)
703 5545 843 5613 Quis
871 5548 1022 5605 mihi
1048 5550 1274 5608 tribuat
1307 5555 1375 5606 ut
1401 5565 1506 5621 ego
1536 5551 1764 5605 moriar
1788 5564 1903 5618 pro
1926 5555 1999 5618 te,
2033 5550 2299 5608 Absalon
2313 5551 2409 5620 ﬁli
2442 5552 2544 5620 mi,
2563 5551 2667 5620 'ﬁli
2704 5551 2788 5606 mi
2816 5549 3125 5605 Absalon?
3155 5550 3199 5603 ΙΙ
3228 5548 3372 5616 Reg.
3413 5559 3561 5601 xvm.
