2084 3145
127 125 175 153 365

722 119 883 148 MONODIA
900 119 935 148 1N
955 119 1115 149 FRATREM
1135 120 1241 150 SUUM.

1779 123 1832 152 366

126 183 278 220 cogitandi
301 183 585 219 solertia,tanquam
608 181 801 219 perappOSita
819 189 954 217 percom-
969 183 992 211 Α
1012 182 1096 218 (quia
1112 190 1161 210 res
1174 182 1346 211 domesticae
1356 182 1434 212 bene
1441 183 1639 220 disponendae
1654 185 1831 221 sunt,isque

126 230 278 266 modaque
293 229 334 257 ad
346 228 569 265 rempublicam
584 227 803 263 capessendam
819 226 955 255 subsidia

128 277 156 303 et
178 276 381 303 instrumenta
407 273 465 301 sibi
494 272 692 308 comparavit.
722 271 875 308 Siquidem
907 279 955 299 me

129 323 309 357 praeceptore
330 319 461 355 politicis
484 317 649 354 disciplinis
665 317 696 344 in
721 316 954 352 sapientissimo—

128 373 193 393 rum
216 364 526 399 dootissimorumque
544 362 677 390 virorum
692 369 803 390 corona
818 361 954 389 animum

128 409 255 438 excoth
285 411 378 445 atque
410 407 604 439 informavit;
633 406 741 435 neeita
762 406 856 434 multo
886 408 954 441 post

126 462 214 490 vaga
224 453 425 490 volubilisque
435 452 562 481 fortunis
578 451 642 480 telis
657 452 813 488 expositus
825 453 879 480 est.

166 500 235 527 time
245 499 388 527 nimirum
404 498 460 526 fuit
480 498 546 526 dira
559 497 610 526 illa
623 497 783 525 Andronici
802 496 950 533 tyrannis,

131 552 203 580 qua
215 544 291 573 velut
303 543 418 572 hedera
427 543 583 579 multiplici
598 543 782 578 erraticoque
794 542 881 577 lapsu
893 549 951 568 ser-

129 596 208 624 pens
221 588 273 623 (sic
292 588 373 616 enim
395 587 565 624 tyrannidis
587 587 648 615 vim
669 587 830 622 depingere
854 586 952 620 liceat)

125 633 279 662 claviculis
301 633 376 667 suis,
391 633 482 669 quasi
497 632 639 660 manibus
662 632 887 659 herbescentem
901 631 953 658 im-

125 678 199 714 perii
227 678 323 706 nostri
352 677 535 706 viriditatem
565 677 733 713 complexa,
758 677 898 712 repressit
927 678 954 703 et

125 722 295 751 suﬁ’ocavit.
320 721 415 750 Simul
439 730 474 750 ac
498 722 578 749 enim
598 724 678 749 certa
693 729 762 749 cum
783 721 953 757 reipublicae

122 768 255 805 pernicie
270 768 301 796 in
317 767 399 796 mdes
414 769 560 802 augustas
575 767 702 803 irrepsit,
725 774 787 802 quo
810 766 951 793 nimirum

123 816 258 849 tempore
272 813 365 840 frater
382 820 526 846 meus,ex
542 812 647 839 scribis
664 814 692 840 et
712 812 951 839 amanuensibus

122 858 315 895 imperatoris
327 865 406 885 unus
418 858 492 889 erat,
518 860 581 885 tum
604 857 728 884 demum
752 856 859 884 lethale
870 856 950 884 virus
966 858 985 884 Β

120 903 235 935 afﬂare,
261 902 442 938 maioreque
469 902 627 929 hominum
646 902 726 933 odio,
749 909 842 937 quam
877 903 950 929 tetra

120 948 179 976 ulla
191 948 378 975 immanisve
396 946 499 975 bellua
520 947 657 975 laborare
683 947 780 982 cmpit.
797 948 829 974 Et
845 954 950 982 quem-

119 992 291 1021 admodum
327 991 419 1020 torvis
454 991 689 1027 truculentisque
726 991 822 1019 leaena
855 999 950 1027 nuper

119 1037 208 1066 enixa
231 1037 389 1065 venaticos
420 1045 509 1065 canes
537 1037 631 1064 oculis
660 1037 776 1064 obtueri
799 1036 882 1069 solet,
911 1036 951 1064 ita

118 1082 270 1119 tyrannis,
291 1082 421 1118 siquem
445 1082 521 1109 inter
531 1082 720 1118 imperatoris
739 1081 850 1109 aulicos
864 1084 891 1109 et
904 1081 949 1109 fa—

117 1127 361 1157 miliaresﬂdum
375 1129 403 1155 et
413 1127 592 1155 industrium
603 1126 827 1163 deprehendere
843 1127 948 1163 potuit,

117 1182 188 1202 eum
203 1173 308 1202 statim
325 1174 500 1209 suspectum
518 1172 640 1205 habere,
657 1172 799 1208 omnique
815 1172 852 1200 ad
867 1172 950 1200 illum

117 1218 226 1255 procul
255 1216 482 1246 extrudendum
512 1217 623 1244 conniti
657 1217 759 1244 animo
792 1219 819 1244 et
847 1216 950 1244 labore

116 1262 302 1292 contendam
332 1261 432 1298 ccepit.
463 1261 537 1289 illud
564 1269 637 1289 vero
672 1261 774 1297 utique
807 1261 948 1297 praestitit,

115 1314 217 1344 quam
236 1306 448 1343 plurimosque
462 1305 558 1342 potuit
570 1313 632 1333 uno
647 1307 675 1333 et
689 1306 795 1333 eodem
813 1305 950 1341 supplicii

116 1359 232 1389 genere
244 1351 393 1380 multavit.

153 1398 227 1430 Qua
240 1404 310 1425 cum
327 1403 465 1433 praesens
478 1395 526 1423 ille
540 1398 752 1432 tyrannorum,
775 1398 825 1423 aut
841 1396 883 1430 (ut
898 1403 948 1430 ge-

117 1442 267 1470 neraliore
277 1440 373 1470 verbo
382 1441 465 1473 utar)
474 1440 681 1477 improborum
695 1447 766 1468 osor
773 1440 945 1474 intueretur,

116 1494 135 1516 δ
147 1489 280 1523 tyranno
294 1486 452 1514 communi
468 1485 627 1513 hominum
644 1485 770 1519 gurgite,
784 1487 812 1512 et
821 1484 947 1512 immani
963 1505 983 1532 Ο

114 1531 257 1560 belluone
286 1530 440 1562 secedere,
466 1538 559 1566 quam
583 1529 701 1557 libidini
721 1529 946 1565 crudelitatique

114 1575 194 1604 illius
203 1575 349 1604 inservire
364 1574 490 1608 maluit;
506 1574 578 1602 illud
592 1574 715 1611 quidem
726 1574 872 1608 audaciae,
889 1575 946 1602 hoc

113 1628 187 1650 vero
211 1620 362 1657 impietati
377 1619 541 1648 ascribens.
570 1620 672 1655 Itaque
698 1619 801 1654 procul
823 1619 861 1647 ab
875 1621 946 1647 Jove

112 1668 159 1700 (ut
171 1666 272 1701 aiunt)
281 1668 310 1694 et
323 1665 451 1694 fulmine
475 1664 614 1693 recedere
627 1665 766 1692 decrevit.

149 1711 224 1739 inde
233 1717 309 1746 ergo
320 1709 372 1738 ubi
382 1709 543 1746 imperium
563 1710 594 1737 in
609 1709 799 1746 tyrannidem
814 1717 944 1742 versum,

111 1764 169 1785 nec
189 1755 327 1792 amplius
350 1755 402 1783 ulli
423 1757 526 1791 patere
551 1754 632 1782 videt
655 1754 717 1790 [qui
739 1754 843 1782 saltem
868 1762 945 1782 verae

109 1800 269 1836 religionis
285 1800 443 1828 studiosus
463 1799 522 1834 sit),
537 1799 699 1827 obﬁrmato
716 1799 818 1827 animo
841 1802 946 1828 contra

107 1846 228 1880 nititur,
248 1845 291 1874 ad
313 1843 509 1880 studiumque
532 1844 609 1880 juris
625 1844 717 1871 civilis
733 1844 943 1879 transfugiens,

107 1890 277 1927 imperium
305 1889 467 1926 tyrannide
482 1889 683 1918 deformatum
706 1889 806 1925 legum
821 1890 943 1923 muscis,

107 1935 342 1971 Themidosque
367 1933 507 1962 sacrariis
527 1936 714 1962 commutat:
739 1942 868 1970 quaeque
891 1934 945 1962 fre-

106 1980 215 2016 quenti
234 1981 267 2008 et
293 1978 419 2007 assidua
440 1978 566 2006 lectione
584 1986 620 2006 ex
634 1978 781 2006 librorum
801 1979 943 2006 chartulis

107 2031 279 2062 excerpere
302 2025 414 2060 potest,
447 2030 484 2051 ea
508 2023 539 2051 in
563 2023 692 2059 pectoris
716 2024 761 2050 sui
784 2023 945 2059 pugillares

104 2068 394 2104 trnsm'bit,atque
409 2067 486 2096 adeo
498 2067 622 2095 tandem
635 2068 702 2095 viva
715 2067 815 2102 legum
832 2068 943 2101 tabula,

105 2114 298 2152 spiramque
313 2112 552 2141 commentarius
565 2112 676 2140 evadit.
698 2112 809 2140 Deinde
826 2113 945 2141 sublata

105 2158 290 2209 tyrannide,
309 2157 505 2209 imperioque
523 2157 667 2209 redivivo,
691 2157 738 2209 ille
764 2165 885 2206 quoque
904 2157 942 2185 ad
959 2182 981 2209 Β

103 2210 159 2230 res
173 2202 352 2239 angustales
373 2201 546 2236 obeundas,
557 2201 640 2229 velut
651 2201 833 2238 postliminio
844 2210 943 2229 rever-

107 2247 200 2275 titur.
215 2246 296 2283 0pm
313 2253 389 2275 sane
407 2248 493 2274 tanto
508 2245 791 2280 commendabilius,
809 2248 840 2274 ut
861 2246 944 2282 quod

107 2290 259 2327 legitimis
277 2290 454 2328 reipublicae
473 2291 618 2326 gradibus
634 2291 815 2324 succederet,
832 2294 945 2326 quanto

106 2336 262 2365 ηωοιίω
275 2335 421 2365 hesterna
443 2335 604 2371 tyrannide
619 2335 786 2370 secessisse,
795 2335 840 2363 vel
856 2336 946 2363 etiam

108 2387 148 2409 ex
162 2381 316 2411 ἀξιωθειο
325 2387 516 2417 repugnasse
526 2379 696 2408 videbatur.

145 2425 234 2455 Idem
246 2428 399 2463 praeterea
421 2424 480 2453 alio
500 2425 680 2460 magistratu
705 2427 866 2453 exornatus
891 2426 946 2452 est.

109 2470 245 2500 Tametsi
262 2477 339 2498 vero
350 2470 383 2498 in
405 2469 563 2498 Thraciam
577 2477 640 2497 non
656 2470 755 2497 statim
771 2469 882 2497 missus
899 2470 946 2502 sit,

112 2517 145 2543 ut
167 2515 213 2544 Ibi
227 2513 353 2543 arcibus
364 2513 549 2547 reﬁciendis,
565 2513 796 2550 civitatibusque
814 2522 949 2542 commu-

113 2558 233 2588 niendi:
248 2560 406 2596 praesset,
422 2560 514 2594 atque
529 2557 607 2586 adeo
620 2558 793 2586 militarium
807 2558 948 2586 ordinum

116 2603 246 2633 donatus
260 2603 400 2634 haberet,
431 2602 464 2631 id
479 2603 613 2631 muneris
636 2605 740 2631 tamen
765 2603 855 2639 paulo
881 2606 950 2640 post

119 2650 272 2678 maculas
292 2650 349 2678 est.
368 2649 519 2677 Ceterum
532 2654 595 2684 quo
614 2649 750 2683 tempore
775 2648 813 2675 de
832 2649 949 2676 ratione

120 2692 180 2723 τίω
210 2693 388 2724 lntituonda
416 2691 544 2720 consilia
567 2692 728 2720 nobiscum
754 2693 829 2721 inire
862 2694 952 2729 cmpit

1010 227 1085 255 adeo
1100 235 1132 255 se
1146 227 1267 263 privatis
1289 228 1320 256 in
1332 228 1449 256 aedibus
1469 231 1616 266 tanquam
1641 237 1734 265 parva
1754 238 1831 267 qua-

1008 271 1080 299 dam
1094 271 1251 308 republica
1264 280 1401 301 exercere
1411 273 1509 309 debet,
1525 274 1576 310 qui
1590 274 1630 303 ad
1641 282 1742 303 rerum
1762 283 1830 304 ma-

1005 316 1107 351 jorum
1118 317 1422 354 communior-umque
1437 318 1644 353 gubernacula
1653 319 1828 356 contendit),

1008 360 1047 388 de
1058 360 1171 389 familia
1182 369 1237 389 sua
1249 361 1458 391 constituenda
1471 362 1605 399 primum
1619 363 1761 399 cogitavit
1774 372 1830 393 nu-

1007 404 1075 441 ptiis
1099 413 1167 434 cum
1189 406 1351 441 singularis
1374 407 1503 443 exempli
1529 408 1641 437 femina
1660 409 1829 444 contractis,

1007 457 1135 487 quaeque
1156 450 1208 479 Dei
1225 452 1292 487 Opi.
1307 453 1383 481 Max.
1406 452 1488 480 dono
1507 452 1660 488 obtigisse,
1675 453 1754 488 frugi
1778 453 1831 483 do-

1005 495 1200 524 mesticarum
1225 504 1367 525 curarum
1396 504 1523 525 consors
1542 497 1643 527 futura
1667 497 1831 535 videretur,

1007 542 1095 576 atque
1111 548 1146 568 eo
1167 541 1335 576 praesertim
1350 541 1472 569 nomine
1486 542 1516 569 in
1540 550 1634 570 manu
1649 542 1703 570 viri
1723 550 1832 571 convc-

1006 585 1096 616 nisse,
1118 588 1150 613 ut
1172 585 1270 613 carnis
1286 586 1426 622 utrinque
1448 586 1673 623 liberorumque
1692 595 1829 616 commu—

1010 629 1060 656 nio
1085 629 1188 662 coiret,
1207 638 1274 666 quae
1296 630 1379 658 nullo
1405 631 1548 667 temporis
1572 639 1706 667 unquam
1732 633 1828 660 tractu

1008 673 1227 707 dissolveretur,
1239 677 1267 702 et
1290 675 1319 702 id
1341 682 1376 703 ex
1395 675 1571 710 hujusmodi
1596 676 1734 705 convictu
1753 684 1831 713 prae-

1009 721 1109 753 staret,
1130 727 1168 746 ne
1190 719 1245 746 viri
1261 719 1400 747 medulla!
1414 719 1510 747 ullum
1520 720 1589 748 inde
1602 720 1831 750 incommodum

1008 766 1059 790 aut
1067 763 1277 791 detrimentum
1284 766 1434 800 caperent,
1442 765 1701 800 quemadmodum
1708 766 1832 801 pulchre

1008 808 1155 843 Sapientis
1184 807 1338 844 ἀποφθέγμα
1362 808 1469 837 suadet
1483 809 1534 844 (4).
1561 810 1647 842 Quod
1671 810 1770 838 fratris
1789 811 1833 839 ἰη-

1006 853 1139 880 stitutum
1151 861 1221 881 cum
1231 853 1379 889 plerisque
1392 853 1581 888 innotuisset,
1606 855 1657 890 qui
1679 862 1832 884 recensere

1005 899 1128 933 possim,
1145 900 1218 933 quot
1233 898 1366 933 primarii
1382 898 1586 926 adolescentes
1600 898 1743 928 afﬁnitate
1767 908 1833 928 sese

1004 942 1163 970 nobiscum
1170 942 1320 970 devincire
1330 942 1528 971 studuerunt?
1535 945 1597 971 Non
1611 945 1652 972 tot
1659 944 1757 972 hercle
1764 953 1832 980 pro-

1005 988 1030 1015 ci
1037 987 1198 1015 temulento
1207 987 1327 1022 agmine
1339 987 1575 1015 comessabundi
1591 988 1630 1016 ad
1637 988 1830 1025 Penelopam,

1004 1034 1078 1069 quot
1096 1032 1134 1060 ad
1159 1031 1243 1059 illum
1264 1031 1449 1059 matrimonii
1473 1032 1669 1060 contrahendi
1690 1033 1832 1069 interpre-

1004 1080 1059 1110 tes,
1076 1079 1104 1105 et
1122 1077 1209 1113 quasi
1220 1079 1390 1113 proxenetze
1406 1077 1617 1105 conﬂuebant:
1634 1085 1765 1114 quorum
1782 1078 1831 1106 alii

1004 1121 1144 1154 ﬁliarum,
1158 1121 1350 1149 uliisororum
1362 1122 1482 1158 nuptias
1496 1122 1708 1151 moliebantur.
1721 1123 1831 1157 Magni-

1004 1167 1061 1194 iica
1077 1168 1105 1194 et
1119 1166 1249 1201 gloriosa
1271 1167 1469 1194 ostentatione
1482 1166 1531 1195 alii
1546 1166 1620 1194 alios
1630 1175 1773 1203 superare
1783 1175 1831 1196 co-

1004 1214 1120 1245 nantes,
1137 1214 1227 1247 atque
1243 1211 1331 1239 etiam
1346 1211 1551 1239 venditatione
1574 1211 1708 1247 quadam
1724 1220 1829 1242 eorum

1004 1256 1114 1291 quibus
1126 1256 1334 1292 unusquisque
1351 1256 1389 1284 ad
1412 1256 1533 1292 nuptias
1546 1256 1612 1283 illas
1623 1258 1666 1284 tot
1679 1256 1830 1286 nobilium

1004 1309 1166 1337 procorum
1198 1300 1276 1328 votis
1305 1302 1333 1328 et
1365 1301 1637 1329 concertationibus
1672 1302 1829 1337 expetitas,

1004 1346 1135 1373 maxime
1150 1345 1231 1378 eniti,
1258 1348 1287 1373 et
1300 1353 1408 1373 nervos
1424 1345 1518 1373 aetatis
1535 1345 1750 1382 industriaeque
1767 1355 1829 1374 suae

1003 1391 1192 1424 contendere,
1201 1398 1304 1418 earum
1315 1390 1445 1426 denique
1460 1390 1558 1426 potiri,
1572 1391 1829 1426 compasqueﬁeri

1002 1438 1116 1472 posset.
1152 1435 1255 1470 Itaque
1290 1435 1339 1463 alii
1363 1434 1410 1462 vel
1440 1434 1567 1469 generis,
1596 1434 1644 1462 vel
1666 1436 1829 1468 i'ormae,vel

1002 1480 1092 1508 etiam
1110 1480 1265 1515 utriusque
1286 1479 1458 1514 praestantia
1477 1478 1647 1513 gloriando,
1663 1478 1712 1506 alii
1725 1481 1829 1508 contra

1003 1524 1219 1553 sententiarum
1230 1524 1384 1558 gravitate,
1396 1524 1618 1558 verborumque
1628 1523 1826 1558 ponderibus,

1001 1573 1146 1605 tanquam
1172 1569 1202 1596 in
1230 1568 1386 1604 procinctu
1408 1576 1439 1596 se
1468 1568 1554 1595 tutati
1579 1569 1668 1596 sunt:
1699 1570 1731 1597 ut
1751 1568 1827 1597 mihi

1001 1616 1091 1643 frater
1101 1614 1244 1642 dubitans
1256 1616 1285 1641 et
1295 1613 1438 1641 haesitans
1446 1620 1508 1640 non
1516 1620 1643 1648 parvum
1653 1612 1742 1642 oﬂicii
1748 1621 1826 1642 onus

1001 1659 1187 1696 impOsuerit,
1203 1658 1276 1685 dum
1289 1657 1404 1693 judicio
1419 1665 1488 1685 meo
1503 1665 1676 1686 socerorum
1691 1658 1825 1686 delectus

1001 1703 1167 1735 committit,
1183 1710 1275 1738 seque
1286 1702 1335 1730 vel
1346 1701 1496 1738 imprimis
1516 1701 1727 1738 amplexurum
1744 1702 1825 1731 afﬁr-

1001 1750 1063 1775 mat
1085 1746 1233 1783 quidquid
1250 1754 1340 1782 super
1349 1754 1386 1774 ea
1398 1754 1430 1774 re
1457 1746 1532 1774 mihi
1555 1746 1708 1780 arrideret,
1729 1747 1824 1776 facto-

999 1800 1058 1829 que
1073 1800 1150 1828 opus
1166 1799 1230 1819 esse
1243 1791 1400 1819 videretur.

1035 1839 1057 1865 Ο
1073 1837 1209 1865 animum
1224 1844 1293 1864 vere
1308 1836 1485 1870 fraternum,
1499 1837 1551 1872 qui
1562 1836 1635 1864 mihi
1648 1837 1752 1865 omnia
1766 1845 1823 1866 sua

999 1881 1226 1909 commendaret
1241 1883 1269 1909 et
1283 1881 1485 1914 concrederet,
1503 1881 1650 1916 cujusque
1670 1881 1792 1910 consilia
1803 1889 1823 1909 a

998 1934 1057 1961 me,
1091 1934 1152 1954 non
1177 1934 1262 1954 secus
1295 1928 1384 1961 atque
1407 1926 1447 1953 ab
1475 1925 1576 1961 aliquo
1601 1925 1735 1960 numine,
1761 1925 1822 1954 vim

1000 1979 1087 1999 suam
1111 1974 1139 1998 et
1162 1970 1300 1998 effectum
1321 1970 1484 2006 caperent!
1506 1970 1569 2002 Quo
1598 1969 1718 1998 hercule
1741 1969 1822 1998 facto

999 2015 1218 2044 evidentissime
1241 2015 1345 2051 patuit,
1378 2014 1533 2050 quomodo
1559 2022 1645 2042 meus
1669 2014 1728 2048 ille,
1759 2014 1822 2043 imo

998 2059 1319 2089 bonarumlitterarum
1330 2059 1472 2087 alumnus
1484 2058 1523 2087 ad
1534 2058 1673 2087 virtutem
1695 2058 1821 2088 affectus

999 2108 1096 2134 esset:
1112 2112 1173 2140 qua
1186 2104 1309 2140 quidem
1329 2103 1402 2131 nihil
1415 2111 1451 2131 ex
1466 2103 1608 2131 omnibus
1623 2112 1690 2139 quae
1710 2107 1778 2132 sunt
1790 2104 1822 2132 in

999 2158 1099 2178 rerum
1110 2152 1217 2177 natura
1232 2148 1394 2184 antiquius,
1411 2150 1463 2176 aut
1473 2147 1681 2176 observatione
1700 2148 1822 2183 dignius

1000 2195 1211 2223 arbitraretur:
1234 2201 1295 2221 non
1320 2201 1404 2229 opes,
1425 2201 1486 2221 non
1510 2193 1615 2220 fortuna.
1634 2193 1822 2229 dignitatem,

1000 2248 1062 2268 non
1081 2238 1197 2275 generis
1220 2237 1394 2271 claritatem,
1417 2245 1479 2265 non
1492 2238 1580 2265 fama;
1601 2237 1822 2266 celebritatem:

1001 2284 1118 2313 tametsi
1135 2292 1170 2311 ea.
1185 2285 1271 2310 aetate
1285 2286 1371 2316 esset,
1389 2291 1457 2318 quae
1472 2282 1557 2310 facile
1570 2282 1746 2318 hujusmodi
1766 2283 1825 2311 for-

1000 2332 1078 2358 tuna)
1116 2327 1252 2356 ludibriis
1285 2329 1313 2355 et
1343 2326 1490 2355 illecebris
1521 2327 1626 2354 irretiri
1664 2327 1750 2359 solet,
1797 2329 1826 2354 ct

1001 2380 1183 2407 coacescere,
1202 2372 1276 2400 dum
1289 2372 1328 2400 ad
1336 2372 1433 2400 avitas
1441 2374 1469 2399 et
1477 2371 1590 2407 patrias
1599 2379 1647 2399 res
1657 2371 1826 2406 augendas,

1002 2417 1223 2447 nobilitandum
1234 2425 1328 2452 genus
1343 2424 1514 2452 corpusque
1525 2415 1721 2444 reﬁciendum
1733 2417 1763 2444 et
1774 2423 1827 2443 cu-

1002 2463 1133 2491 randum
1150 2461 1356 2496 indulgentius
1371 2469 1466 2497 quam
1481 2468 1536 2496 par
1560 2460 1596 2488 sit
1619 2461 1648 2488 et
1663 2460 1826 2489 ferventius

1003 2506 1159 2536 incumbit.

1041 2551 1186 2581 Omnibus
1202 2550 1283 2578 enim
1298 2550 1407 2586 procis,
1424 2549 1521 2585 iisque
1534 2549 1700 2586 praesertim
1716 2550 1769 2586 qui
1779 2549 1829 2578 vel

1005 2603 1158 2625 summam
1188 2595 1290 2623 dotem
1317 2594 1449 2622 dicerent
1478 2596 1507 2622 et
1534 2594 1751 2629 promitterent,
1767 2601 1829 2622 non

1007 2642 1071 2669 sine
1086 2640 1178 2668 animi
1202 2639 1377 2667 excellentia
1390 2641 1418 2666 et
1442 2638 1614 2674 praestantia
1637 2638 1827 2674 posthabitis,

1006 2685 1165 2714 illustrium
1179 2684 1440 2712 Belissariotarum
1456 2682 1596 2718 probitati
1611 2684 1640 2710 et
1652 2682 1831 2716 ingenuitati

147 2758 184 2796 (4)
210 2761 299 2793 Prov.
328 2764 391 2788 xn:
413 2754 531 2788 Mulier
556 2755 685 2791 diligens
713 2763 824 2785 corona
843 2760 885 2785 est
915 2756 980 2787 viro
1003 2764 1067 2792 suo,
1091 2758 1146 2784 etc.
1175 2755 1208 2783 Et
1237 2755 1323 2783 Eccli.
1348 2762 1436 2782 xxvr:
1454 2753 1559 2781 Gratia
1573 2752 1707 2780 mulieris
1719 2750 1831 2779 sedulte
1853 2763 1859 2768 -

117 2807 354 2841 delectath
370 2811 478 2840 suum,
501 2805 555 2832 θια-
