4168 6290
565 289 667 343 367

1467 272 1835 330 MICHAEIJS
1875 270 2256 327 ACOMINATI
2293 272 2720 328 ATHENARUM
2758 272 3074 328 ARCHIEP.

3862 279 3960 332 368

561 411 734 468 facile
751 409 1122 481 cessit,quos
1147 405 1306 461 idem
1324 399 1804 464 contubernium,
1834 396 2212 451 earumdem-
2238 398 2283 451 Α
2323 396 2511 452 multa
2541 395 2820 452 muniﬁce
2865 400 2921 452 et
2964 396 3128 466 large
3184 396 3396 452 dantes
3425 397 3869 468 promerebant,
3908 406 3962 458 et

561 517 680 576 que
708 501 824 556 sub
853 497 1067 556 iisdem
1090 492 1390 563 magistris
1419 490 1634 546 artium
1660 486 1834 559 quasi
1862 485 2210 576 communio

563 595 622 648 et
647 590 902 646 societas
921 586 1000 644 ad
1013 581 1510 642 necessitudinem
1528 582 1797 634 nostram
1821 575 2206 646 adjunxerat;

563 681 805 736 illorum
849 677 1009 734 enim
1047 687 1337 739 sororem,
1380 685 1512 740 quae
1556 667 1615 722 in
1655 664 1900 737 optimae.
1947 662 2210 736 parentis

564 769 754 826 oculis
789 768 946 823 intra
979 761 1225 820 thalami
1256 759 1511 832 parietes
1537 759 1695 811 caste
1739 758 1796 809 et
1818 752 2034 825 pudice
2063 751 2209 806 edu-

568 863 702 914 cata
748 856 958 923 fuerat,
989 849 1365 908 duxit‘frater
1395 845 1488 901 ille
1516 860 1704 910 meus,
1751 857 1933 914 quem
1966 840 2210 896 Belissa-

564 946 730 1003 riotis
763 942 1134 1000 simillimum
1157 953 1280 994 non
1307 942 1431 993 tam
1448 931 1827 990 necessitudo
1857 936 1912 987 et
1931 930 2209 998 afﬁnitas,

564 1051 752 1108 quam
795 1048 1037 1089 morum
1099 1024 1512 1086 convenientia
1543 1022 1838 1079 effecerat.
1896 1024 2097 1092 Itaque
2150 1021 2216 1074 ut

572 1124 779 1181 fratres
827 1120 1046 1178 animis
1088 1133 1210 1174 non
1252 1131 1424 1171 secus
1468 1117 1649 1185 atque
1695 1109 2049 1182 corporibus
2092 1123 2216 1163 una

566 1214 703 1270 unis
725 1213 786 1268 in
817 1209 1050 1266 aedibus
1076 1204 1448 1267 habitabant,
1475 1201 1686 1256 eadem
1709 1216 1777 1255 ex
1821 1214 2030 1254 mensa
2049 1197 2216 1252 cibos

567 1304 628 1359 in
649 1303 775 1358 dies
801 1297 1218 1372 capessebant,
1251 1293 1462 1350 iisdem
1492 1290 1845 1360 gaudentes,
1885 1287 2094 1342 iisdem
2131 1286 2214 1341 vi-

569 1391 776 1449 cissim
790 1386 1346 1453 commovebantur,
1378 1377 2057 1448 unaforum,templum.
2075 1389 2216 1431 con—

570 1481 772 1537 ciones
819 1476 1119 1550 publicas,
1162 1469 1453 1544 palatium
1503 1467 1787 1523 adibant:
1834 1465 1972 1520 inde
2011 1479 2217 1519 rursus

573 1585 699 1626 non
728 1565 965 1636 singuli,
996 1563 1100 1619 sed
1140 1577 1249 1634 pro
1299 1574 1466 1615 more
1513 1556 1640 1612 bini
1679 1556 1928 1611 domum
1965 1557 2215 1609 reverte-

571 1660 812 1728 bantur,
851 1654 1168 1711 miriﬁcum
1207 1666 1269 1706 se
1301 1649 1445 1705 alter
1474 1646 1641 1702 alteri
1679 1645 1956 1700 comitem
1989 1643 2215 1716 praebe-

2321 486 2483 541 velut
2505 486 2987 559 sumptuosiores
3007 485 3257 558 quidam
3295 487 3693 556 margaritarii
3716 489 3961 546 uniones

2319 573 3133 646 smaragdos,lychnitasque
3145 589 3370 644 magno
3381 575 3571 647 pretio
3583 583 3962 649 comparatos

2320 661 2459 717 inde
2521 661 2776 718 domum
2839 662 3252 734 asportabant,
3313 663 3499 720 satius
3561 679 3689 720 esse
3727 666 3858 735 rati,
3916 666 3962 724 si

2321 750 2683 820 dignitatum
2711 751 3140 823 przerogativas
3170 751 3361 824 pretio
3388 752 3502 809 sibi
3524 761 3958 826 compararent,

2319 855 2506 912 quam
2535 840 2580 895 si
2613 839 2692 896 ab
2732 840 2845 895 illis
2888 840 3043 896 ultro
3083 845 3458 898 ornarentur.
3513 843 3776 906 Quorum
3810 849 3960 902 certe

2323 929 2689 999 singularem
2713 930 3118 1003 eximiamque
3143 929 3420 988 virtutem
3440 931 3830 1004 imperatores
3861 951 3959 991 ex-

2320 1019 2492 1092 perti,
2532 1018 2699 1091 quod
2736 1019 3022 1074 nimirum
3067 1019 3217 1074 lucri
3282 1020 3650 1094 privataeque
3704 1023 3963 1080 utilitatis

2323 1111 2669 1180 contemptu
2712 1107 3054 1175 Aristidem,
3122 1109 3519 1180 temperantia
3559 1111 3962 1184 Hippolytum.

2328 1197 2842 1269 Bellerophontem
2881 1200 2938 1252 et
2963 1198 3316 1269 Josephum,
3358 1199 3506 1268 iuris
3548 1199 3810 1273 denique
3852 1201 3964 1258 ob-

2327 1287 2624 1344 servantia
2674 1287 2949 1353 Minoem,
3015 1286 3251 1357 judices
3318 1287 3564 1344 minime
3616 1291 3964 1359 nummarii,

2323 1377 2500 1448 longe
2531 1379 2974 1448 praeverterent,
3012 1375 3193 1431 rebus
3239 1376 3394 1445 illos,
3436 1377 3554 1432 suis
3592 1377 3760 1434 domi
3788 1379 3967 1436 foris-

2325 1481 2443 1537 que
2468 1463 2885 1537 praefecerunt,
2942 1463 3291 1520 aerariorum
3337 1464 3471 1531 illis,
3525 1467 3968 1524 thesaurorum-

2323 1571 2441 1627 que
2467 1557 2524 1610 et
2563 1553 2979 1609 cubiculorum
3010 1569 3257 1610 suorum
3284 1555 3504 1625 januas
3539 1556 3968 1627 patefecerunt,

2326 1643 2684 1702 charissima
2725 1659 2982 1717 quaeque
3012 1659 3137 1700 non
3166 1660 3336 1700 secus
3368 1650 3548 1717 atque
3586 1646 3972 1704 familiarissi-

570 1747 696 1816 bat,
745 1749 808 1802 ut
859 1745 986 1816 jam
1045 1738 1458 1797 aemulandum
1527 1734 1900 1804 cognationis
1969 1748 2103 1805 par,
2161 1735 2288 1794 etB
2329 1735 2443 1792 mis
2495 1733 3013 1802 concrediderunt;
3061 1732 3195 1789 illos
3254 1734 3513 1807 denique
3566 1735 3629 1791 in
3671 1742 3885 1810 aperta
3918 1742 3972 1794 et

573 1834 1097 1892 auctoramentum
1127 1825 1547 1885 beatissimum
1580 1824 1638 1879 in
1657 1839 1759 1879 ore
1787 1821 2062 1879 omnium
2091 1835 2217 1876 ver-

571 1929 820 1993 saretur,
873 1927 1054 1992 atque
1093 1917 1244 1974 adeo
1310 1915 1572 1972 maxime
1617 1912 1936 1985 perspicua
1999 1915 2219 1982 tempe-

570 2013 778 2072 rantiae
795 2008 1162 2082 exemplaria
1181 2006 1476 2064 audirent.
1501 2006 1544 2070 Ο
1556 2003 1780 2059 uandiu
1797 2006 1951 2058 certe
1979 1999 2218 2056 caelibes

570 2106 838 2176 egerunt,
855 2098 1054 2156 nobile
1068 2113 1178 2170 par
1188 2096 1438 2152 fratrum
1453 2095 1680 2166 passim
1697 2090 2012 2147 hominum
2031 2090 2217 2146 incre-

568 2194 852 2251 brescens
864 2191 1260 2263 pervagatum
1273 2190 1379 2253 est,
1393 2189 1796 2257 posteaquam
1809 2195 1951 2236 vero
1965 2180 2220 2236 honora-

567 2283 674 2340 bili
736 2277 1019 2338 connibio
1074 2277 1136 2331 in
1193 2273 1478 2330 omnibus
1532 2276 1589 2327 et
1649 2276 1778 2327 toro
1829 2269 2218 2325 immaculato

565 2369 758 2442 jugati
789 2373 950 2435 sunt,
994 2370 1124 2421 tum
1165 2379 1308 2420 vero
1330 2361 1443 2417 illis
1485 2359 1682 2416 afﬁnis
1731 2359 1890 2414 idem
1935 2358 2038 2430 qui
2069 2357 2217 2412 mihi

567 2459 749 2515 frater
777 2457 907 2513 fuit.
939 2455 1008 2510 Hi
1045 2454 1146 2509 alii
1185 2452 1439 2508 aliorum
1482 2449 1759 2505 medullis
1789 2453 1847 2504 et
1889 2447 2217 2504 visceribus

569 2549 707 2606 imis
765 2546 926 2602 velut
985 2542 1403 2616 colliquefacti,
1464 2555 1658 2612 usque
1721 2538 1874 2595 adeo
1930 2539 2216 2594 inhaerere

569 2640 899 2710 coeperunt,
929 2639 994 2691 ut
1013 2634 1208 2690 statim
1231 2631 1362 2688 illos
1392 2631 1449 2686 in
1480 2646 1664 2686 unam
1684 2644 1950 2685 massam
1977 2644 2214 2684 concre-

569 2733 661 2785 tos
693 2726 907 2782 coiisse
927 2723 1122 2797 quivis
1147 2722 1548 2777 (estimaturus
1591 2724 1770 2784 esset,
1802 2734 1938 2791 quae
1969 2717 2213 2790 quidem

568 2816 736 2874 nullo
785 2813 1071 2886 temporis
1115 2815 1303 2868 tractu
1335 2810 1533 2866 dirimi
1564 2814 1667 2865 aut
1696 2807 2036 2864 intersecari
2075 2823 2214 2879 pos-

570 2911 678 2976 set,
719 2921 792 2962 ea
827 2903 1212 2977 potissimum
1266 2901 1339 2956 de
1371 2915 1575 2968 causa,
1607 2897 1774 2970 quod
1820 2897 2213 2953 Belissariotae

569 2995 816 3069 quidem
848 3009 958 3065 pro
990 2992 1112 3048 suis
1160 2990 1550 3061 dignitatibus
1592 2989 1654 3044 in
1697 2988 1844 3044 urbe
1873 2987 2214 3059 reipublicae

573 3083 910 3142 commodis
961 3080 1358 3147 consulerent,
1395 3078 1573 3134 frater
1624 3081 1825 3132 autem
1877 3092 2047 3132 meus
2092 3091 2215 3131 non

568 3174 632 3230 in
660 3174 808 3230 urbe
839 3177 1096 3232 tantum.
1143 3169 1245 3224 sed
1284 3168 1464 3224 etiam
1484 3167 1544 3222 in
1579 3166 1919 3239 provincias
1944 3170 2000 3220 et
2021 3164 2216 3220 muni-

571 3263 748 3332 cipia,
780 3267 845 3316 ut
864 3262 990 3331 jam
1031 3258 1170 3328 dixi,
1193 3258 1270 3314 ab
1302 3256 1430 3312 aliis
1450 3256 1700 3328 aliisque
1757 3254 2220 3327 imperatoribus

571 3350 817 3416 missus,
849 3365 1048 3404 rerum
1081 3363 1334 3402 summae
1363 3345 1612 3416 praefuit.

644 3441 903 3509 Tempus
933 3436 1180 3508 quidem
1228 3439 1381 3490 certe
1429 3434 1746 3489 mutationi
1781 3449 2222 3507 usquequaque

576 3530 793 3600 patens
828 3531 886 3581 et
913 3524 1278 3596 expositum,
1306 3522 1769 3594 imperatoribus
1797 3523 1972 3578 etiam
2004 3540 2219 3594 super-

580 3614 819 3670 stitibus
890 3611 1142 3684 imperia
1215 3610 1456 3679 ademit,
1520 3625 1556 3664 a
1629 3610 2221 3682 Sceptuchorumque

577 3702 861 3761 manibus
878 3701 1130 3774 abrepta
1150 3704 1386 3771 sceptra
1407 3698 1483 3753 ad
1505 3697 1674 3765 alios,
1689 3698 1766 3754 ab
1791 3698 2004 3771 hisque
2021 3699 2221 3757 denuo

579 3794 660 3851 ad
694 3793 846 3850 alios
874 3791 1205 3849 transtulit:
1241 3789 1405 3844 fratri
1447 3792 1648 3843 autem
1698 3803 1834 3844 meo
1874 3789 2135 3845 honores
2167 3796 2224 3846 et

573 3883 966 3953 magistratus
994 3880 1278 3937 continua
1297 3877 1730 3948 imperatorum
1752 3879 2049 3934 successio
2079 3879 2222 3934 inte-

576 3987 717 4042 gros
754 3970 1158 4040 illibatosque,
1200 3983 1311 4022 nec
1349 3965 1525 4022 ullius
1569 3966 1943 4022 successione
1964 3967 2220 4024 interru-

574 4066 710 4131 ptos
749 4058 1150 4122 conservavit,
1200 4057 1323 4112 imo
1361 4071 1504 4112 vero
1553 4056 1656 4129 qui
1693 4055 2221 4130 subsequebantur

573 4147 1047 4220 praecedentibus
1106 4162 1248 4216 erga
1300 4147 1468 4202 illum
1530 4146 1941 4204 benevolentia
1997 4149 2218 4204 anteire

573 4235 750 4308 quasi
790 4235 1242 4300 contendentes,
1295 4236 1373 4291 ad
1427 4235 1711 4309 pristinos
1757 4235 1913 4292 illius
1958 4237 2216 4294 honores

573 4325 803 4397 aliquid
834 4326 1079 4397 insuper
1109 4326 1492 4397 adjiciebant,
1523 4327 1634 4382 viri
1674 4326 1960 4382 nimirum
2000 4327 2214 4383 virtute

571 4414 1086 4487 obstupescentes,
1114 4419 1470 4488 tantumque
1500 4431 1572 4471 ex
1601 4416 1853 4489 imperio
1883 4433 1994 4473 suo
2018 4417 2213 4472 immi-

570 4503 676 4557 nui
719 4503 1148 4574 existimantes,
1208 4509 1505 4576 quantum
1545 4505 1620 4560 de
1670 4505 2002 4562 honoribus
2058 4505 2214 4562 illius

566 4591 1044 4650 imminueretur.

639 4685 842 4756 Neque
863 4699 1004 4740 vero
1043 4683 1320 4752 vulgares
1343 4688 1573 4740 tantum
1601 4689 1657 4740 et
1694 4685 1909 4758 plebeii
1939 4686 2212 4742 homines

566 4770 810 4844 (quibus
860 4772 940 4830 ad
969 4773 1229 4829 honores
1269 4773 1368 4829 vix
1399 4773 1553 4829 ullus
1585 4778 1746 4846 patet
1805 4775 2022 4847 aditus,
2053 4793 2210 4850 quo-

561 4877 775 4920 rumve
847 4863 1164 4921 conatibus
1226 4863 1466 4920 fortuna
1522 4865 1754 4922 tenuior
1796 4872 1852 4922 et
1898 4866 2212 4924 obscurior

559 4951 800 5009 obstare
850 4954 1020 5026 solet)
1069 4954 1298 5026 palatia
1348 4954 1833 5028 frequentabant,
1890 4959 2210 5030 quantovis

556 5040 748 5111 pretio
788 5042 1082 5099 honorem
1124 5042 1204 5098 ab
1239 5043 1702 5116 imperatoribus
1746 5045 2013 5102 delatum
2058 5049 2209 5103 aesti-

554 5128 828 5193 mabant,
884 5131 1250 5205 publicaque
1297 5149 1421 5205 qua
1451 5139 1730 5207 poterant
1775 5141 1899 5192 arte
1929 5152 2203 5204 munera,

551 5215 713 5272 lucto
743 5217 966 5275 addicti
993 5221 1408 5292 venabantur;
1437 5223 1541 5279 sed
1573 5225 1633 5280 hi
1662 5225 1842 5281 etiam
1873 5225 1947 5281 de
1976 5225 2203 5298 quibus

550 5303 699 5360 mihi
730 5322 927 5363 sermo
958 5313 1064 5377 est,
1090 5326 1211 5367 una
1235 5327 1374 5367 cum
1393 5313 1622 5370 virtutis
1643 5319 1696 5370 et
1718 5315 1955 5370 honesti
1990 5330 2200 5371 aman-

550 5392 708 5448 tibus
756 5394 856 5452 illo
905 5413 967 5454 se
1022 5399 1428 5473 conferebant,
1469 5402 1743 5477 beneque
1799 5403 1874 5458 de
1917 5406 2198 5474 Augustis

2326 1823 2648 1897 propatula
2680 1821 2848 1878 urbis
2879 1821 3396 1880 administratione
3419 1839 3674 1894 magnos
3699 1825 3970 1896 logothe-

2326 1918 2441 1979 tas,
2465 1912 2726 1985 ephoros
2748 1917 2804 1966 et
2824 1910 3185 1984 polyarchas
3214 1911 3702 1984 designaverunt.
3727 1914 3970 1971 Illorum

2327 2004 2486 2060 enim
2517 2002 2752 2067 virtute,
2783 2000 2962 2056 veluti
2993 2001 3262 2073 quodam
3285 2017 3491 2074 regno,
3521 2003 3830 2060 civitatum
3870 2021 3972 2077 gu-

2325 2090 2656 2148 bernacula
2686 2091 2766 2146 ita
2801 2095 3260 2156 exornaverunt,
3291 2096 3355 2147 ut
3391 2107 3463 2147 ea
3492 2094 3690 2164 potius
3721 2093 3800 2150 ab
3831 2094 3966 2166 illis,

2327 2197 2515 2254 quam
2545 2180 2626 2236 illi
2659 2179 2736 2235 ab
2779 2179 2914 2235 ullis
2964 2195 3164 2235 rerum
3207 2179 3585 2252 publicarum
3612 2182 3970 2252 honoribus,

2326 2271 2588 2344 praemiis
2629 2274 2732 2326 aut
2758 2269 3100 2340 splendore,
3126 2273 3530 2339 Augustorum
3564 2272 3973 2331 muniﬁcentia

2327 2359 2555 2417 collatis
2584 2359 3042 2414 illustrarentur.
3076 2363 3200 2414 lmo
3241 2375 3398 2426 vero,
3424 2364 3490 2416 ut
3508 2359 3710 2417 dicam
3728 2362 3786 2418 id
3805 2363 3973 2435 quod

2324 2466 2420 2505 res
2460 2453 2566 2520 est,
2614 2447 2693 2503 ab
2725 2448 3006 2516 Augustis
3031 2447 3091 2502 in
3122 2447 3587 2506 clarissimorum
3631 2455 3970 2524 temporum

2327 2555 2579 2594 suorum
2618 2542 3000 2604 ornamenta,
3068 2536 3536 2610 reipublicteque
3562 2539 3974 2609 gubernacula

2325 2645 2397 2684 ex
2421 2628 2622 2699 legum
2646 2626 2993 2698 praescripto
3020 2625 3395 2683 moderanda
3417 2629 3594 2700 quasi
3615 2645 3970 2688 communes

2323 2718 2573 2791 quidam
2597 2717 2944 2784 harmostae,
2967 2731 3281 2772 morumve
3303 2717 3592 2787 magistri,
3621 2720 3795 2776 creati
3809 2726 3966 2779 sunt:

2325 2804 2670 2877 cujusmodi
2708 2804 3022 2877 quondam
3051 2805 3439 2874 magistratus
3471 2823 3612 2863 suos
3655 2807 3813 2864 nullo
3844 2825 3967 2865 non

2324 2896 2626 2950 honorum
2652 2893 2844 2964 gradu
2865 2909 3003 2949 cum
3024 2893 3292 2950 maxima
3313 2894 3404 2949 sui
3443 2896 3698 2951 nominis
3721 2895 3964 2952 celebri-

2325 2991 2442 3041 tate
2485 2983 2828 3056 perfunctos
2873 2983 3282 3038 vetustissima
3326 2983 3427 3040 illa
3474 2987 3662 3041 Roma
3694 2990 3962 3058 noverat,

2327 3072 2704 3148 quivicissim
2738 3071 2901 3127 urbis
2929 3071 3101 3143 illius,
3148 3087 3284 3144 quae
3316 3077 3664 3130 caeterarum
3695 3075 3968 3132 omnium

2327 3161 2499 3220 facile
2550 3162 2827 3234 princeps
2878 3166 3018 3216 tunc
3066 3161 3356 3232 temporis
3406 3163 3662 3221 ﬂoreret.
3713 3165 3972 3237 imperii-

2329 3271 2445 3326 que
2503 3255 2596 3308 sui
2642 3253 2794 3307 fines
2834 3251 3010 3320 longe
3055 3251 3291 3324 lateque
3334 3253 3737 3325 protenderet,
3793 3270 3973 3311 orna-

2330 3346 2531 3400 menta
2577 3342 2637 3397 in
2682 3356 3004 3397 commune
3059 3341 3238 3397 totius
3301 3341 3463 3398 orbis
3525 3349 3976 3412 ornamentum,

2329 3447 2840 3504 communemque
2872 3430 3154 3486 humanae
3205 3431 3501 3488 societatis
3544 3433 3858 3490 utilitatem
3884 3449 3978 3490 ce-

2329 3523 2468 3578 dere
2498 3522 2944 3578 arbitrarentur.

2403 3616 2470 3668 Ut
2517 3627 2643 3667 rem
2696 3609 2906 3683 paucis
2949 3610 3290 3684 expediam,
3331 3611 3498 3668 salva
3543 3613 3792 3685 quidem
3846 3617 3984 3671 sunt

2329 3700 2738 3774 prosperitatis
2755 3701 3039 3756 humana:
3051 3700 3528 3772 propugnacula,
3543 3702 3764 3759 Pharos
3776 3709 3984 3760 autem

2327 3797 2386 3848 et
2419 3795 2648 3864 portus,
2694 3806 2953 3863 quorum
2998 3789 3100 3846 illa
3152 3795 3288 3847 sunt
3323 3791 3705 3848 adminiculis
3738 3808 3983 3850 conser—

2327 3887 2488 3950 vata,
2525 3880 2909 3951 naufragium
2938 3879 3114 3936 nobis
3135 3878 3378 3936 abstulit
3411 3884 3510 3951 (5).

2400 3971 2510 4036 Qui
2539 3975 2741 4027 tamen
2783 3970 2899 4025 hoc
2946 3968 3073 4025 fieri
3111 3973 3324 4040 potest,
3366 3973 3429 4024 ut
3466 3974 3774 4028 tantorum
3819 3973 3978 4028 viro-

2325 4076 2462 4116 rum
2493 4061 2738 4116 viriutes
2769 4064 2892 4115 tam
2919 4058 3238 4122 succincte,
3271 4057 3593 4132 verbisque
3626 4064 3749 4117 tam
3771 4061 3979 4134 paucis

2327 4151 2408 4207 ita
2453 4148 2850 4223 percurram?
2894 4153 2959 4203 ut
3012 4146 3272 4219 plurima
3310 4147 3542 4205 silentio
3591 4149 3980 4222 praeteream?

2324 4241 2542 4313 partim
2569 4238 2815 4311 quidem
2855 4237 3140 4294 confusus
3174 4253 3248 4292 ex
3277 4253 3368 4302 eo,
3409 4237 3576 4310 quod
3602 4238 3819 4295 affectu
3859 4238 3979 4293 sim

2325 4329 2660 4385 vehementi
2684 4332 2741 4383 et
2763 4327 3058 4384 concitato
3089 4327 3281 4397 magis
3305 4343 3493 4399 quam
3518 4326 3694 4384 bonis
3725 4327 3838 4383 illis
3871 4327 3982 4384 ad-

2325 4421 2508 4477 ducto
2535 4425 2591 4475 et
2620 4433 2929 4492 persuaso,
2961 4417 3183 4489 quibus
3223 4417 3358 4473 etin
3407 4417 3522 4472 vita
3554 4417 3786 4489 praediti
3825 4421 3886 4474 et
3913 4417 3978 4473 in

2324 4514 2517 4566 morte
2547 4523 2672 4565 non
2720 4508 2845 4564 sine
2893 4521 3118 4574 magno
3152 4507 3356 4563 seaculi
3396 4507 3584 4563 nostri
3613 4506 3979 4563 detrimento

2322 4599 2539 4672 privati
2565 4598 2802 4654 fuerunt
2830 4613 2844 4652 :
2873 4597 3090 4669 partim
3121 4611 3260 4652 vero
3304 4596 3536 4652 cautius
3575 4595 3974 4669 prospiciens,

2322 4707 2395 4747 ne
2422 4690 2560 4763 quis
2591 4689 2749 4745 hanc
2777 4687 3117 4742 orationem
3140 4685 3440 4756 suggillet,
3463 4689 3529 4742 ut
3557 4702 3692 4759 quin
3715 4682 3974 4740 instituti

2321 4779 2659 4851 argumenti
2687 4778 2894 4840 oblita,
2920 4777 3214 4848 majorem
3244 4775 3525 4848 Thylaco,
3559 4781 3624 4832 ut
3651 4775 3711 4832 in
3729 4788 3978 4848 prover-

2320 4871 2420 4928 bio
2449 4874 2553 4939 est,
2593 4867 2999 4924 accessionem
3023 4865 3241 4922 fecerit.

2391 4956 2897 5030 Quandoquidem
2920 4970 3080 5010 nova
3111 4954 3272 5021 Sion,
3307 4969 3430 5010 non
3462 4970 3637 5010 secus
3663 4957 3847 5026 atque
3880 4967 3980 5008 ve-

2317 5055 2415 5106 tus
2437 5048 2558 5116 illa,
2583 5063 2619 5103 a
2649 5046 2772 5102 suis
2805 5049 2967 5103 tanto
3012 5044 3074 5100 in
3098 5060 3298 5100 rerum
3339 5043 3682 5100 discrimine
3703 5041 3976 5107 deserta,

2314 5138 2376 5194 in
2427 5136 2690 5194 hostium
2740 5149 2961 5190 manus
2990 5131 3216 5196 incidit,
3250 5135 3309 5188 et
3335 5131 3601 5187 funditus
3621 5145 3834 5187 eversa
3859 5133 3979 5186 est.

2314 5224 2619 5298 Quidquid
2639 5225 2817 5281 etiam
2842 5223 2899 5278 in
2918 5238 2990 5279 ea
3011 5220 3410 5294 supplementi
3438 5219 3550 5287 ,vel
3567 5217 3977 5286 latebrarum,

2311 5315 2406 5371 vel
2433 5315 2580 5371 levis
2611 5317 2900 5370 armatum
2921 5309 3233 5380 beneﬁcio,
3270 5324 3492 5364 manus
3534 5305 3778 5364 hostiles
3816 5305 3979 5362 sub-

2310 5406 2649 5475 terfugerat,
2683 5403 2943 5460 Nicaeam
2969 5399 3253 5472 Bithyniae
3295 5396 3673 5470 metropolim
3699 5395 3980 5452 commi-

621 5573 700 5644 (5)
722 5574 942 5636 Alludit
967 5577 1046 5636 ad
1065 5579 1214 5638 illud
1240 5580 1394 5655 Scip.
1427 5581 1654 5643 Nasicae
1687 5581 1854 5657 apud
1877 5582 1940 5638 Β.
1964 5587 2118 5656 Aug.
2151 5581 2228 5642 de
2257 5582 2427 5642 Civit.
2451 5581 2674 5658 Deilib.
2702 5599 2720 5638 ι
2751 5600 2763 5638 :
2795 5583 2975 5640 Stant
3003 5579 3242 5645 mania,
3271 5584 3458 5633 ruunt
3491 5589 3700 5634 mores.
