4168 6290
240 287 331 342 369

1422 291 1740 348 MONODIA
1777 293 1848 348 ΙΝ
1885 292 2213 351 FRATREM
2255 294 2466 354 SUUM.

3545 292 3653 348 370

244 410 442 481 gravit,
497 409 710 479 ibique
740 407 900 464 adeo
922 425 1080 466 nunc
1146 413 1441 482 exsulant,
1482 415 1586 487 qui
1612 415 1890 472 hesterno
1919 424 1969 480 Α
2009 434 2144 490 quae
2177 419 2428 475 civitatis
2457 419 2656 476 unitas
2707 419 2999 476 dissoluta
3049 415 3329 475 concidit!
3389 417 3654 487 quantus

243 497 330 553 die
358 497 708 554 concivium
769 515 1017 555 suorum
1071 500 1286 557 laetitiaa
1329 504 1742 576 congratulati,
1788 505 1892 561 ho-

245 587 464 659 dierno,
487 591 647 662 proh
671 591 882 650 dolor!
909 590 1297 646 maerentibus
1321 593 1807 662 congemiscunt:
1831 597 1893 650 ut

249 679 343 750 qui
370 678 564 736 beatae
585 685 769 737 antea
791 679 1015 737 civitati
1035 685 1390 736 ornamento
1407 680 1678 749 fuerunt,
1711 683 1894 738 iidem

249 767 419 824 hodie
440 768 659 826 infelici
691 769 977 827 solatium
1002 769 1272 826 afferant.
1306 770 1378 826 lis
1399 771 1560 826 enim
1593 773 1738 844 ipsis
1759 789 1894 845 quae

251 857 546 928 dicebant,
577 875 841 934 quaeque
871 859 1126 932 sapienti
1153 864 1208 916 et
1237 875 1461 931 magno
1494 861 1697 917 animo
1726 861 1898 918 disci-

250 946 423 1020 plinae
445 951 648 1006 attenti
664 949 1072 1022 patiebantur,
1091 964 1214 1004 non
1231 965 1447 1021 parum
1467 951 1897 1007 consolationis

253 1036 834 1109 afferebantjgnavit
849 1054 966 1111 que
977 1038 1234 1110 pectoris
1257 1043 1310 1094 et
1327 1038 1648 1095 hebetioris
1670 1040 1896 1110 ingenii

257 1125 594 1182 hominibus
616 1142 742 1183 non
764 1142 990 1200 parvos
1015 1126 1092 1183 ad
1113 1125 1521 1184 fortitudinem
1580 1144 1896 1200 capessen-

256 1214 399 1270 dam
430 1215 654 1272 aculeos
677 1215 1050 1288 adjiciebant
1076 1256 1091 1273 .

317 1307 520 1376 Itaque
557 1304 1084 1378 quemadmodum
1129 1305 1394 1361 Ezechiel
1442 1309 1493 1361 et
1547 1306 1752 1362 Daniel
1795 1323 1898 1362 eos

249 1393 346 1466 qui
371 1393 539 1466 apud
555 1395 928 1467 Babylonem
945 1397 1148 1451 animo
1169 1394 1900 1464 deficiebant,exclaman-

247 1485 329 1539 tes
348 1500 363 1538 :
385 1484 788 1541 Exaruernnt
804 1499 937 1541 ossa
959 1491 1187 1550 nostra,
1205 1499 1332 1554 spes
1361 1491 1568 1540 nostra
1581 1485 1901 1557 desperata

277 1572 465 1629 cilicet
493 1575 740 1630 evanuit
774 1578 790 1629 l
824 1590 841 1628 :
865 1572 1317 1646 perapposisitis
1339 1573 1652 1646 colloquiis
1669 1588 1898 1630 recrea-

252 1661 392 1718 bant
420 1703 438 1730 ,
471 1661 748 1734 quandiu
777 1661 931 1718 vivis
963 1659 1077 1716 illis
1102 1661 1252 1728 frui,
1274 1661 1550 1734 quandiu
1583 1662 1902 1718 condolen—

256 1755 333 1806 tes
361 1754 419 1806 et
461 1753 848 1807 consolantes
902 1750 1156 1823 experiri
1207 1750 1390 1818 licuit,
1437 1750 1664 1807 leviora
1690 1751 1904 1824 procul

255 1838 433 1896 dubio
459 1838 719 1896 fortunae
759 1839 876 1896 tela
902 1839 1258 1909 sentiebant,
1284 1855 1395 1896 nec
1425 1840 1674 1896 omnino
1719 1857 1755 1896 a
1802 1855 1906 1913 pa-

256 1930 359 1985 tria
387 1945 452 1985 se
476 1946 588 1985 sua
610 1929 884 1985 exsulare
916 1928 1385 1998 arbitrabantur,
1412 1934 1478 1984 ut
1506 1930 1610 2001 qui
1626 1929 1904 2002 pulcher-

252 2020 402 2076 rima
425 2019 685 2076 civitatis
718 2036 840 2075 sure
859 2019 1131 2088 donaria,
1161 2019 1480 2092 capitaque
1507 2020 1656 2076 adeo
1678 2019 1903 2092 quibus

251 2107 598 2180 reipublicae
629 2107 987 2178 gubernatio
1015 2107 1306 2175 innititur,
1343 2106 1523 2163 etiam
1544 2113 1673 2162 tum
1702 2111 1905 2164 osten-

254 2201 465 2254 tarent.
503 2200 636 2253 Non
665 2198 828 2254 enim
849 2213 921 2253 ex
951 2197 1275 2264 moenibus,
1308 2197 1641 2269 quamlibet
1669 2196 1772 2253 illa
1801 2197 1905 2253 ho-

253 2288 484 2344 minum
523 2286 813 2343 manibus
841 2286 1067 2342 affabre
1116 2289 1360 2356 structa,
1405 2290 1510 2342 aut
1534 2285 1698 2341 tectis
1721 2285 1905 2341 subli-

254 2377 476 2442 mibus,
514 2380 619 2433 aut
642 2375 994 2448 porticibus,
1029 2379 1130 2432 aut
1147 2375 1276 2432 foro
1297 2381 1586 2432 exornata
1611 2375 1745 2441 sint,
1767 2391 1909 2432 vera

256 2467 506 2524 civitatis
526 2467 724 2523 forma
752 2465 1052 2538 dependet
1074 2470 1172 2532 (6);
1206 2465 1313 2521 sed
1341 2465 1742 2522 exhominum
1768 2481 1908 2537 pro-

255 2557 454 2623 bitate,
527 2556 866 2624 honestate,
927 2554 1252 2624 religione:
1313 2554 1536 2626 quibus
1565 2553 1910 2626 quicunque

255 2645 542 2718 praeditus
566 2649 673 2713 est,
702 2645 885 2701 etiam
916 2644 966 2699 si
987 2643 1100 2699 sub
1140 2659 1368 2716 quercu
1415 2646 1740 2716 pernoctet,
1789 2658 1911 2698 me-

255 2735 424 2790 lioris
445 2734 539 2790 ille
565 2739 800 2790 naturae
828 2733 1050 2806 hospes
1075 2732 1348 2803 efﬁcitur,
1387 2732 1625 2803 dignior
1648 2731 1908 2800 interim,

259 2839 440 2897 quem
467 2824 686 2880 civium
714 2838 970 2879 suorum
1000 2823 1274 2895 catalogo
1301 2822 1585 2894 quaelibet
1619 2821 1766 2877 urbs
1815 2837 1911 2877 ac-

261 2917 520 2981 censeat,
542 2928 618 2969 ne
633 2913 835 2968 dicam
866 2911 1166 2968 mundum
1197 2911 1420 2983 ipsum,
1452 2916 1909 2983 quantusquan-

2003 507 2306 563 bonorum
2338 509 2614 564 cumulus
2637 509 2908 564 inversus
2930 509 3038 564 est!
3064 506 3308 579 qualem
3335 502 3652 576 probitatis

2003 597 2457 670 honestatisque
2483 598 2774 669 triplicem
2791 595 3228 667 funiculum(8),
3259 608 3381 649 non
3406 590 3654 648 calami-

2003 690 2195 742 tatum
2224 687 2490 760 quidem,
2495 688 2667 758 juxta
2689 689 2928 761 sapiens
2958 686 3109 742 illud
3130 685 3439 757 ἀποφθεγμα
3456 681 3654 737 disru-

2004 777 2088 848 pit
2117 783 2524 848 emaraaig,a11t
2552 777 3070 833 circumstantium
3100 789 3354 831 casuum
3366 772 3653 828 violentia

2003 866 2264 932 divulsit,
2298 871 2357 922 at
2385 867 2514 923 sola
2541 882 2704 922 mors
2734 881 2980 922 auream
3009 865 3272 920 virorum
3298 861 3538 918 illorum
3553 876 3653 916 ca-

2003 959 2205 1011 tenam
2230 955 2585 1020 dissolvens,
2621 954 3041 1027 sigillatimque
3071 953 3396 1025 dissipans,
3441 949 3521 1005 ad
3561 949 3652 1005 ni-

2003 1044 2193 1100 hilum
2222 1045 2471 1101 tandem
2499 1045 2746 1116 redegit:
2795 1059 3055 1116 cumque
3086 1042 3239 1098 adeo
3267 1037 3655 1095 clementissi-

2005 1151 2142 1189 mus
2165 1133 2261 1189 ille
2290 1134 2400 1203 vir,
2434 1137 2821 1206 optimusque
2842 1132 3086 1190 Michael
3113 1131 3344 1204 primus
3374 1128 3497 1183 fato
3515 1141 3654 1183 con-

2006 1221 2300 1292 cessisset,
2335 1239 2408 1278 ex
2445 1222 2602 1278 facili
2659 1223 2760 1278 illa
2789 1227 2845 1278 et
2895 1221 3147 1292 simplici
3179 1218 3386 1275 anima
3415 1219 3652 1271 tantum

2006 1312 2316 1383 superfuit,
2331 1315 2628 1384 quantum
2650 1309 3147 1383 Megalopolitana
3159 1307 3399 1364 colonia
3428 1320 3570 1360 suos
3591 1304 3655 1360 in

2008 1417 2152 1456 usus
2179 1401 2463 1472 reposuit:
2496 1401 2744 1457 unicum
2773 1399 3007 1456 interim
3040 1397 3320 1454 dolorum
3349 1394 3654 1463 solatium,

2006 1488 2372 1560 locupletem
2401 1489 2570 1546 illum
2602 1489 2822 1545 scilicet
2841 1487 3308 1558 multiscumque
3355 1486 3653 1540 Joannem

2010 1578 2119 1634 sibi
2153 1593 2524 1650 proponens;
2555 1577 3024 1650 illum,inquam,
3049 1575 3154 1648 qui
3175 1573 3423 1630 consilio
3445 1577 3659 1643 etpru-

2011 1665 2212 1723 dentia
2260 1667 2524 1739 reliquos
2575 1665 2926 1723 antecellere
2977 1664 3159 1733 cives,
3189 1660 3658 1734 reipublicaeque

2013 1755 2166 1811 adeo
2183 1756 2406 1828 optime
2420 1757 2758 1812 constitutae
2779 1755 2981 1810 vivum
2994 1751 3302 1824 exemplar
3327 1749 3659 1806 dicebatur.

2085 1847 2300 1900 Verum
2318 1849 2717 1917 posteaquam
2737 1844 2948 1916 paucis
2975 1840 3292 1912 interjectis
3311 1839 3526 1895 diebus
3544 1837 3662 1893 hoc

2013 1949 2255 2006 quoque
2285 1932 2529 1989 fratrem
2550 1933 2870 1988 subsecuto
2900 1935 3108 1987 nostra
3163 1928 3403 1985 colonia
3450 1925 3664 1982 orbata

2013 2029 2124 2086 est,
2158 2026 2336 2095 atque
2343 2024 2510 2094 justa
2529 2021 2722 2077 funeri
2752 2022 2884 2092 ejus
2905 2018 3207 2092 persolvit,
3232 2017 3463 2072 Nicetas
3481 2014 3665 2070 frater

2012 2127 2186 2168 meus
2218 2115 2546 2184 supererat,
2577 2126 2759 2183 quem
2797 2109 2898 2164 illa
2935 2106 3310 2181 praedicaret,
3364 2109 3660 2175 tanquam

2015 2217 2176 2268 eum,
2197 2217 2318 2274 quo
2347 2201 2409 2256 in
2439 2216 2560 2256 uno
2591 2215 2803 2256 omnes
2824 2197 3012 2254 animi
3036 2196 3298 2253 duorum
3319 2191 3666 2266 praeceden-

2017 2293 2164 2349 tium
2184 2291 2354 2347 dotes
2383 2290 2806 2359 elucescerent,
2836 2289 3009 2360 cujus
3057 2287 3239 2344 etiam
3293 2299 3482 2340 causa
3539 2297 3664 2338 non

2016 2397 2270 2454 parvam
2301 2381 2505 2437 animo
2526 2379 3038 2452 exspectationem
3067 2377 3447 2447 conceperat.
3473 2374 3664 2438 Quem

2018 2471 2197 2527 simul
2227 2475 2408 2542 atque
2431 2469 2748 2538 naufragio
2775 2473 3152 2540 postremum
3183 2463 3406 2532 amisit,
3451 2463 3670 2517 immo-

2019 2560 2168 2616 dicis
2189 2560 2368 2616 hodie
2399 2558 2709 2615 doloribus
2740 2557 3043 2625 fatiscens,
3073 2560 3366 2627 tanquam
3387 2550 3670 2608 ﬂuctibus

2019 2648 2337 2712 adobruta,
2367 2647 2447 2703 ad
2475 2647 2789 2719 imumque
2819 2645 3101 2701 demersa
3129 2642 3432 2714 est.Hujus
3463 2639 3673 2695 audita

2020 2742 2230 2807 morte,
2261 2737 2377 2793 dici
2403 2752 2529 2793 non
2559 2740 2754 2809 potest
2781 2739 3041 2808 quantos
3067 2733 3128 2788 in
3153 2732 3349 2787 luctus
3397 2728 3672 2786 inciderit

2020 2828 2180 2899 Asia,
2207 2843 2516 2900 quamque
2545 2825 2810 2899 querulis
2838 2823 3115 2880 lamentis
3162 2819 3482 2894 queritanti
3520 2833 3671 2874 mce-

2026 2917 2170 2973 stior
2199 2919 2437 2988 Europa
2451 2913 2850 2987 responderit,
2879 2911 3060 2968 simul
3076 2916 3256 2982 atque
3276 2909 3350 2965 de
3369 2922 3661 2963 commun

264 3007 355 3059 ills
385 3005 497 3067 est.
534 3002 697 3058 hisce
727 3001 1004 3058 moribus
1032 3000 1232 3056 ἱηοοΙᾶ
1270 3015 1517 3072 prorsus
1567 3000 1908 3070 indignum.
1944 3033 1984 3089 ρ
2024 3006 2298 3063 omnium
2327 3005 2556 3061 damno
2586 3004 2799 3059 certior
2828 3002 2988 3059 facta
3016 3004 3124 3056 est.
3157 2997 3329 3063 Quod
3359 2997 3408 3052 si
3435 2995 3672 3066 utrique

324 3093 468 3159 Quae
487 3090 985 3164 quidemjomnia,
995 3094 1288 3163 tanquam
1305 3089 1420 3162 piae
1435 3088 1687 3145 civitatis
1699 3088 1915 3144 funda-

257 3184 478 3246 menta,
505 3183 838 3253 praesentes
861 3178 941 3235 illi
970 3178 1062 3235 vel
1083 3178 1212 3235 solo
1225 3182 1377 3234 nutu
1389 3177 1826 3250 adimplehant,
1849 3181 1916 3235 ut

253 3286 514 3344 quorum
547 3269 769 3326 animis
799 3268 1144 3340 reipublicae.
1181 3267 1336 3324 bene
1365 3267 1698 3323 constitutae
1721 3266 1916 3322 forma

253 3360 430 3416 altius
446 3360 753 3432 impressa
773 3361 946 3429 esset,
974 3372 1045 3414 ac
1068 3356 1117 3412 si
1138 3357 1408 3428 ejusdem
1423 3356 1585 3428 leges
1607 3355 1912 3422 animatae,

249 3448 690 3522 quoddamque
728 3446 894 3502 velut
947 3445 1282 3518 superstitis
1339 3443 1916 3516 Contantinopoleos

249 3537 784 3611 propugnaculum
815 3537 1444 3608 essent.Posteaquam
1466 3549 1606 3590 vero
1629 3549 1740 3605 par
1768 3532 1916 3588 illud

250 3627 505 3684 fratrum
532 3625 944 3682 sanctimoniae
957 3624 1122 3682 fama
1147 3624 1494 3693 celebrium,
1517 3623 1597 3679 ad
1615 3623 1916 3679 caelestem

250 3716 414 3774 illam
445 3716 734 3789 rempub.
777 3714 988 3787 paucis
1021 3719 1157 3771 ante
1200 3714 1416 3769 diebus
1468 3717 1783 3769 evocatum
1807 3715 1914 3781 est,

252 3821 360 3863 nec
383 3807 468 3862 ita
496 3805 695 3862 multo
719 3808 860 3877 post
902 3803 1083 3860 frater
1110 3803 1205 3859 ille
1257 3818 1453 3874 meus,
1503 3801 1610 3874 qui
1656 3801 1918 3857 duorum

250 3894 394 3966 jugo
419 3896 634 3951 tertius
653 3891 1354 3964 accesserat,eodemque
1373 3906 1496 3963 quo
1520 3889 1602 3946 illi
1616 3889 1918 3946 senatorio

253 4000 502 4040 munere
534 3981 929 4053 fungebatur,
952 3995 1078 4036 una
1105 3995 1347 4053 quoque
1378 3995 1518 4035 cum
1553 3978 1666 4034 illis
1687 3995 1919 4035 assum-

254 4079 416 4147 ptus,
445 4072 780 4144 aeternique
808 4074 1051 4126 senatus
1072 4069 1211 4126 albo
1231 4068 1570 4140 adscriptus
1618 4072 1728 4137 est;
1778 4072 1920 4123 tunc

254 4178 392 4218 vero
449 4160 646 4218 nostri
703 4158 785 4215 illi
857 4157 1441 4230 Megalopolitani(7),
1499 4156 1606 4229 qui
1661 4156 1918 4212 Nicaeam

249 4251 830 4322 commigraverant,
858 4247 993 4303 illos
1047 4263 1082 4303 a
1129 4262 1192 4303 se
1238 4246 1532 4303 abductos
1581 4249 1917 4312 senserunt,

2023 3093 2351 3152 continenti
2369 3093 2534 3149 velut
2553 3089 2891 3147 universale
2920 3088 3112 3144 fatum
3150 3089 3383 3142 tantam
3435 3081 3672 3138 cladem

2024 3182 2366 3254 intulit(sive
2396 3181 2759 3254 probitatem
2789 3183 3044 3250 utraque
3072 3179 3240 3232 tuam
3262 3176 3400 3231 ante
3430 3175 3676 3245 experta

2024 3274 2238 3342 fuerat,
2260 3272 2386 3327 sive
2411 3285 2612 3326 rerum
2634 3274 2742 3325 ate
2770 3266 3056 3341 praeclare
3077 3268 3382 3334 gestarum
3401 3261 3570 3318 fama
3595 3259 3677 3317 ad

2025 3361 2378 3420 earumdem
2403 3375 2579 3417 aures
2603 3357 2995 3432 pervenerat),
3020 3358 3086 3411 ut
3104 3359 3228 3410 tam
3245 3367 3402 3424 aegre
3418 3355 3676 3408 mortem

2026 3458 2216 3519 tuam,
2248 3467 2285 3508 o
2337 3447 2695 3506 charissima
2737 3445 2883 3503 mihi
2905 3443 3410 3514 sanctissimaque
3447 3439 3673 3507 anima,

2027 3541 2286 3606 tulerint,
2319 3555 2500 3612 quem
2531 3553 2666 3607 nos,
2698 3551 2927 3609 quaeso,
2959 3533 3277 3605 gemitibus
3308 3535 3363 3588 et
3414 3529 3674 3603 querelis

2027 3630 2280 3688 modum
2308 3630 2617 3702 imponere
2643 3624 2967 3682 debemus?
2997 3623 3099 3696 qui
3119 3623 3169 3678 si
3190 3621 3676 3692 cujusmodicun-

2027 3738 2146 3794 que
2193 3719 2458 3786 habitus,
2490 3723 2593 3775 aut
2640 3715 3036 3789 cognationis,
3069 3718 3132 3769 ut
3157 3713 3288 3783 jam
3318 3711 3464 3777 dixi,
3521 3710 3674 3766 ratio

2026 3811 2326 3867 habeatur
2354 3809 2610 3881 (generis
2659 3807 2822 3863 enim
2871 3804 3039 3874 origo
3087 3801 3303 3857 eadem
3359 3798 3536 3855 nobis
3567 3802 3676 3866 est)

2028 3899 2361 3956 innumeris
2387 3897 2745 3955 aﬂlictamur
2766 3893 2994 3951 modis?
3005 3907 3136 3956 nos,
3155 3890 3428 3960 inquam,
3447 3885 3674 3958 quibus

2030 3993 2141 4046 ate
2171 3988 2509 4044 ofﬁciorum
2531 3985 2902 4042 inﬁnitorum
2934 3977 3212 4036 cumulus
3243 3977 3516 4044 accessit,
3539 3976 3676 4047 qui-

2029 4079 2146 4136 bus
2159 4083 2275 4134 tuae
2291 4079 2517 4134 virtutis
2531 4073 2843 4146 ergonulla
2855 4087 2978 4129 non
2989 4069 3469 4141 honoriSSpecies
3481 4081 3678 4123 accre-

2029 4169 2134 4238 vit,
2162 4169 2265 4240 qui
2291 4182 2413 4224 non
2440 4167 2721 4237 exiguam
2745 4182 2816 4222 ex
2837 4166 3016 4223 rebus
3045 4169 3156 4222 ate
3184 4161 3471 4236 praeclare
3494 4156 3676 4229 gestis

2026 4259 2270 4316 laudem
2300 4262 2505 4314 nostro
2534 4258 2710 4330 quasi
2734 4258 2867 4328 jure
2896 4257 3072 4313 nobis
3103 4253 3516 4314 vendicamus,
3536 4262 3677 4302 cum

251 4344 396 4398 tunc
421 4356 550 4398 uno
571 4338 851 4396 omnium
873 4351 1173 4393 consensu
1203 4335 1400 4392 nudos
1423 4351 1504 4404 se,
1528 4335 1909 4408 pristinaaque

2029 4365 2189 4406 nunc
2217 4347 2466 4405 tandem
2496 4347 2624 4403 sine
2650 4346 2773 4402 ulla
2805 4363 2977 4403 mora
3007 4349 3064 4402 et
3092 4341 3407 4402 confestim
3450 4355 3564 4396 nos
3593 4335 3679 4393 tui

250 4429 464 4501 gloriae
475 4428 857 4487 ornamentis
878 4425 1168 4500 spoliatos
1187 4428 1584 4496 agnoverunt:
1606 4428 1744 4482 tunc
1756 4424 1918 4481 deni-

249 4535 381 4592 que
411 4535 473 4574 se
498 4518 648 4576 nihil
675 4517 844 4574 aliud
863 4531 1054 4588 quam
1078 4514 1332 4572 miseros
1380 4513 1618 4571 exsules
1647 4517 1704 4570 et
1727 4517 1918 4570 extor-

254 4622 384 4672 res,
411 4611 587 4681 atque
615 4606 871 4664 omnino
893 4605 1129 4661 civitate
1150 4603 1356 4676 pulsos
1384 4603 1645 4674 ingenue
1659 4602 1919 4674 professi

256 4701 421 4752 sunt.
456 4696 870 4764 Quamobrem
902 4694 965 4749 in
989 4692 1185 4749 luctus
1233 4693 1415 4749 etiam
1444 4707 1615 4763 aeque
1668 4691 1916 4747 acerbos

248 4787 614 4853 inciderunt,
639 4795 823 4859 atque
842 4785 894 4839 si
925 4783 1058 4855 ipso
1088 4783 1149 4838 in
1180 4782 1464 4855 temporis
1505 4781 1755 4837 articulo
1782 4781 1921 4836 civi-

250 4882 343 4934 tas
371 4877 476 4935 illa
502 4877 822 4950 repentino
847 4873 1115 4929 hostium
1148 4872 1392 4928 incursu
1409 4871 1562 4926 victa
1593 4885 1920 4942 eversaque

249 4965 908 5024 oorruisset.Eninvero
923 4977 1064 5018 cum
1083 4959 1565 5033 praestississimis
1581 4959 1922 5032 quibusque

247 5057 435 5115 rebus
463 5054 730 5131 spoliata
756 5056 1087 5122 essegcum
1117 5067 1228 5108 sua
1254 5050 1358 5106 illa
1377 5049 1669 5106 ditissima
1710 5050 1923 5107 zeraria

250 5145 518 5206 hostium
527 5143 863 5219 direptioni
880 5141 1152 5214 exposita
1175 5141 1923 5213 vidisset,quantum,proh

254 5237 440 5310 dolor,
465 5235 828 5296 Christianae
850 5230 1090 5303 reipub,
1119 5229 1431 5287 vinculum
1457 5229 1786 5286 dissectum
1812 5230 1918 5286 est!

323 5385 338 5419 ¹
367 5383 576 5442 Ezech.
609 5394 847 5443 xxxvu,
881 5379 940 5432 11

313 5513 390 5587 (ϐ)
443 5510 692 5574 Alludjt
739 5505 830 5564 ad
864 5501 1459 5560 Lacedaemoniorum
1486 5502 1766 5576 rempub.
1792 5519 1926 5574 quae

239 5604 398 5678 viris,
427 5621 555 5666 non
584 5596 925 5664 moenibus
954 5591 1319 5654 inniteretur.

2028 4438 2348 4513 splendore
2359 4435 2620 4494 nominis
2635 4436 2904 4509 privatos
2923 4436 3234 4492 videamus
3247 4433 3510 4504 (gentem
3527 4427 3678 4484 alias

2028 4527 2422 4600 multiplicem
2471 4531 2528 4582 et
2574 4524 2981 4598 proletariam,
3029 4538 3288 4597 quaeque
3319 4536 3427 4593 per
3464 4531 3678 4576 omnes

2028 4618 2180 4674 Asiae
2206 4621 2386 4689 atque
2418 4619 2662 4688 Europa:
2691 4616 2964 4687 regiones
2994 4614 3172 4686 longe
3192 4613 3425 4684 lateque
3459 4607 3682 4664 diffuno

2029 4707 2206 4770 ditur,
2240 4711 2298 4762 et
2325 4705 2410 4761 tui
2434 4705 2697 4761 nominis
2721 4704 2992 4777 auspicio
3021 4702 3385 4770 nobilitatur)
3413 4715 3568 4771 quos
3597 4702 3678 4751 ta-

2029 4813 2170 4853 men
2193 4797 2306 4852 hoc
2325 4799 2591 4866 tempore
2612 4794 2895 4867 separari,
2919 4799 3023 4850 aut
3047 4792 3212 4849 domi
3232 4804 3528 4863 quemque
3552 4799 3677 4840 suae

2031 4901 2306 4942 seorsum
2335 4885 2538 4954 lugere
2564 4884 2809 4940 minime
2838 4882 3108 4951 decebat,
3144 4880 3248 4937 sed
3270 4880 3330 4934 in
3358 4891 3546 4932 unum
3567 4890 3676 4946 po-

2031 4977 2146 5032 tius
2170 4975 2372 5031 locum
2402 4979 2707 5042 coeuntes,
2757 4978 2936 5046 atque
2986 4969 3288 5028 tumulum
3347 4970 3518 5021 tuum
3571 4963 3681 5019 cir-

2032 5070 2422 5130 cumstantes,
2449 5079 2540 5118 me
2562 5063 2783 5119 misero
2804 5062 2998 5118 luctus
3017 5059 3365 5131 coryphaeo,
3383 5053 3680 5127 lugubris-

2033 5175 2152 5233 que
2181 5155 2392 5213 naeniae
2414 5157 2805 5226 praecentore,
2836 5149 3188 5207 tristissimis
3213 5145 3602 5204 concentibus
3625 5146 3684 5197 et

2033 5230 2314 5307 lamentis
2344 5243 2615 5299 dolorem
2637 5241 2838 5299 testari
2868 5238 3283 5306 conveniebat,
3304 5235 3404 5291 illo
3424 5247 3548 5290 non
3569 5230 3681 5286 mi-

2106 5391 2185 5464 (7)
2219 5384 2910 5458 Constantinopolitanos
2942 5380 3233 5450 intelligit.

2111 5517 2187 5587 (8)
2219 5515 2484 5572 Nicetam
2514 5516 2571 5569 et
2603 5509 3006 5569 Belissariotas
3037 5506 3192 5561 duos
3212 5501 3501 5570 intelligit.
