4168 6290
532 239 633 293 371

1418 236 1787 293 MICHAELIS
1833 236 2207 293 ACOMINATI
2241 235 2677 294 ATHENARUM
2714 235 3039 292 ARCHIEP.

3841 231 3948 285 372

528 360 760 429 horam,
803 373 928 430 quo
971 358 1213 431 Iosephi
1257 361 1564 428 exercitus,
1597 376 1736 417 cum
1763 359 1984 417 Jacobo
2021 361 2180 432 justa
2209 364 2254 418 Α
2294 362 2573 427 evadant,
2605 361 2734 418 haec
2764 365 2966 416 autem
3013 363 3221 416 contra
3249 362 3409 414 certo
3439 359 3558 413 ictu
3597 355 3822 412 inﬂicta
3872 353 3950 408 sit

531 447 912 520 persolveret,
946 453 1287 505 commotus
1332 449 1513 504 fuisse
1553 449 1754 506 fertur.
1785 449 1935 505 Nam
1967 450 2014 505 si
2065 452 2181 506 hoc

529 542 706 609 pacto
738 537 932 593 luctus
981 543 1216 594 nostros
1245 539 1895 608 instituissemus,’nihil
1935 541 2182 596 omnino

530 627 762 694 fuisset,
791 627 958 700 quod
983 627 1162 684 nobis
1184 628 1300 684 hac
1324 629 1386 684 in
1410 644 1473 685 re
1500 628 1759 685 defuisse
1788 630 1999 686 merito
2024 631 2184 702 quis-

531 733 720 790 quam
751 717 1012 789 objicere
1041 718 1357 790 potuisset.

602 809 676 864 At
703 824 846 865 vero
876 825 1016 864 cum
1057 823 1220 864 nunc
1258 808 1356 864 alii
1400 808 1478 864 ab
1509 809 1641 865 aliis
1673 809 1924 880 sejuncti
1972 810 2180 875 simus,

532 912 642 954 con
645 897 753 968 jux
769 897 1013 969 quidem
1029 896 1215 967 digna
1231 913 1368 970 quae
1388 902 1584 954 tecum
1603 898 1783 968 vulgo
1803 899 2184 955 decantatam

533 985 786 1042 cornicis
813 986 1000 1041 vitam
1030 987 1404 1057 transigeret,
1439 986 1644 1059 aliquo
1681 987 1744 1042 in
1773 987 2018 1058 angulo,
2065 1003 2184 1042 me-

533 1075 756 1147 diaque
787 1075 959 1131 humi
989 1076 1516 1147 procumbentium
1554 1077 1814 1132 ﬁliorum
1860 1077 2098 1143 scilicet,
2130 1082 2186 1132 et

532 1163 832 1236 puberum
847 1169 904 1220 et
915 1164 1325 1236 impuberum,
1341 1181 1584 1233 corona,
1600 1165 1778 1238 pullis
1793 1167 2004 1222 induta
2014 1166 2187 1222 vesti-

531 1253 649 1310 bus
698 1254 941 1322 sedens,
985 1259 1044 1310 et
1091 1256 1354 1328 seipsam
1393 1256 1632 1322 marito,
1663 1259 1720 1312 et
1751 1256 1906 1312 ﬁlios
1939 1259 2186 1328 parente

534 1342 801 1414 orbatos,
833 1343 1059 1414 ejulatu
1096 1345 1423 1401 miserabili
1446 1345 1826 1402 lamentatur.
1858 1347 1936 1400 Ex
1985 1345 2187 1400 liberis

533 1436 737 1490 autem
767 1438 933 1488 aetate
963 1433 1440 1505 provectioribus
1471 1433 1620 1490 alter
1648 1433 1798 1500 aliis,
1828 1433 2032 1489 nescio
2057 1434 2187 1506 qui-

533 1520 650 1577 bus
681 1536 886 1577 errans
916 1521 978 1576 in
1031 1521 1180 1578 locis
1210 1523 1425 1579 tacitus
1472 1522 1638 1593 apud
1684 1537 1746 1578 se
1775 1522 1939 1592 luget
1966 1539 2185 1594 queru-

533 1611 780 1682 lamque
812 1611 1185 1667 monauliam
1210 1612 1613 1684 prosequitur.
1648 1613 1968 1685 Propinqui
2016 1613 2183 1668 deni-

533 1715 652 1772 que
665 1699 763 1755 alii
783 1700 1337 1773 consanguineique
1357 1705 1652 1773 quotquot
1672 1702 1871 1756 Asiam
1895 1701 2180 1768 incolunt,

531 1788 805 1859 lugubris
829 1790 1012 1860 hujus
1042 1789 1348 1861 tragoediae
1381 1796 1572 1858 actus,
1597 1790 1676 1847 ad
1697 1805 1800 1848 eos
1819 1791 1923 1864 qui
1952 1791 2012 1846 in
2034 1793 2184 1848 Grae-

530 1877 627 1934 cia
655 1877 951 1948 habitant,
983 1880 1465 1936 transmiserunt.

601 1971 724 2041 Ego
735 1983 916 2041 porro
927 1968 1105 2039 longe
1129 1969 1579 2028 infelicissimus
1594 1973 1650 2028 et
1671 1971 2047 2028 miserrimus
2064 1970 2180 2028 fra-

527 2061 613 2116 ter
624 2059 904 2116 hesterno
925 2059 1175 2132 quidem
1196 2060 1663 2136 die,nudiusque
1681 2062 1886 2118 tertius
1911 2063 2181 2135 amplam

529 2148 772 2206 aliunde
800 2148 998 2206 luctus
1030 2151 1344 2208 materiam
1362 2157 1596 2220 nactus,
1625 2167 1765 2209 cum
1796 2167 1867 2208 ex
1904 2152 2179 2225 publicis,

525 2243 657 2296 tum
685 2239 936 2312 privatis
969 2240 1118 2296 meis
1141 2241 1334 2313 ipsius
1361 2242 1766 2298 incommodis
1784 2247 1861 2311 (9)
1887 2260 1899 2298 :
1933 2258 2004 2298 eo
2033 2259 2182 2315 prae-

527 2328 734 2384 sertim
762 2329 1028 2393 nomine,
1062 2329 1230 2400 quod
1255 2329 1784 2402 opulentissimum
1802 2331 1976 2401 juxta
2005 2337 2060 2386 et
2090 2346 2182 2387 ce-

524 2415 911 2473 leberrimum
942 2417 1233 2489 templum
1259 2419 1614 2474 Atheniense
1662 2418 1851 2490 (illud,
1905 2421 2180 2492 inquam,

524 2509 732 2562 sancte
753 2506 1539 2576 domine,‘augustissimum
1561 2507 1874 2581 templum.
1899 2510 2064 2581 quod
2082 2511 2184 2566 Dei

525 2595 799 2652 Genitrici
840 2601 1256 2652 consecratum
1287 2600 1398 2664 est,
1431 2597 1652 2669 talique
1683 2597 1935 2669 praeside
1957 2599 2017 2653 in
2049 2614 2185 2670 per-

526 2690 776 2758 petuum
838 2686 990 2757 eget)
1035 2685 1183 2740 mihi
1229 2686 1650 2752 commissum,
1693 2687 1986 2760 cujusque
2031 2689 2185 2745 adeo

528 2773 823 2847 spirituali
843 2773 1013 2832 altari
1034 2784 1384 2847 praeessem,
1405 2775 1511 2832 ubi
1532 2791 1721 2848 quam
1736 2777 1997 2834 maxime
2020 2785 2185 2850 pote-

527 2879 658 2922 ram
682 2879 853 2921 sacro
871 2862 1202 2920 ministerio
1223 2863 1569 2920 exhibendo
1600 2867 1886 2923 assiduus
1915 2867 2184 2938 invigila-

2293 451 2600 522 animique
2621 465 2893 506 recessus
2923 449 3164 504 intimos
3193 451 3487 520 penetret:
3522 444 3607 500 vel
3638 443 3767 499 ﬁeri
3810 443 3944 514 qui-

2291 541 2432 596 dem
2462 545 2676 612 potest,
2722 544 2787 595 ut
2826 539 3221 596 tentationum
3269 538 3473 594 fumus
3529 533 3946 604 indignatione

2292 630 2560 686 Numinis
2590 629 2941 694 ascenderit,
2973 628 3076 700 qui
3105 627 3372 684 futurum
3396 624 3743 682 incendium
3794 637 3943 695 pras-

2292 720 2608 787 nuntiaret,
2643 725 2699 774 et
2720 719 2960 774 crebras
2985 734 3058 773 ex
3105 717 3294 773 oculis
3338 715 3642 788 lacrymas
3682 712 3938 768 eliceret.

2292 813 2429 881 post
2455 824 2638 880 quem
2669 807 3060 864 aﬂlictionum
3088 806 3243 877 ignis
3267 805 3700 862 exardesceret.
3743 804 3940 869 Longe

2291 913 2435 954 vero
2465 897 2778 954 calidiores
2809 903 2865 952 et
2891 897 3294 952 diuturniores
3323 910 3472 960 esse,
3497 909 3652 967 quas
3677 892 3803 962 jam
3831 889 3938 945 luo

2293 1003 2524 1060 ptenas,
2555 987 2682 1042 dies
2701 986 3029 1043 hodiernus
3052 985 3328 1050 ostendit,
3361 998 3484 1056 quo
3528 981 3777 1054 quidem
3812 994 3939 1036 car-

2293 1077 2484 1134 bones
2516 1081 2885 1147 exarserunt,
2927 1077 3028 1148 qui
3079 1075 3225 1131 mihi
3282 1089 3598 1146 nunquam
3651 1067 3940 1139 restingui

2295 1173 2458 1224 auta
2501 1166 2697 1223 cordis
2741 1167 2858 1222 mei
2908 1165 3205 1235 sanguine
3258 1162 3646 1237 depascendo
3676 1158 3942 1216 cohiberi

2294 1272 2479 1330 posse
2508 1255 2805 1311 videntur.
2832 1258 2908 1310 Ex
2937 1270 3060 1327 quo
3091 1254 3308 1318 evenit,
3334 1251 3521 1309 utillae
3536 1265 3632 1306 me
3654 1249 3939 1320 lacrymae

2294 1346 2682 1416 destituerint,
2714 1345 2835 1400 sive
2883 1343 3050 1416 quod
3101 1344 3366 1416 pristinis
3417 1341 3566 1397 meis
3625 1337 3796 1394 malis
3842 1351 3941 1391 ex-

2293 1437 2512 1494 hausta
2541 1436 2613 1491 sit
2637 1449 2797 1507 aqua
2828 1434 2946 1500 illa,
2965 1449 3102 1505 quae
3122 1447 3258 1488 meo
3287 1432 3362 1488 de
3379 1431 3570 1503 capite
3591 1425 3938 1493 ilistillabat,

2295 1525 2419 1581 sive
2447 1522 2615 1597 quod
2635 1525 2863 1593 majore
2891 1536 3055 1577 nunc
3077 1522 3192 1576 sim
3209 1525 3372 1576 metu
3397 1517 3733 1591 perculsus,
3757 1519 3940 1585 atque

2295 1615 2447 1672 adeo
2475 1629 2576 1669 cor
2605 1628 2810 1668 meum
2825 1611 2982 1666 mille
3005 1615 3180 1667 antea
3201 1610 3399 1666 modis
3419 1605 3787 1670 alﬂictatum,
3812 1609 3940 1659 tan-

2292 1705 2433 1761 dem
2455 1694 2606 1759 Sicut
2626 1702 2830 1757 fenum
2861 1702 3151 1767 aruit,nec
3183 1701 3242 1756 in
3273 1704 3580 1771 posterum
3609 1701 3813 1752 tantus
3833 1697 3940 1749 aut

2291 1794 2698 1866 lacrymarum
2724 1791 2905 1857 rivus,
2934 1795 3034 1847 aut
3062 1788 3407 1859 lugubrium
3437 1799 3783 1843 sermonum
3803 1781 3939 1838 fons

2292 1899 2366 1940 ex
2411 1882 2510 1938 illo
2561 1881 2848 1937 scaturire
2901 1881 3106 1952 possit,
3152 1881 3451 1952 quantum
3477 1871 3941 1948 perturbationis

2289 1972 2481 2046 ipsius
2527 1970 2880 2041 magnitudo
2908 1969 3174 2041 requirit,
3231 1974 3295 2023 ut
3342 1981 3465 2040 quo
3493 1964 3717 2021 doloris
3761 1961 3934 2030 illius,

2291 2078 2474 2136 quem
2508 2061 2712 2116 animo
2733 2059 2982 2131 concepi
3009 2058 3415 2127 meo,tandem
3437 2056 3624 2127 ejecto
3649 2052 3940 2126 pondere,

2292 2152 2478 2209 levior
2506 2156 2562 2207 et
2583 2148 2914 2222 expeditior
2937 2147 3215 2204 evadam.
3236 2149 3428 2212 Quare
3445 2145 3574 2216 jam
3595 2142 3743 2199 mihi
3765 2141 3941 2196 siccis

2291 2241 2500 2307 oculis,
2535 2239 2833 2311 mutisque
2861 2237 3222 2308 singultibus
3251 2233 3658 2300 intolerabilis,
3686 2231 3781 2288 hic
3802 2230 3943 2287 alio~

2291 2333 2398 2406 qui
2427 2330 2708 2387 dolorum
2737 2328 2890 2384 fetus
2939 2327 3284 2384 necessario
3332 2322 3678 2381 tolerandus
3709 2326 3816 2390 est,
3849 2321 3946 2376 cui

2292 2422 2474 2478 etiam
2499 2407 2880 2476 breviusculo
2902 2416 3264 2474 miserabilis
3292 2416 3476 2486 hujus
3506 2413 3661 2479 vitae,
3705 2411 3755 2467 si
3779 2410 3947 2484 quod

2295 2525 2610 2583 superesse
2641 2509 2896 2577 videtur,
2921 2522 3173 2563 excurso
3199 2507 3416 2578 spatio,
3447 2501 3830 2567 commoriar,
3863 2505 3946 2555 at-

2293 2615 2410 2673 que
2455 2600 2656 2656 nescio
2686 2615 2874 2671 quam
2926 2598 3453 2654 subterraneorum
3499 2593 3942 2656 barathrorum,

2293 2689 2794 2761 marinorumque
2828 2689 3072 2743 sinuum
3116 2687 3176 2741 in
3220 2690 3454 2759 partem
3493 2682 3815 2756 projectus,
3856 2679 3945 2749 ja-

2295 2779 2445 2837 cebo
2472 2795 2485 2834 :
2550 2784 2730 2850 atque
2783 2778 2866 2833 ita
2896 2777 3082 2841 fratri,
3113 2775 3314 2832 senior
3333 2773 3576 2845 juniori,
3605 2769 3944 2840 decrepitus

2292 2869 2569 2944 perfectae
2626 2868 2814 2924 aetatis
2862 2867 3184 2938 crudarque
3239 2863 3558 2921 senectutis
3597 2862 3739 2927 viro,
3793 2872 3940 2914 con-

525 2954 693 3024 bam,
723 2969 820 3010 me
836 2958 1148 3026 praesente,
1177 2953 1332 3026 proh
1352 2953 1545 3010 dolor!
1566 2960 1746 3028 atque
1771 2955 1864 3012 his
1893 2956 2085 3013 oculis
2104 2957 2186 3012 vi-
2216 2973 2256 3030 ο
2291 2959 2530 3031 jungar.

528 3045 705 3104 dente
735 3061 771 3102 a
798 3043 1077 3114 nefangis
1102 3043 1413 3115 sacrilegis
1443 3045 1772 3118 expilatum
1795 3052 1854 3104 et
1879 3052 2185 3105 vastatum

530 3141 640 3194 est.
671 3137 792 3206 Ego
819 3138 1019 3192 autem
1050 3133 1155 3205 qui
1183 3137 1320 3190 ante
1340 3136 1460 3190 tres
1490 3150 1790 3192 annorum
1816 3135 2081 3193 decadas
2106 3137 2190 3193 ibi

529 3226 696 3282 velut
724 3225 938 3280 insitus
980 3223 1235 3294 fueram,
1279 3239 1351 3279 ex
1382 3223 1523 3280 aula
1562 3226 1798 3281 Domini
1830 3227 2094 3294 avulsus,
2126 3224 2192 3283 ut

535 3315 731 3370 siccus
777 3312 1029 3384 quidam
1057 3317 1114 3367 et
1143 3327 1396 3383 prorsus
1425 3313 1650 3368 inutilis
1702 3319 1974 3383 truncus,
2023 3317 2194 3372 vehe-

535 3402 830 3459 mentiore
879 3399 1155 3471 procellae
1201 3401 1370 3470 ﬂatu,
1420 3415 1583 3456 nunc
1639 3402 1700 3457 in
1749 3403 1950 3460 littora
2008 3405 2194 3460 variis

536 3489 818 3546 ﬂuctibus
839 3487 1158 3554 adobruta,
1190 3488 1284 3543 vel
1309 3490 1701 3561 confragosos
1729 3492 1964 3564 aliquos
1980 3509 2195 3565 scopu-

537 3578 629 3634 los
659 3578 902 3648 ejectus,
935 3590 1099 3630 nunc
1125 3575 1185 3630 in
1211 3575 1563 3646 depressam
1586 3579 1920 3635 convallem
1941 3585 2195 3637 aestuan-

540 3668 616 3724 tis
663 3666 848 3724 maris
894 3664 1299 3722 exundatione
1351 3669 1666 3738 protrusus
1708 3668 1950 3724 fuizhis
1976 3671 2196 3729 scilicet

540 3756 707 3816 exsul
754 3757 815 3813 in
866 3755 1031 3825 locis,
1072 3756 1198 3812 sine
1229 3753 1410 3825 clero,
1459 3754 1584 3811 sine
1610 3755 1733 3812 ulla
1760 3757 1994 3815 dierum
2024 3760 2194 3816 festo-

539 3865 674 3906 rum
695 3846 1054 3913 celebritate,
1079 3845 1208 3900 sine
1229 3844 1484 3914 civitate,
1512 3843 1771 3917 denique
1797 3847 2194 3906 mediastinus

541 3939 787 3995 desertas
839 3935 1016 3991 ululae
1056 3933 1117 3990 in
1169 3949 1422 4001 morem,
1452 3932 1730 4003 lugubre,
1789 3937 1991 3994 nescio
2021 3940 2190 4011 quid,

543 4027 710 4099 apud
725 4041 822 4081 me
843 4025 1058 4082 tacitus
1082 4023 1158 4080 de
1184 4023 1430 4095 publica
1450 4027 1505 4080 et
1533 4024 1766 4096 privata
1780 4029 2040 4099 pernicie
2052 4045 2192 4102 que-

540 4117 703 4173 ritor.
738 4119 905 4170 Nunc
937 4119 1158 4179 autem,
1193 4114 1239 4169 si
1278 4112 1476 4171 luctus
1521 4115 1875 4186 hujusmodi
1902 4118 1977 4174 de
2012 4119 2192 4177 rebus

540 4205 789 4262 ulterius
836 4204 980 4259 mihi
1019 4203 1467 4275 protrahendus
1525 4219 1649 4261 non
1680 4206 1769 4278 sit,
1823 4207 1950 4265 sola
1975 4209 2191 4267 saltem

539 4294 834 4351 memoria
858 4308 1174 4365 nunquam
1202 4293 1452 4350 excidet.

612 4389 684 4440 At
735 4399 878 4439 vero
932 4381 1027 4438 ille
1085 4383 1424 4438 charissimi
1468 4385 1679 4457 capitis
1725 4384 1944 4455 obitus,
1976 4389 2080 4461 qui
2107 4394 2191 4447 tot

538 4473 688 4530 meis
704 4473 878 4528 malis
891 4472 1080 4528 instar
1094 4471 1346 4528 decimas
1364 4475 1775 4546 Egyptiorum
1797 4475 2184 4549 plagae,nimi-

537 4578 674 4619 rum
721 4562 1262 4634 primogenitorum
1295 4560 1740 4636 internecionis,
1776 4568 2188 4636 accessit,om-

537 4667 678 4709 nem
701 4651 779 4708 ad
802 4666 863 4706 se
876 4651 1208 4723 planctum,
1233 4665 1412 4706 omne
1435 4651 1793 4724 lamentum,
1815 4657 2044 4712 naenias
2061 4673 2190 4713 om-

533 4757 663 4804 nes,
693 4757 907 4799 omnes
935 4740 1195 4812 denique
1221 4739 1521 4812 lacrymas
1567 4743 1826 4798 attraxit.
1860 4746 1993 4800 Haec
2024 4746 2186 4802 enim

531 4832 626 4889 ille
644 4831 749 4905 qui
767 4847 891 4888 suae
908 4828 1306 4900 indignationi
1324 4829 1509 4886 vitam
1526 4837 1846 4904 praeparat,
1866 4835 2040 4906 quasi
2061 4851 2185 4892 ma.

531 4920 747 4977 nifesta
765 4921 1051 4994 quaedam
1074 4921 1510 4976 tormentorum
1528 4922 1847 4992 gymnasia
1871 4923 2020 4980 mihi
2041 4941 2188 4997 prte-

526 5010 793 5066 tendisse
822 5009 1077 5075 videtur,
1106 5007 1222 5064 hoc
1250 5012 1450 5066 autem
1485 5015 1790 5068 certamen
1819 5012 2066 5086 iusuper
2090 5031 2185 5072 ac-

527 5099 892 5163 cumulasse,
923 5098 1260 5155 maximum
1286 5098 1535 5172 quidem
1563 5100 1711 5158 illud
1743 5107 1799 5158 et
1848 5119 2179 5173 summum,

523 5203 635 5246 nec
655 5189 903 5245 omnino
930 5188 1176 5261 periculi
1196 5203 1427 5261 expers.
1457 5192 1535 5246 Ex
1561 5206 1683 5264 quo
1712 5191 1799 5255 ﬁt,
1823 5197 1888 5248 ut
1917 5194 2180 5266 pristinae

520 5278 636 5335 illae
665 5278 862 5350 plagae
891 5277 1073 5349 leves,
1127 5278 1573 5353 tuberculisque
1620 5297 1928 5338 summam
1981 5288 2179 5341 cutem

519 5367 926 5424 delibantibus
947 5367 1192 5433 similes,
1218 5372 1397 5441 atque
1416 5369 1569 5425 adeo
1590 5369 1760 5425 facile
1788 5369 2177 5430 medicabiles

589 5458 669 5526 (9)
743 5458 843 5514 llic
910 5459 1145 5515 videtur
1211 5459 1466 5515 alterum
1521 5458 1754 5530 periodi
1828 5461 2173 5521 membrum

515 5548 752 5620 deesse,
784 5550 1064 5621 quamvis
1094 5549 1154 5605 in
1184 5548 1514 5620 exemplari
1536 5547 1701 5607 nulla
1727 5547 1950 5612 lacuna
1981 5553 2074 5610 sit.

2371 3051 2414 3105 Ο
2453 3047 2660 3104 divina
2697 3046 3092 3120 providentia,
3135 3061 3323 3118 quam
3360 3043 3582 3101 nullius
3627 3037 3945 3098 hominum

2298 3137 2593 3193 industria
2609 3137 3027 3208 conjecturave
3045 3135 3167 3192 ulla
3183 3135 3422 3208 assequi
3439 3137 3653 3206 potest,
3671 3146 3804 3204 quae
3821 3145 3948 3185 mo-

2301 3226 2394 3281 dis
2411 3225 2913 3282 inenarrabilibus
2930 3241 3025 3281 res
3041 3224 3278 3280 divinas
3290 3229 3347 3280 et
3361 3224 3662 3279 humanas
3674 3217 3950 3275 modera-

2302 3315 2402 3383 ris,
2436 3329 2571 3388 qum
2613 3330 2806 3383 mens,
2839 3329 3069 3387 quaso,
3101 3313 3266 3370 fatali
3293 3311 3661 3384 judiciorum
3711 3316 3954 3364 tuorum

2305 3403 2532 3476 abysso
2565 3420 2628 3460 se
2651 3403 2891 3460 credere
2917 3404 2979 3459 in
3003 3417 3194 3476 eaque
3219 3405 3429 3458 natare
3456 3397 3708 3458 audeat!
3741 3412 3953 3469 quam-

2303 3493 2448 3550 libet
2490 3493 2590 3549 illa
2618 3492 3020 3566 philosophias
3059 3490 3477 3548 addictissima
3506 3487 3724 3556 studio,
3755 3486 3955 3542 nodos

2303 3583 2651 3652 dissolvere,
2677 3583 3103 3655 implicataque
3125 3582 3421 3655 explicare
3441 3579 3678 3652 possit?
3708 3576 3960 3632 Differor

2305 3673 2586 3746 equidem
2609 3672 2828 3728 dolore.
2860 3673 2965 3745 qui
2991 3688 3086 3728 me
3103 3671 3186 3728 ita
3207 3669 3570 3734 exstimulat,
3590 3672 3654 3723 ut
3675 3666 3789 3722 tale
3809 3665 3959 3737 quid

2304 3762 2527 3836 profari
2554 3778 2759 3833 cogar,
2790 3778 2861 3819 ex
2921 3778 3044 3834 quo
3091 3761 3421 3836 periculum
3452 3763 3564 3828 est,
3602 3772 3678 3813 ne
3721 3755 3961 3812 temeri-

2302 3854 2438 3910 tatis
2480 3853 2626 3908 mihi
2665 3858 2810 3909 nota
2851 3853 3142 3910 inuratur.
3204 3851 3314 3917 Qui
3350 3849 3434 3920 ﬁt,
3469 3854 3534 3904 ut
3578 3859 3768 3904 canus
3815 3859 3952 3914 ego,

2301 3941 2526 3998 telluris
2565 3941 2770 3998 inutile
2801 3942 3042 4014 pondus
3069 3941 3206 4013 (10),
3238 3939 3343 4012 qui
3378 3937 3548 4010 gravi
3597 3935 3765 3993 senio
3811 3949 3952 4005 pre-

2301 4048 2452 4103 mor,
2488 4031 2756 4105 nihilque
2779 4049 2935 4102 sum,
2967 4031 3135 4105 quod
3160 4030 3346 4099 aiunt,
3385 4043 3572 4102 quam
3619 4025 3858 4092 vulnus,
3891 4023 3955 4078 in

2301 4121 2466 4194 quod
2483 4122 2690 4178 omnia
2702 4127 2929 4178 natura;
2944 4121 3064 4177 fata
3077 4118 3510 4184 conﬂuxerunt,
3532 4115 3748 4171 diutius
3762 4113 3950 4184 capti-

2299 4226 2410 4265 vus
2433 4211 2546 4266 hoc
2575 4210 2635 4266 in
2661 4216 2897 4268 terreno
2917 4223 3152 4268 carcere
3183 4206 3472 4279 supersim
3488 4207 3516 4262 ?
3537 4201 3948 4278 spectaculum

2221 4299 2264 4354 D
2300 4305 2455 4356 certe
2482 4317 2591 4356 nec
2623 4301 2764 4357 satis
2794 4315 2993 4356 rerum
3031 4295 3400 4356 universitati
3425 4293 3802 4360 conveniens,
3832 4307 3950 4346 nec

2295 4391 2422 4462 jam
2470 4389 2586 4445 tale
2621 4389 2785 4464 quod
2820 4389 3021 4462 jubari
3063 4385 3204 4444 solis
3242 4385 3662 4458 exponendum
3708 4382 3800 4437 sit.
3848 4379 3950 4438 Ille

2297 4496 2436 4538 vero
2474 4480 2577 4552 qui
2619 4480 2892 4536 nondum
2922 4479 3139 4552 pedem
3164 4475 3356 4534 limini
3386 4472 3702 4530 senectutis
3738 4469 3953 4527 intule-

2296 4575 2408 4637 rat,
2440 4570 2618 4640 longe
2663 4569 2900 4638 dignior
2940 4568 3045 4642 qui
3086 4567 3209 4624 vita
3236 4563 3609 4623 diuturniore
3637 4562 3946 4632 frueretur,

2297 4676 2367 4717 eo
2390 4659 2722 4733 praesertim
2745 4658 3011 4726 nomine,
3033 4655 3200 4732 quod
3222 4657 3424 4714 uxoris
3453 4661 3510 4714 et
3532 4653 3784 4712 ﬁliorum
3816 4665 3947 4707 non

2297 4764 2630 4822 paucorum
2689 4753 2974 4817 servator,
3029 4747 3362 4820 majoribus
3414 4750 3538 4806 suis
3577 4761 3685 4803 sua
3727 4741 3948 4798 virtute

2294 4837 2675 4910 precluxerat,
2700 4841 2880 4909 atque
2902 4836 3054 4893 adeo
3076 4834 3265 4894 multa
3281 4838 3342 4894 in
3363 4849 3742 4896 communem
3761 4830 3951 4888 totius

2294 4927 2457 4984 orbis
2484 4925 2793 4983 utilitatem
2822 4924 3174 4995 contulerat,
3205 4932 3500 5001 tanquam
3528 4925 3728 4998 glorise
3747 4920 3953 4995 splen-

2293 5015 2577 5090 dorisque
2607 5016 2725 5073 mei
2756 5031 2997 5087 corona,
3027 5019 3084 5073 et
3109 5015 3212 5090 qui
3243 5018 3324 5073 ad
3352 5017 3508 5074 hanc
3535 5031 3734 5073 meam
3761 5011 3953 5068 vitam

2293 5106 2711 5164 concinnitatis
2739 5105 2967 5180 aliquid
2986 5105 3048 5162 in
3076 5105 3204 5163 dies
3223 5105 3462 5165 aﬂ'erret
3487 5123 3502 5164 :
3534 5105 3649 5176 ille,
3667 5105 3946 5178 inquam,

2289 5194 2613 5253 immatura
2629 5200 2842 5263 morte,
2869 5193 3033 5269 quod
3055 5210 3151 5252 me
3172 5193 3253 5252 ad
3277 5194 3577 5253 insaniam
3599 5207 3787 5268 prope
3819 5191 3950 5249 adi-

2289 5285 2392 5355 git,
2416 5301 2538 5342 non
2561 5286 2686 5342 sine
2706 5285 3014 5342 communi
3030 5289 3414 5342 externorum
3435 5285 3952 5358 propinquorum-

2286 5391 2404 5446 que
2440 5375 2677 5447 jactura
2714 5378 3044 5448 praereptus
3095 5378 3203 5430 est.
3236 5373 3340 5430 lllo
3371 5374 3532 5430 enim
3584 5389 3711 5430 non
3754 5377 3946 5429 exter-

2257 5454 2283 5476 '
2353 5464 2471 5537 (10)
2514 5464 2734 5522 Alludit
2783 5463 2861 5521 ad
2915 5461 3062 5520 illud
3104 5463 3389 5520 Homeri:
3459 5461 3711 5516 Ἐτώσιον
3771 5463 3951 5535 ἄχθος

2283 5555 2529 5628 ἀρούρης.
