2084 3145
145 113 192 140 3Ἱ3

736 113 896 142 MONODIA
914 114 949 141 IN
970 112 1131 141 FRATREM
1150 112 1253 143 SUUM.

1799 112 1854 141 374

148 182 255 202 norum
269 176 395 204 tantum
410 176 534 214 bonum,
546 177 630 214 quod
645 177 681 205 de
690 178 771 214 justo
782 177 844 206 viro
860 176 974 213 sapien-
990 176 1014 203 Α
1030 175 1093 203 sine
1108 174 1242 203 caedibus
1253 174 1429 208 innumeris,
1441 174 1592 211 totiusque
1600 174 1728 203 civitatis
1738 174 1854 203 excidio

148 221 189 247 tes
203 218 354 251 dictitant.
370 221 424 248 sed
440 224 577 250 nostrum
588 230 711 258 quoque
721 222 888 258 repoaitum
902 223 974 249 erat.

186 263 237 291 Ubi
248 265 387 298 gentium
396 274 487 300 nunc,
499 275 613 304 quaeso,
623 267 746 302 degunt,
754 266 976 303 etquigenuiua

150 309 304 344 sanguinis
322 311 505 345 cognatione
517 311 592 345 freti,
611 315 639 340 et
650 312 702 348 qui
713 312 853 340 eamdem
864 311 976 339 conﬁn-

152 356 252 389 gentes
272 353 313 382 ad
328 354 415 383 illum
430 356 625 391 accedebant,
647 357 759 393 illoque
775 356 899 392 auspice
909 363 976 392 quae

150 398 188 426 ab
198 399 435 434 imperatoribus
448 401 603 437 petierant,
615 409 651 430 ea
669 402 794 430 celerius
805 402 898 436 gratis
908 408 977 428 con-

151 444 252 476 secuti,
262 444 386 473 tandem
392 445 503 474 hilares
509 446 635 475 domum
643 455 729 475 suam
740 446 974 479 revertebantur,

154 491 181 515 et
205 489 312 523 gratias
334 490 430 518 multo
450 491 603 519 uberiores
625 492 840 519 beneﬁciorum
861 490 974 526 auspici

157 540 249 568 quam
256 534 445 563 collatoribus
451 536 580 570 agebant
587 537 600 564 ‘?
610 537 728 564 Illorum
737 540 814 564 certe
822 536 922 571 plures
929 535 975 562 vel

155 578 243 605 etiam
255 578 323 605 nulli
337 579 397 607 huc
414 588 549 616 unquam
566 582 595 608 in
612 582 744 608 medium
756 583 973 617 processerunt.

187 623 248 649 Huc
262 623 391 651 ehodum
406 632 512 652 omnes
528 626 703 657 concurrite,
725 626 892 661 eodemque
915 633 975 651 me-

150 675 219 694 cum
230 667 312 695 luctu
327 669 444 704 prie-diti
458 673 568 698 nostrae
584 672 680 705 gentis
701 671 837 698 encomin
855 670 975 705 plancti—

148 710 205 738 bus
213 712 290 739 meis
301 713 510 747 intermiscete,
525 716 635 749 utjusti
651 716 740 749 hujus
758 714 973 742 Vll‘llanOl‘lil‘

147 756 253 783 merita
266 755 392 784 laudum
407 760 557 793 praeconia
568 760 744 794 tribuamus,
758 767 812 787 nec
825 758 896 786 solis
907 766 973 786 cam

146 800 290 836 lacrymis
306 801 495 830 decoremus.
512 805 618 832 Neuter
640 804 718 832 enim
739 804 849 831 modus
866 804 904 830 ab
920 803 973 830 ho-

147 848 233 872 nesto
249 853 303 873 seu
318 845 428 875 decoro
453 848 567 876 alienus
589 852 643 877 est.
663 849 813 884 Siquidem
834 849 905 883 justi
920 849 975 875 viri

147 898 227 917 mors
238 890 390 927 laerymas
416 896 570 928 provocat,
593 894 741 930 efﬁcitque
762 897 792 921 ut
803 894 880 921 illius
896 893 974 920 desi—

145 934 228 963 derio
248 935 438 966 laboremus:
454 940 630 967 memoriam
647 943 745 967 autem
759 939 899 967 laudibus
913 947 973 966 non

144 980 282 1008 excolere
301 990 360 1010 non
377 987 504 1018 possunt
526 984 555 1014 ii.
577 985 627 1020 qui
648 985 687 1012 ab
706 985 756 1012 illo
776 992 843 1020 quas
859 984 974 1011 imiten-

143 1027 201 1057 tur,
217 1026 335 1054 virtutis
348 1029 486 1064 exempla
500 1032 612 1065 petunt.

182 1069 238 1098 Ubi
252 1078 323 1099 vero
333 1079 415 1100 nunc
426 1074 498 1101 mihi
509 1074 591 1108 virgo
610 1073 659 1101 illa
672 1074 756 1101 vultu
770 1078 829 1101 tam
850 1073 973 1107 liberali,

145 1115 194 1143 cui
207 1115 361 1144 barbarus
376 1118 481 1151 hostis,
498 1127 565 1146 cum
582 1120 712 1155 primum
728 1123 829 1147 nostra
854 1119 977 1153 Megalo-

146 1160 223 1196 polis
235 1163 595 1199 captaest,utraptiejam
603 1167 739 1200 stuprum
754 1165 888 1192 illaturus
903 1167 974 1197 erat,

146 1206 206 1233 nisi
221 1214 292 1234 acer
306 1207 354 1235 hic
371 1208 536 1237 honestatis
553 1212 581 1237 et
596 1210 745 1245 pudicitire
761 1212 877 1237 amator
891 1211 922 1237 ut
937 1210 977 1236 vi-

146 1250 201 1285 dit,
226 1253 259 1278 ut
280 1252 419 1280 misertus
434 1254 499 1288 ejus
516 1255 575 1282 est!
596 1254 647 1290 qui
672 1255 734 1281 sine
754 1254 817 1282 ulla.
839 1262 923 1281 mora
947 1254 977 1280 in

146 1294 267 1323 hostem
277 1296 405 1333 irruens,
415 1299 531 1327 tametsi
541 1299 679 1326 Phineem
689 1299 775 1326 inilla
788 1298 978 1326 defendenda

148 1339 260 1367 imitari
279 1349 342 1369 non
358 1343 496 1378 potuerit,
518 1344 683 1379 quamlibet
709 1343 815 1371 eodeni
839 1351 900 1378 quo
929 1343 978 1369 illo

148 1383 232 1418 olim,
254 1388 352 1413 noster
371 1387 420 1414 hic
444 1396 565 1424 quoque
590 1389 652 1416 zelo
672 1389 822 1422 ﬂagraret,
848 1388 978 1423 puellam

146 1430 255 1458 saltem
267 1431 323 1459 sibi
332 1432 505 1464 vindicavit,
520 1442 645 1461 uxorem
660 1434 823 1469 legitimam
838 1441 902 1460 esse
919 1433 977 1460 cla-

145 1475 271 1511 mitans,
281 1484 374 1512 seque
384 1477 446 1506 ﬁda
457 1479 585 1513 conjuge
594 1479 714 1514 privari,
726 1482 815 1514 atque
825 1478 891 1506 ideo
902 1486 981 1505 acer—

144 1519 283 1548 bissimis
290 1521 427 1551 amictari
434 1523 532 1551 modis
540 1524 701 1559 queritans.
710 1524 876 1551 Ambarum
883 1524 983 1558 itaque

146 1566 306 1594 tenacitate
331 1575 479 1596 manuum
503 1569 687 1604 prehensam
714 1569 882 1604 pancratice
914 1576 982 1595 cum

144 1609 234 1638 hoste
244 1611 434 1646 colluctatus,
450 1613 534 1647 cujus
545 1614 678 1641 animum
692 1622 794 1641 amore
806 1613 922 1640 ebrium
939 1613 981 1639 fu-

144 1662 198 1683 ror
213 1656 364 1690 eﬂ‘erarat,
378 1657 418 1685 ad
429 1665 460 1685 se
475 1658 604 1691 retraxit,
622 1666 677 1686 nec
693 1658 774 1694 prius
799 1658 982 1693 conquievit;

145 1708 243 1736 quam
257 1701 406 1730 aviolenti
416 1702 510 1730 hostis
525 1703 668 1731 manibus
680 1703 825 1738 virginem
836 1704 979 1737 ereptam,

143 1745 297 1781 virginem
314 1747 393 1782 patri
408 1747 584 1775 restitueret.
601 1748 714 1775 Praesto
726 1749 761 1775 sit
777 1756 846 1775 vero
858 1755 938 1774 nunc
953 1749 980 1774 et

145 1790 210 1825 illa,
223 1793 255 1818 ut
266 1790 419 1825 lamentis,
432 1792 605 1828 gemituque
615 1796 642 1820 et
651 1793 780 1820 femineo
792 1792 907 1820 ululatu
917 1800 978 1818 suae

145 1834 296 1864 libertatis
306 1836 457 1864 vindicem
465 1837 642 1870 conclamet,
653 1838 906 1873 illum,inquam,a
917 1844 977 1872 quo

145 1883 280 1915 servata,
296 1888 353 1909 nec
371 1890 458 1909 secus
478 1890 496 1910 a
510 1885 612 1918 stupro
625 1882 750 1910 liberata
775 1885 828 1917 est,
843 1885 931 1917 atque
954 1881 977 1908 si

144 1925 303 1960 pudicitiae
323 1927 389 1961 ejus
410 1927 624 1955 conservandae
642 1927 861 1962 integritatique
876 1929 976 1954 custo-

143 1969 268 1999 diendae
282 1970 346 2006 jam
360 1970 432 1999 olim
449 1972 606 2007 praefectus
621 1972 734 2000 fuisset.

179 2016 202 2043 Ο
214 2015 398 2051 praeclarum
412 2016 530 2044 facinus
543 2017 547 2043 l
561 2017 668 2053 cuique
681 2025 717 2044 ex
729 2017 833 2052 priscis
844 2016 900 2044 illis
911 2016 975 2043 mil-

145 2058 211 2088 lum
226 2060 423 2096 respondeat.
446 2062 544 2089 Fertur
558 2062 695 2089 Hercules
708 2062 865 2089 Hesionem
882 2069 976 2096 quon-

145 2103 220 2132 dam
235 2105 424 2140 liberavisse,
440 2114 509 2133 cum
520 2106 625 2134 belluas
641 2106 764 2134 marina:
775 2107 893 2141 objecta
907 2106 976 2133 fuis-

998 1511 1018 1537 Ο

146 2152 192 2176 set
209 2158 218 2177 :
243 2149 351 2178 itidem
367 2152 395 2178 et
415 2149 540 2178 Perseus
554 2151 790 2179 Andromedam.
816 2154 851 2178 At
876 2150 917 2178 illi
929 2158 973 2177 ar-
989 2142 1011 2168 D

146 2194 232 2227 mati,
255 2194 397 2230 ferroque
413 2195 537 2223 accincti
551 2195 668 2224 belluas
690 2196 823 2231 aggressi
850 2198 927 2229 sunt,
947 2197 974 2222 et

150 2237 412 2272 virginestandem
418 2239 600 2267 matrimonii
607 2240 661 2267 sibi
670 2248 749 2268 nexu
755 2240 820 2275 conj
829 2242 975 2268 unxerunt

150 2282 203 2311 Hic
234 2286 335 2313 autem
356 2284 480 2313 inermis
502 2287 650 2313 armatam
692 2285 821 2313 belluam
854 2286 972 2321 invasit,

147 2336 278 2367 eamque
296 2332 340 2358 tot
362 2329 624 2358 mendaciunculis
640 2331 777 2366 aspersit,
803 2332 844 2359 tot
861 2332 974 2359 astutiis

145 2374 356 2411 circumvenit,
362 2374 527 2410 viralioqui
534 2383 634 2409 verax,
642 2375 826 2411 minimeque
834 2375 973 2404 mendax.

146 2422 177 2448 ut
186 2422 336 2450 intactam
347 2419 484 2457 puellam
498 2420 574 2455 patri
592 2420 714 2448 tandem
725 2420 790 2455 ejus
806 2421 973 2448 restituerit.

178 2467 327 2495 Cui-terum
358 2465 483 2494 Simeon
504 2466 533 2493 et
564 2465 631 2493 Levi
656 2473 789 2493 sororem
804 2465 975 2501 raptoribus

144 2512 344 2543 extorserunt,
366 2512 398 2539 et
427 2509 495 2545 jam
521 2509 664 2538 violatam
690 2512 717 2538 et
736 2513 975 2546 constupratam,

142 2555 227 2595 idque
242 2555 426 2587 certaminis
453 2554 514 2590 vix,
533 2562 567 2583 ac
594 2563 631 2583 ne
643 2555 691 2583 vix
705 2555 827 2591 quidem
844 2556 906 2584 sine
915 2564 976 2584 cre-

141 2602 234 2632 brain
258 2601 436 2639 ancipitem
461 2607 572 2635 gyrum
606 2600 902 2635 circumcursatione,
922 2609 976 2628 nec

166 2697 177 2715 ²
194 2697 310 2735 Ephes.
327 2702 359 2723 v.
377 2693 438 2725 25;
455 2689 481 2718 lI
497 2690 564 2718 Cor.
575 2698 602 2725 ν,
616 2691 662 2725 15,
676 2691 687 2708 ³
700 2692 781 2719 Cant.
794 2700 811 2727 ι,
825 2694 850 2728 li,

1030 222 1218 256 peregerunt.
1244 221 1340 253 Quare
1359 227 1421 248 non
1434 222 1504 249 sunt
1521 220 1563 248 illi
1582 228 1652 248 cum
1673 220 1731 248 hoc
1750 221 1855 248 nostro

1030 264 1212 297 conferendi,
1233 265 1285 300 qui
1297 264 1430 301 puellam
1442 265 1590 300 integram
1605 266 1634 293 et
1650 264 1776 293 illaasam
1791 263 1856 293 sola

1030 313 1147 337 certans
1158 310 1292 338 oratione
1301 310 1365 338 sine
1374 310 1457 338 caede
1466 313 1617 346 receptam
1627 309 1757 338 reduxit.
1769 308 1855 345 Equi-

1030 354 1100 382 dem
1111 354 1289 390 preeclarum
1296 354 1381 383 illum
1390 355 1511 384 fratrem
1519 363 1622 383 meum
1632 354 1663 382 in
1690 353 1856 383 Abrahami

1029 398 1126 426 ﬁlium
1145 401 1266 435 propter
1280 399 1373 428 ﬁdem
1387 399 1565 436 adoptatum
1578 399 1669 427 fuisse
1681 400 1760 427 certo
1772 398 1834 426 scio
1846 406 1853 424 :

1029 443 1103 479 quin
1118 445 1146 471 et
1164 443 1222 471 hoc
1236 444 1380 472 audacter
1396 452 1431 473 ac
1450 444 1543 472 libere
1562 444 1661 472 dicere
1684 451 1746 471 non
1769 450 1852 471 vere-

1028 488 1094 521 bor,
1127 488 1265 524 patribus
1295 488 1352 516 illis
1381 488 1589 517 Abrahamicis
1611 491 1750 517 nostrum
1773 487 1853 515 hunc

1028 533 1123 561 multo
1148 533 1385 569 praestantiorem
1413 533 1525 562 fuisse:
1559 533 1750 561 Abrahamus
1772 531 1853 560 enim

1029 577 1161 612 primum
1176 578 1258 613 apud
1278 579 1476 614 Pharaonem,
1492 578 1600 607 deinde
1612 578 1695 615 apud
1705 576 1853 605 Abimele-

1028 622 1120 650 chum
1135 623 1239 651 Seram
1263 631 1350 651 suam
1369 631 1434 651 esse
1449 631 1593 658 sororem,
1613 631 1676 651 non
1691 622 1852 658 conjugem

1029 667 1181 702 professus
1196 669 1249 701 est,
1270 671 1302 696 ut
1317 670 1346 696 et
1370 669 1535 697 Rebeccam
1555 671 1685 697 Isaacus.
1703 667 1747 695 Illi
1761 666 1851 695 nimi-

1028 718 1096 739 rum
1119 712 1266 741 terrefacti
1292 713 1437 749 conjuges
1466 721 1536 742 suas
1551 713 1649 741 dicere
1657 713 1849 747 verebantur,

1029 763 1067 783 ne
1092 759 1213 793 propter
1240 757 1306 786 illas
1332 758 1507 787 interirent:
1534 758 1583 787 hic
1606 766 1678 786 vero
1702 758 1851 792 virginem

1029 801 1160 829 necdum
1173 802 1230 830 sibi
1239 803 1271 830 in
1283 803 1511 832 matrimonium
1521 803 1802 837 collocatam,suam
1810 804 1852 831 ta-

1029 854 1098 874 men
1122 854 1245 875 uxorem
1268 848 1456 881 nominabat,
1481 848 1522 877 ad
1545 856 1578 877 se
1597 848 1780 881 retrahebat,
1796 847 1854 875 sibi

1029 891 1221 920 vindicabat:
1238 893 1306 920 vitae
1325 901 1381 929 pro
1390 893 1441 922 illa
1456 894 1618 923 discrimen
1637 893 1749 927 subire,
1769 893 1794 921 si
1805 900 1853 921 res

1028 930 1153 973 itaferat,
1177 938 1418 975 haudquaquam
1435 939 1615 969 detrectans.

1066 982 1153 1015 Quod
1167 983 1192 1010 si
1207 984 1377 1012 Susannam
1400 984 1503 1012 Daniel
1522 992 1540 1013 θ.
1558 984 1757 1014 violentorum
1772 992 1854 1014 ama-

1030 1028 1129 1055 torum
1143 1029 1172 1055 et
1193 1028 1366 1064 iniquorum
1386 1028 1524 1065 judicum
1545 1029 1645 1058 furore
1670 1030 1807 1065 asseruit,
1824 1031 1856 1058 at

1031 1079 1086 1109 pro
1112 1072 1256 1101 tribunali
1279 1074 1362 1110 prius
1389 1074 1516 1110 sederat,
1544 1074 1667 1103 libidine
1691 1076 1856 1104 excascatos

1029 1117 1146 1153 judices
1169 1126 1308 1147 seorsum
1319 1118 1497 1151 abduxerat,
1513 1122 1675 1157 utrumque
1690 1120 1856 1156 interroga-

1031 1166 1115 1191 verat
1125 1163 1345 1199 sigillatim,suo
1355 1164 1551 1201 ipsorumque
1564 1165 1678 1201 judicio
1693 1165 1855 1200 convictos,

1032 1210 1061 1236 et
1081 1208 1198 1244 capitis,
1213 1208 1385 1244 damnatos,
1405 1209 1557 1246 lapidibus
1573 1210 1858 1247 cooperirijusserat

1033 1254 1122 1289 atque
1132 1252 1189 1281 hoc
1200 1255 1287 1289 pacto
1297 1253 1442 1290 pudicam
1453 1254 1491 1282 ab
1501 1254 1607 1291 iniqua
1619 1255 1767 1284 sententia
1783 1255 1857 1283 libe-

1032 1304 1160 1330 raverat.
1177 1302 1292 1331 Deliciae
1307 1311 1379 1332 vero
1403 1312 1487 1340 meae,
1510 1305 1555 1333 vir
1572 1305 1621 1333 hic
1634 1304 1788 1339 nimirum,
1804 1302 1858 1340 qui

1033 1349 1142 1375 natura
1150 1347 1191 1375 sic
1197 1350 1391 1384 comparatus
1402 1351 1475 1382 erat,
1487 1352 1520 1378 ut
1529 1357 1619 1378 nemo
1630 1352 1769 1378 nostrum
1778 1347 1860 1377 votis

1035 1392 1178 1420 omnibus
1195 1392 1299 1421 similis
1308 1393 1349 1421 illi
1359 1394 1488 1422 evadere
1511 1402 1572 1422 non
1588 1396 1717 1431 expetat,
1739 1402 1802 1422 non
1815 1394 1861 1429 ju-

1036 1435 1152 1470 dicans,
1177 1438 1211 1465 ut
1228 1437 1341 1472 Daniel,
1357 1437 1410 1465 sed
1433 1437 1550 1466 hostem
1575 1438 1712 1466 adulterii
1737 1438 1862 1466 crimine

1037 1489 1194 1509 accersens
1211 1491 1217 1511 :
1239 1489 1302 1510 non
1312 1484 1515 1519 constuprataa
1534 1482 1657 1511 fratrem
1684 1483 1813 1518 ﬁngens,
1829 1483 1864 1510 ut

1038 1526 1246 1561 Abrahamus;
1266 1534 1328 1555 non
1342 1527 1372 1555 id
1394 1527 1547 1561 mentitus,
1560 1527 1643 1564 quod
1657 1527 1689 1555 in
1703 1526 1863 1563 reprehen-

1039 1571 1155 1599 sionem
1179 1571 1330 1600 incurrere
1361 1572 1467 1600 merito
1492 1573 1603 1608 posset,
1626 1574 1659 1601 ut
1680 1573 1764 1601 Isaac
1785 1571 1860 1607 (11):

1039 1616 1093 1644 sed
1107 1616 1232 1651 virginis
1247 1616 1413 1646 etiamnum
1438 1616 1502 1646 viro
1526 1616 1627 1645 crudae
1646 1617 1744 1645 virum
1768 1616 1863 1654 (quod

1037 1661 1202 1697 sapientius
1215 1661 1302 1697 juxta
1312 1669 1347 1690 ac
1357 1661 1469 1690 virilius
1479 1661 1543 1697 fuit)
1555 1670 1586 1690 se
1598 1661 1863 1697 dictitans,violen-

1036 1707 1099 1734 tum
1115 1705 1201 1734 illum
1216 1708 1368 1743 raptorem
1383 1705 1485 1735 fefellit
1493 1709 1527 1747 .et
1541 1707 1659 1743 repulit.

1071 1750 1143 1779 Hinc
1149 1751 1345 1788 perspicuum
1352 1753 1511 1788 esteaquze
1517 1760 1599 1780 nunc
1605 1759 1746 1781 recenseo
1753 1751 1860 1788 priscis

1033 1795 1090 1823 illis
1098 1796 1187 1832 longe
1197 1796 1407 1832 praestantiora
1417 1804 1482 1824 esse
1493 1805 1499 1831 ;
1511 1796 1622 1833 quippe
1633 1804 1701 1833 quae
1710 1796 1862 1825 Christum

1032 1840 1196 1875 redoleant,
1222 1842 1311 1878 atque
1332 1841 1375 1870 ita
1395 1841 1484 1876 legali
1510 1841 1560 1869 illa
1578 1841 1694 1877 justitia
1706 1841 1796 1876 longe
1811 1848 1860 1868 ex-

1033 1885 1204 1914 eellentiora
1234 1886 1302 1914 sint.
1328 1886 1594 1919 Quemadmodum
1617 1885 1698 1913 enim
1725 1885 1860 1921 seipsum

1033 1930 1165 1959 Christus
1196 1930 1332 1959 Ecclesiae
1361 1931 1484 1959 nomine
1515 1930 1648 1965 tradidit,
1671 1931 1858 1958 cumtamen

1032 1975 1132 2003 adhuc
1155 1975 1288 2004 Ecclesia
1316 1983 1469 2011 nusquam
1489 1976 1577 2008 esset,
1603 1974 1717 2002 nedum
1741 1974 1857 2004 Christo

1031 2020 1218 2056 desponsata
1255 2020 1368 2054 (adhuc
1404 2019 1485 2047 enim
1518 2021 1690 2056 peccatores
1723 2027 1855 2055 eramus,

1032 2073 1101 2093 cum
1122 2072 1178 2101 pro
1203 2064 1291 2092 nobis
1321 2066 1457 2092 mortuus
1484 2065 1530 2092 est
1557 2064 1701 2098 Christus,
1730 2065 1761 2092 ut
1778 2065 1857 2100 Apo-

1032 2109 1125 2137 stolus
1143 2109 1183 2137 ait
1198 2110 1237 2145 3);
1252 2109 1318 2146 ipsa
1332 2116 1453 2145 quoque
1467 2108 1641 2144 ignominiae
1653 2109 1709 2137 sibi
1720 2109 1853 2144 conscia,

1030 2163 1124 2192 quam
1146 2154 1298 2190 impietate
1318 2153 1445 2190 pristina
1457 2153 1514 2181 sibi
1532 2155 1737 2183 contraxerat:
1760 2154 1856 2190 Nigra

1030 2208 1106 2233 sum,
1121 2199 1219 2235 inquit
1237 2198 1357 2233 alicubi,
1379 2198 1459 2234 filia
1474 2198 1641 2227 Jerusalem
1661 2199 1672 2216 ³
1685 2207 1692 2232 ;
1708 2198 1749 2227 ita
1763 2198 1855 2226 etiam

1031 2245 1120 2273 frater
1134 2252 1222 2272 meus
1237 2250 1292 2279 pro
1314 2242 1373 2278 illa,
1398 2250 1492 2279 quam
1513 2243 1651 2271 nondum
1673 2243 1704 2271 in
1727 2250 1854 2271 uxorem

1030 2289 1166 2323 duxerat,
1182 2295 1237 2316 nec
1250 2286 1349 2315 adhuc
1361 2287 1485 2315 omnino
1497 2286 1642 2315 ducturus
1656 2289 1729 2322 erat,
1745 2295 1854 2323 parum

1031 2329 1126 2358 abfuit
1138 2328 1212 2365 quin
1226 2327 1319 2356 vitam
1336 2327 1540 2364 profunderet,
1558 2327 1632 2355 dum
1651 2327 1737 2355 certis
1754 2335 1785 2354 se
1804 2335 1856 2362 pe-

1029 2373 1130 2403 riculis
1155 2373 1266 2409 objicit.
1283 2374 1312 2400 et
1339 2373 1391 2409 qui
1407 2372 1504 2400 virum
1534 2372 1738 2405 simulaverat,
1758 2370 1853 2407 patris

1029 2426 1134 2447 revera
1144 2425 1269 2446 munere
1281 2416 1455 2453 perfunctus
1468 2419 1522 2451 est,
1538 2419 1627 2453 atque
1643 2416 1737 2453 patris
1746 2415 1777 2443 in
1791 2423 1854 2452 quo

1030 2463 1175 2492 naturalis
1190 2471 1260 2498 erga
1274 2462 1386 2491 liberos
1403 2470 1498 2498 amor,
1522 2461 1760 2499 eorumdemque
1776 2460 1856 2489 salu-

1030 2510 1067 2537 tis
1079 2508 1280 2545 propugnatio
1293 2528 1300 2542 ,
1327 2507 1422 2536 multo
1442 2507 1541 2542 magis
1561 2515 1655 2544 quam
1682 2507 1713 2535 in
1738 2515 1773 2535 eo
1801 2506 1857 2543 qui

1031 2554 1162 2591 puellam
1184 2554 1337 2589 genuerat,
1360 2552 1550 2581 elucesceret.
1573 2552 1623 2580 llle
1647 2552 1796 2589 siquidem
1816 2551 1857 2579 vi-

1032 2599 1164 2628 ctoribus
1175 2598 1271 2633 cessit,
1283 2597 1415 2635 fugaque
1423 2597 1550 2626 salutem
1558 2597 1697 2634 quaesivit
1708 2606 1714 2626 :
1726 2597 1774 2626 hic
1786 2603 1857 2624 vero

162 2763 217 2799 (η)
232 2763 267 2790 In
279 2758 398 2790 codice
416 2755 524 2783 Graeco
540 2750 605 2783 δαᾶ.
624 2761 680 2790 pro
693 2754 770 2781 ’σαάκ
783 2755 861 2784 male
878 2756 1071 2791 suppositum
1089 2753 1217 2783 videtur.
