4168 6290
501 268 603 319 375

1388 257 1764 318 MICHAELIS
1803 260 2187 317 ACOMINATI
2226 256 2655 317 ATHENARUM
2691 258 3013 315 ARCHIEP.

3800 254 3905 306 376

498 384 732 458 puellae,
749 401 888 440 cum
920 384 998 441 ad
1024 389 1234 457 stupra
1260 384 1602 456 durumque
1625 383 1931 440 servitium
1956 382 2151 438 abdu-
2178 386 2223 441 Α
2256 384 2509 457 illa,quae
2523 384 2725 440 animo
2738 378 3527 452 circumfundebatur,quasi
3540 390 3751 433 serena
3764 390 3908 446 qua-

499 479 745 544 ceretur,
791 474 1010 528 vindex
1042 473 1252 542 adfuit,
1285 489 1542 545 eamque
1574 474 1841 540 tandem,
1882 478 2149 527 extrema

500 563 768 635 pericula
796 564 963 635 prius
992 567 1293 634 expertus,
1326 561 1619 617 liberavit.

573 655 617 710 Ο
649 652 1086 725 sapientissime
1102 651 1302 718 frater,
1326 656 1390 706 tu
1415 651 1621 722 procul
1660 650 1850 706 dubio
1881 650 1941 705 in
1972 650 2151 706 ccelo-

499 759 638 798 rum
692 742 858 811 regia
914 740 1216 796 institutus
1274 739 1620 809 es,idcirco
1685 740 1864 794 etiam
1942 738 2152 807 lingua

501 833 606 884 tua
634 827 896 883 subitam
916 828 1164 897 virginis
1192 844 1327 900 quae
1355 827 1771 883 abducebatur
1790 826 2148 894 libertatem,

500 916 683 972 veluti
709 918 978 973 calamus
1003 918 1215 973 scribae
1232 918 1512 973 velociter
1540 918 1560 952 ὀ
1590 915 1963 988 conscripsit.
2000 915 2156 981 Quin

503 1005 682 1061 etiam
703 1005 865 1062 labia
883 1009 1282 1078 tuatanquam
1323 1005 1629 1061 funiculus
1669 1007 1986 1061 coccineus
2018 1019 2155 1060 con-

504 1096 656 1149 torto
682 1093 972 1166 brevique
1020 1109 1320 1164 sermone,
1365 1099 1441 1163 et,
1491 1094 1594 1166 qui
1640 1098 1779 1149 tuus
1816 1097 1942 1149 erat
1969 1092 2152 1159 zelus,

505 1182 927 1238 exardescente
949 1182 1198 1239 barbari
1242 1198 1461 1239 manus
1510 1182 2016 1250 constrinxerunt,
2048 1180 2158 1235 im-

505 1274 833 1343 petumque
856 1271 1181 1327 violentum
1202 1275 1618 1343 represserunt
1645 1288 1657 1326 :
1686 1286 1796 1326 nec
1823 1284 1945 1325 non
1967 1269 2157 1325 oratio

503 1360 607 1416 illa
635 1364 741 1417 tua
769 1360 1141 1431 tempestiva,
1172 1377 1309 1433 quae
1341 1377 1463 1416 non
1508 1360 1926 1433 intempestive
1958 1358 2158 1414 virum

508 1449 775 1515 mentita,
799 1449 905 1504 sed
924 1449 986 1504 in
1011 1454 1281 1521 tempore
1320 1452 1666 1505 commenta
1684 1448 1911 1518 injusto
1932 1446 2158 1519 raptori

506 1538 736 1607 justam
783 1537 984 1593 dicam
1033 1537 1301 1609 impegit.
1354 1539 1398 1593 Ο
1429 1537 1535 1609 qui
1563 1537 1691 1592 ﬁeri
1721 1536 1935 1609 potuit,
1985 1540 2050 1591 ut
2095 1539 2160 1591 tu

2256 474 2399 530 dam
2424 478 2773 545 tempestate
2791 472 2991 528 subito
3008 476 3232 537 exorta,
3252 468 3682 526 discutiebatur
3699 472 3755 522 et
3771 486 3907 528 eva-

2257 563 2541 618 nescebat
2558 580 2570 616 :
2588 569 2945 633 gratumque
2961 576 3101 616 mox
3116 558 3325 615 laetitiae
3338 558 3542 615 lumen
3555 559 3906 630 aﬂ'ulgebat.

2259 656 2423 709 Nunc
2456 668 2594 706 vero
2630 656 2817 705 morte
2852 651 3006 706 illius
3036 648 3241 705 audita
3290 649 3525 705 dolores
3557 650 3791 719 inferni
3818 664 3911 705 me

2260 742 2985 811 circumvallantﬂopacas
3000 737 3400 794 anxietudinis
3412 738 3605 808 caligo
3620 738 3908 811 cooperit.

2262 830 2481 886 umbra
2507 830 2715 885 mortis
2745 828 3012 883 adoritur
3036 846 3048 883 :
3074 825 3576 900 quandoquidem
3610 842 3781 882 meus
3810 826 3907 881 ille

2264 921 2471 977 clavus
2513 918 2692 974 undis
2745 918 3067 989 absorptus
3106 921 3212 971 est.
3244 918 3287 971 Ο
3337 914 3532 988 qualis
3587 931 3698 986 ego
3726 930 3910 970 sacrae

2259 1015 2559 1085 jacturam
2587 1010 2867 1067 anchorae
2909 1007 3049 1063 feci!
3079 1008 3252 1079 cujus
3271 1006 3520 1079 quidem
3544 1004 3913 1062 adminiculo

2266 1108 2443 1159 antea
2471 1099 2920 1157 Atheniensium
2963 1096 3235 1153 Ecclesiae
3279 1096 3667 1167 gubernator,
3696 1094 3916 1151 ﬂuctus

2266 1208 2478 1249 omnes
2510 1189 2917 1262 superabam:
2965 1202 3127 1243 nunc
3168 1189 3372 1242 autem
3413 1201 3551 1241 cum
3600 1183 3917 1257 multiplici

2267 1279 2761 1355 reciprocantium
2774 1277 3066 1332 ﬂuctuum
3080 1291 3259 1331 cursu
3274 1273 3592 1345 naufragio
3601 1274 3915 1346 proximus

2261 1373 2471 1443 jacter,
2521 1369 2685 1425 illam
2744 1366 2889 1423 mihi
2943 1364 3186 1422 abstulit
3233 1369 3290 1422 et
3340 1363 3523 1420 vitam
3587 1361 3908 1419 contraxit.

2266 1468 2444 1521 Totus
2492 1459 2653 1516 enim
2703 1456 2780 1513 ab
2824 1455 2926 1511 illa
2974 1453 3326 1527 dependens
3372 1453 3578 1522 vitam,
3637 1468 3771 1525 qua:
3823 1450 3921 1506 vel

2268 1549 2589 1627 proverbio
2619 1548 2803 1603 fertur
2838 1543 3089 1617 ἀβιωτος,
3121 1542 3203 1600 ad
3246 1542 3364 1599 hoc
3396 1557 3587 1615 usque
3628 1539 3920 1613 temporis

508 1626 901 1717 mendacium
936 1626 1033 1717 cui
1051 1641 1384 1717 nunquam
1414 1641 1773 1682 assueveras
1799 1628 1995 1690 antea,
2020 1640 2158 1696 pro-
2189 1664 2231 1717 Β
2271 1626 2363 1713 εςί
2385 1638 2684 1711 mortique
2705 1650 2802 1692 me
2814 1632 3180 1706 jampridem
3201 1630 3664 1703 vocantiparere
3678 1632 3924 1685 cuncta-

510 1713 756 1769 tuleris?
799 1714 1172 1771 Mendacium
1210 1714 1370 1771 enim
1399 1730 1524 1771 non
1567 1731 1741 1771 secus
1774 1718 1954 1787 atque
1994 1728 2161 1769 mor-

511 1808 633 1859 tem
670 1819 908 1876 semper
954 1821 1018 1860 es
1056 1804 1406 1861 detestatus.
1446 1804 1834 1876 Perspicuum
1868 1808 1958 1860 est
1997 1801 2166 1859 haud

512 1892 713 1963 dubie,
756 1894 922 1964 quod
947 1893 1470 1965 quemadmodum
1505 1894 1711 1962 vitam,
1742 1893 1793 1948 si
1825 1909 1918 1948 res
1944 1892 2026 1948 ita
2055 1892 2164 1947 fer—

510 1986 735 2052 ret,pro
776 1981 967 2037 salute
998 1981 1389 2053 periclitantis
1420 1982 1634 2054 puellae
1665 1980 2030 2055 profundere
2060 1996 2165 2052 pa-

509 2074 677 2125 ratus
710 2086 865 2135 eras,
893 2071 975 2128 ita
1002 2071 1181 2127 etiam
1204 2071 1439 2127 mentiri
1468 2086 1590 2127 non
1614 2071 1971 2138 detrectasti,
2000 2084 2165 2125 men-

511 2157 753 2230 daxque
785 2159 934 2228 fieri,
960 2161 1051 2215 vir
1080 2160 1306 2233 alioqui
1336 2161 1461 2216 veri
1492 2161 1953 2217 amantissimus
1987 2165 2042 2215 et
2062 2158 2167 2231 qui

511 2246 839 2303 mendacio
864 2248 1027 2304 labia
1041 2264 1358 2321 nunquam
1374 2249 1792 2321 conspurcasti
1803 2290 1818 2304 .
1842 2248 2013 2303 Enim
2025 2262 2166 2303 vero

512 2335 576 2391 id
591 2352 835 2408 quoque
855 2336 1069 2392 Christi
1096 2338 1429 2394 imitatione
1458 2338 1755 2411 perfecisti
1776 2337 1903 2409 :qui
1923 2352 2033 2409 pro
2061 2350 2142 2392 no

513 2423 608 2480 bis
641 2429 949 2495 peccatum
974 2429 1031 2482 et
1060 2426 1402 2483 maledictio
1441 2427 1635 2483 factus
1656 2432 1745 2483 est
1769 2442 1962 2498 usque
1990 2426 2163 2495 adeo,

515 2513 802 2570 omnibus
842 2516 1047 2571 omnia
1080 2515 1209 2571 ﬁeri
1250 2516 1567 2572 studebat:
1610 2521 1803 2572 tutore
1824 2513 2167 2572 carentibus

514 2606 691 2671 tutor,
726 2603 919 2660 viduis
949 2609 1303 2676 procurator
1332 2612 1389 2660 et
1414 2605 1686 2671 maritus,
1722 2603 2010 2677 orphanis
2056 2618 2168 2675 pa-

512 2694 621 2760 ter,
652 2693 1022 2764 pauperibus
1064 2696 1262 2760 frater,
1296 2693 1506 2751 amicis
1530 2693 1865 2749 ﬁdissimus
1909 2692 2165 2759 amicus,

516 2782 787 2850 cognatis
827 2783 926 2852 jus
964 2783 1340 2852 cognationis
1381 2782 1732 2850 observans,
1778 2786 1845 2838 ut
1882 2782 1988 2855 qui
2038 2796 2169 2837 ma-

516 2870 698 2929 xime.
752 2870 918 2926 fratri
949 2871 1210 2943 denique
1272 2888 1457 2943 supra
1521 2871 1777 2928 modum
1823 2885 2069 2927 omnem
2116 2872 2173 2925 et

517 2974 707 3032 quam
738 2959 864 3015 fieri
894 2965 1145 3032 poterat,
1181 2961 1378 3017 fratris
1408 2960 1886 3017 amantissimus.

593 3050 787 3113 Quare
830 3049 1078 3105 minime
1122 3050 1388 3123 proiecto
1449 3049 1866 3119 conveniebat,
1911 3051 1976 3103 ut
2018 3046 2175 3103 illius

523 3141 714 3193 morte
742 3137 837 3193 vel
880 3138 1103 3208 conjux
1144 3139 1349 3207 vidua,
1399 3139 1495 3196 vel
1525 3138 1783 3211 orphani
1810 3136 1982 3194 liberi
2013 3139 2180 3192 tanta

524 3226 1048 3298 intempestivitate
1096 3227 1307 3283 ﬁerent
1363 3228 1649 3297 (insanire
1691 3227 1841 3283 mihi
1885 3225 2179 3299 quoniam

524 3331 734 3371 rursus
754 3314 945 3386 libet),
976 3315 1070 3370 vel
1115 3316 1293 3371 etiam
1318 3316 1498 3373 frater
1523 3332 1636 3388 ego
1667 3317 1844 3384 illius,
1873 3332 2011 3387 quae
2034 3313 2183 3370 mihi

527 3404 589 3460 in
611 3406 918 3475 posterum
941 3403 1068 3459 sola
1091 3409 1417 3475 supererat,
1442 3406 1852 3462 consolatione
1890 3404 2182 3476 privarer,

536 3494 839 3564 vitamque
876 3492 1245 3549 acerbiorem
1290 3495 1609 3565 experirer,
1635 3510 1828 3567 eoque
1858 3508 2019 3549 nunc
2053 3508 2184 3562 gra-

531 3581 778 3645 viorem,
837 3597 959 3652 quo
995 3580 1278 3639 leviorem
1316 3581 1412 3637 ille
1471 3588 1649 3639 antea
1696 3584 2185 3653 vegetioremque

532 3670 848 3728 reddebat.
879 3671 1156 3736 Quamvis
1187 3670 1351 3728 enim
1399 3686 1522 3726 una
1572 3688 1811 3727 mecum
1857 3685 1980 3726 non
2008 3674 2182 3737 esset,

534 3760 769 3834 quoties
794 3764 997 3817 tamen
1039 3760 1135 3816 ille
1173 3760 1370 3816 valere
1419 3766 1598 3831 atque
1630 3759 1830 3815 vivere
1868 3758 2187 3815 nuntiaba-

536 3854 651 3916 tur,
702 3866 797 3907 me
824 3865 946 3905 non
979 3849 1147 3906 aliter
1196 3846 1528 3913 recreabat,
1564 3850 1743 3918 atque
1790 3846 1837 3901 si
1877 3846 2023 3902 mihi
2043 3846 2186 3903 vita-

534 3940 656 3997 lem
681 3940 1040 4012 quampiam
1076 3953 1289 3994 auram
1323 3936 1661 3992 aﬂlavisset.
1695 3938 1764 3991 Et
1791 3936 2186 4008 quemadmo-

540 4031 688 4086 dum
740 4029 982 4084 divinus
1011 4028 1105 4082 ille
1154 4026 1407 4082 Davides
1456 4042 1631 4082 suam
1688 4025 1878 4098 ipsius
1923 4027 2190 4082 animam

542 4117 864 4174 acerbitate
934 4120 1097 4172 tanta
1158 4119 1447 4188 tantoque
1505 4114 1773 4171 cruciatu
1841 4114 2191 4171 circumval-

542 4206 725 4263 latam
785 4221 915 4261 esse
968 4204 1168 4261 aiebat
1214 4210 1278 4262 ut
1334 4205 1807 4261 consolationem
1862 4209 2189 4278 respueret,

544 4311 683 4367 quae
720 4310 857 4349 cum
895 4293 1159 4365 primum
1191 4294 1251 4350 in
1308 4295 1409 4350 Dei
1450 4296 1821 4351 mentionem
1863 4294 2191 4363 incidisset,

546 4382 861 4441 confestim
910 4382 1375 4439 exliilararetur:
1416 4384 1497 4440 ita
1528 4388 1583 4439 et
1629 4384 1757 4455 ipse
1785 4398 1918 4452 ego,
1960 4382 2195 4456 quoties

544 4471 935 4547 praesentium
960 4472 1255 4529 malorum
1276 4474 1563 4544 gravitate
1586 4473 1922 4544 premebar,
1947 4471 2195 4528 sicunde

549 4563 629 4619 ad
681 4578 778 4617 me
822 4562 1103 4617 nuntium
1156 4562 1402 4634 aliquod
1452 4562 1775 4633 advolaret,
1830 4577 1952 4634 quo
1998 4560 2195 4618 fratris

548 4650 1249 4713 memoriarefricaretur,
1270 4651 1437 4706 illum
1461 4651 1744 4707 nimirum
1769 4651 1969 4707 adhuc
1981 4651 2192 4722 vivere,

548 4744 824 4816 beneque
854 4758 978 4798 rem
1027 4756 1228 4811 gerere
1268 4740 1635 4810 significans,
1679 4757 1821 4796 mox
1862 4739 2197 4796 mirabilem

549 4832 886 4907 quamdam
934 4831 1139 4887 animo
1210 4828 1685 4886 consolationem
1755 4829 2194 4901 concipiebam.

553 4922 778 4988 Quodsi
803 4919 1052 4994 quando
1075 4917 1220 4974 mihi
1243 4917 1465 4974 litteras
1482 4918 1843 4975 charissimo
1866 4917 2198 4974 charissimi

550 5010 749 5066 fratris
774 5007 1152 5081 antegrapho
1185 5006 1573 5077 subsignatas
1599 5007 1863 5080 recipere
1895 5007 2198 5078 continge-

552 5102 662 5166 ret,
710 5102 849 5154 tunc
899 5101 1040 5153 tunc
1072 5102 1128 5152 et
1169 5095 1680 5168 jucundissimum
1720 5096 1888 5152 illum
1948 5111 2197 5167 conspe-

553 5194 711 5245 ctum
726 5231 737 5255 ,
752 5190 807 5243 et
820 5186 990 5242 dulce
1004 5186 1374 5259 colloquium
1388 5186 1446 5242 in
1463 5186 1816 5243 memoriam
1834 5184 2199 5241 revocabam

555 5281 865 5348 totumque
896 5276 1050 5331 adeo
1073 5275 1398 5333 fraternum
1428 5280 1611 5350 caput
1638 5275 1930 5347 accipere,
1955 5277 2010 5329 et
2030 5272 2198 5329 deos-

553 5367 741 5425 culari
760 5365 1185 5435 mihividebar,
1219 5372 1361 5424 tunc
1386 5366 1565 5423 etiam
1583 5365 1975 5422 afflictionum
2006 5361 2200 5419 nubes

623 5513 644 5547 ὀ
685 5508 842 5566 Psal.
884 5526 1034 5566 κων.
1076 5515 1129 5569 2.
1171 5513 1192 5547 ⁵
1233 5510 1387 5568 Psal.
1425 5526 1571 5567 cxvr.
1615 5512 1667 5565 3.

2270 1737 2367 1789 tus
2391 1746 2549 1787 sum.
2570 1729 2706 1784 Jam
2750 1740 2893 1781 vero
2932 1739 3072 1781 cum
3120 1722 3386 1778 anchora
3429 1719 3529 1777 illa
3572 1734 3707 1776 mea
3745 1732 3927 1775 cassa

2274 1823 2370 1888 sit,
2400 1818 2548 1892 quid
2580 1815 2727 1873 mihi
2752 1830 2890 1870 cum
2919 1813 3034 1869 hac
3055 1811 3220 1867 vita?
3248 1809 3429 1883 quive
3458 1809 3641 1866 ditius
3669 1807 3931 1863 descen-

2275 1926 2410 1965 sum
2442 1907 2517 1965 ad
2563 1906 2785 1962 inferos
2810 1902 2975 1959 omni
3001 1899 3284 1957 dolorum
3330 1914 3546 1969 genere
3571 1896 3927 1954 redundan-

2275 2004 2361 2055 tes
2393 1993 2930 2067 comperendinare
2960 1986 3214 2062 potero?
3253 1986 3552 2060 siquidem
3584 1985 3933 2041 miserrima

2274 2089 2405 2144 haec
2426 2086 2546 2142 vita
2586 2084 2803 2141 idcirco
2843 2081 2989 2137 mihi
3050 2083 3378 2151 prorogata
3418 2076 3676 2146 videtur,
3700 2079 3765 2130 ut
3793 2074 3932 2129 diu-

2274 2176 2572 2233 turniores
2591 2174 2751 2229 luam
2769 2185 3001 2244 poenas,
3022 2167 3350 2239 omniaque
3381 2165 3934 2221 cruciamentorum

2276 2281 2497 2338 genera
2527 2262 2822 2336 perferam
2850 2278 2863 2314 :
2892 2264 3071 2332 atque
3083 2273 3157 2313 ex
3182 2256 3282 2312 illo
3299 2255 3482 2311 calice
3508 2269 3668 2326 saepe
3693 2252 3931 2321 bibam,

2276 2370 2458 2428 quem
2511 2351 2798 2408 Dominus
2846 2362 3013 2404 mero
3058 2346 3197 2403 vino
3246 2343 3493 2418 plenum
3538 2344 3599 2398 in
3643 2340 3934 2397 manibus

2275 2445 2477 2511 habet,
2540 2458 2613 2498 ex
2668 2454 2792 2512 quo
2848 2437 3028 2495 etiam
3076 2438 3424 2508 peccatores
3471 2446 3686 2488 omnes
3721 2429 3935 2486 bibere

2277 2533 2506 2599 solent;
2539 2545 2678 2587 cum
2702 2543 2843 2584 vero
2865 2526 2943 2583 ad
2972 2526 3181 2582 faecem
3220 2537 3412 2596 usque
3459 2520 3771 2585 ebiberim,
3799 2519 3936 2590 jam

2278 2619 2670 2680 commodum
2700 2617 2840 2673 hinc
2870 2613 3132 2672 abeundi
3160 2618 3402 2685 tempus
3437 2610 3652 2667 adesse
3680 2608 3935 2677 videtur,

2279 2727 2420 2768 cum
2449 2707 2779 2782 praesertim
2810 2720 3024 2778 pcenas
3071 2718 3284 2760 omnes
3312 2699 3678 2774 pertulerim,
3728 2713 3865 2770 quae
3898 2711 3937 2751 a

2279 2799 2517 2857 mortali
2546 2812 2799 2870 corpore
2830 2794 3087 2867 expendi
3108 2795 3380 2864 possunt.

2359 2892 2475 2945 Nec
2502 2894 2701 2945 tamen
2731 2886 2870 2941 hinc
2898 2883 3103 2939 libenti
3132 2883 3390 2954 laetoque
3428 2879 3631 2936 animo
3659 2874 3929 2938 discedo,

2209 2998 2248 3054 ρ
2287 2979 2466 3054 quasi
2491 2977 2674 3034 vitam
2695 2991 2835 3032 cum
2855 2974 3018 3030 bono
3048 2971 3252 3045 aliquo
3273 2971 3770 3026 commutaturus.
3802 2966 3940 3054 Ter-

2288 3053 2376 3126 ret
2418 3068 2580 3125 enim
2611 3082 2709 3122 me
2754 3063 2931 3121 timor
2966 3060 3210 3118 aliunde
3255 3073 3610 3133 prorepens,
3659 3070 3734 3112 ne
3756 3053 3942 3110 simul

2288 3165 2469 3231 atque
2515 3156 2655 3212 hinc
2703 3153 2967 3221 abivero,
3006 3148 3383 3222 gravioribus
3433 3144 3744 3204 tormentis
3786 3142 3944 3215 obji-

2289 3249 2430 3315 ciar,
2493 3246 2598 3318 qui
2658 3243 2847 3299 vitam
2907 3239 3090 3297 variis
3147 3237 3501 3295 criminibus
3564 3233 3942 3291 obtriverim.

2289 3339 2475 3394 Grave
2506 3334 2752 3408 quidem
2778 3332 2894 3388 hoc
2947 3332 3055 3397 est,
3101 3326 3248 3384 illud
3268 3341 3408 3382 vero
3443 3325 3707 3396 gravius,
3733 3322 3784 3378 si
3807 3336 3951 3395 pro.

2292 3427 2387 3483 cul
2417 3443 2454 3483 a
2483 3426 2660 3481 fratre
2693 3423 2999 3495 sejungar,
3045 3418 3313 3475 maximo
3335 3415 3452 3472 alio
3489 3412 3949 3471 molestissimo-

2292 3533 2409 3590 que
2430 3516 2760 3582 chasmate,
2787 3526 2910 3584 quo
2967 3507 3324 3565 intermedio
3371 3520 3580 3562 eorum
3630 3502 3735 3575 qui
3774 3501 3951 3575 apud

2292 3606 2514 3662 inferos
2566 3605 2940 3675 torquentur,
2981 3598 3150 3654 locus
3202 3612 3240 3653 a
3291 3594 3447 3652 felici
3490 3593 3811 3649 beatorum
3864 3591 3950 3647 vi-

2292 3711 2498 3752 rorum
2526 3694 2723 3766 quiete
2769 3689 3122 3760 longissime
3179 3684 3583 3757 disjungitur:
3627 3682 3706 3738 ad
3748 3698 3949 3755 quam

2294 3785 2557 3859 profecto
2588 3782 3004 3838 transductum
3048 3777 3189 3833 hinc
3216 3776 3405 3832 fuisse
3446 3774 3689 3830 fratrem
3734 3787 3952 3827 meum

2293 3874 2464 3931 facile
2491 3871 2691 3929 credo.
2728 3869 2898 3925 Illum
2925 3867 3085 3924 enim
3126 3866 3304 3939 plane
3335 3863 3483 3920 mihi
3512 3865 3748 3919 constat
3775 3860 3953 3917 omni

2293 3980 2407 4037 ope
2464 3966 2643 4034 atque
2692 3974 2878 4031 opera
2934 3956 3076 4013 eniti
3133 3955 3394 4025 solitum,
3450 3956 3517 4009 ut
3567 3951 3647 4007 ad
3700 3949 3950 4007 illorum

2295 4053 2622 4124 archetypa
2650 4048 2927 4120 exempla
2956 4047 3091 4103 vitae
3120 4060 3245 4101 suae
3289 4043 3563 4115 regulam
3602 4040 3955 4098 efformaret

2296 4148 2354 4199 et
2395 4140 2711 4202 excoleret,
2767 4137 3173 4208 eamdemque
3234 4133 3383 4190 dum
3438 4133 3500 4189 in
3542 4131 3691 4187 vivis
3746 4128 3956 4185 adhuc

2226 4274 2268 4328 Β
2300 4239 2476 4301 esset,
2516 4228 2722 4304 quoad
2769 4228 2898 4300 ejus
2961 4225 3121 4328 ﬁeri“
3163 4227 3418 4297 poterat,
3471 4219 3757 4328 omnibus
3798 4216 3960 4328 votis

2302 4330 2609 4401 exoptare,
2634 4325 2699 4378 ut
2725 4334 2844 4376 una
2871 4334 3007 4374 cum
3044 4314 3156 4372 illis
3196 4314 3649 4371 conversaretur
3669 4312 3726 4365 et
3754 4305 3960 4401 exsul-

2304 4396 2472 4481 tare‘t,
2514 4429 2653 4471 cum
2696 4408 3028 4485 praesertim
3059 4408 3406 4462 sanctorum
3452 4413 3775 4472 corporum
3823 4396 3963 4453 reli-

2303 4507 2480 4581 quias
2510 4508 2568 4560 et
2598 4500 2893 4571 imagines
2924 4496 3191 4568 undique
3213 4492 3592 4581 conquireret
3617 4493 3677 4545 et
3700 4502 3960 4559 compa-

2303 4580 2481 4658 raret,
2526 4589 2924 4662 extructisque
2949 4584 3181 4657 templis
3217 4580 3535 4654 impositas
3560 4582 3617 4634 et
3644 4588 3961 4634 consecra-

2305 4692 2419 4751 tas,
2475 4682 2730 4739 summis
2784 4675 3117 4734 honoribus
3168 4674 3653 4746 prosequeretur.
3718 4664 3957 4721 Etenim

2305 4778 2652 4833 sanctorum
2694 4766 2992 4832 omnium,
3023 4763 3130 4837 qui
3178 4760 3451 4819 circulari
3493 4758 3726 4816 dierum
3768 4753 3961 4811 totius

2306 4867 2449 4924 anni
2479 4864 2617 4933 albo
2643 4856 2910 4930 inscripti
2950 4857 3109 4921 sunt,
3131 4852 3333 4909 nullus
3366 4853 3454 4907 est
3499 4863 3683 4921 quem
3714 4844 3808 4902 ille
3836 4844 3966 4917 pri-

2304 4959 2493 5016 vatim
2533 4954 2629 5010 die
2689 4943 3255 5007 commemorationi
3301 4942 3433 5014 ejus
3482 4940 3701 5007 dicata,
3741 4936 3969 4993 festivo

2307 5044 2682 5117 solemnique
2710 5040 2848 5107 ritu,
2880 5042 2936 5095 et
2987 5032 3398 5108 spiritualibus
3449 5029 3659 5088 hostiis
3703 5026 3969 5117 faciens,

2308 5144 2364 5194 et
2382 5116 2628 5208 hymnis
2653 5129 3048 5201 omniumque
3070 5125 3372 5181 fructuum
3398 5116 3974 5208 primitiiscohone-

2309 5205 2495 5296 stans,
2524 5238 2648 5279 non
2678 5220 3074 5276 veneraretur.
3110 5216 3226 5270 Nec
3276 5211 3438 5268 enim
3468 5208 3633 5265 cultu
3679 5205 3780 5261 illo
3805 5219 3972 5296 con-

2309 5291 2530 5377 tentus,
2584 5326 2770 5385 quem
2845 5322 2984 5363 cum
3043 5301 3275 5360 caeteris
3322 5297 3555 5357 civibus
3600 5297 3662 5352 in
3712 5291 3977 5385 publico

2309 5383 2623 5464 conventu—
2639 5397 2958 5467 tribuebat,
3002 5392 3262 5452 Ecclesia
3311 5404 3556 5463 quoque
3602 5383 3856 5459 privatis
3906 5383 3978 5439 in
